  <div class='ocr_page' id='page_1' title='image "/cluster/home/n/w/nwhite01/storage/ocr_20150623/114:no.1/coo.31924054870187/235.png"; bbox 0 0 4152 6418; ppageno 0'>
   <div class='ocr_carea' id='block_1_1' title="bbox 393 363 502 430">
    <p class='ocr_par' dir='ltr' id='par_1_1' title="bbox 393 363 502 430">
     <span class='ocr_line' id='line_1_1' title="bbox 393 363 502 430; baseline 0.037 -3"><span class='ocrx_word' id='word_1_1' title='bbox 393 363 502 430; x_wconf 69' lang='grc'><strong>455</strong></span> 
     </span>
    </p>
   </div>
   <div class='ocr_carea' id='block_1_2' title="bbox 1667 348 2462 415">
    <p class='ocr_par' dir='ltr' id='par_1_2' title="bbox 1667 348 2462 415">
     <span class='ocr_line' id='line_1_2' title="bbox 1667 348 2462 415; baseline -0.009 0"><span class='ocrx_word' id='word_1_2' title='bbox 1667 351 1958 415; x_wconf 80' lang='lat' dir='ltr'><strong>MENSIS</strong></span> <span class='ocrx_word' id='word_1_3' title='bbox 1991 348 2462 414; x_wconf 78' lang='lat' dir='ltr'><strong>JANUARIUS.</strong></span> 
     </span>
    </p>
   </div>
   <div class='ocr_carea' id='block_1_3' title="bbox 3557 336 3662 398">
    <p class='ocr_par' dir='ltr' id='par_1_3' title="bbox 3557 336 3662 398">
     <span class='ocr_line' id='line_1_3' title="bbox 3557 336 3662 398; baseline -0.01 0"><span class='ocrx_word' id='word_1_4' title='bbox 3557 336 3662 398; x_wconf 70' lang='lat'><strong>4.36</strong></span> 
     </span>
    </p>
   </div>
   <div class='ocr_carea' id='block_1_4' title="bbox 399 452 2000 547">
    <p class='ocr_par' dir='ltr' id='par_1_4' title="bbox 399 470 1978 547">
     <span class='ocr_line' id='line_1_4' title="bbox 399 470 1978 547; baseline -0.005 -17"><span class='ocrx_word' id='word_1_5' title='bbox 399 493 496 547; x_wconf 90' lang='lat' dir='ltr'><strong>par</strong></span> <span class='ocrx_word' id='word_1_6' title='bbox 519 485 573 530; x_wconf 92' lang='lat' dir='ltr'><strong>et</strong></span> <span class='ocrx_word' id='word_1_7' title='bbox 595 474 916 530; x_wconf 75' lang='lat' dir='ltr'><strong>Adabarius.</strong></span> <span class='ocrx_word' id='word_1_8' title='bbox 951 473 1052 540; x_wconf 85' lang='lat' dir='ltr'><strong>Qui</strong></span> <span class='ocrx_word' id='word_1_9' title='bbox 1074 472 1176 527; x_wconf 88' lang='lat' dir='ltr'><strong>etsi</strong></span> <span class='ocrx_word' id='word_1_10' title='bbox 1201 483 1380 527; x_wconf 88' lang='lat' dir='ltr'><strong>essent</strong></span> <span class='ocrx_word' id='word_1_11' title='bbox 1402 471 1540 526; x_wconf 90' lang='lat' dir='ltr'><strong>mala</strong></span> <span class='ocrx_word' id='word_1_12' title='bbox 1560 470 1822 540; x_wconf 83' lang='lat' dir='ltr'><strong>opinione</strong></span> <span class='ocrx_word' id='word_1_13' title='bbox 1841 484 1978 538; x_wconf 75' lang='lat' dir='ltr'><strong>prae-</strong></span> 
     </span>
    </p>
   </div>
   <div class='ocr_carea' id='block_1_5' title="bbox 2102 452 3661 547">
    <p class='ocr_par' dir='ltr' id='par_1_5' title="bbox 2102 452 3661 528">
     <span class='ocr_line' id='line_1_5' title="bbox 2102 452 3661 528; baseline -0.01 -8"><span class='ocrx_word' id='word_1_14' title='bbox 2102 468 2144 521; x_wconf 67' lang='grc' dir='ltr'>Τί</span> <span class='ocrx_word' id='word_1_15' title='bbox 2180 467 2356 520; x_wconf 83' lang='grc' dir='ltr'>καίτοι</span> <span class='ocrx_word' id='word_1_16' title='bbox 2385 463 2666 528; x_wconf 78' lang='grc' dir='ltr'>κακόδοξοι</span> <span class='ocrx_word' id='word_1_17' title='bbox 2721 459 2894 523; x_wconf 73' lang='grc' dir='ltr'>ὄντες,</span> <span class='ocrx_word' id='word_1_18' title='bbox 2940 458 3054 523; x_wconf 79' lang='grc' dir='ltr'>καὶ,</span> <span class='ocrx_word' id='word_1_19' title='bbox 3091 459 3199 519; x_wconf 85' lang='grc' dir='ltr'>τοῖς</span> <span class='ocrx_word' id='word_1_20' title='bbox 3245 453 3422 526; x_wconf 80' lang='grc' dir='ltr'>ὀρθῶς</span> <span class='ocrx_word' id='word_1_21' title='bbox 3477 452 3661 522; x_wconf 77' lang='grc' dir='ltr'>έχουσι</span> 
     </span>
    </p>
   </div>
   <div class='ocr_carea' id='block_1_6' title="bbox 393 561 1978 636">
    <p class='ocr_par' dir='ltr' id='par_1_6' title="bbox 393 561 1978 636">
     <span class='ocr_line' id='line_1_6' title="bbox 393 561 1978 636; baseline -0.004 -13"><span class='ocrx_word' id='word_1_22' title='bbox 393 570 515 632; x_wconf 85' lang='lat' dir='ltr'><strong>diti,</strong></span> <span class='ocrx_word' id='word_1_23' title='bbox 543 579 598 622; x_wconf 89' lang='lat' dir='ltr'><strong>et</strong></span> <span class='ocrx_word' id='word_1_24' title='bbox 630 568 696 621; x_wconf 85' lang='lat' dir='ltr'><strong>iis</strong></span> <span class='ocrx_word' id='word_1_25' title='bbox 722 567 812 636; x_wconf 86' lang='lat' dir='ltr'><strong>qui</strong></span> <span class='ocrx_word' id='word_1_26' title='bbox 846 575 994 620; x_wconf 91' lang='lat' dir='ltr'><strong>recte</strong></span> <span class='ocrx_word' id='word_1_27' title='bbox 1030 565 1360 628; x_wconf 80' lang='lat' dir='ltr'><strong>sentiebant,</strong></span> <span class='ocrx_word' id='word_1_28' title='bbox 1393 563 1784 627; x_wconf 86' lang='lat' dir='ltr'><strong>inimicissimi,</strong></span> <span class='ocrx_word' id='word_1_29' title='bbox 1835 561 1978 617; x_wconf 84' lang='lat' dir='ltr'><strong>divi-</strong></span> 
     </span>
    </p>
   </div>
   <div class='ocr_carea' id='block_1_7' title="bbox 399 654 1980 726">
    <p class='ocr_par' dir='ltr' id='par_1_7' title="bbox 399 654 1980 726">
     <span class='ocr_line' id='line_1_7' title="bbox 399 654 1980 726; baseline -0.002 -13"><span class='ocrx_word' id='word_1_30' title='bbox 399 676 529 716; x_wconf 91' lang='lat' dir='ltr'><strong>num</strong></span> <span class='ocrx_word' id='word_1_31' title='bbox 562 669 745 714; x_wconf 89' lang='lat' dir='ltr'><strong>tamen</strong></span> <span class='ocrx_word' id='word_1_32' title='bbox 799 659 1137 712; x_wconf 82' lang='lat' dir='ltr'><strong>Marcianum</strong></span> <span class='ocrx_word' id='word_1_33' title='bbox 1186 672 1256 711; x_wconf 89' lang='lat' dir='ltr'><strong>ne</strong></span> <span class='ocrx_word' id='word_1_34' title='bbox 1304 657 1462 711; x_wconf 80' lang='lat' dir='ltr'><strong>facile</strong></span> <span class='ocrx_word' id='word_1_35' title='bbox 1512 656 1731 726; x_wconf 84' lang='lat' dir='ltr'><strong>quidem</strong></span> <span class='ocrx_word' id='word_1_36' title='bbox 1780 654 1980 710; x_wconf 88' lang='lat' dir='ltr'><strong>intueri</strong></span> 
     </span>
    </p>
   </div>
   <div class='ocr_carea' id='block_1_8' title="bbox 400 746 1984 821">
    <p class='ocr_par' dir='ltr' id='par_1_8' title="bbox 400 746 1984 821">
     <span class='ocr_line' id='line_1_8' title="bbox 400 746 1984 821; baseline -0.003 -16"><span class='ocrx_word' id='word_1_37' title='bbox 400 758 674 821; x_wconf 76' lang='lat' dir='ltr'><strong>poterant,</strong></span> <span class='ocrx_word' id='word_1_38' title='bbox 735 747 1007 817; x_wconf 72' lang='lat' dir='ltr'><strong>insignem</strong></span> <span class='ocrx_word' id='word_1_39' title='bbox 1058 746 1176 817; x_wconf 85' lang='lat' dir='ltr'><strong>ejus</strong></span> <span class='ocrx_word' id='word_1_40' title='bbox 1234 748 1492 802; x_wconf 90' lang='lat' dir='ltr'><strong>virtutem</strong></span> <span class='ocrx_word' id='word_1_41' title='bbox 1545 753 1984 801; x_wconf 84' lang='lat' dir='ltr'><strong>reverenteszet</strong></span> 
     </span>
    </p>
   </div>
   <div class='ocr_carea' id='block_1_9' title="bbox 399 838 1982 911">
    <p class='ocr_par' dir='ltr' id='par_1_9' title="bbox 399 838 1982 911">
     <span class='ocr_line' id='line_1_9' title="bbox 399 838 1982 911; baseline -0.003 -14"><span class='ocrx_word' id='word_1_42' title='bbox 399 845 518 898; x_wconf 89' lang='lat' dir='ltr'><strong>ideo</strong></span> <span class='ocrx_word' id='word_1_43' title='bbox 555 844 628 896; x_wconf 85' lang='lat' dir='ltr'><strong>illi</strong></span> <span class='ocrx_word' id='word_1_44' title='bbox 661 856 914 911; x_wconf 84' lang='lat' dir='ltr'><strong>magnum</strong></span> <span class='ocrx_word' id='word_1_45' title='bbox 947 841 1209 894; x_wconf 86' lang='lat' dir='ltr'><strong>honorem</strong></span> <span class='ocrx_word' id='word_1_46' title='bbox 1256 839 1593 902; x_wconf 85' lang='lat' dir='ltr'><strong>tribuebant,</strong></span> <span class='ocrx_word' id='word_1_47' title='bbox 1632 847 1688 892; x_wconf 90' lang='lat' dir='ltr'><strong>et</strong></span> <span class='ocrx_word' id='word_1_48' title='bbox 1721 838 1982 907; x_wconf 85' lang='lat' dir='ltr'><strong>templum</strong></span> 
     </span>
    </p>
   </div>
   <div class='ocr_carea' id='block_1_10' title="bbox 400 924 1982 1002">
    <p class='ocr_par' dir='ltr' id='par_1_10' title="bbox 400 924 1982 1002">
     <span class='ocr_line' id='line_1_10' title="bbox 400 924 1982 1002; baseline -0.004 -18"><span class='ocrx_word' id='word_1_49' title='bbox 400 947 607 1002; x_wconf 72' lang='lat' dir='ltr'><strong>magna:</strong></span> <span class='ocrx_word' id='word_1_50' title='bbox 646 928 971 995; x_wconf 83' lang='lat' dir='ltr'><strong>Anastasiae,</strong></span> <span class='ocrx_word' id='word_1_51' title='bbox 1019 925 1165 996; x_wconf 92' lang='lat' dir='ltr'><strong>quod</strong></span> <span class='ocrx_word' id='word_1_52' title='bbox 1205 926 1275 981; x_wconf 89' lang='lat' dir='ltr'><strong>ab</strong></span> <span class='ocrx_word' id='word_1_53' title='bbox 1319 926 1411 980; x_wconf 85' lang='lat' dir='ltr'><strong>illo</strong></span> <span class='ocrx_word' id='word_1_54' title='bbox 1459 926 1634 979; x_wconf 81' lang='lat' dir='ltr'><strong>fuerat</strong></span> <span class='ocrx_word' id='word_1_55' title='bbox 1681 924 1982 990; x_wconf 89' lang='lat' dir='ltr'><strong>conditum,</strong></span> 
     </span>
    </p>
   </div>
   <div class='ocr_carea' id='block_1_11' title="bbox 400 1015 1984 1089">
    <p class='ocr_par' dir='ltr' id='par_1_11' title="bbox 400 1015 1984 1089">
     <span class='ocr_line' id='line_1_11' title="bbox 400 1015 1984 1089; baseline -0.001 -17"><span class='ocrx_word' id='word_1_56' title='bbox 400 1020 650 1089; x_wconf 82' lang='lat' dir='ltr'><strong>pretiosis</strong></span> <span class='ocrx_word' id='word_1_57' title='bbox 689 1019 831 1074; x_wconf 80' lang='lat' dir='ltr'><strong>vasis</strong></span> <span class='ocrx_word' id='word_1_58' title='bbox 863 1034 932 1073; x_wconf 84' lang='lat' dir='ltr'><strong>ex</strong></span> <span class='ocrx_word' id='word_1_59' title='bbox 978 1033 1114 1072; x_wconf 90' lang='lat' dir='ltr'><strong>auro</strong></span> <span class='ocrx_word' id='word_1_60' title='bbox 1158 1025 1214 1070; x_wconf 92' lang='lat' dir='ltr'><strong>et</strong></span> <span class='ocrx_word' id='word_1_61' title='bbox 1246 1027 1471 1088; x_wconf 89' lang='lat' dir='ltr'><strong>argento</strong></span> <span class='ocrx_word' id='word_1_62' title='bbox 1499 1015 1655 1070; x_wconf 80' lang='lat' dir='ltr'><strong>factis</strong></span> <span class='ocrx_word' id='word_1_63' title='bbox 1687 1015 1984 1070; x_wconf 83' lang='lat' dir='ltr'><strong>decorave-</strong></span> 
     </span>
    </p>
   </div>
   <div class='ocr_carea' id='block_1_12' title="bbox 401 1089 1988 1171">
    <p class='ocr_par' dir='ltr' id='par_1_12' title="bbox 401 1089 1988 1171">
     <span class='ocr_line' id='line_1_12' title="bbox 401 1089 1988 1171; baseline -0.003 -9"><span class='ocrx_word' id='word_1_64' title='bbox 401 1120 546 1164; x_wconf 90' lang='lat' dir='ltr'><strong>ruut.</strong></span> <span class='ocrx_word' id='word_1_65' title='bbox 585 1110 676 1164; x_wconf 93' lang='lat' dir='ltr'><strong>Ille</strong></span> <span class='ocrx_word' id='word_1_66' title='bbox 719 1119 902 1164; x_wconf 81' lang='lat' dir='ltr'><strong>autem</strong></span> <span class='ocrx_word' id='word_1_67' title='bbox 951 1110 1154 1164; x_wconf 89' lang='lat' dir='ltr'><strong>donum</strong></span> <span class='ocrx_word' id='word_1_68' title='bbox 1205 1123 1565 1163; x_wconf 81' lang='lat' dir='ltr'><strong>remunerans</strong></span> <span class='ocrx_word' id='word_1_69' title='bbox 1593 1147 1608 1171; x_wconf 97' lang='lat'><strong>,</strong></span> <span class='ocrx_word' id='word_1_70' title='bbox 1659 1089 1901 1162; x_wconf 79' lang='lat' dir='ltr'><strong>decrevit</strong></span> <span class='ocrx_word' id='word_1_71' title='bbox 1930 1111 1988 1158; x_wconf 88' lang='lat' dir='ltr'><strong>ut</strong></span> 
     </span>
    </p>
   </div>
   <div class='ocr_carea' id='block_1_13' title="bbox 399 1198 1988 1271">
    <p class='ocr_par' dir='ltr' id='par_1_13' title="bbox 399 1198 1988 1271">
     <span class='ocr_line' id='line_1_13' title="bbox 399 1198 1988 1271; baseline -0.003 -15"><span class='ocrx_word' id='word_1_72' title='bbox 399 1201 596 1257; x_wconf 84' lang='lat' dir='ltr'><strong>diebus</strong></span> <span class='ocrx_word' id='word_1_73' title='bbox 613 1201 976 1264; x_wconf 88' lang='lat' dir='ltr'><strong>solemnibus,</strong></span> <span class='ocrx_word' id='word_1_74' title='bbox 995 1201 1171 1271; x_wconf 91' lang='lat' dir='ltr'><strong>patria</strong></span> <span class='ocrx_word' id='word_1_75' title='bbox 1197 1214 1388 1255; x_wconf 88' lang='lat' dir='ltr'><strong>eorum</strong></span> <span class='ocrx_word' id='word_1_76' title='bbox 1414 1199 1598 1268; x_wconf 82' lang='lat' dir='ltr'><strong>lingua</strong></span> <span class='ocrx_word' id='word_1_77' title='bbox 1627 1198 1810 1270; x_wconf 80' lang='lat' dir='ltr'><strong>(Gothi</strong></span> <span class='ocrx_word' id='word_1_78' title='bbox 1841 1198 1988 1253; x_wconf 90' lang='lat' dir='ltr'><strong>enim</strong></span> 
     </span>
    </p>
   </div>
   <div class='ocr_carea' id='block_1_14' title="bbox 400 1290 1985 1362">
    <p class='ocr_par' dir='ltr' id='par_1_14' title="bbox 400 1290 1985 1362">
     <span class='ocr_line' id='line_1_14' title="bbox 400 1290 1985 1362; baseline 0 -17"><span class='ocrx_word' id='word_1_79' title='bbox 400 1293 596 1362; x_wconf 81' lang='lat' dir='ltr'><strong>erant)</strong></span> <span class='ocrx_word' id='word_1_80' title='bbox 631 1293 891 1348; x_wconf 88' lang='lat' dir='ltr'><strong>divinitus</strong></span> <span class='ocrx_word' id='word_1_81' title='bbox 925 1293 1205 1362; x_wconf 73' lang='lat' dir='ltr'><strong>inspiratae</strong></span> <span class='ocrx_word' id='word_1_82' title='bbox 1259 1290 1553 1360; x_wconf 69' lang='lat' dir='ltr'><strong>Scriptura:</strong></span> <span class='ocrx_word' id='word_1_83' title='bbox 1592 1292 1646 1345; x_wconf 92' lang='lat' dir='ltr'><strong>in</strong></span> <span class='ocrx_word' id='word_1_84' title='bbox 1677 1306 1744 1345; x_wconf 92' lang='lat' dir='ltr'><strong>eo</strong></span> <span class='ocrx_word' id='word_1_85' title='bbox 1784 1291 1985 1360; x_wconf 92' lang='lat' dir='ltr'><strong>templo</strong></span> 
     </span>
    </p>
   </div>
   <div class='ocr_carea' id='block_1_15' title="bbox 409 1382 1990 1458">
    <p class='ocr_par' dir='ltr' id='par_1_15' title="bbox 409 1382 1990 1458">
     <span class='ocr_line' id='line_1_15' title="bbox 409 1382 1990 1458; baseline -0.002 -19"><span class='ocrx_word' id='word_1_86' title='bbox 409 1387 733 1458; x_wconf 81' lang='lat' dir='ltr'><strong>legerentur.</strong></span> <span class='ocrx_word' id='word_1_87' title='bbox 778 1382 887 1440; x_wconf 81' lang='lat' dir='ltr'><strong>Sed</strong></span> <span class='ocrx_word' id='word_1_88' title='bbox 928 1384 1238 1456; x_wconf 80' lang='lat' dir='ltr'><strong>Byzantinis</strong></span> <span class='ocrx_word' id='word_1_89' title='bbox 1277 1384 1496 1453; x_wconf 83' lang='lat' dir='ltr'><strong>quidem</strong></span> <span class='ocrx_word' id='word_1_90' title='bbox 1535 1392 1654 1438; x_wconf 89' lang='lat' dir='ltr'><strong>erat</strong></span> <span class='ocrx_word' id='word_1_91' title='bbox 1694 1382 1990 1437; x_wconf 80' lang='lat' dir='ltr'><strong>Martianus</strong></span> 
     </span>
    </p>
   </div>
   <div class='ocr_carea' id='block_1_16' title="bbox 403 1470 1986 1541">
    <p class='ocr_par' dir='ltr' id='par_1_16' title="bbox 403 1470 1986 1541">
     <span class='ocr_line' id='line_1_16' title="bbox 403 1470 1986 1541; baseline -0.001 -16"><span class='ocrx_word' id='word_1_92' title='bbox 403 1475 540 1528; x_wconf 81' lang='lat' dir='ltr'><strong>adeo</strong></span> <span class='ocrx_word' id='word_1_93' title='bbox 568 1475 932 1529; x_wconf 84' lang='lat' dir='ltr'><strong>venerandus.</strong></span> <span class='ocrx_word' id='word_1_94' title='bbox 974 1472 1211 1526; x_wconf 86' lang='lat' dir='ltr'><strong>Vocabat</strong></span> <span class='ocrx_word' id='word_1_95' title='bbox 1240 1481 1422 1526; x_wconf 89' lang='lat' dir='ltr'><strong>autem</strong></span> <span class='ocrx_word' id='word_1_96' title='bbox 1452 1470 1590 1525; x_wconf 83' lang='lat' dir='ltr'><strong>fama</strong></span> <span class='ocrx_word' id='word_1_97' title='bbox 1619 1485 1712 1526; x_wconf 88' lang='lat' dir='ltr'><strong>eas</strong></span> <span class='ocrx_word' id='word_1_98' title='bbox 1747 1486 1986 1541; x_wconf 89' lang='lat' dir='ltr'><strong>quoque,</strong></span> 
     </span>
    </p>
   </div>
   <div class='ocr_carea' id='block_1_17' title="bbox 400 1560 1992 1632">
    <p class='ocr_par' dir='ltr' id='par_1_17' title="bbox 400 1560 1992 1632">
     <span class='ocr_line' id='line_1_17' title="bbox 400 1560 1992 1632; baseline 0.001 -19"><span class='ocrx_word' id='word_1_99' title='bbox 400 1579 520 1632; x_wconf 62' lang='lat' dir='ltr'><strong>quae</strong></span> <span class='ocrx_word' id='word_1_100' title='bbox 549 1562 738 1632; x_wconf 83' lang='lat' dir='ltr'><strong>procul</strong></span> <span class='ocrx_word' id='word_1_101' title='bbox 784 1562 902 1618; x_wconf 85' lang='lat' dir='ltr'><strong>sitae</strong></span> <span class='ocrx_word' id='word_1_102' title='bbox 935 1570 1115 1629; x_wconf 88' lang='lat' dir='ltr'><strong>erant,</strong></span> <span class='ocrx_word' id='word_1_103' title='bbox 1163 1561 1436 1628; x_wconf 86' lang='lat' dir='ltr'><strong>civitates,</strong></span> <span class='ocrx_word' id='word_1_104' title='bbox 1473 1570 1527 1616; x_wconf 91' lang='lat' dir='ltr'><strong>et</strong></span> <span class='ocrx_word' id='word_1_105' title='bbox 1579 1560 1818 1630; x_wconf 88' lang='lat' dir='ltr'><strong>undique</strong></span> <span class='ocrx_word' id='word_1_106' title='bbox 1855 1576 1992 1615; x_wconf 89' lang='lat' dir='ltr'><strong>con-</strong></span> 
     </span>
    </p>
   </div>
   <div class='ocr_carea' id='block_1_18' title="bbox 402 1652 1992 1723">
    <p class='ocr_par' dir='ltr' id='par_1_18' title="bbox 402 1652 1992 1723">
     <span class='ocr_line' id='line_1_18' title="bbox 402 1652 1992 1723; baseline 0.001 -19"><span class='ocrx_word' id='word_1_107' title='bbox 402 1655 683 1708; x_wconf 87' lang='lat' dir='ltr'><strong>tluebant:</strong></span> <span class='ocrx_word' id='word_1_108' title='bbox 725 1653 814 1706; x_wconf 90' lang='lat' dir='ltr'><strong>alii</strong></span> <span class='ocrx_word' id='word_1_109' title='bbox 838 1652 1078 1722; x_wconf 89' lang='lat' dir='ltr'><strong>quidem,</strong></span> <span class='ocrx_word' id='word_1_110' title='bbox 1112 1654 1422 1723; x_wconf 83' lang='lat' dir='ltr'><strong>percepturi</strong></span> <span class='ocrx_word' id='word_1_111' title='bbox 1455 1660 1804 1722; x_wconf 88' lang='lat' dir='ltr'><strong>peccatorum</strong></span> <span class='ocrx_word' id='word_1_112' title='bbox 1831 1666 1992 1706; x_wconf 89' lang='lat' dir='ltr'><strong>cura-</strong></span> 
     </span>
    </p>
   </div>
   <div class='ocr_carea' id='block_1_19' title="bbox 401 1745 1991 1812">
    <p class='ocr_par' dir='ltr' id='par_1_19' title="bbox 401 1745 1991 1812">
     <span class='ocr_line' id='line_1_19' title="bbox 401 1745 1991 1812; baseline -0.001 -15"><span class='ocrx_word' id='word_1_113' title='bbox 401 1747 630 1810; x_wconf 87' lang='lat' dir='ltr'><strong>tionem,</strong></span> <span class='ocrx_word' id='word_1_114' title='bbox 660 1746 750 1799; x_wconf 90' lang='lat' dir='ltr'><strong>alii</strong></span> <span class='ocrx_word' id='word_1_115' title='bbox 777 1759 908 1800; x_wconf 80' lang='lat' dir='ltr'><strong>vero</strong></span> <span class='ocrx_word' id='word_1_116' title='bbox 937 1747 1300 1800; x_wconf 88' lang='lat' dir='ltr'><strong>morborum:</strong></span> <span class='ocrx_word' id='word_1_117' title='bbox 1354 1755 1410 1797; x_wconf 93' lang='lat' dir='ltr'><strong>ut</strong></span> <span class='ocrx_word' id='word_1_118' title='bbox 1459 1759 1560 1798; x_wconf 89' lang='lat' dir='ltr'><strong>nec</strong></span> <span class='ocrx_word' id='word_1_119' title='bbox 1611 1745 1842 1798; x_wconf 68' lang='lat' dir='ltr'><strong>deerant</strong></span> <span class='ocrx_word' id='word_1_120' title='bbox 1869 1745 1991 1812; x_wconf 75' lang='lat' dir='ltr'><strong>qui—</strong></span> 
     </span>
    </p>
   </div>
   <div class='ocr_carea' id='block_1_20' title="bbox 406 1819 2065 1909">
    <p class='ocr_par' dir='ltr' id='par_1_20' title="bbox 406 1819 2065 1909">
     <span class='ocr_line' id='line_1_20' title="bbox 406 1819 2065 1909; baseline -0.001 -17"><span class='ocrx_word' id='word_1_121' title='bbox 406 1839 530 1893; x_wconf 92' lang='lat' dir='ltr'><strong>dem</strong></span> <span class='ocrx_word' id='word_1_122' title='bbox 571 1838 716 1909; x_wconf 90' lang='lat' dir='ltr'><strong>quia</strong></span> <span class='ocrx_word' id='word_1_123' title='bbox 763 1837 937 1892; x_wconf 84' lang='lat' dir='ltr'><strong>Roma</strong></span> <span class='ocrx_word' id='word_1_124' title='bbox 964 1838 1137 1892; x_wconf 89' lang='lat' dir='ltr'><strong>veteri</strong></span> <span class='ocrx_word' id='word_1_125' title='bbox 1165 1837 1479 1893; x_wconf 85' lang='lat' dir='ltr'><strong>veniebant.</strong></span> <span class='ocrx_word' id='word_1_126' title='bbox 1521 1837 1671 1891; x_wconf 88' lang='lat' dir='ltr'><strong>lnter</strong></span> <span class='ocrx_word' id='word_1_127' title='bbox 1699 1850 1837 1906; x_wconf 88' lang='lat' dir='ltr'><strong>quos</strong></span> <span class='ocrx_word' id='word_1_128' title='bbox 1882 1835 1990 1890; x_wconf 88' lang='lat' dir='ltr'><strong>alio</strong></span> <span class='ocrx_word' id='word_1_129' title='bbox 2017 1819 2065 1879; x_wconf 83' lang='grc' dir='ltr'><strong>Β</strong></span> 
     </span>
    </p>
   </div>
   <div class='ocr_carea' id='block_1_21' title="bbox 402 1927 1991 2002">
    <p class='ocr_par' dir='ltr' id='par_1_21' title="bbox 402 1927 1991 2002">
     <span class='ocr_line' id='line_1_21' title="bbox 402 1927 1991 2002; baseline -0.003 -16"><span class='ocrx_word' id='word_1_130' title='bbox 402 1948 640 2002; x_wconf 88' lang='lat' dir='ltr'><strong>quoque,</strong></span> <span class='ocrx_word' id='word_1_131' title='bbox 662 1932 808 2002; x_wconf 91' lang='lat' dir='ltr'><strong>quod</strong></span> <span class='ocrx_word' id='word_1_132' title='bbox 827 1931 1029 1985; x_wconf 83' lang='lat' dir='ltr'><strong>factum</strong></span> <span class='ocrx_word' id='word_1_133' title='bbox 1048 1938 1130 1984; x_wconf 80' lang='lat' dir='ltr'><strong>est</strong></span> <span class='ocrx_word' id='word_1_134' title='bbox 1156 1927 1378 2000; x_wconf 87' lang='lat' dir='ltr'><strong>dignum</strong></span> <span class='ocrx_word' id='word_1_135' title='bbox 1408 1937 1734 1995; x_wconf 87' lang='lat' dir='ltr'><strong>memoratu,</strong></span> <span class='ocrx_word' id='word_1_136' title='bbox 1755 1944 1864 1983; x_wconf 91' lang='lat' dir='ltr'><strong>non</strong></span> <span class='ocrx_word' id='word_1_137' title='bbox 1893 1943 1991 1998; x_wconf 85' lang='lat' dir='ltr'><strong>par</strong></span> 
     </span>
    </p>
   </div>
   <div class='ocr_carea' id='block_1_22' title="bbox 404 2021 1539 2081">
    <p class='ocr_par' dir='ltr' id='par_1_22' title="bbox 404 2021 1539 2081">
     <span class='ocr_line' id='line_1_22' title="bbox 404 2021 1539 2081; baseline -0.004 0"><span class='ocrx_word' id='word_1_138' title='bbox 404 2041 525 2081; x_wconf 86' lang='lat' dir='ltr'><strong>esse</strong></span> <span class='ocrx_word' id='word_1_139' title='bbox 552 2025 788 2079; x_wconf 90' lang='lat' dir='ltr'><strong>arbitror</strong></span> <span class='ocrx_word' id='word_1_140' title='bbox 827 2021 1083 2078; x_wconf 79' lang='lat' dir='ltr'><strong>fraudare</strong></span> <span class='ocrx_word' id='word_1_141' title='bbox 1113 2031 1324 2077; x_wconf 82' lang='lat' dir='ltr'><strong>vestras</strong></span> <span class='ocrx_word' id='word_1_142' title='bbox 1356 2033 1539 2077; x_wconf 84' lang='lat' dir='ltr'><strong>aures.</strong></span> 
     </span>
    </p>
   </div>
   <div class='ocr_carea' id='block_1_23' title="bbox 478 2201 1994 2274">
    <p class='ocr_par' dir='ltr' id='par_1_23' title="bbox 478 2201 1994 2274">
     <span class='ocr_line' id='line_1_23' title="bbox 478 2201 1994 2274; baseline -0.003 -12"><span class='ocrx_word' id='word_1_143' title='bbox 478 2207 621 2262; x_wconf 78' lang='lat' dir='ltr'><strong>XXI.</strong></span> <span class='ocrx_word' id='word_1_144' title='bbox 671 2206 928 2274; x_wconf 61' lang='lat' dir='ltr'><strong>Quaedam</strong></span> <span class='ocrx_word' id='word_1_145' title='bbox 977 2204 1122 2260; x_wconf 89' lang='lat' dir='ltr'><strong>enim</strong></span> <span class='ocrx_word' id='word_1_146' title='bbox 1169 2203 1366 2259; x_wconf 84' lang='lat' dir='ltr'><strong>mulier</strong></span> <span class='ocrx_word' id='word_1_147' title='bbox 1420 2202 1678 2258; x_wconf 87' lang='lat' dir='ltr'><strong>laborans</strong></span> <span class='ocrx_word' id='word_1_148' title='bbox 1733 2201 1994 2258; x_wconf 91' lang='lat' dir='ltr'><strong>diuturno</strong></span> 
     </span>
    </p>
   </div>
   <div class='ocr_carea' id='block_1_24' title="bbox 409 2293 1991 2368">
    <p class='ocr_par' dir='ltr' id='par_1_24' title="bbox 409 2293 1991 2368">
     <span class='ocr_line' id='line_1_24' title="bbox 409 2293 1991 2368; baseline -0.002 -15"><span class='ocrx_word' id='word_1_149' title='bbox 409 2298 556 2353; x_wconf 83' lang='lat' dir='ltr'><strong>ﬂuxu</strong></span> <span class='ocrx_word' id='word_1_150' title='bbox 590 2297 873 2368; x_wconf 83' lang='lat' dir='ltr'><strong>sanguinis</strong></span> <span class='ocrx_word' id='word_1_151' title='bbox 903 2297 1040 2352; x_wconf 90' lang='lat' dir='ltr'><strong>adeo</strong></span> <span class='ocrx_word' id='word_1_152' title='bbox 1070 2295 1328 2368; x_wconf 83' lang='lat' dir='ltr'><strong>graviter,</strong></span> <span class='ocrx_word' id='word_1_153' title='bbox 1369 2303 1426 2350; x_wconf 85' lang='grc' dir='ltr'><strong>ιιι</strong></span> <span class='ocrx_word' id='word_1_154' title='bbox 1457 2294 1636 2350; x_wconf 88' lang='lat' dir='ltr'><strong>omnis</strong></span> <span class='ocrx_word' id='word_1_155' title='bbox 1682 2293 1991 2360; x_wconf 62' lang='lat' dir='ltr'><strong>medicinae,</strong></span> 
     </span>
    </p>
   </div>
   <div class='ocr_carea' id='block_1_25' title="bbox 409 2383 1995 2458">
    <p class='ocr_par' dir='ltr' id='par_1_25' title="bbox 409 2383 1995 2458">
     <span class='ocr_line' id='line_1_25' title="bbox 409 2383 1995 2458; baseline -0.002 -16"><span class='ocrx_word' id='word_1_156' title='bbox 409 2389 554 2458; x_wconf 88' lang='lat' dir='ltr'><strong>quod</strong></span> <span class='ocrx_word' id='word_1_157' title='bbox 585 2386 652 2441; x_wconf 89' lang='lat' dir='ltr'><strong>ad</strong></span> <span class='ocrx_word' id='word_1_158' title='bbox 681 2402 803 2440; x_wconf 88' lang='lat' dir='ltr'><strong>eam</strong></span> <span class='ocrx_word' id='word_1_159' title='bbox 841 2385 1131 2452; x_wconf 85' lang='lat' dir='ltr'><strong>attinebat,</strong></span> <span class='ocrx_word' id='word_1_160' title='bbox 1175 2400 1376 2441; x_wconf 88' lang='lat' dir='ltr'><strong>vanum</strong></span> <span class='ocrx_word' id='word_1_161' title='bbox 1427 2383 1836 2439; x_wconf 79' lang='lat' dir='ltr'><strong>existimaretur</strong></span> <span class='ocrx_word' id='word_1_162' title='bbox 1874 2393 1995 2439; x_wconf 87' lang='lat' dir='ltr'><strong>stu-</strong></span> 
     </span>
    </p>
   </div>
   <div class='ocr_carea' id='block_1_26' title="bbox 413 2473 1995 2546">
    <p class='ocr_par' dir='ltr' id='par_1_26' title="bbox 413 2473 1995 2546">
     <span class='ocr_line' id='line_1_26' title="bbox 413 2473 1995 2546; baseline -0.003 -13"><span class='ocrx_word' id='word_1_163' title='bbox 413 2479 564 2534; x_wconf 90' lang='lat' dir='ltr'><strong>dium</strong></span> <span class='ocrx_word' id='word_1_164' title='bbox 596 2488 652 2532; x_wconf 91' lang='lat' dir='ltr'><strong>et</strong></span> <span class='ocrx_word' id='word_1_165' title='bbox 690 2491 1188 2546; x_wconf 89' lang='lat' dir='ltr'><strong>supervacaneum.</strong></span> <span class='ocrx_word' id='word_1_166' title='bbox 1225 2475 1320 2542; x_wconf 87' lang='lat' dir='ltr'><strong>Ea,</strong></span> <span class='ocrx_word' id='word_1_167' title='bbox 1388 2473 1560 2528; x_wconf 78' lang='lat' dir='ltr'><strong>Roma</strong></span> <span class='ocrx_word' id='word_1_168' title='bbox 1612 2473 1798 2528; x_wconf 87' lang='lat' dir='ltr'><strong>relicta</strong></span> <span class='ocrx_word' id='word_1_169' title='bbox 1855 2475 1995 2544; x_wconf 87' lang='lat' dir='ltr'><strong>(eam</strong></span> 
     </span>
    </p>
   </div>
   <div class='ocr_carea' id='block_1_27' title="bbox 424 2568 1998 2642">
    <p class='ocr_par' dir='ltr' id='par_1_27' title="bbox 424 2568 1998 2642">
     <span class='ocr_line' id='line_1_27' title="bbox 424 2568 1998 2642; baseline -0.003 -16"><span class='ocrx_word' id='word_1_170' title='bbox 424 2572 570 2626; x_wconf 84' lang='lat' dir='ltr'><strong>enim</strong></span> <span class='ocrx_word' id='word_1_171' title='bbox 587 2570 858 2625; x_wconf 90' lang='lat' dir='ltr'><strong>vocabant</strong></span> <span class='ocrx_word' id='word_1_172' title='bbox 886 2569 1064 2624; x_wconf 89' lang='lat' dir='ltr'><strong>divina</strong></span> <span class='ocrx_word' id='word_1_173' title='bbox 1088 2569 1240 2642; x_wconf 83' lang='lat' dir='ltr'><strong>signa</strong></span> <span class='ocrx_word' id='word_1_174' title='bbox 1260 2568 1543 2633; x_wconf 81' lang='lat' dir='ltr'><strong>Marciani,</strong></span> <span class='ocrx_word' id='word_1_175' title='bbox 1570 2586 1691 2640; x_wconf 78' lang='lat' dir='ltr'><strong>quae</strong></span> <span class='ocrx_word' id='word_1_176' title='bbox 1720 2570 1998 2625; x_wconf 89' lang='lat' dir='ltr'><strong>caneban-</strong></span> 
     </span>
    </p>
   </div>
   <div class='ocr_carea' id='block_1_28' title="bbox 416 2661 2002 2733">
    <p class='ocr_par' dir='ltr' id='par_1_28' title="bbox 416 2661 2002 2733">
     <span class='ocr_line' id='line_1_28' title="bbox 416 2661 2002 2733; baseline -0.001 -15"><span class='ocrx_word' id='word_1_177' title='bbox 416 2675 504 2719; x_wconf 88' lang='lat' dir='ltr'><strong>tur</strong></span> <span class='ocrx_word' id='word_1_178' title='bbox 525 2667 592 2718; x_wconf 90' lang='lat' dir='ltr'><strong>ab</strong></span> <span class='ocrx_word' id='word_1_179' title='bbox 617 2662 920 2732; x_wconf 89' lang='lat' dir='ltr'><strong>omnibus),</strong></span> <span class='ocrx_word' id='word_1_180' title='bbox 952 2666 1203 2732; x_wconf 89' lang='lat' dir='ltr'><strong>pervenit</strong></span> <span class='ocrx_word' id='word_1_181' title='bbox 1240 2662 1790 2733; x_wconf 84' lang='lat' dir='ltr'><strong>Constantinopolim.</strong></span> <span class='ocrx_word' id='word_1_182' title='bbox 1814 2661 2002 2732; x_wconf 83' lang='lat' dir='ltr'><strong>Neque</strong></span> 
     </span>
    </p>
   </div>
   <div class='ocr_carea' id='block_1_29' title="bbox 421 2754 2002 2826">
    <p class='ocr_par' dir='ltr' id='par_1_29' title="bbox 421 2754 2002 2826">
     <span class='ocr_line' id='line_1_29' title="bbox 421 2754 2002 2826; baseline 0 -17"><span class='ocrx_word' id='word_1_183' title='bbox 421 2771 548 2809; x_wconf 75' lang='lat' dir='ltr'><strong>vero</strong></span> <span class='ocrx_word' id='word_1_184' title='bbox 595 2770 715 2808; x_wconf 88' lang='lat' dir='ltr'><strong>eam</strong></span> <span class='ocrx_word' id='word_1_185' title='bbox 753 2763 986 2823; x_wconf 56' lang='lat' dir='ltr'><strong>,lantum</strong></span> <span class='ocrx_word' id='word_1_186' title='bbox 1054 2754 1158 2808; x_wconf 87' lang='lat' dir='ltr'><strong>iter</strong></span> <span class='ocrx_word' id='word_1_187' title='bbox 1221 2754 1526 2810; x_wconf 73' lang='lat' dir='ltr'><strong>coniecisse</strong></span> <span class='ocrx_word' id='word_1_188' title='bbox 1590 2754 1883 2826; x_wconf 65' lang='lat' dir='ltr'><strong>pwnituit,</strong></span> <span class='ocrx_word' id='word_1_189' title='bbox 1941 2763 2002 2809; x_wconf 92' lang='lat' dir='ltr'><strong>ut</strong></span> 
     </span>
    </p>
   </div>
   <div class='ocr_carea' id='block_1_30' title="bbox 421 2843 1997 2916">
    <p class='ocr_par' dir='ltr' id='par_1_30' title="bbox 421 2843 1997 2916">
     <span class='ocr_line' id='line_1_30' title="bbox 421 2843 1997 2916; baseline 0 -16"><span class='ocrx_word' id='word_1_190' title='bbox 421 2863 539 2916; x_wconf 82' lang='lat' dir='ltr'><strong>quae</strong></span> <span class='ocrx_word' id='word_1_191' title='bbox 600 2854 752 2901; x_wconf 87' lang='lat' dir='ltr'><strong>tanta</strong></span> <span class='ocrx_word' id='word_1_192' title='bbox 798 2843 1085 2900; x_wconf 80' lang='lat' dir='ltr'><strong>vexatione</strong></span> <span class='ocrx_word' id='word_1_193' title='bbox 1147 2845 1282 2899; x_wconf 85' lang='lat' dir='ltr'><strong>nihil</strong></span> <span class='ocrx_word' id='word_1_194' title='bbox 1339 2845 1562 2916; x_wconf 90' lang='lat' dir='ltr'><strong>dignum</strong></span> <span class='ocrx_word' id='word_1_195' title='bbox 1630 2846 1927 2901; x_wconf 91' lang='lat' dir='ltr'><strong>obtinuerit</strong></span> <span class='ocrx_word' id='word_1_196' title='bbox 1984 2863 1997 2900; x_wconf 87' lang='lat'><strong>:</strong></span> 
     </span>
    </p>
   </div>
   <div class='ocr_carea' id='block_1_31' title="bbox 418 2935 2001 3008">
    <p class='ocr_par' dir='ltr' id='par_1_31' title="bbox 418 2935 2001 3008">
     <span class='ocr_line' id='line_1_31' title="bbox 418 2935 2001 3008; baseline -0.003 -14"><span class='ocrx_word' id='word_1_197' title='bbox 418 2939 513 2994; x_wconf 89' lang='lat' dir='ltr'><strong>sed</strong></span> <span class='ocrx_word' id='word_1_198' title='bbox 537 2938 698 2992; x_wconf 87' lang='lat' dir='ltr'><strong>simul</strong></span> <span class='ocrx_word' id='word_1_199' title='bbox 733 2947 792 2992; x_wconf 91' lang='lat' dir='ltr'><strong>ut</strong></span> <span class='ocrx_word' id='word_1_200' title='bbox 823 2937 887 2992; x_wconf 87' lang='lat' dir='ltr'><strong>ad</strong></span> <span class='ocrx_word' id='word_1_201' title='bbox 905 2938 1112 3008; x_wconf 82' lang='lat' dir='ltr'><strong>justum</strong></span> <span class='ocrx_word' id='word_1_202' title='bbox 1138 2936 1368 2991; x_wconf 91' lang='lat' dir='ltr'><strong>accessit</strong></span> <span class='ocrx_word' id='word_1_203' title='bbox 1393 2935 1755 3001; x_wconf 86' lang='lat' dir='ltr'><strong>Marcianum,</strong></span> <span class='ocrx_word' id='word_1_204' title='bbox 1781 2945 2001 2991; x_wconf 86' lang='lat' dir='ltr'><strong>etmor—</strong></span> 
     </span>
    </p>
   </div>
   <div class='ocr_carea' id='block_1_32' title="bbox 423 3026 2005 3101">
    <p class='ocr_par' dir='ltr' id='par_1_32' title="bbox 423 3026 2005 3101">
     <span class='ocr_line' id='line_1_32' title="bbox 423 3026 2005 3101; baseline -0.002 -18"><span class='ocrx_word' id='word_1_205' title='bbox 423 3031 548 3084; x_wconf 86' lang='lat' dir='ltr'><strong>hum</strong></span> <span class='ocrx_word' id='word_1_206' title='bbox 578 3029 924 3101; x_wconf 85' lang='lat' dir='ltr'><strong>signiﬁcavit,</strong></span> <span class='ocrx_word' id='word_1_207' title='bbox 957 3036 1145 3083; x_wconf 86' lang='lat' dir='ltr'><strong>curata</strong></span> <span class='ocrx_word' id='word_1_208' title='bbox 1176 3037 1261 3083; x_wconf 90' lang='lat' dir='ltr'><strong>est</strong></span> <span class='ocrx_word' id='word_1_209' title='bbox 1296 3029 1514 3084; x_wconf 90' lang='lat' dir='ltr'><strong>mulier.</strong></span> <span class='ocrx_word' id='word_1_210' title='bbox 1554 3027 1701 3084; x_wconf 91' lang='lat' dir='ltr'><strong>Talis</strong></span> <span class='ocrx_word' id='word_1_211' title='bbox 1731 3029 1878 3083; x_wconf 90' lang='lat' dir='ltr'><strong>enim</strong></span> <span class='ocrx_word' id='word_1_212' title='bbox 1903 3026 2005 3082; x_wconf 77' lang='lat' dir='ltr'><strong>fuit</strong></span> 
     </span>
    </p>
   </div>
   <div class='ocr_carea' id='block_1_33' title="bbox 2085 545 3664 630">
    <p class='ocr_par' dir='ltr' id='par_1_33' title="bbox 2085 545 3664 630">
     <span class='ocr_line' id='line_1_33' title="bbox 2085 545 3664 630; baseline -0.009 -18"><span class='ocrx_word' id='word_1_213' title='bbox 2085 559 2245 630; x_wconf 82' lang='grc' dir='ltr'>δόξης</span> <span class='ocrx_word' id='word_1_214' title='bbox 2283 557 2653 628; x_wconf 76' lang='grc' dir='ltr'><strong>διαφερόντως</strong></span> <span class='ocrx_word' id='word_1_215' title='bbox 2689 553 2962 623; x_wconf 84' lang='grc' dir='ltr'>πολέμιοι,</span> <span class='ocrx_word' id='word_1_216' title='bbox 3019 551 3168 620; x_wconf 82' lang='grc' dir='ltr'>ὅμως</span> <span class='ocrx_word' id='word_1_217' title='bbox 3207 545 3526 615; x_wconf 72' lang='grc' dir='ltr'>Μαρκιανὸν</span> <span class='ocrx_word' id='word_1_218' title='bbox 3573 547 3664 598; x_wconf 73' lang='grc' dir='ltr'><strong>τὸν</strong></span> 
     </span>
    </p>
   </div>
   <div class='ocr_carea' id='block_1_34' title="bbox 2087 637 3668 717">
    <p class='ocr_par' dir='ltr' id='par_1_34' title="bbox 2087 637 3668 717">
     <span class='ocr_line' id='line_1_34' title="bbox 2087 637 3668 717; baseline -0.008 -13"><span class='ocrx_word' id='word_1_219' title='bbox 2087 650 2234 704; x_wconf 85' lang='grc' dir='ltr'>θεῖον</span> <span class='ocrx_word' id='word_1_220' title='bbox 2267 649 2390 702; x_wconf 80' lang='grc' dir='ltr'>οὐδὲ</span> <span class='ocrx_word' id='word_1_221' title='bbox 2425 646 2792 717; x_wconf 77' lang='grc' dir='ltr'>προσόλέπειν</span> <span class='ocrx_word' id='word_1_222' title='bbox 2840 641 3083 713; x_wconf 80' lang='grc' dir='ltr'>εὐχερῶς</span> <span class='ocrx_word' id='word_1_223' title='bbox 3127 637 3411 709; x_wconf 76' lang='grc' dir='ltr'>ἠδύναντο,</span> <span class='ocrx_word' id='word_1_224' title='bbox 3453 638 3515 690; x_wconf 76' lang='grc' dir='ltr'><strong>τὸ</strong></span> <span class='ocrx_word' id='word_1_225' title='bbox 3571 653 3668 692; x_wconf 85' lang='grc' dir='ltr'>πε-</span> 
     </span>
    </p>
   </div>
   <div class='ocr_carea' id='block_1_35' title="bbox 2090 730 3666 815">
    <p class='ocr_par' dir='ltr' id='par_1_35' title="bbox 2090 730 3666 815">
     <span class='ocr_line' id='line_1_35' title="bbox 2090 730 3666 815; baseline -0.01 -18"><span class='ocrx_word' id='word_1_226' title='bbox 2090 743 2206 815; x_wconf 85' lang='grc' dir='ltr'>ριὸν</span> <span class='ocrx_word' id='word_1_227' title='bbox 2258 741 2423 799; x_wconf 81' lang='grc' dir='ltr'>αὐτοῦ</span> <span class='ocrx_word' id='word_1_228' title='bbox 2465 741 2564 811; x_wconf 86' lang='grc' dir='ltr'>τῆς</span> <span class='ocrx_word' id='word_1_229' title='bbox 2617 739 2824 810; x_wconf 84' lang='grc' dir='ltr'>ἀρετῆς</span> <span class='ocrx_word' id='word_1_230' title='bbox 2884 733 3332 803; x_wconf 74' lang='grc' dir='ltr'><strong>δυσωπούμενοι*</strong></span> <span class='ocrx_word' id='word_1_231' title='bbox 3408 730 3503 785; x_wconf 75' lang='grc' dir='ltr'>καὶ</span> <span class='ocrx_word' id='word_1_232' title='bbox 3578 730 3666 783; x_wconf 78' lang='grc' dir='ltr'><strong>διὰ</strong></span> 
     </span>
    </p>
   </div>
   <div class='ocr_carea' id='block_1_36' title="bbox 2086 821 3670 905">
    <p class='ocr_par' dir='ltr' id='par_1_36' title="bbox 2086 821 3670 905">
     <span class='ocr_line' id='line_1_36' title="bbox 2086 821 3670 905; baseline -0.011 -15"><span class='ocrx_word' id='word_1_233' title='bbox 2086 835 2245 890; x_wconf 79' lang='grc' dir='ltr'>τοῦτο</span> <span class='ocrx_word' id='word_1_234' title='bbox 2289 835 2491 905; x_wconf 86' lang='grc' dir='ltr'>πολλήν</span> <span class='ocrx_word' id='word_1_235' title='bbox 2518 850 2577 886; x_wconf 88' lang='grc' dir='ltr'><strong>τε</strong></span> <span class='ocrx_word' id='word_1_236' title='bbox 2623 832 2818 901; x_wconf 73' lang='grc' dir='ltr'>ἐκείνῳ</span> <span class='ocrx_word' id='word_1_237' title='bbox 2878 828 2978 899; x_wconf 86' lang='grc' dir='ltr'>τὴν</span> <span class='ocrx_word' id='word_1_238' title='bbox 3017 826 3183 897; x_wconf 81' lang='grc' dir='ltr'>τιμὴν</span> <span class='ocrx_word' id='word_1_239' title='bbox 3221 822 3520 892; x_wconf 80' lang='grc' dir='ltr'><strong>ἀπένεμον,</strong></span> <span class='ocrx_word' id='word_1_240' title='bbox 3575 821 3670 874; x_wconf 70' lang='grc' dir='ltr'><strong>καὶ</strong></span> 
     </span>
    </p>
   </div>
   <div class='ocr_carea' id='block_1_37' title="bbox 2086 914 3668 992">
    <p class='ocr_par' dir='ltr' id='par_1_37' title="bbox 2086 914 3668 992">
     <span class='ocr_line' id='line_1_37' title="bbox 2086 914 3668 992; baseline -0.011 -9"><span class='ocrx_word' id='word_1_241' title='bbox 2086 930 2180 983; x_wconf 80' lang='grc' dir='ltr'>τὸν</span> <span class='ocrx_word' id='word_1_242' title='bbox 2229 926 2512 982; x_wconf 77' lang='grc' dir='ltr'>ὑπἀὐτοῦ</span> <span class='ocrx_word' id='word_1_243' title='bbox 2541 914 2830 979; x_wconf 74' lang='grc' dir='ltr'><strong>κτισθέντα</strong></span> <span class='ocrx_word' id='word_1_244' title='bbox 2883 921 3009 976; x_wconf 78' lang='grc' dir='ltr'>ναὸν</span> <span class='ocrx_word' id='word_1_245' title='bbox 3038 924 3140 992; x_wconf 85' lang='grc' dir='ltr'>τῆς</span> <span class='ocrx_word' id='word_1_246' title='bbox 3194 917 3439 990; x_wconf 83' lang='grc' dir='ltr'><strong>μεγάλης</strong></span> <span class='ocrx_word' id='word_1_247' title='bbox 3511 915 3668 968; x_wconf 82' lang='grc' dir='ltr'>Ἀνα-</span> 
     </span>
    </p>
   </div>
   <div class='ocr_carea' id='block_1_38' title="bbox 2090 1006 3669 1083">
    <p class='ocr_par' dir='ltr' id='par_1_38' title="bbox 2090 1006 3669 1083">
     <span class='ocr_line' id='line_1_38' title="bbox 2090 1006 3669 1083; baseline -0.01 -10"><span class='ocrx_word' id='word_1_248' title='bbox 2090 1018 2314 1083; x_wconf 84' lang='grc' dir='ltr'>στασίας</span> <span class='ocrx_word' id='word_1_249' title='bbox 2361 1018 2581 1072; x_wconf 80' lang='grc' dir='ltr'>σκεύεσι</span> <span class='ocrx_word' id='word_1_250' title='bbox 2653 1013 2973 1069; x_wconf 75' lang='grc' dir='ltr'>πολυτελέσι</span> <span class='ocrx_word' id='word_1_251' title='bbox 3029 1010 3234 1083; x_wconf 83' lang='grc' dir='ltr'>χρυσοῦ</span> <span class='ocrx_word' id='word_1_252' title='bbox 3285 1008 3380 1062; x_wconf 67' lang='grc' dir='ltr'>καὶ</span> <span class='ocrx_word' id='word_1_253' title='bbox 3425 1006 3669 1076; x_wconf 86' lang='grc' dir='ltr'>ἀργύρου</span> 
     </span>
    </p>
   </div>
   <div class='ocr_carea' id='block_1_39' title="bbox 2101 1101 3671 1182">
    <p class='ocr_par' dir='ltr' id='par_1_39' title="bbox 2101 1101 3671 1182">
     <span class='ocr_line' id='line_1_39' title="bbox 2101 1101 3671 1182; baseline -0.008 -17"><span class='ocrx_word' id='word_1_254' title='bbox 2101 1109 2495 1182; x_wconf 79' lang='grc' dir='ltr'>πεποιημένοις</span> <span class='ocrx_word' id='word_1_255' title='bbox 2546 1109 2889 1180; x_wconf 77' lang='grc' dir='ltr'>ὲφαίδρυνον.</span> <span class='ocrx_word' id='word_1_256' title='bbox 2982 1107 3250 1166; x_wconf 85' lang='grc' dir='ltr'>Κάκεῖνος</span> <span class='ocrx_word' id='word_1_257' title='bbox 3314 1105 3414 1172; x_wconf 80' lang='grc' dir='ltr'><strong>τῆς</strong></span> <span class='ocrx_word' id='word_1_258' title='bbox 3463 1101 3671 1170; x_wconf 85' lang='grc' dir='ltr'>δωρεᾶς</span> 
     </span>
    </p>
   </div>
   <div class='ocr_carea' id='block_1_40' title="bbox 2091 1193 3673 1272">
    <p class='ocr_par' dir='ltr' id='par_1_40' title="bbox 2091 1193 3673 1272">
     <span class='ocr_line' id='line_1_40' title="bbox 2091 1193 3673 1272; baseline -0.01 -14"><span class='ocrx_word' id='word_1_259' title='bbox 2091 1205 2290 1267; x_wconf 78' lang='grc' dir='ltr'>αὐτοὺς</span> <span class='ocrx_word' id='word_1_260' title='bbox 2323 1203 2710 1272; x_wconf 76' lang='grc' dir='ltr'>ἀμειϐόμενος,</span> <span class='ocrx_word' id='word_1_261' title='bbox 2753 1196 3127 1253; x_wconf 82' lang='grc' dir='ltr'>διετυπώσατο</span> <span class='ocrx_word' id='word_1_262' title='bbox 3167 1193 3308 1248; x_wconf 86' lang='grc' dir='ltr'><strong>κατὰ</strong></span> <span class='ocrx_word' id='word_1_263' title='bbox 3345 1194 3440 1255; x_wconf 80' lang='grc' dir='ltr'>τὰς</span> <span class='ocrx_word' id='word_1_264' title='bbox 3478 1193 3673 1261; x_wconf 85' lang='grc' dir='ltr'>ἐπισή-</span> 
     </span>
    </p>
   </div>
   <div class='ocr_carea' id='block_1_41' title="bbox 2095 1285 3672 1368">
    <p class='ocr_par' dir='ltr' id='par_1_41' title="bbox 2095 1285 3672 1368">
     <span class='ocr_line' id='line_1_41' title="bbox 2095 1285 3672 1368; baseline -0.01 -18"><span class='ocrx_word' id='word_1_265' title='bbox 2095 1314 2228 1368; x_wconf 80' lang='grc' dir='ltr'>μους</span> <span class='ocrx_word' id='word_1_266' title='bbox 2254 1294 2362 1348; x_wconf 87' lang='grc' dir='ltr'><strong>τῶν</strong></span> <span class='ocrx_word' id='word_1_267' title='bbox 2395 1294 2621 1366; x_wconf 82' lang='grc' dir='ltr'>ἡμερῶν</span> <span class='ocrx_word' id='word_1_268' title='bbox 2641 1296 2708 1364; x_wconf 80' lang='grc' dir='ltr'>τῇ</span> <span class='ocrx_word' id='word_1_269' title='bbox 2760 1290 2977 1362; x_wconf 80' lang='grc' dir='ltr'>πατρίῳ</span> <span class='ocrx_word' id='word_1_270' title='bbox 3029 1287 3211 1342; x_wconf 86' lang='grc' dir='ltr'>αὐτῶν</span> <span class='ocrx_word' id='word_1_271' title='bbox 3260 1285 3478 1356; x_wconf 77' lang='grc' dir='ltr'>γλώττῃ</span> <span class='ocrx_word' id='word_1_272' title='bbox 3521 1285 3672 1355; x_wconf 86' lang='grc' dir='ltr'><strong>(Γὸτ-</strong></span> 
     </span>
    </p>
   </div>
   <div class='ocr_carea' id='block_1_42' title="bbox 2093 1375 3672 1459">
    <p class='ocr_par' dir='ltr' id='par_1_42' title="bbox 2093 1375 3672 1459">
     <span class='ocr_line' id='line_1_42' title="bbox 2093 1375 3672 1459; baseline -0.009 -17"><span class='ocrx_word' id='word_1_273' title='bbox 2093 1388 2176 1442; x_wconf 86' lang='grc' dir='ltr'><strong>θοι</strong></span> <span class='ocrx_word' id='word_1_274' title='bbox 2219 1389 2329 1459; x_wconf 81' lang='grc' dir='ltr'>γὰρ</span> <span class='ocrx_word' id='word_1_275' title='bbox 2390 1383 2554 1458; x_wconf 77' lang='grc' dir='ltr'>ἦσαν)</span> <span class='ocrx_word' id='word_1_276' title='bbox 2602 1385 2702 1448; x_wconf 82' lang='grc' dir='ltr'><strong>τὰς</strong></span> <span class='ocrx_word' id='word_1_277' title='bbox 2760 1381 3154 1443; x_wconf 85' lang='grc' dir='ltr'>θεοπνεύστους</span> <span class='ocrx_word' id='word_1_278' title='bbox 3207 1378 3430 1448; x_wconf 69' lang='grc' dir='ltr'>Γραιράς</span> <span class='ocrx_word' id='word_1_279' title='bbox 3481 1379 3537 1429; x_wconf 83' lang='grc' dir='ltr'>ἐν</span> <span class='ocrx_word' id='word_1_280' title='bbox 3595 1375 3672 1445; x_wconf 82' lang='grc' dir='ltr'>τῷ</span> 
     </span>
    </p>
   </div>
   <div class='ocr_carea' id='block_1_43' title="bbox 2095 1467 3672 1551">
    <p class='ocr_par' dir='ltr' id='par_1_43' title="bbox 2095 1467 3672 1551">
     <span class='ocr_line' id='line_1_43' title="bbox 2095 1467 3672 1551; baseline -0.01 -17"><span class='ocrx_word' id='word_1_281' title='bbox 2095 1479 2225 1551; x_wconf 80' lang='grc' dir='ltr'><strong>ἱερῷ</strong></span> <span class='ocrx_word' id='word_1_282' title='bbox 2251 1478 2387 1551; x_wconf 82' lang='grc' dir='ltr'>τῷδε</span> <span class='ocrx_word' id='word_1_283' title='bbox 2439 1474 2933 1548; x_wconf 69' lang='grc' dir='ltr'>ἀναγινώσκεσθαι,</span> <span class='ocrx_word' id='word_1_284' title='bbox 2997 1471 3148 1527; x_wconf 87' lang='grc' dir='ltr'>’ἀλλά</span> <span class='ocrx_word' id='word_1_285' title='bbox 3203 1469 3522 1534; x_wconf 77' lang='grc' dir='ltr'>Βυζαντίοις</span> <span class='ocrx_word' id='word_1_286' title='bbox 3573 1467 3672 1539; x_wconf 84' lang='grc' dir='ltr'>μὲν</span> 
     </span>
    </p>
   </div>
   <div class='ocr_carea' id='block_1_44' title="bbox 2092 1556 3673 1635">
    <p class='ocr_par' dir='ltr' id='par_1_44' title="bbox 2092 1556 3673 1635">
     <span class='ocr_line' id='line_1_44' title="bbox 2092 1556 3673 1635; baseline -0.008 -16"><span class='ocrx_word' id='word_1_287' title='bbox 2092 1565 2267 1627; x_wconf 71' lang='grc' dir='ltr'>οὕτως</span> <span class='ocrx_word' id='word_1_288' title='bbox 2297 1565 2576 1633; x_wconf 84' lang='grc' dir='ltr'>αἰδέσιμος</span> <span class='ocrx_word' id='word_1_289' title='bbox 2607 1559 2674 1635; x_wconf 79' lang='grc' dir='ltr'>ἦν</span> <span class='ocrx_word' id='word_1_290' title='bbox 2705 1563 2732 1615; x_wconf 81' lang='grc' dir='ltr'>ὁ</span> <span class='ocrx_word' id='word_1_291' title='bbox 2777 1563 2939 1633; x_wconf 82' lang='grc' dir='ltr'>ἀνήρ.</span> <span class='ocrx_word' id='word_1_292' title='bbox 2995 1559 3211 1615; x_wconf 84' lang='grc' dir='ltr'>Ἐκάλει</span> <span class='ocrx_word' id='word_1_293' title='bbox 3239 1559 3347 1629; x_wconf 82' lang='grc' dir='ltr'><strong>δὲή</strong></span> <span class='ocrx_word' id='word_1_294' title='bbox 3381 1558 3539 1628; x_wconf 80' lang='grc' dir='ltr'>φήμη</span> <span class='ocrx_word' id='word_1_295' title='bbox 3579 1556 3673 1609; x_wconf 82' lang='grc' dir='ltr'>καὶ</span> 
     </span>
    </p>
   </div>
   <div class='ocr_carea' id='block_1_45' title="bbox 2094 1646 3675 1726">
    <p class='ocr_par' dir='ltr' id='par_1_45' title="bbox 2094 1646 3675 1726">
     <span class='ocr_line' id='line_1_45' title="bbox 2094 1646 3675 1726; baseline -0.007 -17"><span class='ocrx_word' id='word_1_296' title='bbox 2094 1655 2192 1718; x_wconf 81' lang='grc' dir='ltr'>τὰς</span> <span class='ocrx_word' id='word_1_297' title='bbox 2226 1653 2443 1726; x_wconf 84' lang='grc' dir='ltr'>μακράν</span> <span class='ocrx_word' id='word_1_298' title='bbox 2469 1654 2784 1724; x_wconf 80' lang='grc' dir='ltr'>ᾠκισμένας</span> <span class='ocrx_word' id='word_1_299' title='bbox 2813 1651 2924 1705; x_wconf 84' lang='grc' dir='ltr'><strong>τῶν</strong></span> <span class='ocrx_word' id='word_1_300' title='bbox 2966 1650 3198 1715; x_wconf 87' lang='grc' dir='ltr'>πόλεων,</span> <span class='ocrx_word' id='word_1_301' title='bbox 3234 1648 3330 1701; x_wconf 76' lang='grc' dir='ltr'>καὶ</span> <span class='ocrx_word' id='word_1_302' title='bbox 3409 1646 3675 1717; x_wconf 79' lang='grc' dir='ltr'>πανταχό-</span> 
     </span>
    </p>
   </div>
   <div class='ocr_carea' id='block_1_46' title="bbox 2099 1737 3675 1817">
    <p class='ocr_par' dir='ltr' id='par_1_46' title="bbox 2099 1737 3675 1817">
     <span class='ocr_line' id='line_1_46' title="bbox 2099 1737 3675 1817; baseline -0.005 -20"><span class='ocrx_word' id='word_1_303' title='bbox 2099 1744 2191 1799; x_wconf 86' lang='grc' dir='ltr'><strong>θεν</strong></span> <span class='ocrx_word' id='word_1_304' title='bbox 2247 1744 2580 1817; x_wconf 76' lang='grc' dir='ltr'>συνέρρεον·</span> <span class='ocrx_word' id='word_1_305' title='bbox 2657 1744 2707 1797; x_wconf 83' lang='grc' dir='ltr'><strong>οί</strong></span> <span class='ocrx_word' id='word_1_306' title='bbox 2758 1742 2857 1814; x_wconf 80' lang='grc' dir='ltr'><strong>μὲν</strong></span> <span class='ocrx_word' id='word_1_307' title='bbox 2910 1739 3349 1812; x_wconf 81' lang='grc' dir='ltr'>ἁμαρτημάτων,</span> <span class='ocrx_word' id='word_1_308' title='bbox 3399 1738 3450 1791; x_wconf 82' lang='lat' dir='ltr'><strong>0i</strong></span> <span class='ocrx_word' id='word_1_309' title='bbox 3489 1738 3546 1791; x_wconf 80' lang='grc' dir='ltr'>δὲ</span> <span class='ocrx_word' id='word_1_310' title='bbox 3579 1737 3675 1791; x_wconf 81' lang='grc' dir='ltr'>καὶ</span> 
     </span>
    </p>
   </div>
   <div class='ocr_carea' id='block_1_47' title="bbox 2093 1830 3674 1908">
    <p class='ocr_par' dir='ltr' id='par_1_47' title="bbox 2093 1830 3674 1908">
     <span class='ocr_line' id='line_1_47' title="bbox 2093 1830 3674 1908; baseline -0.005 -18"><span class='ocrx_word' id='word_1_311' title='bbox 2093 1836 2418 1908; x_wconf 82' lang='grc' dir='ltr'>νοσημάτων</span> <span class='ocrx_word' id='word_1_312' title='bbox 2444 1835 2543 1907; x_wconf 85' lang='grc' dir='ltr'>τὴν</span> <span class='ocrx_word' id='word_1_313' title='bbox 2584 1835 2883 1907; x_wconf 82' lang='grc' dir='ltr'>θεραπείαν</span> <span class='ocrx_word' id='word_1_314' title='bbox 2917 1833 2983 1890; x_wconf 82' lang='grc' dir='ltr'><strong>ἂν</strong></span> <span class='ocrx_word' id='word_1_315' title='bbox 3009 1835 3398 1905; x_wconf 75' lang='grc' dir='ltr'><strong>τρυγήσοντες⁹</strong></span> <span class='ocrx_word' id='word_1_316' title='bbox 3433 1831 3529 1885; x_wconf 67' lang='grc' dir='ltr'><strong>καλ⁸</strong></span> <span class='ocrx_word' id='word_1_317' title='bbox 3553 1830 3674 1884; x_wconf 76' lang='grc' dir='ltr'>οὐδὲ</span> 
     </span>
    </p>
   </div>
   <div class='ocr_carea' id='block_1_48' title="bbox 2093 1923 3678 2000">
    <p class='ocr_par' dir='ltr' id='par_1_48' title="bbox 2093 1923 3678 2000">
     <span class='ocr_line' id='line_1_48' title="bbox 2093 1923 3678 2000; baseline -0.004 -18"><span class='ocrx_word' id='word_1_318' title='bbox 2093 1929 2190 2000; x_wconf 83' lang='grc' dir='ltr'>τῆς</span> <span class='ocrx_word' id='word_1_319' title='bbox 2218 1928 2596 2000; x_wconf 76' lang='grc' dir='ltr'>πρεσϐυτέρας</span> <span class='ocrx_word' id='word_1_320' title='bbox 2639 1927 3086 1998; x_wconf 89' lang='grc' dir='ltr'>ἀπελιμπάνοντο</span> <span class='ocrx_word' id='word_1_321' title='bbox 3124 1925 3364 1996; x_wconf 79' lang='grc' dir='ltr'>Ῥώμης,</span> <span class='ocrx_word' id='word_1_322' title='bbox 3417 1923 3555 1978; x_wconf 76' lang='grc' dir='ltr'>ἀλλὰ</span> <span class='ocrx_word' id='word_1_323' title='bbox 3583 1941 3678 1976; x_wconf 88' lang='grc' dir='ltr'><strong>και</strong></span> 
     </span>
    </p>
   </div>
   <div class='ocr_carea' id='block_1_49' title="bbox 2093 2015 3676 2092">
    <p class='ocr_par' dir='ltr' id='par_1_49' title="bbox 2093 2015 3676 2092">
     <span class='ocr_line' id='line_1_49' title="bbox 2093 2015 3676 2092; baseline -0.004 -17"><span class='ocrx_word' id='word_1_324' title='bbox 2093 2021 2252 2075; x_wconf 75' lang='grc' dir='ltr'>αὐτοὶ</span> <span class='ocrx_word' id='word_1_325' title='bbox 2278 2019 2610 2092; x_wconf 79' lang='grc' dir='ltr'>προσῄεσαν.</span> <span class='ocrx_word' id='word_1_326' title='bbox 2654 2022 2742 2074; x_wconf 80' lang='grc' dir='ltr'>Ἐν</span> <span class='ocrx_word' id='word_1_327' title='bbox 2774 2015 2856 2083; x_wconf 78' lang='grc' dir='ltr'>οἷς</span> <span class='ocrx_word' id='word_1_328' title='bbox 2894 2020 2991 2073; x_wconf 74' lang='grc' dir='ltr'>καὶ</span> <span class='ocrx_word' id='word_1_329' title='bbox 3024 2019 3248 2089; x_wconf 81' lang='grc' dir='ltr'>μνήμης</span> <span class='ocrx_word' id='word_1_330' title='bbox 3295 2015 3447 2081; x_wconf 75' lang='grc' dir='ltr'>ἄξιόν</span> <span class='ocrx_word' id='word_1_331' title='bbox 3497 2032 3553 2068; x_wconf 86' lang='grc' dir='ltr'><strong>τι</strong></span> <span class='ocrx_word' id='word_1_332' title='bbox 3578 2032 3676 2082; x_wconf 90' lang='grc' dir='ltr'>γε-</span> 
     </span>
    </p>
   </div>
   <div class='ocr_carea' id='block_1_50' title="bbox 2094 2107 3676 2185">
    <p class='ocr_par' dir='ltr' id='par_1_50' title="bbox 2094 2107 3676 2185">
     <span class='ocr_line' id='line_1_50' title="bbox 2094 2107 3676 2185; baseline -0.003 -18"><span class='ocrx_word' id='word_1_333' title='bbox 2094 2113 2338 2185; x_wconf 87' lang='grc' dir='ltr'>νόμενον,</span> <span class='ocrx_word' id='word_1_334' title='bbox 2356 2114 2416 2165; x_wconf 82' lang='grc' dir='ltr'>οὐ</span> <span class='ocrx_word' id='word_1_335' title='bbox 2433 2113 2528 2176; x_wconf 76' lang='grc' dir='ltr'>τὰς</span> <span class='ocrx_word' id='word_1_336' title='bbox 2547 2111 2816 2184; x_wconf 83' lang='grc' dir='ltr'>ὑμετέρας</span> <span class='ocrx_word' id='word_1_337' title='bbox 2832 2111 3002 2175; x_wconf 81' lang='grc' dir='ltr'>ἀκοὰς</span> <span class='ocrx_word' id='word_1_338' title='bbox 3025 2107 3178 2181; x_wconf 79' lang='grc' dir='ltr'>οῐμαι</span> <span class='ocrx_word' id='word_1_339' title='bbox 3195 2109 3470 2180; x_wconf 79' lang='grc' dir='ltr'>ζημιῶσαι</span> <span class='ocrx_word' id='word_1_340' title='bbox 3491 2107 3676 2163; x_wconf 79' lang='grc' dir='ltr'>καλόν.</span> 
     </span>
    </p>
   </div>
   <div class='ocr_carea' id='block_1_51' title="bbox 2164 2201 3672 2277">
    <p class='ocr_par' dir='ltr' id='par_1_51' title="bbox 2164 2201 3672 2277">
     <span class='ocr_line' id='line_1_51' title="bbox 2164 2201 3672 2277; baseline -0.005 -17"><span class='ocrx_word' id='word_1_341' title='bbox 2164 2207 2296 2260; x_wconf 82' lang='grc' dir='ltr'><strong>ΚΒ’.</strong></span> <span class='ocrx_word' id='word_1_342' title='bbox 2329 2205 2473 2276; x_wconf 83' lang='grc' dir='ltr'>Γυνὴ</span> <span class='ocrx_word' id='word_1_343' title='bbox 2501 2206 2618 2276; x_wconf 86' lang='grc' dir='ltr'><strong>γάρ</strong></span> <span class='ocrx_word' id='word_1_344' title='bbox 2665 2223 2748 2268; x_wconf 91' lang='grc' dir='ltr'><strong>τις</strong></span> <span class='ocrx_word' id='word_1_345' title='bbox 2780 2203 3078 2277; x_wconf 67' lang='grc' dir='ltr'>αἱμορῤοίᾳ</span> <span class='ocrx_word' id='word_1_346' title='bbox 3138 2201 3440 2274; x_wconf 82' lang='grc' dir='ltr'>πιεζομένη</span> <span class='ocrx_word' id='word_1_347' title='bbox 3478 2201 3672 2272; x_wconf 78' lang='grc' dir='ltr'>χρονίᾳ</span> 
     </span>
    </p>
   </div>
   <div class='ocr_carea' id='block_1_52' title="bbox 2096 2294 3676 2369">
    <p class='ocr_par' dir='ltr' id='par_1_52' title="bbox 2096 2294 3676 2369">
     <span class='ocr_line' id='line_1_52' title="bbox 2096 2294 3676 2369; baseline -0.004 -16"><span class='ocrx_word' id='word_1_348' title='bbox 2096 2299 2238 2354; x_wconf 72' lang='grc' dir='ltr'>οὕτω</span> <span class='ocrx_word' id='word_1_349' title='bbox 2276 2297 2549 2369; x_wconf 89' lang='grc' dir='ltr'>χαλεπῶς,</span> <span class='ocrx_word' id='word_1_350' title='bbox 2581 2299 2655 2362; x_wconf 88' lang='grc' dir='ltr'><strong>ώς</strong></span> <span class='ocrx_word' id='word_1_351' title='bbox 2680 2299 2860 2351; x_wconf 85' lang='grc' dir='ltr'>πᾶσαν</span> <span class='ocrx_word' id='word_1_352' title='bbox 2903 2295 3152 2366; x_wconf 76' lang='grc' dir='ltr'>ἰατρικὴν</span> <span class='ocrx_word' id='word_1_353' title='bbox 3182 2296 3378 2367; x_wconf 85' lang='grc' dir='ltr'>τέχνην</span> <span class='ocrx_word' id='word_1_354' title='bbox 3429 2295 3552 2348; x_wconf 81' lang='grc' dir='ltr'>ὅσον</span> <span class='ocrx_word' id='word_1_355' title='bbox 3589 2294 3676 2346; x_wconf 75' lang='grc' dir='ltr'><strong>ἐπ’</strong></span> 
     </span>
    </p>
   </div>
   <div class='ocr_carea' id='block_1_53' title="bbox 2099 2387 3678 2463">
    <p class='ocr_par' dir='ltr' id='par_1_53' title="bbox 2099 2387 3678 2463">
     <span class='ocr_line' id='line_1_53' title="bbox 2099 2387 3678 2463; baseline -0.004 -17"><span class='ocrx_word' id='word_1_356' title='bbox 2099 2393 2236 2463; x_wconf 75' lang='grc' dir='ltr'>αὐτῇ</span> <span class='ocrx_word' id='word_1_357' title='bbox 2279 2390 2517 2463; x_wconf 83' lang='grc' dir='ltr'>σπουδὴν</span> <span class='ocrx_word' id='word_1_358' title='bbox 2588 2390 2824 2461; x_wconf 84' lang='grc' dir='ltr'>ματαίαν</span> <span class='ocrx_word' id='word_1_359' title='bbox 2871 2390 2965 2444; x_wconf 75' lang='grc' dir='ltr'>καὶ</span> <span class='ocrx_word' id='word_1_360' title='bbox 3017 2389 3281 2460; x_wconf 82' lang='grc' dir='ltr'>περιττὴν</span> <span class='ocrx_word' id='word_1_361' title='bbox 3330 2387 3678 2458; x_wconf 80' lang='grc' dir='ltr'>νομισθῆναι,</span> 
     </span>
    </p>
   </div>
   <div class='ocr_carea' id='block_1_54' title="bbox 2099 2479 3682 2556">
    <p class='ocr_par' dir='ltr' id='par_1_54' title="bbox 2099 2479 3682 2556">
     <span class='ocr_line' id='line_1_54' title="bbox 2099 2479 3682 2556; baseline -0.004 -18"><span class='ocrx_word' id='word_1_362' title='bbox 2099 2485 2238 2556; x_wconf 82' lang='grc' dir='ltr'>αὑτὴ</span> <span class='ocrx_word' id='word_1_363' title='bbox 2269 2484 2368 2556; x_wconf 81' lang='grc' dir='ltr'><strong>τὴν</strong></span> <span class='ocrx_word' id='word_1_364' title='bbox 2407 2483 2630 2554; x_wconf 80' lang='grc' dir='ltr'>Ῥώμην</span> <span class='ocrx_word' id='word_1_365' title='bbox 2681 2481 3056 2537; x_wconf 81' lang='grc' dir='ltr'>καταλιποῦσα</span> <span class='ocrx_word' id='word_1_366' title='bbox 3106 2481 3248 2549; x_wconf 74' lang='grc' dir='ltr'>(καὶ</span> <span class='ocrx_word' id='word_1_367' title='bbox 3297 2481 3404 2550; x_wconf 87' lang='grc' dir='ltr'><strong>γάρ</strong></span> <span class='ocrx_word' id='word_1_368' title='bbox 3457 2479 3682 2532; x_wconf 72' lang='grc' dir='ltr'>ἐκάλουν</span> 
     </span>
    </p>
   </div>
   <div class='ocr_carea' id='block_1_55' title="bbox 2100 2572 3682 2650">
    <p class='ocr_par' dir='ltr' id='par_1_55' title="bbox 2100 2572 3682 2650">
     <span class='ocr_line' id='line_1_55' title="bbox 2100 2572 3682 2650; baseline -0.004 -19"><span class='ocrx_word' id='word_1_369' title='bbox 2100 2579 2274 2650; x_wconf 77' lang='grc' dir='ltr'>αὐτὴν</span> <span class='ocrx_word' id='word_1_370' title='bbox 2347 2579 2403 2631; x_wconf 80' lang='lat' dir='ltr'><strong>ai</strong></span> <span class='ocrx_word' id='word_1_371' title='bbox 2469 2576 2787 2646; x_wconf 81' lang='grc' dir='ltr'>θεοσημεϊαι</span> <span class='ocrx_word' id='word_1_372' title='bbox 2848 2574 3169 2644; x_wconf 88' lang='grc' dir='ltr'>Μαρκιανοῦ</span> <span class='ocrx_word' id='word_1_373' title='bbox 3225 2574 3485 2644; x_wconf 81' lang='grc' dir='ltr'>ᾁδόμεναι</span> <span class='ocrx_word' id='word_1_374' title='bbox 3532 2572 3682 2642; x_wconf 85' lang='grc' dir='ltr'><strong>παρά</strong></span> 
     </span>
    </p>
   </div>
   <div class='ocr_carea' id='block_1_56' title="bbox 2103 2664 3685 2742">
    <p class='ocr_par' dir='ltr' id='par_1_56' title="bbox 2103 2664 3685 2742">
     <span class='ocr_line' id='line_1_56' title="bbox 2103 2664 3685 2742; baseline -0.005 -16"><span class='ocrx_word' id='word_1_375' title='bbox 2103 2671 2346 2742; x_wconf 79' lang='grc' dir='ltr'>πάντων)</span> <span class='ocrx_word' id='word_1_376' title='bbox 2413 2672 2493 2735; x_wconf 86' lang='grc' dir='ltr'><strong>είς</strong></span> <span class='ocrx_word' id='word_1_377' title='bbox 2578 2671 2678 2742; x_wconf 73' lang='grc' dir='ltr'>τὴν</span> <span class='ocrx_word' id='word_1_378' title='bbox 2749 2668 3161 2724; x_wconf 84' lang='grc' dir='ltr'>Κωνσταντίνου</span> <span class='ocrx_word' id='word_1_379' title='bbox 3229 2666 3521 2720; x_wconf 80' lang='grc' dir='ltr'>κατέλαϐε.</span> <span class='ocrx_word' id='word_1_380' title='bbox 3579 2664 3685 2719; x_wconf 77' lang='grc' dir='ltr'><strong>Καὶ</strong></span> 
     </span>
    </p>
   </div>
   <div class='ocr_carea' id='block_1_57' title="bbox 2102 2760 3686 2835">
    <p class='ocr_par' dir='ltr' id='par_1_57' title="bbox 2102 2760 3686 2835">
     <span class='ocr_line' id='line_1_57' title="bbox 2102 2760 3686 2835; baseline -0.004 -18"><span class='ocrx_word' id='word_1_381' title='bbox 2102 2764 2253 2818; x_wconf 80' lang='grc' dir='ltr'>οὐδὲν</span> <span class='ocrx_word' id='word_1_382' title='bbox 2309 2763 2598 2835; x_wconf 72' lang='grc' dir='ltr'>ἐμέμψατο</span> <span class='ocrx_word' id='word_1_383' title='bbox 2648 2763 2817 2835; x_wconf 79' lang='grc' dir='ltr'>ἑαυτῇ</span> <span class='ocrx_word' id='word_1_384' title='bbox 2895 2762 2998 2833; x_wconf 80' lang='grc' dir='ltr'><strong>τῆς</strong></span> <span class='ocrx_word' id='word_1_385' title='bbox 3074 2763 3406 2831; x_wconf 85' lang='grc' dir='ltr'>ὁδοιπορίας,</span> <span class='ocrx_word' id='word_1_386' title='bbox 3480 2761 3556 2823; x_wconf 79' lang='grc' dir='ltr'><strong>ὡς</strong></span> <span class='ocrx_word' id='word_1_387' title='bbox 3609 2760 3686 2830; x_wconf 81' lang='grc' dir='ltr'>μὴ</span> 
     </span>
    </p>
   </div>
   <div class='ocr_carea' id='block_1_58' title="bbox 2103 2852 3686 2925">
    <p class='ocr_par' dir='ltr' id='par_1_58' title="bbox 2103 2852 3686 2925">
     <span class='ocr_line' id='line_1_58' title="bbox 2103 2852 3686 2925; baseline -0.003 -14"><span class='ocrx_word' id='word_1_388' title='bbox 2103 2855 2255 2922; x_wconf 75' lang='grc' dir='ltr'>ἄξιόν</span> <span class='ocrx_word' id='word_1_389' title='bbox 2277 2873 2330 2910; x_wconf 86' lang='grc' dir='ltr'><strong>τι</strong></span> <span class='ocrx_word' id='word_1_390' title='bbox 2353 2855 2726 2919; x_wconf 82' lang='grc' dir='ltr'>κακοπαθείας</span> <span class='ocrx_word' id='word_1_391' title='bbox 2751 2855 3024 2925; x_wconf 86' lang='grc' dir='ltr'>τοσαύτης</span> <span class='ocrx_word' id='word_1_392' title='bbox 3045 2853 3387 2923; x_wconf 88' lang='grc' dir='ltr'>άποναμένη·</span> <span class='ocrx_word' id='word_1_393' title='bbox 3425 2852 3541 2906; x_wconf 83' lang='grc' dir='ltr'>ἀλλ’</span> <span class='ocrx_word' id='word_1_394' title='bbox 3569 2854 3686 2922; x_wconf 71' lang='grc' dir='ltr'><strong>ἅμα</strong></span> 
     </span>
    </p>
   </div>
   <div class='ocr_carea' id='block_1_59' title="bbox 2103 2940 3684 3016">
    <p class='ocr_par' dir='ltr' id='par_1_59' title="bbox 2103 2940 3684 3016">
     <span class='ocr_line' id='line_1_59' title="bbox 2103 2940 3684 3016; baseline -0.003 -19"><span class='ocrx_word' id='word_1_395' title='bbox 2103 2959 2161 2997; x_wconf 82' lang='grc' dir='ltr'><strong>τε</strong></span> <span class='ocrx_word' id='word_1_396' title='bbox 2193 2943 2465 3016; x_wconf 84' lang='grc' dir='ltr'>προσῆλθε</span> <span class='ocrx_word' id='word_1_397' title='bbox 2497 2943 2576 3016; x_wconf 83' lang='grc' dir='ltr'>τῷ</span> <span class='ocrx_word' id='word_1_398' title='bbox 2607 2942 2819 3013; x_wconf 85' lang='grc' dir='ltr'>δικαίῳ,</span> <span class='ocrx_word' id='word_1_399' title='bbox 2851 2942 2946 2996; x_wconf 76' lang='grc' dir='ltr'><strong>καὶ</strong></span> <span class='ocrx_word' id='word_1_400' title='bbox 2993 2941 3091 3013; x_wconf 79' lang='grc' dir='ltr'><strong>τὴν</strong></span> <span class='ocrx_word' id='word_1_401' title='bbox 3153 2941 3307 2995; x_wconf 89' lang='grc' dir='ltr'>νόσον</span> <span class='ocrx_word' id='word_1_402' title='bbox 3365 2940 3684 3011; x_wconf 78' lang='grc' dir='ltr'>ἐγνώρισεν,</span> 
     </span>
    </p>
   </div>
   <div class='ocr_carea' id='block_1_60' title="bbox 2104 3032 3688 3107">
    <p class='ocr_par' dir='ltr' id='par_1_60' title="bbox 2104 3032 3688 3107">
     <span class='ocr_line' id='line_1_60' title="bbox 2104 3032 3688 3107; baseline -0.002 -18"><span class='ocrx_word' id='word_1_403' title='bbox 2104 3035 2140 3106; x_wconf 69' lang='grc' dir='ltr'><strong>ἦ</strong></span> <span class='ocrx_word' id='word_1_404' title='bbox 2173 3053 2234 3089; x_wconf 71' lang='grc' dir='ltr'><strong>τε</strong></span> <span class='ocrx_word' id='word_1_405' title='bbox 2261 3035 2414 3107; x_wconf 78' lang='grc' dir='ltr'>πηγὴ</span> <span class='ocrx_word' id='word_1_406' title='bbox 2443 3034 2539 3089; x_wconf 84' lang='grc' dir='ltr'>τοῦ</span> <span class='ocrx_word' id='word_1_407' title='bbox 2577 3035 2812 3107; x_wconf 81' lang='grc' dir='ltr'>αἵματος</span> <span class='ocrx_word' id='word_1_408' title='bbox 2837 3033 3020 3105; x_wconf 82' lang='grc' dir='ltr'>ἔληγε,</span> <span class='ocrx_word' id='word_1_409' title='bbox 3049 3034 3144 3087; x_wconf 71' lang='grc' dir='ltr'><strong>καὶ</strong></span> <span class='ocrx_word' id='word_1_410' title='bbox 3173 3035 3207 3105; x_wconf 85' lang='grc' dir='ltr'>ἡ</span> <span class='ocrx_word' id='word_1_411' title='bbox 3235 3033 3373 3104; x_wconf 78' lang='grc' dir='ltr'>γυνὴ</span> <span class='ocrx_word' id='word_1_412' title='bbox 3395 3034 3490 3104; x_wconf 80' lang='grc' dir='ltr'>τῆς</span> <span class='ocrx_word' id='word_1_413' title='bbox 3521 3032 3688 3102; x_wconf 80' lang='grc' dir='ltr'>θεραο</span> 
     </span>
    </p>
   </div>
   <div class='ocr_carea' id='block_1_61' title="bbox 422 3120 2000 3195">
    <p class='ocr_par' dir='ltr' id='par_1_61' title="bbox 422 3120 2000 3191">
     <span class='ocr_line' id='line_1_61' title="bbox 422 3120 2000 3191; baseline -0.003 -13"><span class='ocrx_word' id='word_1_414' title='bbox 422 3124 511 3178; x_wconf 91' lang='lat' dir='ltr'><strong>hic</strong></span> <span class='ocrx_word' id='word_1_415' title='bbox 541 3123 626 3177; x_wconf 90' lang='lat' dir='ltr'><strong>vir</strong></span> <span class='ocrx_word' id='word_1_416' title='bbox 647 3121 889 3185; x_wconf 85' lang='lat' dir='ltr'><strong>divinus,</strong></span> <span class='ocrx_word' id='word_1_417' title='bbox 922 3129 980 3175; x_wconf 89' lang='lat' dir='ltr'><strong>ut</strong></span> <span class='ocrx_word' id='word_1_418' title='bbox 1009 3137 1110 3176; x_wconf 90' lang='lat' dir='ltr'><strong>nec</strong></span> <span class='ocrx_word' id='word_1_419' title='bbox 1134 3131 1282 3176; x_wconf 90' lang='lat' dir='ltr'><strong>tactu</strong></span> <span class='ocrx_word' id='word_1_420' title='bbox 1316 3121 1534 3191; x_wconf 89' lang='lat' dir='ltr'><strong>quidem</strong></span> <span class='ocrx_word' id='word_1_421' title='bbox 1568 3135 1731 3191; x_wconf 69' lang='lat' dir='ltr'><strong>saepe,</strong></span> <span class='ocrx_word' id='word_1_422' title='bbox 1767 3121 1863 3176; x_wconf 90' lang='lat' dir='ltr'><strong>sed</strong></span> <span class='ocrx_word' id='word_1_423' title='bbox 1891 3120 2000 3174; x_wconf 88' lang='lat' dir='ltr'><strong>sola</strong></span> 
     </span>
    </p>
   </div>
   <div class='ocr_carea' id='block_1_62' title="bbox 2102 3120 3690 3195">
    <p class='ocr_par' dir='ltr' id='par_1_62' title="bbox 2108 3123 3690 3195">
     <span class='ocr_line' id='line_1_62' title="bbox 2108 3123 3690 3195; baseline -0.003 -15"><span class='ocrx_word' id='word_1_424' title='bbox 2108 3127 2269 3192; x_wconf 86' lang='grc' dir='ltr'>πείας</span> <span class='ocrx_word' id='word_1_425' title='bbox 2326 3127 2569 3182; x_wconf 85' lang='grc' dir='ltr'>ἀπέλαυε</span> <span class='ocrx_word' id='word_1_426' title='bbox 2649 3125 2904 3189; x_wconf 84' lang='grc' dir='ltr'>Τοιοῦτος</span> <span class='ocrx_word' id='word_1_427' title='bbox 2947 3125 3056 3195; x_wconf 82' lang='grc' dir='ltr'>γὰρ</span> <span class='ocrx_word' id='word_1_428' title='bbox 3108 3127 3136 3178; x_wconf 87' lang='grc' dir='ltr'>ὁ</span> <span class='ocrx_word' id='word_1_429' title='bbox 3179 3124 3322 3188; x_wconf 87' lang='grc' dir='ltr'>θεῖος</span> <span class='ocrx_word' id='word_1_430' title='bbox 3387 3123 3552 3195; x_wconf 83' lang='grc' dir='ltr'>ἀνὴρ,</span> <span class='ocrx_word' id='word_1_431' title='bbox 3612 3123 3690 3186; x_wconf 87' lang='grc' dir='ltr'>ὼς</span> 
     </span>
    </p>
   </div>
   <div class='ocr_carea' id='block_1_63' title="bbox 421 3187 2000 3293">
    <p class='ocr_par' dir='ltr' id='par_1_63' title="bbox 421 3211 2000 3285">
     <span class='ocr_line' id='line_1_63' title="bbox 421 3211 2000 3285; baseline -0.001 -18"><span class='ocrx_word' id='word_1_432' title='bbox 421 3214 734 3285; x_wconf 86' lang='lat' dir='ltr'><strong>precatione</strong></span> <span class='ocrx_word' id='word_1_433' title='bbox 765 3223 822 3268; x_wconf 89' lang='lat' dir='ltr'><strong>et</strong></span> <span class='ocrx_word' id='word_1_434' title='bbox 853 3213 1001 3268; x_wconf 90' lang='lat' dir='ltr'><strong>nudo</strong></span> <span class='ocrx_word' id='word_1_435' title='bbox 1031 3221 1256 3284; x_wconf 89' lang='lat' dir='ltr'><strong>aspectu</strong></span> <span class='ocrx_word' id='word_1_436' title='bbox 1297 3213 1551 3269; x_wconf 90' lang='lat' dir='ltr'><strong>liberaret</strong></span> <span class='ocrx_word' id='word_1_437' title='bbox 1595 3227 1692 3268; x_wconf 91' lang='lat' dir='ltr'><strong>eos</strong></span> <span class='ocrx_word' id='word_1_438' title='bbox 1727 3211 1819 3283; x_wconf 90' lang='lat' dir='ltr'><strong>qui</strong></span> <span class='ocrx_word' id='word_1_439' title='bbox 1845 3227 2000 3268; x_wconf 89' lang='lat' dir='ltr'><strong>acce-</strong></span> 
     </span>
    </p>
   </div>
   <div class='ocr_carea' id='block_1_64' title="bbox 2102 3187 3688 3293">
    <p class='ocr_par' dir='ltr' id='par_1_64' title="bbox 2112 3187 3688 3293">
     <span class='ocr_line' id='line_1_64' title="bbox 2112 3187 3688 3293; baseline -0.003 -18"><span class='ocrx_word' id='word_1_440' title='bbox 2112 3187 2386 3293; x_wconf 30' lang='lat' dir='ltr'><strong>pxqﬁsvazpﬁ</strong></span> <span class='ocrx_word' id='word_1_441' title='bbox 2415 3221 2698 3286; x_wconf 83' lang='grc' dir='ltr'>πολλάκις,</span> <span class='ocrx_word' id='word_1_442' title='bbox 2739 3187 3037 3290; x_wconf 16' lang='grc' dir='ltr'>ἀλλὰήεύῑχῖξ</span> <span class='ocrx_word' id='word_1_443' title='bbox 3063 3220 3202 3292; x_wconf 80' lang='grc' dir='ltr'>μόνῃ</span> <span class='ocrx_word' id='word_1_444' title='bbox 3227 3187 3322 3272; x_wconf 55' lang='grc' dir='ltr'><strong>καί</strong></span> <span class='ocrx_word' id='word_1_445' title='bbox 3348 3187 3688 3289; x_wconf 37' lang='lat' dir='ltr'><strong>adigi-sitp-</strong></span> 
     </span>
    </p>
   </div>
   <div class='ocr_carea' id='block_1_65' title="bbox 421 3305 2006 3376">
    <p class='ocr_par' dir='ltr' id='par_1_65' title="bbox 421 3305 2006 3376">
     <span class='ocr_line' id='line_1_65' title="bbox 421 3305 2006 3376; baseline -0.001 -17"><span class='ocrx_word' id='word_1_446' title='bbox 421 3308 647 3369; x_wconf 88' lang='lat' dir='ltr'><strong>debant,</strong></span> <span class='ocrx_word' id='word_1_447' title='bbox 672 3315 728 3360; x_wconf 91' lang='lat' dir='ltr'><strong>et</strong></span> <span class='ocrx_word' id='word_1_448' title='bbox 751 3307 800 3361; x_wconf 91' lang='lat' dir='ltr'><strong>ei</strong></span> <span class='ocrx_word' id='word_1_449' title='bbox 831 3305 1166 3364; x_wconf 78' lang='lat' dir='ltr'><strong>exhibebant</strong></span> <span class='ocrx_word' id='word_1_450' title='bbox 1206 3306 1510 3376; x_wconf 81' lang='lat' dir='ltr'><strong>negotium.</strong></span> <span class='ocrx_word' id='word_1_451' title='bbox 1545 3305 1754 3360; x_wconf 88' lang='lat' dir='ltr'><strong>Tantus</strong></span> <span class='ocrx_word' id='word_1_452' title='bbox 1781 3305 2006 3375; x_wconf 88' lang='lat' dir='ltr'><strong>quidem</strong></span> 
     </span>
    </p>
   </div>
   <div class='ocr_carea' id='block_1_66' title="bbox 432 3398 2005 3468">
    <p class='ocr_par' dir='ltr' id='par_1_66' title="bbox 432 3398 2005 3468">
     <span class='ocr_line' id='line_1_66' title="bbox 432 3398 2005 3468; baseline 0 -16"><span class='ocrx_word' id='word_1_453' title='bbox 432 3399 536 3454; x_wconf 79' lang='lat' dir='ltr'><strong>fuit</strong></span> <span class='ocrx_word' id='word_1_454' title='bbox 561 3398 872 3453; x_wconf 82' lang='lat' dir='ltr'><strong>Marcianus</strong></span> <span class='ocrx_word' id='word_1_455' title='bbox 912 3399 1209 3454; x_wconf 88' lang='lat' dir='ltr'><strong>miraculis.</strong></span> <span class='ocrx_word' id='word_1_456' title='bbox 1262 3398 1408 3454; x_wconf 87' lang='lat' dir='ltr'><strong>Talis</strong></span> <span class='ocrx_word' id='word_1_457' title='bbox 1440 3407 1623 3453; x_wconf 91' lang='lat' dir='ltr'><strong>autem</strong></span> <span class='ocrx_word' id='word_1_458' title='bbox 1668 3398 1736 3454; x_wconf 91' lang='lat' dir='ltr'><strong>iis</strong></span> <span class='ocrx_word' id='word_1_459' title='bbox 1762 3412 2005 3468; x_wconf 89' lang='lat' dir='ltr'><strong>quoque,</strong></span> 
     </span>
    </p>
   </div>
   <div class='ocr_carea' id='block_1_67' title="bbox 427 3491 2010 3564">
    <p class='ocr_par' dir='ltr' id='par_1_67' title="bbox 427 3491 2010 3564">
     <span class='ocr_line' id='line_1_67' title="bbox 427 3491 2010 3564; baseline -0.002 -18"><span class='ocrx_word' id='word_1_460' title='bbox 427 3509 550 3562; x_wconf 84' lang='lat' dir='ltr'><strong>quae</strong></span> <span class='ocrx_word' id='word_1_461' title='bbox 599 3501 750 3547; x_wconf 84' lang='lat' dir='ltr'><strong>recte</strong></span> <span class='ocrx_word' id='word_1_462' title='bbox 785 3501 842 3547; x_wconf 93' lang='lat' dir='ltr'><strong>et</strong></span> <span class='ocrx_word' id='word_1_463' title='bbox 869 3507 936 3546; x_wconf 82' lang='lat' dir='ltr'><strong>ex</strong></span> <span class='ocrx_word' id='word_1_464' title='bbox 975 3491 1178 3546; x_wconf 90' lang='lat' dir='ltr'><strong>virtute</strong></span> <span class='ocrx_word' id='word_1_465' title='bbox 1218 3500 1368 3564; x_wconf 86' lang='lat' dir='ltr'><strong>gesta</strong></span> <span class='ocrx_word' id='word_1_466' title='bbox 1413 3499 1564 3555; x_wconf 88' lang='lat' dir='ltr'><strong>sunt,</strong></span> <span class='ocrx_word' id='word_1_467' title='bbox 1612 3491 2010 3546; x_wconf 88' lang='lat' dir='ltr'><strong>convenienter</strong></span> 
     </span>
    </p>
   </div>
   <div class='ocr_carea' id='block_1_68' title="bbox 423 3580 2011 3652">
    <p class='ocr_par' dir='ltr' id='par_1_68' title="bbox 423 3580 2011 3652">
     <span class='ocr_line' id='line_1_68' title="bbox 423 3580 2011 3652; baseline -0.001 -17"><span class='ocrx_word' id='word_1_468' title='bbox 423 3581 625 3636; x_wconf 64' lang='lat' dir='ltr'><strong>divinae</strong></span> <span class='ocrx_word' id='word_1_469' title='bbox 673 3581 1050 3652; x_wconf 89' lang='lat' dir='ltr'><strong>promissioni,</strong></span> <span class='ocrx_word' id='word_1_470' title='bbox 1080 3597 1202 3650; x_wconf 76' lang='lat' dir='ltr'><strong>qua:</strong></span> <span class='ocrx_word' id='word_1_471' title='bbox 1242 3581 1414 3637; x_wconf 92' lang='lat' dir='ltr'><strong>dicit:</strong></span> <span class='ocrx_word' id='word_1_472' title='bbox 1445 3580 1550 3635; x_wconf 88' lang='lat' dir='ltr'><strong>Eos</strong></span> <span class='ocrx_word' id='word_1_473' title='bbox 1579 3581 1670 3652; x_wconf 86' lang='lat' dir='ltr'><strong>qui</strong></span> <span class='ocrx_word' id='word_1_474' title='bbox 1702 3596 1782 3634; x_wconf 88' lang='lat' dir='ltr'><strong>me</strong></span> <span class='ocrx_word' id='word_1_475' title='bbox 1805 3580 2011 3651; x_wconf 79' lang='lat' dir='ltr'><strong>gloriﬁ-</strong></span> 
     </span>
    </p>
   </div>
   <div class='ocr_carea' id='block_1_69' title="bbox 423 3672 2009 3744">
    <p class='ocr_par' dir='ltr' id='par_1_69' title="bbox 423 3672 2009 3744">
     <span class='ocr_line' id='line_1_69' title="bbox 423 3672 2009 3744; baseline 0.001 -18"><span class='ocrx_word' id='word_1_476' title='bbox 423 3683 566 3737; x_wconf 86' lang='lat' dir='ltr'><strong>cant,</strong></span> <span class='ocrx_word' id='word_1_477' title='bbox 591 3672 900 3744; x_wconf 81' lang='lat' dir='ltr'><strong>gloriﬁcabo</strong></span> <span class='ocrx_word' id='word_1_478' title='bbox 919 3674 940 3705; x_wconf 79' lang='grc'>⁸</span> <span class='ocrx_word' id='word_1_479' title='bbox 967 3715 982 3730; x_wconf 92' lang='grc'><strong>.</strong></span> <span class='ocrx_word' id='word_1_480' title='bbox 1001 3673 1674 3744; x_wconf 86' lang='lat' dir='ltr'><strong>Cujusintercessionibus</strong></span> <span class='ocrx_word' id='word_1_481' title='bbox 1690 3674 1848 3729; x_wconf 90' lang='lat' dir='ltr'><strong>nobis</strong></span> <span class='ocrx_word' id='word_1_482' title='bbox 1875 3689 2009 3729; x_wconf 91' lang='lat' dir='ltr'><strong>con-</strong></span> 
     </span>
    </p>
   </div>
   <div class='ocr_carea' id='block_1_70' title="bbox 422 3765 2010 3838">
    <p class='ocr_par' dir='ltr' id='par_1_70' title="bbox 422 3765 2010 3838">
     <span class='ocr_line' id='line_1_70' title="bbox 422 3765 2010 3838; baseline 0.003 -22"><span class='ocrx_word' id='word_1_483' title='bbox 422 3765 672 3833; x_wconf 78' lang='lat' dir='ltr'><strong>cedatur,</strong></span> <span class='ocrx_word' id='word_1_484' title='bbox 708 3765 856 3820; x_wconf 87' lang='lat' dir='ltr'><strong>illius</strong></span> <span class='ocrx_word' id='word_1_485' title='bbox 903 3781 1025 3822; x_wconf 86' lang='lat' dir='ltr'><strong>esse</strong></span> <span class='ocrx_word' id='word_1_486' title='bbox 1058 3766 1326 3822; x_wconf 84' lang='lat' dir='ltr'><strong>honorum</strong></span> <span class='ocrx_word' id='word_1_487' title='bbox 1353 3767 1669 3838; x_wconf 81' lang='lat' dir='ltr'><strong>participes,</strong></span> <span class='ocrx_word' id='word_1_488' title='bbox 1705 3767 1760 3820; x_wconf 89' lang='lat' dir='ltr'><strong>in</strong></span> <span class='ocrx_word' id='word_1_489' title='bbox 1791 3765 2010 3822; x_wconf 85' lang='lat' dir='ltr'><strong>Christo</strong></span> 
     </span>
    </p>
   </div>
   <div class='ocr_carea' id='block_1_71' title="bbox 419 3852 2012 3930">
    <p class='ocr_par' dir='ltr' id='par_1_71' title="bbox 419 3852 2012 3930">
     <span class='ocr_line' id='line_1_71' title="bbox 419 3852 2012 3930; baseline 0.004 -24"><span class='ocrx_word' id='word_1_490' title='bbox 419 3852 552 3908; x_wconf 80' lang='lat' dir='ltr'><strong>Jesu</strong></span> <span class='ocrx_word' id='word_1_491' title='bbox 602 3852 829 3909; x_wconf 89' lang='lat' dir='ltr'><strong>Domino</strong></span> <span class='ocrx_word' id='word_1_492' title='bbox 861 3864 1074 3924; x_wconf 90' lang='lat' dir='ltr'><strong>nostro,</strong></span> <span class='ocrx_word' id='word_1_493' title='bbox 1114 3857 1203 3913; x_wconf 91' lang='lat' dir='ltr'><strong>cui</strong></span> <span class='ocrx_word' id='word_1_494' title='bbox 1237 3857 1406 3929; x_wconf 88' lang='lat' dir='ltr'><strong>gloria</strong></span> <span class='ocrx_word' id='word_1_495' title='bbox 1422 3868 1480 3915; x_wconf 90' lang='lat' dir='ltr'><strong>et</strong></span> <span class='ocrx_word' id='word_1_496' title='bbox 1513 3857 1756 3930; x_wconf 81' lang='lat' dir='ltr'><strong>potentia</strong></span> <span class='ocrx_word' id='word_1_497' title='bbox 1789 3873 1936 3912; x_wconf 90' lang='lat' dir='ltr'><strong>nunc</strong></span> <span class='ocrx_word' id='word_1_498' title='bbox 1956 3864 2012 3912; x_wconf 89' lang='lat' dir='ltr'><strong>et</strong></span> 
     </span>
    </p>
   </div>
   <div class='ocr_carea' id='block_1_72' title="bbox 424 3940 1306 4012">
    <p class='ocr_par' dir='ltr' id='par_1_72' title="bbox 424 3940 1306 4012">
     <span class='ocr_line' id='line_1_72' title="bbox 424 3940 1306 4012; baseline 0.009 -18"><span class='ocrx_word' id='word_1_499' title='bbox 424 3940 479 3994; x_wconf 87' lang='lat' dir='ltr'><strong>in</strong></span> <span class='ocrx_word' id='word_1_500' title='bbox 509 3942 706 3997; x_wconf 82' lang='lat' dir='ltr'><strong>saecula</strong></span> <span class='ocrx_word' id='word_1_501' title='bbox 736 3944 1082 4012; x_wconf 67' lang='lat' dir='ltr'><strong>saeculorum,</strong></span> <span class='ocrx_word' id='word_1_502' title='bbox 1113 3947 1306 4005; x_wconf 89' lang='lat' dir='ltr'><strong>Amen.</strong></span> 
     </span>
    </p>
   </div>
   <div class='ocr_carea' id='block_1_73' title="bbox 497 4055 944 4128">
    <p class='ocr_par' dir='ltr' id='par_1_73' title="bbox 497 4055 944 4128">
     <span class='ocr_line' id='line_1_73' title="bbox 497 4055 944 4128; baseline 0.011 -19"><span class='ocrx_word' id='word_1_503' title='bbox 497 4057 518 4087; x_wconf 80' lang='grc'>⁸</span> <span class='ocrx_word' id='word_1_504' title='bbox 551 4055 568 4109; x_wconf 96' lang='lat' dir='ltr'><strong>l</strong></span> <span class='ocrx_word' id='word_1_505' title='bbox 599 4057 733 4128; x_wconf 82' lang='lat' dir='ltr'><strong>Reg.</strong></span> <span class='ocrx_word' id='word_1_506' title='bbox 766 4074 828 4122; x_wconf 87' lang='lat' dir='ltr'><strong>ll,</strong></span> <span class='ocrx_word' id='word_1_507' title='bbox 856 4058 944 4114; x_wconf 78' lang='lat'><strong>50.</strong></span> 
     </span>
    </p>
   </div>
   <div class='ocr_carea' id='block_1_74' title="bbox 2113 3309 3684 3383">
    <p class='ocr_par' dir='ltr' id='par_1_74' title="bbox 2113 3309 3684 3383">
     <span class='ocr_line' id='line_1_74' title="bbox 2113 3309 3684 3383; baseline 0 -19"><span class='ocrx_word' id='word_1_508' title='bbox 2113 3329 2242 3383; x_wconf 90' lang='grc' dir='ltr'>ματι</span> <span class='ocrx_word' id='word_1_509' title='bbox 2289 3313 2416 3375; x_wconf 84' lang='grc' dir='ltr'>τοὺς</span> <span class='ocrx_word' id='word_1_510' title='bbox 2434 3312 2757 3382; x_wconf 88' lang='grc' dir='ltr'>προσιόντας</span> <span class='ocrx_word' id='word_1_511' title='bbox 2787 3311 3145 3366; x_wconf 84' lang='grc' dir='ltr'>ἀπαλλάττων</span> <span class='ocrx_word' id='word_1_512' title='bbox 3167 3312 3276 3364; x_wconf 83' lang='grc' dir='ltr'><strong>τῶν</strong></span> <span class='ocrx_word' id='word_1_513' title='bbox 3302 3309 3684 3382; x_wconf 77' lang='grc' dir='ltr'>ἐνοχλούντων.</span> 
     </span>
    </p>
   </div>
   <div class='ocr_carea' id='block_1_75' title="bbox 2117 3400 3694 3475">
    <p class='ocr_par' dir='ltr' id='par_1_75' title="bbox 2117 3400 3694 3475">
     <span class='ocr_line' id='line_1_75' title="bbox 2117 3400 3694 3475; baseline -0.001 -21"><span class='ocrx_word' id='word_1_514' title='bbox 2117 3401 2386 3466; x_wconf 81' lang='grc' dir='ltr'>Τοσοῦτος</span> <span class='ocrx_word' id='word_1_515' title='bbox 2423 3402 2522 3473; x_wconf 84' lang='grc' dir='ltr'>μὲν</span> <span class='ocrx_word' id='word_1_516' title='bbox 2568 3403 2596 3456; x_wconf 90' lang='grc' dir='ltr'><strong>ό</strong></span> <span class='ocrx_word' id='word_1_517' title='bbox 2639 3402 2960 3475; x_wconf 81' lang='grc' dir='ltr'>Μαρκιανὸς</span> <span class='ocrx_word' id='word_1_518' title='bbox 2993 3405 3105 3466; x_wconf 85' lang='grc' dir='ltr'>τοῖς</span> <span class='ocrx_word' id='word_1_519' title='bbox 3150 3401 3414 3474; x_wconf 88' lang='grc' dir='ltr'>θαύμασι,</span> <span class='ocrx_word' id='word_1_520' title='bbox 3442 3400 3694 3462; x_wconf 82' lang='grc' dir='ltr'>τοσοῦτος</span> 
     </span>
    </p>
   </div>
   <div class='ocr_carea' id='block_1_76' title="bbox 2111 3493 3691 3568">
    <p class='ocr_par' dir='ltr' id='par_1_76' title="bbox 2111 3493 3691 3568">
     <span class='ocr_line' id='line_1_76' title="bbox 2111 3493 3691 3568; baseline 0.001 -22"><span class='ocrx_word' id='word_1_521' title='bbox 2111 3493 2167 3547; x_wconf 68' lang='grc' dir='ltr'>δὲ</span> <span class='ocrx_word' id='word_1_522' title='bbox 2208 3497 2302 3548; x_wconf 76' lang='grc' dir='ltr'><strong>καὶ</strong></span> <span class='ocrx_word' id='word_1_523' title='bbox 2343 3497 2454 3558; x_wconf 87' lang='grc' dir='ltr'>τοῖς</span> <span class='ocrx_word' id='word_1_524' title='bbox 2480 3495 2539 3548; x_wconf 85' lang='grc' dir='ltr'>ὲν</span> <span class='ocrx_word' id='word_1_525' title='bbox 2565 3497 2736 3568; x_wconf 80' lang='grc' dir='ltr'>ἀρετῇ</span> <span class='ocrx_word' id='word_1_526' title='bbox 2776 3495 3186 3568; x_wconf 88' lang='grc' dir='ltr'>κατορθώμασι,</span> <span class='ocrx_word' id='word_1_527' title='bbox 3223 3496 3364 3550; x_wconf 84' lang='grc' dir='ltr'><strong>κατά</strong></span> <span class='ocrx_word' id='word_1_528' title='bbox 3394 3494 3515 3566; x_wconf 84' lang='grc' dir='ltr'>τὴν,</span> <span class='ocrx_word' id='word_1_529' title='bbox 3544 3493 3691 3559; x_wconf 82' lang='grc' dir='ltr'>Τοὺς</span> 
     </span>
    </p>
   </div>
   <div class='ocr_carea' id='block_1_77' title="bbox 2111 3577 3695 3656">
    <p class='ocr_par' dir='ltr' id='par_1_77' title="bbox 2111 3577 3695 3656">
     <span class='ocr_line' id='line_1_77' title="bbox 2111 3577 3695 3656; baseline 0.001 -19"><span class='ocrx_word' id='word_1_530' title='bbox 2111 3581 2474 3652; x_wconf 75' lang='grc' dir='ltr'>δοξάζον-τάς</span> <span class='ocrx_word' id='word_1_531' title='bbox 2515 3603 2592 3656; x_wconf 87' lang='grc' dir='ltr'><strong>με</strong></span> <span class='ocrx_word' id='word_1_532' title='bbox 2621 3584 2882 3654; x_wconf 81' lang='grc' dir='ltr'>δοξάσω,</span> <span class='ocrx_word' id='word_1_533' title='bbox 2905 3586 3156 3654; x_wconf 87' lang='grc' dir='ltr'>θεολόγον</span> <span class='ocrx_word' id='word_1_534' title='bbox 3211 3586 3566 3656; x_wconf 76' lang='grc' dir='ltr'>ἐπαγγελίαν.</span> <span class='ocrx_word' id='word_1_535' title='bbox 3619 3577 3695 3638; x_wconf 78' lang='grc' dir='ltr'>Οὗ</span> 
     </span>
    </p>
   </div>
   <div class='ocr_carea' id='block_1_78' title="bbox 2117 3676 3693 3751">
    <p class='ocr_par' dir='ltr' id='par_1_78' title="bbox 2117 3676 3693 3751">
     <span class='ocr_line' id='line_1_78' title="bbox 2117 3676 3693 3751; baseline 0.003 -24"><span class='ocrx_word' id='word_1_536' title='bbox 2117 3676 2211 3728; x_wconf 77' lang='grc' dir='ltr'>καὶ</span> <span class='ocrx_word' id='word_1_537' title='bbox 2283 3678 2432 3748; x_wconf 81' lang='grc' dir='ltr'>ἡμᾶς</span> <span class='ocrx_word' id='word_1_538' title='bbox 2499 3677 2710 3746; x_wconf 89' lang='grc' dir='ltr'>γένοιτο</span> <span class='ocrx_word' id='word_1_539' title='bbox 2738 3681 2856 3744; x_wconf 84' lang='grc' dir='ltr'>ταῖς</span> <span class='ocrx_word' id='word_1_540' title='bbox 2929 3679 3253 3751; x_wconf 77' lang='grc' dir='ltr'>πρεσϐείαις</span> <span class='ocrx_word' id='word_1_541' title='bbox 3310 3679 3420 3732; x_wconf 88' lang='grc' dir='ltr'><strong>τῶν</strong></span> <span class='ocrx_word' id='word_1_542' title='bbox 3485 3678 3693 3731; x_wconf 75' lang='grc' dir='ltr'>ἐκείνου</span> 
     </span>
    </p>
   </div>
   <div class='ocr_carea' id='block_1_79' title="bbox 2121 3769 3696 3843">
    <p class='ocr_par' dir='ltr' id='par_1_79' title="bbox 2121 3769 3696 3843">
     <span class='ocr_line' id='line_1_79' title="bbox 2121 3769 3696 3843; baseline 0.003 -24"><span class='ocrx_word' id='word_1_543' title='bbox 2121 3770 2529 3838; x_wconf 84' lang='grc' dir='ltr'>συμμετασχεῖν</span> <span class='ocrx_word' id='word_1_544' title='bbox 2553 3769 2792 3838; x_wconf 83' lang='grc' dir='ltr'>ἀγαθῶν,</span> <span class='ocrx_word' id='word_1_545' title='bbox 2829 3772 2887 3824; x_wconf 83' lang='grc' dir='ltr'><strong>ὲν</strong></span> <span class='ocrx_word' id='word_1_546' title='bbox 2909 3771 3133 3843; x_wconf 82' lang='grc' dir='ltr'>Χριστῷ</span> <span class='ocrx_word' id='word_1_547' title='bbox 3181 3770 3362 3842; x_wconf 81' lang='grc' dir='ltr'>,Ἰησοῦ</span> <span class='ocrx_word' id='word_1_548' title='bbox 3402 3769 3481 3840; x_wconf 86' lang='grc' dir='ltr'>τῷ</span> <span class='ocrx_word' id='word_1_549' title='bbox 3509 3771 3696 3841; x_wconf 84' lang='grc' dir='ltr'>Κυρίῳ</span> 
     </span>
    </p>
   </div>
   <div class='ocr_carea' id='block_1_80' title="bbox 2120 3853 3699 3936">
    <p class='ocr_par' dir='ltr' id='par_1_80' title="bbox 2120 3853 3699 3936">
     <span class='ocr_line' id='line_1_80' title="bbox 2120 3853 3699 3936; baseline 0.003 -25"><span class='ocrx_word' id='word_1_550' title='bbox 2120 3859 2301 3930; x_wconf 80' lang='grc' dir='ltr'>ἡμῶν,</span> <span class='ocrx_word' id='word_1_551' title='bbox 2329 3853 2430 3932; x_wconf 84' lang='grc' dir='ltr'><strong>ᾦή</strong></span> <span class='ocrx_word' id='word_1_552' title='bbox 2463 3861 2591 3928; x_wconf 79' lang='grc' dir='ltr'>δόξα</span> <span class='ocrx_word' id='word_1_553' title='bbox 2623 3863 2719 3917; x_wconf 81' lang='grc' dir='ltr'>καὶ</span> <span class='ocrx_word' id='word_1_554' title='bbox 2746 3863 2806 3917; x_wconf 84' lang='grc' dir='ltr'><strong>τὸ</strong></span> <span class='ocrx_word' id='word_1_555' title='bbox 2842 3864 3045 3936; x_wconf 88' lang='grc' dir='ltr'>κράτος</span> <span class='ocrx_word' id='word_1_556' title='bbox 3079 3863 3175 3917; x_wconf 80' lang='grc' dir='ltr'>νῦν</span> <span class='ocrx_word' id='word_1_557' title='bbox 3206 3865 3302 3917; x_wconf 70' lang='grc' dir='ltr'><strong>καὶ</strong></span> <span class='ocrx_word' id='word_1_558' title='bbox 3334 3865 3423 3919; x_wconf 77' lang='grc' dir='ltr'>ἀεὶ</span> <span class='ocrx_word' id='word_1_559' title='bbox 3463 3866 3558 3917; x_wconf 80' lang='grc' dir='ltr'><strong>καὶ</strong></span> <span class='ocrx_word' id='word_1_560' title='bbox 3619 3867 3699 3926; x_wconf 78' lang='grc' dir='ltr'><strong>εἰς</strong></span> 
     </span>
    </p>
   </div>
   <div class='ocr_carea' id='block_1_81' title="bbox 2120 3951 3130 4027">
    <p class='ocr_par' dir='ltr' id='par_1_81' title="bbox 2120 3951 3130 4027">
     <span class='ocr_line' id='line_1_81' title="bbox 2120 3951 3130 4027; baseline 0.002 -19"><span class='ocrx_word' id='word_1_561' title='bbox 2120 3951 2248 4014; x_wconf 75' lang='grc' dir='ltr'>τοὺς</span> <span class='ocrx_word' id='word_1_562' title='bbox 2276 3951 2480 4018; x_wconf 74' lang='grc' dir='ltr'>αἰῶνας</span> <span class='ocrx_word' id='word_1_563' title='bbox 2507 3952 2615 4008; x_wconf 89' lang='grc' dir='ltr'><strong>τῶν</strong></span> <span class='ocrx_word' id='word_1_564' title='bbox 2649 3954 2882 4012; x_wconf 69' lang='grc' dir='ltr'>αἰώνων.</span> <span class='ocrx_word' id='word_1_565' title='bbox 2938 3956 3130 4027; x_wconf 84' lang='grc' dir='ltr'>Ἀμήν.</span> 
     </span>
    </p>
   </div>
   <div class='ocr_carea' id='block_1_82' title="bbox 2319 4141 2331 4174">
    <p class='ocr_par' dir='ltr' id='par_1_82' title="bbox 2319 4141 2331 4174">
     <span class='ocr_line' id='line_1_82' title="bbox 2319 4141 2331 4174; baseline 0 0"><span class='ocrx_word' id='word_1_566' title='bbox 2319 4141 2331 4174; x_wconf 70' lang='grc' dir='ltr'><strong><em>Ι</em></strong></span> 
     </span>
    </p>
   </div>
   <div class='ocr_carea' id='block_1_83' title="bbox 444 4219 3696 4253">
    <p class='ocr_par' dir='ltr' id='par_1_83' title="bbox 444 4219 3696 4253">
     <span class='ocr_line' id='line_1_83' title="bbox 444 4219 3696 4253; baseline 0 -3"><span class='ocrx_word' id='word_1_567' title='bbox 444 4219 3696 4253; x_wconf 56' lang='lat' dir='ltr'><em>W</em></span> 
     </span>
    </p>
   </div>
   <div class='ocr_carea' id='block_1_84' title="bbox 1029 4383 3106 4485">
    <p class='ocr_par' dir='ltr' id='par_1_84' title="bbox 1029 4383 3106 4485">
     <span class='ocr_line' id='line_1_84' title="bbox 1029 4383 3106 4485; baseline -0 -4"><span class='ocrx_word' id='word_1_568' title='bbox 1029 4393 1178 4481; x_wconf 86' lang='lat' dir='ltr'><strong>DE</strong></span> <span class='ocrx_word' id='word_1_569' title='bbox 1251 4392 1345 4482; x_wconf 94' lang='lat' dir='ltr'><strong>S.</strong></span> <span class='ocrx_word' id='word_1_570' title='bbox 1425 4389 2138 4485; x_wconf 88' lang='lat' dir='ltr'><strong>THEODOSIO</strong></span> <span class='ocrx_word' id='word_1_571' title='bbox 2213 4383 3106 4484; x_wconf 82' lang='lat' dir='ltr'><strong>C(ENOBIARCHA</strong></span> 
     </span>
    </p>
   </div>
   <div class='ocr_carea' id='block_1_85' title="bbox 1506 4577 2634 4628">
    <p class='ocr_par' dir='ltr' id='par_1_85' title="bbox 1506 4577 2634 4628">
     <span class='ocr_line' id='line_1_85' title="bbox 1506 4577 2634 4628; baseline 0.002 -2"><span class='ocrx_word' id='word_1_572' title='bbox 1506 4579 1712 4627; x_wconf 75' lang='lat' dir='ltr'><strong>JUXTA</strong></span> <span class='ocrx_word' id='word_1_573' title='bbox 1749 4577 2248 4624; x_wconf 73' lang='lat' dir='ltr'><strong>HIEROSOLYMAM</strong></span> <span class='ocrx_word' id='word_1_574' title='bbox 2291 4579 2356 4626; x_wconf 86' lang='lat' dir='ltr'><strong>IN</strong></span> <span class='ocrx_word' id='word_1_575' title='bbox 2395 4580 2634 4628; x_wconf 73' lang='lat' dir='ltr'><strong>JUDIEA.</strong></span> 
     </span>
    </p>
   </div>
   <div class='ocr_carea' id='block_1_86' title="bbox 1614 4709 2539 4776">
    <p class='ocr_par' dir='ltr' id='par_1_86' title="bbox 1614 4709 2539 4776">
     <span class='ocr_line' id='line_1_86' title="bbox 1614 4709 2539 4776; baseline 0 -13"><span class='ocrx_word' id='word_1_576' title='bbox 1614 4713 1780 4776; x_wconf 76' lang='lat' dir='ltr'><strong>(Anno</strong></span> <span class='ocrx_word' id='word_1_577' title='bbox 1802 4710 1894 4762; x_wconf 75' lang='lat'><strong>529</strong></span> <span class='ocrx_word' id='word_1_578' title='bbox 1913 4711 2047 4773; x_wconf 87' lang='lat' dir='ltr'><strong>apud</strong></span> <span class='ocrx_word' id='word_1_579' title='bbox 2071 4709 2294 4761; x_wconf 89' lang='lat' dir='ltr'><strong>Bolland.</strong></span> <span class='ocrx_word' id='word_1_580' title='bbox 2318 4711 2368 4761; x_wconf 84' lang='grc'><strong>11</strong></span> <span class='ocrx_word' id='word_1_581' title='bbox 2404 4711 2539 4768; x_wconf 75' lang='lat' dir='ltr'><strong>Jan.)</strong></span> 
     </span>
    </p>
   </div>
   <div class='ocr_carea' id='block_1_87' title="bbox 632 5023 1834 5100">
    <p class='ocr_par' dir='ltr' id='par_1_87' title="bbox 632 5023 1834 5100">
     <span class='ocr_line' id='line_1_87' title="bbox 632 5023 1834 5100; baseline -0.002 -20"><span class='ocrx_word' id='word_1_582' title='bbox 632 5023 727 5100; x_wconf 62' lang='lat' dir='ltr'><strong>sl.</strong></span> <span class='ocrx_word' id='word_1_583' title='bbox 752 5025 814 5084; x_wconf 91' lang='lat' dir='ltr'><strong>S.</strong></span> <span class='ocrx_word' id='word_1_584' title='bbox 843 5023 1124 5082; x_wconf 79' lang='lat' dir='ltr'><strong>Theodosii</strong></span> <span class='ocrx_word' id='word_1_585' title='bbox 1155 5025 1374 5091; x_wconf 81' lang='lat' dir='ltr'><strong>natalis,</strong></span> <span class='ocrx_word' id='word_1_586' title='bbox 1411 5024 1553 5079; x_wconf 84' lang='lat' dir='ltr'><strong>sacri</strong></span> <span class='ocrx_word' id='word_1_587' title='bbox 1588 5025 1834 5079; x_wconf 78' lang='lat' dir='ltr'><strong>honores.</strong></span> 
     </span>
    </p>
   </div>
   <div class='ocr_carea' id='block_1_88' title="bbox 507 5173 2023 5243">
    <p class='ocr_par' dir='ltr' id='par_1_88' title="bbox 507 5173 2023 5243">
     <span class='ocr_line' id='line_1_88' title="bbox 507 5173 2023 5243; baseline -0.003 -11"><span class='ocrx_word' id='word_1_588' title='bbox 507 5176 754 5243; x_wconf 88' lang='lat' dir='ltr'><strong>Quatuor</strong></span> <span class='ocrx_word' id='word_1_589' title='bbox 774 5190 882 5232; x_wconf 89' lang='lat' dir='ltr'><strong>uno</strong></span> <span class='ocrx_word' id='word_1_590' title='bbox 911 5175 1107 5232; x_wconf 66' lang='lat' dir='ltr'><strong>saeculo</strong></span> <span class='ocrx_word' id='word_1_591' title='bbox 1146 5175 1442 5232; x_wconf 86' lang='lat' dir='ltr'><strong>Ecclesiam</strong></span> <span class='ocrx_word' id='word_1_592' title='bbox 1477 5176 1820 5230; x_wconf 89' lang='lat' dir='ltr'><strong>illustravere</strong></span> <span class='ocrx_word' id='word_1_593' title='bbox 1841 5173 2023 5229; x_wconf 88' lang='lat' dir='ltr'><strong>Theo-</strong></span> 
     </span>
    </p>
   </div>
   <div class='ocr_carea' id='block_1_89' title="bbox 436 5267 3816 5345">
    <p class='ocr_par' dir='ltr' id='par_1_89' title="bbox 436 5267 3816 5345">
     <span class='ocr_line' id='line_1_89' title="bbox 436 5267 3816 5345; baseline 0.003 -20"><span class='ocrx_word' id='word_1_594' title='bbox 436 5270 599 5336; x_wconf 84' lang='lat' dir='ltr'><strong>dosii,</strong></span> <span class='ocrx_word' id='word_1_595' title='bbox 654 5269 1013 5338; x_wconf 82' lang='lat' dir='ltr'><strong>imperatores</strong></span> <span class='ocrx_word' id='word_1_596' title='bbox 1065 5269 1194 5333; x_wconf 93' lang='lat' dir='ltr'><strong>duo,</strong></span> <span class='ocrx_word' id='word_1_597' title='bbox 1251 5269 1358 5322; x_wconf 90' lang='lat' dir='ltr'><strong>duo</strong></span> <span class='ocrx_word' id='word_1_598' title='bbox 1399 5267 1883 5335; x_wconf 60' lang='lat' dir='ltr'><strong>archimandrita;</strong></span> <span class='ocrx_word' id='word_1_599' title='bbox 1949 5267 2024 5322; x_wconf 89' lang='lat' dir='ltr'><strong>illi</strong></span> <span class='ocrx_word' id='word_1_600' title='bbox 2129 5273 2218 5328; x_wconf 89' lang='lat' dir='ltr'><strong>hic</strong></span> <span class='ocrx_word' id='word_1_601' title='bbox 2250 5274 2375 5340; x_wconf 82' lang='lat' dir='ltr'><strong>fuit,</strong></span> <span class='ocrx_word' id='word_1_602' title='bbox 2425 5275 2632 5344; x_wconf 87' lang='lat' dir='ltr'><strong>aliquot</strong></span> <span class='ocrx_word' id='word_1_603' title='bbox 2665 5285 2790 5345; x_wconf 88' lang='lat' dir='ltr'><strong>post</strong></span> <span class='ocrx_word' id='word_1_604' title='bbox 2839 5275 3066 5332; x_wconf 88' lang='lat' dir='ltr'><strong>alterius</strong></span> <span class='ocrx_word' id='word_1_605' title='bbox 3098 5278 3303 5332; x_wconf 90' lang='lat' dir='ltr'><strong>obitum</strong></span> <span class='ocrx_word' id='word_1_606' title='bbox 3353 5279 3510 5332; x_wconf 90' lang='lat' dir='ltr'><strong>annis</strong></span> <span class='ocrx_word' id='word_1_607' title='bbox 3534 5286 3714 5342; x_wconf 87' lang='lat' dir='ltr'><strong>natus,</strong></span> <span class='ocrx_word' id='word_1_608' title='bbox 3805 5322 3816 5336; x_wconf 54' lang='grc' dir='ltr'><strong>κ</strong></span> 
     </span>
    </p>
   </div>
   <div class='ocr_carea' id='block_1_90' title="bbox 438 5361 2024 5436">
    <p class='ocr_par' dir='ltr' id='par_1_90' title="bbox 438 5361 2024 5436">
     <span class='ocr_line' id='line_1_90' title="bbox 438 5361 2024 5436; baseline 0.002 -22"><span class='ocrx_word' id='word_1_609' title='bbox 438 5362 748 5432; x_wconf 87' lang='lat' dir='ltr'><strong>prudentia,</strong></span> <span class='ocrx_word' id='word_1_610' title='bbox 782 5362 1003 5436; x_wconf 84' lang='lat' dir='ltr'><strong>pietate,</strong></span> <span class='ocrx_word' id='word_1_611' title='bbox 1033 5361 1314 5416; x_wconf 72' lang='lat' dir='ltr'><strong>catholica:</strong></span> <span class='ocrx_word' id='word_1_612' title='bbox 1356 5361 1538 5416; x_wconf 87' lang='lat' dir='ltr'><strong>studio</strong></span> <span class='ocrx_word' id='word_1_613' title='bbox 1587 5361 1865 5432; x_wconf 84' lang='lat' dir='ltr'><strong>religionis</strong></span> <span class='ocrx_word' id='word_1_614' title='bbox 1887 5401 1902 5427; x_wconf 95' lang='lat'><strong>,</strong></span> <span class='ocrx_word' id='word_1_615' title='bbox 1933 5375 2024 5416; x_wconf 86' lang='lat' dir='ltr'><strong>se-</strong></span> 
     </span>
    </p>
   </div>
   <div class='ocr_carea' id='block_1_91' title="bbox 440 5455 2021 5520">
    <p class='ocr_par' dir='ltr' id='par_1_91' title="bbox 440 5455 2021 5520">
     <span class='ocr_line' id='line_1_91' title="bbox 440 5455 2021 5520; baseline -0.002 -12"><span class='ocrx_word' id='word_1_616' title='bbox 440 5458 562 5510; x_wconf 87' lang='lat' dir='ltr'><strong>nior</strong></span> <span class='ocrx_word' id='word_1_617' title='bbox 607 5456 774 5510; x_wconf 91' lang='lat' dir='ltr'><strong>etiam</strong></span> <span class='ocrx_word' id='word_1_618' title='bbox 827 5455 1024 5511; x_wconf 90' lang='lat' dir='ltr'><strong>bellica</strong></span> <span class='ocrx_word' id='word_1_619' title='bbox 1083 5455 1326 5519; x_wconf 90' lang='lat' dir='ltr'><strong>virtute;</strong></span> <span class='ocrx_word' id='word_1_620' title='bbox 1373 5455 1424 5509; x_wconf 92' lang='lat' dir='ltr'><strong>hi</strong></span> <span class='ocrx_word' id='word_1_621' title='bbox 1477 5455 1602 5510; x_wconf 72' lang='lat' dir='ltr'><strong>vita:</strong></span> <span class='ocrx_word' id='word_1_622' title='bbox 1639 5455 2021 5520; x_wconf 80' lang='lat' dir='ltr'><strong>sanctimonia,</strong></span> 
     </span>
    </p>
   </div>
   <div class='ocr_carea' id='block_1_92' title="bbox 2060 4997 3712 5068">
    <p class='ocr_par' dir='ltr' id='par_1_92' title="bbox 2060 4997 3712 5068">
     <span class='ocr_line' id='line_1_92' title="bbox 2060 4997 3712 5068; baseline -0.001 -14"><span class='ocrx_word' id='word_1_623' title='bbox 2060 5015 2103 5068; x_wconf 82' lang='grc' dir='ltr'><strong>ι)</strong></span> <span class='ocrx_word' id='word_1_624' title='bbox 2133 4999 2322 5055; x_wconf 88' lang='lat' dir='ltr'><strong>Cilicia</strong></span> <span class='ocrx_word' id='word_1_625' title='bbox 2350 4999 2586 5063; x_wconf 84' lang='lat' dir='ltr'><strong>celebre,</strong></span> <span class='ocrx_word' id='word_1_626' title='bbox 2606 4997 2770 5054; x_wconf 87' lang='lat' dir='ltr'><strong>etiam</strong></span> <span class='ocrx_word' id='word_1_627' title='bbox 2801 4997 2941 5067; x_wconf 87' lang='lat' dir='ltr'><strong>apud</strong></span> <span class='ocrx_word' id='word_1_628' title='bbox 2971 5006 3241 5067; x_wconf 88' lang='lat' dir='ltr'><strong>posteros.</strong></span> <span class='ocrx_word' id='word_1_629' title='bbox 3291 4999 3621 5064; x_wconf 73' lang='lat' dir='ltr'><strong>ctenobium,</strong></span> <span class='ocrx_word' id='word_1_630' title='bbox 3658 5002 3712 5054; x_wconf 91' lang='lat' dir='ltr'><strong>in</strong></span> 
     </span>
    </p>
   </div>
   <div class='ocr_carea' id='block_1_93' title="bbox 2132 5089 3712 5162">
    <p class='ocr_par' dir='ltr' id='par_1_93' title="bbox 2132 5089 3712 5162">
     <span class='ocr_line' id='line_1_93' title="bbox 2132 5089 3712 5162; baseline -0.001 -17"><span class='ocrx_word' id='word_1_631' title='bbox 2132 5090 2371 5162; x_wconf 87' lang='lat' dir='ltr'><strong>Scopulo</strong></span> <span class='ocrx_word' id='word_1_632' title='bbox 2416 5089 2748 5160; x_wconf 88' lang='lat' dir='ltr'><strong>appellatum</strong></span> <span class='ocrx_word' id='word_1_633' title='bbox 2785 5103 2801 5144; x_wconf 88' lang='lat'><strong>:</strong></span> <span class='ocrx_word' id='word_1_634' title='bbox 2839 5089 2928 5144; x_wconf 90' lang='lat' dir='ltr'><strong>hic</strong></span> <span class='ocrx_word' id='word_1_635' title='bbox 2960 5089 3254 5160; x_wconf 82' lang='lat' dir='ltr'><strong>Cappadox</strong></span> <span class='ocrx_word' id='word_1_636' title='bbox 3317 5092 3370 5145; x_wconf 92' lang='lat' dir='ltr'><strong>in</strong></span> <span class='ocrx_word' id='word_1_637' title='bbox 3427 5091 3712 5147; x_wconf 57' lang='lat' dir='ltr'><strong>Palestina</strong></span> 
     </span>
    </p>
   </div>
   <div class='ocr_carea' id='block_1_94' title="bbox 2131 5183 3715 5255">
    <p class='ocr_par' dir='ltr' id='par_1_94' title="bbox 2131 5183 3715 5255">
     <span class='ocr_line' id='line_1_94' title="bbox 2131 5183 3715 5255; baseline 0 -19"><span class='ocrx_word' id='word_1_638' title='bbox 2131 5183 2522 5241; x_wconf 83' lang='lat' dir='ltr'><strong>monasterium</strong></span> <span class='ocrx_word' id='word_1_639' title='bbox 2547 5183 2880 5248; x_wconf 81' lang='lat' dir='ltr'><strong>construxit,</strong></span> <span class='ocrx_word' id='word_1_640' title='bbox 2904 5183 2972 5239; x_wconf 90' lang='lat' dir='ltr'><strong>de</strong></span> <span class='ocrx_word' id='word_1_641' title='bbox 3000 5198 3109 5254; x_wconf 88' lang='lat' dir='ltr'><strong>quo</strong></span> <span class='ocrx_word' id='word_1_642' title='bbox 3133 5193 3255 5254; x_wconf 90' lang='lat' dir='ltr'><strong>post</strong></span> <span class='ocrx_word' id='word_1_643' title='bbox 3297 5184 3455 5255; x_wconf 90' lang='lat' dir='ltr'><strong>paulo</strong></span> <span class='ocrx_word' id='word_1_644' title='bbox 3487 5199 3504 5238; x_wconf 89' lang='lat'><strong>:</strong></span> <span class='ocrx_word' id='word_1_645' title='bbox 3529 5184 3715 5254; x_wconf 85' lang='lat' dir='ltr'><strong>junior</strong></span> 
     </span>
    </p>
   </div>
   <div class='ocr_carea' id='block_1_95' title="bbox 2128 5367 3714 5440">
    <p class='ocr_par' dir='ltr' id='par_1_95' title="bbox 2128 5367 3714 5440">
     <span class='ocr_line' id='line_1_95' title="bbox 2128 5367 3714 5440; baseline -0.001 -19"><span class='ocrx_word' id='word_1_646' title='bbox 2128 5376 2188 5421; x_wconf 92' lang='lat' dir='ltr'><strong>ut</strong></span> <span class='ocrx_word' id='word_1_647' title='bbox 2219 5367 2311 5436; x_wconf 92' lang='lat' dir='ltr'><strong>qui</strong></span> <span class='ocrx_word' id='word_1_648' title='bbox 2349 5381 2560 5420; x_wconf 89' lang='lat' dir='ltr'><strong>sacram</strong></span> <span class='ocrx_word' id='word_1_649' title='bbox 2597 5367 2796 5438; x_wconf 89' lang='lat' dir='ltr'><strong>popqu</strong></span> <span class='ocrx_word' id='word_1_650' title='bbox 2858 5368 3194 5437; x_wconf 87' lang='lat' dir='ltr'><strong>Scripturam</strong></span> <span class='ocrx_word' id='word_1_651' title='bbox 3240 5370 3556 5440; x_wconf 83' lang='lat' dir='ltr'><strong>explicaret,</strong></span> <span class='ocrx_word' id='word_1_652' title='bbox 3591 5385 3714 5424; x_wconf 86' lang='lat' dir='ltr'><strong>cum</strong></span> 
     </span>
    </p>
   </div>
   <div class='ocr_carea' id='block_1_96' title="bbox 2129 5456 3715 5528">
    <p class='ocr_par' dir='ltr' id='par_1_96' title="bbox 2129 5456 3715 5528">
     <span class='ocr_line' id='line_1_96' title="bbox 2129 5456 3715 5528; baseline 0.001 -16"><span class='ocrx_word' id='word_1_653' title='bbox 2129 5457 2467 5513; x_wconf 85' lang='lat' dir='ltr'><strong>Theodosius</strong></span> <span class='ocrx_word' id='word_1_654' title='bbox 2517 5456 2556 5512; x_wconf 94' lang='lat' dir='ltr'><strong>ll</strong></span> <span class='ocrx_word' id='word_1_655' title='bbox 2613 5458 2910 5528; x_wconf 87' lang='lat' dir='ltr'><strong>imperator</strong></span> <span class='ocrx_word' id='word_1_656' title='bbox 2954 5476 2984 5514; x_wconf 90' lang='lat' dir='ltr'><strong>c</strong></span> <span class='ocrx_word' id='word_1_657' title='bbox 3020 5461 3156 5514; x_wconf 85' lang='lat' dir='ltr'><strong>vivis</strong></span> <span class='ocrx_word' id='word_1_658' title='bbox 3192 5461 3427 5516; x_wconf 86' lang='lat' dir='ltr'><strong>excessit</strong></span> <span class='ocrx_word' id='word_1_659' title='bbox 3469 5477 3556 5516; x_wconf 89' lang='lat' dir='ltr'><strong>an.</strong></span> <span class='ocrx_word' id='word_1_660' title='bbox 3587 5461 3715 5515; x_wconf 66' lang='grc'><strong>450.</strong></span> 
     </span>
    </p>
   </div>
   <div class='ocr_carea' id='block_1_97' title="bbox 441 5545 3719 5624">
    <p class='ocr_par' dir='ltr' id='par_1_97' title="bbox 441 5545 3719 5624">
     <span class='ocr_line' id='line_1_97' title="bbox 441 5545 3719 5624; baseline 0.003 -27"><span class='ocrx_word' id='word_1_661' title='bbox 441 5545 726 5614; x_wconf 84' lang='lat' dir='ltr'><strong>gloriaque</strong></span> <span class='ocrx_word' id='word_1_662' title='bbox 781 5547 1194 5602; x_wconf 87' lang='lat' dir='ltr'><strong>miraculorum.</strong></span> <span class='ocrx_word' id='word_1_663' title='bbox 1263 5546 1467 5601; x_wconf 85' lang='lat' dir='ltr'><strong>Horum</strong></span> <span class='ocrx_word' id='word_1_664' title='bbox 1535 5545 1754 5617; x_wconf 91' lang='lat' dir='ltr'><strong>utrique</strong></span> <span class='ocrx_word' id='word_1_665' title='bbox 1808 5545 2023 5616; x_wconf 83' lang='lat' dir='ltr'><strong>publica</strong></span> <span class='ocrx_word' id='word_1_666' title='bbox 2132 5549 2315 5619; x_wconf 85' lang='lat' dir='ltr'><strong>Longe</strong></span> <span class='ocrx_word' id='word_1_667' title='bbox 2344 5551 2482 5604; x_wconf 86' lang='lat' dir='ltr'><strong>alius</strong></span> <span class='ocrx_word' id='word_1_668' title='bbox 2511 5551 2578 5605; x_wconf 91' lang='lat' dir='ltr'><strong>ab</strong></span> <span class='ocrx_word' id='word_1_669' title='bbox 2609 5552 2696 5606; x_wconf 91' lang='lat' dir='ltr'><strong>his</strong></span> <span class='ocrx_word' id='word_1_670' title='bbox 2725 5550 3062 5608; x_wconf 89' lang='lat' dir='ltr'><strong>Theodosius</strong></span> <span class='ocrx_word' id='word_1_671' title='bbox 3095 5568 3160 5607; x_wconf 85' lang='lat' dir='ltr'><strong>ex</strong></span> <span class='ocrx_word' id='word_1_672' title='bbox 3193 5556 3459 5609; x_wconf 90' lang='lat' dir='ltr'><strong>monacho</strong></span> <span class='ocrx_word' id='word_1_673' title='bbox 3489 5553 3719 5624; x_wconf 89' lang='lat' dir='ltr'><strong>pseudo-</strong></span> 
     </span>
    </p>
   </div>
   <div class='ocr_carea' id='block_1_98' title="bbox 443 5637 2024 5709">
    <p class='ocr_par' dir='ltr' id='par_1_98' title="bbox 443 5637 2024 5709">
     <span class='ocr_line' id='line_1_98' title="bbox 443 5637 2024 5709; baseline 0.003 -22"><span class='ocrx_word' id='word_1_674' title='bbox 443 5637 655 5690; x_wconf 82' lang='lat' dir='ltr'><strong>decreta</strong></span> <span class='ocrx_word' id='word_1_675' title='bbox 681 5652 790 5692; x_wconf 91' lang='lat' dir='ltr'><strong>uno</strong></span> <span class='ocrx_word' id='word_1_676' title='bbox 814 5639 1112 5709; x_wconf 85' lang='lat' dir='ltr'><strong>eodemque</strong></span> <span class='ocrx_word' id='word_1_677' title='bbox 1163 5639 1250 5695; x_wconf 91' lang='lat' dir='ltr'><strong>die</strong></span> <span class='ocrx_word' id='word_1_678' title='bbox 1287 5655 1570 5695; x_wconf 87' lang='lat' dir='ltr'><strong>sacrorum</strong></span> <span class='ocrx_word' id='word_1_679' title='bbox 1619 5640 1897 5695; x_wconf 87' lang='lat' dir='ltr'><strong>veneratio</strong></span> <span class='ocrx_word' id='word_1_680' title='bbox 1919 5648 2024 5703; x_wconf 88' lang='lat' dir='ltr'><strong>est,</strong></span> 
     </span>
    </p>
   </div>
   <div class='ocr_carea' id='block_1_99' title="bbox 2134 5639 3721 5716">
    <p class='ocr_par' dir='ltr' id='par_1_99' title="bbox 2134 5639 3721 5716">
     <span class='ocr_line' id='line_1_99' title="bbox 2134 5639 3721 5716; baseline -0.001 -19"><span class='ocrx_word' id='word_1_681' title='bbox 2134 5644 2423 5711; x_wconf 89' lang='lat' dir='ltr'><strong>episcopus</strong></span> <span class='ocrx_word' id='word_1_682' title='bbox 2458 5639 2984 5713; x_wconf 82' lang='lat' dir='ltr'><strong>Hierosolymitanus</strong></span> <span class='ocrx_word' id='word_1_683' title='bbox 3031 5644 3420 5716; x_wconf 82' lang='lat' dir='ltr'><strong>Eutychianus,</strong></span> <span class='ocrx_word' id='word_1_684' title='bbox 3460 5645 3551 5714; x_wconf 88' lang='lat' dir='ltr'><strong>qui</strong></span> <span class='ocrx_word' id='word_1_685' title='bbox 3581 5643 3721 5697; x_wconf 72' lang='lat' dir='ltr'><strong>Maro</strong></span> 
     </span>
    </p>
   </div>
   <div class='ocr_carea' id='block_1_100' title="bbox 445 5724 3718 5803">
    <p class='ocr_par' dir='ltr' id='par_1_100' title="bbox 445 5724 3718 5803">
     <span class='ocr_line' id='line_1_100' title="bbox 445 5724 3718 5803; baseline 0.004 -28"><span class='ocrx_word' id='word_1_686' title='bbox 445 5724 610 5789; x_wconf 86' lang='lat' dir='ltr'><strong>priori</strong></span> <span class='ocrx_word' id='word_1_687' title='bbox 639 5725 753 5782; x_wconf 82' lang='lat' dir='ltr'><strong>fere</strong></span> <span class='ocrx_word' id='word_1_688' title='bbox 771 5729 839 5782; x_wconf 90' lang='lat' dir='ltr'><strong>ab</strong></span> <span class='ocrx_word' id='word_1_689' title='bbox 872 5729 1004 5784; x_wconf 85' lang='lat' dir='ltr'><strong>solis</strong></span> <span class='ocrx_word' id='word_1_690' title='bbox 1036 5731 1264 5797; x_wconf 69' lang='lat' dir='ltr'><strong>Graecis,</strong></span> <span class='ocrx_word' id='word_1_691' title='bbox 1303 5741 1361 5785; x_wconf 92' lang='lat' dir='ltr'><strong>ut</strong></span> <span class='ocrx_word' id='word_1_692' title='bbox 1385 5746 1547 5800; x_wconf 86' lang='lat' dir='ltr'><strong>supra</strong></span> <span class='ocrx_word' id='word_1_693' title='bbox 1577 5731 1835 5798; x_wconf 79' lang='lat' dir='ltr'><strong>diximus,</strong></span> <span class='ocrx_word' id='word_1_694' title='bbox 1871 5729 2028 5786; x_wconf 87' lang='lat' dir='ltr'><strong>alteri</strong></span> <span class='ocrx_word' id='word_1_695' title='bbox 2137 5735 2280 5789; x_wconf 81' lang='lat' dir='ltr'><strong>ciani</strong></span> <span class='ocrx_word' id='word_1_696' title='bbox 2309 5734 2653 5802; x_wconf 87' lang='lat' dir='ltr'><strong>imperatoris</strong></span> <span class='ocrx_word' id='word_1_697' title='bbox 2683 5735 2813 5790; x_wconf 82' lang='lat' dir='ltr'><strong>vixit</strong></span> <span class='ocrx_word' id='word_1_698' title='bbox 2842 5747 3025 5803; x_wconf 69' lang='lat' dir='ltr'><strong>aetate,</strong></span> <span class='ocrx_word' id='word_1_699' title='bbox 3050 5746 3110 5791; x_wconf 92' lang='lat' dir='ltr'><strong>ut</strong></span> <span class='ocrx_word' id='word_1_700' title='bbox 3138 5737 3276 5793; x_wconf 78' lang='lat' dir='ltr'><strong>infra</strong></span> <span class='ocrx_word' id='word_1_701' title='bbox 3302 5739 3353 5793; x_wconf 90' lang='lat' dir='ltr'><strong>in</strong></span> <span class='ocrx_word' id='word_1_702' title='bbox 3385 5737 3501 5792; x_wconf 72' lang='lat' dir='ltr'><strong>Vita</strong></span> <span class='ocrx_word' id='word_1_703' title='bbox 3525 5735 3581 5792; x_wconf 90' lang='lat' dir='ltr'><strong>S.</strong></span> <span class='ocrx_word' id='word_1_704' title='bbox 3613 5734 3718 5789; x_wconf 86' lang='lat' dir='ltr'><strong>Eu-</strong></span> 
     </span>
    </p>
   </div>
   <div class='ocr_carea' id='block_1_101' title="bbox 445 5813 2030 5894">
    <p class='ocr_par' dir='ltr' id='par_1_101' title="bbox 445 5813 2030 5894">
     <span class='ocr_line' id='line_1_101' title="bbox 445 5813 2030 5894; baseline 0.008 -28"><span class='ocrx_word' id='word_1_705' title='bbox 445 5813 608 5868; x_wconf 84' lang='lat' dir='ltr'><strong>etiam</strong></span> <span class='ocrx_word' id='word_1_706' title='bbox 638 5831 669 5870; x_wconf 85' lang='lat' dir='ltr'><strong>a</strong></span> <span class='ocrx_word' id='word_1_707' title='bbox 689 5815 912 5873; x_wconf 87' lang='lat' dir='ltr'><strong>Latinis.</strong></span> <span class='ocrx_word' id='word_1_708' title='bbox 936 5820 1032 5875; x_wconf 89' lang='lat' dir='ltr'><strong>llle</strong></span> <span class='ocrx_word' id='word_1_709' title='bbox 1056 5821 1428 5878; x_wconf 81' lang='lat' dir='ltr'><strong>Antiochenus</strong></span> <span class='ocrx_word' id='word_1_710' title='bbox 1456 5822 1576 5892; x_wconf 82' lang='lat' dir='ltr'><strong>fuit,</strong></span> <span class='ocrx_word' id='word_1_711' title='bbox 1604 5823 1952 5894; x_wconf 78' lang='lat' dir='ltr'><strong>condiditque</strong></span> <span class='ocrx_word' id='word_1_712' title='bbox 1978 5824 2030 5879; x_wconf 92' lang='lat' dir='ltr'><strong>in</strong></span> 
     </span>
    </p>
   </div>
   <div class='ocr_carea' id='block_1_102' title="bbox 2145 5822 2952 5896">
    <p class='ocr_par' dir='ltr' id='par_1_102' title="bbox 2145 5822 2952 5896">
     <span class='ocr_line' id='line_1_102' title="bbox 2145 5822 2952 5896; baseline 0.007 -19"><span class='ocrx_word' id='word_1_713' title='bbox 2145 5824 2334 5896; x_wconf 83' lang='lat' dir='ltr'><strong>thyutii</strong></span> <span class='ocrx_word' id='word_1_714' title='bbox 2365 5824 2434 5879; x_wconf 70' lang='lat'><strong>20</strong></span> <span class='ocrx_word' id='word_1_715' title='bbox 2454 5822 2696 5881; x_wconf 87' lang='lat' dir='ltr'><strong>Januarii</strong></span> <span class='ocrx_word' id='word_1_716' title='bbox 2724 5825 2952 5883; x_wconf 88' lang='lat' dir='ltr'><strong>dicetur.</strong></span> 
     </span>
    </p>
   </div>
  </div>
