4152 6404
454 398 565 468 *57

1164 397 1344 461 VITA
1378 399 1442 460 s.
1479 397 1901 460 THEODOSII
1936 359 2547 460 etENBntAttcnej
2587 420 2658 433 ν-
2683 394 3075 458 PROtEMIA.

3640 389 3744 453 453

528 512 584 568 2.
628 508 873 565 Natalem
910 506 1078 578 igitur
1104 507 1164 565 S.
1206 509 1497 567 Theodosii
1529 512 1930 568 ctenobiarcha:
1954 511 2058 568 hoe
2082 515 2137 576 Α
2163 511 2360 568 femina
2392 509 2675 579 sanguinis
2702 512 2967 579 protthto
3002 507 3256 573 liberata,
3303 507 3357 563 itt
3391 509 3522 573 vita,
3572 524 3628 563 ιι.
3653 507 3745 569 53,

461 608 547 662 die
586 606 659 658 ita
683 601 964 657 celebrant
989 600 1160 656 Grazci
1199 603 1251 656 itt
1282 602 1581 674 Menoiogio
1612 620 1640 656 a
1695 603 1916 659 Canisio
1941 603 2060 658 edi-

459 707 514 752 to
540 692 1032 751 :Commemoratio
1062 690 1120 747 S.
1149 691 1213 747 P.
1240 690 1312 746 Ν.
1350 693 1629 747 Theodosii
1661 692 2060 759 raenobiarchte,

459 800 523 838 ea:
551 783 749 850 oppida
774 782 993 835 Marini
1021 780 1391 850 Cappadocia'.
1422 783 1677 838 Refertur
1698 793 1755 838 et
1804 785 1856 836 in
1894 785 2059 837 horo-

458 872 624 944 iogio,
655 888 722 926 ac
750 869 1065 941 Mettnlogiis
1102 871 1318 925 Maximi
1363 875 1533 942 epise.
1573 872 1866 942 Cythera‘i,
1898 881 2062 941 atque

460 962 845 1030 Christophori
881 962 1225 1031 proconsulis
1262 963 1552 1034 Mitylenwi
1593 983 1606 1017 :
1640 964 1692 1017 in
1726 961 2060 1018 Kalendario

462 1070 679 1125 quoque
733 1054 1050 1109 Gratcortttn
1100 1072 1129 1108 a
1179 1053 1533 1110 Genehrardo
1581 1057 1749 1122 edito,
1779 1066 1832 1109 et
1855 1055 2060 1110 eisdem

469 1149 645 1204 verbis
677 1163 707 1201 ιι
745 1146 960 1200 Nolano
996 1146 1052 1200 in
1099 1146 1266 1200 addit.
1311 1148 1378 1201 ad
1410 1146 1647 1202 Usuard.
1679 1165 1700 1199 ι
1760 1146 1857 1202 Die
1888 1149 2061 1202 unde-

470 1241 604 1295 eime
628 1239 808 1293 sancti
840 1236 1017 1291 Patris
1048 1237 1343 1294 Theodosii
1373 1238 1803 1294 Ctenobiarchae.
1848 1259 1866 1290 t
1909 1237 2063 1292 Mar-

476 1332 789 1401 tyrologium
849 1327 1170 1399 Romanum.
1228 1348 1248 1381 ι
1303 1328 1359 1383 itt
1415 1330 1778 1401 Cappadocia,
1833 1330 1891 1385 in
1945 1330 2064 1384 vico

470 1423 829 1494 Magariasso,
860 1423 918 1478 S.
956 1421 1247 1477 Theodosii
1299 1422 1730 1488 Caenobiareltas,
1767 1422 1857 1492 qui
1894 1421 2062 1476 multa

472 1532 573 1584 pro
601 1516 703 1569 fide
735 1515 1003 1570 catholica
1040 1528 1230 1583 passus
1259 1525 1362 1569 est.
1400 1532 1418 1565 ι
1455 1513 1763 1568 Gaiesinius
1785 1552 1804 1579 ,
1844 1521 2066 1568 secutus

479 1606 784 1661 Graecorum
804 1606 1195 1673 Eucitoiogion,
1219 1605 1424 1660 enmiO
1453 1604 1697 1660 Januarii
1719 1604 1885 1661 refert
1911 1621 1924 1658 :
1960 1624 1979 1657 ι
2005 1606 2063 1659 ln

470 1697 690 1753 Graecia
744 1697 798 1751 S.
834 1697 1130 1753 Theodosii
1180 1697 1611 1753 Cmnobiarchze.
1649 1696 1699 1751 is
1761 1695 2065 1751 incredibili

466 1792 805 1845 abstinentia
827 1790 960 1857 fuit,
996 1800 1055 1845 ut
1088 1807 1185 1862 per
1219 1792 1437 1861 triginta
1491 1792 1635 1862 ipsos
1656 1805 1839 1844 annos
1873 1805 2064 1860 panem

2164 604 2400 660 refertur
2447 618 2649 658 cancro
2727 603 2778 656 in
2840 601 3079 656 mamilla
3159 601 3459 657 laborasse.
3523 600 3748 660 Eadem.

2158 697 2381 751 omissis
2460 706 2639 749 tamen
2696 693 2972 764 plerisque
3041 693 3342 758 miraculis,
3391 693 3643 761 leguntur
3697 693 3749 745 itt

2160 787 2486 858 Antbologio
2528 785 2874 851 Graecorum,
2946 800 2977 839 a
3050 783 3326 840 Clemente
3381 782 3500 839 Vill
3559 800 3755 855 appro-

2163 880 2310 934 bato.

2416 1012 2444 1082 ς
2479 1011 2548 1068 ιι.
2584 1009 2727 1066 Vitae
2773 1009 2836 1066 s.
2866 1009 3147 1064 Theodosii
3202 968 3505 1078 scriptores.

2236 1148 2416 1204 Vitam
2470 1147 2531 1202 S.
2566 1146 2861 1202 Theodosii
2895 1162 2960 1200 ex
2996 1145 3362 1218 Metapbraste
3396 1147 3563 1201 edidit
3595 1145 3758 1218 Lipa-

2166 1255 2359 1296 mantts
2392 1251 2524 1292 tom.
2556 1236 2620 1300 V,
2652 1248 2816 1306 atque
2863 1252 2928 1290 ex
2960 1250 3026 1290 eo
3057 1235 3274 1293 Surius.
3313 1236 3545 1290 Plurima
3581 1252 3646 1289 ex
3691 1251 3756 1291 ea

2165 1333 2434 1386 Baronius
2485 1340 2525 1384 t.
2555 1328 2620 1383 Vi
2654 1340 2708 1383 et
2748 1328 2844 1384 Vll
2903 1344 3122 1383 suorum
3164 1329 3456 1383 Annalium
3503 1329 3756 1383 intexuit.

2168 1424 2277 1479 Nos
2317 1426 2561 1479 eamdem
2614 1424 2804 1477 damus
2869 1437 2991 1476 cum
3044 1437 3145 1475 ms.
3195 1421 3385 1476 Graeco
3418 1421 3759 1475 bibliotheca

2170 1514 2445 1570 Vaticana:
2494 1514 2768 1576 collatam,
2811 1522 2865 1567 et
2925 1512 3173 1581 pluribus
3221 1512 3361 1568 locis
3386 1515 3755 1567 emendatam.

2166 1605 2366 1660 Eadem
2410 1614 2613 1669 exstat,
2641 1604 2736 1659 sed
2760 1613 3063 1669 contracta,
3095 1603 3287 1657 Latine
3327 1604 3378 1656 itt
3425 1603 3563 1657 Vitis
3597 1600 3762 1657 Fran-

2168 1697 2299 1752 cisci
2335 1698 2508 1751 liarmi
2554 1706 2609 1750 et
2638 1696 2903 1769 Lippeloi,
2938 1711 3007 1750 ac
3057 1697 3213 1750 fastis
3247 1695 3539 1761 Marianis;
3573 1695 3761 1748 ltaltce

2127 1780 2131 1784 ’
2168 1791 2313 1845 edita
2347 1808 2377 1845 a
2409 1790 2662 1845 Cabriele
2705 1790 2980 1858 Flamma;
3013 1788 3303 1858 llispanice
3343 1804 3374 1843 a
3406 1789 3760 1845 Bitiatiitteita

465 1900 581 1939 non
611 1886 871 1954 gustarit,
914 1883 1105 1953 palma:
1137 1882 1174 1936 ft
1192 1891 1318 1937 uctu
1346 1891 1401 1937 et
1430 1881 1624 1951 paucis
1676 1879 1888 1950 siliquis
1910 1880 2064 1935 victi-
2095 1870 2144 1930 B
2172 1896 2384 1947 nostro,
2427 1893 2535 1940 etc.

475 1989 597 2031 tans
630 1992 645 2029 :
683 1992 879 2046 Sicque
909 1978 1126 2047 corpori
1190 1992 1312 2031 cum
1365 1977 1555 2047 cibum
1579 1975 1911 2038 detraheret,
1948 1972 2066 2027 ani-

472 2090 616 2129 mam
657 2074 749 2128 ditt
787 2084 1054 2142 noctuque
1106 2073 1250 2142 pavit
1296 2070 1515 2125 assidua
1547 2069 1851 2124 cmiestium
1883 2070 2085 2141 ret-utn'

460 2166 957 2238 contemplatione.
999 2182 1021 2217 ι
1074 2163 1408 2220 Galesiuium
1456 2165 1699 2232 sequitur
1746 2161 2069 2234 Martyrolo-

462 2260 623 2327 gium
651 2256 1063 2313 Germanicum.

544 2351 600 2407 ὃ.
638 2350 712 2404 De
740 2366 807 2404 eo
839 2352 1027 2404 iathaie
1055 2348 1357 2420 praedicant
1390 2346 1613 2402 Montes.
1660 2363 1678 2398 t
1717 2345 2068 2403 Venerandus

470 2445 568 2502 ltie
594 2445 653 2499 S.
689 2443 751 2499 P.
784 2443 856 2499 N.
891 2441 1230 2498 Theodosius
1280 2443 1334 2496 in
1390 2440 1659 2511 Megariso
1714 2440 2070 2511 Cappadocia:

477 2555 636 2611 pago,
665 2538 989 2592 Christianis
1017 2545 1069 2590 et
1102 2534 1368 2605 religiosis
1406 2535 1697 2590 admodum
1729 2536 2067 2604 parentibus,

477 2632 779 2688 Proaresio
839 2641 893 2686 et
921 2630 1139 2700 Eui0gia
1209 2629 1923 2698 natus;vitamcotnplexus
1954 2644 2071 2683 mo-

479 2728 771 2791 nasticam,
805 2739 1015 2779 sacram
1053 2723 1227 2777 induit
1279 2722 1554 2793 religionis
1589 2734 1795 2778 vestem
1831 2739 1844 2774 :
1880 2721 2071 2778 Hiero-

477 2818 856 2888 solymamque
898 2817 1195 2887 profectus,
1231 2816 1358 2870 inde
1409 2814 1752 2870 Antiochiam
1800 2816 2068 2880 adiit,.ubi

477 2910 805 2984 Symeonent
846 2911 1106 2966 eximium
1139 2909 1286 2964 illum
1326 2907 1576 2978 Szyiitant
1603 2910 1874 2976 convenit,
1907 2926 1935 2962 a
1965 2924 2072 2979 quo

481 3002 665 3057 futura
688 3002 836 3057 illius
870 3002 993 3055 vita:
1019 3002 1382 3055 sanctimonia
1429 2998 1500 3053 illi
1557 3001 1836 3068 prmdicta,
1883 3010 1943 3054 ut
1978 3002 2069 3071 qui

481 3094 664 3163 magni
692 3094 873 3163 gregis
901 3093 1081 3147 ovium
1102 3091 1317 3144 ratione
1338 3090 1654 3160 pollentinm
1686 3090 1903 3147 futurus
1925 3102 2074 3147 esset

482 3200 690 3261 pastor.
753 3187 960 3243 Deinde
1041 3187 1184 3258 apud
1250 3187 1554 3259 Longinum
1634 3187 2068 3241 laudatissimunt

480 3283 771 3353 quemdam
793 3283 968 3335 virum
996 3281 1160 3336 rebus
1183 3281 1451 3337 divinisitt
1485 3280 1778 3336 solitudine
1804 3279 2072 3344 eruditus,

479 3374 554 3428 ad
592 3388 712 3428 eam
773 3372 1021 3442 pervenit
1070 3372 1479 3435 abstinentiam,
1518 3383 1576 3426 ιιι
1635 3374 1686 3426 in
1745 3371 2080 3427 itebdontada

480 3468 701 3523 nettnisi
748 3465 918 3520 semel
937 3467 1060 3521 cibo
1077 3482 1280 3535 corpus
1311 3468 1585 3530 reticeret,
1608 3466 1931 3532 tandemque
1958 3466 2083 3517 totis

485 3560 709 3627 triginta
740 3559 903 3612 annis
932 3573 1124 3627 panem
1178 3574 1287 3613 non
1341 3567 1588 3629 gustaret
1638 3579 1649 3613 :
1681 3559 1993 3628 pariterque
2028 3558 2081 3610 in

484 3653 609 3707 aliis
639 3653 898 3706 virtutum
930 3652 1128 3707 studiis
1157 3662 1365 3708 tantum
1403 3654 1696 3724 promovit,
1738 3663 1795 3705 ιιι
1843 3653 1894 3705 itt
1940 3668 2084 3705 stitit-

485 3759 636 3800 mum
668 3745 890 3812 pietatis
918 3744 1152 3800 cuitnent
1185 3747 1394 3812 enisus,
1432 3745 1660 3813 illustria
1690 3745 1878 3798 ederet
1913 3745 2077 3798 mira-

493 3838 635 3891 cula.
670 3836 928 3892 iiasil-um
959 3843 1247 3908 quemdam
1290 3840 1617 3894 monachum
1651 3838 1988 3905 defunctum,
2029 3845 2086 3892 et

502 3929 560 3985 in
589 3936 825 3987 tumbam
877 3932 1210 4002 depositum,
1259 3934 1396 3988 vidit
1438 3948 1578 3988 unus
1614 3934 1701 3988 ille
1751 3949 1873 3989 cum
1911 3933 2086 3988 altero

504 4029 726 4091 quo-iatn
789 4026 1056 4080 monat'lto
1106 4026 1371 4081 fratribus
1430 4038 1725 4093 astantem,
1774 4038 1829 4083 et
1862 4027 2086 4098 psalmis

498 4116 862 4172 act-incutent.
892 4117 1194 4184 Carbones,
1230 4120 1376 4175 nullo
1400 4119 1646 4190 subjecto
1676 4122 1819 4189 igne,
1848 4120 1936 4175 ubi
1969 4135 2086 4175 mo-

493 4213 797 4266 nasterium
845 4220 964 4267 erat
995 4214 1335 4276 conditurus,
1357 4212 1664 4267 'accendit.
1702 4211 1981 4267 Feminam
2016 4212 2086 4268 ad

491 4319 554 4359 se
592 4303 881 4358 adeuntem
932 4304 1216 4375 sanguinis
1259 4304 1526 4375 proﬂuvio
1555 4303 1826 4359 liberavit.
1868 4307 1947 4360 Ex
1980 4318 2088 4363 uno

493 4396 751 4451 frumenti
791 4412 962 4467 grano
992 4412 1091 4469 per
1122 4413 1316 4469 preces
1363 4398 1576 4469 integra
1622 4398 1874 4470 granaria
1914 4399 2088 4469 reple-

495 4489 598 4543 vit.
638 4487 874 4544 Puerum
922 4489 979 4545 in
1035 4490 1204 4546 altam
1245 4492 1395 4563 putei
1436 4492 1718 4561 delapsum
1751 4494 2087 4562 voraginem,

2246 1978 2298 2033 5.
2332 1978 2467 2034 Acta
2520 1994 2651 2035 vero
2698 1977 2814 2034 inec
2856 1979 3054 2032 asserit
3078 1976 3342 2031 Baronius
3387 1977 3439 2031 itt
3490 1975 3632 2031 netis
3694 1974 3762 2028 :zd

2173 2070 2453 2143 Martyroi.
2493 2090 2511 2123 ι
2553 2071 3092 2139 ontniacceptatione
3112 2069 3457 2139 dignissima,
3495 2086 3514 2119 ι
3553 2078 3607 2121 et
3638 2064 3761 2120 LVI

2174 2164 2372 2220 Annal.
2420 2180 2512 2218 an.
2561 2163 2662 2218 Cb.
2712 2164 2839 2218 5H.
2887 2182 2942 2217 ιι.
2978 2163 3094 2216 2t):
3139 2183 3156 2214 t
3195 2162 3367 2228 Quam
3415 2159 3766 2215 exactissime

2176 2252 2471 2322 descripta,
2515 2254 2617 2307 etsi
2673 2245 2739 2308 ab
2790 2255 3025 2319 incerto,
3076 2263 3228 2307 certo
3285 2263 3466 2307 tamen
3501 2251 3767 2320 temporis

2176 2346 2420 2416 ejusdem
2442 2355 2688 2409 auctore,
2715 2354 2774 2400 ut
2810 2345 2943 2401 nihil
2966 2346 3195 2409 sitquod
3221 2345 3345 2415 jure
3372 2345 3613 2399 revocari
3635 2357 3766 2413 pos-

2177 2440 2243 2494 sit
2280 2440 2331 2493 itt
2355 2440 2602 2504 dubium,
2624 2448 2811 2508 utpote
2839 2438 3066 2493 veritate
3090 2438 3316 2492 omniex
3336 2450 3490 2506 parte
3509 2444 3766 2491 constan-

2180 2533 2270 2588 tia.
2284 2552 2302 2585 t
2323 2532 2575 2589 Coasvum
2597 2543 2875 2597 auctorem
2897 2530 3062 2586 fuisse
3081 2532 3440 2600 probamque:
3457 2532 3521 2584 de
3538 2532 3768 2584 Anasta-

2177 2627 2261 2680 sio
2286 2627 2615 2696 imperatore
2648 2625 2859 2689 scribit,
2895 2640 2946 2677 tt.
2969 2623 3058 2677 45.
3094 2641 3113 2676 t
3154 2622 3299 2678 Tttlit
3328 2623 3620 2691 aliquando
3668 2640 3769 2677 no.

2178 2733 2207 2772 s
2232 2733 2354 2773 runt
2373 2732 2589 2788 qttoque
2613 2730 2825 2787 tempus
2847 2718 3254 2786 imperatorem,
3275 2717 3365 2785 qui
3386 2717 3602 2785 quidem
3619 2719 3768 2786 prius

2180 2811 2359 2867 fuerat
2414 2804 3066 2883 (quantum'apparebat)
3120 2807 3409 2879 paradisus
3448 2810 3768 2879 voluptatis,

2180 2915 2457 2972 postremo
2490 2911 2669 2956 autem
2711 2902 2873 2956 rebus
2917 2899 3018 2953 fuit
3062 2900 3311 2969 cognitus
3359 2914 3583 2967 campus
3641 2902 3769 2954 des-

2180 2994 2487 3060 tructionis,
2547 3004 2601 3049 et
2678 3010 2817 3047 ttntts
2878 2992 3083 3047 scilicet
3122 3007 3185 3046 ex
3226 2993 3307 3045 bis
3336 2992 3643 3058 pastoribus
3674 2992 3769 3061 qui

2180 3089 2360 3158 gregis
2411 3102 2541 3142 oves
2576 3087 2915 3157 dispergunt,
2955 3095 3009 3139 et
3063 3087 3316 3153 perdunt,
3349 3096 3403 3139 et
3427 3100 3521 3140 eas
3554 3089 3771 3142 turbida

2182 3192 2369 3251 potant
2414 3181 2795 3245 subversione,
2856 3189 2929 3242 et,
2984 3188 3042 3233 ιιι
3091 3179 3296 3247 reliqua
3350 3179 3495 3233 illius
3546 3190 3773 3250 praeter-

2188 3274 2417 3338 mittam,
2452 3274 2551 3327 hoc
2582 3272 2802 3342 quidem
2839 3270 3070 3341 accipiet
3102 3270 3248 3340 quod
3282 3280 3403 3340 post
3439 3285 3538 3325 nos
3572 3287 3771 3343 seque-

2186 3378 2273 3421 tur
2297 3379 2528 3437 tempus.
2562 3384 2582 3418 ι

2257 3462 2311 3516 6.
2366 3465 2658 3518 Auctorem
2721 3464 2867 3521 hunc
2912 3465 3134 3535 conjieit
3172 3467 3439 3521 Baronins
3471 3468 3640 3522 fuisse
3667 3468 3774 3536 Cy-

2190 3554 2367 3608 rillum
2399 3558 2746 3621 monachum,
2774 3574 2803 3611 a
2835 3575 2942 3628 quo
2969 3562 3097 3615 Acta
3129 3559 3230 3616 SS.
3270 3561 3564 3633 Eutltyntii,
3591 3559 3772 3626 Salue,

2188 3656 2243 3700 et
2300 3645 2533 3704 Joannis
2585 3649 2883 3704 Siletttiarii
2916 3652 3188 3721 descripta
3221 3662 3366 3706 sunt.
3415 3653 3490 3707 ita
3532 3668 3623 3705 an.
3667 3651 3770 3706 Cb.

2184 3738 2310 3801 491,
2346 3756 2496 3794 ιιιιιιι.
2526 3741 2615 3809 id,
2669 3745 2857 3797 scribit
2892 3762 2906 3798 :
2942 3763 2964 3796 ι
3003 3745 3108 3798 Sed
3140 3754 3194 3797 et
3232 3746 3474 3812 ejusdem
3535 3746 3777 3800 auctoris

2185 3830 2486 3885 creduntur
2526 3848 2649 3887 esse
2684 3832 2817 3887 Vita:
2859 3834 3154 3890 Theodosii
3189 3834 3619 3895 Cmnobiarchaa.
3676 3849 3779 3890 nec

2189 3938 2298 3977 non
2341 3924 2583 3990 Qniriaci
2631 3927 2999 3990 anachoreta,
3060 3924 3173 3998 qui
3212 3928 3406 3982 iisdem
3444 3929 3780 3999 temporibus

2188 4014 2441 4072 claruere
2474 4018 2577 4072 viri
2638 4020 2973 4075 sanctissimi
3022 4038 3036 4075 :
3087 4020 3183 4076 sed
3217 4018 3363 4090 quod
3400 4018 3504 4075 illae
3554 4030 3782 4076 careant

2188 4115 2431 4171 auctoris
2455 4116 2835 4186 inscriptione,
2856 4116 3103 4171 feruntur
3124 4119 3345 4171 nomine
3357 4114 3496 4185 ejus,
3518 4118 3608 4187 qui
3633 4123 3786 4186 pest-

2187 4222 2344 4264 remo
2376 4209 2544 4264 edidit
2577 4208 3001 4278 Metapltrastes,
3031 4225 3154 4264 cum
3188 4220 3368 4264 tamen
3403 4210 3521 4280 ipse
3550 4225 3612 4264 ea
3641 4209 3786 4264 antis

2187 4300 2375 4371 quitus
2425 4301 2628 4371 scripta
2677 4313 2884 4357 tantum
2943 4303 3319 4370 exscripserit.
3348 4319 3367 4355 ι
3394 4302 3458 4356 Et
3484 4317 3628 4356 anno
3652 4301 3781 4368 5U,

2189 4413 2246 4452 ιι.
2286 4399 2353 4453 ει
2394 4416 2409 4457 :
2450 4417 2470 4452 ι
2508 4398 2716 4455 Auctor
2733 4399 2838 4455 etsi
2873 4401 3092 4456 nomine
3142 4400 3410 4456 habeatur
3451 4402 3782 4469 incognitus,

2190 4493 2455 4566 Cyrillum
2491 4496 2636 4551 hunc
2660 4496 2834 4566 ipsum
2859 4497 3140 4558 existimo,
3165 4497 3259 4564 qui
3282 4495 3441 4550 sicuti
3469 4504 3782 4550 sanctorum

496 4581 873 4645 inaspectabiii
897 4582 1186 4650 prmsentia
1213 4584 1471 4639 extraxit.
1523 4582 1753 4639 Fetuum
1782 4585 2095 4641 ahortiones
2119 4598 2175 4660 Ῑ)
2202 4586 2358 4642 Saba:
2387 4595 2441 4641 et
2472 4587 2747 4660 Enthymii
2777 4595 2941 4657 atque
2967 4584 3193 4641 Joannis
3222 4583 3523 4641 Silentiarii
3559 4597 3615 4641 et
3644 4586 3783 4639 alio-

497 4673 785 4743 repressit,
839 4672 934 4742 qui
964 4676 1092 4728 dum
1148 4673 1203 4728 in
1256 4674 1423 4728 vitam
1465 4675 1738 4729 immaturi
1785 4675 2094 4744 prodibant,

506 4780 607 4834 per
639 4766 869 4821 mortem
900 4780 966 4820 ex
1014 4768 1123 4821 vita
1171 4767 1625 4822 exturbabantur.
1678 4766 1857 4834 Quare
1902 4768 2095 4824 horum

500 4865 734 4910 matrem
770 4855 842 4911 ob
884 4854 1029 4911 hanc
1078 4855 1425 4912 aﬂectionem
1457 4856 1681 4927 perinde
1705 4871 1771 4911 ac
1808 4858 1852 4912 si
1896 4856 2098 4913 stetiiis

496 4946 698 5002 fuisset
731 4944 1020 5001 iecuntlatn
1050 4946 1311 5002 rttddidit.
1332 4945 1527 5017 ingens
1547 4945 1876 5001 locutStarmn
1905 4962 2098 5017 agmen

500 5041 675 5093 verbo
709 5040 1045 5111 increpitans
1064 5038 1266 5108 abcgit.
1302 5037 1558 5093 Kericum
1587 5039 1830 5094 Orientis
1846 5040 2098 5094 comitem

498 5141 655 5187 veste
684 5146 784 5186 sua
841 5133 1080 5196 ciiicina,
1109 5147 1213 5201 qtta
1250 5147 1351 5202 pro
1380 5133 1604 5187 thorace
1645 5132 1793 5185 illum
1827 5133 2101 5199 induerat,

500 5222 959 5279 invulnerabilem
1015 5224 1293 5291 prastitit.
1328 5222 1457 5279 Sata
1508 5233 1667 5279 terra:
1709 5225 1907 5279 ardore
1948 5224 2097 5288 laesa,

502 5315 803 5383 impetrato
863 5331 957 5385 per
1004 5330 1197 5385 preces
1258 5315 1434 5370 imbre
1503 5317 1789 5370 recreavit.
1844 5316 2102 5372 Praedia-it

503 5405 783 5474 iugi-atem
815 5421 911 5474 per
941 5415 1101 5460 terra:
1133 5414 1341 5460 motum
1366 5406 1668 5460 Antiochia:
1702 5408 1935 5460 ruinam.
1968 5407 2100 5461 Miti-

504 5508 614 5561 los,
644 5499 737 5566 qui
780 5498 1124 5568 naufragium
1170 5497 1606 5563 fecerant,,cum
1642 5498 1895 5555 ﬂuctibus
1935 5502 2104 5556 collu-

500 5601 742 5653 ctantes,
774 5591 1017 5658 periculo
1052 5590 1368 5659 Spectabilis
1407 5593 1630 5661 eripuit.
1676 5592 1859 5649 Multis
1914 5608 2104 5651 auctor

504 5688 637 5743 vita:
666 5687 929 5755 religiosa:
962 5687 1159 5752 factus,
1181 5689 1248 5740 ad
1280 5686 1562 5741 Demittunt
1616 5704 1646 5741 e
1685 5689 1796 5741 vita
1846 5692 2101 5744 excessit.

508 5781 640 5837 Dzes
660 5778 733 5833 itit
772 5779 1032 5835 solemnis
1057 5779 1109 5832 in
1136 5778 1440 5834 venerantia
1472 5778 1534 5831 Β.
1565 5778 1706 5834 Petri
1731 5782 1970 5850 Apostuli
1991 5785 2107 5839 ωδε

512 5885 819 5948 peragJur.
885 5891 907 5927 ι
977 5872 1251 5927 Hactenus
1310 5871 1534 5926 Menam.
1583 5873 1716 5941 Qum
1773 5875 1860 5930 hic
1907 5876 2106 5933 dicitur

851 5966 1125 6027 Parnm.
1170 5965 1288 6026 Cn.
1338 5965 1551 6028 CXIV.

2205 4693 2324 4732 rum
2355 4678 2496 4732 vitas
2521 4679 2742 4748 scriptis
2768 4690 2851 4734 est
2879 4686 3225 4748 prosecutus,
3268 4679 3342 4732 ita
3380 4679 3522 4734 haud
3554 4693 3654 4749 par
3701 4688 3787 4734 est

2202 4770 2452 4835 credere,
2494 4784 2654 4839 quem
2713 4770 2950 4826 habebat
2999 4785 3109 4839 pra:
3162 4771 3359 4836 oculis,
3417 4769 3783 4827 Theodosium

2203 4862 2555 4930 praeteriisse,
2591 4861 3120 4931 prwtermisisscque
3166 4877 3255 4917 res
3303 4863 3373 4918 ab
3411 4877 3478 4917 eo
3526 4864 3790 4932 praeclare

2203 4962 2407 5020 gestas,
2439 4954 2665 5007 minime
2693 4968 2804 5022 pm
2846 4953 2931 5008 sui
2983 4955 3248 5025 dignitate
3276 4956 3585 5011 obruendas
3617 4948 3789 5009 silen-

2206 5047 2302 5107 tio,
2361 5046 2598 5115 posteris
2641 5046 2878 5101 tradere.
2920 5039 3179 5115 Conjicio
3210 5048 3426 5117 quidem
3477 5050 3546 5102 ab
3574 5049 3789 5118 impru-

2204 5139 2365 5194 dente
2430 5138 2615 5209 aliquo
2664 5138 3014 5195 obliti-ratum
3080 5140 3265 5213 Cyrilli
3298 5143 3538 5197 auctoris
3570 5156 3786 5203 nomen.

2206 5233 2296 5302 qui
2359 5232 2602 5288 referens
2654 5233 2784 5288 illud
2822 5224 2887 5287 ad
2918 5234 3178 5303 Cyrillum
3244 5233 3789 5303 liicrosolytnitannm

2205 5326 2540 5395 episcopum.
2580 5326 2670 5394 qui
2711 5325 2908 5378 claruit
2941 5328 3042 5378 sub
3081 5324 3402 5378 Constantio
3439 5328 3788 5394 imperatore,

2207 5418 2347 5475 falso
2378 5419 2581 5487 putarit
2610 5419 2773 5473 tribui
2806 5416 3008 5488 Cyrtiio
3042 5419 3345 5476 historiam.
3380 5431 3484 5484 qua
3519 5432 3605 5469 res
3626 5431 3791 5485 genae

2209 5512 2312 5565 sub
2367 5509 2572 5575 Leone,
2624 5508 2842 5564 Zenone
2893 5518 2948 5563 et
3014 5511 3302 5565 AnaSIasio
3357 5510 3620 5577 Augustis
3679 5521 3791 5562 trav

2208 5588 2454 5664 ctantur,
2477 5602 2735 5670 ignorans
2766 5602 2937 5669 ipsum
2978 5600 3044 5653 de
3073 5615 3180 5664 quo
3210 5611 3292 5652 est
3326 5614 3527 5662 sermo,
3557 5600 3789 5651 nobilem

2211 5696 2531 5749 historicum
2560 5692 2849 5764 Cytiiiunt,
2874 5703 3036 5760 atque
3068 5692 3437 5755 i’aitestinunt,
3461 5692 3562 5745 hoc
3592 5704 3795 5744 vniisse

2213 5798 2480 5854 tempore.
2523 5804 2543 5838 ι

2290 5880 2342 5932 7.
2378 5878 2502 5936 Haec
2538 5879 2761 5936 Baronii
2815 5878 3150 5949 conjectura.
3185 5877 3424 6019 Cyiifiius
3474 5876 3697 5948 juvenis
3727 5884 3789 5927 ad
