4152 6406
429 387 536 450 459

1684 379 1967 440 MENSIS
2007 380 2470 453 IANUARIUS.

3613 382 3726 453 150

434 501 662 560 modum
687 515 751 558 eo
795 510 1043 569 tempore
1076 497 1200 564 fuit,
1239 509 1348 566 quo
1376 495 1434 550 S.
1455 494 1636 550 ‘Sahas
1679 513 1741 551 ex
1774 508 2026 566 suscepta
2058 500 2108 558 Α
2133 502 2250 573 ejus
2283 503 2475 570 Roma,
2508 506 2598 560 ubi
2643 505 2846 568 obierat
2869 545 2882 570 ,
2931 502 3121 560 delata:
3165 503 3536 574 requiescunt.
3578 522 3596 555 ι
3626 473 3728 559 Est

432 598 500 652 ad
521 597 888 653 Justinianunt
925 593 1313 663 imperatorem
1345 591 1622 659 legatione
1657 605 1747 644 an.
1772 590 1900 655 550,
1937 607 2024 645 re-

431 705 624 745 versus
681 695 784 752 est,
839 685 981 739 haud
1040 684 1132 738 diu
1185 683 1307 737 dein
1357 693 1658 750 superstes.
1715 681 1847 735 Eum
1898 693 2024 736 unc

429 777 748 851 Scythopoli
810 775 1104 830 adiverunt
1172 771 1359 842 Cyrilli
1416 779 1695 841 parentes,
1727 781 1890 838 atque
1921 771 2022 840 ipsi

429 883 600 938 puero
651 867 1015 934 impetrarunt
1061 862 1526 917 benedictionem.
1582 860 1663 912 lta
1713 862 1778 912 de
1815 860 2024 929 seipse

427 961 664 1032 Cyrillus
698 960 749 1013 in
779 956 897 1011 Vita
924 957 982 1012 S.
1025 955 1183 1010 Saba:
1209 972 1222 1009 :
1249 973 1268 1006 ι
1303 953 1437 1007 Cum
1473 967 1558 1004 me
1589 967 1823 1021 magnus
1849 951 2023 1005 Sabas

426 1055 750 1122 aspexisset,
797 1060 851 1105 et
904 1048 1217 1111 salutasset,
1276 1055 1332 1100 ct
1393 1060 1490 1099 sua
1559 1045 1809 1113 dignatus
1869 1051 2019 1098 esset

427 1143 846 1208 benedictione;
889 1141 988 1195 Hic
1041 1139 1260 1202 exhinc,
1311 1135 1489 1204 inquit
1519 1136 1682 1203 patri,
1711 1142 1796 1188 est
1858 1149 2015 1189 meus

425 1233 747 1299 discipulus.
780 1231 1048 1285 Doceatur
1071 1243 1200 1299 ergo
1230 1225 1552 1281 Psalterium
1575 1241 1590 1278 :
1625 1238 1690 1278 eo
1713 1223 1858 1277 enim
1883 1239 2020 1294 Opus

428 1326 623 1381 habeo.
663 1343 680 1376 ι
713 1323 772 1378 1η
802 1321 932 1377 Vita
964 1321 1024 1376 S.
1059 1319 1299 1387 Quiriaci
1335 1317 1404 1374 9.9
1434 1316 1795 1386 Septembris,
1820 1317 2021 1370 dicitur

429 1418 596 1474 fuisse
629 1435 648 1468 ι
689 1431 753 1472 ex
791 1414 1122 1469 monasterio
1153 1410 1328 1480 Magni
1365 1407 1662 1478 Euthymii,
1691 1419 1746 1463 et
1775 1423 1804 1461 a
1837 1407 2018 1476 magni

420 1507 702 1579 Euthymii
745 1507 896 1560 laura
955 1506 1026 1558 ad
1066 1503 1129 1556 Β.
1165 1500 1321 1556 Saba:
1350 1500 1560 1554 lauram
1599 1497 1919 1564 accessisse,
1963 1505 2020 1552 ut

425 1603 634 1657 videret
664 1598 1040 1655 Silentiarium
1100 1594 1368 1650 Joannem
1423 1593 1761 1662 episcopum,
1811 1592 1899 1646 cui
1960 1591 2020 1646 fit

425 1697 675 1752 minister
715 1693 1020 1748 litterarum
1074 1689 1140 1743 ad
1197 1689 1260 1743 Β.
1328 1688 1671 1754 Quiriacum,
1700 1695 1756 1740 et
1802 1685 1870 1739 ab
1916 1686 2018 1741 hoc

415 1789 680 1844 didicisse
719 1800 806 1841 res
845 1795 1029 1856 gestas
1081 1780 1185 1837 SS.
1247 1779 1522 1850 Eutliymii
1572 1786 1627 1833 et
1667 1778 1843 1843 Sabm,
1875 1793 2014 1848 quas

2137 605 2342 661 autem,
2377 617 2395 650 ι
2427 609 2482 652 ιιι
2511 598 2710 653 ibidem
2751 598 2988 662 additur,
3032 617 3049 650 ι
3088 597 3240 653 locus
3283 597 3573 653 cosmiterii
3605 612 3727 666 spe—

2135 686 2313 751 lunca,
2339 689 2389 741 in
2422 706 2548 759 qua,
2579 704 2705 744 cum
2754 703 2783 742 a
2841 689 3010 761 Magis
3045 689 3237 746 illusus
3275 699 3420 744 esset
3460 686 3727 753 Herodes,

2127 773 2278 841 juxta
2326 777 2603 849 Evangelii
2633 780 2939 843 oraculum,
2997 780 3072 834 illi
3123 780 3246 835 inde
3272 779 3566 844 solventes,
3602 793 3724 832 cum

2133 864 2186 918 in
2217 867 2449 934 patriam
2503 870 2772 935 redirent,
2828 881 3171 926 manserunt.
3213 870 3272 925 In
3328 870 3430 924 hac
3467 869 3724 938 spelunca

2131 965 2354 1012 sanctus
2377 956 2538 1014 Pater
2570 971 2757 1016 noster
2789 961 3130 1017 Theodosius
3148 961 3562 1031 cttmjreligiosae
3599 960 3724 1014 vita:

2119 1053 2430 1106 certamina
2461 1052 2813 1120 coafeeisset,
2860 1055 3030 1124 gratia
3061 1055 3299 1110 donatus
3333 1062 3415 1109 est
3447 1055 3727 1109 daemones

2131 1141 2384 1210 ejiciendi
2426 1161 2440 1198 :
2477 1159 2652 1214 neque
2686 1155 2899 1202 tantum
2937 1149 2988 1201 in
3020 1147 3123 1203 hac
3160 1147 3492 1215 temporaria
3538 1147 3720 1201 brevi-

2129 1248 2234 1303 que
2265 1236 2394 1301 vita,
2426 1237 2518 1291 sed
2544 1238 2706 1292 etiam
2734 1247 2854 1308 post
2905 1239 3111 1294 obitum
3157 1239 3278 1294 illos
3304 1239 3455 1309 ejicit
3483 1238 3550 1292 ad
3579 1237 3724 1292 hunc

2131 1344 2301 1398 usque
2332 1330 2496 1394 diem,
2525 1331 2594 1386 ad
2631 1332 2858 1400 gloriam
2884 1342 2938 1388 et
2974 1333 3187 1387 laudem
3220 1333 3420 1388 Christi
3455 1333 3562 1387 veri
3604 1332 3724 1398 Dei,

2128 1427 2182 1473 et
2210 1419 2512 1475 Salvatoris
2538 1422 2834 1488 nostri,cui
2865 1425 3038 1494 gloria
3065 1423 3116 1476 in
3149 1421 3346 1477 saecula
3373 1422 3721 1476 smeulorun'i.

2127 1514 2320 1567 Amen.
2363 1532 2382 1565 ι
2425 1512 2553 1570 Haec
2578 1515 2632 1568 in
2669 1514 2860 1585 Elogio
2884 1516 3149 1582 auctoris,
3183 1531 3246 1570 ex
3276 1530 3406 1569 mss.
3437 1513 3720 1569 Graecisin

2128 1603 2414 1670 posteriori
2448 1604 2688 1660 editione
2712 1621 2742 1660 a
2773 1605 3078 1677 Rosweydo
3104 1616 3291 1662 nostro
3311 1607 3553 1677 praefixo,
3575 1605 3721 1676 quod

2125 1696 2193 1750 ab
2222 1697 2372 1751 obitu
2442 1700 2595 1769 psius
2627 1699 2831 1755 Moschi
2865 1700 2933 1755 ab
2961 1701 3141 1770 aliquo
3180 1701 3424 1770 ejusdem
3479 1699 3720 1756 ctenobl'i

2126 1791 2393 1845 monacho
2429 1793 2814 1848 concinnatum
2866 1795 3234 1864 suspicamur.
3269 1793 3432 1847 Multa
3464 1807 3528 1848 ex
3559 1807 3624 1849 eo
3663 1792 3717 1848 in

414 1881 775 1951 conscripsit.
831 1896 850 1930 ι
918 1877 1079 1932 Plura
1131 1874 1202 1928 ΞΟ
1230 1872 1471 1928 Januarii
1504 1873 1570 1926 ad
1605 1873 1768 1926 vitam
1823 1870 1882 1927 S.
1912 1871 2016 1925 Eu-
2052 1869 2094 1923 Β
2128 1881 2461 1938 Bibliotheca
2486 1882 2690 1952 Pharii,
2717 1896 2977 1942 lmemaie
3010 1886 3539 1954 199cimntur,Qum
3558 1900 3721 1958 pano

427 1975 639 2045 ttymii.
694 1972 821 2028 llam
884 1970 1153 2026 sufﬁciant
1192 1979 1248 2022 ut
1290 1967 1557 2038 professio
1589 1965 1731 2035 ejus,
1793 1974 1848 2020 et
1883 1974 2016 2020 actas

423 2075 759 2138 agnoscatur

496 2161 550 2216 8.
602 2159 782 2214 Alium
815 2167 992 2213 tamen
1021 2156 1088 2211 ab
1112 2155 1214 2210 hoc
1238 2153 1568 2210 arbitramur
1593 2152 1714 2207 vitae
1743 2150 1809 2206 S.
1834 2151 2016 2207 Theo-

425 2254 566 2309 dosii
603 2260 926 2318 auctorem;
982 2247 1066 2304 vel
1119 2248 1262 2314 ideo,
1329 2247 1476 2317 quod
1516 2260 1788 2316 nusquam
1841 2244 1891 2297 in
1952 2259 2016 2298 ea

349 2333 359 2343 ’
425 2347 632 2402 mentio
686 2345 784 2400 fiat
837 2352 935 2398 aut
961 2341 1020 2397 S.
1062 2341 1363 2412 Euthymii,
1395 2348 1489 2395 aut
1541 2347 1691 2394 certe
1735 2338 1794 2394 S.
1836 2337 2014 2401 Saliae,

426 2429 571 2495 inier
619 2453 780 2508 quem
817 2447 999 2492 tamen
1046 2443 1101 2490 et
1135 2434 1192 2489 S.
1224 2433 1592 2488 Theodosium
1622 2439 1840 2486 constat
1868 2446 2018 2486 sum-

424 2547 568 2587 mam
598 2530 900 2585 amicitiam
937 2535 1100 2597 atque
1144 2525 1570 2581 familiaritatem
1608 2523 2015 2588 intercessisse,

423 2635 483 2688 tu
537 2623 702 2686 infra,
737 2623 764 2694 ᾗ
812 2623 866 2686 5,
924 2618 1151 2690 patebit.
1189 2617 1393 2673 Deinde
1425 2616 1627 2670 multus
1665 2624 1750 2670 est
1784 2614 2019 2686 Cyrillus

415 2719 476 2771 in
510 2711 885 2770 describendis
933 2708 1366 2765 circumstantiis
1420 2706 1549 2769 loci,
1611 2705 1894 2775 temporis.
1930 2717 2018 2758 so-

414 2809 677 2870 ciorum,
745 2813 884 2868 etc.,
926 2816 1062 2870 quas
1119 2799 1260 2855 alter
1321 2798 1411 2854 vix
1470 2797 1709 2867 attingit.
1775 2795 2022 2864 Denique

415 2900 661 2970 seipsum
724 2896 852 2951 alibi
911 2895 1068 2960 citat,
1118 2905 1174 2950 et
1214 2894 1357 2948 vitas
1404 2905 1435 2947 a
1487 2905 1546 2947 se
1575 2890 1928 2960 descriptas:
1966 2898 2020 2944 at

423 3008 489 3048 ne
523 2992 742 3062 quidem
804 2990 859 3045 in
905 2988 964 3044 S.
1024 2987 1180 3044 Sabae
1226 2987 1394 3054 actis,
1441 2986 1532 3042 ubi
1583 2985 1745 3041 toties
1775 2983 2023 3038 meminit

414 3084 480 3139 S.
502 3081 816 3149 Theodosii,
847 3081 934 3137 vel
953 3080 1150 3136 leviter
1182 3079 1388 3135 indicat
1418 3093 1448 3133 a
1477 3092 1537 3135 se
1565 3077 1684 3149 ejus
1707 3091 1830 3132 esse
1855 3075 2019 3129 vitam

421 3179 800 3247 compositam.
1484 3238 1488 3241 ι

490 3270 547 3326 9.
609 3269 872 3323 Dicuntur
903 3265 1068 3331 infra,
1127 3280 1181 3317 ιι.
1218 3263 1309 3328 40,
1345 3262 1494 3316 multi
1526 3261 1838 3317 eruditione
1877 3260 2014 3314 insi-

419 3377 554 3434 gnes
597 3361 655 3415 S.
713 3359 1006 3416 Theodosii
1073 3357 1380 3411 institutum
1417 3353 1673 3424 amplexi,
1705 3361 1760 3408 et
1817 3368 1874 3407 ιι.
1905 3351 1974 3408 59
1998 3391 2013 3418 ,

421 3453 576 3509 multi
603 3467 666 3508 ex
701 3453 801 3508 hac
828 3449 1138 3506 eruditione
1168 3449 1461 3517 prodiisse,
1488 3446 1746 3502 Ecclesiae
1772 3446 2014 3516 episcopi

418 3557 473 3602 et
503 3555 775 3616 pastores,
797 3555 852 3600 et
888 3544 1161 3598 variorum
1212 3540 1670 3596 monasteriorum
1713 3538 2012 3593 antistites.

419 3637 615 3704 Quidni
648 3635 846 3706 aliquis
883 3636 1082 3690 horum
1117 3631 1407 3702 praeclaras
1436 3629 1685 3701 magistri
1738 3628 1821 3684 sui
1873 3629 2017 3698 opti-

416 3731 600 3799 mique
652 3729 899 3797 parentis
939 3729 1164 3782 virtutes
1216 3723 1635 3796 descripserit?
1678 3721 1830 3788 Quod
1871 3721 2014 3779 haud

415 3823 508 3876 diu
557 3831 682 3892 post
728 3820 850 3888 ejus
909 3818 1154 3884 obitum,
1207 3818 1307 3872 sub
1371 3830 1688 3872 successore
1741 3815 2013 3882 fortassis,

407 3913 619 3969 factum
647 3913 848 3968 indicat
875 3914 1072 3968 citatus
1103 3911 1275 3974 locus,
1309 3909 1364 3964 in
1391 3925 1501 3980 quo
1527 3919 1582 3963 et
1613 3908 1705 3979 qui
1746 3907 1804 3962 S.
1840 3906 2013 3964 Theo-

415 4005 579 4070 dosii,
613 4013 666 4059 et
687 4006 777 4074 qui
804 4004 924 4074 ejus
953 4002 1288 4057 successoris
1311 3999 1514 4055 eruditi
1543 4009 1672 4055 sunt
1704 3999 2011 4070 disciplina,

409 4103 832 4152 enumerantur.
886 4092 1012 4148 Fuit
1056 4093 1200 4146 inter
1246 4090 1542 4145 Theodosii
1593 4090 1890 4159 diScipulos
1917 4088 2014 4144 Ju-

411 4188 614 4252 lianus,
641 4201 798 4256 quem
852 4199 1078 4253 magnus
1115 4183 1476 4249 Theodosius,
1515 4190 1571 4236 ut
1601 4197 1658 4237 ιι.
1690 4180 1754 4234 71
1790 4181 2010 4252 legitur,

418 4300 438 4333 ι
478 4295 696 4350 semper
729 4278 961 4334 habebat
981 4279 1189 4333 socium
1231 4277 1357 4331 vita:
1385 4291 1452 4330 ex
1486 4274 1708 4331 Christo
1749 4277 1996 4347 agendae,

413 4377 738 4447 volebatque
782 4388 907 4429 cum
962 4386 1028 4428 eo
1059 4371 1458 4443 philosophari,
1506 4381 1562 4426 et
1597 4385 1719 4426 esse
1751 4386 1874 4425 eum
1908 4370 2009 4424 sibi

412 4471 621 4528 socium
670 4468 1001 4525 solitudinis.
1043 4485 1062 4520 ι
1103 4465 1178 4520 Ex
1230 4465 1345 4532 ejus
1400 4464 1687 4528 relatione,
1721 4471 1818 4517 aut
1872 4462 2012 4518 forte

2120 1973 2208 2027 hic
2258 1974 2325 2028 de
2368 1974 2562 2045 Magis,
2595 1977 2877 2045 sepultura
2908 1988 2960 2033 et
3003 1987 3274 2048 potestate
3313 1978 3371 2034 S.
3425 1975 3719 2032 Theodosii

2124 2067 2174 2120 iu
2211 2067 2485 2124 daemones
2522 2070 2860 2138 referuntur,
2895 2073 3082 2127 eadem
3139 2073 3392 2143 leguntur
3421 2073 3473 2126 in
3503 2070 3623 2126 Vita
3659 2086 3716 2124 ιι.

2119 2157 2173 2225 9,
2225 2158 2315 2228 10,
2374 2169 2504 2227 etc.,
2538 2177 2699 2230 quam
2729 2162 2937 2233 pridem
2968 2172 3126 2221 antea
3163 2164 3523 2236 conscriptam
3551 2161 3720 2217 luisse

2119 2251 2202 2306 vel
2261 2251 2384 2308 inde
2435 2255 2707 2325 conjicere
2739 2255 2820 2312 fas
2870 2265 2976 2323 est,
3017 2257 3145 2329 quia
3182 2257 3391 2328 alioqui
3449 2255 3568 2326 ejus
3610 2255 3722 2308 vir-

2123 2353 2263 2398 tutes
2320 2360 2427 2399 non
2484 2346 2623 2400 idem
2695 2358 3178 2405 commemorasset
3230 2347 3532 2414 Moschus,
3614 2346 3718 2400 nisi

2123 2434 2175 2487 in
2220 2436 2469 2490 omnium
2540 2435 2654 2506 jam
2721 2436 2913 2495 fuisset
2960 2440 3209 2495 manibus
3266 2439 3505 2511 scriptus
3561 2437 3724 2493 deiis

2127 2526 2363 2582 libellus.

2370 2665 2397 2736 ᾗ
2449 2665 2541 2720 III.
2588 2665 2752 2723 Etas
2813 2668 2946 2739 ejus.
2990 2668 3223 2739 Tempus
3261 2669 3456 2724 obitus.

2190 2794 2274 2849 to.
2325 2795 2387 2852 Ut
2433 2795 2670 2866 Cyrillus
2722 2798 2774 2853 in
2833 2800 3095 2870 temporis
3142 2801 3353 2857 ratione
3409 2800 3714 2858 adnotanda

2125 2885 2358 2958 diligens
2401 2887 2502 2942 fuit
2535 2895 2703 2958 atque
2744 2899 3058 2958 accuratus,
3110 2892 3181 2947 ita
3238 2892 3328 2947 hic
3379 2901 3568 2947 auctor
3595 2909 3715 2948 eam

2126 2978 2238 3034 fere
2271 2980 2544 3050 neglexit,
2571 2997 2738 3036 unum
2766 2983 2868 3037 hoc
2903 2983 3106 3039 dixisse
3140 2993 3432 3040 contentus
3462 2985 3623 3051 n.84,
3656 2985 3715 3041 S.

2124 3068 2492 3128 Theodosium
2519 3075 2740 3140 obiisse,
2777 3091 2899 3131 cum
2944 3091 3116 3132 annos
3152 3077 3375 3134 vixisset
3403 3087 3620 3134 centum
3663 3089 3720 3136 et

2124 3165 2367 3236 quinque
2421 3175 2477 3220 et
2525 3168 2687 3238 paulo
2740 3169 2994 3238 amplius.
3053 3169 3132 3224 Ex
3175 3186 3306 3240 quo,
3333 3171 3382 3227 si
3410 3187 3584 3228 annus
3625 3180 3722 3228 aut

2123 3257 2422 3314 nativitatis
2455 3269 2550 3313 aut
2579 3261 2761 3316 obitus
2810 3262 2882 3317 sit
2928 3274 3264 3334 compertus,
3296 3267 3505 3336 reliqua
3565 3268 3723 3323 facile

2118 3348 2478 3405 deducentur.
2511 3351 2749 3423 Tempus
2781 3355 2968 3409 obitus
2999 3357 3149 3426 (nam
3183 3373 3302 3426 qua:
3327 3373 3494 3413 senex
3539 3361 3720 3428 potis-

2119 3440 2318 3496 simum
2364 3443 2552 3512 gessit,
2603 3459 2666 3500 ea
2699 3445 3013 3516 diligentius
3066 3451 3340 3520 descripta
3394 3453 3544 3521 sunt)
3571 3453 3722 3522 prius

2116 3531 2528 3603 inquirendum.
2570 3535 2889 3606 Supervixit
2939 3539 2996 3595 S.
3040 3541 3379 3599 Theodosius
3432 3543 3722 3600 Anastasio

2119 3622 2434 3692 imperatori
2502 3631 2579 3696 (ιι.
2607 3626 2698 3698 55)
2728 3631 2998 3686 exstincto
3030 3647 3118 3687 an.
3145 3634 3249 3688 Cb.
3303 3632 3430 3689 5l8.
3464 3633 3720 3690 Prtedixit

2121 3722 2487 3770 terrmmotum
2519 3717 2823 3777 Antiochiae
2859 3722 2940 3791 (ιι.
2967 3722 3058 3793 76)
3086 3725 3294 3792 aliquot
3324 3726 3517 3782 diebus
3540 3727 3716 3798 prius-

2117 3819 2278 3873 quam
2335 3807 2509 3872 tieret,
2558 3824 2648 3865 an.
2706 3811 2810 3868 Ch.
2848 3811 2975 3870 526.
3004 3813 3312 3884 Sepultum:
3345 3817 3462 3886 ejus
3523 3818 3602 3890 (ιι.
3625 3816 3720 3887 87)

2119 3898 2366 3956 interfuit
2411 3900 2606 3959 Petrus
2654 3904 2728 3959 111
2769 3907 2928 3976 hujus
2955 3909 3190 3963 nominis
3217 3908 3722 3982 Hierosolymorum

2117 3994 2451 4063 patriarcha,
2487 3999 2576 4066 qui
2621 3997 2818 4053 Joauni
2846 3999 2914 4067 ll,
2946 4016 3035 4055 an.
3063 3999 3191 4069 5'24,
3217 4001 3288 4055 22
3322 4003 3498 4072 April.
3527 4004 3636 4059 ind.
3659 4003 3717 4068 2,

2118 4097 2333 4142 mortuo
2362 4093 2650 4158 successit,
2685 4107 3000 4162 supremum
3045 4097 3188 4150 diem
3234 4097 3433 4152 clausit
3461 4113 3550 4153 an.
3589 4097 3718 4154 546.

2118 4180 2246 4238 lla'c
2282 4197 2348 4239 ex
2390 4181 2509 4239 Vita
2533 4183 2874 4255 Nicephorth
2897 4187 3156 4243 Callistus
3188 4189 3226 4243 l.
3256 4205 3370 4244 xvu
3398 4194 3541 4246 Hist.
3585 4194 3715 4248 accf.

2116 4290 2166 4331 c.
2190 4275 2282 4341 24,
2309 4278 2376 4331 ita
2401 4277 2590 4333 scribit
2622 4294 2635 4332 :
2669 4299 2685 4331 ι
2708 4277 3017 4336 Justiniano
3037 4282 3209 4339 adhuc
3227 4283 3518 4354 imperium
3542 4287 3718 4341 admi-

2117 4370 2409 4434 nistrante,
2440 4377 2495 4426 et
2527 4386 2758 4442 magnus
2789 4373 2877 4428 ille
2896 4371 3105 4430 Sabhas
3136 4386 3189 4431 et
3213 4377 3512 4447 prmclarus
3539 4379 3717 4434 Theo-

2115 4461 2327 4529 dosius,
2358 4464 2528 4519 eremi
2561 4467 2841 4534 praesides,
2892 4468 3218 4536 superstites
3272 4481 3452 4526 erant.
3512 4472 3714 4527 Verum

413 4561 577 4618 ctiatn
631 4558 1060 4622 commentariis,
1127 4556 1271 4611 haud
1328 4570 1498 4624 pauca
1562 4554 1812 4609 hausisse
1865 4554 2008 4608 hunc
2039 4558 2267 4629 οι)ιὶοι
2287 4554 2634 4613 Theodosius
2666 4558 2734 4614 ad
2794 4559 2961 4614 Deum
2996 4562 3238 4618 transiit.
3289 4563 3499 4620 Sahhas
3529 4577 3712 4620 autem

415 4663 718 4719 auctorem,
759 4652 1031 4721 conjicere
1064 4651 1192 4705 licet
1227 4665 1291 4704 ex
1321 4650 1386 4704 iis
1418 4662 1560 4717 quat,
1593 4663 1644 4705 c.
1680 4646 1776 4713 '16,
1822 4665 1875 4701 ιι.
1909 4647 2000 4713 Ἡ,

413 4749 690 4802 dicuntur.
750 4745 873 4800 Fuit
905 4760 1032 4800 vero
1069 4742 1322 4798 Julianus
1364 4742 1446 4794 vir
1486 4755 1734 4809 magnus,
1778 4739 2003 4808 dignus-

413 4856 520 4911 que
577 4849 728 4894 tanto
784 4839 1046 4906 magistro
1101 4834 1402 4904 discipulus
1436 4875 1449 4894 ,
1506 4834 1622 4902 ipso
1673 4834 1839 4886 etiam
1888 4842 2002 4886 tum

414 4936 626 4990 vivente
681 4932 857 4987 factus
913 4932 1204 5000 episc0pus
1275 4928 1620 4992 Bostrensis,
1675 4937 2004 4994 coactusque

411 5028 556 5099 quod
591 5027 793 5082 Severo
823 5023 1166 5078 Antiocheno
1197 5022 1454 5076 haeretica
1477 5019 1788 5074 consentire
1812 5018 1999 5083 nollet,

413 5125 592 5192 tugam
629 5121 769 5176 ultro
826 5118 1095 5187 arripere,
1132 5127 1189 5168 ut
1240 5114 1528 5184 Evagrius,
1589 5111 1624 5166 l.
1679 5128 1758 5176 ιιι,
1815 5127 1864 5166 c.
1908 5110 1997 5167 55.

409 5216 570 5286 isque
605 5215 722 5285 ipse
754 5221 860 5276 est,
899 5210 1054 5280 cujus
1096 5207 1285 5273 vitam,
1315 5220 1412 5260 seu
1443 5206 1625 5276 potius
1677 5205 1999 5258 miraculum

410 5311 599 5366 calicis
653 5308 930 5370 venenati,
980 5304 1137 5371 signo
1195 5299 1376 5356 crucis
1419 5308 1545 5352 ante
1576 5298 1742 5362 edito,
1782 5299 2000 5352 innoxie

407 5404 576 5471 epoti,
615 5409 824 5466 narrat,
875 5414 924 5454 c.
975 5397 1047 5455 94
1075 5394 1230 5449 Prati
1291 5394 1591 5464 spiritantia
1627 5392 1864 5448 Joannes
1891 5393 2000 5450 Mo-

410 5498 614 5563 schus;
643 5495 732 5564 qui
765 5504 822 5550 et
844 5497 982 5564 ipse,
1014 5503 1074 5547 ut
1104 5491 1156 5547 in
1185 5489 1506 5562 praefatione
1532 5487 1714 5557 Operis
1739 5486 1994 5554 refertur,

414 5607 434 5638 ι
489 5588 758 5656 principio
807 5588 1030 5656 quidem
1085 5584 1287 5642 saeculo
1333 5582 1669 5638 renuntiavit
1708 5583 1760 5636 in
1803 5597 1996 5636 mona-

410 5679 579 5731 sterio
604 5678 662 5730 ὃ.
691 5675 752 5730 Ρ.
787 5678 850 5732 Ν.
871 5678 1164 5734 Theodosii
1210 5675 1423 5732 abbatis
1453 5684 1508 5729 et
1549 5674 1995 5730 archimandritas

411 5766 678 5826 omnium,
734 5783 853 5834 qua:
876 5777 1004 5822 sunt
1027 5767 1420 5839 Hierosolymis
1448 5768 1847 5833 coenobiorum,
1881 5772 1994 5825 sive

415 5854 890 5921 monasteriorum,
958 5875 975 5906 ›
1029 5860 1094 5912 ad
1146 5859 1300 5927 cujus
1345 5859 1704 5915 cwiiiitcrium
1750 5859 1992 5929 reliquite

2113 4649 2527 4718 nonagesimum
2586 4659 2716 4707 tunc
2744 4667 2913 4723 agens
2942 4671 3146 4710 annum
3179 4657 3247 4711 ab
3285 4655 3516 4714 Eliensi
3567 4661 3714 4714 anti-

2110 4745 2239 4798 stite
2255 4743 2460 4813 legatus
2476 4745 2672 4800 iterum
2689 4743 3224 4820 Constantinopolim
3249 4751 3314 4805 ad
3331 4749 3703 4807 Justinianum

2113 4836 2165 4891 in
2199 4839 2344 4892 tenui
2367 4849 2527 4908 atque
2557 4840 2813 4895 imbecilli
2845 4841 3136 4898 admodum
3165 4855 3384 4900 senecta
3416 4846 3709 4915 fluctuans,

2111 4930 2392 5001 profectus
2415 4943 2522 4986 est.
2553 4931 2882 4987 Samaritani
2915 4929 3167 5006 namque,
3210 4935 3427 4994 Juliano
3470 4942 3708 5010 quodam

2113 5039 2240 5093 rege
2271 5024 2373 5080 sibi
2420 5033 2630 5092 creato,
2667 5026 2934 5096 plurimas
2985 5027 3314 5085 Christianis
3347 5031 3583 5101 superbe
3621 5033 3705 5085 in-

2107 5117 2282 5188 jurias
2331 5116 2586 5182 tulerant,
2626 5137 2646 5171 ι
2704 5129 2813 5174 etc.
2860 5135 2981 5190 quae
3018 5118 3360 5192 Nicephorus
3401 5141 3434 5180 e
3487 5125 3602 5180 Vita
3645 5125 3702 5178 S.

2112 5212 2271 5266 Saba:
2309 5210 2744 5280 dcsumpsil,ubi
2769 5226 2832 5266 ea
2873 5212 2952 5266 sic
2993 5211 3158 5268 refert
3191 5214 3424 5286 Cyrillus
3467 5232 3481 5268 :
3517 5234 3537 5268 ι
3570 5217 3704 5272 Cum

2103 5306 2216 5375 jam
2245 5313 2426 5358 autem
2469 5304 2755 5374 imperium
2808 5307 3199 5376 assumpsisset
3253 5307 3620 5378 Justinianus,
3651 5321 3707 5366 et

2107 5413 2288 5451 rermn
2323 5397 2656 5465 suscepisset
2677 5397 3242 5469 administrationem,
3264 5406 3458 5472 agebat
3484 5406 3701 5473 quidem

2107 5493 2167 5547 Β.
2204 5491 2378 5547 Sahas
2401 5489 2461 5544 9|
2503 5505 2726 5553 annum,
2779 5490 2939 5544 ﬁnem
3002 5507 3135 5546 vero
3165 5494 3285 5547 vita:
3316 5507 3599 5566 acceperat
3622 5499 3707 5550 di-

2108 5584 2266 5639 vinus
2299 5581 2657 5636 Theodosius.
2711 5581 2814 5647 Qui
2876 5582 2928 5635 in
2981 5581 3268 5639 Palaestina
3315 5585 3533 5656 quidem
3583 5598 3704 5644 erat

2105 5676 2336 5746 pupulus
2375 5674 2874 5738 Samaritanorum,
2911 5690 3033 5730 cum
3074 5673 3346 5732 Julianum
3382 5685 3697 5750 quemdam,

2103 5771 2193 5840 qui
2229 5771 2343 5837 ipse
2366 5781 2583 5836 quoque
2604 5777 2722 5838 erat
2744 5765 3149 5834 Samaritanus,
3182 5771 3286 5826 sibi
3318 5788 3496 5841 regem
3522 5790 3705 5829 ert-as-

2102 5873 2247 5929 sent,
2276 5861 2472 5916 inultas
2507 5859 2736 5928 injurias
2778 5861 3051 5919 faciebant
3101 5865 3452 5934 Christianis,
3512 5886 3532 5919 ι
3587 5877 3695 5922 etc.
