4152 6408
504 428 611 486 111

1201 425 1381 487 VITA
1421 428 1485 488 S.
1526 426 1943 489 THEODOSII
1983 430 2114 490 (ἷεεῖ

2218 431 2326 490 BM
2340 430 2582 496 iiCHt‘E.
2613 458 2637 469 ·
2676 454 2683 459 ·
2711 434 2993 497 ΡΒΟΟΞΜ
3006 438 3102 498 ῐΛ.

3692 440 3800 505 ibi!

504 543 773 601 Petavius
801 552 996 598 uoster
1022 543 1061 598 i.
1088 559 1187 598 xm
1245 544 1319 599 De
1348 546 1597 599 doctrina
1633 557 1948 615 temporum,
1979 547 2115 601 scri-
2140 549 2193 610 Α
2218 549 2334 618 ejus
2367 550 2709 614 monasterii,
2764 551 3052 608 Theodosii
3099 554 3308 623 legatus
3336 554 3677 625 subscriptus
3715 563 3798 611 ei-

504 640 592 696 bit
617 634 833 693 an.'Ch.
864 634 993 699 529,
1018 633 1185 691 Junio
1216 652 1426 703 mense,
1463 653 1491 691 a
1524 636 1886 693 Samaritanis
1921 649 1975 694 et
2003 638 2103 695 Ju-

506 728 642 785 dzcis
664 714 1057 783 rebellantibus
1076 728 1218 782 hunc
1233 725 1509 783 Jnlianum
1530 744 1708 799 regem
1722 731 2104 805 constitutum,

501 830 566 876 et
598 818 796 877 deinde
844 834 875 874 a
917 820 1093 889 copiis
1146 818 1443 875 Justiniani
1474 835 1597 873 cum
1643 822 1757 875 suis
1814 822 2106 878 rebellibus

472 890 926 1000 jinteremptum.
958 909 1118 965 Anno
1147 912 1395 980 sequenti
1436 909 1543 967 550
1578 911 1746 967 refert
1782 912 2104 982 legationem

505 1005 570 1058 ὃ.
612 1003 773 1059 Saba!
822 1003 891 1058 ad
954 1002 1347 1068 Justinianum,
1388 1019 1498 1076 quo
1551 1012 1795 1074 tempore
1842 1006 1899 1061 S.
1935 1007 2108 1063 Sabas

504 1095 702 1163 agebat
733 1108 939 1148 annum
963 1093 1139 1149 astatis
1158 1092 1250 1160 91,
1309 1103 1497 1163 utpote
1518 1102 1682 1149 natus
1706 1096 1808 1149 sub
1822 1095 2107 1151 consulatu

506 1187 578 1242 17
604 1184 927 1241 Theodosii.
963 1184 1016 1239 id
1077 1192 1161 1240 est
1192 1199 1337 1241 anno
1388 1183 1521 1239 Chr.
1565 1184 1698 1253 439,
1728 1195 1786 1240 ut
1818 1202 1883 1241 ex
1922 1186 2107 1258 Cyrilii

477 1279 818 1336 ~assertionc
849 1277 1251 1348 apparetinitio
1275 1274 1413 1332 Vitae
1439 1277 1499 1331 S.
1532 1276 1714 1333 Sabae.
1746 1277 1957 1334 Obierit
1979 1294 2110 1350 ergo

503 1373 572 1428 ὃ.
605 1370 950 1428 Theodosius
980 1369 1085 1425 hoc
1112 1369 1172 1423 11
1213 1368 1488 1435 Januarii,
1522 1385 1667 1425 anno
1688 1370 1789 1426 Ch.
1818 1370 1950 1436 5‘29,
1983 1381 2110 1427 ante

513 1466 821 1522 inchoatam
847 1460 1117 1517 Samarita
1130 1477 1324 1518 norum
1345 1464 1693 1531 seditionem,
1712 1468 1952 1520 secundo
1968 1480 2110 1519 anno

520 1557 729 1627 imperii
773 1554 1094 1621 Justiniani,
1156 1555 1247 1625 qui
1286 1554 1507 1611 JnSIino
1533 1556 1798 1611 avunculo
1825 1572 1968 1610 anno
2002 1556 2107 1612 527

529 1648 801 1719 Augusti!
832 1647 989 1703 111112
1021 1648 1551 1720 (variantattclores)
1586 1648 1863 1713 defuncto,
1895 1664 2114 1704 succes-

526 1751 674 1797 serat
700 1740 828 1812 ipsis
874 1739 1289 1796 ante-Kalendis
1336 1742 1540 1811 Aprilis
1592 1741 1728 1796 feria
1779 1742 1812 1797 5
1850 1742 1900 1795 111
1942 1741 2109 1817 Coena

512 1834 755 1900 Domini,
791 1834 858 1889 ab
888 1848 976 1889 'eo
1029 1833 1326 1902 imperator
1378 1842 1617 1889 creatus.
1647 1834 1766 1902 Quo
1810 1836 2112 1905 imperante

2210 642 2332 693 dent
2373 641 2554 695 libello
2597 642 2818 713 lcgi'ttr.
2848 642 3075 699 Vivebat
3126 647 3307 699 adhuc.
3353 648 3569 715 quidem
3618 648 3799 704 Thr-o-

2209 733 2397 789 dositts
2430 734 2569 803 ipse,
2602 734 2669 789 de
2692 745 2819 805 "quo
2855 735 2955 790 ista
3014 739 3065 790 in
3106 739 3222 808 ejus
3260 741 3391 799 ri'a.
3428 752 3543 809 post
3571 741 3673 795 alia
3705 741 3799 794 sn.

2209 835 2394 894 scepta
2430 839 2530 895 pro
2578 826 2681 880 lide
2736 826 3036 882 orthodoxa
3094 831 3417 892 certamina.
3477 831 3737 903 leguntur
3782 853 3798 889 :

2206 912 2343 969 Cum
2377 915 2442 969 de
2478 930 2543 969 eo
2575 914 2908 986 (Theodosio
2939 917 3171 988 scilicet)
3213 920 3574 978 intellexisset
3622 934 3675 978 et
3704 923 3800 995 qui

2213 1006 2413 1063 veteris
2442 1005 2630 1063 Romae
2653 1010 2838 1064 sedem
2867 1009 3095 1080 pulchre
3120 1013 3342 1067 tenebat
3366 1013 3436 1085 (is
3466 1024 3647 1070 autem
3682 1026 3804 1072 erat

2214 1099 2512 1171 Agapitus)
2567 1109 2622 1156 et
2695 1101 2785 1171 qui
2853 1102 3253 1158 Antiochenam
3321 1107 3504 1161 sedem
3573 1107 3804 1178 regebat.

2212 1190 2493 1261 Ephraim,
2516 1192 2632 1248 sive
2658 1191 2906 1263 Ephrtem
2930 1211 2946 1261 ;
2979 1194 3082 1265 ipsi
3107 1210 3323 1267 quoque
3352 1198 3567 1268 populis
3594 1209 3802 1254 rectam

2213 1281 2373 1337 ﬁdem
2411 1283 2801 1354 praedicabant.
2833 1285 2892 1339 In
2916 1287 3114 1356 quibus
3146 1288 3314 1344 multa
3338 1300 3459 1346 sunt
3495 1290 3561 1345 ad
3588 1291 3803 1346 laudem

2214 1375 2378 1445 hujus
2409 1375 2551 1432 beati
2587 1379 2917 1448 composita,
2957 1395 3079 1450 qute
3123 1398 3229 1438 non
3261 1383 3527 1438 minorem
3574 1384 3801 1456 gloriam

2212 1467 2445 1525 afferunt
2480 1470 2548 1524 iis
2575 1470 2668 1541 qui
2704 1470 3066 1541 scripserunt,
3099 1487 3263 1543 quam
3305 1474 3352 1529 ei
3386 1476 3476 1545 qui
3540 1476 3804 1534 laudaba-

2217 1571 2328 1628 tur,
2360 1562 2503 1633 quod
2535 1577 2642 1617 non
2680 1564 2746 1617 ad
2799 1564 3053 1634 gratiam,
3085 1568 3180 1620 sed
3215 1565 3372 1634 plane
3417 1568 3484 1623 ad
3518 1571 3803 1626 veritatem

2216 1654 2375 1710 ﬁeret
2414 1655 2673 1710 laudatio.
2730 1675 2750 1708 1
2794 1656 2865 1710 ita
2900 1656 3186 1713 Batonius.
3218 1656 3416 1713 Verum
3456 1674 3634 1730 neque
3661 1663 3804 1732 Aga-

2214 1758 2376 1816 petus
2420 1750 2580 1816 papa,
2640 1763 2818 1817 neque
2880 1749 3138 1816 Ephraim
3172 1751 3510 1820 patriarcha,
3543 1753 3804 1811 dicuntur

2216 1840 2397 1894 vivum
2429 1839 2680 1895 laudasse
2715 1842 2775 1895 S.
2806 1841 3207 1909 Theodosium;
3250 1844 3344 1897 sed
3375 1861 3495 1899 cum
3523 1858 3801 1904 certamen

515 1925 879 1995 supervixerit
951 1923 1010 1979 S.
1052 1923 1395 1980 Theodosius
1442 1941 1588 1981 anno
1635 1941 1769 1993 uno,
1832 1926 2111 1984 mensibus
2138 1924 2186 1985 B
2215 1930 2356 2000 ejus,
2393 1946 2515 1986 cum
2546 1932 2838 1988 Anastasio
2871 1932 3063 2002 imper.
3100 1950 3199 2003 pro
3236 1934 3337 1989 lide
3365 1937 3802 2007 orthodoxajam

512 2018 775 2088 quinque,
810 2026 902 2072 aut
930 2032 1145 2072 novem.
1191 2017 1310 2085 Quo
1361 2024 1607 2087 tempore
1656 2019 1894 2074 Kericus
1939 2019 2112 2075 victo-

509 2110 651 2165 riam
673 2112 742 2165 de
766 2108 946 2164 Persis
976 2094 1298 2179 reportavit,
1323 2110 1545 2165 indutus
1571 2108 1631 2165 S.
1658 2109 1951 2167 Theodosii
1987 2111 2109 2167 cili-

510 2203 623 2269 cio,
677 2203 905 2273 ejusque
931 2200 1302 2258 admonitione
1328 2213 1455 2257 ante
1494 2204 1867 2272 conﬁrmatus,
1898 2205 2113 2262 11111.πό

511 2305 572 2352 et
598 2295 668 2351 74
685 2295 909 2351 dicitur.
941 2293 1036 2349 liis
1056 2294 1131 2350 ita
1147 2296 1484 2361 constitutis,
1506 2305 1666 2352 natus
1685 2294 1851 2353 fuerit
1867 2297 2115 2355 S.Theo—

512 2388 698 2444 dosius
724 2403 816 2443 an.
853 2387 954 2443 Ch.
983 2388 1111 2443 125.
1140 2387 1523 2445 Discesserite
1536 2391 1731 2460 patria,
1754 2400 1873 2462 post
1899 2406 2110 2448 sacram
2157 2402 2191 2422 ο

514 2482 857 2551 Scripturam
889 2479 1088 2551 populo
1111 2479 1203 2536 diu
1237 2480 1573 2550 praelectam,
1600 2498 1655 2538 11.
1685 2482 1739 2549 4,
1767 2492 1911 2539 anno
1924 2485 2106 2540 aetatis

510 2576 608 2642 28,
650 2575 852 2632 Christi
883 2573 1015 2643 451,
1043 2574 1171 2631 dum
1194 2572 1662 2632 Chalcedonensis
1711 2578 1948 2650 synodus
1975 2592 2110 2635 con-

508 2669 871 2742 gregabatur.
904 2687 926 2720 1

591 2763 679 2816 11.
714 2762 978 2819 Baronins
1006 2772 1139 2820 tum.
1184 2762 1278 2817 Vll
1329 2762 1524 2817 Annal.
1562 2763 1688 2821 ccci.
1728 2780 1817 2818 an.
1849 2765 1947 2820 Ch.
1982 2766 2109 2832 552,

514 2873 576 2911 n.
611 2855 704 2920 2i,
742 2864 930 2909 censet
979 2873 999 2907 1
1042 2850 1419 2909 Theodosium
1456 2854 1613 2924 longe
1661 2864 1783 2924 post
1817 2854 1877 2913 ὃ.
1909 2855 2112 2911 Sabam

511 2946 662 3000 diem
691 2955 997 2999 extremum
1031 2942 1318 3009 clausisse,
1371 2950 1428 2998 et
1447 2943 1655 2999 vixisse
1696 2945 1875 3001 adhuc
1898 2955 2112 3015 tempo-

514 3040 674 3095 ribus
695 3038 920 3109 Agapcti
950 3036 1179 3092 Romani
1214 3033 1528 3102 Pontiﬁcis;
1576 3037 1762 3107 itaque
1783 3037 1960 3108 ‘plane
1990 3052 2113 3092 cor-
2136 3038 2161 3052 '

515 3131 832 3202 rigendum,
866 3131 1010 3201 quod
1043 3131 1290 3187 additum
1339 3139 1421 3187 est
1456 3131 1507 3185 in
1543 3131 1683 3186 actis
1719 3129 1898 3195 Sahw,
1930 3130 2109 3185 Theo-

515 3225 734 3281 dosium
757 3232 883 3278 ante
905 3240 1029 3280 eum
1060 3223 1203 3280 diem
1222 3225 1445 3282 obiisse.
1482 3244 1504 3278 1
1542 3224 1664 3279 11ωο
1692 3224 1979 3278 Baronins.
2005 3221 2110 3276 Sed

2216 2026 2424 2096 pridem
2456 2025 2673 2091 initum,
2710 2026 2837 2081 huic
2867 2026 3172 2082 laudationi
3223 2026 3424 2084 ibidem
3464 2046 3519 2084 n.
3552 2030 3643 2097 55,
3672 2047 3805 2087 con-

2208 2116 2492 2188 iungatur,
2547 2118 2765 2175 videtur
2823 2120 3041 2176 oblatus
3094 2122 3163 2176 ab
3206 2121 3325 2190 ejus
3386 2125 3804 2181 successoribus

2214 2210 2430 2269 libellus
2471 2214 2816 2269 occasionem
2867 2213 3170 2286 praebuisse
3237 2214 3492 2271 laudandi
3560 2232 3668 2274 non
3726 2219 3805 2275 ita

2216 2304 2424 2374 pridem
2457 2304 2775 2362 defunctum
2821 2306 3211 2375 Theodosium,
3249 2309 3557 2379 piissimum
3612 2327 3803 2368 eormn

2215 2408 2497 2467 parentem
2562 2409 2619 2453 et
2676 2400 2993 2456 monasterii
3038 2399 3408 2457 t'uudatorem.
3443 2400 3673 2458 Creatus
3721 2414 3806 2458 est

2215 2490 2490 2561 Agapetus
2541 2491 2603 2546 11
2656 2490 2801 2548 Junii
2851 2492 2977 2548 anni
3034 2492 3178 2561 555,
3226 2493 3458 2550 decessit
3511 2509 3657 2550 anno
3712 2511 3805 2551 se-

2216 2582 2425 2652 quenti.
2812 2588 2817 2591 ‘

2288 2672 2375 2728 15.
2409 2671 2612 2727 Deinde
2652 2670 2864 2728 difﬁcile
2891 2672 3118 2741 probatu
3151 2683 3235 2731 est
3268 2674 3602 2749 Hesychinm
3657 2679 3803 2734 hunc

2216 2763 2329 2835 (qui
2398 2764 2643 2835 lsychus,
2704 2762 2938 2820 isichius
2992 2765 3211 2838 dicitur)
3259 2768 3486 2823 missum
3548 2769 3715 2825 fuisse
3772 2787 3805 2824 a

2216 2855 2279 2911 Β.
2308 2854 2619 2910 Theodosio
2649 2865 2761 2909 tum
2805 2856 3132 2924 superstite;
3166 2864 3223 2911 et
3272 2871 3378 2911 non
3419 2858 3600 2927 potius
3643 2873 3672 2912 a
3705 2857 3809 2913 So-

2214 2947 2445 3019 phronio
2486 2947 2605 3017 ejus
2654 2960 3000 3002 successore.
3033 2945 3111 3001 Ita
3157 2948 3304 3002 enim
3356 2951 3573 3005 actione
3611 2965 3630 3005 1
3662 2951 3809 3021 ejus-

2216 3041 2337 3094 dem
2368 3041 2582 3110 synodi,
2624 3039 2675 3092 in
2719 3039 2901 3093 libello
2932 3056 2960 3093 a
2999 3048 3178 3094 morte
3223 3042 3448 3111 Agapeti
3498 3042 3567 3097 ab
3612 3042 3806 3097 iisdem

2219 3134 2500 3187 nulum-his
2529 3132 2712 3186 oblato
2751 3133 3165 3188 subscribitur:
3207 3151 3225 3185 1
3277 3134 3580 3206 Hesychius
3625 3137 3807 3192 divina

2220 3244 2247 3271 x:
2277 3224 2567 3278 iserationc
2589 3225 2872 3296 presbyter
2900 3235 2953 3279 ct
2986 3225 3288 3282 monachus
3313 3228 3628 3281 monasterii
3658 3228 3808 3284 beati

513 3319 795 3390 quomodo
842 3318 895 3374 id
950 3319 1104 3376 Actis
1136 3320 1377 3375 additum
1413 3319 1639 3390 probat?
1691 3317 1806 3389 Ipse
1834 3324 1874 3371 t.
1902 3313 1993 3384 Vl,
2020 3332 2109 3372 an.
2143 3309 2182 3326 ”
2225 3317 2435 3372 uiduitis
2465 3316 2797 3384 Theodosii,
2850 3316 3027 3372 l0t-um
3066 3326 3256 3374 tenens
3307 3316 3598 3386 Sophronii
3653 3334 3811 3391 pres-

515 3410 652 3466 Chr.
678 3409 807 3474 ΠΒ,
834 3426 891 3465 11.
918 3409 1009 3478 45,
1040 3409 1183 3469 hunc
1224 3431 1245 3465 1
1281 3413 1545 3484 Cyrillum
1574 3411 1895 3480 diligentem
1933 3416 1987 3463 et
2022 3423 2112 3463 ve-

516 3504 698 3561 ritatis
737 3504 998 3559 cultorem
1032 3505 1248 3560 illorum
1287 3516 1587 3576 temporum
1619 3501 1903 3557 ﬂorentem
1940 3502 2111 3556 histo-

516 3600 695 3654 ricum
724 3598 960 3663 dixerat,
1002 3615 1020 3650 1
1058 3609 1109 3652 et
1141 3613 1233 3652 an.
1283 3597 1387 3652 Ch.
1444 3595 1573 3661 491,
1634 3613 1690 3650 11.
1737 3593 1791 3662 5,
1829 3594 2111 3648 historiam

520 3693 642 3762 ejus
674 3710 696 3744 1
734 3693 876 3746 scitu
937 3692 1156 3762 dignam
1191 3730 1207 3757 ,
1263 3701 1318 3745 et
1374 3688 1681 3744 Annalibus
1724 3686 2115 3743 ecclesiasticis

521 3797 816 3854 congruam
851 3792 1107 3849 vocarat;
1161 3797 1284 3836 cum
1339 3780 1671 3851 praesertim,
1718 3779 1916 3844 inquit,
1943 3790 1971 3829 a
2004 3774 2110 3846 Cy-

532 3872 655 3927 rillo
676 3874 937 3929 monacho
970 3873 1239 3943 discipulo
1269 3870 1579 3927 admirandi
1628 3870 1774 3942 illius
1811 3868 2110 3939 Euthymii,

544 3965 628 4033 qui
664 3964 743 4020 his
763 3966 982 4029 vivebat
1037 3966 1394 4035 temporibus,
1438 3964 1639 4032 scripta
1685 3962 1867 4015 fuerit.
1929 3959 2116 4014 Liceat

533 4057 735 4125 absque
763 4059 964 4114 invidia
1006 4058 1209 4122 dicere,
1260 4074 1348 4113 me
1392 4059 1664 4112 neminem
1695 4055 1965 4125 reperisse
1994 4051 2116 4123 past

527 4149 629 4207 SS.
650 4153 1014 4209 Athanasium
1050 4160 1215 4223 atque
1241 4150 1657 4222 Hieronymum,
1679 4149 1769 4218 qui
1802 4146 1993 4218 majori
2012 4146 2115 4201 ﬁde

520 4245 809 4316 scripserit
840 4244 1314 4300 sanctissimorum
1352 4244 1604 4309 virorum
1673 4257 1761 4296 tes
1790 4250 1993 4312 gestas,
2029 4238 2112 4293 di-

519 4350 722 4407 gerens
752 4351 846 4391 eas
868 4346 1032 4406 atque
1061 4336 1402 4407 diStinguens
1437 4341 1692 4388 accurate
1727 4347 1823 4402 per
1847 4341 2113 4402 tempora,

520 4445 588 4486 ac
615 4431 733 4501 ipse
768 4431 1025 4502 Cyrillus,
1065 4430 1197 4485 dum
1246 4445 1369 4499 quae
1425 4429 1542 4498 ipse
1591 4430 1748 4495 vidit,
1783 4427 1865 4482 vel
1900 4433 2117 4482 saneto-

521 4541 644 4579 rum
679 4524 828 4579 omni
858 4524 1130 4594 probitate
1153 4522 1526 4593 praestantium
1574 4521 1817 4576 virorum
1855 4518 2116 4575 relatione

2224 3393 2397 3481 Ityteri
2439 3417 2494 3464 et
2530 3410 2976 3465 archimandritte
3011 3411 3183 3481 ipsius
3219 3412 3533 3467 monasterii
3561 3420 3615 3466 et
3648 3413 3811 3482 primi

2225 3506 2389 3555 totius
2445 3503 2609 3556 eremi
2662 3500 3186 3574 Hierosolymorum,
3240 3519 3363 3558 cum
3410 3503 3663 3558 omnibus
3702 3503 3808 3570 his,

2221 3596 2312 3662 qui
2342 3609 2553 3648 mecum
2588 3595 2738 3649 missi
2763 3604 2914 3660 sunt,
2940 3596 3390 3653 archimandritis
3417 3596 3810 3666 Hierosolymi-

2225 3689 2364 3742 tanis
2391 3689 2455 3741 ad
2482 3690 2623 3742 hanc
2663 3687 2869 3757 regiam
2901 3686 3113 3754 urbem,
3138 3687 3228 3758 qui
3260 3687 3463 3740 faciunt
3491 3701 3590 3755 pro
3626 3687 3811 3740 omni-

2223 3782 2325 3834 bus
2350 3779 2799 3855 archimandritis
2824 3788 2876 3834 et
2914 3779 3213 3840 monachis,
3238 3778 3326 3847 qui
3361 3779 3608 3833 habitant
3635 3778 3811 3848 ipsam

2219 3887 2465 3928 111-1111111111
2490 3881 2545 3927 et
2589 3856 2702 3927 tres
2739 3871 3074 3939 i’almstinas,
3108 3871 3200 3941 qui
3231 3885 3333 3926 una
3359 3886 3573 3925 mecum
3606 3869 3811 3940 supplia

2223 3972 2445 4030 caruut;
2479 3962 2781 4033 subscripsi
2800 3963 2865 4018 de
2884 3976 3155 4017 consensu
3175 3964 3416 4016 omnium
3445 3970 3496 4014 et
3516 3960 3752 4030 porrexi.
3781 3977 3803 4013 1

2224 4056 2334 4112 |.no
2390 4058 2477 4112 hic
2515 4057 2830 4126 Hesychius,
2892 4058 2983 4127 qni
3048 4071 3171 4110 cum
3233 4055 3526 4126 Polyeucto
3581 4054 3811 4109 diacono

2223 4161 2279 4206 et
2313 4148 2531 4205 Juliano
2583 4151 2873 4216 monacho,
2916 4158 3150 4219 utroque
3190 4148 3458 4216 ejusdcm'
3489 4149 3809 4203 monasterii

2224 4241 2286 4298 B.
2342 4241 2634 4297 Theodosii
2682 4241 2924 4305 alumno,
2964 4240 3208 4297 interfuit
3259 4240 3332 4294 illi
3378 4240 3606 4312 synodo,
3652 4242 3811 4294 modo

2225 4334 2424 4391 dicitur
2452 4333 2820 4399 Ambasiator,
2874 4344 2933 4387 111
2960 4343 3068 4388 act.
3098 4332 3135 4387 ἓ
3165 4342 3219 4387 et
3248 4332 3303 4395 4,
3348 4333 3507 4386 1110110
3541 4329 3719 4394 Prior,
3753 4339 3811 4384 ut

2225 4435 2335 4481 act.
2362 4425 2602 4489 5,modo
2639 4425 2805 4479 etiam
2839 4422 3294 4486 architnandrita,
3333 4429 3391 4476 ut
3423 4430 3529 4474 act.
3571 4419 3596 4475 1
3654 4430 3707 4475 et
3750 4419 3807 4481 5.

2224 4517 2309 4572 vel
2348 4516 2473 4587 quia
2505 4516 2727 4572 alterius
2753 4515 3008 4581 cmttobii,
3043 4513 3115 4568 illi
3147 4512 3526 4568 Theodosiano
3553 4513 3632 4566 su‘.
3651 4510 3805 4579 jeeti,

518 4617 742 4682 didicit,
779 4615 985 4687 absque
1019 4615 1123 4672 levi
1155 4614 1470 4691 suspicione
1521 4614 1795 4669 mendacii
1839 4612 2111 4667 sinceram
2153 4634 2195 4688 ο
2225 4609 2514 4679 prtel‘ectus
2554 4607 2667 4676 jam
2718 4606 2899 4671 fuerit,
2951 4606 3035 4660 vel
3063 4605 3209 4677 quod
3250 4615 3463 4659 mortuo
3490 4601 3805 4673 Sophronio

518 4709 816 4764 veritatem
848 4708 1015 4764 veluti
1075 4717 1489 4764 sacrosanctum
1537 4705 1843 4775 depositum
1881 4704 2117 4774 posteris

522 4801 777 4869 tradidit,
805 4816 997 4873 nempe
1021 4811 1143 4854 acta
1170 4798 1473 4873 Euthymii,
1508 4800 1746 4868 itemque
1766 4798 1922 4853 Saba:
1956 4808 2118 4866 atque

517 4893 753 4951 Joannis
783 4893 1105 4950 Silentiarii.
1158 4912 1178 4945 1
1217 4894 1329 4949 Cur
1369 4889 1471 4947 non
1508 4892 1677 4960 igitur
1703 4890 1922 4945 illaesum
1953 4900 2120 4960 atque

523 4990 791 5044 intactam
816 4987 957 5042 hanc
991 4986 1127 5040 tanti
1157 4984 1744 5056 scriptor-islnstotiam
1768 4983 2115 5055 suscipimus,

520 5096 551 5135 a
583 5078 841 5151 Patribus
863 5094 1080 5151 quoque
1099 5074 1293 5150 synodi
1336 5074 1571 5131 Nicaeum
1602 5091 1639 5130 11
1672 5074 1886 5129 actione
1923 5073 2116 5143 prima,

523 5172 829 5229 honoriﬁce
861 5174 1106 5227 citatam.
1141 5180 1169 5222 1

603 5262 693 5319 12.
720 5260 951 5318 Causam
975 5259 1288 5331 corrigendi
1319 5258 1434 5314 htec
1465 5260 1598 5314 Acta
1661 5252 1881 5312 deducit
1929 5263 1970 5310 t.
2000 5252 2116 5315 Vll.

523 5372 674 5413 anno
700 5355 833 5415 Chr.
871 5354 997 5421 536,
1032 5371 1183 5409 num.
1218 5354 1387 5417 1,11111
1424 5352 1594 5407 relato
1624 5365 1689 5405 ex
1725 5352 1939 5422 synodo
1970 5347 2116 5402 Cou-

523 5449 1014 5519 stantinopolitana
1046 5449 1148 5503 sub
1177 5446 1373 5502 Menna
1410 5457 1553 5510 acta,
1606 5444 1789 5499 libello
1817 5441 2106 5497 monacho-

526 5562 678 5610 rum,
708 5543 892 5599 oblato
927 5544 1165 5613 Agapeto
1191 5556 1341 5611 papae
1365 5548 1553 5594 contra
1576 5538 1917 5599 Authimum,
1942 5535 2117 5591 Seve-

524 5652 652 5692 rum
680 5648 737 5691 et
764 5645 992 5690 cazteros
1031 5633 1338 5695 haereticos,
1371 5629 1693 5698 subjungit:
1737 5643 1755 5676 1
1794 5625 1942 5681 inter
1987 5626 2121 5679 alios

524 5728 685 5786 aﬂuit
715 5727 913 5800 legatio
941 5741 970 5781 a
1008 5740 1204 5796 magno
1240 5724 1330 5779 illo
1362 5719 1669 5776 Theodosio
1696 5716 2118 5780 Cmnobiarcha,

525 5827 600 5881 de
646 5822 759 5893 quo
814 5821 969 5893 plura
1016 5818 1266 5888 superius
1313 5816 1470 5868 laude
1504 5812 1825 5882 dignissima
1860 5823 1955 5878 pro
2018 5808 2122 5861 ﬁde

528 5915 819 5988 perfuncta
849 5921 1102 5968 enarrata
1128 5919 1278 5968 sunt.
1322 5904 1631 5976 Hesychius
1658 5904 1803 5959 enim
1837 5901 2123 5972 presbyter

1548 6173 1575 6223 \

2225 4700 2574 4765 successerit,
2610 4701 2937 4766 additusque
2983 4698 3036 4753 in
3065 4695 3466 4766 exemplaribus
3506 4696 3580 4750 sit
3634 4696 3841 4771 archiﬁ

2223 4794 2507 4848 mandritse
2536 4792 2724 4846 titulus
2754 4807 2782 4844 a
2813 4788 3075 4845 librariis.
3108 4786 3335 4842 Praefuit
3360 4787 3484 4842 huic
3529 4798 3809 4841 monaste-

2225 4886 2306 4940 rio
2328 4884 2626 4957 Gregorius
2650 4880 3073 4938 arehimandrita
3107 4889 3353 4949 tempore
3395 4877 3602 4934 Tiberii
3640 4878 3813 4948 impr-

2229 4979 2426 5036 ratot‘is
2472 4978 2616 5032 circa
2654 4991 2743 5030 an.
2774 4974 2875 5029 Cb.
2925 4971 3048 5039 580,
3090 4971 3246 5043 cujus
3299 4971 3546 5026 meminit
3573 4968 3813 5027 Joannes

2223 5072 2499 5137 Moschus,
2533 5085 2652 5140 cup.
2704 5069 2796 5128 92.
2849 5066 2920 5122 95
2962 5078 3015 5121 et
3054 5065 3124 5120 94
3172 5064 3327 5119 Preti
3379 5064 3696 5135 spiritantia.
3750 5062 3810 5119 lrt

2223 5163 2402 5235 elogio
2451 5162 2681 5219 Joannis
2739 5159 2979 5225 Moschi,
3042 5173 3165 5212 cum
3224 5172 3423 5229 corpus
3497 5154 3615 5226 ejus
3668 5171 3813 5211 anno

2223 5257 2330 5314 619
2358 5257 2440 5313 vel
2476 5254 2582 5312 620
2610 5257 2829 5311 ineunte
2869 5252 2951 5325 (ut
2980 5250 3253 5320 colligitur
3279 5264 3344 5304 ex
3380 5250 3533 5304 initio
3556 5250 3815 5305 indictio-

2224 5348 2308 5402 nis
2331 5346 2423 5417 8)..
2453 5347 2750 5403 referretur
2769 5346 2940 5400 Roma
2973 5344 3038 5396 ad
3075 5341 3606 5406 hocmonasterinm,
3639 5340 3815 5396 nomi-

2225 5453 2387 5495 natur
2427 5441 2658 5494 antistes
2707 5439 2823 5507 cjus
2883 5436 3169 5506 Georgius,
3201 5434 3450 5504 Gregorii
3488 5434 3632 5491 forte
3669 5434 3816 5488 illius

2226 5546 2538 5588 SHCCCSSOI’.
2799 5558 2807 5563 ‘
2840 5558 2850 5567 '
2884 5584 2889 5589 .

2299 5622 2385 5676 tt.
2419 5620 2545 5677 liter.
2577 5621 2644 5677 de
2666 5630 2824 5678 tetate
2853 5607 2911 5677 s.
2947 5621 3262 5689 Theodosii,
3309 5619 3464 5691 quasi
3513 5620 3812 5684 velitando,

2225 5714 2521 5771 snbtitnide
2552 5716 2681 5784 quia
2715 5726 2908 5770 contra
2943 5716 3125 5784 magni
3159 5713 3451 5771 Annalium
3483 5712 3818 5769 ecclesiasti—

2224 5822 2412 5863 θοι-11111
2441 5809 2686 5863 auctoris
2716 5807 3069 5869 sententiam,
3105 5822 3374 5876 nusquam
3412 5815 3594 5861 tamen
3629 5804 3747 5863 nisi
3765 5807 3816 5859 in

2228 5900 2407 5956 solido
2440 5899 2658 5955 ﬁrmum
2687 5901 2912 5970 ligentes
2947 5898 3254 5968 vestigium,
3303 5898 3770 5971 diSputaveramus
3800 5909 3814 5949 :
