4152 6458
373 411 487 476 463

1617 421 1908 483 ’ΜΕΝὸῐὲ
1931 419 2394 489 JANUARlUS.

3567 424 3678 490 4'65

381 544 501 581 cum
546 543 744 583 novum
799 530 1037 586 oblatqu
1071 542 1151 586 est
1209 534 1384 599 nobis,
1441 552 1548 608 quo
1593 541 1962 608 conjectura-ii
1999 554 2040 606 Α
2073 549 2401 602 carbonibus
2461 547 2668 618 implet,
2706 550 2911 619 absque
2963 549 3085 620 igne
3121 547 3356 605 suﬂitum
3421 549 3673 620 imponit,

382 631 623 675 nostram
669 621 1064 689 stabiliremus,
1101 638 1506 694 argumentum,
1541 631 1704 699 idque
1733 631 1972 700 ejusmo-

381 716 457 780 di,
484 727 536 769 nt
577 718 808 771 convelli
846 734 948 771 non
983 735 1141 786 posse
1173 724 1570 779 existimeums.
1604 726 1737 780 Nam
1791 744 1910 797 qna'
1944 745 1972 783 a

376 807 745 877 Metaphraste
782 812 924 865 edita
961 821 1044 865 est
1085 815 1145 867 5.
1193 813 1348 870 Saba:
1400 819 1530 883 vita,
1589 819 1852 873 hat-tenus
1885 822 1973 875 hic

371 901 543 954 citata
605 917 633 953 a
687 903 864 965 nobis,
920 904 1229 975 iterumque
1279 908 1420 963 infra
1460 912 1701 973 citanda,
1739 913 1864 979 quia
1918 913 1970 966 in

370 994 619 1046 onmium
651 1006 733 1048 est
774 997 1060 1060 nantibus;
1111 1014 1231 1053 eam
1274 1016 1304 1056 e
1354 1011 1570 1057 vetusto
1603 1004 1812 1070 codice,
1845 1016 1972 1060 ante

371 1100 577 1139 annum
627 1087 831 1141 Christi
875 1090 1035 1155 1034,
1092 1104 1336 1160 exarato,
1388 1097 1748 1150 naclisumus
1781 1096 1971 1152 Latine

375 1191 587 1230 versam
609 1191 737 1230 ante
767 1179 936 1246 ipsius
965 1181 1348 1248 Metaphrastze
1371 1198 1583 1238 aetatem
1616 1201 1680 1241 :e
1711 1202 1815 1256 qua
1846 1204 1967 1241 cum

377 1266 510 1320 illud
543 1269 1051 1336 animadtertimns,
1092 1288 1212 1326 eam
1245 1291 1366 1343 (ιιιω
1413 1277 1628 1346 vulgata
1664 1290 1749 1332 est
1790 1295 1910 1333 esse
1939 1294 1969 1334 a

378 1357 1000 1430 Metapbraswpaulum
1060 1365 1188 1419 hinc
1241 1366 1366 1422 imle
1406 1370 1812 1438 ampbliratam,
1852 1382 1964 1426 tum

373 1459 432 1505 δ.
464 1450 758 1507 Theodosii
793 1458 977 1510 obitus
1007 1471 1206 1510 annum
1232 1457 1489 1529 diemque
1543 1463 1853 1516 didicimus.
1892 1463 1966 1518 Ita

371 1543 516 1598 enim
551 1546 714 1600 habet
752 1564 764 1597 :
806 1565 824 1596 ι
853 1546 1154 1618 incipiente
1183 1559 1366 1604 autem
1401 1555 1756 1619 nonagesimo
1787 1557 1966 1625 primo

369 1638 547 1703 artatis
573 1654 717 1692 anno
760 1638 942 1694 Patris
969 1643 1141 1696 nostri
1179 1642 1358 1712 Sabai,
1389 1646 1584 1702 beatus
1620 1650 1967 1718 supradictus

365 1727 707 1786 .ThroilOsios
737 1731 847 1801 jam
886 1749 1054 1788 senex
1077 1743 1132 1788 et
1162 1735 1356 1804 plenus
1379 1739 1610 1803 dierum,
1640 1741 1802 1793 vitam
1826 1743 1965 1796 haue

369 1830 643 1876 terrenam
681 1823 967 1886 deserens,
1003 1827 1068 1876 ad
1110 1825 1311 1879 ccelnm
1345 1829 1619 1895 transivit,
1653 1829 1835 1885 Mense
1873 1829 1962 1884 Ja-

365 1917 581 1976 nuario,
617 1915 705 1967 die
758 1916 1064 1979 undecima,
1122 1917 1422 1973 indictione
1478 1925 1732 1990 septima.
1783 1924 1879 1978 Cui
1911 1925 1964 1978 in
1999 1905 2040 1958 Β

371 2007 692 2059 monasterii
722 2009 988 2076 regimine
1033 2006 1321 2066 Sofronins
1357 2015 1649 2073 successit,
1683 2017 1733 2067 in
1780 2031 1966 2070 mena-

367 2095 546 2150 chicis
577 2097 885 2150 8Cli0ltib||5
913 2100 1047 2152 satis
1073 2099 1371 2167 perfectus.
1408 2101 1534 2156 Post
1555 2103 1962 2161 del‘unctiouem

365 2198 547 2244 autem
601 2190 813 2244 abbatis
855 2190 1144 2248 Theodosii
1207 2197 1478 2251 irruentes
1513 2196 1862 2265 Samaritani,
1893 2213 1966 2256 to-

368 2293 475 2337 lazn
505 2294 721 2351 gentem
769 2284 1068 2340 Palaestina:
1103 2290 1542 2358 concitaverunt,
1575 2293 1738 2346 multa
1774 2294 1963 2348 illicita

360 2387 684 2446 operantes,
728 2377 1096 2448 ecclesiasque
1132 2383 1506 2450 deprwdantes
1565 2396 1731 2454 atque
1773 2388 1998 2441 incert--

369 2477 586 2534 dentes,
629 2469 976 2525 Christianos
1016 2477 1222 2541 absque
1269 2473 1372 2527 ulla
1409 2478 1780 2532 misericordia
1817 2479 1956 2534 occi-

367 2564 581 2626 dentes,
617 2581 835 2617 onmem
875 2568 1152 2632 regioaein
1183 2568 1292 2636 igni
1321 2571 1628 2625 tradebant.
1663 2569 1961 2627 Venientes

363 2669 549 2707 autem
577 2657 645 2707 ad
699 2653 1000 2724 Neapolim,
1048 2657 1330 2728 nimisque
1360 2663 1762 2730 superbientes,
1797 2665 1964 2731 impe-

360 2759 608 2801 ratorem
637 2747 738 2800 sibi
768 2749 1169 2802 constituerunt
1195 2749 1468 2806 Julianum
1502 2756 1826 2823 quemdam;
1875 2755 1961 2808 in-

367 2844 736 2908 vadentesque
780 2841 1097 2905 civitatem,
1147 2845 1467 2914 episcopum
1527 2847 1958 2915 interfecerunt,

365 2937 543 2989 virum
604 2938 900 2988 sanctitate
961 2935 1219 3002 plenum,
1283 2937 1498 2994 Manion
1565 2941 1806 2997 nomine.
1873 2943 1962 2996 Si-

359 3027 570 3084 militer
624 3037 677 3082 et
738 3029 1002 3096 quosdam
1045 3045 1141 3096 pre
1179 3033 1396 3101 byteros
1455 3037 1850 3103 appreliensos,
1885 3035 1962 3090 di~

359 3120 541 3174 Hersis
571 3118 850 3189 suppliciis
897 3119 1158 3186 lauiatos,
1207 3123 1314 3190 igni
1351 3123 1682 3192 tradebant;
1714 3128 1956 3196 ria~que,

360 3227 488 3281 quin
519 3217 678 3282 regia:
731 3210 1091 3278 vocabantur,
1134 3213 1465 3270 Christianis
1500 3217 1672 3270 invias
1697 3219 1957 3292 exinbue-
1984 3254 2030 3312 ο

365 3312 513 3358 runt.
545 3321 564 3354 ι

619 3394 647 3466 §
680 3394 768 3454 IV.
801 3397 949 3453 Situs
988 3397 1389 3452 monasterii-8.
1429 3398 1734 3454 Theodosii.

439 3484 525 3541 15.
563 3485 714 3554 Quod
740 3505 903 3559 supra
935 3488 960 3560 §
994 3505 1032 3552 ι,
1066 3507 1119 3543 ιι.
1149 3493 1183 3543 ‘2
1204 3504 1256 3543 et
1277 3491 1310 3544 5
1342 3492 1391 3543 in
1436 3490 1834 3562 Martyrologiis
1857 3506 1954 3546 no-

357 3579 632 3648 minatur,
693 3583 857 3636 velnti
918 3582 979 3636 S.
1033 3584 1325 3636 Thcodmii
1383 3591 1561 3648 soles,
1609 3585 1947 3655 Cappadocia

353 3671 597 3739 .Gl'tlfClil,
612 3675 872 3744 vicnsque
893 3677 1255 3746 Magariassns
1276 3678 1387 3747 (qui
1419 3694 1470 3730 ιιι
1492 3678 1816 3746 Antbologio
1833 3679 1958 3731 Μω-

355 3767 707 3838 ιγαρισός,.ιιι
767 3771 875 3822 vita
930 3770 1274 3824 bibliotheca:
1330 3768 1606 3823 Vaticana:
1634 3771 1957 3842 Μογαριασ-

347 3859 482 3924 .σὸς,
515 3865 564 3913 in
602 3861 901 3930 Menologio
936 3860 1219 3933 Mortuus)
1255 3878 1360 3917 non
1393 3865 1462 3916 ita
1497 3863 1548 3916 id
1580 3863 1952 3932 accipiendum

351 3963 470 4016 .est,
494 3955 652 4022 quasi
695 3958 860 4008 isthic
925 3965 1021 4007 aut
1059 3956 1283 4020 obierit,
1313 3967 1405 4008 aut
1464 3958 1789 4025 praecipuam
1835 3958 1956 4009 vitae

344 4054 574 4110 .parteiu
623 4049 896 4112 exegerit;
942 4045 1035 4098 sed
1087 4047 1232 4115 quod
1283 4047 1502 4101 circiter
1533 4064 1621 4099 an.
1655 4047 1787 4101 Chr.
1826 4047 1952 4110 425,

343 4148 424 4189 ,ιιι
450 4137 707 4200 diximus,
752 4137 803 4188 iu
833 4137 1004 4190 lucem
1041 4138 1202 4190 isthic
1252 4139 1450 4202 editus,
1486 4139 1857 4207 educatorqne
1886 4140 1953 4192 ad

342 4229 782 4282 .anmtn'iastalis
814 4229 884 4283 9.8
941 4229 1161 4296 vixerit,
1190 4239 1243 4283 et
1301 4244 1513 4283 sacram
1553 4232 1750 4299 populo
1785 4247 1953 4302 expo-

345 4321 535 4377 suerit
561 4322 777 4390 Seriptu
788 4336 924 4374 ram.

436 4415 524 4470 16,
560 4411 690 4468 lude
731 4427 878 4468 attuo
914 4411 1114 4468 Christi
1145 4412 1288 4478 451,-
1320 4428 1442 4467 cum
1483 4414 1772 4470 coocilium
1803 4429 1954 4471 (Iacu-

352 4507 636 4559 Juenicum
702 4520 755 4559 tv
806 4503 1153 4561 ChalcedOue
1211 4507 1614 4574 celebraretur,
1674 4509 1952 4577 profectus

2081 657 2175 710 per
2227 642 2552 697 solitudines
2611 642 2869 698 Judaicas
2945 657 3388 713 quaquaversqu
3449 643 3673 699 defert:

2082 733 2148 786 ad
2216 735 2364 801 ripas
2429 735 2594 788 maris
2635 734 2827 789 Mortni
2891 735 3084 789 transit
3130 753 3143 788 :
3190 744 3389 790 conatu
3444 738 3673 790 necdmn

2077 829 2407 881 succedente
2465 829 2605 881 redit
2663 827 2730 881 ad
2791 828 3108 896 speluncam
3147 845 3160 880 :
3194 828 3406 881 accedit
3453 839 3508 882 et
3547 843 3672 882 ecce

2077 918 2284 972 {irinum
2339 935 2401 974 ex
2455 921 2786 974 Carbonibus
2839 921 2984 974 videt
3031 921 3496 974 adscendentem:
3540 919 3673 988 jacit

2075 1010 2453 1075 fundamenta,
2483 1013 2852 1080 templumque
2892 1028 2956 1066 ac
2987 1012 3381 1066 monasterium
3418 1013 3668 1073 aedificat,

2073 1105 2214 1172 quod
2243 1104 2440 1158 deinde
2502 1103 2742 1157 dilatatis
2794 1105 3074 1172 pommriis
3116 1104 3510 1171 amplissimum
3541 1103 3674 1157 fecit

2073 1194 2368 1248 exstructis
2397 1194 2448 1247 in
2481 1209 2546 1247 eo
2595 1205 2832 1263 quatuor
2867 1194 3101 1262 templis,
3139 1202 3196 1246 ut
3245 1209 3301 1250 n.
3352 1194 3420 1247 37
3450 1193 3670 1246 dicitur.

2071 1284 2257 1340 Prima
2292 1295 2346 1340 et
2368 1289 2637 1356 praacipua
2675 1304 2799 1356 pars
2823 1287 2940 1357 ejus
2971 1289 3036 1340 ad
3061 1287 3370 1356 speluncam
3393 1285 3682 1340 Cat/risum-

2072 1379 2273 1432 dicitur
2301 1379 2352 1432 in
2389 1378 2510 1432 Vita
2551 1379 2610 1434 S.
2644 1382 2801 1434 Salue
2855 1379 2939 1434 his
2978 1379 3160 1434 verbis
3201 1396 3216 1431 :
3274 1397 3293 1430 ι
3330 1378 3670 1439 Theodosius

2065 1467 2176 1536 jam
2216 1481 2523 1526 recesserat
2557 1473 2624 1526 ab
2650 1473 2881 1526 ecclesia
2914 1487 3035 1542 qua:
3064 1472 3262 1526 dicitur
3289 1470 3667 1534 Cathismatis,

2069 1573 2123 1616 et
2153 1565 2203 1615 in
2241 1571 2394 1632 parte
2425 1563 2589 1618 lanraa
2644 1579 2765 1633 quae
2796 1566 2970 1634 vergit
3013 1564 3079 1617 ad
3141 1561 3505 1624 occidentem,
3537 1578 3669 1616 cou-

2069 1657 2323 1710 stituerat
2370 1659 2787 1723 monasterium,
2823 1658 2966 1726 quod
2993 1658 3115 1712 vitae
3159 1659 3525 1710 communiter
3565 1655 3665 1710 de-

2068 1747 2255 1813 gendae
2289 1749 2668 1813 conveniebat,
2704 1749 2913 1803 distans
2952 1764 2982 1802 a
3010 1746 3186 1801 Lau-ra
3233 1745 3530 1816 (Sub‘abm)
3564 1745 3664 1798 tri-

2069 1835 2217 1902 ginta
2265 1837 2504 1905 quinque
2551 1838 2762 1902 stadiis,
2815 1856 2834 1888 ι
2871 1838 2923 1890 id
2955 1848 3037 1891 est
3093 1837 3206 1891 lere
3257 1834 3660 1906 sesquimilliari

2070 1921 2306 1993 Belgico,
2335 1942 2428 1980 seu
2461 1938 2696 1996 quatuor
2730 1927 2966 1982 millibus
2992 1943 3272 1996 passuum.

2141 2017 2228 2072 18.
2262 2018 2498 2072 Lnurnm
2560 2021 2661 2073 hoc
2710 2019 2821 2073 fere
2876 2027 3122 2088 tempore
3168 2019 3432 2072 vorabant
3469 2033 3662 2071 mona-

2063 2113 2292 2167 chorum
2354 2111 2666 2165 mansiones
2695 2126 2790 2165 seu
2817 2110 3006 2173 cellas,
3036 2104 3170 2178 quas
3202 2109 3396 2163 additis
3428 2109 3662 2177 propriis

2066 2205 2378 2261 nominibus
2417 2206 2828 2270 discernebant,
2874 2214 2933 2258 ut
2985 2203 3190 2257 lanratr.
3245 2204 3302 2256 S.
3358 2202 3655 2272 Euthymi't,

2067 2299 2124 2354 S.
2153 2299 2333 2362 Saliae,
2362 2297 2601 2361 Pbarau,
2635 2309 2740 2353 etc.
2781 2297 2947 2365 Origo
2976 2297 3092 2366 ejus
3125 2297 3339 2350 videtur
3361 2295 3656 2364 repetenda

2065 2409 2094 2446 a
2119 2389 2280 2445 ﬂuvio
2309 2392 2485 2450 (aura.
2513 2389 2602 2459 qui
2633 2389 2838 2459 regioni
2884 2389 3097 2450 vicinae.
3127 2403 3290 2454 quam
3318 2389 3657 2456 praeterﬂuit,

2063 2493 2117 2538 et
2147 2482 2492 2536 monaSIeriis
2519 2483 2571 2534 i-n
2606 2496 2666 2534 ea
2696 2479 2978 2534 tedilicatis
3024 2494 3221 2532 nomen
3253 2480 3419 2533 dedit.
3453 2478 3526 2531 De
3557 2478 3659 2532 hac

2066 2576 2218 2628 laura
2254 2575 2326 2627 ita
2382 2573 2640 2627 scribitur
2676 2573 2727 2626 in
2772 2575 2878 2625 vita
2913 2571 2971 2627 S.
3016 2571 3282 2636 Quiriaci,
3309 2568 3377 2623 29
3412 2571 3660 2638 Septem-‘3

2067 2667 2180 2722 bris
2215 2683 2230 2720 :
2274 2683 2291 2716 ι
2331 2665 2556 2718 Βινῑιιιιε
2591 2678 2784 2718 rursus
2804 2663 3091 2729 Quiriacns
3113 2662 3256 2715 venit
3292 2662 3342 2714 in
3380 2676 3497 2714 eam
3535 2676 3664 2729 par.

2067 2766 2172 2812 tem
2209 2754 2615 2820 SOiiiUditliS,in
2648 2770 2752 2822 qua
2788 2752 2972 2806 nullus
3004 2750 3334 2805 anachoreta
3379 2767 3477 2804 nec
3501 2766 3661 2803 man-

2063 2860 2233 2910 serat.
2268 2865 2366 2903 nec
2404 2862 2644 2916 unquam
2697 2846 3012 2899 transierat.
3038 2841 3435 2896 Nouiinabatnr
3475 2853 3656 2895 autem

2066 2941 2217 2996 locus
2245 2941 2311 2994 ab
2345 2939 2548 2994 accolis
2574 2935 2852 3002 Susacim,
2875 2946 2931 2991 et
2975 2937 3026 2991 in
3059 2951 3125 2990 eo
3156 2944 3210 2989 et
3243 2950 3393 2990 nova:
3423 2933 3661 2988 lanrteet

2067 3035 2226 3090 Sura:
2266 3032 2415 3087 ﬂuvii
2453 3031 2614 3086 ambo
2657 3031 3006 3095 conveniunt,
3039 3043 3225 3083 eorum
3285 3042 3423 3096 quos
3456 3026 3660 3082 scimus

2067 3125 2289 3180 maximi
2321 3135 2374 3178 et
2401 3121 2837 3194 profundissimi.
2876 3119 3148 3174 Feruntur
3175 3128 3354 3172 autem
3386 3119 3421 3171 ii
3446 3132 3566 3171 esse
3589 3118 3657 3171 de

2065 3221 2262 3286 quibus
2294 3217 2511 3271 Christo
2534 3215 2740 3269 dictum
2767 3228 2795 3265 a
2848 3212 3049 3266 Davide
3077 3227 3091 3265 :
3128 3209 3204 3263 Tu
3228 3210 3436 3263 siccasli
3467 3209 3658 3280 ﬂuvios

2067 3310 2268 3363 Ellum.
2305 3308 2448 3362 Psal.
2474 3322 2682 3372 Limn,
2717 3305 2805 3359 15.
2849 3324 2868 3358 ι

2138 3403 2225 3456 19.
2270 3400 2328 3455 S.
2365 3401 2602 3454 Isidorus
2641 3398 2914 3452 Pelusiota
2963 3396 3030 3451 de
3076 3396 3181 3451 hoc
3219 3395 3342 3450 loco
3375 3395 3655 3450 consultus

2062 3484 2133 3548 ab
2165 3493 2468 3562 Epiphanio
2519 3493 2770 3554 diacono,
2811 3491 2883 3543 ita
2951 3491 3266 3557 respomlet,
3310 3488 3346 3541 l.
3397 3504 3456 3550 It,
3493 3490 3657 3558 epist;

2064 3585 2133 3642 66
2173 3603 2186 3640 :
2224 3602 2243 3636 ι
2289 3587 2465 3639 Ειιιιιι
2517 3583 2671 3637 locus
2725 3591 2839 3635 erat
2877 3579 2928 3632 in
2979 3578 3266 3633 Palaestina
3310 3578 3486 3632 ﬂuviis
3535 3579 3660 3631 irri-

2064 3694 2225 3748 guns,
2260 3689 2424 3746 atque
2457 3675 2748 3730 arboribus
2789 3683 2838 3726 et
2875 3672 3141 3726 fructibus
3168 3674 3474 3738 abundans,
3508 3677 3562 3723 et
3587 3671 3654 3724 ob

2067 3769 2366 3840 ingentium
2404 3768 2764 3820 animantium
2797 3779 2861 3818 ac
2898 3763 3128 3833 piscium
3182 3764 3394 3832 cupiam
3445 3762 3511 3815 ad
3558 3776 3652 3815 ve-

2065 3865 2302 3917 nandum
2335 3860 2742 3921 accommodus,
2784 3875 2803 3908 ι
2849 3867 2955 3910 etc.
2988 3854 3197 3924 Allegat
3233 3856 3429 3910 deinde
3466 3863 3656 3908 aui-to-

2065 3957 2280 4011 ritatem
2311 3942 2556 4024 Iosephi,
2586 3955 2741 4024 cujus
2771 3954 2883 4006 haec
2904 3953 3063 4006 verba
3083 3962 3230 4017 sunt,
3258 3952 3296 4005 Ι.
3319 3966 3448 4005 xvnl
3473 3951 3654 4021 Antio.

2061 4050 2278 4104 .Iudmc.
2311 4065 2360 4104 c.
2389 4049 2424 4102 ‘2
2457 4064 2472 4103 :
2512 4067 2530 4098 ι
2561 4049 2764 4102 Aberat
2794 4057 2973 4100 autem
3003 4046 3070 4099 ab
3109 4044 3500 4113 Hierosolymis
3524 4027 3683 4096 duo-'

2063 4161 2182 4199 rum
2214 4143 2559 4197 selueuorum
2607 4140 2784 4209 spatio
2819 4138 3078 4208 praedium
3106 4136 3400 4204 quoddam,
3436 4140 3654 4188 nomine

2062 4237 2246 4296 Etlan.
2290 4234 2464 4290 hortis
2513 4243 2566 4288 et
2609 4232 2844 4287 inductis
2913 4231 3150 4283 fontibus
3186 4243 3458 4282 amastrum
3493 4226 3653 4281 simul

2062 4341 2118 4386 et
2148 4330 2465 4401 opulentum
2505 4345 2518 4381 :
2577 4326 2631 4379 in
2664 4324 2770 4379 hoc
2801 4313 2989 4378 exitus
3018 4321 3252 4377 faciebat
3306 4321 3481 4374 libens
3531 4321 3652 4390 (~eu

2061 4423 2213 4478 exire
2243 4418 2640 4488 delectabatur}
2670 4415 2949 4470 Salomon.
2986 4434 3004 4466 ι
3038 4413 3126 4468 Est
3153 4427 3333 4469 autem
3360 4412 3650 4478 Schmnus,

2065 4516 2298 4586 σχοῖνος.
2364 4526 2616 4565 mensura
2655 4519 2811 4562 terra:
2840 4505 3185 4575 Egyptiaca,
3216 4504 3504 4558 continens
3565 4516 3656 4556 se-

348 4597 816 4668 .ﬂierosolymam,
847 4598 1052 4667 aliquot
1077 4598 1240 4652 isthic
1289 4615 1460 4654 annos
1495 4614 1734 4656 moratus
1765 4611 1868 4665 est,
1899 4613 1952 4657 et
1981 4623 2032 4683 ο
2067 4608 2284 4677 xaginta
2317 4605 2514 4666 stadia,
2545 4600 2820 4655 Herodoto
2855 4611 3098 4660 ani-tore,
3153 4597 3186 4652 Ι.
3243 4611 3306 4659 ιι,
3345 4611 3394 4651 c.
3419 4595 3490 4661 6;
3527 4595 3656 4648 licet

361 4695 616 4764 spiritum
655 4692 834 4748 hausit
859 4694 978 4747 vitae
1032 4692 1495 4748 solitariae.‘Abiit
1527 4694 1710 4762 itaque
1739 4694 1790 4746 in
1825 4694 1954 4747 soli-

361 4785 607 4838 tudinem
630 4783 1158 4853 aliquam‘vicinam,
1187 4775 1348 4854 quam
1389 4802 1407 4834 ι
1451 4799 1695 4838 eremnm
1750 4795 1953 4838 sancta:

355 4876 564 4932 Christi
609 4875 826 4932 Domini
875 4878 1050 4932 nostri
1105 4878 1342 4932 civitatis
1381 4896 1399 4928 ι
1435 4877 1673 4946 appellat
1709 4875 1951 4932 Joannes

348 4969 615 5026 Noschus
639 4971 692 5023 in
719 4967 888 5024 Prata
911 4971 1208 5040 tpirituali,
1245 4987 1294 5026 c.
1333 4969 1404 5023 82
1425 4981 1480 5024 et
1510 4969 1634 5024 105.
1674 4969 1771 5024 llic
1802 4969 1950 5024 inco-

355 5063 459 5118 luit
477 5065 788 5132 speluncam
821 5078 968 5128 eam,
995 5063 1064 5115 ad
1101 5078 1264 5132 quam
1305 5063 1593 5116 traduntur
1621 5060 1763 5132 Magi
1817 5062 1948 5115 ado-

353 5166 478 5213 rato
509 5156 564 5212 in
603 5155 880 5211 Bethleem
916 5153 1136 5210 Christo
1167 5153 1476 5220 divertisse,
1505 5170 1627 5208 cum
1651 5154 1720 5210 ab
1754 5154 1949 5224 angelo

339 5252 696 5324 jussiessent
739 5264 835 5319 per
871 5248 1032 5304 aliam
1063 5249 1202 5303 viain
1241 5248 1295 5300 in
1343 5263 1472 5303 suas
1499 5248 1676 5303 redire
1723 5250 1944 5316 provin-

351 5349 492 5401 cias.
521 5341 596 5399 ~lu
647 5344 792 5399 hanc
839 5341 1152 5413 Speluncam
1190 5341 1514 5396 descensum
1551 5356 1647 5409 per
1672 5341 1860 5395 decem
1892 5351 1947 5393 et

338 5451 478 5492 :octo
506 5435 986 5508 gra-duspatnisse
1014 5433 1174 5488 decet
1210 5430 1484 5497 Moschus,
1521 5448 1570 5486 c.
1611 5432 1726 5486 105.

311 5578 326 5592 _
427 5529 516 5583 17.
561 5529 727 5583 Fatua
779 5527 1088 5582 sanctitatis
1141 5527 1259 5595 ejus
1299 5524 1491 5579 deinde
1547 5525 1710 5578 exciti
1741 5522 1854 5587 alii,
1888 5538 1946 5577 se

319 5606 474 5694 pejus
529 5620 825 5688 disciplinae
878 5619 1262 5686 snbjecerunt;
1329 5627 1385 5671 et
1432 5617 1682 5686 prarclari
1742 5616 1942 5669 ibidem

355 5713 660 5765 aedificandi
682 5710 914 5765 ctBriubii
943 5714 1283 5766 occasionem
1319 5713 1687 5779 przebueruut.
1716 5707 1938 5772 Locum,

354 5804 449 5856 tibi
478 5803 529 5853 id
556 5811 794 5855 statuere
824 5805 1214 5856 monasterium
1260 5805 1506 5869 deberet,
1543 5803 1802 5854 divinitus
1840 5802 1940 5854 sibi

360 5890 654 5949 monstrari
720 5901 992 5958 precatus,
1051 5893 1316 5948 instinctu
1370 5895 1553 5950 divino
1607 5894 1940 5950 thuribulum

2056 4700 2290 4760 Plinius,
2317 4697 2354 4751 ι.
2392 4712 2490 4760 xn,
2525 4710 2575 4750 c.
2618 4693 2710 4758 M,
2740 4691 3098 4762 quadraginta
3142 4690 3315 4744 stadia
3351 4689 3526 4755 dicat;
3560 4689 3650 4743 ubi

2060 4803 2239 4846 tamen
2295 4801 2547 4843 notarum
2625 4801 2870 4841 errorem
2939 4783 3252 4853 suspicatur
3302 4781 3535 4838 Budaeus
3595 4782 3650 4834 in

2056 4884 2314 4938 Aunotat.
2381 4881 2606 4950 priet-ib.
2672 4880 2724 4931 in
2790 4895 2849 4932 π.
2918 4875 3168 4929 Distabat
3231 4889 3361 4944 ergo
3428 4875 3517 4930 hic
3569 4875 3652 4928 lo-

2055 4989 2154 5030 cus
2203 4972 2628 5042 Hierosolymis,
2682 4969 2836 5040 juxta
2887 4967 3144 5022 llerodoti
3212 4967 3504 5030 calculum,
3560 4981 3652 5020 se.

2056 5076 2198 5136 ptem
2263 5063 2503 5119 millibus
2556 5072 2613 5118 et
2671 5061 3004 5130 quingentis
3053 5060 3308 5130 passibus
3364 5075 3460 5114 seu
3517 5059 3654 5113 dna-

2059 5175 2175 5212 rmu
2233 5157 2494 5210 horarum
2540 5168 2605 5207 ac
2653 5152 2890 5208 dimidiae
2949 5150 3168 5205 itinere.
3213 5149 3488 5205 Consonat
3546 5146 3646 5202 Po-

2056 5251 2345 5319 regritmtio
2382 5244 2873 5316 llierosolymitana
2909 5242 3291 5313 Christophori
3335 5240 3646 5303 Radzivilii,

2053 5345 2144 5413 qui
2179 5355 2430 5410 egressus
2458 5347 2611 5393 extra
2657 5346 2864 5405 portant
2899 5335 3161 5398 Piscium,
3195 5337 3435 5388 emensis
3468 5334 3644 5387 tribus

2055 5431 2380 5486 milliaribus
2429 5428 2658 5496 magnis,
2710 5425 2958 5495 pervenit
3025 5425 3092 5478 ad
3159 5425 3549 5480 monasterium
3583 5425 3642 5481 S.

2053 5523 2234 5586 Subte,
2263 5521 2405 5591 quod
2445 5520 2744 5572 etiamnum
2777 5525 2990 5580 exstat;
3029 5531 3058 5567 e
3107 5531 3212 5582 qun
3241 5515 3380 5568 circa
3413 5516 3645 5569 mediam

2052 5626 2266 5671 noctem
2297 5627 2570 5682 egressus,
2609 5611 2803 5662 itinere
2839 5621 3104 5668 nocturno
3139 5608 3373 5664 confecit
3402 5610 3500 5663 tria
3532 5623 3647 5678 pas-

2051 5723 2206 5761 suum
2256 5706 2445 5766 millia,
2483 5711 2538 5754 et
2581 5701 2634 5752 in
2674 5714 2871 5751 aurora
2912 5712 3063 5750 mare
3096 5697 3472 5766 ASpbalttcuin
3514 5715 3646 5753 eon-

2051 5800 2252 5866 spexit,
2281 5798 2348 5850 ad
2393 5796 2547 5863 cujus
2577 5795 2729 5847 littus
2783 5794 2910 5844 hora
2944 5791 3047 5843 dici
3081 5795 3314 5846 secunda
3373 5799 3642 5859 pervenit.

2051 5890 2430 5947 Consuleudus
2485 5883 2886 5947 A'fi'iehumius,
2921 5883 3013 5952 qui
3055 5883 3107 5937 id
3159 5884 3387 5939 collocat
3416 5886 3482 5939 ad
3529 5887 3642 5936 Au-
