4152 6408
514 313 627 379 465

1238 317 1418 378 VITA
1454 318 1520 384 s.
1554 316 1973 380 meonosn
2013 299 2713 378 «escensana;
2741 311 3128 375 PROCEMIA.

3694 297 3805 364 466

515 437 693 493 strum
725 422 967 501 Heredii.
1002 424 1146 480 inter
1175 425 1470 482 llerodium
1499 435 1554 482 et
1578 428 1875 488 Tbecuam.
1900 427 1981 481 Ab
2004 428 2105 481 hoc.
2131 428 2184 491 Α
2209 427 2319 481 imo
2344 439 2478 480 vero
2510 423 2841 478 voluntatem
2872 420 3101 476 alterius
3155 415 3389 489 putabat
3433 426 3557 470 esse
3604 426 3773 466 suam;

515 516 761 571 distabat
809 518 1200 572 monasterium
1254 518 1316 573 8.
1359 519 1651 575 Theodosii
1702 519 2116 590 sesqnintilliari

515 622 715 664 versus
759 607 1123 674 occidentem,
1182 610 1576 683 Hierosolyma;
1626 614 2022 682 propinquius;
2061 621 2121 668 ut

515 703 686 765 exigit
723 700 860 755 visio
892 700 945 753 in
992 715 1060 753 eo
1094 699 1234 756 facta
1262 700 1321 758 S.
1366 703 1546 770 Satur,
1588 722 1608 754 α
1644 707 1947 760 ostendens
1988 704 2120 758 Tor-

517 788 873 855 rentem,qui
906 805 935 839 a
970 787 1119 841 Siloe
1144 789 1332 845 deﬂuit
1375 791 1442 844 ad
1486 804 1758 858 austrum,
1798 805 1854 849 et
1910 797 2118 849 denun-

520 879 669 932 tians
719 886 775 929 ut
811 878 1086 932 habitaret
1111 877 1395 938 Torrentis
1423 884 1763 953 speluncam,
1797 901 1916 955 qua:
1945 887 2119 956 vergit

518 970 588 1023 ad
631 969 940 1023 orientem.
1001 971 1153 1025 s-llic
1206 971 1375 1037 Siloe,
1433 990 1529 1029 seu
1589 976 1793 1045 piscina
1820 980 2115 1042 'natatoria,

524 1073 778 1127 respectu
808 1062 1200 1145 Hierosolyma:
1231 1066 1297 1119 ad
1351 1076 1621 1128 austrum.
1659 1068 1903 1124 illabitur
1931 1070 1984 1123 in
2015 1068 2121 1125 Ce-

522 1151 687 1214 dron,
729 1153 893 1222 vulgo
924 1152 1282 1222 Torrentem;
1343 1159 1435 1226 qui
1489 1155 1726 1213 ﬂuvialis
1777 1175 1842 1214 ac
1879 1159 2119 1217 fontibus

522 1251 717 1296 auctus
768 1259 871 1312 per-
913 1245 1073 1313 plana
1106 1247 1305 1302 deserti
1343 1263 1534 1304 versus
1585 1249 1854 1305 orientem
1890 1252 1940 1306 in
1970 1269 2119 1308 mare

522 1335 801 1390 Hermum
834 1336 1089 1400 inﬂuens,
1117 1340 1457 1397 absorbetur.
1492 1341 1627 1396 Huic
1650 1340 1905 1398 Torrenti
1943 1346 2120 1400 immi-

525 1437 750 1482 scentur
777 1428 929 1483 citati
984 1429 1131 1485 ﬂuvii
1190 1430 1366 1486 Laura
1417 1443 1473 1488 et
1501 1434 1664 1499 Suca,
1701 1437 1768 1489 ad
1805 1436 1963 1504 hujus
1990 1452 2119 1494 vero

532 1519 867 1574 conﬂuentes
890 1521 1140 1577 Snsacim
1178 1523 1236 1581 S.
1274 1526 1537 1591 Quiriaci,
1564 1530 1854 1598 nonaginta
1886 1546 1913 1582 a
1939 1526 2116 1586 baura

540 1610 600 1665 S.
627 1611 778 1669 Saba
800 1615 963 1669 stadii
1011 1615 1175 1670 sitmn
1207 1629 1345 1673 erat.
1404 1619 1529 1676 Hree
1559 1623 1627 1676 de
1675 1622 1805 1678 loco
1852 1632 1909 1678 et
1950 1625 2118 1681 laurte

544 1702 603 1758 S.
632 1705 779 1759 Saba:
799 1714 853 1760 et
878 1710 1200 1764 monasterii
1240 1711 1299 1764 8.
1338 1712 1651 1770 Theodosii:

2226 533 2348 573 cum
2376 516 2580 572 Christi
2616 530 2776 570 amor
2798 515 2877 568 sic
2914 528 3018 568 eos
3059 504 3456 579 conjun'itisset‘,
3479 515 3534 560 et
3565 514 3624 559 ut
3664 504 3815 558 idem

2223 609 2493 666 sentirent
2552 608 2634 661 eis
2667 606 3051 676 persuasisset.
3083 603 3194 658 Hoc
3225 610 3405 656 autem
3431 610 3542 653 erat
3569 597 3814 651 eximium

2224 715 2475 758 sermone
2500 698 2860 763 celebratum,
2892 706 2949 752 et
3006 696 3161 749 aliud
3205 708 3306 764 par
3354 690 3710 762 apostolicum
3744 688 3816 743 ab

2227 792 2744 864 Hierosolymilanis
2789 790 3181 859 indicabantur
3228 797 3394 855 atque
3450 782 3817 838 nominaban-

2225 896 2333 942 tur.
2378 886 2468 940 Eis
2510 888 2579 940 ab
2614 882 3052 954 archiepiscopo.
3076 896 3106 934 a
3147 880 3407 940 Salustio,
3437 877 3683 943 inquam,
3720 872 3813 941 qni

2221 979 2416 1034 eratin
2447 977 2668 1032 Christo
2702 974 3186 1037 consummamtns,
3233 971 3487 1025 mandata
3541 967 3641 1021 fuit
3672 979 3814 1035 pra:-

2219 1062 2433 1125 l'ectura
2494 1068 2734 1122 universi
2788 1077 2966 1121 cattus
3025 1064 3440 1126 monachorum,
3505 1075 3613 1114 non
3652 1055 3813 1124 ,quod

2224 1161 2328 1231 ipsi
2379 1175 2501 1215 eam
2553 1175 2671 1214 rem
2704 1159 3116 1226 concupissent,
3144 1153 3238 1209 sed
3271 1152 3454 1220 potius
3480 1149 3639 1204 electi
3677 1146 3815 1201 fuis-

2223 1264 2347 1309 sent
2379 1270 2407 1307 a
2467 1251 2773 1325 monachis,
2802 1259 2858 1305 et
2909 1248 3191 1319 praemium
3223 1244 3444 1299 virtutis
3483 1257 3601 1297 eam
3658 1252 3816 1294 acce-

2223 1347 2436 1418 pissent
2463 1343 2866 1414 praefecturam.
2900 1341 3165 1408 Quouam~
3192 1336 3352 1391 modo
3375 1344 3557 1389 autem
3582 1332 3652 1387 ad
3676 1331 3819 1389 hanc

2220 1438 2751 1495 administrationem
2777 1433 3153 1505 pervenerint,
3185 1432 3363 1485 dicam
3391 1429 3607 1498 paucis.

2288 1530 2381 1585 25.
2424 1548 2449 1582 ι
2479 1529 2613 1583 Cum
2666 1528 2909 1595 Elpidius
2934 1537 2989 1579 et
3024 1523 3207 1590 Elias,
3232 1537 3582 1579 successores
3629 1522 3823 1590 magni

2219 1622 2554 1688 Pasarionis,
2576 1636 2607 1676 e
2625 1620 2735 1674 vita
2754 1619 3146 1682 excessissent,
3180 1609 3583 1686 consequenter
3604 1615 3672 1668 ad
3700 1612 3813 1667 La-

2223 1730 2413 1771 zarum
2471 1714 2671 1770 transit
2702 1711 3131 1767 administratio.
3184 1708 3278 1764 Sic
3306 1710 3469 1764 etiam
3505 1707 3574 1761 ad
3604 1706 3819 1762 Geron-

604 1794 694 1850 20.
728 1795 784 1851 In
834 1798 935 1853 hoc
970 1799 1310 1857 celeberrimi
1364 1803 1659 1861 Theodosii
1692 1809 1956 1865 doctrinae
1999 1809 2117 1864 frn-
2149 1775 2194 1833 Β
2226 1806 2379 1861 tium.
2402 1805 2502 1872 Qui
2537 1820 2661 1860 cum
2710 1802 3064 1865 decessisset,
3095 1801 3561 1856 Anastasio-cura.
3580 1797 3815 1854 fratrum

530 1895 680 1940 etum
731 1890 1046 1957 percepisse
1089 1891 1406 1963 dieitur-(in
1449 1895 1556 1950 vita
1612 1896 1671 1953 S.
1728 1898 1906 1970 Saba')
1957 1899 2118 1954 beata

526 1976 851 2046 imperatrix
905 1980 1166 2049 Euducia,
1225 1982 1514 2040 Theodosii
1565 1986 1613 2041 ll
1664 1988 1905 2045 deftmcti
1956 2006 2117 2057 uxor,

528 2085 653 2123 cum
675 2069 925 2143 ba'resim
959 2074 1373 2146 Entycbianatn,
1400 2093 1561 2145 quam
1589 2097 1618 2134 a
1645 2080 2124 2149 pscudumonacho

530 2156 845 2215 Theodosio
896 2162 1173 2229 hauserat,
1224 2165 1553 2236 altjnrasset,
1603 2183 1657 2226 et
1695 2174 1922 2227 remissa
1955 2190 1983 2226 a
2018 2174 2121 2245 Sy-

527 2263 724 2305 meone
761 2252 957 2324 Stylita
992 2257 1074 2310 ad.
1113 2257 1171 2312 S.
1204 2259 1579 2334 Eutbpnimn,
1612 2280 1716 2319 una
1751 2264 1812 2320 S.
1866 2264 2122 2321 Theodo-

527 2343 672 2397 sium
702 2343 991 2413 inviseret;
1023 2348 1152 2404 obiit
1185 2352 1270 2405 illa
1306 2370 1409 2407 an-
1437 2354 1542 2410 (ΙΙΙ.
1575 2355 1701 2412 460.
1731 2357 1805 2412 De
1848 2372 1912 2412 ea
1940 2366 2119 2413 actum

528 2434 587 2489 in
620 2434 779 2491 Nmis
808 2438 877 2492 ad
914 2441 1078 2495 vitam
1114 2440 1174 2497 8.
1210 2443 1483 2501 Simeonis
1512 2445 1719 2519 Stylitaa
1744 2459 1972 2507 auctore
2003 2448 2121 2506 Me-

534 2528 836 2595 taphraste,
870 2531 904 2586 5
933 2531 1054 2589 Jan.
1083 2534 1224 2590 c.12
1250 2536 1328 2591 lit.
1363 2537 1418 2592 It.
1471 2550 1525 2593 et
1559 2540 1806 2609 pluribus
1843 2552 2034 2613 agetur
2063 2541 2120 2599 iu

530 2618 655 2672 Vita
677 2618 737 2675 8.
767 2620 1064 2696 Euthymii,
1094 2625 1167 2681 20
1184 2625 1410 2685 Januar.
1442 2629 1554 2686 Hoc
1583 2632 1642 2686 S.
1676 2634 1969 2689 Theodosii
1999 2650 2119 2690 mo-

530 2715 863 2779 nasterium,
914 2718 985 2771 ab
1038 2720 1188 2775 obitu
1253 2721 1371 2789 ejus
1423 2738 1641 2794 semper
1689 2727 2117 2796 denontinatnm,

531 2804 830 2871 praeclaros
886 2809 1075 2865 habuit
1113 2812 1236 2869 ildei
1290 2816 1610 2871 orthodoxae
1663 2831 2118 2890 prepugnatores,

529 2893 731 2963 quibus
760 2912 872 2965 prae
911 2901 1130 2972 reliquis
1159 2902 1462 2961 Palaestinae
1493 2911 1836 2965 monaSIeriis
1869 2911 2120 2979 praemi-

531 2988 717 3044 nentia
748 3005 958 3047 summa
986 2997 1126 3060 apud
1151 2997 1508 3068 imperatores
1562 3011 1616 3056 et
1644 3002 1695 3055 in
1718 3001 1966 3057 conciliis
1991 3003 2115 3058 fuit.

2222 1898 2602 1954 committitur.
2623 1896 2757 1952 Cum
2783 1896 2990 1963 iiergo.
3021 1894 3291 1956 Lazarus,
3320 1894 3636 1964 inquam,.et
3663 1890 3822 1944 Ana.

2222 1992 2449 2055 stasius,
2483 1997 2781 2058 praeessent
2801 1985 3289 2045 administrationi.
3321 2000 3408 2040 res
3427 1982 3822 2037 monachorum

2221 2096 2380 2140 erant
2414 2084 2704 2140 admodum
2753 2080 3103 2145 turbulentae,
3132 2090 3189 2135 et
3229 2078 3489 2134 maximis
3527 2076 3834 2146 agitabat)--

2225 2183 2313 2230 tur
2338 2172 2778 2228 l1nctilms.-Cum
2814 2171 2868 2225 hi
2897 2186 3055 2242 ergo,
3077 2184 3217 2238 quos
3249 2168 3507 2232 diximus,
3550 2165 3817 2232 Lazarus,

2214 2265 2477 2333 inquam,
2506 2274 2559 2317 et
2590 2262 2935 2323 Anastasius.
2970 2260 3286 2315 monasticae
3308 2255 3658 2327 perfectionis
3693 2269 3823 2322 par-

2222 2364 2345 2410 v'am
2374 2364 2468 2410 aut
2489 2354 2692 2409 nullam
2719 2369 2909 2409 curam
2934 2361 3212 2424 gererent,
3245 2351 3310 2404 ad
3345 2349 3607 2419 quasdam
3633 2357 3819 2401 autem

2223 2449 2528 2514 mundanus
2559 2462 2720 2502 curas
2738 2456 2795 2500 et
2821 2445 3067 2515 pecuniae
3089 2442 3456 2500 emolumenta
3494 2450 3605 2493 tota
3634 2445 3820 2494 mente

2223 2550 2276 2595 et
2304 2540 2485 2594 anima
2510 2539 2760 2594 cenversi
2789 2549 3006 2609 essent;
3065 2539 3303 2591 maxime
3339 2550 3464 2589 cum
3494 2532 3822 2588 Anastasius

2226 2640 2354 2686 tunc
2379 2641 2497 2701 post
2522 2630 2795 2685 Zenonem
2845 2629 3177 2698 suscepisset
3207 2626 3519 2694 imperium,
3554 2633 3608 2679 et
3641 2622 3823 2678 schis-

2222 2735 2367 2779 mata
2396 2739 2519 2777 cum
2557 2736 2774 2776 summa
2831 2720 3167 2790 impudentia
3201 2729 3253 2773 et
3285 2718 3505 2772 licentia
3532 2715 3818 2786 loqueren-

2221 2825 2310 2871 tur
2344 2817 2611 2870 adversus
2640 2813 2966 2870 Ecclesiam.
3019 2812 3156 2868 Cum
3222 2821 3351 2866 tunc
3411 2824 3542 2881 ergo
3598 2807 3826 2863 divinus.

2222 2908 2830 2978 Salustius(eratautem
2847 2908 2891 2961 is
2914 2906 3229 2961 Patriarcha
3248 2898 3817 2974 Hierosolymitanus),

2222 3002 2507 3059 statuisset
2532 2998 2773 3056 liberare
2796 2998 2998 3055 fratres
3020 2998 3195 3054 abilla
3218 3004 3559 3067 tempestate,
3579 2995 3819 3067 primum

532 3078 750 3180 Sa‘pilts
772 3099 963 3180 eorum
991 3089 1223 3146 virtutes
1255 3093 1582 3161 depraadicat
1608 3094 1845 3150 Joannes
1863 3094 2118 3151 Moschus
2149 3123 2195 3180 ο
2227 3094 2449 3163 quidem
2493 3094 2803 3161 constituit,
2872 3101 2951 3158 ut,
3004 3094 3096 3163 qui
3122 3094 3237 3163 jam
3287 3109 3317 3146 a
3375 3106 3467 3148 me
3507 3092 3687 3146 dictus
3733 3100 3820 3146 est

530 3171 592 3227 in
625 3173 791 3229 Prata
825 3179 1110 3246 spirituali,
1144 3184 1485 3252 potissimum
1519 3202 1568 3243 c.
1604 3186 1657 3251 5,
1693 3186 1785 3253 22,
1814 3186 1909 3252 95,
1944 3188 2035 3253 92,
2068 3196 2124 3243 et

533 3265 823 3323 duodecim
855 3273 1235 3341 sequentibus,
1292 3283 1348 3330 et
1401 3276 1527 3341 109,
1586 3293 1815 3346 quorum
1862 3280 2122 3336 nonnulla

534 3372 822 3427 perperam
861 3363 1073 3417 titulum
1107 3369 1422 3423 inouasterii
1464 3369 1523 3424 S.
1559 3371 1850 3428 Theodosii
1887 3374 1943 3429 in
1990 3375 2125 3432 Sco-

478 3459 483 3467 '
521 3452 659 3538 pulo
701 3451 907 3510 Ciliciae
959 3457 1275 3525 praeferunt,
1313 3472 1370 3517 ut
1407 3465 1585 3533 capita
1630 3466 1701 3522 93
1748 3477 1803 3522 et
1850 3468 1939 3533 99,
1978 3471 2125 3538 quod

514 3535 738 3596 'miruut
805 3560 836 3598 a
899 3551 1119 3605 nemine
1199 3550 1463 3608 hactenus
1530 3554 1700 3612 fuisse
1772 3535 2121 3616 animadver-

718 3776 747 3849 §
780 3775 843 3831 ν.
881 3775 984 3833 SS.
1019 3776 1175 3835 Saba!
1203 3790 1252 3836 et
1282 3781 1565 3839 Theodosii
1593 3786 1964 3856 familiaritas;

621 3908 709 3966 il.
737 3911 939 3966 Auctor
981 3914 1103 3970 vita:
1128 3914 1184 3970 S.
1224 3917 1518 3974 Theodosii
1556 3930 1622 3976 ne
1651 3920 1737 3975 vel
1767 3938 1964 3978 nomen
2001 3925 2126 3995 qui-

556 4002 673 4057 dem
715 4002 773 4059 S.
834 4004 992 4061 Saba:
1045 4008 1325 4076 exprimit.
1384 4008 1443 4066 In
1500 4009 1661 4079 hujus
1713 3998 1834 4067 Vita
1881 4013 2126 4082 pluribus

550 4097 829 4166 utriusque
864 4098 1160 4154 amicitiam
1217 4100 1493 4158 collaudat
1536 4103 1791 4174 Cyrillus.
1828 4124 1847 4157 ί
1902 4106 2130 4161 Accedit

543 4184 614 4241 ad
660 4185 884 4255 Saham,
928 4190 1125 4260 inquit,
1160 4191 1378 4259 quidam
1414 4195 1734 4260 monachus,
1768 4197 1985 4251 nomine
2016 4198 2130 4253 An-

540 4279 692 4344 thus,
726 4281 811 4334 vir
848 4282 1057 4338 amicus
1116 4284 1360 4352 virtutis,
1408 4288 1500 4356 qui
1555 4288 1656 4359 ipsi
1691 4304 1911 4360 quoque
1967 4289 2129 4361 longe

536 4378 785 4439 tempore
810 4382 1061 4428 versatus
1090 4371 1266 4428 fuerat
1291 4390 1413 4430 cum
1438 4391 1635 4447 magno
1647 4377 2075 4435 Thcodosio.....
2102 4397 2122 4432 ι

2229 3186 2535 3242 Marcianus
2550 3185 2631 3241 eis
2670 3195 2954 3257 praeesset,
2973 3194 3023 3240 et
3054 3198 3241 3239 eorum
3285 3183 3584 3253 susciperet
3614 3180 3819 3237 rectio.

2228 3294 2374 3335 nem.
2401 3278 2537 3334 Cum
2579 3287 2760 3333 autem
2796 3277 3197 3333 intercessisset
3237 3276 3571 3346 aliquantum
3607 3283 3821 3342 tempo-

2228 3373 2331 3439 ris,
2360 3371 2663 3443 aegrotabat
2682 3371 2904 3443 quidem
2932 3370 3148 3425 divinus
3178 3368 3476 3430 Salustius,
3507 3374 3565 3421 ct
3587 3379 3819 3434 corpore

2227 3473 2348 3522 erat
2376 3466 2516 3521 male
2547 3464 2775 3520 allectus
2809 3480 2823 3517 :
2851 3463 2918 3518 ad
2947 3478 3074 3518 eum
3112 3477 3239 3517 vero
3269 3460 3606 3518 conveniunt
3626 3472 3818 3514 omnes

2228 3559 2322 3631 qui
2363 3569 2522 3614 erant
2552 3559 2606 3613 in
2653 3558 2946 3613 solitudine
2974 3572 2987 3608 :
3016 3557 3131 3626 ipse
3163 3567 3358 3621 autem,
3384 3553 3666 3609 communi
3705 3549 3821 3607 suf-

2228 3650 2406 3720 fragio
2435 3665 2623 3705 eorum
2642 3648 2733 3718 qui
2762 3646 2923 3703 simul
2952 3656 3348 3708 convenerant,
3379 3646 3572 3699 statuit
3609 3650 3666 3696 nt
3698 3658 3821 3697 mo-

2230 3744 2508 3806 nasteriis,
2529 3757 2650 3811 qua:
2671 3750 2826 3796 erant
2852 3742 2994 3794 circa
3013 3751 3256 3794 sanctam
3287 3738 3588 3802 civitatem,
3617 3751 3823 3807 prmeso

2229 3842 2354 3890 sent
2408 3836 2584 3889 Sabas
2614 3846 2668 3888 et
2710 3831 3073 3896 Theodosius,
3106 3831 3164 3894 ii,
3222 3845 3360 3899 quos
3392 3844 3633 3899 praesens
3667 3831 3822 3887 vobis

2229 3927 2467 3983 ostendit
2491 3925 2746 3980 narratio.
2776 3925 2858 3979 Ab
2890 3924 2986 3978 illo
3012 3932 3144 3992 ergo
3193 3932 3438 3992 tempore
3476 3922 3820 3979 Theodosius

2228 4020 2447 4090 quidem
2475 4018 2566 4081 iis,
2591 4018 2681 4087 qui
2708 4014 3073 4072 communiter
3104 4014 3360 4069 vivebant
3393 4032 3407 4069 :
3437 4014 3613 4069 Sabas
3636 4025 3818 4070 autem

2200 4096 2320 4180 ‘iis,
2364 4110 2458 4179 qui
2515 4126 2639 4166 cum
2717 4110 2936 4165 nemine
2993 4107 3510 4179 congrediebautur,
3551 4115 3609 4163 et
3662 4116 3824 4163 erant

2230 4207 2454 4263 omnino
2481 4204 2745 4276 separati,
2790 4212 3083 4273 praeerant.
3145 4222 3163 4255 ι
3230 4202 3591 4271 Subjungitur
3638 4203 3823 4257 obitus

2233 4299 2460 4355 Salustii
2486 4308 2545 4353 ut
2570 4299 2619 4353 is
2648 4298 2697 4352 ei
2722 4298 2948 4353 morbus
2991 4296 3242 4352 videatur
3273 4295 3445 4350 fuisse
3482 4294 3680 4350 letalis.
3718 4292 3825 4349 Dc-

2233 4395 2398 4450 cessit
2444 4409 2589 4449 anno
2617 4393 2822 4448 Christi
2865 4391 2990 4446 515.

534 4460 641 4517 Hic
667 4465 719 4518 in
754 4464 876 4519 Vita
910 4462 1100 4521 Latina
1143 4466 1340 4522 Florus
1368 4470 1713 4539 appellatur:
1749 4491 1768 4524 ι
1808 4470 1964 4526 Tunc
2017 4472 2123 4542 pri-

2301 4489 2394 4544 24.
2428 4508 2448 4542 ι
2477 4489 2612 4544 Cum
2640 4486 2814 4542 Sabas
2848 4500 2877 4539 a
2917 4483 3132 4541 Joanne
3162 4481 3657 4554 ilierosolymitano
3684 4495 3822 4551 pon-

539 4570 693 4610 nium
724 4556 987 4611 divinitus
1017 4558 1103 4612 hic
1135 4556 1310 4614 Sabas
1352 4561 1537 4615 evadit
1577 4569 1738 4617 notus
1777 4563 1839 4617 B.
1872 4562 2125 4619 Theodo-

534 4646 645 4710 sio,
682 4661 804 4701 cum
835 4647 917 4702 eis
950 4647 1028 4702 ad.
1050 4648 1188 4704 hanc
1231 4650 1597 4720 cognitionem
1630 4652 1844 4708 Anthus
1901 4654 2128 4724 pulchre

542 4737 982 4798 intercessisset.
1026 4738 1233 4796 Deinde
1308 4751 1490 4798 autem
1552 4743 1717 4798 etiam
1771 4745 2123 4801 solitudinem

537 4826 674 4884 facit
705 4827 897 4896 Sabas,
950 4839 1005 4885 et
1047 4831 1257 4887 lanram
1284 4833 1338 4888 in
1366 4848 1428 4889 ea
1465 4835 1771 4891 constituit.
1811 4854 1839 4889 ›.
1866 4836 2056 4893 Annus
2084 4839 2129 4893 is

538 4929 663 4974 erat
688 4919 893 4977 Christi
916 4923 1046 4979 477.

610 5011 704 5067 22.
741 5031 760 5065 ι
809 5013 1033 5072 Divinos
1086 5015 1262 5074 Sabas
1304 5017 1503 5091 (pergit
1548 5020 1751 5075 ibidem
1790 5019 2048 5092 Cyrillus)
2085 5023 2129 5077 si

538 5119 705 5175 quem
728 5123 792 5163 ex
834 5110 903 5165 iis
950 5111 1041 5180 qui
1080 5113 1282 5167 mundo
1314 5112 1701 5168 renuntiabant
1732 5114 1939 5170 videret
1983 5113 2129 5183 ejus-

545 5201 715 5264 modi,
769 5202 855 5257 cui
889 5203 1103 5258 scilicet
1145 5203 1314 5260 facies
1341 5205 1581 5260 nondum
1631 5215 1777 5262 esset
1810 5217 1949 5261 tecta
1983 5208 2132 5277 pilis,

539 5308 667 5348 eum
698 5294 944 5350 mittebat
975 5300 1043 5352 ad
1076 5296 1466 5365 Theodosium,
1518 5297 1611 5369 qui
1673 5312 1770 5353 eos
1814 5299 1907 5369 qui
1943 5300 2132 5355 mitte-

543 5393 746 5446 bantur
789 5392 1024 5450 libenter
1070 5395 1362 5451 admodum
1397 5396 1700 5467 excipiens,
1728 5397 1986 5453 omnibus
2016 5411 2134 5454 mo-

540 5479 629 5536 dis
679 5483 933 5540 stndehat
961 5499 1154 5541 eorum
1186 5502 1375 5543 curam
1406 5502 1615 5559 gerere,
1651 5488 1702 5560 ei
1761 5490 1854 5559 qui
1909 5488 2151 5544 miserat,

539 5573 857 5643 gratiﬁcans
879 5593 895 5633 :
920 5587 1080 5633 erant
1101 5579 1248 5634 enim
1301 5596 1497 5652 magno
1529 5582 1669 5638 inter
1702 5596 1763 5637 se
1787 5595 1972 5637 amore
1998 5596 2130 5637 con-

535 5667 708 5733 juncti
740 5668 957 5725 divinus
979 5668 1157 5726 Sahas
1177 5681 1233 5727 et
1266 5672 1357 5729 hic.
1394 5671 1457 5728 B.
1481 5672 1821 5731 Theodosius
1848 5693 1861 5729 :
1888 5683 1944 5730 et
1978 5684 2128 5731 uter-

542 5772 650 5834 que
677 5760 907 5820 alterius
948 5762 1283 5821 voluntatem
1326 5766 1646 5837 pmferebal
1702 5766 1965 5825 voluntati
1992 5783 2126 5836 suae,

2231 4581 2377 4637 tilice
2431 4590 2658 4636 vocatus
2708 4587 2855 4633 esset
2904 4577 2971 4631 ad
3029 4573 3361 4638 convivium,
3422 4572 3677 4641 quoniam
3714 4584 3823 4626 una

2226 4674 2390 4726 etiam
2414 4673 2607 4726 aderat
2637 4668 2908 4724 Antonius
2946 4668 3235 4737 episcopus
3256 4663 3697 4727 Ascalonitanus,
3726 4666 3834 4733 qni-

2228 4771 2346 4817 erat
2378 4761 2549 4815 frater
2604 4757 3020 4828 archiepiscopi,
3051 4769 3174 4811 cum
3215 4752 3290 4808 illi
3341 4750 3542 4808 Sabam
3583 4753 3820 4808 medium

2229 4849 2668 4919 intercepissent,
2706 4847 2781 4902 illi
2815 4845 2989 4901 amice
3025 4842 3408 4915 propinabant,
3459 4853 3515 4899 et
3551 4858 3650 4914 pro
3691 4845 3823 4897 viri-

2228 4942 2332 4998 bus
2356 4956 2481 4997 eum
2516 4937 2820 4996 invitabant
2871 4947 2926 4994 et
2952 4936 3317 5005 accipiebant.
3355 4935 3460 4991 Sed
3498 4950 3672 5005 neque
3704 4952 3829 4991 rur-

2229 5051 2324 5091 sus
2362 5044 2553 5091 sancto
2574 5043 2733 5088 erant
2780 5048 2977 5087 manus
3002 5031 3191 5087 Otiosaa
3228 5029 3386 5095 :sed,
3435 5038 3505 5085 uti
3549 5044 3648 5100 par
3681 5040 3821 5092 erat,

2234 5136 2442 5182 rcmota
2478 5126 2626 5182 omni
2686 5125 2905 5180 ﬁctione
2964 5132 3019 5177 et
3070 5120 3825 5186 simulatione,_vescebatur

2231 5220 2517 5291 appositis.
2547 5218 2749 5272 Aderat
2775 5225 2956 5270 autem
2978 5215 3192 5271 divinus
3220 5228 3438 5284 quoque
3460 5211 3820 5281 Theodosius,

2234 5312 2325 5382 qui
2347 5320 2466 5366 erat
2490 5326 2537 5364 ei
2568 5310 2722 5364 valde
2747 5307 2957 5363 amicus
2994 5315 3049 5363 et
3098 5304 3401 5371 familiaris,
3432 5313 3493 5360 ut
3529 5304 3642 5376 jam
3679 5320 3709 5358 a
3736 5319 3823 5361 me

2234 5416 2377 5470 saepe
2405 5402 2608 5459 dictum
2655 5411 2738 5457 est
2773 5419 2787 5456 :
2816 5400 2906 5470 qui
2942 5414 3065 5456 cum
3115 5398 3280 5455 veluti
3310 5397 3583 5468 quoddam
3627 5398 3822 5453 condi-

2234 5502 2496 5555 mentum,
2528 5491 2689 5546 vellet
2706 5504 2906 5545 mensa:
2935 5487 3238 5558 speciosam
3263 5486 3501 5556 aliquam
3523 5494 3579 5539 et
3610 5495 3820 5563 gratam

2233 5585 2457 5653 injicere
2476 5584 2803 5651 orationem,
2835 5585 3044 5636 urbane
3065 5579 3356 5636 admodum
3388 5585 3445 5633 et
3481 5576 3657 5647 lepide
3688 5576 3825 5634 infe-

2236 5692 2362 5732 rens
2394 5676 2550 5743 dixit,
2582 5676 2825 5732 divinum
2872 5674 3069 5730 Sabam
3120 5673 3196 5729 ita
3238 5669 3473 5737 esurire,
3508 5679 3570 5726 ut
3614 5686 3683 5728 ne
3725 5683 3823 5727 vos

2233 5768 2451 5842 quidem
2482 5770 2661 5838 ambo,
2690 5768 2894 5836 aiebat,
2923 5768 3016 5840 qui
3048 5764 3297 5825 sollicitis
3330 5763 3397 5820 ad
3446 5771 3612 5821 totam
3656 5764 3839 5822 sintut.
