4152 6418
343 295 446 358 467

1518 292 1528 299 ’
1595 296 1881 358 MENSIS
1913 297 2384 362 JANUARIUS'».

3500 294 3635 363 νΔ68

344 409 593 463 alendam
625 407 998 477 Palmstinaut,
1028 411 1250 481 possitis
1271 411 1391 481 ejus
1412 408 1654 466 ventrem
1684 412 1830 465 alere
1863 409 1928 462 ad
1956 408 2013 467 A.
2036 412 2355 467 Soterichus
2433 413 2698 468 Caesarea:
2733 409 3093 480 Cappadocia
3153 386 3464 481 episcopus
3492 443 3509 469 ,
3563 407 3640 458 S‘t

342 501 673 555 satietatem.
712 499 845 556 Tale
867 498 920 557 (il
957 514 1064 557 tam
1097 504 1415 559 validumac
1436 505 1720 559 robustum
1737 518 1936 571 corpus

344 591 407 647 Β.
445 594 604 649 Saba;
653 609 928 664 generosa:
961 597 1266 667 contigerat
1312 597 1529 653 animat.
1578 595 1710 651 Erat
1755 606 1936 649 autem

343 700 556 739 summa
590 686 855 743 modestia
890 688 1173 756 pra:ditus,
1201 700 1255 743 ct
1291 689 1533 745 moribus
1556 689 1693 744 lenis
1710 704 1773 743 ac
1800 687 1936 742 faci-

344 776 431 830 JIS.
459 777 521 831 Et
550 777 615 829 ad
645 793 766 832 eum
794 779 1486 849 quidemconveniendum
1508 782 1683 835 facilis
1720 781 1937 852 patebat

343 867 520 920 ndiltts
550 883 563 918 :
599 874 719 921 erat
752 883 879 922 vero
920 868 972 922 iu
1007 883 1262 925 sermone
1284 870 1557 940 iucundus
1589 880 1642 923 et
1696 868 1939 922 moribus

342 956 559 1025 qu‘dem
586 958 1046 1028 simplicissimus,
1089 961 1375 1029 prudentia
1403 971 1583 1017 autem
1609 960 1940 1016 constantis-

347 1051 540 1113 simus,
570 1050 897 1107 charitatem
934 1067 1044 1107 non
1070 1052 1252 1108 fictam
1282 1065 1339 1109 et
1355 1055 1622 1109 sinceram
1658 1054 1796 1122 apttd
1820 1069 1938 1107 om-

346 1158 443 1195 nes
480 1156 836 1199 conservans.
861 1144 989 1202 Erat
1026 1163 1158 1204 vero
1173 1146 1331 1203 valde
1354 1144 1578 1202 affectus
1607 1147 1658 1200 in
1682 1146 1936 1200 Theoth

345 1237 508 1301 sium,
535 1237 672 1292 adeo
708 1249 765 1292 ut
796 1241 1039 1310 quotidie
1088 1241 1156 1296 ad
1208 1255 1269 1296 se
1314 1239 1547 1296 invicem
1585 1241 1934 1300 ventitet-ent,

345 1339 401 1381 et
449 1328 594 1387 inter
618 1346 679 1385 se
710 1332 777 1386 de
826 1333 1029 1388 virtute
1057 1332 1392 1398 conferrent,
1434 1340 1489 1387 et
1519 1340 1729 1397 essent
1776 1331 1939 1384 ambo

346 1420 520 1475 instar
580 1422 932 1480 luminarium
976 1426 1254 1491 omnibus,
1292 1426 1387 1496 qui
1445 1425 1611 1478 vitam
1644 1423 1940 1493 amplecte-

344 1514 547 1568 bantur
579 1517 956 1571 monasticam.
1004 1517 1109 1571 Sed
1167 1517 1256 1573 ille
1312 1516 1529 1586 quidem
1568 1531 1787 1579 eorum,
1840 1513 1935 1585 qui

343 1605 512 1659 vitam
532 1607 860 1663 exercebant
881 1623 1225 1665 communem
1244 1609 1367 1677 -,bir
1398 1618 1599 1676 autem,
1628 1607 1824 1672 Sabas,
1853 1610 1938 1663 iu-

345 1712 531 1764 quam,
557 1712 747 1753 eorum
780 1700 870 1769 qui
902 1717 931 1755 a
961 1702 1349 1783 congressione
1368 1712 1679 1773 separatam
1712 1700 1936 1770 etquie-

346 1799 458 1845 tam
515 1804 839 1864 susceperat
891 1795 1294 1863 praefecturam.
1330 1796 1544 1851 Dicitur
1567 1804 1714 1851 certe
1741 1795 1801 1848 B.
1831 1794 1936 1850 Sa-

343 1882 472 1938 bam
501 1887 709 1942 urbane
750 1904 895 1956 saepe
953 1890 1160 1945 dixisse
1194 1891 1381 1945 divino
1417 1890 1750 1954 Theodosio,
1785 1889 1934 1944 illum

345 1979 567 2046 quidem
603 1996 923 2050 puerorum,
955 1997 1013 2038 se
1037 1992 1219 2038 autem
1244 1998 1367 2039 esse
1393 1983 1708 2054 praefectum
1742 1980 1936 2052 praefe-

345 2084 557 2129 t-torum
592 2092 608 2130 :
660 2074 747 2139 Ὡς
776 2077 984 2140 ἐκεῖνος
1022 2077 1122 2148 μὲν
1153 2077 1383 2141 παίδων,
1425 2076 1585 2141 αὐτὸς
1607 2076 1664 2131 δὲ
1695 2073 1937 2147 ἡγουμέ-

346 2184 456 2220 νων
482 2165 791 2238 ἡγούμενος
821 2167 929 2240 εἴη.
966 2168 1125 2237 Quod
1157 2185 1351 2241 nempe
1388 2170 1533 2225 solos
1565 2168 1802 2233 adultos,
1847 2167 1939 2223 ille

345 2261 511 2314 etiam
567 2260 837 2318 imberbes
871 2273 927 2328 et
953 2265 1239 2320 eunuchus
1276 2264 1621 2329 admitteret,
1660 2271 1718 2317 ut
1749 2262 1818 2317 de
1851 2260 1938 2317 bis

347 2353 493 2406 infra
532 2353 757 2411 dicitur.

425 2464 449 2497 ι
479 2446 570 2502 ‘25.
608 2445 728 2503 Non
765 2450 947 2504 minor
989 2450 1293 2506 animorum
1355 2450 1671 2522 conjunctio
1726 2453 1777 2508 itt
1835 2452 1938 2509 [hic

345 2537 631 2596 Catholica-
649 2550 838 2597 contra
860 2543 1240 2598 lmreticorum
1255 2543 1360 2597 vim
1385 2545 1768 2614 propnguamla
1790 2545 1899 2599 emi
1915 2572 1938 2586 -ο

346 2632 483 2687 cuit.
523 2633 601 2687 lta
635 2649 757 2688 cum
799 2635 1094 2704 pradictus
1122 2633 1363 2700 Joannes
1395 2635 1445 2689 in
1475 2636 1656 2690 sedem
1691 2635 1942 2691 Hieroso-

347 2722 692 2794 lymitanam,
719 2724 872 2795 pulso
911 2725 1046 2788 Elia,
1075 2734 1220 2781 esset
1246 2727 1314 2781 ab
1341 2724 1592 2798 Olympio
1612 2726 1936 2782 Cmsarieusi

347 2816 608 2880 in'rnsus,
659 2818 800 2885 quod
854 2816 1043 2873 Severi
1091 2828 1443 2889 suscepturus
1500 2822 1937 2876 communionem

345 2903 645 2968 videretur,
703 2905 1040 2960 anathemati
1087 2922 1213 2963 vero
1273 2908 1618 2980 subjecturns
1672 2913 1936 2981 synodum

346 2992 875 3064 Chalcedonensem,
901 3008 1012 3053 tum
1044 2999 1104 3055 Β.
1142 3001 1442 3067 S.tbas,cui
1482 3012 1730 3064 sanctum
1763 3003 1942 3061 Theo-

2043 508 2351 561 anathema.
2382 504 2535 559 Tunc
2560 504 2724 560 sentit
2757 503 2873 558 Dux
2900 502 3169 563 fraudem,
3205 509 3259 552 et
3287 500 3498 551 veritus
3536 511 3643 566 po-

2043 595 2153 664 puli
2174 609 2498 650 consensum
2527 596 2866 657 unanimem,
2887 593 3021 649 satis
3050 590 3241 646 habuit
3260 588 3306 644 si
3339 602 3399 644 se
3429 588 3636 643 subdu-

2041 702 2168 743 ceus
2194 688 2411 741 silentio
2444 688 2672 757 fugeret,
2714 697 2767 740 et
2794 686 2929 741 abiit
2950 684 3279 740 Caesaream.
3325 699 3344 734 ι

2113 777 2202 832 26.
2239 779 2439 833 Eadem
2465 779 2777 833 referuntur
2814 777 3033 831 actione
3061 776 3083 828 l
3112 771 3304 846 synodi
3339 786 3413 826 νη
3438 812 3453 832 ,
3487 786 3637 826 mcu-

2043 873 2286 936 utenicr,
2340 886 2438 934 seu
2487 869 2716 925 Nicmnte
2776 885 2837 935 tt,
2879 868 2972 924 ubi
3012 875 3235 921 sanctus
3292 864 3637 918 Theodosius

2043 962 2372 1033 prmporritur
2406 982 2419 1019 :
2459 963 2623 1035 Ἕχον
2661 962 2918 1032 Ἰωάννης
2970 959 3088 1030 μεθ’
3120 954 3316 1013 ἑαυτοῦ
3355 955 3635 1009 Θεοδόσιον

2042 1059 2139 1111 καὶ
2176 1057 2411 1119 Σάϐϐαν,
2435 1060 2562 1111 τοὺς
2593 1056 2704 1111 τῶν
2739 1054 2991 1127 μοναχῶν
3020 1049 3355 1122 κορυφαίους
3384 1048 3480 1102 καὶ
3501 1050 3635 1118 ἡγε-

2045 1155 2234 1224 μόνας.
2269 1154 2337 1207 At
2391 1139 2509 1207 Vita
2554 1151 2712 1206 Sabte
2743 1150 2963 1214 Latina,
2998 1155 3117 1217 post
3146 1142 3645 1198 anathematismos

2041 1257 2069 1295 a
2125 1239 2338 1297 Joanne
2382 1240 2692 1311 patriarcha
2747 1238 3152 1310 pronuntiatos,
3181 1233 3367 1289 subdit
3404 1249 3417 1284 :
3456 1249 3475 1282 ε
3508 1231 3647 1286 Hcce

2041 1333 2306 1395 dicentes,
2345 1332 2766 1387 descenderunt.
2808 1331 3122 1398 lter-nmque
3166 1326 3338 1382 abbas
3382 1322 3644 1379 Theodo-

2041 1424 2177 1488 sius,
2212 1426 2279 1478 ad
2311 1423 2566 1493 populum
2617 1436 2945 1487 conversus,
2989 1434 3181 1491 magna
3214 1433 3338 1473 cum
3384 1432 3519 1472 voce
3551 1416 3635 1471 sic

2040 1518 2232 1572 effatus
2258 1526 2341 1571 est
2373 1531 2390 1569 :
2426 1516 2551 1583 Qui,
2572 1515 2768 1586 inquit,
2791 1522 3033 1584 quatuor
3048 1510 3289 1583 synodos
3315 1525 3420 1563 non
3453 1507 3635 1563 susci-

2041 1611 2143 1677 pit,
2184 1611 2328 1665 sicut
2354 1620 2410 1665 et
2451 1616 2687 1678 quatuor
2719 1605 3033 1677 Evangelia,
3072 1605 3148 1659 sit
3195 1603 3507 1659 anathema.
3536 1598 3645 1656 llis

2042 1703 2113 1757 ita
2159 1702 2396 1773 peractis
2430 1702 2536 1755 dux
2588 1698 2993 1755 multitudinem
3040 1694 3434 1751 monachorum
3479 1690 3636 1747 valde

2040 1811 2336 1866 pavescens
2356 1794 2495 1866 fugit
2533 1795 2585 1848 in
2609 1793 2939 1849 Caesaream.
2961 1789 3168 1847 Consul
3188 1797 3369 1843 autem
3400 1785 3641 1859 (Zacha‘

2040 1891 2170 1954 rias,
2202 1904 2370 1960 nepos
2408 1886 2775 1959 imperatoris)
2822 1885 3007 1941 multis
3031 1881 3360 1955 iuramentis
3409 1894 3469 1935 se
3505 1892 3639 1934 con-

2038 1983 2317 2054 stringens
2362 1984 2438 2038 ita
2490 1983 2559 2037 ad
2608 1972 2949 2036 venerandos
3024 1977 3217 2032 Patres
3262 1974 3479 2030 locutus
3526 1981 3631 2034 eat,

2036 2077 2224 2133 dicens
2263 2096 2277 2132 :
2324 2076 2462 2146 Quia
2492 2076 2617 2131 veni
2648 2076 2776 2142 huc,
2831 2088 2936 2129 non
2986 2080 3045 2126 ut
3077 2069 3390 2128 consentire
3430 2066 3645 2121 Severo

2037 2170 2223 2234 velim,
2253 2170 2352 2226 sed
2376 2161 2433 2226 ut
2462 2176 2700 2225 vestram
2730 2164 3029 2239 promereri
3062 2162 3266 2234 possim
3290 2160 3639 2216 societatem.

2040 2263 2150 2319 [loc
2173 2263 2322 2318 dicto
2354 2262 2552 2318 obtulit
2592 2270 2814 2317 centum
2844 2258 3014 2313 libras
3045 2255 3162 2311 auri
3199 2261 3402 2309 sanette
3427 2251 3643 2305 ltesun‘

2039 2358 2602 2427 rectioni,sanctoqne
2617 2354 2881 2410 Calvarizn
2914 2357 3217 2415 ceutmn,et
3251 2341 3631 2402 sant-thruci

2040 2463 2282 2505 centum.
2307 2447 2532 2519 insuper
2564 2456 2747 2502 autem
2784 2453 2835 2499 et
2863 2454 3084 2499 centum
3127 2437 3423 2495 venerabili
3457 2436 3647 2491 Thec-

2040 2542 2219 2607 dosio,
2260 2550 2565 2607 sanctoque
2595 2535 2741 2591 Patri
2764 2547 2955 2590 nostro
2979 2532 3138 2586 Saba:
3160 2529 3298 2584 alias
3324 2527 3442 2582 auri
3470 2527 3645 2581 libras

2040 2644 2286 2700 centum,
2327 2631 2395 2688 ad
2450 2626 2889 2686 distribuendum
2942 2624 3028 2679 his
3078 2621 3171 2693 qui
3222 2634 3319 2687 per
3357 2616 3636 2686 regionem

2043 2737 2200 2785 erant
2228 2724 2533 2789 monachis,
2557 2721 2725 2777 dedit.
2768 2717 3075 2789 imperator
3100 2721 3281 2768 autem
3311 2708 3639 2764 Anastasius

2039 2824 2167 2877 dum
2191 2818 2433 2874 audisset
2455 2830 2579 2887 qua;
2614 2814 2758 2868 facta
2794 2810 3014 2866 fuerant
3042 2800 3458 2873 Hierosolymis,
3493 2797 3641 2867 cogi-

2043 2915 2175 2971 tavit
2230 2922 2287 2967 et
2318 2908 2605 2966 consilium
2650 2905 2793 2971 iniit,
2851 2912 2911 2957 ut
2952 2897 3421 2969 archieliiscopum
3467 2889 3645 2947 Joan-

2041 3020 2166 3062 nem
2215 3012 2272 3058 ct
2302 2998 2697 3065 Theodosium,
2745 2994 3052 3062 Sabamque
3093 2987 3286 3044 exsilio
3310 2981 3642 3040 condemna-

348 3089 561 3145 dosium
595 3090 802 3147 socium
837 3092 1009 3149 fuisse
1058 3109 1182 3149 mox
1232 3103 1403 3163 patet,
1452 3107 1728 3166 assumpto
1775 3112 1934 3153 sacro
1960 3099 2011 3163 C
2042 3111 2142 3157 ret.
2180 3118 2199 3153 ι

350 3183 741 3237 monachorum
796 3185 1085 3251 exercitu,
1149 3205 1171 3238 ο
1228 3185 1281 3240 in
1357 3185 1618 3243 Joannem
1671 3188 1934 3255 indit-ens,

349 3287 551 3327 novum
597 3275 969 3344 patriarcham
1014 3278 1358 3343 testiﬁcatur,
1410 3289 1461 3333 et
1516 3280 1834 3346 denuntiat,
1872 3298 1941 3338 ne

350 3364 613 3419 Severum
659 3366 911 3421 admittat
968 3368 1018 3421 iu
1052 3370 1539 3435 communionem,
1571 3374 1667 3427 sed
1726 3384 1944 3429 tueatur

349 3457 531 3523 potius
563 3456 829 3528 synodum
862 3457 1464 3525 Chalcedonensem,et
1497 3476 1594 3529 pro
1628 3478 1692 3518 ea
1718 3462 1783 3517 ad
1812 3480 1943 3519 san-

350 3548 572 3617 guinem
606 3550 1190 3620 usquepericlitetur.
1220 3551 1373 3619 Quod
1409 3554 1628 3624 quidem
1666 3555 1795 3611 facit
1832 3556 1938 3621 ille,

351 3640 623 3697 reveritus
681 3642 904 3698 Patrum
947 3645 1425 3711 protestationem,
1458 3646 1687 3701 omnino
1739 3649 1942 3703 oblitus

350 3741 746 3789 conventorum
775 3750 897 3790 cum
936 3733 1208 3807 Olympio.
1260 3755 1280 3789 ι
1344 3736 1547 3792 Deinde
1583 3752 1613 3793 a
1665 3740 1949 3796 submisso

349 3822 643 3878 Anastasio
695 3824 831 3880 duce
853 3825 1003 3881 varie
1054 3828 1385 3897 exagitatus,
1417 3827 1470 3882 in
1506 3829 1704 3899 templo
1732 3830 1789 3885 S.
1823 3830 1945 3888 Stc-

352 3915 520 3983 phani
570 3924 752 3979 caute,
800 3927 996 3986 praeter
1042 3917 1196 3975 ducis
1264 3921 1549 3990 praesentis
1604 3922 1941 3991 opinionem,

353 4003 513 4059 fidem
550 4006 876 4062 catholicam
908 4011 1217 4079 profitetur.
1259 4030 1275 4063 ι
1312 4010 1570 4070 Protinus
1608 4029 1737 4085 ergo
1756 4030 1947 4071 ascen-

354 4097 433 4151 dit
453 4107 766 4167 suggestum
794 4098 1033 4157 Joannes
1080 4113 1313 4173 utraque
1334 4120 1502 4160 manu
1523 4118 1712 4163 tenens
1745 4107 1942 4165 Sabam

355 4197 410 4241 tt
445 4185 817 4245 Theodosium
848 4194 1066 4261 pietatis
1098 4206 1551 4267 propugnatores.
1582 4198 1716 4255 Cum
1754 4217 1814 4257 se
1842 4218 1941 4257 au-

358 4290 465 4333 tem
516 4281 866 4339 sustinuisset
911 4285 1330 4355 aliquantulum,
1392 4289 1542 4346 visus
1592 4302 1676 4347 est
1738 4295 1941 4349 sensim

357 4384 737 4430 susttrrantem
776 4378 966 4433 audire
1024 4379 1466 4449 multitudinem,
1529 4393 1584 4440 et
1644 4387 1938 4452 dicentem,

354 4479 606 4532 oportere
655 4466 819 4524 ferire
847 4471 1194 4527 anathemate
1227 4489 1321 4530 eos
1361 4477 1453 4545 qui
1488 4493 1594 4532 non
1635 4488 1783 4534 recte
1815 4495 1943 4535 sen-

357 4559 518 4613 tiunt.
546 4558 659 4614 Hoc
685 4577 814 4633 ergo
849 4562 940 4618 ille
976 4579 1097 4618 cum
1152 4576 1408 4636 tanquam
1447 4568 1689 4626 divinum
1721 4571 1941 4643 aliquod

356 4650 568 4719 signum
608 4656 929 4724 accepisset,
956 4665 1010 4711 et
1033 4673 1128 4712 cor
1160 4658 1443 4716 habuisset
1475 4664 1746 4733 repletum
1775 4665 1943 4719 auda-

355 4745 461 4804 cia.
487 4760 647 4800 uuam
665 4749 865 4804 emittit
905 4764 1091 4806 vocem
1124 4767 1245 4807 cum
1281 4753 1634 4811 multitudine
1675 4774 1690 4810 :
1739 4756 1784 4813 si
1824 4759 1947 4829 quis

354 4839 673 4905 easentiat,
710 4856 830 4911 qua:
893 4841 1188 4915 Eolyches,
1239 4844 1546 4915 Nestorius,
1601 4847 1857 4915 Severus,
1893 4863 1948 4905 et

2110 3192 2202 3247 27.
2235 3190 2461 3246 Demum
2486 3177 3078 3254 utriusqneamicitiam
3101 3185 3157 3231 et
3179 3169 3645 3227 monasteriorum

2045 3282 2506 3356 propinquitatem
2527 3270 3013 3333 indicautvariiah
3050 3280 3158 3323 uno
3196 3264 3263 3319 ad
3283 3261 3427 3318 aliud
3457 3267 3641 3315 trans-

2044 3350 2200 3434 missi
2221 3350 2496 3430 monachi.
2523 3370 2601 3426 lta
2622 3367 2869 3441 quidam,
2907 3361 3145 3419 Jacohus
3178 3358 3420 3423 nomine,
3452 3352 3524 3409 ob
3552 3350 3643 3407 sui

2044 3490 2109 3532 ex
2146 3479 2479 3544 praepostero
2511 3464 2630 3522 zelo
2672 3460 3065 3519 castrationem
3106 3471 3134 3508 a
3166 3453 3311 3509 Saba
3366 3458 3421 3505 et
3453 3461 3644 3538 mena:

2044 3564 2212 3622 sterio
2228 3562 2507 3633 expulsus,
2541 3556 2600 3613 S.
2629 3551 2937 3610 Theodosio
2968 3546 3364 3609 intercedente,
3388 3548 3647 3609 receptus

2045 3666 2153 3724 est,
2190 3655 2255 3709 ad
2280 3667 2447 3724 quem
2468 3665 2592 3707 cum
2643 3647 2833 3716 jussus
2872 3642 3065 3697 fuisset
3093 3636 3450 3699 descendere,
3490 3646 3643 3687 emn-

2046 3723 2153 3817 que
2184 3723 2493 3806 salutasset,
2535 3738 2623 3811 pie
2652 3733 3006 3794 obdormivit.
3054 3725 3444 3799 Aphrodisinm
3475 3723 3637 3778 etiam

2046 3838 2359 3911 quemdam,
2412 3850 2441 3891 a
2470 3841 2663 3890 sancto
2690 3826 3017 3892 Theodosio,
3049 3822 3193 3893 quod
3233 3818 3436 3875 mulum
3465 3829 3647 3887 pugno

2047 3930 2453 3994 interemisset,
2516 3922 2838 3994 ex'pulsum,
2911 3919 2966 3974 in
3028 3913 3424 3972 monasterium
3483 3922 3640 3964 suum

2046 4022 2260 4092 excepit
2292 4026 2517 4077 sanctus
2547 4016 2742 4083 Sabas,
2779 4014 2939 4083 eique
2960 4006 3234 4067 concessit
3254 4014 3381 4059 ante
3412 4009 3640 4056 mortem

2006 4113 2381 4181 ,descendere
2427 4111 2493 4166 ad
2538 4116 2791 4166 sanctum
2839 4103 3207 4162 Theodosium
3237 4106 3299 4154 ut
3333 4097 3402 4152 ab
3457 4105 3647 4150 core-

2047 4207 2363 4264 missioncm
2419 4209 2865 4272 consequeretur.
2924 4196 3003 4251 Ad
3038 4196 3155 4251 haec
3188 4191 3248 4247 S.
3287 4188 3483 4255 Sabas,
3516 4200 3644 4242 cum

2049 4316 2117 4357 ex
2174 4300 2290 4357 suis
2335 4296 2618 4354 monachis
2647 4295 2805 4357 duos,
2842 4289 2937 4363 qui
2971 4289 3025 4343 in
3070 4286 3248 4342 Turre
3280 4279 3645 4338 monaSterio-
3698 4310 3699 4313 η

2051 4410 2170 4450 rum
2196 4394 2262 4450 ab
2295 4390 2532 4447 Eudocia
2580 4386 2928 4459 imperatrice
2982 4378 3251 4438 aedificata
3301 4373 3642 4437 habitabant,

2049 4489 2106 4543 in
2143 4486 2523 4543 Nestorianam
2559 4480 2810 4538 hmresim
2845 4476 3130 4548 prolapsos
3174 4469 3528 4540 intelligeret,
3559 4464 3644 4521 eis

2044 4581 2221 4636 locum
2271 4579 2326 4634 iu
2380 4584 2648 4633 conventu
2698 4570 2874 4630 sancti
2923 4566 3217 4626 Theodosii
3257 4565 3540 4635 impetrat,
3588 4572 3636 4613 et

2044 4686 2203 4742 quem
2222 4668 2417 4725 Turris
2453 4665 2720 4724 curationi
2757 4660 3080 4735 praeﬁceret,
3127 4656 3397 4715 Joannem
3430 4652 3616 4727 Byzan

2049 4766 2244 4831 tinum,
2267 4764 2510 4819 moribus
2542 4770 2597 4817 et
2626 4758 2875 4815 doctrina
2902 4754 3288 4811 excellentem.
