4152 6400
492 292 629 356 L69-

1456 288 1632 374 YITA
1675 289 1736 350 S.
1766 287 2178 347 THEDDOSII
2205 287 2810 349 C(ENOBIARCIL-E.

1543 535 1790 646 13102
1876 559 2074 645 ΚΑΙ
2153 557 2705 646 ΠΟΛΙΤΕΙΑ

635 733 943 852 ΤΟΥ
1019 735 1493 855 ΟΣΙΟΥ
1546 737 2163 853 ΠΑΤΡΟΣ
2220 737 2676 852 ΗΜΩΝ
2757 735 3646 854 ΘΕΟΔΟΣΙΟΥ

1775 933 1913 987 ΤΟΥ
1952 932 2500 1020 ΚΟΙΝΟΒΙΑΡΧΟΥ.

2085 1099 2180 1115 ἢ

1412 1229 1698 1321 VITA
1772 1229 1925 1319 ET
1990 1229 2858 1324 CONVEBSATIO

795 1426 915 1540 S.
989 1429 1114 1538 P.
1211 1429 1355 1541 N.
1453 1428 2232 1543 THEODOSII
2327 1432 3494 1546 C(ENOBIARCH/E.

1037 1628 1230 1692 (Graece
1254 1644 1385 1680 nunc
1409 1629 1618 1694 primum
1643 1635 1796 1695 prodit
1829 1649 1888 1684 ex
1914 1641 2085 1684 codice
2119 1649 2208 1684 ms.
2238 1636 2360 1699 lleg.
2391 1651 2440 1685 n.
2501 1639 2633 1698 l556,
2678 1653 2796 1690 sese.
2823 1654 2889 1688 xx.
2917 1639 3053 1689 Enn.
3079 1637 3269 1695 Pun.)-

1969 1919 2199 1976 (IAPUT
2251 1923 2292 1976 1.

1097 2029 1157 2088 S.
1195 2031 1471 2087 Theodosii
1516 2041 1692 2096 ortus,
1737 2017 2004 2098 educatio,
2037 2033 2391 2104 peregrinatio
2433 2031 2502 2085 ad
2533 2030 2592 2085 S.
2632 2031 2943 2102 Symeouem
2972 2031 3246 2103 Stylitam.

582 2151 653 2202 α’.
691 2144 951 2200 ’Ἥδιστον
1003 2158 1104 2217 μεν
1157 2145 1259 2219 ἔαρ
1308 2148 1366 2200 ὲν
1417 2145 1610 2218 ὥραις,
1643 2147 1926 2211 κάλλιστος
1951 2147 2008 2200 δὲ
2035 2147 2090 2200 ἒν

2275 2148 2326 2202 l.
2360 2148 2504 2202 Inter
2538 2158 2778 2216 tempora
2805 2146 3021 2216 quidem
3063 2161 3155 2201 ver
3180 2155 3262 2201 est
3302 2145 3792 2216 iucundissimum,

507 2239 784 2308 ἄστρασιν
821 2237 1030 2309 ἦλιος.”
1054 2238 1278 2316 ᾅριστος
1324 2239 1381 2292 δὲ
1430 2240 1523 2293 καὶ
1563 2241 1618 2292 ὲν
1649 2238 1786 2310 βίοις
1810 2241 1838 2293 ὀ
1868 2239 1962 2293 τοῦ
2001 2256 2096 2310 με·

507 2330 680 2398 γάλου
721 2329 835 2399 βίος
884 2329 1192 2384 Θεώοσὶουο
1236 2331 1544 2396 Θεοδοσίου,
1601 2331 1782 2401 φημὶ,
1841 2331 1935 2385 τοῦ
1996 2331 2096 2401 τὴν

510 2420 710 2490 κλῆσιν
746 2421 807 2474 οῦ
853 2421 1048 2491 κλῆσιν
1096 2420 1374 2488 δείξαντος
1411 2423 1591 2493 μόνον,
1646 2423 1762 2476 ἀλλ’
1795 2425 1874 2492 εἰς
1914 2439 2098 2494 πραγ-

516 2511 708 2581 μάτων
743 2511 916 2582 αὐτὴν
964 2513 1346 2582 ὲξενεγκόντος
1381 2515 1664 2586 ἀλήθειαν,
1701 2515 1836 2570 Θεοῦ
1868 2516 1924 2570 δὲ
1953 2516 2100 2580 δόσις

513 2601 825 2673 ἀνθρώποις
864 2603 1080 2674 ἀληθῶς
1110 2603 1535 2674 ὀφθέντος,-καὶ
1572 2606 1674 2679 βίῳ
1727 2609 1892 2662 παντὶ
1969 2608 2102 2678 φιλ-

514 2693 702 2765 αρέτῳ
732 2694 910 2748 κοινὸν
940 2696 1268 2767 ἀρχέτυπον·
1304 2698 1432 2767 παρ’
1456 2697 1484 2751 ὃ
1517 2699 1580 2770 δὴ
1607 2701 1704 2755 καὶ
1736 2700 1935 2771 μᾶλλον
1958 2701 1992 2773 ἦ
2015 2701 2103 2756 διὰ

517 2789 582 2841 τὸ
612 2789 880 2842 κοινοϐἱου
925 2788 1088 2858 ἄρξαι
1143 2791 1530 2861 κοινοϐιάρχης
1576 2792 1642 2847 ἂν
1681 2794 1766 2866 εἴη
1819 2794 2103 2850 καλεῖσθαι

515 2881 749 2944 δὶκαιος.
787 2881 860 2934 Τὸ
887 2882 990 2951 μὲν
1038 2881 1147 2953 γὰρ
1179 2882 1313 2937 ῑδιον
1357 2885 1522 2937 αὑτοῦ
1559 2885 1784 2956 μᾶλλον,
1824 2887 1883 2938 τὸ
1915 2887 1973 2940 δὲ
2007 2886 2105 2941 καὶ

517 2973 736 3028 πολλῶν
803 2975 1038 3043 ἑτέρωνσ
1103 2976 1198 3030 καὶ
1245 2977 1304 3031 τὸ
1363 2978 1460 3047 μὲν
1526 2979 1796 3048 μακάριον
1861 2978 2104 3032 δείκνυσι

515 3068 620 3135 τῆς
659 3069 858 3140 ἀρχῆς,
893 3069 1086 3141 ὥσπερ
1137 3071 1245 3142 ἄρα
1294 3071 1389 3125 καὶ
1421 3071 1662 3144 ἀτεχνῶς
1703 3073 1917 3144 γέγονε,
1957 3072 2018 3128 τὸ
2047 3073 2106 3128 δὲ

518 3161 720 3233 ἄδηλον
747 3161 861 3232 ἔχει
891 3161 985 3216 τοῦ
1026 3163 1214 3228 τέλους
1241 3168 1335 3218 καὶ
1365 3162 1518 3217 οῦπω
1560 3165 1802 3237 φανερὰν
1840 3165 1938 3238 τὴν
1968 3166 2105 3222 ἀπὸο

516 3270 709 3322 φασιν.
743 3245 913 3319 Οὗτος
953 3254 1045 3310 οὖν
1096 3255 1182 3319 τίς
1227 3274 1287 3310 τε
1335 3252 1404 3328 ἦν
1435 3258 1556 3310 κατ’
1597 3259 1794 3329 ἀρχὰς,
1826 3260 1920 3313 καὶ
1942 3259 2106 3313 τίνων

513 3347 623 3414 ἔφυ
645 3346 873 3416 γονέων,
905 3348 1027 3401 ὅθεν
1055 3365 1114 3401 τε
1140 3348 1370 3420 ὥρμητο
1398 3351 1656 3414 κα“ιὸπως
1686 3353 1762 3415 εἰς
1791 3351 1917 3415 τοὺς
1941 3367 2100 3405 πνευ-

519 3439 789 3511 ματικοῦς
818 3441 1236 3513 ἀποδυσάμενος
1265 3437 1430 3514 ἦλθεν
1464 3442 1706 3509 ἀγῶνας,
1729 3443 1879 3513 χρῶν
1911 3443 2108 3515 πρότε-

517 3553 616 3608 ρον
644 3534 897 3602 διελθεῖν,
952 3535 1146 3589 ἔπειτα
1193 3535 1454 3607 καὶπερὶ
1504 3536 1604 3605 τῆς
1666 3535 1859 3590 τούτου
1913 3537 2104 3606 μονῆς,

515 3627 727 3698 ταύτης
773 3626 838 3697 δὴ
873 3628 971 3697 τῆς
1005 3626 1108 3680 ὑπὸ
1143 3627 1321 3696 πάσης
1351 3627 1600 3698 γλώσσης
1653 3631 1802 3698 κοινῇ
1855 3628 2108 3700 περιᾳδο-

523 3716 692 3785 μένης
723 3717 855 3785 περὶ
898 3714 1005 3769 τῶν
1053 3715 1228 3787 ἄλλων
1257 3717 1466 3771 ἐκείνου
1503 3717 1709 3787 φρᾶπαι
1743 3719 1810 3771 τὰ
1845 3719 1986 3771 κατὰ
2017 3719 2110 3770 δύ-

528 3824 687 3876 ναμιν
719 3809 860 3878 μήτε
887 3810 952 3879 τῇ
985 3808 1226 3880 ἀμετρίᾳ
1258 3807 1352 3862 τοῦ
1393 3809 1554 3877 λόγου
1585 3808 1686 3882 τὴν
1721 3809 1892 3880 ἀκοὴν
1939 3810 2108 3881 βαρύο

537 3914 713 3962 νοντα,
736 3901 873 3972 μήτε
909 3903 976 3972 τῇ
1004 3902 1271 3972 συντομία
1303 3901 1465 3955 πάλιν
1498 3903 1554 3955 ὲν
1581 3905 1693 3964 τοῖς
1741 3901 1978 3972 καιρίοις
2009 3901 2118 3966 τὰς

541 3989 886 4060 φίλοκάλὶους
914 3993 1217 4064 ζημιοῦντα
1246 3992 1442 4064 ψυχάς.

596 4257 666 4329 β’.
703 4257 878 4330 Κώμη
925 4277 1008 4324 τις
1041 4261 1239 4331 ἧνεγκε
1269 4261 1361 4314 τὸν
1393 4262 1702 4331 Μακάρων,
1727 4260 1898 4332 δνομα
1919 4262 2108 4330 Moys-

525 4349 752 4419 ρισσὸς,
786 4351 950 4410 ,κατὰ
989 4351 1090 4422 τὴν
1132 4351 1518 4406 Καππαδοκῶν
1563 4349 1748 4422 χώραν
1797 4349 2110 4422 κειμένη-ἧ

523 4440 650 4493 τότε
697 4440 798 4511 μὲν
835 4443 947 4504 τοῖς
989 4439 1204 4504 πολλοῖς
1233 4438 1512 4508 ἄγνωστός
1557 4455 1615 4492 τε
1656 4439 1752 4493 καὶ
1777 4438 1989 4510 ἄσημος
2019 4434 2110 4510 ἦν,

522 4533 646 4587 νυνὶ
675 4532 732 4586 δὲ
761 4550 854 4587 και
881 4535 1015 4587 πᾶσι
1043 4534 1226 4604 σχεδον
1248 4534 1314 4587 δι’
1345 4533 1507 4586 αὐτὸν
1524 4533 1819 4604 γνώριμος.
1839 4533 2114 4604 Ἐδειγὰρ

524 4625 626 4678 καὶ
655 4625 872 4695 πατρίδι
889 4627 984 4680 καὶ
1009 4627 1120 4690 τοῖς
1153 4625 1423 4696 πατράσιν
1449 4624 1648 4694 μᾶλλον
1679 4625 1839 4678 αὑτὸν
1862 4623 2115 4694 γενέσθαι

525 4719 920 4790 λαμπρότητος
957 4717 1236 4789 ἀφορμὴν,
1296 4719 1329 4789 ἢ
1365 4720 1549 4774 ἐκεῖνα
1586 4716 1870 4772 Θεοδοσίου
1910 4717 2116 4787 κόσμον

2204 2238 2344 2294 inter
2361 2239 2551 2295 stellas
2578 2248 2758 2293 autem
2788 2237 2867 2293 sol
2895 2246 2976 2292 est
3002 2237 3402 2307 pulcherrimus
3431 2255 3444 2291 :
3475 2237 3616 2292 inter
3643 2237 3800 2292 vitas-

2204 2341 2385 2384 autem
2417 2331 2620 2400 Optima
2672 2343 2889 2399 quoque
2919 2337 3002 2383 est
3063 2327 3175 2383 Vita
3230 2327 3407 2398 magni
3469 2326 3781 2384 Theodosii.

2205 2421 2524 2490 Theodosii,
2563 2422 2807 2490 inquam,
2857 2421 2947 2490 qui
2980 2435 3176 2476 nomen
3203 2435 3306 2474 non
3331 2420 3505 2476 solum
3535 2435 3657 2476 esse
3688 2437 3785 2476 no-

2206 2530 2327 2569 men
2375 2506 2782 2578 ostendit,'sed
2849 2514 2900 2567 id
2955 2513 3022 2567 ad
3087 2527 3263 2568 rerum
3327 2513 3580 2580 perduxit
3641 2513 3785 2568 veri-

2208 2616 2371 2662 tatem
2392 2625 2412 2674 ;_
2443 2617 2498 2661 ut
2531 2607 2623 2676 qui
2660 2621 2786 2661 vere
2814 2613 3140 2674 conspectus
3194 2605 3267 2659 sit
3298 2604 3609 2659 hominibus
3660 2603 3784 2658 θεοῦ

2204 2697 2350 2762 δόσις
2375 2741 2388 2766 ,
2426 2698 2477 2752 id
2529 2706 2634 2764 est,
2692 2698 2891 2752 donum
2946 2693 3060 2762 Dei,
3095 2705 3148 2750 et
3203 2694 3468 2749 universae
3499 2697 3640 2758 vitm,
3667 2709 3789 2766 quae

2206 2788 2426 2842 virtutis
2474 2801 2659 2841 amore
2719 2794 2950 2849 tenetur,
3006 2784 3285 2852 exemplar
3309 2798 3600 2840 commune
3631 2801 3647 2840 :
3681 2801 3786 2854 qua

2206 2878 2424 2949 quidem
2451 2877 2517 2932 de
2544 2891 2705 2931 causa
2737 2892 2858 2930 eum
2893 2874 3095 2944 justius
3124 2873 3292 2928 fuerit
3318 2891 3631 2945 nuncupare
3675 2890 3790 2932 ca:-

2207 2971 2588 3035 nubiareham,
2621 2984 2782 3038 quam
2826 2969 2970 3038 quod
3000 2967 3248 3024 caanobio
3305 2967 3604 3038 przefuerit.
3651 2967 3786 3022 Nam

2209 3059 2312 3115 hoc
2342 3059 2557 3130 quidem
2582 3067 2664 3114 est
2693 3058 2862 3128 magis
2895 3059 3012 3128 ejus
3040 3057 3348 3126 proprium;
3381 3057 3610 3111 alterum
3637 3073 3789 3121 vero,

2209 3151 2500 3207 multorum
2535 3165 2750 3222 quoque
2777 3149 3004 3206 aliorum
3032 3166 3046 3206 :
3076 3160 3130 3206 et
3172 3149 3275 3205 hoc
3299 3148 3515 3220 quidem
3553 3151 3790 3203 ostendit

2211 3243 2422 3313 imperii
2459 3243 2868 3308 beatitudinem,
2917 3242 3148 3298 sicutre
3180 3257 3309 3297 vera
3363 3240 3502 3308 fuit;
3559 3241 3788 3295 alierum

2209 3347 2388 3390 autem
2423 3335 2584 3390 [luem
2628 3336 2789 3390 habet
2837 3336 3127 3402 incertum,
3161 3345 3215 3389 et
3266 3335 3507 3390 nondum
3564 3331 3792 3388 manife—

2209 3438 2353 3486 stum
2401 3438 2676 3483 eventum.
2720 3428 2770 3483 Is
2796 3437 2974 3483 autem
3005 3429 3260 3497 quisnam
3299 3426 3460 3482 fuerit
3491 3427 3559 3480 ab
3610 3425 3789 3484 initio.

2211 3533 2263 3576 et
2290 3539 2355 3576 ex
2385 3523 2711 3591 quibusnam
2766 3531 2917 3577 ortus
2945 3521 3014 3576 sit
3043 3521 3379 3590 parentibus,
3431 3526 3486 3574 et
3532 3519 3794 3588 quemad-

2211 3615 2428 3668 modum
2473 3613 2541 3668 ad
2601 3612 2904 3682 Spiritualia
2963 3626 3254 3682 aggressus
3316 3611 3390 3666 sit
3455 3609 3789 3670 certamina,

2210 3706 2360 3776 prius
2385 3715 2601 3776 oportet
2637 3705 2887 3775 persequi
2921 3723 2934 3760 :
2971 3703 3166 3759 deinde
3205 3717 3334 3758 vero
3368 3703 3550 3756 dicere
3575 3701 3643 3756 de
3672 3700 3792 3768 ejus

2213 3803 2567 3868 monasterio,
2608 3803 2752 3872 quod
2784 3801 2852 3856 ab
2880 3801 3026 3855 omni
3083 3801 3263 3870 lingua
3304 3798 3668 3855 communiter
3696 3799 3790 3852 de-

2212 3902 2484 3958 cantatur,
2512 3903 2567 3948 et
2597 3896 2662 3948 de
2695 3892 2814 3947 aliis
2857 3891 3020 3946 rebus
3054 3891 3197 3946 illius
3223 3891 3404 3946 dicere
3436 3903 3536 3960 pro
3557 3888 3793 3954 viribus,

2211 4001 2314 4042 nec
2341 4000 2503 4049 aures
2550 3985 2823 4056 gravando
2880 3985 3240 4040 immoderata
3293 3983 3563 4046 oratione,
3619 3996 3794 4052 neque

2211 4095 2404 4134 rursus
2436 4079 2604 4133 nimia
2656 4077 2924 4134 brevitate
2955 4078 3009 4132 in
3041 4077 3107 4131 iis
3142 4093 3262 4147 qnze
3311 4086 3437 4133 sunt
3464 4085 3790 4146 opportuna,

2213 4170 2392 4226 dando
2427 4171 2685 4224 damnum
2716 4170 2948 4240 egregiis
2979 4170 3200 4225 animis.

2285 4263 2341 4318 2.
2400 4262 2630 4317 Beatum
2683 4263 3046 4317 Theodosium
3096 4264 3214 4316 tulit
3245 4262 3461 4332 quidam
3489 4263 3657 4325 vicus,
3694 4277 3794 4318 no-

2215 4357 2361 4412 mine
2397 4355 2760 4426 Magariasms
2800 4356 2901 4428 (l),
2960 4359 3098 4412 situs
3132 4358 3185 4411 in
3239 4358 3459 4424 regione
3515 4354 3797 4424 Cappado-

2216 4465 2376 4504 cum:
2412 4449 2501 4518 qni
2547 4459 2675 4503 tunc
2731 4448 2949 4519 quidem
3002 4458 3124 4504 erat
3153 4447 3335 4502 multis
3384 4447 3600 4516 ignotus
3627 4455 3681 4500 et
3707 4447 3799 4501 ob-

2216 4556 2449 4609 scurus;
2487 4557 2632 4595 nunc
2680 4551 2861 4596 autem
2905 4539 3020 4597 fere
3081 4539 3336 4595 omnibus
3370 4545 3589 4607 propter
3621 4537 3794 4607 ipsum

2217 4633 2487 4702 cognitus.
2523 4633 2822 4702 Oportebat
2852 4632 2999 4688 enim
3031 4647 3158 4686 eum
3192 4643 3314 4685 esse
3360 4629 3544 4700 potius
3574 4643 3794 4682 causam

2217 4725 2523 4794 splendoris
2579 4728 2768 4795 patria:
2817 4733 2873 4778 et
2937 4721 3281 4790 parentibus,
3325 4736 3488 4788 quam
3543 4719 3630 4774 illa
3675 4720 3800 4795 vitae

538 4811 653 4865 τινὰ
683 4812 778 4865 καὶ
813 4811 970 4878 δόξαν
1008 4812 1314 4883 περιθεῖναι
1372 4809 1450 4882 τῷ
1504 4810 1624 4881 βίῳ.
1675 4809 2012 4881 Γεννήτορες
2056 4809 2108 4863 δὲ

2219 4815 2509 4873 Theodosii
2543 4818 2706 4873 decus
2727 4815 2920 4872 aﬂ‘erre
2941 4826 2995 4870 et
3033 4815 3285 4885 gloriam.
3322 4813 3496 4868 Erant
3543 4822 3724 4866 autem
3757 4817 3800 4866 ei

539 4902 683 4973 αὐτῷ
721 4905 817 4958 καὶ
847 4905 909 4958 τὸ
947 4903 1114 4969 σέϐας
1158 4903 1424 4970 εὐσεϐεῖς,
1458 4903 1553 4958 καὶ
1584 4902 1676 4957 τὸν
1701 4901 1904 4972 τρόπον
1931 4904 2116 4970 θεοφι-

529 4995 665 5064 λεῖς,
695 4997 792 5052 ἀπ’
844 4997 1024 5052 αὐτῶν
1053 5015 1112 5054 τε
1161 4997 1262 5069 ήδη
1311 4996 1422 5051 τῶν
1465 4996 1750 5067 ὀνομάτων
1787 4995 1866 5067 τῷ
1923 4995 2114 5066 ἀγαθῷ

526 5087 633 5160 βίῳ
673 5088 767 5142 καὶ
793 5091 903 5154 τοῖς
935 5089 1184 5158 εὐγενέσι
1224 5091 1448 5162 τρόποις
1472 5088 1672 5160 ἄριστα
1692 5089 2116 5158 συμφθεγγόμε-

523 5197 632 5235 νοιο
669 5181 919 5236 ἐκαλεῖτο
953 5182 1071 5253 γὰρ·
1102 5183 1130 5235 ὁ
1168 5183 1266 5254 μὲν
1312 5183 1694 5254 Προαιρὲσιος,
1732 5179 1964 5248 Εὐλογῐα
1992 5179 2047 5232 δὲ
2079 5181 2112 5250 ἡ

523 5279 933 5350 γ;ννησαμένη.
961 5277 1029 5331 ἸΙ
1060 5279 1153 5332 καὶ
1184 5278 1325 5350 μετὰ
1345 5277 1518 5331 ταῦτα
1547 5277 1638 5329 τὸν
1667 5275 1959 5346 μοναδικὸν
2000 5275 2114 5346 βίον

525 5369 924 5442 ἀσπασαμένη,
976 5369 1074 5424 ἅτε
1111 5369 1210 5432 τὰς
1265 5369 1524 5439 ἀφορμὰς
1573 5365 1666 5421 τοῦ
1720 5367 1926 5437 ἀγαθοῦ
1964 5367 2116 5421 τοῦδε

528 5459 760 5526 σκοποῦ,
796 5462 861 5514 ἐκ
906 5460 1000 5514 τοῦ
1042 5458 1250 5529 ἀγαθοῦ
1293 5460 1409 5530 βίον
1459 5457 1554 5512 τοῦ
1608 5457 1869 5528 φιλτάτου
1927 5459 2115 5522 παιδὸς

2225 4918 2477 4978 parentes
2499 4917 2554 4962 et
2593 4922 2720 4962 vero
2756 4905 2845 4960 Dei
2875 4905 3024 4960 cultu
3060 4903 3320 4974 religiosi,
3346 4903 3694 4971 moribusque
3740 4905 3808 4971 pi:

2224 5005 2278 5051 et
2333 4997 2441 5050 Deo
2491 4996 2632 5068 grati
2671 5013 2684 5049 :
2717 4996 2808 5066 qui
2842 4995 2924 5050 vel
2955 5011 3020 5050 ex
3053 4995 3187 5066 ipsis
3239 4993 3556 5051 nominibus
3602 4992 3811 5046 bonam

2225 5092 2392 5145 vitam
2431 5097 2485 5144 et
2527 5104 2707 5144 mores
2742 5089 3002 5159 ingenuos
3028 5087 3232 5159 optime
3264 5086 3665 5158 signiﬁcabant.
3698 5084 3800 5141 γο-

2223 5185 2449 5237 (θὺσιιιι-
2497 5181 2645 5236 enim
2701 5191 2854 5252 pater
2902 5181 3122 5251 quidem
3174 5178 3530 5242 Promresius,
3581 5176 3801 5245 Eulogiu

2222 5288 2424 5340 autem,
2452 5288 2570 5344 quae
2592 5289 2715 5329 eum
2739 5282 3024 5345 genuerat.
3055 5273 3186 5342 Qua:
3207 5273 3426 5344 quidem
3453 5281 3641 5342 postea
3667 5285 3801 5341 (ιιιοσ

2221 5383 2325 5439 que
2350 5369 2514 5421 vitam
2549 5367 2795 5436 amplexa
2827 5367 3209 5432 monasticam,
3235 5375 3294 5422 ut
3327 5381 3445 5437 quae
3471 5363 3595 5420 boui
3644 5363 3804 5434 hujus

2226 5459 2460 5514 instituti
2513 5459 2860 5514 occasionem
2915 5459 3304 5515 iuvenissetex
3361 5461 3501 5514 bona
3550 5457 3660 5511 vita
3707 5459 3802 5514 lilii

607 5621 686 5687 il)
717 5619 772 5674 In
811 5618 910 5674 his.
961 5619 1256 5686 exctnplari
1283 5617 1469 5670 Graeco
1502 5617 1920 5687 Μογαριασσόςς
1958 5615 2116 5669 aliter
2156 5615 2379 5681 ilo-meti,
2420 5617 2778 5686 AntltolOgion
2849 5622 2902 5672 et
2969 5615 3348 5686 Menologium,
3379 5615 3541 5671 citata
3580 5619 3630 5671 in
3678 5633 3806 5685 pro-

531 5689 830 5760 it‘gmttt'llis
864 5707 918 5742 lt.
960 5691 1013 5754 2,
1040 5691 1072 5744 3
1099 5701 1150 5742 et
1196 5690 1276 5743 l5.
