4152 6410
514 268 627 336 475

1783 279 2068 341 MENSIS
2104 282 2562 347 IANUARIUS.

3688 283 3797 349 £76

514 388 664 444 enim
699 400 768 442 ex
827 385 892 442 iis
919 388 1011 458 qui
1066 388 1119 444 in
1152 389 1353 445 mundo
1398 389 1653 456 militant,
1696 406 1879 460 nemo,
1907 394 2102 465 inquit,

2218 399 2482 468 περιττὸς,
2522 397 2581 462 ὃς
2615 398 2966 452 παντάπασιν
2992 397 3230 470 ἀκριϐὴς
3259 397 3336 452 ὢν
3362 399 3457 453 καὶ
3491 398 3797 473 ἀνάστητος

490 489 601 537 .est
629 490 741 535 tam
767 482 967 537 invicta
1018 483 1270 548 audacia,
1314 493 1370 539 et
1396 492 1505 539 tam
1537 482 1734 557 insigni
1761 485 2013 554 stultitia,
2047 497 2108 544 ut

517 575 564 629 si
599 574 671 628 sit
704 573 862 644 plane
879 575 1029 630 rudis
1057 584 1114 631 et
1152 576 1204 630 in
1254 590 1312 632 re
1338 577 1561 632 militari
1593 576 1818 633 omnino
1846 579 2109 637 inexerci-

521 676 687 731 talus,
725 682 755 721 a
787 666 926 723 linea
954 669 1005 722 in
1050 669 1258 726 medios
1287 669 1471 725 statim
1504 672 1691 728 hostes
1720 672 1925 743 irruat;
1966 690 2105 746 quo-

428 740 432 744 ’
520 758 680 812 modo
704 771 824 827 ego,
848 758 939 813 cui
963 774 1156 814 manus
1180 775 1286 815 non
1320 771 1447 816 sunt
1480 764 1707 818 erudite
1742 765 1807 818 ad
1836 767 2106 834 pra'lium,

521 864 623 904 nec
661 850 813 919 digiti
842 852 910 904 ad
947 851 1170 914 bellum,
1202 867 1376 921 neque
1410 834 1644 922 superna
1684 870 1803 910 sum
1831 858 2108 912 accinctus

518 943 761 1011 potentia
793 944 994 1013 :idque
1035 959 1158 1000 cum
1207 946 1280 1001 sit
1325 946 1607 1003 conﬂictus
1647 949 1804 1021 longe
1834 953 2106 1020 periculo-

519 1035 635 1088 sior
689 1044 746 1089 et
793 1035 1075 1102 incertior,
1113 1038 1377 1092 adversus
1428 1040 1785 1109 principatus,
1843 1043 2107 1098 adversus

521 1135 840 1196 potestates,
896 1127 1157 1184 adversus
1199 1131 1389 1186 mundi
1430 1132 1705 1201 principes
1759 1135 2105 1190 tenebrarum

520 1220 684 1291 huius
725 1221 931 1287 saeculi,
956 1223 1217 1277 adversus
1243 1225 1546 1290 spiritualia
1579 1227 1856 1296 nequitiae,
1889 1243 2105 1298 possem

522 1310 576 1364 in
599 1310 719 1366 acie
749 1311 1090 1366 consistere?
1125 1312 1311 1367 ltestat
1362 1327 1530 1383 ergo,
1570 1322 1626 1367 ut
1683 1325 1969 1385 postquam
2007 1332 2108 1388 ego

518 1416 550 1455 α
573 1402 778 1457 sanctis
805 1401 1058 1456 Patribus
1089 1403 1348 1467 didicero,
1370 1404 1459 1473 (ιυί
1492 1418 1550 1459 se
1580 1406 1632 1459 in
1666 1405 1748 1459 his
1775 1407 1926 1476 prius
1959 1418 2108 1463 recte

518 1501 989 1559 exercuerunt,et
1034 1496 1172 1547 satis
1192 1493 1262 1548 ab
1308 1494 1386 1549 eis
1423 1495 1577 1552 fuero
1613 1497 1896 1553 institutus
1917 1501 1983 1553 ad
2011 1500 2108 1555 de-

515 1586 835 1640 certandum
863 1596 1050 1640 contra
1108 1586 1314 1653 hostes,
1344 1588 1435 1658 qui
1480 1589 1854 1659 percipiuntur
1908 1593 2109 1649 intelli-

516 1677 721 1745 gentia,
770 1677 965 1733 deinde
1016 1679 1068 1733 in
1119 1686 1367 1750 tempore
1396 1680 1692 1751 percipiam
1750 1679 1983 1750 fructus,
2013 1684 2104 1753 qui

515 1767 848 1839 colliguntur
881 1784 949 1825 ex
977 1770 1159 1841 quiete
1189 1781 1246 1825 et
1274 1771 1512 1827 silentio.

589 1860 644 1916 7.
688 1862 818 1917 Hmc
861 1878 983 1917 cum
1020 1862 1427 1932 sapientissime
1463 1864 1757 1935 cogitasset
1786 1865 1926 1938 (erat
1962 1869 2107 1923 enim

514 1954 566 2008 ei
596 1953 737 2008 inter
769 1954 874 2008 alia
906 1954 1148 2024 perfecta
1176 1970 1391 2025 qunque
1416 1956 1795 2031 intelligentia)
1832 1961 2017 2016 statim
2050 1976 2110 2017 se

516 2046 790 2100 convertit
815 2046 881 2100 ad
912 2061 1008 2101 eos
1039 2048 1386 2115 qttzerendos,
1414 2049 1508 2117 qui
1551 2050 1752 2105 bonum
1783 2068 1904 2106 cum
1921 2052 2109 2109 labore

518 2138 907 2195 meditantur:
948 2148 1003 2193 ut
1062 2139 1155 2210 qui
1188 2140 1376 2205 sciret,
1432 2141 1575 2211 quod
1630 2143 1886 2215 patiendo
1939 2145 2109 2201 tutius

516 2228 749 2284 docetur
775 2236 830 2285 et
869 2229 1124 2284 discitur.
1174 2229 1418 2301 Longino
1455 2232 1532 2304 (7)
1559 2232 1743 2303 itaque
1788 2236 1947 2291 beato
1969 2240 2106 2305 seni,

515 2320 750 2388 quierat
781 2321 1275 2379 excellentissimus
1310 2323 1531 2379 Patrum
1563 2327 1648 2382 sui
1690 2330 1970 2398 temporis,
2012 2347 2103 2385 sc-

519 2412 698 2481 ipsnm
725 2414 892 2468 tradit
922 2433 937 2469 :
973 2415 1209 2484 undique
1256 2430 1379 2471 cum
1408 2432 1472 2471 eo
1514 2427 1570 2472 et
1621 2419 1764 2490 degit
1790 2430 1844 2475 et
1879 2420 2107 2486 habitat,

516 2505 665 2560 illius
705 2505 947 2562 moribus
970 2506 1260 2563 admodum
1291 2508 1610 2577 delectatus,
1651 2521 1704 2564 et
1735 2512 1855 2566 ideo
1897 2523 2043 2568 totus
2058 2514 2107 2569 ei

506 2598 683 2665 ueluti
698 2596 1302 2667 inltaerens,et:utilicam
1328 2616 1445 2654 cum
1462 2602 1643 2656 divino
1659 2603 1861 2658 Davide
1889 2646 1904 2672 ,
1922 2606 2105 2661 anima

516 2698 646 2760 post.
670 2705 792 2745 eum
847 2692 1241 2761 agglutinatus.
1266 2692 1396 2749 Nam
1450 2710 1571 2749 cum
1613 2710 1720 2766 quo
1749 2699 1871 2766 quis
1904 2700 2107 2755 τρι-επὶ

516 2784 838 2851 delectatur,
868 2787 992 2841 talis
1040 2788 1203 2842 etiam
1236 2802 1356 2843 esse
1383 2787 1625 2843 creditur
1655 2807 1668 2844 :
1698 2800 1751 2846 et
1793 2792 1844 2846 id
1885 2792 2109 2862 pult'ltt‘e

517 2879 717 2934 dicitur
745 2881 813 2937 ab
842 2881 1103 2950 antiquis.
1138 2880 1488 2937 Admirabilis
1505 2894 1684 2938 autem
1722 2885 1807 2941 hic
1831 2884 2108 2956 Longinus

516 2985 578 3026 se
622 2974 675 3025 in
726 2972 957 3041 quadam
1010 2973 1351 3031 domuncula.
1404 2976 1570 3030 turris
1625 2975 1703 3046 (8)
1745 2977 1910 3032 divini
1945 2978 2109 3033 David

2208 489 2277 543 τὰ
2307 489 2566 560 πολέμια,
2601 489 2763 554 εὐθὺς
2790 490 2899 543 ἀπὸ
2932 489 3201 561 γραμμῆς
3237 490 3318 553 είς
3351 489 3553 561 μέσους
3580 491 3644 565 δὴ
3671 493 3797 560 τοὺς

2209 579 2502 651 πολεμίους
2547 580 2741 635 ἑαυτὸν
2798 581 3140 652 είσωθήσειε,
3184 581 3305 645 πῶς
3350 581 3418 638 ἂν
3475 582 3587 653 ἐγὼ
3626 584 3799 656 μήπω

2206 668 2309 732 τὰς
2361 671 2551 741 χεῖρας
2612 669 2888 741 διδαχθεὶς
2935 673 3016 735 είς
3061 672 3373 741 παράταξιν
3404 712 3421 738 ,
3479 673 3616 744 μηδὲ
3667 676 3799 738 τοὺς

2207 761 2508 826 δακτύλους
2542 764 2622 827 είς
2650 763 2905 832 πόλεμον,
2966 764 3099 835 μηδὲ
3143 766 3242 837 τὴν
3277 764 3486 821 ἄνωθεν
3524 767 3798 835 περιεζω-

2210 851 2405 922 σμένος
2435 852 2689 924 δύναμιν,
2731 856 2826 908 καὶ
2864 854 3039 909 ταῦτα
3080 855 3182 925 τῆς
3227 855 3552 926 συμπλοκῆς
3590 857 3795 927 ταύτης

2210 944 2489 999 καταπολὺ
2535 946 2735 1017 μᾶλλον
2765 947 3123 1012 κινδυνὼδους
3155 946 3322 1017 οὔσης
3367 947 3463 1002 καὶ
3492 947 3793 1019 σφαλερᾶς,

2211 1037 2347 1108 πρὸς
2366 1038 2478 1103 -τὰς
2516 1040 2714 1109 ἀρχὰς,
2755 1040 2894 1110 πρὸς
2922 1038 3023 1104 τὰς
3052 1040 3328 1107 ἐξουσίας,
3366 1040 3507 1112 πρὸς
3538 1041 3665 1103 τοὺς
3697 1057 3794 1092 κο-

2213 1132 2599 1202 σμοκράτορας
2626 1130 2721 1184 τοῦ
2770 1130 2997 1194 σκότους
3033 1131 3129 1184 τοῦ
3162 1132 3357 1194 αἰῶνος
3391 1130 3611 1189 τούτου.
3659 1127 3799 1200 πρὸς

2209 1225 2279 1276 τὰ
2335 1226 2689 1292 πνευματικὰ
2761 1226 2863 1295 τῆς
2915 1222 3183 1295 πονηρίας
3246 1219 3799 1295 ἀντιπαρατάξασθαι

2209 1312 2529 1385 δυνηθείηνς
2565 1314 2830 1368 Λείπεται
2864 1312 2997 1385 γοῦν
3034 1315 3215 1383 ἁγίοις
3274 1330 3341 1385 με
3384 1313 3651 1385 πρότερον
3695 1329 3802 1382 μα-

2210 1406 2543 1477 θητευθέντα
2573 1408 2869 1480 πατράσιν,
2908 1402 2992 1471 οἷς
3032 1406 3100 1461 τὰ
3129 1404 3269 1461 καλὰ
3311 1404 3661 1478 προησκήθη,
3700 1403 3801 1457 καὶ

2213 1498 2413 1564 ἱκανῶς
2449 1501 2542 1555 ὑπ’
2576 1502 2759 1566 αὐτοῖς
2805 1504 2874 1557 τὰ
2923 1501 3060 1574 πρὸς
3112 1501 3237 1564 τοὺς
3289 1499 3515 1568 νοητοὺς
3561 1496 3802 1567 ἐχθροὺς

2209 1594 2658 1666 γυμνασάμενον,
2692 1592 2815 1651 εἶτα
2845 1596 2942 1650 καὶ
2983 1595 3111 1657 τοὺς
3143 1592 3250 1647 ὑπὸ
3277 1592 3377 1661 τῆς
3408 1590 3641 1663 ἡσυχίας
3668 1603 3801 1658 cpno-

2214 1686 2409 1759 μένους
2445 1687 2587 1743 κατὰ
2628 1688 2822 1761 καιρὸν
2852 1687 3099 1759 καρποὺς
3128 1684 3444 1758 δρέπεσθαι.
3618 1674 3629 1687 ’

2283 1867 2347 1932 ζ’.
2381 1865 2565 1921 Ταῦτα
2597 1867 2887 1937 σοφώτατα
2908 1866 3209 1936 διανοηθεὶς
3235 1862 3323 1940 (ἦν
3347 1865 3458 1938 γὰρ
3485 1865 3632 1937 αύτῷ
3657 1865 3797 1936 μετὰ

2209 1963 2320 2019 τῶν
2345 1963 2519 2018 ἄλλων
2567 1965 2664 2019 καὶ
2702 1965 2920 2028 σύνεσις
2962 1964 3222 2037 ἀκριϐὴς)
3256 1964 3394 2035 πρὸς
3429 1963 3658 2035 ζήτησιν
3688 1961 3798 2016 τῶν

2214 2057 2356 2127 μετὰ
2394 2055 2577 2110 πόνων
2608 2058 2708 2121 τὰς
2763 2056 2860 2111 τοῦ
2892 2055 3103 2127 ἀγαθοῦ
3138 2056 3371 2127 μελέτας
3412 2053 3802 2126 ποιησαμένῳν

2211 2150 2375 2209 εὐθὺς
2401 2149 2690 2221 τρέπεται,
2729 2149 2891 2215 εἰδὼς
2948 2152 3032 2204 ὅτι
3080 2151 3146 2203 ἐκ
3192 2149 3287 2203 τοῦ
3329 2148 3523 2220 μαθεῖν
3567 2147 3806 2218 ἀσφαλε-

2212 2241 2387 2313 στέρα
2424 2241 2667 2312 μάθησίς
2698 2259 2759 2295 τε
2807 2241 2902 2296 καὶ
2940 2240 3165 2307 δίδαξις.
3203 2240 3455 2309 Λογγίνῳ
3512 2239 3806 2310 τοιγαροῦν

2210 2334 2288 2404 τῷ
2326 2334 2583 2406 μακαρίῳ
2614 2334 2852 2405 γέροντι,
2883 2332 2941 2397 ὃς
2973 2333 3068 2386 καὶ
3101 2329 3514 2402 διαφορώτατος
3547 2329 3660 2383 τῶν
3680 2329 3806 2383 καθ’

2212 2425 2407 2479 ἑαυτὸν
2438 2425 2695 2497 πατέρων
2734 2424 3036 2495 ἐτύγχανεν
3069 2422 3167 2489 ὢν,
3202 2424 3385 2494 φέρων
3417 2421 3611 2475 ἐαυτδν
3644 2420 3806 2475 δίδω-

2213 2535 2319 2579 σιν,
2345 2517 2650 2589 ὁμοδίαιτός
2678 2535 2739 2572 τε
2764 2516 2913 2588 αύτῷ
2945 2517 3039 2571 καὶ
3070 2518 3318 2579 σύνοικος
3340 2516 3572 2584 γίνεται,
3599 2512 3810 2583 σφόδρα

2208 2611 2322 2671 τοῖς
2345 2608 2560 2663 ἐκείνου
2584 2608 2810 2679 τρόποις
2842 2607 3051 2678 ἡσθεὶς,
3072 2605 3267 2659 καὶδιὰ
3299 2604 3460 2658 τοῦτο
3493 2603 3591 2658 καὶ
3619 2602 3809 2672 ὥσπερ

2213 2700 2336 2766 ὅλος
2380 2700 2551 2771 αὐτῷ
2580 2701 2784 2769 ἐμφὺς,
2812 2700 2906 2755 καλ⁵
2935 2698 2996 2752 τὸ
3040 2698 3135 2753 τοῦ
3199 2698 3349 2753 θείου
3398 2697 3564 2765 φάναι
3615 2694 3806 2756 Δασιδ,

2212 2791 2312 2862 τὴν
2359 2791 2540 2864 ψυχὴν
2592 2791 2769 2845 ὀπίσω
2801 2790 3253 2864 προσκολληθείς.
3302 2789 3456 2844 Ἐπεὶ
3510 2790 3604 2841 καὶ
3650 2781 3695 2855 ᾧ
3725 2804 3812 2851 τις

2214 2884 2392 2940 συνὼν
2439 2885 2650 2957 ἥδεται,
2682 2885 2924 2949 τοιοῦτος
2977 2884 3087 2956 ἄρα
3141 2886 3235 2938 καὶ
3277 2878 3416 2936 εἶναι
3463 2880 3807 2943 πιστεύεται,

2213 2980 2311 3033 καὶ
2346 2977 2531 3041 καλῶς
2558 2976 2719 3030 τοῦτο
2743 2976 2851 3031 ὑπὸ
2881 2977 2991 3030 τῶν
3022 2975 3273 3030 παλαιῶν
3294 2975 3540 3044 λέγεται.
3592 2968 3703 3025 Ἦν
3751 2970 3812 3023 δέ

519 3065 648 3136 (hoc
676 3063 820 3121 enim
867 3064 1117 3135 perhibet
1172 3065 1316 3135 longi
1379 3067 1638 3137 temporis
1679 3069 1899 3138 tradito)
1932 3071 2110 3125 inclu-

2218 3072 2240 3122 ὁ
2287 3068 2607 3138 θαυμαστὸς
2657 3061 2813 3131 οὗτος
2841 3068 3106 3137 Λογγῖνος
3160 3068 3218 3121 ἐν
3270 3068 3501 3137 οἰκίσκῳ
3553 3064 3663 3119 τινὶ
3713 3063 3810 3118 τοῦ

519 3166 689 3226 serat,
722 3166 777 3213 ct
805 3157 916 3214 illic
947 3158 1103 3216 dnlce
1139 3159 1245 3215 mel
1280 3160 1499 3217 virtutis
1528 3160 1798 3216 laboriose
1845 3160 2108 3219 conﬁcie-

519 3249 636 3307 bat.

593 3428 651 3486 8.
674 3429 829 3500 Apud
858 3446 1016 3500 quem
1036 3446 1160 3488 cum
1185 3448 1376 3490 omnes
1402 3448 1597 3492 sensus
1615 3437 2123 3507 pinsTheodosins,

524 3522 605 3577 'ta
652 3534 711 3577 ut
756 3526 1065 3592 Oportebat,
1125 3528 1486 3594 exercuisset;
1539 3531 1679 3586 etin
1741 3532 1806 3587 iis
1841 3548 1959 3603 qua:
1989 3545 2116 3589 Sunt.

523 3617 829 3685 expetenda
858 3625 912 3671 et
945 3615 1221 3686 fugienda,
1271 3619 1645 3677 discernendis
1675 3639 1888 3680 sumine
1933 3626 2119 3681 elabor-

526 3718 719 3777 t-asset,
749 3710 803 3765 in
837 3721 1079 3775 veterem
1120 3714 1303 3768 sedem
1337 3714 1481 3786 (eum
1509 3716 1651 3770 enim
1689 3717 1864 3771 locum
1920 3719 1991 3773 ita
2025 3735 2113 3774 vo-

522 3808 651 3855 cant
684 3820 698 3856 :
728 3811 811 3857 est
862 3812 1043 3858 autem
1100 3803 1153 3858 in
1182 3805 1264 3859 via
1307 3804 1537 3873 publica,
1573 3822 1691 3877 quae
1725 3810 1898 3863 tendit
1930 3825 2119 3864 versus

526 3894 830 3965 Bethleem)
887 3896 1231 3966 commigrat,
1265 3898 1469 3954 invitus
1498 3901 1737 3970 quidem,
1770 3902 1866 3955 sed
1918 3904 2119 3956 cedens

528 3997 771 4057 paterna:
797 3988 1083 4057 voluntati,
1112 3991 1198 4044 cui
1244 3992 1423 4061 potius
1459 4008 1619 4062 quant
1667 3995 1875 4062 sihiipsi
1912 4010 2116 4049 morem

528 4079 774 4148 gerebat.
820 4079 1078 4145 Quzenam
1138 4093 1318 4136 autem
1372 4084 1472 4137 fuit
1522 4100 1685 4139 causa
1748 4087 2122 4156 migrationis?

531 4171 724 4227 Mulier
752 4175 1000 4242 quaedam
1033 4176 1323 4230 admodum
1380 4178 1466 4247 pia
1514 4189 1565 4231 et
1624 4180 1870 4246 honesta,
1904 4185 2122 4239 nomine

532 4265 715 4331 lcelia,
745 4266 897 4322 dives
931 4266 1306 4333 facultatibus,
1336 4271 1430 4324 sed
1452 4272 1647 4326 virtute
1679 4266 1863 4328 ditior.
1898 4274 1970 4330 Ea
1995 4293 2120 4331 cum

530 4358 713 4428 aliquo
767 4361 985 4429 quidem
1042 4364 1194 4432 prius
1259 4364 1628 4432 cohabitavit;
1695 4380 1885 4438 postea
1941 4380 2120 4424 autem

2215 3161 2427 3233 πύργου
2454 3159 2544 3214 τοῦ
2575 3160 2867 3215 θεσπεσίου
2899 3160 3064 3214 Δαϐὶδ
3091 3157 3272 3232 (τοῦτο
3301 3159 3411 3231 γὰρ
3439 3159 3473 3229 ἠ
3499 3159 3562 3211 ἐκ
3592 3154 3812 3228 μακροῦ

2215 3255 2515 3325 παράδοσις
2544 3254 2780 3324 δίδωσιν)
2839 3254 3034 3313 ἑαυτὸν
3089 3253 3542 3323 ἐγκλεισάμενος,
3578 3251 3806 3306 κάκεῖσε

2214 3349 2276 3403 τὸ
2305 3348 2401 3418 ἡδὺ
2438 3347 2538 3416 τῆς
2569 3347 2774 3418 ἀρετῆς
2811 3345 2934 3417 μέλι
2962 3347 3383 3418 φιλοπονότερον
3413 3344 3813 3419 ἐργαζόμενος.

2287 3446 2359 3511 η’.
2392 3439 2529 3511 Παρ’
2575 3433 2620 3507 ᾧ
2646 3440 2738 3493 καὶ
2781 3438 2850 3493 τὰ
2905 3439 3240 3511 αἰσθητήρια
3271 3437 3455 3491 πάντα
3485 3440 3515 3491 ό
3556 3435 3815 3506 θεοφιλὴς

2216 3530 2497 3594 Θεοδόσιος
2515 3529 2706 3602 ὥσπερ
2718 3528 2823 3583 ἔδει
2846 3529 3339 3601 ἐγγυμνασάμενος
3369 3528 3463 3582 καλ⁵
3481 3527 3581 3598 τὴν
3596 3527 3721 3597 περὶ
3744 3525 3816 3580 τά

2217 3622 2411 3693 αἱρετὰ
2438 3622 2534 3675 καὶ
2574 3620 2789 3692 φευκτὰ
2825 3621 3101 3693 διάκρισιν
3134 3623 3215 3686 είς
3247 3622 3415 3693 ἄκρον
3461 3619 3806 3688 ἐκπονηθεὶς,

2222 3714 2569 3787 μετανάστης
2606 3714 2688 3777 εἰς
2729 3714 2791 3768 τὸ
2816 3713 3045 3767 παλαιὸν
3090 3713 3339 3784 κάθισμα
3362 3711 3549 3785 (τοῦτο
3575 3709 3679 3780 γὰρ
3708 3726 3810 3763 κα-

2219 3808 2373 3861 λοῦσι
2396 3807 2487 3861 τὸν
2510 3807 2698 3873 τόπον,
2740 3807 2859 3861 ἐστὶ
2901 3807 2960 3861 δὲ
2994 3808 3138 3863 κατὰ
3165 3809 3266 3877 τὴν
3289 3806 3566 3877 λεωφόρον
3603 3803 3701 3875 τὴν
3721 3802 3818 3855 ἐπὶ

2221 3900 2421 3971 Βηθλεέ
2430 3918 2471 3972 μ
2486 3900 2783 3970 φέρουσαν)
2803 3900 3036 3968 γίνεται,
3054 3898 3205 3953 ἄκων
3230 3897 3496 3967 μὲν,άλλά
3527 3898 3822 3968 πατρικοῖς

2221 3994 2386 4046 εἴκων
2406 3993 2732 4063 θελήμασιν,
2747 3992 2783 4048 ἃ
2802 3992 3006 4063 μᾶλλον
3023 3992 3056 4064 ἢ
3079 3991 3260 4063 ἐαυτῷ
3277 3991 3603 4062 πειθόμενος
3616 3988 3705 4061 ἦν.
3720 3988 3821 4053 Τίς

2221 4084 2277 4137 δὲ
2309 4086 2404 4138 καὶ
2428 4086 2462 4155 ἡ
2495 4085 2641 4139 αίτία
2671 4086 2772 4155 τῆς
2809 4083 3233 4152 μεταστάσεωςς
3266 4083 3404 4152 γυνή
3450 4099 3535 4146 τις
3566 4080 3688 4133 λίαν
3727 4079 3823 4132 εύ-

2225 4174 2390 4246 σεὸὴς
2417 4177 2513 4229 καλ⁵
2540 4175 2766 4243 κοσμία,
2795 4174 3273 4245 τοῦνομαίκελία,
3300 4174 3530 4228 πλουσία
3558 4172 3649 4226 τὸν
3679 4171 3822 4243 βίον,

2226 4265 2607 4338 πλουσιωτέρα
2631 4268 2730 4338 τὴν
2756 4268 2978 4339 ἀρετήν.
3010 4266 3162 4337 Αὕτη
3202 4267 3450 4332 σύνοικος
3473 4266 3575 4337 μὲν
3602 4265 3819 4337 ὑπῆρξέ

2225 4376 2333 4411 τινι
2397 4359 2688 4429 πρότερον,
2743 4358 2971 4431 ὕστερον
3029 4360 3088 4414 δὲ
3140 4362 3235 4415 καὶ
3275 4358 3517 4430 Χριστοῦ
3571 4357 3824 4421 διάκονος

534 4447 734 4504 Christi
765 4449 829 4504 fit
866 4450 1114 4506 ministra
1148 4462 1372 4523 propter
1404 4456 1682 4524 pietatem.
1741 4456 1954 4511 Etenim
1986 4465 2115 4513 tem-

2232 4450 2358 4504 κατ’
2382 4449 2672 4505 εὐσέϐειαν
2698 4449 2935 4520 γίνεται.
2968 4452 3080 4505 Καὶ
3107 4450 3217 4521 γὰρ
3237 4452 3331 4504 καὶ
3363 4450 3455 4504 τὸν
3484 4451 3662 4504 ἐκεῖσε
3693 4448 3824 4502 ναὸν

532 4541 681 4608 plum
701 4558 918 4612 quoque
941 4545 1087 4614 quod
1113 4544 1220 4600 illic
1247 4556 1352 4608 est.
1380 4547 1579 4602 dicitur
1611 4548 1858 4619 posuisse
1880 4550 2121 4605 omnium

535 4630 776 4687 Domina:
800 4644 855 4691 et
882 4634 1140 4704 Deiparze.
1175 4636 1309 4691 Cum
1341 4651 1404 4691 ea
1441 4653 1570 4708 ergo
1596 4648 1723 4691 tunc
1754 4638 1870 4694 seni
1902 4654 2126 4707 magno-

534 4740 663 4794 pere
688 4726 1068 4795 supplicasset,
1104 4739 1164 4783 ut
1199 4729 1250 4783 in
1283 4728 1508 4801 templo,
1542 4730 1686 4801 quod
1724 4730 1844 4800 ipsa
1869 4733 2124 4787 condide-

533 4822 640 4880 rat,
671 4817 963 4875 collocaret
1001 4820 1400 4889 Theodosium;
1451 4823 1540 4878 ille
1569 4823 1787 4893 quidem
1817 4834 1971 4895 paret
1993 4826 2129 4881 invi-

531 4916 625 4965 tus
657 4926 672 4962 :
714 4912 1009 4981 persuadet
1039 4925 1220 4968 autem
1245 4914 1417 4970 multo
1454 4915 1626 4985 magis
1656 4915 1855 4972 nolenti
1876 4916 2131 4979 Themin-

532 5001 637 5065 sio,
667 5014 726 5056 ut
766 5004 1019 5059 admittat
1052 5006 1485 5063 translationem.
1522 5007 1621 5065 Cui
1657 5009 1802 5065 enim
1830 5009 2127 5091 jucundum

533 5089 845 5150 eratsimul
877 5096 1150 5163 habitare,
1194 5113 1535 5170 consequens
1578 5108 1684 5166 est,
1723 5110 1782 5157 ut
1834 5098 1883 5157 ei
1915 5089 2132 5173 quoque
2173 5114 2181 5126 ‘

610 5206 683 5261 ³1
724 5206 876 5282 Reg.
918 5227 1086 5278 XVIII,
1148 5212 1201 5266 l.

603 5370 691 5453 .(7)
729 5371 1013 5456 Longinus
1030 5371 1250 5443 quidam
1276 5389 1426 5456 anno
1457 5372 1589 5456 (ειυς.
1621 5372 1746 5455 ξ69,
1777 5390 1805 5427 a
1830 5346 1899 5428 S.
1924 5372 2131 5456 Euthy.

542 5443 654 5531 IItIiO
688 5442 991 5531 pragfec'tus.
1035 5442 1373 5531 monasterio
1408 5443 1653 5531 inferiori
1714 5460 1832 5531 non
1874 5442 2133 5531 prognta

545 5510 722 5567 Laura
763 5512 825 5569 S.
873 5513 1147 5586 Enthytnii
1173 5533 1188 5569 :
1218 5516 1417 5585 dequo
1454 5515 1505 5568 in
1553 5513 1738 5640 lngus,
1783 5524 1840 5570 et
1880 5513 1941 5569 S.
1979 5514 2136 5569 Saba:

548 5576 689 5637 Vitis
719 5586 916 5651 agitur.
943 5582 1116 5640 Gratci
1169 5586 1225 5641 in
1249 5584 1470 5641 uerticis
1494 5586 1556 5640 ΓΙ
1637 5587 1855 5641 ovemb.
1889 5586 2133 5640 referunt

548 5652 781 5727 minus.
826 5652 1058 5727 Longini
1098 5656 1331 5722 obitum,
1370 5657 1512 5727 quod
1548 5656 1688 5712 forte
1748 5657 1817 5713 de
1868 5656 2135 5712 alterutro

557 5723 985 5793 Intelligendum.

2229 4547 2297 4615 τῇ
2332 4541 2599 4615 Δεσποίνῃ
2638 4541 2859 4596 πάντων
2892 4542 2987 4595 καὶ
3016 4541 3266 4611 Θεοτόκῳ
3308 4541 3527 4609 ἱδρῦσαι
3578 4540 3821 4609 λέγεται.

2231 4636 2450 4707 Ταύτης
2477 4635 2608 4705 γοῦν
2638 4635 2840 4707 πολλὴν
2877 4635 2999 4688 τότε
3034 4633 3115 4705 τῷ
3149 4634 3367 4705 γέροντι
3403 4633 3826 4706 προσφερούσης

2230 4728 2329 4801 τὴν
2360 4727 2617 4793 ἱκετείαν,
2658 4727 2800 4783 ὥστε
2831 4726 2911 4798 τῷ
2958 4726 3088 4798 παρ’
3132 4725 3307 4795 αὐτῆς
3353 4725 3491 4797 τῷδε
3547 4726 3825 4781 motum

2233 4819 2350 4892 ναῷ
2380 4820 2775 4893 ἐγκατοικῆσαι
2806 4820 2900 4873 τὸν
2921 4818 3226 4886 Θεοδόσιον,
3267 4818 3518 4874 πείθεται
3548 4819 3646 4890 μὲν
3674 4820 3829 4873 ἄκων

2234 4917 2467 4981 ἐκεῖνος,
2510 4912 2688 4969 πείθει
2711 4913 2769 4967 δέ
2791 4912 2973 4984 πολλῷ
2999 4913 3201 4983 μᾶλλον
3231 4913 3332 4983 οὐχ
3361 4912 3561 4967 ἑκόντα
3600 4912 3692 4965 τὸν
3723 4929 3831 4977 μα-

2238 5006 2409 5079 θητὴν
2432 5004 2839 5078 παραδέξασθαι
2884 5004 2985 5077 τὴν
3036 5002 3351 5075 μετάθεσιν.
3404 4996 3477 5075 Ὅ
3524 5002 3634 5075 γὰρ
3689 5003 3830 5072 πρὸς

2248 5098 2445 5172 ἡδονῆς
2462 5096 2533 5173 ἦν
2557 5101 2593 5171 ἠ
2618 5099 2957 5171 συνοίκησις,
2999 5096 3295 5154 ἀκόλουθον
3321 5096 3379 5152 δέ
3400 5097 3578 5168 τούτῳ
3608 5097 3829 5157 πάντως

2319 5374 2569 5447 (8)7Eam
2596 5372 3244 5447 exhibct__Adt-ich_omius
3292 5373 3345 5429 in
3376 5371 3835 5447 gpographitLet

2246 5440 2627 5517 descriptione
2644 5445 2793 5517 urbis
2808 5443 3348 5517 rliierosolymitanaa.
3376 5440 3697 5517 WilLermtts
3719 5440 3832 5517 Ty-

2247 5517 2361 5573 rius
2384 5510 2479 5572 lib.
2510 5532 2563 5571 ις
2597 5516 2672 5570 De
2714 5516 2849 5569 bello
2883 5525 3043 5570 term
3071 5510 3291 5581 ianclw,
3343 5529 3465 5585 cap.
3493 5512 3548 5572 5.
3581 5510 3747 5567 refert
3768 5510 3833 5567 'in

2247 5604 2374 5642 arce
2422 5598 2477 5644 et
2542 5590 2675 5641 turri
2748 5586 2963 5641 Davidis
3019 5600 3179 5640 mune
3233 5586 3382 5641 urbis
3436 5585 3836 5639 munimentum

2247 5657 2415 5715 fuisse
2475 5674 2595 5713 cum
2619 5675 2646 5711 a
2683 5656 3012 5714 Christianis
3049 5658 3407 5726 reciperetur.
