4152 6410
318 288 436 355 ιῗτ

1301 294 1480 356 VJTA
1518 294 1584 353 S.
1619 293 2049 356 THEODOSII’
2084 299 2689 366 C(ENOBIARCH£‘.
3517 308 3640 375 4'78

316 409 550 480 ἀνιαρὸν
595 406 861 477 γενέσθαι
903 406 1015 461 τῶν
1041 409 1348 491 χωρισμὸν,
1407 410 1585 476 ἄλλως
1621 427 1682 465 τε
1720 410 1778 465 δὲ
1816 411 1914 465 καὶ

2026 417 2249 474 molesta
2278 420 2438 475 fuerit
2472 421 2746 490 separatio
2789 438 2804 476 :
2840 421 3079 476 maxime
3110 435 3233 476 cum
3268 420 3330 477 Β.
3362 421 3625 482 Theodo-

316 503 417 558 τοῦ
456 500 737 574 μακαρίου
769 499 1061 555 Θεοδοσίου
1112 501 1382 573 ἄρχεσθαι
1433 504 1639 575 μᾶλλον
1667 506 1700 572 ἦ
1731 505 1926 577 ἄρχειν

316 593 639 666 ἐφιεμένου,
660 591 856 665 ὥσπερ
888 593 999 664 ἄρα
1030 594 1130 647 καὶ
1177 595 1208 646 ό
1238 594 1396 664 λόγος
1426 596 1682 668 δηλώσει.

389 684 458 738 θ’.
498 683 764 746 Πεισθεὶς
814 683 927 753 γὰρ
961 684 1055 738 καὶ
1117 685 1460 756 μετατεθεὶς,
1509 688 1606 740 καὶ
1650 687 1742 742 τὸν
1782 686 1926 741 θετον

323 781 449 834 ναὸν
497 780 714 832 ἐκεῖνον
752 776 1011 848 οἰκήσας,
1058 773 1179 833 εἶτα
1227 779 1330 848 τῆς
1382 781 1573 850 φήμης
1634 782 1926 851 παραπολὺ

319 872 528 944 μᾶλλον
562 870 731 925 αὐτὸν
773 870 857 931 είς
891 870 1144 939 ᾇπαντας
1197 870 1623 938 διαδιῦαζούσης
1665 874 1927 945 (φανερὸν

313 968 426 1038 γὰρ
466 969 501 1036 ὴ
536 965 731 1035 ἀρετή.
765 965 873 1017 Τὸν
910 963 1257 1035 κεκτημένον
1283 959 1392 1018 οἵδε
1416 968 1592 1019 ποιεῖν
1629 968 1730 1038 οὐχ
1759 961 1922 1038 ἦττον

313 1060 347 1127 ἦ
378 1063 412 1129 ὴ
448 1059 678 1126 λαμπὰς
718 1057 812 1110 τὸν
845 1056 1129 1128 φέροντα),
1163 1058 1265 1111 οὐκ
1312 1058 1554 1127 ἐνεγκὼν
1594 1060 1696 1123 τὰς
1740 1061 1920 1114 ἐκεῖσε

313 1151 633 1223 διατριϐὰς,
687 1151 772 1211 είς
809 1149 930 1203 τόδε
962 1150 1024 1203 τὺ
1065 1149 1194 1221 ὅρος
1236 1152 1333 1205 καὶ
1365 1151 1427 1205 τὸ
1462 1152 1609 1224 ἱερὸν
1654 1153 1923 1222 σπήλαιον

320 1243 665 1314 μεταϐαίνει,
715 1243 778 1307 ἐξ
830 1234 893 1296 οὗ
955 1243 1087 1313 μίαν
1152 1245 1364 1308 ἐκεῖνος
1427 1246 1599 1316 μόνην
1646 1248 1746 1320 τὴν
1784 1248 1923 1318 πρὸς

318 1335 458 1389 Θεὸν
496 1336 737 1388 ποιεῖται
770 1331 1098 1403 μετάϐασιν,
1127 1334 1247 1386 ἐκεῖ
1277 1334 1339 1387 τὸ
1379 1335 1544 1405 σῶμα
1573 1336 1919 1393 καταλιπών.

330 1426 396 1480 ’.ι
436 1427 622 1496 μέντοι
650 1424 788 1496 πρὸς
845 1425 906 1477 τὸ
949 1423 1074 1496 ὅρος
1104 1424 1279 1497 τούτῳ
1313 1427 1605 1496 μετάθεσις
1653 1428 1741 1483 διὰ
1774 1432 1922 1499 τρεῖς

326 1519 532 1580 ταύτας
582 1519 758 1582 αἰτίας
809 1517 1079 1587 θεοφιλῶς
1119 1518 1355 1587 γίνεται.
1400 1520 1626 1592 Πρῶτον
1681 1520 1783 1592 μὲν
1837 1523 1922 1577 ἵνα

330 1610 437 1681 τὴν
484 1609 655 1681 ἀρχὴν
680 1610 751 1664 ὡς
796 1609 943 1680 μέγα
972 1626 1026 1663 τι
1052 1609 1215 1680 ἄχθος
1243 1610 1484 1686 ἐκφύγῃ,
1526 1612 1599 1684 ἢν
1624 1613 1918 1686 ἐπιθήσειν

328 1701 489 1772 αὐτῷ
540 1703 591 1755 οι
632 1704 799 1775 ἐκεῖσε
829 1702 1093 1769 πατέρες,
1150 1703 1183 1775 ἢ
1249 1704 1311 1758 τὸ
1355 1705 1546 1778 περιὸν
1579 1706 1784 1777 μᾶλλον
1818 1709 1915 1778 τῆς

319 1796 536 1867 ἀρετῆς
573 1795 783 1866 ἔμελλε.
830 1796 1101 1872 Δεύτερον
1147 1799 1228 1864 δὲ,
1267 1801 1355 1856 ἴνα
1405 1801 1504 1855 καὶ
1538 1802 1638 1873 τὴν
1686 1801 1783 1857 τοῦ
1826 1803 1919 1856 τό-
1948 1788 1989 1842 Β

317 1906 428 1944 που
486 1891 822 1961 μετάστασιν
895 1891 1047 1965 δείξῃ
1095 1893 1191 1947 καὶ
1241 1893 1516 1959 πολιτείας
1570 1895 1913 1967 ὑψηλοτέρας

317 1982 421 2054 τὴν
445 1982 555 2037 τῶν
576 1983 885 2056 ἀνθρώπων
918 1986 1159 2057 ἐρημίαν
1182 1988 1510 2057 πολυγονίαν
1525 1985 1663 2044 εἶναι
1684 1990 1914 2061 καρπῶν

318 2080 420 2147 τῆς
467 2081 674 2152 ἀρετῆς
723 2080 1054 2154 ἡγούμενος.
1107 2084 1182 2138 Τὸ
1225 2085 1283 2139 δὲ
1307 2086 1515 2157 τρίτον,
1559 2085 1636 2151 ὡς
1669 2086 1744 2158 μὴ
1769 2086 1917 2141 οἴκο-

321 2171 446 2242 θεν²
477 2173 594 2225 ἀλλ’
636 2174 747 2228 ὑπὸ
782 2174 920 2228 Θεοῦ
976 2176 1242 2246 κινηθεὶς,
1269 2177 1336 2231 ἵν’
1370 2177 1602 2232 ἐνταῦθα
1646 2182 1745 2249 τῆς
1783 2181 1919 2250 Χρι-

320 2263 449 2317 στοῦ
483 2263 773 2335 φάλαγγος
817 2269 920 2337 τὴν
952 2269 1299 2339 στρατηγίαν
1323 2269 1670 2343 ἐγχειρισθῇ,
1694 2271 1823 2327 ἔνθα
1852 2272 1916 2341 δὴ

320 2355 418 2409 καὶ
469 2356 747 2421 τοσαύτας
818 2358 1171 2428 στρατιωτῶν
1247 2361 1523 2432 μυριάδας
1590 2363 1794 2434 μᾶλλον
1859 2364 1918 2419 δὲ

321 2448 717 2518 πνευματικῶν
741 2450 1015 2522 ἀριστέων
1039 2450 1117 2523 τῷ
1133 2451 1300 2522 κοινῷ
1334 2454 1591 2527 Δεσπότῃ
1618 2472 1917 2527 προσενεγ-

321 2544 443 2595 κεῖν
501 2540 756 2612 ἐμελλεν.
801 2542 992 2609 Οὕτως
1036 2546 1139 2600 οὐκ
1208 2545 1315 2611 ἔξω
1353 2545 1584 2619 γνώμης
1632 2546 1920 2619 θεοφιλοῦς

321 2632 601 2703 κινηθεὶς,
636 2636 702 2705 τῇ
733 2650 794 2688 τε
824 2635 919 2688 τοῦ
963 2635 1125 2705 ὄρους
1157 2639 1373 2709 κορυφῇ
1423 2639 1694 2709 πρόσεισι,
1736 2639 1829 2694 καὶ
1862 2642 1919 2693 ὲν

320 2722 399 2795 τῷ
438 2723 694 2796 σπηλαίῳ
746 2723 928 2797 τούτῳ
978 2726 1144 2797 μέχρι
1191 2726 1381 2792 τέλους
1433 2726 1737 2795 αὐλίζεται,
1764 2727 1793 2782 ὃ
1824 2729 1920 2782 καὶ

317 2817 405 2880 είς
442 2816 609 2888 δεῦρο
636 2819 700 2870 τὸ
731 2816 876 2889 ἱερὸν
906 2817 1076 2874 αὑτοῦ
1107 2819 1331 2873 πλουτεῖ
1356 2818 1630 2890 λείψανον.

394 2906 451 2962 ι’.
507 2908 686 2977 Λόγος
739 2908 797 2962 δέ
847 2927 932 2973 τις
971 2911 1049 2975 είς
1108 2912 1258 2982 ἡμᾶς
1304 2912 1372 2966 bc
1405 2912 1658 2984 πατέρων
1715 2913 1922 2968 ἄνωθεν

321 2999 632 3069 ἀςιγμένος
658 3001 790 3066 τοὺς
836 3004 1068 3067 πιστοὺς
1114 3003 1359 3068 ἐκείνους
1391 3005 1618 3074 Μάγους
1647 3006 1834 3077 φησὶν,
1865 3006 1918 3061 οἳ

320 3091 384 3157 ἐξ
437 3091 744 3146 Ἀνατολῶν
765 3092 846 3157 είς
871 3091 1119 3163 Βηθλεὲμ
1144 3093 1454 3164 ἐληλύθασι,
1481 3093 1558 3164 τῷ
1589 3095 1654 3147 ὲκ
1686 3093 1786 3164 τῆς
1809 3093 1922 3148 ἄνω

318 3183 616 3255 περιωπῆς
639 3185 723 3248 είς
747 3185 850 3249 τὰς
880 3185 976 3239 τοῦ
1006 3185 1218 3258 κόσμου
1252 3186 1408 3241 τοῦδε
1447 3187 1673 3259 Δυσμὰς
1707 3186 1919 3241 ἐλθόντι

314 3273 566 3346 Χριστῷ,
588 3275 798 3346 χρυσὸν
824 3276 919 3330 καὶ
952 3274 1171 3331 λίϐανον
1194 3277 1289 3331 καὶ
1319 3276 1572 3349 σμύρναν
1606 3276 1730 3331 λίαν
1756 3278 1919 3333 εὐσε-

318 3368 435 3432 ϐῶς
452 3436 465 3449 ἢ
498 3369 1010 3441 προσενέγκαντας,
1037 3364 1159 3425 εἶτα
1182 3372 1279 3423 καὶ
1315 3370 1409 3423 ὑπ’
1438 3369 1675 3439 ἀγγέλου
1701 3387 1806 3442 χρη
1817 3386 1923 3441 μα-

315 3460 608 3524 τισθέντας
641 3459 721 3532 μὴ
745 3461 917 3530 αὐτὴν
940 3462 1007 3533 ἢν
1039 3457 1204 3529 ἦλθον
1237 3457 1397 3526 αὖθις
1435 3466 1647 3533 τεμεῖν,
1681 3463 1818 3518 ἀλλὰ
1850 3463 1919 3518 δι’

316 3555 516 3627 ιτέρας
558 3555 768 3626 μᾶλλον
818 3556 897 3617 είς
919 3555 1019 3624 τὴν
1052 3555 1267 3610 οἰκείαν
1300 3555 1625 3611 ἐπανελθεῖν
1649 3575 1662 3589 ·
1693 3555 1922 3622 τούτους

313 3652 381 3723 δὴ
397 3650 534 3715 τοὺς
562 3651 794 3718 Μάγους
821 3649 881 3703 ἐν
909 3648 1071 3721 τῷδε,
1098 3650 1257 3718 φησὶ,
1281 3647 1360 3720 τῷ
1390 3648 1643 3721 σπηλαίῳ
1667 3650 1797 3722 περὶ
1819 3651 1921 3723 τὴν

319 3741 591 3797 ἐπάνοδον
639 3740 975 3805 καταλῦσαι,
1013 3741 1108 3794 καὶ
1142 3739 1379 3795 ἐνταῦθα
1411 3739 1611 3804 νυκτὸς
1647 3739 1920 3812 καθευδή-

332 3851 565 3899 σαντας,
592 3832 763 3898 οὓτως
811 3833 985 3890 ἕωθεν
1045 3833 1148 3898 τῆς
1178 3831 1365 3886 οἴκαδε
1398 3832 1675 3904 φερούσης
1723 3833 1923 3898 αὐτοὺς

330 3923 606 3994 ἅψασθαι.
627 3926 733 3979 Kal
755 3925 962 3982 τοιόνδε
983 3926 1040 3979 δὲ
1062 3926 1193 3989 ἴσως
1222 3924 1486 3981 ἀπίθανον
1508 3925 1643 3980 αὐτὸ
1661 3925 1889 3983 διασείει
1907 3945 1918 3955 ·

334 4014 560 4087 πρῶτον
586 4017 681 4087 μὲν
706 4019 813 4090 γὰρ
844 4020 971 4082 τοὺς
1009 4019 1098 4072 διὰ
1133 4017 1242 4073 τῶν
1284 4018 1678 4091 Ἰεροσολύμων
1708 4018 1922 4073 ὁδεύειν

330 4109 773 4179 προῃρημένους,
794 4109 857 4164 οὐ
875 4110 1018 4165 πάνυ
1053 4127 1107 4164 τι
1129 4110 1353 4182 εὐχερὲς
1377 4110 1646 4183 ἑτέρωθεν
1676 4112 1783 4167 ἀπὸ
1810 4111 1924 4182 Βη-

324 4204 494 4277 θλεὲμ
514 4207 701 4262 οἴκαδε
734 4207 962 4272 τούτους
1016 4209 1325 4277 ἐπανιέναι,
1402 4208 1554 4263 ένοεν
1602 4210 1661 4264 δὲ
1707 4209 1782 4282 μὴ
1818 4228 1924 4264 πα·-

321 4298 566 4372 ριόντας.
597 4300 814 4373 Ὠσπερ
847 4301 946 4356 καὶ
986 4302 1082 4356 νῦν
1111 4303 1329 4374 ὁρῶμεν
1359 4305 1486 4366 τοὺς
1515 4303 1625 4357 ἀπὸ
1650 4303 1921 4374 Βηθλεὲμ,

318 4392 443 4461 ἤτοι
478 4391 584 4464 τῆς
610 4394 928 4466 περιχώρου
959 4395 1131 4465 αὐτῆς
1161 4393 1587 4467 παροδεύοντας,
1617 4395 1706 4449 διὰ
1736 4396 1834 4467 τῆς
1866 4394 1922 4448 δε

319 4485 761 4560 πορευομένους.

392 4577 488 4636 ια’.
523 4580 765 4639 Ἔπειτα
789 4580 847 4635 δὲ
876 4581 972 4637 καὶ
1003 4581 1179 4636 πολλὰ
1204 4581 1315 4637 τῶν
1344 4582 1517 4638 πάλαι
1552 4583 1654 4655 μὲν
1684 4601 1917 4657 γεγενη-

311 4675 529 4754 μὶνων,
559 4677 630 4746 τῇ
661 4673 785 4746 θείᾳ
810 4674 867 4729 δὲ
894 4676 968 4748 μὴ
1000 4674 1342 4745 ἐγκειμένων
1372 4676 1588 4748 Γραφῇ,
1613 4676 1646 4748 ἡ
1671 4677 1921 4747 ἄγραφος

316 4766 631 4837 παράδοσις
672 4770 810 4839 μόνη
841 4770 935 4823 καὶ
961 4771 1043 4833 είς
1086 4769 1169 4822 ἔτι
1196 4768 1615 4840 παρασκευάζει
1648 4771 1874 4840 κρατεῖν
1896 4787 1912 4802 ο

318 4854 412 4912 οἷα
445 4858 512 4931 δὴ
540 4859 639 4913 καὶ
660 4858 731 4913 τὰ
770 4859 901 4931 περὶ
930 4858 1027 4914 τοῦ
1055 4858 1285 4931 κρανίου
1309 4857 1584 4928 λεγόμενα
1612 4857 1802 4922 τόπου,
1839 4856 1918 4928 τῷ

322 4950 578 5018 μεγάλῳ,
605 4949 772 5022 φημὶ,
800 4950 1108 5021 διείληπται
1132 4949 1421 5020 Βασιλιίῳ.
1448 4951 1561 5005 Καὶ
1582 4948 1690 5020 γὰρ
1709 4948 1917 5012 ἐκεῖνος

320 5041 381 5097 δν
426 5043 539 5097 τινὶ
584 5042 695 5098 τῶν
754 5042 923 5099 αὐτοῦ
956 5042 1134 5113 λόγων
1167 5042 1275 5113 (δεῖ
1327 5042 1438 5115 γὰρ
1489 5040 1586 5095 καὶ
1634 5039 1814 5094 ταῦτα
1837 5039 1914 5104 ὡς

415 5204 475 5273 9)
627 5203 730 5286 hac
750 5202 1006 5275 spelunca
1056 5211 1113 5259 et
1142 5201 1264 5259 loco
1289 5199 1408 5259 fuse
1433 5209 1619 5259 actum
1645 5201 1700 5257 in
1732 5199 1921 5259 Prole-

319 5271 592 5346 gomenis.
626 5271 737 5346 ςι.
779 5271 796 5275 ⁷

396 5344 517 5418 (l0)
551 5343 755 5418 Eadem
787 5344 1104 5418 referuntur
1133 5341 1669 5418 inAElogip‘Joanuis
1709 5341 1918 5418 Moschi

316 5412 713 5501 supra-relato
744 5416 799 5471 in
832 5413 1259 5501 Prolegonteuis.
1304 5412 1716 5501 (Didicerantz.
1740 5415 1919 5485 inquit

318 5484 621 5543 Ba'rradius
668 5497 856 5543 uoster
904 5484 1054 5542 tomo
1095 5485 1114 5539 Ι
1162 5486 1216 5539 iu
1264 5491 1562 5540 comment.
1590 5485 1643 5539 in
1676 5484 1921 5542 Concorv

318 5558 470 5615 diam
538 5556 969 5639 Evangelicam,
1023 5556 1380 5639 .speluncam
1466 5554 1686 5639 palatiis
1761 5568 1918 5639 antc-

318 5640 550 5700 ponere,
578 5625 1003 5686 cum—Christum
1023 5626 1076 5682 in
1101 5625 1362 5697 Spelunca
1388 5635 1574 5681 uatum
1604 5630 1919 5699 conspexis-

316 5710 519 5846 mzll)’
559 5769 800 5829 Basilius
832 5769 886 5826 in
928 5783 1047 5842 cap.
1084 5783 1113 5825 ν
1145 5767 1353 5828 Esaiae:
1410 5787 1429 5823 ι
1476 5767 1720 5828 Ohtinuit
1775 5768 1918 5831 fama

2027 511 2144 566 sius
2177 512 2358 567 mallet
2400 526 2611 581 parere,
2636 527 2801 582 quam
2831 513 3131 583 imperare,
3158 513 3633 574 sicutdeclarabit

2025 605 2226 659 oratio.
3080 628 3085 631 Α

2097 679 2148 748 ll.
2174 694 2308 750 Cum
2369 694 2553 763 itaque
2604 708 2903 762 persuasus
2926 696 2974 750 ei
3022 697 3316 754 translatus
3360 707 3528 764 esset,
3572 706 3628 753 et

2025 784 2271 839 divinum
2302 784 2726 854 illailtemptmu
2749 784 3073 851 habitasset,
3098 787 3218 855 ejus
3247 787 3444 843 deinde
3476 786 3625 841 fama

2025 881 2092 934 ad
2132 894 2324 934 omnes
2378 880 2708 947 pervadente
2739 877 2895 950 (solet
2932 881 3077 935 enim
3106 882 3287 936 virtus
3310 897 3416 938 non
3442 880 3642 936 minus.

2025 988 2176 1039 eum,
2203 971 2296 1040 qui
2318 987 2439 1027 eam
2477 970 2738 1041 possidet,
2782 971 3135 1042 conspicuum
3179 974 3428 1036 reddere,
3459 988 3621 1043 quam

2024 1078 2173 1131 eum,
2197 1064 2288 1133 qui
2318 1079 2438 1119 eam
2464 1062 2592 1130 fert,
2621 1064 2869 1134 lucerna)
2901 1079 3009 1120 non
3057 1066 3242 1120 ferens
3271 1065 3381 1120 illic
3412 1065 3637 1120 versati

2027 1157 2252 1221 diutius,
2287 1157 2485 1211 transit
2536 1157 2589 1212 in
2631 1158 2776 1212 hunc
2818 1173 3036 1214 sacrum
3092 1168 3329 1227 montem
3377 1168 3433 1213 et
3483 1159 3623 1212 hanc

2024 1250 2336 1320 speluncam
2374 1249 2450 1321 (9)
2488 1272 2502 1305 :
2550 1266 2619 1305 ex
2646 1266 2754 1320 qua
2782 1250 2912 1306 facit
2940 1250 3029 1307 ille
3074 1266 3238 1307 unam
3281 1250 3451 1306 solam
3479 1265 3635 1316 eam,

2023 1358 2142 1410 qua:
2163 1352 2249 1398 est
2280 1344 2345 1397 ad
2374 1341 2564 1408 Deum,
2606 1344 3004 1411 transitionem,
3022 1343 3132 1399 illic
3155 1343 3344 1399 relicto
3370 1358 3639 1413 corpore._

2024 1434 2223 1492 Tribus
2247 1446 2429 1515 autem
2443 1436 2509 1491 de
2537 1436 2720 1492 causis
2743 1436 2829 1507 pie
2862 1437 2925 1491 fit
2944 1436 3064 1506 ejus
3087 1438 3142 1492 in
3175 1448 3414 1493 montem
3443 1446 3629 1491 trans-

2024 1530 2174 1586 latio.
2222 1530 2461 1585 Primum
2495 1531 2737 1598 quidem,
2797 1539 2859 1584 ut
2916 1529 3296 1599 praefecturam
3362 1539 3623 1598 tanquam

2024 1638 2276 1692 tuugnum
2296 1621 2515 1692 aliquod
2540 1636 2681 1676 onus
2704 1620 2941 1692 fugeret,
2969 1635 3132 1691 quam
3157 1618 3229 1673 illi
3259 1627 3418 1675 erant
3451 1620 3626 1687 impo-

2024 1716 2181 1769 situri
2224 1715 2533 1784 patres,vel
2564 1716 2743 1784 putius
2779 1714 2897 1783 ejus
2922 1714 3094 1769 virtus
3120 1712 3344 1768 eximia.
3371 1710 3624 1767 Secundo

2024 1817 2082 1861 ut
2131 1806 2233 1861 loci
2286 1821 2504 1877 quoque
2536 1805 2975 1871 translationem,
3028 1805 3096 1860 ad
3140 1804 3460 1861 excelsioris
3495 1804 3623 1862 vitta

2023 1902 2326 1955 institutum
2385 1898 2803 1955 translationem
2838 1896 3098 1962 efﬁceret,
3155 1897 3503 1953 solitudinem
3551 1896 3631 1950 al)

2024 1993 2303 2046 hominum
2355 1973 2610 2047 convictu
2675 2001 2944 2047 secretam
3016 1990 3343 2059 multiplices
3402 1990 3625 2044 virtutis

2023 2083 2232 2138 fructus
2268 2083 2576 2153 producere
2628 2084 2928 2140 arbitrans.
2985 2082 3177 2140 Tertio
3236 2091 3442 2146 autem,
3475 2082 3622 2150 quod

2023 2194 2128 2233 nou
2153 2194 2182 2232 a
2215 2194 2298 2243 se,
2328 2177 2423 2233 sed
2455 2194 2487 2234 a
2512 2177 2623 2233 Deo
2646 2186 2827 2233 motus
2859 2175 3043 2243 fuerit,
3078 2186 3137 2230 ut
3160 2174 3319 2230 isthic
3348 2173 3397 2229 ei
3416 2171 3620 2228 Christi

2023 2271 2254 2341 phalanx
2283 2270 2528 2327 ducenda
2549 2270 3006 2341 committeretur,
3030 2268 3119 2322 ubi
3151 2276 3230 2322 tot
3256 2266 3505 2332 militum,
3536 2263 3629 2318 vel-

2023 2365 2203 2436 pu:ius
2236 2362 2602 2435 spiritualium
2651 2361 2948 2418 Procerum
2983 2361 3170 2425 millia,
3200 2368 3317 2415 erat
3346 2359 3627 2413 communi

2025 2457 2253 2512 Durniuo
2283 2456 2589 2513 oblaturus.
2638 2454 2729 2511 Sic
2765 2471 2898 2524 ergo
2945 2454 3033 2525 pia
3082 2462 3262 2508 mente
3293 2457 3629 2515 commotus,

2025 2552 2235 2609 accedit
2275 2551 2342 2605 ad
2374 2552 2631 2607 verticem
2663 2549 2884 2615 montis,
2928 2559 2981 2602 et
3005 2548 3056 2601 iu
3093 2548 3196 2602 hac
3219 2545 3475 2616 spelunca
3499 2557 3601 2612 per.

2024 2653 2187 2715 petuo
2219 2643 2452 2711 habitat,
2484 2657 2606 2713 quae
2635 2641 2799 2697 etiam
2826 2641 3107 2711 hucusque
3124 2638 3243 2707 ejus
3286 2638 3459 2693 sacris
3473 2636 3632 2690 dives

2024 2749 2109 2793 est
2142 2735 2406 2808 reliquiis.

2100 2920 2188 2976 10.
2217 2920 2473 2985 Quaedam
2507 2927 2691 2973 autem
2723 2916 2869 2971 fama
2902 2916 2973 2971 ah
3003 2913 3112 2971 alto
3143 2931 3171 2966 a
3214 2911 3460 2982 patribus
3507 2918 3625 2964 tra-

2029 3014 2163 3076 dita,
2212 3015 2278 3066 ad
2341 3026 2438 3066 nos
2490 3024 2683 3079 usque,
2738 3008 3007 3077 pervenit,
3064 3020 3185 3075 quae
3215 3003 3367 3064 dicit.
3435 3001 3622 3055 fideles

2031 3107 2152 3161 illos
2205 3104 2409 3173 Magos,
2460 3103 2553 3175 qui
2605 3102 2880 3156 Bethleem
2947 3109 3212 3154 venerunt
3260 3096 3329 3150 ab
3370 3090 3619 3169 Oriente,

2025 3215 2148 3255 cum
2211 3196 2345 3263 Deo,
2394 3197 2484 3266 qui
2514 3210 2580 3251 ex
2618 3210 2855 3265 superna
2904 3191 3126 3263 Specula
3179 3190 3231 3244 in
3264 3187 3619 3244 Occidentem

2027 3292 2187 3362 hujus
2213 3288 2400 3347 mundi
2435 3297 2681 3355 venerat,
2706 3300 2926 3351 aurum,
2959 3286 3084 3339 tlms
3117 3293 3177 3339 et
3224 3280 3504 3354 myrrham
3536 3278 3624 3347 pie

2025 3386 2315 3439 admodum
2339 3382 2690 3448 obtulissent,
2741 3380 2938 3436 deinde
2966 3380 3034 3434 ab
3062 3374 3269 3446 Augelo
3300 3386 3620 3442 responsum

2025 3477 2387 3546 arcepissent,
2428 3489 2499 3531 ne
2546 3475 2793 3528 eamdem
2830 3472 2973 3527 viam
3033 3485 3224 3526 rursus
3266 3468 3489 3529 inirent,
3525 3465 3624 3519 sed

2024 3586 2118 3640 per
2157 3568 2316 3623 aliam
2348 3568 2526 3637 patius
2551 3567 2792 3621 redirent
2824 3565 2879 3618 in
2929 3578 3084 3619 suam
3119 3561 3394 3630 regionem
3441 3573 3455 3611 :
3489 3557 3621 3623 llos,

2029 3664 2275 3731 inquam,
2306 3659 2438 3715 dicit
2467 3658 2654 3730 Magos
2700 3656 2814 3729 (10)
2866 3656 2918 3711 iu
2948 3655 3052 3710 hac
3079 3653 3335 3731 spelunca
3360 3651 3413 3705 in
3447 3649 3620 3703 reditu

2027 3752 2198 3807 fuisse
2228 3751 2532 3807 diversatos
2564 3768 2578 3804 :
2620 3761 2852 3817 cumque
2889 3746 2976 3800 hic
3033 3753 3194 3799 noctu
3247 3741 3621 3804 dormiisseut,

2028 3860 2190 3899 mane
2217 3845 2492 3916 ingressos
2524 3857 2645 3898 esse
2679 3842 2845 3904 viam,
2868 3855 2991 3911 qure
3021 3838 3253 3892 ducebat
3275 3837 3326 3889 iu
3351 3834 3576 3905 patriam
3601 3848 3618 3899 ;

2035 3949 2092 3992 et
2122 3937 2228 3992 tale
2255 3935 2473 4006 quidem
2504 3945 2586 3991 est
2616 3935 2689 4001 id,
2727 3933 2871 4003 quod
2903 3932 3125 3997 dicitur,
3151 3941 3205 3986 et
3235 3928 3468 3985 fortasse
3498 3942 3620 3982 eam

2029 4031 2172 4085 tmlla
2204 4027 2491 4084 labefactat
2525 4025 2980 4097 improhabilitas.
3037 4024 3172 4078 Nam
3217 4023 3451 4093 primum
3496 4020 3621 4090 qui-

2027 4128 2174 4191 dem,
2203 4140 2326 4182 cum
2352 4123 2679 4179 statuissent
2709 4122 2918 4194 ingredi
2949 4120 3055 4177 iter
3081 4136 3178 4192 per
3220 4118 3621 4190 Hierosolyma,

2030 4233 2135 4273 non
2169 4226 2254 4272 est
2292 4214 2583 4271 admodum
2614 4212 2795 4277 facile,
2832 4221 2892 4267 ut
2912 4212 2946 4267 ii
2978 4211 3081 4266 alia
3113 4225 3180 4267 ex
3212 4209 3490 4266 Bethleem
3518 4206 3622 4263 do-

2031 4324 2178 4365 mum
2208 4316 2632 4363 reverterentur.
2674 4304 2829 4360 Sicttt
2859 4305 3022 4359 etiam
3054 4317 3196 4359 nunc
3228 4300 3475 4356 videmus
3501 4313 3626 4363 eos,

2029 4401 2123 4472 qui
2152 4415 2181 4454 a
2218 4396 2520 4461 Bethleem,
2544 4395 2629 4450 vel
2661 4397 2729 4451 ab
2768 4410 2829 4451 ea
2859 4411 2980 4465 qua:
3016 4404 3101 4450 est
3126 4393 3480 4473 circumcirca
3536 4405 3631 4446 re-

1874 4554 1875 4557 η
1951 4498 1997 4557 ι)
2024 4490 2208 4562 gioue,
2239 4496 2545 4555 transeunt,
2575 4503 2673 4557 per
2703 4487 2846 4542 hanc
2869 4486 3165 4557 proficisci.

2103 4583 2192 4637 ll.
2224 4581 2490 4637 Praeterea
2518 4590 2699 4637 autem
2731 4580 2898 4636 multa
2951 4594 3019 4635 ex
3051 4578 3141 4646 iis,
3167 4593 3290 4649 quae
3319 4577 3448 4633 olim
3498 4573 3623 4647 qui-.

2028 4676 2150 4731 dem
2176 4674 2317 4730 facta
2339 4682 2489 4736 sunt.
2532 4675 2635 4729 sita
2662 4684 2842 4728 autem
2880 4688 2987 4727 non
3022 4672 3225 4727 suntin
3253 4668 3437 4724 divitia
3471 4666 3625 4723 Scri-

2028 4779 2214 4839 ptura,
2248 4767 2364 4823 sola
2392 4767 2611 4836 scriptis
2637 4780 2742 4820 non
2773 4764 3026 4820 mandata
3076 4763 3318 4826 traditio,
3344 4761 3508 4817 ell‘teit
3562 4769 3624 4814 ιιι

2026 4864 2082 4917 iu
2138 4861 2461 4917 hodiernum
2502 4874 2679 4928 usque
2738 4858 2880 4912 diem
2939 4871 3039 4927 pro
3086 4857 3253 4910 certis
3290 4853 3618 4909 habeantur.

2025 4953 2215 5022 Qualia
2259 4963 2387 5008 sunt
2417 4967 2501 5019 ea,
2539 4965 2662 5022 quae
2703 4949 2960 5004 dicuntur
2992 4946 3059 5002 de
3088 4944 3209 5000 loco
3245 4943 3444 5006 crauii,
3497 4958 3620 5014 quae

2025 5055 2175 5113 stitit,
2209 5046 2456 5117 inquam,
2490 5050 2723 5099 tractata
2753 5043 2805 5096 'a
2862 5053 3058 5112 magno
3103 5036 3304 5093 Basilio
3353 5034 3490 5109 (ll).
3518 5035 3620 5094 llle

2028 5203 2277 5273 qttredam
2325 5201 2389 5273 in,
2438 5198 2696 5273 Ecclesia
2737 5197 3058 5255 memoriam
3108 5208 3462 5273 conservans,
3512 5209 3618 5273 non

2029 5263 2251 5342 quidem
2283 5272 2520 5342 scripto,
2547 5269 2836 5342 proditam,
2889 5284 3016 5342 quae
3063 5277 3119 5342 et
3152 5267 3275 5342 talis
3305 5275 3389 5342 est
3426 5283 3441 5320 :
3473 5263 3620 5342 quod

2030 5334 2205 5413 prima
2258 5334 2447 5411 utique
2501 5334 2686 5413 Judaza
2733 5334 3029 5413 hominem
3078 5338 3317 5413 habebat
3358 5334 3617 5413 incolam,

2031 5407 2288 5469 nimirum
2337 5407 2531 5478 Adam,
2583 5411 2743 5467 simul
2773 5420 2937 5480 atque
2973 5409 3177 5465 excidit
3213 5407 3425 5480 deliciis
3446 5420 3622 5480 para-

2028 5485 2155 5551 disi,
2187 5485 2242 5539 in
2264 5484 2370 5540 hac
2393 5477 2536 5540 terra
2571 5477 2920 5557 collocatum,
2954 5483 3022 5535 ad
3050 5479 3407 5557 mitigandam
3439 5477 3621 5557 jactu-

2030 5547 2151 5610 ram'
2199 5557 2465 5612 bonorum
2495 5556 2691 5626 quibus
2727 5553 2904 5609 fuerat
2935 5558 3152 5626 exutus.
3181 5547 3407 5626 'Prima
3455 5547 3620 5618 igitur

2026 5628 2493 5699 etiammortuum
2513 5618 2802 5681 hominem
2851 5623 3095 5699 excepit,
3129 5620 3219 5690 qui
3249 5628 3304 5699 et
3335 5618 3444 5699 illic
3471 5632 3614 5699 eam,

2029 5697 2116 5751 cui
2145 5697 2396 5752 addictus
2430 5708 2570 5769 erat,
2594 5700 2921 5769 sententiam
2959 5688 3431 5749 cbndeiuuatiouis
3460 5688 3619 5769 plene

2028 5777 2108 5826 est
2138 5779 2448 5826 exsecutus.
2494 5766 2682 5840 Itaque
2711 5766 2950 5826 insolens
2977 5777 3099 5824 esse
3131 5778 3194 5825 ac
3219 5774 3421 5823 novum
3462 5760 3616 5817 vidc-
