4152 6396
573 381 681 447 ‘33
1837 372 2127 436 MENSIS
2159 374 2629 441 IANUARIUS.
2964 378 2969 384 ’
3042 400 3053 407 '
3764 384 3875 449 48$

562 504 700 560 *boni
751 508 805 558 et
856 498 1067 557 honesti
1104 496 1381 553 studiosas
1415 495 1625 552 animas
1666 495 1733 551 ad
1794 510 1856 552 se
1905 497 2143 554 traheret

2275 497 2508 551 θάνοντα
2536 496 2613 561 δὲ,
2646 495 2943 553 ἀκόλουθον
2978 497 3203 563 πάντως
3224 498 3311 569 ἐφ’
3339 494 3532 555 ἑαυτὸν
3564 499 3744 556 ἕλκειν
3770 505 3873 568 τὰς

573 608 686 653 non
712 609 873 651 secus
903 606 966 647 ac
1000 605 1221 662 magnes
1264 589 1499 656 ferrum,
1533 600 1627 644 aut
1662 590 1853 659 potius
1894 599 1954 645 ut
1996 592 2143 646 bona:

2271 590 2601 659 φιλοκάλους
2632 590 2834 663 ψυχὰς,
2873 593 3145 664 ἡράκλειά
3212 610 3296 656 τις
3338 592 3487 658 λίθος
3543 594 3737 662 ὥσπερ
3775 597 3872 654 τὸν

562 689 833 761 quasdam
890 699 1041 756 apes,
1087 682 1388 754 jucundum
1448 684 1577 738 illud
1641 683 1749 738 mel
1788 683 2032 738 virtutis.
2081 684 2143 738 Αι

2267 681 2526 751 σίδηρονο
2579 681 2613 753 ἢ
2670 683 2875 753 μᾶλλον
2904 683 2980 748 ὡς
3023 684 3281 754 μελίττας
3332 685 3487 749 τινὰς
3536 685 3750 755 ἀγαθὰς
3787 687 3868 760 τῷ

571 784 721 840 illum
749 781 930 851 itaque
952 778 1062 849 jam
1086 776 1426 833 ventitabant
1447 777 1669 847 quidam
1689 792 1753 829 ex
1778 775 1865 843 iis,
1886 777 1979 846 qui
2007 787 2166 831 erant

556 884 843 930 amatores
865 870 1113 937 virtutis,
1139 880 1197 926 et
1224 870 1500 926 malebant
1535 883 1659 924 cum
1687 883 1754 924 eo
1784 869 2026 924 incolere
2074 884 2166 924 so-

555 967 873 1029 litudinem,
911 979 1074 1035 quam
1104 979 1227 1020 eum
1274 963 1709 1035 imperatoribus
1750 962 2042 1031 praeclaras
2079 963 2165 1019 ci-

558 1062 786 1117 vitates.
815 1060 917 1128 Qui
942 1057 1397 1123 vim-silerentes,
1438 1058 1529 1112 vix
1561 1056 1806 1129 quidem,
1842 1057 1947 1113 sed
1968 1065 2160 1113 tamen

557 1154 924 1226 persuadent,
982 1164 1052 1207 ne
1102 1165 1200 1207 sua
1262 1146 1439 1206 solum
1472 1150 1872 1215 consideraret,
1939 1151 2036 1207 sed
2095 1165 2158 1207 ea

564 1249 751 1311 etiam,
785 1261 906 1315 qua:
956 1254 1086 1301 sunt
1118 1244 1489 1316 proximorum
1525 1262 1539 1299 :
1573 1252 1629 1299 et
1652 1243 1794 1314 ejus,
1829 1258 1953 1314 qua:
1978 1253 2061 1300 est
2090 1259 2157 1298 ex

562 1338 702 1408 Deo,
734 1341 858 1394 vitae
889 1353 1010 1392 eum
1048 1337 1325 1407 accipiunt
1353 1337 1514 1390 veluti
1549 1335 1909 1407 pedotribam.
1936 1335 2004 1391 Et
2030 1347 2160 1393 tunc

554 1433 787 1502 quidem
839 1448 931 1487 sex
969 1429 1051 1485 vel
1084 1441 1293 1501 septem
1345 1443 1572 1484 numero
1616 1437 1774 1483 erant
1805 1429 2006 1485 chorus
2063 1430 2155 1499 qui

546 1536 677 1579 erat
715 1525 858 1578 eirra
895 1520 1081 1593 ipsum

634 1615 723 1671 1-6.
749 1616 886 1671 Cum
914 1626 1094 1671 autem
1118 1613 1287 1670 sciret
1309 1613 1398 1671 ille
1437 1629 1695 1684 magnus,
1728 1612 1804 1671 iis
1830 1615 1922 1685 qui
1947 1629 2013 1670 ex
2044 1614 2155 1672 Deo

556 1709 747 1764 virere
767 1707 1053 1776 elegerint,
1078 1706 1210 1761 nihil
1234 1720 1388 1776 mque
1419 1707 1725 1761 conducere
1754 1706 1821 1760 ad
1854 1708 2151 1777 parandam

555 1802 820 1856 virtutem
857 1808 913 1856 et.
963 1801 1030 1855 ad
1082 1807 1291 1870 partam
1329 1800 1784 1864 conservandam,
1838 1815 1906 1856 ac
1955 1801 2151 1855 mortis

2264 774 2384 845 ήὸεἰ
2429 773 2628 845 ἐκείνῳ
2651 775 2752 845 τῆς
2779 777 2984 847 ἆρετῆς
3027 778 3227 848 μέλιτι.
3271 778 3534 848 Ἐφοίτων
3566 780 3865 853 τοιγαροῦν

2263 865 2340 929 ὡς
2366 865 2530 919 αὑτὸν
2573 866 2676 939 ἤδη
2731 868 2841 921 τῶν
2883 868 3193 940 φιλαρέτων
3233 870 3401 936 τινὲς,
3436 870 3532 923 καὶ
3583 871 3682 924 σὺν
3711 873 3867 943 αύτῷ

2266 959 2471 1029 μᾶλλον
2499 957 2597 1031 τὴν
2654 960 2916 1033 ἐρημίαν,
2956 962 2990 1032 ἦ
3027 960 3126 1025 τὰς
3174 961 3442 1033 λαμπρὰς
3497 963 3684 1026 πόλεις
3722 965 3865 1035 μετὰ

2264 1050 2533 1121 βασιλέων
2560 1052 2736 1105 οἰκεῖν
2759 1054 3076 1124 ἠσπάζοντο
3094 1070 3109 1085 ⁸
3139 1054 3189 1107 οἳ
3234 1056 3328 1108 καὶ
3350 1055 3677 1126 βιασάμενοι
3708 1058 3865 1127 μόλις

2255 1144 2366 1214 ,μὲν
2402 1143 2655 1198 πείθουσι
2690 1144 2737 1198 δ’
2768 1146 2932 1215 ὅμως
2966 1145 3045 1217 μὴ
3098 1147 3165 1200 τὰ
3193 1146 3389 1200 ἑαυτοῦ
3422 1148 3585 1218 μόνον
3616 1153 3861 1217 σκοπεῖν,

2260 1236 2397 1290 ἀλλὰ
2431 1236 2495 1307 δὴ
2520 1237 2614 1291 καὶ
2649 1237 2719 1291 τὶ
2752 1237 2863 1292 τῶν
2888 1237 3082 1304 πέλας,
3108 1240 3205 1293 καὶ
3234 1234 3326 1292 οἷα
3354 1239 3717 1309 παιδοτρίϐην
3752 1244 3858 1295 αύ-

2258 1329 2351 1383 τδν
2374 1330 2466 1385 τοῦ
2506 1331 2648 1385 κατὰ
2686 1331 2821 1385 Θεὸν
2856 1330 2978 1401 βίου
3016 1331 3546 1403 παραλαμϐάνουσι·
3580 1334 3677 1386 καὶ
3717 1334 3863 1399 τέως

2263 1420 2360 1491 μὲν
2394 1421 2453 1489 ἓξ
2486 1438 2591 1476 που
2626 1422 2720 1475 καὶ
2747 1422 2892 1478 ἑπτὰ
2909 1423 2999 1476 τὸν
3040 1422 3279 1493 ἀριθμὸν
3306 1423 3335 1475 6
3358 1423 3489 1495 περὶ
3514 1422 3678 1477 αὑτὸν
3696 1424 3861 1496 χορὸς

2255 1530 2346 1584 ην.

2333 1612 2432 1671 ις’.
2464 1602 2741 1670 Εἰδὼς’δὲ
2792 1608 2823 1661 δ’
2856 1607 3031 1679 μέγας
3096 1606 3181 1661 ὅτι
3232 1609 3348 1670 τοῖς
3402 1609 3547 1664 κατὰ
3589 1608 3725 1665 Θεὸν
3754 1608 3862 1683 ζῇν

2256 1697 2533 1767 ἑλομένοις
2559 1698 2713 1753 οὐδὲν
2742 1698 2919 1764 οὕτως
2967 1700 3214 1771 ἀτεχνῶς
3245 1700 3382 1772 πρὸς
3410 1702 3473 1755 τὸ
3518 1703 3614 1756 καὶ
3645 1705 3858 1775 κτήσα-

2257 1791 2383 1845 σθαι
2418 1793 2655 1865 ἁρετὴνλ
2699 1794 2793 1847 καὶ
2851 1793 3090 1862 φυλάξαι
3141 1795 3495 1863 κτησοείσαν,
3522 1797 3613 1870 ⁸ὡς
3659 1798 3854 1869 μνήμη

560 1894 851 1955 memoria,
879 1907 999 1962 qum
1024 1894 1195 1947 etiam
1229 1905 1358 1946 vera
1404 1891 1741 1962 philosophia
1787 1900 1842 1947 et
1876 1892 2075 1946 dicitur
2099 1904 2143 1947 el

2258 1884 2494 1937 Θανάτου
2527 1887 2814 1957 συνεργεῖν
2846 1885 3096 1951 δύναται,
3133 1887 3167 1957 ἢ
3187 1887 3281 1977 mli.
3313 1887 3523 1959 ἀληθὴς
3560 1888 3854 1959 φιλοσοφία

558 1986 843 2051 creditur;
885 1986 1016 2056 quid
1072 1985 1240 2040 facit?
1285 1984 1604 2055 Sepulcrum
1647 1983 1762 2051 jam
1832 1997 2153 2041 construere

556 2080 650 2135 his
699 2081 813 2135 suis
850 2081 1009 2150 jubet
1068 2078 1402 2149 discipulis:
1456 2077 1619 2132 simul
1663 2079 1882 2148 quidem
1921 2087 1983 2132 ut
2035 2078 2153 2147 ejus

548 2182 706 2227 'csset
767 2179 1183 2225 monumentum
1250 2171 1395 2233 linis,
1433 2169 1573 2224 sit-ut
1601 2169 1775 2224 etiam
1818 2178 2065 2233 vocatur,
2097 2179 2154 2223 et

558 2260 639 2316 sic
654 2273 750 2314 eos
777 2260 947 2330 magis
971 2258 1240 2313 excitaret
1283 2259 1352 2311 ad
1384 2260 1794 2321 decertandum,
1828 2268 1885 2312 et
1921 2258 2153 2328 diligen-

560 2353 674 2408 tius
720 2352 1029 2406 stimularet
1080 2352 1147 2406 ad
1197 2352 1496 2417 virtutem;
1550 2361 1604 2406 et
1661 2351 1825 2407 simul
1878 2353 2047 2408 etiam
2098 2360 2154 2407 et

552 2454 804 2500 mortuos
835 2445 1144 2515 acciperet;
1171 2443 1300 2513 quin
1324 2445 1489 2498 etiam
1511 2443 1601 2498 ille
1618 2459 1685 2498 ex
1716 2443 1915 2499 futuris
1945 2443 2150 2515 aliquid

549 2537 860 2608 prmvidens
888 2545 945 2592 et
973 2538 1336 2606 praesagiens;
1363 2536 1474 2607 jam
1512 2538 1656 2592 enim
1677 2539 1791 2594 haec
1813 2538 2149 2595 charismata

554 2639 611 2683 et
645 2631 846 2700 gradus
895 2630 1171 2701 attigerat,
1221 2628 1275 2684 in
1324 2628 1444 2686 luce
1492 2632 1684 2702 gratiae
1733 2631 1909 2687 lucem
1937 2631 2147 2688 vitians.

550 2719 698 2788 Quid
724 2731 907 2777 autem
938 2731 1061 2776 erat
1099 2721 1245 2792 quod
1300 2723 1681 2794 praesagiebat,
1726 2721 1841 2792 jam
1867 2723 2149 2780 declarare

547 2815 869 2885 aggreditur
900 2814 1099 2869 oratio.
1130 2811 1387 2870 Paratum
1423 2815 1573 2871 etiim
1605 2825 1725 2870 erat
1792 2816 2133 2887 sepulcrum,

552 2912 612 2960 et
660 2906 911 2961 adstabat
971 2905 1193 2976 quidem
1226 2906 1341 2976 ipse
1371 2906 1637 2977 desuper;
1678 2908 1930 2978 discipuli
1961 2917 2146 2964 autent

548 2997 733 3067 ipsum
792 2997 1299 3053 circumsistebant.
1350 2997 1445 3053 llle
1496 3007 1679 3053 autem
1727 3008 1889 3055 acuto
1948 3002 2149 3057 mentis

549 3091 714 3148 Oculo
748 3089 967 3145 intuens
1027 3089 1101 3158 id,
1159 3090 1305 3161 quod
1333 3099 1453 3145 erat
1486 3101 1830 3156 eventurum,
1859 3092 1939 3147 sic
1967 3091 2146 3162 lepide

547 3181 707 3246 dicit,
749 3197 845 3236 eos
869 3181 1141 3252 aspiciens
1171 3200 1187 3236 :
1238 3180 1561 3252 Sepulcrum
1594 3182 1815 3253 quidem
1848 3192 1935 3240 est.
1982 3199 2145 3253 para-

2254 1974 2473 2045 λέγεται
2504 1979 2598 2031 καὶ
2627 1978 2964 2046 πιστεύεται,
2997 1979 3049 2033 τί
3081 1974 3261 2047 ποιεῖς
3288 1982 3459 2052 τάφον
3495 1982 3600 2052 ήδη
3673 1999 3854 2038 κατα-

2258 2071 2532 2124 σκευάσαι
2571 2074 2684 2135 τοῖς
2715 2072 2939 2135 οἰκείοις
2966 2072 3178 2137 τούτοις
3227 2075 3497 2146 μαθηταῖς
3541 2070 3853 2145 ἐπιτρέπει,

2252 2161 2372 2232 ἅμα
2409 2163 2508 2233 μὲν
2540 2163 2626 2216 ἵνα
2675 2167 2945 2235 μνημεῖον
2983 2166 3192 2230 αὐτοῖς,
3227 2165 3420 2239 ὥσπερ
3446 2167 3510 2239 δὴ
3542 2168 3639 2222 καὶ
3671 2166 3857 2220 καλεῖ-

2252 2272 2366 2320 ται,
2409 2256 2505 2309 τοῦ
2560 2255 2749 2321 τέλους
2802 2258 3045 2329 γίνηται,
3110 2260 3206 2313 κα)⁸
3228 2260 3373 2314 οὓτω
3414 2261 3619 2331 μᾶλλον
3650 2259 3855 2325 αὐτοὺς

2252 2349 2585 2417 ἐναγωνίους
2622 2351 2773 2421 ποιῇ,
2829 2352 2925 2403 καὶ
2962 2350 3224 2423 κεντρίζῃ
3273 2350 3412 2422 πρὸς
3434 2352 3638 2422 ἀρετὴν
3672 2353 3853 2424 timo-

2254 2439 2511 2511 νώτερον,
2561 2439 2678 2511 ἅμα
2707 2440 2881 2494 δὲκαὶ
2925 2441 3268 2514 θνήσκοντας
3322 2442 3675 2514 ὑποδέχοιτο·
3708 2444 3853 2513 πλὴν

2258 2532 2396 2587 ἀλλὰ
2427 2534 2519 2586 καὶ
2556 2533 2885 2606 προϐλέπων
2909 2552 2960 2588 τι
3007 2534 3115 2587 τῶν
3138 2534 3454 2605 ,μελλόντων
3483 2538 3710 2599 ἐκεῖνος,
3746 2526 3851 2589 ¹καὶ

2255 2624 2684 2696 προνοούμενος,
2745 2625 2849 2695 ἠδη
2884 2624 2994 2697 γὰρ
3029 2626 3124 2678 καὶ
3176 2626 3536 2695 χαρισμάτων
3591 2623 3852 2679 τοιούτων

2254 2720 2349 2771 καὶ
2381 2716 2610 2791 βαθμῶν
2640 2719 2866 2788 ἥπτετο,
2887 2718 2944 2769 ἐν
2968 2711 3113 2787 φωτὶ
3137 2716 3240 2785 τῆς
3270 2716 3525 2784 γνώσεως
3549 2715 3663 2785 φῶς
3680 2715 3850 2787 ὁρῶν.

2255 2811 2366 2863 Καὶ
2392 2810 2530 2881 ὅπερ
2556 2809 2664 2879 ἄρα
2689 2807 2749 2863 τὸ
2780 2807 2989 2880 μυηθὲν
3022 2803 3114 2880 ἦν,
3145 2811 3173 2862 6
3197 2808 3359 2876 λόγος
3384 2807 3487 2879 ἢδη
3520 2808 3717 2880 δηλοῦν
3750 2807 3851 2879 ἕρ-

2252 2920 2429 2973 χεται.
2489 2901 2871 2974 Ηύτρεπίζετο
2914 2903 3026 2975 γὰρ
3070 2902 3098 2956 6
3156 2903 3350 2971 τάφος,
3386 2902 3481 2955 καὶ
3541 2901 3853 2973 παρίστατο

2254 2996 2352 3066 μὲν
2376 2994 2539 3058 αὐτὸς
2582 2994 2812 3061 ἄνωθεν,
2839 2995 2887 3047 οί
2922 2995 3168 3066 μαθηταὶ
3194 2994 3250 3046 δὲ
3275 2994 3437 3048 αὑτὸν
3469 2995 3847 3065 περιίσταντο.

2252 3087 2361 3140 Καὶ
2392 3085 2451 3149 ὃς
2485 3086 2730 3159 ὀξυτέρῳ
2753 3087 2851 3157 τῆς
2874 3086 3115 3151 διανοίας
3139 3085 3354 3156 ὄμματι
3378 3087 3437 3139 τὸ
3467 3085 3848 3157 ἐκϐησόμενον

2200 3181 2522 3251 ζκαθορῶν,
2549 3180 2848 3252 χαριέντως
2907 3179 3051 3234 οὕτω
3106 3198 3225 3243 πως
3270 3178 3404 3251 φησὶ
3458 3179 3596 3251 πρὸς
3644 3179 3847 3245 αὐτοὺς
3901 3229 3907 3234 .

552 3283 689 3336 tum,
715 3273 967 3343 quisnam
998 3283 1181 3328 autem
1211 3289 1278 3329 ex
1315 3274 1469 3329 vobis
1494 3283 1582 3330 est
1623 3276 1864 3331 encaenia
1892 3275 2013 3346 ejus
2055 3292 2143 3333 ce-

2252 3273 2411 3327 ἰδὼνο
2450 3274 2510 3328 Ὀ
2552 3274 2651 3344 μὲν
2686 3275 2854 3342 τάφος
2895 3273 2994 3344 ἤδη
3022 3273 3262 3342 ἕτοιμος,
3294 3276 3377 3336 τίς
3405 3272 3463 3326 δὲ
3491 3272 3556 3337 ἂν
3599 3273 3686 3343 εἴη
3714 3275 3742 3327 ὅ
3777 3290 3843 3343 γε

552 3365 898 3423 iebraturus?
941 3367 1006 3421 Et
1035 3367 1129 3422 ille
1171 3366 1390 3437 quidem
1439 3366 1541 3431 sic,
1582 3366 1761 3435 lepide
1815 3375 1871 3421 et
1927 3370 2145 3424 urbanae

548 3458 789 3513 orationi
824 3460 1062 3514 miscens
1093 3460 1235 3514 seria
1272 3476 1290 3515 :
1343 3459 1548 3515 solebat
1589 3460 1736 3515 enim
1772 3461 1887 3528 ipse
1926 3476 2144 3531 quoque

549 3550 697 3605 inter
725 3551 829 3604 alia
857 3561 1071 3623 tempus
1118 3567 1300 3617 nosse,
1353 3552 1842 3624 austeritatemque
1885 3562 1940 3608 et
1969 3554 2143 3609 tristi-

552 3642 682 3697 tiam
704 3644 879 3712 gratia
922 3645 1199 3699 moderata
1241 3644 1473 3699 solvere.

623 3822 714 3877 i7.
753 3820 985 3900 Quidam
1044 3829 1224 3876 autem
1277 3821 1536 3887 Basilius,
1597 3822 1871 3893 dignitate
1921 3824 2141 3896 quidem

545 3914 844 3979 sacerdos,
894 3923 1119 3984 propter
1174 3928 1353 3968 rerum
1386 3925 1569 3968 autem
1625 3915 1898 3971 bonarum
1931 3916 2143 3972 deside-

548 4005 713 4071 rium,
753 4020 1047 4076 expressos
1095 4015 1281 4074 aperte
1310 4021 1534 4061 servans
1568 4016 1826 4075 paternos
1858 4008 2142 4065 characte—

548 4104 755 4160 res;et
795 4110 921 4151 eum
977 4097 1070 4164 qui
1101 4096 1277 4165 ipsum
1321 4104 1586 4164 genuerat
1641 4097 1985 4168 spiritaliter,
2030 4115 2138 4154 non

500 4198 505 4204 '
546 4190 732 4243 minus
789 4187 1034 4243 referens
1099 4188 1458 4245 similitudine
1512 4189 1765 4257 virtutis,
1815 4206 1979 4260 quam
2019 4208 2143 4248 car-

549 4281 703 4338 nales
747 4291 931 4352 patres
990 4281 1024 4334 ii
1073 4281 1166 4350 qui
1222 4296 1289 4336 ex
1345 4282 1453 4337 illis
1508 4283 1620 4338 nati
1660 4294 1812 4351 sunt,
1842 4296 1899 4341 et
1939 4285 2139 4356 alioqui

544 4375 733 4431 sciens
760 4378 1119 4445 quaestionem
1170 4389 1275 4454 non
1329 4372 1534 4429 frustra
1571 4392 1695 4432 esse
1725 4379 2058 4449 propositam
2107 4396 2137 4434 a

546 4467 829 4538 magistro,
852 4469 1063 4536 primus
1094 4465 1368 4534 arripiens
1390 4480 1721 4535 sermonem,
1748 4480 1868 4525 erat
1890 4479 2139 4540 prompto

2248 3364 2439 3420 τοῦτον
2469 3366 2529 3430 ἐξ
2558 3365 2712 3436 ὑμῶν
2744 3366 3112 3434 ὲγκαινίσων;
3149 3367 3285 3418 κειὶό
3317 3365 3421 3435 μὲν
3443 3363 3585 3418 οὕτω
3620 3383 3734 3429 πως
3760 3366 3840 3436 τῷ

2246 3458 2493 3530 χαρίεντι
2542 3458 2637 3512 τοῦ
2696 3458 2857 3527 λόγου
2905 3457 3000 3510 καὶ
3053 3458 3294 3527 σπουδὴν
3330 3456 3682 3527 ὲπιμίσγων·
3716 3456 3838 3522 ἔθος

2246 3552 2355 3622 γάρ
2392 3549 2535 3622 μετὰ
2562 3551 2673 3604 τῶν
2700 3551 2876 3605 ἄλλων
2906 3551 3060 3620 αὐτῷ
3093 3552 3185 3604 καὶ
3229 3552 3423 3622 καιρὸν
3469 3551 3690 3617 είδέναι,
3739 3551 3835 3603 καὶ

2243 3643 2305 3697 τὸ
2344 3643 2593 3698 σύντονον
2626 3644 2772 3698 ἔστιν
2823 3644 2912 3697 ὅτε
2980 3644 3076 3698 καὶ
3125 3644 3451 3716 σκυθρωπὸν
3509 3644 3829 3715 ὲμμετρίαις

2245 3736 2394 3791 λύειν
2425 3739 2546 3802 ταῖς
2571 3740 2781 3810 χάρισι.

2320 3829 2405 3895 ιζ’.
2436 3829 2723 3895 Βασίλειος
2754 3831 2813 3884 δέ.
2850 3848 2958 3896 τις,
2985 3830 3046 3883 τὸ
3072 3830 3172 3899 μὲν
3194 3829 3413 3900 ἀξίωμα
3444 3825 3646 3901 ἱερεὺς,
3674 3828 3748 3901 ’τῷ
3773 3828 3832 3883 δὲ

2247 3921 2375 3991 περὶ
2400 3920 2466 3975 τὰ
2491 3921 2631 3974 κατὰ
2657 3920 2805 3991 ζήλῳ
2826 3922 3114 3989 διαφανεῖς
3139 3919 3329 3985 σώζων
3355 3921 3481 3985 τοὺς
3522 3922 3836 3992 πατρικοὺς

2243 4012 2629 4085 χαρακτῆρας,
2660 4014 2756 4065 καὶ
2793 4013 2888 4067 τὸν
2913 4014 3288 4085 γεγεννηκότα
3318 4013 3709 4084 πνευματικῶς
3747 4014 3840 4065 ού-

2241 4102 2509 4180 δὲνῆττον
2535 4107 2854 4175 ὑποφαίνων
2879 4107 2988 4160 ἀπὸ
3014 4107 3124 4160 τῶν
3146 4107 3242 4178 τῆς
3265 4106 3467 4176 ἀρετῆς
3495 4105 3838 4176 όμοιώσεων,

2242 4196 2276 4268 ἦ
2303 4198 2430 4261 τοὺς
2463 4197 2762 4269 σαρκικοὺς
2798 4200 3046 4269 πατέρας
3067 4199 3116 4251 οἳ
3142 4198 3237 4251 ὑπ’
3265 4199 3449 4253 αὐτῶν
3481 4197 3629 4251 οὓτω
3645 4199 3835 4250 τικτό-

2247 4308 2422 4361 μενοι,
2450 4288 2627 4353 ἄλλως
2662 4308 2720 4344 τε
2752 4290 2846 4344 καὶ
2879 4290 3034 4355 εἰδὼς
3072 4293 3147 4363 μὴ
3189 4294 3271 4354 εἰς
3293 4291 3450 4346 κενὸν
3479 4289 3734 4362 εἰρῆσθαι
3756 4287 3837 4360 τῷ

2240 4384 2556 4455 διδασκάλῳ
2590 4384 2649 4437 τὸ
2673 4384 2989 4456 πρόϐλημα,
3013 4385 3229 4456 πρῶτος
3251 4387 3340 4439 τὸν
3358 4384 3515 4453 λόγον
3547 4384 3829 4454 ἁρπάσας,

2241 4471 2459 4542 ἕτοιμος
2486 4474 2616 4544 περὶ
2649 4470 2751 4546 τὴν
2775 4473 2870 4527 τοῦ
2904 4474 3139 4529 Θανάτου
3174 4475 3388 4547 αἳρεσιν
3420 4475 3517 4529 καὶ⁴
3546 4474 3834 4546 πρόθυμος

538 4569 597 4615 et
625 4560 793 4616 alacri
857 4560 1044 4615 animo
1075 4560 1141 4614 ad
1199 4567 1433 4615 mortem
1501 4560 1842 4633 eligendam,
1886 4574 2142 4633 tanquam

2253 4561 2341 4636 ἦν,
2388 4565 2582 4634 ὥσπερ
2611 4567 2711 4620 οὐκ
2753 4566 3056 4638 ἁδουλήτου
3091 4566 3236 4630 τινὸς
3286 4566 3679 4638 προκειμένου,
3715 4565 3835 4631 ἀλλ’

543 4666 656 4705 rem
687 4666 793 4707 non
827 4650 1239 4721 repudiandum,
1293 4650 1389 4705 sed
1419 4651 1575 4707 valde
1612 4653 1798 4707 utilem
1843 4664 1897 4708 et
1940 4654 2135 4708 co..du-

540 4742 783 4798 cibilem.
817 4743 1078 4799 Protinus
1123 4758 1251 4813 ergo
1278 4742 1507 4810 genibus
1542 4742 1717 4808 ﬂexis,
1742 4760 1865 4799 cum
1894 4760 1955 4800 se
1985 4745 2133 4800 Ittttni

540 4835 898 4906 projecisset:
920 4835 1156 4891 Benedic
1185 4835 1344 4900 mihi,
1363 4837 1558 4904 inquit,
1584 4836 1766 4901 Pater,
1802 4837 1911 4908 Ego
1927 4848 2132 4901 autem,

542 4929 737 4999 inquit,
766 4928 928 4999 hujus
958 4928 1196 4997 sepulcri
1233 4929 1410 5000 primo
1441 4928 1729 4985 celebrabo
1754 4932 2017 4984 encaenia.
2037 4931 2133 4986 llic

538 5036 669 5093 ergo
692 5023 869 5091 petiit,
900 5021 989 5077 ille
1007 5037 1140 5077 vero
1174 5022 1342 5078 dedit.
1376 5022 1444 5076 Et
1477 5023 1652 5093 ipsum
1684 5023 1904 5092 quidem
1942 5022 2133 5078 habuit

537 5113 872 5184 Sepulcrum.
932 5108 1094 5170 lubet
1143 5125 1322 5169 autem
1368 5114 1536 5171 Pater
1575 5118 1756 5170 omnia
1812 5116 1914 5186 ipsi
1987 5116 2129 5184 ﬁeri,

537 5222 657 5277 qua:
698 5207 787 5263 lex
816 5206 930 5262 vult
985 5207 1104 5262 ﬁeri
1138 5200 1408 5276 mortuis;
1465 5211 1751 5276 tertianas,
1797 5212 2042 5281 inquam,
2075 5224 2131 5267 et

530 5302 797 5367 'novenas,
828 5311 883 5356 et
914 5312 1313 5372 consequenter
1345 5304 1510 5359 etiam
1562 5303 1965 5375 quadragenas.
1994 5306 2128 5360 Cum

536 5404 720 5449 autem
744 5392 857 5464 jam
915 5394 1079 5450 linem
1136 5395 1450 5465 acciperent
1482 5396 1871 5466 quadragenae,
1911 5399 1965 5467 (ο
1990 5412 2129 5466 quo-

534 5489 696 5542 modo
736 5488 1100 5557 explicarerit
1125 5489 1306 5544 oratio
1337 5490 1390 5543 id
1433 5489 1575 5557 quod
1609 5499 1693 5544 est
1730 5492 1883 5544 valde
1908 5491 2125 5558 quidem

538 5593 750 5645 verum,
810 5583 906 5635 sed
956 5589 1041 5636 est
1089 5579 1244 5636 valde
1299 5582 1510 5635 creditu
1573 5581 1806 5647 dillicile,
1842 5593 2015 5653 proptr
2035 5598 2127 5637 rea

533 5671 677 5737 quod
706 5671 920 5725 modum
940 5672 1532 5744 exsuperatl)Basilius
1556 5687 1732 5741 neque
1759 5688 1787 5727 a
1809 5673 1960 5728 febre
1977 5689 2129 5728 arre-

534 5765 678 5824 ptus,
701 5775 797 5815 nec
829 5764 1025 5831 capitis
1053 5764 1240 5820 dolore
1278 5775 1525 5830 vexatus,
1554 5781 1653 5819 nec
1683 5764 1847 5818 ullum
1881 5766 2125 5820 dolorem

536 5849 781 5906 sentiens
841 5853 897 5908 in
954 5854 1056 5908 ulla
1108 5867 1262 5924 parte
1321 5858 1586 5929 corporis,
1656 5867 1913 5929 tanquam
1976 5858 2125 5915 molli

2240 4658 2692 4729 ὲπικερδοῢςλίαν
2722 4660 2815 4712 καὶ
2843 4658 3145 4730 ὠφελίμου.
3186 4657 3397 4711 Αὐτίκα
3430 4656 3563 4726 γοῦν
3586 4659 3667 4720 εἰς
3702 4657 3835 4723 γόνυ

2238 4750 2444 4817 κλιθεὶς
2480 4752 2579 4806 καὶ
2610 4753 2745 4825 πρὸς
2811 4754 2916 4823 γῆν
2945 4753 3161 4825 ἐρείσας
3180 4753 3241 4808 τδ
3267 4753 3581 4825 πρόσωπον,
3605 4751 3838 4820 Εύλόγηο

2237 4841 2325 4895 σίν
2359 4843 2424 4913 δὴ
2450 4844 2540 4911 μὲ,
2574 4844 2779 4915 Πάτερ,
2801 4847 2988 4915 φησιν,
3019 4843 3130 4912 ἐγὼ
3152 4845 3205 4897 δέ
3246 4862 3329 4898 σοι
3360 4845 3450 4897 τοῦ
3475 4844 3646 4914 τάφου
3674 4843 3836 4898 τοῦδε

2238 4938 2453 5009 πρῶτος
2493 4938 2840 5005 ὲγκαινιστὸς
2892 4937 3113 5008 ἔσομαι.
3159 4938 3218 4993 '0
3257 4937 3358 5008 μὲν
3400 4932 3495 4991 οὖν
3533 4937 3678 5009 ᾔτει,
3715 4940 3743 4991 6
3773 4938 3834 4990 δὲ

2235 5030 2410 5086 ἐδίδου
2436 5047 2451 5061 ⁸
2484 5034 2581 5083 καὶ
2632 5032 2661 5083 6
2697 5030 2799 5100 μὲν
2849 5030 3024 5101 τάφος
3054 5026 3202 5100 εἶχεν
3253 5031 3442 5084 αὐτόν.
3488 5031 3743 5083 Ἐκέλευε
3774 5030 3833 5083 δὲ

2235 5124 2263 5179 6
2293 5123 2485 5195 Πατὴρ
2520 5123 2701 5177 πάντα
2721 5125 2809 5176 ἐπ’
2830 5123 2978 5194 αὗτῷ
3005 5126 3182 5178 ποιεῖν
3201 5124 3300 5175 ὅσα
3324 5124 3488 5194 νόμος
3510 5125 3570 5175 ἑν
3591 5124 3835 5176 τεθνεῶα

2236 5219 2324 5272 σίν
2360 5220 2512 5271 ἐστι·
2557 5218 2741 5289 τρίτα,
2783 5218 2949 5287 φημὶ,
2993 5216 3090 5270 καὶ
3133 5216 3352 5280 ἔννατα,
3382 5216 3480 5269 καὶ
3517 5214 3835 5278 ἀκολούθως

2232 5309 2297 5380 δὴ
2313 5308 2750 5381 τεσσαράκοστα.
2778 5308 2917 5378 Ἤδη
2941 5308 2999 5360 δὲ
3023 5307 3134 5360 τῶν
3158 5306 3621 5376 τεσσαρακοστῶν
3652 5306 3834 5375 πέρας

2234 5402 2478 5474 ἐχουσῶν
2506 5400 2572 5473 (ὢ
2610 5402 2729 5466 πῶς
2757 5401 2824 5455 ἂν
2856 5404 2884 5455 6
2914 5401 3072 5469 λόγος
3103 5400 3339 5471 δηλώσει
3367 5401 3430 5454 τὸ
3459 5401 3556 5452 καὶ
3579 5399 3703 5452 λίαν
3728 5400 3831 5468 μὲν

2230 5495 2450 5564 ἀληθὲς,
2517 5493 2639 5548 λίαν
2686 5494 2745 5547 δὲ
2808 5493 3167 5563 πιστευθῆναι
3217 5494 3307 5548 διὰ
3356 5494 3457 5563 τὴν
3519 5493 3830 5563 ὑπερϐολὴν
3872 5476 3877 5485 ’

2229 5586 2495 5657 δυσχερές
2521 5585 2561 5657 ;)
2596 5589 2623 5639 6
2655 5584 2938 5649 Βασίλειος
2964 5588 3101 5655 μήτε
3134 5585 3357 5657 πυρετῷ
3388 5586 3636 5656 ληφθεὶς,
3688 5590 3829 5655 μήτε

2229 5679 2474 5749 κεφαλὴν
2505 5679 2537 5748 ἢ
2564 5679 2692 5732 ἄλλο
2716 5695 2769 5730 τι
2796 5677 2906 5735 τῶν
2938 5678 3033 5731 τοῦ
3079 5679 3334 5748 σώματος
3369 5679 3553 5752 μερῶν
3582 5679 3829 5746 ἀλγήσας

2234 5772 2422 5841 ριηδὲι,
2451 5771 2641 5839 ὥσπερ
2681 5768 2851 5823 ὕπνον
2880 5770 3003 5824 τινὰ
3028 5771 3273 5840 μαλακὸν
3298 5775 3393 5825 καὶ
3424 5774 3643 5840 ἣδιστον
3682 5772 3825 5838 ἀφυ-

2232 5860 2475 5929 πνὼσας,
2521 5861 2660 5931 πρὸς
2701 5860 2908 5934 Κύριον
2942 5863 3221 5935 ὲξεδήμει,
3286 5860 3450 5920 ἆθλον
3491 5866 3591 5934 τῆς
3621 5862 3829 5934 ἀρετὴς
