4152 6424
323 399 431 463 L95

1268 390 1442 450 VlTA
1487 389 1547 449 S.
1592 387 2014 448 THEODOSII
2056 383 2652 446 CCENOBIARCHE.

3506 379 3618 446 486

330 517 427 572 καὶ
449 513 552 582 τῆς
595 507 697 562 τοῦ
736 504 1044 578 μεταϐῆναι
1078 500 1214 573 πρὸς
1242 501 1320 554 τὰ.
1343 503 1465 555 ἐκεῖ
1496 499 1833 572 προθυμίας.
1866 501 1930 554 Ὅ

2053 497 2265 569 [uodam
2294 504 2350 553 et
2370 497 2523 552 suavi
2572 509 2765 551 somno
2806 495 3036 568 sonitus,
3069 496 3305 550 excessit
3330 495 3396 550 ad
3429 494 3616 548 Domi-

330 604 425 661 τοῦ
453 603 530 675 μὴ
559 599 739 671 ἡδέως
772 596 922 667 ἐχειν
947 594 1084 666 πρὸς
1123 591 1195 646 τὰ
1227 590 1465 645 ἐνταῦθα
1509 590 1744 661 δήλωσις
1769 591 1927 663 ἀκρι-

337 698 456 770 ϐὴς,
487 694 552 748 τὸ
583 690 807 762 πρῶτος
860 683 1266 757 ἐμφανισθῆναι
1315 681 1455 753 Θεῷ,
1486 681 1586 736 καὶ
1629 681 1926 752 στεφθῆναι

335 788 554 861 πρῶτος
572 779 1046 850 ἀπενεγκάμενος,
1069 775 1213 830 ὥστε
1235 777 1331 829 καὶ
1353 775 1487 829 αὐτὸ
1505 776 1563 828 ἐν
1586 774 1761 845 τούτῳ
1785 792 1860 828 πα
1870 792 1930 846 ρ-

339 877 682 946 ευδοκιμεῖν
726 872 820 925 τὸν
851 867 1197 931 διδάσκαλον,
1228 866 1278 918 εί
1315 865 1483 935 μήπω
1529 862 1672 929 δόξει
1707 877 1930 932 περιερ-

331 972 564 1040 γότερον
597 965 662 1020 τὸ
706 962 925 1034 λεχθὲν,
953 958 1114 1029 είπερ
1143 956 1208 1028 δὴ
1241 955 1408 1027 μέγα,
1453 953 1595 1009 Θεοῦ
1634 952 1930 1025 πρόσωπον

333 1060 636 1135 ἡπίωςοκαὶ
663 1055 916 1128 εὐμενῶς
940 1051 1243 1126 ὁρώμενον.

416 1319 510 1392 ιη’.
559 1315 782 1372 Τούτων
837 1312 983 1369 οῦτω
1059 1310 1484 1379 τελειωθέντων,
1551 1309 1629 1380 τῷ
1683 1304 1932 1380 ’θαῦματι

339 1414 533 1485 θαῦμα
582 1413 887 1481 συνήπτετο
911 1425 927 1440 ·
963 1409 1378 1478 τεσσαράκοντα.
1406 1407 1518 1476 γὰρ
1564 1401 1764 1474 ἐφεξῆς
1788 1403 1933 1474 ἡμέ-

337 1525 451 1580 ρας
492 1507 636 1560 κατὰ
679 1503 777 1566 τὰς
815 1501 1107 1571 ἑσπερίους
1146 1498 1346 1571 ᾠδὰς,“
1391 1496 1597 1570 μεταξὺ
1653 1493 1746 1548 τοῦ
1789 1492 1932 1565 ίεροῦ

354 1600 468 1652 τῶν
511 1596 758 1669 μαθητῶν
786 1594 974 1665 χοροῦ,
1030 1594 1125 1646 καὶ
1157 1595 1186 1646 ό
1237 1591 1382 1655 θεῖος
1422 1583 1578 1654 οὗτος
1650 1586 1935 1650 Βασίλειος

355 1689 540 1752 ἑστὼς
583 1689 676 1741 καὶ
700 1687 933 1758 συνᾴδων
953 1683 1029 1755 τῷ
1061 1684 1280 1755 μεγάλῳ
1309 1681 1572 1752 Θεοδοσίῳ
1594 1679 1852 1734 ἐϐλέπετό
1875 1695 1935 1732 τε

355 1783 457 1835 καὶ
469 1781 711 1849 ἠκούετο.
732 1778 838 1830 Καὶ
858 1776 968 1831 τῶν
991 1775 1090 1847 μὲν
1105 1774 1282 1829 ἄλλων
1296 1773 1472 1836 οὐδεὶς
1487 1769 1825 1844 ἕτερος-οὗτε
1836 1769 1936 1840 τῆς

2029 606 2157 646 num
2189 589 2510 661 :praamium
2543 585 2782 650 virtutis,
2815 596 2869 640 et
2891 587 3016 641 illuc
3046 586 3310 656 migrandi
3352 586 3620 656 prompti:-

2030 682 2254 737 tudinis.
2276 679 2427 748 Quod
2445 679 2662 749 quidem
2696 685 2881 748 aperte
2907 677 3240 748 signiﬁcavit
3267 692 3389 734 cum
3407 691 3618 744 eorum,

2032 788 2156 843 quae
2210 773 2299 827 hic
2347 780 2493 836 sunt,
2527 782 2869 840 nequaquam
2913 769 3053 824 allici
3087 770 3362 839 voluptate
3391 788 3406 825 :
3441 779 3500 823 ut
3527 771 3622 838 qui

2035 864 2245 934 primus
2278 872 2336 917 ut
2368 871 2493 917 ante
2533 861 2701 915 Deum
2730 860 3040 923 sisteretur,
3076 869 3130 916 et
3156 861 3366 931 primus
3386 875 3624 916 corona-

2037 963 2210 1017 retur,
2238 953 2492 1021 elegerit;
2535 953 2671 1007 adeo
2700 961 2756 1005 ut
2800 953 2912 1022 ipse
2939 952 3040 1005 hac
3076 952 3126 1004 in
3160 964 3221 1006 re
3250 951 3468 1005 laudem
3504 967 3622 1002 ma-

2029 1047 2188 1118 gistri
2235 1046 2574 1114 superaverit
2636 1063 2650 1102 :
2711 1045 2812 1100 nisi
2865 1044 3003 1098 forte
3037 1043 3199 1097 nimis
3259 1043 3506 1098 videatur
3538 1057 3628 1096 cu-

2031 1139 2244 1195 riosum
2290 1139 2364 1204 id,
2401 1140 2546 1208 quod
2589 1136 2797 1192 dictum
2827 1146 2947 1206 est;
2983 1136 3254 1206 siquidem
3293 1150 3484 1205 magna
3541 1149 3629 1190 rcs

2031 1239 2140 1296 est,
2177 1231 2272 1286 Dei
2301 1230 2500 1286 faciem
2535 1229 2802 1300 placidam
2826 1244 2890 1282 ac
2939 1229 3225 1297 benignam
3266 1227 3484 1281 intueri.

2108 1319 2195 1375 18.
2213 1321 2308 1376 His
2333 1323 2412 1375 sic
2433 1319 2976 1390 perlectismtiraculo
3001 1319 3323 1374 miraculum
3343 1318 3628 1374 successit.

2029 1414 2400 1484 Quadraginta
2431 1413 2574 1467 enim
2602 1413 2858 1482 deinceps
2896 1413 3030 1475 dies,
3063 1412 3117 1466 in
3150 1413 3375 1466 canticis
3405 1426 3629 1480 vesper-

2031 1505 2165 1560 tinis
2198 1506 2340 1560 inter
2369 1519 2585 1558 sacrum
2611 1505 2835 1559 chorum
2867 1503 3258 1571 discipulorum
3292 1502 3380 1558 hic
3406 1503 3629 1557 divinus

2033 1613 2250 1668 quoque
2279 1608 2429 1652 stans
2493 1596 2755 1660 Basilius,
2786 1604 2840 1650 et
2870 1610 2974 1649 una
3008 1601 3238 1648 cantans
3262 1592 3632 1647 videbatur'et

2038 1691 2361 1745 audiebatur
2399 1703 2428 1742 a
2463 1704 2660 1757 magno
2683 1687 3012 1742 Theodosio.
3050 1686 3114 1738 Et
3151 1699 3215 1738 ex
3252 1685 3377 1738 aliis
3409 1685 3628 1752 quidem

2036 1779 2224 1835 nullus
2255 1778 2396 1834 alius
2443 1787 2538 1832 aut
2570 1792 2754 1832 vocem
2789 1776 3066 1840 audiebat,
3107 1785 3201 1830 aut
3224 1776 3365 1828 illius
3398 1774 3629 1830 formam

349 1874 540 1942 φωνῆς
586 1870 801 1925 ἁκούων
859 1869 986 1922 οῦτε
1018 1869 1116 1939 τὴν
1150 1868 1366 1939 μορφὴν
1416 1866 1628 1920 ἐκείνου
1675 1863 1945 1934 θεώμενος

2053 1872 2328 1927 cernebat.
2382 1870 2542 1925 Solus
2603 1877 2782 1923 autem
2825 1869 3048 1938 quidam
3099 1867 3308 1931 Actius,
3360 1867 3476 1934 {qui
3517 1865 3633 1935 ipse

349 1960 444 2036 ἦν.
490 1965 666 2026 Μόνος
683 1964 740 2017 δέ
766 1979 854 2026 τις
870 1961 1098 2024 Ἀέτιος.
1119 1960 1260 2030 ἀνὴρ
1278 1959 1372 2012 καὶ
1389 1957 1549 2020 αὐτὸς
1565 1958 1685 2010 κατ’
1699 1955 1842 2027 ἴχνος
1865 1954 1944 2025 τῷ

347 2055 657 2125 διδασκάλῳ
675 2051 992 2123 βαίνωνμαὶ
1006 2049 1257 2122 ,μαθητὴς
1277 2044 1418 2101 εἶναι
1429 2045 1705 2100 Θεοδοσίου
1723 2046 1822 2098 οὐκ
1837 2045 1945 2098 ἀπὸ

347 2147 445 2201 τοῦ
476 2148 546 2202 τὰ
577 2147 790 2200 ἐκείνου
820 2145 1021 2198 εἰδέναι
1044 2159 1102 2196 τε
1135 2143 1230 2195 καὶ
1253 2139 1565 2209 διηγεῖσθαι
1598 2139 1780 2209 μόνον,
1808 2137 1945 2190 ἀλλὰ

346 2241 460 2294 ἀπὸ
484 2238 581 2292 τοῦ
623 2237 910 2310 μιμεῖσθαι
940 2237 1138 2307 μᾶλλον
1177 2234 1524 2306 βουλόμενος,
1547 2233 1680 2303 όρᾷν
1711 2231 1809 2300 μὲν
1842 2228 1944 2282 οὐκ

347 2329 500 2404 εἶχεν
531 2333 717 2398 αὐτὸν,
745 2331 848 2400 τῆς
884 2329 940 2383 δέ
983 2329 1163 2398 φωνῆς
1219 2328 1439 2398 ἤκουεν,
1482 2326 1686 2396 Ἤρετο
1721 2319 1814 2376 οὖν
1852 2323 1943 2376 τὸν

339 2424 695 2488 διδάσκαλον,
745 2425 794 2474 εἰ
857 2422 953 2474 καὶ
977 2420 1143 2482 αὐτὸς
1196 2419 1298 2488 τῆς
1347 2416 1445 2471 τοῦ
1515 2415 1943 2486 τελευτήσαντος

354 2513 546 2567 ἀκούει
594 2512 779 2582 φωνῆς
806 2525 820 2539 ⁶
865 2514 892 2565 ὁ
919 2511 974 2564 δὲ
1017 2511 1111 2564 καὶ
1159 2508 1381 2562 ἀκούειν
1413 2506 1516 2578 ἔφη
1555 2523 1614 2560 σε
1648 2507 1742 2561 καὶ
1787 2507 1940 2577 όρᾷν,

356 2607 453 2660 καὶ
483 2605 562 2657 -εί
619 2603 864 2674 βούλοιτο
915 2603 1008 2656 καὶ
1039 2601 1186 2672 αὐτῷ
1238 2600 1404 2668 δείξει
1469 2600 1594 2652 καθ’
1633 2598 1693 2654 ὃν
1741 2599 1806 2652 ἃν
1841 2615 1944 2668 φα-

355 2695 476 2766 νείη
510 2697 724 2767 καιρόν.
769 2695 834 2748 ἰι
870 2696 967 2764 μὲν
999 2689 1090 2749 οὖν
1115 2693 1212 2758 νὺξ
1235 2691 1604 2763 ἐπελάμϐανε,
1637 2690 1732 2743 καὶ
1757 2692 1787 2760 ἡ
1815 2689 1942 2743 σύν-

357 2789 479 2854 αξις
538 2791 793 2854 ἐτελεῖτο,
862 2788 958 2842 καὶ
1003 2789 1032 2840 ὁ
1101 2784 1198 2839 τοῦ
1265 2783 1401 2838 Θεοῦ
1458 2784 1743 2854 ἄνθρωπος
1799 2781 1945 2852 ἑώρα

357 2881 526 2934 πάλιν
549 2878 798 2951 ἀκριϐῶς
820 2879 912 2932 τὸν
983 2877 1265 2932 Βασίλειον
1303 2878 1421 2941 τοῖς
1478 2876 1791 2946 ἱσταμένοις
1850 2875 1944 2928 καὶ

353 2973 550 3045 ᾄδουσι
599 2969 916 3024 συνεστῶτά
953 2987 1012 3022 τε
1042 2970 1139 3023 καὶ
1195 2969 1517 3041 συνᾴδοντα,
1578 2968 1670 3021 καὶ
1730 2967 1806 3036 τῷ
1847 2968 1945 3020 δα·

361 3064 546 3133 κτὺλῳ
605 3063 794 3117 τοῦτον
849 3062 928 3133 τῷ
978 3062 1171 3133 Ἀετίῳ
1232 3059 1617 3131 παραδεικνύς.
1675 3056 1808 3112 Εἶτα
1852 3059 1944 3112 καὶ

360 3157 530 3228 εὐχὴν
571 3155 876 3225 συνῆπτεν·
909 3153 1173 3220 Ἀνοιξον,
1200 3153 1391 3222 Κύριε,
1421 3152 1618 3220 λέγων,
1657 3151 1751 3205 καὶ
1787 3151 1942 3204 τοῦδε

2050 1977 2267 2033 quoque
2302 1961 2540 2031 magistri
2564 1961 2893 2032 sequebatur
2923 1959 3173 2028 vestigia,
3197 1965 3251 2012 et
3275 1959 3487 2013 volebat
3512 1971 3635 2012 esse

2050 2054 2347 2124 discipulus
2394 2053 2685 2108 Theodosii
2743 2066 2848 2107 non
2904 2068 2969 2107 ex
3018 2067 3086 2107 eo
3123 2052 3322 2113 solum,
3355 2051 3499 2121 quod
3548 2065 3635 2105 res

2049 2147 2194 2202 illius
2212 2158 2265 2201 et
2282 2147 2468 2211 sciret,
2502 2155 2556 2199 et
2587 2151 2871 2210 narraret,
2897 2145 2991 2198 scd
3020 2158 3144 2199 eum
3193 2142 3356 2197 etiam
3395 2141 3639 2194 imitare-

2051 2239 2160 2310 tur)
2197 2240 2373 2308 ipsum
2427 2237 2644 2307 quidem
2672 2238 2859 2291 videre
2914 2251 3023 2291 non
3057 2246 3292 2306 poterat,
3325 2235 3418 2288 sed
3446 2247 3635 2287 vocem

2049 2333 2324 2389 audiebat.
2351 2331 2578 2398 Rogavit
2604 2341 2783 2385 autem
2819 2331 3162 2400 magistrum,
3194 2345 3260 2383 an
3297 2330 3410 2398 ipse
3437 2326 3637 2381 mortui

2049 2443 2268 2500 quoque
2297 2443 2477 2482 vocem
2511 2427 2746 2480 audiret.
2776 2424 2865 2480 llle
2883 2439 3013 2480 vero
3042 2425 3178 2478 dixit
3204 2438 3263 2478 se
3302 2435 3357 2477 et
3384 2422 3568 2476 videre
3585 2428 3641 2473 et

2051 2521 2240 2576 audire
2261 2533 2285 2573 -:
2309 2527 2384 2584 et,
2420 2518 2464 2572 si
2500 2516 2682 2582 vellet,
2720 2530 2782 2570 se
2807 2517 2856 2571 ei
2888 2531 3009 2571 esse
3037 2525 3381 2569 ostensurum
3414 2528 3477 2566 eo
3507 2520 3642 2564 tem-

2048 2627 2204 2684 pore,
2225 2627 2332 2680 quo
2375 2611 2708 2679 apparuerit.
2737 2594 2914 2677 Atque
2970 2623 3073 2660 nox
3105 2606 3322 2675 quidem
3352 2601 3638 2666 successit,

2052 2715 2106 2761 et
2133 2705 2492 2775 peragebatur
2525 2711 2848 2765 conventus,
2881 2711 2937 2754 et
2967 2703 3127 2754 homo
3165 2699 3256 2752 Dei
3299 2712 3486 2751 rursus
3525 2695 3644 2764 pla-

2053 2815 2120 2854 ne
2148 2800 2364 2853 videbat
2397 2796 2652 2850 Basilium
2702 2809 2825 2850 cum
2858 2795 2946 2858 iis,
2999 2793 3089 2861 qui
3125 2790 3342 2846 stabant
3394 2801 3448 2843 et
3481 2801 3666 2841 cane-_

2054 2892 2209 2955 bant,
2265 2890 2427 2945 simul
2484 2898 2720 2943 stantem
2762 2897 2816 2941 et
2853 2893 3166 2948 canentem,
3219 2895 3451 2950 eumque
3474 2877 3644 2946 digito

2050 2983 2343 3038 ostendens
2396 2982 2591 3047 Actio,
2633 2993 2820 3050 preces
2879 2989 3092 3048 quoque
3145 2974 3349 3028 addidit
3407 2971 3643 3040 :Apcri,

2053 3075 2302 3139 Domine,
2366 3074 2571 3137 dicens,
2626 3073 2786 3143 liuius
2820 3085 3038 3141 quoque
3103 3068 3310 3134 oculos,
3349 3075 3404 3120 et
3465 3064 3648 3118 videat

2054 3166 2158 3220 hoc
2207 3179 2417 3234 quoque
2466 3178 2716 3233 maguum
2768 3173 2982 3216 tuorum
3030 3174 3254 3229 operum
3297 3156 3637 3228 mysterium.

358 3253 488 3313 τοὺς
515 3249 858 3318 ὀφθαλμοὺς,
888 3249 983 3300 καὶ
1027 3248 1181 3302 ἰδέτω
1217 3263 1310 3300 σου
1358 3246 1419 3300 τὸ
1453 3246 1596 3316 μέγα
1639 3240 1810 3298 ’τοῦτο
1841 3244 1948 3298 τῶν

2053 3252 2186 3308 Cum
2223 3255 2266 3308 is
2305 3265 2484 3307 autem
2528 3253 2713 3308 statim
2746 3253 2977 3308 vidisset
3012 3260 3066 3306 et
3109 3250 3444 3319 agnovisset,
3486 3258 3650 3316 atque

364 3343 625 3416 μεγάλων
650 3342 829 3415 ἔργων
862 3342 1182 3412 μυστήριον.
1215 3339 1322 3395 Τοῦ
1356 3339 1413 3394 δὲ
1447 3340 1648 3394 αὐτίκα
1679 3339 1948 3410 θεασαμέ-

2059 3347 2222 3401 etiam
2276 3346 2626 3410 accurrisset,
2654 3355 2708 3400 et
2762 3361 2872 3414 prae
2903 3345 3174 3400 desiderio
3205 3357 3327 3396 eum
3363 3340 3649 3410 complecti

365 3453 458 3489 νου
482 3437 581 3486 καὶ
608 3433 950 3501 ἐπιγνόντος,
981 3432 1117 3502 πρὸς
1137 3431 1195 3485 δὲ
1247 3433 1345 3486 καὶ
1403 3431 1803 3504 ἐπιδραμόντος
1863 3431 1948 3485 καλ

2065 3437 2346 3501 voluisset,
2376 3436 2605 3492 Basilius
2629 3452 2734 3491 non
2764 3437 2937 3492 solum
2965 3435 3296 3505 apprehendi
3316 3450 3420 3488 non
3449 3433 3648 3503 putuit,

366 3527 692 3600 περιϐαλεῖν
734 3527 800 3580 ἐκ
848 3525 944 3578 τοῦ
1000 3525 1167 3577 πόθου
1215 3525 1561 3596 θελήσαντος,
1600 3526 1628 3578 ὁ
1676 3524 1948 3590 Βασίλειος

2056 3533 2150 3588 sed
2185 3533 2347 3586 etiam
2392 3534 2629 3598 evanuit,
2663 3544 2784 3587 cum
2841 3533 3072 3587 dixisset
3105 3532 3225 3586 aliis
3277 3531 3650 3594 audientibus,

367 3623 469 3676 οὐκ
494 3621 758 3683 ἄλειπτος
813 3619 997 3688 μόνον,
1028 3617 1144 3671 ἀλλ’
1196 3617 1300 3690 ήδη
1335 3619 1428 3672 καὶ
1466 3619 1679 3690 ἀφανὴς
1718 3615 1808 3691 ἦν,
1837 3618 1948 3672 τοῦ-

2070 3623 2221 3678 Salvi
2249 3634 2444 3688 estote,
2477 3640 2510 3680 ο
2549 3624 2742 3680 Patres
2779 3635 2835 3677 et
2881 3625 3106 3688 fratres,
3147 3624 3282 3678 εειιιί
3315 3632 3487 3678 estote
3520 3637 3534 3674 :
3567 3636 3654 3675 me

365 3731 431 3768 το
480 3715 565 3776 εἰς
618 3712 792 3775 ἀκοὰς
846 3708 1123 3782 είρηκώς’
1176 3709 1468 3776 Σώζοισθε,
1505 3705 1550 3764 ὦ
1587 3711 1828 3781 Πατέρες
1863 3712 1948 3764 κα]

2072 3724 2250 3769 autem
2283 3718 2349 3768 de
2365 3724 2563 3769 caetero
2587 3715 2975 3769 nonwidebitis
3006 3715 3259 3782 amplius.
3290 3714 3650 3779 Quamobrem

373 3807 622 3875 ἀδελφοὶ,
655 3804 940 3871 σῴζοισθε,
991 3805 1091 3875 ἐμὲ
1117 3805 1174 3859 δὲ
1202 3804 1399 3875 ὄψεσθε
1423 3805 1483 3858 τὸ
1527 3804 1715 3859 λοιπὸν
1752 3806 1948 3872 om“,

2060 3809 2113 3864 id
2141 3809 2285 3878 quod
2317 3823 2345 3862 a
2373 3806 2592 3862 Christo
2623 3808 2826 3863 dictum
2855 3806 2960 3861 fuit
3005 3807 3058 3860 in
3105 3806 3413 3876 Evangeliis
3468 3821 3482 3858 :
3546 3804 3650 3869 Qui

381 3897 531 3950 ὥστε
553 3897 615 3949 τὸ
642 3898 739 3951 ὑπὸ
761 3895 1002 3969 Χριστοῦ
1029 3896 1218 3967 λεχθὲν
1263 3897 1322 3950 ἐν
1363 3897 1713 3968 Εὐαγγελίῳ·
1767 3896 1828 3949 '0
1861 3911 1948 3949 ττι⁴

2059 3901 2227 3953 credit
2261 3901 2314 3952 in
2363 3914 2465 3964 me,
2503 3899 2712 3952 etiamsi
2743 3910 2982 3952 mortuus
3011 3897 3195 3966 fuerit,
3225 3899 3355 3949 vivet
3386 3896 3430 3960 ⁸,
3469 3905 3656 3949 osten-

387 3987 629 4042 στεύων
654 3988 874 4058 είςέμὲ,
907 3987 1025 4042 κᾶν
1069 3987 1364 4060 ἀποθάνῃ,
1417 3987 1677 4055 ζήσεται,
1722 3988 1948 4042 δείκνυσι

2064 3991 2142 4044 dit
2189 3990 2240 4044 id
2287 3991 2427 4058 quod
2477 3989 2676 4044 factum
2725 3990 2845 4055 fuit,
2890 4005 3013 4046 esse
3046 3989 3389 4044 verissimum
3445 3999 3499 4045 et
3551 3992 3654 4045 tide

387 4080 451 4133 τὸ
482 4078 718 4152 πραχθὲν
749 4081 1116 4152 ἀληθέστατον
1158 4080 1294 4152 ὁμοῦ
1326 4080 1422 4134 καὶ
1465 4081 1807 4136 πιστότατον.

2068 4083 2474 4151 dignissimum.

1854 4237 2083 4292 CAPUT
2119 4237 2181 4295 V.

1549 4361 1777 4416 Annona
1801 4361 1848 4415 ei
1875 4361 2128 4416 divinitus
2150 4359 2432 4417 submissa.

448 4473 539 4529 ιθ’.
579 4473 752 4528 Τοῦτο
801 4475 1016 4548 πρῶτον
1045 4475 1330 4531 Θεοδοσίου
1363 4476 1464 4547 τῆς
1516 4477 1718 4547 ἀρετῆς
1765 4476 1948 4549 μαρτύι

2139 4480 2228 4535 19.
2253 4477 2366 4534 Hoc
2403 4478 2504 4533 fuit
2544 4477 2776 4548 primum
2812 4477 3181 4533 testimonium
3231 4474 3450 4529 virtutis
3476 4473 3629 4527 Theo

375 4584 535 4637 ριον·
576 4565 831 4637 δεύτερον
858 4567 913 4620 δὲ
955 4569 1050 4621 ἐπὶ
1099 4567 1272 4639 τούτῳ
1321 4567 1608 4632 διεξελθεῖν
1654 4567 1756 4638 ἠδη
1801 4571 1829 4621 ὁ
1879 4567 1948 4620 λό·

2073 4573 2237 4628 dosii.
2277 4569 2586 4628 Secundum
2612 4583 2794 4626 autem
2828 4587 2944 4625 mea
2968 4571 3080 4640 jam
3114 4567 3220 4622 vult
3251 4565 3499 4636 persequi
3536 4584 3661 4625 ora.

378 4673 478 4723 γος
550 4654 829 4724 βούλεται,
881 4655 1003 4709 κατ’
1049 4656 1243 4710 οὐδένα
1293 4656 1496 4728 τρόπον
1547 4657 1642 4710 τοῦ
1696 4657 1965 4727 προτέρου

373 4747 729 4817 λειπόμενον.
790 4746 982 4818 Ἐορτὴ
1019 4743 1108 4819 ἦν,
1137 4749 1234 4802 καὶ
1267 4749 1470 4820 ἑορτῶν
1497 4751 1530 4820 ή
1563 4747 1753 4820 πρώτη
1791 4766 1851 4802 τε
1873 4748 1966 4802 καὶ

377 4842 572 4911 κυρία,
629 4839 762 4892 αὐτὸ
791 4842 934 4910 φημὶ
977 4841 1038 4892 τὸ
1081 4841 1296 4911 Πάσχα,
1335 4844 1368 4912 ὴ
1402 4841 1496 4895 τοῦ
1523 4841 1659 4910 ἐμοῦ
1698 4839 1960 4910 Χριστοῦ,

381 4929 494 4998 ἐμὴ
529 4929 587 4982 δὲ
643 4929 848 4998 μᾶλλον
911 4931 1090 4982 εἰπεῖν
1145 4931 1444 4996 ἀνάστασις
1501 4933 1598 4985 καὶ
1645 4931 1970 4996 ἀνάπλασις.

382 5020 500 5090 Τῆς
547 5021 704 5090 ίερᾶς
741 5019 838 5074 οὖν
866 5022 1060 5086 νυκτὸς
1081 5024 1115 5093 ἠ
1149 5021 1249 5092 μὲν
1293 5023 1502 5094 ἑσπέρα
1539 5023 1741 5094 παρῆν,
1774 5027 1886 5087 τοῖς
1917 5023 1974 5077 δὲ

383 5104 674 5182 φοιτηταῖς
704 5115 784 5177 είς
818 5112 1021 5185 βρῶσιν
1063 5113 1172 5167 τῶν
1198 5115 1514 5184 ἀναγκαίων
1539 5117 1693 5170 οὐδὲν
1735 5113 1824 5187 ἦν,
1875 5117 1973 5170 οὐκ

382 5205 577 5278 ἄρτος,
613 5209 712 5260 οὐκ
741 5207 942 5273 ἔλαιον,
986 5207 1090 5262 οὐκ
1129 5207 1257 5264 ἄλλο
1305 5227 1357 5263 τι
1415 5210 1523 5263 τῶν
1554 5209 1831 5279 ἐδωδίμων
1875 5211 1968 5264 οὐ·

380 5304 496 5357 δέν.
581 5302 640 5358 Ὀ
675 5304 776 5374 μὲν
806 5301 898 5362 οῦν
926 5305 1035 5358 τῶν
1079 5303 1339 5375 μαθητῶν
1372 5302 1531 5374 χορὸς
1574 5300 1762 5370 ὥσπερ
1825 5303 1972 5363 εἰκὸς

383 5393 607 5465 ἤχθετο,
642 5395 850 5449 δώδεκα
881 5397 982 5467 ἠδη
1018 5396 1110 5450 τὸν
1153 5394 1385 5467 ἀριθμὸν
1443 5394 1622 5456 ὄντες·
1673 5393 1870 5463 ἧχθετο
1915 5395 1972 5446 δὲ

384 5488 487 5557 οὐχ
536 5485 680 5562 ὑπὲρ
744 5488 956 5541 ἑαυτῶν
993 5488 1178 5558 μόνον,
1221 5488 1338 5540 ἀλλ’
1391 5489 1472 5541 ὅτι
1517 5487 1651 5558 μηδὲ
1682 5485 1776 5539 τοῦ
1809 5502 1971 5556 προσ-

395 5579 698 5650 θεωμένου
756 5581 837 5643 εἰς
867 5579 1063 5633 θυσίαν
1091 5581 1260 5652 ἄρτου
1326 5579 1577 5643 ὑπόντος,
1624 5577 1820 5631 ἄθυτον
1873 5578 1970 5630 αὐ-

392 5671 500 5733 τοῖς
528 5669 592 5723 τὸ
620 5670 962 5743 Πάσχα,καὶ
1017 5670 1273 5742 σώματος
1327 5670 1421 5724 τοῦ
1477 5667 1744 5741 Χριστοῦ,
1805 5670 1974 5741 χωρὶς

462 5830 487 5864 ⁸
531 5829 695 5886 Joan.
763 5846 848 5900 τι,
911 5832 1004 5887 25.

2075 4657 2170 4723 tio,
2195 4659 2336 4728 quod
2372 4659 2537 4727 priori
2588 4659 2734 4715 nullo
2782 4660 2940 4715 modo
2981 4669 3063 4714 est
3112 4661 3357 4715 interius.
3393 4660 3518 4717 Dies
3542 4671 3661 4718 erat

2073 4751 2266 4816 festus,
2296 4761 2350 4806 et
2399 4751 2658 4808 lestorum
2713 4755 2955 4808 omnium
2991 4753 3197 4822 primus
3231 4762 3281 4807 et
3333 4755 3659 4822 prmcipnus,

2073 4842 2272 4910 ipsum,
2307 4843 2551 4913 inquam,
2617 4842 2846 4907 Pascha,
2895 4844 2997 4896 mei
3048 4841 3272 4908 Christi,
3300 4845 3380 4897 vel
3421 4859 3537 4897 mea
3563 4858 3661 4912 po-

2074 4935 2178 4990 tius
2203 4936 2604 4989 resurrectioet
2640 4931 2978 4986 reformatio.
3030 4933 3213 4987 Sacrae
3253 4943 3433 4986 autem
3484 4938 3660 4990 noctis

2069 5024 2489 5095 aderatquidem
2513 5038 2738 5091 vespera
2771 5039 2784 5076 :
2819 5023 2888 5076 iis
2918 5030 3095 5075 autem
3120 5060 3133 5085 ,
3164 5022 3253 5090 qui
3295 5021 3360 5075 ad
3392 5035 3514 5075 eum
3540 5036 3665 5077 ven-

2072 5119 2325 5185 titabant,
2367 5117 2500 5173 nihil
2528 5125 2645 5171 erat
2673 5130 2885 5178 eorum,
2913 5129 3034 5184 quae
3063 5124 3191 5169 sunt
3231 5118 3296 5169 ad
3329 5115 3656 5169 vescendum

2073 5210 2408 5274 necessaria,
2443 5223 2547 5263 non
2571 5207 2745 5277 panis,
2765 5221 2869 5260 non
2928 5206 3129 5270 oleum,
3165 5221 3268 5261 non
3305 5204 3504 5273 aliquid
3522 5202 3667 5258 aliud

2079 5309 2195 5356 erat
2227 5317 2293 5356 ex
2337 5300 2424 5366 iis,
2472 5315 2592 5368 qua:
2621 5309 2747 5351 sunt
2773 5302 3068 5354 esculenta.
3103 5300 3280 5368 Atque
3323 5299 3520 5352 choros
3549 5294 3668 5365 qui-

2081 5395 2199 5447 dem
2233 5391 2626 5462 discipulorum
2675 5405 2817 5459 a'gre
2869 5389 3094 5454 ferebat,
3132 5399 3191 5444 ut
3227 5399 3308 5443 est
3347 5387 3662 5452 verisimile,

2081 5487 2170 5556 qui
2213 5487 2326 5557 jam
2358 5495 2520 5539 erant
2551 5499 2776 5538 numero
2829 5483 3113 5538 duodecim
3159 5502 3172 5537 :
3219 5499 3363 5552 aegre
3416 5481 3668 5538 ferebant

2082 5588 2259 5633 autem
2287 5593 2394 5632 non
2427 5593 2524 5647 pro
2550 5593 2608 5631 se
2635 5585 2880 5640 tantum,
2915 5575 3009 5629 sed
3065 5577 3209 5644 quod
3245 5591 3364 5630 cum
3401 5575 3515 5645 jam
3560 5589 3670 5629 non

2082 5672 2294 5724 adesset
2329 5670 2508 5739 panis,
2542 5667 2635 5738 qui
2663 5665 2950 5722 oll'erretur
2968 5667 3035 5721 ad
3067 5667 3420 5732 sacriﬁcium,
3451 5676 3570 5723 erat
3590 5666 3671 5720 eis
