4152 6402
410 374 528 445 ίεθ

1351 367 1529 431 VITA
1570 365 1632 427 S.
1674 355 2097 425 THEODOSII
2134 356 2741 422 C(ENOBIARCHIE.
3372 360 3400 401 θ

3595 356 3706 427 ἐξ.)

409 493 519 565 ἤδη
549 486 874 560 δεδήλωται,
903 483 1117 548 τούτοις
1141 478 1381 554 ἐχρῶντο
1408 476 1505 533 τοῦ
1563 477 1757 548 πεινᾷν
1822 490 2001 545 παρα.

2111 480 2264 537 rent,
2308 484 2373 527 ea
2425 484 2547 542 quae
2611 458 2891 528 restabant
2941 484 3067 528 ossa
3106 470 3434 545 coquebant,
3486 485 3547 531 ut
3588 478 3707 549 jam

418 581 639 652 μύθιον.
690 577 883 640 οὕτως
942 576 1143 631 ἐκεῖνοι
1205 572 1494 643 ἄνθρωπον
1551 569 1638 623 ἀεὶ
1699 566 1761 621 τὸ
1819 565 2004 619 λαθεῖν

412 671 763 734 σπεύσαντα,
804 667 967 738 δῆλον
988 663 1250 735 γενέσθαι
1272 662 1360 717 διὰ
1399 660 1768 732 μικροψυχίαν
1823 657 2002 728 ὴνάγ·

410 764 607 827 καζον,
639 760 736 816 καὶ
762 758 855 812 τὸν
888 759 970 822 εἰς
1002 755 1137 810 Θεὸν
1157 754 1381 824 τρέπειν
1402 750 1719 823 ὀφθαλμοὺς
1757 748 2005 818 εἰθισμέ-

410 873 506 911 νον
527 854 669 926 πρὸς
701 847 1033 923 ἀνθρώπους
1065 848 1283 919 ὀρέγειν
1305 846 1493 917 χεῖρας
1551 841 1796 911 ἀγεννῶς
1845 840 2006 912 ἠπει-

409 964 532 1016 γον,
592 948 756 1015 χεῖρα
805 939 912 1013 τὴν
961 936 1329 1007 ἀνοιγομένην
1356 933 1720 998 ἀπολιπόντα,
1753 930 1851 986 καὶ
1889 932 2003 985 πᾶν

413 1037 558 1103 ζῶον
580 1033 833 1096 εὐδοκίας
857 1028 1311 1100 ἀποπληροῦσαν,
1339 1026 1504 1081 οἱονεὶ
1535 1025 1800 1079 στένωσιν
1828 1024 2002 1095 αὐτῆς

411 1128 446 1201 ἢ
489 1125 850 1199 μικρολογίαν
877 1121 938 1177 τύ
960 1139 1025 1192 γε
1049 1121 1147 1176 νῦν
1174 1120 1299 1191 ἔχον
1336 1118 1751 1188 κατεγνωκότα.
1801 1116 1867 1170 Οἱ
1903 1115 2003 1187 μὲν

410 1216 510 1274 οὖν
536 1217 809 1290 ἠθύμουν,
843 1217 873 1269 ὁ
895 1214 952 1268 δὲ
985 1211 1271 1284 παραινῶν
1302 1211 1491 1282 ἠρέμα
1517 1226 1531 1241 ’
1560 1209 1667 1275 τίς,
1687 1208 1866 1279 ἔλεγε,
1892 1208 2002 1263 τῶν

412 1311 641 1366 πώποτε
678 1308 965 1381 θαρρήσας
1019 1305 1140 1377 Θεῷ
1180 1306 1347 1376 μέχρι
1395 1303 1596 1367 παντὸς
1635 1302 2000 1374 κατελείφθης

415 1405 490 1458 Ἦ
519 1404 603 1465 τίς
635 1399 938 1470 ὑπομείνας
959 1398 1123 1451 αὑτὸν
1145 1398 1223 1461 είς
1245 1395 1399 1459 τέλος
1467 1395 1527 1448 οὐ
1551 1394 2001 1465 παρακέκληται;

418 1499 520 1559 Ὃς
546 1492 940 1566 μεθύει’πᾶσαν
966 1489 1146 1562 ψυχὴν
1170 1488 1436 1559 διψῶσαν.
1489 1487 1760 1559 Ἱερεμίας
1783 1490 1812 1542 ὁ
1861 1487 2005 1552 θεῖος

418 1587 629 1653 λεγέτω
668 1583 787 1655 μεθ’
823 1581 984 1653 ἡμῶν
1038 1579 1237 1646 ταῦτα,
1273 1579 1369 1633 καὶ
1407 1579 1596 1633 πᾶσαν
1636 1577 1817 1650 ψυχὴν
1880 1594 2003 1632 πει-

429 1677 613 1729 νῶσαν
632 1674 1034 1746 ὶμπίμπλησιν,
1053 1672 1114 1738 ὃς
1139 1671 1623 1745 έτοιμάξεικόραξι
1648 1671 1874 1744 βορρᾶν,
1907 1670 2004 1724 καὶ

421 1769 543 1829 τοις
568 1767 804 1828 νεοσσοῖς
834 1764 945 1818 τῶν
997 1762 1275 1833 κοράκων,
1330 1762 1420 1816 ἵνα
1439 1762 1536 1815 καὶ
1586 1760 1708 1815 Ἰὼϐ
1754 1758 1873 1829 ἅμα
1905 1758 2002 1813 καὶ

2109 565 2315 620 dictum
2348 574 2457 631 est,
2485 571 2542 620 et
2587 564 2670 620 eis
2697 563 2992 620 utebantur
3019 566 3087 620 ad
3110 565 3272 622 famis
3301 567 3576 631 solatium.
3611 566 3707 625 Sic

2106 671 2237 726 ergo
2260 655 2336 711 illi
2368 657 2776 727 ltomiuent,qui
2805 671 3022 727 semper
3047 657 3218 715 latere
3245 660 3550 724 studuerat.
3587 676 3709 717 ma-

2108 746 2368 802 nifestum
2427 746 2546 802 fieri
2603 750 2876 819 cogebant
2908 756 3131 819 propter
3180 751 3435 818 pusillum
3460 766 3621 807 suum
3648 762 3707 807 et

2107 837 2382 908 abiectum
2408 839 2651 895 animum
2692 856 2709 894 :
2767 849 2822 895 et
2875 855 3024 907 eum,
3068 844 3160 912 qui
3210 844 3275 897 ad
3308 843 3474 897 Deum
3517 846 3709 902 oculos

2107 941 2431 987 convertere
2462 941 2844 999 consueverat,
2876 933 3164 1002 urgebant,
3197 942 3257 988 ut
3306 935 3539 1004 turpiter
3588 953 3707 990 ma.

2107 1038 2211 1079 nus
2261 1023 2566 1094 porrigeret
2606 1023 2941 1091 hominibus,
2977 1024 3168 1081 relicta
3229 1042 3392 1082 manu
3448 1042 3567 1098 quae
3622 1040 3708 1086 est

2104 1122 2315 1185 aperta,
2345 1124 2399 1170 et
2420 1115 2609 1187 implet
2635 1130 2799 1171 omne
2833 1112 3039 1171 animal
3092 1117 3497 1183 benedictione,
3525 1130 3583 1174 ιιι
3609 1124 3705 1191 qui

2105 1220 2226 1260 eam
2270 1220 2392 1262 esse
2435 1214 2720 1276 angustam
2749 1205 2835 1261 vel
2873 1220 3095 1275 parcam
3135 1222 3202 1263 uc
3252 1208 3531 1263 sordidam
3559 1209 3711 1277 judio

2105 1305 2279 1352 casset
2301 1297 2356 1351 in
2387 1297 2696 1365 prmsentia.
2728 1298 2930 1369 Atque,
2949 1299 3025 1355 illi
3056 1300 3276 1368 quidem
3301 1312 3461 1357 erant
3495 1305 3703 1358 tristes.

2110 1385 2162 1441 is
2186 1401 2315 1443 vero
2333 1401 2430 1442 eos
2456 1388 2659 1443 sensim
2682 1389 3005 1445 admonens:
3033 1390 3189 1457 Quis,
3217 1390 3415 1455 aiebat.
3434 1408 3500 1446 ex
3528 1393 3594 1448 iis
3611 1396 3704 1464 qui

2106 1477 2163 1532 in
2199 1478 2312 1535 Deo
2336 1479 2524 1535 conlisi
2550 1491 2698 1546 sunt,
2729 1481 2955 1536 omnino
2980 1491 3065 1536 est
3081 1482 3377 1538 derelictus
3403 1484 3427 1537 Y
3457 1485 3528 1539 At
3557 1488 3702 1554 quis,

2104 1573 2195 1642 qui
2251 1572 2427 1642 ipsum
2464 1572 2533 1628 ad
2593 1572 2756 1628 linem
2789 1586 2965 1643 usque
3004 1573 3283 1636 sustinuit,
3341 1589 3448 1629 non
3496 1579 3708 1646 accepit

2105 1663 2535 1719 consolationem
2559 1663 2585 1718 ’ί
2632 1664 2736 1731 Qui
2761 1664 2998 1719 inebriat
3023 1679 3240 1719 omnem
3268 1666 3543 1721 sitientem
3575 1667 3704 1721 ani-

2107 1768 2272 1808 mam.
2333 1754 2463 1810 Haec
2515 1755 2800 1811 nobiscum
2821 1756 2970 1812 dicat
3008 1756 3226 1811 divinus
3261 1754 3528 1814 Jeremias
3573 1774 3586 1810 :
3634 1757 3702 1812 Et

352 1926 363 1931 _
415 1859 514 1913 τὸν
537 1858 679 1912 θεῖον
709 1856 873 1912 Δαυτδ
912 1855 1123 1925 εἰσάγω
1180 1854 1728 1926 συμφθεγγομένους.
1777 1851 2003 1920 Γνῶμεν

2111 1862 2313 1901 omnem
2342 1848 2652 1903 esurientem
2684 1848 2863 1918 implet
2923 1849 3160 1903 animum
3177 1849 3222 1904 ⁸.
3253 1850 3383 1917 lQui
3437 1863 3704 1926 prwparqt

414 1952 547 2005 ὅσον
569 1950 633 2003 τὸ
661 1949 868 2019 μεταξὺ
904 1947 1256 2019 ἀνθρωπίνης
1281 1946 1539 2017 σπουδῆς,
1597 1944 1692 2000 καί⁵
1746 1942 2007 2016 προνοίας

415 2040 543 2095 ἐστὶ
569 2040 763 2110 θεῖκῆς
799 2038 961 2110 μέχρι
990 2036 1223 2091 καὶτῶν
1277 2037 1526 2107 ἐσχάτων
1583 2036 1851 2107 ἡκούσης,
1910 2034 2007 2088 καὶ⁴

412 2131 681 2201 εἰσόμεθα
708 2131 854 2194 ὅπως
884 2130 980 2183 καὶ
1005 2122 1081 2184 ὧν
1106 2128 1327 2192 ἑκόντες
1355 2128 1444 2183 διὰ
1482 2128 1723 2200 Χριστὸν
1770 2127 2010 2200 ἀπέστη.

413 2237 545 2292 μεν,
576 2219 787 2276 τούτων
815 2220 968 2285 αὖθις
1000 2220 1142 2277 κατὰ
1169 2219 1409 2292 Χριστοῦ
1461 2220 1720 2293 πρόνοιαν
1768 2220 2007 2290 δαψιλῶς

413 2312 828 2386 ἀπολαύσομεν.
1152 2300 1171 2321 ’

490 2579 598 2653 κβ’.
639 2581 827 2637 Ταῦτα
866 2578 1011 2648 εἷπε,
1052 2582 1147 2636 καὶ
1190 2582 1310 2654 μετ’
1351 2582 1534 2653 ὀλίγον
1574 2577 1896 2653 ἀνεφαίνετο
1922 2598 2008 2650 τις

416 2672 564 2737 ζῶον
602 2673 752 2742 ἄγων
796 2673 1251 2744 πεφορτισμένον.
1292 2673 1490 2746 ’Δπῄει
1534 2673 1592 2728 δὲ
1637 2675 1699 2729 ού
1734 2676 1874 2748 πρὸς
1909 2656 2008 2748 τὴν

416 2764 518 2819 τοῦ
560 2764 818 2834 Μεγάλου
860 2765 1055 2837 μονὴν,
1085 2765 1224 2820 ἀλλά
1257 2767 1460 2831 σκοπὸς
1486 2764 1638 2838 αὐτῷ
1673 2766 1880 2840 ταύτην
1906 2767 2008 2838 μὲν

418 2858 741 2930 παρελθεῖν,
785 2858 1022 2931 ἀλλαχοῦ
1069 2858 1128 2914 δέ
1169 2876 1275 2915 που
1305 2859 1629 2917 καταθεῖναι
1659 2859 1754 2916 τὸν
1781 2861 2006 2933 φόρτον.

427 2950 523 3015 Ὠς
552 2950 611 3005 δὲ
644 2951 877 3025 πλησίον
920 2953 1023 3026 ήδη
1062 2953 1164 3026 τῆς
1202 2953 1375 3025 μονῆς
1412 2949 1503 3027 ἦν,
1548 2954 1645 3009 καὶ
1685 2953 1890 3010 ἄκοντα
1915 2954 2008 3009 τὸν

417 3043 593 3115 ἀνδρα
622 3045 685 3105 τὸ
718 3044 1013 3116 ὑποζύγιον
1041 3045 1187 3118 ἵστη,
1212 3047 1308 3101 καὶ
1334 3046 1537 3111 πολλὰς
1566 3049 1633 3118 τῇ
1664 3047 1894 3117 μάστιγι
1918 3050 2008 3103 ὲν·-

2104 1939 2275 1993 corvis
2295 1939 2490 2005 cibum,
2524 1949 2572 1994 et
2614 1940 2778 2010 pullis
2823 1956 3140 2007 corvorum;
3177 1950 3237 1995 ut
3262 1940 3364 1997 Joh
3393 1958 3610 2013 quoque
3650 1951 3707 1999 et

2108 2033 2352 2089 divinum
2402 2034 2572 2091 David
2604 2036 2945 2093 introducam
2988 2037 3151 2093 simul
3198 2038 3489 2109 loquentes
3517 2040 3561 2094 '.
3594 2039 3701 2097 Co-

2107 2146 2430 2200 gnoscamus
2483 2140 2744 2203 quantum
2792 2133 3021 2190 interest
3074 2134 3221 2189 inter
3258 2135 3554 2189 humanum
3582 2144 3703 2191 stu-

2107 2221 2256 2277 dium
2281 2232 2337 2278 et
2367 2222 2607 2279 divinam
2638 2223 3057 2294 providentiam,
3082 2240 3204 2295 quae
3224 2227 3484 2296 pertingit
3531 2243 3706 2298 usque

2107 2311 2176 2367 ad
2207 2320 2454 2367 extrema
2483 2328 2498 2367 :
2524 2320 2580 2369 et
2611 2313 2871 2379 sciemus,
2928 2315 3387 2384 quemadmodum
3410 2314 3478 2370 iis
3507 2317 3701 2383 etiam,

2110 2419 2234 2474 quae
2312 2413 2536 2475 propter
2626 2405 2904 2463 Christum
2997 2407 3282 2462 lubenter.
3330 2406 3652 2476 reliquimus
3681 2445 3700 2472 ,
3788 2408 3795 2413 ’

2108 2497 2289 2553 divina
2325 2514 2513 2554 rursus
2543 2499 2882 2569 providentia
2897 2499 3113 2554 abunde
3133 2498 3414 2567 etcopiose
3445 2498 3704 2555 fruimur.

2175 2592 2269 2650 2‘2.
2301 2592 2428 2648 llatc
2452 2592 2610 2657 dixit,
2643 2605 2698 2648 et
2732 2591 2896 2663 paulo
2915 2600 3036 2662 post
3065 2584 3316 2661 apparuit
3344 2592 3706 2661 quidam,du¢

2110 2699 2240 2740 cens
2271 2685 2475 2739 animal
2508 2694 2786 2739 onustum.
2828 2685 2947 2740 lbat
2989 2695 3171 2740 autem
3226 2700 3335 2740 non
3384 2685 3454 2740 ad
3516 2685 3703 2755 magni

2110 2777 2404 2833 Theodosii
2442 2776 2870 2844 monasterium;
2921 2776 3017 2831 sed
3040 2790 3238 2845 scopus
3265 2776 3483 2845 quidem
3505 2786 3625 2832 erat
3650 2778 3704 2832 ei

2112 2867 2161 2921 id
2193 2866 2448 2931 transire,
2490 2881 2629 2920 onus
2671 2875 2856 2920 autem
2897 2866 2950 2919 in
2999 2864 3186 2935 aliquo
3231 2864 3339 2920 alio
3365 2864 3486 2920 loco
3534 2864 3702 2935 depo-

2111 2972 2260 3016 nere.
2317 2957 2608 3027 Postquam
2678 2972 2808 3012 vero
2876 2956 2976 3012 iuit
3012 2956 3144 3027 'jam
3223 2971 3389 3027 prope
3431 2967 3705 3014 monaste-

2111 3051 2249 3105 rium
2276 3089 2292 3116 ,
2361 3050 2448 3105 vel
2501 3050 2729 3104 invitum
2772 3051 2947 3104 virum
2991 3050 3135 3105 sistit
3162 3050 3471 3120 jumentum
3501 3065 3517 3103 :
3545 3065 3702 3104 cuma

420 3135 654 3190 τείνοντι
684 3135 785 3200 τὰς
821 3137 1064 3208 πληγὰς,
1094 3139 1271 3192 έκεῖνο
1305 3138 1535 3211 πέτραις
1581 3139 1783 3209 ὁμοίως
1814 3140 2007 3211 ἀκίνη-

2111 3155 2219 3211 que
2286 3139 2336 3194 ei
2396 3139 2610 3211 ﬂagello
2686 3142 2887 3196 multas
2946 3140 3134 3213 plagas
3197 3141 3516 3209 incuteret;
3569 3141 3702 3197 illud

417 3242 514 3285 τον
542 3225 635 3302 ἦν.
684 3224 760 3284 Εὖ
794 3229 976 3285 τοίνυν
1003 3229 1295 3286 ὑπολαϐὼν
1326 3232 1355 3284 ὁ
1394 3231 1684 3302 ἄνθρωπος
1730 3231 1806 3303 μὴ
1854 3230 2007 3287 ἀθεεὶ

2111 3239 2226 3288 erat
2286 3233 2587 3297 immobile,

416 3322 581 3379 τοῦτο
606 3321 858 3393 γίνεσθαι
913 3323 1155 3395 στρέψας
1208 3326 1556 3399 παραχρῆμα
1585 3324 1687 3396 τὴν
1723 3324 1878 3390 τάξιν
1931 3324 2009 3389 ὡς

415 3417 605 3490 δδηγῷ
641 3417 848 3489 μᾶλλον
890 3418 1053 3484 αὐτὸς
1102 3417 1306 3491 ἐχρῆτο
1338 3419 1416 3490 τῷ
1446 3417 1593 3489 (die),
1635 3418 1729 3472 καὶ
1757 3417 1852 3472 τὸν
1904 3434 2009 3488 χα-

418 3508 566 3562 λινὸν
617 3508 849 3573 ύπανεὶς
880 3510 1055 3565 ἐδίδου
1102 3509 1365 3582 φέρεσθαι
1407 3504 1556 3584 ᾗπερ
1593 3509 1743 3581 αὐτῷ
1771 3510 1806 3583 ἡ
1837 3510 2008 3582 ὁρμή.

416 3600 581 3657 οὓτω
612 3600 709 3654 τοῦ
739 3600 936 3673 ἀνδρὸς
971 3602 1303 3674 πράξαντος,
1328 3601 1392 3658 τὸ
1419 3602 1562 3669 ζῶον
1591 3602 1809 3673 ἀθρόως
1844 3604 2011 3659 ἀλλα-

416 3694 519 3765 χοῦ
550 3694 653 3765 μὲν
680 3693 941 3766 οὐδαμοῦ,
976 3695 1095 3750 ἀλλ’
1117 3696 1309 3768 ὥσπερ
1336 3696 1483 3762 τινὸς
1512 3696 1764 3769 ἀοράτως
1794 3698 1886 3753 τὸν
1917 3716 2010 3770 χα-

421 3788 569 3842 λινδν
592 3788 848 3853 ἕλκοντος
884 3788 982 3844 καὶ
1009 3788 1352 3856 εὐθύνοντος,
1379 3789 1513 3844 εὐθὺ
1547 3790 1650 3862 τῆς
1679 3791 1851 3862 μονῆς
1872 3792 2013 3862 ἐχώ-

429 3893 545 3947 ρει.
573 3878 739 3932 Ἔνθα
761 3880 829 3951 δὴ
860 3880 956 3934 καὶ
987 3879 1248 3937 εἰσελθὼν
1274 3879 1305 3932 ὁ
1334 3878 1497 3952 ἀνὴρ,
1529 3881 1624 3933 καὶ
1657 3880 1758 3951 τὴν
1800 3879 2011 3935 ἔνδειαν

435 3966 476 4037 ᾗ
517 3967 733 4033 τούτους
757 3973 1006 4040 συνεῖχεν
1031 3970 1108 4035 ὡς
1151 3970 1384 4043 πλείστη
1418 3970 1631 4041 μαθὼν,
1656 3972 1753 4027 καὶ
1778 3972 1879 4042 τῆς
1914 3971 2010 4025 τοῦ

436 4059 572 4114 Θεοῦ
590 4063 837 4133 προνοίας
859 4063 922 4119 τὸ
941 4063 1259 4137 ἀπόρρητον
1274 4064 1754 4133 ὲκπλαγεὶς,ὄπως
1779 4064 2012 4129 ἐκείνοις

430 4153 534 4225 μὲν
570 4156 847 4226 πρόφασιν
898 4158 1181 4227 στεφάνων
1223 4158 1323 4230 τῆς
1368 4157 1577 4223 ἐνδείας
1627 4159 1689 4214 τὸ
1745 4159 2010 4231 λυπηρὸν,

423 4246 579 4319 αύτῷ
605 4247 666 4302 δὲ
696 4247 793 4302 τοῦ
824 4249 1074 4322 λυπηροῦ
1118 4249 1219 4319 τὴν
1268 4250 1424 4305 λύσιν
1464 4251 1875 4322 ἐμηχανήσατο,
1916 4253 2013 4306 καὶ

425 4342 515 4394 ὅτι
547 4341 684 4413 πρὸς
717 4341 877 4398 τοῦτο
916 4344 1171 4416 φανερῶς
1196 4346 1227 4416 ἡ
1250 4343 1348 4398 τοῦ
1383 4343 1524 4410 ζώου
1576 4345 1868 4412 ἀπείθεια,
1909 4364 2012 4401 κα-

418 4433 624 4504 λούσης
670 4434 837 4491 αύτδν
859 4436 959 4507 τῆς
994 4435 1259 4508 προνοίας
1285 4437 1486 4509 τρέψαι
1524 4438 1726 4509 ψυχὰς,
1750 4439 1871 4511 Θεῷ
1911 4441 2013 4512 μὲν

2681 3248 2789 3288 non
2849 3248 3008 3290 secus
3047 3248 3113 3287 ac
3167 3234 3213 3288 si
3285 3243 3434 3289 esset
3481 3249 3700 3290 saxum.

2111 3325 2248 3380 Cum
2274 3325 2438 3380 hortm
2458 3340 2590 3396 ergo
2620 3334 2771 3380 recte
2809 3324 3182 3381 existimasset
3217 3324 3270 3379 id
3304 3340 3414 3381 non
3439 3325 3555 3381 fieri
3581 3326 3700 3382 sine

2113 3414 2211 3470 Dei
2243 3415 2488 3481 numine,
2524 3429 2646 3469 ιιιοι
2672 3428 2939 3470 converso
2959 3415 3171 3480 ordine,
3200 3415 3422 3470 animali
3450 3416 3705 3489 utebatur

2113 3516 2372 3578 tanquam
2407 3508 2577 3574 duce;
2606 3514 2664 3562 et
2695 3508 2878 3564 laxato
2909 3507 3067 3564 freno
3113 3507 3165 3563 ei
3211 3511 3562 3578 permittebat
3595 3510 3697 3576 ire,

2111 3613 2225 3669 quo
2261 3613 2389 3653 eum
2438 3596 2612 3654 ferret
2656 3599 2913 3668 impetus.
2944 3597 3080 3653 Cum
3134 3599 3297 3654 homo
3349 3599 3429 3654 sic
3457 3599 3699 3668 fecisset,

2111 3687 2316 3742 animal
2344 3686 2637 3743 confestim
2667 3702 2938 3758 nusquam
2965 3687 3184 3757 quidem
3211 3687 3339 3753 alio,
3362 3687 3457 3743 scd
3474 3688 3703 3758 perinde

2111 3792 2179 3834 ac
2208 3777 2255 3833 si
2286 3777 2485 3846 aliquis
2521 3777 2760 3844 frenum,
2793 3792 2916 3832 cum
2955 3792 2986 3830 a
3011 3777 3233 3832 nemine
3283 3778 3453 3831 videri
3492 3788 3697 3847 pusset,

2113 3871 2358 3926 traheret
2388 3879 2446 3925 et
2472 3869 2757 3939 dirigeret,
2797 3877 2947 3925 recta
2993 3869 3140 3924 vadit
3170 3869 3237 3924 ad
3278 3871 3697 3929 monasterium.

2114 3962 2249 4032 Quo.
2272 3977 2397 4017 cum
2433 3962 2519 4015 vir
2543 3972 2693 4017 esset
2725 3961 3030 4031 ingressus,
3053 3970 3110 4016 et
3162 3961 3425 4030 iunpiam,
3456 3977 3576 4031 qua:
3600 3976 3699 4018 eos

2115 4055 2340 4124 urgebat
2407 4052 2672 4120 maxima,
2736 4054 3041 4118 didicisset,
3082 4062 3139 4109 et
3206 4054 3302 4109 Dei
3350 4056 3704 4123 providentiae

2115 4164 2378 4203 arcanum
2428 4157 2573 4203 esset
2624 4148 2949 4215 admiratus,
3003 4147 3461 4220 quemadmodum
3493 4148 3705 4203 scilicet

2115 4239 2408 4308 etl'ecisset,
2433 4249 2493 4294 ut
2521 4240 2719 4310 inopiae
2743 4238 2993 4296 molestia
3017 4241 3097 4295 eis
3123 4250 3271 4297 esset
3306 4239 3524 4296 occasio
3546 4255 3675 4295 coro
3691 4270 3705 4283 -

2114 4348 2331 4400 narum,
2361 4344 2415 4389 et
2436 4343 2493 4390 ut
2515 4335 2631 4404 ipse
2658 4350 2778 4390 eam
2811 4333 3053 4390 solveret
3086 4333 3415 4400 molestiam,
3457 4343 3510 4388 et
3552 4336 3699 4401 quod

2115 4440 2182 4483 ea
2206 4427 2276 4483 de
2303 4442 2469 4482 causa
2513 4443 2618 4483 non
2670 4429 2900 4498 parebat
2936 4427 3159 4493 animal,
3192 4443 3316 4484 eum
3362 4426 3543 4481 divina
3604 4441 3705 4480 vo-

416 4521 872 4593 )ειτουργούσας,
911 4524 1172 4597 ἀσθενείᾳ
1197 4526 1255 4580 δὲ
1281 4527 1598 4599 καμνούσας
1627 4529 1725 4583 τοῦ
1768 4529 2007 4601 λειτουρ-

2122 4530 2283 4575 cante
2303 4519 2642 4589 providentia
2675 4519 2745 4575 ad
2774 4519 2994 4577 alendus
3021 4519 3254 4583 animas,
3284 4532 3405 4588 quae
3434 4516 3546 4570 Deo
3580 4517 3704 4585 qui-
3756 4568 3761 4575 .

416 4614 526 4685 γοῦ
562 4617 840 4687 σώματος.
884 4618 1073 4674 Ταῦτα
1110 4618 1177 4690 δὴ
1218 4621 1428 4685 ἐκεῖνος
1467 4621 1808 4691 καταμαθὼν
1845 4624 2013 4695 διπλῆ

421 4708 675 4780 παρέσχε
702 4708 795 4765 τὸν
833 4710 1091 4782 ἀριθμὸν,
1139 4712 1265 4767 καθ’
1302 4712 1362 4767 ὃν
1395 4715 1424 4767 ὁ
1477 4715 1695 4787 πρῶτος
1724 4716 2015 4789 διανομεὺς

422 4797 602 4852 ἐδίδου
632 4799 724 4853 τὸν
752 4800 922 4857 ἔλεον.
968 4803 1043 4857 Τὸ
1078 4803 1266 4859 λοιπὸν
1294 4803 1389 4859 οῦν
1412 4807 1462 4860 oi
1488 4806 1733 4877 μαθηταὶ
1777 4809 1870 4863 τοῦ
1901 4810 2013 4864 διο-

422 4892 580 4961 χλεῖν
600 4891 755 4965 αὐτῷ
776 4895 1127 4968 παυσάμενοι
1153 4900 1247 4953 καὶ
1280 4899 1665 4972 μικροψυχεῖν,
1693 4904 1790 4956 τοῦ
1825 4906 2011 4974 μιμεῖ.

424 4981 555 5035 σθαι
590 4984 792 5054 μᾶλλον
843 4986 1105 5045 ἔσπευδον
1146 4991 1241 5043 καὶ
1291 4992 1490 5063 ζηλοῦν
1534 4994 1635 5063 τῆς
1695 4996 1831 5067 πρὸς
1880 4996 2012 5050 Θεὸν

422 5075 654 5146 βεὸαίας
687 5080 906 5145 ἐλπίδος
941 5082 1040 5137 καὶ
1074 5082 1333 5148 πίστεως.
1377 5085 1537 5139 Ἀλλὰ
1578 5086 1751 5142 ταῦτα
1794 5088 1893 5159 μὲν
1932 5091 2012 5155 είς

418 5183 702 5226 τοσοῦτον.

2123 4614 2244 4667 dem
2270 4613 2672 4676 ministrabant,
2703 4612 3074 4670 ministrantis
3105 4622 3287 4667 autem
3342 4611 3590 4679 corporis
3626 4608 3708 4663 ia-

2122 4703 2392 4758 borabant
2456 4703 2853 4759 imbecillitate.
2923 4703 3050 4759 Hmc
3113 4717 3235 4758 cum
3268 4701 3359 4757 ille
3396 4701 3702 4765 didicisset,

2122 4795 2347 4865 duplum
2393 4796 2629 4866 praebuit
2669 4794 2787 4862 ejus
2846 4795 3227 4866 eleemosynze,
3281 4808 3444 4863 quam
3500 4794 3709 4861 primus

2125 4885 2330 4941 divisor
2372 4886 2615 4942 dederat.
2650 4886 2724 4941 De
2751 4895 2948 4941 caetero
2999 4901 3130 4955 ergo
3168 4886 3287 4955 ejus
3313 4883 3561 4951 discipuli
3591 4897 3711 4937 ces-

2122 4988 2306 5034 santes
2326 4978 2378 5033 ei
2418 4977 2680 5035 exhibere
2710 4978 3037 5042 molestiam,
3067 4986 3122 5033 et
3160 4993 3279 5033 esse
3310 4976 3505 5048 pusillo
3526 4984 3580 5030 et
3607 4974 3700 5030 ab-
3730 5042 3735 5047 η

2118 5069 2266 5139 jeclo
2320 5068 2529 5135 animo,
2573 5069 2867 5126 studebant
2917 5072 3098 5140 potius
3134 5086 3259 5126 eum
3317 5068 3542 5133 imitari,
3578 5052 3739 5122 beat-3

2125 5173 2347 5232 tumque
2369 5180 2494 5220 eum
2518 5164 2786 5221 ducebant
2810 5174 3031 5233 propter
3053 5164 3265 5218 ﬁrmam
3288 5177 3435 5232 spem
3466 5170 3522 5215 et
3546 5157 3707 5215 tidem

2124 5253 2180 5309 in
2214 5256 2403 5311 Deum.
2425 5255 2533 5312 Sed
2558 5255 2673 5312 hac
2697 5255 2916 5326 quidem
2952 5254 3249 5323 hucusque

1910 5409 2140 5466 CAPUT
2183 5413 2266 5468 Vl.

1709 5499 2021 5557 Exstruitur
2044 5509 2447 5563 monasterium.

504 5617 615 5684 κγ’.
670 5613 823 5667 Ἐπεὶ
877 5614 932 5668 δὲ
985 5614 1109 5673 καθ’
1164 5616 1405 5689 ἑκάστην
1463 5618 1613 5689 αὐτῷ
1660 5619 1710 5672 οἱ
1772 5628 2028 5693 φοιτηταί

2208 5626 2299 5682 25.
2330 5628 2596 5695 Quoniam
2617 5638 2798 5685 autem
2825 5630 2872 5685 ei
2904 5627 3515 5701 quotidieaccedebaut
3538 5623 3710 5679 disci-

429 5706 840 5780 προσετίθεντο,
875 5707 1129 5779 (ἐκάλουν
1158 5708 1269 5779 γὰρ
1297 5709 1355 5763 αἱ
1390 5709 1499 5763 τῶν
1523 5710 1735 5765 ἐκείνου
1776 5713 2007 5784 χαρίτωι

2129 5719 2243 5787 puli
2274 5706 2477 5791 (fontes
2505 5722 2650 5777 enim
2708 5722 2856 5779 illius
2884 5724 3180 5794 gratiarum
3233 5720 3498 5776 vocabant
3541 5718 3713 5774 bonas

499 5824 523 5855 ⁸
549 5825 662 5883 Jer.
693 5841 848 5889 xxxi,
876 5826 970 5882 9.5.
1044 5827 1065 5858 ⁹
1094 5825 1196 5882 Job
1217 5843 1447 5893 xxxviii,
1474 5828 1538 5891 Ιις
1581 5829 1721 5884 Psal.
1753 5843 1933 5896 cum,
1954 5830 2009 5886 9.

691 5922 967 5983 PATBOL.
1003 5922 1120 5983 Gn.
1156 5921 1364 5985 CXIV.

3354 5920 3429 5978 16
