4152 6408
376 367 484 432 495

1600 363 1883 424 MENSIS
1920 364 2377 429 JANUARIUS.

3554 360 3662 426 496

380 497 522 543 rum,
589 478 682 547 qui
716 478 1017 544 accedunt,
1067 486 1121 533 et
1160 475 1310 534 locus
1344 492 1451 548 quo
1514 476 1877 548 excipiantur,
1919 490 1969 535 et

2075 480 2503 551 ἀπονενέμηται.
2546 479 2646 532 Ἔν
2676 478 2793 532 ἐστι
2860 477 2992 548 πρὸς
3025 475 3237 539 πάντας
3280 472 3407 545 ἔχον
3432 474 3657 545 ὁμοίως,

382 573 576 628 modus
604 586 714 642 quo
742 580 1022 637 curentur,
1052 571 1188 626 alius
1214 571 1302 626 alii
1330 580 1415 626 est
1452 571 1764 626 attributus.
1790 572 1967 627 Unum

377 672 486 727 est,
519 663 662 733 quod
689 676 758 717 ex
791 676 947 731 atquo
970 661 1225 717 omnibus
1262 661 1575 725 exliibctur,
1610 676 1805 731 nempe
1826 676 1977 717 sum-

382 769 468 808 ma
519 755 739 824 hospitii
776 753 1025 810 hilarius
1051 760 1107 809 et
1156 753 1489 823 benignitas.
1529 753 1803 808 Caeterum
1837 770 1971 823 pau-

383 861 570 913 perum
604 846 824 916 quidem
846 860 1101 916 magnam
1145 860 1330 902 curam
1367 845 1594 915 gerebat
1610 844 1970 902 Theodosius:

383 951 613 1006 quorum
659 936 749 992 ille
787 944 1081 1005 egestatem
1108 935 1333 991 vincens
1360 934 1823 1009 suppeditatione,
1854 951 1973 991 eam

383 1041 574 1082 rursus
628 1026 865 1081 habebat
920 1025 1204 1081 voluntate
1265 1023 1581 1081 inferiorem
1640 1042 1655 1079 :
1708 1028 1976 1095 quomodo

382 1119 548 1174 etiam
582 1116 920 1173 voluntatem
969 1128 1190 1184 semper
1236 1115 1436 1170 victam
1485 1104 1881 1172 a‘liberalitate
1921 1126 1977 1171 et

384 1208 758 1266 muniﬁcentia
810 1207 1036 1277 spiritus
1064 1248 1080 1274 ,
1133 1214 1194 1261 ut
1244 1206 1406 1278 paulo
1459 1215 1585 1277 post
1634 1208 1970 1264 ostendetur.

386 1301 498 1359 lloc
531 1312 711 1357 autem
751 1309 837 1355 est
884 1298 1016 1368 ipsis
1070 1297 1234 1353 rebus
1279 1306 1705 1353 consentaneum
1738 1307 1792 1352 et
1821 1299 1977 1355 valde

383 1406 751 1461 consequens.
781 1390 842 1446 Si
869 1390 1015 1445 enim
1047 1389 1163 1457 ipse
1191 1400 1320 1443 cum
1354 1395 1501 1442 esset
1550 1386 1732 1454 homo,
1790 1389 1973 1445 stude-

383 1484 477 1538 bat
516 1484 794 1537 hominum
834 1478 1110 1549 egentium
1139 1491 1399 1547 superare
1428 1478 1757 1547 cupiditates
1783 1480 1973 1534 volun.

384 1572 514 1627 tatis
557 1569 965 1640 magnitudine;
1007 1566 1280 1635 quomodo
1342 1581 1450 1620 non
1501 1567 1734 1622 humana
1787 1585 1975 1626 rursus

382 1661 636 1719 voluntas
664 1661 970 1732 superantia
998 1665 1119 1716 erat
1171 1658 1240 1714 ab
1266 1657 1464 1730 opibus
1510 1657 1714 1717 divinis
1738 1672 1793 1720 et
1819 1664 1974 1721 beni-

379 1753 629 1823 gnitate?

447 1846 538 1902 28.
565 1846 700 1903 Cum
750 1854 933 1903 autem
966 1846 1023 1902 in
1076 1860 1305 1914 omnes,
1330 1847 1421 1918 qui
1454 1855 1697 1918 egestate
1751 1862 1970 1919 preme-
2003 1823 2047 1880 Β

379 1938 604 2004 bantur,
627 1937 704 1994 ita
741 1947 888 1995 esset
939 1938 1274 2004 misericors,
1305 1939 1421 2008 ejus
1458 1939 1630 2010 magis
1673 1939 1973 2012 augebatur

380 2029 758 2087 misericordia
796 2029 851 2085 in
904 2045 1020 2096 eus,
1086 2029 1141 2084 in
1174 2031 1373 2100 quibus
1399 2045 1593 2089 rursus
1618 2042 1739 2087 erat
1765 2032 1969 2087 ntalem

379 2121 622 2191 gravius,
649 2129 706 2177 et
736 2136 861 2177 cum
898 2130 1142 2192 egestate
1168 2130 1289 2177 erat
1317 2130 1581 2191 pratterea
1610 2124 1855 2190 morbus,
1877 2132 1972 2179 aut

381 2213 749 2268 membrorum
808 2212 1077 2269 mutilatio
1138 2213 1494 2279 excrucians,
1551 2228 1724 2284 caque
1789 2229 1970 2280 sacra,

377 2306 523 2374 Quod
559 2313 645 2361 est
668 2304 1074 2377 gravissimum.
1106 2304 1185 2362 Ea
1218 2306 1428 2362 ratione
1454 2308 1752 2362 eratetiam
1779 2308 1970 2363 oculus

377 2396 600 2468 quidem
617 2410 910 2462 caecorum,
955 2411 1051 2465 pes
1073 2411 1204 2453 vero
1229 2396 1566 2463 claudornm,
1595 2399 1970 2456 indumentum

304 2476 309 2481 ”
379 2499 564 2546 autem
613 2490 902 2555 nudorum,
941 2503 1154 2558 eorum,
1188 2489 1280 2559 qui
1315 2499 1458 2547 tecto
1500 2491 1777 2558 carebant,
1819 2500 1970 2562 tegu-

380 2590 647 2646 mentum,
692 2589 1021 2650 atgrotorum
1051 2580 1316 2649 medicus,
1344 2580 1591 2651 largitor,
1628 2581 1968 2647 administer,

375 2672 649 2740 famulus;
669 2673 924 2729 omnibus
960 2673 1143 2728 omnia
1169 2671 1345 2729 factus
1368 2683 1588 2743 propter
1610 2675 1967 2731 excellentem

374 2762 802 2834 benignitatem;
827 2765 1145 2836 sanguinem
1164 2766 1411 2832 abluens,
1433 2766 1657 2823 vulnera
1679 2767 1968 2833 mundans,

373 2852 530 2913 labra
584 2855 882 2914 admovens
932 2856 1097 2913 labris
1124 2871 1338 2925 eorum,
1385 2872 1619 2929 quorum
1666 2868 1787 2914 erat
1839 2873 1969 2912 caro

374 2947 589 3013 mutila,
614 2956 669 3003 et
690 2948 762 3002 ita
779 2962 875 3003 eos
899 2948 1176 3018 sapienter
1217 2949 1505 3006 consolans
1527 2957 1581 3004 et
1611 2951 1967 3018 persuadens,

374 3046 438 3095 ut
466 3038 750 3096 moderate
792 3037 1001 3096 ferrent
1033 3039 1429 3109 calamitatem,
1458 3056 1583 3097 cum
1614 3042 1821 3098 scirent
1848 3056 1966 3108 eos,

375 3130 467 3200 qui
519 3123 763 3202 sapiunt,
802 3145 910 3187 non
941 3132 1104 3189 modo
1132 3132 1278 3203 ipsos
1308 3147 1414 3188 non
1445 3135 1709 3199 aversari,
1740 3132 1838 3188 sed
1874 3147 1967 3188 ens

378 3222 558 3292 potius
582 3222 768 3279 beatos
797 3223 998 3279 ducere
1024 3230 1080 3280 et
1106 3222 1380 3295 amplecti.
1407 3221 1527 3281 Non
1576 3232 1757 3279 autem
1789 3237 1849 3279 se
1875 3238 1966 3277 sn-

374 3317 540 3388 perbe
563 3327 620 3372 et
650 3316 946 3374 inhumane
988 3331 1205 3389 gerens,
1235 3329 1294 3373 ut
1328 3316 1658 3388 complures,
1688 3332 1826 3387 quos
1841 3333 1965 3374 cum

374 3416 651 3477 oporteret
708 3408 1021 3483 miserando
1072 3406 1308 3472 fratres,
1359 3406 1455 3463 Dei
1508 3407 1612 3463 sibi
1674 3409 1968 3465 conciliare

377 3501 764 3573 benignitatem
783 3510 834 3558 et
869 3501 1235 3566 clementiam,
1256 3500 1331 3555 illi
1359 3502 1416 3573 (ο
1450 3500 1902 3556 iubumanitatem
1924 3501 1963 3572 l)

374 3595 512 3649 adeo
551 3605 679 3651 sunt
710 3594 838 3651 elati
891 3606 947 3652 et
993 3593 1244 3653 sublimis
1276 3594 1465 3661 animi,
1504 3603 1600 3649 aut
1650 3594 1729 3664 (ut
1786 3595 1969 3652 verius

377 3686 581 3760 dicam)
613 3688 779 3745 nimis
807 3687 894 3745 sui
927 3695 1199 3753 amantes,
1228 3695 1286 3743 et
1315 3696 1423 3743 tam
1468 3686 1648 3755 pusilli
1679 3695 1735 3742 et
1765 3686 1966 3756 abiecti

376 3785 568 3853 animi,
617 3795 675 3841 ut
733 3798 840 3842 non
873 3784 1048 3840 solum
1097 3797 1194 3840 eos
1246 3797 1353 3838 non
1386 3781 1712 3849 admittant,
1746 3782 1842 3839 sed
1871 3797 1966 3839 eos

373 3877 542 3933 etiam
571 3877 758 3933 videre
788 3890 897 3931 non
948 3874 1215 3932 inducant
1247 3874 1301 3929 in
1329 3873 1570 3929 animum
1595 3890 1608 3925 :
1631 3872 1855 3943 perinde
1898 3888 1965 3930 ac

375 3971 420 4024 si
462 3968 979 4025 nolintmeminisse
1009 3981 1186 4037 neque
1216 3966 1442 4023 omnino
1467 3967 1633 4028 seire.
1665 3967 1809 4036 quod
1833 3966 1966 4038 ipsis

375 4076 595 4132 quoque
627 4068 760 4118 sunt
811 4075 1007 4117 carnes
1044 4059 1301 4130 subjecta:
1331 4059 1531 4115 talibus
1559 4058 1960 4117 aﬂ‘ectionibus.

377 4152 619 4209 Sednon
646 4153 730 4208 sic
775 4151 865 4209 hic
891 4150 1104 4217 beatus,
1152 4151 1247 4207 sed
1272 4150 1375 4206 fuit
1402 4166 1597 4222 magno
1627 4152 1791 4223 (sicut
1823 4153 1965 4209 dixi-

377 4242 519 4315 mus)
547 4250 605 4300 et
688 4256 955 4314 generoso
1014 4242 1218 4299 animo.
1265 4240 1334 4296 Et
1375 4252 1501 4297 sunt
1549 4242 1711 4311 hujus
1743 4244 1961 4315 quidem

1990 3177 2037 3242 C

2077 572 2139 626 τὸ
2162 576 2262 642 τῆς
2316 572 2623 643 ξενοδοχίας
2653 572 2840 644 ἀκρως
2881 569 3066 642 ἱλαρὸν
3115 571 3210 624 καὶ
3249 568 3658 640 φιλάνθρωπον.

2090 664 2231 717 Ἀλλ’
2262 662 2321 716 οἵ
2348 665 2713 737 γε-πὲνητες,
2760 666 2793 733 ἠ
2829 658 3055 735 μεγάλη
3101 661 3381 733 Θεοδοσίῳ.
3414 663 3659 734 φροντὶς,

2076 744 2152 807 ὧν
2192 755 2290 827 τὴν
2346 755 2555 810 ἔνδειαν
2615 757 2825 820 ἐκεῖνος
2846 758 2915 826 τῇ
2943 753 3183 826 χορηγίᾳ
3239 752 3428 819 νικῶν,
3490 752 3663 823 αὐτὴν

2080 846 2242 901 πάλιν
2282 842 2426 918 εἶχεν
2482 846 2810 917 ἡττωμένην
2861 846 2962 915 τῆς
3019 845 3430 917 προαιρέσεωςο
3463 843 3658 916 ὥσπερ

2075 939 2138 1010 δὴ
2168 938 2265 1010 τὴν
2293 940 2615 1011 προαίρεσιν
2638 941 2705 1009 τῇ
2747 937 3135 1010 μεγαλοδωρεᾷ
3188 938 3284 992 τοῦ
3343 937 3662 1009 πνεύματος

2077 1031 2162 1085 ἀεί
2185 1049 2314 1085 ποτε
2345 1031 2683 1101 νικωμένην,
2740 1029 2817 1093 ὡς
2853 1029 2972 1098 μετ’
3001 1030 3062 1082 οὐ
3099 1029 3233 1083 πολὺ
3259 1028 3661 1099 δηλωθήσεται.

2076 1124 2247 1178 Τοῦτο
2267 1124 2326 1178 δὲ
2364 1125 2592 1186 εἰκότως
2647 1122 2789 1186 λίαν,
2816 1121 2913 1175 καλ⁵
2938 1123 3054 1186 τοῖς
3092 1123 3415 1193 πράγμασιν
3444 1120 3663 1175 ἀκολού-

2078 1215 2205 1281 θως.
2229 1216 2294 1270 Ei
2328 1216 2438 1287 γὰρ
2458 1214 2624 1278 αὐτὸς
2654 1213 2943 1284 ἄνθρωπος
2981 1213 3057 1267 ὢν
3083 1213 3390 1284 ἀνθρώπων
3428 1213 3660 1267 ἔσπευδε

2076 1305 2359 1377 δεομένων
2397 1304 2761 1377 ὑπερϐάλλειν
2814 1303 3114 1373 ἐπιθυμίας
3142 1302 3219 1375 τῷ
3253 1304 3526 1373 μεγαλείῳ
3559 1304 3659 1373 τῆς

2080 1397 2491 1468 προαιρέσεως,
2548 1394 2664 1458 πῶς
2709 1394 2811 1448 οὐκ
2861 1392 3055 1464 ἔμελλε
3116 1393 3283 1447 πάλιν
3338 1392 3659 1464 ἀνθρωπίνη

2077 1488 2403 1560 προαίρεσις
2449 1486 2619 1559 θεῖκῷ
2650 1486 2868 1559 πλούτῳ
2905 1486 3002 1543 καὶ
3032 1486 3365 1559 χρηστότητι
3387 1484 3660 1557 παρευδοο

2077 1580 2360 1653 κιμεῖσθαι
2382 1596 2397 1647 ;

2145 1849 2253 1921 κη’.
2287 1844 2445 1904 Οῦτω
2480 1849 2537 1903 δὲ
2587 1847 2933 1920 συμπαθείας
2980 1847 3071 1901 ἐπὶ
3110 1847 3279 1900 πᾶσιν
3305 1844 3449 1917 ἔχων
3474 1846 3661 1910 ἀπλῶς

2072 1944 2189 2005 τοῖς
2232 1941 2410 2011 ἐνδείᾳ
2472 1939 2845 2010 πιεζομένοις,
2889 1937 2969 1992 ἔτι
3034 1937 3238 2008 μᾶλλον
3283 1936 3527 1989 ἐπέτεινε
3557 1937 3659 2007 τὴν

2076 2032 2425 2105 συμπάθειαν
2470 2034 2556 2103 ἐφ’
2596 2028 2691 2096 οὓς
2743 2032 2908 2086 πάλιν
2937 2031 2999 2085 τδ
3036 2030 3298 2101 δυσχερὲς
3326 2031 3656 2095 ἐπετείνετο,

2073 2126 2168 2179 καὶ
2222 2124 2359 2195 μετά
2394 2124 2493 2194 τῆς
2553 2121 2762 2187 ἐνδείας
2787 2123 2870 2177 ἔτι
2919 2124 3015 2178 καὶ
3046 2123 3222 2186 νόσος,
3260 2122 3293 2191 ἢ
3329 2120 3507 2191 μελῶν
3546 2121 3656 2189 πή-

2076 2233 2246 2288 ρωσις
2276 2213 2554 2286 τρύχουσα
2580 2208 2672 2283 ἦν,
2703 2212 2797 2265 καὶ
2841 2211 2978 2280 αὐτή
3004 2227 3069 2279 γε
3099 2212 3132 2281 ἡ
3173 2212 3297 2281 ίερά
3316 2210 3377 2263 τὸ
3416 2208 3659 2280 βαρύτα-

2071 2326 2185 2362 τον.
2214 2306 2402 2380 Ταύτῃ
2429 2322 2510 2360 τοι
2542 2305 2638 2359 καλ⁵
2660 2300 2728 2377 ἦν
2755 2303 3035 2374 ὀφθαλμὸς
3078 2303 3180 2373 μὲν
3233 2301 3476 2371 τυφλῶν,
3520 2300 3658 2362 ποῦς

2071 2400 2127 2455 δὲ
2155 2399 2369 2471 χωλῶν,
2433 2398 2702 2468 ἀμφίασις
2757 2396 3005 2467 γυμνῶν,
3040 2396 3287 2463 ἀστέγων
3322 2396 3527 2462 σκέπη,
3568 2410 3657 2446 νο-

2074 2488 2314 2545 σούντων
2379 2486 2584 2558 ἰατρὸς,
2642 2486 2897 2557 χορηγὸς,
2938 2484 3233 2553 ὑπουργὸς,
3257 2482 3495 2552 οἰκέτης.
3520 2481 3657 2534 πᾶσι

2074 2582 2253 2637 πάντα
2303 2578 2393 2634 διά
2414 2578 2475 2633 τὸ
2506 2577 2692 2647 περιὸν
2755 2577 2855 2647 τῆς
2909 2573 3319 2646 φιλανθρωπίας
3343 2573 3654 2643 γενόμενος,

2072 2672 2286 2742 αἵματα
2353 2669 2593 2735 πλύνων,
2644 2667 2935 2739 τραύματα
2962 2667 3265 2736 καθαίρων,
3292 2664 3443 2735 χείλη
3480 2680 3655 2734 προσ-

2070 2767 2219 2833 άγων
2271 2763 2478 2833 χείλεσι
2535 2761 2646 2814 τῶν
2687 2759 2785 2832 τὴν
2837 2758 3020 2831 σάρκα
3078 2757 3474 2828 λελωϐημένων
3498 2798 3511 2821 ,
3562 2756 3658 2809 καὶ

2068 2854 2216 2910 οὕτω
2268 2854 2390 2907 λίαν
2435 2851 2618 2922 σοφῶς
2676 2851 2922 2915 ἐκείνους
2982 2848 3504 2921 παραμυθούμενος,
3560 2850 3658 2902 καὶ

2070 2947 2276 3002 πείθων
2305 2946 2498 3017 πρᾴως
2524 2944 2714 3016 φέρειν
2746 2944 2845 3015 τὴν
2904 2943 3213 3014 συμφορὰν,
3248 2941 3326 3010 τῷ
3363 2940 3657 3011 γινώσκειν

2069 3041 2301 3102 ἑαυτοὺς
2338 3039 2424 3092 ὅτι
2480 3038 2555 3109 μὴ
2609 3038 2771 3108 μόνον
2820 3036 2920 3090 οὐκ
2974 3035 3330 3106 ἀποστροφῆς
3388 3033 3530 3099 ἄξιοι
3587 3033 3657 3087 δι’

2068 3130 2105 3187 ἃ
2141 3130 2412 3202 πάσχουσι
2436 3128 2695 3198 γίνονται,
2745 3126 2884 3181 ἀλλά
2920 3127 3013 3181 καὶ
3048 3123 3402 3197 μακαρισμοῦ
3451 3121 3658 3195 μᾶλλον

2075 3224 2173 3287 καὶ
2200 3221 2496 3292 ἀσπασμοῦ
2546 3223 2657 3285 τοῖς
2681 3236 2746 3289 γε
2779 3219 2905 3273 νοῦν
2944 3220 3182 3291 ἔχουσιν.
3214 3219 3292 3272 Oi)
3327 3217 3434 3289 μὴν
3462 3216 3658 3271 παθὼν

2077 3315 2137 3368 τὸ
2184 3313 2295 3368 τῶν
2345 3312 2560 3367 πολλῶν
2606 3310 2977 3383 ὑπεροπτικὸν
3026 3312 3122 3366 καὶ
3180 3310 3509 3377 ἀνάλγητον,
3563 3306 3659 3371 οὓς

2075 3405 2195 3460 δέον
2245 3406 2303 3458 ἐν
2324 3407 2392 3476 τῇ
2440 3405 2580 3475 πρὸς
2612 3404 2741 3467 τοὺς
2795 3402 3065 3473 ἀδελφοὺς
3093 3402 3433 3473 συμπαθείᾳ,
3463 3401 3525 3455 τὸ
3561 3401 3659 3455 τοῦ

2074 3494 2213 3549 Θεοῦ
2247 3493 2485 3566 χρηστὸν
2522 3494 2738 3557 ἑαυτοῖς
2790 3493 3190 3565 μνηστεύεσθαι
3224 3496 3315 3549 καὶ
3345 3494 3661 3563 φιλάνθρω-

2082 3604 2206 3654 πον,
2230 3588 2280 3641 οἱ
2310 3586 2389 3649 δὲ,
2424 3584 2469 3639 ὣ
2495 3587 2592 3656 τῆς
2618 3586 3017 3659 ἀπανθρωπίας
3042 3588 3057 3642 l
3088 3586 3263 3652 οὕτως
3300 3587 3439 3640 εἰσὶν
3465 3585 3659 3655 ὑψηλοί

2075 3697 2136 3733 τε
2205 3681 2301 3733 καὶ
2355 3679 2793 3751 μεγαλόφρονες,
2842 3679 2877 3749 ἢ
2923 3679 3159 3749 τάληθὲς
3228 3679 3431 3748 μᾶλλον
3481 3681 3654 3732 εἰπεῖν

2075 3771 2324 3842 φίλαυτοι
2391 3771 2664 3843 περιττῶς
2716 3771 2814 3826 καὶ
2873 3771 3228 3843 μικρόψυχοι,
3277 3773 3354 3835 ὡς
3390 3770 3657 3841 μὴμόνον

2080 3864 2158 3935 μὴ
2181 3863 2503 3934 προσίεσθαι
2525 3863 2773 3930 τούτους,
2796 3863 2932 3917 ἀλλά
2956 3864 3050 3917 καὶ
3075 3864 3208 3935 ὁρᾷν
3233 3864 3310 3934 μὴ
3337 3862 3658 3933 ἀνέχεσθαι,

2077 3949 2335 4022 καθάπερ
2385 3950 2506 4003 οὐδὲ
2572 3950 2882 4021 μεμνῆσθαι
2950 3951 3286 4022 βουλόμενοι,
3347 3952 3462 4007 οὔθ’
3522 3954 3661 4016 ὅλως

2074 4044 2298 4113 εἰδέναι,
2327 4046 2410 4098 ὅτι
2452 4044 2547 4098 καὶ
2587 4045 2771 4109 αὐτοῖς
2804 4045 3007 4117 σάρκες
3043 4047 3151 4100 είσὶ
3192 4045 3459 4109 τοιούτοις
3491 4045 3661 4100 πάθε-

2073 4151 2157 4189 σιν
2186 4136 2576 4207 ὑποκείμεναι.
2614 4136 2759 4191 Ἀλλ’
2787 4137 2887 4208 οὐχ
2917 4139 2947 4191 6
2973 4138 3248 4209 μακάριος
3275 4131 3433 4202 οὗτος
3459 4137 3655 4203 οὕτως,

2076 4227 2216 4283 ἀλλά
2254 4227 2350 4283 καὶ
2386 4228 2508 4282 λίαν
2533 4228 2721 4299 ὥσπερ
2760 4227 2973 4302 ἔφημεν
3001 4230 3239 4299 εὐγενῶς
3287 4232 3384 4285 καὶ
3424 4230 3660 4301 μεγαλο-

378 4335 533 4393 multi
559 4336 700 4394 oculi
740 4343 952 4393 testes:
995 4334 1235 4391 maxime
1272 4342 1451 4391 autem
1489 4349 1557 4392 ex
1590 4334 1678 4402 iis,
1715 4336 1809 4406 qui
1857 4335 1964 4392 hoc

2074 4320 2260 4391 ψύχως
2286 4337 2299 4351 ο
2332 4320 2427 4373 καὶ
2457 4319 2649 4375 τούτου
2678 4319 2893 4375 πολλῶν
2917 4320 3019 4391 μὲν
3039 4321 3314 4393 ὀφθαλμοὶ⁵
3348 4323 3653 4394 μάρτυρες,

378 4428 739 4485 ministerium
763 4442 870 4484 una
912 4443 1035 4484 cum
1063 4442 1131 4483 eo
1180 4426 1405 4483 obibant
1438 4442 1453 4480 :
1489 4428 1580 4497 qui
1621 4443 1745 4484 cum
1786 4429 1962 4498 primo

2075 4414 2310 4483 μάλιστα
2334 4414 2391 4467 δὲ
2421 4413 2529 4466 τῶν
2576 4414 2677 4485 τὴν
2725 4415 3029 4485 ὑπηρεσίαν
3089 4413 3294 4486 ταύτην
3329 4415 3480 4486 αὐτῷ
3526 4433 3657 4467 συν-

368 4520 516 4577 hanc
550 4520 818 4592 insignem
883 4519 1272 4591 benignitatem
1328 4528 1383 4575 et
1429 4519 1963 4575 commiserationem

2074 4504 2477 4575 διαφερόντωνο
2509 4504 2560 4558 οἳ
2599 4505 2779 4560 καὶτὸ
2831 4506 3049 4575 πρῶτον
3101 4506 3171 4560 τὰ
3225 4507 3426 4577 κομιδῆ
3470 4506 3659 4575 φιλάν-

375 4613 631 4669 similiter
652 4621 816 4683 atque
843 4610 936 4667 alii
958 4620 1363 4674 aversarentur,
1404 4610 1548 4664 illius
1588 4609 1785 4666 deinde
1806 4626 1963 4682 egre-

374 4705 517 4775 giam
545 4704 763 4760 reveriti
797 4703 1246 4770 moderationem,
1282 4704 1531 4780 persuasi
1564 4704 1784 4761 luerunt
1819 4712 1967 4762 recte

375 4810 594 4867 sapere,
620 4805 676 4853 et
693 4795 849 4867 juxta
873 4794 1303 4853 imbecillitatem
1343 4793 1639 4850 humanam
1662 4804 1716 4851 et
1742 4794 1967 4851 humili-

374 4896 563 4944 latent.

449 5065 543 5132 29.
574 5064 941 5134 Quamobrem
980 5065 1024 5121 si
1072 5064 1195 5136 quis
1226 5079 1351 5119 eum
1380 5063 1579 5119 dixerit
1622 5077 1965 5118 communem

375 5169 611 5224 portum,
660 5164 716 5211 et
744 5169 1091 5213 communem
1142 5155 1427 5210 medicinae
1474 5152 1780 5219 ollicinam,
1815 5168 1967 5208 com-

376 5260 594 5300 munem
622 5244 890 5314 idomum,
944 5259 1234 5300 commune
1269 5260 1447 5314 penu,
1488 5254 1637 5299 recte
1672 5244 1871 5297 dixerit
1914 5253 1969 5299 et

372 5346 740 5410 congruenter
762 5337 1001 5400 veritati,
1035 5335 1439 5404 mgrotantium,
1473 5336 1853 5395 esurientium,
1887 5334 1967 5387 al-

372 5429 637 5499 gentium,
699 5427 1182 5500 peregrinantium.
1239 5428 1437 5482 Eorum
1494 5427 1638 5481 enim
1697 5427 1961 5492 otuninm,

373 5533 534 5584 quam
561 5532 660 5587 par
690 5527 831 5581 erat,
860 5532 1047 5573 curam
1097 5519 1337 5589 gerebat.
1374 5517 1474 5583 Qui
1501 5525 1679 5571 autem
1715 5527 1964 5570 COlIlcnl-

376 5616 597 5677 ueretur
615 5619 709 5663 aut
740 5608 1135 5678 despiceretur,
1183 5619 1470 5679 propterea
1528 5608 1671 5677 quod
1708 5619 1857 5664 esset
1888 5609 1965 5662 \i-

376 5696 443 5748 iis
473 5708 535 5751 et
553 5699 793 5766 humilis,
826 5702 869 5757 si
899 5703 1267 5773 qumsivissos,
1318 5703 1427 5758 illic
1462 5703 1762 5759 invenisses
1796 5704 1963 5759 nemi-

376 5798 499 5838 nem
546 5807 558 5841 :
591 5789 681 5842 sed
706 5802 925 5859 propter
954 5794 1057 5849 hoc
1086 5794 1287 5863 ipsum,
1325 5796 1468 5864 quod
1523 5805 1686 5864 esset,
1716 5795 1961 5869 inquam,

2072 4597 2271 4669 θρωπα
2296 4595 2470 4651 ταῦτα
2511 4596 2607 4651 καὶ
2637 4598 2900 4668 συμπαθῆ
2926 4601 3042 4663 τοῖς
3068 4599 3251 4663 ἄλλοις
3280 4601 3483 4671 ὁμοίως
3517 4602 3656 4654 ἁπο-

2062 4687 2420 4760 ·τρεπόμενοι,
2465 4689 2657 4744 ἔπειτα
2710 4689 2811 4761 τὴν
2860 4691 3064 4763 πολλὴν
3116 4692 3328 4746 ἐκείνου
3392 4692 3652 4762 δυσωπηο

2071 4779 2259 4842 θέντες
2311 4781 2769 4853 μετριοπάθειαν,
2822 4783 3161 4855 ἐπείσθησαν
3212 4784 3382 4855 ὑγιῶς
3412 4788 3654 4856 φρονεῖν,

2072 4871 2167 4925 καὶ
2222 4871 2390 4938 ἀξίως
2418 4874 2517 4943 τῆς
2556 4874 2913 4949 ἀνθρωπίνης
2965 4876 3249 4942 ἀσθενείας
3282 4879 3374 4932 καὶ
3402 4881 3659 4935 ταπεινό-

2071 4977 2259 5031 τητος.

2140 5048 2243 5104 κθ’.
2274 5048 2439 5104 Ὥστε
2475 5051 2654 5107 κοινὸν
2678 5052 2841 5108 αὑτὸν
2872 5053 2926 5107 εί
2954 5074 3035 5121 τις
3060 5058 3193 5132 εἴπῃ
3224 5059 3445 5130 λιμένα,
3474 5060 3652 5114 κοινὸν

2073 5140 2331 5212 ἰατρεῖον,
2361 5141 2549 5215 κοινὴν
2577 5144 2784 5212 ἑστίαν,
2812 5147 2991 5202 κοινὸν
3012 5154 3284 5221 ταμιεῖον,
3308 5151 3490 5215 καλῶς
3541 5154 3659 5221 ipsi

2071 5235 2168 5289 καὶ
2198 5234 2509 5313 συμφώνως
2538 5241 2605 5310 τῇ
2630 5239 2861 5313 ἀληθεία
2887 5282 2902 5306 ,
2926 5244 3227 5299 νοσούντων
3255 5289 3271 5313 ,
3295 5247 3613 5300 πεινώντων
3651 5286 3666 5311 ,

2072 5324 2352 5397 ῥιγώντων
2384 5329 2834 5401 ἀποδημούντων
2862 5335 3063 5401 πάντες
3088 5338 3198 5409 γὰρ
3222 5339 3481 5411 προνοίας
3520 5338 3660 5392 ἀπέ-

2070 5420 2233 5474 λαδον
2259 5420 2406 5492 αύτῷ
2424 5423 2524 5493 τῆς
2544 5423 2791 5496 δεούσης.
2810 5427 2864 5483 Ἀ
2876 5428 3207 5501 μελούμενον
3232 5432 3289 5485 δὲ
3309 5432 3341 5503 ἢ
3359 5451 3433 5486 πα
3442 5431 3649 5502 ραθεω-

2073 5512 2360 5586 ρούμενον⁹
2382 5515 2543 5585 εἴπερ
2568 5518 2842 5591 ἐζήτησας
2865 5524 2983 5576 ἐκεῖ
3005 5523 3073 5577 δι’
3103 5524 3380 5580 εὐτέλειαν
3403 5519 3561 5596 εὗρες
3587 5526 3655 5579 ἂν

2069 5604 2179 5658 τῶν
2212 5606 2432 5661 πάντων
2460 5609 2670 5679 οὐδένα,
2697 5610 2814 5666 ἀλλ’
2838 5613 2971 5666 αὐτὸ
3010 5614 3109 5684 μὲν
3134 5614 3309 5679 τοῦτο,
3344 5616 3406 5671 τὸ
3437 5617 3654 5681 εὐτελές

2071 5716 2237 5768 φημι,
2293 5699 2386 5752 καὶ
2415 5700 2720 5773 ἐλάχιστον,
2769 5707 2864 5761 καὶ
2908 5707 3157 5773 πλείονος
3197 5710 3520 5781 ἀξιούμενον
3550 5712 3652 5780 τῆς

2072 5796 2352 5864 προνοίαςο
2416 5799 2540 5853 ἐπεὶ
2599 5801 2691 5855 καὶ
2728 5803 2963 5874 Χριστὸς
2993 5805 3049 5859 ὲν
3082 5805 3412 5876 ἐλαχίστοις,
3455 5806 3545 5859 καὶ
3580 5807 3648 5857 τὰ
