4152 6402
500 391 614 459 497

1435 394 1609 454 VlTA
1650 394 1710 454 S.
1751 392 2169 459 THEODOSII
2210 397 2852 501 CCENOBIARCIIIE.x

3670 408 3780 472 493

497 508 734 562 ἐκείνων
771 504 976 577 μᾶλλον
1002 505 1255 576 φανερῶς
1304 505 1677 577 οἰκειούμενος
1698 524 1711 539 ⁸
1745 506 1886 561 ὥστε
1917 508 2096 574 οὐδεὶς

2210 512 2323 568 vilis
2347 520 2401 568 et
2445 514 2729 583 minimus,
2780 515 3044 587 majorem
3073 523 3501 589 consequeretur
3549 523 3787 576 curatio-

494 595 569 668 ἦν
599 598 738 660 ὅλως
766 599 888 652 ἐκεῖ
910 597 1023 652 τῶν
1074 597 1516 670 ἐκϐαλλομένων,
1558 600 1736 665 οὐδεὶς
1777 604 2093 673 παροπτέος

497 694 596 749 καὶ
624 693 954 763 σπλάγχνων
981 691 1386 764 φιλανθρώπων
1409 693 1630 767 ἀνᾴξιος
1651 709 1668 726 ⁶
1689 695 1835 767 ὅπερ
1863 696 1957 750 καὶ
1982 698 2091 751 τῶν

497 784 762 855 πατέρων
815 784 987 849 ἐνίοις
1016 784 1079 838 οὐ
1112 784 1261 839 πάνυ
1290 785 1479 855 ῥάδιον
1501 787 1582 851 είς
1609 786 1807 852 παῖδας
1829 788 2087 858 φυλάξαι.

500 876 694 931 Ἄλλοι
757 875 859 947 μὶν
911 876 1010 932 καὶ
1070 876 1293 947 ἁμφίων
1328 878 1481 942 ὅσοις
1534 876 1712 934 ἔνδεια
1752 880 1960 935 τούτων
2000 876 2094 952 ἦν,

499 971 713 1033 πάντες
733 970 792 1025 δὲ
816 969 1023 1040 ὁμοίως
1080 969 1298 1041 τρυφῆς
1355 969 1692 1041 ἀξιούμενοι·
1723 972 1819 1026 καὶ
1855 973 2099 1044 μέμνην-

497 1066 594 1122 ταί
630 1079 765 1117 ποτε
817 1062 875 1116 οι
899 1078 965 1131 γε
996 1062 1135 1133 πρὸς
1163 1060 1341 1117 ταῦτα
1367 1062 1779 1134 διακονούμενοι
1812 1065 2031 1128 πλείους
2058 1064 2094 1135 ἢ

501 1156 702 1211 ἐκατὸν
753 1155 886 1225 μιᾶς
926 1153 1150 1223 ἡμέρας
1204 1151 1476 1207 διαθεῖναι
1528 1152 1836 1224 τραπέζας.
1881 1152 2022 1205 Ἀλλ’
2061 1154 2096 1221 ἡ

2204 618 2362 671 nem;
2405 606 2662 675 quoniam
2688 607 2941 664 Christus
2980 623 3198 680 quoque
3228 619 3313 666 est
3346 607 3490 666 inter
3506 608 3791 677 minimos;

2200 707 2253 752 et
2278 711 2396 766 qua:
2424 707 2551 754 sunt
2599 698 2841 765 illorum,
2874 710 3064 771 aperte
3110 702 3212 758 sibi
3247 700 3455 758 tribuit.
3483 700 3666 769 Quare
3690 715 3789 757 eo-

2201 804 2319 843 rum
2349 789 2439 860 qui
2483 790 2904 860 expellerentur,
2935 793 3080 849 nulla
3141 794 3250 849 illic
3293 793 3598 850 habebatur
3623 793 3789 852 ratio.

2199 880 2392 937 Nullus
2420 884 2845 954 despiciebatur,
2881 885 3173 957 nullusque
3200 887 3459 958 indiguus
3490 886 3787 959 reputaba-

2201 984 2289 1028 tur
2326 973 2831 1033 commiseratione.
2873 974 3032 1043 Quod
3065 978 3285 1047 quidem
3325 987 3540 1049 patrum
3571 990 3792 1049 quoque

2202 1065 2474 1122 nonnullis
2512 1081 2620 1123 non
2647 1077 2733 1124 est
2763 1068 3054 1125 admodum
3084 1067 3241 1125 facile
3271 1082 3493 1125 servare
3539 1069 3595 1125 in
3629 1069 3790 1125 ﬁlios.

2201 1154 2309 1211 Sed
2331 1155 2451 1213 aliis
2479 1157 2699 1227 quidem
2724 1165 2903 1215 vestes
2928 1173 3147 1230 quoque
3184 1158 3480 1228 dabantur,
3504 1159 3704 1231 quibus
3725 1160 3795 1217 iis

507 1248 610 1317 μὲν
656 1243 975 1315 ἀνθρωπίνη
1032 1241 1131 1296 τοῦ
1185 1241 1371 1307 ἐλέους
1396 1242 1551 1314 πηγὴ
1575 1241 1804 1315 τοιαύτη
1826 1244 1918 1297 καὶ
1951 1241 2096 1297 οὑτω

2210 1254 2318 1301 erat
2362 1261 2499 1317 opus
2541 1264 2556 1302 :
2592 1248 2847 1304 onmibus
2901 1248 3160 1306 similiter
3209 1249 3481 1306 dabantur
3513 1248 3792 1306 alimenta.

501 1338 745 1408 δαψιλῶς
784 1335 1073 1407 βλύζουσα.
1117 1337 1182 1390 Ἦ
1216 1335 1274 1391 δέ
1304 1335 1400 1390 τοῦ
1422 1336 1559 1390 Θεοῦ
1608 1336 1768 1393 ὁποία
1787 1328 1805 1403 ’ς
1836 1337 1909 1391 Ἢ
1945 1336 2102 1407 δῆλον

506 1432 591 1483 ὅτι
654 1426 836 1498 πολλῷ
882 1426 962 1497 τῷ
1026 1427 1177 1498 μέσῳ
1219 1428 1315 1482 καὶ
1366 1427 1585 1500 ἀπείρῳ
1635 1427 1699 1482 τὺ
1751 1426 2096 1499 ὑπερϐάλλον

513 1525 710 1593 ἔχουσα
734 1517 1019 1588 ;Δηλώσει
1042 1519 1104 1573 δὲ
1137 1518 1233 1573 νῦν
1260 1519 1289 1573 ὁ
1312 1520 1472 1589 λόγος
1490 1520 1602 1574 τίσι
1631 1521 1979 1592 τεκμηρίοις,
2004 1520 2100 1576 καὶ

523 1613 602 1683 τῷ
626 1610 1010 1680 ἐπηγελθέντι
1040 1610 1217 1681 πέρας
1245 1610 1463 1678 ἐπάξει.

2201 1340 2378 1403 Atque
2421 1337 2791 1395 meminerunt
2816 1340 3060 1411 quidem,
3097 1340 3191 1412 qui
3244 1342 3315 1397 ad
3364 1341 3483 1399 hac
3516 1342 3797 1398 ministra-

2207 1432 2353 1497 bant,
2373 1443 2432 1485 se
2466 1445 2574 1485 uno
2603 1430 2689 1487 die
2708 1431 2996 1504 plusquam
3028 1442 3251 1489 centum
3298 1448 3516 1491 mensas
3538 1448 3785 1506 parasse.

2207 1520 2277 1576 Et
2311 1522 2579 1579 humanus
2613 1524 2831 1593 quidem
2884 1524 3275 1581 misericordiae
3312 1523 3433 1581 fons
3456 1536 3577 1581 erat
3611 1524 3799 1595 hujus-

2210 1613 2378 1679 modi,
2411 1623 2467 1670 et
2500 1625 2607 1670 tam
2661 1615 2885 1671 aliunde
2936 1616 3264 1673 scaturiens.
3300 1616 3395 1674 Dei
3425 1625 3605 1673 autem
3673 1617 3797 1674 fons

524 1708 733 1778 qualis?
757 1705 1011 1776 Nunquid
1041 1713 1129 1759 est
1149 1703 1527 1769 manifestum,
1552 1703 1696 1774 quod
1729 1703 1918 1760 multis
1946 1712 2111 1773 atque
2148 1707 2284 1760 adeo
2314 1706 2541 1763 inﬁnitis
2611 1707 2860 1778 partibus
2900 1708 3232 1779 superabat?
3277 1706 3433 1764 Nunc
3482 1719 3665 1766 autem
3691 1709 3791 1767 de-

518 1802 745 1858 clarabit
771 1802 976 1863 oratio,
1001 1798 1328 1870 quibusnam
1371 1799 1612 1866 indiciis,
1653 1807 1709 1855 et
1748 1799 1908 1855 ﬁnem
1931 1799 2176 1869 imponet
2209 1801 2280 1867 ei,
2308 1802 2454 1871 quod
2482 1814 2567 1859 est
2596 1803 2861 1876 pollicita.

584 1899 651 1953 λ’.
700 1896 1021 1951 Ἐπαίδευσέ
1064 1913 1198 1951 ποτε
1241 1896 1344 1966 τὴν
1387 1897 1491 1966 γῆν
1518 1898 1548 1949 ὁ
1578 1895 1747 1961 Θεὸς,
1797 1895 2088 1949 ἐπαίδευσε

2264 1896 2355 1954 50.
2380 1898 2696 1970 Castigabat
2725 1900 3019 1971 aliquando
3050 1911 3253 1958 terram
3287 1903 3453 1971 Deus,
3484 1900 3792 1975 castigabat
3860 1956 3867 1963 .

509 1993 567 2045 δὲ
592 1988 759 2060 λιμῷ,
807 1988 907 2044 καὶ
940 1989 1123 2058 ὀλίγος
1163 1988 1267 2042 οὑκ
1295 1989 1388 2041 ἐπὶ
1426 1988 1637 2059 βραχὺ,-
1656 1987 1777 2043 ούδέ
1825 1987 1936 2041 τῶν
1969 1988 2092 2059 μὲν,

509 2081 697 2136 τῶνδέ
720 2083 782 2136 ού
813 2083 1178 2152 κατεκράτει,
1241 2081 1361 2136 ἀλλ’
1399 2080 1560 2152 ἐπῄει
1608 2084 1775 2136 πᾶσιν
1807 2083 1843 2154 ἡ
1897 2082 2099 2153 μάστιξ

508 2176 749 2244 ἀμοίωςο
811 2173 958 2229 οὑτω
1002 2174 1058 2228 δὲ
1107 2174 1218 2228 τῶν
1264 2173 1569 2246 ἀνθρώπων
1613 2176 1953 2246 πιεζομένων
2012 2175 2101 2229 διὰ

511 2267 702 2321 κακῶν
786 2267 965 2338 ἔργων
1046 2266 1363 2321 ἀντέκτισιν
1441 2264 1617 2337 (ἐπεὶ
1683 2268 1779 2320 καὶ
1845 2267 2101 2339 πονηρῶν

511 2358 973 2428 ἐπιτηδευμάτων
1034 2356 1278 2427 Μιχαίας
1313 2357 1342 2409 ὁ
1374 2354 1519 2419 θεῖος
1565 2356 1780 2428 καρπὸν
1837 2352 1978 2411 εἶναι
2033 2357 2103 2412 τὰ

510 2448 741 2503 τοιαῦτά.
797 2448 981 2519 φησι),
1014 2447 1110 2501 καὶ
1141 2448 1175 2518 ἠ
1227 2446 1337 2499 τῶν
1366 2445 1535 2517 βαῒων
1584 2447 1888 2516 παρίστατο
1917 2446 2100 2517 ἑορτὴ,

512 2541 639 2594 καθ’
669 2541 736 2611 ἢν
757 2540 820 2594 τὸ
846 2540 955 2594 τῶν
1005 2539 1255 2610 πενήτων
1297 2538 1391 2591 καὶ
1419 2539 1695 2609 ἀγροίκων
1732 2537 1938 2609 πλῆθος
1968 2538 2105 2611 πρό-

513 2650 683 2703 φασιν
729 2632 910 2686 λαϐὼν
962 2630 1065 2703 τὴν
1115 2632 1425 2702 πανήγυριν
1478 2630 1749 2701 ἐπεδήμει
1814 2627 1894 2698 τῷ
1951 2628 2103 2699 τάπῳ

514 2726 618 2797 ήδη
646 2725 746 2795 μὲν
776 2725 873 2778 καὶ
902 2724 972 2778 δι’
1003 2722 1159 2786 εθους
1183 2722 1343 2776 τοῦτο
1369 2721 1673 2787 ποιοῦντες,
1704 2721 1841 2777 ἀλλὰ
1867 2721 1962 2775 καὶ
1982 2722 2105 2775 τότε

519 2818 617 2871 καὶ
647 2815 811 2867 πλέον
846 2814 952 2868 ὑπὸ
997 2812 1092 2867 τοῦ
1122 2811 1285 2884 λιμοῦ
1313 2813 1688 2883 κελευόμενοι.
1721 2812 1786 2865 Oi
1812 2811 1946 2881 γοῦν
1974 2813 2106 2883 περὶ

514 2906 617 2978 τὴν
672 2905 1051 2977 ἁριστοποιίαν
1107 2902 1520 2974 διακονούμενοι
1586 2903 1724 2974 πρὸς
1780 2903 1845 2956 τὺ
1897 2902 2106 2971 πλῆθος

521 2998 932 3069 ἰλιγγιάσαντες
968 2998 1077 3053 ὑπὸ
1114 2997 1380 3067 σταθμοῖς
1407 3011 1518 3049 τισι
1552 2996 1644 3049 καὶ
1668 2993 1856 3064 ζυγοῖς
1880 2994 1977 3066 τὴν
2005 2994 2105 3065 τῆς

515 3092 729 3165 τροφῆς
757 3089 1029 3143 ποιεῖσθαι
1064 3088 1326 3160 διανομὴν
1358 3087 1481 3160 [alii
1506 3084 1787 3158 διακονὴν]
1808 3085 2106 3156 ἐπειρῶντο

517 3186 596 3247 ὡς
628 3183 697 3237 ἂν
741 3185 807 3252 τῇ
852 3180 1027 3252 φειδοῖ
1069 3179 1240 3252 ταύτῃ
1271 3180 1368 3233 καὶ
1396 3177 1657 3250 ἀκριϐείᾳ
1689 3179 1826 3248 πρδς
1855 3177 2107 3239 πλείονας

2204 1999 2383 2046 autem
2419 1990 2564 2048 fame
2599 2006 2614 2045 :
2645 2001 2768 2048 erat
2788 2001 2984 2075 _autem
3038 2008 3143 2049 non
3174 1992 3358 2051 brevis
3384 1994 3566 2066 aliqua
3594 1994 3793 2060 fames,
3872 2038 3883 2049 .

2206 2097 2381 2154 neque
2432 2083 2485 2138 in
2533 2084 2635 2139 bos
2682 2082 2903 2154 quidem
2950 2083 3356 2150 dominabatur,
3395 2083 3450 2139 in
3501 2085 3639 2142 alios
3666 2100 3798 2141 vero

2208 2189 2350 2242 non;
2388 2174 2482 2229 sed
2513 2190 2581 2229 ex
2615 2188 2770 2244 sequo
2799 2188 2993 2231 omnes
3041 2174 3317 2230 invaserat
3341 2174 3632 2247 ﬁagcllum.
3659 2174 3795 2231 Cum

2208 2266 2287 2323 sic
2335 2275 2519 2323 autem
2571 2265 2943 2339 aliligerentur
2999 2266 3272 2333 homines,
3319 2277 3378 2324 ut
3432 2281 3645 2334 eorum,
3678 2282 3800 2339 qua:

2208 2357 2474 2413 scelerate
2496 2354 2958 2428 fecerant,pmnas
2975 2357 3171 2414 darent
3195 2357 3482 2430 (malorum
3506 2357 3651 2414 enim
3679 2366 3798 2413 stu-

2208 2448 2422 2505 diorum
2457 2448 2573 2505 ltae
2597 2463 2720 2506 esse
2747 2448 3011 2518 fructum,
3041 2451 3171 2508 dicit
3207 2450 3425 2508 divinus
3453 2449 3796 2521 Michaeas")

2209 2549 2264 2596 et
2290 2540 2507 2597 adesset
2533 2540 2649 2596 dies
2695 2539 2868 2602 festus
2898 2539 3233 2611 Palmarum,
3269 2555 3377 2612 quo
3421 2556 3716 2613 pauperum
3744 2550 3801 2596 et

2211 2632 2504 2703 agrestium
2550 2630 2864 2698 multitudo,
2912 2632 3038 2689 festi
3089 2640 3313 2703 accepta
3378 2632 3688 2699 occasione,
3745 2632 3799 2688 iu

2211 2738 2334 2779 eum
2366 2723 2545 2781 locum
2575 2733 2926 2790 convenerat,
2974 2725 3087 2793 jam
3123 2724 3226 2779 hoc
3255 2723 3472 2793 quidem
3506 2738 3604 2794 pro
3648 2738 3800 2779 more

2213 2814 2491 2884 facientes,
2525 2818 2619 2872 sed
2654 2825 2781 2871 tunc
2810 2815 2984 2886 magis
3030 2829 3061 2869 a
3104 2812 3244 2868 fame
3270 2813 3430 2884 jussi.
3466 2812 3569 2880 Qui
3602 2814 3789 2882 itaque

2212 2908 2278 2963 ad
2316 2909 2618 2979 parandum
2679 2907 2967 2978 prandium
3030 2905 3428 2972 inserviebant,
3483 2903 3553 2961 ad
3592 2912 3797 2961 tantam

2213 2998 2512 3069 caligantes
2566 2997 3007 3064 multitudinem,
3084 2996 3427 3051 conabantur
3478 2993 3797 3065 quibusdam

2214 3088 2366 3144 libris
2390 3099 2445 3145 et
2466 3090 2684 3144 trutinis
2706 3087 3021 3143 alimentum
3051 3085 3402 3152 distribuere,
3426 3092 3489 3141 ut
3512 3083 3617 3139 hac
3638 3096 3803 3139 accu-

2216 3191 2334 3237 rata
2362 3180 2655 3252 subtilique
2681 3181 2895 3235 ratione
2920 3187 2977 3236 et
3008 3178 3274 3249 parcitate
3326 3182 3513 3247 posset
3556 3172 3804 3247 pluribus

517 3277 743 3349 ἀρκέσῃ
758 3274 826 3327 τὰ
841 3274 937 3345 τῆς
953 3273 1180 3344 τροφῆς.
1198 3271 1258 3326 '0
1273 3272 1330 3325 δέ
1349 3270 1589 3341 σταθμὸς
1602 3272 1671 3325 αὑ
1682 3273 1789 3333 ῖοῖς
1805 3272 1884 3333 είς
1899 3268 2105 3340 λίτραν1

2218 3273 2533 3329 alimentum
2574 3271 2840 3327 subicere.
2876 3269 3096 3324 Pondns
3125 3277 3306 3322 autem
3358 3265 3440 3322 eis
3470 3264 3537 3321 ad
3582 3261 3801 3329 libram,

512 3371 594 3435 ὡς
634 3370 701 3425 ἄν
723 3385 810 3431 τις
863 3367 1011 3420 εἴποι
1043 3364 1261 3437 γλώττῃ
1295 3363 1588 3435 Ῥωμαίων
1616 3362 1920 3434 χρώμενος,
1952 3377 2110 3432 περι-

522 3463 742 3516 ίστατο·
777 3457 992 3527 παριών
1020 3475 1079 3511 τε
1106 3459 1135 3512 ὁ
1167 3457 1345 3529 μέγας
1374 3456 1471 3511 καὶ
1496 3455 1561 3509 τὺ
1589 3455 1962 3526 πραττόμενον
1989 3453 2110 3525 ὄψει

518 3547 884 3618 παραλαϐὼν,
946 3548 1144 3619 πλήθει
1172 3564 1233 3602 τε
1268 3545 1451 3617 πολλῷ
1491 3546 1591 3609 τὰς
1628 3545 1806 3609 πύλας
1845 3544 2106 3616 βιαζομέν

521 3660 644 3709 νας,
669 3642 769 3696 καλ⁵
795 3641 858 3695 τὸ
885 3641 980 3694 τοῦ
1019 3639 1140 3693 Ἰὼϐ
1177 3638 1368 3711 ὥσπερ
1410 3639 1508 3692 καὶ
1547 3638 1712 3702 αὐτὸς
1767 3640 1987 3707 φρονεῖν
2017 3636 2112 3691 καὶ

522 3736 704 3803 ὶέγειν
762 3732 1218 3803 πεπαιδευμένος,
1274 3733 1362 3789 ὅτι,
1389 3731 1466 3803 μὴ
1499 3730 1611 3798 ἔξω
1665 3729 1916 3801 ηὐλίζετο
1959 3729 2111 3795 ξένος

531 3829 626 3879 καὶ
653 3827 851 3899 ἠούρα
899 3844 1000 3898 μου
1059 3829 1223 3881 παντὶ
1264 3826 1529 3896 ὁδοιπόρῳ
1581 3823 1840 3894 ἀνέῳκτο,
1896 3821 2111 3877 κελεύει

538 3918 633 3980 τὰς
680 3918 854 3982 πύλας
900 3919 1342 3980 διαπετάσαντας
1375 3916 1626 3983 είσιτητὰ
1663 3916 1836 3970 θεῖναι
1858 3916 1924 3969 τὰ
1957 3915 2108 3977 ἐντὸς

544 4012 668 4061 πᾶσι
687 4013 793 4075 τοῖς
819 4010 1167 4081 βουλομένοις
1194 4025 1207 4040 ·
1236 4006 1353 4064 εἶτα
1380 4009 1476 4063 καὶ
1500 4008 1602 4072 τὰς
1639 4007 1893 4079 συνήθεις
1929 4023 2110 4079 παρα-

535 4097 701 4151 θεῖναι
749 4099 1031 4169 τραπέζας
1087 4099 1369 4168 ἀνδράσιν,
1429 4094 1510 4164 οἷς
1541 4099 1704 4171 ἔργον
1756 4099 1851 4152 καὶ
1892 4096 2111 4167 ἀριθμῷ

528 4192 729 4256 δοῦντι,
766 4171 842 4263 μή
875 4209 929 4245 τι
950 4209 1013 4261 γε
1046 4193 1187 4255 ὅλως
1215 4193 1313 4247 καὶ
1340 4195 1513 4263 τροφῇ
1542 4192 1787 4264 κορέσαι.
1815 4191 1973 4245 Ὅσοι
2010 4190 2111 4261 μὲν

525 4282 661 4354 πρὸς
686 4281 847 4339 τοῦτο
880 4284 1174 4353 ὑπηρετεῖν
1226 4282 1473 4353 ἔμελλον,
1500 4284 1605 4346 ἕως
1643 4284 1742 4353 μὲν
1779 4283 1917 4355 πρὸς
1953 4283 2113 4354 μόνον

527 4377 718 4439 ἁπλῶς
743 4376 806 4430 τὸ
833 4376 1037 4446 πλῆθος
1092 4376 1304 4448 ἐώρων,
1369 4378 1729 4441 ἀπιστοῦντες
1757 4380 1921 4447 μόνον
1946 4372 2111 4448 ἦσαν,

522 4470 625 4539 οὑχ
663 4471 812 4533 ὅπως
837 4470 900 4542 δή
933 4488 987 4524 τι
1015 4470 1111 4525 καὶ
1152 4469 1506 4542 ἐνεργοῦντες
1550 4471 1657 4542 ίδίᾳ
1683 4453 1783 4543 τὴν
1806 4470 2114 4542 ὑπερϐολὴν

521 4562 620 4615 τοῦ
668 4562 1059 4635 κελεύσματος.
1096 4564 1249 4617 Ἐπεὶ
1271 4564 1328 4618 δέ
1353 4565 1449 4618 καὶ
1480 4565 1617 4636 πρὸς
1645 4563 1746 4635 τὴν
1783 4564 1984 4635 ἀρετὴν
2017 4566 2112 4619 καὶ

523 4658 626 4723 τὴν
655 4656 820 4727 χάριν
848 4655 941 4710 τοῦ
978 4656 1349 4729 κελεύσματος
1382 4655 1541 4724 εἶδον,
1570 4658 1887 4729 ἀπέστησάν
1912 4675 1970 4711 τε
2001 4658 2109 4711 τῶν

526 4748 889 4820 ἀνθρωπίνων
935 4752 1030 4804 καὶ
1092 4751 1426 4823 ὑψηλότερον
1476 4750 1731 4821 ἔϐλεψαν,
1792 4751 2009 4822 ἧνοιγὸν
2049 4768 2108 4805 τε

526 4843 631 4907 τὶς
695 4841 872 4906 πύλας
920 4843 1127 4906 εὐθέως
1155 4884 1171 4909 ,
1220 4844 1316 4897 καὶ
1362 4844 1616 4915 ἁσμένως
1666 4843 1794 4907 τοὺς
1841 4844 2113 4908 είσιόντας

521 4935 773 5005 ἐδέχοντο
800 4979 814 5003 ,
881 4930 1003 4990 εἶτα
1062 4937 1158 4990 καὶ
1207 4937 1345 5008 πρὸς
1416 4936 1699 5008 τραπέζας
1745 4935 2110 5003 διεπονοῦντο,

524 5029 624 5083 καὶ
669 5029 869 5100 ἱλαρῶς
918 5029 1248 5102 παρετίθουν
1300 5028 1439 5084 αὑτὰ
1474 5027 1649 5083 ταῦτα
1674 5028 1776 5082 ὅσα
1826 5029 2110 5099 παρεῖχον.

523 5125 568 5175 Τ
575 5126 590 5177 ί
625 5119 768 5177 οὖνὸ
792 5123 901 5178 τῶν
927 5124 1254 5195 θαυμασίων
1289 5124 1463 5190 Θεόςς
1495 5124 1696 5193 Ἤρκει
1745 5122 1839 5177 καὶ
1860 5120 2014 5186 αὖθις
2044 5121 2116 5176 δι’

519 5216 723 5283 ὀλίγων
750 5216 971 5287 τρέφειν
1023 5216 1207 5286 πλήθη
1252 5215 1445 5284 πολλὰ,
1493 5212 1683 5286 ὥσπερ
1718 5212 1829 5284 ἄρα
1858 5213 1955 5267 καὶ
1999 5215 2112 5276 τοῖς

524 5307 688 5363 πέντε
710 5307 897 5378 ἄρτοις
933 5308 1063 5372 τοὺς
1111 5306 1590 5380 πεντακισχιλίους
1611 5305 1673 5361 τὸ
1703 5306 1968 5377 πρότερον
1997 5303 2113 5375 ἅμα

519 5400 659 5469 γοῦν
679 5398 834 5453 adeo!
847 5415 905 5452 τε
927 5399 1027 5463 τὰς
1056 5398 1330 5470 γαστέρας
1355 5382 1721 5468 ἐπίμπλαντο,
1743 5397 1838 5448 καὶ
1863 5395 1919 5448 ai
1941 5395 2106 5465 ἀρτο-

522 5491 692 5561 θῆκαι
741 5488 1039 5545 κατάπλεω
1088 5489 1199 5542 τῶν
1221 5487 1404 5559 ἄρτων
1437 5485 1767 5547 ἐδείκνυντο,
1806 5483 1974 5537 καὶ-οι
2009 5482 2110 5552 μὲν

522 5585 707 5638 πάντα
734 5582 1010 5637 ἐπιλιπεῖν
1042 5581 1317 5651 ἐνόμιζον,
1339 5581 1389 5633 oi
1414 5579 1474 5634 δέ
1504 5578 1733 5649 πλήρεις
1763 5570 1907 5648 ἦσαν
1946 5574 2112 5628 πλέον

532 5675 870 5749 ῆπαρέσχον
922 5675 1354 5740 ἀντιλαϐοὖσαι,
1413 5674 1508 5728 καὶ
1567 5672 1633 5726 δι’
1696 5670 1865 5742 εὐχῆς
1920 5668 2111 5741 ὥσπερ

613 5835 653 5867 ’θ
687 5832 830 5893 ﬂuit
892 5849 960 5895 \I,
1020 5837 1079 5890 15
1183 5842 1216 5868 ¹¹
1250 5837 1349 5891 Joh
1404 5849 1551 5897 xxxx,
1604 5835 1663 5887 l7
1715 5840 1761 5885 et
1809 5830 1892 5884 l8.

2144 4603 2191 4663 ι)

2213 3374 2271 3419 ιιι
2301 3364 2500 3421 dixerit
2531 3362 2801 3435 quispiam
2830 3370 2988 3417 utens
3012 3361 3197 3429 lingua
3227 3360 3617 3425 Romanorum,
3650 3354 3800 3412 redi-

2212 3456 2325 3512 bat.
2372 3455 2656 3511 Accedens
2687 3462 2869 3507 autem
2904 3466 3133 3522 magnus
3164 3448 3254 3506 ille
3281 3447 3645 3515 Theodosius,
3678 3460 3802 3502 cum

2211 3546 2266 3602 id
2310 3546 2455 3615 quod
2490 3543 2676 3611 ﬁebat,
2724 3543 2843 3599 visu
2906 3539 3381 3611 apprehendisset,
3424 3544 3479 3593 et
3533 3551 3564 3592 a
3607 3549 3803 3606 magna

2211 3638 2561 3696 multitudine
2601 3636 2713 3692 vim
2761 3633 2942 3691 aﬁerri
2984 3633 3192 3704 ianuis,
3229 3642 3286 3687 et
3311 3630 3452 3686 idem
3509 3628 3653 3698 quod
3678 3627 3800 3695 Job,

2211 3732 2497 3791 didicisset
2524 3730 2733 3787 sentire
2761 3735 2818 3783 et
2846 3726 3027 3783 dicere
3058 3740 3073 3776 :
3101 3722 3260 3777 Foris
3294 3737 3400 3778 non
3432 3718 3806 3775 diversabatur

2212 3825 2418 3895 hospes,
2447 3828 2498 3877 et
2523 3820 2730 3888 patebat
2756 3818 2951 3872 ostium
2978 3820 3122 3868 omni
3152 3810 3342 3867 viatori
3372 3810 3453 3875 u;
3490 3807 3646 3879 jubet
3674 3820 3806 3876 μοι·-
3846 3876 3847 3879 η

2211 3928 2296 3975 tas
2325 3914 2551 3989 aperiri,
2582 3922 2637 3970 et
2665 3910 3018 3985 permittere,
3069 3913 3132 3962 ut
3164 3917 3355 3962 omnes
3399 3903 3641 3958 volentes
3676 3915 3804 3970 pos-

2213 4021 2332 4067 sent
2360 4006 2571 4080 ingredi
2604 4021 2621 4058 :
2649 4012 2706 4061 et
2732 4001 3043 4060 hominibus
3070 4011 3291 4055 mensas
3316 4000 3613 4054 consuetas
3638 4005 3806 4063 appo-

2214 4117 2364 4167 nere,
2392 4114 2529 4170 quos
2559 4095 2773 4154 diﬁicile
2814 4102 2937 4150 erat
2966 4091 3050 4146 vel
3091 4101 3406 4155 numerare,
3464 4099 3580 4142 non
3628 4084 3805 4140 solum

2214 4208 2309 4249 eos
2340 4192 2460 4247 cibo
2497 4190 2718 4245 satiare.
2753 4186 3081 4254 Quicunque
3130 4193 3264 4252 ergo
3293 4179 3346 4235 ei
3385 4184 3545 4235 erant
3575 4175 3806 4232 inservi-

2216 4286 2345 4349 turi,
2394 4282 2610 4351 quando
2682 4281 2750 4335 ad
2805 4279 2977 4334 solam
3029 4272 3405 4331 tantummodo
3472 4269 3811 4341 aspiciebant

2217 4376 2638 4439 multitudinem,
2697 4387 2803 4426 non
2843 4368 3142 4426 credebant
3183 4382 3199 4420 :
3244 4373 3455 4420 tantum
3509 4362 3684 4426 abest,
3747 4369 3811 4414 ut

2216 4470 2417 4540 aliquid
2461 4469 2737 4531 lacerent,
2803 4475 3092 4534 propterea
3152 4458 3297 4529 quod
3361 4454 3580 4511 modum
3631 4452 3811 4522 iussio

2218 4563 2602 4635 exsuperabat.
2644 4561 2939 4630 Postquam
2974 4561 3155 4611 autem
3184 4557 3523 4623 aspexerunt
3543 4549 3612 4604 ad
3639 4548 3811 4602 virtu-

2219 4670 2328 4715 tem
2353 4666 2407 4713 et
2435 4656 2665 4727 gratiam
2699 4652 2838 4721 ejus,
2871 4649 2964 4721 qui
2990 4647 3239 4718 iubebat,
3280 4643 3349 4698 ab
3383 4640 3637 4698 humanis
3681 4639 3809 4695 dos-

2214 4750 2464 4812 titerunt,
2506 4756 2562 4803 et
2606 4743 2771 4799 altius
2856 4745 3231 4812 aspexerunt,
3290 4742 3347 4792 et
3395 4742 3579 4804 portas
3626 4731 3811 4788 statim

2217 4845 2569 4912 aperuerunt,
2617 4844 2674 4892 et
2699 4834 2952 4890 lubenter
3004 4829 3345 4887 admiserunt
3374 4839 3471 4884 eos
3492 4825 3587 4896 qui
3627 4822 3812 4878 venie-

2217 4935 2354 4990 bant
2387 4948 2403 4986 :
2435 4941 2493 4989 et
2511 4926 2712 4986 deinde
2741 4925 2908 4983 etiam
2933 4921 3192 4995 parandis
3214 4919 3421 4978 mensis
3453 4917 3658 4975 dabant
3680 4929 3810 4985 ope-

2214 5029 2355 5094 ram,
2386 5033 2444 5081 et
2500 5021 2749 5079 hilariter
2794 5033 2860 5076 ea
2887 5018 3052 5076 etiam
3083 5014 3451 5087 apponebant,
3488 5022 3608 5080 qua:
3639 5007 3808 5063 habe-

2212 5119 2361 5175 bant.
2394 5114 2534 5183 Quid
2560 5128 2691 5185 ergo
2721 5110 2861 5168 Dens
2884 5104 3326 5165 admirabilium?
3349 5104 3562 5160 Rursus
3588 5111 3810 5170 quoque

2211 5208 2426 5265 suﬁ‘ecit
2458 5206 2524 5262 ad
2582 5203 2770 5277 paucis
2798 5200 3045 5258 alendam
3077 5210 3330 5267 magnam
3366 5190 3805 5253 multitudinem,

2211 5302 2356 5359 sicut
2384 5300 2551 5356 etiam
2585 5297 2739 5368 prius
2796 5294 3039 5365 quinque
3069 5290 3305 5361 panibus
3332 5286 3580 5358 quinque
3615 5280 3807 5339 millia.

2218 5394 2394 5453 Simul
2423 5407 2553 5464 ergo
2579 5405 2767 5447 eorum
2788 5386 2992 5460 impleti
3023 5392 3153 5442 sunt
3193 5389 3436 5447 ventres,
3458 5386 3516 5434 et
3541 5389 3683 5433 arcte
3712 5387 3783 5446 pa

2221 5487 2388 5543 naria:
2417 5483 2846 5541 ostendebantur
2868 5479 3041 5553 plenae
3082 5476 3313 5548 panibus
3344 5488 3364 5529 :
3395 5479 3454 5527 et
3476 5470 3552 5525 illi
3588 5468 3812 5541 quidem

2219 5575 2610 5632 existimabant
2661 5572 2797 5639 fore,
2829 5579 2889 5627 ut
2935 5568 3119 5624 omnia
3182 5566 3524 5623 deﬁcerent:
3570 5574 3649 5618 etc
3677 5572 3817 5614 vero

2224 5676 2381 5723 erant
2410 5664 2602 5737 plente,
2634 5674 2684 5721 et
2708 5664 2861 5735 plura
2890 5661 3150 5719 tenebant
3177 5671 3340 5731 quam
3366 5654 3729 5728 praebuerant,
3758 5658 3822 5715 et
