4152 6404
329 381 438 452 ίθθ

1543 378 1827 442 MENSIS
1867 379 2324 444 IANUARIUS.

2636 311 2662 317 ._
2683 310 2758 321 ,.,,.
2781 310 2892 331 νη...

3491 384 3596 445 5‘30

331 511 426 564 per
447 492 749 548 orationem
769 488 934 547 veluti
957 489 1022 544 ad
1046 487 1327 558 replendus
1362 496 1582 543 ventres
1615 501 1914 558 pauperum

2029 491 2104 553 si;
2153 491 2254 555 τὰς
2316 489 2426 544 τῶν
2502 490 2749 560 πενήτων
2841 491 3115 561 γαστέρας
3182 489 3602 557 πολυξονῖιτατα

332 583 625 655 plurimum
678 579 913 636 fructum
951 580 1343 650 produxerant.
1375 576 1466 633 Sic
1499 593 1601 648 pro
1626 578 1745 648 ejus
1785 593 1917 646 pro-

251 743 255 748 I
328 673 657 744 positoDeus
682 673 854 743 ipsum
878 681 962 726 est
992 678 1397 734 remuneratus,
1421 679 1474 725 et
1498 685 1595 739 pro
1612 669 1728 738 ejus
1755 669 1912 724 bene-

255 761 257 766 ’
333 768 553 823 licentia
613 766 669 821 itt
704 778 993 835 pauperes,
1049 779 1155 819 non
1218 763 1394 818 solum
1443 762 1658 817 abunde
1691 762 1922 830 desuper

332 860 526 928 pineus
579 867 803 929 propter
859 857 978 927 ejus
1019 857 1338 928 ptunillcam
1392 855 1781 921 voluntatem,‘
1825 855 1920 908 sed

330 951 494 1007 etiam
513 949 772 1016 elﬁcieus,
804 958 860 1004 ut
885 949 965 1002 vir
1009 947 1097 1002 ille
1137 947 1192 1002 in
1243 947 1600 1005 admiratione
1627 945 1921 1001 haberetur

331 1052 387 1102 et
415 1043 809 1110 celebraretur,
838 1050 1128 1113 propterea
1158 1039 1302 1111 quod
1341 1039 1416 1094 sit
1460 1037 1682 1093 minime
1722 1035 1920 1093 falsum

332 1113 684 1204 promissum.
715 1132 976 1189 Promisit
1004 1131 1150 1187 enim
1176 1145 1272 1186 eos
1309 1129 1640 1202 gloriﬁcare,
1669 1130 1765 1199 qui
1795 1143 1918 1184 eum

331 1229 508 1280 sciunt
538 1224 844 1293 gloriﬁcare
878 1237 976 1294 per
1009 1236 1174 1292 opera
1207 1221 1271 1274 ".

402 1315 492 1370 at.
525 1313 654 1370 Post
689 1315 793 1370 ltoc
833 1322 1012 1371 autent
1046 1311 1192 1368 aliud
1243 1324 1460 1380 quoque
1492 1309 1727 1374 dicatur,
1764 1307 1913 1378 quod

335 1420 519 1475 parem
544 1405 790 1464 continet
815 1414 870 1458 et
915 1402 1207 1459 voluntatis
1245 1400 1698 1465 muniﬁcentiam,
1734 1408 1790 1454 et
1817 1414 1920 1467 pa-

332 1497 512 1558 trandi
541 1496 786 1553 miraculi
820 1497 1100 1552 virtutem.
1151 1492 1364 1551 Rursus
1391 1503 1512 1549 erat
1546 1492 1667 1551 dies
1720 1491 1914 1558 festus,

2022 583 2438 652 γεωργήσασαι.
2502 581 2691 646 Οὕτως
2741 583 2904 637 αὑτὸν
2952 585 2982 637 ὀ
3045 582 3481 654 Θεδςοὴμείὸετο
3505 586 3602 653 τῆς

2021 674 2356 742 προθέσεως,
2413 673 2556 728 οὕτω
2583 674 2682 744 τῆς
2735 676 2868 746 περὶ
2893 677 3022 739 τοὺς
3054 675 3299 745 πένητας
3329 675 3602 742 εὐποιίας,

2019 767 2082 818 οὐ
2117 767 2280 836 μόνον
2301 767 2552 837 ἀφθόνως
2581 768 2791 824 ἄνωθεν
2827 769 3058 834 ὑετίζων
3091 768 3181 823 διὰ
3207 768 3307 840 τὴν
3331 769 3602 834 ἀφθονίαν

2019 858 2118 926 τῆς
2178 859 2574 929 προαιρέσεως,
2623 859 2761 914 ἀλλὰ
2791 860 3073 931 πανταχοῦ
3099 860 3516 931 θαυμαζόμενόν
3542 878 3600 914 τε

2020 950 2116 1002 καὶ
2141 949 2534 1020 περιᾳδόμενον
2561 951 2652 1005 τὸν
2684 951 2854 1021 ἄνδρα
2880 949 3164 1018 δεικνύων,
3184 951 3274 1006 διὰ
3303 952 3364 1005 τὸ
3422 951 3601 1021 ἄψαυ-

2024 1057 2152 1095 στον
2193 1042 2291 1112 τῆς
2333 1042 2693 1112 ἐπαγγελίας.
2737 1042 3004 1110 Δοξάξειν
3069 1043 3182 1113 γὰρ
3236 1043 3609 1113 ἐπηγγείλατο

2021 1133 2148 1196 τοὺς
2175 1132 2265 1190 διὰ
2289 1134 2399 1188 τῶν
2427 1134 2608 1207 ἔργων
2644 1134 2807 1190 αὐτὸν
2828 1133 3076 1202 δοξάζειν
3107 1134 3528 1205 ἐπισταμένους.

2093 1305 2198 1364 λα’.
2229 1307 2490 1379 Δεγέσθω
2513 1311 2806 1381 τοιγαροῦν
2837 1312 2930 1365 ἐπὶ⁹
2959 1312 3133 1381 τούτῳ
3156 1313 3253 1366 καὶ
3274 1311 3360 1366 έτε
3371 1329 3485 1382 ρον,
3503 1313 3603 1383 τῆς

2021 1402 2214 1472 ὁμοίας
2266 1401 2330 1456 ὃν
2361 1401 2455 1456 καὶ
2489 1404 2618 1473 περὶ
2664 1404 2762 1472 τὴν
2803 1404 3124 1474 προαίρεσιν
3155 1403 3458 1472 δαψιλείας,
3510 1407 3606 1460 καὶ

2020 1494 2150 1564 περὶ
2173 1493 2271 1568 τὴν
2319 1495 2765 1566 θαυματουργίαν
2833 1495 3137 1566 δυνάμεως.
3211 1496 3406 1567 Ἐορτὴ
3440 1495 3604 1551 πάλιν

333 1596 390 1645 et
418 1588 590 1646 festus
624 1587 864 1657 Virginis
900 1587 994 1643 Dei
1047 1585 1238 1643 Matris
1281 1603 1300 1642 :
1337 1587 1392 1644 in
1444 1601 1578 1657 quo,
1632 1594 1918 1656 propterea

2029 1577 2108 1654 ἦν,
2155 1584 2250 1638 καὶ
2281 1586 2316 1655 ἡ
2343 1585 2505 1657 ἐορτὴ
2533 1589 2633 1657 τῆς
2665 1587 2943 1658 Παρθένου
2977 1589 3073 1644 καὶ
3125 1588 3490 1659 Θεομήτορος,
3545 1591 3608 1642 ἐν

331 1680 478 1752 quod
507 1693 627 1737 erat
669 1680 824 1736 valde
869 1679 1098 1752 insignis
1132 1695 1196 1736 ac
1249 1679 1532 1746 solemnis,
1579 1688 1687 1733 tam
1719 1692 1912 1749 magna

329 1783 662 1830 convenerat
693 1773 980 1829 multitudo
1010 1772 1320 1845 (oportebat
1345 1772 1492 1828 enim
1515 1781 1570 1827 et
1600 1771 1720 1827 festi
1753 1785 1915 1826 causa

2020 1669 2176 1747 ᾖδιὰ
2226 1675 2288 1733 τὺ
2317 1676 2438 1730 λίαν
2489 1678 2764 1749 ἐπίσημον
2810 1679 2960 1733 οὕτω
2995 1697 3048 1733 τι
3097 1679 3231 1734 πολὺ
3267 1679 3498 1749 συνῆλθε
3544 1681 3610 1734 τὸ

2021 1765 2227 1834 πλῆθος
2258 1767 2387 1834 (ἔδει
2408 1768 2516 1840 γὰρ
2563 1769 2660 1823 καὶ
2686 1770 2774 1823 διὰ
2793 1770 2892 1841 τὴν
2924 1771 3022 1840 τῆς
3055 1771 3248 1841 ἑορτῆς
3274 1771 3454 1832 αίτίαν
3476 1771 3607 1824 πολε,

329 1881 453 1926 esse
485 1865 685 1926 multos
715 1842 1108 1932 celebratur‘os,
1164 1873 1219 1921 et
1246 1865 1367 1935 ejus
1399 1865 1490 1934 qui
1535 1861 1659 1923 l‘esti
1693 1863 1921 1923 celebri-

2029 1855 2147 1919 λοὺς
2179 1853 2470 1921 εἶναιτοὺς
2500 1859 2995 1929 πανηγυρίζοντας,
3044 1860 3138 1914 καὶ
3164 1858 3262 1930 τὴν
3307 1859 3406 1913 τοῦ
3433 1877 3607 1930 πανη-

331 1965 499 2014 tatem
551 1956 861 2027 peragebat,
891 1956 1194 2024 dexteram,
1231 1966 1350 2022 aut,
1385 1964 1443 2010 ut
1504 1954 1686 2026 potius
1719 1955 1918 2018 dicant,

333 2049 695 2118 propositum,
729 2049 928 2102 habere
965 2047 1129 2103 etiam
1183 2047 1566 2104 convenienter
1603 2049 1798 2101 multos
1829 2047 1919 2117 qui

335 2135 636 2206 alerentur)
667 2147 726 2191 ut
768 2151 835 2191 ne
865 2136 1180 2192 sufﬁcerent
1235 2137 1450 2206 quidem
1496 2139 1562 2192 ad
1613 2137 1920 2193 faciendum

333 2227 654 2284 accumbere
702 2241 796 2282 eos
845 2227 938 2298 qui
1013 2227 1374 2294 accedebant,
1426 2227 1504 2282 illi
1563 2227 1758 2297 quibus
1818 2228 1921 2282 hoc

334 2319 689 2374 Commissum
719 2319 936 2385 fuerat;
971 2328 1178 2373 tan-tum
1197 2320 1372 2384 abest,
1403 2330 1461 2373 ut
1491 2318 1756 2374 baberent
1777 2319 1919 2388 quod

336 2411 474 2474 satis
515 2421 662 2466 esset
699 2413 767 2467 ad
799 2427 895 2468 eos
941 2411 1190 2478 alendos,
1213 2411 1322 2467 nisi
1372 2412 1428 2468 in
1456 2411 1687 2484 singulis
1718 2411 1922 2467 mensis

335 2510 615 2573 oporteret
644 2518 810 2576 unum
856 2517 1049 2572 Panem
1089 2517 1380 2573 apponere.
1419 2503 1522 2570 Qui
1551 2511 1732 2560 autem
1764 2517 1922 2560 areas

349 2594 605 2665 panarias
629 2591 758 2654 ante
797 2594 1117 2664 impleverat
1149 2595 1410 2650 Dominus
1428 2594 1600 2667 (larga
1630 2604 1684 2650 et
1703 2594 1921 2666 copiosa

343 2684 590 2749 dextera,
621 2699 738 2753 qua:
767 2685 1032 2754 aperitur,
1053 2686 1295 2740 etnutrit
1313 2686 1574 2756 quidquid
1605 2685 1674 2743 ab
1701 2685 1815 2754 ipsa
1841 2693 1922 2741 est

334 2773 627 2844 creatum),
670 2776 715 2830 is
758 2785 885 2830 tunc
912 2791 1129 2848 quoque
1161 2793 1377 2833 mensas
1417 2777 1677 2847 implevit,
1729 2776 1832 2842 vel,
1867 2785 1925 2830 ut

339 2865 519 2931 potius
547 2866 745 2934 dicam,
772 2877 994 2923 ventres
1050 2884 1064 2920 :
1103 2869 1239 2924 adeo
1269 2879 1328 2925 ut
1357 2884 1478 2930 cum
1506 2868 1925 2931 innumerabilis

337 2955 429 3015 ille
449 2956 732 3021 hominum
752 2967 1054 3032 cpnventus
1083 2959 1277 3015 fuisset
1295 2960 1486 3028 plenus
1503 2959 1570 3015 ad
1588 2959 1919 3021 satietatem,

343 3057 421 3105 tot
476 3059 664 3103 essent
714 3059 914 3119 sporta:
979 3050 1374 3121 reliquiarum,
1437 3057 1495 3114 ut
1555 3050 1657 3122 ipsi
1707 3064 1924 3120 quoque

2022 1948 2284 2019 γυριστοῦ
2316 1947 2579 2022 δεξιὰν,,ἢ
2609 1951 2708 2021 τὴν
2738 1951 2996 2022 πρόθεσιν
3034 1952 3233 2024 μᾶλλον
3267 1953 3442 2005 είπεῖν
3471 1953 3605 2007 ἀνα-

2023 2038 2196 2108 λόγως
2222 2041 2389 2111 αὐτῆς
2417 2041 2560 2111 ἔχειν
2586 2043 2678 2097 καὶ
2703 2043 2835 2107 τοὺς
2865 2044 3340 2115 τραφησομένους)
3367 2046 3443 2108 ὼς
3468 2045 3606 2117 μηδὲ

2021 2131 2148 2193 τοὺς
2182 2131 2268 2183 ἐπ’
2299 2130 2450 2204 αὑτῷ
2483 2132 2851 2202 τεταγμένους
2878 2132 3228 2188 κατακλίνειν
3255 2134 3381 2197 τοὺς
3407 2135 3598 2188 εἰσιόν-

2022 2241 2121 2288 τας
2156 2225 2366 2296 ἀρκεῖν,
2425 2226 2501 2296 μή
2531 2243 2584 2280 τι
2615 2243 2679 2294 γε
2711 2226 2808 2282 καὶ
2840 2227 2900 2281 τὸ
2955 2227 3230 2299 αὕταρκες
3285 2231 3366 2293 είς
3398 2229 3611 2298 τροφὴν

2023 2317 2304 2385 χορηγεῖν,
2335 2314 2475 2386 πλὴν
2499 2315 2548 2368 εί
2579 2316 2722 2369 κατὰ
2751 2316 2878 2386 μίαν
2913 2317 3022 2370 τῶν
3052 2317 3345 2388 τραπεζῶν
3373 2319 3470 2372 ἕνα
3500 2319 3609 2376 ἔδει

2023 2408 2114 2460 τὸν
2142 2409 2306 2478 ἄρτον
2329 2408 2716 2480 παρατιθέναι.
2756 2409 2815 2462 Ὀ
2872 2409 2930 2462 δὲ
2954 2408 3062 2480 πρὸ
3093 2409 3299 2462 τούτων
3325 2410 3422 2472 τὰς
3444 2412 3608 2480 ἀρτοτ

2027 2499 2200 2568 θήκας
2261 2498 2485 2569 πληρῶν
2538 2500 2744 2570 Κύριος
2805 2501 2861 2570 (ἡ
2897 2500 3212 2571 πολυαρκὴς
3243 2501 3337 2553 καὶ
3380 2501 3609 2571 ἄφθονος

2025 2592 2176 2659 δεξιὰ
2204 2593 2238 2662 ἡ
2285 2592 2615 2663 ἀνοιγομένη
2668 2594 2760 2646 καὶ
2787 2595 2896 2648 πᾶν
2925 2595 2985 2646 τὸ
3037 2594 3130 2648 ὑπ’
3167 2594 3336 2665 αὐτῆς
3389 2595 3608 2657 κτισθὲν

2025 2684 2350 2756 τρέφουσα),
2375 2680 2530 2750 οὗτος
2561 2686 2624 2757 δὴ
2651 2686 2744 2739 καὶ
2763 2685 2883 2738 τότε
2911 2685 3007 2747 τὰς
3045 2684 3322 2756 τραπέζας
3342 2685 3608 2757 ἐπλήρου,

2029 2777 2061 2847 ἢ
2099 2776 2197 2830 καὶ
2245 2777 2343 2840 τὰς
2371 2776 2647 2848 γαστέρας
2694 2777 2894 2846 μᾶλλον
2939 2779 3112 2831 είπεῖν
3135 2794 3146 2807 ·
3184 2775 3325 2829 ὥστε
3378 2778 3472 2829 καὶ
3505 2777 3607 2842 τῆς

2031 2867 2452 2940 μυριανθρώπου
2473 2868 2796 2938 συναγωγῆς
2827 2869 3042 2939 ἐκείνης
3064 2869 3143 2932 είς
3165 2868 3327 2939 κόρον
3347 2869 3607 2936 πλησθείη

2028 2977 2152 3033 σης,
2183 2960 2444 3014 τοσαῦται
2473 2961 2580 3013 τῶν
2629 2960 2896 3031 λειψάνων
2949 2961 3004 3013 αί
3037 2959 3291 3029 σπυρίδες
3324 2957 3484 3032 ἦσαν,
3533 2959 3608 3020 ὡς

2029 3054 2224 3116 αὐτούς
2275 3071 2333 3107 τε
2383 3055 2510 3118 τοὺς
2567 3053 2996 3116 κατακλιθέντας
3053 3053 3222 3113 πολλὰ
3281 3054 3376 3108 καὶ
3427 3052 3608 3106 οἴκαδε

341 3138 432 3208 qui
491 3141 880 3206 accubueram,
907 3141 1075 3196 multa
1109 3143 1331 3200 domum
1380 3143 1620 3210 tulerint,
1651 3153 1706 3198 et
1739 3143 1804 3198 iis
1830 3141 1921 3212 qui

2030 3144 2478 3212 ἀπενέγκασθαι,
2542 3145 2633 3202 καὶ
2686 3145 2812 3205 τοὺς
2877 3144 3328 3214 διακονουμένους
3383 3143 3614 3214 ὕστερον

342 3233 681 3304 serviebant,
708 3251 775 3292 ex
803 3237 874 3292 iis
895 3236 1006 3293 sint
1033 3235 1269 3308 opiparte
1303 3246 1488 3307 postea
1519 3251 1720 3298 mensa:
1754 3249 1924 3305 apPO‘

341 3327 483 3386 sitan.

417 3418 506 3471 52.
542 3416 802 3473 Videntur
840 3429 1019 3476 autem
1051 3423 1167 3479 haec
1188 3437 1310 3480 esse
1333 3423 1572 3478 difﬁcilia
1619 3440 1726 3481 non
1757 3424 1928 3482 solum

347 3510 414 3568 ad
440 3509 784 3578 iutitandum,
817 3514 911 3568 sed
941 3515 1105 3570 etiam
1139 3517 1203 3570 ad
1229 3516 1580 3580 laudandum,
1611 3526 1665 3572 et
1686 3517 1752 3570 ad
1785 3527 1932 3572 recte

344 3599 726 3670 explicandum
794 3606 1060 3662 oratione.
1133 3607 1265 3674 Quis
1317 3608 1461 3663 enim
1506 3608 1684 3663 adltuc
1742 3609 1930 3664 videns

347 3691 629 3766 AEgyptios
681 3698 1014 3769 cpnllueutes
1059 3702 1125 3756 ad
1181 3702 1364 3772 magni
1397 3702 1690 3760 Theodosii
1739 3719 1931 3759 mona-

348 3788 574 3844 sterium
601 3826 618 3854 ,
649 3805 755 3846 non
809 3791 1202 3848 existimaverit
1247 3793 1328 3848 vel
1373 3802 1564 3862 puteos
1609 3808 1730 3849 esse
1771 3805 1932 3851 tantae

348 3879 678 3936 multitudini
739 3881 1049 3939 defecturos
1094 3885 1162 3939 ad
1210 3885 1383 3940 solum
1425 3887 1654 3956 potum?
1700 3887 1781 3942 Illi
1821 3904 1933 3943 au-

351 3983 460 4026 tem
528 3973 603 4027 ita
683 3973 754 4029 ad
811 3976 1119 4039 satietatem
1209 3978 1464 4034 fruuntur
1517 3981 1818 4051 appositis,
1876 3992 1936 4035 ut

348 4063 625 4130 iisetiam,
670 4067 763 4135 qui
799 4077 920 4136 post
947 4069 1096 4138 ipsos
1124 4072 1436 4137 veniebant,
1467 4071 1776 4127 suﬁicerent
1813 4087 1936 4140 quat

352 4166 747 4221 remanserant,
802 4160 870 4211 ad
900 4161 1198 4215 secundum
1242 4163 1574 4217 convivium.
1633 4161 1768 4227 Quis
1803 4177 1934 4231 ergo

357 4247 564 4314 videns,
596 4263 716 4316 quae
745 4250 794 4303 in
825 4251 1144 4307 hodiernum
1180 4268 1352 4324 usque
1375 4255 1516 4308 diem
1549 4254 1768 4310 ﬁuntin
1801 4256 1934 4310 soli-

355 4337 565 4405 tudine,
594 4355 704 4408 μου
739 4342 924 4403 statim
957 4353 1035 4397 est
1082 4345 1366 4403 habiturus
1395 4347 1498 4403 lide
1525 4346 1745 4414 dignunt
1774 4347 1935 4402 ιοεῑίη

355 4429 618 4498 monium,
650 4433 792 4500 quod
821 4434 911 4503 qui
943 4449 1038 4504 per
1075 4433 1314 4507 Moysem
1353 4437 1406 4491 in
1434 4437 1730 4492 solitudine
1773 4441 1936 4492 mira—

2035 3236 2232 3306 συχνὰς
2257 3237 2320 3290 ἐκ
2354 3237 2558 3301 τούτων
2592 3237 2920 3310 παραθεῖναι
2952 3238 3253 3310 τραπέζας.

2105 3417 2206 3489 λβ’.
2244 3419 2427 3472 Ἕοικε
2451 3418 2508 3472 δὲ
2540 3418 2714 3474 ταῦτα
2735 3418 2796 3472 οὗ
2837 3423 3184 3492 μιμησασθαι
3220 3421 3382 3492 μόνον
3400 3421 3614 3492 χαλεπᾷ

2034 3511 2192 3576 εἶναι,
2245 3511 2381 3573 ἀλλὰ
2412 3513 2505 3566 καὶ
2544 3512 2854 3578 ἐπαινέσαι,
2895 3514 2990 3566 καὶ
3019 3513 3198 3578 καλῶς
3226 3514 3304 3585 τῷ
3357 3515 3500 3587 λόγῳ
3537 3518 3614 3576 δι-

2033 3605 2291 3672 εξελθεῖν.
2347 3605 2443 3668 Τίς
2487 3603 2595 3675 γὰρ
2625 3605 2718 3667 καὶ
2746 3605 3077 3676 Αἰγυπτίους
3099 3606 3242 3676 ὁρῶν
3271 3609 3348 3670 εἰς
3385 3607 3466 3668 ἔτι
3504 3613 3612 3671 τοῖς

2035 3699 2330 3768 ἐγκαινίοις
2361 3700 2496 3770 πρὸς
2525 3702 2622 3768 τὴν
2650 3701 2744 3755 τοῦ
2780 3703 3020 3773 μεγάλου
3051 3703 3220 3774 μονὴν
3257 3704 3609 3776 συρρέοντας.

2034 3793 2136 3845 οὐκ
2161 3791 2462 3862 ἐπιλείψειν
2489 3791 2554 3846 ἂν
2607 3795 2665 3851 ὲν
2697 3793 2936 3866 τοσουτῳ
2969 3793 3165 3863 πλήθει
3200 3795 3336 3865 πρὸς
3367 3798 3527 3850 ποτόν
3553 3814 3614 3863 γε

2038 3884 2200 3954 μόνον
2229 3883 2500 3956 ἡγήσαιτο
2526 3885 2620 3938 καὶ
2643 3886 2708 3939 τὰ
2737 3885 2946 3957 φρέατα
2969 3904 2983 3953 ;
3009 3887 3073 3939 Οί
3102 3886 3158 3940 δὲ
3205 3885 3379 3951 οὕτως
3413 3890 3491 3951 είς
3522 3891 3614 3942 κό-

2041 3990 2131 4043 ρον
2159 3971 2496 4026 ἀπολαϐοὖσι
2525 3973 2636 4026 τῶν
2692 3973 3140 4045 παρακειμένων,
3191 3972 3333 4035 ὥστε
3384 3975 3477 4026 καὶ
3506 3979 3615 4038 τοῖς

2039 4062 2158 4134 μετ’
2184 4063 2383 4127 αὐτοὺς
2409 4063 2624 4117 ἐπιοῦσι
2641 4065 2710 4117 τὰ
2735 4065 3169 4135 ὑπολελειμμένα
3198 4064 3332 4132 πρὸς
3359 4065 3617 4134 δευτέραν

2036 4157 2226 4226 ἀρκεῖν
2269 4157 2531 4211 ἑστίασιν.
2591 4155 2687 4219 Τίς
2719 4153 2813 4209 οὖν
2861 4157 3036 4210 ταῦτα
3089 4157 3250 4226 μέχρι
3300 4158 3392 4209 καὶ
3433 4157 3525 4209 νῦν
3560 4157 3618 4207 ἐν

2038 4250 2230 4319 ἐρήμῳ
2258 4247 2701 4318 διαπραττόμενα
2731 4248 3000 4318 καθορῶν,
3038 4249 3139 4302 οὐκ
3167 4249 3328 4311 εὐθὺς
3358 4249 3622 4319 ἐχέγγυον

2037 4337 2150 4402 ἕξει
2175 4408 2178 4410 Ι
2199 4338 2299 4409 τὴν
2353 4337 2680 4408 μαρτυρίαν,
2735 4337 2810 4400 ὡς
2840 4339 2868 4389 ό
2893 4337 2980 4391 διὰ
3009 4337 3257 4401 Μωσέως
3300 4339 3386 4392 ἐπ’
3415 4338 3620 4408 ἐρημία

2040 4429 2305 4500 πρότερον
2358 4427 2664 4499 παράδοξον
2731 4428 3005 4498 Ἑϐραίοις
3054 4429 3337 4500 ὀμϐρήσας
3389 4431 3618 4499 τροφὴν,

352 4525 458 4585 bile
497 4525 645 4595 prius
666 4525 802 4596 pluit
826 4528 1067 4583 Hebraeis
1093 4529 1507 4594 nutrimentum,
1529 4529 1616 4583 hic
1647 4528 1766 4598 ipse
1793 4545 1935 4587 nunc

2040 4519 2204 4582 αὐτὸς
2251 4512 2405 4582 οὗτος
2453 4520 2544 4572 καὶ
2575 4518 2664 4572 διὰ
2692 4519 2971 4572 Θεοδοσίου
3023 4520 3092 4574 τὰ
3143 4520 3238 4572 νῦν
3269 4520 3386 4590 (καὶ
3425 4518 3533 4590 γὰρ
3563 4523 3621 4571 ὲν

352 4630 570 4685 tutoque
593 4632 688 4686 per
721 4615 1082 4674 Theodosium
1121 4619 1345 4691 (etenim
1377 4620 1432 4675 in
1485 4618 1704 4675 Cbristo
1754 4620 1935 4678 vivere

351 4707 616 4778 creditur)
673 4709 776 4764 ltoe
806 4725 1024 4782 quoque
1069 4725 1322 4781 maguum
1372 4719 1428 4769 et
1455 4710 1697 4771 divinum
1745 4711 1932 4777 ellicit,

351 4805 409 4854 et
445 4805 521 4854 tot
548 4798 678 4853 viris
708 4801 1102 4860 nutrimentum
1132 4801 1350 4872 copiose
1396 4800 1746 4872 suppeditat?
1801 4803 1936 4857 Pro-

353 4899 543 4958 pterea
581 4906 712 4963 ergo
741 4894 941 4953 multos
963 4910 1180 4966 quoque
1212 4894 1410 4953 videtis
1444 4896 1511 4949 ad
1557 4896 1702 4951 hunc
1757 4895 1935 4949 locuut

353 4979 700 5052 festinantes,
747 4986 892 5046 hunc
951 4988 1126 5058 ipsum
1162 5003 1351 5044 revera
1382 5003 1505 5044 esse
1564 4989 1711 5043 illmtt
1747 4988 1938 5046 existi-

355 5084 590 5141 mantes,
627 5089 852 5148 propter
877 5095 1037 5150 quem
1096 5081 1355 5136 Servator
1411 5091 1467 5138 et
1513 5083 1751 5156 quinque
1787 5083 1936 5151 prius

356 5176 525 5237 panes
546 5166 844 5234 benedixit,
885 5178 942 5224 et
966 5179 1046 5227 tot
1071 5170 1348 5225 hominum
1384 5171 1550 5226 millia
1580 5172 1716 5226 aluit
1751 5173 1816 5225 ad
1846 5187 1937 5226 sa-

2035 4611 2258 4683 Χριστῷ
2283 4611 2381 4682 ζῇν
2415 4612 2746 4681 πιστεύεται)
2766 4611 2828 4663 τὸ
2861 4611 3006 4682 μέγα
3036 4610 3193 4668 τοῦτο
3215 4612 3308 4673 καὶ
3332 4611 3618 4670 θεσπέσιον

2035 4703 2281 4769 ὲκτελεί,
2315 4703 2406 4754 καὶ
2455 4701 2661 4773 τροφὴν
2693 4702 2923 4771 ἀνδράσι
2971 4701 3249 4764 τοσούτοις
3279 4703 3422 4761 κατὰ
3452 4702 3511 4753 τὸ
3530 4701 3624 4753 εἶα-τ

2034 4793 2188 4863 ψιλὲς
2218 4797 2488 4866 χορηγεῖς
2547 4794 2648 4846 Διὰ
2699 4794 2868 4847 ταῦτα
2905 4794 3000 4847 καὶ
3033 4793 3264 4856 πολλοὺς
3301 4794 3434 4864 πρὸς
3473 4792 3620 4846 τόνδε

2035 4887 2127 4939 τὸν
2150 4887 2313 4940 τόπον
2344 4887 2471 4948 ῐδοις
2500 4886 2916 4958 ἐπειγομένους,
2951 4886 3114 4939 αὐτὸν
3137 4886 3381 4954 ἀτεχνῶς
3416 4888 3621 4970 ἐξείνον

2035 4974 2174 5034 εἶναι
2204 4979 2544 5050 νομίζοντας,
2579 4979 2662 5048 ἐφ’
2690 4978 2749 5031 ὃν
2777 4979 2886 5048 ἄρα
2910 4980 3004 5031 καὶ
3025 4981 3052 5032 ὁ
3084 4979 3276 5050 Σωτὴρ
3301 4979 3426 5039 τοὺς
3461 4977 3623 5039 πέντε

2038 5075 2305 5146 πρότερον
2333 5077 2529 5144 ἄρτους
2559 5075 2842 5145 εὐλόγησε,
2879 5073 2973 5135 καὶ
2993 5075 3258 5137 τοσαῦτα,
3296 5073 3507 5144 ἀνδρῶν
3539 5090 3624 5141 χι-

2039 5169 2227 5232 λιάδας
2259 5171 2338 5230 είς
2380 5168 2541 5240 κόρον
2569 5166 2819 5246 ἔθρεψεν.
2867 5166 3029 5220 Ἀλλὰ
3063 5169 3158 5220 καὶ
3198 5167 3372 5221 ταῦτα
3406 5167 3504 5236 μὲν
3535 5164 3625 5218 οὓς

359 5255 622 5314 tietatem.
655 5259 763 5315 Sed
797 5261 912 5318 haec
942 5263 1160 5334 quidem
1191 5265 1265 5319 ila
1291 5280 1350 5320 se
1379 5264 1601 5320 habent.
1651 5264 1814 5320 Nobis
1843 5280 1942 5318 att-.-

2042 5275 2181 5322 τω;’
2218 5261 2351 5330 ἡμῖν
2387 5259 2442 5312 δὲ
2479 5259 2578 5329 ἤδη
2613 5259 2746 5330 πρὸς
2774 5257 2842 5310 τὰ
2870 5258 2995 5327 ἑξῆς
3033 5257 3196 5310 πάλιν
3222 5259 3384 5312 ἰτέον.

358 5356 467 5407 tam
496 5353 830 5408 redeundum
855 5366 938 5410 est
971 5356 1037 5418 ad
1063 5371 1148 5425 ea,
1176 5373 1296 5428 qua:
1325 5369 1754 5430 consequuntur.

1840 5470 2068 5528 CAPUT
2109 5471 2240 5525 Vill.

1189 5571 1352 5626 Varia
1383 5571 1775 5626 valetudinaria
1803 5581 2093 5624 exm‘ucm.
2128 5567 2483 5638 Energumeni
2523 5567 2754 5620 liberati.

437 5681 525 5735 δή.
556 5685 819 5762 Quoniam
844 5692 986 5743 enim
1007 5690 1334 5760 praeipuum
1361 5689 1618 5744 indicium
1635 5687 1934 5744 'cltaritatis

441 5795 481 5830 δ’
512 5794 556 5853 ll
607 5797 740 5876 RCB'.
797 5817 854 5863 ιι,
900 5803 988 5857 50.
1070 5804 1110 5834 ¹³
1149 5805 1166 5859 l
1202 5804 1313 5875 Reg
1377 5821 1409 5859 Il

2116 5687 2215 5754 λγ⁸.
2257 5685 2408 5739 Ἐπεὶ
2430 5683 2537 5754 γὰρ
2565 5685 2762 5753 δεῖγμα
2799 5683 2854 5736 τὶ
2878 5680 3209 5754 κυριώτατον
3244 5682 3336 5754 τῆς
3377 5682 3508 5751 πρὸς
3541 5681 3628 5736 τὸν
