4152 6400
449 369 556 442 ενοι

1396 375 1576 438 VlTA
1615 375 1675 433 S.
1718 368 2140 433 THEUDOSII
2179 367 2780 432 (ΞίΕΝΟΒΙΑΒΟΗίΕ.

3639 367 3745 432 5θὲ

446 486 682 560 πλησίον
731 485 960 557 ἀγάπης
998 488 1033 558 ή
1090 486 1220 559 περί
1264 487 1392 552 τοῦς
1463 484 1758 551 νοσοῦντας
1811 485 2048 557 κηδεμοο

2178 500 2208 536 ιι
2242 482 2579 551 proximum,
2608 490 2691 535 est
2717 495 2846 534 cura
2874 493 2995 550 quae
3019 478 3227 550 geritur
3252 485 3605 548 :egrotorum;
3627 497 3746 548 qua:

448 582 563 647 νία,
592 573 631 653 ᾗ
655 579 753 635 καὶ
784 577 1025 649 μάλιστα
1056 577 1119 633 τὸ
1143 578 1447 652 παθητικὸν
1475 578 1634 652 ήμῶν
1678 572 1819 633 οἶδεν
1843 577 2048 633 ἐκκαθ-

451 672 710 746 αίρεσθαι
740 672 842 742 τῆς
884 671 1095 744 ψυχῆς,
1120 672 1202 727 ὅτι
1235 672 1372 744 μηδέ
1400 673 1562 745 ἀρκεῖ
1594 671 1732 744 πρὸς
1765 671 2047 726 τελείωσιν

449 768 512 821 τδ
551 765 828 825 πεινῶντα
852 766 1054 839 θρέψαι
1079 766 1173 822 τὸν
1199 766 1451 838 ἀδελφὺν,
1478 767 1572 821 καὶ
1603 766 1823 821 ποτίσαι
1850 764 2049 836 διψῶν-

450 879 543 928 τα,
578 860 729 927 ξένον
754 878 816 915 τε
840 862 939 915 καὶ
975 859 1183 933 γυμνὸν
1213 860 1343 915 ὅντα
1389 859 1791 915 εἰσοικίσασθαι
1823 861 1919 914 καὶ
1949 875 2049 914 πε-

456 952 728 1026 ριϐαλεῖν,
752 951 891 1006 ἀλλά
923 953 1060 1024 πρὸς
1090 953 1304 1015 τούτοις
1333 953 1414 1009 δεῖ
1442 954 1539 1008 καὶ
1566 952 1937 1025 συμπάσχειν,
1961 954 2051 1009 ἶνα

458 1056 539 1128 μὴ
566 1054 629 1109 τὸ
662 1053 829 1109 καλὸν
861 1050 1051 1115 ἁπλῶς
1085 1049 1271 1121 μόνον,
1298 1046 1435 1103 ἀλλὰ
1480 1046 1577 1102 καὶ
1613 1046 1796 1109 καλῶς
1822 1046 2052 1119 γινόμε-

455 1167 550 1204 νον
576 1144 639 1224 ᾖ,
664 1144 811 1202 κατά
836 1144 1020 1217 ψυχῆς
1060 1141 1264 1216 δηλαδὴ
1288 1142 1553 1206 διάθεσιν,
1584 1141 1727 1196 ὥστε
1779 1140 1857 1213 μὴ
1908 1142 2054 1213 χειρὶ

458 1244 646 1315 μόνον,
687 1240 827 1295 ἀλλά
851 1238 946 1294 καὶ
969 1237 1117 1310 ψυχῇ
1156 1236 1254 1291 τὸν
1284 1236 1435 1290 ἔλεον
1463 1236 1878 1290 ἐπιδείκνυσθαι
1897 1252 1912 1269 ο
1941 1231 2053 1298 οἷος

459 1337 558 1391 καὶ
581 1333 714 1406 περὶ
734 1331 896 1386 τοῦτο
924 1325 996 1404 ἦν
1040 1331 1271 1396 ἐκεῖνος,
1303 1331 1331 1384 ό
1381 1330 1537 1400 λόγος
1570 1331 1671 1403 ήδη
1703 1329 1898 1402 δηλοῦν
1926 1328 2054 1401 βού-

459 1429 637 1482 λεται.
695 1426 859 1496 Τρεῖς
887 1422 1256 1497 οἰκοδομήσας
1293 1424 1509 1490 οίκους,
1560 1423 1654 1477 τὸν
1690 1423 1790 1495 μὲν
1820 1425 1933 1486 τοῖς
1966 1424 2054 1477 διὰ

468 1517 701 1591 χριστδν
728 1515 979 1585 ἀζύγοις,
1001 1515 1195 1586 κόσμῳ
1220 1531 1282 1569 τε
1314 1514 1674 1587 παυρωθείσι
1702 1514 1889 1580 παντὶ,
1917 1514 2056 1586 πρὸς

476 1611 579 1682 τὴν
603 1612 662 1664 ἐν
686 1608 987 1673 ἀσθενείαις
1007 1607 1103 1663 τοῦ
1128 1605 1380 1680 σώματος
1397 1609 1699 1680 θεραπείαν
1725 1609 2051 1679 ἀπένειμενο

480 1701 607 1758 εἶτα
642 1704 763 1767 τοὺς
783 1701 876 1757 δύο
903 1704 1020 1767 τοῖς
1052 1704 1112 1757 ἐν
1144 1702 1337 1775 κόσμῳ
1366 1700 1503 1768 ζῶσι
1532 1702 1628 1757 καὶ
1668 1704 2057 1774 στρεφομένας

471 1796 664 1867 ἀνῆκε,
688 1793 1010 1850 καὶτούτων
1033 1794 1218 1851 αὐτῶν
1244 1795 1338 1849 τὸν
1361 1796 1462 1866 μέν
1490 1797 1602 1860 τοῖς
1634 1795 2057 1867 ἐπισημοτέροις
2094 1836 2133 1891 Β

467 1888 568 1944 καὶ
614 1886 982 1959 σεμνοτέροις,
1015 1887 1108 1942 τὸν
1134 1887 1193 1941 δὲ
1221 1890 1335 1952 τοῖς
1368 1888 1773 1961 εὐτελεστέροις
1817 1889 1912 1944 καὶ
1956 1891 2057 1958 τῆς

465 1977 675 2047 ἐτέρων
718 1977 997 2049 δεομένοις
1052 1979 1398 2051 ἐπικουρίας.
1470 1979 1632 2036 Ἀλλά
1668 1981 1764 2035 καὶ
1818 1982 1932 2043 τοῖς
1966 1979 2057 2033 ὑπ’

467 2071 632 2127 αὑτὸν
676 2073 937 2146 μοναχοίς
991 2072 1112 2127 ὅσοι
1156 2073 1307 2145 γήρᾳ
1350 2072 1446 2128 καὶ
1506 2074 1725 2145 μακρᾶς
1771 2073 2059 2145 ἀσκήσεως

466 2164 653 2229 *κώνοις
677 2164 779 2240 τὴν
815 2165 926 2220 τῶν
950 2165 1222 2236 σωμάτων
1243 2167 1400 2238 ἰσχὺν
1420 2166 1749 2223 ὑπολέλυντο
1779 2168 1909 2239 (ἔδει
1951 2167 2061 2237 γὰρ

469 2255 611 2327 μηδὲ
631 2256 793 2310 τοῦτο
820 2258 919 2320 τὰς
942 2258 1228 2314 Θεοδοσίου
1260 2261 1549 2331 φροντίδας
1579 2261 1912 2333 διαφυγεῖν),
1933 2262 2059 2317 τούς

464 2364 585 2410 τοις
621 2350 682 2403 ἐν
710 2348 969 2414 ἰδιάζοντι
1014 2350 1168 2421 τόπῳ
1214 2355 1497 2424 προσῆκον
1535 2355 1851 2426 ἀναστήσας
1890 2371 2066 2427 γηρο-

467 2441 715 2509 κοςιείον,
741 2441 823 2504 εἰς
854 2441 1041 2496 ἀνεσιν
1070 2442 1256 2507 αὐτοῖς
1305 2443 1480 2515 ἐφῆκε
1535 2445 1853 2518 πολημέρου
1894 2464 2065 2502 κακο-

468 2532 741 2594 παθεζας,
774 2530 850 2596 ὥς
899 2549 1045 2588 τισιν
1094 2533 1322 2603 ἀγαθοῖς
1383 2535 1688 2608 ὁδοιπόροις
1720 2539 1787 2591 ἐκ
1845 2539 2065 2609 μακρᾶς

466 2622 594 2678 ὁδοῦ
645 2624 742 2679 καὶ
770 2623 1029 2699 βραχείας
1063 2626 1169 2699 ήδη
1208 2629 1482 2700 καμοῦσιν
1511 2632 1712 2684 οἰκεῖον
1747 2630 2063 2702 κατάλυμα.

472 2716 621 2786 ιιρὶις
669 2717 905 2785 τούτοις,
960 2718 1059 2774 καὶ
1107 2724 1455 2792 νοσοκομεῖον
1509 2722 1700 2795 ἕτερον
1728 2725 1880 2796 αὐτῷ
1934 2743 2068 2779 κατ-ν

470 2809 816 2879 εσκεύαστο,
836 2814 907 2867 τὰ
929 2812 1033 2885 τῆς
1062 2815 1414 2887 συμπαθείας
1438 2815 1659 2890 ἐργατῇ
1685 2820 1963 2891 συμπαθεῖ
1990 2821 2067 2891 τῷ

468 2901 592 2956 δντι
628 2903 725 2956 καὶ
752 2902 1128 2977 φιλανθρώπῳ
1147 2906 1294 2978 ψυχῇ
1317 2925 1329 2936 ·
1363 2906 1394 2962 ὃ
1420 2908 1515 2961 καὶ
1543 2908 1776 2979 δώρημα
1812 2913 2069 2979 γυναικὸς

471 2991 546 3068 ἦν
575 2997 815 3066 κοσμίας
845 2998 1053 3069 σφόδρα
1085 3002 1182 3052 καὶ
1218 3001 1310 3054 τὸν
1341 3001 1542 3072 τρόπον
1591 3002 1894 3072 θεοφιλοῦς,
1945 3005 2071 3076 ἥτις

473 3089 645 3146 αὑτὸν
681 3091 1007 3163 αγασαμένη
1039 3093 1138 3161 τῆς
1164 3092 1524 3164 ἁγαθότητος,
1560 3095 1654 3149 τόν
1681 3111 1739 3147 τε
1768 3090 1918 3151 οἷκον
1970 3099 2071 3168 φέ-

2155 576 2322 629 etiam
2356 573 2593 627 maxime
2621 571 2772 627 novit
2811 585 3041 643 purgare
3072 570 3351 642 patibilem
3385 583 3588 628 nostrae
3628 574 3747 628 ani-

2154 681 2255 720 ma:
2284 662 2602 719 facultatem
2633 680 2648 718 :
2681 662 2943 734 quoniam
2976 680 3083 718 non
3126 662 3325 719 suilicit
3362 663 3430 719 ad
3458 661 3751 735 perfectio-

2154 774 2300 823 nem,
2348 755 2609 819 fratrem,
2648 755 2860 810 nutrire
2891 756 3247 822 esmientem,
3295 766 3352 810 et
3378 764 3564 826 potum
3614 757 3746 811 dare

2152 847 2386 913 sitienti,
2417 860 2653 918 eumque
2675 846 2768 917 qui
2800 854 2885 901 est
2914 846 3114 917 hospes
3137 856 3191 902 et
3228 848 3424 915 nudus,
3446 847 3500 902 in
3520 846 3743 902 domum

2159 940 2509 996 introducere
2548 947 2604 995 et
2634 939 2873 1003 vestire;
2930 939 3026 994 sed
3077 948 3295 1008 oportet
3326 947 3588 1010 praeterea
3627 939 3747 1008 eius

2155 1032 2319 1088 etiam
2352 1046 2478 1088 cum
2513 1039 2703 1087 mutuo
2756 1028 2997 1100 quodam
3032 1046 3195 1088 sensu
3250 1030 3525 1099 misereri,
3553 1040 3613 1087 ut
3640 1046 3750 1087 nun

2156 1125 2228 1179 sit
2255 1123 2599 1180 solummodo
2628 1124 2853 1192 bonum,
2903 1125 2998 1183 sed
3022 1124 3186 1180 etiam
3222 1123 3362 1180 bene
3387 1121 3504 1190 fiat,
3532 1139 3600 1179 ex
3626 1124 3751 1180 ani-

2159 1230 2261 1270 man
2291 1215 2505 1271 scilicet
2529 1213 2818 1273 affectione
2845 1234 2865 1274 ι
2889 1225 2947 1271 ιιι
2968 1231 3078 1273 non
3104 1230 3271 1271 manu
3318 1216 3519 1281 solum,
3558 1229 3749 1270 verum

2156 1308 2323 1362 etiam
2354 1308 2536 1363 anima
2566 1308 2827 1365 ostendat
2857 1309 3315 1367 misericordiam.
3353 1307 3541 1376 Qualis
3567 1318 3749 1362 autem

2159 1400 2252 1455 ille
2278 1409 2425 1455 esset
2454 1401 2510 1454 in
2557 1415 2624 1457 ea
2661 1415 2744 1468 re,
2775 1400 2889 1470 jam
2927 1400 3046 1458 vult
3074 1400 3361 1458 declarare
3384 1400 3587 1456 oratio.
3614 1398 3751 1455 Cum

2161 1502 2271 1547 tres
2300 1491 2493 1549 domos
2518 1491 2869 1559 azditicasset,
2911 1507 3076 1548 unam
3109 1492 3325 1562 quidem
3357 1491 3446 1560 iis,
3486 1490 3578 1561 qui
3608 1506 3751 1560 pro-

2164 1592 2286 1653 pter
2320 1581 2603 1641 Christum
2635 1594 2800 1641 erant
2830 1585 3087 1655 sejuncti,
3121 1595 3178 1640 et
3236 1583 3333 1639 toti
3368 1588 3573 1639 mundo
3630 1599 3754 1638 cru-

2161 1676 2333 1746 cilixi,
2360 1677 2552 1733 tribuit
2587 1678 2656 1734 ad
2696 1693 2885 1734 curam
2929 1677 3180 1749 corporis
3206 1676 3261 1733 in
3319 1674 3750 1731 infirmitatibus.

2164 1767 2369 1825 Deinde
2395 1771 2531 1825 duas
2570 1769 2825 1839 permisit
2877 1769 2966 1836 iis,
3022 1771 3115 1839 qui
3161 1768 3214 1824 in
3269 1768 3470 1825 mundo
3500 1767 3755 1823 vivebant

2162 1870 2218 1919 et
2262 1861 2626 1918 versabantur
2673 1878 2688 1915 :
2745 1871 2800 1916 et
2824 1876 2888 1915 ex
2918 1861 2986 1917 iis
3021 1860 3158 1931 ipsis
3199 1876 3360 1915 unam
3401 1860 3621 1930 quidem
3665 1862 3753 1923 iis,

2163 1955 2258 2024 qui
2305 1963 2468 2010 erant
2514 1954 2848 2026 insigniores
2876 1962 2931 2009 et
2968 1953 3344 2022 honestiores;
3370 1953 3595 2008 alteram
3628 1968 3755 2008 vero

2164 2047 2256 2115 iis,
2289 2047 2381 2118 qui
2413 2056 2570 2103 erant
2593 2047 2817 2103 viliores
2858 2057 2915 2103 et
2946 2050 3324 2120 pauperiores,
3380 2056 3437 2103 et
3481 2046 3573 2117 qui
3621 2061 3758 2117 opus

2164 2140 2442 2197 habebant
2502 2140 2733 2197 alterius
2761 2141 2988 2198 auxilio.
3048 2141 3190 2210 Quin
3223 2143 3387 2197 etiam
3424 2141 3538 2196 suis
3566 2154 3757 2195 mona-

2164 2234 2306 2298 chis,
2357 2248 2592 2303 quorum
2644 2242 2871 2305 propter
2935 2235 3148 2290 senium
3210 2247 3265 2288 et
3317 2233 3534 2291 labores
3583 2234 3758 2303 longa:

2164 2324 2579 2380 exercitationis
2614 2324 2791 2381 soluta
2817 2334 2937 2381 erat
2969 2326 3050 2381 vis
3079 2325 3449 2381 membrorum
3502 2324 3761 2396 (oporte-

2167 2416 2260 2473 bat
2284 2419 2432 2474 enim
2461 2434 2532 2476 ne
2566 2421 2672 2475 hoc
2696 2418 2918 2489 quidem
2958 2417 3200 2490 effugere
3228 2416 3522 2475 Theodosii
3550 2418 3758 2476 sollici-

2169 2507 2477 2580 tudinem),
2519 2509 2589 2566 iis
2625 2526 2749 2567 cum
2784 2511 2837 2566 in
2876 2510 2995 2566 loco
3034 2523 3290 2581 scpat'ato
3325 2521 3513 2582 aptum
3540 2521 3762 2567 exstru-

2170 2605 2342 2661 xisset
2371 2600 2928 2676 gerontocomion,‘id
2967 2605 3050 2661 eis
3078 2606 3326 2675 permisit
3358 2606 3424 2658 ad
3465 2606 3767 2661 recreatio-

2171 2712 2295 2752 nem
2345 2698 2619 2753 diuturnae
2660 2696 2990 2761 aﬂlictionis,
3053 2705 3310 2767 tanquam
3345 2696 3501 2752 bonis
3534 2698 3760 2751 viatori-

2171 2789 2291 2854 bus,
2331 2789 2488 2860 longa
2521 2791 2604 2845 via
2658 2799 2713 2845 et
2760 2804 2955 2859 aspera
2986 2790 3242 2855 defessis,
3288 2790 3759 2846 accommodatum
3816 2833 3835 2848 .

2171 2881 2552 2936 diversorium.
2588 2880 2859 2937 Praeterea
2895 2892 3076 2938 autem
3120 2882 3268 2936 aliud
3318 2896 3536 2952 quoque
3569 2881 3638 2938 ab
3691 2896 3760 2938 eo

2171 2982 2545 3033 constructum
2566 2973 3067 3043 estnosocomium,
3093 2976 3287 3043 nempe
3323 2974 3392 3029 ad
3418 2988 3582 3043 opera
3614 2988 3762 3029 com-

2175 3065 2542 3122 miserationis
2575 3081 2703 3123 vere
2731 3066 3087 3123 misericorde
3131 3076 3188 3122 et
3220 3067 3493 3124 clemente
3521 3068 3705 3124 anima
3747 3089 3763 3124 :

476 3200 656 3254 ρουσα
685 3157 781 3237 καὶ
823 3157 1021 3257 ἑαυτὴν
1057 3157 1155 3241 σῦν
1196 3157 1315 3259 ἅμα
1342 3157 1556 3253 τέκνοις
1586 3187 1737 3261 αὐτῷ
1763 3157 2071 3263 χαρίζεται,

2177 3157 2324 3229 quod
2345 3158 2511 3214 etiam
2534 3167 2655 3214 erat
2682 3159 2885 3215 donum
2920 3158 3166 3215 mulieris
3211 3174 3339 3216 vere
3370 3160 3617 3216 honesta:
3642 3175 3766 3216 mo-

476 3278 676 3347 κόσμῳ
718 3279 818 3348 μὲν
858 3280 1272 3352 ἀποταξαμένη,
1327 3283 1448 3352 θεῷ
1483 3284 1538 3336 δὲ
1565 3285 1693 3354 ὅλην
1723 3285 1922 3356 ἑαυτὴν
1947 3288 2071 3340 ἐπι-

474 3371 752 3442 τρέψασα,
784 3372 883 3427 καὶ
913 3373 1006 3428 ὑπ’
1029 3376 1226 3449 ἐκείνῳ
1255 3376 1357 3449 ζῇν
1388 3379 1572 3444 αὐτοῖς
1597 3380 1811 3445 τέκνοις
1842 3381 2072 3455 προελο-

480 3463 646 3537 μένη-

554 3666 655 3723 λδ¹.
684 3669 832 3725 ’Δλλ’
864 3671 970 3726 ὅτε
1002 3673 1274 3744 σύμϐολον
1303 3677 1719 3753 φιλανθρωπίας
1744 3684 1862 3738 ἐστὶ
1894 3684 2077 3756 μείζο-

487 3777 601 3826 νος,
628 3762 742 3817 ὅσοι
762 3763 871 3837 γὰρ
896 3767 954 3820 ἐν
981 3766 1133 3837 ὄρεσι
1168 3770 1262 3823 καὶ
1293 3770 1575 3844 σπηλαίοις
1608 3773 1707 3848 τὴν
1738 3776 1961 3849 ἀγωγὴν
1987 3777 2078 3831 διὰ

497 3852 730 3923 Χριστδν
764 3857 885 3928 μὲν,
930 3858 1073 3930 πλὴν
1101 3862 1161 3915 οὐ
1194 3863 1338 3917 κατά
1370 3865 1609 3941 Χριστὸν
1639 3866 1847 3923 εἵλοντο
1896 3869 2078 3940 ἀλόγῳ

507 3946 604 3998 καὶ
627 3946 818 4017 ἀπαγεῖ
849 3950 1146 4026 θερμότητι
1182 3957 1279 4027 τὴν
1308 3957 1542 4030 ἄσκησιν
1568 3958 1944 4031 μετελθόντες,
1983 3964 2078 4016 καὶ

503 4042 603 4111 τῆς
623 4040 721 4110 μὲν
740 4042 1091 4117 ἀνθρωπίνης
1116 4049 1401 4114 ἀσθενείας
1449 4053 1546 4106 καὶ
1573 4053 1684 4109 τῶν
1710 4052 1802 4107 τοῦ
1839 4055 2078 4126 Χριστοῦ

496 4131 781 4203 ῥημάτων,
813 4133 898 4188 ὅτι
948 4135 1026 4209 μὴ
1060 4138 1231 4211 χωρὶς
1261 4140 1472 4196 ἐκείνου
1523 4142 1802 4213 δυνάμεθά
1826 4161 1878 4198 τι
1907 4149 2082 4200 ποιεῖν

491 4224 932 4301 ἐπιλελησμένοι,
962 4228 1117 4301 τύφῳ
1167 4230 1224 4284 δὲ
1246 4232 1464 4304 ματαίῳ
1500 4237 1594 4288 καὶ
1624 4236 1935 4310 φρονήματι
1963 4237 2080 4293 δια-

490 4317 641 4393 κένῳ
663 4318 1000 4385 πεισθέντες,
1025 4322 1122 4375 καὶ
1149 4321 1219 4376 τά
1239 4323 1682 4396 κατορθωθέντα,
1708 4326 1811 4398 φεῦ
1828 4328 1853 4381 ἰ·
1871 4330 2083 4395 ἑαυτοῖς

489 4411 909 4482 ιπιγρὰψαντες
944 4410 1009 4483 (ὣ
1037 4415 1146 4469 τῶν
1176 4416 1328 4486 ἐμῶν
1360 4417 1548 4475 κακῶν
1573 4420 1589 4474 ι
1631 4418 1681 4477 ῶ,
1712 4420 1813 4490 τῆς
1840 4423 2085 4494 χαλεπῆς

2181 3253 2440 3321 ribusque
2474 3252 2576 3322 pias
2601 3261 2657 3307 et
2684 3251 2952 3323 religiose
2980 3270 2994 3307 :
3026 3268 3145 3321 quae
3170 3252 3390 3322 quidem
3420 3254 3542 3321 eius
3583 3252 3764 3308 admio

2180 3359 2308 3400 rans
2331 3345 2650 3412 b0uitatem,
2690 3344 3021 3414 domumque
3056 3355 3113 3400 et
3147 3345 3386 3415 seipsqu
3410 3360 3532 3400 cum
3563 3345 3694 3402 filiis
3715 3348 3764 3400 ei

2180 3437 2426 3508 largitur,
2451 3439 2651 3493 mundo
2675 3438 2896 3508 quidem
2934 3437 3281 3505 renuntiatis,
3320 3439 3427 3494 Deo
3445 3445 3627 3494 autem
3675 3449 3764 3493 to-

2182 3539 2291 3583 tam
2335 3529 2572 3599 seipsatn
2640 3527 2986 3599 permittens,
3015 3538 3067 3583 et
3100 3526 3286 3583 Valens
3318 3538 3375 3582 ut
3424 3527 3513 3582 sui
3541 3525 3636 3581 lilii
3664 3524 3768 3582 sub

2180 3619 2275 3680 illo
2303 3621 2572 3677 viverent.

2251 3713 2343 3769 34.
2367 3713 2506 3780 Quin
2526 3714 2714 3779 etiam,
2737 3714 2880 3781 quod
2909 3716 3082 3782 majus
3109 3722 3196 3771 est
3224 3715 3436 3786 signum
3463 3714 3771 3769 clementiae

2181 3816 2235 3860 et
2258 3805 2640 3873 benignitatis,
2664 3806 2976 3876 quicunque
3018 3806 3092 3869 in,
3110 3806 3386 3861 montibus
3414 3816 3463 3860 et
3493 3806 3773 3876 speluncis

2183 3898 2378 3968 degere
2406 3897 2628 3968 quidem
2661 3906 2884 3968 propter
2912 3896 3218 3964 Christum,
3246 3900 3343 3954 sed
3376 3912 3483 3953 non
3512 3911 3578 3952 ex
3604 3897 3771 3954 Chri-

2183 4003 2291 4056 ειο,
2321 3991 2620 4063 elegerant,
2675 3990 3087 4046 inconsiderato
3113 4000 3170 4046 et
3202 4005 3310 4046 non
3361 3990 3545 4047 stabili
3587 3991 3773 4046 calore

2185 4084 2358 4139 secuti
2393 4082 2868 4148 exercitationem,
2911 4092 2966 4137 et
2996 4082 3248 4139 humana:
3277 4084 3495 4154 quidem
3529 4083 3776 4139 imbecil-

2186 4172 2457 4238 litatis,'et
2482 4170 2686 4226 Christi
2716 4173 3009 4228 verborum
3032 4171 3098 4237 ⁸³,
3127 4171 3272 4241 quod
3296 4173 3503 4242 absque
3527 4171 3619 4228 illo
3641 4172 3777 4226 nihil

2189 4278 2482 4336 possumus
2530 4259 2735 4327 facere,
2787 4261 2974 4328 obliti;
3028 4261 3176 4316 inani
3207 4259 3352 4316 fastu
3396 4268 3451 4314 et
3484 4249 3780 4330 vana'per-

2189 4358 2337 4415 suasi
2363 4357 2702 4426 arrogantia,
2733 4364 2787 4411 et
2820 4370 2944 4426 qum
2967 4363 3117 4410 recte
3151 4361 3434 4424 gesserant
3461 4353 3646 4409 miseri
3671 4354 3775 4408 sibi

2191 4450 2527 4506 ascribentes
2564 4446 2621 4519 (ο
2671 4461 2791 4503 mea
2823 4447 3002 4502 mala!
3037 4462 3072 4503 ο
3103 4447 3367 4517 grandem
3405 4444 3779 4511 insolentiam,

490 4505 783 4573 ἀπονοίας,
822 4504 859 4579 ἢκ
884 4507 1120 4578 τάληθὲς
1165 4510 1340 4563 εἰπεῖν
1385 4509 1591 4581 μᾶλλον
1637 4512 1855 4581 ἀνοίαςί
1889 4515 1942 4568 τί
1978 4517 2071 4588 ται

2196 4542 2278 4597 vel
2306 4542 2485 4610 potius
2539 4504 2864 4595 amentiam!
2912 4537 3051 4606 Quid
3111 4537 3259 4593 enim
3300 4536 3426 4592 boni
3456 4534 3653 4592 fecerit
3678 4537 3780 4590 hn-

492 4600 597 4656 xa't
631 4602 853 4677 δράσειε
900 4603 1013 4657 τῶν
1064 4603 1249 4662 καλῶν
1281 4605 1597 4682 ἀνθρωπίνη
1630 4607 1794 4681 φύσις
1840 4611 1939 4683 τῆς
1986 4611 2071 4681 σῆς

2191 4600 2348 4690 mana
2377 4642 2595 4698 natura,
2625 4640 2738 4699 tuo,
2771 4647 2804 4687 o
2851 4631 3124 4693 Salvator,
3156 4630 3355 4684 nudata
3395 4628 3645 4685 auxilio?
3686 4630 3779 4699 qui

493 4696 870 4766 γυμνωθεῖσα,
894 4697 1101 4771 Σῶτερ,
1131 4699 1492 4772 ἐπικουρίαςς
1521 4703 1618 4765 ὐς
1644 4702 1734 4755 διά
1755 4702 1851 4775 τῆς
1876 4703 1970 4757 τοῦ
1993 4703 2089 4759 συῦ

497 4792 785 4862 προφήτου
826 4790 1049 4845 Ἡσαΐου
1080 4791 1352 4857 διδάσκεις
1382 4811 1451 4867 με
1473 4793 1721 4866 γλώττης
1741 4811 1755 4826 ο
1795 4796 1975 4869 ἀνῆκα
1993 4798 2093 4862 τὰς

493 4885 713 4955 χεῖρας,
769 4883 1060 4957 λεγούσης,
1096 4886 1190 4940 καὶ
1240 4886 1642 4960 ἐξηράνθησαν,
1705 4890 1800 4943 καὶ
1844 4890 2094 4959 ἐγένοντο

490 4978 574 5044 ὡς
600 4978 794 5051 χόρτος
824 4979 985 5051 ξηρὸς
1016 4981 1109 5034 ἐπὶ
1131 4980 1506 5052 δωμάτων,ώς
1524 4982 1819 5053 ἄγρωστις.
1850 4986 1919 5039 Τί
1934 4987 2094 5041 τοῦτο

494 5073 806 5146 δηλούσης;
838 5076 963 5128 Ὅτι
995 5074 1057 5129 τὸ
1091 5075 1193 5147 τῆς
1217 5077 1420 5148 ἀρετῆς
1456 5078 2036 5147 ἀνθοςάποὸαλόντες,
2060 5080 2090 5134 ὃ

494 5170 602 5239 τὴν
651 5169 750 5238 σὴν
773 5168 991 5239 ἔχοντες
1016 5173 1176 5241 χεῖρα
1202 5169 1508 5242 βοηθοῦσαν
1535 5173 1944 5241 περιεϐάλοντο,
1968 5171 2089 5228 εἶτα

500 5259 869 5332 ξηρανθέντες
894 5260 1139 5332 ἐκλείψει
1166 5262 1266 5332 τῆς
1298 5262 1452 5336 παρά
1474 5263 1571 5318 σοῦ
1599 5265 1855 5335 πιότητος
1872 5306 1888 5333 ,
1920 5268 2095 5339 ἀμορ-

500 5352 636 5420 ςίας
654 5353 920 5427 αἰσχύνην
943 5353 1192 5418 ἐλεεινῶς
1216 5354 1579 5428 ήμφιέσαντο)
1604 5374 1618 5390 ο
1643 5359 1692 5411 οἱ
1726 5357 1903 5413 τοίνυν
1923 5358 2097 5421 οὕτως

2194 4741 2280 4782 tne
2307 4716 2593 4797 docesper
2626 4726 2865 4798 linguam
2888 4724 3187 4793 prophetas.
3226 4724 3500 4777 dicentem
3532 4741 3543 4776 :
3582 4721 3781 4777 Rcmiai

2191 4827 2475 4885 manus,“
2515 4825 2796 4882 aruerunt,
2835 4827 2883 4869 et
2936 4814 3069 4886 {acti
3106 4826 3226 4867 sunt
3282 4822 3536 4884 tanquam
3597 4816 3777 4883 feriunt

2192 4911 2391 4964 siccum
2426 4924 2585 4978 super
2618 4917 2780 4973 lecta,
2810 4920 3065 4978 tanquam
3108 4922 3327 4977 gramen
3362 4904 3430 4960 “.
3486 4906 3623 4972 Quid
3655 4920 3783 4961 vero

2203 5016 2300 5071 per
2356 5000 2473 5055 hanc
2526 4999 2836 5070 significat?
2889 4996 3045 5064 Quod
3107 5000 3308 5052 amisso
3347 4996 3481 5053 ﬂore
3543 4998 3785 5064 virtutis,

2199 5108 2362 5163 quem
2394 5093 2483 5162 qui
2517 5102 2664 5146 tuam
2695 5093 2899 5147 habent
2925 5106 3143 5145 manum
3160 5108 3316 5160 opem
3343 5089 3635 5157 ferentem,
3667 5107 3787 5145 am-

2197 5186 2340 5256 plexi
2387 5194 2535 5249 sunt,
2573 5186 2769 5242 deinde
2802 5185 3066 5241 exsiccati
3106 5184 3320 5240 defectu
3354 5193 3458 5239 tua:
3491 5183 3787 5253 pinguetu-

2196 5277 2359 5345 dinis,
2388 5276 2626 5333 dedecus
2642 5277 3005 5333 deformitatis
3032 5276 3419 5333 miserabiliter
3441 5276 3786 5345 induerunt.)

2197 5370 2300 5438 Qui
2330 5385 2459 5440 ergo
2485 5370 2567 5426 sic
2596 5371 2764 5425 stulte
2787 5380 3100 5437 senserant,
3130 5381 3188 5426 et
3234 5371 3357 5427 ideo
3413 5371 3597 5426 traditi
3628 5382 3790 5425 erant

500 5450 751 5522 ἀνοήτως
806 5450 1205 5521 φρονήσαντες,
1250 5451 1347 5504 καὶ
1395 5449 1668 5534 ἐντεῦθεν⁸
1700 5449 2067 5522 παραδοθέντε

2203 5461 2424 5516 Satanae
2477 5464 2546 5517 ad
2592 5463 2873 5518 interitum
2929 5464 3116 5520 carnis
3147 5462 3239 5529 ιδ’,
3274 5475 3334 5518 ιιι
3363 5463 3442 5519 ait
3468 5462 3693 5527 Paulus,
3729 5474 3791 5517 ut

500 5543 584 5614 τῷ
617 5543 833 5616 Σατανᾷ
848 5545 929 5608 εἰς
949 5542 1174 5614 δλεθρον
1197 5543 1296 5614 τῆς
1335 5543 1560 5615 σαρκὸς,
1590 5541 1665 5606 ὣς
1697 5560 1831 5613 φησι
1862 5541 2094 5609 Παῦλος,

504 5636 595 5701 (να
616 5635 679 5690 τὸ
699 5637 915 5708 πνεῦμα
948 5635 1120 5708 σωθῇ,
1145 5635 1178 5707 ἢ
1214 5635 1311 5690 καὶ
1333 5635 1508 5698 ἄλλως
1533 5636 1831 5707 σφαλέντες
1846 5636 1946 5699 τὰς
1964 5635 2099 5708 φρέ-

505 5747 605 5792 νας
634 5730 731 5784 καὶ
755 5729 1058 5804 διαφθορὰν
1094 5729 1278 5784 αὐτῶν
1329 5729 1747 5797 ὑπομείναντες,
1791 5729 1885 5783 καὶ
1930 5731 2099 5784 οἱονεὶ

588 5854 652 5885 ’³⁸
699 5853 859 5915 Joan.
898 5868 991 5921 xv,
1024 5853 1076 5909 5.
1155 5854 1198 5886 ”
1236 5851 1344 5911 lsa.
1390 5867 1601 5922 xxxvii,
1632 5851 1722 5920 ~27,
1751 5854 1906 5928 juxta
1940 5851 2103 5914 LXX.

2206 5553 2390 5609 salvus
2426 5552 2521 5607 ﬁat
2550 5554 2810 5623 spiritus;
2868 5563 2961 5609 aut
2992 5554 3196 5626 alioqui
3241 5565 3424 5610 mente
3467 5562 3628 5611 erant
3672 5555 3789 5611 laesi

2204 5653 2259 5698 et
2288 5643 2430 5698 male
2462 5641 2664 5708 allecti,
2698 5656 2751 5701 et
2776 5658 2965 5715 poenas
2998 5644 3264 5700 dederant
3293 5644 3347 5699 in
3370 5659 3437 5700 eo
3470 5644 3612 5715 quod
3662 5660 3792 5715 pec-

2208 5742 2502 5803 caverant;
2529 5741 2586 5789 ut
2614 5736 2885 5794 discerent
2916 5751 3039 5793 cum
3073 5736 3126 5793 in
3153 5736 3358 5793 honore
3381 5745 3587 5803 essent,
3612 5735 3806 5796 eil'ecti

2188 5854 2248 5887 W
2286 5854 2305 5911 ι
2345 5854 2477 5915 Cor.
2508 5868 2567 5926 ν,
