4152 6408
399 317 508 386 503

1654 312 1941 373 MENSIS
1978 310 2439 375 JANUARIUS.

3569 299 3674 364 504

398 426 629 483 rationis
661 435 959 494 compotes,
987 424 1287 494 intelligere
1309 437 1372 477 ac
1394 435 1616 476 noscere
1651 421 1897 490 opiﬁcem
1927 432 1980 476 et

2105 423 2212 492 περὶ
2251 422 2386 474 αὐτὸ
2422 419 2484 471 τὸ
2523 415 2926 488 πλημμελῆσαν
2974 410 3311 482 ὑποσχόντες
3348 409 3448 480 τὴν
3499 426 3676 480 τιμω-

397 518 796 580 auxiliatorem,
832 525 887 571 et
934 531 1042 570 non
1096 530 1216 570 esse
1252 515 1446 584 ingrati
1499 515 1552 568 in
1580 528 1726 573 eum,
1779 514 1868 581 qui
1903 513 1982 567 eis

397 611 620 664 dederat
650 609 920 678 gratiam;
969 607 1003 660 ii
1052 609 1262 675 experti
1303 614 1430 659 sunt
1459 619 1581 659 eum
1625 602 1780 656 valde
1831 603 1983 656 beni-

399 715 586 769 gnum,
624 708 677 753 et
710 707 933 767 paterne
983 698 1034 751 iu
1103 698 1246 764 ipsos
1289 711 1348 750 se
1401 703 1698 765 gerentem.
1754 692 1858 747 Pro
1905 693 1986 748 eis

403 793 548 845 enim
574 789 996 855 accendebatur,
1043 790 1299 857 tanqbam
1333 801 1433 858 pro
1465 787 1592 840 liliis
1621 785 1874 856 propriis,
1931 793 1984 839 et

402 884 604 953 alioqui
668 882 930 936 benevole
981 882 1033 935 in
1087 895 1183 935 eos
1217 879 1571 934 afﬁciebatur.
1625 878 1868 947 Cumque
1907 878 1986 931 eis

401 976 782 1029 constituisset
830 975 1008 1028 locum
1062 974 1305 1043 quietqu
1365 980 1418 1026 et
1454 971 1828 1040 tranquillum,
1863 983 1986 1039 per-

401 1066 553 1119 misit
605 1065 749 1118 utin
801 1078 866 1118 eo
893 1073 1154 1132 agerent:
1206 1071 1265 1115 ut
1298 1045 1443 1115 esset
1495 1059 1544 1114 ei
1593 1043 1986 1128 quodammodo

404 1156 634 1211 alterum
669 1156 1086 1219 monaSteriutn,
1129 1163 1182 1207 et
1203 1153 1274 1206 ob
1323 1151 1725 1206 multitudinem
1773 1164 1985 1213 eorum,

406 1250 496 1316 qni
533 1257 692 1302 erant
719 1247 1060 1317 congregati,
1089 1256 1142 1299 et
1178 1244 1246 1298 ob
1297 1244 1548 1299 ordinem
1578 1242 1893 1306 ministerii,
1935 1248 1990 1293 et

405 1344 476 1394 ob
508 1351 710 1396 statum
744 1355 932 1395 eorum
963 1339 1051 1408 qui
1086 1335 1493 1403 ministrabant,
1534 1343 1588 1390 et
1617 1335 1686 1389 ob
1713 1343 1985 1404 sumptum

408 1448 620 1499 nurum,
649 1446 766 1502 qua:
792 1431 1300 1501 suppeditabantur.

479 1618 567 1672 55.
606 1616 776 1685 Magis
809 1629 938 1684 ergo
961 1629 1124 1684 quam
1157 1613 1413 1676 aliorum,
1457 1611 1620 1667 homo
1667 1611 1784 1679 Dei,
1849 1611 1992 1666 sicut

2088 514 2232 584 ρίαν,
2265 513 2352 564 ἴνα
2391 509 2632 580 μάθωσιν
2661 511 2719 560 ὲν
2751 510 2885 578 τιμῇ
2909 506 3060 569 ὄντες
3089 503 3183 558 καὶ
3213 503 3423 571 λογικοὶ
3443 504 3674 571 γενόμε-

2085 622 2167 658 νοι
2200 604 2443 656 συνιέναι
2470 601 2566 654 καὶ
2586 600 2681 654 τὸν
2713 599 3062 672 Δημιουργὸν
3105 597 3304 650 εἰδέναι
3333 597 3426 650 καὶ
3457 596 3673 668 βοηθὸν,

2087 695 2284 767 καὶμὴ
2316 693 2452 763 προς
2498 693 2662 746 αὐτὸν
2709 693 2802 746 τόν
2857 707 3009 759 σφισι
3062 689 3333 742 δεδωκότα
3360 687 3460 759 τὴν
3511 689 3676 760 χάριν

2088 789 2427 858 ἀγνωμονεῖν
2445 803 2459 816 ·
2489 779 2638 840 οὗτοι
2675 785 2912 856 μάλιστα
2951 781 3337 852 φιλανθρώπου
3362 780 3553 833 τούτου
3581 782 3677 834 καὶ

2089 879 2374 950 πατρικῶς
2403 878 2618 949 ἔχοντος
2640 876 2768 948 περὶ
2791 875 2985 936 αὐτοὺς
3008 873 3398 943 ἐπειράθησαν.
3432 875 3543 926 Kal.
3565 874 3676 945 γὰρ

2086 977 2160 1040 ὡς
2195 977 2402 1029 τέκνων
2435 975 2616 1029 αὐτῶν
2641 976 2791 1030 ἰδίων
2819 976 3190 1046 περιεκαίετο,
3230 974 3299 1026 τά
3327 990 3387 1026 τε
3419 972 3556 1026 ἄλλα
3587 990 3680 1040 φι-

2088 1067 2398 1139 λοστόργως
2425 1067 2680 1120 διέκειτο.
2707 1066 2820 1120 Καὶ
2847 1068 3012 1119 τόπον
3031 1066 3216 1128 αὐτοῖς
3235 1063 3512 1128 ἀποτάξας
3535 1062 3678 1134 ησύ-

2089 1160 2205 1232 χιόν
2239 1177 2297 1212 τε
2331 1160 2425 1212 καὶ
2451 1157 2709 1227 γαληνὸν,
2742 1158 2800 1210 ὲν
2829 1156 2979 1227 αὐτῷ
3018 1156 3226 1224 διάγειν
3255 1155 3557 1226 ἐπέτρεπεν
3599 1154 3678 1220 ὡς

2089 1249 2290 1320 τρόπον
2311 1247 2432 1302 τινὰ
2459 1248 2825 1318 μοναστήριον
2845 1247 2929 1300 Et:
2943 1263 3033 1317 ρον
3055 1245 3203 1316 αύτῷ
3233 1241 3394 1312 εἶναι,
3426 1245 3506 1318 τῷ
3533 1246 3674 1316 πλή-

2091 1340 2172 1392 θει
2203 1355 2264 1391 τε
2291 1338 2402 1390 τῶν
2432 1335 2880 1407 συνειλεγμένων,
2908 1337 3002 1389 καὶ
3026 1338 3096 1406 τῇ
3125 1335 3278 1402 τάξει
3293 1335 3392 1406 τῆς
3422 1335 3676 1407 λειτουρ-

2092 1431 2237 1498 γίας,
2270 1433 2336 1502 τῇ
2365 1447 2423 1482 τε
2453 1429 2788 1482 καταστάσει
2836 1428 2948 1482 τῶν
2968 1427 3428 1499 διακονουμένων,
3466 1429 3563 1482 καὶ
3607 1431 3676 1501 τῇ

2090 1520 2198 1573 τῶν
2225 1521 2646 1592 χορηγουμένων
2679 1519 2913 1592 δαπάνῃ.

2168 1613 2261 1668 λε’.
2297 1613 2514 1667 Μᾶλλον
2545 1608 2639 1667 οὖν
2689 1612 2799 1666 τῶν
2826 1613 3002 1666 ἄλλων
3033 1613 3061 1666 ό
3088 1613 3184 1666 τοῦ
3207 1611 3344 1666 Θεοῦ
3367 1611 3677 1684 ἄνθρωπος,

408 1711 663 1775 diximus,
685 1707 1000 1763 vincebatur
1047 1709 1287 1776 ipsorum
1324 1704 1825 1768 commiseratione,
1853 1713 1910 1758 et
1935 1704 1986 1757 iu

2105 1704 2282 1773 ὥσπερ
2318 1703 2554 1774 ἔφημεν,
2589 1705 2654 1774 τῇ
2685 1705 2815 1774 περὶ
2863 1703 3060 1766 αὐτοὺς
3110 1703 3314 1774 ἥττητο
3340 1703 3678 1774 συμπαθείᾳ,

407 1803 490 1854 «is
517 1796 829 1853 recreandis
855 1811 1106 1867 magnam
1142 1795 1436 1850 adhibebat
1463 1809 1650 1848 curam
1681 1803 1736 1850 et
1767 1793 1992 1863 diligen-

2105 1798 2188 1850 καὶ
2219 1797 2381 1849 ὁπότε
2415 1773 2547 1864 γοῦν
2577 1773 2670 1850 καὶ
2703 1773 2967 1866 νήφοντας
2995 1794 3318 1860 καταλάϐοι,
3369 1773 3680 1866 θερμότατα

410 1894 562 1959 tiam,
592 1899 648 1946 et
699 1905 795 1945 eos
821 1889 1206 1945 consolabatur
1232 1888 1418 1943 verbis
1457 1887 1598 1956 aptis
1659 1887 1725 1941 ad
1773 1900 1996 1955 persua-

409 1981 639 2035 deudam
659 1973 1029 2035 tolerantiam.
1053 1976 1436 2048 Nequaquam,
1463 1991 1496 2032 ο
1534 1975 1877 2048 ῆιίῑηιὶἰεεηε,
1904 1991 1996 2032 ne-

410 2085 684 2140 quaquam
716 2070 1088 2134 resolvamini,
1115 2078 1169 2124 et
1211 2067 1546 2124 enervemini
1577 2067 1680 2122 bac
1713 2064 1993 2136 temporali

413 2160 726 2217 aﬂlictione.
757 2158 947 2230 Neque
1004 2160 1108 2215 hoc
1142 2159 1297 2214 vobis
1339 2159 1588 2214 videatur
1617 2159 1934 2228 optandum,
1967 2171 1996 2212 a

414 2255 526 2308 Deo
553 2253 775 2308 omnino
800 2267 905 2308 non
963 2251 1184 2322 corrigi.
1223 2250 1278 2306 In
1303 2250 1580 2306 laboribus
1601 2251 1768 2314 enim,
1800 2250 1995 2320 inquit,

414 2354 472 2398 et
515 2345 568 2399 in
617 2342 844 2414 ﬂagellis
884 2345 1155 2414 ca5tigare
1190 2343 1514 2398 Jerusalem.
1551 2342 1641 2397 Sic
1680 2343 1812 2396 dicit
1859 2344 1999 2397 Deus

412 2450 512 2505 per
535 2433 825 2490 Jeremiam
864 2453 877 2490 :
907 2435 1101 2488 Anima
1130 2449 1244 2487 mea
1275 2448 1544 2502 nunquam
1568 2449 1600 2485 a
1631 2441 1677 2486 te
1698 2431 1905 2500 deﬁciat
1929 2433 1994 2486 ¹⁸.

415 2505 656 2593 Castigat
710 2523 877 2590 enim,
935 2527 1030 2579 sed
1083 2525 1362 2594 benigne:
1407 2507 1476 2576 Et
1515 2523 1744 2592 castigat
1790 2539 1996 2577 onmem

414 2615 610 2684 ﬁlium,
634 2631 784 2685 quem
807 2617 1009 2684 recipit,
1044 2630 1260 2686 possum
1288 2615 1499 2670 discere
1539 2629 1602 2669 ex
1644 2615 1822 2670 divina
1852 2615 2002 2670 Scri-

419 2717 575 2774 ptura
606 2707 672 2774 ¹⁸,
721 2707 858 2761 adeo
893 2716 951 2760 ut
999 2707 1288 2778 disciplina
1327 2707 1449 2776 ejus
1483 2715 1540 2762 et
1580 2708 1863 2784 eaStigatio
1895 2721 1998 2761 non

417 2801 490 2853 sit
523 2799 635 2866 irae,
668 2799 762 2854 sed
795 2798 1132 2865 dilectionis,
1183 2800 1250 2853 ad
1291 2799 1690 2854 correctionem
1750 2807 2002 2868 peccato-

421 2905 562 2956 rum,
601 2889 822 2962 iuducta
886 2900 1108 2961 propter
1174 2890 1592 2960 benignitatem.
1654 2891 1864 2945 Bonum
1921 2901 2004 2947 est

419 2995 571 3051 ergo,
611 2996 642 3036 o
671 2981 894 3048 fratres,
944 2991 1002 3038 et
1031 2982 1186 3038 valde
1218 2983 1443 3051 bonum,
1468 2998 1592 3037 cum
1627 2983 1714 3036 hic
1743 2983 2003 3052 spiritua-

2097 1888 2234 1958 πρὸς
2268 1889 2465 1952 αὐτοὺς
2509 1889 2720 1943 ἐδείκνυ
2754 1887 2825 1941 τὰ
2861 1887 3166 1957 σπλάγχνα,
3211 1886 3331 1941 λίαν
3353 1904 3413 1940 τε
3442 1885 3680 1957 κηδεμο-

2095 1978 2263 2041 νικῶς
2294 1981 2580 2041 ἀνεκτᾶτο,
2608 1980 2705 2033 καὶ
2731 1979 2911 2048 λόγοις
2938 1978 3267 2048 ἐπιτηδείοις
3301 1978 3437 2048 πρὸς
3471 1978 3682 2048 ὑπομο-

2096 2069 2195 2137 νὴν
2224 2069 2470 2140 ἦλειφεν.
2503 2069 2594 2140 Μὴ
2625 2071 2712 2139 δὴ,
2750 2069 2946 2138 λέγων,
2993 2063 3041 2122 ὦ
3066 2069 3251 2133 τέκνα,
3288 2067 3559 2140 μηδαμῶς
3583 2069 3681 2122 ὲκ-

2097 2161 2292 2215 λύεσθε
2315 2165 2380 2233 τῇ
2412 2163 2738 2232 προσκαίρῳ
2769 2161 2944 2233 ταύτῃ
2974 2161 3338 2232 κακοπαθείᾳ,
3373 2158 3496 2230 μηδ’
3544 2159 3684 2228 ἀγα·-

2099 2257 2273 2326 πητὸν
2306 2256 2435 2326 ύμῖν
2465 2254 2622 2308 τοῦτο
2651 2253 2876 2307 δοκείτω
2901 2253 2962 2306 τὸ
2992 2253 3341 2306 παντάπασιν
3365 2247 3506 2305 εἶναι
3533 2253 3686 2322 παρᾶ

2098 2346 2234 2400 Θεοῦ
2264 2345 2619 2416 ἀνουθέτητοι
2644 2361 2657 2376 ο
2706 2346 2764 2398 ὲν
2787 2345 2972 2408 πόνοις
3003 2343 3132 2414 γὰρ,
3180 2343 3335 2414 φησὶ,
3368 2345 3463 2395 καὶ
3492 2343 3550 2396 ὲν
3581 2341 3686 2412 μάη

2101 2457 2245 2508 στιγι
2299 2437 2620 2506 παιδεύθητι
2674 2435 3050 2507 Ἰερουσαλήμ.
3106 2433 3264 2490 Οὕτω
3309 2435 3377 2487 δι’
3414 2434 3688 2506 Ἰερεμίου

2103 2532 2267 2601 φησὶν
2297 2533 2324 2585 ὁ
2349 2531 2504 2594 Θεός·
2534 2532 2762 2600 Μήποτε
2790 2530 3002 2600 ἀποστῇ
3033 2531 3065 2599 ἡ
3100 2528 3247 2598 ψυχή
3281 2544 3385 2598 μου
3414 2528 3524 2581 ἀπὸ
3550 2525 3688 2579 σοῦ-ι

2102 2623 2351 2678 παιδεύει
2369 2625 2498 2694 γὰρ,
2529 2623 2665 2677 ἀλλὰ
2692 2621 3113 2694 φιλανθρώπως,
3138 2622 3232 2676 καὶ
3268 2621 3524 2690 μαστιγοῖ
3548 2618 3688 2672 πάν-

2097 2733 2166 2770 τα
2188 2716 2323 2781 υἱὸν,
2359 2719 2510 2786 παρὰ
2539 2717 2638 2786 τῆς
2669 2715 2819 2778 θείας
2870 2714 2981 2785 ἔχω
3015 2712 3316 2784 μανθάνειν
3344 2711 3590 2782 Γραφῆς,
3625 2710 3689 2764 δν

2104 2809 2504 2880 παραδέχεται·
2551 2807 2692 2861 ὥστε
2729 2807 2955 2876 atat;qu
3009 2805 3280 2869 παιδείαν,
3334 2803 3437 2857 ούκ
3487 2803 3693 2872 ὀργῆς,

2103 2901 2240 2956 ἀλλὰ
2276 2901 2510 2971 στοργῆς
2537 2895 2678 2952 εἶναι
2703 2899 2922 2969 μᾶλλον,
2955 2900 3034 2962 εἰς
3056 2895 3342 2967 διόρθωσιν
3369 2894 3478 2948 τῶν
3505 2897 3690 2964 ἡμαρ-

2103 2991 2359 3062 τημένων
2394 2989 2743 3060 ἐπαγομένην
2793 2989 2880 3042 διὰ
2924 2989 3296 3060 χρηστότητα.
3358 2985 3539 3040 Καλὲν
3571 2984 3690 3051 οὖν,

419 3075 544 3129 liter
582 3076 832 3147 castigati
868 3076 1158 3141 fuerimus,
1208 3076 1318 3131 illic
1339 3076 1646 3130 Dominicas
1680 3076 1864 3146 plagas
1897 3091 2001 3130 non

2107 3083 2349 3152 ἀδελφοὶ,
2373 3083 2470 3137 καὶ
2494 3083 2700 3152 σφόδρα
2719 3081 2882 3135 καλὸν
2905 3080 3185 3152 πατρικῶς
3205 3078 3440 3133 ἐνταῦθα
3467 3079 3691 3131 παιδευ-

419 3165 656 3234 experiri
706 3175 809 3221 :et
837 3179 958 3220 cum
993 3166 1081 3221 hic
1125 3166 1192 3220 ad
1229 3175 1440 3236 tempus
1485 3165 1666 3221 aﬂlicti
1718 3167 1999 3232 fuerimus,

421 3271 541 3323 quae
573 3256 734 3311 linem
766 3271 874 3312 non
903 3257 1102 3312 habent
1139 3267 1407 3312 tormenta
1433 3259 1692 3328 ell'ugere.
1727 3257 1826 3313 llic
1856 3260 2001 3313 euim

421 3347 561 3402 nihil
591 3347 726 3417 pati,
753 3346 911 3419 longe
940 3358 1022 3404 est
1047 3349 1265 3417 gravius
1287 3364 1450 3419 quam
1480 3350 1588 3416 pati
1618 3367 1632 3403 :
1663 3359 1719 3403 et
1738 3353 2006 3403 excedere

422 3451 455 3491 e
503 3439 612 3493 vita
648 3440 854 3508 absque
904 3440 1315 3505 teutationibus,
1375 3451 1432 3494 ut
1489 3441 1645 3510 cujus
1697 3459 1800 3494 uou
1845 3440 2008 3496 fuerit

424 3543 658 3602 purgata
717 3533 946 3586 materia
997 3541 1349 3602 peccatorum
1379 3533 1562 3588 multis
1603 3533 2005 3600 aﬂlictiouibus,

423 3629 568 3694 quod
599 3634 684 3679 est
709 3634 956 3693 apertum
994 3625 1252 3681 indicium
1281 3625 1604 3680 terribilium
1633 3625 2006 3692 alllictionum,

431 3727 487 3769 et
545 3717 837 3772 nothorum
875 3718 1080 3785 potius,
1124 3731 1286 3787 quam
1343 3732 1721 3786 germanorum
1773 3717 2008 3772 ﬁliorum

425 3809 637 3878 signum
664 3809 912 3864 evidens.
945 3809 1268 3880 Quanquam
1295 3825 1362 3864 ne
1395 3810 1524 3864 illud
1545 3811 1761 3879 quidem
1790 3810 2012 3865 omnino

427 3907 775 3964 conturbabit
797 3909 1038 3963 animum
1066 3922 1254 3963 eorum
1299 3909 1390 3976 qui
1423 3909 1660 3976 sapiunt,
1691 3909 1734 3962 si
1768 3909 2009 3979 ligmenti

428 3999 597 4054 divini
643 4000 849 4056 daemon
877 3999 1058 4056 evadit
1093 3999 1558 4071 dorninus.}|Nam
1591 4002 1750 4056 datur
1794 4001 2011 4070 quidem

429 4089 512 4144 eis
543 4101 783 4159 petestas
820 4099 887 4144 ab
916 4105 1002 4154 eo,
1036 4091 1128 4159 qui
1187 4092 1414 4156 creavit,
1473 4101 1731 4160 tanquam
1782 4092 2010 4160 quibus-

428 4181 555 4236 dam
605 4182 958 4249 puuitoribus
1003 4183 1113 4254 (hei
1175 4182 1402 4252 niihil),
1481 4184 1546 4236 ad
1598 4184 2011 4254 castigationem

2026 3125 2074 3189 C

2110 3177 2300 3241 θέντας
2363 3178 2511 3246 ἡμᾶς
2545 3175 2896 3229 Δεσποτικῶν
2953 3173 3165 3226 ἐκεῖθεν
3223 3172 3299 3243 μὴ
3356 3172 3696 3243 πειραθῆναι

2109 3267 2356 3340 πληγῶν,
2383 3268 2476 3320 καὶ
2506 3266 2645 3336 πρὸς
2665 3264 2860 3336 καιρὸν
2890 3256 2992 3316 ὧδε
3031 3261 3559 3332 ταλαιπωρήσαντας
3593 3259 3698 3329 βα·-

2111 3362 2304 3424 σάνους
2336 3361 2436 3414 οὐκ
2474 3357 2705 3428 ἐχούσας
2729 3356 2903 3425 πέρας
2933 3355 3236 3424 διαφυγεῖν.
3267 3352 3340 3406 Τὸ
3373 3351 3483 3422 γὰρ
3524 3352 3696 3422 μηδὲν

2112 3447 2348 3501 ἐνταῦθα
2379 3447 2566 3498 παθεῖν
2594 3443 3001 3516 χαλεπώτερον,
3029 3445 3200 3496 καὶτὸ
3221 3441 3542 3510 πειρασμῶν
3564 3443 3695 3496 ἄνευ

2111 3539 2200 3591 τὸν
2229 3537 2344 3608 βίον
2375 3537 2712 3602 ὑπεξελθεῖν,
2749 3537 2823 3606 μὴ
2852 3535 2949 3607 τὴν
2977 3534 3109 3606 ὓλην
3138 3534 3247 3588 τῶν
3278 3533 3695 3604 ἁμαρτημάτων

2112 3629 2325 3691 πολλοῖς
2356 3627 2791 3700 διακαθαρθέντα
2817 3626 3049 3697 θλίψεσι,
3083 3626 3372 3698 γνώρισμα
3397 3625 3566 3694 σαφὲς
3587 3625 3690 3676 τῶν

2112 3723 2231 3774 ἐκεῖ
2296 3721 2742 3792 τεταμιευμένων
2805 3719 3057 3790 φοΰερῶν
3098 3719 3353 3791 θλίψεων,
3399 3719 3495 3772 καὶ
3525 3718 3694 3772 νόθων

2117 3814 2318 3886 μᾶλλον
2346 3813 2542 3885 ἢύπὲρ
2565 3812 2695 3866 υίῶν
2731 3813 2972 3882 γνησίων
3001 3812 3229 3882 ἐναργὲς
3271 3811 3561 3881 σύμϐολον.
3585 3811 3700 3864 Καὶ

2119 3907 2227 3978 μὴν
2255 3906 2378 3959 οὐδὲ
2419 3908 2594 3958 ἐκεῖνο
2628 3905 2845 3969 πάντως
2872 3905 2982 3957 τῶν
3031 3904 3439 3974 εὐφρονούντων
3469 3903 3700 3956 διασείει

2114 4006 2208 4057 τὸν
2235 4002 2518 4072 λογισμὸν,
2547 4002 2595 4054 εί
2617 4000 2829 4071 δαίμων
2859 3997 3103 4070 κυριεύει
3124 3997 3216 4052 τοῦ
3237 3997 3420 4052 θεῖκοῦ
3449 3997 3705 4067 πλάσμασι

2098 4097 2228 4158 ’τος.
2255 4095 2466 4148 Δίδοται
2499 4093 2597 4162 μὲν
2637 4093 2747 4160 γὰρ
2778 4089 2964 4153 αὐτοῖς
3001 4089 3222 4156 ἐξουσία
3276 4091 3425 4159 παρὰ
3455 4088 3547 4142 τοῦ
3580 4090 3702 4141 κτί-

2120 4203 2332 4250 σαντος,
2367 4185 2619 4257 καθάπερ
2647 4183 2758 4240 τισὶ
2821 4182 3109 4244 κολασταῖς
3141 4183 3219 4243 εἰς
3243 4180 3375 4233 υἱῶν
3395 4181 3704 4252 ἐκτραιιένο

432 4271 668 4327 ﬁliorum
699 4273 788 4340 qui
815 4272 1179 4328 declinarunt.
1213 4274 1382 4328 Datur
1412 4287 1618 4340 autem,
1641 4285 1902 4346 quantum
1927 4276 2002 4330 illt

2117 4297 2250 4344 των,
2286 4277 2461 4348 οἴμοι,
2521 4272 2923 4346 σωφρονισμόν.
2959 4273 3172 4327 Δίδοται
3225 4273 3281 4326 δὲ
3316 4274 3441 4326 καθ’
3485 4275 3608 4326 ὅσον
3637 4275 3704 4327 ἂν

433 4363 584 4415 novit
627 4360 877 4417 snlIicere
908 4365 974 4416 ad
1017 4365 1454 4433 castigationem,
1487 4380 1591 4419 non
1625 4376 1884 4434 quantum
1912 4367 2002 4436 ipsi

2119 4371 2323 4432 ἐκεῖνος
2352 4364 2461 4421 οἶδε
2487 4369 2586 4437 τὴν
2618 4367 2868 4419 παιδείαν
2891 4367 3104 4436 ἀρκεῖν,
3157 4365 3218 4419 ού
3253 4365 3518 4418 καθ’ὅσον
3548 4367 3707 4419 αὐτοὶ

436 4455 644 4510 volunt.
682 4454 782 4510 Vix
808 4458 950 4511 enim
995 4469 1280 4527 parcerent
1310 4459 1637 4524 hominibus,
1671 4458 1760 4528 qui
1797 4473 1864 4512 ne
1889 4460 2002 4514 bru

2127 4460 2429 4532 βούλονται.
2485 4460 2642 4514 Ἐπεὶ
2678 4458 2843 4529 σχολῇ
2876 4475 2938 4527 γε
2967 4457 3034 4514 ἂν
3081 4457 3192 4511 τῶν
3219 4457 3526 4527 ἀνθρώπων
3557 4457 3706 4527 ἐφείη

433 4551 506 4600 tis-
537 4551 754 4619 quidem
812 4561 1192 4621 peperceruut,
1233 4560 1296 4604 ut
1346 4565 1503 4604 sacra
1533 4552 1729 4606 docent
1777 4550 2002 4622 Evange

2123 4571 2309 4617 σαντο,
2345 4553 2394 4608 οἳ
2425 4554 2520 4606 καὶ
2568 4551 2682 4605 ’τῶν
2710 4551 2942 4620 ἀλόγων,
2999 4551 3075 4614 ὡς
3112 4551 3181 4604 τὰ
3214 4550 3335 4623 ἱερὰ
3361 4551 3708 4607 διδάσκουσιν

436 4647 508 4700 lia
560 4643 624 4700 ν’.
677 4644 1089 4713 COIISpiciamur
1147 4658 1278 4712 ergo
1334 4659 1431 4714 per
1483 4644 1621 4698 hanc
1681 4645 2002 4714 disciplina"

2129 4647 2464 4716 Εὐαγγέλια,
2509 4647 2583 4719 μὴ
2613 4646 2957 4715 φεισάμενοι.
2992 4645 3253 4716 Φανῶμεν
3301 4643 3587 4714 τοιγαροῦν
3617 4645 3708 4698 διὰ

437 4757 658 4798 sensum
713 4741 964 4809 accipere
996 4755 1184 4794 eorum
1243 4753 1364 4808 quae
1396 4739 1768 4808 peccavimus,
1825 4751 1878 4794 et
1917 4755 2020 4793 non

437 4848 598 4906 egere
626 4833 750 4888 aliis
785 4833 956 4902 plagis
987 4832 1352 4902 gravioribus,
1387 4832 1530 4902 quod
1565 4833 1854 4888 iucorrecti
1901 4849 2019 4885 ma-

439 4943 664 4983 ueamus
695 4936 817 4995 post
852 4926 1088 4995 plagam.
1145 4925 1453 4980 Efﬁciamur
1483 4925 1696 4994 probati
1759 4940 1856 4994 per
1887 4924 2022 4978 ιδίΠὶ-

437 5018 697 5074 ctionem.
731 5017 884 5083 Quod
919 5029 1106 5071 contra
1145 5025 1385 5071 nostram
1410 5017 1746 5072 voluntatem
1775 5025 1856 5072 est
1899 5017 2018 5071 illa-

442 5122 578 5176 tum,
623 5109 716 5164 ﬁat
754 5109 916 5163 etiam
958 5110 1235 5178 proprium
1294 5107 1614 5173 voluntatis,
1670 5109 1722 5164 in
1764 5123 1830 5163 eo
1876 5110 2019 5177 quod

441 5203 721 5258 moderate
769 5200 1015 5256 feramus
1067 5217 1128 5254 ea
1155 5215 1275 5270 qum
1302 5201 1689 5270 contigerunt:
1727 5211 1781 5255 et
1815 5205 2019 5271 gratias

441 5310 668 5365 agamus
714 5294 787 5360 ei,
827 5293 918 5364 qui
981 5292 1160 5346 intulit
1213 5293 1554 5360 disciplinam
1611 5293 1824 5363 legibus
1864 5295 2046 5351 beni-.

441 5389 688 5455 gnttatis.
726 5387 847 5457 Ipse
873 5385 1161 5456 percussit,
1197 5398 1251 5440 et
1275 5386 1390 5454 ipse
1425 5401 1528 5438 nos
1549 5387 1782 5440 sanabit.
1819 5385 1882 5439 Et
1917 5387 2020 5440 hoc

441 5483 612 5536 habeo
643 5495 674 5534 a
711 5459 990 5550 prephelis
1045 5498 1058 5534 ε
1097 5475 1364 5533 Ρενειιιερι
1409 5487 1456 5531 ει
1504 5477 1765 5546 alligabit,
1819 5489 1865 5532 et
1919 5495 2022 5532 non

443 5570 677 5626 tardabit
711 5570 778 5623 ad
801 5573 1126 5627 curationem
1157 5572 1222 5624 ³⁸.

531 5762 570 5790 ¹⁶
605 5761 806 5821 Jerem.
850 5782 922 5833 vt,
961 5768 990 5816 8
1020 5766 1168 5834 juxta
1207 5767 1366 5820 LXX.
1453 5771 1494 5798 ’θ
1521 5767 1684 5822 llrbt‘.
1722 5783 1818 5832 Mt,
1870 5767 1919 5818 ti.

2004 5767 2042 5795 ‘7
2078 5766 2267 5819 Matth.
2316 5782 2431 5827 \‘ltl,
2472 5766 2557 5818 32.

2121 4743 2216 4812 τῆς
2251 4740 2501 4805 παιδείας
2533 4739 2739 4809 ταύτης
2773 4739 3028 4808 αἴσθησιν
3060 4737 3347 4809 δεξάμενοι
3385 4737 3495 4791 τῶν
3530 4738 3710 4807 ἡμαρ-

2123 4831 2398 4902 τημένων,
2429 4831 2525 4884 καὶ
2554 4830 2629 4901 μὴ
2657 4829 2972 4901 βαρυτέρων
2990 4829 3167 4886 ἄλλων
3197 4827 3420 4900 πληγῶν
3437 4829 3706 4898 δεόμενοι,

2125 4923 2186 4994 τὸ
2218 4925 2400 4994 μεῖναι
2437 4923 2576 4994 μετὰ
2614 4923 2716 4991 τὴν
2765 4921 2982 4992 πληγὴν
3017 4919 3360 4993 άδιόρθωτοι.
3412 4919 3712 4990 Γενώμεθα.

2126 5017 2339 5086 δόκιμοι
2382 5017 2471 5070 διὰ
2522 5018 2620 5086 τῆς
2649 5014 2918 5085 θλίψεωςο
2948 5015 3008 5068 τὸ
3051 5015 3367 5086 ἀδουλήτως
3419 5015 3711 5086 ὲπενεχθὲν

2125 5111 2366 5178 γενέσθω
2424 5108 2518 5161 καὶ
2550 5109 2922 5178 προαιρέσεως
2975 5109 3130 5173 ῖδιον,
3181 5109 3240 5162 ἐν
3290 5109 3466 5176 τῷτὰ
3502 5125 3715 5179 συμπε..

2129 5202 2289 5255 σόντα
2305 5199 2493 5270 πρᾴως
2518 5198 2836 5267 διενεγκεῖν,
2861 5201 2953 5251 καὶ
2970 5201 3128 5268 χάριν
3152 5197 3486 5268 ὁμολογῆσαι
3508 5197 3584 5269 τῷ
3615 5198 3716 5268 τὴν

2127 5291 2380 5346 παιδείαν
2413 5292 2598 5360 νόμοις
2645 5290 2986 5358 ἐπαγαγόντι
3045 5289 3483 5362 φιλανθρωπίας.
3535 5292 3714 5353 Αὐτὸς

2130 5384 2488 5448 πεπαίδευκε,
2518 5384 2612 5436 καὶ
2646 5383 2807 5445 αὐτὸς
2845 5384 3036 5436 ἰάσατο
3076 5384 3257 5453 ἡμᾶς·
3291 5384 3388 5438 καί
3419 5383 3576 5451 τουτο
3605 5382 3716 5453 ἔχω

2134 5480 2283 5550 παρὰ
2307 5478 2416 5530 τῶν
2448 5476 2776 5550 προφητῶν·
2810 5475 3041 5542 πατάξει
3079 5478 3170 5531 καὶ
3201 5476 3463 5548 μοτώσει,
3503 5476 3599 5532 καὶ
3647 5477 3712 5531 οἵ)

2137 5571 2390 5642 βραδυνεί
2417 5567 2552 5638 πρὸς
2587 5569 2685 5638 τὴν
2722 5565 2886 5639 (aqu).

2644 5767 2682 5794 ’κ
2713 5767 2836 5820 Ομρ.
2878 5783 2947 5830 ιι,
2984 5767 3033 5818 ‘2.
