4152 6420
431 345 545 412 505

503 449 618 517 λς’.
649 445 836 503 Ταῦτα
855 443 1031 509 λέγων
1058 441 1086 494 δ
1116 437 1418 508 θαυμάσιος
1442 434 1722 495 Θεοδόσιος
1756 432 1891 484 πᾶσι
1919 426 2015 517 μὲν
2042 427 2092 488 Α

430 514 947 613 τὴννπαραψυχήν·
1002 530 1117 583 ἐστι
1172 529 1230 581 δὲ
1283 521 1360 588 οἷς
1408 527 1501 578 καὶ
1540 520 1893 613 ἀπαλλαγὴν-
1922 514 2017 571 τοῦ

432 609 743 701 νοσήματος
769 619 1135 694 ἐμνηστεύετο
1152 635 1165 648 ·
1191 618 1301 679 τοῖς
1334 614 1515 676 ἄλλοις
1543 610 1805 678 γενναίως
1829 609 2018 701 φέρειν

430 724 503 779 τὰ
531 700 771 791 δυσχερῆ
800 712 1101 785 παραινῶν,
1166 709 1259 762 καὶ
1304 705 1507 760 πείθων
1564 700 2017 791 λυσιτελεςὶτέραν

431 785 764 876 ἀπαλλαγῆς
799 798 941 855 εἶναι
994 799 1093 871 τὴν
1127 798 1184 849 ὲν
1232 794 1442 855 τούτοις
1492 789 1792 861 ὑπομονήν.
1831 785 2017 856 Ταύτῃ

430 921 517 956 τοι
548 899 644 954 καὶ
688 895 855 950 πλέον
879 890 1146 960 Θεοδοσίῳ
1184 887 1246 939 τὸ
1295 882 1749 951 σπουδαζόμενον,
1798 879 1899 949 οὐχ
1928 877 2017 931 ἵνα

432 988 767 1054 ἀπαλλάξειε
813 984 911 1039 τοῦ
956 980 1258 1043 λυποῦντος
1287 978 1414 1042 τοὺς
1467 973 1652 1035 κακῶς
1685 973 2016 1041 πάσχοντας,

433 1085 553 1142 ἀλλ’
586 1085 675 1137 ἴνα
715 1078 924 1135 πείσειε
964 1075 1163 1148 μᾶλλον
1202 1070 1453 1142 εὐψύχως
1485 1068 1673 1139 φέρειν
1699 1065 1794 1118 καὶ
1825 1079 2023 1135 καρτε-

439 1194 568 1251 ρως.

1393 328 1568 393 VlTA
1609 325 1672 389 S.
1711 317 2126 385 THEODOSII
2164 314 2766 379 C(ENOBIARCHIE.

3593 314 3700 379 506

2187 425 2276 479 56.
2311 423 2440 479 ﬂare
2465 424 2653 479 dicens
2681 421 3020 478 admirabilis
3054 422 3414 493 Theodosius,
3448 429 3704 491 omnibus

2126 515 2345 585 quidem
2407 514 2736 582 procurabat
2798 502 3259 579 consolationem,
3323 525 3378 569 et
3432 518 3706 572 nonnullis

2126 606 2289 659 etiam
2325 619 2355 658 a
2405 604 2594 659 morbo
2644 602 3019 659 liberationem
3056 623 3069 660 :
3113 603 3252 659 alios
3281 605 3606 669 admonens,
3651 617 3710 659 ut

2127 696 2252 752 l‘nrti
2287 705 2341 751 et
2370 709 2566 764 magno
2614 694 2797 749 animo
2829 692 3032 750 ferrent
3068 708 3189 750 eam
3223 696 3613 763 calamitatem,
3658 705 3714 750 et

2129 789 2464 859 persuadens
2500 800 2624 842 esse
2664 785 2847 841 utilius
2872 800 2993 840 eam
3058 788 3295 844 tolerare
3323 802 3483 857 quam
3526 787 3597 842 ab
3646 801 3711 841 ea

2128 882 2369 937 liberari.
2397 879 2508 935 Hae
2534 878 2745 934 ratione
2764 878 3057 947 plurimum
3083 881 3246 934 studii
3283 878 3711 950 ponebatTheo-

2131 973 2339 1036 dosius,
2373 987 2480 1027 non
2504 980 2564 1027 ut
2590 985 2707 1032 eos.
2739 971 2830 1041 qui
2868 969 3009 1026 male
3038 970 3339 1035 habebant,
3361 969 3619 1025 liberaret
3640 971 3711 1026 ab

2130 1077 2197 1117 eo
2262 1061 2401 1131 quod
2440 1071 2559 1116 erat
2589 1062 2669 1117 eis
2698 1061 3024 1127 molestum;
3054 1061 3152 1115 sed
3188 1068 3248 1113 ut
3269 1060 3445 1129 potius
3467 1061 3546 1117 eis
3583 1074 3712 1131 per-

2131 1155 2388 1209 suaderet
2419 1163 2478 1208 ut
2508 1167 2572 1209 ea
2618 1153 2744 1209 torti
2775 1164 2828 1211 et
2851 1167 3047 1224 magno
3067 1152 3250 1208 animo
3272 1151 3505 1208 ferrent.

1904 1266 2130 1326 CAPUT
2161 1268 2254 1324 IX.

1341 1387 1502 1443 Varia
1537 1385 1729 1457 templa
1757 1393 2051 1441 exstructa.
2084 1384 2416 1443 Exercitatio
2440 1386 2838 1442 monachorum.

514 1521 593 1589 λζ’
601 1564 617 1578 .
639 1501 802 1574 Ἀλλὰ
834 1513 949 1586 γὰρ
971 1513 1121 1576 ὅπως
1147 1510 1243 1566 καὶ
1264 1510 1380 1573 τοῖς
1407 1508 1589 1570 ἄλλοις
1615 1505 1827 1559 ἐκείνου
1849 1504 2036 1565 καλοῖς

2216 1502 2308 1560 57.
2342 1503 2448 1560 Sed
2474 1504 2618 1559 enim
2671 1504 2940 1573 quomodo
2972 1504 3200 1561 aliorum
3250 1507 3396 1565 illius
3445 1511 3714 1571 bonorum

456 1619 585 1682 τοὺς
631 1609 901 1684 ἀκροατὰς
954 1604 1313 1674 ἐστιάσομενς
1361 1602 1415 1655 τί
1448 1601 1561 1671 γὰρ
1604 1598 1680 1662 ὡς
1710 1599 1770 1652 ὲν
1827 1597 2029 1650 σπάνει

459 1702 891 1777 κατορθωμάτων
912 1695 1197 1768 διατριϐὰς
1225 1694 1304 1765 τῷ
1323 1693 1468 1762 λόγῳ
1495 1691 1922 1762 περινοήσομεν;
1946 1686 2032 1749 τίς

453 1801 563 1868 γὰρ
596 1795 701 1850 τῶν
725 1790 965 1849 ἐνταῦθα
1015 1785 1357 1857 τελουμένων
1394 1782 1678 1854 ὑμνῳδιῶν
1703 1779 1944 1859 ἀκούσας
1967 1777 2030 1831 οὐ

448 1889 804 1960 θελχθήσεται
839 1883 939 1954 μὲν
992 1879 1183 1949 ἀκοὴν,
1216 1875 1522 1948 ἡσθήσεται
1551 1873 1607 1926 δὲ
1645 1871 1847 1942 ψυχὴν,
1879 1885 2035 1940 σκιρ-

443 1983 602 2053 τήσει
621 1980 678 2033 δὲ
710 1976 932 2046 θερμῶς
958 1973 1060 2041 τὴν
1082 1969 1332 2042 καρδίαν,
1384 1967 1482 2020 καὶ
1510 1965 1579 2018 τὰ
1602 1963 1757 2034 χείλη
1785 1962 1924 2032 πρὸς
1942 1961 2035 2014 εὐ-

446 2072 663 2143 φημίαν
693 2067 789 2122 τοῦ
829 2065 1139 2125 πλάσαντος
1188 2061 1402 2130 κινήσει
1436 2056 1737 2129 προθύμως
1757 2095 1773 2122 ,
1804 2055 1953 2116 ὅπως
1975 2053 2033 2105 ἐν

444 2166 730 2235 διαφόροις
784 2161 883 2230 μὲν
911 2158 1033 2218 ταῖς
1056 2152 1354 2223 γλώσσαις,
1382 2150 1487 2204 ὕπὸ
1519 2148 1577 2203 δὲ
1628 2149 1760 2218 μιᾶς
1809 2144 2034 2215 γνώμης

444 2274 507 2311 τε
542 2254 640 2308 καὶ
671 2250 830 2321 δόξης
860 2248 1079 2320 ᾅδονται
1103 2243 1399 2315 φιλοθέωςς
1436 2242 1647 2310 Ὠσπερ
1678 2238 1789 2308 γάρ
1825 2236 1918 2290 ἐπὶ
1943 2235 2036 2288 λύ-

455 2365 559 2419 ρας
589 2343 669 2415 τῷ
707 2339 982 2414 άμοιὸαίῳ
1005 2335 1280 2409 κρούματι
1304 2335 1367 2388 τὸ
1396 2333 1655 2419 διάφορον
1685 2329 1816 2419 τιῖινῄ
1839 2327 2034 2419 φωνῷν

449 2414 651 2507 ῥυθμῷ
668 2429 1036 2498 συγκιρνᾶται
1066 2421 1409 2495 παραδόξως,
1422 2420 1566 2473 οὕτω
1593 2417 1658 2489 δὴ
1685 2416 1780 2470 καὶ⁸
1802 2414 2037 2507 ενταῦθα

445 2504 531 2594 in},
560 2521 806 2592 διαφόρῳ
837 2515 947 2571 τῶν
995 2512 1281 2583 γλωσσῶν,
1331 2509 1576 2571 ποικίλος
1618 2524 1700 2569 τις
1734 2506 1830 2560 καὶ
1870 2504 2036 2594 ἀκρι-

449 2589 566 2679 ϐέῦς
598 2589 919 2684 ὲναρνμονιος
970 2607 1217 2679 ὲξᾲδεται
1248 2602 1437 2673 ὕμνος.
1471 2600 1530 2656 '0
1557 2599 1667 2671 γάρ
1684 2598 1848 2668 σοφὸς
1870 2589 2029 2660 οὕτος

451 2707 621 2778 ἀνὴρ,
648 2704 840 2774 ὥσπερ
867 2706 897 2758 ὁ
945 2701 1114 2763 πάλαι
1148 2695 1417 2766 Βεσελεὴλ
1445 2696 1473 2749 ὁ
1504 2697 1605 2765 τῆς
1640 2691 1789 2757 θείας
1816 2688 2038 2763 ἀρχιτέ-

2134 1594 2318 1662 epulis
2352 1594 2628 1649 auditores
2653 1594 3022 1662 excipiemus?
3073 1595 3215 1662 Quid
3267 1600 3436 1665 enim,
3485 1606 3714 1671 perinde

2131 1684 2277 1739 ae’si
2308 1685 2490 1740 desint
2530 1699 2618 1740 res
2652 1685 2911 1755 praeclare
2952 1686 3023 1741 ab
3057 1701 3123 1743 eo
3154 1698 3339 1757 gestae,
3370 1697 3711 1764 excogitabi-

2131 1791 2276 1843 mus,
2320 1775 2773 1846 quemadmodum
2818 1779 3091 1847 possimus
3141 1781 3424 1837 immorari
3478 1784 3532 1838 in
3584 1801 3683 1843 ora

2134 1868 2319 1923 tione?
2348 1868 2486 1937 Quis
2508 1869 2655 1925 enim
2676 1884 2801 1925 eum
2832 1885 2950 1936 eas,
2983 1887 3104 1942 quae
3133 1873 3222 1928 hie
3270 1875 3424 1942 liunt,
3477 1880 3714 1937 audierit

2133 1958 2478 2028 hymnodias,
2508 1974 2614 2015 non
2635 1960 2974 2016 demulcetur
2991 1962 3208 2031 quidem
3235 1967 3476 2034 auribus,
3502 1967 3715 2025 lzetatnr

2133 2061 2315 2106 autem
2371 2051 2577 2119 animo,
2644 2052 2811 2108 corde
2872 2061 3051 2109 autem
3112 2055 3463 2111 vehementer
3490 2060 3711 2124 exsilit,

2134 2153 2498 2214 promptoque
2536 2153 2594 2199 et
2637 2145 2804 2200 alacri
2843 2144 3029 2201 animo
3081 2146 3233 2203 labra
3270 2159 3453 2205 movet
3504 2153 3571 2205 ad
3602 2152 3717 2208 lau-

2138 2239 2374 2293 dandum
2420 2253 2545 2294 eum
2575 2240 2667 2310 qui
2715 2239 2867 2307 fecit,
2900 2241 3043 2311 quod
3081 2240 3310 2299 diversis
3349 2245 3566 2314 quidem
3607 2246 3713 2301 lin-

2138 2330 2282 2400 guis,
2317 2345 2422 2385 una
2457 2340 2639 2386 autem
2670 2342 2852 2387 mente
2869 2342 2920 2387 et
2964 2334 3231 2388 sententia
3265 2347 3535 2391 canuntur
3555 2338 3644 2408 pie
3663 2346 3719 2392 et

2138 2421 2429 2493 religiose?
2451 2421 2734 2490 Quomodo
2762 2426 2908 2479 enim
2938 2425 2991 2478 in
3024 2425 3159 2494 lyra.
3193 2441 3256 2481 ea
3291 2442 3413 2497 quae
3457 2428 3517 2483 lit
3555 2431 3718 2485 vicis-

2139 2513 2240 2567 sim
2290 2513 2622 2584 pulsatione,
2671 2524 3113 2585 contemperatur
3167 2531 3360 2573 vocum
3432 2519 3720 2577 diversitas

2140 2620 2372 2667 numero
2399 2607 2753 2675 admirabili;
2789 2608 2861 2662 ita
2894 2609 3060 2664 etiam
3108 2610 3197 2665 hic
3228 2626 3446 2681 quoque
3488 2614 3720 2670 diversis

2141 2694 2361 2767 linguis,
2414 2698 2638 2766 quidam
2664 2700 2847 2755 varius
2877 2710 2932 2754 et
2968 2702 3123 2757 valde
3148 2706 3444 2760 concinnus
3469 2715 3725 2762 cantatur

453 2817 604 2853 κτων
639 2796 864 2867 σκηνῆς,
901 2790 1189 2861 σοφώτατα
1211 2787 1278 2858 δὴ
1306 2786 1403 2839 καὶ
1458 2783 1723 2837 κάλλιστα
1764 2782 1894 2852 περὶ
1937 2778 2036 2850 τὴν

2147 2787 2401 2856 hymnus.
2432 2787 2531 2842 Hie
2557 2789 2724 2843 etiam
2751 2790 2834 2843 vir
2856 2791 3094 2860 sapiens,
3136 2792 3277 2847 sicut
3308 2795 3436 2848 olim
3483 2795 3723 2853 Beseleel

457 2886 634 2960 μονὴν
663 2853 871 2953 ταύτην
902 2853 1004 2953 τὴν
1027 2878 1191 2947 ἁγίαν
1219 2853 1518 2943 οἰκονομεῖ,
1546 2870 1823 2960 τέσσαράς
1850 2885 1908 2923 τε
1960 2869 2040 2960 ie-

2147 2879 2314 2933 divini
2382 2880 2718 2935 architector
2785 2881 3141 2950 tabernaculi,
3199 2884 3605 2953 sapientissime
3671 2898 3727 2943 et

460 2955 600 3048 ροῦς
639 2974 821 3035 οἴκους
848 2968 980 3023 εῐσω
1007 2966 1217 3037 ταύτης
1249 2964 1527 3033 οἰκοδομεῖ
1546 2978 1562 2994 ·
1600 2955 1676 3016 ὧν
1701 2962 1794 3013 τὸν
1825 2960 1924 3029 μὲν
1945 2958 2043 3048 ἕνα

2147 2971 2520 3041 pulcherrime
2540 2971 2817 3042 dispensat
2862 2982 2917 3027 et
2942 2974 3289 3029 administrat
3324 2976 3378 3031 in
3413 2978 3517 3032 hoc
3537 2989 3728 3035 sancto

455 3044 573 3128 τοῖς
610 3062 713 3134 τὴν
750 3060 981 3114 Ἑλλάδα
1005 3057 1256 3128 γλῶτταν
1276 3052 1625 3127 προιεμένοις
1652 3053 1880 3123 ἀνῆκεν,
1913 3052 1971 3104 ὲν
1999 3044 2043 3119 ᾧ

2149 3064 2508 3129 tnonasterio,
2540 3077 2595 3118 et
2626 3074 2860 3135 quatuor
2890 3068 3035 3120 aedes
3065 3067 3203 3120 intra
3238 3068 3290 3122 id
3323 3068 3559 3124 aediﬁcat
3589 3070 3724 3142 (Π).

459 3158 559 3214 καὶ
594 3154 745 3225 αὐτῷ
772 3153 867 3208 καὶ
903 3150 982 3222 τῷ
1007 3149 1155 3222 χορῷ
1183 3148 1293 3202 τῶν
1325 3146 1502 3203 ἄλλων
1530 3143 1790 3214 Πατέρων
1823 3144 1852 3197 ὁ
1877 3142 2043 3215 ὕμνος

2147 3156 2224 3211 Ex
2259 3156 2457 3224 quibus
2503 3171 2663 3210 unam
2705 3157 2924 3226 quidem
2964 3157 3172 3212 dimisit
3225 3158 3331 3218 iis,
3386 3159 3476 3229 qui
3542 3160 3729 3231 lingua

458 3254 645 3326 ᾔδετο.
691 3250 781 3304 Ἐν
813 3248 891 3320 τῷ
914 3246 1157 3318 δευτέρῳ
1178 3244 1237 3298 δὲ
1263 3243 1325 3296 τὸ
1348 3241 1459 3296 τῶν
1512 3238 1734 3293 Βεσσῶν
1784 3237 1942 3307 γένος
1973 3237 2043 3307 τῇ

2147 3244 2336 3301 Graeca
2375 3253 2622 3311 utuntur,
2673 3246 2725 3300 in
2779 3260 2882 3316 qua
2923 3255 2980 3302 et
3030 3247 3148 3318 ipse
3170 3257 3228 3304 et
3255 3250 3483 3305 alorum
3515 3266 3732 3321 quoque

463 3343 713 3416 σφετέρᾳ.
750 3342 902 3412 φωνῇ
930 3337 1008 3411 τῷ
1031 3335 1198 3407 κοινῷ
1237 3333 1486 3406 Δεσπότῃ
1526 3331 1623 3394 τὰς
1666 3330 1831 3400 εὐχὰς
1860 3326 2043 3382 ἀπεδί‹

2148 3335 2369 3392 Patrum
2401 3336 2602 3392 chorus
2625 3336 2884 3408 hymnum
2923 3339 3171 3394 canebat.
3192 3338 3250 3394 In
3279 3342 3517 3398 secunda
3547 3355 3726 3399 autem

460 3439 580 3498 δθυ.
612 3438 719 3490 Τὸν
747 3435 803 3488 δὲ
835 3434 1018 3505 τρίτον
1052 3432 1115 3484 τὸ
1142 3429 1253 3482 τῶν
1290 3425 1597 3497 Ἀρμενίων
1637 3422 1806 3491 φύλον
1836 3421 2043 3493 εἰλήχαμ

2150 3442 2320 3498 genus
2373 3426 2662 3485 Bessorum
2723 3428 2835 3500 (18)
2883 3445 2981 3485 sua
3031 3445 3162 3485 voce
3195 3433 3470 3487 communi
3505 3434 3732 3490 Omnino

464 3547 576 3595 σιν,
614 3528 674 3580 ἑν
708 3520 755 3593 ᾧ
782 3525 848 3596 δὴ
879 3522 974 3577 καλ⁸
1002 3519 1162 3575 αὐτοὶ
1192 3522 1259 3591 τῇ
1309 3516 1526 3588 πατρίῳ
1569 3513 1787 3585 γλώττῃ
1822 3513 1900 3584 τῷ
1929 3511 2050 3583 Θεῷ

465 3623 596 3685 τοῦς
621 3620 826 3692 ὕμνους
865 3616 1149 3688 ἀνέφερον.
1186 3614 1292 3666 Τὸν
1323 3611 1551 3682 ἔσχατον
1585 3610 1643 3664 δὲ
1675 3610 1771 3665 καὶ
1792 3608 2050 3679 τέταρτον

470 3712 583 3784 ἰδία
603 3711 747 3764 πάνυ
775 3708 884 3762 τῶν
914 3708 1092 3763 ἄλλων
1112 3706 1161 3760 ei
1183 3704 1447 3775 δαιμονίῳ
1477 3704 1620 3774 φορᾷ
1644 3702 1867 3774 κάτοχοι
1880 3697 2052 3772 εἶχον,

475 3806 529 3858 οἱ
559 3804 731 3866 άλλως
762 3799 1076 3870 παράφοροι
1104 3815 1162 3852 τε
1199 3798 1291 3851 καὶ
1335 3796 1435 3859 τὰς
1479 3796 1682 3866 φρένας
1719 3792 2054 3864 διεφθαρμέ-

484 3912 603 3958 νου,
630 3888 700 3947 ὢν
733 3894 828 3947 καὶ
852 3894 881 3945 ὁ
905 3891 1064 3959 λόγος
1092 3890 1192 3960 ἠδη
1216 3887 1430 3958 φθάσας
1459 3885 1730 3956 ἐμνήσθη,
1759 3885 1923 3937 ὁπότε
1959 3884 2056 3938 καὶ

491 3986 645 4037 αὐτοὶ
665 3986 876 4056 νήφοιεν
898 3983 1017 4054 μεθ’
1042 3975 1118 4036 ὧν
1150 3980 1310 4051 ἔσχον
1338 3981 1416 4042 εἰς
1447 3976 1775 4046 ὑπουργίαν,
1807 3975 1863 4028 ὲν
1882 3973 2056 4043 τούτῳ

487 4077 552 4151 δὴ
582 4077 657 4149 τῷ
694 4078 933 4148 ’Υψίστῳ
952 4074 1053 4140 τὰς
1083 4073 1251 4144 εὐχάς
1283 4070 1726 4142 ἀναπέμποντες.

549 4258 654 4332 λη’.
686 4259 843 4314 Οὕτω
864 4259 1045 4321 αὐτοῖς
1075 4255 1104 4308 ὁ
1120 4255 1217 4325 τῆς
1240 4250 1512 4324 ὕμνῳδίας
1541 4247 1854 4303 ἐπετελεῖτο
1878 4243 2057 4300 κανὼν

472 4355 621 4411 κατὰ
642 4351 704 4405 τὸ
727 4353 1018 4423 είρῆμενον
1033 4346 1263 4408 ἑπτάκις
1285 4343 1384 4415 τῆς
1402 4341 1615 4412 ἡμέρας
1638 4339 1714 4408 τῷ
1733 4335 2061 4409 Δημιουργῷ

474 4444 703 4500 πάντων
732 4441 1165 4512 ἀναφερόμενος.
1211 4435 1375 4493 vim
1408 4432 1583 4488 ταῦτα
1635 4433 1734 4502 μὲν
1787 4430 1879 4484 τὸν
1901 4430 2061 4483 ἄλλον

474 4540 713 4610 καιρόνο
765 4536 892 4589 ἐπεὶ
941 4536 1031 4590 ὅτε
1079 4550 1143 4602 γε
1185 4531 1297 4585 τῶν
1336 4527 1554 4584 σεπτῶν
1595 4527 1704 4581 ἔδει
1768 4525 2062 4596 μετασιίεὶν

479 4631 827 4703 μυστηρίων,
863 4627 1071 4698 σφόδρα
1100 4623 1283 4686 καλῶς
1320 4623 1462 4692 ἔχων
1495 4620 1627 4690 παρ’
1656 4619 1843 4681 αὐτοῖς
1879 4616 2060 4670 ἔκειτο

479 4725 670 4794 νόμος,
700 4722 842 4777 ὥστε
865 4720 1030 4790 μέχρι
1062 4717 1159 4789 μὲν
1173 4716 1282 4769 τῶν
1314 4711 1687 4767 θεοπνεύστων
1713 4708 2060 4777 Εὐαγγελίων

485 4816 636 4871 κατὰ
663 4814 766 4885 τὴν
795 4812 1004 4866 οἰκείαν
1024 4810 1257 4863 ἕκαστον
1287 4803 1589 4878 ἐκκλησίαν
1619 4803 1736 4873 ἅμα
1768 4800 1864 4854 καὶ
1888 4798 2063 4867 γλῶτ-

557 4974 673 5043 (ΙἻ)
707 4970 1027 5043 Recessisse
1057 4967 1117 5023 S.
1143 4963 1509 5043 Theodosium
1567 4957 1632 5012 ad
1666 4968 1872 5043 partem
1900 4956 2067 5043 lanra:

486 5038 844 5100 occ-identalis
866 5078 882 5103 ,
915 5040 1226 5110 ibidemque
1266 5038 1599 5110 exstrusisse
1647 5038 2070 5110 "tonastcrtutn,

488 5098 724 5169 refertur
751 5115 804 5165 in
822 5098 939 5166 Vita
952 5109 1012 5181 S,
1042 5098 1227 5181 Saliae;
1252 5121 1372 5181 qua:
1390 5102 1571 5181 deltae
1604 5098 1950 5181 ampliatione
1980 5098 2066 5148 iu-

487 5184 779 5251 teltigenda
810 5196 932 5236 esse
962 5173 1196 5251 diximus
1212 5173 1282 5230 in'
1298 5173 1723 5251 Prolegomenis.

567 5233 1012 5323 (Γέῑιιὲεέιζρω
1038 5250 1236 5323 Bessar,
1272 5233 1488 5323 populi-
1505 5240 1751 5323 lldt‘gﬂles
1781 5246 1926 5317 sunt.
1945 5233 2070 5323 tte-

491 5307 951 5380 mi‘nit'eorum'S.
979 5307 1238 5373 Paulinus
1272 5307 1566 5384 episcopus
1599 5307 1915 5384 Nolanusjn
1943 5320 2072 5373 poe-

495 5375 650 5449 ntate
669 5375 736 5447 de
760 5391 934 5446 reditu
968 5390 1026 5443 S.
1049 5375 1327 5443 Nicetaritt
1356 5375 1595 5447 Dasium,
1624 5380 1766 5449 quod
1791 5378 1819 5431 7
1849 5375 2071 5433 Januar.

491 5465 768 5527 dedimus,
790 5464 879 5517 ubi
912 5477 970 5514 ιι.
996 5459 1203 5512 Ξὶιιιιδο
1234 5455 1414 5511 canit:

678 5553 823 5607 Nam
858 5548 1185 5605 simultenis
1211 5544 1504 5613 animisque
1536 5539 1681 5605 duri,

682 5624 751 5677 Et
781 5638 881 5677 sua
920 5618 1067 5674 Bessi
1090 5620 1202 5671 nive
1227 5617 1488 5676 duriores,

686 5694 839 5747 Nunc
856 5706 971 5746 ores
1007 5690 1153 5757 farti.
1180 5691 1310 5740 dure
1338 5696 1385 5737 te
1418 5688 1703 5752 gregantur

946 5759 1101 5813 Pacis
1120 5761 1171 5811 in
1197 5757 1398 5811 aulam.

2151 3519 2411 3577 fundebat
2460 3536 2670 3592 preces.
2719 3520 2959 3577 Tertiam
2995 3533 3175 3579 autem
3234 3526 3424 3580 sortita
3470 3525 3570 3580 fuit
3601 3541 3734 3596 gens

2152 3610 2532 3671 Armeniorum
2561 3613 2675 3683 (l9)
2704 3628 2720 3665 :
2764 3613 2815 3666 in
2861 3628 2969 3682 qua
2994 3616 3211 3682 quidem
3267 3615 3367 3682 ipsi
3390 3630 3603 3685 quoque
3628 3616 3735 3669 lin--

2152 3715 2262 3771 gua
2290 3703 2466 3772 patria
2495 3703 2607 3759 Deo
2629 3703 2860 3773 hymnos
2891 3704 3236 3760 emittebant.
3256 3704 3515 3761 Ultimam
3549 3716 3733 3760 autem

2155 3800 2479 3861 etquartam
2524 3808 2771 3849 seorsum
2830 3793 2900 3850 ab
2933 3794 3075 3857 aliis,
3126 3794 3162 3848 ii
3207 3795 3300 3863 qui
3344 3796 3735 3850 vexabantura

2155 3885 2402 3939 daemone
2450 3902 2465 3938 :
2498 3886 2591 3955 qui
2641 3900 2763 3940 cum
2790 3894 2950 3941 erant
2982 3885 3181 3956 alioqui
3215 3885 3402 3940 furiosi
3450 3895 3505 3941 et
3539 3896 3737 3942 emota:

2158 3975 2375 4041 utentis,
2404 3986 2463 4031 ut
2489 3986 2616 4031 ante
2663 3977 3032 4040 meminimus,
3060 3992 3182 4033 cum
3224 3978 3323 4048 ipsi
3351 3979 3418 4033 ad
3452 3993 3510 4034 se
3532 3979 3738 4035 reversi

2159 4076 2314 4121 erant
2337 4069 2648 4138 composita:
2682 4071 2902 4135 mentis,
2927 4085 3050 4126 cum
3082 4070 3170 4134 iis,
3202 4071 3293 4141 qui
3324 4070 3405 4126 eis
3460 4071 3737 4126 ministra-

2087 4185 2136 4246 ι)
2161 4158 2311 4222 bant,
2343 4160 2399 4214 in
2433 4174 2494 4216 ea
2525 4176 2712 4231 preces
2750 4163 3071 4218 emittebant
3098 4165 3399 4221 Altissimo.

2235 4251 2324 4307 '58.
2359 4252 2436 4307 lta
2460 4256 2528 4308 ab
2549 4254 2631 4309 eis
2652 4255 3016 4323 peragebatur
3042 4256 3347 4326 bytnnodim
3383 4257 3495 4328 (20)
3532 4256 3739 4327 regula,

2163 4357 2286 4412 qum
2321 4344 2398 4414 (ut
2421 4344 2626 4399 dictum
2662 4346 2768 4414 est)
2815 4347 3017 4416 septies
3056 4348 3111 4402 in
3141 4348 3228 4403 die
3277 4346 3605 4403 oll‘erebatur
3632 4349 3745 4404 Deo

2166 4436 2565 4491 tnuiversorum.
2615 4435 2722 4493 Sed
2773 4439 2889 4493 haec
2912 4439 3131 4508 quidem
3161 4440 3269 4495 alio
3307 4450 3570 4508 tempore.
3603 4438 3742 4496 Nam

2165 4530 2383 4596 quando
2405 4529 3009 4597 Oportebatveneranda
3027 4534 3350 4602 participare
3374 4541 3743 4595 sacramenta,

2170 4617 2251 4672 lex
2281 4627 2399 4677 erat
2447 4618 2588 4689 apud
2614 4635 2709 4675 eos
2741 4622 2970 4698 pulchre
3004 4623 3293 4679 admodum
3338 4624 3659 4691 constituta,
3684 4634 3742 4679 ut

2169 4724 2340 4779 usque
2363 4711 2430 4765 ad
2456 4711 2715 4767 divinitus
2756 4715 3017 4783 inspirata
3052 4712 3337 4783 Evangelia
3368 4717 3747 4785 unusquisque

2171 4802 2224 4856 in
2248 4817 2346 4857 sua
2365 4802 2595 4859 ecclesia
2623 4803 2784 4860 simul
2813 4813 2869 4860 et
2898 4805 3103 4874 lingua,
3126 4805 3359 4860 divinam
3411 4807 3626 4863 audiret
3648 4823 3743 4859 ro-

2172 4955 2365 5011 Ovidio
2393 4959 2556 5012 etiam
2584 4959 2812 5014 Danubii
2852 4959 3050 5014 accola:
3081 4959 3382 5028 habentur,
3413 4972 3467 5017 et
3495 4961 3645 5017 Getis
3672 4964 3751 5018 vi-

2173 5028 2303 5093 cini,
2336 5030 2407 5081 ila
2429 5029 2467 5082 Ι.
2492 5044 2548 5082 ιιι
2577 5028 2849 5093 Tristium,
2882 5029 3020 5100 eleg.
3044 5030 3078 5084 5
3112 5046 3126 5082 :
3584 5038 3599 5049 ‘

2250 5165 2582 5220 Sauromata:
2595 5166 2807 5236 cingunt
2831 5166 2944 5237 fera
2971 5184 3117 5239 gens,
3142 5167 3389 5238 Bessique
3418 5167 3683 5238 Geta’que.

2177 5361 2260 5414 An
2295 5360 2411 5414 haec
2435 5371 2620 5412 eorum
2648 5355 2833 5427 lingua
2882 5354 2987 5410 fuit
3014 5353 3287 5427 fortassis,
3337 5369 3458 5424 qua:
3488 5352 3594 5427 hoe
3638 5367 3758 5427 aevo

2183 5431 2467 5484 Slzivonica
2489 5427 2708 5492 dicitur,
2734 5422 2797 5481 'et
2828 5426 2936 5481 late
2963 5441 3061 5496 per
3089 5422 3543 5494 Septemtrtonem
3577 5425 3632 5477 in
3671 5422 3758 5479 of-

2183 5501 2306 5555 ﬁcio
2337 5497 2704 5553 ecclesiastico
2734 5506 3044 5566 usurpatur.

2261 5590 2386 5664 (ιιι),
2408 5592 2481 5664 De
2509 5589 2690 5659 lingua
2722 5588 3010 5664 Armenifa
3052 5586 3315 5664 quaedam“
3328 5587 3492 5641 habet
3516 5587 3761 5642 Athana-

2191 5656 2303 5719 siu‘s
2331 5656 2623 5716 Kircltertts
2647 5673 2830 5715 uoster
2861 5660 2913 5713 in
2946 5656 3246 5712 Prodromo
3277 5656 3469 5726 Copto.

2269 5734 2379 5806 (90)
2421 5733 2635 5800 Antiqm
2662 5747 2686 5785 s
2714 5731 2967 5785 horarum
2993 5728 3375 5787 ranonicarutu
3407 5744 3560 5784 usus.
