4152 6450
456 371 563 440 ειη

1712 368 1999 432 MENSIS
2035 366 2501 438 IANUARIUS.

3129 342 3162 367 ο

3612 381 3722 448 508

457 502 612 552 cem;
658 495 847 557 postea
889 493 1069 541 autem
1100 496 1290 541 omnes
1314 493 1781 553 congregarentur
1824 482 1879 537 in
1908 496 2024 544 una,

2143 500 2242 539 ταν
2266 488 2364 558 τῆς
2391 486 2540 552 θείας
2579 485 2802 542 ἀκούειν
2835 488 3041 559 φωνῆς,
3079 487 3139 541 τὸ
3166 485 3221 541 δὲ
3245 488 3340 542 ἐπὶ
3390 489 3607 554 τούτοις
3642 495 3724 556 είς

449 578 692 647 exceptis
722 577 1103 643 dictitoniacis;
1165 575 1220 630 in
1252 588 1447 646 magna
1479 573 1692 630 scilicet
1718 572 2036 630 Graecorum

448 673 706 729 ecclesia.
737 670 887 739 Quod
939 671 1157 740 quidem
1209 669 1265 722 in
1314 667 1636 722 hodiernum
1692 681 1865 736 usque
1893 666 2037 721 diem

451 764 695 819 faciunt:
726 773 779 819 et
810 762 922 817 illic
944 770 1073 817 sunt
1105 760 1398 830 participes
1438 757 1929 815 sanctiﬁcatorum.

519 949 612 1004 59.
645 947 710 1003 Et
741 948 872 1016 quid
899 962 1035 1016 opus
1071 952 1155 1001 est
1193 945 1378 1000 omnia
1416 957 1725 1011 recensere,
1759 941 1927 1009 illius,
1953 941 2041 995 in-

449 1053 635 1107 quam,
685 1036 828 1092 sacri
884 1037 1119 1104 pastoris
1177 1043 1234 1089 et
1282 1034 1495 1105 gregis;
1546 1043 1603 1089 et
1628 1046 1811 1088 utrum
1850 1048 2037 1089 eorum

448 1129 625 1198 magis
658 1129 961 1182 admiretur
1001 1127 1124 1197 quis
1154 1127 1433 1191 virtutem,
1468 1142 1538 1179 an
1599 1124 2041 1179 multitudinem?

449 1221 587 1276 Nam
609 1235 746 1291 quos
774 1228 884 1274 tota
918 1234 1018 1274 sua
1076 1220 1181 1273 vita
1219 1216 1474 1286 parturiit
1527 1216 1907 1285 spiritualiter,
1941 1230 2035 1286 pa-

447 1321 603 1369 terne
621 1319 803 1367 autem
841 1310 1055 1374 nutriit,
1096 1319 1151 1363 et
1177 1308 1372 1363 deinde
1407 1307 1571 1361 etiam
1601 1306 1670 1359 ad
1703 1305 1866 1359 Deum
1897 1305 2036 1359 emi-

445 1407 541 1475 sit,
598 1419 724 1461 cum
768 1401 997 1474 pulchre
1049 1413 1205 1455 suam
1258 1397 1427 1452 vitam
1480 1396 1772 1461 tiniisseut,
1819 1394 2039 1450 fuerunt

445 1513 677 1556 numero
725 1494 966 1551 sexcenti
1008 1503 1067 1548 et
1134 1489 1426 1560 nonaginta
1477 1496 1610 1544 tres.
1660 1489 1808 1555 Quos
1853 1498 2034 1545 autem

446 1589 738 1663 praefectus
775 1583 914 1659 (21),
928 1590 931 1591 ⁷
944 1585 1037 1654 qui
1064 1592 1188 1654 post
1208 1582 1363 1636 illum
1391 1581 1661 1636 successit
1677 1581 2033 1646 monasterio,

444 1682 667 1738 {tierunt
720 1680 1010 1750 plusquam
1055 1673 1465 1746 quadringenti,
1516 1683 1758 1743 paterna:
1811 1673 2034 1729 virtutis

447 1784 693 1846 apertum
715 1783 999 1829 servantes
1028 1771 1436 1833 characterem,
1474 1768 1571 1823 lilii
1612 1777 1820 1838 patrem
1842 1782 2034 1822 aman-

2149 577 2281 649 μίαν
2311 579 2519 643 πάντας
2546 577 2685 651 πλὴν
2710 578 2821 633 τῶν
2859 579 3244 651 δαιμονῶντων
3266 580 3366 652 τὴν
3394 582 3570 651 μεγάλ
3591 604 3640 651 λ,ν
3661 584 3723 653 δή

2142 671 2253 723 τῶν
2297 669 2658 740 Ἑλληνιστῶν
2679 671 2974 743 ἐκκλησίαν
3008 670 3362 743 ἀθροίζεσθαι
3385 690 3399 705 ·
3440 674 3469 727 δ
3519 678 3609 727 καὶ
3643 678 3722 740 εἰς

2142 758 2304 830 δεῦρο
2334 758 2618 825 ποιοῦντές
2648 762 2756 815 εισι
2799 761 2895 815 καὶ
2922 762 3028 817 τῶν
3061 764 3425 835 άγιασμάτων
3451 766 3570 818 ἐκεῖ
3620 783 3718 836 με·

2140 850 2361 922 τέχουσι

2214 945 2313 1000 λθ’.
2349 946 2460 1000 Καὶ
2487 947 2540 1000 τί
2568 947 2652 1001 δεῖ
2682 947 2860 1002 πάντα
2900 947 3247 1018 καταλέγειν,
3283 950 3353 1003 τὰ
3411 949 3507 1004 τοῦ
3567 949 3717 1020 ἱεροῦ

2141 1036 2297 1090 τοῦδε
2324 1041 2605 1108 ποιμένος,
2635 1040 2913 1111 φημὶ,καὶ
2944 1042 3235 1111 ποιμνίους
3271 1043 3366 1095 κα)⁵
3392 1042 3621 1114 πότερον
3652 1043 3722 1098 ἄν

2139 1144 2225 1191 τις
2254 1128 2434 1181 αὐτῶν
2458 1129 2751 1197 ἀγιάσαιτο
2785 1133 2886 1202 τήν
2915 1130 3117 1203 ἀρετήν
3155 1131 3189 1205 ἦ
3221 1131 3282 1185 τὸ
3311 1132 3512 1201 πλῆθο,
3537 1152 3552 1199 ;
3584 1130 3722 1203 Πλρ⁹

2140 1221 2269 1292 ὃλην
2300 1221 2401 1292 μὲν
2429 1221 2539 1293 γὰρ
2567 1220 2735 1276 αὑτοῦ
2760 1222 2863 1294 τὴν
2897 1222 3045 1294 ζωὴν
3075 1222 3169 1288 οὓς
3197 1223 3354 1278 ώδινε
3397 1225 3499 1294 μὲν
3559 1242 3726 1279 πνευ-

2143 1314 2412 1383 ματικῶς,
2446 1313 2791 1385 ἀνεθρέψατο
2836 1314 2894 1368 δέ
2925 1316 3233 1387 πατρικῶς,
3289 1310 3410 1369 εἶτα
3459 1316 3723 1385 καὶπρὸς

2138 1407 2271 1459 Θεὸν
2322 1406 2748 1477 παρεπέμψατο,
2796 1407 2979 1471 καλῶς
3013 1408 3104 1462 τὸν
3138 1408 3348 1462 ἑαυτῶν
3394 1408 3509 1478 βίον
3538 1408 3722 1463 διατε-

2140 1497 2436 1561 λέσαντας,
2471 1499 2619 1569 τρεῖς
2644 1498 2741 1551 καὶ
2772 1499 3134 1571 ἐννενήκοντα
3163 1499 3260 1552 καὶ
3294 1498 3581 1562 ἑξακόσιοι
3627 1500 3720 1551 τὸν

2138 1592 2373 1664 ἀριθμὸν
2405 1588 2549 1665 ἦσαν
2571 1612 2585 1624 ·
2619 1592 2713 1658 οὒς
2734 1593 2791 1647 δὲ
2824 1593 2945 1664 μετ’
2971 1595 3187 1648 ἐκεῖνον
3216 1593 3603 1663 ἀφηγούμενος
3620 1593 3721 1660 τῆς

2140 1687 2311 1757 μονῆς
2338 1686 2607 1756 διεδέχετο
2636 1686 2858 1751 πλείους
2880 1687 2990 1741 τῶν
3019 1686 3386 1757 τετρακοσίων
3422 1686 3720 1756 ἐτύγχανον

2136 1779 2312 1845 ὄντες,
2344 1779 2493 1849 σαφῆ
2520 1779 2612 1833 τὸν
2660 1780 2985 1850 χαρακτῆρα
3009 1779 3108 1849 τῆς
3145 1778 3418 1849 πατρικῆς
3452 1778 3720 1843 σώζοντες

445 1880 549 1936 tes,
577 1878 633 1922 et
662 1866 755 1922 lilii
774 1866 866 1935 qui
896 1863 1187 1935 insigniter
1230 1862 1557 1917 amabantur
1586 1877 1619 1916 a
1648 1870 1820 1931 patre.
1857 1860 2024 1918 Causa

2136 1871 2364 1940 ἀρετῆς,
2399 1847 2508 1924 uiui
2558 1847 2944 1943 φιλοήπάτορες,
2977 1847 3074 1925 καῖ
3120 1847 3291 1923 τέκνα
3345 1847 3720 1941 διαφερόντως

441 1971 625 2016 autem
644 1959 869 2024 amoris,
898 1958 1127 2026 quierat
1156 1955 1208 2009 in
1229 1955 1498 2025 utrisque,
1528 1963 1648 2009 erat
1672 1968 1778 2009 non
1812 1962 2028 2020 natura,

442 2069 564 2124 quae
592 2061 678 2107 est
719 2066 808 2106 res
852 2049 1011 2104 laude
1065 2063 1260 2104 carens
1310 2056 1367 2102 et
1405 2047 1688 2113 mercede;
1729 2046 1826 2102 sed
1887 2044 2033 2101 bona

444 2148 694 2201 voluntas
720 2156 778 2200 et
803 2146 1004 2199 bonum
1026 2142 1192 2197 animi
1221 2141 1550 2203 institutum,
1588 2153 1778 2194 amans
1800 2138 1854 2194 id
1886 2141 2029 2210 quod

442 2241 645 2295 bonum
666 2246 754 2294 est
776 2248 834 2293 et
871 2237 1182 2300 honestum,
1206 2244 1261 2289 et
1280 2234 1402 2288 ideo
1435 2232 1647 2287 laudem
1674 2232 1899 2287 omnino
1919 2245 2033 2286 me-

442 2343 614 2386 retur.
645 2331 713 2386 Et
752 2344 968 2401 possem
999 2327 1217 2399 quidem
1255 2326 1438 2382 dicere
1459 2341 1583 2381 cum
1617 2339 1815 2395 magna
1868 2323 2029 2380 velu-

442 2432 612 2494 ptate,
640 2432 772 2492 quot
814 2428 1082 2490 pastores:
1109 2428 1242 2489 quot
1268 2418 1552 2489 episcopos
1581 2415 1697 2488 (22)
1741 2415 2032 2486 protulerit

439 2518 560 2588 ejus
591 2516 862 2581 educatio,
893 2522 949 2569 et
974 2522 1109 2584 quot
1122 2530 1184 2567 ex
1219 2512 1338 2583 ejus
1374 2513 1566 2566 ovibus
1587 2510 1818 2577 luerunt
1844 2518 2030 2579 pasto-

441 2622 532 2663 res
554 2606 804 2672 aliorum,
832 2613 887 2660 et
919 2605 1249 2676 praefuerunt
1298 2604 1472 2659 sacris
1518 2601 1867 2658 monasteriis
1892 2601 2026 2674 (25),

440 2717 547 2756 non
575 2701 681 2770 ipsi
704 2680 957 2754 amantes
988 2701 1296 2767 imperium,
1329 2697 1422 2752 sed
1442 2696 1858 2766 potiusjudicati
1885 2694 2027 2764 digiti

437 2793 532 2864 qui
578 2793 934 2861 imperarent,
960 2798 1018 2845 et
1051 2792 1195 2860 digni
1242 2790 1443 2858 quibus
1497 2788 1812 2843 crederetur
1842 2787 2028 2858 praefe-

437 2897 595 2942 ctura
634 2886 937 2939 animarum
978 2898 992 2934 :
1030 2894 1084 2937 et
1117 2892 1249 2952 quot
1302 2881 1546 2936 solitarie
1596 2882 1848 2935 vixerunt
1902 2895 2028 2950 pro-

435 2988 560 3047 pter
586 2978 784 3047 quietis
809 2991 876 3030 ac
920 2974 1125 3029 silentii
1181 2974 1534 3039 desiderium,
1587 2982 1644 3028 et
1672 2971 2023 3041 cupiditatem

438 3070 704 3137 majorum
733 3067 1091 3120 certaminum
1143 3080 1158 3117 :
1192 3080 1423 3135 quorum
1458 3064 1733 3120 nonnullis
1762 3064 2024 3133 producta

2139 1966 2309 2034 πατρὶ
2347 1963 2712 2033 στεργόμενα.
2743 1963 2904 2017 Δίτία
2928 1963 2986 2016 δέ
3018 1963 3115 2030 τῆς
3144 1963 3204 2015 ἐν
3231 1960 3517 2032 ἑκατέροις
3550 1977 3725 2031 στορ-υν

2135 2052 2240 2120 γῆς
2264 2053 2326 2106 οὖ
2357 2051 2518 2122 φύσις
2545 2048 2637 2123 ἦν.
2677 2055 2912 2123 πρᾶγμα
2964 2052 3208 2106 ἐπαίνων
3239 2053 3449 2122 ἔρημον
3493 2054 3588 2106 καὶ
3625 2069 3718 2122 pt-

2138 2140 2303 2205 σθῶν,
2332 2142 2469 2197 άλλά
2505 2143 2833 2215 προαίρεσις
2865 2143 3049 2216 ἀγαθὴ
3093 2144 3153 2197 τὸ
3191 2144 3358 2199 καλὸν
3390 2146 3716 2216 στέργουσα,

2135 2235 2231 2286 καὶ
2256 2234 2347 2288 διά
2375 2234 2535 2289 τοῦτο
2560 2237 2778 2301 πάντως
2813 2238 2906 2291 καὶ
2949 2238 3232 2308 στεφάνων
3255 2238 3404 2304 ἀξία.
3440 2241 3550 2294 Καὶ
3571 2235 3719 2311 εἶχον

2135 2325 2205 2380 ἂν
2228 2328 2367 2396 μετά
2386 2327 2589 2399 πολλῆς
2620 2327 2800 2398 λέγειν
2828 2331 2928 2401 τῆς
2971 2330 3187 2401 ἡδονῆς,
3242 2331 3401 2395 ὅσους
3429 2330 3723 2401 ποιμένας,

2131 2418 2293 2483 ὅσους
2324 2420 2658 2482 ἐπισκόπους
2684 2422 2718 2490 ή
2750 2420 2919 2475 αὑτοῦ
2948 2423 3292 2492 προήνεγκεν
3349 2422 3542 2492 ἀγωγή
3570 2435 3583 2450 ⁸
3615 2422 3717 2475 ὅσα

2130 2525 2192 2562 τε
2247 2508 2355 2563 τῶν
2384 2510 2549 2563 αὑτοῦ
2588 2512 2877 2581 προϐάτων
2910 2513 3169 2581 ποιμένες
3223 2512 3402 2577 ἄλλως
3454 2513 3723 2581 γεγόνασιι

2134 2603 2229 2655 καὶ
2267 2606 2704 2674 φροντιστηρίων
2739 2604 2899 2675 ἱερῶν
2922 2603 3283 2675 ἐξηγήσαντο,
3319 2605 3420 2659 οὐκ
3445 2605 3599 2659 αὐτοὶ
3616 2608 3717 2675 τῆς

2130 2695 2308 2766 ἀρχῆς
2348 2695 2695 2767 ἐρασθέντες,
2732 2694 2871 2749 ἀλλά
2922 2694 3112 2766 ἄρχειν
3165 2693 3370 2766 μᾶλλον
3431 2695 3716 2765 κριθέντες

2128 2788 2293 2855 ἄξιοι,
2319 2789 2658 2859 προστασίαν
2681 2805 2744 2841 τε
2767 2789 3126 2857 πιστευθῆναι
3162 2787 3353 2859 ψυχῶν
3375 2786 3672 2857 ἐπιτήδειοι
3696 2803 3711 2819 ο

2130 2881 2246 2934 ὅσοι
2275 2897 2335 2933 τε
2364 2882 2485 2934 καθ’
2525 2881 2754 2945 ἑαυτοὺς
2809 2878 3140 2951 βεϐιώκασιν
3171 2879 3402 2950 ἡσυχίας
3432 2878 3584 2947 πόθῳ
3618 2879 3713 2932 καὶ

2128 2971 2358 3041 ἀγώνων
2383 2971 2648 3043 μειζόνων
2681 2970 2972 3044 ἐπιθυμίᾳ,
2993 2965 3070 3025 ὧν
3095 2972 3261 3035 ἐνίοις
3298 2972 3395 3025 καὶ
3420 2973 3498 3035 εἰς
3524 2971 3698 3042 όγδοή

2127 3079 2294 3117 κοντα
2325 3063 2593 3134 χρόνουςή
2620 3062 2852 3132 ἄσκησις
2870 3062 3156 3132 παρετάθη
3176 3104 3190 3129 ,
3228 3063 3326 3116 καὶ
3349 3060 3412 3115 τὸ
3438 3060 3547 3115 τῶν
3573 3062 3720 3119 ἐτῶν.

437 3161 540 3214 fuit
582 3158 905 3213 exercitatio
960 3172 1134 3227 usque
1167 3159 1233 3211 ad
1267 3158 1545 3226 octoginta
1598 3171 1796 3221 annos,
1848 3164 1905 3212 et
1941 3156 2021 3210 eis

2130 3153 2331 3225 πλῆθος
2367 3155 2557 3217 αὐτοῖς
2606 3154 2825 3224 πρῶθος
2862 3153 3092 3209 πλούτου
3127 3151 3500 3224 πνευματικοῦ
3545 3153 3709 3220 συνή-

436 3271 705 3311 unnorum
752 3255 1038 3310 multitudo
1065 3251 1415 3320 congregavit
1444 3248 1842 3304 multitudinem
1878 3248 2020 3305 divi-

437 3349 640 3403 tiarum
693 3347 1043 3417 spiritalium.
1075 3342 1180 3397 Per
1215 3358 1336 3413 quo:
1382 3343 1563 3397 omnia
1592 3342 2021 3412 cognoscebatur

436 3452 493 3499 et
526 3441 924 3513 praedicabatur
970 3436 1331 3502 Theodosius,
1371 3444 1427 3490 et
1456 3434 1504 3488 ei
1532 3448 1756 3489 aureum
1789 3448 2018 3489 conser-

438 3536 669 3589 vabatur
704 3546 897 3602 genus,
946 3529 1087 3601 quod
1135 3529 1374 3595 honore,
1421 3526 1669 3597 inquam,
1702 3526 2016 3580 antecellit:

436 3642 535 3697 per
562 3638 682 3695 qua:
703 3623 757 3677 ei
790 3622 1152 3691 implebantur
1178 3618 1390 3673 fructus
1410 3627 1465 3672 et
1495 3615 1771 3686 manipuli,
1804 3624 1859 3669 et
1872 3628 2018 3667 mer-

435 3732 530 3773 ces
561 3716 878 3786 augebatur.
906 3713 980 3767 De
1015 3726 1342 3781 unoquoque
1375 3724 1506 3779 ergo
1560 3723 1751 3762 eorum
1786 3706 2020 3771 libenter

435 3810 776 3863 meminisSet
806 3805 1005 3868 oratio,
1038 3804 1140 3857 nisi
1182 3804 1576 3873 produceretur
1596 3800 1664 3854 ad
1694 3799 2020 3853 immodera-

435 3895 904 3965 tmnem.0pottet
935 3909 1065 3963 ergo
1110 3893 1295 3963 paucis
1329 3893 1534 3957 dicere,
1585 3891 1791 3944 nullum
1848 3888 2020 3943 fuisse

435 3989 683 4042 relictum
722 3989 918 4052 locum,
951 3988 1043 4056 qui
1075 4001 1181 4042 non
1232 3983 1505 4041 commodi
1537 3992 1594 4038 et
1637 3981 1889 4038 utilitatis
1918 3982 2019 4036 ali-

432 4082 564 4150 quid
589 4096 656 4135 ex
679 4096 743 4134 eo
769 4081 840 4135 sit
871 4089 1220 4135 consecutus.

505 4171 596 4226 40.
659 4170 951 4242 Postquam
1008 4186 1139 4241 ergo
1180 4168 1341 4238 huius
1388 4168 1493 4223 viri
1537 4166 1707 4222 divini
1743 4166 1884 4220 fama
1920 4180 2017 4237 per

432 4269 747 4323 universum
772 4269 959 4321 orbent
994 4275 1156 4321 terrae
1179 4264 1291 4334 jam
1325 4263 1674 4333 pervasisset,
1717 4274 1773 4316 et
1801 4262 2017 4317 virtutis

429 4361 706 4416 studiosus
739 4361 805 4413 ad
839 4373 897 4412 se
920 4356 1241 4411 attraxisset
1293 4353 1545 4420 animas;
1584 4351 1738 4407 multi
1795 4350 2015 4421 quidem

430 4470 498 4509 ex
538 4453 820 4515 militibus,
853 4449 990 4505 bella
1024 4449 1250 4504 ntultum
1281 4448 1463 4503 valere
1506 4446 1781 4515 iubentes,
1809 4445 2017 4501 refere—

2127 3251 2330 3322 θροισε.
2364 3249 2444 3303 Δι’
2471 3244 2547 3304 ὧν
2582 3251 2800 3303 πάντων
2840 3248 3118 3312 Θεοδόσιος
3147 3246 3475 3319 ἐγνωριξετό
3527 3264 3588 3302 τε
3618 3249 3715 3301 καὶ

2128 3342 2480 3414 ἐκηρύττετο,
2522 3342 2619 3396 καὶ
2663 3343 2725 3394 τὸ
2752 3341 2988 3413 χρυσοῦν
3036 3340 3184 3412 αὐτῴ
3213 3340 3503 3403 διεσώζετο
3532 3341 3707 3408 γένος,

2125 3439 2259 3507 τιμῇ
2295 3436 2438 3505 λέγω
2464 3434 2526 3488 τὸ
2556 3437 2839 3504 κρεῖττον;
2863 3434 2929 3487 δι’
2955 3427 3030 3489 ὧν
3058 3433 3208 3504 αὐτῷ
3230 3435 3278 3486 οἱ
3297 3433 3502 3503 καρποὶ
3524 3434 3617 3485 καὶ
3645 3436 3712 3489 τὰ

2125 3530 2414 3601 δράγματα
2441 3529 2806 3599 ἐπληθύνοντο
2856 3528 2951 3582 καὶ
2987 3530 3015 3581 ό
3064 3527 3251 3598 μισθὸς
3309 3526 3530 3596 ηὔξανε.
3574 3526 3711 3597 Περὶ

2127 3623 2360 3675 ἑκάστου
2406 3619 2698 3691 τ›ιγαροῦν
2750 3621 2932 3674 αὐτῶν
2964 3621 3132 3691 ήδέως
3180 3620 3484 3687 ἂνὸλόγος
3534 3620 3706 3689 ἐμνή-

2129 3715 2252 3786 σθη,
2273 3716 2323 3767 εἰ
2358 3713 2435 3785 μὴ
2457 3714 2590 3784 πρὸς
2611 3714 2877 3783 ἀμετρίαν
2911 3714 3074 3776 αὐτὸς
3105 3713 3477 3784 παρετείνετο.
3497 3714 3586 3767 Δεῖ
3612 3711 3702 3769 οὖν

2127 3804 2450 3867 συνελόντας
2479 3806 2676 3871 εἰπεῖν,
2709 3804 2792 3861 ὅτι
2844 3804 2978 3875 μηδὲ
3036 3805 3135 3873 μία
3186 3803 3372 3875 σχεδὸν
3408 3802 3705 3872 ὑπελείφθη

2126 3897 2305 3967 χώρα,
2343 3898 2377 3968 ἢ
2406 3896 2481 3968 μὴ
2520 3896 2797 3950 ἀπέλαυσε
2825 3895 2927 3966 τῆς
2977 3895 3189 3948 ἐκεῖθεν
3235 3892 3559 3958 ἐπιστασίας
3590 3892 3709 3962 ἅμα

2125 3990 2222 4045 καὶ
2261 3990 2562 4062 ὠφελείας.

2200 4175 2274 4249 μ’.
2308 4176 2466 4231 Ἐπεὶ
2501 4174 2643 4230 οὖνὸ
2685 4174 2829 4239 θεῖος
2874 4172 3033 4238 οὗτος
3085 4174 3227 4246 ἀνὴρ
3263 4173 3353 4228 διὰ
3392 4173 3573 4243 πάσης
3603 4170 3708 4246 ήδη

2124 4268 2222 4339 τῆς
2250 4268 2577 4337 οἰκουμένης
2624 4268 2692 4337 τῇ
2722 4268 2879 4337 φήμῃ
2909 4264 3174 4336 διέτρεχε,
3220 4266 3315 4317 καὶ
3342 4262 3440 4328 τὰς
3479 4262 3706 4334 φιλαρὶο

2122 4377 2247 4425 τους
2278 4361 2559 4414 ἐπεσπᾶτο
2602 4357 2807 4430 ψυχάς,
2848 4359 3037 4412 πολλοὶ
3072 4359 3172 4428 μὲν
3211 4357 3321 4411 τῶν
3356 4356 3706 4427 στρατιωτῶν

2125 4454 2296 4509 πολλά
2320 4455 2533 4526 χαίρειν
2564 4452 2838 4525 πολέμους
2877 4452 3127 4517 εἰπόντες
3170 4453 3251 4514 είς
3286 4450 3384 4522 τὴν
3413 4451 3569 4503 τοῦδε
3598 4450 3705 4518 φά-

432 4547 632 4601 bantur
655 4547 708 4598 itt
742 4556 1029 4597 numerum
1050 4542 1172 4611 ejus
1200 4540 1521 4611 phalangis:
1561 4540 1718 4594 tnulti
1751 4546 1932 4594 autem
1950 4553 2015 4593 ex

2130 4547 2304 4615 λαγγα
2334 4543 2725 4616 μετετάττοντο
2751 4558 2765 4575 ·
2790 4542 2978 4596 πολλοὶ
3001 4542 3058 4601 δὲ
3080 4542 3176 4597 καὶ
3208 4540 3321 4595 τῶν
3348 4543 3406 4594 ἐν
3428 4540 3704 4610 ἀξιώμασι

431 4640 748 4708 iisquoque,
797 4636 890 4705 qui
939 4632 1192 4688 valebant
1220 4632 1506 4703 dignitate,
1534 4642 1592 4687 et
1636 4632 1871 4687 honores
1893 4629 2016 4685 fue-

429 4739 557 4785 rant
579 4731 881 4793 consecuti,
917 4727 1033 4781 hsec
1063 4740 1170 4779 non
1207 4739 1367 4778 secus
1401 4734 1567 4794 atque
1591 4721 1801 4777 somnia
1832 4720 2016 4791 despi-

426 4823 658 4886 cientes,
685 4831 781 4874 aut
803 4819 980 4888 potius
1007 4826 1066 4872 ut
1103 4816 1239 4871 alias
1276 4817 1507 4880 sirenes,
1553 4829 1676 4885 qua:
1703 4813 2014 4868 deutulcent

425 4917 493 4967 ad
523 4911 847 4981 eorum,qui
874 4925 967 4965 eas
999 4911 1303 4974 attendunt,
1355 4907 1606 4971 exitium,
1654 4906 2012 4970 dimittentes,

313 5046 317 5049 -
429 5018 545 5061 ιοιο
572 5007 707 5078 pede
724 5006 790 5059 ad
819 5004 994 5074 ipsum
1022 5000 1437 5066 contendebant,
1469 5007 1688 5069 propter
1714 4996 2011 5060 Christum,

426 5099 783 5172 ignominiam
839 5110 1021 5152 veram
1063 5109 1185 5150 esse
1222 5093 1451 5163 gloriam
1487 5100 1543 5149 et
1580 5093 1697 5161 ipso
1734 5089 1893 5144 ttiam
1927 5107 2016 5146 re-

497 5331 748 5406 (ﬁiillic
781 5340 866 5388 est
889 5329 1229 5406 Sophronius
1256 5329 1366 5406 ille,
1388 5329 1543 5398 cujus
1569 5329 1782 5406 legatus
1826 5329 1996 5406 Hesy-

2123 4636 2221 4691 καὶ
2244 4637 2433 4706 τιμαῖς
2467 4632 2849 4702 περιϐλέπτων
2885 4634 2946 4685 ἐν
2984 4632 3084 4703 ῖσῳ
3116 4631 3213 4685 καὶ
3246 4630 3483 4702 ὀνείροις
3526 4629 3704 4685 ταῦτα

2124 4729 2649 4799 περιφρονήσαντες,
2696 4724 2731 4796 ή
2770 4723 3082 4794 μᾶλλοννώς
3112 4723 3279 4788 ἄλλας
3321 4725 3577 4795 σειρῆνας
3607 4722 3705 4781 ἐπὶ

2118 4817 2278 4888 κακῴ
2307 4816 2417 4869 τῶν
2440 4814 2821 4885 προσεχόντων
2842 4813 3142 4882 θελγούσας
3164 4813 3428 4881 ἀφέντες,
3441 4814 3546 4884 ὅλῳ
3578 4812 3705 4872 ποδὶ

2120 4911 2257 4982 πρὸς
2285 4910 2449 4965 αὑτὸν
2480 4908 2744 4979 ἐχώρουν,
2785 4908 2884 4979 τὴν
2912 4908 3000 4961 διὰ
3026 4907 3262 4981 Χριστὸν
3292 4906 3509 4972 ἀδοξίαν
3525 4905 3700 4976 ἀληθῆ

2116 5001 2273 5067 δόξαν
2302 5003 2396 5056 καὶ
2418 5002 2651 5073 κρείττω
2670 5002 2765 5054 καὶ
2792 5000 2961 5072 αὐτῆς
2993 4995 3135 5054 εἶναι
3159 5001 3436 5072 βασιλείας
3482 5001 3701 5054 πιστεύ-

2118 5112 2311 5160 σαντες
2325 5108 2343 5124 ·
2364 5093 2551 5148 πολλοὶ
2574 5093 2631 5148 δὲ
2651 5095 2745 5148 καὶ
2768 5094 2877 5148 τῶν
2907 5097 2966 5149 ἐν
2995 5094 3214 5167 παιδεία
3229 5095 3440 5166 μεγάλα
3456 5094 3703 5165 λαμψάν-

2109 5333 2194 5385 nis
2246 5329 2445 5387 Moschi
2498 5328 2839 5385 Theodosius
2893 5329 3114 5399 quidam
3160 5327 3703 5399 creatusepiscopns

424 5396 777 5478 chins'hujus
825 5396 1139 5478 monasterii
1185 5396 1480 5478 presbyter
1522 5396 1714 5478 pro'eo
1759 5396 2003 5457 interluit
2111 5402 2485 5478 gapitoliatlis,
2542 5403 2609 5478 de
2648 5401 2855 5478 quo-in
2893 5396 3080 5478 _Prgt_o
3128 5397 3518 5478 spiritualium
3572 5396 3700 5449 ibt).

425 5476 636 5549 Syttodo
652 5471 1272 5549 _Coustantinopolitauaa
1300 5471 1420 5549 sub.
1436 5471 1657 5549 Henna.
1681 5471 1753 5527 De
1776 5481 2005 5538 utroque

2115 5467 2252 5527 Tres
2323 5473 2567 5542 episcopi
2648 5467 2906 5526 titorienti
2986 5467 3293 5524 Theodosio
3367 5467 3697 5531 adfuerunt,

423 5541 607 5601 actum
652 5545 704 5598 itt
737 5541 1041 5614 Prolegom.
1080 5542 1194 5614 sub
1231 5541 1700 5614 ltocJSOphronio
1749 5553 1845 5614 aut
1894 5558 1999 5595 non
2111 5559 2165 5596 tt.
2200 5543 2289 5614 84.

424 5615 597 5668 multo
626 5624 765 5682 post,
792 5611 936 5668 hanc
960 5613 1242 5668 historiam
1261 5612 1321 5668 S.
1348 5611 1640 5667 Theodosii
1672 5612 1998 5681 descriptam

424 5698 490 5737 ex
509 5687 791 5748 subiuncta
827 5684 984 5738 laude
1012 5682 1349 5738 subditorum
1385 5692 1658 5751 putamus.

496 5751 609 5822 βε)
642 5751 714 5822 l5}
738 5751 1084 5807 hislulianus
1109 5753 1393 5822 episcopus
1422 5751 1748 5814 Bestrettsis.
1802 5751 1873 5822 de
1898 5767 2006 5820 quo

496 5767 609 5816 tu;
642 5767 714 5804 ex
738 5767 1084 5807 tnsmttanus
1109 5768 1136 5804 ε·
1182 5768 1393 5822 iscopus
1422 5767 1748 5814 bmrrensss.
1802 5767 1870 5807 ue
1898 5767 2006 5820 quo

424 5814 567 5872 infra
594 5836 646 5873 ιι.
673 5819 735 5874 7l
771 5831 823 5875 et
866 5837 1026 5888 supra
1056 5822 1109 5876 in
1141 5767 1446 5893 BTOIt‘gﬂlll.
1479 5823 1554 5878 ιι..
1587 5833 1825 5897 tempore
1846 5820 2006 5879 Joan-

2325 5576 2706 5695 Przeeratfcum
2828 5608 2991 5693 salta,
3015 5623 3079 5664 ex
3108 5606 3495 5695 cotttmissione
3520 5606 3701 5686 Salus-

2115 5676 2458 5764 tii‘cpiscopi
2513 5683 2987 5764 [lienrsnlymitaui
3019 5719 3035 5745 ,
3081 5676 3701 5764 reliquis"circumcirca
3788 5706 3825 5725 -τ

2115 5750 2478 5809 ιιιοιιιιειυιὶἐε.
2520 5753 2649 5809 Vide
2682 5750 3091 5823 i’t'olegotuena,
3115 5751 3142 5821 ς
3168 5750 3226 5807 5.
