4152 6412
351 382 465 450 509

1329 386 1503 447 VlTA
1545 388 1613 451 ὃ.
1649 387 2066 450 THEODOSII
2101 389 2705 453 C(ENOBIARCHIE.

3526 391 3632 457 510

348 511 467 550 των
492 490 716 566 βίϐλους
748 485 828 548 ῶν
860 492 1150 566 ἐξείχοντο,
1189 494 1439 567 καθάπερ
1496 496 1661 550 τινῶν
1693 499 1941 568 μαζῶνῆ

2063 515 2154 571 [no
2176 499 2452 556 meliorem
2474 494 2779 557 credentes.
2813 498 2960 556 Multi
3005 509 3187 557 autem
3238 516 3304 557 ex
3330 501 3400 558 iis
3416 516 3635 573 quoque

352 584 580 660 πηγῶν,
613 585 650 657 ἢ
684 583 765 649 ὥς
797 585 1197 657 ἐντρυφήματα
1215 585 1337 640 λίαν
1365 587 1583 659 ἥδιστα,
1620 589 1654 660 ἢ
1685 588 1761 650 ὡς
1814 588 1943 642 θεάο

355 694 513 749 ματα
536 676 730 732 κάλλει
772 675 1040 731 κάλλιστα
1075 678 1422 748 παριδόντες,
1475 680 1774 752 ἠγάπησαν
1807 663 1947 751 μᾶλ-

352 771 452 825 λον
477 770 591 825 τῶν
618 770 1008 840 εἰσαγωγικῶν
1037 771 1326 843 στοιχείων
1371 772 1473 840 τῆς
1515 774 1659 828 κατά
1709 773 1755 826 Χ
1763 773 1946 844 ριστὸν

354 861 597 932 ἀγωγῆς
628 859 899 931 διψασθαι,
927 862 1157 935 κρότους
1185 878 1244 918 τε
1274 864 1370 918 καὶ
1426 864 1741 928 πολιτικοὺς
1789 865 1949 918 ἐπαί-

355 971 489 1016 νους
526 952 892 1018 ἀπολιπόντες
946 953 1301 1027 ἀνθρωπίνης
1338 954 1524 1027 πάσης
1580 957 1794 1024 σοφίας,
1845 956 1948 1027 τὴν

352 1045 451 1098 διὰ
480 1042 723 1114 Χριστὸν
738 1042 953 1114 μωρίαν
977 1045 1474 1116 προτετιμήκασιν·
1503 1042 1588 1109 οἷς
1616 1032 1738 1101 λίαν
1758 1050 1951 1121 ἐπιτη-

351 1134 520 1198 δείως
538 1134 567 1188 ό
594 1131 802 1205 ἀγαθὸς
830 1126 994 1198 αὖτος
1019 1135 1221 1205 ἐχρῆτο
1250 1134 1476 1206 ποιμὴν,
1493 1138 1608 1201 τοῖς
1657 1137 1757 1207 μὲν
1790 1138 1952 1193 ἀσθε-

357 1225 653 1299 νεστέροις
716 1224 996 1294 κουφίζων
1057 1227 1185 1290 τοὺς
1247 1227 1470 1292 πόνους,
1495 1231 1610 1293 τοῖς
1661 1231 1952 1300 ἀκμαιοτέ-

362 1336 482 1390 ροις
509 1321 566 1374 δέ
594 1319 689 1374 τον
728 1319 978 1388 κάματον
1005 1318 1349 1386 πλεονάζων,
1366 1319 1443 1384 ὡς
1469 1322 1608 1391 μήτε
1641 1321 1704 1376 τὸ
1723 1322 1951 1389 ἀσθενὲς

364 1410 739 1482 ἀπαγορεύειν
769 1413 837 1483 τῇ
867 1411 1129 1484 ἀμετρίᾳ,
1163 1412 1302 1483 μήτε
1335 1412 1398 1465 τὸ
1445 1412 1670 1483 ἰσχυρόν
1707 1412 1953 1484 ὑϐρίζειν

367 1505 431 1565 οὗ
462 1501 804 1572 πιεζόμενον,
854 1502 995 1573 πρὸς
1024 1503 1239 1567 πάντας
1274 1503 1571 1556 ποικίλλων
1610 1503 1806 1557 ἐαυτὸν
1853 1504 1952 1560 καὶ

376 1595 720 1663 πνευματικῇ
747 1592 914 1663 σοφίᾳ
968 1591 1463 1663 μεταϐαλλόμενος,
1512 1593 1572 1645 οὐ
1618 1590 1801 1662 ῥάϐδῳ
1828 1607 1952 1645 παι-

378 1686 574 1750 δεύων,
625 1684 753 1740 ἀλλά
806 1684 954 1756 λόγῳ
983 1684 1376 1754 παιδαγωγῶν,
1407 1684 1555 1756 λόγῳ
1587 1685 1746 1756 ξιλατι
1782 1686 1953 1756 ἠρτυο

372 1777 528 1848 μένῳ
546 1774 831 1847 ἁπτομένῳ
855 1791 918 1835 τε
945 1775 1046 1845 τῆς
1077 1775 1280 1846 ψυχῆς,
1335 1776 1430 1829 καὶ
1457 1775 1820 1845 διικνουμένῳ
1855 1774 1955 1844 μέ-

363 1886 464 1941 χρι
490 1869 584 1922 καὶ
614 1866 811 1938 βάθους
833 1866 945 1927 τῶν
969 1867 1066 1930 τοῦ
1094 1868 1190 1929 νοῦ
1222 1867 1566 1939 κινημάτων,
1594 1867 1669 1930 ὼς
1720 1867 1788 1921 ἂν
1839 1868 1949 1920 ἀπὸ
1984 1848 2025 1904 Β

362 1960 471 2029 τῆς
498 1960 606 2014 τῶν
649 1959 828 2032 ἔργων
861 1960 1182 2033 παρρησίας
1218 1960 1320 2032 τὴν
1371 1960 1524 2030 ἰσχὺν
1567 1959 1730 2030 ἔχων.
1763 1958 1954 2028 Ταύτῃ

359 2070 451 2107 σοι
486 2055 581 2107 καὶ
615 2052 951 2125 παρακαλῶν
984 2052 1201 2117 πολλοῖς
1246 2051 1481 2123 φοϐερὸς
1510 2048 1601 2124 ἦν,
1632 2053 1728 2107 καὶ
1777 2053 1928 2111 sum

363 2144 490 2220 μῶν
521 2145 616 2203 καὶ
646 2144 897 2209 ποθεινὸς
921 2144 1017 2203 καὶ
1043 2143 1173 2215 ἡδὺς
1203 2146 1263 2196 ἐν
1297 2142 1491 2205 unum.

2046 591 2138 662 qui
2164 600 2324 647 erant
2369 590 2610 660 insignes
2649 592 2979 661 eruditione,
3023 594 3191 648 libros
3212 596 3413 665 quibus
3446 597 3635 651 adhze-

2051 683 2263 748 rebaut,
2300 692 2555 753 tanquam
2615 683 2890 754 aliquibus
2932 685 3195 743 uberibus
3231 697 3325 742 aut
3367 689 3636 756 fontibus,

2052 772 2136 828 vel
2172 781 2432 842 tanquam
2474 773 2907 844 iucundissimas
2967 777 3311 847 voluptates,
3369 781 3453 833 vel
3514 789 3637 834 tau-

2049 875 2216 933 quam
2252 861 2619 932 pulcherrima
2664 862 2976 932 spectacula
3017 864 3382 934 auspicantes,
3422 865 3638 919 malue-

2053 962 2178 1007 runt
2202 951 2472 1024 attingere
2511 951 2891 1008 institutiones
2911 951 3304 1007 elementurnm
3329 955 3474 1017 vitae,
3516 969 3640 1023 qua:

2050 1057 2119 1099 ex
2135 1045 2352 1102 Christo
2379 1045 2560 1114 agitur
2589 1061 2606 1113 ;
2648 1044 2969 1114 relictisque
3001 1046 3283 1114 plausibus
3307 1057 3360 1101 et
3390 1046 3640 1101 laudibus

2051 1136 2322 1205 civilibus,
2349 1138 2598 1195 humana:
2622 1139 2905 1210 sapientia:
2938 1138 3291 1208 praetulerunt
3328 1153 3472 1204 eam,
3518 1154 3639 1208 quae

2051 1239 2136 1286 est
2158 1241 2380 1300 propter
2398 1231 2700 1297 Christum,
2748 1232 3056 1289 stultitiam.
3099 1232 3307 1300 Quibus
3349 1232 3639 1287 admodum

2055 1331 2180 1394 apte
2198 1336 2328 1377 usus
2349 1320 2452 1377 fuit
2485 1323 2573 1376 hic
2593 1323 2768 1378 bonus
2800 1333 3006 1392 pastor,
3043 1322 3489 1378 imbecillioribus
3520 1325 3642 1391 qui-

2051 1413 2176 1468 dem
2213 1412 2428 1468 labores
2458 1413 2718 1478 allevans,
2750 1427 2957 1484 augeus
2985 1423 3167 1469 autem
3213 1415 3641 1481 robustioribus;

2055 1504 2192 1560 adeo
2226 1512 2285 1560 ut
2312 1519 2488 1574 neque
2518 1504 2866 1561 imbecillitas
2890 1505 3292 1574 opprimeretur
3313 1505 3644 1560 immodera-

2056 1594 2223 1659 tione.
2263 1610 2443 1665 neque
2474 1595 2619 1651 vires
2658 1595 3052 1652 insolescerent
3077 1598 3125 1649 sl
3165 1611 3273 1650 non
3317 1596 3646 1663 comprime-

2056 1696 2245 1742 rentur
2263 1704 2281 1755 ;
2299 1703 2427 1757 erga
2455 1702 2648 1744 omnes
2687 1689 2928 1758 seipsum
2956 1687 3176 1742 varians
3203 1696 3257 1742 et
3294 1696 3509 1742 mutans
3537 1690 3644 1758 spi-

2057 1777 2199 1833 ritali
2239 1778 2508 1847 sapientia
2541 1797 2555 1834 :
2586 1793 2692 1833 non
2727 1778 2875 1849 virga
2919 1781 3219 1848 castigans,
3247 1780 3340 1835 sed
3389 1793 3642 1834 sermone

2055 1868 2370 1930 instituens.
2403 1884 2658 1927 sermone
2714 1870 2830 1925 sale
2883 1868 3134 1935 condito,
3170 1879 3226 1924 et
3259 1870 3355 1938 qui
3403 1871 3641 1924 animant

2060 1960 2401 2030 penetrabat,
2429 1975 2496 2016 ac
2540 1961 2873 2032 pervadebat
2897 1976 3070 2032 usque
3082 1961 3147 2016 ad
3178 1960 3503 2031 profundum
3523 1977 3642 2015 tuo-

2059 2062 2212 2108 tuum
2251 2052 2470 2119 mentis,
2503 2062 2563 2109 ut
2602 2054 2696 2124 qui
2742 2054 2850 2109 vim
2894 2054 3119 2110 haberet
3167 2070 3234 2109 ex
3280 2054 3395 2124 ipsa
3421 2069 3646 2123 operum

2061 2144 2280 2201 ﬁducia.
2310 2144 2383 2200 Ea
2405 2146 2613 2201 ratione
2641 2153 2697 2200 et
2724 2145 3034 2212 consolans,
3066 2153 3186 2202 erat
3215 2146 3611 2201 tuultisterribi

2058 2236 2163 2303 lis;
2195 2246 2252 2292 et
2304 2238 2614 2310 increpans,
2650 2239 3032 2297 desiderabilis
3069 2250 3124 2296 et
3148 2240 3421 2311 iucundus
3451 2240 3502 2294 in
3530 2255 3648 2296 om—

2060 2329 2240 2389 nibus.

1827 2465 2061 2525 CAPUT
2091 2468 2160 2524 X.

1422 2557 1606 2614 Sacrw
1629 2557 1744 2627 ejus
1774 2557 2020 2614 lectiones
2041 2569 2089 2615 et
2114 2559 2534 2621 exhortationes.

440 2685 553 2750 μα’.
590 2679 688 2744 Τίς
717 2677 863 2733 οὕτω
894 2678 990 2732 καὶ
1018 2678 1134 2742 τοῖς
1167 2676 1383 2740 πολλοῖς
1407 2675 1617 2746 ὁμιλῶν
1660 2673 1958 2746 manus.

356 2788 552 2837 τατος,
585 2772 683 2826 καὶ
702 2770 802 2836 τὰς
826 2770 1111 2841 αἰσθήσεις
1134 2771 1493 2837 συναγαγεῖν,
1540 2767 1636 2822 καὶ
1694 2769 1825 2824 εἴσω
1854 2786 1959 2822 πα-

362 2865 715 2944 ρασκευάσαι
746 2863 923 2923 νεύειν
985 2866 1359 2931 instauratae;
1390 2863 1465 2927 ὡς
1500 2867 1559 2917 ἐν
1617 2863 1824 2919 πλείονι
1853 2881 1959 2932 γα-

360 2956 507 3028 λήνη
525 2954 718 3009 τοῦτον
743 2956 802 3009 ἐν
832 2955 982 3031 μέσῳ
1012 2954 1286 3026 θορύϐων,
1315 2955 1350 3027 ἢ
1375 2957 1504 3019 τοὺς
1531 2958 1590 3009 ἐν
1616 2956 1815 3029 ἐρήμῳ
1839 2957 1959 3011 δια-

363 3045 568 3112 τελεῖν,
605 3047 703 3101 καὶ
733 3047 852 3116 ἅμα
888 3048 980 3103 τὸν
1006 3046 1169 3101 αὐτὸν
1224 3048 1363 3118 μετά
1415 3046 1657 3115 πλήθους
1705 3064 1768 3100 τε
1809 3042 1955 3100 εἶναι

2132 2680 2224 2736 ll.
2254 2680 2390 2749 Quis
2434 2683 2508 2738 ita
2545 2682 2671 2748 fuit,
2720 2692 2921 2739 etcum
2952 2683 3138 2740 multis
3167 2699 3518 2751 conversans,
3544 2684 3652 2740 uti-

2054 2770 2323 2839 lissimus,
2359 2781 2415 2829 et
2450 2775 2520 2831 ad
2548 2790 2745 2830 sensus
2789 2776 3146 2845 colligendos,
3201 2787 3256 2831 et
3296 2779 3362 2831 ad
3411 2777 3650 2833 elﬁcien-

2060 2865 2189 2919 dum
2228 2873 2289 2920 ut
2327 2865 2474 2920 intro
2501 2876 2972 2933 converterentur,
3009 2868 3362 2934 aptissimus?
3397 2871 3534 2924 adeo
3588 2881 3649 2924 ιιι

2060 2956 2109 3012 is
2146 2958 2200 3011 in
2232 2954 2423 3026 majori
2458 2966 2604 3013 esset
2637 2959 3039 3029 tranquillitate
3083 2959 3134 3013 in
3181 2960 3374 3015 mediis
3409 2963 3652 3016 tumulti-

2062 3048 2188 3117 bus,
2209 3062 2375 3118 quam
2410 3047 2449 3103 ii
2518 3052 2610 3118 qui
2634 3058 2761 3104 sunt
2800 3050 2852 3104 iu
2875 3051 3204 3118 solitudine;
3227 3064 3283 3105 et
3312 3053 3454 3106 idem
3486 3054 3649 3109 simul

364 3139 466 3195 καὶ
490 3137 735 3205 ἰδιάζειν,
768 3139 864 3193 καὶ
909 3138 972 3193 τὸ
1000 3139 1100 3208 μέν
1132 3139 1406 3192 ποιεῖσθαι
1434 3137 1546 3192 τῶν
1575 3139 1773 3204 ἄλλων,
1799 3137 1863 3193 τὸ
1901 3138 1958 3192 δέ

2063 3152 2212 3198 esset
2244 3149 2457 3198 etcum
2489 3143 2858 3210 multitudine,
2913 3153 2970 3199 et
3033 3157 3356 3214 separatus;
3410 3157 3465 3202 et
3517 3149 3648 3203 illud

364 3232 581 3287 οἰκείαν
611 3230 905 3300 ὠφέλειαν,
932 3231 1133 3300 μᾶλλον
1168 3231 1227 3285 δὲ
1254 3231 1468 3285 οἰκείαν
1505 3231 1576 3286 δι’
1606 3232 1958 3304 ἀμφοτέρων,

365 3324 534 3396 εἴπερ
568 3325 680 3395 ἄρα
710 3325 772 3378 τὸ
815 3324 925 3379 τῶν
974 3323 1204 3394 πλησίον
1246 3324 1502 3393 ὠφελεῖν,
1555 3324 1749 3378 ἑαυτὸν
1805 3325 1958 3378 ἐστὶν

366 3418 607 3486 ὠφελεῖν
638 3417 921 3487 ἄντικρυς.
961 3419 1027 3471 ’Ὀ
1055 3416 1113 3472 δὲ
1164 3416 1259 3470 καὶ
1308 3416 1607 3488 σύγχρονον
1655 3416 1805 3486 αύτῷ
1862 3417 1962 3488 τῆς

367 3511 542 3583 ζωῆς,
574 3509 672 3563 καὶ
699 3503 812 3564 οἷον
842 3510 1140 3578 ἀναγκαῖόν
1174 3526 1230 3562 τι
1259 3509 1355 3561 καὶ
1404 3507 1493 3561 ἀεὶ
1546 3509 1960 3579 παρεπόμενον,

368 3606 404 3673 ὴ
428 3602 545 3657 τῶν
589 3602 753 3656 θείων
792 3601 991 3671 λογίων
1023 3601 1332 3668 ἀνάγνωσις
1360 3593 1448 3669 ἦν,
1471 3597 1539 3670 ἢν
1561 3599 1624 3652 ού
1650 3599 1864 3669 χρόνος,
1897 3600 1959 3653 ού

368 3697 552 3758 νότος,
605 3694 668 3747 οὐ
706 3693 908 3763 γῆρας,
957 3694 1060 3747 οὐκ
1101 3692 1233 3746 ἄλλο
1296 3709 1349 3746 τι
1385 3692 1494 3746 τῶν
1547 3692 1960 3762 συμϐαινόντων

374 3790 659 3846 διέκοπτεν
679 3803 694 3817 ’
732 3786 866 3841 ἀλλά
897 3787 990 3840 καὶ
1018 3786 1263 3849 ἀσθενῶς
1301 3784 1502 3854 ἔχοντι,
1561 3786 1655 3840 καὶ
1688 3784 1790 3859 ήδη
1821 3785 1960 3854 πρὸς

382 3881 566 3951 γῆρας
586 3879 808 3949 ἐσχατον
835 3880 1048 3950 ἥκοντι,
1081 3878 1173 3940 καὶ
1205 3878 1340 3948 μηδέ
1372 3878 1624 3949 προιέναι
1651 3876 1745 3930 τοῦ
1769 3877 1959 3932 λοιτοῦ

387 3967 604 4041 δυνατῷ
628 3968 752 4036 ὄντι,
786 3972 822 4041 ἡ
853 3969 1033 4040 βίϐλος
1055 3971 1113 4023 ἐν
1142 3969 1330 4040 χερσὶν
1349 3963 1441 4040 ἦν,
1467 3969 1561 4029 καὶ
1584 3969 1736 4023 πόνοι
1762 3968 1960 4030 πόνους

386 4060 588 4117 ἐνίκων
613 4063 733 4126 τοὺς
762 4061 860 4116 τοῦ
881 4063 1111 4133 γήρους,
1133 4062 1300 4133 φημὶ,
1329 4063 1423 4119 καὶ
1449 4062 1548 4131 τῆς
1570 4059 1881 4133 ἀρρωστίας
1911 4060 1961 4113 oi

381 4155 488 4225 τῆς
517 4144 746 4225 μελέτης
772 4171 787 4186 ο
832 4153 916 4222 ἐφ’
954 4153 1048 4217 οὓς
1073 4153 1177 4223 τῆς
1231 4153 1446 4225 ἡμέρας
1495 4152 1571 4224 μὴ
1602 4150 1961 4226 ὲξαρκούση-ῖ,

376 4244 443 4301 τὸ
468 4246 686 4316 ἐκείνης
719 4244 835 4315 φῶς
861 4248 890 4301 ὁ
917 4244 1110 4315 λύχνος
1141 4247 1200 4298 ἐν
1230 4245 1384 4311 νυξὶν
1411 4244 1749 4319 ἀνεπλήρου.

2062 3232 2286 3304 quidem
2314 3233 2459 3301 aliis,
2512 3235 2617 3290 hoc
2655 3251 2786 3289 vero
2811 3236 2914 3292 sibi
2947 3237 3168 3291 all'erret
3218 3238 3533 3306 utilitatem,
3563 3245 3648 3296 vel

2062 3340 2220 3381 suam
2251 3327 2433 3396 potius
2461 3342 2560 3398 per
2592 3338 2922 3398 utrumque;
2951 3330 3220 3398 siquidem
3251 3330 3446 3399 jltVure
3467 3332 3651 3400 proxi-

2067 3434 2237 3485 mum,
2267 3429 2352 3476 est
2379 3430 2568 3491 aperte
2599 3420 2796 3490 juvare
2844 3423 3100 3494 seipsum.
3159 3422 3312 3489 Quod
3362 3436 3542 3480 autem
3596 3436 3654 3482 et

2066 3513 2367 3579 permansit
2409 3528 2535 3568 cutn
2564 3498 2631 3569 eo
2680 3523 2793 3569 toto
2828 3513 2954 3569 vita:
2983 3531 3096 3571 sua:
3146 3526 3411 3585 tempore,
3464 3531 3519 3572 et
3569 3530 3654 3576 est

2070 3603 2234 3658 \eluti
2272 3606 2642 3661 necessarium
2674 3606 2880 3675 aliquid
2929 3618 2986 3662 et
3040 3623 3258 3676 Semper
3285 3625 3648 3681 consequens,

2067 3702 2190 3748 erat
2212 3693 2518 3766 divinorum
2546 3694 2707 3751 lectio
2732 3696 3074 3765 eloquiorum
3107 3716 3121 3751 :
3162 3714 3322 3766 qttuttt
3372 3716 3478 3754 non
3506 3712 3652 3755 tem-

2070 3797 2190 3851 pus,
2244 3797 2350 3836 non
2399 3784 2641 3850 morbus,
2674 3799 2781 3838 non
2814 3785 3049 3849 senium,
3083 3801 3190 3840 non
3237 3786 3441 3854 aliquid
3503 3790 3649 3844 aliud

2068 3888 2136 3930 ex
2186 3873 2276 3940 iis,
2315 3888 2436 3944 qua:
2483 3875 2763 3940 accidunt,
2805 3876 3115 3947 interrupit.
3143 3877 3282 3943 Quin
3318 3879 3483 3933 etiam
3524 3897 3647 3935 cum

2062 3960 2176 4032 jam
2202 3970 2351 4019 esset
2387 3964 2695 4032 imbecillis,
2741 3975 2796 4021 et
2823 3965 2935 4034 jam
2967 3968 3035 4021 ad
3084 3979 3381 4023 extremam
3414 3971 3651 4024 venisset

2070 4063 2435 4120 senectutem,
2466 4070 2568 4112 nec
2593 4057 2661 4111 de
2684 4064 2882 4113 caetero
2900 4071 3084 4129 posset
3111 4058 3344 4128 amplius
3375 4063 3652 4133 progredi,

2072 4146 2210 4203 liber
2242 4157 2369 4203 erat
2394 4148 2449 4202 in
2484 4149 2758 4217 manibus,
2782 4158 2840 4206 et
2887 4150 3242 4206 vincebantur
3270 4151 3481 4207 Iabut'es
3508 4169 3537 4207 a
3576 4153 3653 4208 la-

2074 4243 2332 4311 boribus;
2372 4260 2402 4299 a
2433 4246 2826 4309 meditationis,
2860 4247 3108 4316 inquam,
3139 4246 3415 4303 laboribus
3437 4248 3653 4303 labores

379 4342 684 4403 senectutis
714 4349 771 4395 et
819 4338 1233 4398 imbecillitatis.
1263 4338 1344 4392 Ad
1385 4354 1520 4411 quos
1542 4352 1667 4394 cunt
1702 4337 1819 4393 dies
1866 4350 1972 4395 non
2013 4334 2311 4405 sulliceret,
2348 4336 2493 4394 illius
2523 4336 2701 4394 lucem
2760 4337 2984 4395 lucerna
3012 4338 3301 4408 supplebat
3362 4339 3417 4394 in
3477 4340 3652 4393 nocti-

376 4440 504 4494 bus.

453 4530 567 4600 μβ’.
615 4529 770 4583 Ἐπεὶ
795 4527 854 4582 δὲ
889 4528 983 4582 καὶ
1016 4529 1303 4600 ἄνθρωπον
1334 4526 1466 4582 ὄντα
1494 4526 1603 4585 ἔδει
1643 4527 1844 4597 δήποτε
1872 4524 1967 4580 καλ⁴
1998 4526 2047 4585 ι)

375 4624 584 4692 καμεῖν
617 4621 713 4675 καὶ
770 4620 907 4690 πρὸς
949 4623 1082 4683 θεοὺς
1122 4620 1353 4682 πολλοὺς
1404 4618 1513 4672 τῶν
1545 4618 1724 4672 πόνων
1753 4620 1967 4682 ἀπαγο-

381 4713 603 4785 ρεῦσαι,
632 4713 734 4783 οὐχ
772 4708 888 4783 εἶχε
918 4714 1017 4783 μὲν
1040 4712 1182 4766 ὥστε
1216 4712 1310 4765 καὶ⁸
1339 4710 1529 4783 ᾅδουσι
1568 4711 1681 4772 τοῖς
1714 4708 1968 4778 ἀδελφοῖς

377 4806 582 4869 νυκτὸς
637 4808 1007 4877 συμπαρεῖναι
1038 4806 1135 4857 καὶ
1183 4805 1285 4857 ὅσα
1336 4803 1419 4856 δεῖ
1461 4801 1786 4871 παραινεῖνο
1827 4800 1855 4852 ό
1907 4798 1965 4852 δὲ

380 4901 461 4971 τῷ
493 4900 748 4972 ὑπηρέτῃ
793 4898 897 4952 ὅσα
934 4897 1030 4952 καὶ
1093 4895 1310 4967 γλώττῃ
1364 4893 1670 4965 χρώμενος,
1702 4890 1775 4958 ,ὃς
1818 4889 1968 4960 αὐτῷ

378 4997 529 5067 κατα
558 4996 747 5065 χεῖρας
804 4993 866 5046 τὸ
896 4991 1043 5062 ὕδωρ
1090 4989 1325 5060 ἐπιχέων
1371 4983 1460 5058 ἦν,
1490 4985 1558 5040 δι’
1594 4985 1804 5039 ἐκείνου
1834 4980 1970 5054 δῆλα

375 5088 499 5150 τοῖς
547 5085 804 5155 ἀδελφοῖς
853 5083 1110 5154 καθίστη,
1160 5082 1245 5146 τίς
1297 5097 1359 5134 τε
1409 5082 1438 5141 ὁ
1486 5079 1586 5149 τῆς
1615 5076 1760 5148 ᾠδῆς
1786 5074 1969 5146 ἄρξων

377 5180 564 5243 ἐσται,
595 5178 691 5232 καὶ
704 5177 788 5242 τίς
825 5179 854 5232 ὁ
878 5177 979 5246 τὴν
1006 5175 1315 5243 ἀνάγνωσιν
1342 5170 1674 5242 καθημένοις
1705 5167 1968 5239 ποιήσων,

379 5274 479 5329 καὶ
504 5272 591 5337 τίς
609 5274 638 5327 ό
655 5271 748 5326 τοῦ
773 5270 937 5345 χοροῦ
968 5269 1335 5342 ἡγησόμενος.
1360 5263 1546 5320 Ταῦτα
1567 5263 1626 5317 δέ
1650 5262 1746 5317 δύο
1761 5261 1971 5316 τούτων

378 5369 549 5442 χάριν
578 5368 776 5435 ἐποίει,
800 5366 897 5423 καὶ
909 5365 1062 5436 αὐτῷ
1085 5363 1186 5435 μὲν
1213 5358 1354 5417 εἶναι
1384 5360 1486 5428 τὴν
1508 5357 1818 5428 ἀγρυπνίαν
1841 5373 1971 5410 συν-

378 5465 486 5534 εχῆ
516 5458 911 5532 μηχανώμενος
929 5500 946 5525 ,
972 5456 1205 5520 ἐκείνοις
1248 5454 1307 5508 δέ
1338 5451 1432 5506 τὸν
1451 5450 1655 5505 κανόνα
1682 5448 1785 5519 τῆς
1807 5466 1973 5502 πνευ-

389 5557 632 5629 ματικῆς
654 5550 1002 5624 λειτουργίας
1043 5547 1355 5619 ἀμέμπτως
1381 5541 1772 5598 ἐπιτελεῖσθαι.
1809 5538 1974 5595 Ἀλλά

382 5651 587 5714 νυκτὸς
630 5648 731 5719 μέν
777 5643 984 5700 οὑτωσὶ
1046 5640 1126 5712 τῷ
1162 5638 1390 5712 μεγάλῳ
1435 5635 1505 5691 τὰ
1537 5633 1976 5704 ἐκκλησιαστικά

388 5740 856 5814 παραγγέλματα,
891 5734 1111 5806 ἡμέρας
1139 5733 1197 5787 δέ
1235 5729 1552 5802 προσιόντες
1582 5725 1732 5796 αὐτῷ
1754 5727 1804 5779 si
1831 5726 1974 5781 κατά

390 5835 611 5913 πιςῦμα
630 5831 985 5909 γιννηθὲντις
1010 5829 1113 5883 υἱοὶ
1134 5826 1232 5892 τὰς
1261 5824 1560 5901 ἐρωτήσεις
1585 5819 1690 5891 ἰδίᾳ
1709 5817 1971 5890 λογιτμοῦ

2140 4521 2230 4577 42.
2268 4520 2534 4589 Quoniam
2564 4527 2745 4575 autem
2794 4534 2918 4576 cum
2946 4527 3093 4576 esset
3143 4519 3328 4585 homo,
3359 4522 3654 4587 oportebat

2072 4627 2196 4667 eum
2219 4626 2342 4690 esse
2365 4610 2551 4666 multis
2586 4610 2860 4665 defessum
2885 4618 2942 4665 et
2981 4610 3308 4665 exhaustum
3350 4607 3654 4675 laboribus,

2073 4717 2180 4758 non
2214 4710 2429 4772 poterat
2455 4701 2675 4773 quidem
2704 4710 2864 4756 noctu
2901 4715 3010 4755 una
3057 4713 3179 4755 esse
3217 4715 3342 4755 cmn
3395 4701 3655 4757 fratribus

2070 4794 2418 4861 canentibus,
2444 4802 2500 4849 et
2532 4792 2831 4847 admonere
2862 4806 2985 4860 quae
3009 4791 3299 4859 oportebat
3330 4806 3345 4843 :
3402 4791 3654 4846 ministro

2073 4897 2253 4942 autem
2281 4897 2536 4956 tauquam
2568 4885 2752 4952 lingua
2780 4892 2961 4949 utens,
2982 4882 3072 4951 qui
3099 4882 3148 4936 ei
3178 4880 3435 4936 fundebat
3457 4899 3654 4951 aquam

2075 4981 2348 5044 manibus,
2379 4995 2476 5048 per
2501 4994 2624 5034 eunt
2655 4976 2997 5048 signiﬁcabat
3020 4975 3298 5037 fratribus,
3324 4986 3380 5029 et
3401 4976 3651 5043 quisnam

2076 5080 2225 5127 esset
2282 5072 2560 5126 canticum
2619 5070 2959 5139 iucepturus,
2994 5077 3050 5122 et
3103 5066 3356 5137 quisnam
3412 5064 3656 5122 l‘aeturus

2075 5162 2366 5219 lectionem
2421 5164 2761 5227 sedentibus,
2811 5171 2868 5216 et
2902 5160 3024 5232 quis
3085 5160 3314 5215 chorum
3364 5158 3651 5214 ducturus.

2076 5256 2203 5312 llaec
2228 5265 2407 5310 autem
2464 5253 2702 5310 faciebat
2733 5252 2819 5310 bis
2869 5253 3080 5308 duabus
3113 5252 3180 5305 de
3217 5249 3420 5316 causis,
3465 5258 3522 5304 et
3548 5249 3655 5306 sibi

2075 5348 2294 5418 quidem
2327 5346 2641 5417 providens,
2672 5357 2731 5400 ut
2775 5345 2993 5402 assidue
3027 5342 3301 5414 vigilaret,
3330 5352 3385 5396 et
3435 5341 3564 5406 illis,
3595 5353 3656 5396 ttt

2079 5439 2320 5509 regulam
2370 5437 2634 5507 spiritalis
2664 5435 2826 5493 oli‘tcii
2857 5443 3144 5490 servarent
3188 5434 3324 5487 citra
3366 5431 3529 5485 ullam
3577 5447 3658 5486 re-

2078 5531 2527 5601 prehensionem.
2578 5529 2685 5585 Sed
2746 5537 2906 5582 noctu
2941 5528 3056 5582 lucc
3094 5526 3316 5596 quidem
3344 5523 3418 5579 illi
3461 5537 3658 5593 magno

2077 5639 2237 5685 erant
2282 5631 2550 5699 praecepta
2598 5622 3012 5686 ecclesiastica;
3082 5619 3319 5676 interdiu
3359 5627 3538 5672 autem
3587 5616 3656 5672 ad

2077 5738 2200 5779 eum
2232 5718 2581 5781 accedentes,
2608 5717 2696 5785 qui
2730 5724 2886 5771 erant
2916 5729 2981 5769 ex
3018 5713 3214 5784 spiritu
3237 5711 3288 5768 ei
3318 5711 3484 5781 geniti
3536 5709 3658 5776 lilii,

2079 5830 2200 5871 eum
2230 5826 2478 5867 seorsum
2533 5807 2935 5878 inteat'ogabaut
2988 5815 3208 5877 propter
3250 5803 3654 5877 cogitationem,
