4152 6444
528 376 629 440 ιιι

1738 380 1793 438 Μ
1803 378 1899 440 EN
1907 377 2025 438 SIS
2057 378 2254 440 JANU
2268 378 2521 442 ARIUS.

3687 349 3800 446 διε

527 507 647 562 qua:
672 491 754 547 eis
778 489 1037 547 afferebat
1077 489 1401 545 molestiam.
1428 491 1630 559 Aperte
1659 500 1839 546 autem
1871 506 1936 547 ea
1981 507 2111 547 sua-

2231 493 2375 563 ιάριν
2402 489 2796 561 διενοχλοῦντος
2819 491 3029 546 ἐποίου.
3060 492 3302 565 Πάρῄνει
3339 491 3523 563 μέντοι
3560 492 3632 548 τά
3659 513 3802 568 προς

528 585 711 648 debat,
766 598 887 653 qua:
932 583 1277 651 pertinebant
1321 585 1387 637 ad
1435 598 1626 637 eorum
1660 583 1971 648 utilitatem,
2003 600 2108 639 non

529 690 782 729 sermone
813 674 985 730 solum
1006 675 1229 742 docens,
1260 674 1355 729 sed
1382 675 1544 728 etiam
1578 673 1687 728 vita
1712 688 1777 729 ea
1801 689 1925 743 quae
1957 674 2110 730 dice-

530 767 730 821 bantur
760 765 1110 822 conﬁrmans.

601 859 693 915 45.
726 856 849 925 Quo
874 859 1090 928 quidem
1123 868 1366 928 tempore
1394 868 1537 924 erat,
1586 860 1730 930 quod
1777 858 1962 923 ﬁebat,
2002 873 2108 912 non

529 952 720 1021 procul
759 969 789 1006 a
826 953 1109 1008 miraculo.
1143 952 1277 1007 Nam
1308 953 1392 1007 vir
1444 953 1555 1019 ille,
1589 954 1681 1022 qui
1729 963 2017 1007 externam
2044 966 2112 1005 ne

530 1046 1095 1116 gustaveratquidem
1126 1046 1471 1115 sapientiam,
1506 1056 1558 1101 et
1582 1046 1633 1100 in
1656 1047 1810 1101 libris
1828 1046 2109 1116 gentilium

531 1152 598 1189 ne
648 1137 887 1205 linguam
950 1137 1165 1205 quidem
1218 1147 1561 1203 exercuerat,
1620 1145 1770 1191 tanta
1826 1137 2110 1191 verborum

530 1227 686 1297 copia
724 1228 958 1283 iaciebat
996 1229 1416 1295 admonitiones,
1471 1239 1530 1283 ut
1558 1229 1740 1284 nullus
1782 1244 1991 1293 eorum,
2021 1230 2111 1296 qui

532 1318 586 1370 in
618 1317 703 1373 his
752 1318 904 1374 libris
941 1329 1357 1383 consenuerant,
1383 1329 1439 1374 et
1468 1330 1585 1374 arte
1614 1320 1828 1375 dicendi
1872 1321 2111 1392 linguam

530 1412 668 1464 satis
701 1422 984 1475 acueram,
1034 1410 1197 1465 facile
1226 1423 1447 1482 possent
1500 1428 1622 1467 cum
1669 1427 1734 1468 eo
1760 1415 2112 1469 contendere.

533 1502 773 1557 Docebat
833 1502 1014 1571 itaque
1046 1519 1151 1558 non
1195 1518 1261 1558 ex
1301 1504 1539 1560 lnnnana
1586 1506 1880 1574 sapientia,
1923 1506 2016 1561 sed
2047 1522 2110 1561 ex

532 1593 710 1661 gratia
766 1594 891 1648 boni
946 1594 1185 1664 Spiritus
1214 1594 1329 1666 (qui
1373 1597 1441 1651 ad
1489 1611 1610 1651 cum
1642 1597 1805 1652 veluti
1855 1597 2113 1653 dixerat:

531 1683 668 1738 Ecce
687 1685 810 1738 dedi
841 1686 996 1740 verba
1010 1703 1127 1741 mea
1152 1687 1209 1741 in
1237 1704 1294 1742 os
1317 1698 1464 1744 tuum
1484 1691 1529 1722 ιο
1547 1691 1622 1754 ³ο,
1648 1689 1794 1745 sicut
1823 1690 1952 1744 olim
1966 1689 2119 1745 lere-

531 1776 653 1830 mim
673 1779 952 1848 sapienti),
974 1794 1041 1834 ex
1067 1782 1245 1849 seipso
1267 1783 1481 1852 quidem
1511 1782 1679 1837 multa
1705 1783 1914 1849 dicens,
1943 1796 2116 1852 eaque

530 1865 826 1937 elegantia,
868 1870 1038 1925 multa
1075 1881 1256 1926 autem
1286 1874 1449 1928 etiam
1483 1888 1550 1928 ex
1587 1874 1748 1929 dictis
1777 1874 2110 1942 apostolicis.

531 1960 768 2017 Maxime
797 1972 979 2019 autem
1020 1965 1216 2020 crebro
1245 1967 1538 2020 recordans
1566 1966 1891 2021 salutarium
1916 1968 2117 2023 consti-

534 2054 803 2107 tutionum
852 2062 908 2108 et
946 2070 1285 2124 sermonum,
1311 2059 1401 2125 qui
1432 2058 1711 2114 instruunt
1754 2061 1823 2115 ad
1844 2061 2116 2116 exercita-

541 2146 771 2211 tionem,
802 2146 1002 2217 Magni,
1035 2149 1282 2218 inquam,
1336 2149 1544 2216 Basilii,
1577 2151 1735 2222 cujus
1755 2152 1918 2207 etiam
1944 2152 2113 2208 vitam

538 2241 784 2302 imitans.
843 2249 899 2295 et
932 2239 1051 2307 ejus
1105 2242 1373 2297 orationis
1428 2258 1628 2312 magno
1680 2252 1875 2311 captus
1905 2259 2116 2310 amore,

536 2331 790 2385 studebat
832 2331 1069 2385 animam
1111 2332 1330 2411 quidem
1373 2334 1515 2389 illius
1548 2336 1812 2402 moribus,
1851 2336 2115 2408 hlinguam

538 2430 719 2475 autem
755 2421 869 2490 ejus
899 2437 1097 2478 ornare
1119 2423 1450 2493 eloquentia.
1473 2423 1633 2479 Certe
1658 2439 1755 2493 per
1785 2425 1954 2495 ipsam
1985 2440 2118 2495 quo-

540 2527 644 2580 que
679 2513 994 2581 proferebat
1025 2529 1110 2580 ea,
1149 2530 1271 2582 quae
1304 2526 1430 2571 sunt
1471 2532 1652 2571 rerum
1696 2516 1841 2572 illius
1867 2516 2122 2587 pulcher-

541 2604 701 2667 rima,
730 2605 1039 2661 meditando
1067 2621 1372 2673 assumens,
1395 2616 1449 2662 et
1474 2622 1808 2663 conservans
1833 2610 2116 2675 memoria,

539 2712 662 2765 qua:
719 2706 938 2763 pnssclll
993 2697 1225 2766 prompti
1262 2697 1428 2751 animi
1484 2697 1724 2751 studium
1758 2697 1983 2768 injicere
2032 2700 2114 2754 vel

541 2787 967 2842 socordioribus.
1005 2788 1208 2841 Bonum
1227 2797 1409 2843 autem
1437 2788 1602 2843 fuerit
1635 2787 1855 2841 illorum
1874 2788 2115 2858 ipsorum

543 2896 758 2949 quoque
800 2881 1116 2935 meminisse
1146 2882 1457 2948 verborum,
1488 2894 1610 2950 qua:
1636 2882 1897 2935 memoria
1933 2890 2120 2936 tenere

540 2985 691 3027 cum
729 2980 848 3025 erat
877 2971 1204 3026 Theodosio.

613 3063 702 3117 44.
732 3062 904 3131 Rogo,
960 3061 1201 3128 Fratres,
1236 3077 1330 3131 per
1356 3062 1677 3118 charitatem
1700 3061 1917 3117 Domini
1945 3062 2117 3118 nostri

541 3154 669 3211 Jesu
700 3153 929 3218 Christi,
959 3153 1049 3223 qui
1103 3154 1252 3208 dedit
1279 3154 1519 3224 seipsum
1581 3170 1680 3223 pro
1729 3155 1968 3224 peccatis
2025 3168 2126 3209 no-

543 3247 698 3311 stris,
732 3246 1118 3317 aggrediamur
1151 3245 1442 3315 aliquando
1472 3261 1659 3301 curam
1688 3262 1881 3317 gerere
1910 3256 2129 3302 nostra-

545 3355 666 3395 rum
702 3343 1006 3395 animarum
1060 3358 1074 3396 :
1122 3340 1307 3396 dolore
1353 3340 1656 3396 aﬂiciamur
1702 3341 1773 3396 ob
1828 3340 2127 3396 vanitatem

548 3433 673 3489 vitae
699 3444 901 3489 nostra:
932 3434 1222 3504 praeterita;
1260 3456 1273 3491 :
1326 3434 1666 3491 decertemus
1697 3448 1796 3503 pro
1831 3433 2029 3489 futuris
2060 3434 2130 3488 ad

547 3526 776 3599 gloriam
806 3525 898 3582 Dei
926 3535 981 3581 et
1001 3525 1122 3581 Filii
1157 3526 1263 3584 sui.
1293 3523 1374 3581 Ne
1399 3540 1783 3582 remaneamus
1817 3526 1872 3580 in
1907 3526 2009 3581 hac
2037 3539 2129 3593 so;-

547 3621 730 3675 cordia
778 3629 834 3674 et
865 3618 1109 3684 mollitie,
1138 3634 1383 3690 praesens
1435 3620 1651 3690 quidem
1693 3634 1911 3690 semper
1960 3619 2129 3675 otium

546 3713 920 3779 admittentes,
957 3711 1011 3766 in
1043 3713 1346 3769 crastinum
1391 3722 1572 3768 autem
1599 3714 1743 3769 diem
1778 3721 1833 3768 et
1872 3714 2132 3784 perendi—

549 3821 701 3868 num,
736 3805 1058 3875 principium
1095 3819 1321 3875 operum
1353 3803 1665 3861 differentes
1710 3823 1724 3860 :
1782 3821 1853 3861 ne
1897 3805 1944 3860 si
1982 3819 2133 3860 com-

549 3897 801 3966 prehensi
840 3896 1103 3951 fuerimus
1130 3896 1199 3951 ab
1235 3909 1323 3963 eo,
1347 3895 1439 3967 qui
1481 3905 1697 3951 nostras
1725 3898 1937 3951 animas
1981 3895 2133 3951 deci-

551 3990 651 4058 pit,
699 4003 1039 4058 nequaquam
1101 3987 1354 4044 instructi
1385 3989 1665 4057 operibus,
1718 3987 2071 4043 excludamur
2100 4003 2131 4043 a

554 4080 786 4134 thalamo
820 4078 1001 4150 gaudii
1031 4097 1048 4134 :
1076 4078 1278 4135 frustra
1306 4089 1487 4135 autem
1517 4089 1573 4134 et
1610 4081 1885 4136 incassum
1939 4079 2134 4135 deﬂea-

553 4187 697 4234 mus,
721 4170 996 4241 despectui
1024 4171 1166 4225 male
1196 4172 1439 4227 habitum
1469 4172 1596 4227 vitm
1625 4181 1837 4241 tempus
1862 4170 2131 4243 lugentes,

555 4273 684 4318 tunc
707 4261 927 4331 quando
961 4262 1097 4319 nihil
1132 4261 1345 4331 juvabit
1366 4276 1483 4329 eos,
1509 4262 1604 4333 qui
1652 4271 1816 4334 agent
1864 4263 2136 4334 poeniten-

557 4358 707 4411 tiam.
745 4355 896 4411 Nunc
927 4366 1009 4411 est
1043 4365 1256 4427 tempus
1298 4356 1653 4425 aceeptabile,
1705 4371 1853 4413 nunc
1885 4363 1971 4413 est
2019 4355 2137 4413 dies

555 4446 765 4501 salutis.
808 4444 920 4501 lloc
954 4454 1038 4501 est
1085 4454 1296 4516 tempus
1324 4446 1680 4517 paenitentiae,
1712 4447 1841 4503 illud
1876 4460 2135 4503 remune-

2210 586 2488 665 tb‘pélatav
2511 582 2786 657 φανερῶς,
2814 585 2876 638 οὐ
2932 583 3078 654 λόγῳ
3129 582 3405 639 διδάσκων
3450 580 3619 657 μόνῳ,
3662 587 3805 641 ἀλλὰ

2215 679 2310 745 καὶ
2345 676 2445 749 βίῳ
2472 679 2543 732 τὰ
2577 677 2851 748 λεγόμενα
2873 676 3132 748 βεϐαιῶν.

2288 858 2400 931 μγ’.
2427 861 2597 915 Ἔνθα
2632 859 2699 933 δὴ
2720 860 2814 915 καὶ
2835 860 2898 914 οὐ
2922 859 3115 932 πόρρω
3137 859 3421 932 θαύματος
3451 860 3513 915 τὸ
3555 860 3802 933 πραττό-

2216 968 2378 1023 μενον
2431 946 2519 1021 ἦν.
2567 950 2733 1021 Ἀνὴρ
2789 949 2899 1019 γάρ
2934 951 3144 1014 ἐκεῖνος
3176 950 3281 1021 τῆς
3304 947 3556 1022 ,θύραθεν
3604 950 3802 1020 σοφίας

2213 1045 2477 1112 ἄγευστος
2525 1042 2623 1108 ὣν,
2684 1043 2781 1097 καὶ
2826 1043 2981 1097 οὐδὲν
3000 1043 3099 1115 τὴν
3138 1042 3395 1112 γλῶτταν
3424 1043 3485 1097 ὲν
3533 1044 3657 1107 ταῖς
3687 1044 3803 1098 τῶν

2221 1135 2492 1207 Ἐλλήνων
2519 1135 2723 1205 βίϐλοις
2747 1135 2997 1207 ἀσκήσας
3040 1135 3182 1207 μετά
3217 1135 3493 1207 τοσαύτης
3540 1135 3809 1211 aspecta;

2213 1226 2353 1298 διῄει
2378 1224 2478 1288 τὰς
2506 1224 2883 1296 παραινέσεις,
2900 1224 2977 1289 ὡς
3001 1225 3205 1296 μηδένα
3244 1225 3361 1281 τῶν
3383 1228 3449 1279 ὲν
3467 1227 3591 1289 ταῖς
3619 1224 3816 1279 rotatis

2213 1334 2334 1381 ταις
2360 1317 2867 1387 καταγηρασάντων
2893 1315 3118 1387 βίϐλοις,
3143 1317 3239 1370 καὶ
3268 1314 3470 1380 ίικανῶς
3500 1316 3601 1386 τὴν
3638 1316 3809 1386 γλῶτ-

2214 1425 2315 1462 ταν
2355 1410 2412 1461 ἐν
2473 1406 2733 1480 ῥητορεία
2756 1407 3064 1475 θηξάντων,
3096 1408 3297 1477 ῥαδίως
3329 1406 3478 1479 αὐτῷ
3511 1407 3805 1479 summa-

2217 1500 2341 1555 σθαι
2393 1500 2675 1554 δύνασθαι.
2723 1500 3038 1557 Ἐδίδασκεν
3090 1495 3191 1553 οὖν.
3230 1500 3334 1553 οὐκ
3359 1499 3419 1564 ἐξ
3451 1497 3807 1573 ἀνθρωπίνης

2218 1590 2435 1660 σοφίας,
2475 1590 2590 1644 ἀλλ’
2652 1592 2717 1644 ἐκ
2778 1590 3001 1661 χάριτος
3051 1589 3149 1644 τοῦ
3193 1589 3400 1658 ἀγαθοῦ
3452 1591 3809 1661 Πνεῦματος,

2215 1685 2379 1739 οίονελ⁸
2407 1684 2502 1739 καὶ
2526 1684 2662 1755 πρδς
2679 1685 2843 1738 αὐτὸν
2864 1684 3149 1756 εἰρηκότος
3167 1701 3182 1716 ’
3206 1684 3377 1740 Ἰδοὺ·
3395 1683 3626 1739 δέδωκα
3658 1684 3810 1755 τοὺς

2217 1779 2442 1847 λόγους
2463 1795 2585 1847 μου
2609 1779 2688 1843 εἰ(
2732 1778 2798 1832 τὸ
2827 1777 3024 1848 στόμα
3051 1794 3190 1843 σου,
3218 1778 3409 1849 ὥσπερ
3442 1778 3612 1833 πάλαι
3664 1778 3806 1849 πρὸς

2232 1868 2504 1941 Ἰερεμίαν
2566 1870 2711 1941 φημὶ
2771 1868 2863 1923 τὸν
2913 1870 3098 1938 σοφὸν,
3153 1869 3325 1923 πολλὰ
3355 1871 3453 1941 μὲν
3475 1872 3568 1941 ἀφ’
3604 1869 3806 1924 ἑαυτοῦ

2223 1962 2320 2017 κείν⁸
2339 1963 2600 2034 χαριέντα
2630 1963 2826 2032 λέγων,
2860 1963 3030 2017 πολλὰ
3056 1963 3112 2016 δὲ
3149 1964 3245 2018 καὶ
3287 1963 3397 2016 τῶν
3428 1963 3809 2017 ἀποστολικίιίν

2227 2058 2458 2128 ῥήσεων.
2498 2055 2752 2112 Μάλιστα
2772 2055 2830 2110 δὲ
2861 2057 3026 2120 πολὺς
3045 2052 3113 2128 ἦν
3142 2055 3253 2110 τῶν
3282 2055 3572 2127 σωτηρίων
3613 2057 3811 2111 διατά-

2226 2150 2362 2217 ξεων
2397 2149 2763 2221 μεμνημένος,
2807 2150 2905 2202 καὶ
2942 2147 3053 2202 τῶν
3111 2146 3429 2219 ἀσκητικῶν
3458 2147 3655 2217 λόγων,
3692 2147 3808 2201 Βα-

2228 2240 2426 2294 σιλείου
2468 2240 2614 2311 φημὶ
2647 2239 2740 2294 τοῦ
2796 2239 3075 2308 Μεγάλου,
3120 2234 3182 2295 οὗ
3222 2240 3318 2293 καὶ
3347 2239 3439 2294 τὸν
3468 2237 3584 2309 βίον
3617 2238 3814 2310 μιμού-

2229 2349 2413 2404 μενος,
2457 2333 2551 2386 καὶ
2579 2332 2686 2386 τῶν
2714 2331 2890 2401 λόγων
2922 2331 3202 2403 ἐρωτικῶς
3253 2331 3414 2403 ἔχων,
3449 2330 3678 2385 ἔσπευδε
3708 2331 3814 2403 τὴν

2231 2424 2332 2497 μὲν
2378 2423 2556 2496 ψυχὴν
2606 2425 2723 2491 τοῖς
2776 2424 2991 2480 ἐκείνου
3034 2423 3283 2495 τρόποις,
3336 2422 3436 2494 τὴν
3469 2422 3527 2476 δὲ
3561 2421 3819 2493 γλῶτταν

2225 2515 2340 2582 τοῖς
2373 2518 2555 2585 λόγοις
2577 2520 2835 2587 κοσμεῖν.
2880 2517 3100 2586 ’Λμέλει
3154 2517 3247 2571 καὶ
3275 2515 3341 2570 δι’
3376 2515 3549 2587 αὐτῆς
3595 2514 3817 2587 προῆγε.

2229 2609 2298 2664 τά
2330 2609 2593 2663 κάλλιστα
2623 2609 2731 2663 τῶν
2771 2610 3005 2675 ἐκείνου,
3042 2610 3242 2681 μελέτῃ
3273 2626 3332 2661 τε
3360 2606 3687 2677 προσλαϐὼν
3717 2607 3817 2660 καὶ

2235 2700 2423 2771 μνήμῃ
2449 2698 2827 2767 διαφυλάττων
2886 2699 2985 2752 ὅσα
3013 2699 3322 2769 προθυμίας
3369 2698 3597 2769 κέντρον
3643 2696 3818 2766 ἐμϐα-

2231 2793 2344 2846 λεῖν
2371 2792 2714 2861 ἠδύνατοκαὶ
2739 2790 3157 2862 ῥᾳθυμοτέρως.
3192 2790 3370 2844 Καλὸν
3416 2790 3473 2843 δὲ
3507 2790 3601 2842 καὶ
3631 2787 3818 2842 αὐτῶν

2233 2884 2458 2939 ἐκείνων
2525 2884 2998 2956 διαμνημονεῦσαι
3060 2883 3170 2936 τῶν
3227 2882 3437 2951 λόγων,
3496 2875 3687 2954 ὧνπερ
3749 2880 3827 2950 δὴ

2232 2977 2328 3029 καὶ
2347 2975 2613 3046 Θεοδοσίῳ
2643 2974 2729 3030 διὰ
2769 2977 2988 3048 μνήμης
3013 2975 3158 3046 ἔχειν
3186 2974 3447 3046 ἐπιμελὲς
3472 2967 3563 3045 ἦν.

2309 3067 2413 3138 μδ’.
2461 3067 2725 3136 Ἀδελφοί,
2755 3066 2843 3121 διὰ
2870 3067 2971 3138 τῆς
3000 3067 3223 3138 ἀγάπης
3271 3065 3368 3120 τοῦ
3417 3066 3624 3138 Κυρίου
3654 3066 3688 3136 ἡ
3699 3063 3820 3135 μῶν

2249 3160 2421 3232 Ἰησοῦ
2453 3159 2715 3231 Χριστοῦ,
2740 3161 2835 3214 τοῦ
2866 3161 3048 3225 δόντος
3071 3161 3276 3226 ,ἑαυτὸν
3308 3160 3449 3230 ὑπὲρ
3481 3159 3592 3212 τῶν
3630 3158 3818 3229 ἀμαρ-

2231 3253 2364 3305 τιῶν
2400 3251 2582 3323 ήμῶν,
2623 3250 2896 3321 ἀψώμεθά
2942 3268 3072 3305 ποτε
3105 3252 3203 3322 τῆς
3234 3250 3516 3322 φροντίδος
3546 3249 3655 3302 τῶν
3684 3248 3818 3320 τψυ-

2231 3344 2344 3414 χῶν
2373 3344 2532 3416 ἡμῶν
2552 3359 2566 3374 ⁶
2595 3343 2930 3414 λυπηθῶμεν
2958 3343 3050 3396 ἐπὶ
3078 3345 3146 3414 τῇ
3184 3343 3510 3414 ματαιότητι
3549 3340 3646 3395 τοῦ
3672 3359 3816 3412 προ-

2231 3436 2488 3500 λαϐόντος
2524 3435 2673 3507 βίου·
2707 3433 3111 3511 ἀγωνισώμεθα
3152 3435 3294 3505 ὑπὲρ
3340 3435 3450 3488 τῶν
3510 3433 3821 3505 μελλόντων

2232 3531 2312 3594 είς
2338 3527 2498 3595 δόξαν
2548 3528 2685 3582 Θεοῦ
2724 3528 2935 3583 καὶτοῦ
2963 3529 3096 3583 Υίοῦ
3123 3527 3314 3584 αὐτοῦ.
3346 3528 3438 3599 Μὴ
3465 3529 3529 3598 τῇ
3568 3525 3819 3598 ῥᾳθυμίᾳ

2233 3623 2328 3676 καὶ
2361 3623 2429 3692 τῇ
2458 3619 2674 3675 ὲκλύσει
2697 3620 2874 3694 ταύτῃ
2900 3622 3377 3691 ὲναπομείνωμεν,
3410 3620 3471 3673 τὸ
3495 3620 3594 3692 μὲν
3636 3619 3819 3689 παρὸν

2232 3715 2320 3769 ἀεὶ
2343 3714 2432 3768 διὰ
2464 3714 2738 3788 ῥᾳθυμίας
2771 3715 3110 3785 προιέμενοι,
3149 3713 3284 3785 πρὸς
3314 3713 3372 3768 δὲ
3411 3713 3473 3767 τδ
3501 3713 3684 3785 αῦριον
3715 3712 3812 3766 καὶ

2231 3807 2294 3861 τὸ
2321 3806 2449 3878 ἑξῆς
2493 3807 2592 3878 τὴν
2617 3806 2794 3881 ἀρχὴν
2844 3807 2955 3863 τῶν
2999 3806 3179 3879 ἔργων
3230 3805 3668 3877 ὑπερτιθέμενοι,
3727 3803 3841 3870 ἵνα,

2239 3896 2316 3969 μὴ
2342 3896 2790 3969 καταληφθέντες
2834 3897 2943 3950 ὑπὸ
2994 3887 3089 3949 τοῦ
3140 3894 3464 3959 ἀπατῶντος
3500 3894 3601 3956 τὰς
3635 3891 3831 3963 ψυχὰς

2235 3990 2415 4062 ἡμῶν,
2439 3989 2821 4062 ἀπαράσκευοι
2843 3988 2954 4042 τῶν
2976 3987 3180 4057 ἔργων,
3205 3988 3308 4057 τῆς
3349 3986 3452 4057 μὲν
3498 3985 3675 4056 χαρᾶς
3722 3982 3831 4037 τοῦ.

2235 4083 2527 4153 νυμφῶνος
2565 4078 3019 4150 ἀποκλεισθῶμεν
3046 4095 3061 4109 ·
3080 4078 3226 4149 ἀργὰ
3247 4078 3305 4132 δὲ
3330 4076 3424 4131 καί
3457 4075 3694 4145 ἀνόνητα
3723 4090 3831 4144 μεη

2234 4176 2604 4246 τακλαίωμεν,
2632 4172 2724 4227 τὸν
2740 4172 2927 4234 κακῶς
2954 4170 3338 4244 παροραθέντα
3355 4168 3450 4223 τοῦ
3485 4168 3602 4240 βίου
3625 4167 3835 4238 χρόνον

2235 4267 2570 4337 ὀδυρόμενοι,
2610 4265 2730 4318 τότε
2762 4264 2851 4317 ὅτε
2884 4263 3039 4317 οὐδὲν
3063 4261 3225 4316 πλέον
3249 4263 3402 4314 ἔσται
3430 4261 3544 4322 τοῖς
3575 4273 3828 4330 μεταμε-

2237 4357 2328 4410 λου
2338 4355 2543 4427 μένοις.
2570 4354 2686 4409 Νῦν
2707 4354 2900 4423 καιρὸς
2928 4352 3346 4424 εὐπρόσδεκτος,
3375 4348 3470 4403 νῦν
3494 4347 3686 4433 ἡμέρα
3715 4363 3826 4399 σωο

2237 4448 2454 4521 τηρίας.
2482 4440 2651 4511 Οὗτος
2672 4449 2700 4501 ὁ
2733 4445 2870 4501 αίὼν
2917 4445 3020 4516 τῆς
3054 4444 3366 4515 μετανοίας,
3413 4443 3622 4503 ἐκεῖνος
3663 4441 3694 4493 ό
3720 4438 3826 4508 τῆς

555 4539 805 4593 rationis.
833 4537 946 4591 lioc
966 4547 1050 4593 est
1074 4546 1286 4608 tempus
1309 4539 1594 4608 operandi,
1625 4538 1756 4595 illud
1787 4555 1916 4595 vero
1941 4540 2124 4596 danda:

2236 4538 2691 4602 ἀνταποδόσεως·
2744 4529 2902 4601 οὗτος
2955 4537 3058 4605 τῆς
3124 4534 3413 4605 ἐργασίας,
3462 4534 3671 4595 ἐκεῖνος
3723 4531 3827 4599 τῆς

559 4630 848 4685 mercedis.
915 4627 1028 4684 lloe
1076 4640 1159 4684 est
1196 4628 1520 4695 tolerantiae,
1555 4630 1687 4686 illud
1721 4630 2137 4687 consolationis.

555 4721 711 4777 Nunc
739 4721 881 4778 Deus
911 4731 997 4778 est
1035 4722 1248 4792 adjulor
1303 4736 1516 4788 eorum,
1553 4724 1644 4794 qui
1680 4732 2076 4778 convertuntur
2106 4738 2136 4777 a

557 4816 697 4869 mala
737 4816 851 4883 via;
906 4824 1038 4870 tunc
1073 4816 1181 4871 erit
1249 4799 1530 4883 terribilis,
1565 4825 1621 4870 et
1669 4816 1760 4886 qui
1818 4816 1994 4886 decipi
2033 4829 2137 4869 non

557 4908 1143 4976 poterit,examinator
1182 4911 1456 4966 actionum
1499 4917 1555 4963 et
1582 4908 1894 4974 verborum,
1941 4916 1997 4961 et
2036 4921 2132 4961 co-

555 4998 904 5068 gitutionum.
956 4997 1112 5052 Nunc
1161 4996 1394 5053 fruimur
1440 4995 1740 5065 patientia;
1780 5004 1907 5051 tunc
1928 4995 2133 5063 justum

557 5102 949 5156 cognoscemus
1006 5087 1291 5154 iudicium,
1358 5087 1579 5158 quando
1630 5086 2133 5150 resurrexerimus,

558 5178 648 5235 alii
685 5181 903 5249 quidem
936 5180 1004 5234 ad
1041 5190 1304 5234 aternum
1352 5179 1694 5250 supplicium,
1738 5179 1828 5234 alii
1856 5188 2038 5234 autem
2069 5180 2135 5231 ad

557 5272 724 5329 vitam
756 5281 1039 5339 asternam,
1074 5283 1128 5327 et
1162 5272 1385 5342 recipiet
1410 5273 1783 5343 unusquisque
1830 5286 2135 5342 congruen-

561 5375 646 5422 ter
667 5381 779 5422 suaz
802 5364 1127 5436 operationi.
1161 5366 1215 5420 In
1247 5365 1389 5436 quod
1418 5377 1629 5436 tempus
1664 5366 1886 5421 Christo
1913 5365 2134 5422 obedire

556 5454 880 5522 differimus,
916 5456 1008 5527 qui
1041 5457 1256 5512 vocavit
1304 5472 1406 5512 nos
1440 5458 1506 5512 ad
1548 5470 1770 5526 regnum
1813 5471 1972 5511 suum
2023 5469 2137 5513 cte-

556 5547 732 5603 leste?
762 5546 878 5603 Non
912 5548 1397 5619 eXpergiscemur?
1418 5550 1538 5605 Non
1563 5564 1662 5604 nos
1698 5550 2075 5605 revocabimus
2105 5565 2135 5603 a

557 5635 667 5691 vita
719 5649 1003 5705 consueta,
1073 5640 1140 5694 ad
1192 5640 1583 5710 perfectionem
1641 5641 1963 5713 Evangelii?
1996 5641 2140 5707 Quo-

636 5813 679 5847 ιι
730 5818 773 5848 ιο
812 5816 1009 5873 Jcrem.
1034 5837 1070 5885 ι,
1107 5821 1155 5875 9-

2248 4630 2691 4702 μισθαποδόσεως
2714 4645 2729 4661 ⁶
2782 4622 2938 4692 οὗτος
2967 4628 3068 4698 τῆς
3122 4626 3427 4696 ὑπομονῆς,
3455 4625 3666 4685 ἐκεῖνος
3716 4622 3826 4692 τῆς

2241 4722 2666 4794 παρακλήσεως.
2692 4719 2811 4774 Νῦν
2848 4719 3041 4792 βοηθὸς
3072 4720 3183 4773 τῶν
3237 4716 3682 4788 ἐπιστρεφόντων
3712 4713 3829 4767 ἀπὸ

2238 4811 2338 4882 τῆς
2364 4810 2487 4864 ὀδοῦ
2528 4810 2708 4880 κακῆς
2750 4810 2780 4863 ὁ
2808 4810 2961 4873 Θεὸς,
2993 4811 3117 4863 τότε
3144 4807 3376 4879 φοὸερδς
3408 4807 3505 4861 καὶ
3538 4802 3827 4875 ἁπαραλό‹

2238 4919 2425 4971 γιστος
2450 4901 2559 4956 τῶν
2612 4901 2973 4974 ἀνθρωπίνων
3007 4900 3262 4973 πράξεών
3311 4916 3369 4953 τε
3410 4900 3505 4952 καὶ
3562 4895 3828 4967 ῥημάτων

2240 4996 2334 5048 καὶ
2364 4995 2720 5066 ἐνθυμήσεων
2767 4993 3088 5066 ἐξεταστὴς.
3125 4994 3240 5047 Νῦν
3269 4995 3370 5064 τῆς
3436 4988 3830 5062 μακροθυμίας

2241 5087 2612 5158 ἀπολαύομεν,
2651 5087 2774 5142 τότε
2798 5087 2896 5158 τὴν
2920 5085 3269 5158 δικαιοσύνην
3316 5083 3662 5155 γνωσόμεθα,
3694 5080 3831 5135 ὃταν

2246 5180 2591 5250 ἀναστῶμεν,
2637 5180 2688 5233 oi
2741 5180 2840 5249 μὲν
2867 5182 2949 5244 είς
3000 5181 3225 5234 κόλασιν
3275 5177 3513 5242 αἰώνιον,
3567 5177 3620 5229 οἱ
3649 5175 3706 5227 δὲ
3744 5174 3831 5237 είς

2246 5272 2394 5345 ζωὴν
2415 5271 2656 5340 αἰώνιον,
2686 5276 2783 5327 καὶ
2813 5274 3063 5346 ἀπολάὸη
3087 5274 3320 5337 ἕκαστος
3336 5272 3479 5326 κατά
3494 5271 3593 5341 τὴν
3625 5266 3832 5339 πρᾶξιν

2246 5367 2437 5423 αὐτοῦ.
2470 5369 2564 5433 Είς
2595 5369 2715 5423 τίνα
2761 5370 2950 5441 καιρὸν
2990 5367 3401 5441 ὑπερτιθέμεθα
3446 5367 3548 5437 τὴν
3576 5363 3833 5432 ὑπακοὴν

2244 5460 2341 5514 τοῦ
2369 5460 2608 5531 Χριστοῦ
2642 5461 2737 5514 τοῦ
2776 5460 3107 5526 καλέσαντος
3154 5462 3306 5531 ἡμᾶς
3341 5463 3423 5524 είς
3460 5459 3558 5530 τὴν
3585 5455 3834 5527 ἐπουρά-

2248 5569 2364 5606 νιον
2407 5551 2576 5606 αὑτοῦ
2615 5553 2928 5623 βασιλείανς
2970 5553 3072 5608 οὐκ
3107 5553 3449 5624 έκνήψομενς
3483 5552 3586 5605 οὐκ
3616 5550 3837 5604 ἀνακα-

2246 5644 2517 5717 λεσόμεθα
2537 5646 2764 5711 ἑαυτοὺς
2791 5645 2900 5701 ἀπὸ
2922 5645 3014 5700 τοῦ
3052 5646 3191 5700 κατά
3221 5645 3511 5717 συνήθειαν
3546 5642 3664 5714 βίου
3688 5638 3834 5710 πρὸς
