4152 6418
344 369 463 436 M3
592 360 634 393 ³

1328 372 1497 431 VlT.-\
1542 372 1603 431 S.
1644 371 2057 435 TIIEODOSH
2094 375 2695 438 C(ENOBIARCIL'E.

3518 380 3625 445 514

337 488 446 553 τὴν
479 482 775 550 ἀκριοειαν
822 478 922 533 τοῦ
954 479 1337 557 ιὲζῦαγγελίουςΔ
1368 481 1496 543 Πῶς
1528 482 1587 535 ἐν
1634 482 1931 553 ὀφθαλμοῖς

2042 488 2203 543 modo
2231 487 2406 542 oculis
2435 490 2909 557 apprehendentes
2945 491 3092 547 ilium
3119 491 3417 549 terribilem
3448 501 3502 548 et
3537 495 3623 548 i'u-

341 570 640 641 ληψόμεθα
680 568 783 641 τὴν
805 570 1022 641 ἡμέραν
1044 569 1263 640 ἐκείνην
1294 554 1503 641 Κυρίου
1536 572 1636 638 τὴν
1696 573 1936 644 φοϐερὰν

343 666 447 718 καὶ
483 665 756 735 ἐπιφανῆ,
785 663 844 717 ιν
874 658 909 737 ᾖ
942 662 1071 727 τοὺς
1112 663 1211 734 μὲν
1247 664 1307 716 ὲν
1325 662 1476 735 δεξιᾷ
1497 664 1592 718 τοῦ
1620 666 1828 737 Κυρίου
1848 665 1936 720 διὰ

342 757 458 812 τῶν
485 756 748 828 πράξεων
790 755 902 808 τῶν
930 753 1153 821 ἀγαθῶν
1181 755 1650 826 προσεγγίζοντας
1686 757 1935 828 βασιλεία

341 847 597 920 οἷορανῶν
627 845 975 912 ὑποδέξεται,
995 846 1125 908 τοὺς
1148 845 1206 900 δὲ
1230 846 1368 918 πρὸς
1389 847 1488 918 τὴν
1525 846 1822 920 ἀριστερὰν
1848 849 1937 903 διὰ

340 943 447 1013 τὴν
481 939 724 1012 ἐρημίαν
747 937 864 992 τῶν
894 935 1115 1006 ἀγαθῶν
1143 937 1322 1008 ἔργων
1350 939 1761 1012 ἀπορῥιφέντας
1782 940 1939 1008 γέεν-

342 1051 416 1089 va
441 1031 617 1103 πυρὸς
656 1030 754 1083 καὶ
779 1029 973 1093 σκότος
994 1029 1214 1084 αἰώνιον
1252 1031 1595 1102 κατακρύψει
1651 1033 1749 1088 καὶ
1808 1034 1939 1106 βρυ-

346 1125 496 1196 γμὸς
545 1121 813 1187 ὀδόντωνς
849 1120 1044 1189 Ἦμεῖς
1071 1120 1129 1175 δὲ
1164 1120 1441 1192 βασιλείας
1467 1124 1715 1194 οὐρανῶν
1744 1127 1938 1181 ἐπιθυ-

344 1219 473 1286 μεῖν
505 1214 767 1284 λέγομεν,
802 1212 866 1278 ἐξ
893 1206 981 1267 ὧν
1010 1213 1069 1267 δὲ
1098 1213 1332 1269 δυνατὸν
1359 1217 1640 1287 ἐπιτυχεῖν
1674 1219 1846 1288 αὐτῆς
1873 1220 1935 1273 οὐ

345 1305 737 1379 φροντίζομεν,
767 1304 908 1360 ἀλλὰ
944 1304 1154 1376 μηδένα
1181 1306 1343 1362 πόνον
1375 1308 1517 1379 ὑπὲρ
1549 1309 1773 1380 ἐντολῆς
1825 1311 1939 1364 Κυ-

347 1400 472 1469 ρίου
494 1397 940 1469 καταδεχόμενοι,
960 1397 1072 1452 τῶν
1100 1398 1232 1452 ῖσων
1244 1415 1306 1452 τε
1321 1399 1498 1471 τιμῶν
1514 1400 1800 1467 τεύξεσθαι
1824 1404 1937 1466 τοῖς

353 1491 522 1562 μέχρι
550 1489 787 1546 θανάτου
845 1488 984 1560 πρὸς
1013 1488 1114 1562 τὴν
1140 1490 1421 1562 ἁμαρτίαν
1454 1493 1933 1559 ἀπικαταστᾶσιν,

357 1585 422 1637 ὲν
455 1585 527 1653 τῇ
563 1581 884 1653 ματαιότητι
905 1579 1004 1637 τοῦ
1031 1579 1151 1646 νοὸς
1184 1583 1573 1655 ὑποτιθέμεθα.

438 1673 547 1746 με’.
602 1671 735 1729 Εἶτα
775 1675 940 1746 μέχρι
982 1674 1178 1730 τούτου
1218 1676 1550 1748 διαπεράνας
1601 1676 1694 1731 τὸν
1747 1678 1930 1746 λόγον,

350 1765 509 1819 ἔστιν
540 1768 629 1820 ὅτε
651 1766 740 1819 καὶ
765 1766 835 1820 τὰ
854 1766 988 1838 παρ’
1011 1766 1211 1822 ἑαυτοῦ
1234 1767 1518 1840 προστίθει
1578 1769 1683 1823 ὅσα
1706 1785 1765 1823 τε
1797 1769 1935 1841 πρὸς

2038 577 2250 646 signem
2283 579 2427 633 diem
2453 577 2694 645 Domini,
2720 579 2771 635 in
2805 598 2915 651 quo
2968 599 3062 638 eos
3094 584 3334 652 quidem,
3370 585 3460 653 qui
3491 586 3624 639 dex-

2041 678 2171 725 tera:
2228 670 2460 735 Domini,
2506 687 2605 742 per
2656 672 2826 729 bonas
2872 677 3311 745 appropinquant
3358 678 3623 744 actiones,

2037 761 2273 831 excipiet
2314 775 2541 831 regnum
2594 764 2849 831 Domini;
2886 780 2982 820 eos
3037 782 3189 831 vero,
3252 768 3344 837 qui
3384 769 3450 822 ad
3485 769 3621 823 sini-

2037 860 2209 907 stram
2242 862 2369 907 sunt
2409 853 2629 921 abiecti,
2667 866 2957 925 propterea
2983 859 3125 927 quod
3159 874 3188 912 a
3219 860 3377 915 bonis
3420 861 3621 915 diserti

2036 943 2443 1012 sintoperibus,
2481 945 2781 1001 abscondet
2822 949 3070 1018 gehenna
3102 948 3262 1018 ignis,
3296 959 3350 1004 et
3388 950 3624 1005 tenebrae

2037 1042 2277 1100 aeterna,
2317 1040 2372 1088 et
2413 1035 2613 1089 stridor
2664 1035 2957 1091 dentium?
3009 1036 3118 1091 Nos
3167 1046 3348 1094 autem
3389 1039 3621 1093 dicimus

2039 1125 2254 1195 quidem
2320 1140 2421 1181 nos
2460 1140 2658 1196 cupere
2703 1142 2928 1195 regnum
2981 1128 3279 1195 caelorum;
3326 1143 3390 1182 ea
3439 1140 3621 1183 autem

2040 1234 2145 1273 non
2176 1234 2452 1285 curamus,
2473 1221 2671 1289 quibus
2701 1223 2753 1275 id
2781 1221 3053 1291 possimus
3075 1222 3290 1290 assequi
3327 1239 3344 1277 :
3374 1223 3469 1279 sed
3522 1238 3625 1292 pro

2037 1318 2307 1381 praecepto
2335 1311 2549 1366 Domini
2578 1311 2781 1365 nullum
2827 1312 3072 1367 laborem
3129 1315 3517 1383 suscipientes,
3567 1313 3622 1366 in

2042 1401 2277 1457 Vanitate
2352 1403 2551 1457 mentis
2620 1403 2999 1459 existimamus
3049 1420 3148 1459 nos
3201 1419 3323 1460 csse
3385 1404 3622 1471 asquales

2038 1494 2273 1550 honores
2301 1504 2685 1550 consecuturos
2740 1496 2807 1551 iis
2844 1495 2937 1566 qui
2995 1512 3164 1566 usque
3184 1497 3253 1552 ad
3277 1507 3506 1551 mortem
3536 1510 3622 1550 rc-

2038 1587 2239 1642 sistunt
2271 1596 2460 1641 contra
2494 1595 2799 1654 peccatum.

2108 1678 2199 1734 45.
2226 1678 2430 1734 Deinde
2463 1692 2585 1734 cum
2626 1680 2914 1748 hucusque
2944 1677 3264 1748 perfecisset
3287 1678 3617 1742 orationem,

2038 1781 2426 1837 nonnunquam
2461 1782 2525 1821 ea
2555 1768 2740 1834 etiam,
2787 1783 2907 1838 quae
2941 1782 3039 1825 sua
3074 1777 3250 1834 erant,
3281 1767 3531 1832 addebat,
3564 1774 3621 1820 et

347 1856 601 1927 ὑπακοὴν
636 1855 861 1927 ἐγείρει,
897 1836 995 1912 καὶ
1054 1858 1156 1913 ὅσα
1193 1836 1334 1929 πρδς
1391 1858 1672 1929 ὑπομονὴν
1721 1836 1931 1927 ﬁdem

2038 1876 2157 1928 quae
2184 1858 2498 1916 excitabant
2527 1860 2596 1913 ad
2618 1836 3010 1923 obedientiam,
3038 1867 3094 1914 et
3128 1860 3395 1929 parabant
3418 1861 3486 1913 ad
3532 1870 3616 1912 to-

341 1946 446 2001 καὶ
500 1947 685 2002 συνδεῖ
724 1948 862 2020 πρὸς
897 1947 1175 2019 ὁμόνοιαν.
1232 1949 1522 2022 Προστίθει
1574 1951 1631 2005 δὲ
1683 1951 1753 2005 τὰ
1804 1953 1933 2022 παρ’

341 2039 543 2096 ἑαυτοῦ
575 2041 675 2111 οὐχ
702 2040 779 2104 ὡς
799 2041 865 2096 ἄν
892 2059 980 2106 τις
1006 2042 1480 2114 φιλοτιμούμενος,
1519 2043 1635 2098 ἀλλ’
1655 2044 1732 2109 ὡς
1758 2045 1824 2099 ἂν
1840 2046 1935 2100 καὶ

341 2131 511 2195 αὐτὸς
538 2134 748 2197 ἐκεῖνος
772 2132 844 2187 τὰ
869 2133 959 2187 ίσα
985 2134 1204 2203 φρονεῖν
1225 2135 1661 2207 ἐνδεικνύμενος,
1697 2138 1792 2192 καὶ
1818 2138 1935 2208 ἅμα

337 2226 411 2279 τὰ
438 2228 555 2289 τοῖς
584 2224 756 2279 πάλαι
779 2225 881 2296 μὲν
917 2225 1019 2297 ήδη
1043 2225 1325 2297 ρηθέντα,
1366 2226 1660 2299 συντομίας
1687 2229 1745 2283 δὲ
1773 2231 1934 2301 χάριν

338 2319 438 2372 καὶ
460 2316 730 2387 μεγέθους
760 2316 1001 2380 διανοίας
1039 2319 1167 2382 τούς
1220 2318 1449 2393 πολλοὺς
1503 2319 1929 2391 ὑπερϐαίνοντα,

337 2410 508 2474 αὐτὸς
534 2412 658 2475 ταῖς
681 2410 814 2482 παρ’
844 2409 1040 2465 ἑαυτοῦ
1060 2411 1403 2482 προσθήκαις
1435 2413 1750 2482 σαφέστατα
1784 2413 1928 2468 καθε-

342 2500 511 2555 ισῖὦἸ
544 2500 684 2573 δῆλά
734 2518 794 2554 τε
847 2494 944 2557 καὶ
980 2500 1195 2556 ἐνώπτα
1234 2503 1367 2557 πᾶσι
1395 2505 1739 2574 ποιούμενος.
1786 2507 1933 2561 Ἀλλ’

342 2592 520 2657 οὕτως
559 2594 660 2664 μὲν
699 2594 729 2648 6
759 2591 906 2665 ἱερὸς
958 2593 1239 2659 Θεοδόσιος
1270 2595 1351 2667 τῷ
1408 2595 1773 2669 διδασκαλικῷ
1818 2600 1931 2653 διέ-

339 2701 529 2754 πρεπε
554 2684 733 2757 λόγῳ·
762 2684 842 2756 τῷ
891 2683 949 2739 δὲ
973 2684 1292 2757 δογματικῷ
1340 2686 1458 2751 πῶς
1488 2687 1597 2759 ἄρα
1648 2685 1785 2760 εἶχε,
1838 2692 1932 2745 καὶ

342 2779 498 2841 ποῖος
530 2778 624 2831 τὸν
659 2776 791 2849 περὶ
825 2777 999 2832 ταῦτα
1033 2776 1192 2847 λόγον
1221 2778 1255 2850 ἢ
1313 2777 1476 2850 ζῆλον
1499 2781 1795 2853 ἐτύγχανεν
1819 2783 1927 2851 ῶν;

334 2869 374 2940 ἢ
414 2868 610 2924 τούτου
639 2870 739 2941 μὲν
769 2870 932 2942 χάριν
951 2870 1071 2924 οὐδὲ
1104 2871 1471 2928 πυνθάνεσθαι
1528 2875 1611 2929 δεῖ
1647 2893 1662 2944 ;
1720 2876 1817 2931 an
1864 2876 1931 2949 δὴ

336 2960 453 3014 τῶν
496 2960 845 3033 πραγμάτων
873 2963 1058 3034 φωνῆς
1088 2963 1266 3035 πάσης
1314 2966 1644 3037 τρανότερον
1692 2968 1937 3037 φθεγγο⁸

342 3051 546 3123 μένων,
572 3052 671 3107 καὶ
696 3052 790 3107 τὸν
816 3052 959 3125 ὑπὲρ
977 3054 1078 3125 τῆς
1109 3055 1391 3121 εὐσεϐείας
1416 3057 1578 3128 ζῆλον
1601 3057 1767 3113 αὐτοῦ
1796 3077 1935 3132 τρα-

2038 1951 2350 2019 lerautiam,
2412 1960 2468 2007 et
2510 1952 2770 2007 uuiebant
2819 1952 2887 2007 ad
2935 1952 3305 2008 concordiam.
3370 1951 3617 2006 Addebat

2036 2053 2218 2097 autem
2247 2055 2367 2106 sua,
2389 2055 2494 2095 non
2527 2048 2585 2095 ut
2623 2041 2891 2110 quispiam
2927 2057 2986 2096 se
3008 2040 3223 2108 jactans
3249 2050 3304 2095 et
3343 2040 3610 2111 glorians,

2035 2131 2131 2186 sed
2152 2131 2242 2201 qui
2265 2131 2503 2200 seipsum
2526 2132 2839 2187 ostenderet
2867 2132 3054 2187 eadem
3084 2133 3287 2187 sentire
3324 2150 3339 2186 :
3377 2140 3432 2186 et
3453 2131 3616 2186 simul

2033 2238 2099 2279 ea
2129 2225 2372 2293 quidem,
2399 2241 2520 2296 qua:
2539 2225 2653 2296 jam
2676 2226 2823 2281 dicta
2856 2234 2981 2281 sunt
3014 2243 3043 2280 a
3077 2228 3373 2289 veteribus,
3398 2237 3618 2297 propter

2034 2315 2356 2371 brevitatem
2381 2330 2511 2372 vero
2544 2318 2628 2372 vel
2670 2318 2955 2372 sententia:
2981 2318 3435 2388 magnitudinem,
3468 2318 3612 2388 vulgi

2034 2417 2250 2477 Captum
2311 2408 2599 2475 excedunt,
2640 2409 2756 2478 ipse
2792 2409 2906 2465 suis
2938 2410 3322 2466 additameutis
3384 2410 3617 2484 reddens

2033 2500 2331 2570 apertiora,
2362 2502 2763 2572 manifestaque
2789 2513 2845 2558 et
2894 2502 3038 2557 clara
3081 2502 3314 2558 reddens
3339 2503 3616 2556 omnibus.

2030 2593 2212 2660 Atque
2246 2593 2327 2647 sic
2374 2593 2590 2663 quidem
2625 2594 2875 2667 utebatur
2926 2609 3083 2649 sacer
3116 2592 3457 2650 Theodosius
3513 2607 3603 2656 ea,

2032 2700 2154 2755 qua:
2204 2688 2272 2741 ad
2341 2686 2645 2741 docendum
2701 2688 3162 2756 comparabatur,
3209 2688 3489 2752 oratione;
3550 2702 3614 2739 ea

2034 2794 2183 2845 vero,
2210 2794 2315 2849 qua
2335 2780 2624 2834 traduntur
2653 2782 2926 2849 dogmata,
2952 2780 3225 2848 quomodo
3250 2794 3309 2833 se
3340 2778 3614 2832 habebat?

2032 2869 2099 2924 Et
2118 2870 2241 2939 quis
2269 2879 2389 2924 erat
2416 2869 2534 2937 eius
2570 2871 2621 2923 in
2648 2870 2714 2925 iis
2734 2884 2916 2924 sermo
2949 2881 3001 2922 et
3022 2869 3214 2924 zelus?
3235 2871 3389 2923 Anne
3420 2872 3486 2923 de
3510 2870 3612 2922 hoc

2032 2962 2252 3033 quidem
2287 2972 2373 3019 est
2422 2963 2837 3028 sciscitandutn,
2900 2973 3085 3029 utpote
3125 2965 3268 3032 quod
3304 2978 3392 3017 res
3420 2975 3611 3016 omnes

2033 3055 2326 3125 loquantur
2351 3054 2544 3123 quavis
2587 3069 2719 3109 voce
2745 3055 3005 3124 apertius,
3035 3064 3084 3110 et
3136 3054 3255 3125 ejus
3298 3053 3470 3108 zelqu
3513 3068 3612 3123 pro

337 3145 563 3234 νότερον
589 3144 1233 3216 κηρυττόντωνςἘκεῖνα
1262 3147 1319 3201 δὲ
1342 3147 1426 3201 δεῖ
1460 3149 1661 3219 μᾶλλον
1680 3150 1930 3221 ὲκζητεῖν

2033 3149 2229 3218 pietate
2256 3145 2590 3216 praedicent?
2625 3146 2757 3201 Illud
2785 3158 2970 3203 autem
3005 3156 3089 3202 est
3117 3148 3296 3215 potius
3324 3147 3612 3215 diligenter

340 3233 617 3308 ἀκριϐῶς,
642 3234 729 3299 τίς
764 3235 873 3305 ἄρα
900 3236 1120 3305 γλῶσσα
1154 3234 1421 3308 εὖμουσος
1453 3241 1547 3293 καὶ
1584 3242 1761 3296 εἰπεῖν
1794 3243 1931 3311 ἀγα-

2033 3240 2409 3311 qumreudum,
2433 3253 2684 3309 quaenam
2730 3238 2913 3308 lingua
2942 3239 3013 3294 sit
3043 3239 3252 3294 erudita
3278 3248 3332 3294 et
3351 3238 3609 3307 facunda,

334 3329 429 3397 θὴ,
451 3328 531 3393 ὡς
554 3328 628 3382 τὰ
643 3327 747 3400 τῆς
763 3329 976 3384 ἐκείνου
1012 3330 1267 3403 γλώσσης
1287 3332 1527 3404 τρόπαια
1561 3334 1744 3400 καλῶς
1786 3336 1930 3401 ἐξει-

2029 3343 2088 3386 υι
2118 3333 2293 3400 possit
2327 3340 2475 3387 recte
2501 3332 2777 3402 explicare
2823 3332 2967 3387 illius
3000 3330 3199 3403 linguae
3224 3342 3448 3402 tropaea.
3477 3330 3610 3384 Nam

334 3426 485 3477 πεῖν.
515 3416 690 3485 Οὗτος
708 3422 823 3492 γὰρ
852 3422 922 3477 τὰ
954 3423 1054 3492 μὲν
1074 3423 1212 3480 ἄλλα
1252 3426 1431 3481 πάντα
1468 3428 1800 3498 πραΰτατος,
1834 3429 1930 3485 καὶ

2033 3424 2073 3481 is
2121 3424 2339 3494 quidem
2402 3425 2456 3478 in
2524 3425 2647 3480 aliis
2732 3424 2990 3481 omnibus
3043 3433 3164 3480 erat
3237 3416 3614 3480 mansuetissi-

333 3512 595 3569 νικᾶσθαι
621 3513 826 3585 μᾶλλον
848 3512 1050 3579 καλῶς,
1088 3515 1123 3588 ἢ
1154 3516 1314 3587 νικᾷν
1340 3517 1440 3570 οὐκ
1463 3518 1761 3583 ιπαινετῶς
1790 3535 1925 3592 προ-

2033 3531 2149 3572 inus
2170 3555 2187 3581 ,
2234 3525 2287 3571 et
2314 3517 2756 3587 promptissimus
2784 3557 2801 3583 ,
2833 3524 2893 3572 ut
2938 3517 3166 3574 honeste
3209 3520 3392 3588 potius
3424 3518 3612 3573 vince-

334 3602 670 3674 θυμότατος.
696 3602 876 3657 Ὅπου
934 3603 992 3658 δὲ
1017 3600 1088 3675 ἦν
1115 3605 1253 3677 πρὸς
1286 3606 1573 3662 εὐσέϐειαν
1600 3609 1631 3663 6
1656 3607 1922 3679 κίνδυνος,

2033 3618 2194 3676 retur,
2222 3624 2389 3680 quam
2440 3623 2546 3664 non
2597 3608 2948 3664 laudabiliter
2978 3610 3240 3665 vinceret.
3294 3605 3397 3663 Ubi
3426 3618 3607 3664 autem

331 3692 403 3766 ἧν
446 3694 881 3767 ἰσχυρογνώμων
935 3695 1054 3751 ἐκεῖ
1097 3697 1403 3764 Θεοδόσιος,
1456 3700 1552 3756 καὶ
1615 3701 1778 3757 εἴκων
1824 3702 1929 3773 τὴν

2033 3708 2143 3756 erat
2188 3700 2242 3754 in
2302 3701 2505 3769 pietate
2559 3708 2616 3755 et
2663 3714 2789 3755 vera
2831 3699 3094 3771 religione
3126 3698 3455 3767 periculum,
3488 3710 3609 3754 erat

339 3789 597 3843 ἐνστασιν
617 3788 816 3849 οὐδενὶ,
846 3789 1148 3859 φιλόνεικός
1165 3808 1252 3856 τις
1287 3792 1437 3863 ψυχὴ
1495 3793 1593 3848 καὶ
1623 3795 1927 3863 eum”,

2033 3791 2134 3847 illic
2164 3792 2345 3848 stabili
2374 3800 2432 3847 et
2461 3791 2584 3847 forti
2615 3793 2890 3848 sententia
2925 3791 3285 3857 Theodosius,
3315 3801 3368 3846 et
3403 3792 3608 3847 nullius

347 3877 466 3951 πῦρ
490 3878 717 3948 φλέγων,
743 3881 777 3954 ἢ
805 3881 977 3950 πέλυξ
1007 3883 1246 3949 κόπτων,
1282 3884 1316 3956 ἢ
1367 3885 1612 3956 ῥομφαία
1654 3887 1925 3957 μαῃτοῦ,

2023 3884 2250 3940 cedebat
2275 3882 2592 3953 objectioni,
2626 3892 2685 3937 ut
2706 3883 2800 3952 qui
2831 3891 3158 3938 cerneretur
3186 3883 3301 3937 acri
3320 3893 3375 3936 et
3408 3883 3612 3937 invicto

347 3971 424 4025 τὰ
458 3971 560 4041 τῆς
579 3970 720 4037 θείας
741 3975 907 4045 φάναι
939 3976 1187 4048 Γραφῆς,
1212 3977 1585 4049 δεικνύμενος.
1630 3979 1924 4052 Τεκμήρια

2033 3973 2234 4040 animo,
2264 3973 2403 4043 ignis
2436 3974 2782 4041 comburens,
2817 3982 2913 4028 aut
2940 3973 3150 4029 securis
3183 3972 3464 4039 scindens,
3516 3982 3614 4029 aut

347 4063 408 4116 δὲ
430 4063 526 4118 τοῦ
553 4064 707 4135 λόγου
732 4067 905 4123 πολλά
936 4067 1037 4140 μὲν
1052 4068 1150 4126 καὶ
1176 4068 1336 4139 ἄλλα,
1366 4071 1493 4143 ἐμοὶ
1529 4071 1589 4145 δὲ
1624 4072 1718 4128 καὶ
1739 4072 1798 4129 ἓν
1844 4075 1926 4142 εἰς

344 4155 570 4229 μνήμην
599 4159 845 4230 ἀρκέσει.
879 4199 885 4205 α

2024 4066 2298 4136 τοιιιριιωα
2357 4068 2698 4137 pugnatoris,
2756 4076 2815 4122 ut
2862 4068 3043 4123 dicam
3097 4082 3218 4138 quae
3253 4067 3449 4123 divina:
3481 4077 3612 4122 sunt

2028 4158 2344 4227 Scriptura.
2373 4157 2506 4227 Eius
2535 4169 2717 4214 autem
2766 4161 2912 4230 quod
2946 4162 3090 4229 dico,
3134 4171 3453 4232 argumenta
3485 4170 3615 4217 sunt

2014 4248 2203 4317 multa
2227 4250 2445 4319 quidem
2475 4250 2604 4319 alia,
2655 4252 2788 4309 mihi
2837 4262 3021 4310 autem
3070 4251 3301 4311 suﬁiciet
3325 4268 3489 4310 unum
3524 4268 3616 4309 re-

2032 4340 2232 4399 ducere
2259 4343 2314 4399 in
2345 4346 2690 4402 memoriam.

1769 4525 1998 4585 CAPUT
2025 4529 2117 4588 Χῖ.

1054 4641 1370 4701 Anastasius
1397 4647 1522 4716 imp.
1554 4648 1779 4717 pecunia
1801 4633 1966 4706 tentat
1998 4665 2287 4721 pervertere
2337 4655 2397 4712 S.
2425 4656 2800 4715 Theodosium.

411 4781 534 4851 μςν.
568 4773 809 4867 Ἦνεγκᾷ
834 4792 967 4830 ποτε
991 4779 1088 4833 καὶ
1112 4780 1143 4833 6
1171 4782 1294 4836 καθ’
1320 4783 1470 4855 ἡμᾶς
1508 4785 1701 4859 καιρὸς
1765 4786 1922 4859 βασι-

2096 4794 2190 4848 46.
2231 4795 2379 4852 Tulit
2413 4798 2706 4867 aliquando
2742 4807 2990 4853 nostrum
3027 4798 3143 4867 (ΞΜ)
3196 4813 3414 4867 quoque
3470 4808 3614 4854 tem-

327 4874 459 4937 λέα,
498 4867 575 4921 τὰ
631 4868 731 4936 μὲν
782 4866 1095 4938 ἔμπροσθεν
1148 4872 1227 4938 ὡς
1282 4875 1615 4947 παράδεισον
1669 4882 1912 4952 τρυφῆς*

329 4963 496 5021 τοῦτο
526 4959 593 5032 δὴ
633 4959 693 5012 τὸ
723 4963 1069 5032 φαινόμενον,
1092 4964 1164 5020 τὰ
1190 4966 1248 5020 δὲ
1274 4969 1560 5025 τελευταῖα
1584 4972 1765 5027 πεδίον
1780 4977 1922 5045 ἀφα-

2024 4897 2123 4952 pus
2149 4885 2525 4956 imperatorem
2551 4888 2783 4959 (25),qui
2808 4889 2957 4957 prius
2985 4889 3201 4958 quidem
3223 4889 3416 4953 fuerat,
3441 4905 3617 4958 quan.-

2032 4986 2144 5030 tutn
2186 4982 2502 5048 apparebat,
2543 4981 2829 5050 paradisus
2863 4980 3154 5050 voluptatis
3190 4981 3339 5052 (26),
3401 4991 3616 5052 postre-

408 5156 529 5237 (Ἡ)
588 5156 728 5242 wife
775 5169 1071 5242 mererent
1105 5174 1435 5242 eomtaneum
1498 5164 1558 5222 S.
1605 5166 1915 5226 Theodosio
2028 5172 2334 5236 constituit,
2372 5169 2570 5242 quibus
2615 5169 2734 5238 ejus
2790 5171 2939 5227 initia
2979 5176 3612 5242 tnaguant_'spemetex-

336 5227 517 5301 fuisse
549 5238 720 5301 patet,
746 5240 806 5283 us
828 5247 990 5301 supra
1022 5233 1281 5297 diximus.

2028 5238 2416 5309 spectationetii
2453 5243 2704 5296 omnibus
2722 5243 3041 5296 attulerunt.
3065 5239 3192 5296 ldeo
3219 5238 3371 5295 Felix
3396 5240 3455 5293 Ill
3476 5254 3612 5304 papa

412 5295 529 5381 Q5]
553 5295 561 5297 ⁷
584 5296 637 5353 Is
658 5308 753 5381 _est
791 5295 1627 5381 AnastasiusLyquﬂAijlmft‘ium
1679 5309 1921 5378 suscepit
2029 5295 2118 5366 ilrli
2135 5295 2379 5380 scripsit,
2414 5311 2473 5365 in
2501 5295 2626 5380 ejus
2642 5295 2701 5367 se
2729 5295 2940 5381 imperii
2976 5295 3315 5380 promotione
3358 5295 3613 5381 gaudere,

333 5366 567 5451 ριξξξτίο
734 5373 1077 5451 coagulo-ag.
1118 5366 1221 5451 (ib:
1273 5375 1399 5430 69L
1419 5366 1553 5451 'Sub
1572 5378 1689 5451 hoc
1718 5366 1925 5436 vixisse
2031 5391 2091 5437 ut
2111 5366 3083 5451 testa'turhujus'successorGelasius
3110 5383 3161 5434 in
3188 5366 3616 5451 Comn't'onitorio

335 5435 788 5523 βξτιιςοιιοαίιιεη
816 5439 1264 5501 Canobiarchatn
1292 5456 1446 5502 notat
1489 5445 1685 5504 Suidas
1714 5451 1778 5505 ad
1793 5435 1920 5504 ver-
2133 5435 2552 5523 Fausiuquui
2570 5435 2630 5507 et
2650 5435 2703 5506 in
2718 5435 2951 5520 epistola
2977 5435 3041 5505 ad
3066 5435 3236 5523 ipsum
3261 5449 3612 5523 Anastasinm

342 5508 471 5562 bum
494 5508 836 5569 Anastasius.

411 5578 527 5659 (ἥδ)
560 5580 893 5659 Ιζτὶιιεςμιιι-ηι
933 5584 1216 5659 imperium
1257 5596 1587 5659 capesseret,
1620 5587 1926 5656 Euphemio

333 5651 666 5725 patriarcha:
711 5651 1141 5710 Chalcedonensi
1203 5651 1591 5725 professionem
1637 5651 1759 5714 lidei
1807 5661 1926 5715 rhi-

340 5720 616 5786 rngraplso
665 5737 767 5776 suo
822 5731 1070 5777 testatum
1123 5720 1294 5780 dedit.
1324 5726 1446 5782 Mox
1478 5728 1663 5786 iniqua
1721 5730 1920 5785 tributa

336 5789 581 5857 sustulit,
610 5791 967 5861 magistratus
990 5794 1161 5865 gratis
1194 5797 1441 5865 contulit,
1476 5789 1641 5853 multa
1667 5800 1923 5877 praeclare

2034 5522 2200 5578 missa
2251 5523 2431 5577 laudat
2470 5521 2707 5578 studium
2737 5522 2952 5592 pietatis
2980 5523 3032 5576 in
3083 5521 3293 5592 privata
3332 5521 3464 5592 vita,
3506 5530 3615 5586 quo

2039 5611 2058 5643 ι
2104 5593 2307 5661 optarit
2334 5607 2551 5664 semper
2585 5592 2701 5664 ﬁeri
2738 5590 3021 5663 particeps
3051 5590 3425 5660 promissionis
3445 5599 3610 5643 teter-

2033 5678 2135 5736 riec.
2174 5682 2192 5716 ι
2225 5672 2331 5718 etc.
2358 5662 2485 5736 Ejus
2536 5663 2716 5736 adhuc
2743 5664 2937 5732 privati
2968 5662 3228 5736 pietatem
3269 5670 3613 5730 caeterasque

2033 5735 2266 5790 virtutes
2303 5734 2562 5804 praedicat
2585 5733 2864 5789 Cedreuus
