4152 6420
571 361 679 430 515
1794 352 2075 424 MENSIS
2113 363 2125 422 ζ

2225 352 2568 427 iUARlUS.
3713 357 3821 423 διο

570 492 659 530 tuo
696 474 807 547 (27)
842 483 1020 531 autem
1060 474 1223 532 rebus
1256 473 1356 531 luit
1392 479 1642 546 cognitus
1672 491 1896 545 campus
1940 479 2122 533 destru

2252 477 2446 547 νισμοῦ
2479 480 2590 541 τοῖς
2616 476 2907 549 πράγμασι
2934 472 3359 543 γνωριζόμενον,
3377 469 3471 524 καὶ
3502 468 3706 525 τούτων
3722 472 3826 527 ἱνα

570 566 788 630 ctionls,
818 573 873 620 et
902 576 1044 620 unus
1089 567 1293 621 scilicet
1332 582 1398 622 ex
1459 567 1527 622 iis
1576 568 1882 634 pastoribus
1922 569 2010 635 qui
2061 583 2124 622 su

2248 569 2448 638 δηλαδὴ
2473 568 2581 621 τῶν
2620 568 2897 638 ποιμένων
2938 566 3044 619 τῶν
3069 561 3569 635 διασκορπιζόντων
3595 562 3691 618 καὶ
3713 565 3825 618 ἀπ-

572 655 750 723 gregis
777 671 907 710 oves
961 656 1279 724 dispergunt
1313 669 1369 712 et
1424 658 1677 727 perdunt,
1719 668 1772 713 et
1806 673 1900 712 eos
1931 660 2125 713 ltlt‘llitlt

2247 655 2514 710 ολλύντων
2558 656 2625 710 τὰ
2653 657 2900 727 πρόϐατα
2933 656 3031 726 τῆς
3081 654 3292 708 ἑαυὲὦν
3318 653 3511 723 νομῆς,
3569 652 3661 707 καὶ
3691 655 3825 706 ἀνα-

573 754 761 814 potaut
795 747 1168 802 subversioue.
1202 750 1269 803 Et
1318 757 1377 803 ut
1418 749 1625 820 reliqua
1656 749 1803 804 illius
1825 750 2125 819 praeterunt

2246 747 2456 817 τροπὴν
2498 747 2725 818 θολεράν
2765 749 2904 800 αὐτά
2934 746 3284 811 ποτιζόντων,
3331 745 3427 799 καὶ
3461 744 3549 797 ἵνα
3573 743 3656 811 ξτά
3681 743 3822 798 ἄλλα

574 848 702 902 tam,
736 839 837 893 hoc
874 840 1091 908 quidem
1133 841 1384 910 accipiet,
1416 843 1558 910 quod
1591 851 1712 909 post
1739 857 1836 896 nos
1864 852 2122 910 sequetur

2247 839 2357 891 τῶν
2384 839 2592 892 ἐκείνου
2640 838 2820 909 παρῶ,
2850 839 2985 893 ἀλλά
3013 837 3170 890 τοῦτο
3197 853 3263 905 γε
3316 834 3410 889 καὶ
3461 836 3490 889 ὁ
3527 835 3643 904 μεθ’
3668 836 3821 903 ἡμᾶς

577 939 807 996 tempus.
856 930 1041 999 Neque
1081 932 1227 985 enim
1260 944 1356 1001 par
1405 945 1486 987 est
1523 940 1582 986 ut
1612 932 1662 986 id
1702 935 1986 986 mandetur
2012 933 2125 987 obli

2247 927 2522 993 ἐκδέξεται
2551 929 2763 1000 χρόνοςδ
2782 929 2939 982 Ἐπεὶ
2971 928 3107 999 μηδὲ
3135 927 3308 998 λήθης
3333 927 3469 988 ὅλως
3483 925 3631 978 ἔστιν
3653 924 3807 990 ἀξιον

575 1020 716 1073 vioui
746 1030 965 1089 propter
991 1036 1108 1085 eos,
1132 1036 1361 1091 quorum
1389 1033 1472 1077 est
1520 1024 1700 1078 scelus
1758 1024 1999 1094 insigne:
2028 1023 2118 1091 qui

2245 1020 2334 1073 διά
2379 1021 2506 1084 τοὺς
2535 1024 2825 1092 περιττοὺς
2852 1022 2950 1091 τὴν
2983 1020 3204 1084 κακίαν,
3237 1022 3307 1083 oi,
3349 1019 3413 1073 τὸ
3441 1019 3535 1073 τοῦ
3569 1019 3819 1083 Ἠσαίου,

573 1120 629 1161 ιιι
665 1111 795 1163 dicit
822 1110 1009 1175 Isaias,
1071 1114 1370 1179 concipiunt
1431 1113 1686 1179 laborem,
1729 1124 1777 1169 ει
1834 1116 2049 1182 pariunt
2100 1117 2120 1147 ³

2248 1113 2465 1166 κύουσι
2482 1111 2672 1166 πόνον
2693 1114 2791 1167 καί
2817 1127 3126 1168 τικτουσιν
3135 1113 3416 1180 ἀνομίαν.
3449 1112 3508 1165 ’0
3528 1110 3820 1182 δυσσεβὴς,

571 1200 899 1270 iniquitatem
933 1205 1001 1258 ".
1062 1202 1263 1273 Impius
1304 1205 1453 1275 (heu)
1507 1206 1621 1259 sive
1660 1205 1728 1260 ab
1761 1206 1880 1260 aliis
1918 1206 1986 1260 ad
2043 1206 2125 1261 ίιοι

2249 1201 2372 1271 φεῦ,
2400 1203 2509 1257 εἴτε
2542 1203 2672 1271 παρ’
2724 1203 2899 1258 ἀλλων
2949 1205 3027 1266 εἰς
3064 1202 3238 1256 τοῦτο’
3270 1200 3532 1271 κινηθεὶς,
3569 1200 3679 1252 εἴτε
3728 1199 3825 1252 καὶ⁵

575 1301 774 1357 motus,
806 1294 921 1349 sive
939 1295 1082 1350 hunc
1114 1297 1436 1351 sceleratqu
1486 1298 1652 1350 letum
1689 1312 1753 1351 ex
1795 1312 1855 1352 se
1880 1298 2125 1366 produxe

2247 1294 2378 1365 παρ’
2406 1295 2601 1349 ἑαυτοῦ
2653 1295 2715 1349 τὸ
2764 1296 3003 1365 πονηρὸν
3035 1295 3183 1348 τουτὶ
3218 1291 3565 1363 προενεγκὼν
3607 1290 3822 1360 κύημα,

572 1385 644 1439 rit
671 1383 897 1455 (Stultus
924 1389 1082 1450 enim,
1111 1387 1305 1457 inquit,
1347 1389 1511 1442 stulta
1537 1389 1797 1460 loquetur,
1827 1399 1876 1444 et
1907 1400 1997 1443 cur
2027 1391 2125 1459 eju:

2247 1387 2345 1456 ('0
2369 1389 2475 1457 γὰρ
2494 1387 2708 1456 μωρὸς,
2740 1388 2892 1458 φησι,
2908 1388 3074 1456 μωρὰ
3095 1386 3381 1454 λαλήσει.
3406 1384 3509 1439 καί
3538 1385 3577 1451 ἡ
3605 1383 3825 1450 καρδία

572 1490 705 1528 vana
743 1476 1034 1547 cogitabit),
1089 1476 1331 1545 Patrum,
1374 1479 1462 1546 qui
1498 1478 1677 1535 Niceat
1738 1481 1848 1551 (28)
1900 1481 2125 1537 fuerunt.

2246 1475 2436 1529 αὐτοῦ
2465 1476 2687 1546 μάταια
2710 1476 2969 1542 νοήσει),
3007 1478 3121 1539 τοῖς
3165 1477 3330 1546 ἱεροῖς
3356 1473 3471 1527 τῶν
3520 1474 3580 1527 ὲν
3614 1473 3827 1544 Natali;

570 1580 723 1618 sacra
757 1567 1027 1634 dogmata.
1078 1576 1332 1636 tauquam
1385 1579 1620 1623 montem
1658 1568 1786 1625 Sion
1841 1579 1896 1626 et
1945 1572 2125 1625 turriuw

2245 1569 2527 1639 Πατέρων,
2578 1567 2654 1631 ὡς
2680 1567 2760 1638 τῷ
2786 1566 2925 1621 Σιὼν
2963 1566 3085 1637 ὄρει
3109 1565 3208 1620 καὶ
3237 1565 3315 1634 τῷ
3368 1564 3564 1636 πύργῳ
3614 1563 3821 1634 δηλαδὴ

570 1651 924 1716 fortitudinis,
972 1654 1180 1709 scilicet
1243 1660 1591 1727 aggreditur;
1643 1661 1728 1714 illa
1769 1662 1987 1728 quidem
2038 1677 2125 1716 vo-

2241 1659 2341 1728 τῆς
2366 1658 2551 1728 ίσχύος
2578 1657 2881 1713 ἐπιτίθεται
2901 1657 3167 1725 δόγμασιν
3185 1670 3201 1684 ·
3230 1657 3413 1708 ἐκεῖνα
3459 1654 3557 1723 μὲν
3605 1653 3821 1706 ἀθετεῖ-

567 1741 683 1797 lens
748 1745 1038 1812 abrogari,
1104 1746 1285 1802 valere
1365 1759 1545 1803 autem
1620 1752 1946 1807 sententiam
2023 1753 2125 1822 (29]

2246 1749 2389 1813 σθαι,
2413 1751 2634 1819 κρατεῖν
2662 1748 2720 1802 δὲ
2743 1748 2844 1818 τὴν
2882 1748 2992 1801 τῶν
3031 1747 3368 1815 Ἀκεφά).ων,
3395 1745 3587 1813 ἀλογον
3621 1745 3687 1800 ἄν
3720 1762 3809 1809 τις
3922 1756 3931 1762 ’

566 1834 988 1903 Acephalorum,
1013 1853 1173 1907 quam
1205 1853 1235 1891 a
1267 1840 1477 1894 ratione
1506 1840 1759 1907 alienam,
1784 1852 1838 1895 et
1864 1857 1993 1898 vere

2241 1842 2407 1908 είποι,
2456 1842 2553 1896 καὶ
2584 1841 2857 1911 ἀκέφαλον
2902 1841 3062 1907 δόξαν
3117 1838 3520 1911 προῃρημένος.
3578 1838 3821 1908 Μίγνυσι

567 1927 757 1994 φαλον,
794 1926 898 1983 hoc
927 1938 1030 1997 est,
1061 1939 1337 1985 carentem
1368 1933 1567 2001 capite,
1602 1935 1727 2003 jure
1755 1935 1876 2004 quis
1913 1935 2125 1992 dixerit.

2240 1933 2530 2004 τοιγαροῦν
2584 1936 2650 2005 τῇ
2680 1932 2967 2004 δυναστείᾳ
3018 1932 3117 2001 τὴν
3168 1930 3529 2000 κακουργίαν,
3574 1928 3715 1983 ὥστε
3747 1935 3816 2002 τῇ

564 2016 825 2073 Potentiae
876 2028 1054 2074 autem
1110 2023 1378 2077 admiscet
1444 2025 1871 2094 improbitatem,
1931 2035 2003 2081 ut’
2039 2028 2125 2083 bat

2252 2021 2350 2092 μὲν
2407 2022 2642 2094 ἀπατᾷν,
2703 2024 2768 2092 τῇ
2822 2021 2881 2075 δὲ
2953 2020 3138 2076 ἀνύειν
3211 2022 3272 2075 τὸ
3333 2020 3769 2089 σπουδαζόμενον
3799 2053 3818 2083 ,

564 2110 778 2178 quidem
801 2112 1094 2179 deciperet,
1124 2113 1212 2167 illa
1240 2128 1368 2170 vero
1395 2114 1647 2171 eﬂ‘ectum
1687 2118 1935 2173 redderet
1993 2119 2125 2189 quod

2242 2114 2327 2168 ἵνα
2381 2116 2519 2184 μήτε
2565 2114 2627 2168 τὸ
2707 2114 2933 2184 lqupr
2994 2113 3226 2185 ἀμικτον
3269 2113 3329 2167 ὃν
3397 2114 3494 2167 καὶ
3554 2114 3629 2184 μὴ
3696 2130 3820 2166 πει·-

564 2201 969 2257 conteudebat:
1025 2214 1083 2258 ut
1130 2220 1307 2277 neque
1358 2198 1566 2271 νίς,ἐί
1615 2217 1764 2264 esset
1808 2210 2049 2266 immista
2082 2218 2139 2266 et

562 2291 915 2355 persuasione
970 2293 1194 2348 minime
1247 2304 1670 2365 contemperata,
1702 2298 1926 2353 molesta
1959 2300 2135 2354 videri

562 2381 753 2446 possit,
786 2390 840 2435 et
887 2382 1044 2452 plane
1086 2385 1341 2450 violenta,
1381 2397 1438 2440 ut
1470 2404 1590 2459 quae
1636 2391 1805 2445 robur
1835 2392 2138 2460 accepisset

562 2485 625 2524 ex
655 2472 763 2525 sola
807 2475 1126 2542 occasione;
1162 2492 1335 2546 neque
1360 2462 1546 2535 rursus
1576 2482 1924 2551 persuadere,
1955 2483 2001 2539 si
2031 2484 2136 2537 im-

562 2573 751 2632 potens
787 2567 875 2631 sit,
931 2567 976 2621 si
1031 2569 1323 2636 imbecilla,
1354 2579 1412 2626 et
1443 2574 1584 2641 quod
1641 2578 1812 2630 possit
1852 2590 2023 2645 pauca
2080 2585 2136 2634 et

561 2660 701 2726 apud
734 2674 932 2728 paucos
961 2660 1189 2716 efﬁcere.

627 2750 716 2805 47.
752 2746 890 2806 Hinc
948 2753 1084 2807 alios
1109 2754 1327 2821 quidem
1367 2769 1431 2810 es
1480 2758 1751 2828 episcopis
1781 2761 2132 2818 adoriebatur

558 2841 718 2895 minis
748 2853 801 2895 ct
841 2842 1047 2897 exsiliis
1073 2844 1208 2917 (30),
1240 2847 1376 2901 alios
1412 2860 1591 2903 autem
1620 2852 1917 2907 honoribus
1939 2861 1994 2909 et
2042 2869 2134 2909 as-

555 2934 951 2990 sentationibus
983 2954 996 2990 :
1030 2947 1086 2991 et
1139 2954 1529 3006 nonnunquam
1591 2943 1756 2997 etiam
1787 2957 2132 3015 corrumpere

555 3028 805 3096 pecunia,
855 3039 909 3084 et
938 3045 1093 3085 suum
1127 3033 1329 3087 malum
1367 3033 1598 3088 aliorum
1629 3050 1845 3107 quoque
1886 3037 2126 3105 efﬁcere,

553 3131 609 3175 et
671 3122 915 3175 morbum
958 3124 1362 3179 communicare
1407 3126 1801 3193 contendebat;
1852 3129 2127 3185 mutabilis

553 3226 659 3267 non
695 3213 874 3268 minus
896 3228 1055 3284 quam
1087 3215 1340 3280 Proteus,
1367 3225 1426 3272 ut
1457 3217 1767 3274 Graecorum
1827 3220 2021 3275 fabula:
2049 3221 2126 3277 ls-

552 3317 812 3374 quuntur,
839 3317 890 3363 et
939 3323 1043 3363 non
1080 3311 1259 3365 minus
1308 3321 1510 3375 mente,
1542 3328 1704 3383 quam
1748 3313 1836 3369 ille
1899 3323 2121 3385 aspectu

551 3397 760 3452 varius.
797 3396 1076 3455 Postremo
1106 3410 1285 3455 autem
1317 3402 1460 3457 hanc
1489 3419 1707 3473 quoque
1736 3420 1983 3476 magnam
2010 3416 2126 3461 ture

552 3490 653 3543 rim
685 3490 1020 3560 aggreditur.
1073 3491 1333 3549 Machinte
1364 3504 1545 3550 autem
1577 3504 1739 3552 erant
1783 3513 2011 3566 aurum;
2049 3498 2127 3553 id-

548 3596 654 3651 que
683 3598 788 3637 non
816 3598 1069 3655 paucum,
1099 3595 1154 3641 ut
1181 3596 1365 3657 posset
1392 3590 1688 3657 contemni,
1714 3590 1808 3647 sed
1834 3595 1978 3661 quod
2004 3592 2128 3648 red-

551 3672 665 3727 ibat
696 3672 764 3727 ad
816 3689 1082 3730 summam
1139 3677 1357 3748 triginta
1414 3678 1675 3735 librarum
1726 3690 1994 3752 :eratque
2036 3684 2129 3740 (lo-

550 3780 677 3819 num
699 3781 803 3820 non
834 3768 976 3822 nude
1009 3775 1061 3821 et
1080 3778 1265 3837 aperte
1292 3767 1515 3837 donum,
1537 3785 1603 3827 ne
1634 3786 1739 3826 non
1761 3773 2122 3844 acciperetur,

548 3858 767 3925 utfquod
797 3859 1156 3929 suspicionem
1192 3870 1409 3930 pareret
1434 3863 1677 3919 avaritias
1705 3880 1721 3918 :
1753 3863 1850 3921 sed
1904 3867 1958 3922 id
1987 3881 2125 3937 quo-

547 3965 655 4019 que
681 3951 986 4006 occultabat
1013 3960 1302 4021 pra-textus
1351 3955 1630 4023 speciosus
1646 3965 1702 4012 et
1742 3957 1900 4013 valde
1931 3959 2129 4027 probao

548 4041 692 4107 bilis,
724 4057 918 4111 nempe
946 4057 1230 4112 pauperes,
1269 4055 1321 4100 et
1357 4060 1477 4114 quae
1506 4055 1664 4101 erant
1711 4049 2021 4104 necessaria
2052 4050 2123 4105 ad

550 4145 682 4185 usus
702 4130 952 4186 Fratrum
979 4135 1478 4204 :rgrotaotiumdiis
1510 4139 1685 4194 virum
1712 4139 2011 4195 conabatur
2037 4141 2125 4196 ins

546 4236 777 4288 genuum
820 4223 1063 4294 redigere
1096 4224 1152 4278 in
1175 4226 1511 4282 servitutem.
1545 4228 1612 4283 Et
1635 4230 1681 4286 si
1711 4229 1910 4286 bonum
1934 4232 2121 4289 existi-

546 4313 745 4365 tnas'et
773 4320 984 4382 gratum
1027 4314 1234 4383 piorqu
1276 4316 1472 4373 animis
1502 4317 1577 4382 id,
1607 4319 1751 4390 quod
1799 4335 1828 4375 a
1878 4329 1949 4388 te,
1980 4337 2013 4378 ο
2041 4324 2125 4380 vir

543 4402 778 4471 egregie,
818 4402 1124 4473 innovatur,
1146 4421 1248 4476 ego
1292 4407 1369 4462 illi
1397 4408 1651 4475 dixerim,
1683 4426 1782 4466 cur
1820 4427 1926 4468 non
1957 4414 2027 4470 ab
2055 4430 2120 4471 eo

2239 2206 2320 2260 θοῑ
2368 2207 2726 2276 κεκραμένον,
2771 2205 3015 2277 λυπηρὸν
3044 2207 3173 2279 δόξῃ
3206 2206 3299 2261 καὶ
3332 2205 3587 2276 καθαρῶς
3618 2205 3816 2276 βίαιον,

2234 2297 2301 2349 ὲκ
2361 2297 2454 2350 τοῦ
2500 2295 2693 2367 καιροῦ
2758 2297 2921 2367 μόνου
2976 2295 3075 2368 τὴν
3142 2296 3297 2368 ίσχὺν
3341 2295 3563 2364 εἰληφὸς
3596 2334 3613 2359 ,
3683 2295 3815 2365 μήτ’

2236 2383 2303 2443 αὖ
2340 2386 2502 2442 πάλιν
2524 2387 2585 2442 τὸ
2618 2380 2829 2441 πείθειν
2853 2386 3058 2458 ἔρημον
3099 2385 3421 2451 δυναστείας
3457 2386 3814 2457 ὑπολειφθὲν,

2234 2479 2459 2542 ἀσθενὲς
2487 2478 2595 2551 εἵη,
2626 2479 2723 2533 καὶ
2748 2478 2924 2551 μικρά
2951 2478 3046 2532 καὶ
3078 2477 3228 2549 παρά
3260 2481 3478 2550 μικροῖς
3504 2477 3691 2535 ἀνύειν
3720 2478 3815 2533 δυο

2236 2570 2490 2640 νάμενον.

2305 2748 2415 2821 με’.
2462 2750 2742 2806 Ἐντεῦθεν
2768 2750 2894 2815 τοὺς
2926 2750 3027 2822 μὲν
3059 2751 3311 2816 ἀπειλαῖς
3340 2753 3435 2807 καὶ
3465 2754 3809 2824 ύπερορίαις,

2231 2843 2356 2904 τοὺς
2377 2842 2434 2895 δὲ
2454 2844 2644 2912 τιμαῖς
2666 2845 2757 2897 καὶ
2789 2843 3099 2908 κολακείαις
3125 2844 3234 2897 τῶν
3272 2846 3590 2900 ἐπισκόπων
3621 2847 3812 2919 ὑπῄει,

2230 2936 2311 2991 ἔτι
2333 2935 2392 2989 δὲ
2424 2934 2518 2999 οὒς
2564 2936 2657 2990 καὶ
2682 2937 2962 3008 χρήμασιν
3012 2938 3395 3001 ὑποκλέπτειν,
3427 2939 3523 2992 καὶ
3551 2939 3611 2992 τὸ
3641 2939 3810 2993 αὑτοῦ

2230 3027 2399 3083 κακὸν
2421 3029 2515 3082 καὶ
2541 3027 2721 3082 ἄλλων
2743 3031 2920 3082 ποιεῖν
2950 3028 3202 3095 ἔσπευδε,
3236 3031 3330 3083 καὶ
3358 3031 3456 3100 τῆς
3506 3032 3663 3086 νόσου
3704 3051 3809 3104 μει⁴

2227 3116 2521 3183 ταδιδόναι,
2555 3111 2643 3173 οἶά
2672 3135 2756 3181 τις
2786 3119 3065 3189 Πρωτεὺς,
3090 3118 3164 3180 ὡς
3191 3118 3257 3172 τὰ
3301 3118 3570 3189 Ἑλλήνων
3618 3123 3811 3189 φασὶν,

2229 3214 2590 3280 ἐξαλλάττων,
2626 3214 2723 3268 καὶ
2772 3213 3014 3275 ποικίλος
3053 3212 3153 3283 τὴν
3211 3211 3436 3282 γνώμην
3481 3212 3674 3282 ὥσπερ
3710 3214 3812 3286 τὴν

2226 3305 2349 3376 ὄψιν
2378 3306 2584 3367 ἐκεῖνος
2608 3303 2911 3372 γινόμενος.
2958 3301 3082 3355 Ἐπὶ
3105 3303 3240 3356 πᾶσι
3266 3303 3445 3355 τοίνυν
3475 3304 3572 3357 καὶ
3604 3303 3684 3374 τῷ
3715 3322 3812 3374 με⁴⁵

2226 3398 2378 3468 γάλῳ
2430 3395 2606 3467 τούτῳ
2652 3394 2847 3465 πύργῳ
2902 3393 3254 3463 προσϐάλλει.
3276 3394 3389 3447 Καὶ
3420 3386 3481 3447 ab
3504 3395 3811 3465 μηχάνημα

2227 3489 2427 3560 χρυσὸς
2453 3484 2544 3558 ἦν,
2568 3487 2771 3559 χρυσὸς
2798 3486 2900 3540 οὐκ
2923 3486 3127 3554 ὀλίγος,
3152 3486 3294 3539 ὥστε
3319 3487 3413 3540 καὶ
3437 3488 3805 3558 παροφθῆναι,

2225 3579 2364 3635 ἀλλά
2383 3580 2478 3633 καὶ
2498 3580 2576 3643 είς
2593 3578 2903 3648 τριάκοντα,
2920 3577 3085 3648 φημὶ,
3105 3577 3294 3649 λίτρας
3311 3579 3769 3653 παρατεινὸμενος
3791 3596 3805 3611 ·

2229 3675 2325 3729 καὶ
2353 3675 2386 3744 ἠ
2420 3673 2598 3745 δωρεά
2625 3672 2688 3726 οὗ
2741 3670 2922 3741 δωρεά
2969 3670 3191 3740 γυμνῶς
3214 3686 3274 3724 τε
3309 3671 3402 3725 καὶ
3454 3670 3799 3733 ἀκαλύπτως,

2227 3764 2317 3821 ἵνα
2344 3764 2420 3836 μὴ
2446 3765 2512 3819 δι’
2540 3765 2794 3829 ὑπονοίας
2838 3763 3038 3835 εχουσα
3076 3764 3138 3817 τὸ
3185 3763 3506 3836 φιλόχρυσον
3539 3753 3801 3835 ἀπρόσδιυ

2227 3873 2356 3921 κτος
2389 3856 2573 3928 μείνῃ,
2607 3855 2742 3911 ἀλλά
2791 3855 2885 3910 καὶ
2938 3854 3211 3927 πρόφασις
3249 3857 3558 3927 ἐπέκρυπτε
3602 3856 3805 3926 ταύτην

2225 3949 2582 4021 εὐπρόσωπος
2606 3947 2702 4002 καὶ
2726 3946 2928 4017 πιθανὴ
2958 3946 3100 4009 λίαν,
3131 3948 3181 4000 oi
3209 3947 3439 4019 πένητες
3489 3946 3585 4003 καὶ
3614 3950 3647 4019 ἡ
3674 3948 3808 4018 περὶ

2224 4040 2680 4105 τοῦςνοσοῦντας
2709 4039 2816 4092 τῶν
2842 4038 3087 4108 ἀδελφῶν
3113 4039 3416 4104 εὐδάπανος
3451 4041 3631 4111 χρεία.
3674 4042 3805 4095 Τοι-

2225 4134 2402 4197 ούτοις
2426 4133 2683 4204 ἐπειρᾶτο
2716 4130 2935 4185 δουλοῢν
2965 4129 3056 4184 τὸν
3084 4129 3392 4202 ἐλεύθερον.
3416 4133 3529 4187 Καὶ
3558 4135 3607 4187 εί
3640 4133 3807 4187 καλὸν

2225 4222 2312 4293 εἴη
2343 4222 2439 4276 καὶ
2461 4222 2697 4293 ἀρέσκον
2756 4221 3022 4292 φιλοθέων
3055 4221 3255 4293 ψυχαῖς
3284 4223 3343 4276 τὸ
3373 4223 3477 4277 ύπδ
3509 4223 3628 4290 σοῦ,
3676 4234 3806 4292 γεν-

2224 4317 2361 4380 ναῖε,
2400 4313 2912 4385 καινοτομούμενον,
2949 4315 3117 4385 φαίην
3145 4315 3214 4369 ἂν
3242 4316 3381 4386 πρὸς
3416 4315 3601 4382 αὐτὸν,
3631 4316 3685 4370 τί
3726 4318 3805 4390 μὴ

2222 4406 2320 4477 ἐᾷς
2357 4405 2582 4460 αὐτόθεν
2629 4405 2808 4459 ἕλκειν
2845 4408 2972 4470 τοὺς
3008 4407 3272 4476 ἐραστὰς,
3312 4408 3408 4463 καὶ
3461 4409 3578 4480 ίδίῳ
3612 4410 3803 4464 κάλλει

544 4494 663 4562 ipso
685 4494 819 4550 sinis
850 4496 987 4580 trahi
1016 4508 1307 4565 amatores,
1335 4509 1389 4556 et
1424 4503 1640 4570 propria
1689 4504 1832 4560 vinci
1881 4490 2122 4576 pulchri-

2227 4496 2543 4567 χειροῦσθαι
2594 4497 2722 4560 τοὺς
2754 4497 3097 4566 φιλοκάλους,
3141 4498 3279 4553 ἀλλά
3341 4500 3616 4573 χρήμασιν
3665 4501 3804 4556 αὐτὸ

545 4586 728 4643 tudine
742 4602 837 4643 eos
865 4589 955 4660 qui
982 4599 1109 4646 sunt
1140 4590 1357 4662 pulchri
1385 4603 1693 4661 amatores;
1726 4597 1823 4652 sed
1863 4598 1916 4653 id
1955 4613 2121 4668 pecu-

542 4679 649 4733 niis
676 4695 840 4736 omas
867 4692 923 4736 et.
954 4684 1292 4766 muneribus,
1356 4686 1498 4754 quod
1533 4686 1670 4741 solet
1720 4688 1836 4744 ﬁeri
1871 4690 2120 4760 turpibus

539 4773 595 4818 et
618 4765 965 4838 deformibus,
1009 4778 1069 4824 ut
1095 4783 1218 4840 quae
1247 4771 1357 4827 sint
1394 4771 1570 4827 aliena
1599 4784 1917 4833 ornamenta
1944 4786 2001 4834 et
2025 4793 2116 4834 ar-

541 4855 704 4913 tiﬁcia
727 4857 751 4912 τ

607 4997 654 5028 ’³
683 4996 920 5066 Isa,t.tx,
952 4999 1005 5055 ι.
1082 5003 1130 5035 ³³
1156 4998 1452 5070 lsa.uxu,
1482 5000 1539 5060 6.

609 5154 723 5234 (g7)
751 5156 920 5234 _Anno
950 5157 1176 5234 imperii
1200 5161 1272 5234 ξ,
1293 5159 1497 5234 Christi
1535 5159 1669 5234 492,
1700 5162 2114 5234 chirographum

530 5226 893 5305 professionis
946 5227 1167 5305 Μελ-οὶ)
1200 5226 1501 5305 Euphemio
1547 5226 1893 5305 sibijestitu'i
1924 5226 2113 5305 jussit.

529 5296 607 5350 ita
635 5297 912 5353 Cedreous
944 5306 1000 5353 et
1039 5295 1360 5355 Theodorus
1403 5299 1600 5357 Lector
1634 5295 1943 5358 ϐοηθείαιιῖ
1977 5303 2010 5354 Ι.
2047 5318 2107 5356 ιι.

533 5362 667 5420 Dein
725 5367 951 5443 liberum
988 5369 1183 5443 cuique
1206 5370 1333 5443 fecit
1355 5383 1515 5441 quam
1548 5371 1711 5428 vellet
1742 5373 1999 5443 amplecti
2020 5386 2112 5427 se-

534 5443 699 5506 ctam.
734 5437 990 5506 Evagrins
1023 5439 1156 5502 Lm,
1189 5456 1237 5496 c.
1273 5440 1365 5495 50.

610 5504 724 5580 (28)
754 5504 1207 5580 Concordat_ms.
1259 5508 1528 5580 Graecum,
1555 5513 1668 5574 τοῖς
1716 5511 1883 5580 ἱεροῖς
1910 5510 2018 5564 τῶν
2050 5511 2110 5565 ὲν

537 5573 744 5650 Necan
765 5576 1174 5650 IiaréptovLSed
1194 5579 1479 5650 utrobique
1496 5573 1747 5635 mendum
1769 5573 1788 5633 Ξ
1814 5573 2124 5650 legendum,

2228 4590 2323 4644 καὶ
2350 4589 2577 4660 δωρεαῖς
2610 4588 2924 4661 περιστέλλε
2935 4604 2983 4654 ις
3001 4627 3018 4655 ,
3040 4587 3071 4642 δ
3107 4588 3235 4658 περὶ
3257 4592 3355 4655 τὰς
3395 4591 3677 4663 ἀμόρφους
3705 4593 3803 4647 καὶ

2225 4690 2478 4754 ἁκαλλεῖς
2506 4690 2772 4758 ποιοῦσιν,
2827 4681 3130 4762 ἀλλοτρίοις
3161 4686 3480 4758 κοσμήμασι
3532 4682 3627 4737 καὶ
3668 4698 3799 4755 τεχ-

2221 4781 2467 4854 νάσμασι
2487 4798 2503 4848 ;

2214 5161 2443 5240 {cannis
2493 5155 2704 5240 Camilli
2741 5162 2877 5240 Boni
2907 5163 3026 5240 n._2
3047 5172 3101 5219 et
3119 5162 3187 5240 _in_
3226 5159 3344 5240 Vita
3372 5156 3432 5240 8ε
3468 5152 3786 5240 Agathonis.

2213 5233 2493 5307 cedi-enus
2519 5232 3072 5307 scribit_Anastasium
3114 5232 3283 5307 fuisse
3308 5230 3362 5283 in
3414 5225 3607 5307 heresi
3640 5225 3787 5307 Δίες-ς

2251 5302 2518 5374 balorum,
2557 5314 2655 5357 seu
2704 5300 3122 5374 Syuchytarum.
3184 5302 3319 5374 {tota
3361 5297 3525 5374 etiam
3566 5294 3785 5374 concilii

2236 5364 2665 5427 :halcedonensis
2693 5364 3001 5426 autheu'tica
3058 5380 3114 5426 et
3162 5369 3322 5424 altari
3348 5368 3526 5422 ablata
3566 5364 3789 5421 consci-

2209 5441 2355 5511 disse
2396 5449 2556 5509 atque
2582 5441 2691 5511 igni
2716 5440 3004 5496 tradidisse
3029 5441 3190 5498 docet
3213 5435 3550 5508 Nioephorus
3576 5434 3615 5489 l.
3659 5448 3781 5500 ut.

2208 5524 2258 5566 θ’
2436 5578 2510 5632 ita
2539 5553 2673 5647 pulsi
2705 5579 2757 5633 in
2780 5578 3028 5647 exsilium
3053 5578 3376 5647 patriarchae
3398 5572 3785 5630 Constantino-

547 5642 817 5720 t_Patr'um
870 5642 961 5716 qui
1008 5644 1347 5705 Chalcedone
1394 5642 1643 5715 luerunt,
1694 5668 1716 5702 ι
1755 5660 1817 5705 ιιι
1843 5642 2126 5720 εἷιιιιιειιιὶιι
2227 5642 2448 5720 politam
2485 5642 2811 5720 Euphemius
2851 5658 2906 5720 et
2938 5642 3309 5720 Macedonius;
3336 5660 3572 5720 quam"!
3599 5652 3783 5720 spelit-

542 5711 622 5763 det
643 5714 833 5767 laraut.

621 5781 730 5851 (29)
794 5782 867 5838 Ds
911 5784 1192 5853 Acephalis
1224 5799 1402 5845 actum
1454 5791 1515 5845 l0
1558 5788 1789 5846 Januar.
1818 5790 1872 5846 in
1909 5788 2031 5845 Vita
2063 5789 2121 5844 S.

2230 5709 2399 5781 iores,
2447 5709 2661 5783 exsilio,
2684 5718 3035 5785 relegatione,
3065 5709 3495 5773 accttsatiou'ibus
3554 5709 3781 5782 iniquis,

2228 5798 2320 5845 aut
2341 5789 2599 5844 bonorum
2623 5788 2987 5855 publicatione
3003 5787 3183 5845 amicti
3214 5796 3359 5843 sunt.
