4152 6404
458 348 565 416 bl?

1449 336 1623 403 VITA
1663 342 1723 402 S.
1765 340 2180 402 TIIEODOSII
2222 340 2823 405 C(EXOBMRCILE.

3620 349 3727 412 liis

527 459 643 533 μη’.
682 458 845 520 Γνοὺς
868 456 962 512 οὖν
992 457 1022 510 ό
1047 455 1224 528 μέγας
1245 453 1306 510 τὸ
1336 454 1443 509 ὑπὸ
1473 456 1571 526 τῆς
1597 456 1801 527 μικρᾶς
1823 456 2041 523 ἐκείνης

2217 457 2307 511 48.
2368 450 2660 528 (Ζιιιιῐθι-εο
2710 458 3053 529 cognovisset
3100 460 3189 516 ille
3223 476 3448 534 magnus
3486 461 3538 518 id
3581 466 3723 534 quod

451 557 549 610 καὶ
573 550 748 625 μικρά
772 548 1079 619 φρονούσης
1103 547 1285 621 ψυχῆς
1316 548 1565 619 ματαίως
1588 549 1713 603 κατ’
1742 547 1906 602 αὑτοῦ
1947 566 2045 618 με-

450 641 789 708 λετώμενον,
819 638 980 692 τοῦτο
1012 639 1077 709 δὴ
1106 638 1168 692 τὸ
1196 636 1294 692 τοῦ
1315 637 1479 706 λόγου
1510 638 1669 702 ἀετὸς
1694 631 1763 710 ἦν
1790 639 1851 692 ἐν
1879 640 2040 707 νεφέ-

450 736 572 798 λαις
596 734 841 802 ἄληπτος
874 729 969 783 καὶ
996 728 1319 801 ἀχείρωτος,
1344 730 1545 799 μᾶλλον
1576 729 1634 783 δὲ
1657 730 1752 784 καὶ
1780 728 2041 800 αίροῦντα

447 828 622 900 αἱρεῖ,
660 825 754 877 τὸν
780 822 1001 892 δοκήσει
1042 824 1182 894 μόνῃ
1212 824 1335 884 ταῖς
1364 821 1668 893 ἀληθείαις.
1700 820 1773 874 Τὸ
1804 821 1903 890 μὲν
1932 819 2042 892 γὰρ

446 917 678 990 χρυσίον
735 914 838 968 οὐκ
888 912 1213 979 ἀπωθεῖται,
1272 914 1488 984 μήποτε
1541 913 1638 967 καὶ
1677 907 1807 984 δόξῃ
1858 914 2038 982 μάτην

448 1006 728 1070 ὑπονοεῖν,
761 1005 862 1058 καὶ
915 1001 1216 1061 σκανδάλου
1253 1004 1534 1075 παράσχοι
1564 1004 1687 1057 τινὰ
1741 1002 2037 1075 πρόφασιν,

444 1096 610 1169 διπλῆ
640 1098 698 1150 δὲ
737 1096 933 1167 ζημιοῖ
971 1096 1062 1150 τὸν
1113 1095 1393 1166 πολέμιον,
1428 1092 1545 1166 ἅμα
1592 1096 1690 1166 μὲν
1743 1086 2040 1165 χρημάτων

443 1188 772 1260 ἀποστερῶν
800 1188 895 1240 καὶ
937 1185 1114 1249 ἄλλως
1165 1187 1576 1257 φιλοχρήματον
1630 1183 1782 1251 ὄντα,
1821 1185 1936 1255 ἅμα
1982 1185 2039 1239 δὲ

444 1282 544 1335 καὶ
583 1281 685 1344 τὰς
749 1279 976 1343 ἐλπίδας
1010 1273 1098 1342 αἷς
1141 1279 1410 1350 ἐπωχεῖτο
1466 1278 1702 1348 ματαίας
1741 1279 1834 1332 καὶ
1876 1275 2039 1341 κενάς

445 1374 781 1438 ἀποδείξεις,
820 1371 914 1425 καὶ
939 1371 1094 1425 οὐδὲν
1134 1372 1268 1443 πρὸς
1295 1372 1386 1424 τὸν
1417 1372 1621 1424 σκοπὶν
1649 1368 1881 1441 ἐχούσας
1911 1370 2041 1423 ἀκό-

447 1465 674 1519 λουθονο
714 1462 832 1516 ἀλλ’
865 1462 925 1516 ὃν
967 1462 1113 1533 ἔχειν
1140 1463 1197 1515 ὲν
1247 1462 1438 1526 πέδαις
1478 1462 1581 1534 ἤδη
1634 1462 1827 1517 λέοντα
1876 1460 2035 1533 ᾤετο,

457 1554 643 1612 τοῦτον
673 1552 794 1609 κατ’
816 1553 985 1609 αὐτοῦ
1010 1553 1322 1624 θερμότατα
1351 1554 1649 1624 διεγείρας,
1674 1555 1767 1607 καὶ
1785 1553 2037 1624 λαμπρὸς

466 1650 654 1720 φανεὶς
695 1648 752 1703 τδ
787 1648 888 1718 τῆς
922 1646 1250 1717 παροιμίας,
1300 1646 1382 1700 ὅτι
1419 1645 1556 1716 πρὸς
1602 1645 1792 1699 λέοντα
1838 1645 2037 1715 δορκὰς

432 1764 435 1765 ν
465 1743 645 1814 μάχης
686 1741 908 1811 ἥπτετο.
952 1732 1041 1802 Ὦς
1076 1738 1197 1809 γάρ’
1231 1737 1336 1809 ἥδη
1376 1739 1469 1792 καὶ
1527 1739 1555 1791 ὀ
1599 1736 1790 1809 καιρὸς
1821 1738 2034 1809 ἐνέστη.

456 1835 705 1896 κάκεῖνος
725 1828 924 1905 ἀπῄτει
951 1831 1045 1885 καὶ
1072 1826 1203 1900 παρ’
1245 1828 1411 1884 αὑτοῦ
1448 1830 1549 1901 τὴν
1596 1828 1911 1900 ὁμολογίαν,
1947 1830 2039 1884 καὶ

452 1925 809 1996 παρέστησαν
834 1925 885 1976 οί
925 1922 1018 1976 ἐπὶ
1049 1923 1224 1993 τούτῳ
1275 1921 1642 1992 πεμφθέντες,
1672 1920 1912 1975 ἐνταῦθα
1946 1939 2039 1991 μοι

453 2017 647 2070 σκόπει
680 2016 741 2070 τὸ
799 2012 1054 2088 ἀνδρικὸν
1085 2013 1253 2068 αὐτοῦ
1310 2015 1410 2083 τῆς
1438 2011 1615 2084 ψυχῆς
1642 2013 1739 2067 καὶ
1769 2016 2035 2082 γενναῖον.

451 2105 785 2177 Συναγαγὼν
817 2105 928 2177 γὰρ
957 2104 1095 2175 ἐμοῦ
1125 2105 1335 2169 πάντας
1364 2104 1491 2168 τοὺς
1551 2104 1650 2173 τῆς
1678 2105 1892 2176 ἐρήμου
1945 2121 2042 2158 πο-

450 2198 630 2266 λίτας,
656 2201 751 2255 καὶ
781 2200 975 2273 καιρὶν
1004 2193 1144 2251 εἶναι
1179 2197 1351 2251 είπὼν
1382 2198 1442 2250 τ’)
1481 2196 1821 2267 προφητικὸν
1864 2196 2042 2250 ἐκεῖνο

452 2294 633 2363 πέρας
657 2291 800 2363 ἔχειν
828 2289 1222 2363 παράγγελμα,
1247 2289 1276 2343 ὃ
1309 2289 1397 2343 τὶν
1438 2287 1613 2360 πρᾶον
1637 2286 1848 2342 κελεύει
1888 2290 2045 2357 γενέ-

455 2384 584 2437 σθαι
616 2383 889 2454 μαχητὴν,
933 2383 1029 2436 καὶ
1055 2381 1194 2453 πρὸς
1220 2381 1349 2444 τοὺς
1382 2381 1482 2451 τῆς
1504 2378 1788 2443 εὐσεϐείας
1813 2379 2039 2449 ἀλείψας

451 2476 703 2544 ἀγῶνας,
729 2474 891 2536 αὐτὸς
917 2471 1249 2543 στρατηγὸς,
1286 2470 1450 2534 αὐτὸς
1486 2470 1846 2544 στρατιώτης,
1874 2468 2040 2532 αὐτὸς

452 2566 718 2637 ἀριστεὺς
744 2566 803 2617 ὲν
832 2564 968 2617 πᾶσι
991 2561 1207 2634 πρῶτος
1236 2561 1531 2626 ἐδείκνυτο,
1554 2560 1653 2615 καὶ
1674 2561 1761 2616 διὰ
1783 2563 2046 2633 γραμμά-

454 2672 570 2711 των
599 2656 678 2727 τῷ
714 2656 922 2728 βασιλεῖ
946 2654 1333 2708 συνεπλέκετο.
1358 2654 1470 2708 Καὶ
1492 2654 1686 2726 ἥδιστα
1720 2655 1818 2727 μὲν
1849 2657 1915 2710 ἂν
1949 2656 2046 2710 καὶ

454 2750 572 2803 τῶν
595 2747 925 2813 ἀποδείξεων
946 2747 1125 2801 αὐτῶν
1160 2746 1390 2801 ἐκείνων
1411 2746 1926 2818 ἐμνημονεύσαμεν,
1955 2743 2044 2812 αἷς

453 2838 744 2902 Θεοδόσιος
775 2838 921 2907 σαφῆ
958 2836 1229 2908 φλυαρίαν
1258 2836 1326 2891 τὰ
1383 2838 1718 2909 ἰσχυρότατα
1750 2840 1829 2911 τῷ
1866 2839 2045 2895 δοκεῖν

451 2932 570 2987 τῶν
622 2930 1042 3004 προϐληθέντων
1080 2928 1365 2995 ἀπέδειξε·
1397 2929 1492 2983 τοῦ
1564 2930 1775 3002 μήκους
1807 2932 1863 2985 δὲ
1884 2932 2047 3003 χάριν

457 3028 557 3080 καὶ
585 3024 655 3080 τά
678 3024 773 3078 νῦν
813 3022 1202 3095 στοχαζόμενοι
1256 3022 1492 3092 (πολλῶν
1515 3024 1623 3095 γάρ
1642 3024 1709 3077 ἂν
1738 3024 1925 3095 ἐδέησε
1954 3025 2049 3079 καὶ

2150 548 2311 604 liebat
2338 551 2406 603 ab
2428 550 2514 603 illa
2541 551 2736 621 pusilla
2764 560 2814 605 et
2843 553 3270 620 abiectaanima,
3303 564 3503 612 temere
3531 561 3726 613 adver-

2147 657 2242 697 sus
2268 657 2327 697 se
2358 644 2663 712 comparari
2691 682 2707 709 ,
2737 654 2877 711 erat,
2911 655 2971 701 ut
3012 646 3170 718 vulgo
3213 647 3435 712 dicitur,
3468 649 3645 717 aquila
3670 650 3724 703 in

2145 734 2399 801 nubibus,
2428 744 2486 789 ut
2512 734 2604 804 qui
2639 749 2738 790 nec
2765 746 2947 807 posset
2980 738 3097 806 capi
3123 754 3220 793 nec
3244 739 3385 794 vinci
3409 758 3426 807 ;
3453 740 3548 795 sed
3571 755 3725 795 reve-

2144 839 2203 879 ra
2257 826 2437 893 potius
2484 840 2609 880 eum
2639 828 2808 892 capit,
2861 828 2952 895 qui
3004 828 3315 884 simulabat.
3364 828 3499 884 Nam
3531 847 3723 884 aurum

2142 916 2358 986 quidem
2391 933 2494 973 non
2539 919 2773 987 repellit,
2798 934 2863 972 ne
2892 919 3033 972 [οι-ιο
3075 920 3346 973 videretur
3383 930 3583 978 temere
3608 938 3725 976 sus-

2144 1006 2335 1075 pirari,
2367 1018 2421 1062 et
2454 1008 2777 1064 ollensionis
2796 1008 3032 1078 aliquam
3055 1009 3320 1080 praeberet
3345 1014 3689 1067 occasionem
3723 1031 3736 1067 ;

2141 1100 2237 1153 sccl
2267 1099 2461 1167 duplici
2495 1099 2865 1157 daInanHicit
2885 1101 3288 1167 adversarium,
3316 1102 3474 1158 simul
3505 1106 3724 1173 quidem

2144 1190 2363 1257 privans
2421 1189 2690 1255 pecuniis,
2743 1206 2863 1245 cum
2890 1199 3035 1249 esset
3067 1193 3266 1263 alioqui
3302 1208 3518 1259 avarus,
3565 1206 3619 1249 et
3654 1195 3737 1247 si-

2142 1277 2250 1331 mul
2292 1280 2452 1334 etiam
2482 1294 2634 1349 spem
2667 1298 2860 1338 vanam
2904 1294 2959 1339 et
2988 1285 3205 1341 inanem
3260 1287 3577 1357 ostendens,
3595 1288 3722 1359 'qua

2141 1370 2463 1439 ducebatur,
2491 1383 2544 1428 ct
2570 1390 2692 1443 quae
2721 1374 2857 1429 nihil
2902 1377 3135 1433 habebat
3163 1380 3228 1432 ad
3260 1394 3481 1447 scopum
3517 1380 3725 1446 pertin-
3774 1426 3777 1431 .

2141 1478 2295 1531 gens.
2331 1461 2436 1516 Sed
2466 1479 2623 1533 quem
2652 1462 2865 1521 leonem
2889 1460 3241 1521 existimabat
3269 1483 3328 1522 se
3367 1467 3483 1535 jam
3526 1469 3730 1522 habere

2143 1553 2194 1606 in
2227 1553 2453 1623 pedicis,
2486 1569 2608 1608 eum
2642 1570 2762 1608 eum
2786 1556 2839 1608 in
2880 1570 2939 1611 se
2961 1558 3291 1613 concitasset
3312 1554 3731 1612 vehementissi-

2142 1662 2250 1712 me,
2301 1647 2563 1716 praeclare
2617 1650 2877 1715 ostendit,
2935 1661 2993 1704 ut
3049 1661 3133 1705 est
3181 1653 3233 1705 in
3295 1652 3605 1723 proverbio,
3644 1658 3734 1708 ca‘

2146 1754 2330 1808 prcam
2368 1739 2556 1795 iniisse
2596 1756 2827 1812 pugnam
2872 1744 3134 1798 adversus
3186 1743 3418 1799 leonem.
3442 1743 3574 1798 Nam
3602 1762 3726 1799 cum

2142 1832 2256 1902 jam
2285 1841 2496 1901 tempus
2536 1835 2872 1901 advenisset,
2899 1842 2956 1889 et
3006 1835 3096 1888 ille
3121 1836 3188 1889 ab
3232 1850 3296 1890 eo
3329 1835 3571 1905 petiisset
3597 1851 3730 1892 con-

2145 1921 2461 1986 fessionem,
2500 1932 2555 1976 et
2594 1924 2846 1978 adessent
2875 1923 2966 1995 qui
3015 1940 3078 1979 ea
3115 1926 3183 1980 de
3213 1940 3374 1980 causa
3418 1926 3568 1981 missi
3616 1924 3731 1982 fne-

2144 2024 2287 2082 rant,
2317 2015 2406 2070 hic
2443 2016 2573 2070 mihi
2607 2017 2889 2070 considera
2907 2014 3023 2084 ejus
3045 2017 3210 2071 animi
3243 2019 3497 2073 virtutem
3536 2031 3589 2074 et
3621 2013 3731 2072 ior-

2150 2108 2457 2162 titudinem.
2526 2107 2657 2163 Nam
2708 2124 2829 2164 cum
2877 2122 3070 2164 omnes
3119 2106 3281 2164 simul
3342 2119 3730 2182 congregasset

2144 2201 2290 2256 cives
2325 2199 2656 2265 solitudinis,
2691 2211 2745 2255 et
2780 2200 3007 2254 dixisset
3037 2214 3156 2255 esse
3216 2212 3426 2272 tempus
3458 2212 3514 2256 ut
3564 2199 3725 2255 linem

2148 2294 2420 2364 acciperet
2472 2293 2673 2347 dictum
2731 2292 2860 2347 illud
2915 2294 3313 2363 praphetieum,
3373 2295 3516 2364 quod
3575 2290 3733 2364 jubet

2149 2382 2335 2436 mitem
2359 2380 2477 2436 ﬁeri
2510 2391 2886 2451 pugnatorem,
2927 2393 2986 2438 et
3010 2400 3105 2439 eos
3135 2384 3479 2439 instruxisset
3523 2387 3587 2437 ad
3617 2400 3734 2440 sus-

2148 2473 2398 2543 cipienda
2450 2488 2549 2543 pro
2589 2473 2788 2544 pietate
2833 2477 3132 2529 certamina
3159 2516 3173 2539 ,
3231 2492 3291 2531 se
3335 2476 3574 2530 ostendit
3611 2488 3735 2530 esse

2150 2570 2366 2634 ducem,
2389 2583 2447 2623 se
2467 2566 2714 2635 militem,
2750 2585 2808 2625 se
2841 2559 3011 2624 virum
3038 2578 3318 2624 strenuum
3355 2580 3405 2622 et
3428 2567 3644 2629 fortem,
3677 2576 3737 2621 et

2148 2660 2391 2730 primum
2434 2661 2485 2713 in
2500 2659 2773 2724 omnibus,
2794 2671 2847 2715 et
2877 2675 2998 2715 cum
3029 2659 3352 2730 imperatore
3388 2674 3483 2727 per
3520 2657 3735 2714 litteras

2147 2759 2234 2807 est
2255 2766 2601 2822 congressus.
2629 2749 3069 2807 Etlibentissime
3102 2750 3318 2820 quidem
3359 2750 3731 2803 uteminissem

2151 2841 2368 2896 illarum
2421 2840 2660 2912 ipsarum
2718 2844 3124 2912 probationum,
3166 2840 3363 2910 quibus
3395 2837 3734 2894 Theodosius

2149 2945 2364 3003 apertas
2422 2951 2595 3005 nugas
2651 2952 2768 2989 esse
2798 2937 3034 2988 ostendit
3063 2952 3148 3001 ea,
3195 2946 3313 3004 quae
3342 2948 3406 2985 ex
3443 2932 3735 3001 propositis

2153 3027 2471 3082 videbantur
2490 3041 2609 3083 esse
2626 3024 2978 3090 validissima;
2994 3025 3085 3079 sed
3105 3035 3325 3095 propter
3341 3023 3729 3093 prolixitatem,

456 3117 665 3189 χειρῶν
694 3117 790 3170 καὶ
828 3115 1073 3187 βίϐλων),
1109 3114 1209 3185 τῆς
1240 3114 1334 3168 ἐπὶ
1361 3113 1504 3168 τέλει
1540 3115 1711 3185 μόνης
1736 3116 2043 3188 παρρησίας

2152 3126 2207 3172 et
2229 3132 2292 3173 ea
2327 3126 2603 3188 spectans,
2637 3117 2702 3174 de
2731 3120 2927 3188 quibus
2952 3121 3129 3187 agitur
3174 3116 3226 3170 in
3255 3115 3539 3184 praesentia
3566 3112 3732 3184 (mul—

456 3208 970 3279 ὲπιμνησθὴσομαι.
1008 3205 1179 3274 Δῆλον
1244 3205 1355 3277 γάρ
1406 3205 1504 3259 καὶ
1554 3204 1729 3268 οὕτως
1777 3205 1933 3260 ἔσται
1978 3207 2048 3259 δι’

456 3303 643 3370 ὀλίγου
672 3301 734 3353 τὸ
763 3298 861 3353 τοῦ
884 3298 1079 3369 ἀνδρὸς
1099 3296 1386 3369 ἐλεύθερόν
1415 3308 1475 3352 τε
1502 3297 1599 3352 καὶ
1645 3297 2044 3357 ἀταπείνωτον.

457 3392 587 3465 Εἶχε
623 3393 680 3446 δὲ
708 3386 816 3447 ὦδε
842 3391 910 3445 τά
938 3389 1320 3462 γεγραμμένα.

2151 3210 2221 3265 tis
2246 3210 2398 3264 enim
2430 3209 2678 3266 manibus
2723 3224 2858 3278 Opus
2888 3219 3030 3264 esset
3057 3218 3110 3263 et
3140 3207 3313 3276 libris)
3342 3205 3516 3261 solum
3541 3203 3737 3258 memi-

2148 3318 2281 3359 nero
2313 3301 2431 3371 ejus
2462 3303 2673 3359 dicendi
2727 3301 3017 3364 libertatis,
3045 3315 3151 3371 qua
3212 3313 3341 3353 usus
3375 3306 3458 3352 est
3497 3297 3552 3351 in
3600 3298 3730 3351 line.

2149 3388 2243 3446 Sic
2264 3390 2408 3444 enim
2428 3390 2615 3458 paucis
2637 3390 2974 3457 ostendetur,
3010 3405 3172 3459 quant
3213 3398 3360 3443 esset
3391 3386 3555 3441 homo
3576 3387 3735 3455 liber,

2147 3487 2203 3533 et
2223 3479 2313 3549 qui
2352 3494 2690 3550 nequaquam
2725 3480 2881 3549 dejici
2930 3480 3228 3550 deprimive
3258 3486 3492 3550 poterat.
3522 3476 3609 3531 Sic
3638 3491 3739 3530 au-

2150 3578 2257 3626 tem
2285 3570 2485 3628 habent
2513 3585 2600 3639 ea,
2627 3582 2748 3642 qua
2777 3559 2985 3643 Scripta
3016 3576 3163 3627 sunt.

1925 3721 2156 3779 CAPUT
2184 3706 2301 3779 xit.

1164 3842 1406 3915 Epistola
1426 3843 1484 3901 S.
1527 3843 1809 3899 Theodosii
1838 3844 1908 3899 ad
1941 3846 2330 3915 imperatorem,
2369 3857 2420 3901 at
2457 3847 2617 3917 hujus
2656 3863 2978 3916 responsum.

553 3957 656 4029 μ.θῖ
677 3960 772 4015 Δύο
790 3958 901 4015 τῶν
920 3960 1318 4032 προκειμένων
1346 3960 1501 4030 ἡμῖν,
1532 3950 1577 4011 ὦ
1607 3956 1854 4027 βασιλεῦ,
1884 3958 1918 4030 ἢ
1949 3959 2052 4029 ζῇν

481 4054 715 4125 αξσχρῶς
740 4054 838 4108 καὶ
882 4052 1258 4123 ἀνελευθέρως
1287 4056 1399 4118 τοῖς
1441 4050 1759 4122 ’Δκεφάλοις
1807 4067 2053 4105 συναπα-

470 4146 720 4215 χθέντας,
753 4145 787 4217 ἦ
821 4144 1004 4198 θανεῖν
1040 4142 1223 4208 καλῶς
1271 4146 1386 4207 τοῖς
1430 4143 1611 4214 ὀρθοῖς
1654 4140 1761 4196 τῶν
1792 4137 2052 4213 Πατέρων

463 4237 897 4301 ἀκολουθοῦντας
925 4235 1217 4307 δόγμασιν,
1241 4232 1352 4290 ἴσθι
1377 4235 1471 4288 τὸν
1503 4234 1737 4289 θάνατον
1759 4235 1893 4304 ἡμῖν
1909 4227 2051 4287 εἶναι

464 4333 857 4403 προτιμητέον.
896 4330 1163 4384 Τοσοῦτον
1193 4327 1303 4400 γάρ
1325 4329 1523 4400 δέομεν
1550 4330 1664 4391 τοῖς
1685 4330 1894 4391 καινοῖς
1924 4325 2052 4380 τού-

459 4440 582 4485 τοις
617 4421 849 4475 ἔπεσθαι
873 4419 1159 4492 δόγμασιν,
1196 4422 1320 4475 ὅσον
1352 4422 1452 4491 οὐχ
1507 4421 1667 4489 ἡμεῖς
1704 4414 1857 4489 μόνοι
1908 4416 2051 4471 κατά

459 4516 651 4586 χώραν
684 4515 955 4586 μενοῦμεν
982 4516 1094 4576 τοῖς
1126 4510 1464 4583 προλαϐοῦσι
1504 4510 1692 4580 νόμοις
1737 4507 1845 4561 τῶν
1871 4508 2049 4561 Πατέ-

2230 3961 2319 4017 49.
2356 3960 2488 4017 Cum
2541 3957 2652 4033 (51)
2691 3963 2805 4017 lia-c
2842 3962 2950 4016 duo
2985 3960 3095 4015 sint
3151 3960 3305 4014 nobis
3360 3958 3658 4029 proposita,
3702 3972 3739 4011 ο

2159 4054 2474 4125 imperator,
2507 4055 2588 4109 vel
2633 4056 2864 4124 turpiter
2915 4062 2969 4109 et
2996 4048 3333 4108 illiberaliter
3392 4052 3576 4106 vivere
3604 4066 3739 4105 con-

2159 4144 2443 4202 sentiendo
2490 4144 2802 4213 Acephalis,
2857 4145 2940 4200 vel
2996 4145 3220 4199 boneSIe
3264 4143 3400 4198 mori
3460 4144 3742 4211 seqrrendo

2165 4245 2311 4292 recta
2333 4236 2552 4291 Patrum
2580 4237 2866 4307 dogmata;
2896 4237 3036 4292 scito
3091 4243 3322 4290 mortem
3363 4250 3391 4287 a
3435 4234 3590 4288 nobis
3618 4248 3741 4287 esse

2155 4329 2566 4399 praeferendam.
2607 4321 2840 4383 Tantum
2901 4327 3044 4382 enim
3101 4327 3283 4391 abest,
3321 4334 3383 4378 ut
3430 4324 3546 4378 inec
3603 4338 3739 4376 nova

2152 4436 2446 4490 sequamur
2473 4420 2747 4490 dogmata,
2785 4427 2839 4473 ut
2895 4434 3001 4473 non
3038 4418 3213 4472 solum
3249 4417 3303 4471 in
3329 4415 3450 4469 loco
3488 4415 3736 4467 mansuri

2152 4512 2349 4576 simus,
2381 4512 2748 4580 praecedentes
2804 4508 3031 4564 Patrum
3063 4508 3211 4578 leges
3249 4517 3540 4575 sequentes
3574 4520 3590 4567 ;
3646 4506 3740 4558 sed

463 4626 580 4679 ρων
605 4605 949 4676 στοιχοῦντες
970 4619 984 4636 ο
1019 4604 1159 4660 ἀλλὰ
1187 4604 1282 4659 καὶ
1306 4604 1432 4667 τοὺς
1457 4603 1633 4665 ἄλλως
1667 4619 1741 4654 πα
1752 4602 1819 4671 ρά
1874 4600 2043 4654 ταῦτα

2152 4617 2248 4658 eos
2280 4603 2467 4665 etiam,
2499 4601 2591 4670 qni
2621 4608 2818 4671 praeter
2845 4598 2961 4653 ltazc
2989 4591 3743 4660 aliatuerisustinuerint,pie

464 4699 799 4768 πρεσϐεύειν
853 4696 1286 4768 ἀνασχομένους,
1342 4693 1765 4765 ἀποκηρύξομεν
1814 4690 2043 4754 εὐσεϐῶς

2155 4694 2549 4760 abdicabimns,
2594 4700 2649 4747 et
2686 4689 3038 4758 subjiciemus
3086 4686 3464 4743 anathemati:
3497 4685 3591 4740 sed
3640 4699 3741 4738 nec

466 4796 564 4847 καὶ
602 4789 907 4860 ἀναθέματι
959 4785 1479 4857 καθυποδολοῦμεν·
1532 4787 1592 4838 οὐ
1649 4782 1757 4855 μὴν
1787 4780 1927 4836 ἀλλὰ
1959 4780 2043 4835 καὶ

2156 4785 2325 4840 ullum
2359 4800 2440 4854 ex
2480 4783 2775 4855 Acepbalis
2799 4781 3134 4846 ordinatum,
3176 4793 3272 4848 per
3314 4777 3426 4831 vim
3478 4774 3743 4841 suscipie-

463 4880 948 4956 χειροτονούμενόν
1006 4897 1130 4933 τινα
1178 4878 1290 4933 τῶν
1348 4875 1670 4946 ’Δκεφάλων
1730 4873 1867 4945 πρὸς
1934 4871 2043 4944 βίαπ

2159 4893 2298 4934 mus.
2320 4877 2476 4933 Absit
2505 4877 2679 4932 uthoc
2708 4875 2820 4941 ﬁat,
2848 4889 2881 4930 ο
2907 4870 3021 4928 Rex
3046 4866 3298 4927 Christe!
3325 4876 3378 4923 et
3399 4868 3443 4923 si
3464 4864 3571 4920 tale
3609 4865 3740 4934 quid
3812 4930 3815 4933 Α

463 4979 631 5046 ἡμεῖς
657 4975 719 5028 οὐ
756 4971 1200 5046 παραδεξόμεθα.
1232 4969 1387 5041 Μηδὲ
1409 4966 1626 5040 γένοιτό
1664 4983 1819 5032 ποτε,
1850 4963 2043 5037 Χριστέ

2156 4971 2470 5041 contigerit,
2528 4971 2781 5026 veritatis
2811 4969 2978 5023 Deum
3030 4966 3314 5038 praesidem
3352 4970 3639 5027 testantes,
3662 4959 3745 5015 vel

474 5067 733 5133 Βασιλεῦ,
756 5067 862 5121 κᾶν
885 5082 939 5120 τι
957 5061 1201 5119 τοιοῦτον
1233 5062 1438 5133 συμϐῇ,
1460 5061 1553 5113 τὸν
1583 5059 1779 5132 ἔφορον
1806 5058 1906 5127 τῆς
1926 5057 2043 5126 ἀλη-

2162 5065 2341 5135 potius
2360 5063 2511 5117 illum
2542 5062 2716 5131 ipsum
2742 5101 2758 5126 ,
2787 5062 2878 5132 qui
2920 5075 3067 5116 nunc
3099 5059 3167 5114 ab
3196 5057 3333 5127 ipsis
3367 5052 3671 5109 maledictis
3692 5060 3747 5107 et

465 5163 624 5225 θείας
660 5161 795 5215 Θεὸν
829 5159 1085 5232 μάρτυρα
1144 5156 1531 5228 ποιησάμενοι,
1570 5152 1773 5222 μᾶλλον
1806 5146 1864 5203 δὲ
1894 5150 2043 5204 αύτὺη

2162 5153 2499 5226 blasphemis
2527 5153 2823 5224 appetitur,
2853 5165 3026 5222 usque
3055 5149 3120 5204 ad
3144 5202 3149 5211 ,
3171 5147 3493 5216 sanguinem
3522 5144 3748 5199 resiste-

464 5257 681 5311 ἐκεῖνον
705 5255 881 5309 εἰπεῖν
906 5251 999 5307 τὸν
1026 5248 1123 5305 νῦν
1153 5246 1247 5304 ὑπ’
1297 5246 1480 5302 αὐτῶν
1539 5241 2043 5315 βλασφημούμενον1

2166 5260 2287 5301 mus
2324 5263 2339 5298 :
2381 5253 2435 5300 et
2461 5244 2736 5313 quomodo
2770 5257 2868 5313 pro
2905 5241 3112 5313 patria,
3142 5240 3213 5293 ita
3244 5237 3413 5293 multo
3441 5236 3614 5305 magis
3650 5251 3752 5303 pro

468 5349 673 5422 μέχρις
737 5348 971 5421 αἵματος
1029 5338 1498 5412 ἀντικαταστῆναι
1557 5338 1867 5410 θελήσομεν
1892 5351 1908 5367 ⁸
1964 5336 2043 5391 κα⁴

2167 5346 2313 5393 recta
2355 5335 2460 5390 ﬁde
2501 5335 2733 5391 libenter
2779 5334 2988 5389 animas
3045 5330 3472 5404 profundemus,
3528 5326 3749 5422 etiamsi

466 5416 665 5514 ὧσπερ
686 5416 829 5514 me
857 5439 1140 5512 πατρίδος,
1164 5435 1338 5500 οὕτως
1373 5431 1576 5507 μᾶλλον
1597 5432 1738 5503 ὑπὲρ
1756 5431 1856 5501 τῆς
1887 5427 2043 5501 ὀρθῆς

2167 5430 2286 5500 ipsa
2313 5435 2504 5485 sancta
2537 5425 2658 5483 loca
2707 5425 2816 5499 igni
2854 5425 3128 5496 perdenda
3173 5425 3340 5481 visuri
3373 5434 3580 5478 sumus.
3612 5416 3754 5485 Quid

2173 5617 2348 5674 fertur
2395 5632 2425 5673 ε
2456 5617 2693 5674 Baronio
2742 5633 2756 5671 :
2801 5616 2932 5673 licet
2960 5630 3069 5674 non
3093 5624 3327 5683 constet,
3371 5625 3489 5686 quo
3529 5622 3757 5685 quam

544 5628 659 5699 (fil)
697 5627 949 5698 Epistula!
985 5627 1068 5682 ha:
1128 5623 1440 5699 releruntur
1469 5637 1498 5677 a
1535 5619 1786 5699 _lhronio
1839 5616 1911 5699 ad
1960 5632 2054 5699 an.
2173 5617 2348 5674 fertur
2395 5632 2425 5673 a
2456 5617 2693 5699 paronio
2742 5633 2758 5698 ξ

2175 5700 2419 5760 tempore
2453 5690 2614 5747 fuerit
2654 5690 2876 5759 scripta.

468 5689 575 5751 (Δι’.
620 5689 753 5753 5μί
801 5699 1056 5768 Ejusdem
1084 5697 1310 5763 spiritus
1366 5705 1419 5749 et
1467 5693 1567 5748 zeli
1598 5700 1781 5768 gustat
1829 5689 2061 5768 epistola

570 5769 728 5823 Saba:
765 5757 861 5822 ad-
898 5757 1283 5837 ἱιιινινι·ειίοι·ειιι
1315 5781 1433 5834 qua:
1472 5778 1562 5818 an.
1592 5761 1794 5818 Christ.
1828 5757 1931 5815 513
1986 5772 2065 5814 re-
