4152 6404
466 380 575 449 519
1330 380 1371 399 ⁴’

1674 373 1959 435 MENSIS
1997 358 2455 435 JANUABIUS.

3636 367 3746 435 520

459 506 608 560 enim
637 517 775 574 Opus
804 512 925 557 esse
957 498 1074 555 solo
1110 494 1349 558 nomine,
1379 492 1599 564 quando
1631 493 1744 561 ipsa
1769 505 1928 546 saera
1965 506 2052 546 re-

2175 491 2395 553 τίστεως
2421 488 2595 558 ἡδέως
2618 486 2716 551 τὰς
2765 484 2944 556 ψυχὰς
2977 483 3353 556 προησόμεθα,
3394 481 3498 537 κᾶν
3545 486 3748 547 αὐτοὺς

462 615 590 654 τοττι
617 595 924 652 alliciuntur
947 589 1322 647 contumelia?
1374 588 1481 643 Nos
1509 601 1640 657 ergo
1683 585 1797 658 ('52)
1846 599 2051 654 nequa-

461 706 625 762 quam
656 686 1004 743 admittemus
1040 681 1245 753 aliquid
1277 680 1505 746 sentire,
1569 687 1779 732 tantum
1811 677 1965 731 abest
1996 686 2053 730 ut

461 784 667 842 dicere,
703 782 844 848 quod
864 776 1135 844 discrepet
1160 790 1189 828 a
1220 771 1431 827 sanctis
1450 780 1501 824 et
1526 769 1882 825 mcumenicis
1913 783 2049 822 con.

462 876 623 932 ciliis.
648 872 727 927 Ex
763 870 958 939 quibus
1006 869 1241 938 primum
1276 865 1489 937 quidem
1524 871 1756 919 ornatur
1792 860 2052 917 trecentis

462 969 649 1023 decem
683 972 739 1018 et
764 974 891 1017 octo
933 960 1212 1025 Patribus,
1267 959 1360 1030 qui
1404 972 1528 1013 cum
1561 956 1822 1010 adversus
1859 952 2052 1007 Arium

464 1060 517 1114 in
565 1065 753 1110 saneto
804 1052 1013 1122 Spiritu
1066 1051 1246 1107 Niceze
1276 1048 1682 1112 convenissent,
1716 1045 2053 1101 anathemati

468 1151 728 1204 miserum
760 1146 1084 1213 subjiciunt,
1110 1152 1166 1198 et
1200 1158 1229 1197 a
1257 1156 1487 1211 corpore
1514 1138 1843 1194 abscindunt
1874 1137 2054 1192 eccle-

360 1290 363 1293 .
466 1240 712 1302 siastieo,
745 1237 1069 1291 alienantem
1108 1249 1138 1288 a
1195 1233 1374 1288 Patris
1400 1231 1635 1287 essentia
1676 1244 1822 1291 eum,
1852 1229 1943 1297 qui
1973 1235 2058 1283 est

469 1342 662 1384 natura
703 1329 894 1392 Filius,
935 1335 991 1382 et
1049 1326 1481 1380 introduccntem
1524 1323 1774 1393 dogmata
1816 1320 1989 1375 aliena
2023 1334 2054 1374 a

470 1433 616 1478 rei-ta
646 1422 771 1476 ﬁde.
805 1421 1113 1476 Secundum
1140 1427 1320 1472 autem
1346 1414 1581 1497 impulsu
1616 1415 1799 1469 divino
1826 1425 2056 1482 congre-

471 1525 652 1586 gatum
680 1515 967 1568 adversum
1003 1511 1411 1573 Macedonium,
1441 1508 1533 1578 qui
1562 1507 1677 1576 ipse
1705 1520 1921 1576 quoque
1941 1519 2058 1559 sce-

469 1609 641 1664 lerate
677 1606 1002 1675 loquebatur
1048 1604 1311 1658 adversus
1356 1602 1553 1656 bonum
1615 1598 1904 1669 Spiritum,
1932 1613 2056 1652 eum

471 1703 703 1758 abdicat.
734 1700 976 1755 Tertium
1019 1708 1199 1751 autem
1231 1698 1491 1751 adversus
1524 1692 1802 1766 profanam
1826 1702 1880 1747 et
1900 1707 2059 1747 exse-

470 1796 727 1852 cranilam
759 1793 999 1863 linguam
1027 1789 1286 1855 Nestorii,
1312 1788 1403 1860 qui
1433 1788 1546 1857 ipse
1576 1801 1793 1857 quoque
1821 1785 2055 1839 absurda

469 1899 590 1945 erat
637 1886 852 1939 loeutus
885 1884 1149 1937 adversus
1177 1880 1381 1936 Christi
1423 1878 1601 1934 carnis
1635 1886 1903 1946 suscepta:
1929 1889 2061 1930 con-

471 1982 676 2043 silium,
721 1976 945 2048 pulchre
990 1973 1186 2044 Ephesi
1242 1972 1518 2027 convenit.
1577 1968 1708 2024 Post
1743 1969 1880 2033 hzec,
1916 1967 2058 2035 quod

473 2073 765 2130 fuitetiam
792 2068 1132 2125 Chalcedone
1165 2073 1547 2120 sexcentorum
1571 2071 1626 2117 et
1657 2061 1875 2131 triginta
1925 2059 2062 2114 divi-

475 2184 665 2223 norum
699 2165 917 2220 Patrum
966 2177 982 2215 :
1015 2159 1107 2230 qui
1164 2173 1287 2213 cum
1328 2158 1493 2213 etiam
1522 2170 1585 2211 ea
1621 2154 1909 2221 dixissent,
1941 2168 2062 2224 qua:

479 2258 872 2316 conveniebant
912 2251 1209 2325 prioribus,
1248 2259 1302 2306 et
1331 2265 1452 2319 qua:
1491 2248 1566 2304 illi
1593 2247 2063 2312 dixerant,adhuc

476 2351 789 2407 accuratius
817 2347 1215 2417 exposuissent,
1264 2342 1539 2399 infelicem
1564 2350 1618 2395 et
1663 2338 2060 2396 exsecrandum

475 2442 775 2515 Eutychem
822 2456 928 2495 una
971 2453 1093 2492 cum
1140 2436 1392 2493 Nestorio
1420 2432 1803 2489 abscindunta
1836 2443 2065 2501 corpore

474 2535 759 2601 Ecclesiae,
802 2539 858 2588 et
907 2532 1064 2586 ﬁdem
1083 2529 1409 2585 conﬁrmant
1438 2522 1791 2597 apostolicam
1824 2532 1914 2576 :et
1940 2520 2066 2590 qui-

476 2641 693 2698 cunque
723 2640 836 2681 non
896 2622 968 2679 ita
1016 2622 1308 2686 sentiebat,
1349 2620 1650 2674 decernunt
1678 2630 1801 2671 esse
1829 2614 2064 2668 alienum

478 2722 545 2777 ab
575 2718 842 2775 Ecclesia.
897 2715 1176 2771 Adversus
1208 2713 1323 2768 haec
1354 2720 1411 2766 et
1451 2709 1589 2781 ignis
1638 2707 1988 2771 accendatur,
2012 2714 2068 2762 et

477 2810 626 2867 ensis
660 2816 909 2872 acuatur,
947 2816 1003 2860 et
1037 2818 1185 2860 mors
1211 2815 1429 2873 quoque
1462 2800 1624 2856 nobis
1656 2799 1851 2853 acerba
1870 2795 2067 2851 at‘l‘era-

481 2914 590 2970 tur,
621 2902 733 2957 imo
768 2913 919 2966 vero,
951 2897 995 2952 si
1026 2896 1143 2951 ﬁeri
1202 2894 1397 2965 possit,
1434 2907 1531 2963 pro
1557 2907 1664 2947 una
1696 2890 2070 2946 innumerabi-

479 2996 587 3061 les;
618 3009 717 3049 nos
744 3006 872 3048 vero
906 3003 1179 3059 nunquam
1197 2986 1490 3057 prodemus
1514 2998 1703 3040 veram
1729 2983 2066 3054 religionem,

480 3102 659 3158 neque
687 3101 775 3151 ea,
807 3100 927 3155 qua:
962 3089 1111 3138 recte
1141 3080 1463 3151 placuerunt
1496 3076 1774 3144 Patribus,
1807 3091 1871 3132 ea
1903 3077 2067 3131 abro-

480 3179 657 3252 gando
674 3179 874 3250 probro
890 3175 1213 3231 alﬁciemus.
1241 3171 1435 3228 Testes
1459 3171 1570 3227 sint
1596 3184 1785 3227 eorum
1809 3167 2060 3231 sudores,
2099 3205 2143 3264 α

482 3288 621 3344 quos
650 3286 748 3341 pro
782 3269 887 3324 ﬁde
933 3276 1313 3339 susceperunt,
1356 3271 1411 3318 et
1439 3264 1621 3319 multa;
1671 3261 2069 3318 dimicationes.

485 3365 593 3421 Sed
618 3380 681 3416 ea
725 3362 1022 3416 manebunt
1064 3358 1219 3412 ﬁrma
1244 3366 1298 3412 et
1329 3354 1651 3421 immobilia,
1682 3362 1737 3409 et
1784 3349 1925 3423 apud
1952 3365 2071 3418 nos,

484 3465 540 3510 et
561 3453 701 3523 apud
730 3467 851 3517 eos,
883 3465 1021 3521 quos
1053 3448 1134 3504 las
1171 3456 1257 3505 est
1279 3458 1333 3503 et
1366 3444 1533 3502 Deum
1563 3454 1620 3499 et
1646 3458 1746 3501 nos
1767 3442 1942 3513 sequi.
1963 3441 2075 3495 Pax

485 3554 667 3602 autem
703 3544 818 3611 Dei,
850 3559 971 3613 qua:
999 3550 1225 3612 superat
1251 3554 1470 3596 omnem
1496 3546 1761 3604 mentem,
1793 3536 1868 3592 sit
1889 3542 2075 3592 custos

484 3650 541 3696 et
572 3639 677 3695 dux
713 3646 819 3693 tua:
848 3637 1130 3708 potentiae.

557 3908 649 3966 50.
703 3908 842 3964 Cum
890 3906 1034 3964 hanc
1079 3907 1378 3979 imperator
1425 3905 1727 3977 accepisset
1763 3902 2075 3975 epistolam,

488 4004 709 4060 mittens
732 4013 786 4059 et
806 4004 913 4058 vim
944 4001 1164 4069 all‘erre,
1195 4010 1252 4056 et
1285 4000 1470 4075 conari
1500 3998 1851 4071 persuadere,
1884 4011 1944 4052 se
1972 4012 2076 4064 po-

492 4096 607 4150 tius
671 4095 1018 4157 submittens,
1046 4107 1339 4163 aggressus
1371 4102 1455 4147 est
1499 4105 1558 4148 se
1602 4092 1668 4145 de
1696 4090 1763 4144 iis
1790 4102 2075 4153 excusare,

488 4196 722 4252 quorum
769 4180 1147 4246 accusabatur,
1180 4189 1237 4235 et
1285 4179 1364 4236 sic
1398 4178 1705 4249 composuit
1748 4176 2077 4247 epistolam:

491 4274 662 4345 Hujus
704 4272 1107 4339 innovationis,
1163 4287 1197 4328 ο
1244 4273 1406 4328 homo
1440 4271 1573 4338 Dei,
1608 4285 1707 4326 nos
1741 4283 1848 4324 non
1891 4284 2081 4324 sumus

491 4378 762 4423 auctores.
816 4365 1037 4423 Testem
1068 4364 1407 4422 conﬁdenter
1459 4366 1798 4428 invocamus,
1840 4362 1931 4433 qui
1962 4377 2081 4417 om-

491 4460 582 4513 nia
639 4457 837 4524 cernit,
907 4456 1004 4512 Dei
1064 4454 1283 4513 oculum
1336 4455 1486 4510 :sed
1538 4453 1608 4509 ab
1649 4452 1757 4506 illis
1791 4451 1967 4505 oritur
1993 4449 2081 4504 hic

2158 581 2224 650 δὴ
2255 582 2383 641 τοὺς
2434 579 2624 648 ἁγίους
2654 580 2854 641 τόπους
2891 578 3027 647 πυρὶ
3082 574 3411 645 θεασώμεθα
3453 574 3751 645 φθειρομέ-

2161 688 2302 735 νους.
2359 672 2423 723 Ti
2458 671 2568 742 γὰρ
2608 671 2672 742 δὴ
2728 672 2822 723 καὶ
2858 669 3054 737 ὄφελος
3105 667 3374 738 ὀνόματος
3400 667 3586 737 μόνου,
3616 668 3749 720 ὅταν

2160 763 2301 819 αὐτὰ
2337 763 2468 831 γοῦν
2497 765 2565 816 τά
2597 762 2718 836 ίερὰ
2749 763 3053 833 πράγματα
3068 752 3508 831 καθυϐρίζηταη
3538 759 3615 812 0-3
3650 759 3750 830 μὲν

2159 848 2255 911 οῦν
2279 857 2440 926 ἡμεῖς
2476 854 2687 925 ἀπᾷδον
2710 873 2762 908 τι
2795 854 2905 907 τῶν
2937 854 3219 924 τεσσάρων
3253 851 3426 920 ἁγίων
3454 852 3548 906 καὶ
3568 853 3754 905 οἰκου-

2164 948 2405 1021 μενικῶν
2435 949 2671 1003 συνόδων
2698 947 2994 1019 φρονῆσαι,
3025 946 3157 1017 μὴτι
3184 961 3248 1014 γε
3278 945 3377 998 καὶ
3405 945 3582 997 εἰπεῖν
3613 943 3752 1007 ὅλως

2161 1043 2616 1116 παραδεξόμεθα·
2663 1035 2796 1111 ὦνὴ
2834 1041 2935 1113 μὲν
2996 1039 3188 1111 πρώτη
3241 1042 3353 1102 τοῖς
3414 1038 3754 1109 τριακοσίοις

2158 1138 2294 1192 δέκα
2332 1136 2425 1189 καὶ
2444 1134 2589 1189 ὀκτὼ
2607 1139 2898 1204 κοσμεῖται
2937 1133 3238 1204 Πατράσιν,
3274 1131 3323 1185 οἳ
3366 1131 3507 1183 κατὰ
3537 1132 3750 1203 Ἀρείου

2164 1232 2222 1284 ὲν
2259 1229 2400 1299 ἁγίῳ
2430 1228 2717 1299 Πνεύματι
2777 1227 2906 1296 περὶ
2945 1224 3045 1297 τὴν
3094 1226 3334 1279 Νικαίαν
3379 1225 3751 1290 συνελθόντες,

2162 1322 2467 1392 ἀναθέματι
2492 1321 2583 1374 τὸν
2606 1318 2789 1373 ἄθλιον
2821 1319 3189 1373 ύποὸἀλλουσί
3218 1335 3277 1371 τε
3306 1320 3402 1372 καὶ
3433 1318 3752 1388 coit/.111;-

2164 1414 2445 1469 σιαστικοῦ
2472 1413 2719 1482 σώματος
2746 1413 3165 1481 ἀποτέμνουσιν,
3202 1411 3592 1481 ἀλλοτριοῦντα
3651 1413 3754 1478 τῆς

2162 1507 2258 1561 τοῦ
2291 1506 2504 1578 Πατρδς
2529 1505 2718 1568 οὐσίας
2744 1504 2837 1559 τὸν
2855 1504 3017 1573 φύσει
3050 1504 3201 1568 Υἱδν,
3235 1503 3328 1556 καὶ
3365 1504 3626 1575 ἀλλότρια
3650 1503 3754 1569 τῆς

2165 1596 2356 1667 ὑγιοῦς
2391 1597 2630 1660 πίστεως
2659 1596 3084 1666 δογματίζον-τα.
3123 1595 3189 1649 Ἢ
3247 1595 3478 1666 δευτέρα
3529 1595 3583 1648 δὲ
3612 1598 3756 1648 κατά

2174 1687 2517 1742 Μακεδονίου
2547 1686 2878 1759 θεοκινήτως
2909 1686 3380 1759 συναθροισθεῖσα,
3417 1686 3629 1758 πονηρὰ
3659 1689 3756 1741 καὶ

2169 1780 2333 1835 αὐτὸν
2369 1779 2511 1834 κατὰ
2533 1779 2627 1832 τοῦ
2664 1777 2873 1847 ἀγαθοῦ
2907 1779 3285 1849 φθεγγόμενον
3314 1777 3628 1849 πνεύματος
3659 1779 3755 1832 ὲκ-

2165 1870 2451 1941 κηρύττει.
2489 1871 2600 1925 Καὶ
2624 1872 2659 1942 ἡ
2688 1869 2849 1941 τρίτη
2889 1869 2945 1923 δὲ
2980 1871 3120 1924 κατά
3167 1870 3469 1942 Νεστορίου
3525 1871 3623 1940 τῆς
3657 1871 3755 1941 βε-

2166 1964 2334 2035 ϐήλου
2392 1962 2641 2033 γλώττης
2673 1963 2769 2016 καὶ
2831 1963 3035 2034 μιαρᾶς
3067 1962 3377 2015 ἀτοπακαὶ
3411 1962 3578 2016 αὐτοῦ
3614 1964 3760 2016 κατὰ

2164 2057 2264 2127 τῆς
2317 2056 2632 2126 οἰκονομίας
2683 2054 2925 2126 Χριστοῦ
2986 2053 3368 2126 φθεγξαμένου
3429 2057 3486 2108 ἐν
3540 2055 3759 2125 Ἐφέσῳ

2165 2150 2348 2214 καλῶς
2380 2149 2761 2220 συνελήλυθεν.
2807 2149 2932 2201 Ἐπὶ
2972 2147 3180 2212 τούτοις
3217 2150 3310 2202 καὶ
3340 2151 3374 2219 ἡ
3411 2150 3470 2202 ὲν
3529 2149 3755 2219 Καλχη-

2165 2244 2277 2298 δόνι
2333 2242 2443 2296 τῶν
2486 2241 2786 2309 ἑξακοσίων
2816 2241 3114 2313 τριάκοντα
3147 2240 3425 2313 θεοφόρων
3474 2241 3759 2313 Πατέρων,

2166 2330 2215 2385 οἳ
2238 2331 2333 2384 καὶ
2369 2330 2523 2383 αὐτοὶ
2574 2329 2785 2399 συνῳδὰ
2814 2333 2926 2394 τοῖς
2958 2329 3327 2402 προλαϐοῦσιν
3350 2333 3627 2398 είπόντες,
3661 2334 3761 2384 καὶ

2166 2423 2237 2477 τὰ
2272 2421 2497 2476 ἐκείνων
2532 2421 2611 2475 ἔτι
2644 2421 3143 2493 ὲξακριϐώσαντες,
3186 2424 3402 2495 Εὐτυχῆ
3444 2424 3535 2477 τὸν
3585 2425 3761 2495 ἀτυχῆ

2169 2513 2265 2567 καὶ
2277 2512 2657 2567 κατάπτυστον
2682 2514 2797 2583 ἅμα
2820 2513 3103 2585 Νεστορίῳ
3118 2513 3214 2567 τοῦ
3239 2515 3387 2584 ίεροῦ
3411 2515 3506 2585 τῆς
3527 2517 3766 2587 Ἐκκλη-

2171 2603 2292 2670 σίας
2321 2604 2649 2658 ἐκκόπτουσι
2683 2602 2956 2674 σώματος,
2984 2606 3083 2676 τὴν
3123 2608 3493 2679 ἀποστολικήν
3530 2626 3590 2662 τε
3637 2608 3761 2664 δια-

2169 2697 2498 2769 κρατύνουσι
2529 2696 2849 2763 πίστιν,καὶ
2872 2699 3050 2753 πάντα
3079 2699 3171 2753 τὸν
3216 2701 3291 2772 μὴ
3323 2702 3464 2755 οὕτω
3498 2700 3764 2773 φρονοῦν-

2170 2807 2241 2844 τα
2280 2790 2428 2855 ξένον
2461 2785 2599 2844 εἶναι
2622 2790 2719 2861 τῆς
2740 2788 3069 2867 Ἐκκλησίας
3085 2792 3323 2864 Χριστοῦ
3351 2792 3763 2861 δογματίζουσι.

2173 2882 2318 2952 Πρὸς
2358 2882 2533 2936 ταῦτα
2564 2884 2658 2936 καὶ
2693 2883 2805 2955 πῦρ
2837 2885 3118 2950 ἁπτέσθω,
3156 2885 3250 2939 καὶ
3280 2886 3433 2954 ξίὶρος
3484 2885 3764 2956 θηγέσθω,

2172 2974 2468 3045 ἐπαγέσθω
2505 2974 2578 3045 ζδὲ
2617 2977 2713 3030 καὶ
2772 2979 2799 3030 ὁ
2855 2978 3053 3047 πικρὸς
3110 2976 3235 3030 καθ’
3292 2977 3451 3047 ἡμῶν
3511 2977 3766 3045 θάνατος,

2180 3067 2384 3140 μᾶλλον
2413 3067 2471 3121 δὲ
2500 3066 2618 3122 ἀνθ’
2676 3069 2816 3136 ἐνὸς,
2869 3067 2935 3123 ἂν
3008 3069 3285 3141 ἐγχωροῦν
3317 3065 3374 3144 ᾗ,
3434 3070 3655 3141 μυρίον
3691 3071 3770 3134 ὡς

2174 3159 2358 3215 οὔποτ’
2396 3160 2462 3215 ἂν
2498 3160 2786 3233 προδῶμεν
2841 3161 3006 3231 ἡμεῖς
3059 3160 3158 3232 τὴν
3210 3162 3517 3227 εὐσέϐειαν,
3546 3162 3667 3216 οὐδὲ
3700 3165 3769 3218 τὰ

2177 3254 2359 3320 καλῶς
2396 3254 2628 3320 δόξαντα
2667 3257 2780 3318 τοῖς
2822 3254 3073 3325 Παλσράσι
3112 3253 3210 3325 ⁸τῷ
3251 3255 3465 3309 ἀθετεῖν
3497 3256 3769 3326 ἀτιμάσο-

2181 3367 2303 3420 μεν.
2332 3349 2407 3404 Ού
2441 3348 2521 3421 μὰ
2552 3347 2679 3413 τοῦς
2705 3349 2847 3420 ὑπὲρ
2876 3349 2977 3420 τῆς
3007 3349 3244 3414 πίστεως
3271 3350 3453 3404 αὐτῶν
3510 3350 3768 3418 ἱδρῶτας,

2179 3439 2275 3494 καὶ
2344 3440 2415 3493 τὰ
2469 3438 2642 3492 πολλά
2683 3439 3008 3509 σκάμματα,
3051 3440 3191 3493 ἀλλά
3243 3444 3398 3511 μενεῖ
3436 3441 3609 3495 ταῦτα
3671 3443 3769 3497 καὶ

2180 3530 2313 3605 παρ’
2345 3533 2478 3602 ἡμῖν
2501 3530 2596 3584 καὶ
2630 3532 2761 3602 παρ’
2795 3527 2876 3595 οἷς
2905 3532 3056 3586 ὅσιον
3092 3533 3408 3588 ἀκολουθεῖν
3438 3534 3560 3606 Θεῷ
3588 3552 3645 3588 τε
3674 3537 3770 3589 καὶ

2179 3627 2312 3697 ἡμῖν
2340 3623 2595 3693 ἀκίνητα.
2644 3623 2711 3677 Ἦ
2741 3624 2799 3677 δὲ
2825 3625 3015 3697 εἰρήνη
3069 3624 3163 3679 τοῦ
3198 3625 3334 3680 Θεοῦ
3362 3629 3395 3698 ἡ
3424 3627 3763 3696 ὑπερέχουσα

2180 3715 2361 3771 πάντα
2408 3713 2533 3770 νοῦν
2595 3713 2772 3785 φύλαξ
2835 3715 2923 3787 εἴη
2981 3716 3076 3770 καὶ
3131 3716 3325 3788 ὁδηγὸς
3375 3718 3471 3772 τοῦ
3534 3718 3764 3785 κράτους

2181 3824 2297 3865 σου.
3338 3832 3345 3841 ·

2253 3908 2317 3957 ν’.
2350 3901 2569 3975 Ταύτην
2618 3902 2913 3975 δεξάμενος
2943 3906 2971 3958 ὁ
3026 3904 3278 3976 βασιλεὺς
3312 3906 3412 3976 τὴν
3453 3905 3771 3976 ἐπιστολὴν,

2182 3995 2344 4059 εὐθὺς
2372 3995 2504 4064 γοῦν
2540 3996 2601 4049 τὸ
2637 3995 2923 4066 βιάζεσθαι
2980 3998 3077 4051 καὶ
3118 4001 3179 4053 τὸ
3217 4001 3513 4071 πειρᾶσθαι
3560 4002 3774 4057 πείθειν

2182 4088 2363 4158 ἀφεὶς,
2416 4089 2497 4150 είς
2529 4089 2828 4156 ἀπολογίαν
2866 4090 3069 4161 μᾶλλον
3129 4092 3219 4146 διὰ
3263 4094 3488 4165 Γραφῆς
3526 4094 3667 4165 ὑπὲρ
3694 4089 3773 4148 ὧν

2182 4182 2371 4255 ᾑτιάτο
2398 4181 2664 4251 πρότερον
2710 4182 3025 4252 ύψειμένως
3055 4182 3275 4255 ἐχώρει,
3317 4188 3411 4240 καὶ
3464 4185 3607 4239 οὕτω
3654 4204 3776 4251 πως

2185 4271 2478 4325 συνέταττε
2508 4271 2606 4341 τὴν
2641 4273 2957 4342 ἐπιστολήν.
2986 4273 3102 4342 Τῆς
3138 4275 3492 4346 καινοτομίας
3541 4275 3773 4347 ταύτης,

2181 4358 2228 4417 ὦ
2259 4360 2514 4433 ἄνθρωπε
2543 4360 2638 4415 τοῦ
2690 4362 2850 4427 Θεοῦ,
2885 4364 2984 4435 οὐχ
3027 4366 3191 4435 ἡμεῖς
3246 4365 3459 4421 αἴτιονυ
3518 4368 3775 4436 μάρτυρα

2186 4452 2516 4527 θαρροῦντες
2567 4454 2979 4526 ἐπικαλούμεθα
3011 4456 3104 4509 τὸν
3143 4456 3322 4511 πάντα
3355 4457 3623 4529 βλέποντα
3678 4460 3775 4513 τοῦ

493 4559 692 4616 motus,
721 4566 883 4620 quos,
931 4551 1052 4622 plus
1081 4562 1247 4621 quam
1303 4549 1416 4615 alii,
1455 4546 1884 4620 Oportebatbzec
1909 4544 2069 4599 hono-

2187 4545 2322 4599 Θεοῦ
2351 4545 2630 4616 ὀφθαλμόν
2654 4562 2668 4577 ο
2707 4546 2846 4600 ἀλλὰ
2875 4547 3006 4619 παρ’
3030 4548 3255 4603 ἐκείνων
3285 4551 3319 4621 ἡ
3349 4550 3555 4603 τούτων
3610 4550 3771 4620 κίνη-

491 4654 616 4695 rare
688 4641 927 4697 silentio.

490 4734 654 4804 primi
712 4735 889 4791 videri
940 4744 997 4791 et
1046 4735 1262 4792 dicendi
1309 4733 1588 4790 .l'acultate
1649 4741 1705 4787 et
1765 4731 2031 4801 dignitate
2061 4767 2078 4796 ,

491 4829 701 4897 seipsos
745 4827 995 4893 feriunt,
1052 4837 1109 4885 et
1158 4843 1257 4884 nos
1295 4828 1361 4883 ad
1405 4841 1466 4882 se
1513 4825 1744 4881 invicem
1776 4825 2079 4895 attrahunt.

490 4919 630 4987 Quid
676 4936 775 4975 nos
802 4935 932 4991 ergo
986 4920 1132 4976 aliud
1180 4928 1393 4990 oportet
1440 4919 1637 4987 facere,
1677 4934 1863 4990 quam,
1896 4921 2021 4975 dum
2047 4918 2084 4974 ii

493 5021 803 5077 moventur,
861 5026 961 5067 nos
1019 5025 1126 5066 non
1175 5011 1339 5066 simul
1392 5011 1631 5075 moveri,
1683 5010 1778 5066 sed
1843 5013 2080 5080 quietem

1011 4639 1167 4697 Nunc
1252 4650 1433 4696 autem
1520 4639 1803 4709 cupientes
1880 4635 2079 4705 singuli

491 5103 744 5174 amplecti
778 5119 798 5159 :
828 5110 906 5158 λιιι
934 5102 1015 5159 sic
1044 5103 1374 5174 persuadere
1425 5103 1695 5173 possimus
1740 5104 1843 5170 eis,
1874 5103 1963 5174 qui
1996 5103 2085 5158 hic
2115 5169 2121 5174 θ

445 5207 713 5252 ‘movere
768 5197 1085 5263 statuerint,
1135 5195 1361 5251 dimissa
1415 5197 1509 5253 tali
1561 5198 1935 5261 contentione,
1972 5214 2076 5252 una

493 5286 780 5341 nobiscum
812 5283 1135 5356 quiescere?
1170 5282 1407 5342 Omnino
1440 5286 1584 5341 enim
1624 5293 1772 5340 tuam
1802 5302 1911 5341 non
1949 5286 2080 5342 latet

490 5376 927 5448 pietatem,quod
941 5375 1164 5448 quidam
1194 5375 1442 5433 monachi
1461 5377 1731 5443 etclerici,
1753 5379 1844 5448 qui
1873 5387 2077 5433 rectam

493 5468 617 5523 ﬁdei
649 5468 754 5525 sibi
809 5467 1089 5526 vindicant
1114 5471 1459 5536 sententiam,
1510 5470 1624 5526 haec
1665 5484 1882 5527 movere
1929 5487 2078 5527 scan-

565 5624 677 5699 (32)
707 5630 766 5687 S.
799 5629 972 5703 Sabas
998 5630 1050 5684 in
1075 5645 1199 5703 sua”
1224 5632 1289 5684 ad
1328 5631 1561 5703 imperat
1593 5631 1819 5703 epistola
1868 5644 1882 5687 :
1924 5650 1943 5683 ι
1978 5629 2090 5686 Nos

497 5712 623 5767 ergo
672 5715 774 5771 nec
820 5701 1088 5769 patiemur
1136 5701 1337 5769 aliquid
1368 5702 1515 5758 aliud
1549 5701 1752 5760 addere
1790 5712 1988 5771 printer
2015 5716 2079 5756 ea

495 5781 616 5833 quae
650 5770 866 5823 decreta
894 5779 1021 5827 sunt
1049 5785 1077 5823 a
1124 5773 1387 5827 trecentis
1434 5774 1619 5828 decem
1643 5783 1698 5827 et
1749 5770 1873 5829 oeto
1904 5772 2080 5827 Patri-

497 5834 600 5889 lus
638 5838 729 5904 qui
780 5836 999 5893 luerunt
1059 5838 1285 5909 Nica'm,
1345 5853 1400 5899 et
1450 5844 1658 5910 tribus,
1715 5859 1835 5914 quae
1894 5850 2083 5915 postea

2190 4657 2274 4703 σις
2299 4638 2393 4701 οὓς
2443 4638 2552 4692 ἔδει
2591 4639 2794 4709 μᾶλλον
2827 4640 2936 4695 τῶν
2958 4639 3135 4695 ἄλλων
3176 4644 3356 4712 σιωπῇ
3380 4642 3554 4696 ταῦτα
3582 4638 3774 4714 τιμᾷν.

2189 4732 2305 4787 Νῦν
2340 4732 2396 4786 δὲ
2454 4732 2777 4804 ὀρεγόμενοι
2806 4732 2903 4786 τοῦ
2939 4734 3156 4802 πρῶτος
3191 4734 3375 4787 αὐτῶν
3425 4735 3654 4799 ἕκαστος
3683 4735 3779 4789 δυ-

2192 4828 2353 4897 νάμει
2378 4843 2437 4880 τε
2467 4825 2627 4895 λόγου
2660 4827 2757 4880 καὶ
2785 4825 3057 4897 ἀξιώματι
3091 4826 3399 4897 φαίνεσθαι,
3433 4828 3700 4899 ἀλλήλους
3717 4845 3777 4881 τε

2192 4913 2468 4990 βάλλουσι,
2501 4919 2595 4973 καὶ
2621 4919 2771 4990 ἡμᾶς
2797 4920 2935 4987 πρὸς
2965 4918 3191 4982 ἑαυτοὺς
3216 4919 3560 4975 ἀνθέλκουσι.
3588 4919 3654 4973 Τί
3686 4920 3780 4974 οὖν

2191 5010 2379 5083 ἕτερον
2410 5013 2559 5082 ἡμᾶς
2601 5012 2707 5083 χρὴ
2743 5013 2939 5077 ποιεῖν,
2977 5010 3009 5083 ἢ
3060 5010 3271 5076 τούτοις
3326 5014 3669 5085 κινουμένοις
3702 5015 3780 5085 μὴ

2194 5101 2602 5171 συγκινεῖσθαι,
2653 5102 2790 5157 ἀλλά
2836 5102 2935 5176 τὴν
2985 5104 3213 5173 ἡσυχίαν
3266 5104 3649 5171 ἀσπάζεσθαις
3710 5107 3780 5159 ἶν’

2190 5194 2335 5249 οὕτω
2366 5196 2552 5247 πεῖσαι
2586 5194 2907 5267 δυνηθῶμεν
2937 5198 3031 5249 καὶ
3069 5197 3195 5261 τοὺς
3223 5197 3399 5250 ταῦτα
3435 5200 3782 5270 προειρημέ-

2184 5306 2309 5352 νους
2338 5291 2530 5353 κινεῖν,
2562 5288 2869 5359 ἀφεμένους
2914 5288 3173 5361 τοιαύτης
3210 5290 3527 5363 ὲρεσχελίας
3553 5290 3682 5344 νοῦν
3705 5292 3777 5362 ἡ-

2190 5381 2447 5453 συχάζειν
2479 5382 2632 5453 ἡμῖν.
2657 5383 2886 5448 Πάντως
2914 5384 3024 5457 γάρ
3052 5385 3154 5439 οὐκ
3204 5384 3401 5456 ἄδηλον
3427 5387 3587 5440 τοῦτο
3614 5389 3679 5459 τῇ
3708 5389 3779 5459 σῇ

2190 5473 2496 5548 θεοσεϐείᾳ,
2525 5475 2602 5540 ὡς
2644 5477 2870 5549 μοναχοί
2894 5495 3041 5543 τινες
3059 5482 3155 5533 καὶ
3184 5479 3440 5551 κληρικοὶ
3466 5479 3781 5552 ὀρθοδοξίας

2200 5644 2506 5710 consecuta:
2569 5645 2741 5710 sunt,
2801 5637 3053 5709 synodis,
3112 5653 3210 5694 nec
3267 5640 3563 5710 quidquam
3621 5639 3784 5695 aliter

2193 5705 2495 5780 innovare;
2526 5708 2621 5780 sed
2659 5705 2867 5780 proicis
2897 5711 3062 5763 etiam
3100 5705 3310 5765 animus
3343 5705 3692 5780 profundere,
3725 5722 3783 5765 et

2192 5775 2720 5856 iiinunierahilesfsi
2752 5779 3085 5850 ﬁeripossit,
3139 5775 3543 5852 mortcs'parati
3593 5775 3785 5837 sumus

2191 5861 2487 5915 suscipere.
2518 5866 2537 5899 ι
