4152 6404
361 390 469 461 521

1372 388 1557 452 νΙΤΑ
1592 390 1653 451 S.
1694 386 2113 451 THEODOSII
2154 382 2777 455 C(ENOBIARCIL'E.‘

3530 394 3636 456 522

353 500 522 570 δῆθεν
549 494 1016 566 ἀντιποιούμενοι,
1039 494 1108 550 τὰ
1131 492 1353 550 τοιαῦτα
1399 496 1675 552 σκάνδαλα
1707 510 1945 568 κεκινη-

2061 497 2436 569 dala,seipsos,
2465 500 3094 564 utdiximus,studcntes
3115 502 3405 560 ostendere
3434 505 3641 574 primas

356 611 541 659 κασιν,
568 591 800 655 ἑαυτοὺς
820 591 1004 659 δεῖξαι
1032 584 1446 659 σπουδάζοντες,
1476 592 1624 647 ὥσπε
1634 611 1666 664 ρ
1715 594 1950 667 ἔφημεν,

358 682 688 755 ἑπειλῆεςθαι
717 682 829 737 τῶν
876 685 1161 754 πρωτείων
1186 686 1245 738 ἐν
1271 684 1350 755 τῷ
1385 685 1560 739 ταῦτα
1593 687 1818 751 εἰδέναι,
1858 689 1955 741 καὶ

355 776 415 830 τὸ
443 775 748 848 μυστήριον
782 775 883 828 καὶ
926 773 1024 845 τὴν
1068 774 1256 827 πίστιν
1307 778 1421 839 τοῖς
1475 775 1742 846 στόμασιν
1769 777 1952 832 αὐτῶν

355 869 704 942 περιφέρειν.
757 868 939 938 “Am-:9
999 866 1312 939 ἀνθρώποις
1366 868 1737 953 ἀκατάληπτα
1798 868 1951 932 ὄντα,

354 962 512 1017 οὐδὲν
549 957 811 1031 ἓτερονῆ
861 957 1102 1028 ψεύστας
1147 958 1390 1024 ἐκείνους
1444 964 1541 1013 καὶ
1608 961 1951 1028 συκοφάντας

353 1051 847 1108 ἀποδεικνύουσιν
897 1050 1020 1107 ὃθεν
1051 1053 1144 1104 καὶ
1199 1052 1411 1123 μεγάλη
1466 1054 1598 1125 ἡμῖν
1650 1053 1760 1106 ἀπὸ
1816 1051 1952 1106 Θεοῦ

350 1145 764 1217 ἀγανάκτησις,
807 1144 927 1199 ἀνθ’
980 1136 1055 1199 ὧν
1086 1144 1385 1215 νομίζομεν
1423 1144 1485 1197 τὸ
1533 1146 1855 1217 μυστήριον,
1892 1145 1953 1199 οὐ

354 1236 667 1308 μυστήριον
709 1231 873 1302 εἶναι,
916 1234 1038 1288 οὐδὲ
1073 1237 1167 1289 καὶ
1223 1238 1288 1290 ὲκ
1337 1235 1578 1303 πίστεως
1622 1240 1956 1294 συνεστάναι

357 1329 557 1401 μόνης,
590 1326 706 1383 ἀλλ’
745 1326 804 1394 ἐξ
834 1326 1056 1382 ἀτόπων
1085 1328 1389 1401 φλυαριῶν,
1421 1329 1516 1384 καὶ
1538 1330 1955 1402 κατηγοροῦμεν

353 1420 469 1474 τῶν
490 1419 820 1485 διδαξάντων
872 1421 1021 1490 ἡμᾶς
1054 1419 1237 1475 πίστει
1268 1421 1364 1476 καὶ
1398 1421 1687 1494 μυστηρίῳ
1720 1421 1791 1476 τὰ
1835 1422 1955 1476 θεῖα

363 1513 643 1567 σέϐεσθαι.
682 1510 1118 1583 Ύπερεύξασθαι
1148 1511 1241 1568 οὖν
1283 1512 1385 1585 τῆς
1432 1513 1764 1586 Ἐκκλησίας
1792 1514 1956 1588 εἴπερ

370 1603 507 1657 ποτε
539 1604 634 1657 καὶ
676 1602 768 1656 νῦν
811 1604 962 1675 ἡμᾶς
990 1598 1119 1675 χρὴ,
1176 1604 1586 1676 φιλανθρώποις
1614 1605 1829 1677 ὄμμασι
1863 1606 1955 1661 τὸν

374 1682 513 1746 Ba?”
545 1693 844 1771 ἐπιϐλέψαι,
877 1697 972 1750 καὶ
997 1679 1220 1767 εἰρήνην
1245 1699 1366 1761 ταῖς
1400 1697 1757 1769 Ἐκκλησὶαις
1790 1697 1955 1751 αὐτοῦ

369 1784 673 1854 βραϐεῦσαι
720 1784 908 1851 κακῶς
959 1785 1107 1854 οὕτω,
1150 1787 1508 1860 διῃρημέναις
1555 1788 1645 1842 διὰ
1712 1791 1812 1862 τὴν
1846 1790 1956 1845 τῶν

2056 588 2303 644 obtinere
2318 597 2502 659 partes
2531 591 2585 644 in
2615 590 2809 644 harent
2836 606 3017 647 rerum
3047 593 3387 664 cognitione;
3420 600 3635 665 etquod

2057 681 2377 750 mysterium
2407 691 2463 735 et
2492 681 2653 737 fidem
2698 682 2752 737 in
2783 698 2881 739 ore
2909 699 3008 740 suo
3040 685 3453 742 circumferant.
3510 687 3642 757 Qua:

2055 773 2273 843 quidem
2303 787 2428 827 cum
2489 786 2595 828 non
2635 775 3260 846 possintcomprehendi
3295 777 3364 834 ab
3409 778 3644 834 homini-

2056 864 2179 933 bus,
2223 865 2359 921 nihil
2394 867 2540 920 aliud
2602 880 2764 936 quam
2792 866 2921 923 illos
2945 868 3237 926 mendaces
3265 870 3564 927 ostendunt
3588 881 3641 926 ct

2057 958 2442 1028 sycophantas.
2514 957 2768 1031 Ex,quo
2824 959 2989 1015 etiam
3045 960 3413 1030 proficiscitur
3444 978 3641 1033 magna

2056 1045 2151 1100 Dei
2183 1044 2236 1100 in
2266 1061 2366 1102 nos
2395 1047 2723 1119 indignatio,
2742 1063 2808 1104 eo
2834 1049 2978 1118 quod
3023 1050 3402 1107 existimamus
3434 1060 3639 1122 myste-

2060 1139 2198 1194 rium
2231 1152 2337 1194 non
2381 1153 2503 1196 esse
2548 1140 3031 1211 mysteriumpnec
3057 1155 3123 1197 ex
3157 1140 3274 1198 sola
3332 1143 3440 1199 (ide
3467 1145 3647 1200 consi-

2057 1238 2224 1294 stere,
2256 1228 2350 1286 sed
2374 1244 2442 1285 ex
2472 1231 2725 1287 absurdis
2751 1232 2909 1301 nugis
2945 1240 3039 1287 :et
3075 1234 3502 1291 condemnemus
3527 1248 3642 1301 eos,

2057 1320 2150 1390 qui
2179 1335 2277 1376 nos
2308 1320 2610 1377 docuerunt
2643 1321 2749 1377 llde
2774 1331 2829 1377 et
2858 1322 3122 1394 mysterio
3155 1324 3341 1380 divina
3371 1340 3643 1382 venerari.

2058 1410 2169 1469 Vos
2196 1427 2327 1484 ergo
2354 1428 2499 1469 nunc
2545 1428 2763 1484 quoque
2817 1425 3059 1486 oportet,
3104 1417 3149 1471 si
3180 1433 3443 1488 unquam,
3486 1434 3645 1474 orare

2058 1521 2157 1578 pro
2185 1505 2452 1571 Ecclesia,
2486 1514 2545 1560 ut
2583 1520 2682 1561 nos
2712 1505 2960 1577 benignis
2994 1506 3168 1564 oculis
3199 1510 3449 1580 aspiciat,
3473 1520 3526 1566 et
3548 1528 3642 1581 pa-

2058 1611 2176 1652 cem
2220 1597 2336 1653 suis
2372 1597 2629 1653 conciliet
2689 1597 2971 1666 Ecclcsiis,
3019 1615 3140 1670 quae
3193 1610 3302 1657 tam
3344 1602 3485 1659 male
3522 1615 3647 1659 sunt

2060 1690 2245 1745 divisae
2275 1690 2701 1760 proptepstudia
2740 1690 2983 1760 ipsorum
3029 1693 3344 1762 praesulem.
3388 1694 3518 1762 Quae
3546 1710 3645 1750 au-

2062 1792 2169 1839 tem
2225 1798 2253 1838 a
2316 1784 2472 1839 vobis
2531 1784 2711 1838 missa:
2750 1793 2878 1838 sunt
2924 1783 3171 1856 eulogiae,
3204 1799 3300 1841 eas
3352 1786 3643 1842 admodum

364 1878 652 1950 προέδρων
694 1878 874 1933 αὐτῶν
926 1882 1267 1952 προαίρεσιν.
1293 1883 1358 1935 Αἱ
1387 1882 1444 1935 δὲ
1489 1883 1770 1937 σταλείσαι
1821 1884 1954 1956 παρ’

2061 1878 2298 1933 libenter
2322 1877 2663 1947 suscepimus
2703 1894 2719 1931 :
2771 1887 3021 1933 nostrum
3052 1886 3231 1933 autem
3270 1878 3435 1949 quale
3466 1879 3540 1936 sit
3567 1878 3647 1932 in-

360 1969 520 2039 ύμῶν
557 1971 797 2041 εὐλογίαι
825 1972 995 2044 ἡδέως
1029 1972 1171 2041 ἄγαν
1200 1975 1334 2045 ἡμῖν
1362 1973 1685 2046 ἐδέχθησαν,
1727 1977 1821 2030 καὶ
1850 1978 1952 2047 τὴν

361 2061 642 2135 ἡμετέραν
673 2064 1000 2136 προαίρεσιν
1042 2065 1192 2128 ὅπως
1242 2064 1354 2136 ἔχει
1412 2067 1837 2137 ἀναγγέλλουσιν
1893 2069 1943 2121 el

361 2156 499 2225 παρ’
546 2156 703 2226 ύμων
766 2148 1169 2227 ἀπεσταλμένοι
1222 2156 1472 2221 εὐλαϐεῖς
1501 2157 1748 2230 μοναχοί.
1791 2178 1809 2211 ι
1838 2160 1952 2213 Καὶ

356 2243 509 2298 οὕτω
541 2245 700 2316 μὲνὴ
734 2245 1017 2317 ἐπιστολή.

431 2335 536 2391 ναΐ.
575 2336 740 2391 Ἀλλά
756 2338 848 2392 τὸν
862 2340 1034 2392 ταῦτα
1062 2339 1351 2411 γράψαντα
1372 2340 1599 2413 βασιλέα
1626 2342 1721 2397 καὶ
1745 2344 1944 2414 μικρὸν

359 2430 488 2484 τότε
521 2433 621 2501 τῆς
651 2432 852 2502 μανίας
905 2432 1260 2499 ἐνδεδωκότα,
1309 2436 1587 2506 στήσαντα
1635 2435 1694 2488 δὲ
1728 2435 1823 2488 καὶ
1858 2436 1953 2488 τὸν

362 2522 510 2575 κατά
541 2523 640 2593 τῆς
670 2522 836 2595 ὀρθῆς
866 2523 1047 2595 δόξης,
1082 2525 1288 2595 μᾶλλον
1337 2525 1395 2580 δὲ
1428 2527 1570 2581 κατά
1614 2525 1716 2597 τῆς
1753 2528 1948 2581 ἑαυτοῦ

361 2613 613 2684 κε’,ταλῆς
641 2614 900 2686 πόλεμον,
925 2617 987 2669 οὐ
1019 2616 1157 2671 πολὺ
1181 2616 1242 2671 τὸ
1272 2619 1331 2671 ὲν
1372 2617 1526 2689 μέσῳ
1567 2619 1661 2672 ml.
1691 2619 1953 2689 μετάνοια

360 2705 640 2778 λαμϐάνει
687 2706 869 2779 δεινή·
948 2708 1042 2763 καὶ
1101 2709 1413 2782 καθαπερεὶ
1478 2711 1950 2783 μεταμεληθέντα,

363 2798 415 2851 εί
445 2798 544 2851 καὶ
570 2798 768 2869 μικρὸν
819 2799 957 2864 ὅλως
1006 2799 1255 2853 εὐσεϐεῖν
1287 2800 1591 2871 προείλετο,
1637 2802 1841 2875 πολλήν
1890 2821 1949 2858 τε

363 2888 628 2943 εὐκολίαν
650 2889 847 2944 ἑαυτοῦ
880 2891 1273 2959 κατεγίνωσκε,
1308 2892 1405 2945 καὶ
1440 2894 1576 2967 πρὸς
1601 2894 1668 2949 τὰ
1686 2896 1952 2968 πρότερον

365 2982 623 3054 ἐπανῄει.
672 2981 877 3055 Ἔργον
909 2984 1020 3055 γὰρ
1054 2974 1292 3056 άληθῶς,
1318 2984 1395 3049 ὡς
1418 2986 1447 3039 ὁ
1465 2985 1644 3055 λόγος,
1672 2986 1793 3040 ὄνον
1818 2988 1951 3042 ἀπο-

368 3074 571 3144 τρέψαι
633 3074 935 3146 κνὼμενον.
971 3075 1142 3131 Πάλιν
1189 3072 1284 3130 οὖν
1338 3078 1482 3132 κατὰ
1525 3077 1626 3148 τῆς
1667 3079 1953 3143 εὐσεϐείας

369 3167 813 3239 προγράμματα,
842 3169 938 3222 καὶ
968 3168 1132 3223 πάλιν
1172 3170 1200 3223 ὁ
1232 3171 1495 3240 γεννάδας
1540 3165 1695 3235 οὗτος
1738 3171 1953 3243 μάρτυς
1988 3192 2023 3243 ,ζ

367 3258 626 3329 αἱμάτων
685 3258 1042 3343 χωρὶς,εἶγε
1099 3259 1199 3324 τὰς
1254 3262 1629 3343 προαιρέσεις,
1660 3261 1797 3315 ἀλλά
1878 3261 1956 3335 μὴ

363 3351 469 3413 τὶς
535 3349 647 3403 τῶν
721 3338 1065 3423 πραγμάτων
1147 3352 1406 3417 ἐκϐάσεις
1485 3340 1754 3426 προσήκει
1825 3370 1953 3425 σκο-

368 3445 516 3497 πεῖν.
722 3446 730 3451 ’

2061 1970 2334 2036 stitutum,
2400 1970 2803 2026 aununtiabun’t
2865 1971 2938 2040 pii
3009 1971 3284 2036 monachi,
3335 1974 3503 2043 quia
3547 1988 3641 2027 ve—

2060 2065 2144 2118 bis
2174 2064 2324 2120 missi
2343 2073 2493 2120 sunt.
2522 2084 2542 2116 ι
2582 2065 2651 2120 Ει
2666 2064 2772 2120 hoc
2799 2065 3019 2135 quidem
3046 2067 3206 2123 modo
3234 2080 3297 2122 se
3318 2065 3509 2122 habuit
3532 2059 3645 2136 epi-

2060 2158 2219 2215 stola.
2576 2147 2586 2160 ’

2131 2340 2221 2398 5|.
2252 2339 2456 2395 Verum
2517 2341 2930 2414 imperatorem,
2983 2344 3079 2416 qui
3112 2343 3230 2399 [me
3260 2342 3478 2414 quidem
3510 2343 3650 2399 scri-

2062 2442 2283 2503 pserat,
2313 2444 2370 2492 et
2426 2442 2556 2492 tunc
2602 2438 2671 2495 de
2733 2437 2921 2496 furore
2982 2437 3259 2509 paululum
3307 2436 3644 2501 remiserat,

2061 2533 2123 2581 et
2173 2524 2374 2582 bellant
2422 2527 2571 2597 quod
2622 2527 2889 2594 adversus
2937 2538 3142 2584 rectam
3193 2528 3505 2600 opinionem
3564 2528 3648 2583 vrl

2061 2632 2221 2673 suum
2246 2618 2427 2690 potius
2448 2626 2612 2690 caput
2640 2621 2886 2691 gerebat,
2914 2629 3284 2691 represserat;
3337 2636 3442 2677 non
3476 2620 3648 2674 multo

2060 2710 2354 2782 interiecto
2393 2714 2590 2784 spatio,
2627 2715 2812 2784 gravis
2839 2715 2987 2770 subit
3020 2714 3348 2786 prenitentia
3377 2730 3394 2769 :
3430 2724 3487 2769 et
3531 2729 3649 2783 per-

2062 2801 2188 2858 inde
2210 2818 2273 2858 ac
2295 2802 2489 2859 si'eum
2520 2804 2834 2874 paeniteret,
2876 2805 3021 2873 quod
3055 2805 3281 2861 omnino
3307 2818 3499 2875 parum
3525 2819 3648 2859 csse

2062 2895 2185 2965 pius
2214 2893 2517 2959 statuisset,
2543 2905 2597 2949 et
2621 2910 2680 2950 se
2707 2894 2988 2955 facilitatis
3018 2894 3200 2951 nimiae
3235 2893 3643 2959 condemnaret,

2061 2987 2130 3041 ad
2159 2986 2341 3056 priora
2365 2995 2452 3042 est
2481 3001 2755 3043 reversus.
2786 2985 3017 3041 Difficile
3054 2986 3200 3042 enim
3245 2994 3354 3053 est,
3396 2993 3456 3041 ut
3477 2994 3562 3042 est
3589 2986 3642 3039 iu

2060 3077 2373 3149 proverbio,
2396 3078 2638 3135 "asinum
2690 3077 3082 3134 coufricantcm
3123 3087 3392 3134 avertere.
3431 3075 3645 3132 Rursus

2060 3182 2193 3241 ergo
2222 3167 2400 3225 edicta
2430 3169 2692 3225 adversus
2726 3170 3019 3240 pietatem;
3052 3182 3351 3239 rursusque
3395 3168 3644 3239 egregius

2064 3269 2271 3334 martyr
2319 3261 2455 3317 citra
2518 3248 2881 3332 sanguinem;
2934 3262 3200 3332 siquidem
3249 3260 3641 3333 consideranda

2063 3361 2150 3409 est
2176 3353 2449 3420 voluntas,
2484 3364 2541 3411 et
2578 3371 2685 3415 non
2723 3370 2903 3410 rerum
2944 3355 3141 3412 exitus.

1792 3605 1924 3663 CAP
1934 3608 2023 3666 UT
2055 3606 2196 3665 XIII.

1582 3716 1763 3790 Zelus,
1785 3731 1831 3777 et
1855 3721 2101 3777 exsilium
2118 3720 2250 3791 ﬁdei
2280 3736 2463 3776 causa.

450 3841 557 3912 νβ’.
587 3844 810 3898 Πάντων
834 3844 947 3915 γὰρ
973 3843 1413 3915 ἀμηχανούντων
1459 3843 1554 3896 καὶ
1581 3842 1954 3913 ἀπορούντων,

388 3935 487 3987 καὶ
516 3933 624 3986 τῶν
656 3935 747 4004 μὲν
762 3939 837 4010 τῇ
873 3935 1705 4008 βλασφημίαοσυνηγορούντων,
1740 3934 1850 3988 τῶν
1898 3935 1957 3987 δὲ

390 4025 489 4079 καὶ
508 4024 738 4092 δαψιλῶς
759 4029 1066 4098 ἀντιλέγειν
1103 4028 1430 4093 ὀκνούντων,
1461 4028 1593 4090 ἴσως
1628 4024 1687 4080 δὲ
1737 4024 1956 4095 καὶτῆς

384 4119 446 4171 ὲν
472 4117 641 4190 τούτῳ
673 4120 989 4193 παρρησίας
1029 4120 1109 4192 τῷ
1141 4120 1306 4193 κοινῷ
1346 4118 1521 4190 Πατρὶ
1558 4116 1955 4189 παραχωρούν-

378 4230 512 4275 των,
547 4212 641 4266 καὶ
664 4210 854 4285 ὥσπερ
907 4211 1219 4285 στρατηγοῦ
1266 4208 1676 4282 περιμενόντων
1713 4206 1778 4260 τὸ
1826 4205 1957 4259 σύν-

373 4308 551 4379 θημα,
583 4306 708 4359 τότε
734 4306 822 4373 δὴ,
867 4307 991 4360 τότε
1043 4305 1203 4378 δῆλον
1250 4303 1599 4367 καθίσταται,
1647 4300 1808 4356 ὁποῖα
1864 4296 1959 4352 οὖν

371 4400 468 4452 καὶ
491 4397 555 4452 τὸ
578 4398 780 4468 γῆρας,
820 4399 951 4452 ὅταν
1008 4396 1088 4467 τῷ
1109 4396 1261 4468 ζήλῳ
1309 4393 1637 4467 ῥωννύηται,
1667 4390 1805 4461 πρὸς
1829 4389 1958 4451 τοὺς

369 4488 516 4560 ὑπὲρ
548 4487 647 4542 τοῦ
679 4486 848 4541 καλοῦ
875 4488 1160 4551 κινδύνους
1210 4483 1545 4555 νεανιεύεται
1570 4497 1583 4512 ’
1610 4480 1959 4553 γραμμάτων

2137 3843 2229 3898 52.
2261 3841 2397 3899 Cum
2452 3855 2643 3898 omnes
2676 3849 2862 3898 essent
2889 3839 3048 3911 plane
3094 3840 3305 3898 consilii
3337 3842 3525 3913 inopes
3586 3858 3644 3903 et

2062 3932 2212 3989 dubii
2227 3932 2359 4003 quid
2378 3940 2639 4003 agerent;
2671 3941 2727 3987 et
2752 3932 2844 3987 alii
2868 3930 3083 4001 quidem
3104 3931 3497 4004 blasphemiam
3527 3937 3642 4009 (53)

2062 4026 2437 4092 defenderent,
2479 4024 2569 4079 alii
2602 4033 2784 4079 autem
2813 4032 3134 4079 vererentur
3188 4025 3272 4081 vel
3302 4025 3644 4085 solummodo

2063 4115 2470 4183 contradicere;
2505 4114 2734 4171 fortasse
2783 4125 2963 4171 autem
3002 4115 3166 4170 etiam
3194 4116 3297 4172 hac
3322 4117 3375 4173 in
3408 4132 3467 4173 re
3500 4134 3649 4175 com-

2066 4208 2215 4263 muni
2258 4206 2427 4276 Patri,
2478 4207 2691 4264 dicendi
2740 4207 2993 4264 libertate
3044 4208 3320 4278 cederent,
3384 4214 3439 4267 et
3481 4212 3644 4267 veluti

2064 4300 2222 4357 ducis
2250 4301 2464 4373 signum
2493 4310 2878 4373 exspectarent
2908 4319 2924 4357 :
2966 4294 3246 4359 tunctunc
3264 4303 3445 4359 evadit
3478 4307 3649 4360 mani—

2066 4391 2292 4460 festum,
2317 4394 2500 4464 qualis
2544 4394 2711 4449 etiam
2741 4403 3016 4463 senectus,
3043 4396 3262 4466 quando
3305 4397 3422 4453 zelo
3447 4399 3647 4453 contir-

2067 4488 2270 4552 matur,
2319 4495 2381 4541 se
2417 4484 2633 4541 fortiter
2662 4494 2718 4542 et
2747 4483 3065 4555 iuveniliter
3087 4484 3228 4556 gerit
3258 4484 3520 4543 adversus
3555 4502 3644 4555 ea,

372 4581 609 4634 ἔκείνων
635 4579 732 4634 καὶ
761 4578 1153 4650 θεσπισμάτων
1192 4577 1557 4649 ὀλιγωρήσας,
1610 4572 1852 4628 ἀπειλῶν
1897 4587 1957 4624 τε

2064 4592 2187 4649 quae
2242 4592 2344 4648 pro
2385 4576 2531 4635 bono
2584 4586 2642 4634 et
2695 4578 2925 4635 honesto
2960 4578 3334 4650 suscipiuntur
3380 4580 3642 4652 pericula.

371 4671 614 4743 μυρίων,
661 4670 837 4742 ὄχλων
863 4687 923 4741 τε
951 4671 1022 4725 τὰ
1053 4668 1323 4741 βασιλέως
1354 4670 1412 4724 ἂν
1456 4668 1556 4736 ῐσῳ
1581 4666 1676 4719 καὶ
1734 4664 1806 4719 τὰ
1837 4663 1962 4717 θεῖα.

367 4765 844 4834 δυσωπουμένων,
896 4762 992 4816 καὶ
1044 4760 1401 4833 στρατιωτῶν
1453 4761 1585 4819 τοὺς
1629 4754 1874 4811 τοιοῦτόν
1906 4770 1962 4810 τι

370 4854 794 4928 φθεγξαμένους
844 4854 1275 4927 ἐπιτηρούντων,
1333 4851 1554 4906 πάντων
1596 4850 1806 4912 ἐκεῖνος
1836 4845 1962 4901 τού·

370 4967 486 5005 των
510 4945 604 5002 οἷα
642 4947 819 5004 κενῶν
844 4947 1035 5017 ψόφων
1068 4946 1517 5017 καταφρονήσας,
1545 4942 1641 4998 καὶ⁸
1666 4942 1768 4997 οὐκ
1791 4938 1960 4994 αὐτοῦ

373 5044 605 5114 μᾶλλον,
632 5042 772 5097 ἀλλά
802 5041 1009 5097 παίδων
1040 5037 1181 5095 εἶναι
1199 5038 1373 5093 εἰπὼν
1399 5037 1658 5101 τοιαύτας
1688 5035 1960 5108 ὑποφρίτ-

369 5153 491 5190 τειν
549 5135 802 5208 βροντὰς,
832 5134 1051 5198 λέοντος
1101 5132 1303 5196 ὑποδὺς
1368 5133 1620 5203 ὅρμημα,
1667 5129 1763 5184 καὶ
1793 5131 1874 5194 εἰς
1903 5127 1965 5181 τὸ

370 5225 471 5280 τοῦ
498 5225 638 5279 Θεοῦ
673 5226 819 5299 ἱερὸν
848 5222 1138 5289 εἰσελθὼν,
1168 5223 1606 5295 ἀπ’-ὀκρῖϐαντός
1636 5239 1696 5276 τε
1726 5219 1959 5287 ἀναϐάς,

373 5313 567 5381 οὗτὰς
595 5317 932 5386 ἀναγνώσεις
979 5317 1107 5379 τοὺς
1162 5317 1331 5387 ἱερεῖς
1376 5316 1552 5370 ποιεῖν
1608 5313 1862 5385 σύνηθες,
1898 5316 1964 5386 τῇ

371 5412 525 5481 χειρὶ
564 5410 726 5487 σιγὴν
773 5408 854 5482 τῷ
922 5408 1121 5483 πλήθει
1162 5410 1425 5485 ’σημήνας
1479 5407 1575 5463 καὶ
1624 5411 1728 5480 τὴν
1779 5410 1966 5480 φωνὴν

372 5504 630 5575 ἐπάραςο
664 5502 732 5559 Εἴ
763 5522 871 5573 τις,
930 5505 1061 5575 ἔφη,
1116 5502 1219 5567 τὰς
1270 5503 1547 5574 τέσσαρας
1602 5501 1766 5573 ἁγίας
1834 5518 1966 5556 συν.

371 5594 535 5659 έδους
570 5595 655 5668 μὴ
676 5597 875 5667 ἐπίσης
896 5599 1011 5660 τοϊς
1037 5595 1339 5666 τέσσαρσιν
1365 5593 1725 5665 Εὐαγγελίοις
1750 5595 1960 5667 ἡγοῖτο,

2068 4669 2406 4739 Contemptis
2438 4669 2584 4725 enim
2620 4668 2725 4724 illis
2749 4669 2966 4739 scriptis
2993 4677 3049 4724 et
3075 4670 3329 4739 decretis,
3370 4674 3647 4746 minisque
3750 4678 3758 4684 ’

2069 4761 2590 4827 innumerabilibus,
2652 4762 2919 4830 turbaque
2981 4774 3102 4831 quae
3170 4763 3550 4830 imperatorem
3591 4777 3647 4821 et

2071 4852 2238 4909 Deum
2267 4866 2335 4909 ex
2380 4867 2535 4922 aequo
2568 4851 2939 4919 reverebatur,
2994 4853 3366 4925 militibusque
3405 4855 3496 4925 qui
3549 4871 3646 4912 eos

2069 4948 2443 5010 observarent,
2475 4945 2567 5015 qui
2594 4953 2777 5000 essent
2820 4945 2927 5000 tale
2953 4946 3082 5016 quid
3118 4947 3353 5015 dicturi;
3392 4948 3496 5005 illis
3522 4965 3644 5006 om-

2069 5037 2230 5093 nibus
2290 5037 2635 5108 contemptis,
2671 5047 2927 5107 tanquam
2984 5038 3142 5094 vanis
3191 5041 3531 5109 strepitibus,
3589 5052 3646 5098 et

2065 5130 2255 5186 dicens
2278 5144 2387 5187 non
2427 5142 2551 5187 esse
2579 5144 2763 5198 suum,
2792 5131 2888 5187 sed
2921 5142 3211 5201 puerorum
3256 5133 3384 5188 talia
3418 5135 3647 5190 horrere

2022 5266 2027 5269 .
2067 5221 2325 5289 tonitrua,
2359 5221 2534 5279 leonis
2570 5222 2876 5296 suscipiens
2907 5224 3195 5294 impetum,
3234 5232 3363 5282 cum
3392 5227 3485 5282 Dei
3510 5236 3648 5284 tem-

2066 5312 2216 5383 plum
2245 5321 2392 5368 esset
2414 5313 2714 5383 ingressus,
2745 5323 2800 5369 et
2853 5323 3168 5385 suggestum
3217 5316 3650 5381 conscendisset,

2076 5407 2130 5461 in
2156 5422 2265 5474 quo
2294 5406 2474 5464 solent
2525 5406 2707 5476 legere
2735 5407 3070 5472 sacerdotes,
3125 5421 3286 5461 manu
3324 5407 3527 5478 popqu
3577 5410 3654 5463 si-

2074 5498 2339 5570 gniﬁcans
2374 5497 2673 5563 silentium,
2722 5500 3019 5568 vocemque
3058 5497 3311 5554 attollens
3342 5516 3357 5552 :
3412 5496 3469 5553 Si
3505 5500 3653 5570 quis,

2076 5590 2282 5662 inquit,
2306 5601 2540 5662 quatuor
2573 5597 2795 5646 sanctas
2819 5590 3056 5661 Synodos
3087 5606 3195 5647 non
3228 5592 3362 5648 tanti
3391 5607 3515 5649 esse
3536 5592 3655 5648 exi-

451 5752 568 5824 (35)
600 5752 882 5809 Cedrenus
956 5750 1151 5806 scribit
1192 5748 1393 5805 multos
1440 5748 1748 5820 episcopos,
1817 5749 1870 5804 in
1933 5747 2166 5819 gratiam
2238 5745 2606 5818 imperatoris,
2641 5743 3086 5824 Chalcedonense
3136 5749 3427 5806 concilium
3484 5748 3661 5820 impu»

374 5838 602 5890 gnasse.
1082 5884 1091 5889 ,

692 5917 979 5979 ῬΑτκοι.
1010 5917 1126 5976 Gn.
1165 5914 1390 5976 CXIV.

3274 5911 3340 5973 l7
