4152 6408
381 338 495 413 ςέδ

1414 336 1595 409 Vm
1636 348 1696 407 δ.
1739 338 2156 410 THEUDOSII
2197 336 2795 412 ccE-Nomanemt.

3552 337 3657 407 ΜΒ

381 460 564 525 σεϐὡς
593 456 709 522 δύο,
738 457 832 512 καὶ
862 454 956 510 δύο
984 456 1132 519 υἱοὺς
1160 457 1506 529 πρεσϐεύειν,
1532 458 1630 513 ενα
1663 461 1763 532 μὲν
1794 462 1885 514 τὸν
1911 463 1975 515 ἐκ

2098 479 2201 517 :nm
2233 464 2572 519 humanitate
2607 478 2621 517 :
2655 463 2791 518 adeo
2822 471 2880 517 ut
2910 476 3031 517 cum
3054 459 3265 516 naturis
3288 459 3423 515 duas
3443 473 3660 531 quoque

376 556 478 612 τοῦ
506 553 727 626 Πατρδς
769 552 904 606 Θεὸν
956 552 1290 623 γεννηθέντα
1348 553 1456 625 ἰδίᾳ
1506 553 1599 607 καὶ
1635 554 1736 607 ἀνὰ
1788 554 1974 625 μέρος,

379 648 577 720 ἕτερον
604 646 664 700 δὲ
694 645 789 699 τὸν
820 646 886 698 ὲκ
915 646 1013 714 τῆς
1063 644 1224 715 ἁγίας
1267 645 1549 715 Παρθένου
1592 645 1777 718 χάριτι
1817 645 1976 717 μόνον

380 740 538 811 αὐτῷ
573 737 897 813 περιάπτων
925 737 984 790 τὸ
1012 738 1111 807 τῆς
1148 737 1428 803 υἱοθεσίας
1465 738 1704 807 ἀξίωμα.

464 1009 555 1056 vs'.
600 998 857 1071 Εὑτυχὴς
904 1002 960 1054 δὲ
994 1003 1087 1055 καὶ
1146 1002 1458 1073 Διόσκορος,
1492 1003 1584 1056 καὶ⁵
1644 1001 1828 1072 μέντοι
1886 1002 1980 1055 καὶ

382 1090 653 1168 Σεύηρος,
681 1097 710 1149 ὁ
734 1094 947 1176 τούτοις
987 1096 1177 1150 ἑαυτὸν
1210 1098 1336 1167 ἄρτι
1369 1094 1717 1168 παραζεύξας
1740 1095 1838 1150 καὶ
1865 1112 1979 1149 κοι-

381 1191 636 1261 νωνῆσαι
670 1186 773 1257 τῆς
821 1187 1078 1251 ἀσεὸείας
1136 1188 1415 1258 ἑλόμενος,
1468 1189 1568 1259 τὴν
1618 1188 1979 1255 ἀτοπωτάτην

384 1277 582 1346 ὥσπερ
612 1276 899 1339 ἐθέλοντες
936 1279 1182 1348 ἀναιρεῖν
1212 1275 1305 1331 τοῦ
1347 1278 1644 1351 Νεστορίου
1689 1272 1975 1349 διαίρεσιν,

387 1370 551 1439 κακῷ
566 1369 626 1422 τὸ
647 1368 822 1422 κακὸν
856 1368 1067 1434 ίῶνται,
1098 1369 1195 1424 καὶ
1231 1371 1495 1441 σύγχυσιν
1519 1372 1613 1425 καὶ
1637 1371 1791 1425 αὐτοὶ
1816 1371 1979 1424 πάλιν

390 1460 637 1530 ἀνοήτως
668 1460 1033 1531 ἐπιτολμῶσι,
1084 1462 1215 1531 μίαν
1270 1466 1364 1517 καὶ
1394 1465 1492 1535 τὴν
1551 1463 1721 1535 αὐτὴν
1776 1464 1979 1535 ὀνομά-

401 1552 588 1614 ζοντες
621 1550 782 1619 φύσιν
815 1551 1073 1620 θεότητός
1109 1570 1168 1606 τε
1195 1553 1290 1608 καὶ
1316 1555 1760 1625 ἀνθρωπότητος,
1781 1556 1874 1609 καὶ
1900 1556 1981 1619 είς

409 1643 582 1704 πάθος
611 1643 671 1694 τό
697 1659 756 1710 γε
802 1643 885 1707 είς
913 1644 1110 1708 αὐτοὺς
1162 1641 1320 1718 ἧκον,
1382 1648 1456 1718 μὴ
1505 1640 1795 1712 ὀκνοῦντες
1850 1666 1982 1702 κατ-

407 1733 566 1803 άγειν
582 1734 636 1788 τὸ
661 1735 864 1799 ἀπαθὲς
883 1736 1273 1808 τῆς⁹θεότητος.
1296 1738 1358 1791 Ei
1377 1740 1485 1810 γὰρ
1511 1732 1612 1809 μεία
1634 1740 1755 1793 κατ’
1782 1740 1981 1803 αὐτοὺς

2080 553 2235 607 valde
2270 553 2435 623 impie
2465 553 2780 608 defenderet
2817 552 3160 624 hypostascs,
3214 559 3268 605 et
3301 550 3440 605 duos
3490 553 3661 604 intru-

2082 644 2305 698 dnceret
2362 642 2525 707 filios,
2582 659 2747 697 unum
2811 643 3029 712 quidem
3089 634 3280 707 Deum,
3312 641 3552 712 genitum
3592 655 3660 696 ex

2086 735 2246 791 Patre
2283 750 2528 791 seorsum
2576 744 2630 789 et
2663 735 2979 805 separatim,
3033 733 3260 788 alterum
3294 750 3446 800 vero,
3472 734 3565 805 qui
3595 749 3662 788 ex

2084 837 2272 913 salicta
2302 827 2543 898 Virgine,
2602 842 2697 896 per
2729 827 2957 899 gratiam
2990 826 3160 880 solum
3220 827 3268 880 ei
3302 827 3545 883 tribuens
3582 828 3664 882 di-

2081 921 2339 992 gnitatem
2371 923 2698 992 adoptionis.

2156 1000 2245 1068 55.
2285 1013 2557 1084 Entyches
2592 1024 2773 1067 autem
2825 1022 2878 1067 et
2931 1012 3240 1079 Dioscorus,
3279 1024 3441 1084 atque
3498 1016 3662 1070 etiam

2086 1104 2344 1169 Severus,
2388 1104 2479 1175 qui
2534 1120 2594 1159 se
2646 1105 2727 1159 eis
2781 1119 2956 1174 nuper
2988 1103 3254 1172 adjunxit,
3283 1114 3338 1160 et
3370 1105 3665 1175 impietatis

2083 1197 2245 1269 elegit
2277 1212 2396 1253 esse
2427 1197 2719 1265 particeps,
2754 1207 2811 1251 ut
2843 1197 2935 1266 qui
2976 1195 3177 1251 vellent
3214 1195 3664 1251 absurdissimam

2084 1276 2319 1344 Nestorii
2350 1288 2540 1345 tollere
2579 1289 2923 1353 divisionem,
2984 1284 3185 1344 malum
3219 1286 3668 1363 malo‘ntediean-

2087 1395 2173 1436 tur
2200 1400 2213 1435 :
2247 1393 2297 1435 et
2330 1381 2429 1451 ipsi
2453 1396 2668 1451 qtthtte
2685 1397 2879 1436 rursus
2910 1381 3074 1437 stulte
3095 1381 3296 1437 audent
3320 1380 3669 1436 introducere

2083 1474 2484 1540 confusionem,
2520 1489 2679 1528 unam
2704 1484 2753 1529 et
2775 1474 3021 1528 eamdem
3052 1464 3396 1530 nominantes
3418 1485 3667 1530 naturam

2087 1565 2384 1621 divinitatis
2416 1575 2468 1620 et
2502 1554 2875 1630 humanitatis,
2902 1572 2957 1620 et
3016 1565 3081 1618 ad
3110 1564 3442 1634 passiOnem,
3495 1580 3668 1634 quan-

2089 1666 2201 1712 tum
2234 1659 2300 1712 ad
2346 1672 2441 1712 eos
2502 1656 2793 1721 attinebat,
2825 1670 2930 1711 non
2975 1664 3223 1710 verentes
3255 1655 3528 1713 deducere
3566 1655 3668 1713 im-

2087 1749 2367 1821 patibilem
2400 1747 2762 1802 divinitatem.
2791 1734 2848 1800 Si
2873 1746 3015 1801 enim
3040 1760 3230 1801 eorum
3264 1747 3536 1803 sententia
3563 1763 3668 1802 una

402 1832 435 1897 ὴ
469 1828 564 1881 τοῦ
597 1827 834 1895 Χριστοῦ
874 1828 1057 1898 φύσις,
1100 1831 1129 1882 ὁ
1158 1828 1214 1882 δὲ
1256 1829 1390 1903 Θεὸς
1423 1832 1518 1885 καὶ⁵
1550 1830 1837 1903 ἄνθρωπος
1855 1832 1983 1884 ἁτε-

2098 1810 2173 1896 est
2229 1839 2434 1894 Christi
2484 1847 2697 1901 natura,
2746 1838 2793 1893 is
2847 1847 3028 1892 autem
3058 1847 3142 1892 est
3173 1852 3360 1893 revera
3410 1838 3554 1895 Deus
3615 1850 3672 1894 et

397 1921 565 1991 χνῶς,
587 1920 988 1990 κεκοινώνηκεν
1021 1920 1129 1992 ἄρα
1157 1922 1389 1976 θανάτου
1421 1927 1514 1977 καὶ
1544 1924 1812 1996 ὴθεότης.
1842 1923 1985 1977 Ἀλλ’

398 2013 717 2084 ἑμφραγείη
757 2014 974 2079 τούτοις
996 2013 1271 2086 τὰιμιαρὰ
1297 2014 1564 2087 στόματα,
1593 2017 1691 2070 καὶ
1709 2016 1872 2069 κακοὶ
1894 2033 1987 2069 κα-

397 2105 511 2168 κῶς
531 2106 719 2170 αὐτοῖς
760 2106 1027 2176 δόγμασιν
1087 2106 1503 2162 ἀπολέσθωσαν.
1547 2107 1892 2179 Ἐπιτιμάτω
1930 2108 1988 2160 εὶ

396 2198 584 2262 αὐτοῖς
612 2191 709 2252 καὶ
744 2201 773 2252 ὁ
810 2198 1084 2269 μακάριος
1134 2198 1363 2272 Πέτρος,
1424 2200 1665 2270 Χριστοῦ
1720 2200 1990 2265 παθόντος

396 2290 542 2360 ὑπὲρ
575 2289 734 2359 ἡμῶν
762 2291 925 2361 σαρκὶ
946 2291 1141 2359 λέγων,
1168 2292 1286 2346 ἀλλ’
1317 2292 1439 2362 οὐχὶ
1463 2293 1557 2346 καὶ
1586 2292 1800 2364 Θεότητι
1821 2309 1989 2364 προσ-

396 2381 599 2445 Ϋιθείς.
636 2382 700 2435 ΕΞ
738 2383 848 2451 γὰρ
878 2382 973 2436 καὶ
1003 2382 1127 2436 κατ’
1158 2383 1347 2438 οὐσίαν
1394 2384 1427 2454 ὴ
1472 2384 1564 2436 τοῦ
1593 2382 1834 2455 Χριστοῦ
1867 2382 1987 2436 θεό-

395 2491 499 2544 της
528 2474 841 2545 πασχούση,
870 2474 1049 2546 ἦνωτο
1107 2476 1174 2544 τῇ
1237 2475 1420 2544 σαρκὶ,
1446 2473 1561 2526 ἀλλ’
1593 2474 1714 2544 οὐχὶ
1754 2474 1849 2527 καὶ
1878 2489 1993 2527 κοι-

396 2566 572 2629 νωνὲς
601 2565 868 2636 οὐμενοῦν
922 2566 1061 2635 αὑτὴ
1084 2566 1176 2619 τοῦ
1199 2565 1406 2629 πάθους
1437 2565 1648 2634 ἐγίνετο
1666 2582 1680 2596 ο
1710 2564 1827 2628 πῶς
1847 2564 1988 2635 γάρ;

398 2660 528 2712 ἐπεὶ
561 2658 913 2712 παντάπασιν
943 2657 1157 2723 ἀπαθὲς
1186 2660 1248 2712 τὸ
1276 2659 1457 2713 Θεῖον.
1487 2658 1793 2729 Τοιγαροῦν
1816 2657 1992 2728 ὀρθῶς

399 2751 549 2820 ἄγαν
583 2751 680 2805 καὶ
709 2750 969 2818 ἀσφαλῶς
992 2751 1099 2803 ὑπὸ
1136 2752 1239 2820 τῆς
1282 2751 1435 2820 ίερᾶς
1486 2749 1690 2820 ταύτης
1737 2749 1990 2821 ἐκυρώθη

404 2844 655 2907 συνόδου,
688 2842 783 2896 δύο
818 2842 1013 2910 φύσεις
1053 2841 1303 2913 θεότητός
1340 2859 1400 2896 τε
1447 2844 1542 2897 καὶ
1573 2842 1993 2913 ἀνθρωπὸτητος

402 2936 760 3005 ἁσυγχύτως.
795 2937 1105 3007 ἀτρέπτως,
1147 2936 1566 3007 ἀδιαιρέτωςὲν
1600 2939 1700 3007 μιᾷ
1728 2935 1994 3006 τιμᾶσθαι

402 3034 471 3101 τῇ
508 3030 831 3096 ὑποστάσει,
863 3030 955 3082 τὸν
991 3020 1155 3084 αὑτὸν
1178 3031 1285 3101 πρὸ
1309 3028 1521 3085 αἰώνων
1555 3030 1654 3100 μὲν
1676 3031 1741 3084 ἐκ
1759 3029 1852 3083 τοῦ
1881 3031 1994 3083 Πα-

401 3126 534 3194 τρὸς
573 3123 721 3176 κατὰ
753 3125 844 3176 τὸν
873 3123 969 3193 τῆς
993 3122 1247 3193 θεότητος
1270 3123 1473 3194 δηλαδὴ
1494 3122 1673 3191 λόγον,
1703 3124 1795 3175 ἐπ’
1824 3123 1991 3194 ἐσχά-

401 3234 520 3271 των
551 3216 611 3268 δὲ
643 3216 809 3268 πάλιν
853 3215 916 3269 ἐκ
952 3216 1052 3285 τῆς
1094 3216 1260 3285 ἁγίας
1313 3217 1599 3287 Παρθένον
1635 3215 1992 3286 γεννηθέντα,

403 3310 558 3380 νόμῳ
597 3307 902 3378 καινοτέρῳ
940 3308 1039 3378 τῆς
1071 3307 1513 3378 ἁνθρωπότητος,
1542 3310 1728 3379 ὅμοιον
1771 3309 1850 3379 τῷ
1879 3312 1992 3363 Πα-

401 3407 497 3475 cp".
526 3403 625 3456 καὶ
655 3404 725 3471 τῇ
755 3401 941 3473 Μητρὶ
972 3402 1112 3454 κατὰ
1132 3400 1231 3473 τὴν
1261 3402 1472 3467 οὐσίαν,
1502 3404 1759 3474 ἀμήτορα
1778 3401 1871 3457 τὸν
1899 3401 1997 3456 αύι

400 3493 615 3547 τὺνκαὶ
661 3492 934 3560 ἀπάτορα,
981 3491 1042 3544 τὸ
1089 3491 1189 3561 μὲν
1230 3492 1338 3545 ἀπὸ
1365 3493 1464 3562 τῆς
1494 3494 1644 3547 κάτω
1666 3494 1993 3564 γεννήσεως,

402 3585 465 3638 τὸ
495 3584 554 3638 δὲ
584 3583 694 3636 ἀπὸ
722 3584 819 3652 τῆς
857 3581 971 3635 ἄνω
1026 3582 1206 3646 καλῶς
1249 3584 1676 3654 γινωσκόμενον,
1726 3586 1996 3655 μονογενῆ

406 3678 508 3731 καὶ
540 3675 914 3746 πρωτότοκον,
948 3674 1008 3726 τὸ
1040 3675 1139 3745 μὲν
1166 3676 1307 3729 κατὰ
1336 3675 1434 3745 τὴν
1480 3676 1580 3744 τῆς
1610 3675 1865 3747 θεότητος
1895 3675 2000 3745 φύ-

420 3781 534 3833 σιν,
564 3768 686 3821 οὐδὲ
719 3768 827 3839 γὰρ
858 3766 1085 3835 ἀδελφὸς
1118 3768 1268 3836 αὐτῷ
1297 3768 1419 3822 κατ’
1449 3768 1644 3837 αὐτὴν,
1678 3768 1738 3821 τὸ
1765 3768 1822 3821 δὲ
1856 3769 1998 3822 κατὰ

420 3858 520 3929 τὴν
551 3859 646 3927 τῆς
679 3859 1102 3931 ἁνθρωπότητος
1152 3860 1341 3917 οὐσίαν
1369 3877 1382 3889 ·
1418 3861 1605 3914 πολλοὶ
1648 3861 1757 3933 γὰρ
1794 3862 1844 3914 oi
1881 3861 1998 3931 μετ’

425 3950 592 4005 αὐτὸν
665 3952 1066 4024 υίοθετηθέντες
1120 3951 1200 4023 τῷ
1265 3953 1443 4024 Harp).
1516 3953 1603 4006 διὰ
1665 3951 1757 4007 τοῦ
1801 3952 1998 4023 βαπτί-

431 4058 651 4111 σματος.

489 4221 585 4287 νς’.
621 4222 809 4277 Ταῦτα
850 4223 1143 4295 τοιγαροῦν
1194 4224 1290 4279 καὶ
1322 4225 1391 4278 τὰ
1427 4224 1640 4287 τούτοις
1667 4225 1829 4295 ὃμοια
1858 4223 2004 4279 διδά-

416 4335 566 4370 σκων
593 4320 802 4379 ἐκεῖνος
842 4316 1114 4388 ἐλευθέρᾳ
1144 4316 1357 4390 γλώττῃ
1390 4317 1489 4371 καὶ
1512 4317 1797 4389 παρρησίᾳ
1824 4318 2005 4382 καλῶς

414 4412 859 4484 ύτ.οτεθηγμὲνῃ,
888 4412 1011 4464 επεὶ
1032 4411 1192 4463 πλέον
1216 4409 1428 4479 ἀνῆπτε
1452 4410 1528 4481 τῷ
1563 4410 1773 4480 βασιλεί
1807 4412 1898 4465 τὸν
1911 4412 2007 4465 θυ-

2090 1937 2273 2001 homo,
2308 1934 2408 1989 fuit
2435 1950 2564 2005 ergo
2622 1933 2876 1988 divinitas
2905 1933 3096 1988 mortis
3125 1948 3341 2002 quoque
3374 1934 3665 2005 particeps.

2092 2026 2198 2080 Sed
2242 2023 2511 2080 scelerata
2577 2024 2660 2080 his
2698 2040 2791 2078 ora
2856 2022 3229 2089 obstruantur,
3263 2033 3316 2077 et
3348 2024 3474 2080 mali
3534 2027 3673 2082 male

2091 2133 2213 2171 cum
2244 2117 2358 2172 suis
2405 2125 2630 2181 pereant
2682 2116 3047 2185 dogmatibus.
3085 2113 3189 2170 Eos
3222 2126 3402 2173 autem
3432 2117 3675 2188 increpzt

2092 2213 2280 2263 beatus
2337 2223 2553 2279 quoque
2612 2207 2827 2270 Petrus,
2880 2206 3092 2262 Christo
3153 2224 3308 2277 passo
3358 2224 3454 2278 pro
3522 2210 3673 2264 nobis

2091 2316 2266 2364 corna,
2318 2299 2504 2353 dieens
2536 2300 2607 2364 “,
2635 2282 2733 2354 sed
2780 2314 2883 2353 non
2917 2297 3140 2363 addens,
3191 2298 3496 2356 divinitate.
3536 2299 3669 2356 Nam

2092 2395 2193 2449 etsi
2228 2394 2372 2463 quod
2408 2391 2602 2447 attinet
2660 2391 2727 2446 ad
2781 2393 3096 2455 essentiam,
3129 2391 3277 2447 unita
3305 2403 3422 2448 erat
3470 2392 3676 2450 Christi

2094 2484 2350 2539 divinitas
2387 2483 2541 2559 carni
2574 2482 2821 2553 patienti,
2865 2499 2971 2537 non
3026 2480 3130 2536 fuit
3161 2490 3340 2537 tamen
3373 2483 3487 2554 ipsa
3526 2484 3676 2541 socia

2097 2577 2386 2647 passionis.
2420 2573 2556 2629 Nam
2606 2574 2879 2645 quomodo
2904 2573 3191 2629 essetiest
3225 2574 3368 2629 enim
3419 2574 3679 2632 divinitas

2095 2668 2318 2723 omnino
2345 2667 2686 2737 impatibilis.
2729 2667 2892 2722 Recte
2922 2680 3053 2736 ergo
3083 2675 3135 2720 et
3177 2682 3369 2722 secure
3415 2668 3680 2736 prtedica-

2098 2769 2207 2814 tum
2238 2768 2322 2813 est
2355 2758 2424 2813 ab
2472 2759 2575 2813 hac
2606 2768 2792 2813 sancta
2826 2758 3051 2829 synodo,
3090 2758 3225 2812 duos
3275 2767 3497 2814 naturas
3534 2760 3678 2813 divi-

2098 2852 2287 2907 uitatis
2323 2859 2378 2906 et
2438 2851 2813 2914 humanitatis,
2876 2847 3180 2915 inconfuse,
3239 2850 3676 2917 immutabiliter,

2096 2944 2233 2999 citra
2267 2943 2614 3009 divisionem,
2650 2944 2702 2997 in
2756 2957 2862 2997 una
2907 2942 3166 2999 honorari
3203 2959 3435 3015 persona
3467 2960 3484 2999 :
3526 2961 3680 3001 cum-

2098 3033 2219 3089 dem
2257 3044 2383 3088 ante
2413 3033 2609 3089 srecula
2662 3033 2879 3102 quidem
2910 3034 3148 3103 genitum
3197 3049 3263 3089 ex
3324 3036 3507 3102 Patre,
3534 3038 3679 3105 quod

2024 3157 2066 3214 ο
2102 3125 2296 3180 attinet
2325 3125 2542 3195 quidem
2575 3125 2643 3179 ad
2698 3124 3078 3188 divinitatem;
3111 3124 3163 3178 in
3200 3124 3465 3181 extremis
3494 3135 3676 3180 autem

2101 3230 2292 3270 rursus
2330 3215 2667 3285 temporibus
2705 3224 2889 3269 natum
2947 3229 3014 3270 ex
3043 3222 3234 3270 sancta
3286 3213 3532 3286 Virgine,
3595 3231 3684 3271 re-

2100 3310 2331 3366 centiori
2361 3309 2482 3383 lege
2523 3307 2922 3364 humanitatis:
2954 3309 3094 3378 patri
3131 3315 3185 3363 et
3237 3308 3395 3364 matri
3443 3308 3679 3365 similem

2100 3400 2338 3458 essentia
2365 3416 2397 3467 ;_
2416 3399 2665 3454 eumdem
2696 3399 2816 3455 sine
2846 3408 3005 3470 patre
3038 3409 3093 3454 et
3125 3399 3244 3455 sine
3264 3409 3432 3456 matre
3461 3418 3475 3455 :
3509 3400 3683 3469 utqui

2102 3494 2236 3550 illud
2288 3493 2507 3563 quidem
2557 3492 2786 3562 pulchre
2811 3506 2935 3547 esse
2962 3501 3320 3560 cognoscatur
3354 3507 3419 3547 ex
3448 3507 3534 3558 ea,
3561 3507 3685 3561 quae

2104 3587 2313 3641 inferne
2350 3584 2474 3651 fuit,
2506 3584 2881 3654 generatione,
2913 3584 3016 3638 hoc
3047 3598 3176 3638 vero
3202 3598 3267 3639 ex
3316 3599 3401 3647 ea,
3430 3599 3551 3652 qua:
3577 3598 3686 3638 sum

2101 3692 2292 3749 perne,
2319 3676 2679 3746 unigenitum,
2714 3687 2768 3729 et
2793 3674 3212 3745 primogenitum
3246 3693 3261 3729 :
3286 3674 3415 3728 illud
3442 3674 3684 3744 quidem,

2103 3769 2249 3841 quod
2279 3764 2476 3824 attinet
2517 3768 2582 3822 ad
2616 3776 2865 3821 naturam
2906 3766 3211 3821 divinitatis
3258 3782 3275 3822 :
3313 3780 3488 3836 neque
3512 3766 3684 3834 enim,

2104 3863 2247 3933 quod
2305 3861 2373 3915 ad
2437 3874 2558 3916 eam
2617 3858 2838 3923 attinet,
2888 3867 2972 3914 est
3027 3859 3076 3912 ei
3133 3857 3333 3926 frater;
3394 3859 3497 3914 hoc
3534 3873 3685 3929 vero,

2103 3955 2249 4026 quod
2276 3953 2470 4008 attinet
2498 3951 2565 4005 ad
2604 3951 2898 4006 essentiam
2934 3950 3286 4005 humanitatis
3310 3966 3328 4005 :
3354 3948 3507 4004 multi
3535 3950 3684 4006 enim

2106 4053 2232 4118 post
2278 4059 2404 4100 eum
2442 4042 2665 4098 fuerunt
2716 4055 2746 4094 a
2793 4039 2968 4095 Patro
3018 4039 3071 4095 in
3123 4038 3264 4095 filios
3293 4038 3532 4107 adoptati
3589 4054 3689 4111 per

2108 4137 2402 4207 baptisma.
3096 4156 3101 4159 “

2180 4232 2270 4287 56.
2300 4229 2427 4285 llaec
2483 4242 2615 4299 ergo
2665 4235 2720 4281 et
2755 4227 2840 4282 his
2873 4227 3076 4284 similia
3107 4226 3313 4283 docens
3356 4228 3450 4284 illa
3504 4227 3688 4298 lingua

2109 4322 2301 4382 libera.
2336 4330 2391 4374 et
2421 4333 2581 4388 quam
2613 4318 3195 4374 acueratconlidenter
3218 4318 3471 4389 loquendi
3507 4318 3691 4373 auda-

2111 4415 2217 4479 cia,
2247 4413 2504 4483 quoniam
2552 4412 2939 4481 imperatorem
2975 4413 3042 4467 ad
3070 4411 3208 4467 iram
3246 4414 3417 4482 magis
3439 4423 3696 4482 provoca-

415 4509 541 4577 μὸν,
573 4504 866 4572 ἀειφυγίαν
896 4499 1171 4557 ὑπἀὐτοῦ
1201 4502 1592 4571 κατακρίνεται
1614 4519 1626 4533 ο
1654 4502 1994 4568 ὑπ’ὲκείνου,

2112 4517 2284 4571 verat,
2315 4505 2384 4561 ab
2416 4521 2482 4561 eo
2508 4514 2769 4576 perpetuo
2807 4507 3096 4560 damnatur
3116 4506 3311 4560 exsilio
3343 4523 3357 4559 :
3389 4505 3457 4559 ab
3491 4519 3578 4572 eo,
3611 4507 3696 4561 in-

414 4596 544 4665 φεῦ,
580 4596 680 4648 τοῦ
712 4597 810 4666 τὴν
835 4594 1109 4664 ἄφευκτον
1138 4595 1356 4664 ἐξορίαν
1388 4594 1491 4664 ἤδη
1535 4594 1636 4663 τὴν
1664 4595 1883 4659 ἑαυτοῦ,
1910 4597 2005 4648 καὶ

414 4691 521 4758 τὴν
545 4686 820 4751 ἐντεῦθεν,
864 4688 1197 4757 μετάστασιν
1228 4672 1470 4758 ἥκουσαν
1520 4686 1866 4752 ἀγνοοῦντος.
1894 4688 2008 4740 Καὶ

416 4781 511 4833 διὰ
546 4779 705 4832 τοῦτο
737 4778 900 4841 αὐτὸς
936 4779 1033 4848 μὲν
1059 4778 1156 4846 τῆς
1193 4775 1340 4846 ζωῆς
1380 4775 1477 4829 νῦν
1521 4776 1655 4844 γοῦν
1709 4778 1814 4848 τῆς
1860 4796 2007 4851 παρ-

415 4873 614 4941 ούσης,
644 4874 674 4925 ὁ
704 4873 761 4925 δὲ
786 4872 928 4935 θεῖος
971 4865 1128 4934 οὗτος
1161 4870 1302 4941 ἀνὴρ
1332 4872 1432 4937 τῆς
1478 4874 1662 4942 φυγῆς
1710 4872 1872 4937 εὐθὺς
1902 4874 2010 4927 άπ-

417 4964 785 5017 ἀλλάττεται·
814 4965 909 5015 καὶ
954 4963 983 5014 ὁ
1004 4962 1229 5031 σφοδρὸς
1268 4961 1478 5015 κλύδων
1503 4963 1710 5025 ἐκεῖνος
1740 4965 1861 5027 ταῖς
1890 4963 2011 5017 ’θοι-

419 5054 683 5124 κλησίαις
736 5053 1046 5123 κοιμίζεται
1103 5053 1285 5105 νεύσει
1337 5054 1556 5117 πάντως
1596 5052 1691 5106 τοῦ
1731 5053 2014 5117 ποιοῦντος

421 5150 602 5216 κρῖμα
634 5150 744 5208 τοῖς
776 5144 1179 5214 ἀδικουμένοις,
1215 5144 1312 5197 καὶ
1340 5143 1577 5214 δόγματι
1601 5142 1883 5216 θειοτέρῳ.
1905 5145 2015 5198 Καὶ

418 5240 472 5292 οἱ
520 5237 622 5306 μὲν
657 5237 972 5307 λῃστρικῶς
1013 5236 1248 5299 ταύταις
1299 5236 1762 5306 ἐπιπηδήσαντες,
1812 5236 1841 5290 ὃ
1882 5237 2016 5310 δρᾷν

419 5330 653 5399 ἔμελλον
677 5332 833 5383 αὐτοὶ
862 5329 1165 5384 πεπόνθασι
1204 5328 1427 5400 μᾶλλον,
1478 5329 1667 5401 ὥσπερ
1720 5331 2013 5401 ὀστράκου,

423 5425 588 5493 φασὶ,
641 5423 1044 5493 μεταπεσόντος
1084 5425 1184 5477 καὶ
1256 5423 1526 5497 ὑπερορίᾳ
1572 5425 2013 5491 κατεδικάζοντο.

499 5541 550 5573 ³³
592 5539 783 5596 lPetr.
826 5557 900 5608 tv,
934 5542 987 5598 1.

508 5696 624 5770 (37)
654 5698 869 5755 Interiit
917 5695 1165 5770 fulmine,
1219 5706 1276 5753 ιιι
1305 5698 1553 5770 plerique
1592 5699 1858 5764 scribunt,
1891 5717 2020 5757 exa-

508 5716 624 5770 ισι)
654 5716 869 5755 ιιιιετιιι
917 5716 1165 5761 ιιιιιιιιιιο,
1219 5716 1276 5753 ιιι
1345 5716 1553 5767 tertque
1592 5716 1858 5764 sernmnt,
1891 5717 2012 5757 exa-

432 5770 707 5833 nimatus,
758 5784 902 5824 anno
961 5764 1066 5825 518
1102 5767 1233 5824 feria
1297 5716 1339 5823 ξ
1380 5770 1602 5840 majoris
1661 5770 2012 5828 hebdomadas

2112 4616 2296 4672 quam,
2329 4600 2418 4668 qui
2446 4600 2557 4669 jam
2584 4598 2950 4654 inevitabiiem
2981 4613 3133 4653 suam
3158 4596 3692 4664 exterminationem,

2113 4704 2168 4749 et
2196 4707 2319 4762 quae
2353 4692 2485 4746 hinc
2509 4699 2630 4746 erat
2674 4690 2876 4757 futura,
2905 4690 3208 4745 venientem
3257 4690 3544 4760 ignorabat
3593 4691 3697 4747 mi-

2115 4786 2444 4857 grationem.
2481 4782 2548 4837 Et
2600 4781 2721 4838 ideo
2753 4783 2868 4851 ipse
2894 4780 3114 4850 quidem
3157 4796 3187 4835 a
3217 4782 3328 4835 vita
3379 4792 3507 4837 tunc
3563 4797 3698 4852 prm-

2116 4887 2270 4936 sente.
2299 4878 2435 4949 (57),
2467 4876 2554 4931 hic
2592 4884 2771 4930 autem
2809 4874 2893 4928 vir
2921 4873 3183 4928 divinitus
3215 4872 3475 4928 liberatur
3506 4874 3692 4929 statim

2119 4973 2185 5027 ab
2228 4970 2455 5034 exsilio;
2491 4977 2547 5022 et
2577 4962 2869 5023 vehemens
2904 4964 2996 5020 ille
3026 4965 3225 5021 ﬂuctus
3246 4967 3470 5021 sedatur
3513 4964 3700 5021 Eccle-

2117 5062 2238 5129 siis,
2274 5069 2407 5116 nutu
2447 5059 2565 5129 ejus
2597 5056 2759 5127 plane
2789 5055 2882 5125 qui
2924 5055 3055 5110 facit
3082 5055 3350 5126 judicium
3385 5055 3475 5123 iis,
3499 5056 3700 5127 quibus

2121 5156 2181 5209 [lt
2221 5154 2449 5223 injuria,
2482 5160 2539 5206 et
2565 5149 2832 5207 diviniore
2864 5148 3105 5203 decreto.
3137 5145 3205 5203 Et
3241 5147 3331 5219 qui
3364 5147 3418 5203 in
3446 5163 3538 5204 eas
3563 5148 3702 5221 qui-

2120 5246 2241 5300 dem
2278 5243 2596 5315 przndonum
2627 5240 2800 5295 instar
2850 5235 3110 5307 impetum
3144 5236 3413 5303 fecerant,
3449 5253 3590 5310 quoe
3614 5236 3700 5293 fa-

2122 5334 2262 5388 cturi
2294 5341 2472 5397 erant,
2502 5331 2601 5403 ipsi
2638 5328 2785 5401 passi
2819 5338 2950 5384 sunt
2977 5347 2991 5384 :
3021 5339 3076 5384 et
3106 5336 3265 5396 testa,
3296 5336 3357 5383 ut
3383 5337 3469 5384 est
3495 5329 3549 5385 in
3577 5343 3705 5400 pro-

2123 5426 2331 5493 verbio,
2369 5438 2636 5483 conversa
2682 5421 2922 5481 damnati
2966 5430 3093 5477 sunt
3121 5420 3337 5476 exsilio.
3381 5418 3486 5488 Qui
3521 5431 3702 5479 autem

2121 5701 2465 5826 JHrnprilis.
2526 5699 2800 5758 Successit
2851 5700 2926 5757 illi
2989 5698 3231 5756 Justin'ts
3265 5713 3409 5755 anno
3448 5697 3706 5783 eodem?

2157 5789 2188 5826 ιι
2216 5788 2273 5826 ll.
3670 5794 3677 5799 ”
