4152 6408
492 368 593 431 E27

1708 367 1993 430 MENSIS
2033 369 2494 431 JANUARIUS.

3658 370 3766 433 5‘28

490 480 700 543 expulsi
745 480 958 535 fuerant
994 494 1024 534 e
1050 476 1163 534 suis
1196 476 1446 540 sedibus,
1483 478 1533 531 in
1568 492 1660 533 eas
1695 479 1927 549 gloriose
1952 491 2080 537 sunt

2190 480 2255 535 Ui
2284 483 2341 537 δέ
2375 500 2439 551 γε
2474 483 2583 541 τῶν
2610 483 2825 538 οἰκείων
2876 482 3262 547 ἀπελαθέντες,
3293 483 3379 536 ἐπ’
3408 483 3611 547 αὐτοὺς
3656 484 3766 537 πά-

490 573 767 637 rcstituli,
817 582 869 629 et
915 572 1063 642 gregi
1127 585 1225 625 suo
1282 570 1657 640 unusquisque
1703 573 1945 628 redditus
1998 584 2083 629 est

2186 572 2266 627 λιν
2294 575 2534 639 εὐκλεῶς
2558 575 2916 642 ἀνεσώζοντο,
2943 575 3038 630 καὶ
3065 578 3133 645 τῇ
3164 577 3366 648 ποίμνῃ
3396 574 3600 630 τούτων
3628 575 3763 630 ἔκα-

489 666 837 720 mirabiliter.

557 759 644 811 57.
679 759 769 815 Sic
811 757 898 810 ille
928 766 1306 821 conservatus,
1357 770 1460 808 non
1497 754 1561 809 iis
1615 754 1811 819 solum,
1850 756 1937 823 qui
1982 755 2081 809 ad-

489 859 643 905 erant
677 857 732 904 et
780 849 1101 919 spectabant
1130 848 1460 916 certamina,
1511 847 1605 903 sed
1666 846 1735 902 iis
1766 847 1954 911 etiam,
1987 849 2079 916 qui

488 944 709 997 omnino
738 943 899 1013 longe
925 950 1082 996 erant
1110 940 1327 1009 remoti,
1386 940 1488 995 fuit
1512 940 1810 995 admonitio
1845 949 1900 994 et
1934 940 2082 995 zelus

485 1032 551 1086 ad
583 1032 864 1087 virtutem.
908 1030 1042 1086 Nam
1092 1047 1214 1086 cum
1244 1030 1312 1088 de
1337 1045 1403 1085 eo
1456 1030 1879 1097 intellexissent,
1915 1037 1968 1085 et
1988 1031 2078 1098 qui

486 1125 699 1185 veteris,
722 1123 908 1182 Romae
940 1124 1122 1179 sedem
1146 1125 1371 1194 pulchre
1398 1123 1632 1189 tenebat,
1661 1124 1731 1192 (is
1751 1131 1931 1179 autem
1963 1132 2082 1177 erat

486 1217 751 1288 Agapitus
782 1216 895 1288 (38)
926 1225 979 1272 et
1034 1216 1125 1287 qui
1162 1215 1559 1271 Antiochenam
1624 1213 1810 1270 sedem
1858 1214 2081 1284 regebat

487 1311 747 1382 Ephraim
803 1309 949 1383 (39);
1005 1311 1105 1380 ipsi
1162 1323 1376 1380 quoque
1424 1308 1621 1364 litteris
1656 1318 1861 1363 rectam
1911 1307 2075 1364 [idem

487 1404 899 1477 pradicabant:
931 1404 982 1458 in
1008 1403 1206 1472 quibus
1237 1402 1401 1458 multa
1436 1417 1652 1473 quoque
1694 1414 1824 1459 sunt
1858 1402 1926 1457 ad
1964 1402 2081 1456 lau-

489 1498 609 1554 dcm
646 1498 810 1565 hujus
846 1496 991 1551 beati
1011 1496 1334 1565 composita,
1372 1511 1492 1566 quze
1522 1511 1627 1550 non
1656 1494 1918 1550 minorem
1950 1493 2081 1549 alle-

490 1590 679 1644 rebant
720 1586 950 1657 gloriam
1000 1586 1103 1650 iis,
1150 1585 1242 1655 qui
1295 1585 1653 1655 scripserant,
1704 1599 1866 1655 quam
1901 1585 1950 1641 ei
1981 1585 2075 1654 qui

485 1678 836 1746 laudabatur;
900 1678 1045 1747 quod
1101 1691 1207 1732 non
1259 1678 1325 1732 ad
1363 1678 1617 1746 gratiam,
1663 1674 1765 1747 sed
1819 1675 1978 1746 plane
2012 1677 2080 1730 ad

487 1771 773 1826 veritatem
836 1768 991 1825 ﬁeret
1044 1768 1305 1821 laudatio.
1344 1765 1610 1834 Quoniam
1638 1776 1818 1821 autem
1858 1765 2081 1822 difﬁcile

2188 681 2314 728 στος
2340 668 2405 737 τῇ
2439 668 2545 740 ίδίᾳ
2578 669 2911 741 θαυμαστῶς
2934 673 3271 729 ἀπεδίδοντο.

2255 754 2353 819 νζ’.
2389 756 2577 822 Οὕτως
2600 761 2812 825 ἐκεῖνος
2840 761 3130 827 διασωθεὶς
3174 765 3236 817 οὐ
3262 768 3377 828 τοῖς
3409 764 3643 836 παροῦσι
3667 766 3769 836 μό·-

2183 862 2273 899 νον
2297 848 2395 900 καὶ
2444 848 2666 914 θεαταῖς
2718 851 2830 905 τῶν
2876 852 3128 922 ἀγώνων,
3163 854 3300 909 ἀλλὰ
3323 854 3553 919 καὶτοῖς
3578 857 3772 929 τεόρρω

2184 936 2444 1007 πάμπολυ
2487 939 2833 1009 διεστηκόσιν
2889 942 3195 1012 ὑπόμνησις
3255 944 3394 1015 πρὸς
3437 944 3640 1015 ἀρετὴν
3674 945 3771 997 καὶ

2185 1024 2347 1096 ζῆλον
2368 1027 2631 1098 κατέστη.
2687 1029 2840 1082 Ἐπεὶ
2880 1030 2989 1102 γὰρ
3023 1031 3125 1103 ἤδη
3152 1032 3220 1086 τὰ
3243 1031 3365 1085 κατ’
3386 1033 3548 1087 αὐτὴν
3565 1032 3772 1104 ἔμαθον

2185 1117 2212 1170 ὅ
2242 1133 2300 1169 τε
2333 1116 2432 1184 τῆς
2468 1118 2851 1189 πρεσϐυτέρας
2898 1120 3117 1192 Ῥώμης
3149 1124 3263 1185 τοῖς
3299 1123 3508 1193 θρόνοις
3558 1123 3774 1195 ἐμπρέ-

2185 1225 2325 1269 πων,
2371 1208 2635 1278 Ἀγάπιος
2689 1207 2844 1275 οὗτος
2878 1207 2966 1285 ἦν,
3016 1214 3044 1266 ὅ
3082 1230 3140 1265 τε
3173 1213 3283 1267 τῶν
3309 1215 3407 1285 τῆς
3449 1216 3771 1286 Ἀντιοχέων

2187 1300 2597 1372 ἐπειλημμένος
2642 1304 2841 1374 Ἑφραῖ
2859 1323 2918 1375 μ,
2945 1306 3240 1376 γράμμασι
3257 1308 3519 1361 καῖαὑτοὶ
3553 1312 3650 1380 τὴν
3672 1310 3771 1380 ὀρ-

2185 1392 2286 1463 θὴν
2317 1393 2685 1463 ὰνεκήρυττον
2708 1392 2886 1459 δόξαν,
2914 1395 2972 1446 ὲν
3011 1390 3094 1458 οἷς
3133 1396 3228 1448 καὶ
3276 1394 3447 1450 πολλὰ
3474 1396 3553 1466 τῷ
3590 1414 3775 1467 μακα-

2185 1484 2287 1555 ρίῳ
2323 1485 2461 1555 πρὸς
2510 1484 2734 1540 ἔπαινον
2785 1486 3049 1556 συνετέθη
3116 1490 3229 1551 τοῖς
3286 1489 3561 1559 γράψασιν
3616 1491 3770 1543 οὐδὲν

2182 1569 2346 1647 ἦττον
2381 1575 2413 1645 ἢ
2442 1574 2520 1646 τῷ
2546 1576 2928 1646 ἐπαινουμένῳ
2956 1577 3015 1629 τὸ
3053 1577 3207 1641 κλέος
3252 1580 3664 1648 περιποιοῦντα,
3694 1580 3773 1649 τῷ

2188 1665 2262 1735 μὴ
2299 1664 2435 1736 πρὸς
2460 1665 2643 1735 χάριν,
2682 1665 2817 1718 ἀλλᾶ
2843 1665 3031 1735 σαφῶς
3067 1667 3205 1736 πρὸς
3235 1666 3493 1739 ἀληθειαν
3514 1670 3773 1737 γενέσθαι

2185 1756 2283 1827 τὴν
2312 1757 2611 1829 εὐφημίαν.
2661 1756 2814 1810 Ἐπεὶ
2844 1757 2900 1812 δὲ
2924 1758 3158 1828 χαλεπὸν
3192 1762 3285 1814 καὶ
3324 1762 3465 1815 κατὰ
3499 1762 3666 1832 μέρος
3700 1764 3776 1817 τὰ

486 1875 569 1920 ost
615 1876 905 1919 recensere
934 1862 1117 1918 omnia
1143 1860 1261 1929 ejus
1290 1861 1585 1914 certamina
1623 1874 1720 1929 pro
1770 1859 1873 1913 llde
1889 1860 2077 1914 ortho-

2186 1846 2325 1919 ὑπὲρ
2357 1848 2460 1918 τῆς
2488 1846 2801 1920 ὀρθοδοξίας
2837 1850 3003 1904 αὖτοῦ
3034 1852 3396 1923 παλαίσματα
3420 1855 3771 1924 καταλέγειν,

484 1957 648 2021 doxa,
684 1962 900 2024 oportet
957 1952 1088 2007 illud
1132 1952 1186 2006 in
1239 1964 1451 2005 summa
1497 1949 1703 2013 dicere,
1761 1948 1903 2018 quod
1971 1949 2074 2019 ipsi

487 2062 707 2119 quoque
739 2061 864 2103 cum
913 2046 1181 2115 Propheta
1236 2044 1285 2076 “
1341 2043 1590 2098 inimicos
1645 2041 1849 2098 Christi
1895 2042 2078 2098 odisse

488 2138 807 2194 mirabiliter
866 2136 1088 2191 inerat:
1131 2134 1366 2191 maxime
1422 2140 1604 2188 autem
1645 2132 1966 2188 ostendebat
2018 2146 2078 2187 se

486 2230 728 2285 aversari
777 2227 1070 2300 Origenem
1123 2225 1261 2298 (ιο),
1299 2225 1392 2295 qui
1445 2222 1775 2280 existimavit
1832 2238 1990 2278 suum
2020 2222 2074 2277 in

488 2324 591 2377 hoc
632 2319 941 2393 ponendum
1000 2317 1237 2374 studium
1266 2357 1281 2383 ,
1326 2323 1384 2370 ut
1441 2315 1639 2370 divina:
1703 2312 2073 2383 apostolorum

486 2412 858 2480 prmdlcationi
894 2424 1064 2482 nugas
1101 2416 1419 2466 contexeret
1460 2404 1841 2478 gentilium,et
1868 2404 2078 2462 luderet

489 2512 538 2559 in
573 2504 736 2560 rebus
764 2503 989 2558 minime
1018 2498 1266 2555 ludicris.

2184 1942 2367 1994 ἐκεῖνο
2401 1940 2482 1993 δεῖ
2520 1941 2840 2006 συνελόντας
2868 1944 3065 2007 εἰπεῖν,
3103 1946 3183 1999 ὅτι
3204 1947 3297 1999 καὶ
3327 1946 3477 2017 αὐτῷ
3505 1948 3643 2016 μετὰ
3674 1948 3772 2002 τοῦ

2186 2033 2476 2105 Προφήτου
2498 2034 2622 2097 τοὺς
2650 2033 2879 2106 ἐχθροὺς
2910 2039 3090 2105 μισεῖν
3109 2036 3207 2091 τοῦ
3224 2038 3464 2111 Χριστοῦ
3480 2042 3774 2113 διαφερόν-

2186 2141 2293 2187 τως
2354 2125 2533 2195 ὲπῆν·
2565 2126 2801 2195 μάλιστα
2845 2126 3003 2198 δῆλος
3054 2123 3121 2199 ἦν
3181 2129 3249 2181 τὰ
3296 2130 3605 2202 Ὤριγένους
3664 2134 3775 2187 ὰπ-

2184 2217 2584 2288 εστραμμένος,
2612 2218 2670 2282 ὃς
2703 2218 2780 2288 τῷ
2806 2217 2934 2288 θείῳ
2980 2220 3088 2272 τῶν
3123 2221 3436 2277 ἀποστόλων
3454 2227 3774 2296 κηρύγματι

2179 2307 2385 2380 -λήρους
2412 2310 2682 2379 συνείρειν
2719 2311 3007 2383 Ἑλλήνων,
3055 2315 3147 2367 καὶ
3175 2315 3308 2369 αὐτὸ
3352 2315 3511 2371 τοῦτο
3552 2318 3775 2384 παίζειν

2188 2401 2245 2454 ὲν
2263 2401 2325 2456 οὐ
2358 2407 2609 2466 παικτοϊς
2645 2404 2883 2476 σπουδῆς
2916 2406 3064 2472 ἄξιον
3088 2407 3393 2474 ἐλογίσατο.

1899 2615 2130 2674 CAPUT
2159 2616 2303 2671 XIV.

1304 2734 1507 2791 Cancer
1536 2736 1795 2792 miraculo
1830 2745 2050 2791 curatus
2091 2752 2111 2790 :
2142 2736 2466 2807 frumentum
2498 2734 2928 2804 multiplicatum.

559 2853 649 2909 58.
683 2851 791 2907 Sed
834 2859 1048 2919 tempus
1095 2858 1178 2905 est
1226 2851 1541 2906 transeundi
1574 2850 1639 2905 ad
1669 2865 1754 2915 ea,
1780 2865 1900 2922 qua!
1926 2850 2080 2906 dein—
2107 2858 2151 2915 ο

489 2963 617 3016 ceps
634 2953 960 3014 sequuntur,
997 2952 1052 2997 et
1109 2940 1269 3013 hujus
1309 2944 1409 2998 viri
1440 2944 1718 2999 miraculis
1766 2945 1978 3014 piorum
2012 2958 2077 2998 ac

491 3038 869 3110 religiosorum
918 3035 1142 3091 auribus
1169 3035 1534 3106 gratiﬁcandi.
1571 3036 1705 3091 Nam
1747 3051 1869 3093 cum
1896 3036 2078 3113 impe-

492 3145 640 3189 ratur
665 3131 862 3201 impius
908 3128 1095 3185 edicta
1136 3129 1190 3183 in
1232 3143 1423 3183 omnes
1476 3137 1656 3198 partes
1698 3128 1959 3194 misisset,
2019 3135 2082 3183 ut

491 3238 706 3286 ouines,
748 3236 845 3290 per
904 3220 1138 3275 fantilias
1166 3260 1182 3286 ,
1244 3220 1488 3290 iuqmm,
1525 3228 1583 3276 et
1635 3220 1977 3288 sodalitates,
2024 3221 2079 3275 in

493 3318 742 3372 eumdem
783 3315 958 3368 locum
1020 3313 1410 3379 convenirent;
1450 3323 1812 3386 congregatus
1861 3313 2079 3385 quidem

492 3417 577 3463 est
604 3407 696 3462 hic
740 3418 956 3477 quoque
992 3420 1149 3462 sacer
1191 3414 1367 3462 coctus
1395 3446 1409 3471 ,
1455 3422 1644 3461 senum
1701 3407 1793 3477 qui
1823 3415 1981 3461 erant
2026 3406 2081 3461 in

495 3497 789 3553 solitudine
818 3497 1044 3569 insignis
1064 3498 1322 3563 canities,
1363 3499 1510 3554 circa
1563 3499 1739 3555 locum
1772 3499 1863 3569 qui
1887 3499 2084 3555 dicitur

495 3590 787 3647 Hierateon
842 3590 980 3661 (41),
1025 3606 1147 3646 cum
1216 3592 1492 3647 communi
1548 3603 1703 3663 patre
1756 3603 1810 3649 et
1847 3593 2078 3647 ﬁliorum

494 3696 735 3740 amante.
754 3682 853 3738 Est
885 3693 1065 3738 autem
1093 3685 1218 3748 hoc,
1254 3684 1404 3739 locus
1434 3685 1707 3742 cathedrae
1771 3686 1914 3755 quod
1938 3683 2082 3739 fama

495 3789 578 3833 est
621 3777 895 3834 excitasse
938 3776 1377 3842 Constantinum,
1415 3792 1671 3849 magnum
1730 3777 1874 3833 inter
1908 3778 2084 3848 impe-

498 3881 710 3927 ratores
739 3889 752 3926 :
790 3870 843 3924 in
863 3881 972 3939 quo
1004 3882 1124 3923 mos
1163 3877 1268 3936 est,
1296 3870 1388 3940 qui
1438 3881 1701 3940 perpetuo
1735 3879 2083 3936 servatur,ut

494 3978 629 4017 crux
659 3961 969 4016 veneranda
994 3960 1288 4029 quotannis
1314 3960 1601 4015 exaltetur.

566 4052 658 4108 59.
689 4051 945 4117 Quadam
970 4058 1148 4105 autem
1185 4049 1399 4115 mulier,
1428 4065 1550 4120 qua:
1579 4050 1768 4106 morbo
1798 4050 2085 4106 laborabat

499 4146 549 4196 in
577 4139 809 4195 mamilla
833 4140 1112 4210 (cancrum
1137 4153 1257 4193 eum
1306 4140 1483 4194 solent
1513 4140 1795 4196 nominare
1826 4141 2078 4211 medici):

497 4238 677 4304 etjam
703 4207 865 4301 longo
896 4241 1140 4300 tempore
1171 4231 1239 4286 ab
1259 4245 1323 4287 eo
1344 4231 1726 4300 premebatur;
1773 4240 1825 4287 et
1856 4246 1887 4286 a
1930 4207 2074 4286 nulla
2115 4207 2159 4261 θ

499 4326 717 4396 quidem
746 4322 1088 4376 abstinuerat
1115 4319 1406 4387 medicina,
1452 4332 1517 4375 ex
1561 4334 1625 4375 ea
1652 4331 1835 4375 autem
1871 4320 2077 4375 nullum

500 4420 870 4483 adjoineutum
895 4424 1132 4482 ceperat,
1169 4412 1269 4467 nisi
1293 4412 1435 4482 quod
1470 4412 1525 4466 in
1558 4411 1667 4467 Deo
1694 4412 1865 4481 magis
1897 4427 2089 4484 spera-

500 4510 610 4569 bat,
674 4504 817 4574 quod
877 4502 1109 4558 humana
1155 4503 1473 4572 desperaret
1527 4503 1793 4558 remedia.
1856 4501 1931 4556 Ea
1964 4516 2087 4558 cum

500 4597 747 4668 ingressa
789 4602 936 4651 esset
962 4608 1058 4664 per
1085 4593 1407 4664 angelicam,
1453 4608 1572 4662 quae
1604 4592 1827 4656 dicitur,
1853 4606 2091 4661 portam,

571 4754 618 4788 "
648 4755 790 4810 Psal.
817 4744 1048 4809 cximn.

569 4910 682 4984 (58)
719 4910 965 4984 Graecum
1001 4908 1312 4984 ms._Vatic.
1349 4906 1633 4984 Ἀγάπιος.
1668 4906 1813 4984 linter
1857 4906 2084 4984 l'aunchct

500 4976 990 5045 SXHormisdam,
1039 4981 1197 5050 cujus
1258 4976 1499 5049 tempore
1560 4976 1880 5035 Anastasius
1923 4981 2080 5044 obiit,

498 5059 931 5111 intercesserunt
966 5058 1196 5120 quatuor
1227 5051 1532 5119 pontiﬁces.
1561 5051 1773 5107 Colitur
1801 5050 1871 5120 fin
1936 5050 2080 5104 Mat--

500 5124 665 5195 tyrol.
696 5119 1040 5195 Botnanoﬁo
1066 5119 1566 5195 Septembris.__die,
1594 5131 1654 5195 ut
1682 5119 2079 5195 aittBaronius,

500 5186 896 5249 ti‘anslationis.
935 5190 1110 5259 Supra
1142 5186 1269 5247 iero
1321 5189 1382 5244 Β.
1423 5186 1790 5246 Theodosium
1835 5190 1947 5259 jam
1987 5186 2084 5246 de?

496 5268 744 5319 iunctum
809 5263 1017 5331 aliquot
1086 5262 1281 5327 annis,
1349 5261 1418 5316 ab
1479 5262 1545 5317 eo
1608 5259 1882 5316 laudatum
1939 5262 2079 5314 dixi-

501 5352 642 5392 IIHIS.
1044 5360 1051 5363 '
1656 5368 1665 5377 ι

570 5406 684 5478 (39)
716 5404 969 5478 Ephrtem
991 5402 1132 5478 aliis,
1165 5402 1260 5478 qui
1297 5419 1419 5461 cum
1448 5416 1630 5478 comes
1648 5402 2079 5478 Orientisesset,

500 5473 879 5531 de'vo‘lun‘tate
928 5473 1126 5530 Justini
1164 5474 1507 5544 imperatoris
1565 5474 1739 5530 factus
1772 5481 1851 5527 est
1885 5473 2078 5544 Antio-

500 5549 711 5600 chenus
770 5541 1368 5615 patriarcha_an.'Ch.
1423 5544 1550 5610 526,
1590 5555 1710 5615 post
1759 5541 2080 5615 convulsam

500 5625 661 5670 terra:
685 5612 833 5670 motu
860 5615 1068 5685 urbem.
1090 5613 1375 5685 Evagrius,
1405 5615 1439 5671 Ι.
1479 5630 1552 5681 tv,
1581 5612 1630 5669 c.
1659 5614 1714 5670 5.
1757 5612 2083 5685 Eomunere

500 5701 623 5737 eum
666 5686 821 5740 laude
848 5684 919 5740 20
950 5687 1106 5740 annis
1144 5682 1480 5753 perfunctus,
1512 5686 1647 5742 obiit
1671 5697 1762 5738 an.
1803 5682 1930 5753 546.
1952 5682 2081 5752 Ejus

502 5758 667 5804 mam
708 5764 761 5808 et
794 5765 981 5809 contra
1023 5751 1308 5810 haereticos
1331 5756 1507 5811 zelum
1560 5751 2079 5814 describitJoannes

507 5821 757 5877 Moschus
778 5823 830 5879 in
869 5823 1031 5877 Prata
1063 5825 1425 5894 spirituali,c.
1448 5825 1545 5882 36;

2260 2846 2361 2920 νη’.
2392 2849 2538 2919 Πλὴν
2572 2847 2711 2903 ἀλλὰ
2750 2848 2869 2920 ὥρα
2893 2850 2989 2903 καὶ
3018 2849 3153 2922 πρὸς
3171 2852 3238 2907 τὰ
3282 2852 3408 2924 ἑξῆς
3441 2852 3770 2924 μεταὸἧναι,

2184 2942 2279 2993 καὶ
2311 2944 2425 3003 τοῖς
2452 2940 2545 2994 τοῦ
2573 2940 2768 3011 ἀνδρὸς
2821 2941 3099 3014 θαύμασιν
3150 2945 3394 2998 εὐσεϐῶν
3428 2947 3617 3010 ἀκοαῖς
3672 2945 3773 3001 καὶ

2183 3030 2452 3100 φιλοθέων
2486 3031 2841 3101 χαρίσασθαι.
2868 3031 2976 3085 Τοῦ
3011 3034 3119 3104 γὰρ
3173 3032 3238 3105 δὴ
3282 3033 3581 3098 δυσσεϐοῦς
3613 3033 3771 3103 βασι-

2182 3122 2320 3186 λέως
2366 3123 2767 3195 προστάγματα
2822 3124 3104 3197 πανταχοῦ
3152 3125 3589 3197 διαπέμψαντος,
3624 3127 3770 3181 ὥστε

2184 3214 2394 3279 πάντας
2423 3214 2550 3269 καθ’
2570 3214 2870 3285 ἑταιρείαν,
2892 3217 3054 3286 φημὶ,
3082 3217 3176 3270 ἐπὶ
3213 3216 3275 3268 τὸ
3304 3215 3436 3269 αὐτὸ
3469 3214 3771 3282 συνελθεῖν,

2186 3305 2428 3376 συνήχθη
2456 3306 2557 3377 μὲν
2587 3306 2682 3359 καὶ
2710 3306 2770 3359 τὸ
2824 3306 2970 3378 ἱερὸν
3000 3307 3152 3360 τουτὶ
3192 3306 3466 3379 σύστημα,
3509 3308 3542 3379 ἡ
3574 3307 3686 3360 τῶν
3712 3307 3774 3359 ἐν

2184 3395 2381 3468 ἐρήμῳ
2415 3398 2687 3469 γερόντων
2726 3397 2997 3467 ἐπίσημος
3028 3396 3209 3465 πολιὰ,
3250 3399 3377 3468 περὶ
3409 3397 3469 3449 τὸ
3492 3397 3771 3469 καλούμε-

2184 3505 2277 3542 νον
2303 3487 2480 3552 οὕτως
2520 3487 2839 3558 Ἰερατεῖον,
2880 3487 3019 3558 μετὰ
3058 3488 3153 3541 τοῦ
3197 3488 3379 3542 κοινοῦ
3432 3489 3644 3561 Harpe;
3678 3491 3771 3542 καὶ

2187 3579 2523 3649 φιλόπαιδος.
2559 3578 2738 3643 Τόπος
2797 3579 2855 3633 δὲ
2888 3578 3048 3633 τοῦτο
3078 3581 3176 3651 τῆς
3227 3578 3500 3651 καθέδρας
3543 3582 3709 3643 ἐστὶν,
3738 3583 3768 3632 ὁ

2186 3672 2608 3726 Κωνσταντῖνον
2664 3670 2753 3723 τὸν
2803 3671 2997 3739 Μέγαν
3053 3671 3112 3724 ὲν
3155 3669 3469 3742 βασιλεῦσιν
3530 3668 3763 3737 ἀναστῆ-

2188 3781 2278 3818 σαι
2308 3763 2469 3833 λόγος
2494 3778 2508 3793 °
2536 3762 2659 3817 καθ’
2692 3762 2751 3815 ὃν
2774 3762 2838 3834 δὴ
2879 3764 2973 3817 καὶ
3031 3762 3185 3826 ἔτους
3239 3763 3472 3817 ἑκάστου
3539 3764 3629 3816 τὸν
3687 3762 3768 3813 τί-

2191 3876 2315 3928 μιον
2353 3856 2621 3927 ὁψοῦσθαι
2662 3856 2899 3928 σταυρὸν
2934 3854 3056 3921 ἔθος
3109 3857 3174 3909 ὲκ
3228 3854 3430 3920 παντὸς
3480 3854 3775 3927 συντηροῦι

2192 3968 2377 4021 μενον.

2257 4045 2355 4097 νϐ’.
2394 4044 2535 4114 Γυνὴ
2560 4042 2618 4096 δέ
2677 4060 2761 4107 τις
2820 4042 2992 4105 πάθος
3023 4042 3225 4113 ἔχουσα
3269 4040 3398 4111 περ)⁵
3425 4040 3517 4093 τὸν
3551 4038 3763 4110 μασθὸν

2191 4136 2474 4207 (καρκῖνον
2505 4135 2568 4186 τὸ
2594 4133 2764 4199 πάθος
2787 4132 2991 4205 ίατρῶν
3014 4133 3205 4196 παῖδες
3229 4132 3435 4186 οἴδασιν
3459 4128 3771 4201 ὀνομάζειν)

2190 4226 2285 4281 καὶ
2323 4224 2495 4293 τούτῳ
2536 4223 2732 4294 συχνὸν
2773 4224 2873 4296 ἤδη
2898 4224 3092 4296 χρόνον
3140 4220 3461 4293 πιεζομένη,
3493 4220 3688 4292 τέχνης
3717 4219 3776 4273 δὲ

2190 4319 2466 4391 μηδεμιᾶς
2492 4318 2592 4389 μὲν
2628 4319 2883 4391 ἰατρικῆς
2904 4314 3409 4388 άποσχομένηωύδ
3431 4313 3609 4368 ὁτιοῦν
3636 4312 3777 4377 ὅλως

2188 4414 2252 4465 ἐκ
2281 4412 2488 4466 τούτων
2529 4410 2871 4482 ἀποναμένη,
2906 4410 2985 4465 ὅτι
3022 4411 3096 4481 μὴ
3128 4410 3187 4463 τὸ
3226 4410 3363 4480 πρὸς
3394 4408 3528 4461 Θεὸν
3556 4406 3777 4459 ἐλπίσαι

2191 4504 2356 4558 πλέον
2402 4503 2492 4558 διὰ
2542 4505 2642 4574 τὴν
2701 4503 2810 4557 τῶν
2865 4502 3226 4574 ἀνθρωπίνων
3254 4498 3605 4568 ἀπόγνωσιν
3633 4497 3778 4566 αὕτη

2194 4593 2283 4647 διὰ
2306 4593 2412 4665 τῆς
2438 4592 2744 4664 ἁγγελικῆς
2775 4590 2919 4647 οὕτω
2955 4590 3297 4662 καλουμένης
3327 4587 3643 4644 εἰσελθοῦσα
3675 4588 3782 4639 πύ-

2228 4910 2371 4987 ,(ιο)
2428 4912 2690 4987 O_rigenis_
2715 4929 2933 4970 errores
2980 4928 3044 4987 cx
3076 4912 3266 4987 _va_rii_s
3300 4912 3542 4987 breviter
3575 4908 3782 4987 colligit

2182 4980 2421 5039 Iacobus
2452 4980 2763 5052 Gu‘alterius
2786 4995 2978 5038 noster
3008 4986 3058 5038 in
3076 4982 3281 5037 Tabula
3306 4980 3774 5052 chronographica

2186 5053 2474 5108 saeculom
2506 5070 2557 5108 c.
2596 5053 2649 5108 6.
2676 5050 3021 5109 Palmstinam
3057 5055 3124 5109 ab
3153 5050 3612 5123 OrigeustisAltoc
3639 5061 3776 5123 tetu-

2182 5138 2319 5192 pore
2346 5124 2605 5192 infectam
2645 5123 2816 5179 fuisse
2855 5124 3098 5179 ostendit
3144 5120 3393 5192 pluribus
3446 5120 3683 5192 Cyrillus
3724 5121 3776 5172 in

2194 5192 2311 5249 Vita
2334 5191 2434 5249 SS.
2457 5194 2617 5251 Saba:
2641 5202 2697 5248 et
2728 5193 2953 5249 Joannis
2973 5191 3292 5249 Silentiarii.
3312 5193 3384 5248 At
3414 5191 3631 5247 tandem
3655 5205 3778 5244 Clllll

2190 5260 2397 5319 Severo
2423 5265 2655 5332 aliisque
2676 5264 2949 5320 haereticis
2969 5265 3317 5320 condemnati
3335 5273 3461 5319 sunt
3479 5262 3534 5316 in
3566 5262 3778 5333 synodo

2191 5337 2530 5390 mcutnenica
2551 5333 2616 5390 V.

2265 5402 2379 5476 (41)
2404 5406 2651 5462 Andreas
2673 5404 2954 5462 Cretensis
2987 5414 3144 5461 vocat
3162 5404 3431 5473 speculam
3476 5400 3780 5476 cruci_de—

2193 5470 2567 5547 nionsirati_d:e
2613 5489 2667 5531 et
2714 5478 2930 5547 publice
2984 5470 3318 5547 honoranda:
3366 5476 3432 5547 ab
3475 5474 3593 5543 ipso
3630 5470 3780 5547 Con-

2192 5546 2431 5600 stantino
2470 5545 2665 5618 Magno
2691 5542 3027 5618 deputatam,
3082 5546 3256 5600 locum
3307 5542 3552 5618 ecclesia?f
3592 5542 3780 5618 excel-

2192 5631 2336 5676 sum,
2381 5626 2516 5684 etc.,
2558 5609 2639 5671 *ιιι
2687 5609 2876 5673 scribit
2917 5614 3205 5671 Gretserus
3256 5626 3442 5684 noster
3494 5613 3589 5668 lib.
3626 5627 3643 5664 ι
3703 5609 3780 5662 De

2191 5695 2376 5808 inurito
2402 5703 2578 5754 cruce,
2628 5700 2752 5759 cap.
2801 5688 2891 5754 "l3,
2924 5688 3012 5741 ubi
3044 5688 3189 5743 hunc
3215 5686 3282 5741 de
3315 5683 3565 5741 llierateo
3598 5684 3776 5737 locum

2191 5772 2295 5808 EXD
2319 5768 2447 5808 lcal.

2187 5758 2447 5828 explicat.
