4152 6408
420 428 515 491 531

1651 419 1937 482 MBNSIS
1974 422 2302 483 JANUABI
2319 424 2411 484 US

3586 372 3694 474 δάε

424 526 606 584 studio
630 527 974 595 tenebantur,
1021 536 1076 583 et
1132 507 1506 600 unusquisque
1564 532 1631 586 ad
1666 548 1823 588 suum
1853 534 2012 589 rediit

2120 534 2440 603 ὃαζόμενον,
2484 533 2580 585 καὶ
2618 531 2680 584 τδ
2712 531 2913 584 οἰκεῖον
2947 528 3178 590 ἕκαστος
3215 522 3488 593 ἀπείληφε
3518 536 3691 593 φρον-

424 620 816 675 monasterium
846 635 860 685 ;
893 619 1053 675 modo
1075 612 1297 688 quidem
1322 621 1434 676 ibat
1469 620 1746 677 Bethleem
1807 624 2006 680 oratio-

423 711 511 765 nis
537 724 702 765 causa
761 711 848 766 hic
898 710 981 764 vir
1029 711 1363 781 prmclarus;
1418 713 1578 767 modo
1616 727 1737 767 cum
1773 722 2003 781 orasset,

422 799 826 855 revertebatur.
874 799 1124 871 Magnum
1160 810 1341 858 autem
1383 801 1628 856 laborem
1673 804 1887 859 itineris
1917 820 2005 859 re-

420 903 636 958 creans,
661 890 883 950 divertit
905 891 972 946 ad
1019 891 1374 949 Marcianum.
1407 892 1505 950 Vir
1545 895 1631 950 hic
1661 906 1779 951 erat
1813 898 2005 969 plenus

418 982 785 1053 spiritualium
836 982 1158 1054 gratiarum.
1211 983 1345 1039 Cum
1395 998 1575 1040 autem
1626 988 1905 1045 venissent
1940 988 2005 1042 ad

421 1074 743 1151 amplexus,
799 1084 853 1130 et
907 1090 967 1131 se
1028 1076 1259 1131 invicem
1320 1078 1587 1147 spirituali
1645 1078 2006 1149 impetiissent

423 1166 631 1232 osculo,
657 1182 780 1221 cum
805 1181 870 1222 eo
898 1167 1079 1221 anima
1099 1182 1313 1237 quoque
1341 1169 1745 1239 congrediente,
1769 1171 2003 1239 primum

421 1259 640 1329 quidem
678 1258 780 1312 fuit
806 1260 886 1314 eis
935 1260 1176 1331 apposita
1210 1274 1396 1314 mensa
1436 1275 1777 1327 sermonum,
1812 1263 2007 1333 quibus

424 1349 683 1415 praeclare
729 1365 859 1406 suos
912 1353 1208 1421 pascebant
1271 1351 1506 1417 animos,
1564 1366 1624 1407 se
1674 1352 2005 1410 obiectantes

421 1450 735 1500 sanctorum
767 1441 1021 1514 eloquiis,
1056 1450 1112 1496 et
1141 1454 1331 1497 senum
1394 1444 1825 1508 narrationibus,
1880 1462 2002 1500 cum

423 1533 620 1602 quibus
642 1535 1012 1590 intercedebat
1030 1534 1111 1589 eis
1139 1549 1347 1588 morum
1372 1536 1648 1609 cegnatio.
1666 1536 1797 1591 Cum
1823 1547 2002 1595 autem

424 1640 639 1699 tempus
690 1625 970 1691 invitaret,
1023 1635 1081 1682 ut
1138 1627 1522 1683 meminissent
1564 1631 1728 1683 etiam
1763 1630 2004 1685 alimenti

423 1716 693 1785 corporis,
735 1732 840 1772 non
885 1718 1079 1773 aderat
1133 1719 1351 1788 quidem
1383 1717 1738 1785 frumentum,
1765 1731 1822 1775 ut
1852 1724 2008 1794 panis

423 1817 785 1876 apponeretur
824 1825 838 1861 :
877 1806 1074 1862 lentem
1142 1817 1322 1862 autem
1366 1808 1648 1878 discipulis
1698 1807 1860 1878 jussit
1910 1825 2007 1863 co-

2107 627 2409 695 τιστήριον,
2444 624 2539 677 νῦν
2576 623 2677 694 μὲν
2726 624 2809 686 εἰς
2852 619 3103 693 Βηθλεέμ
3160 619 3188 670 ὁ
3234 618 3482 686 γενναῖος
3529 616 3694 685 εὐχῆς

2109 720 2270 790 χάριν
2300 718 2521 788 ἐχώρει,
2553 714 2648 769 νῦν
2679 713 2735 767 δέ
2770 712 3211 784 προσευξάμενος
3251 708 3545 779 ἁνήρχετο.
3587 706 3694 757 Τὸν

2110 809 2272 863 πόνον
2304 808 2361 862 δὲ
2392 808 2483 861 τὸν
2505 809 2570 861 ἐκ
2594 808 2693 877 τῆς
2715 806 2836 859 ὁδοῦ
2858 804 3027 858 πολὺν
3054 803 3184 855 ὅντα
3216 799 3522 862 διαπαύων,
3541 797 3693 868 παρὰ

2108 900 2414 972 Μαρκιανῷ
2476 899 2760 953 καταλύει.
2800 896 2971 967 Ἀνὴρ
3002 887 3161 957 οὗτος
3224 891 3424 963 μεστδς
3454 890 3695 959 χαρίτων

2109 991 2519 1063 πνευματικῶν.
2564 991 2653 1053 Ὦς
2679 989 2774 1043 οὖν
2807 989 2887 1051 εἰς
2913 984 3210 1055 ἀσπασμὸν
3260 982 3546 1052 συνῆλθον,
3598 979 3695 1032 καὶ

2111 1085 2422 1157 φιλήματος
2458 1082 2754 1155 μετέδοσαν
2793 1079 3048 1148 ἀλλήλοις
3085 1072 3485 1143 πνευματικοῦ,
3513 1070 3592 1140 τῷ
3612 1087 3696 1137 φι-

2107 1176 2315 1247 λήματι
2340 1175 2547 1228 τούτων
2581 1171 2989 1242 συνερχομένης
3021 1167 3118 1221 καὶ
3156 1168 3254 1236 τῆς
3272 1165 3473 1235 ψυχῆς,
3499 1164 3693 1233 πρῶτα

2111 1267 2210 1338 μὲν
2239 1268 2422 1330 αὐτοῖς
2461 1269 2493 1338 ἡ
2528 1266 2640 1318 τῶν
2674 1264 2850 1333 λόγων
2898 1259 3152 1332 τράπεζα
3215 1257 3569 1327 παρετίθετο,
3610 1248 3693 1317 οἷς

2107 1362 2203 1413 καὶ
2235 1358 2378 1412 πάνυ
2425 1357 2695 1427 λαμπρῶς
2737 1356 2838 1417 τὰς
2900 1352 3077 1423 ψυχὰς
3129 1348 3434 1410 εἱστιῶντο,
3490 1346 3693 1414 λογίοις

2110 1450 2284 1518 ἁγίων
2310 1449 2403 1502 καὶ
2437 1449 2774 1517 διηγήμασιν
2803 1442 3178 1514 ἐντρυφῶντες
3232 1437 3529 1529 γερόντων,
3559 1451 3692 1529 συγ·
3734 1520 3747 1529 ⁹

2108 1541 2280 1610 γενῶς
2315 1541 2499 1602 αὐτοῖς
2528 1539 2620 1592 τὸν
2667 1539 2867 1608 τρόπον
2923 1532 3318 1601 διακειμένων.
3365 1528 3523 1581 Ἐπεὶ
3557 1527 3613 1580 δὲ
3660 1529 3688 1578 6

2110 1628 2305 1699 καιρὸς
2332 1628 2518 1681 ἐκάλει
2541 1628 2637 1681 καὶ
2662 1626 2869 1699 τροφῆς
2904 1622 3212 1694 μνησθῆναι
3246 1620 3566 1688 σωματικῆς
3600 1619 3688 1668 σῖ-

2108 1738 2201 1785 τος
2229 1722 2328 1789 μὲν
2360 1720 2422 1773 οὐ
2456 1720 2638 1790 παρῆν
2664 1718 2752 1771 ἵνα
2782 1717 2877 1776 καὶ
2929 1716 3093 1786 ἄρτος
3138 1711 3424 1783 παρατεθῇ
3453 1728 3466 1741 ·
3506 1709 3693 1779 φακῆν

2110 1812 2167 1865 δὲ
2226 1814 2340 1875 τοῖς
2387 1811 2659 1882 μαθηταῖς
2711 1812 2738 1863 6
2783 1809 3019 1880 χρηστὸς
3089 1803 3411 1877 Μαρκιανὸς
3441 1802 3695 1855 ἐκέλευεν

421 1913 591 1968 quere
612 1900 785 1954 bonus
813 1898 1142 1957 Marcianus.
1180 1899 1245 1954 Et
1275 1900 1364 1954 illa
1390 1902 1610 1976 quidem
1634 1899 1729 1955 fuit
1759 1903 2002 1970 apposita

2120 1905 2279 1975 ἕψειν.
2310 1906 2419 1957 Καὶ
2466 1906 2499 1976 ἡ
2536 1903 2636 1974 μὲν
2674 1902 2855 1972 ἄρτων
2910 1901 3080 1971 χωρὶς
3134 1897 3485 1970 παρετίθετο·
3522 1895 3689 1963 γνοὺς

422 1992 540 2046 sine
572 2005 734 2061 pane.
755 1991 890 2045 Cum
927 2000 1107 2045 autem
1138 1992 1484 2062 cognovisset
1512 2007 1739 2061 magnus
1762 1992 2009 2047 Theodo-

424 2082 537 2135 sius
561 2091 667 2135 tam
698 2090 941 2150 apertam
966 2082 1226 2153 inopiam,
1248 2085 1341 2151 qui
1367 2098 1530 2153 egens
1559 2094 1696 2151 erat,
1734 2085 1835 2139 fuit
1858 2086 2009 2141 dives

426 2175 479 2227 in
514 2173 719 2243 inopia,
766 2173 991 2245 ipseque
1019 2190 1347 2246 magnopere
1383 2177 1658 2243 studebat,
1694 2187 1752 2231 ut
1792 2178 2008 2233 lautiori

425 2266 680 2320 convivio
737 2267 1125 2337 exciperentur
1151 2266 1414 2337 hospites.
1465 2266 1641 2323 Jussit
1684 2284 1815 2339 ergo
1847 2270 2012 2325 disci-

424 2359 570 2427 pulo,
602 2368 660 2413 ut
691 2374 722 2415 e
743 2374 874 2431 pera
912 2359 1184 2429 proferret
1217 2374 1406 2429 panes,
1449 2376 1583 2429 quos
1624 2369 1911 2431 paraverat
1941 2361 2007 2415 ad

423 2451 708 2507 \iaticum.
770 2452 838 2507 Et
887 2451 960 2507 illi
994 2452 1213 2524 quidem
1246 2453 1492 2523 producti
1553 2463 1682 2508 sunt
1736 2462 1791 2507 et
1837 2467 2009 2521 appo«

422 2545 536 2599 siti.
605 2544 646 2600 li
701 2560 831 2601 vero
880 2555 1100 2616 propter
1168 2546 1519 2613 eharitatem,
1573 2562 1694 2615 quae
1748 2545 2041 2614 lmtiﬁcat,.

2105 1998 2164 2051 δὲ
2190 2000 2217 2051 ὁ
2252 1998 2425 2068 μέγας
2447 1997 2545 2067 τὴν
2587 1994 2795 2048 ἔνδειαν
2823 1992 2968 2046 οὕτω
3013 1989 3326 2059 καταφανῆ,
3354 1986 3606 2061 πλούσιος
3635 1988 3695 2038 ἐν

2110 2091 2343 2159 ἀπόροις
2373 2092 2401 2145 6
2451 2087 2639 2158 ἐνδεὴς
2683 2083 2774 2158 ἦν,
2801 2085 2897 2140 καὶ
2928 2085 3090 2148 αὐτὸς
3124 2083 3311 2153 ἑστιᾷν
3336 2081 3541 2152 μᾶλλον
3564 2080 3695 2140 τοὺς

2109 2184 2427 2252 ξενίσαντας
2492 2180 2884 2249 ἐφιλοτιμεῖτο.
2952 2176 3305 2244 Ἐπέσκηπτε
3370 2171 3550 2224 τοίνυν
3617 2169 3696 2239 τῷ

2116 2278 2336 2349 μαθητῇ
2376 2276 2485 2329 τῶν
2515 2274 2736 2328 ἐνοδίων
2769 2274 2954 2344 ἄρτων
2986 2270 3085 2341 τῆς
3132 2270 3314 2338 πήρας
3366 2266 3693 2332 ἐξενεγκεῖν,

2115 2369 2210 2421 καὶ
2238 2369 2287 2420 οἱ
2318 2367 2417 2437 μὲν
2450 2365 2709 2436 ἐξὴγοντό
2734 2380 2793 2415 τε
2837 2363 2931 2415 καὶ
2978 2358 3332 2427 παρετίθεντο
3356 2371 3371 2387 ⁶
3420 2356 3471 2407 οί
3512 2354 3566 2406 δὲ
3615 2354 3696 2404 εί-

2120 2458 2353 2512 στιῶντο
2386 2456 2476 2510 διὰ
2513 2456 2573 2510 τὺ
2606 2455 2830 2526 φαιδρὸν
2852 2456 2951 2520 τῆς
2980 2451 3204 2523 ἀγάπης
3232 2450 3345 2511 τοῖς
3374 2441 3697 2508 ἀναγκαίας

2117 2548 2192 2612 ὡς
2231 2552 2532 2620 περιττοῖς.

425 2648 533 2686 non
588 2634 766 2691 minus
794 2634 1001 2691 lautum
1048 2634 1399 2692 celebrarunt
1443 2636 1751 2692 convivium
1803 2653 1869 2693 ex
1922 2637 2013 2703 iis,
2048 2652 2171 2715 qua:
2204 2647 2365 2695 erant
2396 2640 2726 2706 necessaria,
2769 2653 2930 2708 quam
2990 2637 3035 2693 si
3103 2634 3296 2707 prolati
3360 2638 3543 2687 essent
3591 2620 3698 2681 cibi

425 2724 711 2796 superflui.

497 2820 587 2877 62.
628 2822 702 2879 Ut
726 2823 866 2879 solet
893 2835 1072 2880 autem
1105 2825 1244 2894 fieri,
1269 2840 1554 2883 sermones
1597 2842 1811 2898 quoque
1844 2826 2013 2881 admi-

425 2923 649 2969 scentur
696 2916 968 2982 convivio,
999 2926 1054 2973 et
1086 2918 1399 2988 complures
1433 2935 1499 2987 ex
1534 2919 1601 2973 iis
1655 2918 1816 2989 lepidi
1845 2929 1898 2974 et
1922 2918 2012 2988 ju-

428 3007 610 3061 cundi.
636 3004 898 3062 Hilariter
930 3016 1111 3063 autem
1167 3009 1384 3065 divinus
1436 3013 1558 3065 eum
1601 3011 1829 3080 rogabat
1864 3010 2010 3065 Mar-

426 3101 633 3166 cianus,
674 3100 862 3156 dicens
914 3119 931 3156 :
970 3100 1092 3157 Noli
1126 3116 1270 3172 aegre
1318 3101 1463 3158 ferre
1497 3113 1643 3158 tanta
1682 3105 1824 3159 fame
1864 3105 2011 3161 labo-

2190 2826 2289 2897 ξβι.
2319 2824 2419 2880 Οἷα
2442 2827 2497 2879 δὲ
2521 2828 2578 2879 ἐν
2600 2827 2711 2888 τοῖς
2740 2823 3005 2886 τοιούτοις
3040 2820 3204 2890 φιλεῖ,
3247 2813 3689 2888 προσμίγνυνται

2117 2919 2211 2971 καὶ
2240 2919 2392 2985 λόγοι
2416 2921 2482 2989 τῇ
2520 2917 2785 2983 ἑστιάσει,
2820 2916 2913 2969 καὶ
2938 2916 2986 2967 οἱ
3013 2910 3233 2972 πλείους
3268 2906 3447 2961 αὐτῶν
3473 2903 3696 2976 χαρίεν-

2114 3028 2227 3074 τες.
2267 3010 2449 3074 Ἥξίου
2477 3010 2572 3062 καὶ
2617 3008 2763 3061 νῦνό
2818 3007 2968 3068 θεῖος
3021 3001 3343 3073 Μαρκιανὸς
3383 3000 3442 3051 ἐν
3477 2993 3702 3065 φαιδρόα

2114 3119 2268 3173 τητι·
2304 3104 2395 3173 Μὴ
2436 3101 2841 3173 δυσχεραίνειν,
2868 3099 3066 3168 λέγων,
3107 3096 3251 3149 οὕτω
3279 3091 3459 3158 ξενίαν
3491 3085 3702 3157 λιμώτ-

426 3207 558 3250 rans
591 3193 914 3264 hospitium,
962 3208 1063 3250 nec
1100 3192 1359 3266 conqueri
1409 3198 1550 3265 quod
1602 3212 1796 3266 panem
1855 3198 2011 3254 vobis

2120 3214 2337 3261 τουσαν,
2380 3195 2515 3267 μηδὲ
2539 3193 2856 3265 μέμφεσθαι
2891 3194 2938 3244 εἰ
2966 3190 3041 3261 μὴ
3074 3188 3276 3260 ἄρτους
3304 3186 3435 3255 ὑμῖν
3466 3180 3703 3276 παρέθει

428 3301 537 3341 nou
575 3287 1009 3357 apposuerimus,
1036 3304 1161 3344 cum
1185 3288 1513 3344 frumentum
1539 3291 1695 3346 nobis
1721 3291 2011 3345 admodum

434 3380 667 3449 turpiter
725 3380 1006 3438 defecerit.
1058 3380 1195 3437 Cum
1235 3383 1340 3437 hoc
1397 3383 1645 3449 dixisset,
1679 3384 2016 3439 admirabilis

429 3470 769 3526 Theodosius
789 3470 982 3527 deﬁxis
1019 3472 1192 3531 oculis
1216 3473 1270 3527 in
1303 3472 1530 3528 barbam
1566 3473 1847 3538 Marciani,
1880 3474 2013 3528 vidit

402 3558 658 3630 ‘grauum
691 3559 973 3627 frumenti,
1005 3561 1149 3633 quod
1204 3563 1389 3619 nescio
1437 3564 1581 3618 unde
1611 3564 1918 3629 ceciderat;
1961 3572 2016 3617 et

435 3653 584 3709 illinc
618 3654 841 3709 sustulit
868 3652 1028 3715 hilari
1057 3663 1112 3710 et
1138 3666 1296 3713 cauta
1324 3656 1566 3722 dextera,
1598 3664 1651 3712 et
1672 3657 1806 3712 dixit
1836 3676 1848 3712 :
1879 3656 2018 3712 Ecce

435 3738 788 3802 frumentum.
834 3744 1115 3813 Quomodo
1163 3761 1295 3819 ergo
1344 3745 1531 3803 dicitis
1577 3763 1674 3804 vos
1711 3762 1872 3818 egere
1906 3747 2018 3803 fru-

433 3838 655 3893 mento?
683 3837 747 3892 Et
775 3838 879 3893 hoc
911 3838 1131 3908 quidem
1161 3838 1230 3894 ab
1255 3852 1321 3895 eo
1342 3839 1577 3905 dictum,
1610 3841 1696 3895 vel
1720 3842 1883 3897 etiam
1932 3844 2017 3895 1ο--

431 3938 580 3983 ctum
628 3927 805 3984 fuerat
841 3929 1019 3999 lepide
1047 3939 1102 3984 et
1123 3928 1378 3998 jucunde.
1411 3931 1507 3985 Ille
1540 3940 1719 3987 autem
1751 3947 1871 3986 cum
1896 3947 2019 4002 gra-

435 4034 585 4084 num,
645 4029 900 4092 tanquam
955 4021 1229 4092 egregiam
1265 4022 1499 4092 aliquam
1554 4032 1609 4077 et
1660 4032 2014 4093 praestantem

431 4121 757 4174 sementem,
788 4112 1000 4180 supinis
1029 4112 1281 4169 manibus
1324 4115 1645 4182 accepisset,
1680 4114 1730 4168 id
1767 4115 1921 4185 ponit
1964 4113 2015 4167 in

438 4202 638 4281 horreo
688 4202 972 4267 frumenti,
1005 4205 1233 4260 credens
1262 4220 1378 4260 eam
1408 4206 1525 4262 sine
1575 4206 1758 4261 labore
1788 4205 2018 4261 multum

439 4294 647 4348 t'ructns
679 4294 990 4359 allaturum,
1012 4303 1068 4350 et
1099 4311 1220 4352 esse
1250 4309 1626 4367 superaturam
1657 4300 2018 4371 agricolarum

437 4385 783 4442 industriam.
824 4386 880 4442 Id
931 4402 1111 4443 autem
1162 4391 1210 4444 ei
1259 4392 1459 4446 accidit
1511 4392 1670 4464 longe
1701 4393 1934 4463 amplius
1968 4401 2023 4447 et

435 4477 730 4545 cupiosius,
779 4491 939 4547 quam
989 4480 1261 4546 sperabat.
1308 4480 1443 4537 Nam
1495 4499 1619 4539 cum
1649 4486 1896 4555 sequenti
1933 4484 2021 4539 die

2121 3307 2242 3362 μεν,
2278 3288 2373 3342 τοῦ
2437 3288 2585 3341 σίτου
2652 3284 2897 3354 ἀγεννῶς
2959 3284 3082 3335 λίαν
3130 3277 3489 3337 ἀπολιπόντος
3525 3273 3699 3342 ἡμᾶς.

2117 3383 2288 3435 Τοῦτο
2318 3380 2589 3444 εἰπόντος,
2621 3380 2649 3432 6
2673 3375 2987 3447 θαυμαστὸς
3016 3372 3300 3433 Θεοδόσιος
3332 3368 3409 3438 τῷ
3440 3368 3701 3437 Μαρκιαο

2117 3473 2211 3527 νοῦ
2263 3473 2488 3541 πώγωνι
2537 3470 2818 3532 ἀτενίσας,
2844 3469 2940 3522 καὶ
3003 3466 3153 3519 σίτου
3203 3464 3404 3517 κόκκον
3453 3457 3578 3513 ίδὼν
3602 3457 3705 3511 οὐκ

2117 3562 2238 3621 οῖδα
2267 3566 2432 3619 πόθεν
2457 3563 2882 3626 ἐπεισπεσόντα,
2914 3559 3128 3613 ἐκεῖθέν
3171 3574 3230 3610 τε
3259 3556 3397 3629 ᾀρας
3429 3552 3590 3623 ἰλαρᾷ
3610 3551 3702 3603 καὶ

2121 3657 2522 3727 πεφυλαγμένη
2570 3659 2640 3727 τῇ
2672 3656 2825 3726 δεξιᾷ
2847 3670 2861 3685 ·
2906 3653 3063 3716 Ἰδοὺ,
3094 3650 3222 3721 ἔφη,
3256 3648 3351 3702 καὶ
3380 3649 3559 3709 σῖτος·
3587 3640 3700 3702 πῶς

2119 3747 2214 3804 οὖν
2245 3751 2404 3818 ὑμεῖς
2454 3765 2594 3817 φατε
2627 3747 2778 3801 σίτου
2826 3742 3241 3813 διαπορεῖσθαις
3286 3739 3380 3792 καὶ
3416 3735 3578 3790 τοῦτο
3607 3733 3700 3804 μὲν

2122 3844 2188 3913 δὴ
2238 3842 2541 3914 χαριέντως
2575 3841 2716 3908 ἄγαν
2771 3837 2923 3908 αύτῷ
2956 3836 3051 3890 καὶ
3087 3833 3206 3905 μεθ’
3241 3831 3436 3902 ἡδονῆς
3465 3823 3707 3898 εἴρητοῆ

2122 3939 2218 3990 κα)⁸
2276 3935 2587 4006 πέπρακτο.
2632 3931 2873 3993 Ἐκεῖνος
2933 3928 2991 3982 δὲ
3038 3926 3291 3995 καθάπερ
3338 3921 3463 3975 τινὰ
3504 3918 3707 3988 σπόρον

2123 4030 2320 4099 εὐγενῆ
2368 4044 2426 4080 τε
2483 4028 2578 4079 καὶ
2611 4024 2815 4094 ἀγαθὸν
2843 4021 3108 4089 ύπογίαις
3166 4016 3259 4070 τὸν
3318 4015 3516 4069 κόκκον
3543 4007 3710 4081 χερσὶ

2123 4118 2420 4186 δεξάμενος
2452 4117 2531 4186 τῷ
2557 4116 2651 4168 τοῦ
2683 4115 2833 4167 σίτου
2858 4112 3100 4181 ἐντίθησι
3133 4108 3391 4179 ταμιείῳ,
3435 4101 3709 4157 πιστεύων
3756 4124 3759 4127 λ

2125 4213 2256 4267 ἄνευ
2288 4211 2467 4265 πόνων
2502 4209 2673 4263 πολὺν
2717 4206 2868 4277 αὐτῷ
2903 4207 2993 4259 τὸν
3035 4203 3255 4274 καρπδν
3302 4201 3473 4254 οἴσειν
3510 4196 3606 4250 καὶ
3637 4194 3712 4248 τὰ

2125 4304 2394 4374 γεωργῶν
2421 4303 2688 4371 νικήσειν.
2723 4299 2855 4352 Τόδε
2906 4299 3015 4368 ἄρα
3042 4297 3295 4364 κρεῖττον
3329 4291 3476 4361 αὐτῷ
3526 4304 3712 4358 παρα-

2127 4396 2260 4448 πολὺ
2285 4392 2514 4446 καὶτῶν
2547 4391 2777 4446 ἐλπίδων
2822 4390 3077 4458 ἀπήντα·
3111 4387 3186 4449 ὡς
3220 4385 3328 4455 γὰρ
3362 4381 3462 4453 τὴν
3491 4377 3588 4432 τοῦ
3622 4394 3709 4430 σι·-

2124 4486 2297 4547 τῶνος
2333 4485 2505 4554 θύραν
2551 4482 2655 4551 τῆς
2703 4481 2967 4549 ἐπιούσης
2992 4477 3185 4548 ἔμελλε
3239 4474 3531 4540 διανοίγειν
3577 4468 3711 4539 (τῶν

435 4577 581 4622 esset
600 4568 777 4624 horrei
805 4571 1303 4642 ustiumaperturus
1326 4575 1378 4645 (0
1404 4591 1598 4630 arcana
1632 4586 1743 4643 tua,
1773 4575 2014 4643 Domine,

2128 4578 2458 4649 ἀπορρήτων
2484 4593 2600 4640 σου,
2631 4574 2896 4635 Δέσποτα,
2923 4566 3309 4641 θαυμασίωνο),
3337 4567 3440 4636 ὁρᾷ
3467 4564 3535 4618 τὰ
3562 4562 3714 4615 ἔνδον

437 4659 763 4732 miracula!)
819 4662 969 4717 videt
1010 4678 1131 4733 qua:
1188 4667 1334 4721 intus
1359 4676 1515 4720 erant
1540 4666 1700 4737 plena
1730 4666 2015 4730 fructibus,

438 4751 533 4818 qui
567 4767 752 4807 revera
781 4768 1147 4824 provenerant
1173 4759 1382 4827 alisque
1421 4758 1773 4828 agricultura,
1813 4770 1903 4812 aut
1930 4774 2022 4828 po-

438 4845 549 4899 tius
588 4860 710 4899 cum
767 4847 1095 4916 agricultura
1161 4849 1327 4904 solius
1392 4849 1675 4904 orationis.
1717 4848 1853 4905 Cum
1890 4865 2022 4920 ergo

439 4936 577 4995 nihil
602 4946 749 4992 esset
777 4939 829 4992 in
861 4954 927 4994 eo
959 4950 1244 4995 cunctatus
1273 4940 1603 5011 Marcianus,
1637 4943 1819 4996 statim
1856 4944 2022 4997 mittit

437 5045 605 5084 unum
631 5044 695 5084 ex
729 5030 841 5085 suis
873 5031 1151 5101 discipulis
1174 5035 1239 5087 ad
1268 5049 1517 5102 maguum
1551 5036 1937 5098 Theodosium,
1971 5038 2019 5090 ei

439 5121 752 5192 signiﬁcans
811 5122 1008 5177 mirum
1045 5132 1101 5179 et
1151 5122 1479 5180 ineffabilem
1534 5126 1623 5181 rei'
1646 5136 1921 5193 eventum,
1968 5136 2023 5181 et

439 5214 598 5268 simul
630 5217 697 5270 ad
729 5214 1067 5271 admirabilis
1111 5218 1408 5286 spectaculi
1442 5219 1757 5274 societatem
1784 5234 1907 5274 eum
1935 5235 2026 5272 vo-

439 5322 598 5361 cans.
624 5306 917 5378 Postquam
967 5322 1098 5377 ergo
1154 5308 1198 5363 is
1225 5323 1443 5379 quoque
1475 5309 1642 5375 venit,
1671 5312 1869 5365 ostium
1906 5312 2020 5379 qui-

440 5402 564 5452 dem
590 5407 708 5453 erat
736 5415 930 5469 parum
956 5408 1223 5469 apertum,
1250 5400 1578 5456 frumentum
1600 5412 1775 5458 autem
1796 5418 1826 5458 a
1849 5403 2025 5468 seipse

440 5491 853 5557 extrudebatur,
892 5507 1012 5547 cum
1042 5507 1146 5548 non
1184 5502 1367 5562 posset
1387 5492 1640 5549 horreum
1662 5508 1856 5562 capere
1889 5513 1920 5547 ιι
1947 5495 2024 5544 ··Ι-

444 5583 752 5651 titudinem,
790 5594 846 5641 et
877 5587 957 5642 sic
984 5603 1051 5643 ex
1080 5602 1145 5644 eo
1178 5587 1505 5657 permultum
1535 5587 1680 5643 foras
1709 5586 1850 5643 aﬂuat
1878 5588 1887 5610 ’
1932 5588 1940 5639 ἱ

445 5681 558 5736 tur.
590 5674 701 5729 lloc
724 5686 808 5732 est
841 5679 1116 5748 prioribus
1137 5695 1353 5750 quoque
1372 5679 1572 5745 simile,
1595 5691 1649 5733 et
1673 5680 1839 5733 mirae
1851 5680 1937 5735 εἰ.)
1959 5679 2025 5733 de

448 5765 679 5828 panibus
710 5768 840 5819 nihil
872 5769 1153 5834 diSsimile,
1181 5772 1323 5839 quod
1353 5771 1481 5823 olim
1506 5786 1657 5829 meus
1674 5770 2025 5826 cchcitChri~

450 5861 569 5911 stus
596 5855 738 5907 ""7.
767 5858 899 5912 Nam
924 5877 1026 5914 una
1072 5862 1294 5917 omnino
1324 5872 1402 5919 est
1442 5865 1723 5933 utriusque
1747 5865 2024 5935 operatio:

524 5970 643 6004 μου
672 5971 862 6028 Matth.
904 5989 991 6027 xw
1018 5986 1071 6030 et
1104 5995 1193 6033 xv.

2132 4670 2282 4724 σίτου
2307 4668 2721 4737 πεπληρωμένα
2767 4662 3000 4735 καρπῶν
3035 4661 3210 4723 οὕτως
3255 4658 3650 4727 ἀγεωργήτων,
3676 4654 3710 4722 ἦ

2134 4763 2338 4833 μᾶλλον
2377 4759 2663 4830 γεωργίων
2718 4758 2889 4826 μόνης
2939 4755 3124 4825 εὐχῆς.
3156 4752 3341 4824 Μηδὲν
3370 4747 3466 4803 οὖν
3500 4748 3528 4799 6
3551 4748 3716 4816 Map-

2134 4855 2322 4917 κιανὸς
2383 4855 2440 4906 ἐν
2472 4853 2647 4920 τούτῳ
2674 4849 2950 4921 μελλήσας
2993 4849 3089 4901 ’ἐνα
3120 4845 3227 4897 τῶν
3252 4843 3418 4897 αὑτοῦ
3453 4838 3716 4910 μαθητῶν

2132 4949 2225 5002 ἐπὶ
2254 4947 2347 5000 τὸν
2409 4945 2585 5017 μέγαν
2623 4942 2902 4996 Θεοδόσιον
2930 4940 3005 5003 ὡς
3032 4939 3197 5009 τάχος
3234 4936 3536 5006 ἐκπέμπει,
3567 4949 3715 4999 γνω-

2137 5039 2300 5112 ρίζων
2322 5038 2472 5108 αὐτῷ
2500 5035 2593 5090 τοῦ
2624 5035 2957 5104 πράγματος
2989 5032 3051 5085 τὺ
3078 5032 3414 5101 ἀπόρρητον,
3447 5028 3544 5080 καὶ
3583 5023 3703 5092 ἅμα

2134 5135 2270 5203 πρὸς
2289 5132 2575 5187 κοινωνίαν
2604 5130 2701 5199 τῆς
2722 5127 3027 5198 παραδόξου
3048 5125 3176 5188 θέσις
3200 5124 3290 5178 τὸν
3308 5123 3478 5192 ἄνδρα
3505 5119 3715 5174 καλῶν.

2143 5221 2232 5285 Ὠς
2263 5219 2356 5276 οὖν
2381 5216 2515 5294 ἦλθε
2555 5220 2652 5274 καὶ
2690 5212 2870 5283 οὗτος,
2906 5221 2960 5272 αἱ
2999 5218 3095 5288 μέν
3129 5214 3292 5286 θύραι
3326 5213 3503 5285 βραχύ
3550 5230 3604 5265 τι
3632 5213 3710 5264 δι-

2133 5314 2436 5387 ηνοίγοντο,
2467 5314 2495 5366 6
2526 5314 2673 5375 σῖτος
2701 5311 2759 5364 δέ
2805 5310 2895 5379 ὕφ’
2934 5308 3130 5364 ἑαυτοῦ
3175 5307 3455 5372 ἐξωθεῖτο,
3499 5305 3719 5371 στέγειν

2134 5408 2233 5477 τῆς
2271 5405 2559 5476 ἁποθήκης
2584 5405 2647 5459 τὸ
2679 5404 2887 5474 πλῆθος
2944 5405 3007 5455 οὑ
3048 5401 3382 5471 δυναμένης,
3435 5398 3531 5452 καὶ
3577 5396 3722 5449 οὕτω

2137 5498 2305 5561 πολὺς
2336 5492 2406 5568 ἦν
2434 5496 2540 5562 ἔξω
2558 5496 2984 5567 καταχεόμενος.
3014 5495 3186 5547 Τοῦτο
3228 5492 3324 5545 καὶ
3352 5494 3465 5556 τοῖς
3507 5490 3717 5561 προλα-

2136 5588 2323 5641 ϐοῦσιν
2351 5588 2561 5658 ὅμοιον,
2594 5587 2691 5640 καὶ
2727 5586 2821 5641 τοῦ
2861 5587 2992 5657 περὶ
3024 5586 3149 5648 τοὺς
3194 5583 3394 5655 ἄρτους
3441 5581 3722 5650 θαύματος

2137 5681 2259 5737 κατ’
2291 5683 2447 5737 οὐδὲν
2493 5681 2776 5753 ἀνόμοιον,
2832 5681 3021 5750 ὃπερδ
3071 5677 3205 5748 ἐμὸς
3265 5674 3503 5743 Χριστος
3548 5672 3723 5727 πάλαι

2139 5775 2571 5845 θαυματουργεῖ.
2626 5773 2780 5825 Ἐπεὶ
2814 5772 2912 5825 καὶ
2962 5771 3060 5841 μία
3118 5772 3341 5823 πάντων
3397 5770 3482 5822 ἐπ’
3517 5766 3723 5835 ἀμφοῖν

2140 5867 2470 5938 ἡὲνέργειει,
2509 5865 2647 5935 πλὴν
2681 5865 2804 5919 ὅσον
2846 5866 2962 5917 ἐκεῖ
3000 5864 3277 5935 pst/15:6;
3309 5858 3375 5933 ἦν
3410 5858 3601 5930 πιρεῦν
3659 5874 3719 5912 τε
