4152 6406
395 462 503 527 533

1327 465 1505 527 VlTA
1546 469 1606 525 S.
1647 460 2065 523 THEODOSII
2111 458 2710 520 C(ENOBIARCHIE.

3564 455 3670 519 534

403 576 500 626 καὶ
527 575 1002 643 θαυματουργιῖιν,
1034 577 1270 631 ἐνταῦθα
1305 577 1361 631 δὲ
1387 578 1465 649 τῷ
1492 579 1678 648 οἰκείῳ
1700 578 1993 646 θεράποντι

2104 574 2204 628 nisi
2240 573 2384 643 quod
2441 572 2550 626 illic
2580 573 2799 642 quidem
2834 572 2951 640 ipse
2978 584 3092 626 erat
3129 586 3367 640 praesens
3400 583 3453 623 et
3505 572 3678 624 admi-

397 665 495 721 τοῦ
546 665 832 736 θαύματος
894 668 1147 742 ὑπηρέτῃ
1169 667 1476 739 χρώμενος,
1511 668 1702 739 ὥσπερ
1755 670 1864 737 ἄρα
1897 667 1989 719 καὶ

400 762 514 823 τοῖς
542 759 880 824 ἀποστόλοις
911 762 1200 833 πρότερον.
1237 762 1393 817 Μετά
1436 761 1569 830 γοῦν
1594 759 1754 815 τοίτο
1782 760 1863 813 δεῖ
1895 761 1991 814 καὶ

395 852 620 908 ἐκείνου
657 851 1093 925 ἐπιμνησθῆναι.

2103 666 2377 731 nistraus;
2438 665 2528 723 hic
2580 673 2763 718 autem
2823 678 2925 718 suo
2974 663 3175 716 faruulo
3232 673 3393 717 utens
3431 660 3682 715 ministro

2103 757 2371 822 miraculi,
2420 756 2560 811 sicut
2614 755 2768 825 prius
2819 769 3033 824 quoque
3065 754 3347 824 apostolis.
3401 751 3529 809 Post
3580 754 3681 807 hoc

2101 861 2279 906 autem
2310 849 2691 920 oportet‘illius
2714 862 2931 917 quoque
2952 847 3285 904 meminisse.

1861 1021 2093 1079 CAPUT
2122 1019 2236 1073 XV.

1226 1171 1617 1226 Submerslonis
1680 1171 2111 1235 abortieuumque
2160 1164 2431 1233 depulsum
2481 1161 2798 1230 periculum.

476 1312 560 1380 ξτθ
624 1310 771 1380 Γυνή
807 1325 892 1369 τις
932 1306 1168 1377 πατρίδα
1201 1308 1301 1379 μὲν
1331 1307 1576 1378 αὐχοῦσα
1613 1307 1712 1378 τὴν
1739 1305 1991 1373 Ἀλεξάν-

397 1406 615 1477 δρειαν,
657 1402 877 1474 πλούτῳ
901 1400 960 1455 δὲ
996 1400 1229 1470 κομῶσα
1284 1401 1457 1471 βαθεῖ,
1490 1399 1742 1468 λεγέσθω
1790 1399 1884 1452 καὶ
1916 1396 1996 1469 τῷ

407 1494 597 1566 πολλῷ
632 1495 884 1564 κρεῖττον
914 1490 1087 1560 αὐτῆς
1116 1489 1212 1543 καὶ
1232 1488 1455 1559 δοθῆναι
1486 1487 1690 1558 μᾶλλον
1720 1488 1801 1548 εἰς
1824 1483 1996 1555 ἀκοὴν

416 1582 598 1646 ἀξιον,
620 1584 703 1637 ὅτι
727 1583 818 1636 καὶ
851 1580 1165 1634 πλουτοῦσα
1221 1579 1411 1652 τρόπῳ
1451 1577 1696 1651 χρηστῷ,
1726 1577 1823 1631 καὶ
1878 1575 1995 1647 βίου

419 1674 680 1744 πρόνοιαν
710 1670 982 1741 θεοφιλοῦς
1010 1671 1230 1743 ἔχουσα.
1270 1669 1443 1741 Αὕτη,
1474 1671 1567 1724 τὸν
1601 1669 1716 1723 υἱὸν
1748 1668 1991 1722 λαϐοῦσα

412 1766 735 1837 (μονογενὴς
787 1765 844 1819 δὲ
893 1758 1053 1827 οὗτος
1094 1763 1255 1834 αὐτῇ,
1294 1764 1391 1817 καὶ
1451 1762 1613 1833 μόνος
1642 1761 1890 1833 ἀκριϐῶς
1922 1760 1990 1814 τὰ

403 1857 503 1910 τοῦ
536 1857 726 1925 γένους
756 1858 1053 1926 σπέρματα
1076 1854 1288 1920 σώζων,
1313 1856 1371 1907 ὲν
1398 1853 1623 1923 ὲαύτῷ),
1644 1852 1834 1921 ἐφοίτα
1851 1850 1989 1921 πρὸς

407 1948 513 2018 τὴν
538 1947 732 2016 μονὴν,
765 1949 864 2001 καὶ
895 1949 1009 2009 τοῖς
1036 1947 1194 2000 ποσὶν
1227 1946 1392 2000 αὐτὸν
1414 1945 1508 1999 τοῦ
1538 1944 1782 2015 μεγάλου
1799 1943 1992 1998 Θεοδο-

2171 1302 2259 1357 63.
2287 1301 2482 1357 Mulier
2506 1303 2777 1372 quaedam,
2818 1303 2905 1355 eui
2938 1301 3171 1373 insignis
3206 1304 3379 1373 patria
3410 1309 3528 1356 erat
3557 1302 3684 1357 Ale-

2100 1394 2349 1458 xandria,
2386 1393 2695 1464 ingentibus
2726 1403 2911 1447 autem
2961 1392 3274 1449 abundabat
3304 1392 3499 1462 opibus
3530 1411 3544 1447 :
3602 1394 3687 1448 tli-

2097 1494 2250 1538 ratur
2307 1482 2358 1537 id
2416 1484 2580 1538 etiam
2639 1484 2782 1552 quod
2824 1492 2947 1539 erat
2994 1484 3048 1539 in
3111 1498 3175 1539 ea
3208 1484 3378 1538 multo
3413 1483 3604 1540 melius
3630 1493 3687 1539 et

2097 1574 2311 1646 dignius
2365 1575 2509 1645 quod
2548 1576 2908 1630 couunitatur
2934 1575 3180 1640 auribus,
3216 1590 3410 1644 nempe
3454 1574 3596 1645 quod
3628 1583 3684 1630 et

2101 1667 2254 1722 dives
2282 1678 2399 1722 erat
2429 1668 2587 1723 bonis
2619 1669 2880 1732 moribus,
2945 1678 2998 1724 et
3053 1683 3238 1722 curam
3295 1668 3518 1738 gerebat
3561 1667 3683 1723 vitae

2101 1761 2200 1829 piae
2228 1746 2293 1814 ac
2331 1759 2618 1831 religiosae.
2670 1760 2744 1813 Ea
2799 1776 2920 1814 cum
2961 1760 3263 1829 accepisset
3321 1760 3485 1814 lilium
3542 1762 3684 1829 (erat

2099 1856 2284 1908 autem‘
2312 1853 2401 1908 hic
2431 1854 2477 1907 ei
2509 1854 2844 1924 unigenitus,
2872 1861 2927 1908 et
2955 1852 3104 1907 solus
3126 1852 3178 1906 in
3210 1868 3270 1907 se
3295 1862 3441 1909 recte
3458 1844 3685 1908 servans

2099 1944 2311 2000 semina
2342 1944 2606 2014 generis),
2639 1943 2938 1998 ventitabat
2977 1943 3043 1996 ad
3073 1944 3484 2009 monasterium,
3514 1953 3569 1997 et
3591 1945 3686 1997 ad-

405 2042 529 2094 σξου
583 2040 889 2111 προσῆγεν.
936 2040 995 2093 '0
1027 2043 1158 2103 παῖς
1211 2039 1396 2108 μέντοι
1451 2039 1546 2092 καὶ
1603 2039 1734 2106 πρὶν
1769 2037 1802 2108 ἢ
1837 2037 1989 2106 παρά

2103 2038 2335 2094 ducebat
2362 2053 2484 2092 eum
2515 2038 2583 2092 ad
2612 2038 2778 2108 pedes
2810 2037 2993 2105 magni
3026 2035 3340 2097 Theodosii.
3373 2035 3516 2090 Puer
3558 2053 3687 2092 vero

401 2133 506 2201 τῆς
529 2133 739 2203 μητρὸς
774 2131 1180 2203 προσαχθῆναι,
1211 2131 1287 2193 ὡς
1313 2130 1599 2202 πόρρωθεν
1622 2131 1722 2183 ῖδοι
1739 2130 1829 2184 τὸν
1858 2132 1988 2184 Θεο-

399 2222 606 2285 δὸσιον,
640 2222 807 2285 εὐθὺς
837 2222 1045 2276 τοῦτον
1089 2225 1299 2276 ἐκεῖνον
1351 2217 1494 2274 εἷναι
1551 2223 1879 2291 ἀνέκραγεν,
1930 2222 1990 2285 ὃς

400 2314 572 2385 abso}:
602 2315 696 2367 ἐπὶ
726 2314 824 2368 τοῦ
856 2315 1094 2386 φρέατος
1126 2315 1336 2385 ἀνέχων
1388 2317 1453 2384 τῇ
1481 2313 1629 2384 χειρὶ
1660 2315 1985 2368 διεσώσατο.

414 2405 783 2478 Ἐρωτωμένη
807 2407 865 2461 δὲ
892 2408 1083 2478 ήγυνὴ
1129 2408 1157 2461 ὃ
1193 2425 1245 2460 τι
1270 2407 1400 2460 ποτὲ
1447 2409 1553 2477 ἄρα
1584 2407 1661 2478 τῷ
1684 2407 1835 2461 παιδὶ
1864 2408 1990 2479 βού-

401 2500 563 2552 λεται
591 2498 661 2552 τὰ
690 2499 975 2569 λεχθέντα,
1012 2500 1344 2570 συμπαίζειν
1375 2500 1477 2569 μὲν
1508 2500 1671 2553 αὐτὸν
1694 2500 1849 2570 ἔλεγε
1879 2503 2013 2564 τοῖς

401 2591 731 2661 ἡλικιώταις
756 2595 822 2663 τῇ
855 2592 1074 2663 παιδείᾳ
1113 2591 1469 2663 προσέχοντα,
1521 2593 1616 2646 καὶ
1661 2594 1990 2664 ἀπροόπτως
2015 2650 2026 2662 ,

402 2685 518 2737 τῶν
548 2687 609 2737 ὲν
632 2683 791 2736 ποσὶν
822 2683 1017 2753 ἔχοντα
1046 2684 1127 2746 εἰς
1166 2684 1344 2754 φρέαρ
1384 2667 1996 2754 κατενεχθῆναι,φρέαρ

402 2778 489 2830 ὅτι
524 2776 852 2847 βαθύτατον.
890 2777 958 2829 Oi.
981 2775 1080 2846 μὲν
1122 2771 1216 2841 οὖν
1263 2775 1530 2845 παρόντες
1557 2773 1652 2827 τοῦ
1682 2774 1864 2846 ἀώρου
1897 2776 1996 2828 καὶ

406 2869 615 2939 πικροῦ
668 2868 830 2939 δῆθεν
861 2868 1095 2922 θανάτου
1126 2868 1218 2920 τὸν
1281 2868 1448 2921 παῖδα
1493 2867 1794 2939 ὠδύροντο·
1818 2868 1994 2931 οὐδεὶς

407 2961 522 3030 γὰρ
553 2956 624 3030 ἦν
723 2959 945 3031 pth-5651
970 2957 1037 3031 ἦν
1084 2960 1177 3013 τὸν
1216 2960 1380 3013 παῖδα
1427 2960 1593 3023 εὐθὺς
1622 2961 1995 3030 ἀποπνιγῆναι

407 3054 523 3113 τοῖς
554 3050 734 3106 ὕδασι.
773 3049 838 3104 Τί
876 3052 984 3124 γὰρ
1036 3053 1128 3105 καὶ
1164 3052 1295 3106 ἄλλο
1350 3050 1579 3122 ἔμελλον
1608 3052 1733 3105 ὅσον
1764 3052 1872 3105 ἀπὸ
1899 3052 1994 3105 τοῦ

404 3145 738 3214 πράγματος
777 3144 1146 3207 ὑποπτεύεινς
1188 3145 1424 3198 Ἔπειτα
1475 3144 1571 3197 καὶ
1613 3144 1998 3215 φιλάνθρωπόν

408 3254 465 3289 τι
509 3236 793 3301 ποιοῦντες
829 3238 1347 3300 καθίασινιὲαυτοίις
1398 3237 1562 3301 εὐθὺς
1606 3238 1754 3301 είςτὸ
1793 3239 1994 3309 φρέαρ,

402 3330 505 3400 οὐχ
538 3330 633 3386 ἵνα
654 3333 867 3384 ἐκεῖνον
900 3331 1169 3401 πρότερον
1220 3330 1252 3400 ἣ
1283 3331 1376 3382 καὶ
1413 3330 1707 3384 ἀποθανεῖν
1739 3329 1997 3394 λάϐωσιν,

404 3421 535 3482 ιποῦ
574 3424 687 3493 γὰρ
713 3418 782 3494 ἦν
811 3424 1004 3476 τούτου
1030 3424 1126 3476 καὶ
1175 3423 1353 3492 μικρά
1383 3440 1469 3486 τις
1507 3423 1662 3484 ἐλπίς
1687 3425 1727 3489 ;)
1759 3424 1875 3478 ἀλλ’
1908 3424 1996 3477 ἵνα

402 3513 572 3566 αὑτοῦ
602 3516 666 3567 τδ
696 3515 858 3584 σῶμα
882 3516 989 3586 πρὸ
1006 3516 1101 3587 τῆς
1124 3514 1424 3587 διαφθορᾶς
1464 3518 1767 3571 ἀνελύσωσι
1825 3516 1998 3589 δῶρον

407 3608 707 3677 συμφορᾶς
769 3610 973 3678 μητρὶ,
1027 3608 1125 3662 καὶ
1167 3607 1352 3678 θέαμα
1419 3610 1616 3681 πικρὸν
1671 3610 1995 3681 ὀφθαλμοῖς,

406 3697 508 3752 καὶ
537 3698 766 3769 κέντρον
812 3696 1030 3774 eam;
1067 3698 1324 3770 καθάπερ
1357 3716 1410 3752 τι
1440 3702 1504 3753 ἐκ
1567 3702 1832 3770 ναυαγίου
1871 3702 1992 3756 διαο

417 3786 613 3855 σωθὲν,
647 3788 885 3858 φευκτόν
916 3805 976 3843 τε
1019 3788 1138 3860 ἅμα
1168 3789 1266 3843 καὶ
1308 3788 1563 3845 ποθεινὸν
1597 3790 1873 3863 μητρῴοις
1896 3791 2000 3864 ὃμ-

429 3896 611 3947 μασιν.

502 3971 595 4037 ξᾶ.
638 3973 781 4028 Ἐπεὶ
811 3975 869 4028 δὲ
904 3976 1205 4047 κατῆλθον,
1238 3970 1648 4049 ἐπικαθήμενον
1702 3980 1865 4034 αὐτὸν
1910 3982 2004 4035 suis

423 4063 609 4135 ρόντες
634 4071 743 4129 τοῖς
774 4066 952 4131 ὕδασι,
985 4071 1079 4121 καὶ
1106 4070 1227 4123 οὐδὲ
1265 4070 1439 4142 βραχύ
1488 4087 1540 4124 τι
1573 4071 1999 4142 καταδυόμενον,

415 4157 519 4211 ἀλλ
563 4157 887 4229 Ξθεχόμενον
920 4161 1110 4234 ὥσπερ
1162 4164 1267 4216 ὑπό
1294 4181 1442 4225 τινος
1506 4164 1753 4235 στερεοῦ,
1780 4167 2002 4236 ἀχανεῖς

410 4248 979 4321 ἔμενον,ἐθαύμαζον,
1004 4253 1332 4324 ἠποροῦντο,
1364 4254 1464 4308 οὐκ
1489 4251 1635 4327 εἶχον
1664 4257 1693 4310 ὃ
1723 4274 1777 4311 τι
1804 4257 1869 4310 ἂν
1892 4256 2001 4329 ἄρα

409 4341 507 4392 ἐπὶ
533 4340 617 4412 τῷ
644 4341 905 4414 θεωμένῳ
941 4344 1307 4416 διενοήσαντο.
1345 4346 1490 4417 Πλὴν
1544 4348 1684 4401 ἀλλὰ
1742 4349 1836 4403 τοῦ
1870 4347 2001 4403 ὓδα-

306 4431 325 4445 ⁶
406 4448 507 4495 τος
544 4432 967 4500 ἀνελκύσαντες,
1000 4438 1095 4489 καὶ
1123 4437 1200 4499 ὡς
1229 4437 1291 4489 οὐ
1325 4436 1478 4500 θείας
1509 4438 1819 4509 ἐπισκοπῆς
1868 4439 2001 4494 ἄνευ

405 4526 474 4581 τδ
505 4529 743 4598 πρᾶγμα
774 4530 1031 4597 γενέσθαι
1060 4529 1244 4593 καλῶς
1270 4530 1561 4599 κρίναντες
1603 4534 1904 4603 ἀνηρώτων
1926 4552 1939 4565 ο
1972 4536 2002 4588 ὁ

404 4621 469 4675 δὲ
512 4622 748 4691 μοναχόν
773 4639 895 4674 τινα
921 4623 1024 4694 ἔφη
1059 4640 1131 4676 πα
1143 4623 1414 4693 ραστῆναί
1439 4640 1551 4694 μοι,
1580 4624 1641 4677 τὸ
1667 4626 1875 4696 σχῆμα,
1898 4627 2000 4698 τὴν

405 4712 704 4784 ἁναῦολὴν,
731 4713 833 4787 τὴν
863 4716 1079 4786 μορφὴν
1104 4715 1336 4780 τοιάνδε,
1369 4718 1438 4768 τὰ
1466 4715 1775 4787 παράσημα
1816 4720 1998 4773 πάντα
2028 4745 2076 4800 η

404 4803 506 4858 τοῦ
548 4805 763 4875 [ἰατρὸς
793 4806 968 4874 λέγων
1008 4808 1225 4861 ἐοικότα
1248 4808 1380 4877 πρὸς
1414 4808 1475 4862 τὸ
1506 4810 1830 4881 ἀκρότατον.
1872 4810 1997 4864 Καὶ

402 4897 606 4951 τούτου
640 4915 734 4961 μοι
762 4901 820 4952 αἱ
852 4902 1057 4969 χεῖρες,
1094 4901 1249 4972 φησὶ,
1281 4900 1377 4954 τοῦ
1426 4901 1501 4971 μὴ
1532 4902 1698 4965 εὐθὺς
1728 4905 1844 4965 τοῖς
1874 4902 2002 4957 ὓδα-

408 5006 500 5041 σιν
538 4990 891 5044 ἐναποθανεῖν
938 4991 1128 5055 αίτιοι,
1179 4992 1467 5063 ἀνέχουσαί
1516 5011 1583 5062 με
1661 4992 1868 5061 καλῶς,
1896 4982 2003 5051 ¹καὶ

408 5080 724 5153 ὑπέρτερον
778 5079 919 5138 εἶναι
969 5083 1081 5138 τῶν
1113 5085 1322 5139 ὑδάτων
1354 5085 1900 5150 παρασκευάζουσαι.

481 5250 577 5316 ἔτ’.
607 5251 792 5307 Ταῦτα
832 5256 865 5326 ή
935 5256 1122 5324 μήτηρ
1178 5255 1484 5324 διεξηγείτο
1531 5258 1626 5311 καὶ
1693 5258 1998 5330 προστίθει,

403 5347 630 5415 ὅτιπερ,
650 5344 745 5412 Ἐξ
761 5348 972 5402 ἐκείνου
998 5347 1110 5417 ἐγὼ
1126 5349 1218 5402 τὸν
1247 5350 1414 5403 παῖδα
1431 5349 1699 5415 λαϐοῦσα,
1725 5351 1910 5416 πόλεις
1940 5369 2001 5406 τε

406 5434 510 5487 καὶ
537 5435 733 5505 κώμας
763 5438 859 5491 καί
907 5438 1010 5507 ὅρη
1052 5439 1148 5492 καὶ
1191 5439 1475 5509 κρημνοὺς
1528 5438 1779 5509 περίειμι
1804 5438 2003 5502 πόνους

410 5527 789 5597 ὑφισταμένη,
821 5528 1055 5592 πολλοὺς
1107 5529 1360 5599 tumori):
1410 5530 1596 5599 ἀηδεῖς
1631 5530 1711 5595 δὲ,
1745 5530 1894 5594 ὅπως
1935 5531 2002 5586 ἄν

413 5621 616 5691 μοιτῷ
651 5621 859 5694 σωτῆρι
919 5625 1239 5695 περιτυχεῖν
1291 5623 1458 5676 αὐτοῦ
1519 5624 1751 5692 γένοιτο.
1781 5624 1899 5678 Νῦν
1943 5624 2002 5677 δὲ

412 5713 709 5783 πόρρωθεν
733 5715 899 5769 αὐτὸν
926 5718 956 5770 ὁ
986 5718 1116 5780 παῖς
1142 5717 1424 5785 ἐπιγνοὺς,
1451 5716 1547 5770 καὶ
1579 5716 1706 5787 ἐμοὶ
1734 5719 1802 5787 τῇ
1828 5718 2003 5791 μητρὶ

417 5804 618 5873 μαθεῖν
652 5805 844 5877 ἔδωκε,
870 5808 967 5861 καὶ
1022 5808 1287 5881 κηρύττει
1336 5806 1531 5861 τοῦτον
1551 5808 1835 5878 ἐπιφανῶς
1854 5809 2006 5864 ἐλευ-

416 5898 557 5973 θέρᾳ
590 5900 808 5973 γλώττῃ
834 5901 927 5955 καὶ
951 5901 1207 5967 ὑπονοίας
1232 5901 1411 5974 πάσης
1452 5900 1546 5957 καὶ
1575 5899 1808 5971 ψεύδους
1829 5901 2006 5975 κρείτ-

2095 2126 2259 2182 etiam
2323 2136 2618 2196 antequam
2664 2128 3027 2182 adduceretur
3074 2143 3101 2180 a
3149 2137 3343 2193 matre,
3380 2128 3469 2182 ubi
3500 2129 3687 2196 procul

2098 2219 2231 2273 vidit
2260 2216 2654 2282 Theodosium,
2690 2217 2947 2289 protinus.
3000 2217 3149 2272 illum
3179 2232 3302 2273 esse
3330 2217 3682 2283 exclamavit,

2096 2310 2190 2379 qui
2224 2323 2347 2364 eum
2380 2324 2545 2378 super
2578 2317 2798 2378 puteum
2852 2308 3129 2364 sustinens
3174 2309 3539 2364 conservavit.
3576 2308 3688 2364 Ro.

2098 2410 2221 2469 gata
2258 2410 2439 2455 autem
2491 2400 2706 2463 mulier,
2759 2400 3014 2469 quidnam
3060 2400 3164 2456 sibi
3208 2401 3408 2455 vellent
3459 2416 3544 2467 ea,
3569 2417 3695 2470 qua:

2100 2494 2421 2549 dicebantur
2446 2509 2479 2547 a
2507 2507 2699 2563 puero,
2727 2493 2942 2549 diccbat
2965 2506 3090 2549 eum
3115 2494 3333 2564 quidem
3362 2493 3558 2549 lusisse
3583 2511 3686 2550 una

2100 2598 2220 2640 sunt
2249 2585 2587 2655 aequalibus;
2623 2600 2762 2640 cum
2781 2595 2962 2640 autem
2995 2585 3120 2640 ludo
3145 2594 3290 2642 esset
3316 2586 3579 2651 intentus,
3635 2595 3690 2641 ct

2102 2678 2574 2746 non-praevideret
2625 2695 2748 2749 qum
2789 2687 2947 2734 erant
3010 2679 3065 2733 in
3109 2680 3355 2750 pedibus,
3409 2680 3685 2749 deiectum

2100 2754 2270 2825 fuisse
2301 2771 2354 2825 iu
2383 2779 2628 2840 puteum,
2670 2787 2905 2842 eumque
2932 2771 3441 2841 profundissimam.
3477 2774 3542 2828 Et
3596 2778 3685 2843 qui

2101 2860 2327 2915 aderant
2358 2860 2600 2929 quidem,
2657 2862 3005 2918 immaturam
3043 2872 3100 2918 et
3158 2866 3412 2919 acerbam
3457 2877 3686 2920 mortem

2103 2954 2252 3023 pueri
2282 2950 2573 3008 deﬂebant.
2598 2952 2771 3009 Nemo
2797 2955 2941 3010 enim
2976 2965 3116 3020 erat,
3148 2955 3241 3025 qui
3276 2971 3381 3010 non
3409 2957 3690 3012 existima-

2103 3052 2188 3098 ret
2212 3058 2439 3114 puerum
2473 3044 2646 3100 fuisse
2676 3046 2861 3100 statim
2904 3047 2972 3101 ab
3000 3062 3141 3116 aqua
3173 3047 3516 3102 sulfocatum.
3550 3049 3689 3115 Quid

2103 3135 2248 3190 enim
2300 3150 2370 3191 ex
2418 3151 2483 3191 ea
2535 3152 2595 3193 re
2637 3146 2890 3205 poterant
2936 3139 3085 3195 aliud
3129 3140 3439 3210 suspicari?
3488 3140 3691 3195 Deinde

2104 3228 2271 3283 etiam
2301 3242 2362 3284 se
2388 3230 2625 3287 humane
2648 3240 2921 3300 gerentes,
2947 3231 3159 3302 seipsos
3183 3231 3483 3287 demittunt
3512 3233 3564 3286 iu
3602 3248 3693 3302 pu-

2109 3329 2274 3387 teum,
2313 3336 2421 3377 non
2456 3333 2514 3376 ut
2544 3337 2667 3378 eum
2711 3324 3024 3392 accipereut
3056 3332 3350 3396 antequam
3387 3334 3694 3379 moreretur

2107 3413 2401 3483 (quomodo
2434 3416 2581 3470 enim
2610 3415 2730 3486 ejus
2753 3431 2876 3472 esse
2898 3426 3084 3488 posset
3108 3418 3192 3473 vel
3223 3432 3349 3488 spes
3383 3419 3605 3472 minima
3620 3416 3690 3487 ?),

2105 3507 2200 3563 sed
2233 3516 2291 3562 ut
2319 3515 2611 3578 antequam
2653 3518 3118 3580 corrumperetur,
3149 3509 3267 3579 ejus
3289 3525 3489 3580 corpus
3524 3519 3694 3564 attra-

2106 3597 2324 3663 berent,
2356 3598 2518 3652 matri
2541 3599 2742 3654 donum
2765 3599 3115 3669 calamitatis,
3143 3610 3200 3655 et
3228 3600 3485 3655 acerbum
3519 3602 3694 3655 oculis

2105 3688 2499 3759 spectaculum,
2524 3699 2580 3745 et
2601 3689 2889 3745 stimulum
2918 3689 3140 3755 doloris,
3181 3702 3438 3760 tanquam
3460 3705 3524 3746 ex
3556 3706 3695 3744 nau-

2106 3779 2279 3849 fragio
2300 3789 2711 3847 conservatum,
2757 3780 2924 3838 simul
2955 3789 3013 3837 et
3046 3779 3360 3851 fugiendum
3395 3790 3452 3836 et
3479 3780 3692 3837 deside-

2105 3871 2333 3927 r-andum
2366 3872 2559 3928 matris
2602 3874 2799 3929 oculis.

2174 3961 2266 4019 64.
2297 3963 2595 4034 Postquam
2624 3974 2807 4022 autem
2838 3967 3260 4034 descenderunt,
3308 3975 3362 4022 et
3396 3981 3519 4022 eum
3543 3966 3696 4020 iuve-

2106 4065 2306 4113 neruut
2355 4058 2635 4130 sedentem
2675 4074 2842 4130 super
2893 4075 3116 4131 aquas,
3159 4067 3216 4115 et
3267 4074 3368 4114 nec
3419 4058 3691 4114 tantillum

2106 4150 2325 4219 quidem
2387 4150 2778 4217 madefactum,
2832 4151 2929 4209 sed
2968 4154 3058 4221 qui
3109 4153 3483 4208 sustinebatur
3528 4152 3693 4207 veluti

2107 4241 2175 4294 ab
2203 4240 2389 4311 aliquo
2424 4241 2618 4308 solido,
2653 4257 2748 4298 ore
2767 4253 2957 4313 aperto
2988 4243 3303 4312 manebant,
3330 4243 3693 4307 mirabantur,

2107 4330 2453 4394 dubitabant,
2487 4334 2808 4391 nesciebant
2846 4334 3111 4405 quidnam
3162 4336 3469 4404 cegitarent
3501 4336 3568 4388 de
3604 4348 3693 4398 eo,

2105 4425 2249 4493 quod
2297 4426 2615 4481 cernebant.
2660 4424 2767 4482 Sed
2800 4441 2924 4482 cum
2960 4443 3085 4483 eum
3116 4443 3182 4482 ex
3233 4429 3392 4496 aquis
3421 4426 3696 4483 extraxis-

2108 4524 2252 4581 sent,
2286 4524 2344 4571 et
2377 4531 2481 4571 non
2505 4504 2711 4588 absque
2741 4519 2919 4574 divina
2960 4518 3303 4590 providentia
3334 4533 3450 4573 rem
3491 4518 3693 4572 laetam

2108 4607 2275 4664 fuisse
2301 4606 2668 4679 iudicassent,
2696 4626 2819 4667 eum
2857 4613 3170 4682 rogabant:
3233 4611 3279 4665 is
3313 4611 3449 4665 dixit
3500 4625 3693 4679 quem-

2111 4702 2232 4755 dam
2277 4694 2523 4758 astitissé
2575 4703 2926 4768 monachum,
2980 4703 3072 4758 tali
3126 4702 3337 4767 habitu,
3390 4702 3593 4757 amictu
3640 4712 3696 4757 et

2107 4793 2281 4851 forma
2311 4797 2621 4866 praeditum,
2654 4796 2843 4851 dicens
2865 4796 3048 4851 omnia
3076 4796 3334 4866 insignia,
3377 4810 3498 4865 quae
3537 4804 3697 4851 erant

2108 4886 2285 4943 Patris
2313 4888 2609 4944 Theodosii
2643 4888 2805 4959 longe
2833 4888 3133 4947 simillima.
3172 4889 3237 4943 Et
3280 4887 3461 4958 hujus,
3492 4888 3691 4956 inquit,

2109 4980 2239 5034 mibi
2271 4996 2467 5041 manus
2516 4995 2695 5036 causa:
2737 4992 2886 5045 sunt,
2942 4996 3010 5036 ne
3058 4981 3113 5036 in
3163 4982 3320 5052 aquis
3367 4980 3690 5045 interierint,

2106 5085 2228 5138 quae
2270 5085 2356 5125 me
2396 5081 2544 5127 recte
2592 5071 2958 5137 sustinebant,
2987 5081 3045 5127 et
3075 5072 3388 5129 elliciebant
3422 5084 3481 5127 ut
3518 5085 3690 5129 essem

2109 5161 2266 5236 aquis
2296 5161 2565 5232 superior.

2175 5253 2264 5309 65.
2304 5254 2431 5310 Hmc
2468 5263 2646 5310 mater
2697 5264 2753 5311 et
2795 5258 3053 5315 narrabat
3082 5271 3138 5314 et
3185 5258 3477 5327 adjiciebat
3511 5275 3526 5313 :
3560 5257 3691 5327 Ego,

2107 5347 2304 5416 inquit,
2366 5362 2490 5403 cum
2544 5363 2610 5402 ex
2666 5349 2758 5402 illo
2819 5361 3063 5421 tempore
3125 5351 3294 5405 tilium
3334 5352 3691 5420 accepissem,

2107 5442 2269 5494 urbes
2289 5440 2427 5496 obeo
2452 5450 2507 5493 et
2530 5441 2680 5495 vicos
2723 5450 2773 5496 et
2801 5454 3014 5497 montes
3046 5452 3100 5496 et
3126 5443 3445 5512 praecipitia,
3479 5442 3692 5497 labores

2104 5532 2346 5596 subiens,
2407 5531 2608 5587 multos
2661 5533 2904 5602 quidem,
2964 5534 3057 5587 sed
3111 5549 3217 5588 non
3257 5532 3600 5602 iujucuudos,
3633 5545 3693 5587 ut

2105 5622 2298 5677 liceret
2347 5623 2475 5676 mihi
2509 5623 2746 5678 incidere
2780 5624 2834 5678 iu
2873 5623 2992 5692 ejus
3027 5635 3384 5682 servatorem.
3412 5624 3570 5681 Nunc
3595 5643 3693 5682 au-

2107 5725 2215 5770 tem
2241 5730 2364 5769 cum
2391 5716 2607 5771 eminus
2654 5729 2778 5770 eum
2831 5717 3052 5786 agnovit
3086 5716 3249 5785 ﬁlius,
3287 5720 3419 5773 mihi
3473 5734 3693 5790 quoque

2109 5808 2270 5863 matri
2300 5808 2448 5862 dedit
2483 5815 2541 5860 ut
2572 5822 2925 5877 agnoscerem
2953 5827 2969 5864 :
2996 5818 3051 5865 et
3076 5825 3203 5865 eum
3223 5796 3410 5883 aperte
3435 5813 3693 5882 praadirat
3788 5794 3793 5797 ⁷

2109 5901 2281 5959 libera
2335 5897 2539 5971 lingua,
2566 5908 2620 5955 et
2654 5916 2774 5971 qua:
2821 5902 3184 5973 suspicionem
3220 5921 3435 5964 onmem
3471 5918 3693 5976 supcrat
