  <div class='ocr_page' id='page_1' title='image "/cluster/home/n/w/nwhite01/storage/ocr_20150623/114:no.1/coo.31924054870187/275.png"; bbox 0 0 4152 6410; ppageno 0'>
   <div class='ocr_carea' id='block_1_1' title="bbox 448 340 554 401">
    <p class='ocr_par' dir='ltr' id='par_1_1' title="bbox 448 340 554 401">
     <span class='ocr_line' id='line_1_1' title="bbox 448 340 554 401; baseline 0 -1"><span class='ocrx_word' id='word_1_1' title='bbox 448 340 554 401; x_wconf 67' lang='grc' dir='ltr'>ἔι35</span> 
     </span>
    </p>
   </div>
   <div class='ocr_carea' id='block_1_2' title="bbox 1685 342 2485 408">
    <p class='ocr_par' dir='ltr' id='par_1_2' title="bbox 1685 342 2485 408">
     <span class='ocr_line' id='line_1_2' title="bbox 1685 342 2485 408; baseline 0.009 -7"><span class='ocrx_word' id='word_1_2' title='bbox 1685 342 1971 403; x_wconf 81' lang='lat' dir='ltr'><strong>MENSIS</strong></span> <span class='ocrx_word' id='word_1_3' title='bbox 2019 343 2485 408; x_wconf 84' lang='lat' dir='ltr'><strong>JANUARIUS.</strong></span> 
     </span>
    </p>
   </div>
   <div class='ocr_carea' id='block_1_3' title="bbox 3621 343 3729 411">
    <p class='ocr_par' dir='ltr' id='par_1_3' title="bbox 3621 343 3729 411">
     <span class='ocr_line' id='line_1_3' title="bbox 3621 343 3729 411; baseline -0.009 0"><span class='ocrx_word' id='word_1_4' title='bbox 3621 343 3729 411; x_wconf 77' lang='lat'><strong>533</strong></span> 
     </span>
    </p>
   </div>
   <div class='ocr_carea' id='block_1_4' title="bbox 449 431 2055 527">
    <p class='ocr_par' dir='ltr' id='par_1_4' title="bbox 449 431 2038 516">
     <span class='ocr_line' id='line_1_4' title="bbox 449 431 2038 516; baseline 0.002 -16"><span class='ocrx_word' id='word_1_5' title='bbox 449 457 505 500; x_wconf 85' lang='lat' dir='ltr'><strong>et</strong></span> <span class='ocrx_word' id='word_1_6' title='bbox 537 445 904 511; x_wconf 86' lang='lat' dir='ltr'><strong>mendacium,</strong></span> <span class='ocrx_word' id='word_1_7' title='bbox 945 459 1139 516; x_wconf 87' lang='lat' dir='ltr'><strong>meque</strong></span> <span class='ocrx_word' id='word_1_8' title='bbox 1162 445 1359 516; x_wconf 88' lang='lat' dir='ltr'><strong>gaudio</strong></span> <span class='ocrx_word' id='word_1_9' title='bbox 1396 443 1658 515; x_wconf 73' lang='lat' dir='ltr'><strong>repletam</strong></span> <span class='ocrx_word' id='word_1_10' title='bbox 1691 431 2038 503; x_wconf 67' lang='lat' dir='ltr'><strong>et&#39;admira-</strong></span> 
     </span>
    </p>
   </div>
   <div class='ocr_carea' id='block_1_5' title="bbox 2158 431 3732 527">
    <p class='ocr_par' dir='ltr' id='par_1_5' title="bbox 2158 450 3732 527">
     <span class='ocr_line' id='line_1_5' title="bbox 2158 450 3732 527; baseline 0.006 -23"><span class='ocrx_word' id='word_1_11' title='bbox 2158 469 2280 517; x_wconf 71' lang='grc' dir='ltr'>ξονι,</span> <span class='ocrx_word' id='word_1_12' title='bbox 2311 453 2458 524; x_wconf 78' lang='grc' dir='ltr'>κάμὲ</span> <span class='ocrx_word' id='word_1_13' title='bbox 2486 450 2545 506; x_wconf 81' lang='grc' dir='ltr'>δὲ</span> <span class='ocrx_word' id='word_1_14' title='bbox 2570 452 2747 523; x_wconf 75' lang='grc' dir='ltr'>χαρᾶς</span> <span class='ocrx_word' id='word_1_15' title='bbox 2770 452 2865 507; x_wconf 78' lang='grc' dir='ltr'>καὶ</span> <span class='ocrx_word' id='word_1_16' title='bbox 2892 452 3175 523; x_wconf 78' lang='grc' dir='ltr'><strong>θαύματος</strong></span> <span class='ocrx_word' id='word_1_17' title='bbox 3218 454 3604 527; x_wconf 76' lang='grc' dir='ltr'>πληρωθεῖσαν</span> <span class='ocrx_word' id='word_1_18' title='bbox 3634 460 3732 513; x_wconf 80' lang='grc' dir='ltr'>καὶ</span> 
     </span>
    </p>
   </div>
   <div class='ocr_carea' id='block_1_6' title="bbox 452 538 2038 611">
    <p class='ocr_par' dir='ltr' id='par_1_6' title="bbox 452 538 2038 611">
     <span class='ocr_line' id='line_1_6' title="bbox 452 538 2038 611; baseline -0.001 -18"><span class='ocrx_word' id='word_1_19' title='bbox 452 540 634 607; x_wconf 86' lang='lat' dir='ltr'><strong>tione,</strong></span> <span class='ocrx_word' id='word_1_20' title='bbox 668 549 723 594; x_wconf 88' lang='lat' dir='ltr'><strong>et</strong></span> <span class='ocrx_word' id='word_1_21' title='bbox 778 539 943 593; x_wconf 88' lang='lat' dir='ltr'><strong>veluti</strong></span> <span class='ocrx_word' id='word_1_22' title='bbox 1001 538 1236 609; x_wconf 87' lang='lat' dir='ltr'><strong>quodam</strong></span> <span class='ocrx_word' id='word_1_23' title='bbox 1279 538 1465 593; x_wconf 89' lang='lat' dir='ltr'><strong>divino</strong></span> <span class='ocrx_word' id='word_1_24' title='bbox 1517 538 1704 595; x_wconf 85' lang='lat' dir='ltr'><strong>furore</strong></span> <span class='ocrx_word' id='word_1_25' title='bbox 1749 542 2038 611; x_wconf 73' lang='lat' dir='ltr'><strong>percitam,</strong></span> 
     </span>
    </p>
   </div>
   <div class='ocr_carea' id='block_1_7' title="bbox 452 628 2040 705">
    <p class='ocr_par' dir='ltr' id='par_1_7' title="bbox 452 628 2040 705">
     <span class='ocr_line' id='line_1_7' title="bbox 452 628 2040 705; baseline 0.001 -20"><span class='ocrx_word' id='word_1_26' title='bbox 452 645 559 687; x_wconf 90' lang='lat' dir='ltr'><strong>non</strong></span> <span class='ocrx_word' id='word_1_27' title='bbox 600 631 728 685; x_wconf 88' lang='lat' dir='ltr'><strong>sinit</strong></span> <span class='ocrx_word' id='word_1_28' title='bbox 757 633 1060 699; x_wconf 85' lang='lat' dir='ltr'><strong>quiescere.</strong></span> <span class='ocrx_word' id='word_1_29' title='bbox 1100 628 1225 695; x_wconf 77' lang='lat' dir='ltr'><strong>llaec</strong></span> <span class='ocrx_word' id='word_1_30' title='bbox 1284 644 1407 685; x_wconf 92' lang='lat' dir='ltr'><strong>cum</strong></span> <span class='ocrx_word' id='word_1_31' title='bbox 1463 630 1718 697; x_wconf 81' lang='lat' dir='ltr'><strong>dixisset,</strong></span> <span class='ocrx_word' id='word_1_32' title='bbox 1777 630 1844 684; x_wconf 89' lang='lat' dir='ltr'><strong>ad</strong></span> <span class='ocrx_word' id='word_1_33' title='bbox 1901 644 2040 705; x_wconf 84' lang='lat' dir='ltr'><strong>opus</strong></span> 
     </span>
    </p>
   </div>
   <div class='ocr_carea' id='block_1_8' title="bbox 451 706 2039 793">
    <p class='ocr_par' dir='ltr' id='par_1_8' title="bbox 451 706 2039 793">
     <span class='ocr_line' id='line_1_8' title="bbox 451 706 2039 793; baseline 0.001 -17"><span class='ocrx_word' id='word_1_34' title='bbox 451 736 672 793; x_wconf 81' lang='lat' dir='ltr'><strong>quoque</strong></span> <span class='ocrx_word' id='word_1_35' title='bbox 698 718 947 789; x_wconf 56' lang='lat' dir='ltr'><strong>accessit,</strong></span> <span class='ocrx_word' id='word_1_36' title='bbox 982 729 1041 775; x_wconf 95' lang='lat' dir='ltr'><strong>ut</strong></span> <span class='ocrx_word' id='word_1_37' title='bbox 1091 735 1212 791; x_wconf 72' lang='lat' dir='ltr'><strong>qua:</strong></span> <span class='ocrx_word' id='word_1_38' title='bbox 1242 721 1494 789; x_wconf 93' lang='lat' dir='ltr'><strong>protinus</strong></span> <span class='ocrx_word' id='word_1_39' title='bbox 1535 723 1602 775; x_wconf 90' lang='lat' dir='ltr'><strong>ad</strong></span> <span class='ocrx_word' id='word_1_40' title='bbox 1636 706 1812 791; x_wconf 81' lang='lat' dir='ltr'><strong>genua</strong></span> <span class='ocrx_word' id='word_1_41' title='bbox 1860 722 2039 792; x_wconf 81' lang='lat' dir='ltr'><strong>patris</strong></span> 
     </span>
    </p>
   </div>
   <div class='ocr_carea' id='block_1_9' title="bbox 453 798 2041 884">
    <p class='ocr_par' dir='ltr' id='par_1_9' title="bbox 453 798 2041 884">
     <span class='ocr_line' id='line_1_9' title="bbox 453 798 2041 884; baseline 0.001 -16"><span class='ocrx_word' id='word_1_42' title='bbox 453 814 855 879; x_wconf 71' lang='lat' dir='ltr'><strong>advolveretur,</strong></span> <span class='ocrx_word' id='word_1_43' title='bbox 908 820 965 868; x_wconf 86' lang='lat' dir='ltr'><strong>et</strong></span> <span class='ocrx_word' id='word_1_44' title='bbox 1008 812 1155 868; x_wconf 91' lang='lat' dir='ltr'><strong>illius</strong></span> <span class='ocrx_word' id='word_1_45' title='bbox 1197 813 1428 884; x_wconf 72' lang='lat' dir='ltr'><strong>vestigia</strong></span> <span class='ocrx_word' id='word_1_46' title='bbox 1459 798 1727 870; x_wconf 85' lang='lat' dir='ltr'><strong>ambabus</strong></span> <span class='ocrx_word' id='word_1_47' title='bbox 1756 823 2041 884; x_wconf 85' lang='lat' dir='ltr'><strong>prensaret</strong></span> 
     </span>
    </p>
   </div>
   <div class='ocr_carea' id='block_1_10' title="bbox 456 904 2034 989">
    <p class='ocr_par' dir='ltr' id='par_1_10' title="bbox 456 904 2034 989">
     <span class='ocr_line' id='line_1_10' title="bbox 456 904 2034 989; baseline 0.001 -31"><span class='ocrx_word' id='word_1_48' title='bbox 456 904 728 989; x_wconf 77' lang='lat' dir='ltr'><strong>manibus,</strong></span> <span class='ocrx_word' id='word_1_49' title='bbox 765 912 817 959; x_wconf 91' lang='lat' dir='ltr'><strong>et</strong></span> <span class='ocrx_word' id='word_1_50' title='bbox 846 905 1340 974; x_wconf 75' lang='lat' dir='ltr'><strong>complecterentur</strong></span> <span class='ocrx_word' id='word_1_51' title='bbox 1366 905 1533 963; x_wconf 84' lang='lat' dir='ltr'><strong>labris</strong></span> <span class='ocrx_word' id='word_1_52' title='bbox 1567 906 1728 962; x_wconf 84' lang='lat' dir='ltr'><strong>simul</strong></span> <span class='ocrx_word' id='word_1_53' title='bbox 1757 914 1812 962; x_wconf 91' lang='lat' dir='ltr'><strong>et</strong></span> <span class='ocrx_word' id='word_1_54' title='bbox 1834 906 2034 973; x_wconf 89' lang='lat' dir='ltr'><strong>animo,</strong></span> 
     </span>
    </p>
   </div>
   <div class='ocr_carea' id='block_1_11' title="bbox 453 990 2041 1068">
    <p class='ocr_par' dir='ltr' id='par_1_11' title="bbox 453 990 2041 1068">
     <span class='ocr_line' id='line_1_11' title="bbox 453 990 2041 1068; baseline 0.001 -16"><span class='ocrx_word' id='word_1_55' title='bbox 453 990 659 1052; x_wconf 69' lang='lat' dir='ltr'><strong>calidas</strong></span> <span class='ocrx_word' id='word_1_56' title='bbox 703 996 757 1050; x_wconf 92' lang='lat' dir='ltr'><strong>in</strong></span> <span class='ocrx_word' id='word_1_57' title='bbox 785 1011 849 1051; x_wconf 91' lang='lat' dir='ltr'><strong>ea</strong></span> <span class='ocrx_word' id='word_1_58' title='bbox 879 997 1152 1068; x_wconf 89' lang='lat' dir='ltr'><strong>iaerymas</strong></span> <span class='ocrx_word' id='word_1_59' title='bbox 1173 995 1455 1055; x_wconf 75' lang='lat' dir='ltr'><strong>etiundens</strong></span> <span class='ocrx_word' id='word_1_60' title='bbox 1488 1015 1503 1053; x_wconf 88' lang='lat'><strong>:</strong></span> <span class='ocrx_word' id='word_1_61' title='bbox 1537 1005 1591 1053; x_wconf 91' lang='lat' dir='ltr'><strong>ct</strong></span> <span class='ocrx_word' id='word_1_62' title='bbox 1612 1007 2041 1066; x_wconf 88' lang='lat' dir='ltr'><strong>servatorem,et</strong></span> 
     </span>
    </p>
   </div>
   <div class='ocr_carea' id='block_1_12' title="bbox 455 1089 2039 1162">
    <p class='ocr_par' dir='ltr' id='par_1_12' title="bbox 455 1089 2039 1162">
     <span class='ocr_line' id='line_1_12' title="bbox 455 1089 2039 1162; baseline 0.003 -20"><span class='ocrx_word' id='word_1_63' title='bbox 455 1089 579 1144; x_wconf 72' lang='lat' dir='ltr'><strong>vitae</strong></span> <span class='ocrx_word' id='word_1_64' title='bbox 612 1098 911 1156; x_wconf 76' lang='lat' dir='ltr'><strong>auctorem,</strong></span> <span class='ocrx_word' id='word_1_65' title='bbox 945 1105 1055 1146; x_wconf 88' lang='lat' dir='ltr'><strong>non</strong></span> <span class='ocrx_word' id='word_1_66' title='bbox 1081 1092 1253 1147; x_wconf 88' lang='lat' dir='ltr'><strong>solum</strong></span> <span class='ocrx_word' id='word_1_67' title='bbox 1280 1091 1399 1158; x_wconf 83' lang='lat' dir='ltr'><strong>lilii,</strong></span> <span class='ocrx_word' id='word_1_68' title='bbox 1424 1091 1519 1148; x_wconf 90' lang='lat' dir='ltr'><strong>sed</strong></span> <span class='ocrx_word' id='word_1_69' title='bbox 1542 1106 1654 1148; x_wconf 73' lang='lat' dir='ltr'><strong>sum</strong></span> <span class='ocrx_word' id='word_1_70' title='bbox 1678 1105 1897 1162; x_wconf 89' lang='lat' dir='ltr'><strong>quoque</strong></span> <span class='ocrx_word' id='word_1_71' title='bbox 1922 1106 2039 1147; x_wconf 89' lang='lat' dir='ltr'><strong>ma-</strong></span> 
     </span>
    </p>
   </div>
   <div class='ocr_carea' id='block_1_13' title="bbox 455 1184 2040 1252">
    <p class='ocr_par' dir='ltr' id='par_1_13' title="bbox 455 1184 2040 1252">
     <span class='ocr_line' id='line_1_13' title="bbox 455 1184 2040 1252; baseline 0.004 -16"><span class='ocrx_word' id='word_1_72' title='bbox 455 1199 620 1252; x_wconf 74' lang='lat' dir='ltr'><strong>gnum</strong></span> <span class='ocrx_word' id='word_1_73' title='bbox 653 1198 858 1242; x_wconf 90' lang='lat' dir='ltr'><strong>vocans</strong></span> <span class='ocrx_word' id='word_1_74' title='bbox 893 1184 1257 1241; x_wconf 87' lang='lat' dir='ltr'><strong>Theodosium</strong></span> <span class='ocrx_word' id='word_1_75' title='bbox 1300 1202 1315 1240; x_wconf 92' lang='lat'><strong>:</strong></span> <span class='ocrx_word' id='word_1_76' title='bbox 1352 1200 1543 1242; x_wconf 85' lang='lat' dir='ltr'><strong>revera</strong></span> <span class='ocrx_word' id='word_1_77' title='bbox 1588 1185 1731 1239; x_wconf 89' lang='lat' dir='ltr'><strong>enim</strong></span> <span class='ocrx_word' id='word_1_78' title='bbox 1765 1184 1813 1239; x_wconf 91' lang='lat' dir='ltr'><strong>ei</strong></span> <span class='ocrx_word' id='word_1_79' title='bbox 1869 1184 2040 1242; x_wconf 83' lang='lat' dir='ltr'><strong>fuisse</strong></span> 
     </span>
    </p>
   </div>
   <div class='ocr_carea' id='block_1_14' title="bbox 458 1273 2041 1347">
    <p class='ocr_par' dir='ltr' id='par_1_14' title="bbox 458 1273 2041 1347">
     <span class='ocr_line' id='line_1_14' title="bbox 458 1273 2041 1347; baseline 0.004 -19"><span class='ocrx_word' id='word_1_80' title='bbox 458 1273 697 1335; x_wconf 84' lang='lat' dir='ltr'><strong>futuram</strong></span> <span class='ocrx_word' id='word_1_81' title='bbox 738 1276 995 1347; x_wconf 87' lang='lat' dir='ltr'><strong>deinceps</strong></span> <span class='ocrx_word' id='word_1_82' title='bbox 1024 1277 1191 1333; x_wconf 88' lang='lat' dir='ltr'><strong>vitam</strong></span> <span class='ocrx_word' id='word_1_83' title='bbox 1235 1293 1342 1334; x_wconf 92' lang='lat' dir='ltr'><strong>non</strong></span> <span class='ocrx_word' id='word_1_84' title='bbox 1377 1278 1622 1345; x_wconf 84' lang='lat' dir='ltr'><strong>vitalem,</strong></span> <span class='ocrx_word' id='word_1_85' title='bbox 1653 1287 1750 1333; x_wconf 90' lang='lat' dir='ltr'><strong>aut</strong></span> <span class='ocrx_word' id='word_1_86' title='bbox 1790 1277 1873 1333; x_wconf 92' lang='lat' dir='ltr'><strong>vel</strong></span> <span class='ocrx_word' id='word_1_87' title='bbox 1927 1278 2041 1347; x_wconf 86' lang='lat' dir='ltr'><strong>ipsa</strong></span> 
     </span>
    </p>
   </div>
   <div class='ocr_carea' id='block_1_15' title="bbox 458 1368 2045 1440">
    <p class='ocr_par' dir='ltr' id='par_1_15' title="bbox 458 1368 2045 1440">
     <span class='ocr_line' id='line_1_15' title="bbox 458 1368 2045 1440; baseline 0.003 -18"><span class='ocrx_word' id='word_1_88' title='bbox 458 1377 649 1431; x_wconf 58' lang='lat' dir='ltr'><strong>morte,</strong></span> <span class='ocrx_word' id='word_1_89' title='bbox 668 1368 827 1440; x_wconf 84' lang='lat' dir='ltr'><strong>longe</strong></span> <span class='ocrx_word' id='word_1_90' title='bbox 879 1372 1232 1437; x_wconf 88' lang='lat' dir='ltr'><strong>amariorem,</strong></span> <span class='ocrx_word' id='word_1_91' title='bbox 1281 1372 1326 1425; x_wconf 92' lang='lat' dir='ltr'><strong>si</strong></span> <span class='ocrx_word' id='word_1_92' title='bbox 1387 1380 1498 1426; x_wconf 85' lang='lat' dir='ltr'><strong>tam</strong></span> <span class='ocrx_word' id='word_1_93' title='bbox 1531 1371 1935 1439; x_wconf 89' lang='lat' dir='ltr'><strong>intempestive,</strong></span> <span class='ocrx_word' id='word_1_94' title='bbox 1967 1372 2045 1427; x_wconf 77' lang='lat' dir='ltr'><strong>in.</strong></span> 
     </span>
    </p>
   </div>
   <div class='ocr_carea' id='block_1_16' title="bbox 458 1461 1500 1531">
    <p class='ocr_par' dir='ltr' id='par_1_16' title="bbox 458 1461 1500 1531">
     <span class='ocr_line' id='line_1_16' title="bbox 458 1461 1500 1531; baseline 0.003 -16"><span class='ocrx_word' id='word_1_95' title='bbox 458 1461 597 1531; x_wconf 86' lang='lat' dir='ltr'><strong>quit,</strong></span> <span class='ocrx_word' id='word_1_96' title='bbox 620 1469 678 1517; x_wconf 87' lang='lat' dir='ltr'><strong>et</strong></span> <span class='ocrx_word' id='word_1_97' title='bbox 703 1462 905 1518; x_wconf 90' lang='lat' dir='ltr'><strong>misere</strong></span> <span class='ocrx_word' id='word_1_98' title='bbox 930 1461 981 1518; x_wconf 87' lang='lat' dir='ltr'><strong>ei</strong></span> <span class='ocrx_word' id='word_1_99' title='bbox 1017 1461 1160 1518; x_wconf 85' lang='lat' dir='ltr'><strong>ﬁlius</strong></span> <span class='ocrx_word' id='word_1_100' title='bbox 1181 1462 1500 1518; x_wconf 88' lang='lat' dir='ltr'><strong>interiisset.</strong></span> 
     </span>
    </p>
   </div>
   <div class='ocr_carea' id='block_1_17' title="bbox 426 1552 2042 1625">
    <p class='ocr_par' dir='ltr' id='par_1_17' title="bbox 426 1552 2042 1625">
     <span class='ocr_line' id='line_1_17' title="bbox 426 1552 2042 1625; baseline 0 -16"><span class='ocrx_word' id='word_1_101' title='bbox 426 1552 429 1555; x_wconf 83' lang='grc'><em>’</em></span> <span class='ocrx_word' id='word_1_102' title='bbox 530 1553 622 1611; x_wconf 84' lang='grc'><strong>66.</strong></span> <span class='ocrx_word' id='word_1_103' title='bbox 679 1553 869 1610; x_wconf 87' lang='lat' dir='ltr'><strong>Potest</strong></span> <span class='ocrx_word' id='word_1_104' title='bbox 914 1564 1097 1610; x_wconf 91' lang='lat' dir='ltr'><strong>autem</strong></span> <span class='ocrx_word' id='word_1_105' title='bbox 1140 1555 1318 1611; x_wconf 86' lang='lat' dir='ltr'><strong>oratio</strong></span> <span class='ocrx_word' id='word_1_106' title='bbox 1374 1568 1591 1624; x_wconf 89' lang='lat' dir='ltr'><strong>quoque</strong></span> <span class='ocrx_word' id='word_1_107' title='bbox 1638 1554 1847 1625; x_wconf 87' lang='lat' dir='ltr'><strong>aliquid</strong></span> <span class='ocrx_word' id='word_1_108' title='bbox 1893 1552 2042 1610; x_wconf 87' lang='lat' dir='ltr'><strong>aliud</strong></span> 
     </span>
    </p>
   </div>
   <div class='ocr_carea' id='block_1_18' title="bbox 457 1645 2041 1718">
    <p class='ocr_par' dir='ltr' id='par_1_18' title="bbox 457 1645 2041 1718">
     <span class='ocr_line' id='line_1_18' title="bbox 457 1645 2041 1718; baseline -0.001 -16"><span class='ocrx_word' id='word_1_109' title='bbox 457 1646 663 1713; x_wconf 86' lang='lat' dir='ltr'><strong>dicere,</strong></span> <span class='ocrx_word' id='word_1_110' title='bbox 685 1646 863 1702; x_wconf 88' lang='lat' dir='ltr'><strong>simile</strong></span> <span class='ocrx_word' id='word_1_111' title='bbox 896 1645 1392 1718; x_wconf 70' lang='lat' dir='ltr'><strong>prmcedenti.Nam</strong></span> <span class='ocrx_word' id='word_1_112' title='bbox 1422 1648 1670 1718; x_wconf 70' lang='lat' dir='ltr'><strong>qumdam</strong></span> <span class='ocrx_word' id='word_1_113' title='bbox 1691 1646 1796 1702; x_wconf 87' lang='lat' dir='ltr'><strong>alia</strong></span> <span class='ocrx_word' id='word_1_114' title='bbox 1826 1646 2041 1715; x_wconf 89' lang='lat' dir='ltr'><strong>mulier,</strong></span> 
     </span>
    </p>
   </div>
   <div class='ocr_carea' id='block_1_19' title="bbox 2139 537 3732 615">
    <p class='ocr_par' dir='ltr' id='par_1_19' title="bbox 2139 537 3732 615">
     <span class='ocr_line' id='line_1_19' title="bbox 2139 537 3732 615; baseline 0.004 -21"><span class='ocrx_word' id='word_1_115' title='bbox 2139 537 2253 596; x_wconf 72' lang='grc' dir='ltr'>οἷον</span> <span class='ocrx_word' id='word_1_116' title='bbox 2304 541 2677 596; x_wconf 74' lang='grc' dir='ltr'>ἐνθουσιῶσαν</span> <span class='ocrx_word' id='word_1_117' title='bbox 2734 543 2967 614; x_wconf 78' lang='grc' dir='ltr'><strong>ἠρεμεῖν</strong></span> <span class='ocrx_word' id='word_1_118' title='bbox 3028 543 3130 598; x_wconf 77' lang='grc' dir='ltr'><strong>οὐκ</strong></span> <span class='ocrx_word' id='word_1_119' title='bbox 3151 545 3239 615; x_wconf 78' lang='grc' dir='ltr'>ἐᾷ.</span> <span class='ocrx_word' id='word_1_120' title='bbox 3275 542 3464 599; x_wconf 90' lang='grc' dir='ltr'>Ταῦτα</span> <span class='ocrx_word' id='word_1_121' title='bbox 3498 546 3732 600; x_wconf 76' lang='grc' dir='ltr'>εἰποῦσα</span> 
     </span>
    </p>
   </div>
   <div class='ocr_carea' id='block_1_20' title="bbox 2140 631 3734 711">
    <p class='ocr_par' dir='ltr' id='par_1_20' title="bbox 2140 631 3734 711">
     <span class='ocr_line' id='line_1_20' title="bbox 2140 631 3734 711; baseline 0.006 -27"><span class='ocrx_word' id='word_1_122' title='bbox 2140 633 2235 685; x_wconf 72' lang='grc' dir='ltr'><strong>καὶ</strong></span> <span class='ocrx_word' id='word_1_123' title='bbox 2257 631 2420 702; x_wconf 80' lang='grc' dir='ltr'>ἔργου</span> <span class='ocrx_word' id='word_1_124' title='bbox 2450 634 2650 704; x_wconf 78' lang='grc' dir='ltr'>εἴχετο,</span> <span class='ocrx_word' id='word_1_125' title='bbox 2680 636 2797 697; x_wconf 81' lang='grc' dir='ltr'>τοῖς</span> <span class='ocrx_word' id='word_1_126' title='bbox 2819 635 2916 688; x_wconf 87' lang='grc' dir='ltr'><strong>τοῦ</strong></span> <span class='ocrx_word' id='word_1_127' title='bbox 2936 637 3142 707; x_wconf 78' lang='grc' dir='ltr'>πατρὸς</span> <span class='ocrx_word' id='word_1_128' title='bbox 3163 635 3325 700; x_wconf 75' lang='grc' dir='ltr'>εὐθὺς</span> <span class='ocrx_word' id='word_1_129' title='bbox 3347 635 3537 705; x_wconf 78' lang='grc' dir='ltr'><strong>γόνασι</strong></span> <span class='ocrx_word' id='word_1_130' title='bbox 3562 655 3734 711; x_wconf 85' lang='grc' dir='ltr'>προσ-</span> 
     </span>
    </p>
   </div>
   <div class='ocr_carea' id='block_1_21' title="bbox 2140 725 3732 799">
    <p class='ocr_par' dir='ltr' id='par_1_21' title="bbox 2140 725 3732 799">
     <span class='ocr_line' id='line_1_21' title="bbox 2140 725 3732 799; baseline 0.002 -19"><span class='ocrx_word' id='word_1_131' title='bbox 2140 725 2459 798; x_wconf 81' lang='grc' dir='ltr'>κυλιομένη,</span> <span class='ocrx_word' id='word_1_132' title='bbox 2514 726 2676 798; x_wconf 78' lang='grc' dir='ltr'>ἰχνῶν</span> <span class='ocrx_word' id='word_1_133' title='bbox 2725 744 2784 781; x_wconf 86' lang='grc' dir='ltr'><strong>τε</strong></span> <span class='ocrx_word' id='word_1_134' title='bbox 2816 728 3034 781; x_wconf 75' lang='grc' dir='ltr'>ἐκείνου</span> <span class='ocrx_word' id='word_1_135' title='bbox 3085 728 3432 799; x_wconf 82' lang='grc' dir='ltr'>ἀμφοτέραις</span> <span class='ocrx_word' id='word_1_136' title='bbox 3482 730 3732 799; x_wconf 73' lang='grc' dir='ltr'>ἐφαπτο-</span> 
     </span>
    </p>
   </div>
   <div class='ocr_carea' id='block_1_22' title="bbox 2142 818 3729 893">
    <p class='ocr_par' dir='ltr' id='par_1_22' title="bbox 2142 818 3729 893">
     <span class='ocr_line' id='line_1_22' title="bbox 2142 818 3729 893; baseline 0.003 -23"><span class='ocrx_word' id='word_1_137' title='bbox 2142 818 2305 888; x_wconf 82' lang='grc' dir='ltr'>μένη,</span> <span class='ocrx_word' id='word_1_138' title='bbox 2348 819 2837 890; x_wconf 80' lang='grc' dir='ltr'>περιπτυσσομένη</span> <span class='ocrx_word' id='word_1_139' title='bbox 2891 819 2984 872; x_wconf 73' lang='grc' dir='ltr'><strong>καὶ</strong></span> <span class='ocrx_word' id='word_1_140' title='bbox 3039 820 3278 889; x_wconf 71' lang='grc' dir='ltr'>χείλεσιν</span> <span class='ocrx_word' id='word_1_141' title='bbox 3342 819 3462 891; x_wconf 80' lang='grc' dir='ltr'><strong>ᾆμα</strong></span> <span class='ocrx_word' id='word_1_142' title='bbox 3510 822 3605 889; x_wconf 73' lang='grc' dir='ltr'><strong>καὶ</strong></span> <span class='ocrx_word' id='word_1_143' title='bbox 3660 825 3729 893; x_wconf 74' lang='grc' dir='ltr'>τῇ</span> 
     </span>
    </p>
   </div>
   <div class='ocr_carea' id='block_1_23' title="bbox 2139 910 3735 984">
    <p class='ocr_par' dir='ltr' id='par_1_23' title="bbox 2139 910 3735 984">
     <span class='ocr_line' id='line_1_23' title="bbox 2139 910 3735 984; baseline 0.003 -21"><span class='ocrx_word' id='word_1_144' title='bbox 2139 910 2314 983; x_wconf 76' lang='grc' dir='ltr'>ψυχῇ,</span> <span class='ocrx_word' id='word_1_145' title='bbox 2349 912 2566 983; x_wconf 83' lang='grc' dir='ltr'>δάκρυα</span> <span class='ocrx_word' id='word_1_146' title='bbox 2617 911 2827 965; x_wconf 84' lang='grc' dir='ltr'>τούτων</span> <span class='ocrx_word' id='word_1_147' title='bbox 2875 911 3059 983; x_wconf 84' lang='grc' dir='ltr'>θερμά</span> <span class='ocrx_word' id='word_1_148' title='bbox 3097 915 3465 984; x_wconf 78' lang='grc' dir='ltr'><strong>καταχέουσα,</strong></span> <span class='ocrx_word' id='word_1_149' title='bbox 3499 914 3594 967; x_wconf 75' lang='grc' dir='ltr'>καὶ</span> <span class='ocrx_word' id='word_1_150' title='bbox 3621 931 3735 968; x_wconf 70' lang='lat' dir='ltr'><strong>ato-</strong></span> 
     </span>
    </p>
   </div>
   <div class='ocr_carea' id='block_1_24' title="bbox 2138 1003 3732 1075">
    <p class='ocr_par' dir='ltr' id='par_1_24' title="bbox 2138 1003 3732 1075">
     <span class='ocr_line' id='line_1_24' title="bbox 2138 1003 3732 1075; baseline 0.003 -20"><span class='ocrx_word' id='word_1_151' title='bbox 2138 1004 2284 1075; x_wconf 82' lang='grc' dir='ltr'>τῆρα</span> <span class='ocrx_word' id='word_1_152' title='bbox 2306 1004 2401 1059; x_wconf 80' lang='grc' dir='ltr'>καὶ</span> <span class='ocrx_word' id='word_1_153' title='bbox 2421 1004 2571 1074; x_wconf 78' lang='grc' dir='ltr'>ζωῆς</span> <span class='ocrx_word' id='word_1_154' title='bbox 2619 1004 2815 1071; x_wconf 79' lang='grc' dir='ltr'>αἴτιον,</span> <span class='ocrx_word' id='word_1_155' title='bbox 2875 1005 2937 1057; x_wconf 82' lang='grc' dir='ltr'><strong>οὐ</strong></span> <span class='ocrx_word' id='word_1_156' title='bbox 2974 1003 3069 1058; x_wconf 87' lang='grc' dir='ltr'><strong>τοῦ</strong></span> <span class='ocrx_word' id='word_1_157' title='bbox 3111 1005 3305 1068; x_wconf 85' lang='grc' dir='ltr'>παιδὸς</span> <span class='ocrx_word' id='word_1_158' title='bbox 3359 1006 3542 1075; x_wconf 87' lang='grc' dir='ltr'>μόνον,</span> <span class='ocrx_word' id='word_1_159' title='bbox 3591 1006 3732 1059; x_wconf 73' lang='grc' dir='ltr'>ἀλλὰ</span> 
     </span>
    </p>
   </div>
   <div class='ocr_carea' id='block_1_25' title="bbox 2143 1094 3734 1168">
    <p class='ocr_par' dir='ltr' id='par_1_25' title="bbox 2143 1094 3734 1168">
     <span class='ocr_line' id='line_1_25' title="bbox 2143 1094 3734 1168; baseline 0.001 -18"><span class='ocrx_word' id='word_1_160' title='bbox 2143 1098 2235 1150; x_wconf 69' lang='grc' dir='ltr'><strong>καὶ</strong></span> <span class='ocrx_word' id='word_1_161' title='bbox 2265 1097 2466 1166; x_wconf 77' lang='grc' dir='ltr'>ἑαυτῆς</span> <span class='ocrx_word' id='word_1_162' title='bbox 2489 1098 2582 1149; x_wconf 83' lang='grc' dir='ltr'><strong>τὸν</strong></span> <span class='ocrx_word' id='word_1_163' title='bbox 2611 1097 2788 1167; x_wconf 80' lang='grc' dir='ltr'>μέγαν</span> <span class='ocrx_word' id='word_1_164' title='bbox 2815 1094 3207 1150; x_wconf 69' lang='grc' dir='ltr'>ἀποκαλοῦσαι</span> <span class='ocrx_word' id='word_1_165' title='bbox 3242 1096 3276 1168; x_wconf 76' lang='grc' dir='ltr'>ἢ</span> <span class='ocrx_word' id='word_1_166' title='bbox 3304 1098 3415 1168; x_wconf 81' lang='grc' dir='ltr'>γὰρ</span> <span class='ocrx_word' id='word_1_167' title='bbox 3462 1097 3528 1150; x_wconf 77' lang='grc' dir='ltr'>ἂν</span> <span class='ocrx_word' id='word_1_168' title='bbox 3561 1097 3734 1151; x_wconf 76' lang='grc' dir='ltr'>ἀὸίω-</span> 
     </span>
    </p>
   </div>
   <div class='ocr_carea' id='block_1_26' title="bbox 2140 1187 3735 1261">
    <p class='ocr_par' dir='ltr' id='par_1_26' title="bbox 2140 1187 3735 1261">
     <span class='ocr_line' id='line_1_26' title="bbox 2140 1187 3735 1261; baseline 0.002 -19"><span class='ocrx_word' id='word_1_169' title='bbox 2140 1206 2232 1242; x_wconf 91' lang='grc' dir='ltr'><strong>τον</strong></span> <span class='ocrx_word' id='word_1_170' title='bbox 2262 1189 2400 1261; x_wconf 77' lang='grc' dir='ltr'>αὐτῇ</span> <span class='ocrx_word' id='word_1_171' title='bbox 2431 1188 2620 1243; x_wconf 71' lang='grc' dir='ltr'>λοιπὸν</span> <span class='ocrx_word' id='word_1_172' title='bbox 2642 1188 2867 1243; x_wconf 78' lang='grc' dir='ltr'>ἔσεσθαι</span> <span class='ocrx_word' id='word_1_173' title='bbox 2894 1187 2985 1241; x_wconf 72' lang='grc' dir='ltr'>τὸν</span> <span class='ocrx_word' id='word_1_174' title='bbox 3009 1188 3147 1259; x_wconf 75' lang='grc' dir='ltr'>βίον,</span> <span class='ocrx_word' id='word_1_175' title='bbox 3172 1189 3205 1259; x_wconf 79' lang='grc' dir='ltr'><strong>ἢ</strong></span> <span class='ocrx_word' id='word_1_176' title='bbox 3234 1188 3371 1242; x_wconf 80' lang='grc' dir='ltr'>πολὺ</span> <span class='ocrx_word' id='word_1_177' title='bbox 3403 1189 3613 1260; x_wconf 80' lang='grc' dir='ltr'>μᾶλλον</span> <span class='ocrx_word' id='word_1_178' title='bbox 3636 1191 3735 1245; x_wconf 59' lang='grc' dir='ltr'><strong>καὶ⁵</strong></span> 
     </span>
    </p>
   </div>
   <div class='ocr_carea' id='block_1_27' title="bbox 2142 1279 3735 1355">
    <p class='ocr_par' dir='ltr' id='par_1_27' title="bbox 2142 1279 3735 1355">
     <span class='ocr_line' id='line_1_27' title="bbox 2142 1279 3735 1355; baseline 0.002 -22"><span class='ocrx_word' id='word_1_179' title='bbox 2142 1279 2308 1334; x_wconf 78' lang='grc' dir='ltr'>αὐτοῦ</span> <span class='ocrx_word' id='word_1_180' title='bbox 2339 1280 2575 1334; x_wconf 79' lang='grc' dir='ltr'>θανάτου</span> <span class='ocrx_word' id='word_1_181' title='bbox 2619 1280 2974 1351; x_wconf 78' lang='grc' dir='ltr'><strong>πικρότερον,</strong></span> <span class='ocrx_word' id='word_1_182' title='bbox 3012 1282 3063 1333; x_wconf 78' lang='grc' dir='ltr'>εἰ</span> <span class='ocrx_word' id='word_1_183' title='bbox 3097 1279 3264 1346; x_wconf 77' lang='grc' dir='ltr'>οὕτω,</span> <span class='ocrx_word' id='word_1_184' title='bbox 3311 1281 3499 1352; x_wconf 76' lang='grc' dir='ltr'>φησὶν,</span> <span class='ocrx_word' id='word_1_185' title='bbox 3535 1281 3735 1355; x_wconf 79' lang='grc' dir='ltr'>ἀώρως</span> 
     </span>
    </p>
   </div>
   <div class='ocr_carea' id='block_1_28' title="bbox 2144 1369 3172 1440">
    <p class='ocr_par' dir='ltr' id='par_1_28' title="bbox 2144 1369 3172 1440">
     <span class='ocr_line' id='line_1_28' title="bbox 2144 1369 3172 1440; baseline 0.005 -19"><span class='ocrx_word' id='word_1_186' title='bbox 2144 1370 2269 1440; x_wconf 80' lang='grc' dir='ltr'>ἐμοὶ</span> <span class='ocrx_word' id='word_1_187' title='bbox 2298 1371 2392 1424; x_wconf 78' lang='grc' dir='ltr'><strong>καὶ</strong></span> <span class='ocrx_word' id='word_1_188' title='bbox 2416 1369 2620 1435; x_wconf 76' lang='grc' dir='ltr'>ἀθλίως</span> <span class='ocrx_word' id='word_1_189' title='bbox 2644 1372 2672 1423; x_wconf 91' lang='grc' dir='ltr'><strong>ό</strong></span> <span class='ocrx_word' id='word_1_190' title='bbox 2704 1373 2835 1436; x_wconf 84' lang='grc' dir='ltr'>παῖς</span> <span class='ocrx_word' id='word_1_191' title='bbox 2875 1370 3172 1426; x_wconf 81' lang='grc' dir='ltr'><strong>ἀπολώλει.</strong></span> 
     </span>
    </p>
   </div>
   <div class='ocr_carea' id='block_1_29' title="bbox 2215 1549 3738 1626">
    <p class='ocr_par' dir='ltr' id='par_1_29' title="bbox 2215 1549 3738 1626">
     <span class='ocr_line' id='line_1_29' title="bbox 2215 1549 3738 1626; baseline 0.001 -18"><span class='ocrx_word' id='word_1_192' title='bbox 2215 1549 2324 1617; x_wconf 68' lang='grc' dir='ltr'><strong>ξςῆ</strong></span> <span class='ocrx_word' id='word_1_193' title='bbox 2357 1552 2513 1623; x_wconf 83' lang='grc' dir='ltr'><strong>Ἔχει</strong></span> <span class='ocrx_word' id='word_1_194' title='bbox 2563 1569 2616 1605; x_wconf 89' lang='grc' dir='ltr'>τι</span> <span class='ocrx_word' id='word_1_195' title='bbox 2669 1554 2764 1606; x_wconf 77' lang='grc' dir='ltr'><strong>καὶ</strong></span> <span class='ocrx_word' id='word_1_196' title='bbox 2797 1551 2927 1608; x_wconf 82' lang='grc' dir='ltr'>ἀλλο</span> <span class='ocrx_word' id='word_1_197' title='bbox 2984 1552 3080 1611; x_wconf 81' lang='grc' dir='ltr'><strong>τοῦ</strong></span> <span class='ocrx_word' id='word_1_198' title='bbox 3119 1555 3490 1626; x_wconf 76' lang='grc' dir='ltr'>προλαϐόντος</span> <span class='ocrx_word' id='word_1_199' title='bbox 3523 1557 3554 1609; x_wconf 89' lang='grc' dir='ltr'><strong>ό</strong></span> <span class='ocrx_word' id='word_1_200' title='bbox 3576 1555 3738 1625; x_wconf 90' lang='grc' dir='ltr'>λόγος</span> 
     </span>
    </p>
   </div>
   <div class='ocr_carea' id='block_1_30' title="bbox 2144 1643 3739 1720">
    <p class='ocr_par' dir='ltr' id='par_1_30' title="bbox 2144 1643 3739 1720">
     <span class='ocr_line' id='line_1_30' title="bbox 2144 1643 3739 1720; baseline 0.006 -25"><span class='ocrx_word' id='word_1_201' title='bbox 2144 1643 2321 1696; x_wconf 81' lang='grc' dir='ltr'>εἰπεῖν</span> <span class='ocrx_word' id='word_1_202' title='bbox 2352 1643 2758 1715; x_wconf 77' lang='grc' dir='ltr'>παραπλήσιον.</span> <span class='ocrx_word' id='word_1_203' title='bbox 2792 1644 2937 1716; x_wconf 85' lang='grc' dir='ltr'>Γυνὴ</span> <span class='ocrx_word' id='word_1_204' title='bbox 2964 1646 3076 1719; x_wconf 91' lang='grc' dir='ltr'><strong>γάρ</strong></span> <span class='ocrx_word' id='word_1_205' title='bbox 3102 1664 3188 1711; x_wconf 93' lang='grc' dir='ltr'><strong>τις</strong></span> <span class='ocrx_word' id='word_1_206' title='bbox 3221 1649 3386 1720; x_wconf 76' lang='grc' dir='ltr'>ἑτέρα</span> <span class='ocrx_word' id='word_1_207' title='bbox 3419 1648 3615 1713; x_wconf 80' lang='grc' dir='ltr'>τόκους</span> <span class='ocrx_word' id='word_1_208' title='bbox 3635 1650 3739 1720; x_wconf 79' lang='grc' dir='ltr'>μὲν</span> 
     </span>
    </p>
   </div>
   <div class='ocr_carea' id='block_1_31' title="bbox 460 1735 2055 1814">
    <p class='ocr_par' dir='ltr' id='par_1_31' title="bbox 460 1737 2046 1811">
     <span class='ocr_line' id='line_1_31' title="bbox 460 1737 2046 1811; baseline 0.001 -18"><span class='ocrx_word' id='word_1_209' title='bbox 460 1753 580 1808; x_wconf 67' lang='lat' dir='ltr'><strong>quae</strong></span> <span class='ocrx_word' id='word_1_210' title='bbox 608 1737 662 1793; x_wconf 83' lang='lat' dir='ltr'><strong>in</strong></span> <span class='ocrx_word' id='word_1_211' title='bbox 690 1747 847 1810; x_wconf 90' lang='lat' dir='ltr'><strong>partu</strong></span> <span class='ocrx_word' id='word_1_212' title='bbox 881 1738 1176 1809; x_wconf 84' lang='lat' dir='ltr'><strong>quotannis</strong></span> <span class='ocrx_word' id='word_1_213' title='bbox 1213 1738 1452 1811; x_wconf 81' lang='lat' dir='ltr'><strong>graviter</strong></span> <span class='ocrx_word' id='word_1_214' title='bbox 1501 1738 1805 1804; x_wconf 82' lang='lat' dir='ltr'><strong>laborabat,</strong></span> <span class='ocrx_word' id='word_1_215' title='bbox 1849 1748 1905 1793; x_wconf 91' lang='lat' dir='ltr'><strong>et</strong></span> <span class='ocrx_word' id='word_1_216' title='bbox 1945 1751 2046 1794; x_wconf 87' lang='lat' dir='ltr'><strong>nec</strong></span> 
     </span>
    </p>
   </div>
   <div class='ocr_carea' id='block_1_32' title="bbox 2158 1735 3737 1814">
    <p class='ocr_par' dir='ltr' id='par_1_32' title="bbox 2158 1735 3737 1814">
     <span class='ocr_line' id='line_1_32' title="bbox 2158 1735 3737 1814; baseline 0.006 -27"><span class='ocrx_word' id='word_1_217' title='bbox 2158 1735 2242 1788; x_wconf 73' lang='grc' dir='ltr'><strong>καὶ</strong></span> <span class='ocrx_word' id='word_1_218' title='bbox 2295 1736 2501 1807; x_wconf 74' lang='grc' dir='ltr'>πικρὰς</span> <span class='ocrx_word' id='word_1_219' title='bbox 2548 1737 2724 1792; x_wconf 87' lang='grc' dir='ltr'>τόκων</span> <span class='ocrx_word' id='word_1_220' title='bbox 2804 1736 3001 1801; x_wconf 77' lang='grc' dir='ltr'>ὠδῖνας</span> <span class='ocrx_word' id='word_1_221' title='bbox 3060 1739 3297 1812; x_wconf 80' lang='grc' dir='ltr'>ὲτησίως</span> <span class='ocrx_word' id='word_1_222' title='bbox 3362 1742 3737 1814; x_wconf 77' lang='grc' dir='ltr'><strong>ὑφισταμένη,</strong></span> 
     </span>
    </p>
   </div>
   <div class='ocr_carea' id='block_1_33' title="bbox 456 1802 2055 1907">
    <p class='ocr_par' dir='ltr' id='par_1_33' title="bbox 456 1802 2043 1903">
     <span class='ocr_line' id='line_1_33' title="bbox 456 1802 2043 1903; baseline 0 -16"><span class='ocrx_word' id='word_1_223' title='bbox 456 1802 524 1887; x_wconf 71' lang='lat' dir='ltr'><strong>ex</strong></span> <span class='ocrx_word' id='word_1_224' title='bbox 560 1847 626 1888; x_wconf 90' lang='lat' dir='ltr'><strong>eo</strong></span> <span class='ocrx_word' id='word_1_225' title='bbox 660 1802 913 1902; x_wconf 61' lang='grc' dir='ltr'>υῙίιμιοῖιί</span> <span class='ocrx_word' id='word_1_226' title='bbox 928 1832 1177 1902; x_wconf 86' lang='lat' dir='ltr'><strong>capiebat</strong></span> <span class='ocrx_word' id='word_1_227' title='bbox 1200 1802 1511 1889; x_wconf 63' lang='lat' dir='ltr'><strong>utilitatem.</strong></span> <span class='ocrx_word' id='word_1_228' title='bbox 1544 1802 1864 1903; x_wconf 85' lang='lat' dir='ltr'><strong>Priusquam</strong></span> <span class='ocrx_word' id='word_1_229' title='bbox 1896 1835 2043 1888; x_wconf 84' lang='lat' dir='ltr'><strong>enim</strong></span> 
     </span>
    </p>
   </div>
   <div class='ocr_carea' id='block_1_34' title="bbox 2158 1802 3738 1907">
    <p class='ocr_par' dir='ltr' id='par_1_34' title="bbox 2158 1802 3738 1907">
     <span class='ocr_line' id='line_1_34' title="bbox 2158 1802 3738 1907; baseline 0.008 -27"><span class='ocrx_word' id='word_1_230' title='bbox 2158 1826 2274 1881; x_wconf 79' lang='grc' dir='ltr'>οὐδὲ</span> <span class='ocrx_word' id='word_1_231' title='bbox 2309 1802 2469 1897; x_wconf 76' lang='grc' dir='ltr'>ὀλίγα</span> <span class='ocrx_word' id='word_1_232' title='bbox 2519 1828 2577 1883; x_wconf 86' lang='grc' dir='ltr'>δὲ</span> <span class='ocrx_word' id='word_1_233' title='bbox 2607 1830 2813 1885; x_wconf 90' lang='grc' dir='ltr'>τούτων</span> <span class='ocrx_word' id='word_1_234' title='bbox 2853 1802 3174 1902; x_wconf 76' lang='grc' dir='ltr'>ἀποναμένῆ</span> <span class='ocrx_word' id='word_1_235' title='bbox 3195 1848 3210 1862; x_wconf 82' lang='lat'><strong><em>°</em></strong></span> <span class='ocrx_word' id='word_1_236' title='bbox 3239 1802 3335 1887; x_wconf 79' lang='grc' dir='ltr'><strong>καὶ</strong></span> <span class='ocrx_word' id='word_1_237' title='bbox 3371 1802 3482 1905; x_wconf 68' lang='grc' dir='ltr'><strong>γάρ</strong></span> <span class='ocrx_word' id='word_1_238' title='bbox 3538 1802 3670 1907; x_wconf 67' lang='grc' dir='ltr'>πρὶν</span> 
     </span>
    </p>
   </div>
   <div class='ocr_carea' id='block_1_35' title="bbox 458 1923 2048 1995">
    <p class='ocr_par' dir='ltr' id='par_1_35' title="bbox 458 1923 2048 1995">
     <span class='ocr_line' id='line_1_35' title="bbox 458 1923 2048 1995; baseline 0 -14"><span class='ocrx_word' id='word_1_239' title='bbox 458 1923 642 1983; x_wconf 82' lang='lat' dir='ltr'><strong>infans</strong></span> <span class='ocrx_word' id='word_1_240' title='bbox 670 1926 855 1985; x_wconf 86' lang='lat' dir='ltr'><strong>editus</strong></span> <span class='ocrx_word' id='word_1_241' title='bbox 907 1934 1056 1983; x_wconf 85' lang='lat' dir='ltr'><strong>esset</strong></span> <span class='ocrx_word' id='word_1_242' title='bbox 1106 1927 1159 1982; x_wconf 90' lang='lat' dir='ltr'><strong>in</strong></span> <span class='ocrx_word' id='word_1_243' title='bbox 1189 1926 1389 1995; x_wconf 87' lang='lat' dir='ltr'><strong>lucem,</strong></span> <span class='ocrx_word' id='word_1_244' title='bbox 1413 1941 1445 1983; x_wconf 90' lang='lat' dir='ltr'><strong>e</strong></span> <span class='ocrx_word' id='word_1_245' title='bbox 1473 1925 1585 1983; x_wconf 88' lang='lat' dir='ltr'><strong>vita</strong></span> <span class='ocrx_word' id='word_1_246' title='bbox 1625 1934 1959 1989; x_wconf 82' lang='lat' dir='ltr'><strong>excesserat,</strong></span> <span class='ocrx_word' id='word_1_247' title='bbox 1991 1933 2048 1982; x_wconf 89' lang='lat' dir='ltr'><strong>et</strong></span> 
     </span>
    </p>
   </div>
   <div class='ocr_carea' id='block_1_36' title="bbox 459 2010 2048 2090">
    <p class='ocr_par' dir='ltr' id='par_1_36' title="bbox 459 2010 2048 2090">
     <span class='ocr_line' id='line_1_36' title="bbox 459 2010 2048 2090; baseline 0.002 -19"><span class='ocrx_word' id='word_1_248' title='bbox 459 2019 679 2076; x_wconf 84' lang='lat' dir='ltr'><strong>labores</strong></span> <span class='ocrx_word' id='word_1_249' title='bbox 730 2010 930 2084; x_wconf 89' lang='lat' dir='ltr'><strong>luctus,</strong></span> <span class='ocrx_word' id='word_1_250' title='bbox 965 2028 1020 2075; x_wconf 88' lang='lat' dir='ltr'><strong>et</strong></span> <span class='ocrx_word' id='word_1_251' title='bbox 1076 2035 1224 2076; x_wconf 89' lang='lat' dir='ltr'><strong>mors</strong></span> <span class='ocrx_word' id='word_1_252' title='bbox 1263 2029 1477 2090; x_wconf 84' lang='lat' dir='ltr'><strong>partum</strong></span> <span class='ocrx_word' id='word_1_253' title='bbox 1510 2018 1864 2090; x_wconf 79' lang='lat' dir='ltr'><strong>excipiebat.</strong></span> <span class='ocrx_word' id='word_1_254' title='bbox 1920 2016 2048 2075; x_wconf 66' lang='lat' dir='ltr'><strong>Haec</strong></span> 
     </span>
    </p>
   </div>
   <div class='ocr_carea' id='block_1_37' title="bbox 459 2112 2043 2185">
    <p class='ocr_par' dir='ltr' id='par_1_37' title="bbox 459 2112 2043 2185">
     <span class='ocr_line' id='line_1_37' title="bbox 459 2112 2043 2185; baseline -0.002 -16"><span class='ocrx_word' id='word_1_255' title='bbox 459 2128 592 2183; x_wconf 84' lang='lat' dir='ltr'><strong>ergo</strong></span> <span class='ocrx_word' id='word_1_256' title='bbox 621 2129 741 2185; x_wconf 73' lang='lat' dir='ltr'><strong>qua:</strong></span> <span class='ocrx_word' id='word_1_257' title='bbox 773 2115 852 2168; x_wconf 89' lang='lat' dir='ltr'><strong>sic</strong></span> <span class='ocrx_word' id='word_1_258' title='bbox 872 2122 926 2169; x_wconf 91' lang='lat' dir='ltr'><strong>et</strong></span> <span class='ocrx_word' id='word_1_259' title='bbox 949 2113 1147 2170; x_wconf 89' lang='lat' dir='ltr'><strong>multos</strong></span> <span class='ocrx_word' id='word_1_260' title='bbox 1164 2114 1412 2185; x_wconf 88' lang='lat' dir='ltr'><strong>pariebat</strong></span> <span class='ocrx_word' id='word_1_261' title='bbox 1440 2112 1602 2179; x_wconf 82' lang='lat' dir='ltr'><strong>filios,</strong></span> <span class='ocrx_word' id='word_1_262' title='bbox 1628 2119 1683 2170; x_wconf 88' lang='lat' dir='ltr'><strong>et</strong></span> <span class='ocrx_word' id='word_1_263' title='bbox 1701 2119 1822 2168; x_wconf 87' lang='lat' dir='ltr'><strong>erat</strong></span> <span class='ocrx_word' id='word_1_264' title='bbox 1848 2112 2043 2168; x_wconf 86' lang='lat' dir='ltr'><strong>orbata</strong></span> 
     </span>
    </p>
   </div>
   <div class='ocr_carea' id='block_1_38' title="bbox 462 2204 2045 2277">
    <p class='ocr_par' dir='ltr' id='par_1_38' title="bbox 462 2204 2045 2277">
     <span class='ocr_line' id='line_1_38' title="bbox 462 2204 2045 2277; baseline -0.001 -17"><span class='ocrx_word' id='word_1_265' title='bbox 462 2205 613 2271; x_wconf 83' lang='lat' dir='ltr'><strong>ﬁliis,</strong></span> <span class='ocrx_word' id='word_1_266' title='bbox 635 2220 757 2261; x_wconf 91' lang='lat' dir='ltr'><strong>cum</strong></span> <span class='ocrx_word' id='word_1_267' title='bbox 782 2204 894 2273; x_wconf 87' lang='lat' dir='ltr'><strong>jam</strong></span> <span class='ocrx_word' id='word_1_268' title='bbox 923 2204 1085 2276; x_wconf 75' lang='lat' dir='ltr'><strong>longe</strong></span> <span class='ocrx_word' id='word_1_269' title='bbox 1116 2214 1360 2277; x_wconf 88' lang='lat' dir='ltr'><strong>tempore</strong></span> <span class='ocrx_word' id='word_1_270' title='bbox 1380 2218 1448 2260; x_wconf 91' lang='lat' dir='ltr'><strong>eo</strong></span> <span class='ocrx_word' id='word_1_271' title='bbox 1489 2204 1630 2261; x_wconf 88' lang='lat' dir='ltr'><strong>malo</strong></span> <span class='ocrx_word' id='word_1_272' title='bbox 1658 2212 1807 2260; x_wconf 89' lang='lat' dir='ltr'><strong>esset</strong></span> <span class='ocrx_word' id='word_1_273' title='bbox 1828 2212 2045 2269; x_wconf 83' lang='lat' dir='ltr'><strong>vexata,</strong></span> 
     </span>
    </p>
   </div>
   <div class='ocr_carea' id='block_1_39' title="bbox 459 2293 2048 2353">
    <p class='ocr_par' dir='ltr' id='par_1_39' title="bbox 459 2293 2048 2353">
     <span class='ocr_line' id='line_1_39' title="bbox 459 2293 2048 2353; baseline -0.002 -2"><span class='ocrx_word' id='word_1_274' title='bbox 459 2298 555 2353; x_wconf 80' lang='lat' dir='ltr'><strong>vix</strong></span> <span class='ocrx_word' id='word_1_275' title='bbox 581 2298 796 2352; x_wconf 88' lang='lat' dir='ltr'><strong>tandem</strong></span> <span class='ocrx_word' id='word_1_276' title='bbox 831 2297 1038 2353; x_wconf 85' lang='lat' dir='ltr'><strong>invenit</strong></span> <span class='ocrx_word' id='word_1_277' title='bbox 1066 2296 1194 2352; x_wconf 90' lang='lat' dir='ltr'><strong>mali</strong></span> <span class='ocrx_word' id='word_1_278' title='bbox 1217 2296 1675 2353; x_wconf 88' lang='lat' dir='ltr'><strong>medicamentum</strong></span> <span class='ocrx_word' id='word_1_279' title='bbox 1705 2313 1720 2350; x_wconf 89' lang='lat'><strong>:</strong></span> <span class='ocrx_word' id='word_1_280' title='bbox 1750 2301 1947 2350; x_wconf 88' lang='lat' dir='ltr'><strong>etcum</strong></span> <span class='ocrx_word' id='word_1_281' title='bbox 1980 2293 2048 2348; x_wconf 88' lang='lat' dir='ltr'><strong>ad</strong></span> 
     </span>
    </p>
   </div>
   <div class='ocr_carea' id='block_1_40' title="bbox 461 2386 2055 2462">
    <p class='ocr_par' dir='ltr' id='par_1_40' title="bbox 461 2386 2055 2462">
     <span class='ocr_line' id='line_1_40' title="bbox 461 2386 2055 2462; baseline -0.003 -16"><span class='ocrx_word' id='word_1_282' title='bbox 461 2400 712 2447; x_wconf 86' lang='lat' dir='ltr'><strong>sanctum</strong></span> <span class='ocrx_word' id='word_1_283' title='bbox 744 2389 1103 2462; x_wconf 81' lang='lat' dir='ltr'><strong>confugisset,</strong></span> <span class='ocrx_word' id='word_1_284' title='bbox 1137 2390 1297 2460; x_wconf 90' lang='lat' dir='ltr'><strong>eique</strong></span> <span class='ocrx_word' id='word_1_285' title='bbox 1318 2389 1664 2445; x_wconf 87' lang='lat' dir='ltr'><strong>all&#39;ectionem</strong></span> <span class='ocrx_word' id='word_1_286' title='bbox 1695 2403 1848 2445; x_wconf 89' lang='lat' dir='ltr'><strong>suam</strong></span> <span class='ocrx_word' id='word_1_287' title='bbox 1879 2386 2055 2443; x_wconf 79' lang='lat' dir='ltr'><strong>dixis-</strong></span> 
     </span>
    </p>
   </div>
   <div class='ocr_carea' id='block_1_41' title="bbox 459 2480 2051 2554">
    <p class='ocr_par' dir='ltr' id='par_1_41' title="bbox 459 2480 2051 2554">
     <span class='ocr_line' id='line_1_41' title="bbox 459 2480 2051 2554; baseline -0.005 -13"><span class='ocrx_word' id='word_1_288' title='bbox 459 2492 548 2541; x_wconf 81' lang='lat' dir='ltr'><strong>set</strong></span> <span class='ocrx_word' id='word_1_289' title='bbox 580 2490 635 2538; x_wconf 90' lang='lat' dir='ltr'><strong>et</strong></span> <span class='ocrx_word' id='word_1_290' title='bbox 682 2483 1070 2549; x_wconf 88' lang='lat' dir='ltr'><strong>calamitatem,</strong></span> <span class='ocrx_word' id='word_1_291' title='bbox 1124 2481 1384 2553; x_wconf 86' lang='lat' dir='ltr'><strong>lacrymis</strong></span> <span class='ocrx_word' id='word_1_292' title='bbox 1413 2482 1597 2554; x_wconf 89' lang='lat' dir='ltr'><strong>potius</strong></span> <span class='ocrx_word' id='word_1_293' title='bbox 1650 2496 1815 2552; x_wconf 87' lang='lat' dir='ltr'><strong>quam</strong></span> <span class='ocrx_word' id='word_1_294' title='bbox 1868 2480 2051 2537; x_wconf 82' lang='lat' dir='ltr'><strong>verbis</strong></span> 
     </span>
    </p>
   </div>
   <div class='ocr_carea' id='block_1_42' title="bbox 463 2572 2065 2641">
    <p class='ocr_par' dir='ltr' id='par_1_42' title="bbox 463 2572 2065 2641">
     <span class='ocr_line' id='line_1_42' title="bbox 463 2572 2065 2641; baseline -0.004 -11"><span class='ocrx_word' id='word_1_295' title='bbox 463 2575 643 2632; x_wconf 82' lang='lat' dir='ltr'><strong>virum</strong></span> <span class='ocrx_word' id='word_1_296' title='bbox 673 2583 795 2632; x_wconf 88' lang='lat' dir='ltr'><strong>orat</strong></span> <span class='ocrx_word' id='word_1_297' title='bbox 828 2576 1204 2641; x_wconf 82' lang='lat' dir='ltr'><strong>vehementer,</strong></span> <span class='ocrx_word' id='word_1_298' title='bbox 1244 2581 1305 2629; x_wconf 92' lang='lat' dir='ltr'><strong>ut</strong></span> <span class='ocrx_word' id='word_1_299' title='bbox 1336 2574 1540 2629; x_wconf 90' lang='lat' dir='ltr'><strong>malum</strong></span> <span class='ocrx_word' id='word_1_300' title='bbox 1589 2573 1641 2629; x_wconf 89' lang='lat' dir='ltr'><strong>ei</strong></span> <span class='ocrx_word' id='word_1_301' title='bbox 1690 2572 1934 2636; x_wconf 83' lang='lat' dir='ltr'><strong>sisteret,</strong></span> <span class='ocrx_word' id='word_1_302' title='bbox 1982 2585 2065 2625; x_wconf 82' lang='lat' dir='ltr'><strong>ne-</strong></span> 
     </span>
    </p>
   </div>
   <div class='ocr_carea' id='block_1_43' title="bbox 462 2664 2050 2739">
    <p class='ocr_par' dir='ltr' id='par_1_43' title="bbox 462 2664 2050 2739">
     <span class='ocr_line' id='line_1_43' title="bbox 462 2664 2050 2739; baseline -0.005 -14"><span class='ocrx_word' id='word_1_303' title='bbox 462 2669 699 2738; x_wconf 87' lang='lat' dir='ltr'><strong>amplius</strong></span> <span class='ocrx_word' id='word_1_304' title='bbox 733 2667 1176 2739; x_wconf 76' lang='lat' dir='ltr'><strong>progrederetur.</strong></span> <span class='ocrx_word' id='word_1_305' title='bbox 1209 2664 1450 2723; x_wconf 89' lang='lat' dir='ltr'><strong>Sistetur</strong></span> <span class='ocrx_word' id='word_1_306' title='bbox 1477 2675 1684 2732; x_wconf 90' lang='lat' dir='ltr'><strong>autem,</strong></span> <span class='ocrx_word' id='word_1_307' title='bbox 1717 2664 1913 2734; x_wconf 86' lang='lat' dir='ltr'><strong>inquit,</strong></span> <span class='ocrx_word' id='word_1_308' title='bbox 1939 2677 2050 2718; x_wconf 90' lang='lat' dir='ltr'><strong>non</strong></span> 
     </span>
    </p>
   </div>
   <div class='ocr_carea' id='block_1_44' title="bbox 466 2758 2053 2834">
    <p class='ocr_par' dir='ltr' id='par_1_44' title="bbox 466 2758 2053 2834">
     <span class='ocr_line' id='line_1_44' title="bbox 466 2758 2053 2834; baseline -0.004 -15"><span class='ocrx_word' id='word_1_309' title='bbox 466 2764 647 2831; x_wconf 85' lang='lat' dir='ltr'><strong>aliter,</strong></span> <span class='ocrx_word' id='word_1_310' title='bbox 671 2777 833 2834; x_wconf 87' lang='lat' dir='ltr'><strong>quam</strong></span> <span class='ocrx_word' id='word_1_311' title='bbox 859 2763 976 2819; x_wconf 89' lang='lat' dir='ltr'><strong>solo</strong></span> <span class='ocrx_word' id='word_1_312' title='bbox 999 2769 1090 2817; x_wconf 90' lang='lat' dir='ltr'><strong>tuo</strong></span> <span class='ocrx_word' id='word_1_313' title='bbox 1121 2761 1363 2826; x_wconf 90' lang='lat' dir='ltr'><strong>nomine,</strong></span> <span class='ocrx_word' id='word_1_314' title='bbox 1394 2760 1445 2815; x_wconf 87' lang='lat' dir='ltr'><strong>si</strong></span> <span class='ocrx_word' id='word_1_315' title='bbox 1469 2759 1791 2831; x_wconf 84' lang='lat' dir='ltr'><strong>permiseris</strong></span> <span class='ocrx_word' id='word_1_316' title='bbox 1827 2758 1880 2813; x_wconf 91' lang='lat' dir='ltr'><strong>id</strong></span> <span class='ocrx_word' id='word_1_317' title='bbox 1906 2758 2053 2828; x_wconf 91' lang='lat' dir='ltr'><strong>quod</strong></span> 
     </span>
    </p>
   </div>
   <div class='ocr_carea' id='block_1_45' title="bbox 467 2849 2057 2921">
    <p class='ocr_par' dir='ltr' id='par_1_45' title="bbox 467 2849 2057 2921">
     <span class='ocr_line' id='line_1_45' title="bbox 467 2849 2057 2921; baseline -0.004 -10"><span class='ocrx_word' id='word_1_318' title='bbox 467 2863 746 2916; x_wconf 86' lang='lat' dir='ltr'><strong>nascetur.</strong></span> <span class='ocrx_word' id='word_1_319' title='bbox 777 2854 859 2910; x_wconf 86' lang='lat' dir='ltr'><strong>sic</strong></span> <span class='ocrx_word' id='word_1_320' title='bbox 899 2851 1105 2909; x_wconf 86' lang='lat' dir='ltr'><strong>vocari.</strong></span> <span class='ocrx_word' id='word_1_321' title='bbox 1140 2850 1208 2906; x_wconf 87' lang='lat' dir='ltr'><strong>Et</strong></span> <span class='ocrx_word' id='word_1_322' title='bbox 1271 2851 1373 2906; x_wconf 87' lang='lat' dir='ltr'><strong>hoc</strong></span> <span class='ocrx_word' id='word_1_323' title='bbox 1422 2850 1549 2914; x_wconf 89' lang='lat' dir='ltr'><strong>erit,</strong></span> <span class='ocrx_word' id='word_1_324' title='bbox 1584 2850 1784 2921; x_wconf 88' lang='lat' dir='ltr'><strong>inquit,</strong></span> <span class='ocrx_word' id='word_1_325' title='bbox 1821 2849 1956 2904; x_wconf 89' lang='lat' dir='ltr'><strong>mihi</strong></span> <span class='ocrx_word' id='word_1_326' title='bbox 2000 2858 2057 2906; x_wconf 90' lang='lat' dir='ltr'><strong>et</strong></span> 
     </span>
    </p>
   </div>
   <div class='ocr_carea' id='block_1_46' title="bbox 465 2944 1634 3009">
    <p class='ocr_par' dir='ltr' id='par_1_46' title="bbox 465 2944 1634 3009">
     <span class='ocr_line' id='line_1_46' title="bbox 465 2944 1634 3009; baseline -0.005 -4"><span class='ocrx_word' id='word_1_327' title='bbox 465 2946 673 3005; x_wconf 86' lang='lat' dir='ltr'><strong>solutio</strong></span> <span class='ocrx_word' id='word_1_328' title='bbox 699 2944 1052 3009; x_wconf 86' lang='lat' dir='ltr'><strong>calamitatis,</strong></span> <span class='ocrx_word' id='word_1_329' title='bbox 1077 2953 1130 3000; x_wconf 91' lang='lat' dir='ltr'><strong>et</strong></span> <span class='ocrx_word' id='word_1_330' title='bbox 1153 2944 1264 3000; x_wconf 87' lang='lat' dir='ltr'><strong>iilio</strong></span> <span class='ocrx_word' id='word_1_331' title='bbox 1291 2958 1461 2999; x_wconf 89' lang='lat' dir='ltr'><strong>causa</strong></span> <span class='ocrx_word' id='word_1_332' title='bbox 1489 2944 1634 3000; x_wconf 69' lang='lat' dir='ltr'><strong>vitaz.</strong></span> 
     </span>
    </p>
   </div>
   <div class='ocr_carea' id='block_1_47' title="bbox 2147 1919 3741 1999">
    <p class='ocr_par' dir='ltr' id='par_1_47' title="bbox 2147 1919 3741 1999">
     <span class='ocr_line' id='line_1_47' title="bbox 2147 1919 3741 1999; baseline 0.006 -27"><span class='ocrx_word' id='word_1_333' title='bbox 2147 1919 2340 1990; x_wconf 78' lang='grc' dir='ltr'>τεχθὲν</span> <span class='ocrx_word' id='word_1_334' title='bbox 2364 1922 2445 1984; x_wconf 73' lang='grc' dir='ltr'>εἰς</span> <span class='ocrx_word' id='word_1_335' title='bbox 2467 1920 2560 1975; x_wconf 80' lang='grc' dir='ltr'><strong>τὸν</strong></span> <span class='ocrx_word' id='word_1_336' title='bbox 2613 1921 2730 1993; x_wconf 78' lang='grc' dir='ltr'>βίον</span> <span class='ocrx_word' id='word_1_337' title='bbox 2774 1921 3084 1994; x_wconf 81' lang='grc' dir='ltr'>προκῦψαι,</span> <span class='ocrx_word' id='word_1_338' title='bbox 3114 1924 3211 1977; x_wconf 89' lang='grc' dir='ltr'><strong>τοῦ</strong></span> <span class='ocrx_word' id='word_1_339' title='bbox 3243 1924 3362 1993; x_wconf 82' lang='grc' dir='ltr'>βίου</span> <span class='ocrx_word' id='word_1_340' title='bbox 3403 1927 3741 1999; x_wconf 73' lang='grc' dir='ltr'>μετήρχετο,</span> 
     </span>
    </p>
   </div>
   <div class='ocr_carea' id='block_1_48' title="bbox 2149 2012 3741 2093">
    <p class='ocr_par' dir='ltr' id='par_1_48' title="bbox 2149 2012 3741 2093">
     <span class='ocr_line' id='line_1_48' title="bbox 2149 2012 3741 2093; baseline 0.006 -28"><span class='ocrx_word' id='word_1_341' title='bbox 2149 2012 2363 2077; x_wconf 77' lang='grc' dir='ltr'>καὶτὰς</span> <span class='ocrx_word' id='word_1_342' title='bbox 2390 2013 2589 2079; x_wconf 82' lang='grc' dir='ltr'>ὠδῖνας</span> <span class='ocrx_word' id='word_1_343' title='bbox 2619 2014 2681 2068; x_wconf 81' lang='grc' dir='ltr'>τὸ</span> <span class='ocrx_word' id='word_1_344' title='bbox 2715 2014 2930 2082; x_wconf 80' lang='grc' dir='ltr'>πένθος,</span> <span class='ocrx_word' id='word_1_345' title='bbox 2956 2018 3052 2071; x_wconf 79' lang='grc' dir='ltr'><strong>καὶ</strong></span> <span class='ocrx_word' id='word_1_346' title='bbox 3107 2015 3199 2071; x_wconf 82' lang='grc' dir='ltr'>τὸν</span> <span class='ocrx_word' id='word_1_347' title='bbox 3228 2017 3392 2073; x_wconf 83' lang='grc' dir='ltr'>τόκον</span> <span class='ocrx_word' id='word_1_348' title='bbox 3424 2020 3457 2091; x_wconf 82' lang='grc' dir='ltr'>ἠ</span> <span class='ocrx_word' id='word_1_349' title='bbox 3507 2019 3741 2093; x_wconf 76' lang='grc' dir='ltr'>τελευτὴ</span> 
     </span>
    </p>
   </div>
   <div class='ocr_carea' id='block_1_49' title="bbox 2148 2104 3745 2182">
    <p class='ocr_par' dir='ltr' id='par_1_49' title="bbox 2148 2104 3745 2182">
     <span class='ocr_line' id='line_1_49' title="bbox 2148 2104 3745 2182; baseline 0.005 -24"><span class='ocrx_word' id='word_1_350' title='bbox 2148 2104 2435 2178; x_wconf 77' lang='grc' dir='ltr'><strong>διεδέχετο.</strong></span> <span class='ocrx_word' id='word_1_351' title='bbox 2492 2106 2644 2178; x_wconf 76' lang='grc' dir='ltr'>Αὕτη</span> <span class='ocrx_word' id='word_1_352' title='bbox 2703 2106 2797 2162; x_wconf 77' lang='grc' dir='ltr'><strong>οὖν</strong></span> <span class='ocrx_word' id='word_1_353' title='bbox 2827 2110 2861 2179; x_wconf 75' lang='grc' dir='ltr'><strong>η</strong></span> <span class='ocrx_word' id='word_1_354' title='bbox 2899 2108 3045 2162; x_wconf 77' lang='grc' dir='ltr'>οὕτω</span> <span class='ocrx_word' id='word_1_355' title='bbox 3104 2110 3381 2174; x_wconf 81' lang='grc' dir='ltr'>πολύπαις</span> <span class='ocrx_word' id='word_1_356' title='bbox 3409 2128 3469 2165; x_wconf 88' lang='grc' dir='ltr'><strong>τε</strong></span> <span class='ocrx_word' id='word_1_357' title='bbox 3492 2111 3607 2182; x_wconf 74' lang='grc' dir='ltr'>ἃμα</span> <span class='ocrx_word' id='word_1_358' title='bbox 3647 2128 3745 2166; x_wconf 76' lang='grc' dir='ltr'><strong>και</strong></span> 
     </span>
    </p>
   </div>
   <div class='ocr_carea' id='block_1_50' title="bbox 2150 2197 3745 2275">
    <p class='ocr_par' dir='ltr' id='par_1_50' title="bbox 2150 2197 3745 2275">
     <span class='ocr_line' id='line_1_50' title="bbox 2150 2197 3745 2275; baseline 0.004 -24"><span class='ocrx_word' id='word_1_359' title='bbox 2150 2197 2320 2263; x_wconf 79' lang='grc' dir='ltr'>ἄπαις</span> <span class='ocrx_word' id='word_1_360' title='bbox 2354 2198 2523 2254; x_wconf 84' lang='grc' dir='ltr'>πολὺν</span> <span class='ocrx_word' id='word_1_361' title='bbox 2549 2200 2651 2273; x_wconf 78' lang='grc' dir='ltr'>ἤδη</span> <span class='ocrx_word' id='word_1_362' title='bbox 2674 2198 3259 2275; x_wconf 81' lang='grc' dir='ltr'>προσκακοπαθήσασα</span> <span class='ocrx_word' id='word_1_363' title='bbox 3308 2203 3388 2274; x_wconf 84' lang='grc' dir='ltr'><strong>τῷ</strong></span> <span class='ocrx_word' id='word_1_364' title='bbox 3418 2203 3577 2275; x_wconf 81' lang='grc' dir='ltr'>κακῷ</span> <span class='ocrx_word' id='word_1_365' title='bbox 3616 2204 3745 2275; x_wconf 84' lang='grc' dir='ltr'>χρό-</span> 
     </span>
    </p>
   </div>
   <div class='ocr_carea' id='block_1_51' title="bbox 2151 2288 3739 2366">
    <p class='ocr_par' dir='ltr' id='par_1_51' title="bbox 2151 2288 3739 2366">
     <span class='ocr_line' id='line_1_51' title="bbox 2151 2288 3739 2366; baseline 0.001 -21"><span class='ocrx_word' id='word_1_366' title='bbox 2151 2307 2261 2349; x_wconf 81' lang='grc' dir='ltr'>νον,</span> <span class='ocrx_word' id='word_1_367' title='bbox 2291 2288 2392 2361; x_wconf 74' lang='grc' dir='ltr'><strong>ὀψὲ</strong></span> <span class='ocrx_word' id='word_1_368' title='bbox 2422 2292 2518 2345; x_wconf 79' lang='grc' dir='ltr'>καὶ</span> <span class='ocrx_word' id='word_1_369' title='bbox 2557 2292 2711 2363; x_wconf 83' lang='grc' dir='ltr'>μόλις</span> <span class='ocrx_word' id='word_1_370' title='bbox 2740 2292 2989 2363; x_wconf 72' lang='grc' dir='ltr'>εὑρίσκει</span> <span class='ocrx_word' id='word_1_371' title='bbox 3047 2293 3143 2348; x_wconf 81' lang='grc' dir='ltr'><strong>τοῦ</strong></span> <span class='ocrx_word' id='word_1_372' title='bbox 3195 2295 3369 2348; x_wconf 85' lang='grc' dir='ltr'>κακοῦ</span> <span class='ocrx_word' id='word_1_373' title='bbox 3424 2295 3739 2366; x_wconf 88' lang='grc' dir='ltr'>φάρμακον.</span> 
     </span>
    </p>
   </div>
   <div class='ocr_carea' id='block_1_52' title="bbox 2154 2385 3748 2456">
    <p class='ocr_par' dir='ltr' id='par_1_52' title="bbox 2154 2385 3748 2456">
     <span class='ocr_line' id='line_1_52' title="bbox 2154 2385 3748 2456; baseline 0.001 -18"><span class='ocrx_word' id='word_1_374' title='bbox 2154 2386 2264 2438; x_wconf 55' lang='grc' dir='ltr'><strong>Καὶ⁵</strong></span> <span class='ocrx_word' id='word_1_375' title='bbox 2292 2385 2431 2456; x_wconf 72' lang='grc' dir='ltr'>πρὸς</span> <span class='ocrx_word' id='word_1_376' title='bbox 2459 2386 2551 2440; x_wconf 78' lang='grc' dir='ltr'><strong>τὸν</strong></span> <span class='ocrx_word' id='word_1_377' title='bbox 2581 2386 2727 2439; x_wconf 79' lang='grc' dir='ltr'>ὅσιον</span> <span class='ocrx_word' id='word_1_378' title='bbox 2762 2386 3160 2456; x_wconf 72' lang='grc' dir='ltr'>καταφυγοῦσα</span> <span class='ocrx_word' id='word_1_379' title='bbox 3194 2389 3289 2440; x_wconf 72' lang='grc' dir='ltr'>καὶ</span> <span class='ocrx_word' id='word_1_380' title='bbox 3318 2386 3378 2440; x_wconf 76' lang='grc' dir='ltr'>τὸ</span> <span class='ocrx_word' id='word_1_381' title='bbox 3403 2387 3573 2450; x_wconf 79' lang='grc' dir='ltr'>πάθος</span> <span class='ocrx_word' id='word_1_382' title='bbox 3593 2386 3748 2456; x_wconf 75' lang='grc' dir='ltr'>αὐτῷ</span> 
     </span>
    </p>
   </div>
   <div class='ocr_carea' id='block_1_53' title="bbox 2154 2478 3746 2551">
    <p class='ocr_par' dir='ltr' id='par_1_53' title="bbox 2154 2478 3746 2551">
     <span class='ocr_line' id='line_1_53' title="bbox 2154 2478 3746 2551; baseline 0.001 -19"><span class='ocrx_word' id='word_1_383' title='bbox 2154 2479 2251 2532; x_wconf 71' lang='grc' dir='ltr'><strong>καὶ</strong></span> <span class='ocrx_word' id='word_1_384' title='bbox 2275 2479 2376 2551; x_wconf 85' lang='grc' dir='ltr'>τὴν</span> <span class='ocrx_word' id='word_1_385' title='bbox 2414 2480 2703 2549; x_wconf 72' lang='grc' dir='ltr'>συμφοράν</span> <span class='ocrx_word' id='word_1_386' title='bbox 2762 2478 3019 2547; x_wconf 80' lang='grc' dir='ltr'>εἰποῦσα,</span> <span class='ocrx_word' id='word_1_387' title='bbox 3055 2482 3171 2544; x_wconf 86' lang='grc' dir='ltr'>τοῖς</span> <span class='ocrx_word' id='word_1_388' title='bbox 3217 2480 3450 2551; x_wconf 75' lang='grc' dir='ltr'>δάκρυσι</span> <span class='ocrx_word' id='word_1_389' title='bbox 3480 2480 3682 2550; x_wconf 80' lang='grc' dir='ltr'>μᾶλλον</span> <span class='ocrx_word' id='word_1_390' title='bbox 3709 2479 3746 2551; x_wconf 82' lang='grc' dir='ltr'>ἢ</span> 
     </span>
    </p>
   </div>
   <div class='ocr_carea' id='block_1_54' title="bbox 2153 2571 3749 2649">
    <p class='ocr_par' dir='ltr' id='par_1_54' title="bbox 2153 2571 3749 2649">
     <span class='ocr_line' id='line_1_54' title="bbox 2153 2571 3749 2649; baseline 0.003 -27"><span class='ocrx_word' id='word_1_391' title='bbox 2153 2574 2266 2649; x_wconf 68' lang='grc' dir='ltr'>τοῖς</span> <span class='ocrx_word' id='word_1_392' title='bbox 2292 2573 2526 2643; x_wconf 82' lang='grc' dir='ltr'>ῥήμασι,</span> <span class='ocrx_word' id='word_1_393' title='bbox 2559 2572 2731 2626; x_wconf 86' lang='grc' dir='ltr'>δεῖται</span> <span class='ocrx_word' id='word_1_394' title='bbox 2762 2571 2985 2643; x_wconf 83' lang='grc' dir='ltr'>θερμῶς</span> <span class='ocrx_word' id='word_1_395' title='bbox 3016 2571 3112 2626; x_wconf 81' lang='grc' dir='ltr'><strong>τοῦ</strong></span> <span class='ocrx_word' id='word_1_396' title='bbox 3147 2573 3343 2643; x_wconf 75' lang='grc' dir='ltr'>ἀνδρὸς</span> <span class='ocrx_word' id='word_1_397' title='bbox 3382 2574 3580 2642; x_wconf 74' lang='grc' dir='ltr'>στῆσαι</span> <span class='ocrx_word' id='word_1_398' title='bbox 3607 2573 3749 2645; x_wconf 74' lang='grc' dir='ltr'>αὐτῇ</span> 
     </span>
    </p>
   </div>
   <div class='ocr_carea' id='block_1_55' title="bbox 2152 2663 3751 2738">
    <p class='ocr_par' dir='ltr' id='par_1_55' title="bbox 2152 2663 3751 2738">
     <span class='ocr_line' id='line_1_55' title="bbox 2152 2663 3751 2738; baseline -0.001 -19"><span class='ocrx_word' id='word_1_399' title='bbox 2152 2666 2215 2720; x_wconf 81' lang='grc' dir='ltr'>τὸ</span> <span class='ocrx_word' id='word_1_400' title='bbox 2245 2664 2434 2720; x_wconf 83' lang='grc' dir='ltr'>λοιπὸν</span> <span class='ocrx_word' id='word_1_401' title='bbox 2457 2666 2558 2738; x_wconf 80' lang='grc' dir='ltr'>τὴν</span> <span class='ocrx_word' id='word_1_402' title='bbox 2587 2665 2684 2719; x_wconf 70' lang='grc' dir='ltr'>ἐπὶ</span> <span class='ocrx_word' id='word_1_403' title='bbox 2709 2664 2875 2719; x_wconf 83' lang='grc' dir='ltr'>πλέον</span> <span class='ocrx_word' id='word_1_404' title='bbox 2923 2665 3017 2719; x_wconf 85' lang='grc' dir='ltr'><strong>τοῦ</strong></span> <span class='ocrx_word' id='word_1_405' title='bbox 3048 2664 3228 2720; x_wconf 84' lang='grc' dir='ltr'>κακοῦ</span> <span class='ocrx_word' id='word_1_406' title='bbox 3268 2663 3513 2737; x_wconf 79' lang='grc' dir='ltr'>πρόοδον.</span> <span class='ocrx_word' id='word_1_407' title='bbox 3542 2664 3751 2734; x_wconf 77' lang='grc' dir='ltr'>Στήσεο</span> 
     </span>
    </p>
   </div>
   <div class='ocr_carea' id='block_1_56' title="bbox 2155 2751 3740 2829">
    <p class='ocr_par' dir='ltr' id='par_1_56' title="bbox 2155 2751 3740 2829">
     <span class='ocr_line' id='line_1_56' title="bbox 2155 2751 3740 2829; baseline -0.003 -18"><span class='ocrx_word' id='word_1_408' title='bbox 2155 2774 2243 2811; x_wconf 83' lang='grc' dir='ltr'><strong>ται</strong></span> <span class='ocrx_word' id='word_1_409' title='bbox 2278 2756 2337 2810; x_wconf 80' lang='grc' dir='ltr'>δὲ</span> <span class='ocrx_word' id='word_1_410' title='bbox 2368 2757 2467 2811; x_wconf 75' lang='grc' dir='ltr'><strong>οὐκ</strong></span> <span class='ocrx_word' id='word_1_411' title='bbox 2501 2756 2701 2820; x_wconf 82' lang='grc' dir='ltr'>ἄλλως,</span> <span class='ocrx_word' id='word_1_412' title='bbox 2738 2758 2925 2827; x_wconf 77' lang='grc' dir='ltr'>φησὶν,</span> <span class='ocrx_word' id='word_1_413' title='bbox 2963 2756 2997 2829; x_wconf 75' lang='grc' dir='ltr'>ἢ</span> <span class='ocrx_word' id='word_1_414' title='bbox 3032 2755 3258 2826; x_wconf 81' lang='grc' dir='ltr'>ὀνόματι</span> <span class='ocrx_word' id='word_1_415' title='bbox 3310 2754 3458 2825; x_wconf 82' lang='grc' dir='ltr'>μόνῳ</span> <span class='ocrx_word' id='word_1_416' title='bbox 3505 2753 3582 2825; x_wconf 80' lang='grc' dir='ltr'><strong>τῷ</strong></span> <span class='ocrx_word' id='word_1_417' title='bbox 3632 2751 3740 2823; x_wconf 82' lang='grc' dir='ltr'>σῷ,</span> 
     </span>
    </p>
   </div>
   <div class='ocr_carea' id='block_1_57' title="bbox 2156 2844 3753 2921">
    <p class='ocr_par' dir='ltr' id='par_1_57' title="bbox 2156 2844 3753 2921">
     <span class='ocr_line' id='line_1_57' title="bbox 2156 2844 3753 2921; baseline -0.003 -19"><span class='ocrx_word' id='word_1_418' title='bbox 2156 2851 2206 2903; x_wconf 82' lang='grc' dir='ltr'>εἰ</span> <span class='ocrx_word' id='word_1_419' title='bbox 2234 2848 2552 2921; x_wconf 76' lang='grc' dir='ltr'>ὲπιτρὲψεις</span> <span class='ocrx_word' id='word_1_420' title='bbox 2583 2846 2727 2902; x_wconf 78' lang='grc' dir='ltr'>οὔτω</span> <span class='ocrx_word' id='word_1_421' title='bbox 2758 2845 3045 2903; x_wconf 74' lang='grc' dir='ltr'>καλεῖσθαι</span> <span class='ocrx_word' id='word_1_422' title='bbox 3074 2846 3137 2901; x_wconf 81' lang='grc' dir='ltr'>τὸ</span> <span class='ocrx_word' id='word_1_423' title='bbox 3181 2846 3606 2917; x_wconf 67' lang='grc' dir='ltr'>τεχθησόμενον.</span> <span class='ocrx_word' id='word_1_424' title='bbox 3636 2844 3753 2899; x_wconf 74' lang='grc' dir='ltr'><strong>Καὶ</strong></span> 
     </span>
    </p>
   </div>
   <div class='ocr_carea' id='block_1_58' title="bbox 2156 2937 3753 3015">
    <p class='ocr_par' dir='ltr' id='par_1_58' title="bbox 2156 2937 3753 3015">
     <span class='ocr_line' id='line_1_58' title="bbox 2156 2937 3753 3015; baseline -0.003 -19"><span class='ocrx_word' id='word_1_425' title='bbox 2156 2942 2317 2997; x_wconf 85' lang='grc' dir='ltr'>τοῦτο</span> <span class='ocrx_word' id='word_1_426' title='bbox 2346 2942 2500 2997; x_wconf 77' lang='grc' dir='ltr'>ἔσται</span> <span class='ocrx_word' id='word_1_427' title='bbox 2531 2942 2626 2996; x_wconf 72' lang='grc' dir='ltr'><strong>καὶ</strong></span> <span class='ocrx_word' id='word_1_428' title='bbox 2668 2943 2770 3013; x_wconf 83' lang='grc' dir='ltr'>τῆς</span> <span class='ocrx_word' id='word_1_429' title='bbox 2817 2941 3108 3013; x_wconf 78' lang='grc' dir='ltr'>συμφορᾶς</span> <span class='ocrx_word' id='word_1_430' title='bbox 3143 2941 3268 3015; x_wconf 74' lang='grc' dir='ltr'>ἐμοὶ</span> <span class='ocrx_word' id='word_1_431' title='bbox 3317 2939 3495 3005; x_wconf 80' lang='grc' dir='ltr'>λύσις,</span> <span class='ocrx_word' id='word_1_432' title='bbox 3526 2937 3753 3009; x_wconf 75' lang='grc' dir='ltr'>καὶτῆς</span> 
     </span>
    </p>
   </div>
   <div class='ocr_carea' id='block_1_59' title="bbox 2156 3034 2834 3106">
    <p class='ocr_par' dir='ltr' id='par_1_59' title="bbox 2156 3034 2834 3106">
     <span class='ocr_line' id='line_1_59' title="bbox 2156 3034 2834 3106; baseline 0.004 -18"><span class='ocrx_word' id='word_1_433' title='bbox 2156 3034 2236 3106; x_wconf 77' lang='grc' dir='ltr'><strong>τῷ</strong></span> <span class='ocrx_word' id='word_1_434' title='bbox 2271 3035 2426 3089; x_wconf 71' lang='grc' dir='ltr'>παιδὶ</span> <span class='ocrx_word' id='word_1_435' title='bbox 2455 3036 2602 3106; x_wconf 78' lang='grc' dir='ltr'>ζωῆς</span> <span class='ocrx_word' id='word_1_436' title='bbox 2636 3035 2834 3091; x_wconf 70' lang='grc' dir='ltr'>αἴτιον.</span> 
     </span>
    </p>
   </div>
   <div class='ocr_carea' id='block_1_60' title="bbox 539 3122 2055 3215">
    <p class='ocr_par' dir='ltr' id='par_1_60' title="bbox 539 3128 2049 3199">
     <span class='ocr_line' id='line_1_60' title="bbox 539 3128 2049 3199; baseline -0.003 -13"><span class='ocrx_word' id='word_1_437' title='bbox 539 3132 628 3187; x_wconf 83' lang='grc'><strong>67.</strong></span> <span class='ocrx_word' id='word_1_438' title='bbox 689 3130 816 3187; x_wconf 71' lang='lat' dir='ltr'><strong>llaec</strong></span> <span class='ocrx_word' id='word_1_439' title='bbox 865 3143 989 3185; x_wconf 89' lang='lat' dir='ltr'><strong>cum</strong></span> <span class='ocrx_word' id='word_1_440' title='bbox 1043 3128 1315 3199; x_wconf 87' lang='lat' dir='ltr'><strong>petiisset,</strong></span> <span class='ocrx_word' id='word_1_441' title='bbox 1348 3134 1406 3183; x_wconf 90' lang='lat' dir='ltr'><strong>et</strong></span> <span class='ocrx_word' id='word_1_442' title='bbox 1429 3135 1760 3183; x_wconf 86' lang='lat' dir='ltr'><strong>annuentem</strong></span> <span class='ocrx_word' id='word_1_443' title='bbox 1790 3141 2049 3199; x_wconf 88' lang='lat' dir='ltr'><strong>magnum</strong></span> 
     </span>
    </p>
   </div>
   <div class='ocr_carea' id='block_1_61' title="bbox 2158 3122 3758 3215">
    <p class='ocr_par' dir='ltr' id='par_1_61' title="bbox 2231 3122 3758 3200">
     <span class='ocr_line' id='line_1_61' title="bbox 2231 3122 3758 3200; baseline -0.003 -18"><span class='ocrx_word' id='word_1_444' title='bbox 2231 3127 2328 3194; x_wconf 63' lang='grc' dir='ltr'>ξξ.</span> <span class='ocrx_word' id='word_1_445' title='bbox 2352 3128 2538 3183; x_wconf 85' lang='grc' dir='ltr'>Ταῦτα</span> <span class='ocrx_word' id='word_1_446' title='bbox 2563 3129 2909 3200; x_wconf 75' lang='grc' dir='ltr'>αἰτησαμένη</span> <span class='ocrx_word' id='word_1_447' title='bbox 2941 3129 3036 3182; x_wconf 71' lang='grc' dir='ltr'><strong>καὶ</strong></span> <span class='ocrx_word' id='word_1_448' title='bbox 3072 3122 3420 3189; x_wconf 75' lang='grc' dir='ltr'>ἐπινεύοντος</span> <span class='ocrx_word' id='word_1_449' title='bbox 3443 3125 3539 3179; x_wconf 82' lang='grc' dir='ltr'><strong>τοῦ</strong></span> <span class='ocrx_word' id='word_1_450' title='bbox 3578 3125 3758 3196; x_wconf 82' lang='grc' dir='ltr'>μεγά-</span> 
     </span>
    </p>
   </div>
   <div class='ocr_carea' id='block_1_62' title="bbox 471 3220 2054 3292">
    <p class='ocr_par' dir='ltr' id='par_1_62' title="bbox 471 3220 2054 3292">
     <span class='ocr_line' id='line_1_62' title="bbox 471 3220 2054 3292; baseline -0.006 -12"><span class='ocrx_word' id='word_1_451' title='bbox 471 3234 630 3281; x_wconf 78' lang='lat' dir='ltr'><strong>meta</strong></span> <span class='ocrx_word' id='word_1_452' title='bbox 666 3234 815 3280; x_wconf 86' lang='lat' dir='ltr'><strong>esset</strong></span> <span class='ocrx_word' id='word_1_453' title='bbox 837 3222 1231 3287; x_wconf 83' lang='lat' dir='ltr'><strong>Theodosium,</strong></span> <span class='ocrx_word' id='word_1_454' title='bbox 1260 3229 1314 3277; x_wconf 87' lang='lat' dir='ltr'><strong>et</strong></span> <span class='ocrx_word' id='word_1_455' title='bbox 1336 3223 1482 3292; x_wconf 91' lang='lat' dir='ltr'><strong>quod</strong></span> <span class='ocrx_word' id='word_1_456' title='bbox 1511 3220 1708 3277; x_wconf 90' lang='lat' dir='ltr'><strong>deinde</strong></span> <span class='ocrx_word' id='word_1_457' title='bbox 1730 3232 1919 3275; x_wconf 88' lang='lat' dir='ltr'><strong>natum</strong></span> <span class='ocrx_word' id='word_1_458' title='bbox 1947 3229 2054 3287; x_wconf 82' lang='lat' dir='ltr'><strong>est,</strong></span> 
     </span>
    </p>
   </div>
   <div class='ocr_carea' id='block_1_63' title="bbox 468 3310 2060 3384">
    <p class='ocr_par' dir='ltr' id='par_1_63' title="bbox 468 3310 2060 3384">
     <span class='ocr_line' id='line_1_63' title="bbox 468 3310 2060 3384; baseline -0.003 -13"><span class='ocrx_word' id='word_1_459' title='bbox 468 3316 839 3375; x_wconf 72' lang='lat' dir='ltr'><strong>Theodosium</strong></span> <span class='ocrx_word' id='word_1_460' title='bbox 900 3318 1261 3380; x_wconf 83' lang='lat' dir='ltr'><strong>nominasset,</strong></span> <span class='ocrx_word' id='word_1_461' title='bbox 1318 3313 1626 3370; x_wconf 85' lang='lat' dir='ltr'><strong>vehementi</strong></span> <span class='ocrx_word' id='word_1_462' title='bbox 1679 3325 1898 3384; x_wconf 86' lang='lat' dir='ltr'><strong>quoque</strong></span> <span class='ocrx_word' id='word_1_463' title='bbox 1951 3310 2060 3367; x_wconf 80' lang='lat' dir='ltr'><strong>fide</strong></span> 
     </span>
    </p>
   </div>
   <div class='ocr_carea' id='block_1_64' title="bbox 469 3400 2062 3477">
    <p class='ocr_par' dir='ltr' id='par_1_64' title="bbox 469 3400 2062 3477">
     <span class='ocr_line' id='line_1_64' title="bbox 469 3400 2062 3477; baseline -0.006 -14"><span class='ocrx_word' id='word_1_464' title='bbox 469 3410 689 3477; x_wconf 80' lang='lat' dir='ltr'><strong>dignam</strong></span> <span class='ocrx_word' id='word_1_465' title='bbox 716 3405 928 3473; x_wconf 78' lang='lat' dir='ltr'><strong>invenit</strong></span> <span class='ocrx_word' id='word_1_466' title='bbox 954 3403 1284 3461; x_wconf 78' lang='lat' dir='ltr'><strong>mercedem.</strong></span> <span class='ocrx_word' id='word_1_467' title='bbox 1311 3400 1428 3460; x_wconf 84' lang='lat' dir='ltr'><strong>Non</strong></span> <span class='ocrx_word' id='word_1_468' title='bbox 1459 3401 1696 3472; x_wconf 81' lang='lat' dir='ltr'><strong>amplius</strong></span> <span class='ocrx_word' id='word_1_469' title='bbox 1740 3403 1888 3459; x_wconf 85' lang='lat' dir='ltr'><strong>enim</strong></span> <span class='ocrx_word' id='word_1_470' title='bbox 1930 3415 2062 3471; x_wconf 87' lang='lat' dir='ltr'><strong>par-</strong></span> 
     </span>
    </p>
   </div>
   <div class='ocr_carea' id='block_1_65' title="bbox 472 3491 2061 3568">
    <p class='ocr_par' dir='ltr' id='par_1_65' title="bbox 472 3491 2061 3568">
     <span class='ocr_line' id='line_1_65' title="bbox 472 3491 2061 3568; baseline -0.004 -14"><span class='ocrx_word' id='word_1_471' title='bbox 472 3507 563 3554; x_wconf 89' lang='lat' dir='ltr'><strong>tus</strong></span> <span class='ocrx_word' id='word_1_472' title='bbox 601 3497 819 3553; x_wconf 84' lang='lat' dir='ltr'><strong>labores</strong></span> <span class='ocrx_word' id='word_1_473' title='bbox 842 3495 890 3552; x_wconf 90' lang='lat' dir='ltr'><strong>ei</strong></span> <span class='ocrx_word' id='word_1_474' title='bbox 917 3509 1178 3568; x_wconf 88' lang='lat' dir='ltr'><strong>peperere</strong></span> <span class='ocrx_word' id='word_1_475' title='bbox 1202 3494 1499 3566; x_wconf 84' lang='lat' dir='ltr'><strong>laerymas,</strong></span> <span class='ocrx_word' id='word_1_476' title='bbox 1523 3494 1621 3550; x_wconf 89' lang='lat' dir='ltr'><strong>sed</strong></span> <span class='ocrx_word' id='word_1_477' title='bbox 1653 3501 1843 3564; x_wconf 87' lang='lat' dir='ltr'><strong>aperte</strong></span> <span class='ocrx_word' id='word_1_478' title='bbox 1859 3491 2061 3548; x_wconf 69' lang='lat' dir='ltr'><strong>laetitias</strong></span> 
     </span>
    </p>
   </div>
   <div class='ocr_carea' id='block_1_66' title="bbox 472 3584 2061 3658">
    <p class='ocr_par' dir='ltr' id='par_1_66' title="bbox 472 3584 2061 3658">
     <span class='ocr_line' id='line_1_66' title="bbox 472 3584 2061 3658; baseline -0.005 -11"><span class='ocrx_word' id='word_1_479' title='bbox 472 3589 844 3656; x_wconf 84' lang='lat' dir='ltr'><strong>occasionem,</strong></span> <span class='ocrx_word' id='word_1_480' title='bbox 874 3603 1001 3643; x_wconf 89' lang='lat' dir='ltr'><strong>cum</strong></span> <span class='ocrx_word' id='word_1_481' title='bbox 1031 3603 1179 3654; x_wconf 90' lang='lat' dir='ltr'><strong>eum,</strong></span> <span class='ocrx_word' id='word_1_482' title='bbox 1226 3588 1318 3658; x_wconf 89' lang='lat' dir='ltr'><strong>qui</strong></span> <span class='ocrx_word' id='word_1_483' title='bbox 1355 3587 1498 3642; x_wconf 88' lang='lat' dir='ltr'><strong>inter</strong></span> <span class='ocrx_word' id='word_1_484' title='bbox 1519 3586 1673 3642; x_wconf 83' lang='lat' dir='ltr'><strong>vivos</strong></span> <span class='ocrx_word' id='word_1_485' title='bbox 1710 3592 1830 3639; x_wconf 85' lang='lat' dir='ltr'><strong>erat</strong></span> <span class='ocrx_word' id='word_1_486' title='bbox 1855 3584 2061 3655; x_wconf 88' lang='lat' dir='ltr'><strong>primo-</strong></span> 
     </span>
    </p>
   </div>
   <div class='ocr_carea' id='block_1_67' title="bbox 473 3678 2063 3755">
    <p class='ocr_par' dir='ltr' id='par_1_67' title="bbox 473 3678 2063 3755">
     <span class='ocr_line' id='line_1_67' title="bbox 473 3678 2063 3755; baseline -0.004 -16"><span class='ocrx_word' id='word_1_487' title='bbox 473 3684 713 3755; x_wconf 83' lang='lat' dir='ltr'><strong>genitus,</strong></span> <span class='ocrx_word' id='word_1_488' title='bbox 755 3680 1123 3739; x_wconf 88' lang='lat' dir='ltr'><strong>Theodosium</strong></span> <span class='ocrx_word' id='word_1_489' title='bbox 1157 3681 1340 3737; x_wconf 87' lang='lat' dir='ltr'><strong>adhuc</strong></span> <span class='ocrx_word' id='word_1_490' title='bbox 1370 3680 1581 3736; x_wconf 85' lang='lat' dir='ltr'><strong>videret</strong></span> <span class='ocrx_word' id='word_1_491' title='bbox 1603 3678 1979 3750; x_wconf 88' lang='lat' dir='ltr'><strong>superstitem,</strong></span> <span class='ocrx_word' id='word_1_492' title='bbox 2005 3686 2063 3733; x_wconf 87' lang='lat' dir='ltr'><strong>et</strong></span> 
     </span>
    </p>
   </div>
   <div class='ocr_carea' id='block_1_68' title="bbox 472 3770 2059 3847">
    <p class='ocr_par' dir='ltr' id='par_1_68' title="bbox 472 3770 2059 3847">
     <span class='ocr_line' id='line_1_68' title="bbox 472 3770 2059 3847; baseline -0.004 -16"><span class='ocrx_word' id='word_1_493' title='bbox 472 3774 835 3847; x_wconf 80' lang='lat' dir='ltr'><strong>complentem</strong></span> <span class='ocrx_word' id='word_1_494' title='bbox 878 3774 1108 3830; x_wconf 90' lang='lat' dir='ltr'><strong>chorum</strong></span> <span class='ocrx_word' id='word_1_495' title='bbox 1164 3772 1562 3831; x_wconf 85' lang='lat' dir='ltr'><strong>monachorum</strong></span> <span class='ocrx_word' id='word_1_496' title='bbox 1610 3771 1756 3841; x_wconf 74' lang='lat' dir='ltr'><strong>eius,</strong></span> <span class='ocrx_word' id='word_1_497' title='bbox 1784 3770 1876 3841; x_wconf 87' lang='lat' dir='ltr'><strong>qui</strong></span> <span class='ocrx_word' id='word_1_498' title='bbox 1908 3770 2059 3827; x_wconf 90' lang='lat' dir='ltr'><strong>illum</strong></span> 
     </span>
    </p>
   </div>
   <div class='ocr_carea' id='block_1_69' title="bbox 472 3864 2061 3940">
    <p class='ocr_par' dir='ltr' id='par_1_69' title="bbox 472 3864 2061 3940">
     <span class='ocr_line' id='line_1_69' title="bbox 472 3864 2061 3940; baseline -0.006 -15"><span class='ocrx_word' id='word_1_499' title='bbox 472 3876 736 3940; x_wconf 79' lang='lat' dir='ltr'><strong>genuerat</strong></span> <span class='ocrx_word' id='word_1_500' title='bbox 762 3867 1063 3925; x_wconf 90' lang='lat' dir='ltr'><strong>secundum</strong></span> <span class='ocrx_word' id='word_1_501' title='bbox 1105 3867 1395 3938; x_wconf 89' lang='lat' dir='ltr'><strong>spiritum;</strong></span> <span class='ocrx_word' id='word_1_502' title='bbox 1437 3873 1492 3922; x_wconf 90' lang='lat' dir='ltr'><strong>et</strong></span> <span class='ocrx_word' id='word_1_503' title='bbox 1522 3864 1790 3921; x_wconf 88' lang='lat' dir='ltr'><strong>orationis</strong></span> <span class='ocrx_word' id='word_1_504' title='bbox 1817 3864 2061 3918; x_wconf 85' lang='lat' dir='ltr'><strong>fructum</strong></span> 
     </span>
    </p>
   </div>
   <div class='ocr_carea' id='block_1_70' title="bbox 472 3950 2062 4037">
    <p class='ocr_par' dir='ltr' id='par_1_70' title="bbox 472 3950 2062 4037">
     <span class='ocr_line' id='line_1_70' title="bbox 472 3950 2062 4037; baseline -0.005 -18"><span class='ocrx_word' id='word_1_505' title='bbox 472 3967 673 4037; x_wconf 75' lang='lat' dir='ltr'><strong>potius,</strong></span> <span class='ocrx_word' id='word_1_506' title='bbox 709 3979 873 4036; x_wconf 84' lang='lat' dir='ltr'><strong>quam</strong></span> <span class='ocrx_word' id='word_1_507' title='bbox 925 3963 1059 4033; x_wconf 89' lang='lat' dir='ltr'><strong>alvi,</strong></span> <span class='ocrx_word' id='word_1_508' title='bbox 1119 3962 1363 4031; x_wconf 89' lang='lat' dir='ltr'><strong>conspici</strong></span> <span class='ocrx_word' id='word_1_509' title='bbox 1407 3950 1475 4017; x_wconf 65' lang='lat' dir='ltr'><strong>ex</strong></span> <span class='ocrx_word' id='word_1_510' title='bbox 1508 3960 1800 4031; x_wconf 88' lang='lat' dir='ltr'><strong>operibus;</strong></span> <span class='ocrx_word' id='word_1_511' title='bbox 1845 3956 2062 4028; x_wconf 88' lang='lat' dir='ltr'><strong>quando</strong></span> 
     </span>
    </p>
   </div>
   <div class='ocr_carea' id='block_1_71' title="bbox 473 4050 2063 4129">
    <p class='ocr_par' dir='ltr' id='par_1_71' title="bbox 473 4050 2063 4129">
     <span class='ocr_line' id='line_1_71' title="bbox 473 4050 2063 4129; baseline -0.005 -16"><span class='ocrx_word' id='word_1_512' title='bbox 473 4059 690 4129; x_wconf 70' lang='lat' dir='ltr'><strong>quidem</strong></span> <span class='ocrx_word' id='word_1_513' title='bbox 724 4059 839 4112; x_wconf 71' lang='lat' dir='ltr'><strong>haec</strong></span> <span class='ocrx_word' id='word_1_514' title='bbox 863 4056 1086 4127; x_wconf 87' lang='lat' dir='ltr'><strong>quidem</strong></span> <span class='ocrx_word' id='word_1_515' title='bbox 1116 4054 1489 4118; x_wconf 83' lang='lat' dir='ltr'><strong>morientium,</strong></span> <span class='ocrx_word' id='word_1_516' title='bbox 1525 4052 1617 4107; x_wconf 88' lang='lat' dir='ltr'><strong>illa</strong></span> <span class='ocrx_word' id='word_1_517' title='bbox 1647 4066 1798 4120; x_wconf 44' lang='lat' dir='ltr'><strong>vero,</strong></span> <span class='ocrx_word' id='word_1_518' title='bbox 1826 4050 2063 4105; x_wconf 86' lang='lat' dir='ltr'><strong>viventis</strong></span> 
     </span>
    </p>
   </div>
   <div class='ocr_carea' id='block_1_72' title="bbox 476 4143 2059 4207">
    <p class='ocr_par' dir='ltr' id='par_1_72' title="bbox 476 4143 2059 4207">
     <span class='ocr_line' id='line_1_72' title="bbox 476 4143 2059 4207; baseline -0.005 -4"><span class='ocrx_word' id='word_1_519' title='bbox 476 4160 649 4207; x_wconf 85' lang='lat' dir='ltr'><strong>mater</strong></span> <span class='ocrx_word' id='word_1_520' title='bbox 680 4148 782 4204; x_wconf 87' lang='lat' dir='ltr'><strong>fuit</strong></span> <span class='ocrx_word' id='word_1_521' title='bbox 819 4167 836 4204; x_wconf 91' lang='lat'><strong>:</strong></span> <span class='ocrx_word' id='word_1_522' title='bbox 867 4157 923 4203; x_wconf 90' lang='lat' dir='ltr'><strong>et</strong></span> <span class='ocrx_word' id='word_1_523' title='bbox 981 4147 1103 4203; x_wconf 90' lang='lat' dir='ltr'><strong>ideo</strong></span> <span class='ocrx_word' id='word_1_524' title='bbox 1152 4145 1421 4201; x_wconf 87' lang='lat' dir='ltr'><strong>adductus</strong></span> <span class='ocrx_word' id='word_1_525' title='bbox 1446 4152 1530 4200; x_wconf 86' lang='lat' dir='ltr'><strong>est</strong></span> <span class='ocrx_word' id='word_1_526' title='bbox 1557 4143 1625 4198; x_wconf 90' lang='lat' dir='ltr'><strong>ad</strong></span> <span class='ocrx_word' id='word_1_527' title='bbox 1664 4144 2059 4198; x_wconf 86' lang='lat' dir='ltr'><strong>monasterium</strong></span> 
     </span>
    </p>
   </div>
   <div class='ocr_carea' id='block_1_73' title="bbox 473 4235 2065 4311">
    <p class='ocr_par' dir='ltr' id='par_1_73' title="bbox 473 4235 2065 4311">
     <span class='ocr_line' id='line_1_73' title="bbox 473 4235 2065 4311; baseline -0.006 -14"><span class='ocrx_word' id='word_1_528' title='bbox 473 4246 543 4297; x_wconf 88' lang='lat' dir='ltr'><strong>ab</strong></span> <span class='ocrx_word' id='word_1_529' title='bbox 572 4257 660 4309; x_wconf 86' lang='lat' dir='ltr'><strong>ea,</strong></span> <span class='ocrx_word' id='word_1_530' title='bbox 691 4255 815 4311; x_wconf 73' lang='lat' dir='ltr'><strong>quae</strong></span> <span class='ocrx_word' id='word_1_531' title='bbox 838 4237 1047 4310; x_wconf 87' lang='lat' dir='ltr'><strong>genuit,</strong></span> <span class='ocrx_word' id='word_1_532' title='bbox 1074 4246 1130 4293; x_wconf 90' lang='lat' dir='ltr'><strong>et</strong></span> <span class='ocrx_word' id='word_1_533' title='bbox 1157 4235 1402 4293; x_wconf 84' lang='lat' dir='ltr'><strong>vicissim</strong></span> <span class='ocrx_word' id='word_1_534' title='bbox 1441 4235 1553 4291; x_wconf 91' lang='lat' dir='ltr'><strong>Deo</strong></span> <span class='ocrx_word' id='word_1_535' title='bbox 1579 4244 1661 4290; x_wconf 87' lang='lat' dir='ltr'><strong>est</strong></span> <span class='ocrx_word' id='word_1_536' title='bbox 1692 4235 1938 4291; x_wconf 87' lang='lat' dir='ltr'><strong>redditus</strong></span> <span class='ocrx_word' id='word_1_537' title='bbox 1966 4244 2065 4290; x_wconf 82' lang='lat' dir='ltr'><strong>:ut</strong></span> 
     </span>
    </p>
   </div>
   <div class='ocr_carea' id='block_1_74' title="bbox 474 4326 2061 4405">
    <p class='ocr_par' dir='ltr' id='par_1_74' title="bbox 474 4326 2061 4405">
     <span class='ocr_line' id='line_1_74' title="bbox 474 4326 2061 4405; baseline -0.005 -15"><span class='ocrx_word' id='word_1_538' title='bbox 474 4337 619 4390; x_wconf 80' lang='lat' dir='ltr'><strong>sicut</strong></span> <span class='ocrx_word' id='word_1_539' title='bbox 648 4339 995 4405; x_wconf 67' lang='lat' dir='ltr'><strong>praesentem,</strong></span> <span class='ocrx_word' id='word_1_540' title='bbox 1021 4331 1095 4386; x_wconf 90' lang='lat' dir='ltr'><strong>ita</strong></span> <span class='ocrx_word' id='word_1_541' title='bbox 1123 4328 1290 4385; x_wconf 88' lang='lat' dir='ltr'><strong>etiam</strong></span> <span class='ocrx_word' id='word_1_542' title='bbox 1318 4336 1630 4383; x_wconf 90' lang='lat' dir='ltr'><strong>manentem</strong></span> <span class='ocrx_word' id='word_1_543' title='bbox 1665 4326 1834 4382; x_wconf 90' lang='lat' dir='ltr'><strong>vitam</strong></span> <span class='ocrx_word' id='word_1_544' title='bbox 1862 4340 2061 4382; x_wconf 88' lang='lat' dir='ltr'><strong>conse-</strong></span> 
     </span>
    </p>
   </div>
   <div class='ocr_carea' id='block_1_75' title="bbox 474 4418 2058 4495">
    <p class='ocr_par' dir='ltr' id='par_1_75' title="bbox 474 4418 2058 4495">
     <span class='ocr_line' id='line_1_75' title="bbox 474 4418 2058 4495; baseline -0.004 -14"><span class='ocrx_word' id='word_1_545' title='bbox 474 4437 756 4495; x_wconf 86' lang='lat' dir='ltr'><strong>queretur.</strong></span> <span class='ocrx_word' id='word_1_546' title='bbox 806 4425 972 4481; x_wconf 78' lang='lat' dir='ltr'><strong>Mnlta</strong></span> <span class='ocrx_word' id='word_1_547' title='bbox 1056 4422 1162 4477; x_wconf 88' lang='lat' dir='ltr'><strong>alia</strong></span> <span class='ocrx_word' id='word_1_548' title='bbox 1223 4419 1490 4492; x_wconf 82' lang='lat' dir='ltr'><strong>ejusmodi</strong></span> <span class='ocrx_word' id='word_1_549' title='bbox 1544 4428 1729 4490; x_wconf 87' lang='lat' dir='ltr'><strong>posset</strong></span> <span class='ocrx_word' id='word_1_550' title='bbox 1790 4418 2058 4491; x_wconf 75' lang='lat' dir='ltr'><strong>quiSpiam</strong></span> 
     </span>
    </p>
   </div>
   <div class='ocr_carea' id='block_1_76' title="bbox 476 4522 960 4577">
    <p class='ocr_par' dir='ltr' id='par_1_76' title="bbox 476 4522 960 4577">
     <span class='ocr_line' id='line_1_76' title="bbox 476 4522 960 4577; baseline -0.006 -2"><span class='ocrx_word' id='word_1_551' title='bbox 476 4522 621 4577; x_wconf 81' lang='lat' dir='ltr'><strong>illius</strong></span> <span class='ocrx_word' id='word_1_552' title='bbox 649 4533 960 4576; x_wconf 85' lang='lat' dir='ltr'><strong>recensere.</strong></span> 
     </span>
    </p>
   </div>
   <div class='ocr_carea' id='block_1_77' title="bbox 548 4606 2063 4681">
    <p class='ocr_par' dir='ltr' id='par_1_77' title="bbox 548 4606 2063 4681">
     <span class='ocr_line' id='line_1_77' title="bbox 548 4606 2063 4681; baseline -0.005 -14"><span class='ocrx_word' id='word_1_553' title='bbox 548 4614 638 4668; x_wconf 83' lang='lat'><strong>68.</strong></span> <span class='ocrx_word' id='word_1_554' title='bbox 669 4612 925 4681; x_wconf 52' lang='lat' dir='ltr'><strong>Quadam</strong></span> <span class='ocrx_word' id='word_1_555' title='bbox 952 4610 1137 4680; x_wconf 88' lang='lat' dir='ltr'><strong>itaque</strong></span> <span class='ocrx_word' id='word_1_556' title='bbox 1174 4609 1279 4665; x_wconf 88' lang='lat' dir='ltr'><strong>alia</strong></span> <span class='ocrx_word' id='word_1_557' title='bbox 1306 4608 1525 4672; x_wconf 88' lang='lat' dir='ltr'><strong>mulier,</strong></span> <span class='ocrx_word' id='word_1_558' title='bbox 1564 4607 1807 4677; x_wconf 84' lang='lat' dir='ltr'><strong>profecta</strong></span> <span class='ocrx_word' id='word_1_559' title='bbox 1838 4606 2063 4676; x_wconf 88' lang='lat' dir='ltr'><strong>quidem</strong></span> 
     </span>
    </p>
   </div>
   <div class='ocr_carea' id='block_1_78' title="bbox 481 4697 2066 4770">
    <p class='ocr_par' dir='ltr' id='par_1_78' title="bbox 481 4697 2066 4770">
     <span class='ocr_line' id='line_1_78' title="bbox 481 4697 2066 4770; baseline -0.009 -9"><span class='ocrx_word' id='word_1_560' title='bbox 481 4723 547 4761; x_wconf 80' lang='lat' dir='ltr'><strong>ex</strong></span> <span class='ocrx_word' id='word_1_561' title='bbox 576 4706 795 4760; x_wconf 87' lang='lat' dir='ltr'><strong>civitate</strong></span> <span class='ocrx_word' id='word_1_562' title='bbox 824 4697 1127 4769; x_wconf 67' lang='lat' dir='ltr'><strong>Bethleem,</strong></span> <span class='ocrx_word' id='word_1_563' title='bbox 1157 4716 1277 4770; x_wconf 69' lang='lat' dir='ltr'><strong>qua:</strong></span> <span class='ocrx_word' id='word_1_564' title='bbox 1303 4699 1557 4756; x_wconf 85' lang='lat' dir='ltr'><strong>similiter</strong></span> <span class='ocrx_word' id='word_1_565' title='bbox 1584 4699 1638 4753; x_wconf 91' lang='lat' dir='ltr'><strong>in</strong></span> <span class='ocrx_word' id='word_1_566' title='bbox 1666 4707 1824 4769; x_wconf 84' lang='lat' dir='ltr'><strong>par-tu</strong></span> <span class='ocrx_word' id='word_1_567' title='bbox 1851 4697 2066 4753; x_wconf 72' lang='lat' dir='ltr'><strong>labora-</strong></span> 
     </span>
    </p>
   </div>
   <div class='ocr_carea' id='block_1_79' title="bbox 479 4787 2070 4866">
    <p class='ocr_par' dir='ltr' id='par_1_79' title="bbox 479 4787 2070 4866">
     <span class='ocr_line' id='line_1_79' title="bbox 479 4787 2070 4866; baseline -0.008 -12"><span class='ocrx_word' id='word_1_568' title='bbox 479 4802 593 4861; x_wconf 80' lang='lat' dir='ltr'><strong>hat,</strong></span> <span class='ocrx_word' id='word_1_569' title='bbox 650 4810 805 4866; x_wconf 78' lang='lat' dir='ltr'><strong>:eque</strong></span> <span class='ocrx_word' id='word_1_570' title='bbox 849 4807 1032 4850; x_wconf 90' lang='lat' dir='ltr'><strong>autem</strong></span> <span class='ocrx_word' id='word_1_571' title='bbox 1073 4792 1260 4848; x_wconf 77' lang='lat' dir='ltr'><strong>infelix</strong></span> <span class='ocrx_word' id='word_1_572' title='bbox 1292 4787 1414 4847; x_wconf 80' lang='lat' dir='ltr'><strong>erat</strong></span> <span class='ocrx_word' id='word_1_573' title='bbox 1461 4791 1542 4847; x_wconf 88' lang='lat' dir='ltr'><strong>eis</strong></span> <span class='ocrx_word' id='word_1_574' title='bbox 1585 4799 1850 4855; x_wconf 89' lang='lat' dir='ltr'><strong>eventus,</strong></span> <span class='ocrx_word' id='word_1_575' title='bbox 1901 4798 1958 4844; x_wconf 90' lang='lat' dir='ltr'><strong>et</strong></span> <span class='ocrx_word' id='word_1_576' title='bbox 2016 4790 2070 4843; x_wconf 91' lang='lat' dir='ltr'><strong>in</strong></span> 
     </span>
    </p>
   </div>
   <div class='ocr_carea' id='block_1_80' title="bbox 409 4885 2071 4966">
    <p class='ocr_par' dir='ltr' id='par_1_80' title="bbox 409 4885 2071 4966">
     <span class='ocr_line' id='line_1_80' title="bbox 409 4885 2071 4966; baseline -0.007 -20"><span class='ocrx_word' id='word_1_577' title='bbox 409 4906 417 4966; x_wconf 74' lang='grc' dir='ltr'>ς</span> <span class='ocrx_word' id='word_1_578' title='bbox 481 4890 743 4960; x_wconf 80' lang='lat' dir='ltr'><strong>pariendo</strong></span> <span class='ocrx_word' id='word_1_579' title='bbox 768 4887 1005 4960; x_wconf 85' lang='lat' dir='ltr'><strong>graviter</strong></span> <span class='ocrx_word' id='word_1_580' title='bbox 1033 4885 1394 4957; x_wconf 80' lang='lat' dir='ltr'><strong>amigebatur,</strong></span> <span class='ocrx_word' id='word_1_581' title='bbox 1426 4893 1485 4939; x_wconf 88' lang='lat' dir='ltr'><strong>et</strong></span> <span class='ocrx_word' id='word_1_582' title='bbox 1512 4887 1566 4938; x_wconf 84' lang='lat' dir='ltr'><strong>in</strong></span> <span class='ocrx_word' id='word_1_583' title='bbox 1601 4897 1854 4954; x_wconf 81' lang='lat' dir='ltr'><strong>magnum</strong></span> <span class='ocrx_word' id='word_1_584' title='bbox 1903 4896 2071 4937; x_wconf 89' lang='lat' dir='ltr'><strong>voca-</strong></span> 
     </span>
    </p>
   </div>
   <div class='ocr_carea' id='block_1_81' title="bbox 412 4970 2072 5052">
    <p class='ocr_par' dir='ltr' id='par_1_81' title="bbox 412 4970 2072 5052">
     <span class='ocr_line' id='line_1_81' title="bbox 412 4970 2072 5052; baseline -0.004 -15"><span class='ocrx_word' id='word_1_585' title='bbox 412 4970 415 4975; x_wconf 60' lang='grc'><em>’</em></span> <span class='ocrx_word' id='word_1_586' title='bbox 483 4987 639 5038; x_wconf 71' lang='lat' dir='ltr'><strong>tiatur</strong></span> <span class='ocrx_word' id='word_1_587' title='bbox 675 4981 999 5052; x_wconf 87' lang='lat' dir='ltr'><strong>perieulum,</strong></span> <span class='ocrx_word' id='word_1_588' title='bbox 1019 4983 1264 5034; x_wconf 88' lang='lat' dir='ltr'><strong>eamdem</strong></span> <span class='ocrx_word' id='word_1_589' title='bbox 1290 4990 1506 5047; x_wconf 89' lang='lat' dir='ltr'><strong>quoque</strong></span> <span class='ocrx_word' id='word_1_590' title='bbox 1531 4977 1791 5045; x_wconf 85' lang='lat' dir='ltr'><strong>impetrat</strong></span> <span class='ocrx_word' id='word_1_591' title='bbox 1817 4991 1847 5031; x_wconf 90' lang='lat' dir='ltr'><strong>a</strong></span> <span class='ocrx_word' id='word_1_592' title='bbox 1874 4991 2072 5047; x_wconf 80' lang='lat' dir='ltr'><strong>magno</strong></span> 
     </span>
    </p>
   </div>
   <div class='ocr_carea' id='block_1_82' title="bbox 483 5066 2069 5137">
    <p class='ocr_par' dir='ltr' id='par_1_82' title="bbox 483 5066 2069 5137">
     <span class='ocr_line' id='line_1_82' title="bbox 483 5066 2069 5137; baseline -0.006 -9"><span class='ocrx_word' id='word_1_593' title='bbox 483 5072 814 5137; x_wconf 80' lang='lat' dir='ltr'><strong>Theodosio,</strong></span> <span class='ocrx_word' id='word_1_594' title='bbox 860 5072 1052 5128; x_wconf 89' lang='lat' dir='ltr'><strong>eodem</strong></span> <span class='ocrx_word' id='word_1_595' title='bbox 1107 5068 1510 5125; x_wconf 85' lang='lat' dir='ltr'><strong>medicamento</strong></span> <span class='ocrx_word' id='word_1_596' title='bbox 1540 5081 1663 5130; x_wconf 82' lang='lat' dir='ltr'><strong>usa,</strong></span> <span class='ocrx_word' id='word_1_597' title='bbox 1707 5066 2069 5129; x_wconf 87' lang='lat' dir='ltr'><strong>curationem,</strong></span> 
     </span>
    </p>
   </div>
   <div class='ocr_carea' id='block_1_83' title="bbox 480 5156 2070 5232">
    <p class='ocr_par' dir='ltr' id='par_1_83' title="bbox 480 5156 2070 5232">
     <span class='ocr_line' id='line_1_83' title="bbox 480 5156 2070 5232; baseline -0.009 -7"><span class='ocrx_word' id='word_1_598' title='bbox 480 5178 537 5225; x_wconf 89' lang='lat' dir='ltr'><strong>et</strong></span> <span class='ocrx_word' id='word_1_599' title='bbox 565 5168 675 5224; x_wconf 84' lang='lat' dir='ltr'><strong>filio</strong></span> <span class='ocrx_word' id='word_1_600' title='bbox 708 5180 809 5224; x_wconf 89' lang='lat' dir='ltr'><strong>suo</strong></span> <span class='ocrx_word' id='word_1_601' title='bbox 833 5163 1047 5227; x_wconf 87' lang='lat' dir='ltr'><strong>eodem,</strong></span> <span class='ocrx_word' id='word_1_602' title='bbox 1084 5176 1193 5232; x_wconf 88' lang='lat' dir='ltr'><strong>quo</strong></span> <span class='ocrx_word' id='word_1_603' title='bbox 1241 5160 1354 5225; x_wconf 89' lang='lat' dir='ltr'><strong>ille,</strong></span> <span class='ocrx_word' id='word_1_604' title='bbox 1384 5168 1580 5215; x_wconf 84' lang='lat' dir='ltr'><strong>vocato</strong></span> <span class='ocrx_word' id='word_1_605' title='bbox 1606 5159 1847 5214; x_wconf 86' lang='lat' dir='ltr'><strong>nomine.</strong></span> <span class='ocrx_word' id='word_1_606' title='bbox 1896 5156 2070 5224; x_wconf 82' lang='lat' dir='ltr'><strong>Quem</strong></span> 
     </span>
    </p>
   </div>
   <div class='ocr_carea' id='block_1_84' title="bbox 482 5247 2065 5324">
    <p class='ocr_par' dir='ltr' id='par_1_84' title="bbox 482 5247 2065 5324">
     <span class='ocr_line' id='line_1_84' title="bbox 482 5247 2065 5324; baseline -0.008 -9"><span class='ocrx_word' id='word_1_607' title='bbox 482 5275 589 5315; x_wconf 90' lang='lat' dir='ltr'><strong>non</strong></span> <span class='ocrx_word' id='word_1_608' title='bbox 642 5258 819 5315; x_wconf 91' lang='lat' dir='ltr'><strong>solum</strong></span> <span class='ocrx_word' id='word_1_609' title='bbox 864 5254 999 5311; x_wconf 85' lang='lat' dir='ltr'><strong>vidit</strong></span> <span class='ocrx_word' id='word_1_610' title='bbox 1050 5253 1331 5324; x_wconf 86' lang='lat' dir='ltr'><strong>grandem,</strong></span> <span class='ocrx_word' id='word_1_611' title='bbox 1362 5259 1417 5306; x_wconf 90' lang='lat' dir='ltr'><strong>et</strong></span> <span class='ocrx_word' id='word_1_612' title='bbox 1464 5252 1556 5322; x_wconf 87' lang='lat' dir='ltr'><strong>qui</strong></span> <span class='ocrx_word' id='word_1_613' title='bbox 1590 5251 1708 5322; x_wconf 84' lang='lat' dir='ltr'><strong>jam</strong></span> <span class='ocrx_word' id='word_1_614' title='bbox 1751 5248 1819 5304; x_wconf 89' lang='lat' dir='ltr'><strong>ad</strong></span> <span class='ocrx_word' id='word_1_615' title='bbox 1850 5247 2065 5304; x_wconf 84' lang='lat' dir='ltr'><strong>virilem</strong></span> 
     </span>
    </p>
   </div>
   <div class='ocr_carea' id='block_1_85' title="bbox 480 5339 2073 5420">
    <p class='ocr_par' dir='ltr' id='par_1_85' title="bbox 480 5339 2073 5420">
     <span class='ocr_line' id='line_1_85' title="bbox 480 5339 2073 5420; baseline -0.008 -13"><span class='ocrx_word' id='word_1_616' title='bbox 480 5361 696 5407; x_wconf 79' lang='lat' dir='ltr'><strong>:etatem</strong></span> <span class='ocrx_word' id='word_1_617' title='bbox 729 5353 1087 5420; x_wconf 84' lang='lat' dir='ltr'><strong>pervenerat;</strong></span> <span class='ocrx_word' id='word_1_618' title='bbox 1127 5345 1223 5402; x_wconf 88' lang='lat' dir='ltr'><strong>sed</strong></span> <span class='ocrx_word' id='word_1_619' title='bbox 1278 5357 1535 5399; x_wconf 87' lang='lat' dir='ltr'><strong>manuum</strong></span> <span class='ocrx_word' id='word_1_620' title='bbox 1581 5356 1802 5413; x_wconf 86' lang='lat' dir='ltr'><strong>quoqne</strong></span> <span class='ocrx_word' id='word_1_621' title='bbox 1839 5339 2073 5396; x_wconf 80' lang='lat' dir='ltr'><strong>artificio</strong></span> 
     </span>
    </p>
   </div>
   <div class='ocr_carea' id='block_1_86' title="bbox 480 5433 2073 5513">
    <p class='ocr_par' dir='ltr' id='par_1_86' title="bbox 480 5433 2073 5513">
     <span class='ocr_line' id='line_1_86' title="bbox 480 5433 2073 5513; baseline -0.008 -15"><span class='ocrx_word' id='word_1_622' title='bbox 480 5448 853 5513; x_wconf 64' lang='lat' dir='ltr'><strong>praestantem,</strong></span> <span class='ocrx_word' id='word_1_623' title='bbox 886 5447 941 5494; x_wconf 91' lang='lat' dir='ltr'><strong>et</strong></span> <span class='ocrx_word' id='word_1_624' title='bbox 970 5438 1063 5508; x_wconf 90' lang='lat' dir='ltr'><strong>qui</strong></span> <span class='ocrx_word' id='word_1_625' title='bbox 1098 5436 1197 5491; x_wconf 87' lang='lat' dir='ltr'><strong>iuit</strong></span> <span class='ocrx_word' id='word_1_626' title='bbox 1226 5434 1525 5492; x_wconf 66' lang='lat' dir='ltr'><strong>aedificator</strong></span> <span class='ocrx_word' id='word_1_627' title='bbox 1560 5435 1800 5505; x_wconf 83' lang='lat' dir='ltr'><strong>optimus</strong></span> <span class='ocrx_word' id='word_1_628' title='bbox 1824 5433 1907 5489; x_wconf 91' lang='lat' dir='ltr'><strong>sui</strong></span> <span class='ocrx_word' id='word_1_629' title='bbox 1933 5441 2073 5487; x_wconf 87' lang='lat' dir='ltr'><strong>tem-</strong></span> 
     </span>
    </p>
   </div>
   <div class='ocr_carea' id='block_1_87' title="bbox 483 5523 2072 5602">
    <p class='ocr_par' dir='ltr' id='par_1_87' title="bbox 483 5523 2072 5602">
     <span class='ocr_line' id='line_1_87' title="bbox 483 5523 2072 5602; baseline -0.004 -17"><span class='ocrx_word' id='word_1_630' title='bbox 483 5531 652 5602; x_wconf 83' lang='lat' dir='ltr'><strong>poris.</strong></span> <span class='ocrx_word' id='word_1_631' title='bbox 679 5529 820 5586; x_wconf 88' lang='lat' dir='ltr'><strong>Sunt</strong></span> <span class='ocrx_word' id='word_1_632' title='bbox 864 5525 1232 5597; x_wconf 84' lang='lat' dir='ltr'><strong>admirabilia,</strong></span> <span class='ocrx_word' id='word_1_633' title='bbox 1260 5541 1382 5598; x_wconf 72' lang='lat' dir='ltr'><strong>quae</strong></span> <span class='ocrx_word' id='word_1_634' title='bbox 1407 5525 1552 5581; x_wconf 90' lang='lat' dir='ltr'><strong>dicta</strong></span> <span class='ocrx_word' id='word_1_635' title='bbox 1607 5532 1779 5582; x_wconf 84' lang='lat' dir='ltr'><strong>sunt:</strong></span> <span class='ocrx_word' id='word_1_636' title='bbox 1818 5523 1915 5582; x_wconf 88' lang='lat' dir='ltr'><strong>sed</strong></span> <span class='ocrx_word' id='word_1_637' title='bbox 1949 5538 2072 5593; x_wconf 73' lang='lat' dir='ltr'><strong>qua:</strong></span> 
     </span>
    </p>
   </div>
   <div class='ocr_carea' id='block_1_88' title="bbox 482 5620 1616 5694">
    <p class='ocr_par' dir='ltr' id='par_1_88' title="bbox 482 5620 1616 5694">
     <span class='ocr_line' id='line_1_88' title="bbox 482 5620 1616 5694; baseline -0.002 -17"><span class='ocrx_word' id='word_1_638' title='bbox 482 5629 714 5691; x_wconf 83' lang='lat' dir='ltr'><strong>restant,</strong></span> <span class='ocrx_word' id='word_1_639' title='bbox 748 5629 877 5678; x_wconf 90' lang='lat' dir='ltr'><strong>sunt</strong></span> <span class='ocrx_word' id='word_1_640' title='bbox 903 5622 970 5680; x_wconf 89' lang='lat' dir='ltr'><strong>iis</strong></span> <span class='ocrx_word' id='word_1_641' title='bbox 994 5621 1155 5694; x_wconf 79' lang='lat' dir='ltr'><strong>longe</strong></span> <span class='ocrx_word' id='word_1_642' title='bbox 1192 5620 1616 5679; x_wconf 83' lang='lat' dir='ltr'><strong>admirabiliora.</strong></span> 
     </span>
    </p>
   </div>
   <div class='ocr_carea' id='block_1_89' title="bbox 2084 4512 2139 4571">
    <p class='ocr_par' dir='ltr' id='par_1_89' title="bbox 2084 4512 2139 4571">
     <span class='ocr_line' id='line_1_89' title="bbox 2084 4512 2139 4571; baseline 0 -2"><span class='ocrx_word' id='word_1_643' title='bbox 2084 4512 2139 4571; x_wconf 92' lang='lat' dir='ltr'><strong>D</strong></span> 
     </span>
    </p>
   </div>
   <div class='ocr_carea' id='block_1_90' title="bbox 2163 3220 3760 3296">
    <p class='ocr_par' dir='ltr' id='par_1_90' title="bbox 2163 3220 3760 3296">
     <span class='ocr_line' id='line_1_90' title="bbox 2163 3220 3760 3296; baseline -0.003 -18"><span class='ocrx_word' id='word_1_644' title='bbox 2163 3225 2257 3279; x_wconf 83' lang='grc' dir='ltr'><strong>λου</strong></span> <span class='ocrx_word' id='word_1_645' title='bbox 2291 3224 2558 3296; x_wconf 82' lang='grc' dir='ltr'>τυχοῦσα,</span> <span class='ocrx_word' id='word_1_646' title='bbox 2595 3225 2693 3281; x_wconf 79' lang='grc' dir='ltr'>καὶ</span> <span class='ocrx_word' id='word_1_647' title='bbox 2734 3225 3020 3279; x_wconf 81' lang='grc' dir='ltr'>Θεοδόσιον</span> <span class='ocrx_word' id='word_1_648' title='bbox 3067 3225 3128 3278; x_wconf 82' lang='grc' dir='ltr'><strong>τὸ</strong></span> <span class='ocrx_word' id='word_1_649' title='bbox 3161 3223 3302 3295; x_wconf 85' lang='grc' dir='ltr'><strong>μετά</strong></span> <span class='ocrx_word' id='word_1_650' title='bbox 3346 3222 3524 3277; x_wconf 82' lang='grc' dir='ltr'>ταῦτα</span> <span class='ocrx_word' id='word_1_651' title='bbox 3558 3220 3760 3292; x_wconf 83' lang='grc' dir='ltr'>τεχθὲν</span> 
     </span>
    </p>
   </div>
   <div class='ocr_carea' id='block_1_91' title="bbox 2163 3306 3760 3391">
    <p class='ocr_par' dir='ltr' id='par_1_91' title="bbox 2163 3306 3760 3391">
     <span class='ocr_line' id='line_1_91' title="bbox 2163 3306 3760 3391; baseline -0.006 -17"><span class='ocrx_word' id='word_1_652' title='bbox 2163 3319 2504 3391; x_wconf 76' lang='grc' dir='ltr'>ὀνομάσασα,</span> <span class='ocrx_word' id='word_1_653' title='bbox 2534 3317 2637 3389; x_wconf 83' lang='grc' dir='ltr'>τῆς</span> <span class='ocrx_word' id='word_1_654' title='bbox 2691 3317 2903 3389; x_wconf 82' lang='grc' dir='ltr'>θερμῆς</span> <span class='ocrx_word' id='word_1_655' title='bbox 2942 3317 3183 3382; x_wconf 83' lang='grc' dir='ltr'>πίστεως</span> <span class='ocrx_word' id='word_1_656' title='bbox 3233 3314 3421 3381; x_wconf 83' lang='grc' dir='ltr'>ἀξίους</span> <span class='ocrx_word' id='word_1_657' title='bbox 3478 3306 3608 3385; x_wconf 65' lang='grc' dir='ltr'>εὗρε</span> <span class='ocrx_word' id='word_1_658' title='bbox 3658 3312 3760 3366; x_wconf 72' lang='grc' dir='ltr'><strong>καὶ</strong></span> 
     </span>
    </p>
   </div>
   <div class='ocr_carea' id='block_1_92' title="bbox 2162 3404 3758 3484">
    <p class='ocr_par' dir='ltr' id='par_1_92' title="bbox 2162 3404 3758 3484">
     <span class='ocr_line' id='line_1_92' title="bbox 2162 3404 3758 3484; baseline -0.006 -17"><span class='ocrx_word' id='word_1_659' title='bbox 2162 3414 2292 3476; x_wconf 77' lang='grc' dir='ltr'>τοὺς</span> <span class='ocrx_word' id='word_1_660' title='bbox 2325 3411 2574 3484; x_wconf 86' lang='grc' dir='ltr'>μισθούς.</span> <span class='ocrx_word' id='word_1_661' title='bbox 2614 3411 2730 3465; x_wconf 83' lang='grc' dir='ltr'>Οὐκ</span> <span class='ocrx_word' id='word_1_662' title='bbox 2755 3411 2837 3465; x_wconf 78' lang='grc' dir='ltr'><strong>ἔτι</strong></span> <span class='ocrx_word' id='word_1_663' title='bbox 2869 3412 2978 3481; x_wconf 84' lang='grc' dir='ltr'>γὰρ</span> <span class='ocrx_word' id='word_1_664' title='bbox 3020 3409 3275 3480; x_wconf 83' lang='grc' dir='ltr'>δακρύων</span> <span class='ocrx_word' id='word_1_665' title='bbox 3310 3404 3425 3479; x_wconf 79' lang='grc' dir='ltr'>εἶχε</span> <span class='ocrx_word' id='word_1_666' title='bbox 3460 3408 3627 3475; x_wconf 73' lang='grc' dir='ltr'>γονὰς</span> <span class='ocrx_word' id='word_1_667' title='bbox 3650 3405 3758 3470; x_wconf 71' lang='grc' dir='ltr'><strong>τὰς</strong></span> 
     </span>
    </p>
   </div>
   <div class='ocr_carea' id='block_1_93' title="bbox 2165 3499 3759 3576">
    <p class='ocr_par' dir='ltr' id='par_1_93' title="bbox 2165 3499 3759 3576">
     <span class='ocr_line' id='line_1_93' title="bbox 2165 3499 3759 3576; baseline -0.007 -15"><span class='ocrx_word' id='word_1_668' title='bbox 2165 3508 2384 3572; x_wconf 81' lang='grc' dir='ltr'>ὠδῖνας,</span> <span class='ocrx_word' id='word_1_669' title='bbox 2417 3506 2533 3559; x_wconf 80' lang='grc' dir='ltr'>ἀλλ’</span> <span class='ocrx_word' id='word_1_670' title='bbox 2566 3504 2910 3576; x_wconf 84' lang='grc' dir='ltr'>εὐφροσύνης</span> <span class='ocrx_word' id='word_1_671' title='bbox 2940 3505 3202 3573; x_wconf 80' lang='grc' dir='ltr'>ἄντικρυς</span> <span class='ocrx_word' id='word_1_672' title='bbox 3246 3500 3549 3573; x_wconf 64' lang='grc' dir='ltr'>ἀφορμὰς,</span> <span class='ocrx_word' id='word_1_673' title='bbox 3576 3499 3669 3552; x_wconf 80' lang='grc' dir='ltr'><strong>τὸν</strong></span> <span class='ocrx_word' id='word_1_674' title='bbox 3699 3500 3759 3551; x_wconf 77' lang='grc' dir='ltr'>ὲν</span> 
     </span>
    </p>
   </div>
   <div class='ocr_carea' id='block_1_94' title="bbox 2167 3591 3753 3670">
    <p class='ocr_par' dir='ltr' id='par_1_94' title="bbox 2167 3591 3753 3670">
     <span class='ocr_line' id='line_1_94' title="bbox 2167 3591 3753 3670; baseline -0.006 -17"><span class='ocrx_word' id='word_1_675' title='bbox 2167 3600 2302 3666; x_wconf 82' lang='grc' dir='ltr'>ζῶσι</span> <span class='ocrx_word' id='word_1_676' title='bbox 2363 3599 2714 3670; x_wconf 77' lang='grc' dir='ltr'>πρωτότοκον</span> <span class='ocrx_word' id='word_1_677' title='bbox 2769 3597 3052 3652; x_wconf 80' lang='grc' dir='ltr'>Θεοδόσιον</span> <span class='ocrx_word' id='word_1_678' title='bbox 3103 3595 3184 3649; x_wconf 72' lang='grc' dir='ltr'><strong>ἔτι</strong></span> <span class='ocrx_word' id='word_1_679' title='bbox 3232 3594 3497 3667; x_wconf 82' lang='grc' dir='ltr'>περιόντα</span> <span class='ocrx_word' id='word_1_680' title='bbox 3549 3591 3753 3663; x_wconf 82' lang='grc' dir='ltr'>ὁρῶσα,</span> 
     </span>
    </p>
   </div>
   <div class='ocr_carea' id='block_1_95' title="bbox 2165 3686 3750 3761">
    <p class='ocr_par' dir='ltr' id='par_1_95' title="bbox 2165 3686 3750 3761">
     <span class='ocr_line' id='line_1_95' title="bbox 2165 3686 3750 3761; baseline -0.008 -15"><span class='ocrx_word' id='word_1_681' title='bbox 2165 3693 2261 3746; x_wconf 78' lang='grc' dir='ltr'><strong>καὶ</strong></span> <span class='ocrx_word' id='word_1_682' title='bbox 2296 3692 2388 3744; x_wconf 80' lang='grc' dir='ltr'><strong>τὸν</strong></span> <span class='ocrx_word' id='word_1_683' title='bbox 2411 3689 2663 3761; x_wconf 80' lang='grc' dir='ltr'>μοναχῶν</span> <span class='ocrx_word' id='word_1_684' title='bbox 2680 3690 2840 3761; x_wconf 71' lang='grc' dir='ltr'>χορόν</span> <span class='ocrx_word' id='word_1_685' title='bbox 2863 3688 2957 3742; x_wconf 86' lang='grc' dir='ltr'><strong>τοῦ</strong></span> <span class='ocrx_word' id='word_1_686' title='bbox 2984 3688 3127 3742; x_wconf 80' lang='grc' dir='ltr'><strong>κατά</strong></span> <span class='ocrx_word' id='word_1_687' title='bbox 3155 3686 3377 3756; x_wconf 83' lang='grc' dir='ltr'>πνεῦμα</span> <span class='ocrx_word' id='word_1_688' title='bbox 3392 3690 3750 3755; x_wconf 72' lang='grc' dir='ltr'>γεννήσαντος</span> 
     </span>
    </p>
   </div>
   <div class='ocr_carea' id='block_1_96' title="bbox 2166 3771 3756 3852">
    <p class='ocr_par' dir='ltr' id='par_1_96' title="bbox 2166 3771 3756 3852">
     <span class='ocr_line' id='line_1_96' title="bbox 2166 3771 3756 3852; baseline -0.008 -17"><span class='ocrx_word' id='word_1_689' title='bbox 2166 3781 2599 3852; x_wconf 79' lang='grc' dir='ltr'>συμπληροῦντα</span> <span class='ocrx_word' id='word_1_690' title='bbox 2620 3782 2715 3834; x_wconf 76' lang='grc' dir='ltr'><strong>καὶ</strong></span> <span class='ocrx_word' id='word_1_691' title='bbox 2748 3782 2915 3851; x_wconf 79' lang='grc' dir='ltr'>εὐχῆς</span> <span class='ocrx_word' id='word_1_692' title='bbox 2959 3779 3173 3850; x_wconf 81' lang='grc' dir='ltr'>καρπὸν</span> <span class='ocrx_word' id='word_1_693' title='bbox 3208 3776 3410 3848; x_wconf 75' lang='grc' dir='ltr'>μᾶλλον</span> <span class='ocrx_word' id='word_1_694' title='bbox 3453 3775 3487 3844; x_wconf 85' lang='grc' dir='ltr'>ἦ</span> <span class='ocrx_word' id='word_1_695' title='bbox 3515 3771 3756 3842; x_wconf 74' lang='grc' dir='ltr'>γαστρὸς</span> 
     </span>
    </p>
   </div>
   <div class='ocr_carea' id='block_1_97' title="bbox 2165 3868 3762 3944">
    <p class='ocr_par' dir='ltr' id='par_1_97' title="bbox 2165 3868 3762 3944">
     <span class='ocr_line' id='line_1_97' title="bbox 2165 3868 3762 3944; baseline -0.007 -16"><span class='ocrx_word' id='word_1_696' title='bbox 2165 3873 2275 3928; x_wconf 78' lang='grc' dir='ltr'>ἀπὸ</span> <span class='ocrx_word' id='word_1_697' title='bbox 2301 3872 2414 3927; x_wconf 84' lang='grc' dir='ltr'><strong>τῶν</strong></span> <span class='ocrx_word' id='word_1_698' title='bbox 2444 3873 2625 3944; x_wconf 79' lang='grc' dir='ltr'>ἔργων</span> <span class='ocrx_word' id='word_1_699' title='bbox 2659 3873 3017 3943; x_wconf 83' lang='grc' dir='ltr'>φαινόμενον·</span> <span class='ocrx_word' id='word_1_700' title='bbox 3058 3872 3237 3941; x_wconf 82' lang='grc' dir='ltr'>ὄσονή</span> <span class='ocrx_word' id='word_1_701' title='bbox 3276 3871 3376 3941; x_wconf 83' lang='grc' dir='ltr'><strong>μὲν</strong></span> <span class='ocrx_word' id='word_1_702' title='bbox 3410 3868 3762 3938; x_wconf 65' lang='grc' dir='ltr'>θνησκῦντων</span> 
     </span>
    </p>
   </div>
   <div class='ocr_carea' id='block_1_98' title="bbox 2169 3957 3762 4039">
    <p class='ocr_par' dir='ltr' id='par_1_98' title="bbox 2169 3957 3762 4039">
     <span class='ocr_line' id='line_1_98' title="bbox 2169 3957 3762 4039; baseline -0.007 -19"><span class='ocrx_word' id='word_1_703' title='bbox 2169 3968 2375 4039; x_wconf 83' lang='grc' dir='ltr'>μήτηρ,</span> <span class='ocrx_word' id='word_1_704' title='bbox 2419 3967 2531 4038; x_wconf 79' lang='grc' dir='ltr'>ἠδὲ</span> <span class='ocrx_word' id='word_1_705' title='bbox 2562 3966 2766 4031; x_wconf 80' lang='grc' dir='ltr'>ζῶντος</span> <span class='ocrx_word' id='word_1_706' title='bbox 2787 3963 3029 4036; x_wconf 78' lang='grc' dir='ltr'>ἐδείχθη,</span> <span class='ocrx_word' id='word_1_707' title='bbox 3060 3965 3156 4018; x_wconf 74' lang='grc' dir='ltr'><strong>καὶ</strong></span> <span class='ocrx_word' id='word_1_708' title='bbox 3190 3965 3259 4033; x_wconf 86' lang='grc' dir='ltr'>τῇ</span> <span class='ocrx_word' id='word_1_709' title='bbox 3301 3964 3435 4032; x_wconf 88' lang='grc' dir='ltr'>μονῇ</span> <span class='ocrx_word' id='word_1_710' title='bbox 3471 3957 3762 4030; x_wconf 77' lang='grc' dir='ltr'>προσήχθη</span> 
     </span>
    </p>
   </div>
   <div class='ocr_carea' id='block_1_99' title="bbox 2166 4050 3763 4128">
    <p class='ocr_par' dir='ltr' id='par_1_99' title="bbox 2166 4050 3763 4128">
     <span class='ocr_line' id='line_1_99' title="bbox 2166 4050 3763 4128; baseline -0.007 -16"><span class='ocrx_word' id='word_1_711' title='bbox 2166 4058 2322 4128; x_wconf 83' lang='grc' dir='ltr'><strong>παρά</strong></span> <span class='ocrx_word' id='word_1_712' title='bbox 2357 4057 2456 4128; x_wconf 83' lang='grc' dir='ltr'>τῆς</span> <span class='ocrx_word' id='word_1_713' title='bbox 2489 4057 2823 4128; x_wconf 73' lang='grc' dir='ltr'>γειναμένης</span> <span class='ocrx_word' id='word_1_714' title='bbox 2856 4056 2953 4110; x_wconf 77' lang='grc' dir='ltr'>καὶ</span> <span class='ocrx_word' id='word_1_715' title='bbox 2976 4055 3236 4125; x_wconf 75' lang='grc' dir='ltr'>ἀντεδόθη</span> <span class='ocrx_word' id='word_1_716' title='bbox 3268 4052 3409 4124; x_wconf 80' lang='grc' dir='ltr'>Θεῷ,</span> <span class='ocrx_word' id='word_1_717' title='bbox 3450 4051 3539 4105; x_wconf 75' lang='grc' dir='ltr'><strong>ἵνα</strong></span> <span class='ocrx_word' id='word_1_718' title='bbox 3565 4050 3642 4114; x_wconf 85' lang='grc' dir='ltr'>ὡς</span> <span class='ocrx_word' id='word_1_719' title='bbox 3662 4050 3763 4117; x_wconf 81' lang='grc' dir='ltr'>τῆς</span> 
     </span>
    </p>
   </div>
   <div class='ocr_carea' id='block_1_100' title="bbox 2166 4142 3760 4220">
    <p class='ocr_par' dir='ltr' id='par_1_100' title="bbox 2166 4142 3760 4220">
     <span class='ocr_line' id='line_1_100' title="bbox 2166 4142 3760 4220; baseline -0.003 -18"><span class='ocrx_word' id='word_1_720' title='bbox 2166 4147 2476 4220; x_wconf 80' lang='grc' dir='ltr'>παρούσης,</span> <span class='ocrx_word' id='word_1_721' title='bbox 2516 4147 2661 4201; x_wconf 74' lang='grc' dir='ltr'>οὕτω</span> <span class='ocrx_word' id='word_1_722' title='bbox 2685 4147 2748 4217; x_wconf 80' lang='grc' dir='ltr'>δή</span> <span class='ocrx_word' id='word_1_723' title='bbox 2796 4148 2891 4201; x_wconf 73' lang='grc' dir='ltr'><strong>καὶ</strong></span> <span class='ocrx_word' id='word_1_724' title='bbox 2933 4148 3033 4219; x_wconf 81' lang='grc' dir='ltr'>τῆς</span> <span class='ocrx_word' id='word_1_725' title='bbox 3080 4145 3351 4218; x_wconf 76' lang='grc' dir='ltr'>μενούσης</span> <span class='ocrx_word' id='word_1_726' title='bbox 3401 4144 3542 4215; x_wconf 82' lang='grc' dir='ltr'>τύχῃ</span> <span class='ocrx_word' id='word_1_727' title='bbox 3590 4142 3760 4211; x_wconf 72' lang='grc' dir='ltr'>ζωῆς·</span> 
     </span>
    </p>
   </div>
   <div class='ocr_carea' id='block_1_101' title="bbox 2166 4235 3765 4312">
    <p class='ocr_par' dir='ltr' id='par_1_101' title="bbox 2166 4235 3765 4312">
     <span class='ocr_line' id='line_1_101' title="bbox 2166 4235 3765 4312; baseline -0.006 -15"><span class='ocrx_word' id='word_1_728' title='bbox 2166 4242 2342 4309; x_wconf 81' lang='grc' dir='ltr'>πολλὰ</span> <span class='ocrx_word' id='word_1_729' title='bbox 2363 4258 2447 4305; x_wconf 82' lang='grc' dir='ltr'><strong>τις</strong></span> <span class='ocrx_word' id='word_1_730' title='bbox 2478 4241 2545 4295; x_wconf 78' lang='grc' dir='ltr'><strong>ἂν</strong></span> <span class='ocrx_word' id='word_1_731' title='bbox 2579 4241 2693 4312; x_wconf 75' lang='grc' dir='ltr'>ἔχοι</span> <span class='ocrx_word' id='word_1_732' title='bbox 2732 4240 2841 4294; x_wconf 85' lang='grc' dir='ltr'>τῶν</span> <span class='ocrx_word' id='word_1_733' title='bbox 2868 4239 3103 4309; x_wconf 67' lang='grc' dir='ltr'>ἑκείνου,</span> <span class='ocrx_word' id='word_1_734' title='bbox 3135 4240 3231 4293; x_wconf 71' lang='grc' dir='ltr'>καὶ</span> <span class='ocrx_word' id='word_1_735' title='bbox 3257 4238 3397 4295; x_wconf 80' lang='grc' dir='ltr'>ἄλλα</span> <span class='ocrx_word' id='word_1_736' title='bbox 3437 4235 3765 4305; x_wconf 75' lang='grc' dir='ltr'>καταλέγειν</span> 
     </span>
    </p>
   </div>
   <div class='ocr_carea' id='block_1_102' title="bbox 2167 4352 2419 4391">
    <p class='ocr_par' dir='ltr' id='par_1_102' title="bbox 2167 4352 2419 4391">
     <span class='ocr_line' id='line_1_102' title="bbox 2167 4352 2419 4391; baseline -0.004 -1"><span class='ocrx_word' id='word_1_737' title='bbox 2167 4352 2419 4391; x_wconf 83' lang='grc' dir='ltr'>τοιαυτα.</span> 
     </span>
    </p>
   </div>
   <div class='ocr_carea' id='block_1_103' title="bbox 2240 4601 3769 4681">
    <p class='ocr_par' dir='ltr' id='par_1_103' title="bbox 2240 4601 3769 4681">
     <span class='ocr_line' id='line_1_103' title="bbox 2240 4601 3769 4681; baseline -0.007 -17"><span class='ocrx_word' id='word_1_738' title='bbox 2240 4605 2341 4681; x_wconf 80' lang='grc' dir='ltr'>ξη¹.</span> <span class='ocrx_word' id='word_1_739' title='bbox 2375 4607 2518 4677; x_wconf 76' lang='grc' dir='ltr'>Γυνὴ</span> <span class='ocrx_word' id='word_1_740' title='bbox 2542 4601 2637 4661; x_wconf 75' lang='grc' dir='ltr'>οὖν</span> <span class='ocrx_word' id='word_1_741' title='bbox 2664 4608 2827 4676; x_wconf 79' lang='grc' dir='ltr'>ἑτέρα</span> <span class='ocrx_word' id='word_1_742' title='bbox 2857 4623 2942 4670; x_wconf 84' lang='grc' dir='ltr'><strong>τις</strong></span> <span class='ocrx_word' id='word_1_743' title='bbox 2988 4606 3197 4668; x_wconf 83' lang='grc' dir='ltr'>πόλεως</span> <span class='ocrx_word' id='word_1_744' title='bbox 3233 4604 3334 4675; x_wconf 81' lang='grc' dir='ltr'><strong>μὲν</strong></span> <span class='ocrx_word' id='word_1_745' title='bbox 3380 4605 3481 4675; x_wconf 78' lang='grc' dir='ltr'><strong>τῆς</strong></span> <span class='ocrx_word' id='word_1_746' title='bbox 3509 4602 3769 4673; x_wconf 76' lang='grc' dir='ltr'>Βηθλεὲμ</span> 
     </span>
    </p>
   </div>
   <div class='ocr_carea' id='block_1_104' title="bbox 2173 4694 3768 4773">
    <p class='ocr_par' dir='ltr' id='par_1_104' title="bbox 2173 4694 3768 4773">
     <span class='ocr_line' id='line_1_104' title="bbox 2173 4694 3768 4773; baseline -0.004 -18"><span class='ocrx_word' id='word_1_747' title='bbox 2173 4702 2499 4773; x_wconf 83' lang='grc' dir='ltr'>ὁρμωμένη.</span> <span class='ocrx_word' id='word_1_748' title='bbox 2535 4700 2660 4764; x_wconf 85' lang='grc' dir='ltr'>ῐσας</span> <span class='ocrx_word' id='word_1_749' title='bbox 2676 4699 2734 4754; x_wconf 83' lang='grc' dir='ltr'><strong>δὲ</strong></span> <span class='ocrx_word' id='word_1_750' title='bbox 2756 4699 2967 4753; x_wconf 83' lang='grc' dir='ltr'>ὠδίνων</span> <span class='ocrx_word' id='word_1_751' title='bbox 2987 4699 3255 4766; x_wconf 81' lang='grc' dir='ltr'>ἀνάγκας,</span> <span class='ocrx_word' id='word_1_752' title='bbox 3285 4697 3407 4770; x_wconf 77' lang='grc' dir='ltr'>ἴσας</span> <span class='ocrx_word' id='word_1_753' title='bbox 3434 4713 3495 4751; x_wconf 91' lang='grc' dir='ltr'><strong>τε</strong></span> <span class='ocrx_word' id='word_1_754' title='bbox 3513 4694 3612 4760; x_wconf 80' lang='grc' dir='ltr'>τὰς</span> <span class='ocrx_word' id='word_1_755' title='bbox 3632 4695 3768 4750; x_wconf 74' lang='grc' dir='ltr'>ἀπο-</span> 
     </span>
    </p>
   </div>
   <div class='ocr_carea' id='block_1_105' title="bbox 2174 4787 3768 4862">
    <p class='ocr_par' dir='ltr' id='par_1_105' title="bbox 2174 4787 3768 4862">
     <span class='ocr_line' id='line_1_105' title="bbox 2174 4787 3768 4862; baseline -0.006 -14"><span class='ocrx_word' id='word_1_756' title='bbox 2174 4792 2368 4862; x_wconf 79' lang='grc' dir='ltr'>τυχίας</span> <span class='ocrx_word' id='word_1_757' title='bbox 2415 4791 2785 4861; x_wconf 81' lang='grc' dir='ltr'>ὑφισταμένη,</span> <span class='ocrx_word' id='word_1_758' title='bbox 2820 4791 2913 4844; x_wconf 80' lang='grc' dir='ltr'>καὶ</span> <span class='ocrx_word' id='word_1_759' title='bbox 2945 4789 3089 4845; x_wconf 71' lang='grc' dir='ltr'>οὕτω</span> <span class='ocrx_word' id='word_1_760' title='bbox 3123 4790 3411 4861; x_wconf 81' lang='grc' dir='ltr'>δυσφόρως</span> <span class='ocrx_word' id='word_1_761' title='bbox 3444 4788 3584 4859; x_wconf 75' lang='grc' dir='ltr'>ἄγαν</span> <span class='ocrx_word' id='word_1_762' title='bbox 3636 4787 3768 4858; x_wconf 71' lang='grc' dir='ltr'>περὶ</span> 
     </span>
    </p>
   </div>
   <div class='ocr_carea' id='block_1_106' title="bbox 2176 4880 3769 4954">
    <p class='ocr_par' dir='ltr' id='par_1_106' title="bbox 2176 4880 3769 4954">
     <span class='ocr_line' id='line_1_106' title="bbox 2176 4880 3769 4954; baseline -0.003 -17"><span class='ocrx_word' id='word_1_763' title='bbox 2176 4887 2308 4949; x_wconf 81' lang='grc' dir='ltr'>τοὺς</span> <span class='ocrx_word' id='word_1_764' title='bbox 2338 4884 2536 4949; x_wconf 87' lang='grc' dir='ltr'>τόκους</span> <span class='ocrx_word' id='word_1_765' title='bbox 2556 4884 2653 4939; x_wconf 77' lang='grc' dir='ltr'>καὶ</span> <span class='ocrx_word' id='word_1_766' title='bbox 2688 4883 3081 4954; x_wconf 84' lang='grc' dir='ltr'>φιλοκινδύνως</span> <span class='ocrx_word' id='word_1_767' title='bbox 3115 4883 3339 4954; x_wconf 77' lang='grc' dir='ltr'>ἔχουσα,</span> <span class='ocrx_word' id='word_1_768' title='bbox 3363 4881 3487 4953; x_wconf 65' lang='grc' dir='ltr'><strong>ςτῶν</strong></span> <span class='ocrx_word' id='word_1_769' title='bbox 3512 4880 3642 4934; x_wconf 79' lang='grc' dir='ltr'>ἴσων</span> <span class='ocrx_word' id='word_1_770' title='bbox 3672 4880 3769 4934; x_wconf 69' lang='grc' dir='ltr'>καὶ</span> 
     </span>
    </p>
   </div>
   <div class='ocr_carea' id='block_1_107' title="bbox 2179 4969 3773 5045">
    <p class='ocr_par' dir='ltr' id='par_1_107' title="bbox 2179 4969 3773 5045">
     <span class='ocr_line' id='line_1_107' title="bbox 2179 4969 3773 5045; baseline -0.004 -16"><span class='ocrx_word' id='word_1_771' title='bbox 2179 4973 2321 5045; x_wconf 80' lang='grc' dir='ltr'>αὐτὴ</span> <span class='ocrx_word' id='word_1_772' title='bbox 2371 4974 2525 5044; x_wconf 86' lang='grc' dir='ltr'><strong>παρά</strong></span> <span class='ocrx_word' id='word_1_773' title='bbox 2574 4971 2671 5027; x_wconf 86' lang='grc' dir='ltr'><strong>τοῦ</strong></span> <span class='ocrx_word' id='word_1_774' title='bbox 2732 4973 2973 5044; x_wconf 80' lang='grc' dir='ltr'>μεγάλου</span> <span class='ocrx_word' id='word_1_775' title='bbox 3022 4974 3280 5045; x_wconf 84' lang='grc' dir='ltr'>τυγχάνει</span> <span class='ocrx_word' id='word_1_776' title='bbox 3324 4969 3633 5037; x_wconf 82' lang='grc' dir='ltr'>Θεοδοσίου,</span> <span class='ocrx_word' id='word_1_777' title='bbox 3667 4970 3773 5039; x_wconf 71' lang='grc' dir='ltr'><strong>ἴσῳ</strong></span> 
     </span>
    </p>
   </div>
   <div class='ocr_carea' id='block_1_108' title="bbox 2177 5057 3772 5137">
    <p class='ocr_par' dir='ltr' id='par_1_108' title="bbox 2177 5057 3772 5137">
     <span class='ocr_line' id='line_1_108' title="bbox 2177 5057 3772 5137; baseline -0.014 -6"><span class='ocrx_word' id='word_1_778' title='bbox 2177 5065 2500 5137; x_wconf 76' lang='grc' dir='ltr'>χρησαμένη</span> <span class='ocrx_word' id='word_1_779' title='bbox 2542 5064 2824 5135; x_wconf 80' lang='grc' dir='ltr'>φαρμάκῳ</span> <span class='ocrx_word' id='word_1_780' title='bbox 2862 5063 3000 5135; x_wconf 81' lang='grc' dir='ltr'>πρὸς</span> <span class='ocrx_word' id='word_1_781' title='bbox 3026 5063 3346 5133; x_wconf 78' lang='grc' dir='ltr'>θεραπείαν,</span> <span class='ocrx_word' id='word_1_782' title='bbox 3374 5062 3470 5119; x_wconf 72' lang='grc' dir='ltr'>καὶ</span> <span class='ocrx_word' id='word_1_783' title='bbox 3491 5057 3772 5137; x_wconf 80' lang='grc' dir='ltr'>ὁμωνύμῳ</span> 
     </span>
    </p>
   </div>
   <div class='ocr_carea' id='block_1_109' title="bbox 2178 5150 3771 5228">
    <p class='ocr_par' dir='ltr' id='par_1_109' title="bbox 2178 5150 3771 5228">
     <span class='ocr_line' id='line_1_109' title="bbox 2178 5150 3771 5228; baseline -0.005 -18"><span class='ocrx_word' id='word_1_784' title='bbox 2178 5157 2377 5228; x_wconf 78' lang='grc' dir='ltr'>ἐκείνῳ</span> <span class='ocrx_word' id='word_1_785' title='bbox 2404 5157 2498 5210; x_wconf 80' lang='grc' dir='ltr'>τὸν</span> <span class='ocrx_word' id='word_1_786' title='bbox 2527 5157 2698 5210; x_wconf 86' lang='grc' dir='ltr'>παῖδα</span> <span class='ocrx_word' id='word_1_787' title='bbox 2732 5155 3033 5210; x_wconf 82' lang='grc' dir='ltr'>καλέσασα.</span> <span class='ocrx_word' id='word_1_788' title='bbox 3065 5156 3165 5209; x_wconf 90' lang='grc' dir='ltr'>Ὃν</span> <span class='ocrx_word' id='word_1_789' title='bbox 3192 5155 3294 5208; x_wconf 84' lang='grc' dir='ltr'><strong>οὐκ</strong></span> <span class='ocrx_word' id='word_1_790' title='bbox 3332 5151 3642 5224; x_wconf 79' lang='grc' dir='ltr'>αὐξηθέντα</span> <span class='ocrx_word' id='word_1_791' title='bbox 3672 5150 3771 5216; x_wconf 74' lang='grc' dir='ltr'>μό-</span> 
     </span>
    </p>
   </div>
   <div class='ocr_carea' id='block_1_110' title="bbox 2176 5241 3773 5322">
    <p class='ocr_par' dir='ltr' id='par_1_110' title="bbox 2176 5241 3773 5322">
     <span class='ocr_line' id='line_1_110' title="bbox 2176 5241 3773 5322; baseline -0.008 -15"><span class='ocrx_word' id='word_1_792' title='bbox 2176 5267 2267 5307; x_wconf 89' lang='grc' dir='ltr'><strong>νον</strong></span> <span class='ocrx_word' id='word_1_793' title='bbox 2293 5245 2404 5304; x_wconf 77' lang='grc' dir='ltr'>εἶδε</span> <span class='ocrx_word' id='word_1_794' title='bbox 2442 5249 2542 5306; x_wconf 74' lang='grc' dir='ltr'>καὶ</span> <span class='ocrx_word' id='word_1_795' title='bbox 2600 5249 2798 5322; x_wconf 83' lang='grc' dir='ltr'>ἀνδρὸς</span> <span class='ocrx_word' id='word_1_796' title='bbox 2824 5250 3045 5322; x_wconf 77' lang='grc' dir='ltr'>ἡλικίαν</span> <span class='ocrx_word' id='word_1_797' title='bbox 3091 5246 3460 5311; x_wconf 75' lang='grc' dir='ltr'>ἀπολαϐόντα,</span> <span class='ocrx_word' id='word_1_798' title='bbox 3507 5244 3646 5300; x_wconf 72' lang='grc' dir='ltr'>ἀλλὰ</span> <span class='ocrx_word' id='word_1_799' title='bbox 3674 5241 3773 5298; x_wconf 68' lang='grc' dir='ltr'><strong>καὶ⁵</strong></span> 
     </span>
    </p>
   </div>
   <div class='ocr_carea' id='block_1_111' title="bbox 2176 5336 3772 5415">
    <p class='ocr_par' dir='ltr' id='par_1_111' title="bbox 2176 5336 3772 5415">
     <span class='ocr_line' id='line_1_111' title="bbox 2176 5336 3772 5415; baseline -0.005 -19"><span class='ocrx_word' id='word_1_800' title='bbox 2176 5341 2378 5415; x_wconf 86' lang='grc' dir='ltr'>χειρῶν</span> <span class='ocrx_word' id='word_1_801' title='bbox 2408 5342 2573 5415; x_wconf 78' lang='grc' dir='ltr'>σοφία</span> <span class='ocrx_word' id='word_1_802' title='bbox 2595 5341 2971 5413; x_wconf 82' lang='grc' dir='ltr'>διενεγκόντα,</span> <span class='ocrx_word' id='word_1_803' title='bbox 2998 5341 3095 5397; x_wconf 76' lang='grc' dir='ltr'>καὶ</span> <span class='ocrx_word' id='word_1_804' title='bbox 3135 5341 3361 5413; x_wconf 76' lang='grc' dir='ltr'>ἄριστον</span> <span class='ocrx_word' id='word_1_805' title='bbox 3402 5338 3689 5409; x_wconf 73' lang='grc' dir='ltr'>οἰκοδόμον</span> <span class='ocrx_word' id='word_1_806' title='bbox 3712 5336 3772 5389; x_wconf 75' lang='grc' dir='ltr'>ὲν</span> 
     </span>
    </p>
   </div>
   <div class='ocr_carea' id='block_1_112' title="bbox 2176 5426 3772 5508">
    <p class='ocr_par' dir='ltr' id='par_1_112' title="bbox 2176 5426 3772 5508">
     <span class='ocr_line' id='line_1_112' title="bbox 2176 5426 3772 5508; baseline -0.006 -19"><span class='ocrx_word' id='word_1_807' title='bbox 2176 5437 2292 5499; x_wconf 85' lang='grc' dir='ltr'>τοῖς</span> <span class='ocrx_word' id='word_1_808' title='bbox 2319 5434 2440 5489; x_wconf 88' lang='grc' dir='ltr'>τότε</span> <span class='ocrx_word' id='word_1_809' title='bbox 2470 5434 2788 5508; x_wconf 90' lang='grc' dir='ltr'>γενόμενον.</span> <span class='ocrx_word' id='word_1_810' title='bbox 2822 5432 3113 5507; x_wconf 82' lang='grc' dir='ltr'>Παράδοξα</span> <span class='ocrx_word' id='word_1_811' title='bbox 3147 5432 3217 5487; x_wconf 82' lang='grc' dir='ltr'>τὰ</span> <span class='ocrx_word' id='word_1_812' title='bbox 3262 5431 3557 5505; x_wconf 74' lang='grc' dir='ltr'>εἰρημένα,</span> <span class='ocrx_word' id='word_1_813' title='bbox 3584 5426 3772 5499; x_wconf 83' lang='grc' dir='ltr'>πολλῷ</span> 
     </span>
    </p>
   </div>
   <div class='ocr_carea' id='block_1_113' title="bbox 2136 5526 3383 5602">
    <p class='ocr_par' dir='ltr' id='par_1_113' title="bbox 2136 5526 3383 5602">
     <span class='ocr_line' id='line_1_113' title="bbox 2136 5526 3383 5602; baseline -0.002 -17"><span class='ocrx_word' id='word_1_814' title='bbox 2136 5562 2139 5567; x_wconf 59' lang='grc' dir='ltr'><strong>ν</strong></span> <span class='ocrx_word' id='word_1_815' title='bbox 2177 5528 2383 5585; x_wconf 83' lang='grc' dir='ltr'>τούτων</span> <span class='ocrx_word' id='word_1_816' title='bbox 2414 5528 2495 5584; x_wconf 74' lang='grc' dir='ltr'><strong>ἔτι</strong></span> <span class='ocrx_word' id='word_1_817' title='bbox 2528 5528 2939 5602; x_wconf 81' lang='grc' dir='ltr'>παραδοξότερα</span> <span class='ocrx_word' id='word_1_818' title='bbox 2970 5530 3039 5583; x_wconf 68' lang='grc' dir='ltr'><strong>τά</strong></span> <span class='ocrx_word' id='word_1_819' title='bbox 3061 5526 3383 5599; x_wconf 81' lang='grc' dir='ltr'>λειπόμενα.</span> 
     </span>
    </p>
   </div>
  </div>
