4152 6410
434 385 541 451 539

3006 318 3185 336 Ηθῇνοκς
3200 326 3205 333 .

1669 391 1953 454 MENSIS
1990 392 2453 462 JANUARIUS.
2756 356 2767 365 ’
3196 356 3201 357 ί
3615 384 3720 458 5‘0

435 497 537 552 fuit
583 496 697 566 ipse
753 512 971 569 quoque
1025 496 1276 568 cognitus
1334 505 1519 568 pastor
1548 501 1811 571 optimus,
1849 504 2027 561 eccle—

2137 508 2359 579 ἀριστος
2404 505 2755 579 γνωρισθεὶς,
2788 507 2883 563 καὶ
2938 505 3277 579 προστασίαν
3332 506 3430 577 τῆς
3457 506 3596 559 κατά
3631 505 3729 561 Βό-

436 592 661 660 simque,
693 607 813 662 quae
845 600 929 646 est
959 591 1010 644 in
1049 588 1242 645 Bostra
1283 588 1420 662 (44),
1465 590 1567 646 fuit
1604 592 1654 647 ei
1692 596 1901 650 credita
1935 597 2031 651 atl-

438 685 786 740 ministratio.
821 684 869 739 ls
918 699 1049 754 ergo
1083 684 1151 739 de
1176 684 1293 753 ipso
1330 699 1549 753 quoque
1578 685 1695 741 haec
1746 672 2026 751 narrabat,

434 780 579 847 quod
609 794 729 831 cum
766 788 953 831 essent
987 778 1037 831 iu
1085 778 1309 833 civitate
1351 776 1737 833 Bostrenorum
1791 778 2030 850 (semper

435 871 582 921 enim
654 884 878 939 magnus
935 868 1280 924 Theodosius
1350 886 1472 925 eum
1531 870 1765 925 habebat
1820 873 2025 927 socium

434 960 560 1015 vita:
606 975 670 1013 ex
696 960 912 1015 Christo
952 963 1173 1031 agendae
1194 1002 1209 1028 ,
1245 961 1569 1033 volebatque
1601 978 1722 1017 cum
1766 977 1832 1018 eo
1860 963 2029 1032 philo-

440 1052 684 1118 sophari,
720 1063 775 1105 et
805 1066 925 1106 esse
978 1052 1160 1107 socius
1206 1053 1538 1123 solitudinis)
1580 1069 1702 1106 cum
1733 1068 1864 1123 ergo
1893 1053 2028 1108 fuis-

437 1149 563 1193 sent
587 1139 638 1191 in
679 1139 823 1193 dicta
873 1140 1116 1205 civitate,
1150 1145 1383 1211 primum
1420 1141 1639 1212 quidem
1664 1143 1859 1198 mulier
1887 1159 2030 1214 qua:-

438 1230 562 1283 dam
598 1230 827 1297 insignis
853 1241 905 1286 et
935 1232 1066 1285 vitio
1091 1233 1307 1301 nobilis,
1351 1250 1473 1288 cum
1512 1245 1759 1290 sanctum
1796 1237 2029 1292 dixisset

435 1319 658 1388 planum
718 1329 773 1375 et
833 1322 1214 1392 impostorem,
1259 1325 1313 1378 in
1393 1326 1567 1381 oculis
1628 1343 1820 1383 eorum
1879 1330 2030 1385 dedit

436 1426 674 1480 puellas,
748 1414 1162 1483 intemperantis
1236 1416 1431 1485 lingua:
1516 1420 1844 1475 acerrimum
1895 1424 2029 1477 sub.

440 1503 559 1556 iens
607 1504 952 1574 Sttpplit'ium,
1004 1521 1125 1561 cum
1175 1508 1328 1579 gravi
1367 1520 1546 1564 morte
1589 1510 1710 1581 ejus
1758 1514 2031 1584 erupisset

438 1606 639 1648 anima.

511 1685 598 1739 75.
633 1684 837 1740 Deinde
886 1697 1092 1756 autem,
1150 1690 1346 1762 inquit,
1412 1709 1511 1749 nos
1542 1694 1765 1764 quidem
1809 1696 2029 1751 civitate

438 1775 667 1845 egressi,
694 1777 1176 1845 proﬁciscebantur
1223 1784 1289 1836 ad
1345 1786 1712 1852 apostolorum
1748 1788 2025 1857 templum,

444 1869 586 1937 quod
618 1878 701 1923 est
746 1872 1134 1942 pr0pinquum.
1178 1874 1426 1931 Monarhi
1471 1889 1652 1933 autem
1693 1854 1913 1950 quidam
1963 1898 2028 1936 ex
2062 1854 2105 1909 Β

441 1965 778 2018 monasterio
808 1966 1259 2035 propinquorum,
1315 1970 1406 2039 qui
1438 1975 1626 2027 morho
1666 1973 1851 2029 Severi
1878 1975 2028 2029 labo-

436 2054 656 2120 rabant,
693 2072 815 2111 cum
846 2074 944 2113 nos
979 2060 1241 2131 vidissent
1272 2066 1618 2131 accedentes,
1649 2066 1851 2137 lignum
1879 2069 2025 2137 quod

437 2163 699 2207 convocat
734 2155 800 2207 ad
831 2155 1145 2221 ecclesiam,
1177 2158 1465 2225 pulsabant
1516 2170 1642 2214 ante
1669 2162 1854 2217 horam
1893 2179 2026 2217 con-

437 2254 670 2311 suetam,
705 2248 1026 2317 etsynaxim
1056 2250 1437 2319 signiﬁcabant
1477 2251 1760 2309 fratribus.
1803 2254 2027 2323 Magnus

436 2349 617 2392 autem
660 2339 1023 2407 Theodosius,
1060 2344 1348 2400 intellectis
1400 2346 1629 2414 insidiis,
1690 2363 1812 2403 cum
1844 2349 2027 2402 divino

439 2430 557 2485 zelo
588 2446 858 2488 accensus
912 2443 1057 2490 esset
1104 2436 1222 2506 ejus
1272 2438 1510 2505 animus,
1573 2441 1752 2495 verbis
1811 2440 2024 2498 Domini

438 2532 744 2591 opportune
783 2536 864 2580 est
915 2542 1046 2582 usus
1078 2545 1093 2584 :
1121 2536 1174 2583 et
1222 2544 1336 2597 eos,
1369 2531 1459 2599 qui
1522 2530 1622 2600 ipsi
1670 2532 2022 2601 insultabant,

433 2615 579 2684 juste
601 2628 703 2671 este
736 2619 900 2685 ultus,
934 2620 1165 2689 lapidem
1199 2637 1305 2676 non
1346 2636 1465 2677 esse
1498 2639 1814 2678 mansurum
1862 2641 2025 2694 supra

439 2707 674 2776 lapidem
718 2712 769 2763 in
804 2725 870 2765 eo
930 2712 1067 2778 loco,
1126 2714 1242 2785 ipse
1284 2729 1504 2785 quoque
1559 2717 1815 2772 minatus.
1854 2717 2027 2775 Porro

440 2813 620 2855 autem
662 2804 840 2860 minas
866 2814 1191 2862 consecutus
1214 2815 1299 2863 est
1345 2806 1593 2863 eﬂ'ectus.
1622 2807 1793 2864 Breve
1815 2818 2027 2881 tempus

439 2894 779 2960 intercessit,
847 2907 900 2951 ut
972 2902 1218 2967 qumdam
1270 2902 1645 2971 Agarenorum
1711 2903 2023 2969 multitudo,

438 2974 704 3039 nocinrua
732 2985 870 3041 facta
890 2988 1221 3054 incursione,
1241 2988 1369 3043 illud
1394 2989 1612 3059 quidem
1631 2989 1743 3058 igni
1769 2992 2030 3048 mandant

438 3081 865 3144 monasterium,
912 3090 967 3136 et
1014 3082 1277 3152 diripiunt
1321 3083 1483 3137 etiam
1531 3098 1875 3153 quaecunque
1916 3086 2027 3142 illic

2138 621 2308 677 στραν
2336 605 2710 675 ἐγχειρισθεὶς
2740 603 3063 675 ἐκκλησίας.
3102 596 3273 667 Οὗτος
3301 599 3393 657 οῦν
3429 605 3525 657 καὶ
3552 602 3727 656 ταῦτα

2135 700 2266 768 περὶ
2293 698 2459 752 αὑτοῦ
2487 699 2749 768 διηγεῖτο,
2777 700 2852 764 ὡς
2904 698 3030 752 ἐπεὶ
3086 698 3229 752 κατά
3251 698 3350 769 τὴν
3393 696 3723 768 Βοστρηνῶν

2134 791 2436 862 ἐγενόμεθα
2470 791 2627 844 πόλιν
2660 790 2769 861 (ἀεὶ
2817 791 2925 863 γὰρ
2948 794 2975 845 ό
3008 791 3184 861 μέγας
3246 790 3505 844 κοινωνὸν
3560 789 3727 843 αὑτὸν

2134 883 2375 936 ἐποιεῖτο
2398 883 2498 953 τῆς
2524 884 2667 938 κατά
2698 882 2832 937 Θεὸν
2852 865 3101 954 ἀγωγῆς,
3141 883 3238 936 καὶ
3290 883 3724 953 συμφιλοσοφεῖν

2134 976 2403 1047 αὐτῷκαὶ
2451 978 2730 1031 κοινωνεῖν
2780 976 2881 1046 τῆς
2935 976 3172 1046 ἐρημίας
3227 974 3524 1032 ἐϐούλετο).
3566 976 3724 1027 Ἐπεὶ

2134 1064 2228 1122 οῦν
2262 1071 2406 1123 κατά
2437 1071 2536 1139 τὴν
2572 1069 2877 1143 εἰρημένην
2911 1070 3155 1136 γένοιντο
3198 1066 3373 1131 πόλιν,
3403 1066 3591 1137 πρῶτα
3623 1066 3725 1135 μὲν

2132 1163 2271 1233 γυνή
2296 1180 2379 1226 τις
2410 1164 2682 1232 ἐπίσημος
2732 1164 2825 1216 καὶ
2867 1162 3136 1231 διαφανὴς
3175 1160 3273 1229 τὴν
3322 1160 3541 1222 κακίαν,
3579 1159 3715 1211 πλά-

2133 1272 2223 1308 νον
2259 1255 2489 1309 εἰποῦσα
2546 1257 2638 1309 τὸν
2669 1256 2839 1318 ὅσιον,
2886 1256 2942 1306 ὲν
2998 1252 3305 1322 ὀφθαλμοῖς
3353 1251 3509 1321 ἡμῶν
3574 1251 3724 1303 ἔτισε

2136 1347 2338 1414 δίκας,
2394 1348 2698 1402 ἀκολάστου
2758 1344 3007 1416 γλώττης
3066 1345 3324 1412 όξοτὰτην
3364 1344 3723 1413 ὑπομείνασα

2132 1439 2429 1511 τιμωρίαν,
2457 1441 2551 1494 καὶ
2601 1439 2828 1512 χαλεπῷ
2878 1438 3097 1509 θανάτῳ
3132 1437 3230 1506 τὴν
3276 1436 3458 1508 ψυχὴν
3489 1437 3724 1508 ἀπορῤι-

2131 1532 2299 1602 ψασα.

2203 1718 2303 1780 ογ’.
2338 1713 2575 1766 Ἔπειτα
2601 1710 2681 1777 δὲ,
2714 1711 2869 1781 φησὶ,
2898 1710 2995 1764 καὶ
3030 1708 3128 1779 τῆς
3167 1707 3376 1770 πόλεως
3405 1706 3719 1772 ὲξελθοῦσιν

2131 1803 2265 1872 ἡμῖν
2303 1802 2401 1871 μὲν
2467 1804 2604 1874 πρὸς
2654 1803 2747 1856 τὸν
2800 1801 3031 1871 πλησίον
3084 1798 3192 1853 τῶν
3240 1799 3556 1852 ἀποστόλων
3594 1800 3727 1855 ναόν

2135 1894 2429 1966 ἐτύγχανεν
2464 1897 2496 1966 ἡ
2523 1895 2668 1967 ὁρμή
2691 1910 2707 1927 ο
2743 1894 2965 1965 μοναχοὶ
2994 1892 3050 1946 δέ.
3082 1909 3224 1955 τινες
3250 1892 3348 1962 τῆς
3371 1893 3435 1945 ὲκ
3463 1894 3726 1961 γειτόνων

2135 1989 2302 2060 μονῆς
2332 1987 2400 2041 τὰ
2438 1988 2678 2058 Σευὴρου
2712 1985 2996 2049 νοσοῦντες
3019 1986 3318 2057 παριόντας
3343 1986 3490 2056 ἡμᾶς
3527 1984 3729 2049 ίδὸντες

2128 2080 2191 2133 τὸ
2224 2078 2530 2148 συγκαλοῦν
2558 2080 2637 2142 εἰς
2663 2077 2760 2150 τὴν
2783 2078 3084 2149 ἐκκλησίαν
3118 2075 3298 2155 ξύλον,
3334 2077 3431 2129 καὶ
3462 2076 3567 2146 πρὸ
3622 2077 3726 2146 τῆς

2128 2171 2277 2244 ὥρας
2309 2172 2627 2241 εἰθισμένης
2644 2172 2892 2243 ἔκρουον,
2926 2171 3020 2224 καὶ
3044 2169 3269 2246 σύναξιχ
3305 2168 3421 2231 τοῖς
3474 2168 3730 2237 ἀδελφοῖς

2128 2265 2518 2336 ἐπεσήμαινον.
2564 2264 2623 2316 '0
2652 2264 2825 2333 μέγας
2853 2262 3032 2315 τοίνυν
3071 2262 3251 2323 συνεὶς
3280 2260 3380 2329 τὴν
3406 2258 3724 2328 ἐπιϐουλὴν,

2128 2356 2278 2426 ζήλῳ
2307 2374 2365 2410 τε
2392 2355 2522 2424 θείῳ
2539 2354 2639 2426 τὴν
2669 2353 2848 2424 ψυχὴν
2876 2352 3322 2424 διαθερμανθεὶς,
3355 2351 3498 2404 κατὰ
3529 2350 3728 2420 καιρὸν

2127 2449 2240 2509 τοῖς
2264 2445 2357 2499 τοῦ
2386 2445 2658 2499 Δεσπότου
2686 2446 2925 2515 ῥήμασιν
2956 2444 3176 2514 ἐχρῆτο,
3205 2441 3442 2504 καὶτοὺς
3459 2443 3538 2504 εἰς
3562 2440 3733 2497 αὑτὸν

2128 2537 2522 2608 παροινοῦντας
2572 2535 2799 2599 δικαίως
2860 2535 3122 2606 ἠμύνετο,
3191 2534 3391 2605 μηκέτι
3446 2532 3592 2585 λίθον
3631 2532 3731 2585 ἐπὶ

2127 2630 2277 2684 λίθου
2328 2632 2508 2701 μεῖναι
2545 2630 2686 2682 κατά
2721 2629 2814 2681 τὸν
2862 2628 3026 2681 τόπον
3059 2627 3148 2680 καὶ
3187 2626 3349 2691 αὐτὸς
3395 2625 3731 2695 ἀπειλήσας.

2133 2723 2197 2773 Ἀ
2209 2719 2254 2789 ρ’
2275 2716 2368 2774 οὖν
2395 2719 2685 2790 ἠκολούθει
2713 2722 2782 2790 τῇ
2799 2717 2995 2789 ἀπειλῇ
3016 2717 3113 2771 καὶ
3137 2716 3328 2788 ἔργον·
3356 2715 3561 2787 βραχὺς
3582 2716 3610 2768 ό
3634 2732 3734 2785 με-

2128 2815 2261 2879 ταξὺ
2289 2814 2501 2884 χρόνος,
2541 2813 2635 2865 καὶ
2676 2811 2999 2882 Ἀγαρηνῶν
3036 2828 3091 2863 τι
3155 2807 3361 2876 πλῆθος
3417 2807 3595 2877 ἐφόδῳ
3632 2823 3729 2859 vu—

2131 2908 2359 2976 κτερινῇ
2401 2903 2774 2975 χρησάμενον,
2813 2903 3175 2973 μοναστήριον
3210 2900 3308 2970 μὲν
3362 2900 3540 2951 ἐκεῖνο
3592 2896 3730 2967 πυρὶ

2134 2998 2469 3070 χαρίζονται,
2536 2996 2819 3068 ληΐζονται
2888 2995 2946 3049 δὲ
3012 2993 3108 3048 καὶ
3158 2994 3225 3046 τά
3285 2993 3465 3044 ἐκεῖσε
3530 2990 3729 3061 κομιδῇ

2136 3088 2336 3154 πάντα,
2374 3088 2470 3140 καὶ
2521 3088 2648 3148 τοὺς
2694 3085 2964 3156 μοναχοὺς
3025 3078 3408 3153 αἰχμαλώτους
3476 3079 3727 3147 ἄγονται,

438 3181 595 3226 erant
627 3187 640 3224 :
670 3181 725 3227 et
778 3172 1055 3229 abducunt
1120 3175 1366 3244 captivos
1431 3176 1752 3239 monachos,
1793 3184 1846 3231 et
1890 3192 2032 3236 nunc

2140 3182 2233 3236 καὶ
2254 3180 2349 3234 νῦν
2383 3182 2412 3233 ὀ
2440 3181 2601 3243 τόπος
2647 3178 2950 3247 ὀφθαλμοῖς
2992 3175 3278 3248 πρόκειται
3316 3172 3497 3243 θέαμα
3549 3171 3733 3241 λυπη-

440 3265 765 3335 propouitur
796 3267 970 3332 locus,
997 3268 1251 3322 acerbum
1278 3268 1449 3323 oculis
1485 3269 1876 3337 spectaculum,
1935 3272 2027 3342 qui

443 3372 549 3411 non
594 3359 765 3427 magis
796 3370 1037 3415 meretur
1082 3361 1288 3426 videri,
1309 3377 1496 3431 -quam
1545 3362 1753 3417 deﬂeri.
1781 3363 1885 3418 Sed
1917 3363 2035 3421 haec

439 3451 659 3524 quidem
693 3452 936 3506 narratio
965 3462 1155 3522 aperte
1185 3463 1267 3507 est
1296 3454 1595 3525 disciplinae
1634 3464 1689 3509 et
1714 3455 2031 3525 castigatio-

443 3544 549 3598 nis.
572 3542 829 3597 "Alteram
861 3555 1064 3608 autem,
1097 3562 1215 3614 qua:
1243 3556 1320 3599 est
1351 3547 1508 3614 plane
1544 3547 1731 3619 gratim
1763 3549 2035 3619 particeps

440 3641 497 3686 et
525 3631 801 3698 utilitatis,
835 3636 1172 3704 vultgaddere
1198 3637 1392 3694 oratio.

2142 3271 2253 3343 ρθιν,
2287 3270 2386 3341 οὐχ
2406 3269 2639 3341 ὁρᾶσθαι
2677 3268 2953 3341 μᾶλλον,ἢ
2986 3267 3320 3339 δακρύεσθαι
3358 3267 3526 3330 ἄξιος.
3567 3263 3732 3317 Ἀλλά

2133 3361 2323 3415 τούτου
2357 3360 2607 3424 παιδείας
2657 3362 2919 3431 ἄντικρυς
2950 3359 3043 3412 καὶ
3095 3356 3477 3429 σωφρονισμοῦ
3517 3356 3576 3409 τὸ
3614 3355 3734 3427 δεή-

2137 3470 2294 3523 γημα
2316 3469 2331 3484 ο
2363 3452 2552 3521 ἕτερον
2580 3451 2637 3505 δὲ
2698 3451 2791 3505 καὶ
2824 3451 3050 3522 χάριτος
3095 3450 3357 3522 ἀκριϐοῦς
3385 3452 3604 3521 μετέχει
3635 3451 3731 3505 καὶ

2137 3545 2430 3618 ὠφελείας,
2453 3545 2481 3598 ό
2503 3544 2661 3613 λόγος
2687 3543 3007 3615 προσθεῖναι
3032 3544 3299 3616 βούλεται.

1866 3809 2096 3867 CAPUT
2157 3807 2324 3862 XVII.

1120 3925 1285 3981 Adest
1337 3928 1502 3984 variis
1540 3926 1985 4000 periclitantibus.
2048 3924 2307 3981 Prwdicit
2349 3930 2710 3979 terrwmotum
2762 3916 3089 3974 .Antioclu'te.

513 4048 606 4103 ⁵14.
637 4049 755 4104 Dux
787 4051 1014 4108 Romani
1061 4062 1355 4127 exercitus,
1382 4061 1525 4131 (mos
1555 4070 1644 4115 est
1687 4070 1870 4117 autem
1903 4074 2028 4115 eum

446 4154 651 4195 vocare
688 4144 944 4199 comitem
995 4144 1257 4222 Orientis)
1312 4154 1530 4207 nomine
1561 4151 1949 4223 KericusUS),
1975 4152 2029 4207 in

450 4233 597 4288 bello
616 4235 816 4299 audax,
845 4238 899 4291 in
946 4238 1112 4294 Deum
1152 4253 1334 4299 autem
1366 4246 1507 4314 pius.
1544 4243 1721 4315 lsjam
1762 4244 2033 4299 incursio-

450 4339 575 4380 nem
606 4325 847 4384 facturus
867 4341 1054 4387 contra
1084 4333 1296 4401 Persas,
1329 4337 1664 4392 existimavit
1695 4348 1949 4407 oportere
1971 4351 2033 4391 se

2213 4056 2308 4111 05'.
2375 4055 2435 4109 Ὀ
2495 4054 2591 4108 τοῦ
2658 4050 2971 4123 Ῥωμαϊκοῦ
3018 4048 3432 4119 στρατεύματος
3488 4050 3738 4120 ἀρχηγός

2137 4146 2377 4221 (κόμητα
2402 4146 2500 4216 τῆς
2531 4141 2826 4210 Ἀνατολῆς
2869 4139 3103 4211 σύνηθες
3125 4140 3338 4192 ὲκεῖνον
3359 4138 3590 4210 καλεῖν),
3622 4140 3738 4211 Κή-

2130 4256 2307 4311 ρυκος
2332 4237 2482 4308 αὐτῷ
2503 4237 2703 4307 ὄνομα,
2744 4232 3007 4303 εὖτολμος
3036 4232 3103 4286 τά
3133 4231 3270 4303 πρὸς
3307 4233 3602 4303 πολέμους,
3647 4234 3740 4286 εύ-

2140 4332 2315 4402 λαϐής
2344 4348 2403 4384 τε
2437 4330 2574 4401 πρὸς
2617 4328 2773 4392 Θεὸν,
2802 4319 2958 4389 οὗτος
3011 4324 3232 4396 τρέχων
3260 4324 3387 4395 ἄρτι
3414 4324 3555 4378 κατά
3590 4325 3739 4397 Περ-

448 4417 686 4486 primum
746 4436 965 4477 currere
1024 4423 1418 4496 Hierosolyma,
1458 4437 1514 4483 et
1562 4428 1713 4481 illinc
1769 4428 2032 4483 adversus

2141 4425 2273 4489 σῶν,
2294 4422 2404 4475 δεῖν
2437 4419 2596 4492 ᾠήθη
2630 4417 2850 4489 πρῶτον
2873 4416 3103 4488 δραμεῖν
3143 4416 3236 4468 ἐπὶ
3273 4414 3735 4485 τάἹεροσόλυμα,

451 4510 634 4566 hostes
660 4527 943 4568 assumere
972 4517 1254 4574 auxilium.
1281 4518 1418 4571 Cum
1450 4528 1631 4573 autem
1665 4518 1944 4574 statuisset
1974 4520 2025 4574 in

452 4603 683 4657 transitu
735 4605 812 4658 ire
843 4606 910 4659 ad
950 4609 1221 4662 lmininetu
1269 4607 1360 4661 Dei
1390 4606 1534 4677 (eum
1566 4609 1707 4663 enim
1744 4609 1899 4664 valde
1929 4620 2035 4664 tra-

449 4690 614 4745 bchat
651 4692 793 4748 ill;us
822 4695 985 4759 fama,
1027 4706 1083 4752 et
1108 4697 1328 4751 virtutis
1357 4698 1649 4769 illecebras)
1673 4700 1801 4755 dum
1838 4701 2034 4768 abiret,

448 4791 506 4837 et
537 4785 704 4839 multa
736 4787 839 4842 alia
889 4788 1045 4843 licuit
1071 4790 1120 4844 ei
1154 4791 1344 4845 audire
1380 4806 1445 4846 ex
1493 4808 1647 4847 sacra
1701 4794 1791 4850 illa
1828 4795 2036 4865 lingua,

450 4882 503 4925 et
539 4877 641 4929 hoc
671 4876 814 4932 inter
836 4887 1053 4941 caetera,
1083 4893 1173 4943 ne,
1194 4880 1466 4949 quomodo
1491 4880 1708 4937 divinus
1740 4883 1906 4939 David
1931 4925 1946 4948 ,
1980 4885 2032 4937 in

452 4980 581 5020 arcu
619 4976 888 5037 speraret,
919 4983 1019 5023 nec
1066 4980 1295 5038 poneret
1346 4971 1576 5027 salutem
1606 4974 1658 5028 in
1693 4974 1893 5044 gladio,
1938 4975 2033 5029 sed

450 5074 552 5115 nec
590 5061 641 5114 iu
696 5060 986 5116 multorum
1047 5062 1328 5119 hominum
1384 5065 1686 5122 conﬁderet
1744 5068 2031 5124 millibus:

523 5218 638 5296 (μ)
664 5218 831 5296 Bosra
859 5220 1001 5286 aliis.
1032 5219 1392 5296 etiBostrum,
1440 5224 1597 5296 sedes
1622 5227 2040 5296 metropolitano

449 5289 664 5364 Arabia:
699 5292 908 5357 primae,
949 5307 1047 5346 seu
1077 5295 1327 5359 desertm,
1368 5295 1468 5349 sub
1498 5289 1815 5364 patriarcha
1845 5297 2042 5351 Antin-

449 5361 646 5425 rheno,
684 5364 815 5418 urbs
868 5364 1260 5431 munitissima;
1314 5380 1458 5420 nunc
1497 5361 1764 5421 Busseret.
1806 5368 2068 5423 Consule.

451 5433 491 5485 Α
522 5433 884 5487 hit-hominm.

529 5500 641 5571 (45)
703 5502 1100 5579 Ms._G_r:ucutn
1173 5504 1460 5579 Κήρυκας,
1500 5506 1700 5562 Menam
1770 5508 2038 5579 Κίρυκος.

455 5571 585 5646 Eilis
617 5575 863 5646 meminit
884 5573 1161 5629 Cedrenus
1190 5571 1637 5637 atiquustiniani
1671 5571 1869 5646 primo,
1900 5571 2034 5634 Chr.

455 5641 582 5695 5:27.
612 5661 630 5695 ι
675 5644 870 5696 Eodem
907 5660 1052 5700 anno
1099 5645 1213 5701 llex
1254 5646 1544 5703 Persarum
1596 5641 1803 5704 Tz'dho
1835 5641 2035 5704 bellum

455 5714 525 5760 nh
551 5714 733 5765 initam
760 5728 879 5766 eum
915 5713 1176 5770 Romanis
1207 5718 1524 5773 societatem
1553 5719 1757 5774 intttlit.
1791 5740 1811 5772 ι
1847 5738 1866 5770 ι
1900 5719 2037 5774 Huic

457 5778 1025 5857 Iantholustiniauus
1046 5786 1351 5857 auxiliares
1387 5788 1775 5857 mittitcopias.
1809 5790 2040 5844 ducibus

454 5848 741 5916 Belisario,
792 5853 1008 5919 Keryco
1036 5852 1243 5922 (Cra-ce
1293 5858 1552 5929 Κήρυκος
1584 5848 1688 5915 dici
1720 5848 1829 5930 ur),
1862 5870 1915 5916 et
1949 5858 2040 5914 Pe-

2137 4520 2230 4571 καὶ
2256 4516 2550 4586 σύμμαχον
2566 4513 2668 4584 τὴν
2697 4511 2912 4565 ἐκεῖθεν
2936 4510 3110 4582 ῥοπὴν
3141 4509 3285 4564 κατὰ
3313 4510 3423 4563 τῶν
3458 4509 3738 4580 πολεμίων

2139 4607 2343 4661 λαϐεῖν.
2383 4606 2540 4659 Ἐπεὶ
2587 4604 2682 4660 οῦν
2713 4604 2856 4658 κατὰ
2908 4602 3146 4673 πάροδον
3177 4602 3272 4655 καὶ
3321 4601 3461 4673 πρὸς
3515 4602 3605 4655 τὸν
3640 4601 3736 4654 τοῦ

2138 4701 2275 4756 Θεοῦ
2315 4700 2604 4771 ἄνθρωπον
2637 4698 2852 4770 ἔκρινεν
2884 4695 3164 4757 ἀπελθεῖν,
3217 4691 3395 4766 (εἷλκε
3421 4696 3530 4765 γὰρ
3569 4695 3737 4748 αὑτὸν

2138 4797 2171 4864 ἡ
2203 4796 2360 4863 φήμη
2397 4791 2645 4864 στερρὦ
2667 4792 2761 4844 καὶ
2798 4791 2847 4842 oi
2873 4786 3085 4841 ἐκείνου
3117 4788 3218 4857 τῆς
3257 4789 3460 4857 ἀρετῆς
3491 4786 3734 4858 ίυγγεςδ

2139 4885 2447 4939 ἀπελθόντα
2482 4883 2696 4945 τοῦτον,
2756 4879 2894 4936 ἀλλα
2926 4896 2985 4933 τε
3039 4879 3209 4933 πολλά
3254 4881 3389 4948 πρδς
3439 4881 3538 4947 τῆς
3580 4880 3736 4948 ἱερᾶς

2138 4978 2387 5045 γλώττης
2418 4974 2636 5044 ἐκείνης
2677 4970 2899 5026 ἀκούειν
2939 4972 3107 5039 ὑπῆν,
3159 4971 3255 5024 καὶ
3313 4971 3392 5039 τῷ
3425 4973 3499 5042 μὴ
3538 4973 3632 5024 ἐπὶ
3660 4970 3740 5043 τῷ

2145 5071 2289 5139 τόξῳ
2338 5067 2582 5133 ἐλπίζειν
2611 5067 2754 5121 κατὰ
2787 5065 2882 5118 τὸν
2939 5064 3083 5117 θεῖον
3137 5063 3322 5130 Δαϐζδ,
3369 5064 3491 5134 μηδ’
3526 5064 3619 5117 ἐπὶ
3639 5065 3739 5135 τὴν

2155 5236 2241 5282 tro
2267 5245 2282 5295 ;
2323 5226 2561 5297 quicum
2598 5225 2652 5279 in
2671 5225 2812 5282 bello
2844 5224 3085 5297 gerendo
3099 5232 3293 5297 mutua
3322 5222 3520 5297 invidia
3547 5231 3741 5297 trans-

2152 5293 2295 5352 ναι-εἰ
2332 5293 2647 5364 agerentur,
2697 5312 2723 5349 a
2770 5293 2954 5351 Persis
2985 5295 3110 5348 victi
3162 5306 3310 5349 sunt.
3367 5312 3384 5335 ‘
3423 5293 3548 5348 lla-c
3599 5296 3736 5360 ipse.

2157 5369 2356 5421 Verum
2392 5384 2456 5423 ex
2487 5366 2753 5434 Procopio
2781 5366 2816 5419 I.
2844 5382 2859 5420 ι
2897 5364 2971 5419 De
3006 5365 3138 5418 bello
3164 5364 3378 5417 Persiro
3406 5375 3642 5424 constat,
3673 5365 3741 5419 ad

2149 5449 2385 5508 quatuor
2439 5453 2611 5492 anuos
2663 5438 2861 5491 bellum
2923 5436 3092 5508 fuisse
3148 5435 3499 5508 prtulucttt'u,
3538 5446 3591 5487 ct
3625 5434 3738 5486 lio-

2151 5505 2341 5563 tnanos
2391 5509 2574 5577 plures
2624 5510 2690 5563 de
2728 5508 2836 5561 illis
2893 5507 3083 5560 tulisse
3135 5505 3415 5558 victorias.
3463 5506 3736 5577 Caeterum

2147 5580 2291 5648 quod
2349 5576 2491 5634 inter
2539 5581 2703 5632 duces
2771 5576 3025 5648 simultas
3091 5586 3308 5648 esset,
3353 5577 3473 5648 ideo
3533 5576 3740 5648 Proca.

2150 5645 2292 5716 pius,
2325 5651 2416 5719 qui
2456 5649 2717 5703 Belisario
2744 5646 3066 5713 inhaerebat,
3094 5648 3232 5719 hanc
3274 5647 3455 5719 Κρινεῖ
3500 5647 3565 5699 de
3613 5645 3746 5698 Per-

2150 5715 2225 5791 sis
2256 5715 2538 5791 victoriam
2573 5719 2942 5791 praetermisit,
2980 5725 3036 5771 ut
3058 5716 3314 5772 observat
3347 5715 3613 5773 Baruuius
3646 5731 3737 5770 an.

2149 5789 2281 5845 Chr.
2308 5790 2433 5845 527.
