4152 6408
398 420 500 490 ειι

1337 426 1507 489 νιΤΑ
1547 427 1607 486 S.
1647 417 2062 487 TIIEODOSII
2103 419 2699 485 C(ENOBIARCHIE-

3564 417 3680 481 5&2

400 536 682 613 ῥομφαίαν
707 534 917 590 τιθέναι
949 535 1047 608 τὴν
1075 538 1370 609 σωτηρίαν,
1408 540 1542 610 μήτε
1579 539 1685 610 μὴν
1736 540 1847 602 τοῖς
1880 537 1979 589 τῶν

2105 551 2269 589 unum
2315 546 2496 591 autem
2564 538 2735 592 sciret
2760 535 3088 607 adjutorem,
3122 532 3231 588 vim
3285 531 3685 601 inexpugnabi-

402 629 620 684 πολλῶν
658 626 919 699 μυριάσιν
971 627 1315 701 ὲπιθαῤῥεῖν,
1350 629 1451 683 ἕνα
1483 630 1540 683 δὲ
1586 629 1875 699 σύμμαχον
1913 628 1991 679 εἰ-

402 721 551 776 δέναι
584 720 685 791 τὴν
718 719 875 789 ἰσχὺν
923 718 1162 790 ἄμαχον,
1202 714 1245 787 ᾧ
1285 721 1467 791 ῥῷιον
1512 720 1653 773 πάνυ
1695 722 1867 772 ποιεῖν
1901 721 1974 788 ὑφ

395 811 518 876 ἑνὸς
546 810 754 881 χιλίους
776 809 1094 873 διώκεσθαι,
1136 813 1229 865 καλ⁸
1262 812 1367 865 ὑπὸ
1400 812 1494 864 δύο
1530 811 1795 883 μυριάδας
1826 827 1990 881 μετα-

394 903 689 957 κινεῖαθαι.
716 901 961 957 Τοιαῦτα
979 901 1057 974 τῷ
1086 904 1285 974 κόμητι
1306 903 1399 956 τοῦ
1424 903 1571 957 ὁσίου
1596 903 1990 973 διαλεχθέντος,

394 994 573 1057 οὕτως
605 995 816 1056 ἐκεῖνος
839 993 984 1047 ἑάλω
1015 995 1124 1047 τῶν
1158 995 1327 1050 αὑτοῦ
1357 995 1751 1065 παραινέσεων,
1784 993 1991 1047 καὶτοῦ

395 1086 536 1156 πρὸς
552 1085 718 1139 αὐτὸν
743 1085 1029 1156 ἀνηρτήθη
1056 1086 1221 1140 πόθον
1251 1086 1347 1140 καὶ
1372 1088 1471 1153 τῆς
1493 1086 1704 1158 θερμῆς
1732 1085 1988 1151 πίστεως,

391 1178 471 1242 ὡς
507 1179 602 1230 καὶ
631 1176 765 1230 αὐτὸ
795 1177 969 1245 δήπου
1009 1179 1068 1230 τὸ
1088 1177 1339 1249 τρύχινον
1372 1179 1558 1251 ῥάκος,
1590 1180 1729 1250 ὅπερ
1755 1181 1783 1231 ὁ
1819 1179 1991 1247 μέγας

397 1268 532 1323 εἴσω
564 1268 980 1340 περιεϐέϐλητο,
1005 1270 1120 1322 ἀντ’
1159 1268 1322 1323 ἄλλου
1354 1272 1501 1334 τινὸς
1527 1272 1597 1324 τά
1629 1288 1693 1340 γε
1726 1272 1860 1342 πρὸς
1893 1270 1986 1324 τὸν

400 1362 639 1439 πόλεμον
669 1362 894 1432 αἰτῆσαι
928 1362 1300 1432 φυλακτηρέου
1325 1380 1339 1395 ο
1390 1364 1486 1416 καὶ⁸
1514 1364 1673 1416 τοῦτο
1697 1363 1761 1434 δὴ
1806 1361 1989 1416 λαϐὼν

402 1453 501 1506 καὶ
533 1453 707 1517 ἐνδὺς,
737 1451 966 1520 ἀγώνων
990 1470 1049 1506 τε
1097 1454 1208 1506 τῶν
1238 1454 1494 1523 συνήθων
1529 1454 1830 1523 ἁψάμενος,
1868 1454 1987 1524 μετ’

407 1546 472 1597 οὐ
508 1545 639 1598 πολὺ
671 1544 997 1610 Καλλίνικος
1049 1545 1304 1617 ἐπανῄει,
1340 1545 1508 1600 πολλὰ
1555 1546 1649 1600 καὶ
1675 1546 1800 1612 ἄξια
1827 1547 1987 1615 λόγου

413 1633 595 1703 ψυχῆς
615 1651 670 1687 τε
694 1634 784 1688 καὶ
803 1634 989 1705 χειρὸς
1020 1635 1156 1706 ἔργα
1186 1636 1624 1707 ἐπιδειξάμενος.

483 1730 577 1777 σε’.
606 1725 866 1795 Λαμπρδς
920 1726 1213 1798 τοιγαροῦν
1246 1727 1390 1782 οὕτω
1430 1731 1545 1793 τοῖς
1571 1729 1712 1784 κατὰ
1753 1730 1989 1800 πόλεμον

402 1814 697 1887 ἀριστείοις
725 1816 1061 1882 ἐπανελθὼν,
1094 1820 1193 1872 οὐκ
1222 1820 1500 1892 ἀγνώμων
1540 1822 1715 1894 ἐφάνη
1746 1825 1878 1895 περὶ
1894 1825 1985 1880 τὸν

398 1905 718 1977 εὐεργέτην,
749 1909 859 1961 οὐδ’
891 1907 1081 1976 ὥσπερ
1110 1912 1159 1963 οἱ
1192 1911 1378 1966 πολλοὶ
1410 1914 1552 1983 μετὰ
1586 1913 1647 1967 τὸ
1676 1918 1855 1986 τυχεῖν
1884 1915 1986 1986 τῆς

396 2000 623 2072 χάριτος
674 2000 1190 2072 ἐπιλανθανόμενος,
1254 2005 1370 2057 ἀλλ’
1437 2006 1621 2075 ὅμοιον
1673 2007 1769 2061 ἓνα
1819 2009 1985 2061 πᾶσιν

396 2095 590 2149 ἑαυτὸν
614 2094 920 2162 φυλάττων,
957 2096 1093 2166 πρὸς
1114 2096 1206 2151 τὸν
1244 2099 1393 2152 ὅσιον
1439 2098 1597 2164 αὖθις
1628 2101 1816 2171 ἐφοίτα
1845 2103 1987 2173 μετὰ

393 2185 600 2254 θερμοῦ
632 2185 728 2238 τοῦ
762 2187 861 2255 τῆς
895 2186 1122 2257 καρδίας
1176 2192 1577 2260 σκιρτήματος,
1642 2194 1870 2264 χάριτός
1921 2212 1984 2248 τε

391 2276 700 2345 ὁμολογῶν,
736 2279 831 2331 καὶ
868 2280 929 2331 τδ
984 2281 1092 2334 πᾶν
1128 2280 1287 2351 αύτῷ
1325 2282 1426 2351 τῆς
1474 2283 1630 2353 νίκης
1675 2286 1982 2355 ἐπιγραφό-

394 2384 580 2435 μενος.
611 2368 805 2436 Ἔλεγε
833 2371 961 2438 γὰρ,
989 2369 1253 2435 ώς,Κατὶι
1298 2373 1391 2425 τὸν
1424 2375 1521 2444 τῆς
1567 2374 1747 2446 μάχης
1770 2376 1980 2447 καιρὸν,

390 2459 522 2529 ἐμοὶ
558 2459 658 2527 μὲν
688 2461 810 2513 ἀντὶ
844 2459 1091 2525 Θώρακος
1124 2464 1472 2535 ὲνδυσαμένῳ
1507 2466 1568 2518 τὸ
1603 2467 1769 2538 ῥάκος
1808 2467 1869 2521 τὸ
1892 2468 1985 2524 σὺν

390 2550 568 2602 ἐποίει
599 2548 824 2619 θαρρεῖν
846 2551 1014 2620 ὁμόσε
1049 2568 1108 2604 τε
1144 2554 1258 2616 τοῖς
1286 2553 1569 2623 πολεμίοις
1590 2556 1809 2626 χωρεῖνι
1827 2555 1982 2611 Ἐπεὶ

389 2642 450 2700 δὲ
479 2643 578 2694 καὶ
606 2643 689 2705 εἰς
729 2645 921 2713 χεῖρας
968 2643 1217 2715 ἀλλήλοις
1272 2645 1532 2716 ἤλθομεν,
1561 2646 1734 2711 πολὺς
1763 2647 1983 2717 ἐγένετο

391 2734 587 2796 σκότος
609 2732 801 2803 ὥσπερ
835 2736 894 2787 ἐν
920 2734 1122 2809 ὁμίχλῃ
1160 2736 1375 2806 βαθείᾳ,
1404 2740 1499 2791 καὶ
1520 2742 1633 2802 τοῖς
1667 2740 1767 2810 μὲν
1797 2739 1981 2805 ἄλλοις

389 2827 531 2878 πᾶσι
560 2824 655 2879 καὶ
679 2826 747 2879 τὰ
788 2827 932 2880 πάνυ
964 2828 1192 2899 πλησίον
1218 2829 1424 2882 ἀθέατα
1447 2826 1538 2902 ἦν,
1569 2831 1681 2899 ἐγὼ
1699 2831 1756 2884 δέ
1784 2849 1845 2884 σε
1882 2831 1981 2902 μόο

388 2934 481 2971 νον
506 2917 728 2971 ἐδόκουν
747 2920 880 2989 όρᾷν
916 2919 1157 2989 προηγού
1168 2922 1328 2990 μενόν
1359 2939 1459 2991 μου
1487 2923 1582 2975 καὶ
1612 2926 1678 2993 τῇ
1705 2924 1851 2994 χειρὶ
1879 2934 1994 2995 ση-Δ

394 3012 657 3083 μαίνοντα
688 3014 783 3065 καὶ
815 3014 1226 3079 ὑποτιθέμενον,
1268 3016 1395 3068 τάδε
1436 3016 1535 3085 μὲν
1572 3014 1668 3070 τοῦ
1727 3015 1971 3087 πολέμου

393 3103 537 3175 μέρη
565 3103 784 3174 χαίρειν
811 3104 928 3175 ἐᾷν,
963 3105 1055 3157 ἐπὶ
1088 3104 1261 3160 ταῦτα
1292 3106 1350 3159 δὲ
1396 3107 1541 3160 ίόντα
1576 3107 1979 3178 μάχεσθαι,και

2097 627 2224 691 lem,
2252 627 2338 682 cui
2391 638 2475 682 est
2520 626 2704 695 facile,
2732 636 2791 682 ut
2829 642 2967 683 unus
3016 625 3161 681 mille
3189 634 3573 694 persequatur,
3633 637 3688 677 et

2098 721 2283 774 decem
2310 719 2473 773 millia
2519 717 2874 790 proﬂigentur
2898 734 2928 772 a
2952 718 3183 773 duobus.
3216 716 3340 772 llam
3361 732 3483 771 cum
3502 718 3687 772 comiti

2097 811 2330 867 Sanctus
2359 813 2733 880 disseruisset,
2788 813 2861 867 ita
2907 811 3005 867 fuit
3030 811 3121 866 ille
3157 821 3347 880 captus
3385 810 3505 880 ejus
3532 808 3684 863 desi-

2095 905 2247 959 derio
2284 914 2341 959 et
2370 905 2580 959 ardenti
2620 905 2743 973 ﬁde,
2767 905 3023 975 utipsum
3059 904 3442 971 cilicium,quo
3459 919 3687 973 magnus

2095 997 2189 1052 ille
2220 998 2452 1053 interius
2496 997 2849 1062 iuduebatur,
2881 997 3002 1051 loco
3044 993 3285 1061 cujusvis
3317 995 3538 1049 alterius
3579 997 3684 1062 rei,

2094 1104 2245 1145 arma
2280 1099 2507 1160 peteret,
2557 1091 2754 1161 quibus
2785 1104 2845 1144 se
2870 1097 3242 1144 conservaret.
3267 1086 3419 1154 Quod
3460 1088 3679 1155 quidem

2094 1199 2217 1238 cum
2254 1184 2554 1254 accepisset
2585 1191 2642 1237 et
2676 1182 2982 1246 induisset,
3010 1188 3064 1233 et
3097 1189 3366 1235 consueta
3397 1194 3689 1247 aggressus

2092 1285 2237 1332 esset
2260 1278 2584 1340 certamina,
2633 1274 2793 1344 paulo
2844 1282 2965 1342 post
2996 1274 3172 1328 victor
3231 1271 3411 1331 rediit,
3469 1285 3590 1324 cum
3629 1278 3683 1322 et

2092 1366 2257 1420 animi
2287 1373 2341 1419 et
2387 1380 2577 1419 manus
2615 1363 2875 1433 prmclara
2933 1360 3266 1417 ostendisset
3303 1360 3573 1426 facinora,
3628 1366 3685 1414 ct

2093 1459 2255 1530 digna
2282 1472 2404 1524 quae
2434 1466 2956 1513 commemorentur.

2163 1731 2253 1789 75.
2291 1730 2424 1788 Cum
2446 1730 2610 1787 rebus
2632 1746 2759 1802 ergo
2785 1729 3070 1786 fortitcrin
3090 1729 3230 1786 bello
3256 1729 3423 1800 gestis
3442 1729 3678 1800 insignis
3743 1722 3749 1727 ’

2092 1836 2145 1881 et
2168 1826 2346 1881 clarus
2368 1834 2512 1880 esset
2544 1839 2816 1891 reversus,
2839 1838 3181 1893 nequaquam
3203 1824 3448 1893 ingratus
3478 1823 3582 1877 fuit
3622 1825 3674 1878 in

2093 1918 2527 1985 benefactorem;
2566 1931 2739 1986 neque
2790 1928 2846 1971 ut
2881 1917 3057 1982 ιιιιιιιί,
3086 1918 3178 1987 qui
3214 1925 3500 1985 postquam
3551 1925 3678 1970 sunt

2088 2014 2390 2077 consecuti,
2442 2013 2840 2068 obliviscuntur
2867 2013 3115 2068 benelicii
3160 2013 3295 2067 :sed
3340 2028 3399 2067 se
3439 2011 3675 2067 similem

2086 2118 2417 2159 conservans
2437 2104 2490 2158 in
2509 2104 2785 2167 omnibus,
2808 2117 2994 2156 rursus
3012 2102 3157 2157 venit
3180 2104 3246 2156 ad
3269 2101 3529 2156 Sanctum
3548 2118 3675 2155 cum

2086 2194 2390 2249 vehementi
2424 2193 2604 2248 cordis
2633 2193 3025 2258 exsultatione,
3058 2204 3114 2248 et
3165 2194 3368 2263 gratias
3398 2207 3585 2262 agens,
3620 2201 3675 2244 et

2086 2285 2136 2339 ei
2192 2286 2503 2339 universam
2560 2285 2846 2339 ascribens
2886 2284 3193 2338 victoriam.
3226 2283 3455 2337 Dicebat
3491 2282 3674 2338 enim:

2085 2376 2179 2430 Illo
2211 2375 2328 2444 ipso
2360 2385 2606 2446 tempore
2630 2391 2847 2445 pugna,
2877 2373 3247 2444 mihiquidem
3274 2390 3393 2428 cum
3416 2388 3512 2443 pro
3546 2373 3638 2427 tbo
3658 2402 3670 2413 -

2084 2484 2208 2524 race
2234 2480 2383 2521 tuum
2424 2468 2721 2523 induissent
2755 2466 2992 2521 cilicium
3018 2506 3036 2533 ,
3062 2468 3313 2520 ved‘lehat
3350 2466 3401 2518 in
3437 2473 3670 2518 mentem

2082 2562 2375 2625 conlidere,
2409 2570 2463 2617 et
2520 2562 2573 2615 in
2609 2562 2792 2616 hostes
2844 2559 3227 2615 irruere.Cutn
3264 2572 3443 2614 autem
3472 2575 3669 2613 manus

2083 2654 2592 2719 conscruissemus,
2662 2668 2867 2722 magnae
2930 2653 3320 2707 exoriebantur
3402 2651 3669 2713 leuem-21',

2083 2753 2339 2815 tanquam
2419 2746 2471 2798 in
2543 2744 2707 2798 densa
2773 2743 3002 2813 caligine
3053 2760 3068 2795 :
3126 2753 3179 2797 et
3248 2743 3317 2797 ab
3360 2742 3500 2796 aliis
3552 2742 3670 2809 qui-

2081 2840 2202 2894 dem
2252 2836 2506 2892 omnibus
2536 2850 2597 2890 ea
2628 2836 2813 2900 etiam,
2843 2850 2961 2904 qua:
2983 2849 3152 2904 prope
3181 2843 3358 2897 erant,
3384 2833 3531 2887 cerni
3563 2850 3666 2884 non

2079 2939 2333 3000 poterant
2373 2944 2387 2981 :
2421 2942 2519 2999 ego
2545 2937 2725 2981 autem
2759 2937 2809 2980 te
2840 2925 3012 2980 solum
3063 2924 3194 2978 mihi
3226 2925 3447 2979 videbar
3480 2924 3667 2978 videre

2044 3030 2051 3037 '
2082 3041 2167 3077 tne
2195 3023 2618 3092 praecedentem,
2654 3027 2710 3074 et
2763 3034 2924 3072 manu
2959 3018 3356 3087 significantem
3390 3025 3444 3070 et
3479 3017 3670 3069 admo-

2086 3125 2328 3178 nentem,
2357 3124 2412 3167 ttt
2442 3114 2539 3167 has
2562 3113 2783 3183 quidem
2817 3111 2983 3181 prmlii
3010 3119 3191 3181 partes
3220 3109 3574 3171 dimitterem,
3612 3106 3665 3161 in

386 3194 496 3246 ὑπὸ
525 3193 612 3247 σοὶ
635 3193 817 3264 ὁδηγῷ
843 3212 903 3247 τε
944 3196 1038 3249 καὶ¹
1064 3196 1295 3282 ἡγεμόνι
1328 3197 1419 3249 τὸ»
1461 3198 1627 3250 ἵππον
1677 3199 1829 3268 ἡμᾶς
1881 3197 1972 3264 ἐξ-

2084 3207 2178 3261 has
2210 3216 2395 3261 autem
2428 3219 2722 3274 pugnarem
2766 3223 2780 3259 :
2812 3213 2868 3259 et
2899 3212 2952 3259 te
2988 3204 3179 3257 ducem
3227 3216 3426 3272 equum
3485 3214 3668 3270 agere,

386 3285 518 3344 αἶαύ
531 3304 663 3351 νειν,
691 3287 797 3350 ἓως
816 3287 944 3358 φοϐε
955 3288 1045 3358 ρός
1067 3306 1149 3353 τις
1171 3290 1264 3343 καὶ
1283 3290 1655 3353 ἀνυπόστατος
1675 3292 1787 3354 τοῖς
1821 3291 1976 3345 ἐναν-

387 3386 526 3443 τίοις
563 3379 777 3449 ὀφθεὶς,
810 3381 904 3435 καὶ
938 3382 1057 3445 δέος
1083 3385 1249 3439 πᾶσιν
1276 3384 1537 3461 ἄπεκτον
1569 3384 1845 3453 ἐμϐαλὼν,
1886 3383 1974 3436 τέ-

385 3471 475 3536 λος
500 3474 583 3534 εἰς
607 3473 778 3535 πόδας
802 3472 1000 3537 αὐτοὺς
1045 3473 1262 3544 βλέψαι,
1322 3475 1418 3529 καὶ
1448 3475 1547 3543 τὴν
1578 3474 1765 3540 ἄδοξον
1804 3474 1982 3545 φυγὴν

384 3565 643 3634 ἀσμένως
705 3563 924 3619 ἑλέσθαι
984 3568 1427 3637 παρασκευάσαι.
1489 3568 1600 3621 Καὶ
1648 3569 1825 3625 ταῦτα
1882 3571 1980 3641 μὲν

385 3656 623 3719 ἐκεῖνος,
651 3656 681 3708 ὁ
737 3654 835 3709 καὶ
868 3656 963 3726 τῆς
1001 3654 1152 3722 θείας
1184 3658 1391 3730 ταύτης
1433 3659 1756 3729 ἐπιφανείας
1809 3660 1976 3727 ἀξιω-

389 3746 527 3811 θείς.

472 3849 583 3902 οῖ’.
611 3843 721 3893 Dine
750 3841 901 3911 αύτῷ
932 3841 988 3911 δὲ
1010 3842 1191 3913 μόνον,
1223 3845 1358 3900 ἀλλὰ
1392 3847 1484 3900 καὶ
1524 3846 1703 3911 ἄλλοις
1724 3849 1752 3900 ὀ
1780 3848 1975 3918 μέγας,

403 3930 616 3994 ⁸πολλοῖς
648 3935 737 4002 μὲν
761 3938 820 3988 ἐν
860 3936 999 4004 πλῷ,
1037 3937 1252 4002 πολλοῖς
1276 3938 1333 3991 δὲ
1369 3940 1428 3993 ἐν
1462 3941 1588 4010 ὁδῷ,
1621 3943 1848 4005 καὶτοῖς
1878 3944 1978 4012 μὲν

400 4027 767 4099 τραχυνομένῃ
800 4028 1045 4101 θαλάσςῃ
1067 4031 1160 4083 καὶ
1193 4032 1516 4102 πνευμάτων
1535 4033 1626 4105 βίᾳ
1656 4034 1968 4097 παλαίουσι,

395 4121 504 4182 sci;
534 4119 590 4173 δὲ
618 4121 710 4173 καὶ
736 4121 1001 4191 στόμασιν
1029 4122 1236 4193 ἀγρίων
1268 4124 1570 4194 ἐμπεσοῦσι
1616 4126 1822 4196 θηρῶν,
1862 4132 1975 4193 τοῖς

390 4216 496 4279 μὲν
525 4212 584 4262 ἐν
609 4211 781 4281 ὕπνῳ,
804 4216 916 4276 τοῖς
944 4214 999 4266 δὲ
1028 4215 1123 4267 καὶ
1156 4215 1248 4267 ὑπ’
1268 4214 1567 4286 ὀφθαλμοῖς
1595 4219 1844 4285 ἐπιστὰς,
1867 4221 1975 4273 τῶν

383 4301 650 4357 κινδύνων
671 4302 928 4365 iiiis-:9.
953 4303 1066 4356 Ούκ
1088 4303 1397 4374 ἀνθρώποις
1420 4306 1474 4359 δὲ
1501 4308 1661 4376 μόνον
1682 4309 1807 4376 ὀξὺς
1833 4310 1976 4364 οὕτω

382 4391 693 4461 supinato
714 4393 926 4462 βοηθὸς,
945 4393 1079 4446 ἀλλὰ
1097 4395 1233 4448 πολὺ
1254 4396 1350 4450 καὶ¹
1364 4397 1421 4448 ὲν
1437 4401 1549 4461 τοῖς
1582 4398 1797 4467 ἀλόγοις
1815 4400 1976 4467 ζώοις

378 4485 483 4554 τῆς
514 4484 818 4552 φιλαγαθου
847 4486 1051 4557 ταύτης
1082 4487 1261 4557 ψυχῆς
1295 4489 1353 4541 τὸ
1389 4490 1691 4558 φιλάγαθον
1750 4492 1971 4562 ἕτοιμον

2088 3301 2259 3356 donec
2294 3308 2625 3368 corrapectus
2654 3297 2917 3352 terribilis
2946 3307 2998 3351 et
3026 3288 3381 3350 intolerabilis
3404 3293 3665 3353 inimicis,

2087 3386 2392 3444 vehementi
2425 3397 2631 3442 terrore
2671 3387 2925 3443 omnibus
2961 3383 3159 3453 injecto
3202 3382 3495 3446 elllcerem,
3525 3395 3581 3435 ut
3608 3399 3667 3436 se

2084 3482 2424 3551 conjicerent
2460 3478 2512 3532 in
2539 3477 2723 3548 pedes,
2748 3485 2803 3531 et
2833 3486 3043 3546 turpem
3080 3477 3259 3545 fugam
3296 3475 3547 3532 lubenter
3568 3475 3673 3529 cli-

2086 3582 2298 3641 grrent.
2329 3571 2395 3627 Et
2445 3570 2559 3625 ha‘c
2583 3570 2801 3639 quidem
2840 3569 2948 3637 ille,
2982 3569 3075 3637 qui
3125 3569 3291 3624 ctiam
3339 3569 3539 3638 dignus
3588 3573 3672 3622 cst

2082 3667 2301 3721 habitus
2333 3665 2518 3720 divina
2555 3668 2657 3719 hac
2691 3662 3061 3733 apparitione.

2154 3851 2242 3906 76.
2274 3849 2387 3905 Non
2410 3851 2474 3903 ad
2510 3849 2654 3903 illam
2680 3855 2861 3902 autem
2897 3846 3094 3912 solum,
3128 3846 3221 3901 sed
3250 3845 3414 3900 etiam
3446 3846 3511 3900 ad
3533 3845 3669 3900 alios

2082 3959 2308 4013 magnus
2338 3941 2703 4007 Theodosius,
2735 3941 2800 3993 ad
2836 3939 3035 3994 multos
3064 3937 3283 4008 quidem
3334 3938 3474 3992 inter
3510 3939 3666 3993 navi-

2078 4038 2335 4108 gntttltllll,
2364 4036 2431 4089 ad
2469 4033 2665 4087 multos
2688 4042 2866 4087 autem
2898 4030 2951 4084 in
2987 4032 3233 4085 faciendo
3266 4030 3484 4095 itinere,
3519 4041 3572 4085 et
3597 4035 3665 4085 ad

2078 4113 2214 4183 alios
2239 4128 2481 4199 quidem,
2504 4125 2596 4196 qui
2630 4141 2752 4180 cum
2781 4124 2978 4178 furenti
3014 4124 3149 4183 mari
3183 4134 3239 4178 et
3278 4124 3328 4178 vi
3375 4134 3664 4179 ventorum

2078 4220 2532 4281 eolluctabantur,
2564 4216 2631 4270 ad
2678 4214 2815 4270 alios
2847 4227 3027 4269 autem
3058 4213 3148 4284 qui
3195 4214 3247 4268 in
3280 4229 3375 4268 ora
3423 4214 3666 4270 ferarum

2080 4314 2408 4375 inciderant,
2437 4321 2490 4366 et
2513 4311 2577 4364 ad
2614 4310 2749 4365 alios
2784 4308 3000 4378 quidem
3034 4309 3088 4363 in
3145 4309 3377 4372 somnis,
3414 4309 3479 4362 ad
3530 4308 3668 4363 alios

2078 4418 2258 4463 autem
2310 4406 2619 4461 videntibus
2670 4419 2859 4457 revera
2916 4418 3103 4458 eorum
3138 4402 3314 4456 oculis
3373 4401 3664 4468 accedens,

2078 4500 2331 4555 liberavit
2364 4514 2393 4552 a
2429 4496 2711 4568 periculis.
2741 4493 2859 4550 Non
2901 4495 3215 4552 hominibus
3249 4503 3429 4547 autem
3480 4493 3657 4547 solum

379 4578 666 4644 ὕπεδεῖξαι
700 4578 779 4647 τῷ
831 4577 997 4647 λόγῳ.
1034 4576 1332 4651 Ὀδοιπόρῳ
1368 4581 1475 4651 γάρ
1508 4599 1638 4635 ποτε
1678 4583 1800 4638 ὄνον
1873 4590 1969 4639 ἐπ-

2084 4594 2213 4648 adeo
2247 4564 2531 4663 promptus
2567 4587 2669 4644 fuit
2732 4589 2968 4657 adjutor,
3002 4588 3095 4643 sed
3131 4588 3284 4641 bona:
3345 4585 3501 4656 hujus
3531 4601 3666 4656 quo-

379 4670 641 4741 αγομένῳ
693 4670 830 4725 λέων
888 4673 1122 4741 συνήντα
1176 4675 1394 4744 πικρὸς.
1436 4675 1494 4738 ὃς
1528 4677 1622 4729 τοῦ
1659 4678 1761 4746 μὲν
1795 4679 1972 4733 όδίτου

376 4761 597 4831 ἡμέλει,
633 4762 765 4832 πρός
799 4762 856 4815 δὲ
881 4763 972 4816 τὸν
995 4763 1115 4817 ἦνον
1146 4766 1324 4836 ὁρμῆς
1357 4766 1688 4837 ἐπίμπλατο.
1717 4769 1760 4819 Τ
1763 4770 1820 4823 ὸν
1839 4769 1971 4840 γοῦν

374 4854 685 4927 ὁδοιπόρον,
707 4850 797 4908 οἷα
833 4855 987 4923 φίλον
1011 4858 1068 4911 ἐν
1095 4859 1207 4921 τοῖς
1236 4860 1366 4930 παρ’
1409 4858 1597 4914 ἐλπίδα
1623 4861 1839 4940 δεινοῖς,
1884 4882 1975 4917 κα·

374 4945 651 5013 τάπληξις
673 4947 870 5018 ἐπέσχε
904 4949 999 5002 καὶ
1025 4948 1143 5012 δέος
1163 4966 1177 4979 ο
1219 4951 1252 5021 ἡ
1278 4949 1372 5003 τοῦ
1409 4952 1602 5020 καιροῦ
1655 4952 1711 5006 δὲ
1764 4954 1891 5018 ὀξύτ
1911 4973 1978 5026 ης

375 5037 436 5090 ἓν
469 5038 762 5130 φάρμακον
792 5042 870 5104 εἰς
896 5041 1174 5113 βοήθειαν,
1209 5043 1270 5097 ca
1298 5044 1391 5096 τοῦ
1430 5044 1586 5112 ἁγίου
1612 5046 1784 5116 ὁνόμα
1835 5066 1974 5120 παρ-

376 5134 540 5219 έσχεν
593 5133 800 5203 εὑρεῖν·
837 5135 977 5205 ὅπερ
1035 5136 1302 5202 εἰπόντος,
1344 5139 1734 5207 παραχρῆμαὸ
1780 5158 1839 5194 τε
1880 5143 1977 5196 τοῦ

371 5224 572 5294 θηρίου
610 5225 778 5297 θυμλςς
832 5228 996 5298 ἔληγε
1055 5228 1151 5285 καὶ
1210 5229 1272 5283 τὸ
1322 5229 1578 5302 ῥαγδαῖον
1635 5231 1821 5288 ἵστατο
1877 5236 1977 5305 τῆς

369 5316 598 5387 δρμῆ;’

2077 4702 2184 4756 que
2241 4687 2438 4739 animae
2493 4681 2883 4750 benignitatem
2920 4680 3005 4735 vel
3057 4682 3111 4734 in
3155 4679 3313 4735 bruta
3342 4680 3664 4748 animantia,

2080 4778 2263 4839 parata
2304 4780 2388 4827 est
2412 4769 2703 4826 ostendere
2725 4768 2921 4823 oratio.
2949 4767 3155 4822 Viatori
3190 4770 3336 4822 enim
3370 4767 3663 4838 aliquando

2081 4865 2293 4919 asinum
2321 4862 2610 4919 dcduceuti
2652 4875 2826 4915 sazvus
2857 4860 2943 4914 leo
2971 4860 3237 4925 occurrit,
3280 4860 3370 4927 qui
3398 4862 3661 4915 viatorem

2076 4956 2297 5026 quidem
2356 4953 2612 5023 neglexit,
2654 4951 2706 5005 in
2766 4951 2977 5006 asinum
3037 4958 3216 5006 autem
3268 4950 3446 5005 irruit.
3484 4954 3665 5022 Atque

2078 5049 2342 5102 viatorem
2370 5046 2613 5114 quidem,
2658 5053 2717 5097 ut
2752 5043 2950 5099 accidit
2990 5042 3058 5100 iis
3102 5043 3261 5098 ntalis
3316 5059 3436 5114 qua:
3469 5055 3663 5113 pra-ter

2076 5156 2228 5210 spem
2265 5139 2551 5203 eveniunt,
2604 5148 2794 5205 stupor
2824 5136 3024 5190 invasit
3063 5146 3118 5191 et
3149 5148 3366 5202 metus;
3402 5138 3663 5204 temporis

2078 5247 2258 5288 autem
2306 5232 2567 5286 velocitas
2624 5230 2824 5294 echcit,
2875 5239 2933 5282 ut
2984 5245 3149 5285 unum
3180 5229 3354 5284 solum
3392 5229 3664 5283 inveniret

2083 5328 2537 5384 medicamentum
2574 5322 2640 5377 ad
2681 5321 2958 5376 ferendam
2988 5336 3168 5390 Opem,
3223 5336 3416 5386 nempe
3458 5334 3656 5373 nomen

368 5413 551 5465 sancti
590 5410 913 5467 Theodosii.
952 5410 1106 5476 Quod
1139 5413 1360 5482 quidem
1409 5427 1531 5467 cum
1569 5415 1820 5480 dixisset,
1882 5431 1979 5477 sta:

2136 5420 2372 5478 cessavit
2405 5428 2459 5474 et
2520 5417 2598 5471 ira
2639 5415 2786 5479 ferat,
2815 5426 2869 5471 et
2904 5428 3190 5485 repressus
3249 5423 3328 5469 est
3362 5412 3655 5469 vehemens

368 5506 492 5572 ejus
526 5506 783 5570 impetus.

440 5595 542 5660 οζ’.
571 5591 694 5659 Οἷος
714 5599 772 5650 δὲ
811 5596 909 5650 καὶ
933 5596 1061 5663 περὶ
1092 5594 1191 5664 τὴν
1220 5595 1331 5648 τῶν
1378 5597 1686 5666 μελλόντων
1720 5601 1968 5671 πρόγνω.

368 5683 572 5767 σινῆν.
595 5690 688 5742 Δεῖ
713 5689 823 5759 γᾶρ
850 5687 919 5743 δι’
949 5688 1147 5751 ὀλίγων
1167 5686 1235 5739 τὰ
1261 5688 1469 5741 ἐκεῖνον
1503 5690 1678 5743 πάντα
1695 5690 1965 5746 δεικνύειν

365 5782 565 5853 ὥσπερ
604 5784 661 5836 ὲν
710 5783 1007 5853 γεύμασιν,
1050 5781 1136 5834 ἵνα
1172 5783 1268 5833 καὶ
1319 5781 1480 5850 δῆλον
1515 5782 1722 5837 ἅπασιν
1776 5781 1835 5860 ᾗ,
1879 5786 1960 5838 ὅτι

368 5874 525 5928 ὢτπε
535 5891 567 5948 ρ
590 5874 800 5940 οὐδενὸς
825 5874 934 5929 τῶν
970 5874 1435 5949 κατορθωμάτων,
1469 5872 1612 5927 οὕτω
1634 5874 1697 5945 δὴ
1724 5877 1818 5930 γαί
1849 5876 1957 5929 τῶν

2146 5602 2237 5654 77.
2270 5596 2391 5652 1am
2419 5611 2551 5652 vero
2587 5594 2767 5666 qualis
2804 5594 2903 5650 l'uit
2951 5594 3005 5650 in
3038 5594 3340 5648 futurorum
3367 5594 3661 5664 prmscicn-

2074 5691 2188 5745 tia?
2243 5689 2470 5759 Oportet
2534 5688 2677 5740 enim
2731 5686 2918 5754 paucis
2949 5699 3286 5770 quacunque
3335 5694 3461 5741 sunt
3517 5686 3660 5741 illius

2069 5782 2383 5845 ostendere,
2415 5788 2470 5833 et
2511 5778 2674 5833 veluti
2711 5793 2901 5833 corum
2957 5790 3172 5848 gustum
3210 5778 3470 5849 praebere,
3501 5789 3558 5835 ut
3586 5781 3661 5836 sit.

2066 5877 2228 5934 etiam
2264 5871 2610 5931 manifestum
2638 5871 2910 5939 omnibus,
2939 5870 3084 5944 quod
3130 5873 3401 5944 quomodo
3450 5862 3669 5929 nullius
