4152 6416
459 375 567 440 543

1689 372 1979 439 MENSIS
2014 373 2475 437 JANUARIUS.

3620 366 3726 434 544

453 504 521 542 ex
564 486 653 548 iis,
693 498 815 554 quae
837 498 903 538 ex
931 483 1131 537 virtute
1165 488 1453 552 geruntur,
1512 480 1585 546 ita
1618 495 1718 536 nec
1742 481 2042 536 charisma-

2157 485 2499 553 (αρισμάτων
2518 483 2745 554 ἄμοιρος
2765 475 2854 551 ἧν,
2879 478 3212 551 Προστάττει
3230 478 3363 531 ποτὲ
3388 479 3538 548 παρὰ
3567 479 3629 531 τὸ
3645 482 3725 532 εξ·-

448 594 566 636 tum
612 592 707 633 seu
767 576 1128 651 gratuitorum
1178 573 1443 651 donorum
1494 571 1598 627 fuit
1628 587 1842 644 expers.
1870 571 2038 629 Iussit

453 669 769 740 aliquando,
819 678 878 729 ut
932 674 1133 738 praeter
1193 664 1409 742 solitam
1472 664 1659 729 horam
1733 662 2040 734 pulsaretur

451 765 690 832 lignum;
738 762 973 816 nondum
1018 761 1163 823 enim
1199 767 1318 834 erat
1365 758 1494 834 hora
1527 757 1764 821 secunda
1794 757 1896 810 diei
1943 765 2042 821 :et

454 830 748 926 praecepit,
818 861 878 905 ut
931 848 1198 903 fratribus
1244 830 1586 918 Isignilicaret
1633 832 1905 916 synaxim.
1960 846 2041 909 llli

454 956 633 1003 autem
679 951 1057 1013 convenerunt
1116 940 1333 1010 quidem
1365 940 1563 1016 (neque
1613 939 1757 1006 enim
1785 946 2040 1009 poterant

453 1035 852 1101 contradicere,
899 1042 960 1088 ut
1010 1032 1103 1103 qui
1152 1031 1356 1101 Optime
1407 1031 1729 1085 didicissent
1781 1030 2041 1085 obedien—

455 1127 636 1199 tiam),
681 1143 806 1183 cum
858 1136 1038 1181 autem
1088 1124 1320 1179 fuissent
1369 1123 1704 1199 cOugregati,
1772 1123 2039 1192 rogabant

457 1236 682 1279 curnam
716 1218 1104 1276 convenissent
1130 1224 1255 1270 ante
1280 1223 1516 1284 tempus.
1555 1196 1647 1267 Ille
1677 1228 1805 1269 vero
1835 1213 1890 1285 (o
1938 1229 2038 1284 pu-

454 1332 575 1373 ram
624 1313 891 1369 animam!
947 1326 981 1365 o
1033 1309 1218 1365 oculos
1254 1305 1472 1376 procul
1509 1306 1690 1361 omnia
1730 1305 2038 1375 cernentes)

340 1437 361 1458 .
456 1408 712 1463 ﬂebiliter
766 1404 953 1473 lugens
1010 1413 1064 1455 et
1115 1399 1545 1454 miserabiliter:
1601 1396 1876 1453 Oraudum
1934 1407 2038 1465 est,

456 1501 656 1569 inquit,
687 1513 719 1552 ο
753 1496 961 1559 Patres,
1014 1492 1278 1547 orandum
1328 1500 1434 1545 est.
1469 1487 1636 1546 Video
1690 1488 1836 1544 enim
1900 1489 2037 1543 iram

457 1589 690 1652 Domini,
718 1600 838 1654 quae
865 1586 976 1655 jam
1011 1588 1260 1637 movetur
1289 1581 1551 1635 adversus
1593 1577 1891 1635 Orientem.
1916 1577 2039 1633 Htcc

457 1680 549 1737 ille
577 1678 797 1749 quidem
849 1675 1009 1730 diiiit.
1064 1674 1144 1728 Illi
1195 1683 1380 1728 autem
1421 1682 1551 1727 tunc
1601 1671 1818 1742 quidem
1865 1685 2041 1741 neque

458 1772 718 1828 videbant
770 1767 997 1838 aliquid,
1040 1781 1216 1835 neque
1255 1782 1359 1820 una
1385 1782 1506 1819 cum
1540 1780 1604 1819 eo
1626 1764 1867 1818 dolorem
1899 1763 2041 1818 acci-

2145 575 2398 645 θισμένον
2418 574 2481 644 δὴ
2502 573 2597 629 τοῦ
2625 572 2816 644 καιροῦ
2834 574 2894 625 τὸ
2917 571 3070 637 ξύλον
3091 568 3384 643 κρούεσθαι
3407 586 3417 597 ”
3440 568 3587 639 ὥρας
3614 571 3724 642 γάρ

2143 663 2297 719 οὔπω
2338 665 2598 733 δευτέρας
2645 664 2849 733 ἔψαυεν
2890 664 2922 733 ἠ
2959 660 3164 731 ἡμέρα,
3197 660 3290 713 καὶ
3324 660 3435 720 τοῖς
3469 658 3729 728 ἀδελφοῖς

2141 753 2430 824 σημαίνειν
2450 752 2746 822 παρηγγύα
2763 751 2861 822 τὴν
2882 748 3120 815 σύναξιν.
3140 751 3205 803 Οί
3225 749 3280 801 δὲ
3297 747 3611 820 ἠθροίζοντο
3625 751 3726 821 μὲν

2141 845 2283 915 (οὐδὲ
2315 846 2423 915 γὰρ
2445 841 2592 914 εἶχον
2630 844 2953 912 ἀντιλέγειν,
2978 843 3177 914 ἄριστα
3216 839 3596 905 παιδευθέντες
3620 842 3727 895 ὑπ-

2141 937 2333 1005 ακοὴν)
2352 935 2736 1007 ἀθροισθέντας
2753 934 2807 987 δὲ
2828 934 2924 1005 τὴν
2939 932 3117 986 αἰτίαν
3137 932 3499 986 ἐπυνθάνοντο
3510 932 3608 1001 τῆς
3622 934 3732 1004 πρὸ

2139 1028 2231 1082 τοῦ
2255 1029 2448 1105 καιροῦ
2482 1028 2879 1092 συνελεύσεως⁸
2903 1028 2999 1082 καὶ
3028 1028 3232 1090 ἐκεῖνος
3260 1025 3326 1098 (ὦ
3360 1025 3539 1096 ψυχῆς
3560 1027 3731 1098 καθα-

2144 1122 2260 1192 ρᾶς,
2287 1119 2332 1173 ὣ
2359 1121 2533 1174 πάντα
2563 1121 2869 1192 βλεπόντων
2893 1120 3175 1192 πόρρωθεν
3194 1117 3535 1190 ὀφθαλμῶν)
3555 1136 3729 1190 περι-

2140 1213 2311 1291 παθές
2329 1230 2380 1264 τι
2396 1214 2489 1266 καὶ
2505 1214 2776 1265 οἴκτιστον
2797 1212 3128 1282 ἀνοιμώξας·
3157 1209 3727 1280 1Ξύξασοαι,Πατέρες.

2140 1303 2263 1373 ἔφη,
2299 1303 2557 1370 εὔξασθαι
2617 1307 2755 1373 χρήο
2804 1303 2942 1375 ὀργὴ
3000 1304 3107 1376 γὰρ
3146 1305 3346 1373 Κυρίου
3400 1304 3728 1373 κινουμένην

2140 1394 2240 1464 ἤδη
2269 1395 2410 1448 κατά
2444 1394 2542 1462 τῆς
2584 1394 2754 1464 Ἑῴας
2793 1394 2924 1465 ὁρῶ.
2956 1393 3142 1447 Ταῦτα
3184 1396 3211 1446 ὀ
3270 1394 3371 1463 μὲν
3401 1393 3535 1466 ἔφη’
3567 1397 3616 1447 οἱ
3670 1393 3730 1446 δὲ

2140 1487 2259 1539 τότε
2303 1485 2402 1554 μὲν
2444 1484 2555 1539 οὔτ’
2592 1485 2671 1539 ἔτι
2715 1486 2904 1558 ἐώρων
2930 1484 3053 1547 οὔτε
3098 1486 3433 1556 συνὴλγουν·
3495 1488 3615 1540 ἐπεὶ
3653 1486 3729 1557 μὴ

2141 1579 2252 1641 τοῖς
2295 1576 2430 1641 ἴσοις
2461 1577 2759 1647 ὀφθαλμοῖς
2791 1577 3041 1632 ἔϐλεπον.
3074 1576 3281 1645 Ἕκτην
3317 1577 3373 1629 δὲ
3418 1576 3451 1647 ἢ
3489 1576 3731 1646 ἑϐδόμην

2143 1668 2358 1738 ἡμέραν
2392 1669 2530 1736 μετά
2559 1668 2657 1739 τὴν
2711 1667 3040 1740 πρόρρησιν,
3073 1666 3485 1736 κατεστράφθαι
3519 1666 3731 1736 δεισμῷ

2147 1752 2368 1832 μεγάλῳ
2399 1761 2500 1832 τὴν
2533 1761 2877 1831 ’Λντιοχείων
2902 1762 3132 1831 ἠκούετο
3170 1760 3324 1813 πόλιν
3373 1758 3495 1813 κατ’
3522 1760 3734 1812 ἐκεῖνον

456 1864 677 1932 piebant
722 1861 1024 1930 :quouiatn
1070 1874 1176 1912 non
1228 1857 1443 1921 iisdem,
1476 1856 1672 1926 quibus
1704 1856 1813 1920 ille,
1862 1855 2039 1909 intue-

2157 1854 2210 1922 δὴ
2270 1853 2363 1907 τὸν
2402 1852 2595 1924 καιρὸν
2641 1853 2761 1907 καθ’
2800 1852 2859 1906 ὃν
2892 1853 2993 1924 ἠδη
3047 1853 3141 1905 καὶ
3193 1852 3453 1919 προεῖπεν
3482 1851 3509 1903 ὁ
3558 1849 3733 1920 μέγας

457 1956 660 2011 bantur
684 1951 883 2009 oculis.
939 1949 1104 2005 Sexto
1148 1957 1327 2002 autem
1359 1957 1451 2001 aut
1477 1946 1709 2016 septimo
1753 1946 1860 2010 die,
1889 1953 2040 2016 post-

457 2059 621 2116 quam
677 2043 1026 2114 prmdixerat,
1085 2038 1331 2093 auditum
1384 2047 1467 2092 est
1533 2037 1880 2092 Antiochiam
1924 2035 2037 2109 (46)

454 2138 626 2192 fuisse
667 2150 863 2205 magno
912 2143 1071 2187 terra:
1125 2140 1272 2184 motu
1324 2144 1594 2194 eversam,
1634 2128 1725 2184 illo
1775 2138 2036 2198 tempore,

456 2241 564 2296 quo
591 2225 702 2295 jam
732 2223 1058 2293 praedixerat
1084 2222 1174 2276 ille
1192 2236 1453 2290 magnus;
1488 2206 1675 2290 totque
1694 2232 2035 2290 ornamenta,

458 2326 779 2388 tantamque
813 2315 1077 2387 cecidisse
1108 2313 1347 2384 speciem
1399 2322 1448 2368 et
1478 2313 1962 2382 pulchritudinem,
1987 2323 2044 2368 et

456 2409 512 2463 iu
549 2409 714 2463 vilem
756 2406 1030 2492 pulverem
1057 2407 1333 2475 redactam
1363 2404 1547 2474 jacere
1576 2403 1857 2481 civitatem
1889 2419 2046 2474 :quze

457 2516 636 2571 neque
676 2511 828 2554 tanto
869 2515 997 2554 casu
1052 2499 1245 2568 dignas
1290 2506 1581 2553 consecuta
1613 2506 1697 2553 est
1747 2496 2042 2569 lacrymas,

458 2607 635 2661 neque
702 2591 926 2659 luctum,
994 2591 1085 2661 qui
1129 2598 1511 2658 exmquaretur
1569 2588 1893 2644 calamitati.
1947 2589 2042 2643 At-

2152 1946 2246 1998 καὶ
2278 1944 2503 2014 κόσμον,
2536 1945 2630 2000 καὶ
2670 1945 2842 2016 ὥραν,
2871 1946 2965 1997 καὶ
2992 1943 3163 2012 κάλλη
3204 1942 3447 1995 τοσαῦτα
3488 1957 3735 1995 καταπε-

2150 2039 2285 2106 σεῖν,
2310 2039 2407 2090 καὶ
2436 2036 2587 2091 κόνιν
2620 2037 2817 2108 ἄτιμον
2846 2035 3060 2089 κεῖσθαι
3093 2035 3191 2105 τὴν
3225 2020 3400 2095 πόλιν,
3457 2032 3589 2104 μηδὲ
3635 2032 3733 2085 δα-

2148 2125 2330 2198 κρύων
2350 2125 2690 2197 εὐποροῦσαν
2738 2124 2833 2180 τοῦ
2866 2125 3072 2188 πάθους
3106 2123 3294 2190 ἀξίων,
3331 2123 3464 2195 μηδὲ
3502 2123 3734 2186 πένθους

2151 2220 2435 2290 ίσουμένου
2460 2222 2525 2291 τῇ
2559 2220 2834 2290 συμφορᾷ.
2873 2219 2978 2281 Καὶ
3006 2220 3075 2271 τὰ
3103 2218 3200 2288 μὲν
3228 2219 3327 2287 τῆς
3356 2214 3728 2285 προγνώσεως

2147 2310 2225 2382 τῷ
2287 2311 2440 2382 ἀνδρὶ
2485 2311 2657 2374 οὕτως
2711 2311 2862 2381 ἔχειν
2917 2310 2986 2364 τὰ
3035 2310 3092 2362 δὲ
3120 2310 3229 2362 τῶν
3264 2306 3736 2377 ,κατορθωμάτων

2151 2401 2320 2475 πολὶά
2378 2402 2476 2472 μὲν
2527 2401 2619 2471 καὶ
2656 2402 2784 2472 περὶ
2818 2398 3030 2453 πολλῶν
3076 2401 3104 2454 ό
3135 2398 3291 2468 λόγος
3337 2396 3553 2466 φθάσας
3607 2396 3735 2466 ἐδή-

2147 2494 2286 2547 λωσε
2296 2534 2310 2548 .

457 2700 566 2754 que
617 2686 736 2741 talis
778 2685 997 2756 quidem
1046 2683 1145 2739 fuit
1189 2683 1309 2753 ejus
1341 2681 1699 2753 prmscicntia.
1730 2681 1833 2736 Res
1867 2692 2043 2737 autem
2083 2683 2284 2737 multas
2317 2683 2576 2753 ltl'alt'lttl‘c
2612 2683 2683 2745 ab
2743 2697 2807 2736 co
2874 2690 3080 2752 gestas,
3148 2678 3457 2748 praecedens
3501 2673 3742 2730 ostendit

457 2779 660 2836 oratio.

1888 2896 2116 2954 CAPUT
2154 2896 2339 2954 XVlll.

730 3102 735 3107 θ
1455 3024 1588 3096 Ejus
1624 3023 1677 3077 in
1707 3028 1971 3077 senectute
1993 3020 2062 3088 ζει
2118 3019 2306 3073 ultimo
2346 3018 2528 3072 nzorbo
2561 3019 2747 3072 virtus.

537 3147 627 3205 78.
650 3145 878 3216 Oportet
911 3148 1092 3197 autem
1114 3136 1221 3194 hoc
1250 3152 1469 3209 quoque
1495 3136 1696 3192 addere
1754 3142 1808 3191 et
1837 3124 2042 3204 pérSpi-

2226 3130 2329 3204 οη’.
2365 3133 2460 3184 Δεῖ
2514 3130 2571 3183 δὲ
2608 3129 2704 3184 καὶ
2760 3126 2935 3181 ταῦτα
2964 3124 3286 3195 προσθεῖναι
3329 3125 3424 3177 καὶ
3472 3127 3743 3197 γνωρίσαι

463 3261 564 3305 cue
593 3238 992 3313 exponerehad
1035 3246 1296 3307 quantam
1347 3233 1679 3289 humilitatis
1703 3231 2047 3286 altitudinem

463 3334 799 3410 pervenerit.
853 3329 1265 3387 Contendebant
1304 3336 1358 3381 et
1387 3324 1771 3395 depugnabant
1814 3323 1957 3378 inter
1993 3334 2053 3378 se

467 3425 763 3499 aliquando
805 3424 912 3478 duo
958 3436 1022 3476 ex
1074 3418 1359 3473 lratribus.
1382 3416 1434 3473 ls
1467 3424 1648 3470 autem
1678 3416 1960 3482 suadebat,
1995 3422 2053 3467 ut

466 3522 860 3586 c0iuponerent
917 3511 1257 3577 inimicitias,
1317 3518 1372 3564 et
1416 3509 1600 3563 odium
1652 3516 2054 3563 commutarent

470 3607 733 3672 amicitia,
769 3620 889 3677 quae
917 3605 1072 3659 decet
1095 3617 1310 3657 omnem
1337 3601 1728 3665 Christianum,
1760 3598 1929 3654 multo
1959 3614 2057 3652 au-

473 3713 577 3757 tem
611 3699 783 3768 magis
814 3694 1130 3752 monachos.
1173 3692 1439 3760 Quoniam
1483 3702 1664 3746 autem
1719 3689 1906 3746 dicens
1948 3705 2054 3744 non

471 3792 856 3863 pcrsuadeliat,
902 3789 1123 3843 videbat
1170 3796 1349 3839 autem
1384 3784 1602 3838 illorum
1651 3791 1778 3838 esse
1826 3784 2058 3850 majores

469 3883 814 3950 inimicitias,
836 3897 996 3951 quam
1030 3889 1088 3934 ut
1125 3877 1242 3933 suis
1274 3877 1452 3932 verbis
1487 3875 1685 3946 placari
1711 3886 1931 3945 possent
1957 3917 1972 3941 ,
2001 3877 2060 3931 lit

468 3977 694 4049 supplex
730 3974 980 4046 protinus
1006 3980 1192 4043 pastor
1223 3969 1444 4033 ovium,
1475 3968 1736 4037 magister
1763 3964 2053 4036 discipulo-

472 4085 594 4125 rum
615 4108 632 4135 ,
657 4076 812 4138 pater
853 4065 1090 4119 ﬁliorum
1118 4079 1135 4128 ;
1180 4070 1238 4135 et
1279 4061 1494 4115 illorum
1521 4060 1724 4113 bonum
1755 4053 2064 4125 postulabat

475 4162 615 4232 ipse,
673 4169 933 4228 tanquam
988 4156 1267 4225 proprium
1325 4150 1653 4206 beneﬁcium
1703 4167 1721 4204 :
1766 4159 2064 4216 eorumque

478 4254 731 4308 morbum
788 4259 843 4304 et
884 4248 1081 4303 vulnus
1133 4245 1376 4300 medicus
1442 4243 1669 4313 rogabat
1710 4248 1771 4295 ut
1822 4246 2061 4295 sanaret.

474 4346 721 4417 Rogabat
750 4354 931 4399 autem
972 4355 1081 4396 non
1129 4338 1343 4401 leviter,
1380 4349 1483 4390 nec
1544 4333 1926 4403 contemptim,
1966 4330 2063 4386 sed

478 4451 808 4511 magnopere
834 4445 890 4492 et
911 4435 1287 4498 vehementer,
1333 4429 1427 4485 sed
1454 4442 1707 4498 magnam
1736 4424 2066 4482 moderatio-

2155 3225 2366 3293 σαφῶς,
2402 3224 2481 3286 είς
2512 3218 2623 3276 οἷον
2675 3220 2808 3290 ὕψος
2836 3220 3041 3281 ἐκεῖνος
3080 3216 3285 3286 ἔφθασε
3333 3217 3742 3282 ταπεινώσεως.

2152 3318 2545 3387 Διεπλήκτιζον
2570 3316 2688 3365 τότε
2719 3314 2815 3365 καὶ
2866 3310 3134 3381 ἐμάχοντο
3182 3307 3316 3372 πρὸς
3346 3308 3609 3381 ἀλλήλους
3649 3311 3748 3364 δύο

2154 3410 2262 3463 τῶν
2290 3406 2563 3475 ἀδελφῶν·
2589 3407 2616 3458 ὁ
2655 3403 2711 3457 δὲ
2736 3403 2970 3474 παρῄνει
3026 3400 3331 3454 καταλῦσαι
3388 3399 3486 3470 τὴν
3515 3399 3743 3473 ἔχθραν,

2156 3504 2252 3555 καὶ
2313 3499 2498 3571 φιλίαν
2552 3495 2889 3565 ἀλλάξασθαι
2937 3492 3149 3566 μίσους,
3210 3492 3372 3547 παντὶ
3428 3493 3744 3564 Χριστιανῷ

2158 3595 2492 3665 πρέπουσαν,
2523 3588 2706 3661 πολλῷ
2729 3587 2785 3643 δὲ
2823 3585 3030 3657 μᾶλλον
3058 3585 3154 3639 καὶ
3201 3586 3478 3656 μοναχοῖς.
3513 3584 3665 3639 Ἐπεὶ
3685 3585 3744 3638 δὲ

2158 3684 2332 3752 λέγων
2360 3683 2460 3736 οὐκ
2490 3679 2729 3746 ἔπειθεν,
2756 3676 2893 3733 ἀλλά
2922 3674 3031 3729 τῶν
3055 3672 3223 3729 αὐτοῦ
3249 3673 3430 3742 λόγων
3459 3672 3733 3745 ἰσχυροτέ-

2161 3791 2261 3845 ραν
2293 3773 2392 3845 τὴν
2447 3768 2672 3825 ἐκείνων
2700 3766 3019 3838 ἀπέχθειαν,
3079 3764 3265 3834 ἱκέτης
3324 3764 3489 3828 εὐθὺς
3528 3764 3743 3833 γίνεται

2160 3869 2187 3921 ὁ
2218 3864 2426 3936 ποιμὴν
2465 3863 2576 3916 τῶν
2610 3859 2965 3931 θρεμμάτων,
3002 3859 3030 3911 ό
3083 3856 3409 3919 διδάσκαλος
3431 3855 3540 3909 τῶν
3569 3856 3746 3926 μαθη·

2160 3958 2289 4021 τῶν,
2348 3958 2376 4009 ὁ
2414 3955 2596 4025 πατὴρ
2629 3953 2737 4006 τῶν
2790 3951 3021 4016 τέκνων,
3056 3949 3150 4002 καὶ
3211 3949 3269 4002 τὸ
3326 3949 3552 4003 ἐκείνων
3585 3948 3749 4002 καλὸν

2162 4049 2321 4113 αὐτὸς
2363 4047 2439 4111 ώς
2503 4046 2640 4100 ἰδίαν
2667 4042 2993 4115 εὐεργεσίαν
3039 4042 3243 4113 ᾐτεῖτο,
3290 4041 3381 4095 καὶ
3441 4040 3539 4111 τὴν
3595 4040 3754 4094 νόσον

2163 4141 2346 4195 αὐτῶν
2380 4138 2474 4193 καὶ
2533 4137 2596 4191 τὸ
2648 4136 2870 4207 τραῦμα
2900 4136 2929 4187 ὁ
2965 4132 3149 4199 ἰατρὸς
3193 4131 3516 4201 θεραπεύειν
3560 4130 3752 4184 ἐδεῖτο.

2178 4236 2380 4288 Ἐδεῖτο
2405 4231 2463 4286 δὲ
2495 4231 2596 4301 οὐχ
2648 4228 2836 4290 ἁπλῶς
2880 4226 2991 4281 οὐδ’
3035 4225 3422 4296 ἠμελημένως,
3477 4221 3614 4275 ἀλλά
3658 4223 3758 4275 καὶ

2166 4327 2286 4379 λέαν
2315 4323 2572 4393 ἐκθύμως
2598 4320 2693 4374 καὶ
2720 4317 2856 4393 πολὺ
2890 4318 2952 4370 τὸ
2985 4317 3201 4389 μέτρων
3230 4315 3499 4385 εἰσφέρων
3525 4312 3623 4366 καὶ
3659 4330 3757 4377 τας-

2169 4414 2386 4468 πεινόν·
2442 4408 2765 4464 καταϐαλὼν
2809 4407 2919 4478 γὰρ
2948 4406 3142 4459 ἑαυτὸν
3197 4405 3279 4468 εἰς
3321 4403 3515 4472 ἔδαφος
3552 4402 3756 4466 ἔκειτο,

479 4547 602 4589 nem
655 4529 890 4586 aﬁ‘erens
937 4537 992 4582 et
1028 4524 1412 4582 humilitatem.
1447 4520 1519 4577 Se
1556 4522 1702 4577 enim
1743 4519 1890 4575 humi
1927 4517 2052 4586 deji-

2170 4508 2248 4578 τῷ
2282 4507 2446 4574 σαφεῖ
2497 4505 2599 4573 τῆς
2636 4499 3020 4562 ταπεινώσεως
3051 4497 3332 4568 σχήματι,
3367 4494 3603 4565 μαλάξαι
3662 4512 3758 4546 πι-

479 4623 629 4679 ciens
669 4621 912 4692 iacebat,
959 4625 1149 4695 aperta
1199 4616 1369 4685 ﬁgura
1396 4610 1722 4668 humilitatis
1750 4602 1974 4666 'mollire
2000 4624 2065 4663 se

478 4715 708 4771 credens
751 4712 1006 4767 duritiem
1053 4707 1465 4764 inimicitiarum
1502 4722 1517 4760 :
1546 4716 1648 4759 nec
1670 4702 1821 4772 prius
1854 4700 2066 4755 destitit

479 4822 691 4876 rogare,
725 4821 885 4878 quam
917 4794 1319 4860 eorum'odium
1353 4798 1628 4864 uiollierit,
1665 4804 1722 4851 et
1750 4809 1867 4860 eos,
1904 4793 1995 4863 qui
2030 4807 2061 4845 a

480 4918 540 4955 se
576 4902 808 4956 invicem
851 4899 987 4953 uiale
1013 4894 1378 4959 erantdivisi,
1420 4890 1676 4946 amicitiae
1706 4886 1935 4942 vinculis
1955 4884 2066 4941 col-

482 4994 684 5061 ligat-it.

559 5083 647 5140 79.
680 5081 998 5153 Segregavit
1026 5079 1262 5150 aliquem
1294 5090 1361 5130 ex
1394 5072 1677 5138 fratribus,
1710 5069 1856 5141 juste
1878 5082 1940 5124 se
1976 5082 2070 5139 ge-

487 5192 638 5244 rens,
669 5190 791 5231 cum
823 5174 974 5244 justo
1002 5170 1209 5228 scilicet
1234 5166 1523 5235 conjuncta
1559 5162 1888 5220 clementia:
1921 5161 2072 5216 vidc-

486 5272 577 5325 bat
602 5268 747 5324 cnim
790 5267 1036 5322 morbum
1067 5277 1229 5335 egere
1262 5258 1357 5314 tali
1381 5258 1799 5312 medicamento.
1831 5251 1924 5307 Ille
1946 5266 2075 5306 vero

488 5364 633 5418 bona
671 5360 827 5414 naalis
858 5365 1231 5417 commutans,
1254 5350 1417 5408 simul
1440 5359 1494 5403 et
1520 5348 1767 5403 ordinem
1798 5342 2073 5409 transiliit,

488 5463 538 5507 et
571 5453 814 5506 eamdem
841 5462 1034 5503 rursus
1058 5443 1241 5501 intulit
1269 5456 1485 5514 pinnam
1519 5440 1591 5505 ei,
1613 5440 1704 5510 qui
1735 5435 1875 5493 nihil
1901 5434 2071 5492 babe-

571 5608 682 5675 (46)
719 5606 955 5673 Contigit
988 5604 1077 5659 hic
1120 5596 1809 5675 terrmmotus,_intliql_i_0tte
1836 5608 1910 5657 tv,
1952 5590 2081 5675 gl):-

498 5661 618 5736 iuio
669 5661 787 5738 solo
836 5661 1078 5738 consule,
1129 5684 1185 5727 ut
1246 5673 1408 5725 habet
1468 5667 1811 5723 Marcellinus
1855 5679 1907 5717 tv
1956 5661 2078 5738 lini.

500 5735 671 5805 Junii.
704 5735 789 5809 ilic
814 5746 1039 5811 Vror-Ls
1065 5735 1220 5796 anno
1265 5741 1496 5810 septimo
1523 5748 1578 5792 et
1626 5751 1817 5811 tucuse
1868 5735 2079 5811 decium

502 5802 900 5880 t‘cauivlnstiui,
932 5806 1004 5880 :ut
1052 5802 1383 5882 Evagrius'l.
1416 5825 1487 5878 tv,
1531 5825 1579 5862 c.
1625 5808 1675 5867 5,
1729 5820 1849 5878 qum
1888 5802 2070 5858 omnia

2173 4577 2377 4651 στεύων
2407 4594 2609 4666 ἔχθρας
2640 4589 2986 4655 ἀντιτυπίαν,
3019 4588 3113 4642 καὶ
3136 4577 3218 4640 ὀὐ
3274 4585 3542 4656 πρότερον
3584 4584 3759 4654 ἀνῆκε

2169 4693 2437 4762 δεόμενος,
2499 4691 2603 4751 ἕως
2634 4684 2873 4758 ἐμάλαξέ
2908 4700 2969 4737 τε
2997 4683 3093 4737 καὶ
3121 4681 3182 4733 τὸ
3244 4679 3403 4749 μίσος
3437 4676 3618 4731 αὐτῶν
3672 4677 3755 4730 δι-

2169 4786 2420 4846 ελύσατο,
2447 4782 2539 4836 καὶ
2564 4782 2691 4843 τοὺς
2705 4777 2889 4842 κακῶς
2919 4776 3164 4847 ἀλλήλων
3186 4772 3550 4844 διῃρημένους
3573 4770 3759 4841 φιλίας

2171 4880 2227 4932 δε
2239 4881 2390 4950 σμοῖς
2426 4874 2745 4944 συνέδησεν.

2245 5059 2342 5113 οθ’.
2386 5052 2655 5125 Ἀφώρισέ
2688 5066 2813 5103 τινα
2856 5044 2966 5101 τῶν
3011 5043 3277 5113 ἀδελφῶν,
3307 5041 3489 5094 δίκαια
3530 5037 3694 5110 δρῶν,
3727 5036 3762 5105 ἦ

2180 5152 2319 5225 μετὰ
2343 5149 2436 5203 τοῦ
2466 5147 2677 5201 δικαίου
2703 5141 2909 5214 δηλαδὴ
2932 5141 3027 5194 καὶ
3052 5137 3417 5207 φιλάνθρωπα
3434 5148 3447 5162 ’
3475 5132 3624 5201 ἐώρα
3653 5130 3766 5197 γὰρ

2175 5222 2420 5300 τοιούτου
2470 5240 2765 5310 φαρμάκου
2822 5237 2923 5304 τὴν
2984 5231 3140 5285 νόσον
3200 5227 3532 5299 χρῄζουσαν.
3593 5224 3653 5275 ’0
3708 5222 3765 5275 δὲ

2175 5334 2359 5404 ἀγαθὰ
2393 5332 2584 5393 κακοῖς
2623 5326 3008 5397 ἀμειϐόμενος,
3042 5320 3141 5390 τήν
3167 5334 3223 5371 τε
3262 5315 3416 5380 τάξιν
3449 5312 3585 5385 ὁμοῦ
3618 5327 3766 5380 παρ-

2178 5402 2388 5491 έϐαινε,
2439 5423 2538 5478 καὶ
2569 5420 2671 5492 τὴν
2724 5417 2898 5490 αὐτὴν
2948 5411 3270 5484 ἐπιτίμησιν
3335 5409 3429 5462 ἐπὶ
3464 5406 3542 5478 τῷ
3602 5402 3773 5476 μηδὲν

2186 5589 2239 5642 in
2263 5599 2466 5640 annum
2487 5580 2618 5643 Chr.
2639 5577 2747 5634 59.6
2770 5575 3038 5635 incidunt,
3057 5580 3120 5643 ut
3152 5568 3349 5643 mirum
3374 5566 3506 5643 si_t_a
3539 5559 3771 5641 Barouio

2184 5630 2931 5720 iiii'iiiiiiiii.'5i-ieéétieniem
2984 5630 3227 5720 referri:
3256 5636 3349 5695 sed
3382 5637 3597 5720 videtqr
3638 5630 3769 5720 anui

2184 5701 2979 5792 siqui-inii-inmiscuidecimum
3015 5711 3316 5780 accepisse,
3354 5722 3475 5764 cum
3525 5701 3596 5761 sit
3622 5701 3773 5759 deci-

2184 5785 2300 5851 nus
2337 5806 2454 5862 post
2479 5791 2765 5861 septimum
2789 5785 3083 5858 expletum.
