4152 6410
422 380 534 446 545

1356 384 1535 447 VlTA
1576 384 1635 444 S.
1678 382 2096 446 THEODOSII
2135 386 2734 453 C(ENOBIARCH/E.

3592 401 3700 467 546

421 492 609 562 ἔχοντι
634 488 940 562 παρόμοιον
974 490 1307 563 ἀντεπῆγεν,
1342 484 1628 568 ὧσπερλεῖ
1679 515 1765 561 τις
1814 497 1884 550 τὰ
1913 497 2008 551 τιτΛ

2127 500 2215 555 bat
2239 501 2439 568 simile,
2472 504 2697 573 perinde
2716 520 2782 561 ac
2823 508 2869 562 ai
2900 508 3024 578 quis
3047 509 3262 579 iuberet
3284 531 3445 571 sanos
3474 533 3535 573 ca
3564 522 3701 576 tole-

423 574 729 630 νοσούντων
754 578 995 649 ἀνοήτως
1027 579 1323 656 ὑπομένειν
1378 585 1664 656 ἐπιτρέπει
1683 589 1808 649 τοῦς
1834 588 2012 655 ὑγιαί-

422 687 651 733 νοντας·
688 669 830 723 ὥστε
883 669 1044 736 δῆλον
1092 667 1231 725 εἶναι
1268 675 1360 728 τὶν
1402 675 1630 745 ἀδελφὸν
1680 677 1773 731 καὶ
1817 679 2013 744 ἑτέραν

421 762 579 814 νίσον
621 760 1021 831 χαλεπωτάτην
1085 766 1282 830 νοσεῖν,
1335 766 1435 834 τὴν
1491 767 1900 837 ἀναισχυντίαν.
1945 766 2011 819 Τί

418 852 515 906 οὖν
549 851 778 922 όμέγας
830 855 897 922 τῇ
938 855 1249 925 μετριότητι
1301 856 1396 910 καὶ
1455 856 1533 927 τῷ
1586 858 1832 929 ταπεινῷ
1890 858 2012 911 λίαν

420 943 630 1015 ὑψηλὸς
681 946 777 997 καὶ
842 945 1132 1016 οὐράνιοςς
1190 946 1408 1017 δέχεται
1454 949 1555 1017 τὴν
1608 949 1893 1020 ἐπιτιμίαν
1937 950 2013 1014 ὡς

419 1036 606 1100 καλῶς
633 1035 963 1107 γενομένην,
1002 1037 1098 1091 καὶ
1119 1038 1195 1102 ὡς
1216 1040 1401 1109 χώραν
1434 1042 1521 1093 ἐπ’
1555 1039 1704 1111 αὐτῷ
1756 1040 2008 1111 ἔχουσαν,

420 1131 518 1183 καὶ
539 1130 602 1183 οὗ
626 1130 897 1200 πρότερον
926 1129 1035 1183 τῶν
1069 1130 1230 1184 Θείων
1256 1134 1620 1204 ἐκοινώνησεν
1671 1130 2008 1205 μυστηρίων,

420 1224 528 1288 ἓως
561 1224 728 1287 αὐτὸς
747 1224 775 1274 ό
798 1222 992 1294 δήσας,
1024 1224 1189 1288 αὐτὸς
1223 1223 1333 1296 ἄρα
1362 1226 1456 1278 καὶ
1480 1226 1578 1299 τὴν
1621 1224 1774 1280 λύσιν
1802 1229 2014 1296 ἐπήγα-

421 1331 540 1383 γεν.
573 1309 685 1368 Ἦν
718 1314 827 1385 γὰρ
864 1314 1108 1377 Μωσέως
1161 1312 1422 1385 ἄντικρυς
1457 1314 1726 1387 ζηλωτὴς,
1782 1316 2013 1388 φοόερὸς

427 1404 526 1473 μὲν
561 1404 655 1459 καὶ
692 1403 1074 1475 ἀπαραίτητος
1114 1407 1225 1468 τοῖς
1250 1404 1643 1476 ἁμαρτάνουσι·
1664 1406 1800 1477 πρὸς
1855 1404 2009 1472 Θεὸν,

427 1497 678 1569 ἐπιεικὴς
698 1497 757 1551 δὲ
782 1496 902 1550 λίαν
926 1499 1020 1551 καὶ
1048 1497 1256 1569 ἥμερος
1288 1500 1401 1561 τοῖς
1430 1498 1564 1570 πρὸς
1593 1498 1759 1552 αὑτὸν
1789 1499 2012 1553 πταίου-

440 1608 494 1642 σι
537 1590 961 1661 γνωριζόμενοςο
994 1589 1072 1654 ὡς
1120 1591 1257 1660 μήτε
1293 1590 1382 1643 διὰ
1422 1590 1485 1644 τὸ
1532 1592 1707 1663 πρᾶον
1768 1592 2009 1646 εὐκατα-

441 1681 720 1752 φρόνητον,
751 1681 888 1752 μήτε
936 1680 1014 1751 τῷ
1048 1684 1397 1736 παντάπασιν
1455 1683 1717 1754 αὐστηρῷ
1751 1686 2012 1754 φορτικὸν

2120 606 2261 658 rare,
2291 608 2413 662 qua:
2439 595 2672 648 tolerant
2703 598 2889 668 aegroti
2925 618 2939 654 :
2972 600 3109 656 adeo
3140 611 3199 658 ut
3228 605 3300 660 sit
3330 607 3697 673 manifestum,

2120 685 2342 739 fratrem
2368 702 2585 757 quoque
2613 689 2718 744 alio
2736 694 2926 747 morbo
2954 695 3205 753 laborare
3226 701 3486 771 graviori,
3509 718 3702 773 nempe

2118 776 2471 845 impudentia.
2508 776 2647 843 Quid
2676 793 2807 849 ergo
2831 798 3055 853 magnus
3089 788 3427 847 Theodosius
3450 794 3701 849 modera—

2118 868 2263 923 tione
2295 878 2349 923 et
2375 871 2686 927 humilitate
2707 873 2863 929 valde
2889 878 3153 934 excelsus
3187 892 3242 936 et
3272 884 3553 939 caelestis?
3579 884 3703 941 Poe-

2119 978 2240 1014 nam
2283 963 2500 1030 quidem
2522 965 2772 1034 suscipit,
2810 975 3068 1038 tanquam
3091 987 3209 1040 qua:
3243 986 3386 1030 recte
3413 975 3573 1031 fuerit
3600 977 3702 1030 im-

2117 1054 2316 1124 posita,
2336 1066 2389 1111 ct
2417 1066 2473 1111 ut
2496 1073 2617 1127 quae
2642 1059 2694 1113 in
2732 1060 2849 1127 ipso
2879 1062 3053 1116 locum
3080 1063 3316 1120 habeat:
3353 1081 3525 1137 neque
3548 1070 3701 1139 prius

2116 1148 2315 1204 divinis
2343 1152 2768 1206 communicavit
2812 1155 3199 1222 sacramentis,
3235 1157 3405 1213 donec
3442 1160 3578 1228 ipse,
3608 1161 3702 1228 qui

2115 1238 2322 1310 ligavit,
2351 1239 2570 1295 induxit
2598 1242 2713 1312 ipse
2744 1258 2963 1314 quoque
2986 1245 3340 1301 solutionem.
3384 1247 3515 1303 Erat
3554 1250 3710 1304 enim

2115 1326 2317 1400 Moysis
2367 1331 2650 1387 evidenter
2706 1334 2999 1389 imitator:
3041 1337 3304 1393 terribilis
3374 1340 3593 1409 quidem
3660 1350 3715 1396 et

2118 1421 2469 1478 inexorabilis
2499 1424 2588 1488 iis,
2614 1426 2708 1495 qui
2739 1425 2792 1480 in
2831 1427 3001 1481 Deum
3037 1431 3374 1497 peccahant;
3417 1431 3575 1486 valde
3605 1446 3712 1485 au-

2120 1524 2225 1567 tem
2255 1514 2400 1570 mitis
2430 1523 2487 1570 et
2516 1526 2842 1572 mansuetus
2881 1518 3079 1589 iis,qni
3117 1520 3292 1589 ipsum
3316 1519 3663 1577 oﬂendebant
3690 1538 3708 1577 :

2118 1605 2256 1659 adeo
2290 1615 2347 1660 ut
2376 1621 2475 1661 nec
2506 1607 2717 1664 veniret
2737 1608 2791 1663 in
2817 1618 3187 1681 contemptum
3218 1621 3529 1683 preptcrea,
3558 1615 3705 1683 quod

2116 1707 2264 1753 esset
2295 1699 2445 1755 mitis
2484 1708 2537 1755 et
2588 1712 2943 1772 mansuetus;
2976 1718 3077 1758 nec
3121 1704 3305 1773 gravis
3351 1720 3414 1763 ac
3442 1704 3705 1762 molestus

433 1771 594 1841 εἶναι,
624 1775 711 1827 καὶ
737 1775 1008 1844 σωμάτων
1038 1775 1221 1847 μόνον,
1252 1775 1313 1828 οὐ
1338 1775 1529 1848 ψυχῶν
1557 1776 1816 1849 ἄρχοντα.
1843 1777 2008 1832 Kal}:

2117 1797 2258 1841 esset
2283 1798 2506 1858 propter
2535 1790 2757 1845 nimiam
2784 1771 3185 1859 austeritatem,
3214 1805 3271 1850 et
3299 1802 3354 1849 ut
3394 1796 3484 1864 qui
3518 1795 3693 1851 solum

427 1868 658 1939 μὲνγὰρ
690 1867 789 1940 τὴν
820 1870 919 1940 μὲν
973 1846 1045 1923 ὲκ
1084 1870 1251 1940 φόϐου
1284 1846 1444 1941 μόνον
1501 1846 1702 1943 ἀρχὴν,
1741 1861 2008 1943 σωμάτων

2117 1881 2437 1950 corporibus
2475 1882 2791 1953 imperaret,
2822 1901 2931 1940 non
2951 1887 3169 1943 animis.
3205 1885 3353 1943 Voce
3369 1889 3539 1956 enim,
3560 1890 3704 1958 quod

423 1961 620 2033 ἀρχὴν,
652 1961 753 2033 τὴν
782 1962 838 2014 δέ
862 1978 925 2032 γε
950 1961 1046 2015 καὶ
1077 1963 1238 2017 πόθον
1280 1962 1729 2034 συγκεκραμένον
1779 1962 2010 2034 ῃουσαν

423 2052 522 2107 καὶ
550 2051 760 2123 ψυχῶν.

495 2226 570 2284 π’.
603 2231 678 2282 Οὐ
713 2229 958 2293 Μωσέως
989 2230 1046 2283 δὲ
1079 2229 1262 2301 μόνον,
1293 2229 1431 2285 ἀλλὰ
1479 2230 1574 2283 καὶ
1607 2229 1811 2294 παντὸς
1842 2229 2008 2285 ἄλλου

419 2323 483 2377 τὸ
511 2323 774 2394 διαφέρον
803 2324 884 2385 εἰς
922 2322 1124 2395 ἀρετὴν
1158 2325 1448 2394 ἐμιμεῖτο⁹
1495 2317 1608 2377 οἷον
1641 2322 1897 2393 ’Δσραὰμ
1949 2323 2011 2376 τὸ

420 2416 561 2487 πρὸς
590 2415 768 2471 πάντα
798 2413 920 2488 Θεῷ
943 2415 1281 2488 πειθαρχεῖν,
1313 2416 1409 2470 atad.
1457 2416 1525 2469 δι’
1555 2418 1764 2471 ἐκεῖνον
1790 2418 2010 2471 πάντων

415 2508 732 2579 ὀλιγωρεῖν,
762 2509 823 2563 οὐ
851 2508 1151 2581 χρημάτων
1180 2507 1387 2575 ἁπλῶς,
1426 2508 1460 2581 ἢ
1493 2497 1775 2581 πατρίδος,
1814 2510 1849 2581 ἦ
1882 2526 2011 2563 συν-

418 2599 574 2672 ήθων
620 2603 712 2655 καὶ
768 2600 1073 2669 συγγενῶν,
1125 2596 1263 2654 ἀλλὰ
1298 2600 1392 2654 καὶ
1433 2600 1648 2669 φύσεως
1679 2601 1852 2671 αὐτῆς
1916 2604 2010 2656 καὶ

419 2690 592 2765 ζωῆς.
620 2693 743 2748 Τῶν
772 2694 882 2766 γὰρ
902 2692 965 2765 δὴ
995 2695 1385 2766 προσηκόντων
1414 2695 1476 2747 οὐ
1504 2692 1640 2748 Θεοῦ
1669 2695 1853 2766 μόνον,
1873 2694 2011 2749 ἀλλὰ

419 2784 673 2849 καὶτοὺς
709 2782 853 2838 κατὰ.
900 2784 1033 2838 Θεὸν
1086 2784 1299 2849 ζῶντας
1346 2786 1534 2856 ἠγεῖτο
1585 2772 2037 2856 προτιμητέους,κ

418 2878 516 2932 καὶ
540 2878 769 2942 τούτους
825 2858 1027 2949 μᾶλλον
1074 2879 1154 2942 εἰς
1182 2878 1523 2948 συγγένειαν
1573 2874 1727 2931 εἷλκε
1773 2878 1853 2950 τῷ
1910 2878 2011 2950 τῆς

417 2971 626 3044 ἀρετῆς
658 2968 827 3043 λόγῳ,
867 2972 960 3024 καὶ
993 2966 1091 3043 τῆς
1124 2970 1256 3042 περὶ
1293 2969 1425 3025 αὐτὸ
1468 2969 1707 3040 σπουδῆς
1759 2970 1854 3023 καὶ
1881 2988 2007 3023 συν-

419 3064 682 3128 νεύσεως.
721 3062 915 3117 Ἰσαὰκ
941 3063 1041 3134 τὴν
1077 3058 1215 3137 πρὸς
1246 3064 1374 3128 τοὺς
1404 3066 1811 3133 πνευματικῶς
1840 3064 2010 3116 πατέο

416 3176 521 3231 ρας
554 3158 719 3231 μέχρι
766 3159 862 3211 καὶ
896 3152 1130 3212 θανάτου
1162 3156 1430 3247 ὑπακοὴν,
1454 3156 1552 3211 καὶ
1581 3155 1683 3228 τὴν
1713 3156 2009 3258 εῦαρεστὺν
2033 3195 2078 3258 C

414 3252 612 3306 θυσίαν
667 3244 834 3305 αὑτοῦ
894 3250 990 3305 τοῦ
1053 3248 1328 3321 σώματος.
1394 3244 1592 3303 Ἰακὼὸ
1632 3248 1693 3303 τὸ
1734 3246 2008 3304 ἄπλαστον

411 3342 663 3415 ἀκριϐῶς
692 3343 789 3395 καὶ
813 3340 1079 3414 πονηρίας
1110 3342 1294 3413 πάσης
1325 3339 1637 3411 ἐλεύθερον,
1676 3338 1793 3412 (καὶ
1814 3339 2008 3393 τούτου

414 3438 702 3508 μάρτυρες
755 3433 1029 3505 ἀξιόχρεοι
1068 3434 1185 3487 ὅσοι
1234 3435 1432 3504 πεῖραν
1474 3432 1643 3488 αὑτοῦ
1674 3431 1786 3486 τῶν
1818 3450 2010 3488 συνου-

411 3529 548 3582 σιῶν
567 3530 666 3583 καὶ
700 3528 801 3599 τῆς
829 3527 1049 3599 ὁμιλίας
1076 3525 1412 3598 εἰλήφασιν).
1453 3525 1702 3582 Ἰωάννου
1740 3527 1842 3597 τὴν
1876 3528 2008 3598 ἐρη-

354 3690 359 3693 ἠ
414 3621 549 3692 μίαν
601 3621 700 3676 καὶ
756 3619 1053 3691 ἀτροφίαν
1097 3618 1305 3689 Πέτρου
1338 3618 1401 3683 τὸ
1446 3616 1673 3691 θερμὸν,
1706 3619 1849 3690 μετὰ
1905 3619 2006 3689 τῆς

413 3712 681 3786 ἀκριϐοῦς
730 3712 1003 3776 πίστεως·
1056 3710 1273 3766 Παύλου
1313 3710 1375 3764 τὸ
1432 3712 1659 3782 ἐνεργὸν
1707 3708 2007 3774 διαπαντὸς

420 3807 565 3872 ὑπὲρ
597 3805 688 3859 τοῦ
735 3803 905 3859 καλοῦ
953 3803 1050 3858 καὶ
1095 3802 1506 3875 ταλαιπωρικδν
1548 3803 1644 3857 καὶ
1684 3802 2005 3873 φερέπονον,

428 3898 528 3949 καὶ
555 3896 616 3948 τδ
638 3898 810 3951 πᾶσαν
845 3896 1045 3968 μικροῦ
1074 3898 1175 3966 τὴν
1196 3895 1525 3968 οἰκουμένην
1552 3894 1745 3967 ὥσπερ
1774 3896 2004 3961 ἐκεῖνος,

429 3990 531 4062 τὴν
561 3991 657 4061 μὲν
683 3995 826 4059 ποσὶ,
857 3990 957 4063 τὴν
982 3990 1040 4045 δὲ
1069 3991 1272 4060 λόγοις,
1307 3990 1408 4061 τὴν
1453 3990 1514 4045 δὲ
1567 3991 1728 4063 φήμῃ
1786 3990 2008 4062 διαδρα-

425 4086 574 4154 μεῖνο
602 4083 696 4137 καὶ
729 4084 1018 4139 συνελόντα
1046 4083 1239 4153 φάναι,
1272 4079 1362 4140 οἶά
1384 4099 1469 4147 τις
1497 4084 1758 4156 γραφέων
1786 4074 2006 4154 ἄριστος

415 4179 485 4231 τὰ
521 4178 784 4233 κάλλιστα
816 4177 1158 4248 πανταχόθεν
1205 4177 1306 4247 τῆς
1344 4177 1545 4249 ἀρετῆς
1578 4175 1848 4249 χρώματα
1880 4176 2007 4230 συλ-

412 4268 735 4341 λεξάμενος,
759 4271 855 4325 καὶ
892 4266 1136 4341 κεράσας
1163 4267 1247 4335 εὖ,
1276 4269 1586 4340 ἀρχέτυπον
1616 4264 1728 4324 οἷον
1748 4270 1841 4323 τὸν
1875 4270 2007 4322 ἐαυ-

406 4366 508 4421 τοῦ
571 4364 690 4436 βίον
722 4362 1008 4418 ἐπαινέσαι
1045 4362 1269 4434 μᾶλλον,
1316 4362 1349 4434 ἢ
1416 4360 1763 4434 μιμήσασθαι
1798 4362 2004 4436 ῥᾴδιον,

405 4459 525 4521 τοῖς
554 4456 867 4533 φιλαρέτοις
896 4456 1257 4528 προέστησεν.

484 4647 603 4695 ποθ.
633 4639 773 4694 Οὸδὶ
823 4641 853 4693 ό
879 4638 1200 4711 θαυμαστὸς
1242 4636 1365 4692 Ἰὼϐ
1412 4637 1517 4704 ἔξω
1572 4637 1668 4693 τοῦ
1701 4639 1863 4711 χοροῦ
1890 4638 2002 4692 τῶν

405 4720 563 4805 αὖτῷ
607 4731 928 4803 ληφθέντων
968 4735 1049 4794 εἰς
1086 4730 1344 4802 μίμησιν,
1387 4726 1525 4783 ἁλλὰ
1562 4730 1653 4783 καὶ
1682 4731 1852 4784 αὑτοῦ
1901 4728 2001 4800 τὴν

405 4828 717 4896 ὑπομονὴν,
750 4827 846 4879 καὶ
876 4822 1109 4879 πὰντοτε
1165 4824 1288 4893 μὲν,
1324 4821 1463 4892 πρὸς
1501 4820 1583 4894 τῷ
1623 4821 1770 4875 τέλει
1801 4821 1859 4875 δὲ
1905 4823 2003 4877 καὶ

402 4922 745 4992 τρανότερον
796 4917 1129 4995 ἐμιμήσατο.
1178 4914 1334 4970 Ἐπεὶ
1380 4912 1490 4988 γὰρ
1514 4913 1744 4985 ἔμελλεν
1773 4914 1874 4987 ἤδη
1908 4914 2002 4968 τὸν

400 5009 755 5081 ἀνθρώπινον
783 4998 1184 5080 ὑπεξέρκεσθαι
1218 5006 1354 5078 βίον,
1417 5005 1512 5061 καὶ
1541 5007 1664 5060 ἀντὶ
1699 5006 1886 5060 κόπων
1925 4998 2002 5061 ὧν

403 5100 573 5169 εἶδεν,
602 5101 837 5173 ἀμοιϐὰς
866 5100 933 5165 ἃς
963 5102 1163 5172 ἡλπισε
1192 5101 1290 5154 καὶ
1341 5098 1647 5164 ἀντιδόσεις
1678 5096 1997 5164 ἀπολαϐεῖν,

405 5192 595 5253 ἔπεισί
646 5214 733 5260 τις
762 5195 913 5266 αὐτῷ
970 5193 1261 5247 τελευταία
1295 5193 1450 5256 νόσος
1505 5191 1602 5247 καὶ
1656 5192 1870 5265 χρονία,
1905 5191 2002 5245 καὶ

402 5290 597 5361 ὀλίγου
624 5283 736 5344 δεῖν
769 5289 893 5344 οὐδὲ
933 5288 1040 5357 νέῳ
1069 5289 1167 5341 καὶ
1193 5287 1500 5358 ἀκμάζοντι
1522 5287 1736 5359 σώματι
1764 5284 1999 5356 φορητη,

401 5386 509 5456 οἰχ
538 5378 690 5447 ὅπως
719 5385 964 5455 γήρατος
1004 5380 1149 5433 οὕτω
1172 5383 1269 5435 καὶ
1322 5378 1602 5451 φιλαρὲτῳ
1654 5377 2001 5448 κακοπαθείᾳ

403 5474 889 5547 κατειργασμένῳ.
926 5472 1114 5545 Ταύτῃ
1154 5488 1238 5526 τοι
1263 5473 1359 5526 καὶ
1385 5464 1510 5526 ὅλον
1544 5470 1795 5527 ἐνιαυτδν
1823 5470 2002 5523 κλινο-

401 5564 580 5640 mel];
601 5558 693 5639 ἦν,
742 5570 841 5622 καὶ
868 5565 1086 5629 ὀδύναις
1139 5558 1377 5638 ἅμ’ἀχοις
1405 5563 1677 5630 παλαίων,
1730 5563 1825 5619 καὶ
1879 5565 1999 5628 ταῖς

399 5659 689 5723 τοιαύταις
725 5659 939 5730 Θλίψεσι
995 5658 1419 5729 πλατυνόμενος.
1482 5657 1618 5711 Τότε
1663 5658 1773 5728 γὰρ
1822 5657 1999 5728 δέρμα

397 5751 499 5805 τόῦ
515 5751 743 5822 λαγόνος
790 5751 882 5806 διὰ
923 5751 1024 5822 τὴν
1052 5751 1117 5803 ὲκ
1152 5751 1253 5820 τῆς
1285 5749 1444 5802 νόσου
1478 5748 1639 5819 τῆξιν
1676 5749 1994 5821 ὑποσυρεὶς,

401 5846 502 5897 καὶ
533 5846 593 5895 τὸ
636 5842 731 5896 τοῦ
769 5843 931 5911 λόγου
967 5841 1124 5905 σκιᾶς
1162 5838 1382 5894 εἴδωλον
1418 5837 1680 5909 γεγονὼς,
1716 5838 1792 5903 ὡς
1846 5839 1996 5911 αὐτῷ

2114 1987 2178 2028 ex
2207 1982 2352 2028 metu
2376 1976 2595 2043 quidem
2622 1976 2796 2032 solum
2832 1987 2913 2033 est
2938 1977 3253 2048 imperium,
3275 1978 3563 2049 imperium
3582 1995 3708 2036 cor-

2113 2080 2342 2135 porum;
2379 2065 2429 2120 id
2483 2077 2666 2123 autem
2698 2068 2844 2138 quod
2887 2068 3218 2125 desiderium
3270 2085 3487 2142 quoque
3542 2072 3704 2127 habet

2118 2164 2610 2226 contemperatum,
2640 2157 2803 2214 etiam
2842 2158 3172 2214 aniinorum.

2185 2244 2275 2302 80.
2300 2242 2626 2302 Non‘solum
2662 2256 2844 2305 autem
2878 2249 3100 2321 Moysis,
3149 2252 3245 2307 sed
3268 2250 3433 2308 etiam
3466 2252 3703 2323 cujusvis

2113 2336 2343 2393 alterius
2374 2338 2430 2393 in
2461 2337 2663 2395 virtute
2703 2339 3082 2396 excellentiam
3120 2342 3438 2401 imitabatur
3467 2363 3483 2403 :
3513 2356 3703 2417 utpote

2112 2429 2366 2492 Abrahae,
2389 2430 2533 2500 quod
2582 2430 2693 2486 Deo
2724 2442 2945 2500 pareret
2994 2432 3050 2489 in
3080 2434 3358 2503 omnibus,
3414 2447 3470 2492 et
3516 2440 3700 2496 omnia

2113 2530 2338 2589 propter
2366 2520 2521 2576 illum
2554 2530 2956 2590 contenmerct,
3010 2542 3118 2580 non
3154 2528 3497 2586 solummodo
3537 2547 3703 2602 pecu-

2115 2610 2258 2665 niam
2297 2622 2391 2667 aut
2420 2612 2677 2682 patriam.
2712 2606 2808 2668 aut
2845 2613 3147 2673 familiares
3202 2629 3254 2674 et
3291 2632 3576 2691 cognatos,
3602 2625 3701 2680 sed

2113 2703 2288 2777 ipsam
2336 2720 2556 2776 quoque
2613 2716 2864 2763 naturam
2918 2718 2973 2763 et
3022 2711 3212 2767 vitam.
3241 2711 3501 2783 Cugnatis
3529 2718 3698 2783 enim,

2112 2810 2221 2848 non
2269 2794 2440 2850 Deum
2475 2797 2672 2863 solum,
2717 2799 2810 2854 sed
2840 2812 2936 2855 eos
2970 2801 3158 2865 etiam,
3191 2805 3281 2872 qni
3311 2820 3379 2859 ex
3414 2805 3522 2860 Deo
3549 2807 3701 2863 vive-

2114 2887 2264 2955 bant,
2298 2888 2518 2957 putabat
2557 2904 2678 2944 esse
2703 2891 3096 2959 prtefereudos,
3125 2903 3179 2948 et
3200 2910 3293 2951 eos
3325 2898 3497 2965 magis
3525 2909 3701 2953 attra-

2114 2979 2273 3034 heluat
2305 2979 2370 3033 ad
2397 2981 2803 3049 cognationem,
2832 2994 3058 3054 propter
3087 2985 3311 3043 virtutis
3346 2989 3613 3044 rationein
3645 3000 3702 3045 et

2114 3070 2275 3123 studii
2305 3077 2360 3125 et
2390 3070 2706 3134 voluntatis,
2765 3088 2886 3141 qua:
2928 3074 2980 3129 in
3041 3075 3181 3130 idem
3215 3075 3517 3133 confertur.
3552 3078 3701 3137 lsaac

2115 3164 2167 3215 in
2199 3161 2511 3233 spirituales
2541 3161 2732 3220 Patres
2756 3180 2928 3236 usque
2951 3165 3021 3221 ad
3049 3179 3305 3235 mortem,
3329 3169 3698 3227 obedientiam

2111 3263 2166 3308 et
2216 3254 2332 3324 ejus
2381 3256 2626 3325 corporis
2660 3267 2873 3328 gratum
2926 3268 2983 3314 et
3027 3270 3311 3330 acceptmn
3363 3263 3696 3318 sacrificium

2114 3346 2429 3402 imitabatur
2460 3366 2474 3402 :
2502 3346 2674 3404 Jacob
2705 3349 3002 3420 perfectam
3029 3350 3401 3407 sinceritatem
3438 3362 3493 3407 et
3523 3354 3692 3408 liber-

2116 3446 2278 3493 tatem
2306 3440 2375 3495 ah
2403 3440 2551 3496 ornni
2581 3440 2935 3512 improbitate
2967 3442 3150 3515 (hujus
3181 3452 3362 3500 autem
3398 3454 3522 3501 sunt
3572 3445 3701 3502 fidei

2112 3529 2257 3600 digni
2294 3540 2484 3599 testes,
2509 3532 2600 3602 qui
2625 3548 2747 3588 cum
2770 3548 2836 3590 eo
2862 3535 3279 3591 consuetudinis
3302 3545 3357 3592 et
3406 3535 3700 3593 familiari-

2112 3623 2241 3679 tatis
2271 3622 2450 3681 fecere
2478 3625 2832 3697 periculum),
2861 3625 3087 3684 Joannis
3115 3627 3467 3684 solitudinem
3502 3640 3557 3687 et
3580 3630 3699 3688 ine-

2110 3714 2256 3769 diam
2288 3732 2302 3770 :
2352 3715 2523 3784 Petri,
2578 3732 2702 3771 cum
2740 3727 2932 3773 exacta
2962 3718 3065 3774 ﬁde
3093 3719 3491 3775 vehementiam
3527 3730 3583 3777 et
3607 3736 3699 3777 ar-

2110 3807 2298 3863 dorem
2326 3826 2340 3864 :
2368 3809 2545 3876 Pauli,
2568 3826 2667 3881 pro
2691 3825 2755 3866 eo
2771 3812 2914 3881 quod
2936 3821 3021 3867 est
3040 3812 3352 3880 honestum,
3378 3825 3695 3885 perpetuam

2110 3899 2412 3965 actionem,
2440 3897 2784 3957 aﬂlictionem
2810 3911 2864 3956 et
2892 3903 3267 3975 diligentiam;
3300 3915 3356 3961 et
3398 3909 3541 3977 quod
3571 3924 3698 3978 pro-

2110 3989 2398 4058 pemodum
2424 3989 2741 4046 universum
2771 3992 2957 4049 orbem
2993 4004 3153 4049 terra:
3177 3994 3318 4051 sicut
3352 3995 3467 4064 ille,
3495 3998 3693 4068 partim

2109 4082 2326 4151 quidem
2360 4082 2611 4151 pedibus,
2666 4085 2863 4156 partim
2901 4101 3033 4143 vero
3069 4089 3438 4156 sermonibus,
3498 4093 3694 4160 partim

2068 4190 2078 4199 ·
2111 4188 2241 4229 vero
2271 4174 2414 4229 tanta
2437 4177 2739 4246 pervaserit
2765 4196 2781 4232 :
2808 4182 2884 4245 εἰ,
2905 4187 2965 4234 ut
2985 4177 3153 4235 semel
3189 4178 3390 4248 dicam,
3424 4184 3697 4254 qn'o'modo

2109 4268 2231 4336 quis
2286 4267 2465 4336 pictor
2513 4270 3033 4339 praestantissimus,
3082 4271 3174 4341 qui
3210 4274 3695 4344 prteStantissimos

2109 4358 2328 4412 virtutis
2356 4357 2568 4414 colores
2622 4361 2863 4431 titulique
2902 4360 3114 4429 collegit
3173 4372 3229 4418 et
3271 4366 3419 4419 recte
3452 4365 3691 4431 miscuit,

2111 4450 2158 4506 is
2184 4450 2347 4506 veluti
2398 4450 2666 4520 quoddam
2717 4453 3002 4525 exemplar
3048 4451 3206 4509 suam
3249 4456 3439 4521 vitam,
3472 4456 3693 4513 laudatu

2037 4549 2082 4604 Ι)
2112 4556 2274 4612 quam
2294 4541 2504 4596 imitatu
2533 4540 2849 4611 faciliorem,
2872 4545 3151 4615 proposuit
3168 4540 3387 4602 v‘irtutis
3409 4547 3690 4603 Studiosis.

2174 4631 2265 4689 8|.
2300 4632 2487 4703 Neque
2533 4630 2664 4689 vero
2698 4631 2804 4690 Job
2838 4623 3175 4692 admirabilis
3202 4645 3320 4690 erat
3370 4644 3520 4691 exua
3558 4639 3692 4693 cho-

2106 4730 2226 4780 ‘rum
2254 4740 2467 4791 eorum,
2491 4725 2606 4796 'qui
2641 4726 2840 4796 sumpti
2892 4735 3019 4782 sunt
3061 4728 3129 4782 ad
3180 4728 3503 4786 imitandum
3543 4748 3558 4786 :
3596 4731 3691 4787 sed

2104 4816 2432 4889 ejus.etiam
2502 4814 2872 4886 tolerantiam,
2925 4816 3140 4888 semper
3186 4820 3433 4891 quidem,
3480 4822 3531 4876 in
3585 4822 3692 4878 fine

2106 4908 2291 4963 autem
2321 4908 2565 4979 apertius
2615 4910 2698 4965 est
2733 4904 2997 4965 imitatus.
3035 4904 3168 4964 Nam
3201 4924 3325 4966 cum
3350 4911 3461 4982 jam
3486 4921 3630 4968 esset
3664 4931 3695 4971 e

2106 5003 2212 5055 vita
2229 5003 2465 5057 humana
2495 5006 2849 5070 excesserus,
2876 4998 2931 5059 et
2962 5005 3060 5074 pro
3091 4996 3182 5071 iis,
3209 4998 3345 5074 quos
3372 5002 3516 5070 tulit,
3544 5005 3696 5061 labo-

2105 5090 2255 5150 ribus
2282 5095 2565 5150 mercedes
2620 5090 2675 5151 et
2711 5090 3199 5163 remunerationes,
3247 5108 3383 5166 quas
3427 5098 3691 5165 speravit,

2103 5196 2458 5260 accepturus,
2488 5182 2763 5257 postre’n‘io
2813 5186 2935 5245 cuiu
2970 5190 3176 5245 invadit
3208 5189 3430 5245 morbus
3476 5176 3694 5245 diutur-

2104 5290 2230 5348 nus,
2262 5292 2316 5337 et
2348 5276 2740 5352 propemodum
2776 5284 2843 5336 ne
2882 5272 3073 5353 juveni
3120 5280 3339 5352 quidem
3380 5280 3435 5336 ει
3472 5268 3644 5337 floreo
3669 5292 3705 5334 li

2102 5373 2317 5444 corpori
2344 5364 2668 5442 tolerabilis,
2695 5366 2894 5429 iie‘dum
2929 5366 3074 5430 tanta
3104 5376 3387 5431 senectute
3414 5375 3688 5441 confecto,

2102 5473 2157 5520 et
2183 5474 2345 5536 quam
2379 5465 2596 5522 Virtutis
2657 5466 2822 5523 causa
2872 5468 3211 5538 susceperat,
3246 5456 3557 5523 afﬂictione.
3612 5465 3686 5522 Ea

2104 5560 2170 5617 d'e
2198 5558 2363 5617 causa
2399 5562 2455 5618 et
2491 5564 2601 5618 toto
2619 5558 2984 5644 annojacebat
3016 5560 3070 5619 in
3108 5560 3270 5643 lecto,
3297 5560 3422 5621 eum
3454 5564 3685 5644 inexpu-

2102 5650 2410 5725 gnabilibus
2436 5650 2737 5713 colluctans
2764 5642 3066 5726 doloribus,
3100 5642 3157 5714 et
3176 5644 3381 5714 talibus
3428 5642 3686 5740 dilatatus

2102 5745 2506 5805 aﬂlictionibus.
2543 5749 2701 5805 Tunc
2740 5749 2886 5806 enim
2919 5750 3047 5807 tabe
3083 5747 3687 5820 exhaustus,'pelleqne

2101 5855 2285 5910 exesa,
2328 5850 2491 5912 atque
2534 5842 2763 5910 umbrae,
2802 5853 2860 5899 ut
2911 5843 3131 5914 dicitur,
3159 5841 3513 5902 simulacrum
3555 5839 3686 5899 effc-
