4144 6418
494 344 595 408 hi7

1727 333 2010 395 MENSIS
2049 324 2513 394 JANUARIUS.

3671 314 3779 384 ςιε

491 471 637 519 eius,
676 458 812 509 adeo
846 464 901 507 ut
952 453 1084 507 nihil
1118 454 1164 508 ei
1204 463 1398 520 prayer
1455 464 1578 504 ossa
1643 448 2083 518 relinqueretur;

2207 443 2359 512 ιηδὲν
2393 441 2555 493 πλέον
2591 438 2699 490 τῶν
2729 436 2903 488 ὀστῶν
2953 432 3372 497 ὑπολείπεσθαι,
3431 433 3578 502 ίμῶς
3628 435 3783 487 ιὺὀὲν

498 547 638 601 nihil
676 554 853 600 latuen
890 543 1072 608 molle,
1100 541 1236 596 nihil
1282 536 1571 605 illiberale,
1615 536 1751 591 nihil
1805 536 2085 604 indignum

496 650 592 692 aut
642 637 790 701 fecit,
853 644 948 689 aut
993 643 1079 689 est
1117 633 1331 688 locutus
1368 645 1434 684 eo
1460 628 1677 699 spiritu,
1709 627 1800 696 qui
1847 627 1938 681 tali
1970 626 2091 679 vitae

498 727 775 782 convenit.
807 724 947 792 Quin
989 725 1154 780 etiam
1205 738 1327 778 cum
1359 722 1581 791 quidam
1613 733 1781 774 senex
1815 718 2089 773 intensam

500 835 565 875 ac
607 820 985 873 vehementem
1008 815 1115 868 vim
1136 814 1309 868 morbi
1330 812 1656 883 aspexisset,
1677 820 1731 864 et
1760 825 1807 864 et
1832 810 2089 864 dixisset:

502 915 653 982 Roga
701 912 904 974 Deum;
942 909 1082 964 forte
1118 907 1263 962 enim
1324 906 1524 960 malum
1581 905 1663 959 sic
1705 904 1958 969 sistetur;
1988 920 2093 956 non

501 1006 681 1058 amico
714 1017 816 1056 nec
843 1001 1100 1068 benigno,
1123 1007 1183 1052 ut
1209 996 1438 1060 solebat,
1461 1011 1584 1050 eum
1614 995 2094 1063 aspcctuintnens.

502 1097 582 1152 Ne
603 1108 658 1150 tu
687 1096 852 1161 mihi,
876 1094 1074 1163 inquit,
1107 1106 1140 1145 ο
1165 1090 1346 1154 Pater,
1372 1089 1666 1159 quidquam
1687 1088 1752 1141 de
1783 1101 1848 1140 eo
1867 1086 2092 1141 dixeris.

500 1186 640 1243 Nam
684 1203 804 1241 cum
860 1200 948 1238 me
992 1198 1136 1252 saepe
1184 1182 1319 1236 tales
1352 1179 1665 1235 subiissent
1713 1179 2094 1248 cogitationes,

504 1281 804 1334 arbitratus
861 1277 960 1330 has
1007 1290 1127 1330 esse
1158 1274 1337 1344 petius
1372 1272 1592 1339 maligni
1643 1270 1893 1335 insidias,
1932 1286 2095 1340 quam

507 1372 819 1433 consilium,
852 1384 948 1423 eas
983 1378 1096 1421 toto
1132 1366 1315 1421 studio
1367 1364 1562 1433 repuli,
1594 1365 1763 1432 utqui
1801 1362 1929 1417 illud
1955 1363 2095 1432 apud

509 1482 594 1519 me
625 1460 1014 1532 reputaverim,
1072 1459 1216 1528 quod
1270 1458 1555 1526 pra-sentis
1598 1456 1969 1524 quidem'vita:
2010 1456 2100 1510 bo-

507 1568 701 1609 narum
751 1554 885 1606 satis
938 1567 1191 1618 magnum
1235 1550 1470 1603 fructum
1522 1548 1852 1617 ceperimus,
1913 1549 2096 1617 utqui

507 1645 734 1713 gloriam
776 1641 982 1696 scilicet
1012 1651 1061 1693 et
1113 1654 1310 1694 nomen
1343 1640 1512 1693 simus
1542 1640 1842 1694 consecuti.
1875 1637 2103 1708 Oportet

508 1750 639 1803 ergo
700 1736 922 1787 omnino
979 1731 1145 1803 afﬂigi
1190 1740 1246 1785 et
1298 1730 1438 1784 mala
1504 1731 1710 1801 perpeti
1774 1734 1831 1787 et
1862 1731 2098 1800 aliquam

2196 534 2461 606 μαλακὸν,
2494 531 2649 586 οὐδὲν
2689 527 3115 596 ἀγεννὲς,ὀὺδὲν
3147 525 3367 591 ἀνάξιον
3425 526 3455 596 ἢ
3490 525 3715 595 ἔδρασεν
3747 527 3780 596 ἢ

2193 626 2496 697 ἐφθέγξατο
2512 624 2606 678 τοῦ
2628 623 3002 694 προσήκοντος
3029 618 3129 690 βίῳ
3146 617 3374 687 τοιούτῳ
3401 620 3753 689 φρονήματος
3768 632 3783 645 ’

2193 716 2331 769 ἀλλὰ
2356 715 2449 768 καί
2480 730 2625 773 τινος
2650 712 2906 781 γέροντος
2938 708 3075 779 πρὸς
3121 708 3183 760 τὸ
3219 705 3450 776 σφοδρὸν
3497 708 3596 775 τῆς
3624 707 3787 759 νόσου

2196 805 2289 858 καὶ
2315 803 2699 873 διατεταμένον
2732 797 3050 871 βλέψαντος,
3084 797 3203 871 καὶ,
3233 794 3457 866 δεήθητι
3493 793 3587 848 τοῦ
3624 794 3787 856 Θεοῦ,

2197 897 2335 967 πρὸς
2389 894 2552 949 αὑτὸν
2606 892 2912 965 εἰρηκότος,
2955 893 3096 960 τάχα
3148 889 3258 961 γὰρ
3303 888 3365 942 τὸ
3420 887 3595 941 δεινὸν
3647 881 3794 941 οὑτω

2199 989 2479 1057 στήσεται,
2523 986 2600 1057 μὴ
2645 984 2798 1053 φίλον
2830 985 3036 1044 ἐκεῖνος
3068 981 3204 1052 μηδὲ
3254 979 3396 1033 κατὰ
3426 979 3487 1032 τὸ
3530 977 3793 1045 σύνηθες.

2197 1078 2424 1148 εὐμενὲς
2458 1076 2762 1146 ἐπιϐλέψας
2790 1092 2803 1104 ·
2848 1074 2941 1144 Μὴ
2974 1074 3056 1126 σοί
3110 1090 3194 1141 γε,
3231 1072 3439 1141 Πάτερ,
3465 1071 3593 1155 ἔφη,
3626 1068 3797 1138 μηδὲν

2200 1173 2330 1242 περὶ
2350 1168 2541 1225 τούτου
2566 1187 2577 1197 ·
2613 1172 2715 1241 ἐμὲ
2739 1168 2849 1239 γὰρ
2902 1165 3164 1229 πολλάκις
3207 1162 3467 1217 τοιούτων
3506 1162 3795 1232 λογισμῶν

2200 1262 2488 1323 ἐλθόντων,
2522 1261 2817 1329 ἐπιϐουλὴν
2846 1257 2941 1311 τοῦ
2976 1254 3217 1326 πονηροῦ
3250 1256 3311 1308 τὸ
3345 1255 3602 1325 πρᾶγμα,
3653 1252 3798 1323 μᾶἶ.-

2199 1355 2290 1408 λον
2322 1352 2638 1420 συμϐουλὴν
2671 1346 3158 1418 εἷναιδοκιμάσας,
3193 1346 3291 1418 ὅλῃ
3333 1348 3536 1416 σπουδῇ
3565 1346 3796 1405 τούτους

2198 1447 2627 1518 διεκρουσάμην,
2659 1447 2834 1497 ἐκεῖνο
2872 1438 3159 1496 ὑπολαϐὼν
3181 1438 3255 1501 ὡς
3276 1438 3382 1490 τῶν
3410 1438 3510 1507 μὲν
3533 1436 3627 1488 τοῦ
3654 1452 3801 1506 παρ-ι

2205 1540 2358 1605 ὄντος
2418 1541 2533 1611 βίου
2588 1534 2774 1592 καλῶν
2848 1535 3051 1597 ἱκανῶς
3129 1530 3558 1600 ἀπελαύσαμεν,
3632 1522 3797 1596 δόξης

2202 1635 2437 1691 ἐνταῦθα
2461 1631 2716 1703 τυχόντες
2753 1629 2955 1701 δηλαδὴ
2978 1629 3075 1682 καὶ
3105 1622 3369 1697 ὀνόματος
3393 1638 3407 1653 ο
3446 1622 3527 1675 δεῖ
3547 1620 3675 1690 γοῦν
3698 1622 3799 1673 καὶ

2206 1727 2595 1795 κακοπαθῆσαι
2632 1724 2876 1788 πάντως,
2921 1722 3014 1775 καί
3045 1739 3166 1774 τινα
3192 1722 3401 1801 μοῖραν.
3432 1715 3576 1786 ἔχειν
3633 1714 3798 1777 ἀξίαν

510 1827 715 1880 habere
739 1833 972 1893 partem,
1004 1840 1124 1893 qua!
1165 1823 1321 1892 digna
1344 1822 1416 1878 sit
1445 1841 1530 1887 ea,
1563 1838 1681 1892 qnte
1708 1817 1937 1887 est'illic,
1971 1838 2100 1878 con-

2207 1819 2300 1884 τῆς
2325 1817 2441 1869 ἐκεῖ
2466 1814 2888 1885 παρακλήσεως,
2917 1812 2990 1884 μὴ
3004 1808 3116 1866 ’καὶ
3149 1810 3286 1879 πρὸς
3315 1810 3461 1882 ἡμᾶς
3495 1808 3674 1859 ἐκεῖνο
3704 1805 3799 1858 λε-

506 1919 810 1985 solationc;
880 1933 948 1971 ne
1004 1916 1160 1971 nobis
1190 1931 1405 1985 quoque
1442 1917 1635 1971 merito
1700 1915 1832 1969 illud
1866 1916 2099 1980 dicatur,

508 2011 650 2079 quod
685 2010 835 2062 diviti
867 2008 1072 2063 dictum
1103 2017 1224 2062 est:
1269 2006 1560 2073 Perrepisti
1602 2007 1737 2059 bona
1781 2014 1871 2059 tua
1912 2005 1965 2059 in
1997 2006 2102 2058 vita

510 2111 602 2154 tua
654 2103 721 2157 ’³.
784 2101 877 2154 His
929 2101 1169 2166 auditis,
1241 2115 1300 2154 se
1346 2099 1635 2154 abscondit
1682 2112 1870 2165 senex,
1911 2110 1967 2154 et
2002 2113 2104 2153 nec

509 2193 737 2245 habebat
797 2190 1015 2262 quidem
1084 2189 1309 2247 omnino
1350 2190 1491 2258 quod
1560 2199 1749 2244 sancto
1804 2191 2103 2260 responde-

513 2289 612 2334 ret.

585 2371 673 2423 8:2.
706 2374 958 2425 Ceterum
983 2371 1127 2425 illius
1175 2369 1457 2440 patientia:
1489 2375 1543 2422 et
1574 2368 1883 2422 tolerantia:
1935 2367 2101 2421 multa

514 2461 734 2531 quidem
771 2472 897 2515 sunt
941 2461 1042 2515 alia
1072 2476 1287 2531 quoque
1314 2461 1506 2530 signa;
1538 2469 1703 2513 testes
1734 2469 1917 2513 autem
1976 2470 2104 2513 sunt

512 2552 815 2622 ii'quoque,
849 2552 939 2620 qui
984 2554 1035 2605 in
1075 2562 1316 2621 tempore
1341 2550 1674 2604 infirmitatis
1705 2553 1750 2604 ei
1777 2551 2102 2614 inserviere,

512 2645 655 2712 quod
710 2645 844 2698 nihil
884 2660 947 2697 cx
978 2644 1172 2697 animae
1211 2642 1618 2710 Operationibus
1649 2657 1677 2693 a
1715 2647 1903 2696 morbo
1940 2642 2105 2697 fuerit

511 2735 559 2787 ei
594 2749 924 2803 snrrepnnn,
955 2751 1051 2788 nec
1102 2736 1153 2787 in
1194 2749 1378 2788 annue
1418 2734 1721 2787 divinorum
1761 2735 2103 2803 eloquiorum
2146 2780 2153 2789 .

512 2824 631 2893 ipse
684 2829 906 2879 nnmino
948 2828 1126 2895 seipse
1157 2826 1303 2879 iisus
1336 2826 1406 2878 sit
1430 2823 1679 2886 inferior,
1715 2837 1806 2878 aut
1835 2825 2102 2895 frigidior.

512 2920 608 2974 Est
653 2929 829 2972 autem
876 2922 978 2971 hoc
1024 2934 1240 2986 quoque
1298 2919 1511 2987 signum
1567 2919 1907 2971 vehementis
1966 2918 2106 2973 illius

513 3026 692 3063 rerum
731 3011 1036 3063 divinarum
1094 3009 1477 3062 meditationis.
1521 3007 1652 3060 Nam
1679 3010 1778 3060 etsi
1802 3009 1939 3062 illius
1971 3024 2106 3062 ocu-

509 3101 596 3155 lus
629 3118 879 3155 snmnum
937 3117 1077 3169 saepe
1137 3103 1394 3169 gustavit,
1446 3110 1630 3169 utpote
1672 3099 1842 3153 flexus
1900 3099 1969 3152 ab
2017 3115 2103 3163 ea,

515 3208 637 3262 qua:
668 3194 852 3246 omnia
898 3195 1086 3256 vincit,
1129 3202 1360 3256 llalttt‘a;
1414 3203 1467 3245 at
1520 3192 1638 3258 ejus
1686 3192 1902 3259 quidem
1959 3203 2107 3247 certe

518 3285 669 3339 labra
688 3285 982 3349 faciebant,
1013 3287 1155 3354 quod
1189 3295 1607 3338 consueverant.
1646 3284 1910 3348 Quocirca
1941 3288 2101 3337 etiam

465 3393 474 3403 '
513 3377 750 3439 interim,
786 3379 912 3430 dum
945 3395 972 3430 a
1002 3382 1194 3432 somno
1223 3387 1492 3447 surgeret,
1525 3360 1798 3429 Canticum
1831 3376 1893 3427 ad
1940 3377 2103 3429 lteum

513 3473 1011 3537 camprehemlebat
1037 3472 1204 3525 labris
1235 3487 1250 3525 :
1285 3475 1419 3524 adeo
1462 3480 1519 3522 ut
1549 3469 1694 3538 quod
1730 3468 1861 3521 dicit
1889 3469 2107 3522 divinus

514 3561 703 3624 David,
741 3565 793 3616 in
828 3580 891 3616 eo
924 3564 1241 3632 impleretur
1280 3578 1293 3612 :
1342 3561 1410 3613 Et
1443 3572 1598 3614 noctu
1659 3559 1927 3613 canticum
1988 3559 2100 3628 ejus

511 3664 588 3708 est
612 3654 751 3724 apud
780 3670 859 3708 me
886 3652 952 3706 '°.

2203 1909 2359 1980 χθεεη
2380 1906 2630 1969 δικαίως,
2657 1903 2687 1957 ὃ
2710 1904 2804 1958 καὶ
2844 1902 2980 1972 πρὸς
3010 1902 3101 1955 τὸν
3145 1896 3402 1954 πλούσιον
3445 1899 3663 1969 εἴρηται
3710 1897 3798 1960 τὸ,

2215 2000 2544 2064 Ἀπέλαὸες
2593 1998 2666 2051 τὰ
2701 1994 2893 2066 ἀγαθά
2930 2010 3047 2049 σου
3085 1995 3155 2048 ἐν
3200 1991 3275 2061 τῇ
3312 1990 3422 2059 ζωῇ
3461 2007 3599 2044 σου.
3649 1988 3800 2058 Πρὸς

2202 2095 2377 2149 ταῦτα
2415 2096 2504 2145 τὸν
2541 2092 2774 2161 γέροντα
2808 2087 3231 2158 ἐγκαλύψασθαι
3282 2086 3376 2139 καὶ
3440 2084 3608 2154 μηδὲν
3649 2083 3800 2153 ἔχειν

2203 2186 2338 2248 ὅλως
2371 2184 2565 2255 ἥντινα
2594 2182 2733 2253 πρὸς
2767 2182 2859 2235 τὸν
2892 2182 3038 2234 ὅσιον
3087 2180 3371 2250 ποιήσεται
3413 2176 3510 2247 τὴν
3561 2176 3805 2246 (indagat--

2206 2294 2312 2331 σιν.

2275 2370 2386 2441 πβν.
2424 2362 2572 2437 Πλὴν
2598 2360 2735 2421 ἀλλὰ
2767 2363 2866 2435 τῆς
2899 2366 3177 2436 ὑπομονῆς
3209 2363 3419 2417 ἐκείνου
3463 2362 3557 2415 καὶ
3598 2378 3803 2431 καρτε-

2208 2459 2350 2532 ρίας,
2390 2457 2561 2512 πολλά
2594 2458 2691 2528 μὲν
2746 2452 2842 2510 καλ.
2868 2455 3004 2509 ἄλλα
3044 2455 3324 2524 τεκμήρια
3348 2468 3365 2485 ο
3409 2453 3689 2524 μάρτυρες
3715 2444 3801 2517 δὲ,

2206 2553 2300 2604 καῖ⁸
2337 2551 2385 2601 οἱ
2421 2549 2561 2603 κατὰ
2586 2548 2677 2600 τὸν
2709 2546 2809 2616 τῆς
2845 2545 3156 2619 ἀρρωστίας
3190 2545 3381 2614 καιρὸν
3421 2546 3609 2615 χεῖρας
3644 2543 3803 2614 αὑτῷ

2208 2635 2591 2712 ὑπηρετούσας
2626 2638 3063 2706 είσενεγκόντες,
3087 2639 3170 2690 ὅτι
3209 2638 3376 2708 μηδὲν
3401 2638 3541 2709 μήτε
3570 2638 3671 2699 τὰς
3696 2635 3804 2705 τῆς

2207 2734 2486 2804 ἐνεργείας
2525 2730 2629 2784 ὑπὸ
2687 2732 2789 2801 τῆς
2838 2732 2995 2784 νόσου
3057 2731 3462 2801 παραδλαὸεἰη,
3511 2731 3650 2799 μήτε
3708 2728 3803 2781 τὸν

2207 2826 2317 2896 ἔρω
2331 2844 2387 2877 τα
2406 2822 2511 2876 τῶν
2525 2823 2684 2876 θείων
2700 2821 2902 2890 λογίων
2921 2822 3082 2884 αὑτὸς
3098 2824 3276 2891 ἥττων
3290 2822 3417 2890 ὀφθε
3432 2823 3503 2892 ίη.
3526 2821 3648 2891 μηδ’
3663 2822 3807 2884 ὅλως

2209 2914 2403 2971 ἑαυτοῦ
2436 2919 2528 2983 καξι
2569 2915 2926 2986 ψυχρότερος.
2963 2915 3200 2983 Σημεῐον
3244 2913 3301 2965 δὲ
3352 2913 3445 2966 καὶ
3499 2913 3656 2965 τοῦτο
3701 2914 3806 2980 τῆς

2211 3010 2413 3077 πολλῆς
2447 3009 2657 3060 ἐκείνου
2701 3008 2831 3075 περὶ
2862 3023 2930 3057 τα
2960 3005 3081 3057 θεῖα
3116 3004 3473 3074 θερμότητος,
3508 3006 3605 3057 καὶ
3637 3006 3802 3074 μελέ-

2207 3122 2331 3175 της.
2367 3102 2427 3155 Εἰ
2468 3103 2576 3173 γὰρ
2619 3101 2717 3154 καὶ
2762 3098 3042 3168 ὀφθαλμὸς
3105 3097 3255 3168 αὑτῷ
3309 3098 3479 3151 ὕπνου
3536 3097 3805 3161 πολλάκις

2211 3195 2491 3265 γεύσαιτο,
2526 3191 2800 3264 καμφθεὶς
2825 3186 2931 3248 ὑπὸ
2958 3188 3056 3260 τῆς
3085 3190 3263 3243 πάντα
3297 3190 3534 3260 νικώσης
3561 3190 3804 3259 φύσεως,

2212 3282 2351 3353 πλὴν
2404 3281 2541 3334 ἁλλά
2595 3296 2663 3331 τα
2721 3279 2877 3350 χείλη
2937 3278 3068 3346 γοῦν
3120 3282 3189 3330 τα
3228 3278 3425 3331 ἑαυτοῦ
3471 3280 3538 3332 τὰ
3594 3280 3804 3351 συνήθη

2213 3375 2389 3425 ποιεῖν
2419 3368 2517 3443 ἦν·
2550 3370 2632 3423 διδ
2666 3374 2761 3423 καὶ
2802 3370 3006 3439 μεταξὺ
3044 3370 3334 3441 ἀναφέρων
3360 3370 3468 3423 ἀπὸ
3506 3370 3601 3423 τοῦ
3630 3370 3803 3424 ὕπνου

2211 3465 2310 3533 τὴν
2343 3464 2478 3537 πρὸς
2509 3464 2640 3516 Θεὸν
2675 3462 2819 3533 ᾠδὴν
2862 3466 2919 3514 ἐν
2948 3465 3058 3526 τοῖς
3112 3465 3319 3534 χείλεσι
3352 3464 3801 3534 κατελάμϐανεν,

2212 3560 2351 3613 ὥστε
2378 3558 2438 3610 τὸ
2459 3556 2550 3609 τοῦ
2581 3555 2727 3609 θείου
2767 3555 2951 3625 Δαϐζδδ
2982 3555 3162 3619 καλῶς
3206 3560 3302 3610 καὶ
3350 3558 3436 3611 ἐπ’
3464 3558 3613 3629 αὐτῷ
3663 3557 3801 3627 πλη-

2215 3650 2458 3723 ροῦσθαι,
2490 3647 2571 3713 τὸ,
2604 3646 2708 3701 Καὶ
2741 3647 2964 3712 νυκτὸς
2999 3646 3123 3716 ᾠδὴ
3152 3647 3340 3702 αὑτοῦ
3370 3648 3509 3717 παρ’
3537 3648 3684 3718 ἐμοί.

1987 3824 2214 3880 CAPUT
2258 3821 2398 3877 XIX.

1764 3935 1933 4008 Mors,
1968 3943 2263 4009 sepultura,
2288 3938 2570 3995 miratula.

588 4057 677 4110 83.
719 4052 891 4111 Porro
939 4065 1123 4109 autem
1173 4056 1346 4110 multa
1389 4072 1607 4125 quoque
1648 4058 1833 4111 dicunt
1882 4073 2001 4111 eum
2052 4058 2103 4111 in

513 4161 687 4203 mone
718 4151 1015 4212 divinasse,
1047 4151 1214 4202 multa
1255 4158 1435 4203 autem
1478 4153 1644 4203 etiam
1690 4152 2010 4218 prmttixisse
2041 4153 2108 4206 de

510 4237 733 4298 futuris,
768 4252 862 4304 per
915 4236 1176 4305 Spiritum
1205 4237 1297 4305 qui
1333 4236 1385 4289 in
1418 4237 1533 4303 ipso
1563 4238 1928 4291 cohabitabat.
1971 4237 2104 4290 Nam

513 4345 634 4382 cum
673 4343 796 4381 emn
847 4328 1259 4381 circumsistens
1309 4338 1454 4381 totus
1485 4340 1657 4382 cauus
1723 4329 2104 4391 fraternitatis,

512 4418 694 4485 Specie
748 4419 968 4485 quidem
1004 4418 1174 4484 illum,
1207 4434 1396 4471 revera
1438 4429 1616 4471 autem
1668 4420 1904 4489 scipsum
1940 4437 2107 4474 mms-

2286 4062 2400 4125 wy',
2437 4054 2614 4107 Πολλὰ
2650 4055 2751 4126 μὲν
2780 4054 2873 4109 οὖν
2918 4054 3013 4107 καὶ
3052 4056 3111 4107 ἰν
3165 4057 3232 4126 τῇ
3281 4054 3508 4127 τελευτῇ
3545 4075 3680 4125 φασι
3714 4060 3807 4112 τὸν

2210 4149 2381 4217 ἄνδρα
2410 4148 2746 4209 ὲπιθειάσαι,
2777 4146 2947 4199 πολλά
2978 4147 3034 4199 δὲ
3061 4146 3157 4201 καὶ
3181 4149 3310 4218 περὶ
3330 4149 3438 4201 τῶν
3472 4148 3805 4221 μελλόντων,

2211 4237 2299 4288 διὰ
2333 4236 2425 4287 τοῦ
2485 4235 2858 4298 συνοικοῦντος
2912 4236 3062 4306 αὐτῷ
3127 4238 3443 4308 [Ινεύματος
3494 4244 3808 4309 προειπεῖν.

2226 4328 2442 4395 Ἐπειδὴ
2485 4329 2594 4396 γὰρ
2619 4328 2978 4397 περιστάντες
3005 4329 3168 4382 αὑτὸν
3215 4332 3324 4383 πᾶν
3355 4330 3413 4384 τὸ
3449 4333 3549 4403 τῆς
3580 4334 3815 4402 ἀδελφο-

2212 4437 2374 4487 τητος
2402 4420 2704 4490 πλήρωμα,
2732 4421 2811 4491 τῷ
2848 4422 2946 4491 μὲν
2980 4422 3159 4486 δοκεῖν
3186 4425 3417 4491 ἐκεῖνον,
3466 4428 3533 4495 τῇ
3570 4426 3624 4477 δὲ
3674 4427 3810 4496 ἀληο

512 4507 747 4583 quisque
772 4506 1026 4566 deflebat,
1058 4515 1114 4557 ut
1145 4507 1233 4573 qui
1265 4507 1422 4558 lalt'ltt
1452 4509 1661 4560 l'atrem
1694 4511 1993 4574 amitteret,
2014 4511 2102 4579 qui

2213 4510 2335 4580 θείᾳ.
2368 4511 2598 4574 ἕκαστος
2630 4514 2824 4566 ἑαυτὸν
2874 4514 3198 4579 ἁπεόύρετο,
3261 4517 3483 4587 Πατέρα
3538 4519 3807 4583 τοιοῦτον,

508 4613 604 4651 eos
644 4598 693 4650 in
743 4598 959 4650 Christo
1010 4600 1199 4665 genuit
1247 4613 1314 4650 ex
1367 4596 1515 4650 Pauli
1560 4604 1859 4669 sententia,
1903 4606 2105 4668 quique

510 4692 814 4745 carnalium
849 4704 1060 4759 patrum
1088 4692 1297 4746 viscera
1320 4694 1476 4760 longe
1501 4696 1865 4749 \‘incebatsna
1900 4698 1949 4748 iu
1983 4698 2105 4751 illos

514 4783 821 4846 affectione,
848 4792 902 4837 et
932 4799 1056 4837 cum
1089 4800 1195 4850 quo
1252 4800 1359 4837 una
1415 4786 1736 4839 maluissent
1767 4786 2021 4851 deficere,
2057 4788 2100 4841 si

515 4872 630 4926 fieri
690 4876 975 4940 potuiSset,
1034 4890 1196 4943 quam
1244 4890 1366 4928 eum
1414 4876 1599 4929 videre
1651 4877 2025 4931 excedentem.
2057 4877 2104 4930 ls

510 4954 852 5017 antemarum
904 4980 999 5017 eos
1034 4967 1167 5018 satis
1217 4974 1361 5019 esset
1394 4964 1736 5028 adhortatus,
1781 4974 1839 5020 ut
1893 4968 1943 5019 in
1984 4968 2103 5021 loco

509 5066 913 5123 permanerent,
942 5067 995 5110 et
1027 5068 1081 5110 ut
1131 5057 1452 5123 ingruentes
1489 5062 1816 5112 tentationes
1842 5060 1909 5113 ad
1948 5060 2107 5113 linem

511 5163 687 5215 usque
722 5149 938 5201 fortiter
972 5148 1202 5213 ferrent,
1252 5157 1307 5200 et
1333 5159 1391 5199 ut
1426 5146 1506 5199 eis
1531 5149 1946 5218 obedirent,qui
1991 5159 2112 5219 post

513 5239 688 5306 ipsum
724 5236 1005 5308 praefuturi
1040 5246 1223 5290 essent
1279 5239 1648 5306 monasterio;
1686 5250 1739 5293 et
1769 5242 2113 5308 praedixisset

506 5335 710 5397 omnia,
772 5346 893 5400 quae
940 5344 1099 5385 erant
1134 5342 1422 5396 eventura,
1452 5336 1546 5388 dat
1589 5336 1671 5389 eis
1702 5334 1830 5387 illud
1858 5337 2101 5405 signum,

508 5423 652 5491 quod
689 5425 853 5476 tinent
875 5432 1062 5478 essent
1094 5433 1385 5490 acceptura
1409 5439 1495 5490 ea,
1530 5440 1651 5495 quas
1682 5426 1825 5480 dicta
1857 5434 2006 5481 sunt.
2046 5426 2102 5482 Si

506 5511 652 5565 enim
694 5521 815 5580 post
856 5526 1061 5578 meum,
1099 5512 1294 5581 inquit,
1349 5512 1635 5570 decessum
1693 5516 1937 5572 videritis
1972 5519 2104 5573 mihi

509 5612 727 5666 gregem
799 5600 1006 5669 augeri,
1042 5610 1099 5655 et
1128 5616 1236 5671 quo
1279 5603 1456 5674 magis
1514 5614 1727 5676 tempus
1751 5611 2103 5679 processerit,

589 5748 631 5781 "
668 5749 802 5805 Luc.
864 5769 979 5820 1m,
1010 5754 1100 5810 25.
1217 5758 1262 5789 ³⁸
1286 5758 1425 5814 Psal.
1450 5776 1523 5828 LI,
1556 5761 1606 5816 9.

2210 4604 2336 4671 φεῦ,
2373 4604 2793 4670 ἀποϐάλλοντες,
2845 4607 2901 4671 ὃς
2933 4610 2990 4659 ὲν
3021 4610 3245 4680 Χριστῷ
3299 4614 3443 4665 κατὰ
3472 4612 3681 4665 Παῦλον
3710 4614 3812 4665 αὑ-

2208 4694 2637 4763 τοὺςὲγὲννησε,
2667 4696 2845 4764 πολλῴ
2889 4699 3166 4768 σαρκικῶν
3200 4700 3452 4769 πατέρων
3520 4700 3810 4769 σπλάγχνα

2208 4788 2275 4857 τῇ
2319 4788 2457 4858 πρὶς
2483 4788 2729 4851 ἐκείνους
2759 4790 2999 4842 νικῶντα
3024 4791 3405 4861 φιλοστοργία,
3431 4794 3522 4847 καὶ
3556 4793 3805 4846 συνεκλιν

2210 4879 2329 4929 πεῖν
2358 4878 2508 4946 αὐτῷ
2537 4878 2760 4947 μᾶλλον,
2803 4881 2965 4951 εἴπερ
2994 4877 3107 4934 οἷόν
3152 4899 3213 4935 τε
3237 4879 3328 4955 ἧν,
3370 4884 3403 4953 ἢ
3459 4884 3808 4954 ἐκδημοῦντα

2225 4972 2353 5024 ἰδεῖν
2406 4971 2714 5026 ἐϐούλοντο.
2763 4974 2821 5027 Ὀ
2870 4975 2932 5050 ,δὲ
2967 4976 3167 5037 ἱκανῶς
3222 4977 3404 5039 αὑτοῖς
3461 4982 3809 5049 παραινέσας

2219 5063 2485 5134 ἐπιμονὴν
2519 5064 2619 5133 τὴν
2645 5068 2705 5117 ὲν
2737 5065 2814 5135 τῷ
2845 5067 3016 5137 τόπῳ.
3049 5068 3375 5138 πειρασμῶν
3398 5085 3456 5120 τε
3491 5068 3597 5121 τῶν
3638 5070 3811 5137 ἐπερ-

2217 5154 2466 5222 χομένων
2506 5155 2634 5224 ἄχρι
2664 5156 2759 5208 καὶ
2785 5156 2938 5219 τέλος
2971 5159 3276 5227 ὑπομονὴν,
3319 5158 3402 5212 ἔτι
3427 5177 3489 5227 γε
3531 5161 3638 5230 μὴν
3668 5160 3808 5229 πρὸς

2218 5245 2344 5308 τοὺς
2381 5247 2497 5315 μετ’
2527 5248 2692 5300 αὑτὸν
2726 5248 2822 5315 τῆς
2855 5251 3023 5319 μονῆς
3052 5249 3496 5320 ἑξηγησομένους
3532 5251 3804 5321 ὑπακοὴν,

2211 5336 2391 5390 πάντα
2430 5354 2488 5390 τε
2519 5337 2589 5391 τὰ
2618 5340 3054 5411 καταληψόμενα
3094 5343 3398 5412 προειπὼν,
3450 5345 3679 5413 σημεῖον
3710 5344 3809 5398 αὑ-

2212 5432 2325 5492 τοῖς
2354 5430 2446 5483 τοῦ
2486 5435 2582 5484 καὶ
2614 5433 2790 5501 πέρας
2824 5436 2895 5487 τὰ
2941 5436 3215 5506 εἰρημένα
3261 5434 3449 5489 λαϐεῖν
3498 5436 3686 5489 ἐκεῖνο
3728 5435 3809 5489 δί-

2213 5518 2402 5574 δωσιν.
2436 5522 2497 5574 ΕΞ
2537 5523 2635 5592 μὲν
2682 5526 2793 5595 γὰρ
2823 5526 2962 5596 μετὰ
3014 5527 3111 5597 τὴν
3152 5525 3314 5598 ἐμὴν,
3370 5525 3498 5597 ἔφη,
3544 5525 3808 5598 τελευτὴν

2215 5614 2583 5685 αὐξανόμενον
2612 5634 2703 5687 μοι
2732 5619 2796 5671 τὸ
2832 5616 3087 5690 ποίμνιον
3124 5619 3294 5690 ἴδητε,
3328 5621 3422 5674 καὶ
3456 5622 3566 5691 ὅσῳ
3604 5624 3804 5677 πᾶλλον
