4144 6400
399 307 513 373 ιεο

1369 298 1544 360 VlTA
1590 298 1648 357 S.
1687 292 2102 357 THEODOSII
2145 291 2749 362 C(ENOBIARCHE.
3571 301 3679 367 550

401 430 432 479 δ
469 420 661 493 χρόνος
704 414 908 487 προΐοι,
940 411 1181 483 τοσοὺτῳ
1219 410 1405 482 μεῖζον
1440 410 1633 464 ἑαυτοῦ
1663 409 1756 462 καὶ
1811 409 1991 478 κρεῖτ-

2117 419 2255 462 anto
2307 426 2365 465 se
2399 411 2658 479 majorem
2705 412 2935 467 evadere
2969 421 3022 467 et
3075 412 3374 480 nicliorem,
3420 425 3547 471 tunc
3576 417 3698 470 dion

401 534 495 569 τον
526 511 836 583 γινόμενον,
875 507 1078 577 χρῆναι
1110 504 1416 574 τηνικαῦτα
1441 504 1584 573 φημὶ
1605 502 1702 554 καὶ
1736 519 1799 553 πε
1813 500 1865 569 pl.
1890 498 1998 550 τῶν

404 608 586 663 ἄλλων
614 600 906 662 εὐέλπιδας
933 599 1074 669 ὑμᾶς
1113 593 1282 650 εἶναι.
1316 596 1379 648 ΕΞ
1406 594 1463 647 δὲ
1497 594 1570 665 μὴ
1611 593 1783 647 ταῦτα
1809 591 2000 644 τοῦτον

406 699 521 765 ἕξει
567 696 660 749 τὸν
688 693 911 762 τρόπον,
966 688 1191 759 εὔδηλον
1220 688 1303 740 ὅτι.
1339 686 1512 756 πέρας
1536 684 1659 738 οὐδὲ
1711 683 1778 736 τὰ
1810 680 1999 736 λειπό-

406 811 550 866 μενα
569 789 826 860 λήψεται.

480 881 585 937 πδ’.
621 881 807 950 Ἀπερ
836 862 886 933 εί
928 869 1070 932 κάτὰ
1099 877 1199 940 τὰς
1229 873 1396 930 αὖτοῦ
1450 871 1790 943 προρρήσεις
1830 867 1992 937 ἐξέϐη

405 978 505 1031 καὶ
534 976 690 1038 τέλος
720 972 967 1043 εἴληφεν,
1018 969 1158 1023 αὐτὰ
1202 967 1310 1038 πρὸ
1365 965 1475 1019 τῶν
1510 962 1688 1017 ἄλλων
1723 961 1997 1032 μαρτυρεῖ

405 1068 474 1122 τὰ
493 1064 789 1139 ὁρώμενα·
826 1060 1058 1132 μέγεθός
1113 1076 1172 1113 τε
1204 1058 1313 1111 τῶν
1341 1056 1444 1126 τῆς
1486 1054 1657 1125 μονῆς
1710 1052 1994 1120 οἰκοδομηο

412 1161 623 1231 μάτων,
670 1157 770 1211 καὶ
809 1155 1013 1226 πλῆθος
1050 1152 1158 1206 τῶν
1212 1148 1592 1213 ἐνοικούντων,
1653 1145 1748 1198 καὶ
1798 1145 1860 1196 τὸ
1900 1142 2000 1212 τῆς

409 1250 611 1320 ἀρετῆς
634 1248 818 1301 αὐτῶν
845 1242 1252 1317 ἀπαράμιλλον.
1287 1240 1399 1310 Τὴν
1438 1238 1495 1292 δέ
1522 1237 1586 1306 δὴ
1618 1234 1801 1300 ζῶσαν
1852 1232 1999 1286 ἐκεί-

411 1361 504 1395 νου
545 1340 703 1407 δόξαν
734 1337 827 1391 καὶ
861 1337 1000 1408 μετὰ
1030 1336 1121 1389 τὸν
1153 1334 1406 1398 θάνατον,
1441 1331 1537 1383 καὶ
1572 1322 1673 1398 ὅση
1709 1325 1795 1407 τῷ,
1845 1323 2003 1395 ἀνδρὶ

365 1496 371 1502 ρ
415 1433 551 1501 πρὸς
576 1430 715 1483 Θεὸν
739 1427 1045 1499 παρρησία,
1081 1426 1232 1488 τίνες
1274 1424 1340 1477 ἂν
1392 1422 1542 1477 ἄλλοι
1594 1420 1780 1488 σαφῶς
1820 1434 2003 1486 παρει-

422 1522 697 1588 στήσαιεν,
724 1517 757 1587 ἢ
782 1515 1055 1585 ὀφθαλμοὶ
1085 1513 1184 1584 μὲν
1235 1512 1476 1581 τυφλῶν,
1515 1511 1674 1573 πόδες
1703 1509 1759 1562 δὲ
1788 1508 2001 1578 χωλῶν,

430 1611 529 1663 καὶ
564 1612 736 1680 χεῖρες
774 1608 883 1661 τῶν
928 1606 1133 1671 ταύτας
1162 1604 1270 1677 πρὸ
1305 1604 1414 1657 τῶν
1438 1603 1616 1673 εὐχῶν
1644 1601 1856 1655 ἐκείνου
1895 1616 2001 1668 πη-

436 1702 566 1773 ρῶν,
595 1702 648 1754 ai
674 1702 767 1772 μὲν
803 1700 864 1753 τδ
895 1701 1184 1777 κινεῖσθαι,
1208 1699 1257 1751 οἱ
1303 1697 1359 1750 δὲ
1390 1697 1450 1749 τὸ
1486 1694 1726 1767 τρέχειν,
1771 1694 1820 1746 οἱ
1848 1693 1904 1746 δὲ
1935 1693 2004 1746 δι’

2110 518 2208 556 vos
2239 504 2304 557 de
2323 503 2446 557 aliis
2471 519 2686 573 quoque
2712 505 2906 558 bonam
2937 519 3087 574 spem
3119 514 3370 574 oportere
3389 508 3699 574 concipere.

2108 592 2261 659 Quod
2317 592 2362 646 si
2433 607 2540 645 non
2588 597 2699 646 sint
2752 594 2866 648 haec
2923 594 3025 648 hoc
3093 594 3249 649 modo
3322 610 3381 649 se
3426 595 3699 661 habitura,

2109 684 2313 738 clarmn
2352 692 2471 739 'est
2557 684 2676 740 fore
2726 694 2782 740 ut
2820 676 2931 742 nec“
2969 688 3177 760 reliqua
3230 688 3392 742 fluent
3446 689 3557 744 sint
3612 703 3705 744 ac-

2112 787 2268 845 CcpIu
2279 792 2331 829 ra
2343 814 2357 830 .

2150 880 2153 883 '
2179 866 2268 920 84.
2307 867 2436 935 ριιτῐι
2459 868 2674 938 quidem
2701 883 2767 923 an
2796 869 3096 934 evenerint,
3121 871 3257 926 sicut
3293 872 3381 928 ille
3427 876 3702 944 prmdixit,

2108 968 2162 1011 et
2193 958 2356 1012 linem
2398 960 2736 1029 acceperint,
2781 960 2897 1030 ipsa
2929 972 3056 1016 ante
3107 961 3210 1016 alia
3264 973 3536 1020 testantur
3584 983 3704 1038 qua:

2108 1052 2387 1117 videntur,
2409 1053 2725 1123 magnitudo
2741 1053 2957 1124 quidem
2984 1054 3337 1109 aediﬁciorum
3359 1061 3700 1125 monasterii,

2110 1154 2164 1198 et
2201 1142 2490 1199 multitudo
2514 1160 2702 1199 eorum
2729 1145 2820 1215 qui
2852 1133 3181 1212 inhabitant,
3220 1156 3495 1202 eLeorum
3529 1151 3705 1204 virtus

2109 1235 2403 1307 ejusmodi,
2458 1245 2517 1290 ut
2565 1253 2686 1291 cum
2740 1240 2822 1292 eis
2874 1253 3034 1292 nemo
3101 1238 3274 1309 possit
3350 1242 3699 1295 contendere.

2113 1329 2299 1382 Vivam
2320 1339 2503 1384 autem
2539 1329 2682 1383 illius
2703 1339 2824 1399 post
2854 1339 3082 1385 mortem
3117 1345 3333 1401 quoque
3358 1332 3607 1398 gloriam,
3650 1345 3707 1388 et

2109 1431 2311 1492 quanta
2349 1421 2397 1477 ei
2433 1418 2599 1476 fuerit
2651 1423 2793 1488 apud
2847 1419 3014 1476 Deum
3073 1423 3307 1488 ﬁducia;-
3343 1424 3562 1493 quiuam
3614 1424 3704 1479 alii

2112 1513 2355 1582 apertius
2381 1512 2746 1575 ostenderint,
2795 1528 2957 1582 quam
2994 1513 3135 1569 oculi
3169 1516 3389 1585 quidem
3415 1532 3703 1582 (meorum,

2112 1605 2277 1676 pedes
2311 1619 2440 1658 vero
2491 1603 2835 1671 claudor-um,
2865 1614 2919 1658 et
2952 1622 3144 1660 manus
3173 1592 3359 1660 eorum
3416 1609 3508 1677 qui
3548 1616 3706 1663 erant

2115 1698 2293 1754 manci
2326 1706 2452 1751 ante
2486 1695 2628 1750 illius
2651 1713 2839 1767 preces
2873 1716 2888 1754 :
2919 1714 2982 1753 ex
3016 1699 3213 1767 quibus
3246 1699 3351 1753 illa:
3382 1699 3600 1769 quidem
3646 1716 3705 1759 ιιι

426 1796 636 1846 ἐκείνου
664 1793 723 1845 τὸ
746 1775 964 1864 βλέπειν
995 1789 1498 1860 ἀπολαμϐάνοντες,
1521 1789 1616 1840 καὶ
1635 1787 1741 1857 πρὸ
1771 1787 1998 1853 τούτων,

2117 1798 2494 1854 moverentur,
2550 1790 2605 1844 hi
2662 1805 2788 1845 vero
2844 1799 2902 1844 ut
2954 1798 3276 1854 currerent,
3334 1792 3477 1846 oculi
3522 1802 3704 1846 atttem

421 1885 561 1954 αὑτὴ
581 1883 688 1938 τῶν
714 1883 986 1952 λειψάνων
1010 1883 1043 1953 ἡ
1072 1881 1250 1953 σορὸς,
1278 1879 1431 1953 πηγὴ
1462 1879 1638 1949 μύρου
1666 1879 2005 1950 γνωριζομέ-

419 1997 484 2049 VT.
503 1995 517 2043 ς

492 2158 597 2213 πέ.
655 2157 797 2212 Ἀλλ’
849 2155 1082 2210 ἐνταῦθα
1119 2155 1218 2226 μὲν
1269 2153 1299 2206 ό
1335 2153 1492 2221 λόγος
1541 2152 1689 2224 ἡμᾶς
1723 2151 1915 2222 ὥσπερ
1953 2167 2005 2203 τι

424 2252 608 2324 ῥεῦμα
650 2250 834 2322 φέρων
862 2250 1214 2320 παρήνεγκεο
1255 2244 1336 2299 δεῖ
1374 2246 1429 2298 δέ
1456 2246 1549 2299 καὶ
1593 2244 1755 2298 πλέον
1791 2244 2009 2314 ἐπιμεία

417 2362 509 2396 ναι
543 2346 610 2413 τῇ
635 2340 887 2411 τελευτῇ,
920 2340 1014 2394 καὶ
1045 2338 1136 2392 τὸν
1168 2339 1370 2410 τρόπον
1394 2339 1541 2400 ὅπως
1574 2336 1778 2407 ἐπῆλθε
1815 2336 2006 2390 διαλα-

414 2436 556 2502 δεῖν,
592 2435 689 2489 καὶ
720 2433 903 2503 μέντοι
932 2433 999 2487 τὰ
1024 2431 1110 2486 ἐπ’
1137 2431 1275 2503 αὐτῇ
1307 2429 1861 2503 παρακολουθήσαντα
1874 2446 2008 2501 1:91-

415 2528 639 2597 νῦτερον
675 2524 937 2590 ἐξειπεῖν.
978 2524 1131 2576 Ἐπεὶ
1176 2523 1286 2592 γὰρ
1332 2522 1742 2594 πλησιάζουσαν
1774 2522 1948 2593 αὐτὴν
1980 2524 2009 2576 ὁ

421 2620 599 2689 μέγας
634 2616 802 2687 ἐώρα,
839 2616 930 2669 καὶ
961 2615 1076 2686 ᾔδει
1103 2613 1288 2667 λοιπὸν
1314 2615 1397 2667 ὅτι
1433 2613 1570 2684 μετὰ
1602 2613 1796 2684 τρίτην
1827 2611 2008 2683 αὐτὴν

416 2713 639 2781 ἡμέραν
666 2709 742 2779 τῷ
793 2708 958 2779 κοινῷ
987 2711 1078 2760 καὶ
1127 2706 1368 2778 οὐρανίῳ
1400 2706 1577 2779 Πατρὶ
1622 2704 2007 2778 παραπέμψει,

415 2805 571 2872 τρεῖς
625 2800 818 2871 μόνους
865 2799 974 2853 τῶν
1005 2798 1323 2851 ἐπισκόπων
1354 2797 1448 2849 ἐπὶ
1499 2797 1773 2868 προφάσει
1821 2795 2010 2865 κοινῆς

416 2894 614 2964 χρείας
650 2891 1165 2962 μεταστειλάμενος,
1205 2890 1319 2956 (τὸν
1343 2888 1501 2961 ὄχλον
1523 2888 1633 2960 γὰρ
1677 2890 1886 2951 ἐκεῖνος
1915 2887 2011 2941 καὶ

419 3003 481 3038 το
521 3004 548 3049 ς
582 2984 844 3054 θορύϐους
883 2983 1119 3054 μάλιστα
1180 2981 1526 3053 περιίστατο)
1575 2983 1671 3035 καὶ
1729 2983 1866 3051 ἃμα,
1922 2981 2009 3034 ἵνα

2106 1894 2164 1939 ιιι
2188 1884 2454 1948 viderent,
2488 1898 2584 1952 per
2620 1897 2742 1937 eum
2790 1890 3120 1952 acceperunt
3162 1899 3177 1939 :
3223 1892 3278 1936 et
3318 1898 3428 1952 pra:
3462 1884 3545 1937 his
3580 1884 3700 1952 ipse

2105 1976 2317 2033 loculus
2338 1976 2715 2049 reliquiarum,
2791 1977 2884 2045 qui
2915 1977 3176 2047 unguenti
3206 1974 3327 2031 fons
3352 1991 3471 2032 csse
3502 1991 3704 2047 cogno-

2106 2070 2280 2126 scitur
2307 2069 2330 2123 ?

2178 2162 2270 2218 85.
2303 2162 2411 2217 Sed
2457 2162 2563 2217 huc
2617 2176 2715 2217 nos
2747 2161 2963 2232 quidem
2998 2162 3193 2227 oratio,
3236 2169 3488 2232 tanquam
3530 2159 3703 2214 liuen-

2111 2265 2222 2310 tum
2247 2254 2470 2325 aliquod
2500 2253 2699 2310 detulit
2736 2272 2750 2308 :
2779 2263 2991 2323 oportet
3017 2254 3223 2307 νειοῖο
3254 2252 3372 2322 ejus
3397 2262 3570 2306 morte
3587 2267 3705 2306 amo

2108 2349 2253 2420 plius
2280 2347 2586 2410 immorari,
2632 2353 2687 2401 et
2713 2355 2949 2400 tractare
2974 2345 3428 2414 quemadmodum
3454 2359 3705 2399 excusse-

2108 2440 2202 2505 rit,
2234 2449 2290 2494 et
2327 2454 2390 2491 ea
2444 2436 2629 2501 etiam,
2663 2452 2784 2505 qua:
2836 2446 2960 2507 post
2997 2436 3167 2504 ipsam
3228 2445 3354 2489 sunt
3384 2445 3703 2500 consecuta,

2109 2530 2355 2601 apertius
2377 2530 2581 2599 eloqui.
2617 2527 2909 2598 Postquam
2940 2530 3083 2582 enim
3124 2527 3255 2581 ridit
3294 2542 3521 2596 magnus
3559 2525 3704 2579 illam

2109 2624 2571 2693 appropinquare,
2607 2629 2662 2674 et
2702 2620 2859 2675 scivit
2885 2618 3149 2687 futurum,
3191 2629 3249 2673 ut
3293 2629 3414 2689 post
3444 2631 3556 2673 tres
3592 2621 3707 2675 dies

2109 2713 2176 2766 ad
2205 2723 2553 2768 communem
2589 2710 2807 2765 Patrem
2845 2717 2900 2764 et
2945 2709 3225 2765 cmlcstcm
3255 2711 3653 2765 transmitteret
3686 2725 3707 2765 ε

2110 2820 2232 2858 cum
2257 2813 2368 2858 tres
2384 2802 2532 2858 solos
2579 2803 2865 2872 episcopos
2908 2802 3252 2865 accersisset,
3283 2802 3509 2871 perinde
3538 2818 3601 2856 ac
3639 2803 3707 2856 de

2112 2909 2173 2950 re
2223 2895 2403 2962 aliqua
2456 2895 2736 2948 communi
2793 2909 2913 2946 cum
2960 2894 3040 2947 eis
3078 2904 3441 2960 tractaturus,
3464 2893 3704 2963 (turbam

2109 2988 2255 3041 enim
2272 2996 2324 3041 et
2345 2985 2605 3039 tumultus
2625 2984 2826 3038 vitabat
2845 2983 2935 3036 ille
2952 2985 3236 3054 maxime.)
3262 2995 3314 3038 ct
3342 2986 3500 3039 simul
3516 2985 3704 3049 etiam,

419 3084 517 3132 καὶ
544 3080 653 3131 τῶν
689 3077 914 3149 ἡμερῶν
956 3076 1184 3148 ἀριθμὸν
1248 3076 1315 3129 δι’
1363 3076 1553 3128 ἀὑτῶν
1607 3075 1883 3145 ὑποφήνῃ,
1932 3073 2007 3137 ὡς

2117 3090 2175 3136 ιιι
2195 3079 2407 3134 dierum
2436 3080 2718 3133 nuincruzn
2756 3093 2850 3147 per
2878 3077 3024 3147 ipsos
3040 3079 3374 3142 Ostende-ret,
3402 3078 3542 3146 quod
3559 3077 3707 3131 scili-

418 3171 534 3225 τῶν
564 3171 736 3242 τριῶν
769 3171 830 3222 οὐ
860 3169 1078 3232 πλείους
1131 3166 1364 3238 ἐπιϐιῴη
1390 3181 1405 3195 ⁸
1451 3167 1677 3231 τούτους
1710 3165 1803 3219 οὖν
1837 3182 2005 3235 μετα-

419 3263 777 3333 στειλάμενος
805 3260 1111 3325 ἁσπάζεται
1157 3263 1364 3331 χαίρων
1398 3260 1756 3331 ἀνιωμένους,
1803 3259 2008 3330 δακρύ-

417 3370 587 3416 οντας
616 3353 680 3405 οὐ
710 3351 988 3421 δακρύων,
1011 3353 1356 3422 ἀθυμοῦντας
1381 3350 1541 3414 αὐτὸς
1559 3351 2006 3421 εὐφραινόμενος,

421 3446 619 3517 ὥσπερ
648 3445 758 3515 ἄρα
811 3444 905 3497 καὶ
937 3429 1229 3498 ἀκόλουθον
1257 3439 1345 3514 ἦν.
1389 3445 1452 3496 0i
1490 3443 1589 3514 μὲν
1628 3443 1736 3513 γὰρ
1790 3444 1880 3496 τὸν
1915 3460 2012 3496 πο-

422 3538 695 3606 θούμενον
731 3536 1062 3609 ἀφῃροῦντο,
1107 3538 1134 3589 ὀ
1172 3536 1229 3590 δὲ
1276 3537 1408 3606 πρὸς
1467 3536 1525 3590 ὃν
1577 3536 1761 3589 ἐπόθει
1812 3536 2011 3606 μᾶλλον

425 3632 687 3700 ἁνήγετο’
724 3630 821 3682 καὶ
841 3631 891 3681 οἱ
919 3628 1017 3699 μὲν
1048 3628 1254 3700 πατρὸς
1282 3628 1556 3696 ὑπέμενον
1590 3629 1872 3699 στέρησιν,
1906 3630 1933 3680 ό
1953 3627 2012 3680 δὲ

427 3723 568 3793 πρὸς
600 3722 805 3790 πατρὸς
867 3720 1068 3793 μᾶλλον
1121 3718 1318 3790 ἐχώρει
1355 3719 1583 3789 σκηνάς.
1628 3712 1687 3772 ⁸0
1730 3721 1829 3789 μὲν
1860 3721 2015 3785 τέλος

435 3812 584 3880 ἐείιρα
609 3812 714 3864 τῶν
736 3812 1020 3877 ἀνιόντων,
1041 3811 1090 3863 οἱ
1112 3812 1168 3863 δέ
1197 3810 1460 3880 λυπηρῶν
1482 3810 1654 3881 ἀρχὴν
1685 3810 1779 3863 τὸν
1804 3811 2013 3877 ἐκείνου

444 3900 668 3952 θάνατον
714 3901 1018 3955 ἐποιοῦντο.
1054 3899 1283 3951 Ἔπειτα
1335 3903 1523 3969 χεῖρας
1574 3900 1655 3959 είς
1705 3896 2015 3967 προσευχὴν

446 3991 705 4057 ἀνασχὼν,
736 3994 804 4044 τὰ
834 3991 985 4061 χείλη
1043 4007 1102 4043 τε
1152 3992 1338 4060 ἡρέμα
1384 3990 1743 4058 ὑποκινήσας,
1778 3989 1852 4049 ὼς
1899 3991 2018 4050 τοῖς

443 4083 762 4152 παροπτῶσι
806 4083 1071 4155 παρέχειν
1103 4086 1372 4150 ὑπονοεῖν,
1408 4083 1489 4135 ὅτι
1532 4081 1599 4141 τὰ
1627 4081 1724 4149 τῆς
1782 4078 2017 4148 ἐσχάτης

438 4174 740 4243 φθέγγεται
779 4176 913 4247 πρὶς
946 4176 1078 4228 Θεὸν
1112 4175 1402 4245 ἐκδημίας,
1443 4176 1537 4227 καὶ
1592 4174 1730 4244 μετὰ
1773 4173 1871 4241 τὴν
1927 4173 2021 4226 εὐ-

435 4270 549 4339 χὴν
583 4271 726 4321 κατὰ
776 4270 836 4321 τὸ
884 4268 1163 4339 εὔσχημον
1198 4266 1368 4330 αὐτὰς
1418 4265 1628 4328 ἐπιθεὶς
1668 4263 1744 4334 τῷ
1810 4262 2051 4334 στήθει,·

428 4363 534 4431 τὴν
560 4360 819 4428 γενναίαν
852 4359 1069 4430 ἐκείνην
1106 4358 1285 4428 ψυχὴν
1311 4359 1403 4410 καὶ
1434 4355 1686 4424 δαίμοσιν
1739 4354 1907 4417 ὅντως
1932 4369 2022 4421 φο-

2115 3158 2205 3227 cet
2220 3172 2338 3243 plus
2365 3187 2525 3241 quam
2550 3181 2781 3226 tresnon
2803 3172 3160 3235 viveret;rum
3192 3169 3708 3238 eoscigoaccersis-

2115 3276 2222 3329 set,
2239 3264 2603 3319 salutati-mltis
2635 3264 2842 3329 tristes,
2860 3261 3227 3333 lacrymantes
3244 3278 3349 3315 non
3368 3263 3698 3332 Iacrymans,

2117 3357 2300 3412 animo
2339 3356 2530 3431 anxios
2564 3357 2676 3422 ipse
2711 3354 2918 3421 hilaris,
2948 3360 3090 3408 sicut
3121 3355 3287 3408 etiam
3320 3364 3437 3407 erat
3475 3369 3710 3408 Consen-

2117 3458 2357 3505 taneum.
2398 3447 2537 3512 Nam,
2564 3445 2637 3499 illi
2673 3447 2888 3515 quidem
2923 3445 3276 3515 privabantur
3308 3461 3394 3510 eo,
3428 3446 3517 3513 qui
3560 3445 3709 3499 desi-

2118 3538 2450 3604 derabatur;
2507 3537 2592 3591 hic
2637 3552 2763 3591 vero
2801 3537 3170 3592 deducebatur
3220 3537 3286 3591 ad
3342 3553 3488 3603 eum,
3545 3553 3708 3609 quem

2119 3633 2293 3702 magis
2323 3630 2697 3695 desiderabat;
2737 3640 2791 3683 et
2826 3628 2898 3683 illi
2934 3629 3151 3697 quidem
3197 3621 3255 3684 se
3316 3643 3468 3698 patre
3502 3633 3705 3699 privari

2121 3738 2264 3793 agre
2295 3721 2566 3781 ferebant,
2625 3719 2712 3774 hic
2744 3736 2875 3774 vero
2930 3721 3381 3789 proficiscebatur
3411 3722 3477 3776 ad
3529 3721 3708 3777 Patris

2125 3810 2498 3868 tabernacula.
2524 3810 2622 3863 llic
2653 3809 2868 3878 quidem
2898 3812 3116 3864 videbat
3148 3813 3309 3864 linem
3342 3827 3556 3880 eorum,
3585 3830 3706 3880 qutc

2123 3906 2173 3961 ei
2206 3903 2503 3961 efferebant
2558 3902 2898 3968 molestiam;
2940 3902 3012 3955 illi
3068 3918 3198 3957 vero
3247 3904 3520 3957 ducebant
3558 3905 3703 3960 illius

2127 4006 2357 4050 mortem
2392 4009 2514 4049 esse
2539 4009 2717 4047 rerum
2753 3993 3099 4047 molestarum
3127 3995 3476 4063 principium.
3507 3996 3707 4053 Deinde

2124 4104 2248 4144 cum
2295 4103 2486 4142 manus
2520 4085 2832 4142 sustulisset
2874 4086 2940 4139 ad
2968 4087 3257 4152 orandum,
3313 4098 3363 4140 et
3400 4087 3546 4141 labra
3580 4105 3709 4143 seu.

2125 4181 2227 4236 sim
2270 4180 2550 4244 movisset,
2592 4179 2662 4232 ita
2699 4189 2758 4232 ut
2818 4178 2908 4245 iis,
2956 4179 3044 4246 qui
3081 4180 3353 4242 astabant,
3383 4181 3713 4249 rt‘littqucl‘t‘l

2126 4274 2504 4343 cogitanuom,
2533 4270 2676 4341 quod
2700 4271 2932 4324 extremi
2959 4273 3022 4322 ad
3062 4271 3234 4324 Deum
3264 4287 3519 4325 excessus
3546 4275 3709 4327 rurba

2127 4362 2466 4433 loqueretur,
2531 4373 2586 4417 et
2651 4372 2769 4434 post
2810 4363 3114 4418 orationem
3147 4379 3239 4418 cas
3274 4364 3470 4418 decore
3503 4367 3708 4433 pectori

430 4449 627 4520 ὄερὰν,
660 4453 756 4503 καὶ
793 4451 1082 4521 ἀήττητον,
1108 4451 1184 4510 εἰς
1222 4450 1409 4517 χεῖρας
1454 4444 1589 4498 Θεοῦ
1638 4444 2011 4517 παρατίθεται,

2131 4456 2501 4521 imposuisset,
2526 4468 2848 4525 generosam
2894 4456 3037 4508 illam
3089 4465 3143 4509 et
3195 4470 3324 4507 vere
3371 4457 3710 4511 titetnonilitts

425 4542 529 4609 ἔτη
559 4541 723 4593 πέντε
762 4542 897 4611 πρὸς
931 4543 1044 4601 τοῖς
1090 4540 1285 4592 ἐκατὸν
1334 4539 1403 4591 τὰ
1461 4538 1642 4589 πάντα
1695 4536 1867 4606 βιοὺς,
1922 4536 2019 4589 καὶ

426 4633 604 4702 ὀλίγῳ
637 4633 802 4687 πλέον
835 4635 869 4704 ἢ
898 4633 1141 4687 ἔλαττον.
1170 4630 1321 4702 Ίίμᾷ
1343 4631 1397 4683 δὲ
1451 4632 1478 4682 ὀ
1503 4630 1634 4692 Θεὸς
1680 4628 1879 4682 αὐτίκα
1915 4629 2018 4701 τὴν

424 4724 693 4796 τελευτὴν
717 4724 954 4795 θαύματι
979 4722 1274 4793 θεσπεσίῳ.
1313 4721 1445 4775 Τόδε
1478 4717 1564 4794 ἦν’

510 5013 595 5060 nr:
618 5036 634 5052 .
661 4998 826 5069 Ἀνήρ
850 5015 957 5064 τις,
989 4997 1230 5068 τοῦνομα
1252 4999 1543 5068 Στέφανος,
1572 5000 1727 5068 γένος
1765 4999 2018 5067 ’Λλεεανη

428 5090 619 5159 ὄρεξις,
656 5090 841 5142 ἱκανὸν
880 5088 983 5160 ἤδη
1010 5090 1205 5160 χρόνον
1233 5090 1505 5158 πνεύματι
1531 5088 1752 5162 πονηρῷ
1792 5092 2021 5162 κάτοχος

429 5178 527 5252 ἦν,
563 5182 661 5233 καὶ
707 5183 894 5251 τυχεῖν
928 5180 1029 5251 μὲν
1073 5183 1171 5235 καὶ
1228 5184 1494 5254 πρότερον
1538 5182 1877 5253 θεραπευτοῦ
1927 5182 2021 5236 τοῦ

435 5272 684 5343 μεγάλου
731 5273 1009 5343 δεόμενος,
1043 5275 1140 5326 καὶ
1190 5274 1276 5329 διὰ
1306 5273 1466 5327 τοῦτο
1516 5275 1677 5346 μέχρι
1716 5276 1812 5329 καὶ
1841 5274 2025 5328 τελευ-

432 5364 597 5426 ταίας
629 5346 790 5435 ἀὐτῷ
837 5366 1186 5435 παραμείνας
1228 5366 1544 5436 ἁναπνοῆςο
1584 5367 1646 5419 οὐ
1708 5365 1890 5437 τυχὼν
1942 5366 2023 5430 δὲ,

436 5458 697 5529 θειοτέρα
719 5459 830 5511 τινὶ
876 5458 1113 5521 πάντως
1132 5458 1438 5530 οἰκονομίᾳ,
1476 5457 1618 5512 ὥστε
1647 5459 1787 5530 μετὰ
1806 5458 1905 5531 τὴν
1931 5457 2025 5512 τοῦ

438 5551 746 5622 συνδέσμου
780 5552 938 5607 λύσιν
968 5550 1064 5605 καὶ
1093 5553 1292 5622 ἄφεσιν
1317 5550 1413 5605 τοῦ
1445 5553 1715 5623 μακαρίου
1752 5553 1896 5623 φημὶ
1920 5570 2028 5608 πα-

435 5644 693 5715 {poemati
714 5647 818 5716 τῆς
844 5644 941 5699 τοῦ
990 5644 1232 5717 πονηροῦ
1288 5643 1603 5716 πνεύματος
1632 5645 1881 5716 ἀφέσεως
1933 5660 2027 5700 τα-

442 5741 799 5809 μιευομένης.
825 5731 1000 5804 Οὗτος
1029 5736 1124 5794 οὖν
1151 5740 1217 5809 τῇ
1252 5740 1496 5810 φερούσῃ
1526 5739 1684 5813 κλίνῃ
1718 5740 2023 5811 νεκρδνῆδη

2131 4545 2453 4600 terribileur
2493 4557 2550 4599 et
2585 4544 3063 4616 inexpugnabilem
3106 4544 3338 4597 animam
3367 4550 3712 4603 cotntneinlat

2127 4639 2181 4693 in
2216 4654 2407 4692 manus
2433 4638 2551 4702 Dei,
2596 4652 2722 4691 cum
2751 4653 2942 4691 omnes
2988 4653 3159 4690 annos
3217 4639 3442 4692 vixisset
3492 4650 3708 4692 centum

2123 4739 2179 4784 et
2233 4729 2495 4798 quinque,
2552 4740 2607 4782 ct
2656 4728 2814 4797 paulo
2866 4728 3117 4795 amplius.
3175 4728 3315 4783 Deus
3362 4714 3542 4782 autem
3595 4726 3711 4795 ejus

2124 4831 2357 4875 mortem
2381 4817 2565 4874 Statim
2601 4819 2828 4873 honorat
2859 4819 3041 4875 divino
3067 4820 3351 4875 miraculo.
3379 4818 3491 4874 lloc
3523 4830 3707 4874 autem

2123 4911 2224 4968 fuit
2260 4928 2273 4964 :

2198 5005 2288 5060 86.
2322 5002 2415 5059 Vir
2440 5003 2684 5073 quidam,
2718 5005 2940 5059 nomine
2993 5003 3326 5074 Stephanus,
3362 5021 3560 5077 genere
3583 5007 3711 5060 Alr-

2128 5096 2450 5161 xandrinus,
2487 5094 2577 5164 qui
2605 5089 2718 5161 jam
2751 5095 2909 5163 longo
2942 5106 3187 5165 tempore
3209 5100 3513 5151 vexabatur
3540 5114 3568 5150 ιι
3597 5114 3711 5149 nia-

2129 5184 2274 5256 Iiguo
2330 5176 2561 5255 spiritu,
2606 5195 2662 5238 et
2720 5202 2972 5255 magnum
3015 5186 3234 5253 quidem
3290 5187 3442 5257 prius
3498 5200 3711 5258 rogarat

2131 5278 2524 5344 Theodosium,
2555 5287 2612 5333 ut
2639 5294 2760 5333 eum
2795 5287 3035 5343 curaret,
3069 5288 3123 5331 et
3153 5279 3274 5334 ideo
3315 5294 3487 5348 usque
3509 5282 3574 5331 ad
3614 5295 3711 5331 cx-

2130 5382 2360 5427 tremunt
2389 5371 2508 5442 ejus
2544 5371 2791 5441 spiritum
2820 5380 3218 5438 permanserat,
3254 5386 3359 5425 non
3394 5356 3589 5424 autem"
3611 5370 3705 5422 im-

2127 5474 2459 5535 petraverat,
2516 5464 2752 5533 quodam
2793 5462 3050 5517 diviniori
3081 5464 3304 5517 onmiuo‘
3339 5463 3595 5529 consilio,
3625 5472 3713 5515 ut-

2128 5566 2253 5627 pote
2278 5554 2419 5626 quod
2471 5564 2601 5625 post
2626 5554 2823 5611 vinculi
2855 5556 3203 5620 solutionem,
3236 5566 3291 5608 et
3335 5554 3479 5609 beati
3538 5555 3713 5624 patris

2130 5647 2527 5708 dimissionem.
2570 5645 2793 5715 maligni
2823 5662 3043 5716 quoque
3081 5646 3307 5721 spiritus
3335 5654 3713 5701 reservaretur

2134 5738 2403 5796 dimissio.
2438 5737 2536 5793 llic
2578 5750 2708 5807 ergo
2764 5751 2885 5791 cum
2918 5735 3112 5793 fuisset
3153 5750 3321 5809 prope
3370 5736 3591 5803 lectum,
3621 5733 3711 5805 qui
