  <div class='ocr_page' id='page_1' title='image "/cluster/home/n/w/nwhite01/storage/ocr_20150623/114:no.1/coo.31924054870187/283.png"; bbox 0 0 4144 6412; ppageno 0'>
   <div class='ocr_carea' id='block_1_1' title="bbox 453 366 551 433">
    <p class='ocr_par' dir='ltr' id='par_1_1' title="bbox 453 366 551 433">
     <span class='ocr_line' id='line_1_1' title="bbox 453 366 551 433; baseline -0.041 0"><span class='ocrx_word' id='word_1_1' title='bbox 453 366 551 433; x_wconf 75' lang='grc'><strong>551</strong></span> 
     </span>
    </p>
   </div>
   <div class='ocr_carea' id='block_1_2' title="bbox 1687 355 2475 423">
    <p class='ocr_par' dir='ltr' id='par_1_2' title="bbox 1687 355 2475 423">
     <span class='ocr_line' id='line_1_2' title="bbox 1687 355 2475 423; baseline -0.008 -2"><span class='ocrx_word' id='word_1_2' title='bbox 1687 360 1973 423; x_wconf 84' lang='lat' dir='ltr'><strong>MENSIS</strong></span> <span class='ocrx_word' id='word_1_3' title='bbox 2004 355 2475 423; x_wconf 71' lang='lat' dir='ltr'><strong>JANUARIUS.</strong></span> 
     </span>
    </p>
   </div>
   <div class='ocr_carea' id='block_1_3' title="bbox 3628 330 3740 416">
    <p class='ocr_par' dir='ltr' id='par_1_3' title="bbox 3628 330 3740 416">
     <span class='ocr_line' id='line_1_3' title="bbox 3628 330 3740 416; baseline -0.036 -1"><span class='ocrx_word' id='word_1_4' title='bbox 3628 330 3740 416; x_wconf 67' lang='grc' dir='ltr'><strong>,εις-2</strong></span> 
     </span>
    </p>
   </div>
   <div class='ocr_carea' id='block_1_4' title="bbox 452 464 2054 556">
    <p class='ocr_par' dir='ltr' id='par_1_4' title="bbox 452 479 2044 556">
     <span class='ocr_line' id='line_1_4' title="bbox 452 479 2044 556; baseline -0.006 -13"><span class='ocrx_word' id='word_1_5' title='bbox 452 499 653 556; x_wconf 81' lang='lat' dir='ltr'><strong>corpus</strong></span> <span class='ocrx_word' id='word_1_6' title='bbox 677 481 887 539; x_wconf 78' lang='lat' dir='ltr'><strong>ferebat</strong></span> <span class='ocrx_word' id='word_1_7' title='bbox 911 479 1022 551; x_wconf 90' lang='lat' dir='ltr'><strong>jam</strong></span> <span class='ocrx_word' id='word_1_8' title='bbox 1050 489 1325 536; x_wconf 88' lang='lat' dir='ltr'><strong>mortuum</strong></span> <span class='ocrx_word' id='word_1_9' title='bbox 1368 496 1382 534; x_wconf 92' lang='lat'>:</span> <span class='ocrx_word' id='word_1_10' title='bbox 1412 486 1538 534; x_wconf 80' lang='lat' dir='ltr'><strong>tunc</strong></span> <span class='ocrx_word' id='word_1_11' title='bbox 1562 484 1704 533; x_wconf 86' lang='lat' dir='ltr'><strong>enim</strong></span> <span class='ocrx_word' id='word_1_12' title='bbox 1750 490 1869 535; x_wconf 91' lang='lat' dir='ltr'><strong>erat</strong></span> <span class='ocrx_word' id='word_1_13' title='bbox 1897 493 2044 534; x_wconf 75' lang='lat' dir='ltr'><strong>sana:</strong></span> 
     </span>
    </p>
   </div>
   <div class='ocr_carea' id='block_1_5' title="bbox 2155 464 3741 556">
    <p class='ocr_par' dir='ltr' id='par_1_5' title="bbox 2155 464 3741 544">
     <span class='ocr_line' id='line_1_5' title="bbox 2155 464 3741 544; baseline -0.004 -16"><span class='ocrx_word' id='word_1_14' title='bbox 2155 472 2211 528; x_wconf 83' lang='grc' dir='ltr'>τὸ</span> <span class='ocrx_word' id='word_1_15' title='bbox 2247 472 2407 544; x_wconf 83' lang='grc' dir='ltr'>σῶμα</span> <span class='ocrx_word' id='word_1_16' title='bbox 2436 467 2821 542; x_wconf 79' lang='grc' dir='ltr'>παρεστηκὼς,</span> <span class='ocrx_word' id='word_1_17' title='bbox 2861 467 3123 538; x_wconf 80' lang='grc' dir='ltr'>ἐτύγχανε</span> <span class='ocrx_word' id='word_1_18' title='bbox 3151 466 3257 539; x_wconf 79' lang='grc' dir='ltr'><strong>γὰρ</strong></span> <span class='ocrx_word' id='word_1_19' title='bbox 3289 466 3407 521; x_wconf 83' lang='grc' dir='ltr'>τότε</span> <span class='ocrx_word' id='word_1_20' title='bbox 3430 464 3617 537; x_wconf 82' lang='grc' dir='ltr'>νήφων</span> <span class='ocrx_word' id='word_1_21' title='bbox 3642 470 3741 522; x_wconf 75' lang='grc' dir='ltr'>καὶ</span> 
     </span>
    </p>
   </div>
   <div class='ocr_carea' id='block_1_6' title="bbox 455 568 2043 647">
    <p class='ocr_par' dir='ltr' id='par_1_6' title="bbox 455 568 2043 647">
     <span class='ocr_line' id='line_1_6' title="bbox 455 568 2043 647; baseline -0.006 -14"><span class='ocrx_word' id='word_1_22' title='bbox 455 588 513 633; x_wconf 90' lang='lat' dir='ltr'><strong>et</strong></span> <span class='ocrx_word' id='word_1_23' title='bbox 543 576 864 647; x_wconf 71' lang='lat' dir='ltr'><strong>compositae</strong></span> <span class='ocrx_word' id='word_1_24' title='bbox 892 572 1110 635; x_wconf 89' lang='lat' dir='ltr'><strong>mentis,</strong></span> <span class='ocrx_word' id='word_1_25' title='bbox 1137 569 1281 641; x_wconf 87' lang='lat' dir='ltr'><strong>quod</strong></span> <span class='ocrx_word' id='word_1_26' title='bbox 1318 568 1581 638; x_wconf 80' lang='lat' dir='ltr'><strong>majorem</strong></span> <span class='ocrx_word' id='word_1_27' title='bbox 1606 585 1822 640; x_wconf 86' lang='lat' dir='ltr'><strong>quoque</strong></span> <span class='ocrx_word' id='word_1_28' title='bbox 1861 571 1910 624; x_wconf 85' lang='lat' dir='ltr'><strong>ei</strong></span> <span class='ocrx_word' id='word_1_29' title='bbox 1945 570 2043 625; x_wconf 84' lang='lat' dir='ltr'><strong>do-</strong></span> 
     </span>
    </p>
   </div>
   <div class='ocr_carea' id='block_1_7' title="bbox 455 661 2043 730">
    <p class='ocr_par' dir='ltr' id='par_1_7' title="bbox 455 661 2043 730">
     <span class='ocr_line' id='line_1_7' title="bbox 455 661 2043 730; baseline -0.004 -9"><span class='ocrx_word' id='word_1_30' title='bbox 455 667 625 723; x_wconf 91' lang='lat' dir='ltr'><strong>lorem</strong></span> <span class='ocrx_word' id='word_1_31' title='bbox 652 664 937 730; x_wconf 81' lang='lat' dir='ltr'><strong>atIcrebat,</strong></span> <span class='ocrx_word' id='word_1_32' title='bbox 980 661 1158 730; x_wconf 90' lang='lat' dir='ltr'><strong>utqui</strong></span> <span class='ocrx_word' id='word_1_33' title='bbox 1205 671 1389 730; x_wconf 88' lang='lat' dir='ltr'><strong>posset</strong></span> <span class='ocrx_word' id='word_1_34' title='bbox 1415 661 1786 725; x_wconf 86' lang='lat' dir='ltr'><strong>considerare,</strong></span> <span class='ocrx_word' id='word_1_35' title='bbox 1829 661 1882 715; x_wconf 90' lang='lat' dir='ltr'><strong>in</strong></span> <span class='ocrx_word' id='word_1_36' title='bbox 1909 676 2043 730; x_wconf 85' lang='lat' dir='ltr'><strong>qua-</strong></span> 
     </span>
    </p>
   </div>
   <div class='ocr_carea' id='block_1_8' title="bbox 454 752 2038 822">
    <p class='ocr_par' dir='ltr' id='par_1_8' title="bbox 454 752 2038 822">
     <span class='ocr_line' id='line_1_8' title="bbox 454 752 2038 822; baseline -0.008 -7"><span class='ocrx_word' id='word_1_37' title='bbox 454 761 561 815; x_wconf 89' lang='lat' dir='ltr'><strong>lem</strong></span> <span class='ocrx_word' id='word_1_38' title='bbox 620 757 899 814; x_wconf 89' lang='lat' dir='ltr'><strong>incidisset</strong></span> <span class='ocrx_word' id='word_1_39' title='bbox 954 753 1140 809; x_wconf 77' lang='lat' dir='ltr'><strong>infelix</strong></span> <span class='ocrx_word' id='word_1_40' title='bbox 1184 752 1572 819; x_wconf 72' lang='lat' dir='ltr'><strong>calamitatem,</strong></span> <span class='ocrx_word' id='word_1_41' title='bbox 1605 763 1662 807; x_wconf 93' lang='lat' dir='ltr'><strong>et</strong></span> <span class='ocrx_word' id='word_1_42' title='bbox 1700 752 1842 821; x_wconf 90' lang='lat' dir='ltr'><strong>quod</strong></span> <span class='ocrx_word' id='word_1_43' title='bbox 1877 766 2038 822; x_wconf 87' lang='lat' dir='ltr'><strong>quam</strong></span> 
     </span>
    </p>
   </div>
   <div class='ocr_carea' id='block_1_9' title="bbox 456 845 2043 918">
    <p class='ocr_par' dir='ltr' id='par_1_9' title="bbox 456 845 2043 918">
     <span class='ocr_line' id='line_1_9' title="bbox 456 845 2043 918; baseline -0.006 -10"><span class='ocrx_word' id='word_1_44' title='bbox 456 854 625 908; x_wconf 82' lang='lat' dir='ltr'><strong>solam</strong></span> <span class='ocrx_word' id='word_1_45' title='bbox 681 851 916 906; x_wconf 80' lang='lat' dir='ltr'><strong>habebat</strong></span> <span class='ocrx_word' id='word_1_46' title='bbox 970 863 1125 918; x_wconf 80' lang='lat' dir='ltr'><strong>spent</strong></span> <span class='ocrx_word' id='word_1_47' title='bbox 1175 846 1537 910; x_wconf 88' lang='lat' dir='ltr'><strong>liberationis,</strong></span> <span class='ocrx_word' id='word_1_48' title='bbox 1592 861 1655 901; x_wconf 88' lang='lat' dir='ltr'><strong>ea</strong></span> <span class='ocrx_word' id='word_1_49' title='bbox 1695 861 1912 916; x_wconf 91' lang='lat' dir='ltr'><strong>quoque</strong></span> <span class='ocrx_word' id='word_1_50' title='bbox 1968 845 2043 900; x_wconf 85' lang='lat' dir='ltr'><strong>sit</strong></span> 
     </span>
    </p>
   </div>
   <div class='ocr_carea' id='block_1_10' title="bbox 458 936 2040 1009">
    <p class='ocr_par' dir='ltr' id='par_1_10' title="bbox 458 936 2040 1009">
     <span class='ocr_line' id='line_1_10' title="bbox 458 936 2040 1009; baseline -0.003 -14"><span class='ocrx_word' id='word_1_51' title='bbox 458 944 719 1009; x_wconf 78' lang='lat' dir='ltr'><strong>privatus,</strong></span> <span class='ocrx_word' id='word_1_52' title='bbox 749 954 1039 993; x_wconf 89' lang='lat' dir='ltr'><strong>mansurus</strong></span> <span class='ocrx_word' id='word_1_53' title='bbox 1075 939 1146 992; x_wconf 90' lang='lat' dir='ltr'><strong>sit</strong></span> <span class='ocrx_word' id='word_1_54' title='bbox 1177 946 1355 992; x_wconf 88' lang='lat' dir='ltr'><strong>autem</strong></span> <span class='ocrx_word' id='word_1_55' title='bbox 1384 944 1644 1007; x_wconf 84' lang='lat' dir='ltr'><strong>perpetuo</strong></span> <span class='ocrx_word' id='word_1_56' title='bbox 1662 936 1802 995; x_wconf 85' lang='lat' dir='ltr'><strong>hanc</strong></span> <span class='ocrx_word' id='word_1_57' title='bbox 1823 952 2040 1008; x_wconf 85' lang='lat' dir='ltr'><strong>gravem</strong></span> 
     </span>
    </p>
   </div>
   <div class='ocr_carea' id='block_1_11' title="bbox 454 1028 2040 1103">
    <p class='ocr_par' dir='ltr' id='par_1_11' title="bbox 454 1028 2040 1103">
     <span class='ocr_line' id='line_1_11' title="bbox 454 1028 2040 1103; baseline -0.005 -14"><span class='ocrx_word' id='word_1_58' title='bbox 454 1036 732 1089; x_wconf 70' lang='lat' dir='ltr'><strong>su.~tinens</strong></span> <span class='ocrx_word' id='word_1_59' title='bbox 767 1031 1133 1103; x_wconf 80' lang='lat' dir='ltr'><strong>tyrannidem.</strong></span> <span class='ocrx_word' id='word_1_60' title='bbox 1183 1041 1238 1084; x_wconf 88' lang='lat' dir='ltr'><strong>et</strong></span> <span class='ocrx_word' id='word_1_61' title='bbox 1294 1030 1476 1084; x_wconf 79' lang='lat' dir='ltr'><strong>ferens</strong></span> <span class='ocrx_word' id='word_1_62' title='bbox 1512 1038 1716 1085; x_wconf 90' lang='lat' dir='ltr'><strong>motum</strong></span> <span class='ocrx_word' id='word_1_63' title='bbox 1756 1028 2040 1094; x_wconf 65' lang='lat' dir='ltr'><strong>daemonis,</strong></span> 
     </span>
    </p>
   </div>
   <div class='ocr_carea' id='block_1_12' title="bbox 456 1121 2043 1194">
    <p class='ocr_par' dir='ltr' id='par_1_12' title="bbox 456 1121 2043 1194">
     <span class='ocr_line' id='line_1_12' title="bbox 456 1121 2043 1194; baseline -0.004 -13"><span class='ocrx_word' id='word_1_64' title='bbox 456 1136 702 1181; x_wconf 88' lang='lat' dir='ltr'><strong>secretos</strong></span> <span class='ocrx_word' id='word_1_65' title='bbox 735 1124 858 1179; x_wconf 91' lang='lat' dir='ltr'><strong>illos</strong></span> <span class='ocrx_word' id='word_1_66' title='bbox 898 1124 1157 1194; x_wconf 84' lang='lat' dir='ltr'><strong>impetus,</strong></span> <span class='ocrx_word' id='word_1_67' title='bbox 1191 1121 1429 1177; x_wconf 81' lang='lat' dir='ltr'><strong>furorem</strong></span> <span class='ocrx_word' id='word_1_68' title='bbox 1470 1121 1809 1186; x_wconf 84' lang='lat' dir='ltr'><strong>horribilem,</strong></span> <span class='ocrx_word' id='word_1_69' title='bbox 1840 1132 1895 1175; x_wconf 91' lang='lat' dir='ltr'><strong>et</strong></span> <span class='ocrx_word' id='word_1_70' title='bbox 1922 1136 2043 1190; x_wconf 71' lang='lat' dir='ltr'><strong>qum</strong></span> 
     </span>
    </p>
   </div>
   <div class='ocr_carea' id='block_1_13' title="bbox 457 1209 2041 1284">
    <p class='ocr_par' dir='ltr' id='par_1_13' title="bbox 457 1209 2041 1284">
     <span class='ocr_line' id='line_1_13' title="bbox 457 1209 2041 1284; baseline -0.005 -11"><span class='ocrx_word' id='word_1_71' title='bbox 457 1217 563 1273; x_wconf 90' lang='lat' dir='ltr'><strong>diei</strong></span> <span class='ocrx_word' id='word_1_72' title='bbox 608 1215 819 1284; x_wconf 86' lang='lat' dir='ltr'><strong>nequit,</strong></span> <span class='ocrx_word' id='word_1_73' title='bbox 850 1214 1221 1283; x_wconf 81' lang='lat' dir='ltr'><strong>agitationem,</strong></span> <span class='ocrx_word' id='word_1_74' title='bbox 1250 1214 1520 1278; x_wconf 80' lang='lat' dir='ltr'><strong>casusque</strong></span> <span class='ocrx_word' id='word_1_75' title='bbox 1556 1209 1916 1275; x_wconf 66' lang='lat' dir='ltr'><strong>miserabiles,</strong></span> <span class='ocrx_word' id='word_1_76' title='bbox 1951 1211 2041 1278; x_wconf 88' lang='lat' dir='ltr'><strong>qui</strong></span> 
     </span>
    </p>
   </div>
   <div class='ocr_carea' id='block_1_14' title="bbox 454 1299 2043 1369">
    <p class='ocr_par' dir='ltr' id='par_1_14' title="bbox 454 1299 2043 1369">
     <span class='ocr_line' id='line_1_14' title="bbox 454 1299 2043 1369; baseline -0.006 -6"><span class='ocrx_word' id='word_1_77' title='bbox 454 1322 524 1363; x_wconf 78' lang='lat' dir='ltr'><strong>ex</strong></span> <span class='ocrx_word' id='word_1_78' title='bbox 563 1308 644 1362; x_wconf 91' lang='lat' dir='ltr'><strong>eis</strong></span> <span class='ocrx_word' id='word_1_79' title='bbox 684 1306 973 1369; x_wconf 90' lang='lat' dir='ltr'><strong>oriuntur,</strong></span> <span class='ocrx_word' id='word_1_80' title='bbox 1029 1313 1085 1357; x_wconf 91' lang='lat' dir='ltr'><strong>et</strong></span> <span class='ocrx_word' id='word_1_81' title='bbox 1135 1300 1552 1356; x_wconf 85' lang='lat' dir='ltr'><strong>inenarrabilem</strong></span> <span class='ocrx_word' id='word_1_82' title='bbox 1612 1299 1752 1369; x_wconf 89' lang='lat' dir='ltr'><strong>apud</strong></span> <span class='ocrx_word' id='word_1_83' title='bbox 1795 1299 2043 1354; x_wconf 83' lang='lat' dir='ltr'><strong>homines</strong></span> 
     </span>
    </p>
   </div>
   <div class='ocr_carea' id='block_1_15' title="bbox 459 1390 2045 1471">
    <p class='ocr_par' dir='ltr' id='par_1_15' title="bbox 459 1390 2045 1471">
     <span class='ocr_line' id='line_1_15' title="bbox 459 1390 2045 1471; baseline -0.008 -16"><span class='ocrx_word' id='word_1_84' title='bbox 459 1399 836 1471; x_wconf 83' lang='lat' dir='ltr'><strong>ignominiam.</strong></span> <span class='ocrx_word' id='word_1_85' title='bbox 877 1396 1001 1450; x_wconf 69' lang='lat' dir='ltr'><strong>llazc</strong></span> <span class='ocrx_word' id='word_1_86' title='bbox 1031 1410 1153 1449; x_wconf 91' lang='lat' dir='ltr'><strong>cum</strong></span> <span class='ocrx_word' id='word_1_87' title='bbox 1182 1392 1366 1447; x_wconf 90' lang='lat' dir='ltr'><strong>animo</strong></span> <span class='ocrx_word' id='word_1_88' title='bbox 1393 1399 1634 1446; x_wconf 81' lang='lat' dir='ltr'><strong>versaret</strong></span> <span class='ocrx_word' id='word_1_89' title='bbox 1683 1399 1740 1446; x_wconf 91' lang='lat' dir='ltr'><strong>et</strong></span> <span class='ocrx_word' id='word_1_90' title='bbox 1769 1398 1916 1444; x_wconf 89' lang='lat' dir='ltr'><strong>recte</strong></span> <span class='ocrx_word' id='word_1_91' title='bbox 1963 1390 2045 1442; x_wconf 80' lang='lat' dir='ltr'><strong>i’n-</strong></span> 
     </span>
    </p>
   </div>
   <div class='ocr_carea' id='block_1_16' title="bbox 459 1478 2043 1560">
    <p class='ocr_par' dir='ltr' id='par_1_16' title="bbox 459 1478 2043 1560">
     <span class='ocr_line' id='line_1_16' title="bbox 459 1478 2043 1560; baseline -0.008 -14"><span class='ocrx_word' id='word_1_92' title='bbox 459 1491 751 1560; x_wconf 79' lang='lat' dir='ltr'><strong>telligeret,</strong></span> <span class='ocrx_word' id='word_1_93' title='bbox 787 1487 930 1557; x_wconf 90' lang='lat' dir='ltr'><strong>quod</strong></span> <span class='ocrx_word' id='word_1_94' title='bbox 989 1485 1134 1539; x_wconf 86' lang='lat' dir='ltr'><strong>nulla</strong></span> <span class='ocrx_word' id='word_1_95' title='bbox 1184 1498 1308 1554; x_wconf 85' lang='lat' dir='ltr'><strong>spes</strong></span> <span class='ocrx_word' id='word_1_96' title='bbox 1343 1483 1407 1537; x_wconf 91' lang='lat' dir='ltr'><strong>de</strong></span> <span class='ocrx_word' id='word_1_97' title='bbox 1437 1490 1643 1547; x_wconf 88' lang='lat' dir='ltr'><strong>cetero,</strong></span> <span class='ocrx_word' id='word_1_98' title='bbox 1678 1490 1734 1537; x_wconf 88' lang='lat' dir='ltr'><strong>et</strong></span> <span class='ocrx_word' id='word_1_99' title='bbox 1797 1480 1945 1533; x_wconf 92' lang='lat' dir='ltr'><strong>nulla</strong></span> <span class='ocrx_word' id='word_1_100' title='bbox 1977 1478 2043 1533; x_wconf 87' lang='lat' dir='ltr'><strong>ab</strong></span> 
     </span>
    </p>
   </div>
   <div class='ocr_carea' id='block_1_17' title="bbox 456 1571 2047 1646">
    <p class='ocr_par' dir='ltr' id='par_1_17' title="bbox 456 1571 2047 1646">
     <span class='ocr_line' id='line_1_17' title="bbox 456 1571 2047 1646; baseline -0.008 -8"><span class='ocrx_word' id='word_1_101' title='bbox 456 1586 536 1638; x_wconf 75' lang='lat' dir='ltr'><strong>eis</strong></span> <span class='ocrx_word' id='word_1_102' title='bbox 566 1581 755 1637; x_wconf 89' lang='lat' dir='ltr'><strong>relicta</strong></span> <span class='ocrx_word' id='word_1_103' title='bbox 794 1587 939 1635; x_wconf 87' lang='lat' dir='ltr'><strong>esset</strong></span> <span class='ocrx_word' id='word_1_104' title='bbox 971 1577 1250 1642; x_wconf 88' lang='lat' dir='ltr'><strong>liberatio,</strong></span> <span class='ocrx_word' id='word_1_105' title='bbox 1279 1573 1428 1646; x_wconf 77' lang='lat' dir='ltr'><strong>gravi</strong></span> <span class='ocrx_word' id='word_1_106' title='bbox 1468 1573 1655 1629; x_wconf 88' lang='lat' dir='ltr'><strong>dolore</strong></span> <span class='ocrx_word' id='word_1_107' title='bbox 1683 1586 1780 1628; x_wconf 89' lang='lat' dir='ltr'><strong>cor</strong></span> <span class='ocrx_word' id='word_1_108' title='bbox 1806 1573 1854 1626; x_wconf 91' lang='lat' dir='ltr'><strong>ei</strong></span> <span class='ocrx_word' id='word_1_109' title='bbox 1885 1571 2047 1626; x_wconf 81' lang='lat' dir='ltr'><strong>feric-</strong></span> 
     </span>
    </p>
   </div>
   <div class='ocr_carea' id='block_1_18' title="bbox 458 1664 2042 1744">
    <p class='ocr_par' dir='ltr' id='par_1_18' title="bbox 458 1664 2042 1744">
     <span class='ocr_line' id='line_1_18' title="bbox 458 1664 2042 1744; baseline -0.007 -15"><span class='ocrx_word' id='word_1_110' title='bbox 458 1678 641 1741; x_wconf 88' lang='lat' dir='ltr'><strong>hatnr,</strong></span> <span class='ocrx_word' id='word_1_111' title='bbox 680 1674 803 1744; x_wconf 81' lang='lat' dir='ltr'><strong>igne</strong></span> <span class='ocrx_word' id='word_1_112' title='bbox 836 1673 1042 1726; x_wconf 86' lang='lat' dir='ltr'><strong>viscera</strong></span> <span class='ocrx_word' id='word_1_113' title='bbox 1069 1669 1520 1733; x_wconf 77' lang='lat' dir='ltr'><strong>incendebantur,</strong></span> <span class='ocrx_word' id='word_1_114' title='bbox 1546 1665 1868 1737; x_wconf 86' lang='lat' dir='ltr'><strong>gravissimo</strong></span> <span class='ocrx_word' id='word_1_115' title='bbox 1898 1664 2042 1719; x_wconf 87' lang='lat' dir='ltr'><strong>luctu</strong></span> 
     </span>
    </p>
   </div>
   <div class='ocr_carea' id='block_1_19' title="bbox 456 1756 2045 1831">
    <p class='ocr_par' dir='ltr' id='par_1_19' title="bbox 456 1756 2045 1831">
     <span class='ocr_line' id='line_1_19' title="bbox 456 1756 2045 1831; baseline -0.006 -11"><span class='ocrx_word' id='word_1_116' title='bbox 456 1768 636 1821; x_wconf 82' lang='lat' dir='ltr'><strong>anima</strong></span> <span class='ocrx_word' id='word_1_117' title='bbox 673 1763 991 1830; x_wconf 88' lang='lat' dir='ltr'><strong>tenebatur;</strong></span> <span class='ocrx_word' id='word_1_118' title='bbox 1022 1763 1149 1831; x_wconf 88' lang='lat' dir='ltr'><strong>quid</strong></span> <span class='ocrx_word' id='word_1_119' title='bbox 1177 1776 1283 1815; x_wconf 91' lang='lat' dir='ltr'><strong>non</strong></span> <span class='ocrx_word' id='word_1_120' title='bbox 1320 1759 1561 1815; x_wconf 88' lang='lat' dir='ltr'><strong>dicebat?</strong></span> <span class='ocrx_word' id='word_1_121' title='bbox 1583 1759 1711 1829; x_wconf 89' lang='lat' dir='ltr'><strong>quid</strong></span> <span class='ocrx_word' id='word_1_122' title='bbox 1744 1773 1850 1813; x_wconf 87' lang='lat' dir='ltr'><strong>non</strong></span> <span class='ocrx_word' id='word_1_123' title='bbox 1878 1756 2045 1811; x_wconf 77' lang='lat' dir='ltr'><strong>facie-</strong></span> 
     </span>
    </p>
   </div>
   <div class='ocr_carea' id='block_1_20' title="bbox 458 1832 2118 1923">
    <p class='ocr_par' dir='ltr' id='par_1_20' title="bbox 458 1832 2118 1923">
     <span class='ocr_line' id='line_1_20' title="bbox 458 1832 2118 1923; baseline -0.004 -12"><span class='ocrx_word' id='word_1_124' title='bbox 458 1858 549 1913; x_wconf 85' lang='lat' dir='ltr'><strong>bat</strong></span> <span class='ocrx_word' id='word_1_125' title='bbox 583 1855 891 1912; x_wconf 80' lang='lat' dir='ltr'><strong>miserabile</strong></span> <span class='ocrx_word' id='word_1_126' title='bbox 908 1853 933 1910; x_wconf 70' lang='grc' dir='ltr'>τ</span> <span class='ocrx_word' id='word_1_127' title='bbox 953 1852 1178 1923; x_wconf 88' lang='lat' dir='ltr'><strong>capillos</strong></span> <span class='ocrx_word' id='word_1_128' title='bbox 1202 1853 1396 1907; x_wconf 80' lang='lat' dir='ltr'><strong>acerbe</strong></span> <span class='ocrx_word' id='word_1_129' title='bbox 1418 1851 1646 1917; x_wconf 88' lang='lat' dir='ltr'><strong>vellens,</strong></span> <span class='ocrx_word' id='word_1_130' title='bbox 1678 1859 1866 1920; x_wconf 85' lang='lat' dir='ltr'><strong>pectus</strong></span> <span class='ocrx_word' id='word_1_131' title='bbox 1889 1849 2042 1905; x_wconf 78' lang='lat' dir='ltr'><strong>valde</strong></span> <span class='ocrx_word' id='word_1_132' title='bbox 2068 1832 2118 1894; x_wconf 85' lang='grc' dir='ltr'><strong>Β</strong></span> 
     </span>
    </p>
   </div>
   <div class='ocr_carea' id='block_1_21' title="bbox 458 1938 2047 2012">
    <p class='ocr_par' dir='ltr' id='par_1_21' title="bbox 458 1938 2047 2012">
     <span class='ocr_line' id='line_1_21' title="bbox 458 1938 2047 2012; baseline -0.004 -13"><span class='ocrx_word' id='word_1_133' title='bbox 458 1945 683 2012; x_wconf 78' lang='lat' dir='ltr'><strong>feriens,</strong></span> <span class='ocrx_word' id='word_1_134' title='bbox 738 1944 915 1999; x_wconf 76' lang='lat' dir='ltr'><strong>fronte</strong></span> <span class='ocrx_word' id='word_1_135' title='bbox 951 1944 1151 1997; x_wconf 86' lang='lat' dir='ltr'><strong>misere</strong></span> <span class='ocrx_word' id='word_1_136' title='bbox 1210 1941 1386 1996; x_wconf 90' lang='lat' dir='ltr'><strong>solum</strong></span> <span class='ocrx_word' id='word_1_137' title='bbox 1444 1938 1686 2009; x_wconf 84' lang='lat' dir='ltr'><strong>pulsans,</strong></span> <span class='ocrx_word' id='word_1_138' title='bbox 1742 1938 1959 2009; x_wconf 82' lang='lat' dir='ltr'><strong>longum</strong></span> <span class='ocrx_word' id='word_1_139' title='bbox 1992 1947 2047 1993; x_wconf 87' lang='lat' dir='ltr'><strong>et</strong></span> 
     </span>
    </p>
   </div>
   <div class='ocr_carea' id='block_1_22' title="bbox 459 2028 2045 2105">
    <p class='ocr_par' dir='ltr' id='par_1_22' title="bbox 459 2028 2045 2105">
     <span class='ocr_line' id='line_1_22' title="bbox 459 2028 2045 2105; baseline -0.006 -13"><span class='ocrx_word' id='word_1_140' title='bbox 459 2047 679 2093; x_wconf 89' lang='lat' dir='ltr'><strong>acutum</strong></span> <span class='ocrx_word' id='word_1_141' title='bbox 732 2035 967 2105; x_wconf 84' lang='lat' dir='ltr'><strong>ejnlans,</strong></span> <span class='ocrx_word' id='word_1_142' title='bbox 1028 2033 1193 2103; x_wconf 84' lang='lat' dir='ltr'><strong>pedes</strong></span> <span class='ocrx_word' id='word_1_143' title='bbox 1226 2034 1410 2101; x_wconf 79' lang='lat' dir='ltr'><strong>rigans</strong></span> <span class='ocrx_word' id='word_1_144' title='bbox 1463 2030 1744 2102; x_wconf 77' lang='lat' dir='ltr'><strong>laerymis,</strong></span> <span class='ocrx_word' id='word_1_145' title='bbox 1779 2046 1903 2085; x_wconf 86' lang='lat' dir='ltr'><strong>eum</strong></span> <span class='ocrx_word' id='word_1_146' title='bbox 1954 2028 2045 2100; x_wconf 85' lang='lat' dir='ltr'><strong>qui</strong></span> 
     </span>
    </p>
   </div>
   <div class='ocr_carea' id='block_1_23' title="bbox 455 2122 2048 2199">
    <p class='ocr_par' dir='ltr' id='par_1_23' title="bbox 455 2122 2048 2199">
     <span class='ocr_line' id='line_1_23' title="bbox 455 2122 2048 2199; baseline -0.006 -18"><span class='ocrx_word' id='word_1_147' title='bbox 455 2130 694 2199; x_wconf 87' lang='lat' dir='ltr'><strong>jacebat,</strong></span> <span class='ocrx_word' id='word_1_148' title='bbox 726 2137 980 2196; x_wconf 89' lang='lat' dir='ltr'><strong>tanquam</strong></span> <span class='ocrx_word' id='word_1_149' title='bbox 1022 2127 1204 2179; x_wconf 87' lang='lat' dir='ltr'><strong>vivunt</strong></span> <span class='ocrx_word' id='word_1_150' title='bbox 1262 2124 1542 2193; x_wconf 80' lang='lat' dir='ltr'><strong>alloquens</strong></span> <span class='ocrx_word' id='word_1_151' title='bbox 1569 2140 1582 2175; x_wconf 90' lang='lat'><strong>:</strong></span> <span class='ocrx_word' id='word_1_152' title='bbox 1617 2123 1714 2188; x_wconf 80' lang='lat' dir='ltr'><strong>Qui</strong></span> <span class='ocrx_word' id='word_1_153' title='bbox 1747 2122 1896 2176; x_wconf 88' lang='lat' dir='ltr'><strong>solus</strong></span> <span class='ocrx_word' id='word_1_154' title='bbox 1928 2129 2048 2175; x_wconf 87' lang='lat' dir='ltr'><strong>erat</strong></span> 
     </span>
    </p>
   </div>
   <div class='ocr_carea' id='block_1_24' title="bbox 461 2211 2048 2288">
    <p class='ocr_par' dir='ltr' id='par_1_24' title="bbox 461 2211 2048 2288">
     <span class='ocr_line' id='line_1_24' title="bbox 461 2211 2048 2288; baseline -0.003 -16"><span class='ocrx_word' id='word_1_155' title='bbox 461 2233 604 2288; x_wconf 87' lang='lat' dir='ltr'><strong>spes,</strong></span> <span class='ocrx_word' id='word_1_156' title='bbox 647 2216 841 2286; x_wconf 91' lang='lat' dir='ltr'><strong>inquit,</strong></span> <span class='ocrx_word' id='word_1_157' title='bbox 882 2217 1030 2272; x_wconf 82' lang='lat' dir='ltr'><strong>solus</strong></span> <span class='ocrx_word' id='word_1_158' title='bbox 1060 2225 1329 2279; x_wconf 80' lang='lat' dir='ltr'><strong>servator,</strong></span> <span class='ocrx_word' id='word_1_159' title='bbox 1393 2215 1622 2278; x_wconf 78' lang='lat' dir='ltr'><strong>recedit,</strong></span> <span class='ocrx_word' id='word_1_160' title='bbox 1681 2211 1903 2281; x_wconf 87' lang='lat' dir='ltr'><strong>reliquit</strong></span> <span class='ocrx_word' id='word_1_161' title='bbox 1949 2226 2048 2267; x_wconf 89' lang='lat' dir='ltr'><strong>nos</strong></span> 
     </span>
    </p>
   </div>
   <div class='ocr_carea' id='block_1_25' title="bbox 463 2298 2050 2373">
    <p class='ocr_par' dir='ltr' id='par_1_25' title="bbox 463 2298 2050 2373">
     <span class='ocr_line' id='line_1_25' title="bbox 463 2298 2050 2373; baseline -0.003 -13"><span class='ocrx_word' id='word_1_162' title='bbox 463 2308 679 2362; x_wconf 88' lang='lat' dir='ltr'><strong>deditos</strong></span> <span class='ocrx_word' id='word_1_163' title='bbox 751 2306 1001 2361; x_wconf 73' lang='lat' dir='ltr'><strong>dmmoni.</strong></span> <span class='ocrx_word' id='word_1_164' title='bbox 1051 2304 1335 2373; x_wconf 84' lang='lat' dir='ltr'><strong>Quodnam</strong></span> <span class='ocrx_word' id='word_1_165' title='bbox 1371 2307 1551 2362; x_wconf 87' lang='lat' dir='ltr'><strong>adhuc</strong></span> <span class='ocrx_word' id='word_1_166' title='bbox 1605 2298 1689 2359; x_wconf 81' lang='lat' dir='ltr'><strong>est</strong></span> <span class='ocrx_word' id='word_1_167' title='bbox 1747 2300 2050 2372; x_wconf 82' lang='lat' dir='ltr'><strong>refugium?</strong></span> 
     </span>
    </p>
   </div>
   <div class='ocr_carea' id='block_1_26' title="bbox 461 2393 2044 2470">
    <p class='ocr_par' dir='ltr' id='par_1_26' title="bbox 461 2393 2044 2470">
     <span class='ocr_line' id='line_1_26' title="bbox 461 2393 2044 2470; baseline -0.003 -19"><span class='ocrx_word' id='word_1_168' title='bbox 461 2412 709 2470; x_wconf 62' lang='lat' dir='ltr'><strong>quaenam</strong></span> <span class='ocrx_word' id='word_1_169' title='bbox 742 2406 827 2451; x_wconf 90' lang='lat' dir='ltr'><strong>est</strong></span> <span class='ocrx_word' id='word_1_170' title='bbox 862 2394 1055 2449; x_wconf 80' lang='lat' dir='ltr'><strong>adhuc</strong></span> <span class='ocrx_word' id='word_1_171' title='bbox 1093 2395 1432 2464; x_wconf 77' lang='lat' dir='ltr'><strong>exspectatio</strong></span> <span class='ocrx_word' id='word_1_172' title='bbox 1456 2396 1483 2449; x_wconf 88' lang='lat'><strong>?</strong></span> <span class='ocrx_word' id='word_1_173' title='bbox 1514 2393 1668 2449; x_wconf 84' lang='lat' dir='ltr'><strong>Nunc</strong></span> <span class='ocrx_word' id='word_1_174' title='bbox 1702 2394 1817 2448; x_wconf 84' lang='lat' dir='ltr'><strong>ensi</strong></span> <span class='ocrx_word' id='word_1_175' title='bbox 1855 2394 2044 2448; x_wconf 83' lang='lat' dir='ltr'><strong>melius</strong></span> 
     </span>
    </p>
   </div>
   <div class='ocr_carea' id='block_1_27' title="bbox 462 2485 2049 2557">
    <p class='ocr_par' dir='ltr' id='par_1_27' title="bbox 462 2485 2049 2557">
     <span class='ocr_line' id='line_1_27' title="bbox 462 2485 2049 2557; baseline -0.001 -15"><span class='ocrx_word' id='word_1_176' title='bbox 462 2494 550 2542; x_wconf 86' lang='lat' dir='ltr'><strong>‘cst</strong></span> <span class='ocrx_word' id='word_1_177' title='bbox 603 2501 699 2540; x_wconf 90' lang='lat' dir='ltr'><strong>sua</strong></span> <span class='ocrx_word' id='word_1_178' title='bbox 762 2495 957 2555; x_wconf 87' lang='lat' dir='ltr'><strong>sponte</strong></span> <span class='ocrx_word' id='word_1_179' title='bbox 1010 2485 1327 2541; x_wconf 79' lang='lat' dir='ltr'><strong>incumbere</strong></span> <span class='ocrx_word' id='word_1_180' title='bbox 1371 2504 1385 2543; x_wconf 90' lang='lat'><strong>:</strong></span> <span class='ocrx_word' id='word_1_181' title='bbox 1440 2502 1584 2541; x_wconf 89' lang='lat' dir='ltr'><strong>nunc</strong></span> <span class='ocrx_word' id='word_1_182' title='bbox 1649 2486 1850 2557; x_wconf 74' lang='lat' dir='ltr'><strong>ignem,</strong></span> <span class='ocrx_word' id='word_1_183' title='bbox 1902 2503 2049 2541; x_wconf 86' lang='lat' dir='ltr'><strong>nunc</strong></span> 
     </span>
    </p>
   </div>
   <div class='ocr_carea' id='block_1_28' title="bbox 463 2575 1939 2649">
    <p class='ocr_par' dir='ltr' id='par_1_28' title="bbox 463 2575 1939 2649">
     <span class='ocr_line' id='line_1_28' title="bbox 463 2575 1939 2649; baseline 0 -18"><span class='ocrx_word' id='word_1_184' title='bbox 463 2591 617 2632; x_wconf 87' lang='lat' dir='ltr'><strong>mare</strong></span> <span class='ocrx_word' id='word_1_185' title='bbox 657 2575 893 2647; x_wconf 82' lang='lat' dir='ltr'><strong>ingredi,</strong></span> <span class='ocrx_word' id='word_1_186' title='bbox 931 2583 987 2630; x_wconf 89' lang='lat' dir='ltr'><strong>et</strong></span> <span class='ocrx_word' id='word_1_187' title='bbox 1015 2575 1096 2631; x_wconf 87' lang='lat' dir='ltr'><strong>sic</strong></span> <span class='ocrx_word' id='word_1_188' title='bbox 1128 2575 1388 2631; x_wconf 60' lang='lat' dir='ltr'><strong>daemonis</strong></span> <span class='ocrx_word' id='word_1_189' title='bbox 1419 2576 1655 2633; x_wconf 90' lang='lat' dir='ltr'><strong>insultus</strong></span> <span class='ocrx_word' id='word_1_190' title='bbox 1683 2576 1939 2649; x_wconf 77' lang='lat' dir='ltr'><strong>effugere.</strong></span> 
     </span>
    </p>
   </div>
   <div class='ocr_carea' id='block_1_29' title="bbox 541 2852 2049 2925">
    <p class='ocr_par' dir='ltr' id='par_1_29' title="bbox 541 2852 2049 2925">
     <span class='ocr_line' id='line_1_29' title="bbox 541 2852 2049 2925; baseline 0.001 -16"><span class='ocrx_word' id='word_1_191' title='bbox 541 2852 632 2909; x_wconf 85' lang='lat'><strong>87.</strong></span> <span class='ocrx_word' id='word_1_192' title='bbox 667 2852 793 2909; x_wconf 79' lang='lat' dir='ltr'><strong>Haec</strong></span> <span class='ocrx_word' id='word_1_193' title='bbox 848 2853 1050 2909; x_wconf 85' lang='lat' dir='ltr'><strong>deﬂens</strong></span> <span class='ocrx_word' id='word_1_194' title='bbox 1079 2852 1291 2920; x_wconf 81' lang='lat' dir='ltr'><strong>infelix,</strong></span> <span class='ocrx_word' id='word_1_195' title='bbox 1337 2869 1396 2910; x_wconf 89' lang='lat' dir='ltr'><strong>se</strong></span> <span class='ocrx_word' id='word_1_196' title='bbox 1430 2854 1485 2910; x_wconf 91' lang='lat' dir='ltr'><strong>in</strong></span> <span class='ocrx_word' id='word_1_197' title='bbox 1530 2853 1729 2910; x_wconf 88' lang='lat' dir='ltr'><strong>lectum</strong></span> <span class='ocrx_word' id='word_1_198' title='bbox 1759 2855 2049 2925; x_wconf 72' lang='lat' dir='ltr'><strong>deiecerat,</strong></span> 
     </span>
    </p>
   </div>
   <div class='ocr_carea' id='block_1_30' title="bbox 467 2940 2053 3015">
    <p class='ocr_par' dir='ltr' id='par_1_30' title="bbox 467 2940 2053 3015">
     <span class='ocr_line' id='line_1_30' title="bbox 467 2940 2053 3015; baseline 0.001 -17"><span class='ocrx_word' id='word_1_199' title='bbox 467 2944 906 3015; x_wconf 85' lang='lat' dir='ltr'><strong>amplectebatur</strong></span> <span class='ocrx_word' id='word_1_200' title='bbox 935 2942 1215 3013; x_wconf 87' lang='lat' dir='ltr'><strong>reliquias,</strong></span> <span class='ocrx_word' id='word_1_201' title='bbox 1253 2944 1492 2998; x_wconf 87' lang='lat' dir='ltr'><strong>malebat</strong></span> <span class='ocrx_word' id='word_1_202' title='bbox 1521 2959 1624 2998; x_wconf 89' lang='lat' dir='ltr'><strong>una</strong></span> <span class='ocrx_word' id='word_1_203' title='bbox 1656 2940 1777 2999; x_wconf 81' lang='lat' dir='ltr'><strong>cum</strong></span> <span class='ocrx_word' id='word_1_204' title='bbox 1808 2950 1873 2999; x_wconf 90' lang='lat' dir='ltr'><strong>e&#39;o</strong></span> <span class='ocrx_word' id='word_1_205' title='bbox 1899 2960 2053 3013; x_wconf 81' lang='lat' dir='ltr'><strong>sepe-</strong></span> 
     </span>
    </p>
   </div>
   <div class='ocr_carea' id='block_1_31' title="bbox 467 3019 2050 3107">
    <p class='ocr_par' dir='ltr' id='par_1_31' title="bbox 467 3019 2050 3107">
     <span class='ocr_line' id='line_1_31' title="bbox 467 3019 2050 3107; baseline 0 -17"><span class='ocrx_word' id='word_1_206' title='bbox 467 3036 579 3103; x_wconf 89' lang='lat' dir='ltr'><strong>liri,</strong></span> <span class='ocrx_word' id='word_1_207' title='bbox 637 3052 799 3107; x_wconf 89' lang='lat' dir='ltr'><strong>quam</strong></span> <span class='ocrx_word' id='word_1_208' title='bbox 827 3019 1032 3089; x_wconf 29' lang='lat' dir='ltr'><strong>&quot;lucem</strong></span> <span class='ocrx_word' id='word_1_209' title='bbox 1089 3035 1354 3105; x_wconf 88' lang='lat' dir='ltr'><strong>aspicere,</strong></span> <span class='ocrx_word' id='word_1_210' title='bbox 1404 3036 1496 3089; x_wconf 88' lang='lat' dir='ltr'><strong>tali</strong></span> <span class='ocrx_word' id='word_1_211' title='bbox 1527 3044 1759 3106; x_wconf 82' lang='lat' dir='ltr'><strong>tyranno</strong></span> <span class='ocrx_word' id='word_1_212' title='bbox 1790 3034 2050 3091; x_wconf 79' lang='lat' dir='ltr'><strong>serviens.</strong></span> 
     </span>
    </p>
   </div>
   <div class='ocr_carea' id='block_1_32' title="bbox 465 3125 2123 3222">
    <p class='ocr_par' dir='ltr' id='par_1_32' title="bbox 465 3125 2123 3222">
     <span class='ocr_line' id='line_1_32' title="bbox 465 3125 2123 3222; baseline -0.001 -40"><span class='ocrx_word' id='word_1_213' title='bbox 465 3127 607 3198; x_wconf 80' lang='lat' dir='ltr'><strong>Quid</strong></span> <span class='ocrx_word' id='word_1_214' title='bbox 627 3141 757 3196; x_wconf 84' lang='lat' dir='ltr'><strong>ergo</strong></span> <span class='ocrx_word' id='word_1_215' title='bbox 786 3127 927 3181; x_wconf 87' lang='lat' dir='ltr'><strong>Deus</strong></span> <span class='ocrx_word' id='word_1_216' title='bbox 964 3141 1142 3179; x_wconf 89' lang='lat' dir='ltr'><strong>rerum</strong></span> <span class='ocrx_word' id='word_1_217' title='bbox 1167 3125 1806 3182; x_wconf 76' lang='lat' dir='ltr'><strong>admirabiliumHlovet</strong></span> <span class='ocrx_word' id='word_1_218' title='bbox 1834 3126 2049 3197; x_wconf 86' lang='lat' dir='ltr'><strong>quideni</strong></span> <span class='ocrx_word' id='word_1_219' title='bbox 2080 3163 2123 3222; x_wconf 63' lang='grc' dir='ltr'><em>ε</em></span> 
     </span>
    </p>
   </div>
   <div class='ocr_carea' id='block_1_33' title="bbox 467 3216 2047 3284">
    <p class='ocr_par' dir='ltr' id='par_1_33' title="bbox 467 3216 2047 3284">
     <span class='ocr_line' id='line_1_33' title="bbox 467 3216 2047 3284; baseline 0.001 -13"><span class='ocrx_word' id='word_1_220' title='bbox 467 3221 678 3273; x_wconf 73' lang='lat' dir='ltr'><strong>daemon</strong></span> <span class='ocrx_word' id='word_1_221' title='bbox 718 3217 960 3282; x_wconf 88' lang='lat' dir='ltr'><strong>interim,</strong></span> <span class='ocrx_word' id='word_1_222' title='bbox 991 3216 1120 3271; x_wconf 92' lang='lat' dir='ltr'><strong>dum</strong></span> <span class='ocrx_word' id='word_1_223' title='bbox 1170 3216 1282 3284; x_wconf 85' lang='lat' dir='ltr'><strong>ﬂet,</strong></span> <span class='ocrx_word' id='word_1_224' title='bbox 1340 3216 1646 3284; x_wconf 88' lang='lat' dir='ltr'><strong>hominem,</strong></span> <span class='ocrx_word' id='word_1_225' title='bbox 1689 3218 1894 3274; x_wconf 88' lang='lat' dir='ltr'><strong>etcum</strong></span> <span class='ocrx_word' id='word_1_226' title='bbox 1924 3234 2047 3273; x_wconf 86' lang='lat' dir='ltr'><strong>eum</strong></span> 
     </span>
    </p>
   </div>
   <div class='ocr_carea' id='block_1_34' title="bbox 467 3308 2050 3380">
    <p class='ocr_par' dir='ltr' id='par_1_34' title="bbox 467 3308 2050 3380">
     <span class='ocr_line' id='line_1_34' title="bbox 467 3308 2050 3380; baseline 0 -15"><span class='ocrx_word' id='word_1_227' title='bbox 467 3309 622 3365; x_wconf 83' lang='lat' dir='ltr'><strong>humi</strong></span> <span class='ocrx_word' id='word_1_228' title='bbox 663 3308 969 3378; x_wconf 72' lang='lat' dir='ltr'><strong>deiecisset,</strong></span> <span class='ocrx_word' id='word_1_229' title='bbox 1002 3316 1055 3363; x_wconf 87' lang='lat' dir='ltr'><strong>et</strong></span> <span class='ocrx_word' id='word_1_230' title='bbox 1085 3316 1259 3363; x_wconf 89' lang='lat' dir='ltr'><strong>totum</strong></span> <span class='ocrx_word' id='word_1_231' title='bbox 1316 3309 1494 3380; x_wconf 91' lang='lat' dir='ltr'><strong>ipsum</strong></span> <span class='ocrx_word' id='word_1_232' title='bbox 1528 3311 1580 3363; x_wconf 92' lang='lat' dir='ltr'><strong>in</strong></span> <span class='ocrx_word' id='word_1_233' title='bbox 1612 3310 1785 3366; x_wconf 89' lang='lat' dir='ltr'><strong>oculis</strong></span> <span class='ocrx_word' id='word_1_234' title='bbox 1807 3311 2050 3366; x_wconf 89' lang='lat' dir='ltr'><strong>omnium</strong></span> 
     </span>
    </p>
   </div>
   <div class='ocr_carea' id='block_1_35' title="bbox 472 3388 2056 3474">
    <p class='ocr_par' dir='ltr' id='par_1_35' title="bbox 472 3388 2056 3474">
     <span class='ocr_line' id='line_1_35' title="bbox 472 3388 2056 3474; baseline 0.001 -18"><span class='ocrx_word' id='word_1_235' title='bbox 472 3401 851 3465; x_wconf 78' lang='lat' dir='ltr'><strong>dilarerasset,</strong></span> <span class='ocrx_word' id='word_1_236' title='bbox 907 3408 966 3453; x_wconf 91' lang='lat' dir='ltr'><strong>ut</strong></span> <span class='ocrx_word' id='word_1_237' title='bbox 1010 3400 1093 3454; x_wconf 91' lang='lat' dir='ltr'><strong>vel</strong></span> <span class='ocrx_word' id='word_1_238' title='bbox 1125 3400 1205 3455; x_wconf 87' lang='lat' dir='ltr'><strong>sic</strong></span> <span class='ocrx_word' id='word_1_239' title='bbox 1252 3388 1679 3456; x_wconf 82' lang='lat' dir='ltr'><strong>involuntarium</strong></span> <span class='ocrx_word' id='word_1_240' title='bbox 1723 3401 2056 3474; x_wconf 79' lang='lat' dir='ltr'><strong>signiﬁcaret</strong></span> 
     </span>
    </p>
   </div>
   <div class='ocr_carea' id='block_1_36' title="bbox 479 3492 2054 3565">
    <p class='ocr_par' dir='ltr' id='par_1_36' title="bbox 479 3492 2054 3565">
     <span class='ocr_line' id='line_1_36' title="bbox 479 3492 2054 3565; baseline 0 -18"><span class='ocrx_word' id='word_1_241' title='bbox 479 3507 778 3557; x_wconf 89' lang='lat' dir='ltr'><strong>recessum,</strong></span> <span class='ocrx_word' id='word_1_242' title='bbox 805 3502 1079 3562; x_wconf 87' lang='lat' dir='ltr'><strong>quamque</strong></span> <span class='ocrx_word' id='word_1_243' title='bbox 1126 3492 1435 3548; x_wconf 90' lang='lat' dir='ltr'><strong>hominibus</strong></span> <span class='ocrx_word' id='word_1_244' title='bbox 1483 3492 1734 3559; x_wconf 78' lang='lat' dir='ltr'><strong>infestus,</strong></span> <span class='ocrx_word' id='word_1_245' title='bbox 1770 3498 1824 3548; x_wconf 86' lang='lat' dir='ltr'><strong>et</strong></span> <span class='ocrx_word' id='word_1_246' title='bbox 1852 3496 2054 3565; x_wconf 88' lang='lat' dir='ltr'><strong>quanto</strong></span> 
     </span>
    </p>
   </div>
   <div class='ocr_carea' id='block_1_37' title="bbox 468 3582 2055 3666">
    <p class='ocr_par' dir='ltr' id='par_1_37' title="bbox 468 3582 2055 3666">
     <span class='ocr_line' id='line_1_37' title="bbox 468 3582 2055 3666; baseline 0.003 -27"><span class='ocrx_word' id='word_1_247' title='bbox 468 3586 523 3639; x_wconf 92' lang='lat' dir='ltr'><strong>in</strong></span> <span class='ocrx_word' id='word_1_248' title='bbox 551 3599 648 3638; x_wconf 83' lang='lat' dir='ltr'><strong>eus</strong></span> <span class='ocrx_word' id='word_1_249' title='bbox 676 3582 886 3638; x_wconf 76' lang='lat' dir='ltr'><strong>cientur</strong></span> <span class='ocrx_word' id='word_1_250' title='bbox 912 3583 1115 3666; x_wconf 70' lang='lat' dir='ltr'><strong>furore,</strong></span> <span class='ocrx_word' id='word_1_251' title='bbox 1145 3599 1268 3639; x_wconf 88' lang='lat' dir='ltr'><strong>eum</strong></span> <span class='ocrx_word' id='word_1_252' title='bbox 1296 3585 1575 3655; x_wconf 88' lang='lat' dir='ltr'><strong>relinquit,</strong></span> <span class='ocrx_word' id='word_1_253' title='bbox 1601 3584 1692 3641; x_wconf 84' lang='lat' dir='ltr'><strong>aut</strong></span> <span class='ocrx_word' id='word_1_254' title='bbox 1728 3586 1909 3657; x_wconf 77' lang='lat' dir='ltr'><strong>potius</strong></span> <span class='ocrx_word' id='word_1_255' title='bbox 1937 3584 2055 3658; x_wconf 83' lang='lat' dir='ltr'><strong>ipse</strong></span> 
     </span>
    </p>
   </div>
   <div class='ocr_carea' id='block_1_38' title="bbox 466 3673 2048 3749">
    <p class='ocr_par' dir='ltr' id='par_1_38' title="bbox 466 3673 2048 3749">
     <span class='ocr_line' id='line_1_38' title="bbox 466 3673 2048 3749; baseline 0.002 -18"><span class='ocrx_word' id='word_1_256' title='bbox 466 3677 810 3743; x_wconf 81' lang='lat' dir='ltr'><strong>exturbatur,</strong></span> <span class='ocrx_word' id='word_1_257' title='bbox 839 3684 1016 3730; x_wconf 90' lang='lat' dir='ltr'><strong>motus</strong></span> <span class='ocrx_word' id='word_1_258' title='bbox 1042 3673 1253 3747; x_wconf 75' lang='lat' dir='ltr'><strong>flagello</strong></span> <span class='ocrx_word' id='word_1_259' title='bbox 1277 3678 1562 3733; x_wconf 86' lang='lat' dir='ltr'><strong>divinio’re.</strong></span> <span class='ocrx_word' id='word_1_260' title='bbox 1600 3678 1692 3733; x_wconf 86' lang='lat' dir='ltr'><strong>Sic</strong></span> <span class='ocrx_word' id='word_1_261' title='bbox 1732 3694 1860 3749; x_wconf 87' lang='lat' dir='ltr'><strong>ergo</strong></span> <span class='ocrx_word' id='word_1_262' title='bbox 1896 3679 1944 3734; x_wconf 86' lang='lat' dir='ltr'><strong>ei</strong></span> <span class='ocrx_word' id='word_1_263' title='bbox 1982 3678 2048 3734; x_wconf 57' lang='lat' dir='ltr'><strong>&#39;et</strong></span> 
     </span>
    </p>
   </div>
   <div class='ocr_carea' id='block_1_39' title="bbox 466 3768 2060 3836">
    <p class='ocr_par' dir='ltr' id='par_1_39' title="bbox 466 3768 2060 3836">
     <span class='ocr_line' id='line_1_39' title="bbox 466 3768 2060 3836; baseline 0.004 -17"><span class='ocrx_word' id='word_1_264' title='bbox 466 3768 611 3833; x_wconf 82' lang='lat' dir='ltr'><strong>vivo,</strong></span> <span class='ocrx_word' id='word_1_265' title='bbox 645 3774 851 3836; x_wconf 85' lang='lat' dir='ltr'><strong>etpost</strong></span> <span class='ocrx_word' id='word_1_266' title='bbox 912 3775 1142 3822; x_wconf 86' lang='lat' dir='ltr'><strong>mortem</strong></span> <span class='ocrx_word' id='word_1_267' title='bbox 1196 3770 1366 3823; x_wconf 87' lang='lat' dir='ltr'><strong>cessit</strong></span> <span class='ocrx_word' id='word_1_268' title='bbox 1414 3777 1582 3833; x_wconf 88' lang='lat' dir='ltr'><strong>terra,</strong></span> <span class='ocrx_word' id='word_1_269' title='bbox 1637 3780 1693 3825; x_wconf 90' lang='lat' dir='ltr'><strong>et</strong></span> <span class='ocrx_word' id='word_1_270' title='bbox 1730 3772 1953 3836; x_wconf 69' lang='lat' dir='ltr'><strong>malum,</strong></span> <span class='ocrx_word' id='word_1_271' title='bbox 2003 3770 2060 3826; x_wconf 80' lang='lat' dir='ltr'><strong>ét</strong></span> 
     </span>
    </p>
   </div>
   <div class='ocr_carea' id='block_1_40' title="bbox 469 3852 2053 3932">
    <p class='ocr_par' dir='ltr' id='par_1_40' title="bbox 469 3852 2053 3932">
     <span class='ocr_line' id='line_1_40' title="bbox 469 3852 2053 3932; baseline 0.003 -17"><span class='ocrx_word' id='word_1_272' title='bbox 469 3875 642 3927; x_wconf 88' lang='lat' dir='ltr'><strong>mare,</strong></span> <span class='ocrx_word' id='word_1_273' title='bbox 674 3869 728 3915; x_wconf 89' lang='lat' dir='ltr'><strong>ct</strong></span> <span class='ocrx_word' id='word_1_274' title='bbox 756 3864 870 3923; x_wconf 80' lang='lat' dir='ltr'><strong>aer,</strong></span> <span class='ocrx_word' id='word_1_275' title='bbox 901 3869 956 3915; x_wconf 88' lang='lat' dir='ltr'><strong>et</strong></span> <span class='ocrx_word' id='word_1_276' title='bbox 1000 3852 1313 3928; x_wconf 77' lang='lat' dir='ltr'><strong>daemones;</strong></span> <span class='ocrx_word' id='word_1_277' title='bbox 1366 3871 1513 3916; x_wconf 87' lang='lat' dir='ltr'><strong>terra</strong></span> <span class='ocrx_word' id='word_1_278' title='bbox 1562 3862 1783 3932; x_wconf 83' lang='lat' dir='ltr'><strong>quidem</strong></span> <span class='ocrx_word' id='word_1_279' title='bbox 1818 3862 1846 3916; x_wconf 60' lang='grc' dir='ltr'><strong>τι</strong></span> <span class='ocrx_word' id='word_1_280' title='bbox 1901 3860 2053 3929; x_wconf 80' lang='lat' dir='ltr'><strong>feris,</strong></span> 
     </span>
    </p>
   </div>
   <div class='ocr_carea' id='block_1_41' title="bbox 468 3948 2054 4026">
    <p class='ocr_par' dir='ltr' id='par_1_41' title="bbox 468 3948 2054 4026">
     <span class='ocr_line' id='line_1_41' title="bbox 468 3948 2054 4026; baseline 0.002 -19"><span class='ocrx_word' id='word_1_281' title='bbox 468 3953 667 4009; x_wconf 71' lang='lat' dir='ltr'><strong>caelum</strong></span> <span class='ocrx_word' id='word_1_282' title='bbox 710 3966 839 4008; x_wconf 76' lang='lat' dir='ltr'><strong>vero</strong></span> <span class='ocrx_word' id='word_1_283' title='bbox 898 3956 929 4007; x_wconf 81' lang='lat' dir='ltr'><strong>a</strong></span> <span class='ocrx_word' id='word_1_284' title='bbox 971 3952 1244 4015; x_wconf 87' lang='lat' dir='ltr'><strong>siccitate,</strong></span> <span class='ocrx_word' id='word_1_285' title='bbox 1281 3969 1433 4008; x_wconf 88' lang='lat' dir='ltr'><strong>mare</strong></span> <span class='ocrx_word' id='word_1_286' title='bbox 1489 3948 1672 4010; x_wconf 79' lang='lat' dir='ltr'><strong>autem</strong></span> <span class='ocrx_word' id='word_1_287' title='bbox 1717 3971 1747 4009; x_wconf 90' lang='lat' dir='ltr'><strong>a</strong></span> <span class='ocrx_word' id='word_1_288' title='bbox 1779 3952 2054 4026; x_wconf 82' lang='lat' dir='ltr'><strong>periculis,</strong></span> 
     </span>
    </p>
   </div>
   <div class='ocr_carea' id='block_1_42' title="bbox 468 4040 2057 4109">
    <p class='ocr_par' dir='ltr' id='par_1_42' title="bbox 468 4040 2057 4109">
     <span class='ocr_line' id='line_1_42' title="bbox 468 4040 2057 4109; baseline 0.001 -9"><span class='ocrx_word' id='word_1_289' title='bbox 468 4061 563 4103; x_wconf 79' lang='lat' dir='ltr'><strong>aer</strong></span> <span class='ocrx_word' id='word_1_290' title='bbox 610 4060 740 4100; x_wconf 90' lang='lat' dir='ltr'><strong>vero</strong></span> <span class='ocrx_word' id='word_1_291' title='bbox 767 4057 796 4098; x_wconf 89' lang='lat' dir='ltr'><strong>a</strong></span> <span class='ocrx_word' id='word_1_292' title='bbox 854 4045 1062 4099; x_wconf 86' lang='lat' dir='ltr'><strong>locusta</strong></span> <span class='ocrx_word' id='word_1_293' title='bbox 1113 4054 1167 4098; x_wconf 89' lang='lat' dir='ltr'><strong>et</strong></span> <span class='ocrx_word' id='word_1_294' title='bbox 1232 4044 1465 4109; x_wconf 84' lang='lat' dir='ltr'><strong>brueho,</strong></span> <span class='ocrx_word' id='word_1_295' title='bbox 1508 4044 1782 4102; x_wconf 67' lang='lat' dir='ltr'><strong>daemones</strong></span> <span class='ocrx_word' id='word_1_296' title='bbox 1814 4040 1993 4101; x_wconf 82' lang='lat' dir='ltr'><strong>autem</strong></span> <span class='ocrx_word' id='word_1_297' title='bbox 2027 4062 2057 4101; x_wconf 90' lang='lat' dir='ltr'><strong>a</strong></span> 
     </span>
    </p>
   </div>
   <div class='ocr_carea' id='block_1_43' title="bbox 470 4130 2058 4206">
    <p class='ocr_par' dir='ltr' id='par_1_43' title="bbox 470 4130 2058 4206">
     <span class='ocr_line' id='line_1_43' title="bbox 470 4130 2058 4206; baseline 0.001 -16"><span class='ocrx_word' id='word_1_298' title='bbox 470 4138 642 4206; x_wconf 83' lang='lat' dir='ltr'><strong>plagis</strong></span> <span class='ocrx_word' id='word_1_299' title='bbox 698 4135 951 4190; x_wconf 82' lang='lat' dir='ltr'><strong>homines</strong></span> <span class='ocrx_word' id='word_1_300' title='bbox 986 4135 1187 4190; x_wconf 84' lang='lat' dir='ltr'><strong>liberos</strong></span> <span class='ocrx_word' id='word_1_301' title='bbox 1217 4136 1588 4204; x_wconf 81' lang='lat' dir='ltr'><strong>relinquentes</strong></span> <span class='ocrx_word' id='word_1_302' title='bbox 1626 4157 1640 4193; x_wconf 90' lang='lat'><strong>:</strong></span> <span class='ocrx_word' id='word_1_303' title='bbox 1674 4130 1730 4192; x_wconf 79' lang='lat' dir='ltr'><strong>et</strong></span> <span class='ocrx_word' id='word_1_304' title='bbox 1774 4134 1909 4192; x_wconf 77' lang='lat' dir='ltr'><strong>nihil</strong></span> <span class='ocrx_word' id='word_1_305' title='bbox 1938 4139 2058 4206; x_wconf 79' lang='lat' dir='ltr'><strong>fuit,</strong></span> 
     </span>
    </p>
   </div>
   <div class='ocr_carea' id='block_1_44' title="bbox 472 4222 2060 4297">
    <p class='ocr_par' dir='ltr' id='par_1_44' title="bbox 472 4222 2060 4297">
     <span class='ocr_line' id='line_1_44' title="bbox 472 4222 2060 4297; baseline 0.003 -18"><span class='ocrx_word' id='word_1_306' title='bbox 472 4232 614 4297; x_wconf 85' lang='lat' dir='ltr'><strong>quod</strong></span> <span class='ocrx_word' id='word_1_307' title='bbox 667 4241 776 4280; x_wconf 89' lang='lat' dir='ltr'><strong>non</strong></span> <span class='ocrx_word' id='word_1_308' title='bbox 809 4227 1067 4295; x_wconf 85' lang='lat' dir='ltr'><strong>deinceps</strong></span> <span class='ocrx_word' id='word_1_309' title='bbox 1108 4225 1225 4294; x_wconf 88' lang='lat' dir='ltr'><strong>ejus</strong></span> <span class='ocrx_word' id='word_1_310' title='bbox 1258 4234 1556 4291; x_wconf 68' lang='lat' dir='ltr'><strong>tealaretur</strong></span> <span class='ocrx_word' id='word_1_311' title='bbox 1606 4222 1862 4283; x_wconf 73' lang='lat' dir='ltr'><strong>virtutem</strong></span> <span class='ocrx_word' id='word_1_312' title='bbox 1920 4222 2060 4283; x_wconf 75' lang='lat' dir='ltr'><strong>mul-</strong></span> 
     </span>
    </p>
   </div>
   <div class='ocr_carea' id='block_1_45' title="bbox 472 4308 1373 4389">
    <p class='ocr_par' dir='ltr' id='par_1_45' title="bbox 472 4308 1373 4389">
     <span class='ocr_line' id='line_1_45' title="bbox 472 4308 1373 4389; baseline 0.001 -17"><span class='ocrx_word' id='word_1_313' title='bbox 472 4329 696 4389; x_wconf 87' lang='lat' dir='ltr'><strong>tamque</strong></span> <span class='ocrx_word' id='word_1_314' title='bbox 723 4308 863 4388; x_wconf 86' lang='lat' dir='ltr'><strong>apud</strong></span> <span class='ocrx_word' id='word_1_315' title='bbox 904 4314 1070 4372; x_wconf 86' lang='lat' dir='ltr'><strong>Deum</strong></span> <span class='ocrx_word' id='word_1_316' title='bbox 1101 4316 1373 4373; x_wconf 78' lang='lat' dir='ltr'><strong>ﬁduciam.</strong></span> 
     </span>
    </p>
   </div>
   <div class='ocr_carea' id='block_1_46' title="bbox 542 4400 2059 4482">
    <p class='ocr_par' dir='ltr' id='par_1_46' title="bbox 542 4400 2059 4482">
     <span class='ocr_line' id='line_1_46' title="bbox 542 4400 2059 4482; baseline 0 -16"><span class='ocrx_word' id='word_1_317' title='bbox 542 4410 634 4467; x_wconf 86' lang='lat'><strong>88.</strong></span> <span class='ocrx_word' id='word_1_318' title='bbox 667 4409 805 4465; x_wconf 87' lang='lat' dir='ltr'><strong>Cum</strong></span> <span class='ocrx_word' id='word_1_319' title='bbox 851 4420 1031 4467; x_wconf 87' lang='lat' dir='ltr'><strong>autem</strong></span> <span class='ocrx_word' id='word_1_320' title='bbox 1075 4410 1215 4464; x_wconf 77' lang='lat' dir='ltr'><strong>fama</strong></span> <span class='ocrx_word' id='word_1_321' title='bbox 1268 4421 1490 4482; x_wconf 84' lang='lat' dir='ltr'><strong>repente</strong></span> <span class='ocrx_word' id='word_1_322' title='bbox 1542 4412 1594 4465; x_wconf 90' lang='lat' dir='ltr'><strong>in</strong></span> <span class='ocrx_word' id='word_1_323' title='bbox 1630 4410 1846 4466; x_wconf 73' lang='lat' dir='ltr'><strong>’ontn&#39;em</strong></span> <span class='ocrx_word' id='word_1_324' title='bbox 1883 4400 2059 4467; x_wconf 81' lang='lat' dir='ltr'><strong>locum</strong></span> 
     </span>
    </p>
   </div>
   <div class='ocr_carea' id='block_1_47' title="bbox 2146 560 3744 638">
    <p class='ocr_par' dir='ltr' id='par_1_47' title="bbox 2146 560 3744 638">
     <span class='ocr_line' id='line_1_47' title="bbox 2146 560 3744 638; baseline -0.003 -16"><span class='ocrx_word' id='word_1_325' title='bbox 2146 567 2244 632; x_wconf 85' lang='grc' dir='ltr'>τὰς</span> <span class='ocrx_word' id='word_1_326' title='bbox 2270 566 2472 638; x_wconf 81' lang='grc' dir='ltr'>φρένας</span> <span class='ocrx_word' id='word_1_327' title='bbox 2506 560 2885 633; x_wconf 66' lang='grc' dir='ltr'>καθεστηκὼς,</span> <span class='ocrx_word' id='word_1_328' title='bbox 2916 563 2944 616; x_wconf 92' lang='grc' dir='ltr'><strong>ὂ</strong></span> <span class='ocrx_word' id='word_1_329' title='bbox 2976 563 3069 616; x_wconf 79' lang='grc' dir='ltr'><strong>καὶ</strong></span> <span class='ocrx_word' id='word_1_330' title='bbox 3096 562 3296 632; x_wconf 83' lang='grc' dir='ltr'>μᾶλλον</span> <span class='ocrx_word' id='word_1_331' title='bbox 3324 561 3475 633; x_wconf 83' lang='grc' dir='ltr'>αύτῷ</span> <span class='ocrx_word' id='word_1_332' title='bbox 3512 562 3744 634; x_wconf 73' lang='grc' dir='ltr'>σφοδρό-</span> 
     </span>
    </p>
   </div>
   <div class='ocr_carea' id='block_1_48' title="bbox 2145 652 3741 728">
    <p class='ocr_par' dir='ltr' id='par_1_48' title="bbox 2145 652 3741 728">
     <span class='ocr_line' id='line_1_48' title="bbox 2145 652 3741 728; baseline -0.002 -17"><span class='ocrx_word' id='word_1_333' title='bbox 2145 675 2305 728; x_wconf 84' lang='grc' dir='ltr'>τερον</span> <span class='ocrx_word' id='word_1_334' title='bbox 2339 658 2547 727; x_wconf 83' lang='grc' dir='ltr'><strong>ἀνῆπτε</strong></span> <span class='ocrx_word' id='word_1_335' title='bbox 2606 653 2668 709; x_wconf 80' lang='grc' dir='ltr'><strong>τὸ</strong></span> <span class='ocrx_word' id='word_1_336' title='bbox 2702 653 2898 718; x_wconf 82' lang='grc' dir='ltr'><strong>πένθος</strong></span> <span class='ocrx_word' id='word_1_337' title='bbox 2963 652 3274 722; x_wconf 79' lang='grc' dir='ltr'>λογίζεσθαι</span> <span class='ocrx_word' id='word_1_338' title='bbox 3324 652 3623 725; x_wconf 79' lang='grc' dir='ltr'>δυναμένῳ</span> <span class='ocrx_word' id='word_1_339' title='bbox 3657 657 3741 719; x_wconf 82' lang='grc' dir='ltr'>εἰς</span> 
     </span>
    </p>
   </div>
   <div class='ocr_carea' id='block_1_49' title="bbox 2144 745 3729 818">
    <p class='ocr_par' dir='ltr' id='par_1_49' title="bbox 2144 745 3729 818">
     <span class='ocr_line' id='line_1_49' title="bbox 2144 745 3729 818; baseline -0.003 -15"><span class='ocrx_word' id='word_1_340' title='bbox 2144 750 2264 804; x_wconf 71' lang='grc' dir='ltr'>οἵαν</span> <span class='ocrx_word' id='word_1_341' title='bbox 2313 752 2340 803; x_wconf 90' lang='grc' dir='ltr'>ὁ</span> <span class='ocrx_word' id='word_1_342' title='bbox 2374 748 2559 811; x_wconf 76' lang='grc' dir='ltr'>ἄθλιος</span> <span class='ocrx_word' id='word_1_343' title='bbox 2601 746 2892 818; x_wconf 72' lang='grc' dir='ltr'>συμφορὰν</span> <span class='ocrx_word' id='word_1_344' title='bbox 2932 745 3244 815; x_wconf 77' lang='grc' dir='ltr'>περιπέσοι,</span> <span class='ocrx_word' id='word_1_345' title='bbox 3288 746 3384 797; x_wconf 71' lang='grc' dir='ltr'>καὶ</span> <span class='ocrx_word' id='word_1_346' title='bbox 3431 745 3606 808; x_wconf 83' lang='grc' dir='ltr'>ὅπως,</span> <span class='ocrx_word' id='word_1_347' title='bbox 3656 746 3729 816; x_wconf 85' lang='grc' dir='ltr'>ἢν</span> 
     </span>
    </p>
   </div>
   <div class='ocr_carea' id='block_1_50' title="bbox 2145 822 3742 910">
    <p class='ocr_par' dir='ltr' id='par_1_50' title="bbox 2145 822 3742 910">
     <span class='ocr_line' id='line_1_50' title="bbox 2145 822 3742 910; baseline -0.003 -18"><span class='ocrx_word' id='word_1_348' title='bbox 2145 832 2263 910; x_wconf 85' lang='grc' dir='ltr'>εἶχε</span> <span class='ocrx_word' id='word_1_349' title='bbox 2292 836 2387 892; x_wconf 79' lang='grc' dir='ltr'><strong>καὶ</strong></span> <span class='ocrx_word' id='word_1_350' title='bbox 2430 836 2603 908; x_wconf 87' lang='grc' dir='ltr'>μόνην</span> <span class='ocrx_word' id='word_1_351' title='bbox 2636 835 2957 904; x_wconf 79' lang='grc' dir='ltr'>ἀπαλλαγῆς</span> <span class='ocrx_word' id='word_1_352' title='bbox 2984 833 3198 899; x_wconf 81' lang='grc' dir='ltr'>ἐλπίδα,</span> <span class='ocrx_word' id='word_1_353' title='bbox 3241 832 3337 885; x_wconf 81' lang='grc' dir='ltr'>καὶ</span> <span class='ocrx_word' id='word_1_354' title='bbox 3374 831 3579 903; x_wconf 81' lang='grc' dir='ltr'>ταύτην</span> <span class='ocrx_word' id='word_1_355' title='bbox 3632 822 3742 901; x_wconf 87' lang='grc' dir='ltr'>ἀφ-</span> 
     </span>
    </p>
   </div>
   <div class='ocr_carea' id='block_1_51' title="bbox 2144 923 3737 1002">
    <p class='ocr_par' dir='ltr' id='par_1_51' title="bbox 2144 923 3737 1002">
     <span class='ocr_line' id='line_1_51' title="bbox 2144 923 3737 1002; baseline -0.004 -19"><span class='ocrx_word' id='word_1_356' title='bbox 2144 923 2369 1002; x_wconf 73' lang='grc' dir='ltr'>ῄρηται,</span> <span class='ocrx_word' id='word_1_357' title='bbox 2408 930 2562 1000; x_wconf 85' lang='grc' dir='ltr'>μενεῖ</span> <span class='ocrx_word' id='word_1_358' title='bbox 2582 929 2638 982; x_wconf 60' lang='grc' dir='ltr'><strong>δέ</strong></span> <span class='ocrx_word' id='word_1_359' title='bbox 2662 927 2723 981; x_wconf 81' lang='grc' dir='ltr'>τὺ</span> <span class='ocrx_word' id='word_1_360' title='bbox 2746 925 2934 980; x_wconf 81' lang='grc' dir='ltr'>λοιπὸν</span> <span class='ocrx_word' id='word_1_361' title='bbox 2961 924 3091 997; x_wconf 79' lang='grc' dir='ltr'>ἄχρι</span> <span class='ocrx_word' id='word_1_362' title='bbox 3124 924 3316 988; x_wconf 82' lang='grc' dir='ltr'>τέλους</span> <span class='ocrx_word' id='word_1_363' title='bbox 3353 924 3452 997; x_wconf 79' lang='grc' dir='ltr'><strong>τὴν</strong></span> <span class='ocrx_word' id='word_1_364' title='bbox 3488 923 3737 996; x_wconf 74' lang='grc' dir='ltr'>χαλεπὴν</span> 
     </span>
    </p>
   </div>
   <div class='ocr_carea' id='block_1_52' title="bbox 2145 1016 3747 1094">
    <p class='ocr_par' dir='ltr' id='par_1_52' title="bbox 2145 1016 3747 1094">
     <span class='ocr_line' id='line_1_52' title="bbox 2145 1016 3747 1094; baseline -0.005 -17"><span class='ocrx_word' id='word_1_365' title='bbox 2145 1025 2357 1094; x_wconf 86' lang='grc' dir='ltr'>ταύτην</span> <span class='ocrx_word' id='word_1_366' title='bbox 2388 1022 2759 1092; x_wconf 81' lang='grc' dir='ltr'>ὑφιστάμενος</span> <span class='ocrx_word' id='word_1_367' title='bbox 2785 1018 3102 1091; x_wconf 81' lang='grc' dir='ltr'><strong>τυραννίδα,</strong></span> <span class='ocrx_word' id='word_1_368' title='bbox 3153 1019 3246 1071; x_wconf 76' lang='grc' dir='ltr'><strong>καὶ</strong></span> <span class='ocrx_word' id='word_1_369' title='bbox 3280 1017 3381 1082; x_wconf 83' lang='grc' dir='ltr'>τὰς</span> <span class='ocrx_word' id='word_1_370' title='bbox 3416 1019 3479 1070; x_wconf 79' lang='grc' dir='ltr'>ὲκ</span> <span class='ocrx_word' id='word_1_371' title='bbox 3509 1016 3603 1071; x_wconf 80' lang='grc' dir='ltr'>τοῦ</span> <span class='ocrx_word' id='word_1_372' title='bbox 3634 1017 3747 1070; x_wconf 79' lang='grc' dir='ltr'>δαί-</span> 
     </span>
    </p>
   </div>
   <div class='ocr_carea' id='block_1_53' title="bbox 2150 1109 3744 1184">
    <p class='ocr_par' dir='ltr' id='par_1_53' title="bbox 2150 1109 3744 1184">
     <span class='ocr_line' id='line_1_53' title="bbox 2150 1109 3744 1184; baseline -0.003 -18"><span class='ocrx_word' id='word_1_373' title='bbox 2150 1129 2313 1184; x_wconf 90' lang='grc' dir='ltr'>μονος</span> <span class='ocrx_word' id='word_1_374' title='bbox 2347 1113 2638 1182; x_wconf 80' lang='grc' dir='ltr'><strong>ὑπομένων</strong></span> <span class='ocrx_word' id='word_1_375' title='bbox 2685 1112 2955 1182; x_wconf 72' lang='grc' dir='ltr'><strong>κινήσεις,</strong></span> <span class='ocrx_word' id='word_1_376' title='bbox 3017 1111 3115 1174; x_wconf 77' lang='grc' dir='ltr'><strong>τὰς</strong></span> <span class='ocrx_word' id='word_1_377' title='bbox 3158 1109 3470 1183; x_wconf 72' lang='grc' dir='ltr'>προσϐολὰς</span> <span class='ocrx_word' id='word_1_378' title='bbox 3519 1109 3744 1173; x_wconf 87' lang='grc' dir='ltr'>ἐκείνας</span> 
     </span>
    </p>
   </div>
   <div class='ocr_carea' id='block_1_54' title="bbox 2142 1192 3742 1274">
    <p class='ocr_par' dir='ltr' id='par_1_54' title="bbox 2142 1192 3742 1274">
     <span class='ocr_line' id='line_1_54' title="bbox 2142 1192 3742 1274; baseline -0.005 -20"><span class='ocrx_word' id='word_1_379' title='bbox 2142 1201 2242 1265; x_wconf 85' lang='grc' dir='ltr'>τὰς</span> <span class='ocrx_word' id='word_1_380' title='bbox 2260 1202 2634 1274; x_wconf 72' lang='grc' dir='ltr'>ἀπορρήτους,</span> <span class='ocrx_word' id='word_1_381' title='bbox 2660 1200 2761 1272; x_wconf 85' lang='grc' dir='ltr'><strong>τὴν</strong></span> <span class='ocrx_word' id='word_1_382' title='bbox 2788 1199 3009 1270; x_wconf 88' lang='grc' dir='ltr'>μανίαν,</span> <span class='ocrx_word' id='word_1_383' title='bbox 3032 1199 3123 1252; x_wconf 79' lang='grc' dir='ltr'>τὸν</span> <span class='ocrx_word' id='word_1_384' title='bbox 3149 1196 3398 1269; x_wconf 80' lang='grc' dir='ltr'>φρικώδη</span> <span class='ocrx_word' id='word_1_385' title='bbox 3427 1192 3617 1249; x_wconf 82' lang='grc' dir='ltr'>κλόνον</span> <span class='ocrx_word' id='word_1_386' title='bbox 3641 1194 3742 1248; x_wconf 82' lang='grc' dir='ltr'>καὶ</span> 
     </span>
    </p>
   </div>
   <div class='ocr_carea' id='block_1_55' title="bbox 2144 1280 3747 1364">
    <p class='ocr_par' dir='ltr' id='par_1_55' title="bbox 2144 1280 3747 1364">
     <span class='ocr_line' id='line_1_55' title="bbox 2144 1280 3747 1364; baseline -0.007 -16"><span class='ocrx_word' id='word_1_387' title='bbox 2144 1293 2480 1364; x_wconf 72' lang='grc' dir='ltr'>ἀπόρρητον,</span> <span class='ocrx_word' id='word_1_388' title='bbox 2502 1290 2596 1343; x_wconf 77' lang='grc' dir='ltr'>καὶ</span> <span class='ocrx_word' id='word_1_389' title='bbox 2613 1290 2681 1344; x_wconf 77' lang='grc' dir='ltr'>τὰ</span> <span class='ocrx_word' id='word_1_390' title='bbox 2697 1289 2910 1342; x_wconf 76' lang='grc' dir='ltr'>ἐκεῖθεν</span> <span class='ocrx_word' id='word_1_391' title='bbox 2943 1287 3155 1341; x_wconf 67' lang='grc' dir='ltr'>ἐλεεινὰ</span> <span class='ocrx_word' id='word_1_392' title='bbox 3184 1280 3453 1356; x_wconf 61' lang='grc' dir='ltr'>πτώματα</span> <span class='ocrx_word' id='word_1_393' title='bbox 3489 1287 3587 1339; x_wconf 73' lang='grc' dir='ltr'>καὶ</span> <span class='ocrx_word' id='word_1_394' title='bbox 3608 1301 3747 1355; x_wconf 89' lang='grc' dir='ltr'>συμ-</span> 
     </span>
    </p>
   </div>
   <div class='ocr_carea' id='block_1_56' title="bbox 2145 1379 3739 1457">
    <p class='ocr_par' dir='ltr' id='par_1_56' title="bbox 2145 1379 3739 1457">
     <span class='ocr_line' id='line_1_56' title="bbox 2145 1379 3739 1457; baseline -0.006 -18"><span class='ocrx_word' id='word_1_395' title='bbox 2145 1384 2418 1457; x_wconf 83' lang='grc' dir='ltr'>πτώματα</span> <span class='ocrx_word' id='word_1_396' title='bbox 2452 1385 2547 1438; x_wconf 76' lang='grc' dir='ltr'><strong>καὶ</strong></span> <span class='ocrx_word' id='word_1_397' title='bbox 2573 1382 2670 1454; x_wconf 76' lang='grc' dir='ltr'>τὴν</span> <span class='ocrx_word' id='word_1_398' title='bbox 2701 1379 2992 1454; x_wconf 78' lang='grc' dir='ltr'>ἀδιήγητον</span> <span class='ocrx_word' id='word_1_399' title='bbox 3022 1380 3082 1447; x_wconf 77' lang='grc' dir='ltr'><strong>ἐξ</strong></span> <span class='ocrx_word' id='word_1_400' title='bbox 3110 1381 3206 1434; x_wconf 85' lang='grc' dir='ltr'><strong>ἀνθ</strong></span> <span class='ocrx_word' id='word_1_401' title='bbox 3218 1379 3413 1452; x_wconf 88' lang='grc' dir='ltr'>ρώπων</span> <span class='ocrx_word' id='word_1_402' title='bbox 3450 1379 3739 1450; x_wconf 75' lang='grc' dir='ltr'>αἰσχύνην.</span> 
     </span>
    </p>
   </div>
   <div class='ocr_carea' id='block_1_57' title="bbox 2145 1470 3736 1546">
    <p class='ocr_par' dir='ltr' id='par_1_57' title="bbox 2145 1470 3736 1546">
     <span class='ocr_line' id='line_1_57' title="bbox 2145 1470 3736 1546; baseline -0.005 -15"><span class='ocrx_word' id='word_1_403' title='bbox 2145 1477 2333 1531; x_wconf 81' lang='grc' dir='ltr'>Ταῦτα</span> <span class='ocrx_word' id='word_1_404' title='bbox 2357 1478 2452 1531; x_wconf 74' lang='grc' dir='ltr'>ἐπὶ</span> <span class='ocrx_word' id='word_1_405' title='bbox 2482 1477 2609 1531; x_wconf 81' lang='grc' dir='ltr'>νοῦν</span> <span class='ocrx_word' id='word_1_406' title='bbox 2631 1475 2924 1546; x_wconf 81' lang='grc' dir='ltr'>λαμϐάνων</span> <span class='ocrx_word' id='word_1_407' title='bbox 2943 1475 3037 1529; x_wconf 75' lang='grc' dir='ltr'>καὶ</span> <span class='ocrx_word' id='word_1_408' title='bbox 3060 1473 3240 1538; x_wconf 84' lang='grc' dir='ltr'>καλῶς</span> <span class='ocrx_word' id='word_1_409' title='bbox 3262 1470 3482 1537; x_wconf 86' lang='grc' dir='ltr'>συνιὼν,</span> <span class='ocrx_word' id='word_1_410' title='bbox 3503 1473 3576 1535; x_wconf 81' lang='grc' dir='ltr'>ὡς</span> <span class='ocrx_word' id='word_1_411' title='bbox 3592 1472 3736 1525; x_wconf 70' lang='lat'><em>0662-</em></span> 
     </span>
    </p>
   </div>
   <div class='ocr_carea' id='block_1_58' title="bbox 2149 1563 3744 1640">
    <p class='ocr_par' dir='ltr' id='par_1_58' title="bbox 2149 1563 3744 1640">
     <span class='ocr_line' id='line_1_58' title="bbox 2149 1563 3744 1640; baseline -0.004 -19"><span class='ocrx_word' id='word_1_412' title='bbox 2149 1567 2248 1640; x_wconf 93' lang='grc' dir='ltr'><strong>μία</strong></span> <span class='ocrx_word' id='word_1_413' title='bbox 2277 1569 2339 1622; x_wconf 81' lang='grc' dir='ltr'><strong>τὸ</strong></span> <span class='ocrx_word' id='word_1_414' title='bbox 2376 1568 2564 1621; x_wconf 79' lang='grc' dir='ltr'>λοιπὸν</span> <span class='ocrx_word' id='word_1_415' title='bbox 2591 1567 2770 1632; x_wconf 79' lang='grc' dir='ltr'>ἐλπὶς,</span> <span class='ocrx_word' id='word_1_416' title='bbox 2792 1566 3022 1637; x_wconf 77' lang='grc' dir='ltr'>οὐδεμία</span> <span class='ocrx_word' id='word_1_417' title='bbox 3043 1565 3148 1619; x_wconf 86' lang='grc' dir='ltr'>τῶν</span> <span class='ocrx_word' id='word_1_418' title='bbox 3171 1563 3428 1618; x_wconf 80' lang='grc' dir='ltr'>τοιούτων</span> <span class='ocrx_word' id='word_1_419' title='bbox 3449 1563 3744 1632; x_wconf 81' lang='grc' dir='ltr'>ἀπαλλαγὴ</span> 
     </span>
    </p>
   </div>
   <div class='ocr_carea' id='block_1_59' title="bbox 2144 1654 3737 1730">
    <p class='ocr_par' dir='ltr' id='par_1_59' title="bbox 2144 1654 3737 1730">
     <span class='ocr_line' id='line_1_59' title="bbox 2144 1654 3737 1730; baseline -0.004 -17"><span class='ocrx_word' id='word_1_420' title='bbox 2144 1660 2562 1726; x_wconf 82' lang='grc' dir='ltr'>καταλείπεται,</span> <span class='ocrx_word' id='word_1_421' title='bbox 2586 1660 2804 1723; x_wconf 80' lang='grc' dir='ltr'>ὀδύναις</span> <span class='ocrx_word' id='word_1_422' title='bbox 2829 1660 2929 1730; x_wconf 79' lang='grc' dir='ltr'><strong>τὴν</strong></span> <span class='ocrx_word' id='word_1_423' title='bbox 2954 1657 3179 1728; x_wconf 80' lang='grc' dir='ltr'>καρδίαν</span> <span class='ocrx_word' id='word_1_424' title='bbox 3226 1655 3429 1723; x_wconf 80' lang='grc' dir='ltr'>ὀξείαις</span> <span class='ocrx_word' id='word_1_425' title='bbox 3455 1654 3737 1719; x_wconf 56' lang='lat' dir='ltr'><strong>gemam,</strong></span> 
     </span>
    </p>
   </div>
   <div class='ocr_carea' id='block_1_60' title="bbox 2146 1746 3746 1824">
    <p class='ocr_par' dir='ltr' id='par_1_60' title="bbox 2146 1746 3746 1824">
     <span class='ocr_line' id='line_1_60' title="bbox 2146 1746 3746 1824; baseline -0.004 -18"><span class='ocrx_word' id='word_1_426' title='bbox 2146 1752 2216 1806; x_wconf 80' lang='grc' dir='ltr'>τὰ</span> <span class='ocrx_word' id='word_1_427' title='bbox 2252 1752 2537 1824; x_wconf 83' lang='grc' dir='ltr'>σπλάγχνα</span> <span class='ocrx_word' id='word_1_428' title='bbox 2567 1753 2701 1820; x_wconf 77' lang='grc' dir='ltr'>πυρὶ</span> <span class='ocrx_word' id='word_1_429' title='bbox 2740 1751 3133 1822; x_wconf 85' lang='grc' dir='ltr'>διεπίμπρατο,</span> <span class='ocrx_word' id='word_1_430' title='bbox 3175 1748 3468 1820; x_wconf 72' lang='grc' dir='ltr'>βαρυτάτῳ</span> <span class='ocrx_word' id='word_1_431' title='bbox 3492 1748 3591 1818; x_wconf 83' lang='grc' dir='ltr'>τὴν</span> <span class='ocrx_word' id='word_1_432' title='bbox 3636 1746 3746 1818; x_wconf 76' lang='grc' dir='ltr'><strong>ψυ-</strong></span> 
     </span>
    </p>
   </div>
   <div class='ocr_carea' id='block_1_61' title="bbox 2148 1839 3743 1917">
    <p class='ocr_par' dir='ltr' id='par_1_61' title="bbox 2148 1839 3743 1917">
     <span class='ocr_line' id='line_1_61' title="bbox 2148 1839 3743 1917; baseline -0.004 -18"><span class='ocrx_word' id='word_1_433' title='bbox 2148 1846 2467 1917; x_wconf 40' lang='grc' dir='ltr'>χὴν-πένθει</span> <span class='ocrx_word' id='word_1_434' title='bbox 2534 1845 2840 1915; x_wconf 84' lang='grc' dir='ltr'>κατείχετο.</span> <span class='ocrx_word' id='word_1_435' title='bbox 2887 1844 2952 1896; x_wconf 89' lang='grc' dir='ltr'>Τί</span> <span class='ocrx_word' id='word_1_436' title='bbox 3008 1844 3105 1914; x_wconf 83' lang='grc' dir='ltr'>μὲν</span> <span class='ocrx_word' id='word_1_437' title='bbox 3142 1845 3201 1896; x_wconf 89' lang='grc' dir='ltr'>οὺ</span> <span class='ocrx_word' id='word_1_438' title='bbox 3233 1843 3432 1910; x_wconf 83' lang='grc' dir='ltr'>λέγων,</span> <span class='ocrx_word' id='word_1_439' title='bbox 3464 1841 3518 1893; x_wconf 88' lang='grc' dir='ltr'><strong>τί</strong></span> <span class='ocrx_word' id='word_1_440' title='bbox 3560 1840 3616 1894; x_wconf 81' lang='grc' dir='ltr'>δὲ</span> <span class='ocrx_word' id='word_1_441' title='bbox 3661 1839 3743 1911; x_wconf 83' lang='grc' dir='ltr'>μὴ</span> 
     </span>
    </p>
   </div>
   <div class='ocr_carea' id='block_1_62' title="bbox 2148 1933 3740 2008">
    <p class='ocr_par' dir='ltr' id='par_1_62' title="bbox 2148 1933 3740 2008">
     <span class='ocr_line' id='line_1_62' title="bbox 2148 1933 3740 2008; baseline -0.004 -18"><span class='ocrx_word' id='word_1_442' title='bbox 2148 1939 2408 2008; x_wconf 80' lang='grc' dir='ltr'>πράττων</span> <span class='ocrx_word' id='word_1_443' title='bbox 2467 1937 2744 2003; x_wconf 82' lang='grc' dir='ltr'>ἐλεεινόν;</span> <span class='ocrx_word' id='word_1_444' title='bbox 2820 1935 3016 1987; x_wconf 78' lang='grc' dir='ltr'>τίλλων</span> <span class='ocrx_word' id='word_1_445' title='bbox 3086 1936 3185 1997; x_wconf 78' lang='grc' dir='ltr'>τὰς</span> <span class='ocrx_word' id='word_1_446' title='bbox 3245 1934 3437 2004; x_wconf 84' lang='grc' dir='ltr'>τρίχας</span> <span class='ocrx_word' id='word_1_447' title='bbox 3498 1933 3740 2003; x_wconf 78' lang='grc' dir='ltr'>πικρῶς,</span> 
     </span>
    </p>
   </div>
   <div class='ocr_carea' id='block_1_63' title="bbox 2149 2028 3741 2102">
    <p class='ocr_par' dir='ltr' id='par_1_63' title="bbox 2149 2028 3741 2102">
     <span class='ocr_line' id='line_1_63' title="bbox 2149 2028 3741 2102; baseline -0.003 -18"><span class='ocrx_word' id='word_1_448' title='bbox 2149 2032 2400 2101; x_wconf 80' lang='grc' dir='ltr'>πλήττων</span> <span class='ocrx_word' id='word_1_449' title='bbox 2426 2031 2492 2083; x_wconf 76' lang='grc' dir='ltr'><strong>τά</strong></span> <span class='ocrx_word' id='word_1_450' title='bbox 2543 2031 2747 2102; x_wconf 83' lang='grc' dir='ltr'>στέρνα</span> <span class='ocrx_word' id='word_1_451' title='bbox 2802 2029 3069 2101; x_wconf 80' lang='grc' dir='ltr'>σφοδρῶς,</span> <span class='ocrx_word' id='word_1_452' title='bbox 3114 2028 3193 2099; x_wconf 85' lang='grc' dir='ltr'>τῷ</span> <span class='ocrx_word' id='word_1_453' title='bbox 3248 2028 3487 2099; x_wconf 80' lang='grc' dir='ltr'>μετώπῳ</span> <span class='ocrx_word' id='word_1_454' title='bbox 3518 2029 3741 2082; x_wconf 81' lang='grc' dir='ltr'>κόπτων</span> 
     </span>
    </p>
   </div>
   <div class='ocr_carea' id='block_1_64' title="bbox 2146 2120 3740 2194">
    <p class='ocr_par' dir='ltr' id='par_1_64' title="bbox 2146 2120 3740 2194">
     <span class='ocr_line' id='line_1_64' title="bbox 2146 2120 3740 2194; baseline -0.004 -16"><span class='ocrx_word' id='word_1_455' title='bbox 2146 2123 2339 2186; x_wconf 81' lang='grc' dir='ltr'>δεινῶς</span> <span class='ocrx_word' id='word_1_456' title='bbox 2367 2123 2429 2177; x_wconf 79' lang='grc' dir='ltr'><strong>τὸ</strong></span> <span class='ocrx_word' id='word_1_457' title='bbox 2455 2122 2674 2193; x_wconf 76' lang='grc' dir='ltr'>ἔδαφος,</span> <span class='ocrx_word' id='word_1_458' title='bbox 2708 2121 2802 2187; x_wconf 74' lang='grc' dir='ltr'><strong>ὀξὺ</strong></span> <span class='ocrx_word' id='word_1_459' title='bbox 2858 2122 2954 2174; x_wconf 71' lang='grc' dir='ltr'><strong>καὶ</strong></span> <span class='ocrx_word' id='word_1_460' title='bbox 3007 2120 3217 2194; x_wconf 79' lang='grc' dir='ltr'>μακρὸν</span> <span class='ocrx_word' id='word_1_461' title='bbox 3263 2120 3740 2190; x_wconf 75' lang='grc' dir='ltr'>ἀνοιμώζων,’δά-</span> 
     </span>
    </p>
   </div>
   <div class='ocr_carea' id='block_1_65' title="bbox 2148 2210 3739 2286">
    <p class='ocr_par' dir='ltr' id='par_1_65' title="bbox 2148 2210 3739 2286">
     <span class='ocr_line' id='line_1_65' title="bbox 2148 2210 3739 2286; baseline -0.005 -16"><span class='ocrx_word' id='word_1_462' title='bbox 2148 2231 2311 2286; x_wconf 83' lang='grc' dir='ltr'>κρυσι</span> <span class='ocrx_word' id='word_1_463' title='bbox 2360 2210 2720 2286; x_wconf 62' lang='grc' dir='ltr'>κατακλύζων</span> <span class='ocrx_word' id='word_1_464' title='bbox 2777 2214 2904 2276; x_wconf 75' lang='grc' dir='ltr'>τοὺς</span> <span class='ocrx_word' id='word_1_465' title='bbox 2936 2212 3126 2277; x_wconf 80' lang='grc' dir='ltr'>πόδας,</span> <span class='ocrx_word' id='word_1_466' title='bbox 3177 2212 3253 2276; x_wconf 85' lang='grc' dir='ltr'>ὡς</span> <span class='ocrx_word' id='word_1_467' title='bbox 3305 2213 3469 2277; x_wconf 80' lang='grc' dir='ltr'>ζῶντι</span> <span class='ocrx_word' id='word_1_468' title='bbox 3507 2212 3585 2283; x_wconf 86' lang='grc' dir='ltr'>τῷ</span> <span class='ocrx_word' id='word_1_469' title='bbox 3616 2228 3739 2265; x_wconf 78' lang='grc' dir='ltr'>κει-</span> 
     </span>
    </p>
   </div>
   <div class='ocr_carea' id='block_1_66' title="bbox 2153 2281 3740 2378">
    <p class='ocr_par' dir='ltr' id='par_1_66' title="bbox 2153 2281 3740 2378">
     <span class='ocr_line' id='line_1_66' title="bbox 2153 2281 3740 2378; baseline -0.002 -19"><span class='ocrx_word' id='word_1_470' title='bbox 2153 2281 2301 2378; x_wconf 66' lang='grc' dir='ltr'>μένῳ</span> <span class='ocrx_word' id='word_1_471' title='bbox 2329 2281 2731 2377; x_wconf 63' lang='grc' dir='ltr'>διαλεγόμενος·</span> <span class='ocrx_word' id='word_1_472' title='bbox 2764 2305 2830 2359; x_wconf 80' lang='grc' dir='ltr'><em>Ἢ</em></span> <span class='ocrx_word' id='word_1_473' title='bbox 2868 2306 3028 2377; x_wconf 87' lang='grc' dir='ltr'>μόνη,</span> <span class='ocrx_word' id='word_1_474' title='bbox 3062 2305 3255 2375; x_wconf 82' lang='grc' dir='ltr'>λέγων,</span> <span class='ocrx_word' id='word_1_475' title='bbox 3290 2305 3464 2368; x_wconf 65' lang='grc' dir='ltr'>ἐλπὶς,</span> <span class='ocrx_word' id='word_1_476' title='bbox 3499 2304 3527 2356; x_wconf 89' lang='grc' dir='ltr'><strong>ὀ</strong></span> <span class='ocrx_word' id='word_1_477' title='bbox 3559 2281 3740 2374; x_wconf 14' lang='grc' dir='ltr'>ήμόνος</span> 
     </span>
    </p>
   </div>
   <div class='ocr_carea' id='block_1_67' title="bbox 2152 2394 3739 2471">
    <p class='ocr_par' dir='ltr' id='par_1_67' title="bbox 2152 2394 3739 2471">
     <span class='ocr_line' id='line_1_67' title="bbox 2152 2394 3739 2471; baseline 0.001 -22"><span class='ocrx_word' id='word_1_478' title='bbox 2152 2398 2334 2469; x_wconf 75' lang='grc' dir='ltr'>σωτὴρ</span> <span class='ocrx_word' id='word_1_479' title='bbox 2368 2398 2597 2471; x_wconf 84' lang='grc' dir='ltr'>οῐχεται,</span> <span class='ocrx_word' id='word_1_480' title='bbox 2624 2397 3042 2461; x_wconf 80' lang='grc' dir='ltr'>καταλέλοιπεν,</span> <span class='ocrx_word' id='word_1_481' title='bbox 3078 2398 3329 2460; x_wconf 76' lang='grc' dir='ltr'>ἐκδότους</span> <span class='ocrx_word' id='word_1_482' title='bbox 3360 2399 3509 2469; x_wconf 70' lang='grc' dir='ltr'>ἡμᾶς</span> <span class='ocrx_word' id='word_1_483' title='bbox 3556 2394 3739 2467; x_wconf 71' lang='grc' dir='ltr'>ἀφῆκε</span> 
     </span>
    </p>
   </div>
   <div class='ocr_carea' id='block_1_68' title="bbox 2150 2488 3739 2563">
    <p class='ocr_par' dir='ltr' id='par_1_68' title="bbox 2150 2488 3739 2563">
     <span class='ocr_line' id='line_1_68' title="bbox 2150 2488 3739 2563; baseline -0.001 -18"><span class='ocrx_word' id='word_1_484' title='bbox 2150 2492 2227 2563; x_wconf 76' lang='grc' dir='ltr'>τῷ</span> <span class='ocrx_word' id='word_1_485' title='bbox 2262 2492 2499 2561; x_wconf 77' lang='grc' dir='ltr'>δαίμονι,</span> <span class='ocrx_word' id='word_1_486' title='bbox 2528 2491 2623 2554; x_wconf 85' lang='grc' dir='ltr'><strong>Τίς</strong></span> <span class='ocrx_word' id='word_1_487' title='bbox 2651 2490 2731 2544; x_wconf 75' lang='grc' dir='ltr'>ἔτι</span> <span class='ocrx_word' id='word_1_488' title='bbox 2778 2490 3105 2560; x_wconf 83' lang='grc' dir='ltr'>καταφυγή;</span> <span class='ocrx_word' id='word_1_489' title='bbox 3140 2489 3223 2552; x_wconf 86' lang='grc' dir='ltr'><strong>τίς</strong></span> <span class='ocrx_word' id='word_1_490' title='bbox 3278 2489 3359 2543; x_wconf 72' lang='grc' dir='ltr'>ἔτι</span> <span class='ocrx_word' id='word_1_491' title='bbox 3402 2488 3739 2561; x_wconf 75' lang='grc' dir='ltr'>προοδοκία;</span> 
     </span>
    </p>
   </div>
   <div class='ocr_carea' id='block_1_69' title="bbox 2151 2574 3736 2652">
    <p class='ocr_par' dir='ltr' id='par_1_69' title="bbox 2151 2574 3736 2652">
     <span class='ocr_line' id='line_1_69' title="bbox 2151 2574 3736 2652; baseline -0.001 -18"><span class='ocrx_word' id='word_1_492' title='bbox 2151 2583 2245 2636; x_wconf 80' lang='grc' dir='ltr'>νῦν</span> <span class='ocrx_word' id='word_1_493' title='bbox 2276 2584 2368 2636; x_wconf 74' lang='grc' dir='ltr'><strong>ἐπὶ</strong></span> <span class='ocrx_word' id='word_1_494' title='bbox 2403 2583 2557 2652; x_wconf 75' lang='grc' dir='ltr'>ξίφος</span> <span class='ocrx_word' id='word_1_495' title='bbox 2600 2581 2796 2635; x_wconf 76' lang='grc' dir='ltr'>ἑκόντα</span> <span class='ocrx_word' id='word_1_496' title='bbox 2830 2574 3080 2652; x_wconf 84' lang='grc' dir='ltr'>κρεῖττον</span> <span class='ocrx_word' id='word_1_497' title='bbox 3115 2579 3313 2644; x_wconf 83' lang='grc' dir='ltr'>ἐλθεῖν,</span> <span class='ocrx_word' id='word_1_498' title='bbox 3349 2580 3445 2634; x_wconf 77' lang='grc' dir='ltr'>νῦν</span> <span class='ocrx_word' id='word_1_499' title='bbox 3475 2580 3568 2632; x_wconf 67' lang='grc' dir='ltr'><strong>ἐπὶ</strong></span> <span class='ocrx_word' id='word_1_500' title='bbox 3599 2578 3736 2651; x_wconf 75' lang='grc' dir='ltr'>πῦρ,</span> 
     </span>
    </p>
   </div>
   <div class='ocr_carea' id='block_1_70' title="bbox 2152 2671 3741 2741">
    <p class='ocr_par' dir='ltr' id='par_1_70' title="bbox 2152 2671 3741 2741">
     <span class='ocr_line' id='line_1_70' title="bbox 2152 2671 3741 2741; baseline -0.004 -12"><span class='ocrx_word' id='word_1_501' title='bbox 2152 2674 2247 2728; x_wconf 84' lang='grc' dir='ltr'>νῦν</span> <span class='ocrx_word' id='word_1_502' title='bbox 2278 2676 2371 2729; x_wconf 69' lang='grc' dir='ltr'><strong>ἐπὶ</strong></span> <span class='ocrx_word' id='word_1_503' title='bbox 2393 2673 2688 2741; x_wconf 87' lang='grc' dir='ltr'>θάλατταν,</span> <span class='ocrx_word' id='word_1_504' title='bbox 2725 2674 2819 2726; x_wconf 76' lang='grc' dir='ltr'>καὶ</span> <span class='ocrx_word' id='word_1_505' title='bbox 2841 2671 2985 2725; x_wconf 77' lang='grc' dir='ltr'>οὕτω</span> <span class='ocrx_word' id='word_1_506' title='bbox 3015 2674 3207 2741; x_wconf 75' lang='grc' dir='ltr'>φυγεῖν</span> <span class='ocrx_word' id='word_1_507' title='bbox 3240 2671 3494 2741; x_wconf 85' lang='grc' dir='ltr'>δαίμονος</span> <span class='ocrx_word' id='word_1_508' title='bbox 3551 2671 3741 2724; x_wconf 79' lang='grc' dir='ltr'>ἐπιθέ-</span> 
     </span>
    </p>
   </div>
   <div class='ocr_carea' id='block_1_71' title="bbox 2157 2786 2292 2831">
    <p class='ocr_par' dir='ltr' id='par_1_71' title="bbox 2157 2786 2292 2831">
     <span class='ocr_line' id='line_1_71' title="bbox 2157 2786 2292 2831; baseline 0.022 -9"><span class='ocrx_word' id='word_1_509' title='bbox 2157 2786 2292 2831; x_wconf 84' lang='grc' dir='ltr'>σεις.</span> 
     </span>
    </p>
   </div>
   <div class='ocr_carea' id='block_1_72' title="bbox 2228 2842 3744 2926">
    <p class='ocr_par' dir='ltr' id='par_1_72' title="bbox 2228 2842 3744 2926">
     <span class='ocr_line' id='line_1_72' title="bbox 2228 2842 3744 2926; baseline -0.002 -19"><span class='ocrx_word' id='word_1_510' title='bbox 2228 2855 2338 2919; x_wconf 72' lang='grc' dir='ltr'>πζ¹.</span> <span class='ocrx_word' id='word_1_511' title='bbox 2380 2842 2621 2909; x_wconf 79' lang='grc' dir='ltr'>Τοιαῦτα</span> <span class='ocrx_word' id='word_1_512' title='bbox 2683 2853 2712 2906; x_wconf 90' lang='grc' dir='ltr'><strong>ὀ</strong></span> <span class='ocrx_word' id='word_1_513' title='bbox 2765 2852 3035 2924; x_wconf 82' lang='grc' dir='ltr'>δυστυχὴς</span> <span class='ocrx_word' id='word_1_514' title='bbox 3083 2854 3408 2924; x_wconf 80' lang='grc' dir='ltr'>ὀδυρόμενος</span> <span class='ocrx_word' id='word_1_515' title='bbox 3463 2856 3530 2924; x_wconf 86' lang='grc' dir='ltr'>τῇ</span> <span class='ocrx_word' id='word_1_516' title='bbox 3581 2854 3744 2926; x_wconf 72' lang='grc' dir='ltr'>κλίνη</span> 
     </span>
    </p>
   </div>
   <div class='ocr_carea' id='block_1_73' title="bbox 2156 2938 3744 3021">
    <p class='ocr_par' dir='ltr' id='par_1_73' title="bbox 2156 2938 3744 3021">
     <span class='ocr_line' id='line_1_73' title="bbox 2156 2938 3744 3021; baseline 0.004 -23"><span class='ocrx_word' id='word_1_517' title='bbox 2156 2951 2549 3020; x_wconf 70' lang='grc' dir='ltr'>προσέρριπτο,</span> <span class='ocrx_word' id='word_1_518' title='bbox 2579 2947 2659 3021; x_wconf 82' lang='grc' dir='ltr'>τῷ</span> <span class='ocrx_word' id='word_1_519' title='bbox 2688 2949 2926 3019; x_wconf 74' lang='grc' dir='ltr'>λειψάνῳ</span> <span class='ocrx_word' id='word_1_520' title='bbox 2954 2938 3368 3020; x_wconf 74' lang='grc' dir='ltr'>πὲριεπλέκετο,</span> <span class='ocrx_word' id='word_1_521' title='bbox 3398 2950 3744 3019; x_wconf 67' lang='grc' dir='ltr'>συνταφῆναι</span> 
     </span>
    </p>
   </div>
   <div class='ocr_carea' id='block_1_74' title="bbox 2162 3040 3745 3114">
    <p class='ocr_par' dir='ltr' id='par_1_74' title="bbox 2162 3040 3745 3114">
     <span class='ocr_line' id='line_1_74' title="bbox 2162 3040 3745 3114; baseline 0 -20"><span class='ocrx_word' id='word_1_522' title='bbox 2162 3040 2369 3111; x_wconf 83' lang='grc' dir='ltr'>μᾶλλον</span> <span class='ocrx_word' id='word_1_523' title='bbox 2416 3042 2606 3112; x_wconf 70' lang='grc' dir='ltr'>ᾑρεῖτο</span> <span class='ocrx_word' id='word_1_524' title='bbox 2642 3041 2675 3111; x_wconf 82' lang='grc' dir='ltr'>ἢ</span> <span class='ocrx_word' id='word_1_525' title='bbox 2713 3041 2831 3110; x_wconf 85' lang='grc' dir='ltr'>φῶς</span> <span class='ocrx_word' id='word_1_526' title='bbox 2875 3043 3008 3113; x_wconf 81' lang='grc' dir='ltr'>ὁρᾷν</span> <span class='ocrx_word' id='word_1_527' title='bbox 3054 3040 3280 3112; x_wconf 87' lang='grc' dir='ltr'>τοιούτῳ</span> <span class='ocrx_word' id='word_1_528' title='bbox 3337 3043 3586 3114; x_wconf 80' lang='grc' dir='ltr'>τυράννῳ</span> <span class='ocrx_word' id='word_1_529' title='bbox 3619 3041 3745 3094; x_wconf 61' lang='grc' dir='ltr'>διυ-</span> 
     </span>
    </p>
   </div>
   <div class='ocr_carea' id='block_1_75' title="bbox 2157 3132 3745 3204">
    <p class='ocr_par' dir='ltr' id='par_1_75' title="bbox 2157 3132 3745 3204">
     <span class='ocr_line' id='line_1_75' title="bbox 2157 3132 3745 3204; baseline 0.001 -18"><span class='ocrx_word' id='word_1_530' title='bbox 2157 3132 2350 3187; x_wconf 84' lang='grc' dir='ltr'>λεύων.</span> <span class='ocrx_word' id='word_1_531' title='bbox 2389 3133 2453 3185; x_wconf 80' lang='grc' dir='ltr'><strong>Τί</strong></span> <span class='ocrx_word' id='word_1_532' title='bbox 2487 3132 2582 3187; x_wconf 79' lang='grc' dir='ltr'><strong>οὖν</strong></span> <span class='ocrx_word' id='word_1_533' title='bbox 2610 3135 2638 3186; x_wconf 91' lang='lat'><strong>6</strong></span> <span class='ocrx_word' id='word_1_534' title='bbox 2671 3133 2780 3187; x_wconf 83' lang='grc' dir='ltr'><strong>τῶν</strong></span> <span class='ocrx_word' id='word_1_535' title='bbox 2814 3134 3133 3204; x_wconf 74' lang='grc' dir='ltr'>θαυμασίων</span> <span class='ocrx_word' id='word_1_536' title='bbox 3176 3134 3342 3199; x_wconf 80' lang='grc' dir='ltr'>Θεός;</span> <span class='ocrx_word' id='word_1_537' title='bbox 3376 3136 3531 3188; x_wconf 73' lang='grc' dir='ltr'>Κινεῖ</span> <span class='ocrx_word' id='word_1_538' title='bbox 3578 3135 3682 3204; x_wconf 78' lang='grc' dir='ltr'><strong>μὲν</strong></span> <span class='ocrx_word' id='word_1_539' title='bbox 3715 3136 3745 3188; x_wconf 91' lang='grc' dir='ltr'><strong>ὀ</strong></span> 
     </span>
    </p>
   </div>
   <div class='ocr_carea' id='block_1_76' title="bbox 2155 3223 3745 3298">
    <p class='ocr_par' dir='ltr' id='par_1_76' title="bbox 2155 3223 3745 3298">
     <span class='ocr_line' id='line_1_76' title="bbox 2155 3223 3745 3298; baseline 0.002 -21"><span class='ocrx_word' id='word_1_540' title='bbox 2155 3225 2365 3294; x_wconf 87' lang='grc' dir='ltr'>δαίμων</span> <span class='ocrx_word' id='word_1_541' title='bbox 2405 3226 2611 3295; x_wconf 68' lang='grc' dir='ltr'>μεταξὺ</span> <span class='ocrx_word' id='word_1_542' title='bbox 2648 3223 2743 3278; x_wconf 83' lang='grc' dir='ltr'>τοῦ</span> <span class='ocrx_word' id='word_1_543' title='bbox 2779 3225 2978 3298; x_wconf 82' lang='grc' dir='ltr'>θρήνου</span> <span class='ocrx_word' id='word_1_544' title='bbox 3023 3227 3116 3279; x_wconf 79' lang='grc' dir='ltr'><strong>τὸν</strong></span> <span class='ocrx_word' id='word_1_545' title='bbox 3150 3225 3459 3298; x_wconf 77' lang='grc' dir='ltr'>ἄνθρωπον,</span> <span class='ocrx_word' id='word_1_546' title='bbox 3491 3228 3745 3280; x_wconf 72' lang='grc' dir='ltr'>καταϐα-</span> 
     </span>
    </p>
   </div>
   <div class='ocr_carea' id='block_1_77' title="bbox 2155 3314 3749 3388">
    <p class='ocr_par' dir='ltr' id='par_1_77' title="bbox 2155 3314 3749 3388">
     <span class='ocr_line' id='line_1_77' title="bbox 2155 3314 3749 3388; baseline 0.002 -20"><span class='ocrx_word' id='word_1_547' title='bbox 2155 3314 2263 3368; x_wconf 86' lang='grc' dir='ltr'>λὼν</span> <span class='ocrx_word' id='word_1_548' title='bbox 2300 3316 2358 3369; x_wconf 81' lang='grc' dir='ltr'>δὲ</span> <span class='ocrx_word' id='word_1_549' title='bbox 2388 3316 2472 3378; x_wconf 83' lang='grc' dir='ltr'><strong>είς</strong></span> <span class='ocrx_word' id='word_1_550' title='bbox 2505 3318 2635 3387; x_wconf 78' lang='grc' dir='ltr'>γῆν,</span> <span class='ocrx_word' id='word_1_551' title='bbox 2685 3317 2781 3370; x_wconf 75' lang='grc' dir='ltr'><strong>καὶ</strong></span> <span class='ocrx_word' id='word_1_552' title='bbox 2810 3318 2930 3371; x_wconf 82' lang='grc' dir='ltr'>ὅλον</span> <span class='ocrx_word' id='word_1_553' title='bbox 2974 3316 3139 3371; x_wconf 77' lang='grc' dir='ltr'>αὐτὸν</span> <span class='ocrx_word' id='word_1_554' title='bbox 3169 3318 3227 3372; x_wconf 82' lang='grc' dir='ltr'><strong>ἐν</strong></span> <span class='ocrx_word' id='word_1_555' title='bbox 3274 3317 3574 3388; x_wconf 73' lang='grc' dir='ltr'>ὀφθαλμοῖς</span> <span class='ocrx_word' id='word_1_556' title='bbox 3606 3319 3749 3374; x_wconf 77' lang='grc' dir='ltr'>πάν-</span> 
     </span>
    </p>
   </div>
   <div class='ocr_carea' id='block_1_78' title="bbox 2155 3400 3746 3484">
    <p class='ocr_par' dir='ltr' id='par_1_78' title="bbox 2155 3400 3746 3484">
     <span class='ocr_line' id='line_1_78' title="bbox 2155 3400 3746 3484; baseline 0.002 -23"><span class='ocrx_word' id='word_1_557' title='bbox 2155 3400 2264 3462; x_wconf 78' lang='grc' dir='ltr'><strong>των</strong></span> <span class='ocrx_word' id='word_1_558' title='bbox 2305 3408 2707 3480; x_wconf 77' lang='grc' dir='ltr'>διασπαράξας,</span> <span class='ocrx_word' id='word_1_559' title='bbox 2759 3408 2847 3462; x_wconf 75' lang='grc' dir='ltr'>ἵνα</span> <span class='ocrx_word' id='word_1_560' title='bbox 2901 3409 3159 3463; x_wconf 83' lang='grc' dir='ltr'>ἀκούσιον</span> <span class='ocrx_word' id='word_1_561' title='bbox 3200 3409 3344 3464; x_wconf 73' lang='grc' dir='ltr'>οὕτω</span> <span class='ocrx_word' id='word_1_562' title='bbox 3381 3411 3601 3484; x_wconf 77' lang='grc' dir='ltr'>δηλώσῃ</span> <span class='ocrx_word' id='word_1_563' title='bbox 3645 3411 3746 3482; x_wconf 77' lang='grc' dir='ltr'>τὴν</span> 
     </span>
    </p>
   </div>
   <div class='ocr_carea' id='block_1_79' title="bbox 2157 3499 3855 3573">
    <p class='ocr_par' dir='ltr' id='par_1_79' title="bbox 2157 3499 3855 3573">
     <span class='ocr_line' id='line_1_79' title="bbox 2157 3499 3855 3573; baseline 0 -17"><span class='ocrx_word' id='word_1_564' title='bbox 2157 3499 2530 3571; x_wconf 76' lang='grc' dir='ltr'>ἀναχώρησιν,</span> <span class='ocrx_word' id='word_1_565' title='bbox 2563 3500 2659 3553; x_wconf 78' lang='grc' dir='ltr'><strong>καὶ</strong></span> <span class='ocrx_word' id='word_1_566' title='bbox 2694 3501 2818 3553; x_wconf 85' lang='grc' dir='ltr'>ὅσον</span> <span class='ocrx_word' id='word_1_567' title='bbox 2845 3500 2905 3555; x_wconf 70' lang='grc' dir='ltr'>τὸ</span> <span class='ocrx_word' id='word_1_568' title='bbox 2950 3501 3088 3572; x_wconf 85' lang='grc' dir='ltr'>πρὸς</span> <span class='ocrx_word' id='word_1_569' title='bbox 3133 3501 3459 3572; x_wconf 80' lang='grc' dir='ltr'>ἀνθρώπους</span> <span class='ocrx_word' id='word_1_570' title='bbox 3499 3503 3742 3573; x_wconf 75' lang='grc' dir='ltr'>ἀπεχθές</span> <span class='ocrx_word' id='word_1_571' title='bbox 3844 3526 3855 3537; x_wconf 75' lang='grc' dir='ltr'>ν</span> 
     </span>
    </p>
   </div>
   <div class='ocr_carea' id='block_1_80' title="bbox 2157 3592 3742 3665">
    <p class='ocr_par' dir='ltr' id='par_1_80' title="bbox 2157 3592 3742 3665">
     <span class='ocr_line' id='line_1_80' title="bbox 2157 3592 3742 3665; baseline -0.001 -18"><span class='ocrx_word' id='word_1_572' title='bbox 2157 3593 2353 3662; x_wconf 76' lang='grc' dir='ltr'>ἐκείνῳ</span> <span class='ocrx_word' id='word_1_573' title='bbox 2403 3592 2499 3645; x_wconf 74' lang='grc' dir='ltr'>καὶ</span> <span class='ocrx_word' id='word_1_574' title='bbox 2563 3592 2813 3662; x_wconf 82' lang='grc' dir='ltr'>μανικὸν,</span> <span class='ocrx_word' id='word_1_575' title='bbox 2863 3592 3179 3660; x_wconf 82' lang='grc' dir='ltr'>ἀπολείπει,</span> <span class='ocrx_word' id='word_1_576' title='bbox 3236 3593 3269 3665; x_wconf 82' lang='grc' dir='ltr'>ἢ</span> <span class='ocrx_word' id='word_1_577' title='bbox 3321 3594 3525 3664; x_wconf 83' lang='grc' dir='ltr'>μᾶλλον</span> <span class='ocrx_word' id='word_1_578' title='bbox 3577 3595 3742 3659; x_wconf 78' lang='grc' dir='ltr'>αὐτὸς</span> 
     </span>
    </p>
   </div>
   <div class='ocr_carea' id='block_1_81' title="bbox 2159 3674 3733 3758">
    <p class='ocr_par' dir='ltr' id='par_1_81' title="bbox 2159 3674 3733 3758">
     <span class='ocr_line' id='line_1_81' title="bbox 2159 3674 3733 3758; baseline 0 -21"><span class='ocrx_word' id='word_1_579' title='bbox 2159 3674 2451 3753; x_wconf 78' lang='grc' dir='ltr'>ἐξωθεῖται</span> <span class='ocrx_word' id='word_1_580' title='bbox 2519 3685 2752 3756; x_wconf 79' lang='grc' dir='ltr'>μάστιγι</span> <span class='ocrx_word' id='word_1_581' title='bbox 2826 3685 3079 3758; x_wconf 65' lang='grc' dir='ltr'>θειοτέρα</span> <span class='ocrx_word' id='word_1_582' title='bbox 3149 3684 3492 3756; x_wconf 82' lang='grc' dir='ltr'>κινούμενος.</span> <span class='ocrx_word' id='word_1_583' title='bbox 3552 3684 3733 3749; x_wconf 77' lang='grc' dir='ltr'>Οὕτως</span> 
     </span>
    </p>
   </div>
   <div class='ocr_carea' id='block_1_82' title="bbox 2160 3774 3743 3850">
    <p class='ocr_par' dir='ltr' id='par_1_82' title="bbox 2160 3774 3743 3850">
     <span class='ocr_line' id='line_1_82' title="bbox 2160 3774 3743 3850; baseline 0.001 -20"><span class='ocrx_word' id='word_1_584' title='bbox 2160 3775 2309 3847; x_wconf 81' lang='grc' dir='ltr'>αὐτῷ</span> <span class='ocrx_word' id='word_1_585' title='bbox 2350 3776 2445 3829; x_wconf 69' lang='grc' dir='ltr'><strong>καὶ</strong></span> <span class='ocrx_word' id='word_1_586' title='bbox 2480 3776 2647 3841; x_wconf 77' lang='grc' dir='ltr'>ζῶντι</span> <span class='ocrx_word' id='word_1_587' title='bbox 2690 3777 2784 3830; x_wconf 79' lang='grc' dir='ltr'><strong>καὶ</strong></span> <span class='ocrx_word' id='word_1_588' title='bbox 2832 3777 2974 3847; x_wconf 84' lang='grc' dir='ltr'><strong>μετά</strong></span> <span class='ocrx_word' id='word_1_589' title='bbox 3008 3777 3240 3831; x_wconf 79' lang='grc' dir='ltr'>θάνατόν</span> <span class='ocrx_word' id='word_1_590' title='bbox 3274 3778 3345 3849; x_wconf 82' lang='grc' dir='ltr'>γῆ</span> <span class='ocrx_word' id='word_1_591' title='bbox 3374 3796 3434 3832; x_wconf 85' lang='grc' dir='ltr'><strong>τε</strong></span> <span class='ocrx_word' id='word_1_592' title='bbox 3478 3774 3614 3850; x_wconf 80' lang='grc' dir='ltr'>εἶχε,</span> <span class='ocrx_word' id='word_1_593' title='bbox 3644 3779 3743 3847; x_wconf 50' lang='grc' dir='ltr'>,καὶ</span> 
     </span>
    </p>
   </div>
   <div class='ocr_carea' id='block_1_83' title="bbox 2161 3860 3746 3943">
    <p class='ocr_par' dir='ltr' id='par_1_83' title="bbox 2161 3860 3746 3943">
     <span class='ocr_line' id='line_1_83' title="bbox 2161 3860 3746 3943; baseline 0.004 -22"><span class='ocrx_word' id='word_1_594' title='bbox 2161 3860 2412 3938; x_wconf 75' lang='grc' dir='ltr'>οὐρανὸς,</span> <span class='ocrx_word' id='word_1_595' title='bbox 2446 3866 2545 3921; x_wconf 59' lang='grc' dir='ltr'><strong>καὶ⁹</strong></span> <span class='ocrx_word' id='word_1_596' title='bbox 2576 3867 2841 3935; x_wconf 82' lang='grc' dir='ltr'>θάλασσα,</span> <span class='ocrx_word' id='word_1_597' title='bbox 2891 3869 2987 3922; x_wconf 74' lang='grc' dir='ltr'>καὶ</span> <span class='ocrx_word' id='word_1_598' title='bbox 3032 3869 3164 3939; x_wconf 78' lang='grc' dir='ltr'>ἀὴρ,</span> <span class='ocrx_word' id='word_1_599' title='bbox 3202 3872 3297 3924; x_wconf 75' lang='grc' dir='ltr'>καὶ</span> <span class='ocrx_word' id='word_1_600' title='bbox 3340 3871 3594 3942; x_wconf 87' lang='grc' dir='ltr'>δαίμονες</span> <span class='ocrx_word' id='word_1_601' title='bbox 3619 3887 3633 3902; x_wconf 88' lang='grc'><strong>·</strong></span> <span class='ocrx_word' id='word_1_602' title='bbox 3674 3872 3746 3943; x_wconf 79' lang='grc' dir='ltr'>γῇ</span> 
     </span>
    </p>
   </div>
   <div class='ocr_carea' id='block_1_84' title="bbox 2166 3956 3750 4033">
    <p class='ocr_par' dir='ltr' id='par_1_84' title="bbox 2166 3956 3750 4033">
     <span class='ocr_line' id='line_1_84' title="bbox 2166 3956 3750 4033; baseline 0.005 -23"><span class='ocrx_word' id='word_1_603' title='bbox 2166 3959 2269 4030; x_wconf 84' lang='grc' dir='ltr'><strong>μὲν</strong></span> <span class='ocrx_word' id='word_1_604' title='bbox 2299 3959 2531 4029; x_wconf 84' lang='grc' dir='ltr'>θηρίων,</span> <span class='ocrx_word' id='word_1_605' title='bbox 2566 3958 2794 4031; x_wconf 70' lang='grc' dir='ltr'>οὐρανὸς</span> <span class='ocrx_word' id='word_1_606' title='bbox 2820 3956 2880 4014; x_wconf 79' lang='grc' dir='ltr'>δὲ</span> <span class='ocrx_word' id='word_1_607' title='bbox 2911 3962 3150 4033; x_wconf 79' lang='grc' dir='ltr'>αὐχμοῦ,</span> <span class='ocrx_word' id='word_1_608' title='bbox 3189 3963 3435 4018; x_wconf 82' lang='grc' dir='ltr'>θάλασσα</span> <span class='ocrx_word' id='word_1_609' title='bbox 3470 3965 3528 4019; x_wconf 86' lang='grc' dir='ltr'><strong>δέ</strong></span> <span class='ocrx_word' id='word_1_610' title='bbox 3560 3966 3750 4020; x_wconf 82' lang='grc' dir='ltr'>κινδύ-</span> 
     </span>
    </p>
   </div>
   <div class='ocr_carea' id='block_1_85' title="bbox 2160 4046 3750 4127">
    <p class='ocr_par' dir='ltr' id='par_1_85' title="bbox 2160 4046 3750 4127">
     <span class='ocr_line' id='line_1_85' title="bbox 2160 4046 3750 4127; baseline 0.005 -25"><span class='ocrx_word' id='word_1_611' title='bbox 2160 4065 2288 4114; x_wconf 84' lang='grc' dir='ltr'>νων,</span> <span class='ocrx_word' id='word_1_612' title='bbox 2314 4050 2423 4121; x_wconf 79' lang='grc' dir='ltr'>ἀὴρ</span> <span class='ocrx_word' id='word_1_613' title='bbox 2451 4051 2510 4104; x_wconf 83' lang='grc' dir='ltr'>δὲ</span> <span class='ocrx_word' id='word_1_614' title='bbox 2535 4050 2779 4124; x_wconf 85' lang='grc' dir='ltr'>ἀκρίδος,</span> <span class='ocrx_word' id='word_1_615' title='bbox 2804 4053 2969 4123; x_wconf 76' lang='grc' dir='ltr'>φημὶ,</span> <span class='ocrx_word' id='word_1_616' title='bbox 3003 4046 3093 4105; x_wconf 58' lang='grc' dir='ltr'>κάξ</span> <span class='ocrx_word' id='word_1_617' title='bbox 3110 4053 3377 4127; x_wconf 14' lang='grc' dir='ltr'>»βρούχου,</span> <span class='ocrx_word' id='word_1_618' title='bbox 3404 4055 3661 4127; x_wconf 86' lang='grc' dir='ltr'>δαίμονες</span> <span class='ocrx_word' id='word_1_619' title='bbox 3689 4057 3750 4110; x_wconf 76' lang='grc' dir='ltr'>δὲ</span> 
     </span>
    </p>
   </div>
   <div class='ocr_carea' id='block_1_86' title="bbox 2162 4136 3750 4219">
    <p class='ocr_par' dir='ltr' id='par_1_86' title="bbox 2162 4136 3750 4219">
     <span class='ocr_line' id='line_1_86' title="bbox 2162 4136 3750 4219; baseline 0.006 -25"><span class='ocrx_word' id='word_1_620' title='bbox 2162 4136 2391 4213; x_wconf 80' lang='grc' dir='ltr'>πληγῶν</span> <span class='ocrx_word' id='word_1_621' title='bbox 2443 4136 2922 4213; x_wconf 76' lang='grc' dir='ltr'>τοὺςάνθρώπους</span> <span class='ocrx_word' id='word_1_622' title='bbox 2970 4145 3423 4219; x_wconf 77' lang='grc' dir='ltr'>ἐλευθεροῦντες·</span> <span class='ocrx_word' id='word_1_623' title='bbox 3468 4151 3565 4202; x_wconf 77' lang='grc' dir='ltr'><strong>καὶ</strong></span> <span class='ocrx_word' id='word_1_624' title='bbox 3592 4150 3750 4204; x_wconf 75' lang='grc' dir='ltr'>οὐδὲν</span> 
     </span>
    </p>
   </div>
   <div class='ocr_carea' id='block_1_87' title="bbox 2161 4231 3753 4313">
    <p class='ocr_par' dir='ltr' id='par_1_87' title="bbox 2161 4231 3753 4313">
     <span class='ocr_line' id='line_1_87' title="bbox 2161 4231 3753 4313; baseline 0.007 -29"><span class='ocrx_word' id='word_1_625' title='bbox 2161 4231 2327 4284; x_wconf 82' lang='grc' dir='ltr'>αὑτοῦ</span> <span class='ocrx_word' id='word_1_626' title='bbox 2371 4232 2559 4288; x_wconf 83' lang='grc' dir='ltr'>λοιπὸν</span> <span class='ocrx_word' id='word_1_627' title='bbox 2591 4234 2696 4303; x_wconf 84' lang='grc' dir='ltr'>τῆς</span> <span class='ocrx_word' id='word_1_628' title='bbox 2744 4235 2946 4307; x_wconf 84' lang='grc' dir='ltr'>ἀρετῆς</span> <span class='ocrx_word' id='word_1_629' title='bbox 2989 4237 3087 4291; x_wconf 76' lang='grc' dir='ltr'>καὶ</span> <span class='ocrx_word' id='word_1_630' title='bbox 3134 4238 3234 4308; x_wconf 79' lang='grc' dir='ltr'>τῆς</span> <span class='ocrx_word' id='word_1_631' title='bbox 3274 4239 3477 4312; x_wconf 84' lang='grc' dir='ltr'>πολλῆς</span> <span class='ocrx_word' id='word_1_632' title='bbox 3528 4242 3753 4313; x_wconf 68' lang='grc' dir='ltr'>ἐκείνης</span> 
     </span>
    </p>
   </div>
   <div class='ocr_carea' id='block_1_88' title="bbox 2160 4320 3184 4399">
    <p class='ocr_par' dir='ltr' id='par_1_88' title="bbox 2160 4320 3184 4399">
     <span class='ocr_line' id='line_1_88' title="bbox 2160 4320 3184 4399; baseline 0.006 -22"><span class='ocrx_word' id='word_1_633' title='bbox 2160 4320 2301 4392; x_wconf 72' lang='grc' dir='ltr'>’πρὸς</span> <span class='ocrx_word' id='word_1_634' title='bbox 2331 4321 2467 4377; x_wconf 74' lang='grc' dir='ltr'>Θεὸν</span> <span class='ocrx_word' id='word_1_635' title='bbox 2496 4325 2812 4397; x_wconf 69' lang='grc' dir='ltr'>παρρησίας</span> <span class='ocrx_word' id='word_1_636' title='bbox 2841 4327 3184 4399; x_wconf 81' lang='grc' dir='ltr'>ἀμάρτυρον.</span> 
     </span>
    </p>
   </div>
   <div class='ocr_carea' id='block_1_89' title="bbox 2236 4412 3748 4498">
    <p class='ocr_par' dir='ltr' id='par_1_89' title="bbox 2236 4412 3748 4498">
     <span class='ocr_line' id='line_1_89' title="bbox 2236 4412 3748 4498; baseline 0.008 -31"><span class='ocrx_word' id='word_1_637' title='bbox 2236 4421 2350 4485; x_wconf 84' lang='grc' dir='ltr'>πη’.</span> <span class='ocrx_word' id='word_1_638' title='bbox 2393 4416 2504 4485; x_wconf 76' lang='grc' dir='ltr'>Τῆς</span> <span class='ocrx_word' id='word_1_639' title='bbox 2529 4412 2623 4470; x_wconf 83' lang='grc' dir='ltr'>οὖν</span> <span class='ocrx_word' id='word_1_640' title='bbox 2649 4418 2840 4488; x_wconf 81' lang='grc' dir='ltr'>φήμης</span> <span class='ocrx_word' id='word_1_641' title='bbox 2888 4418 3087 4489; x_wconf 71' lang='grc' dir='ltr'>ἀθρόον</span> <span class='ocrx_word' id='word_1_642' title='bbox 3129 4422 3311 4477; x_wconf 85' lang='grc' dir='ltr'>πάντα</span> <span class='ocrx_word' id='word_1_643' title='bbox 3359 4423 3748 4498; x_wconf 77' lang='grc' dir='ltr'>διαλαϐούσης,</span> 
     </span>
    </p>
   </div>
   <div class='ocr_carea' id='block_1_90' title="bbox 471 4480 2054 4588">
    <p class='ocr_par' dir='ltr' id='par_1_90' title="bbox 471 4480 2052 4571">
     <span class='ocr_line' id='line_1_90' title="bbox 471 4480 2052 4571; baseline 0.001 -18"><span class='ocrx_word' id='word_1_644' title='bbox 471 4499 832 4568; x_wconf 78' lang='lat' dir='ltr'><strong>pervasisset,</strong></span> <span class='ocrx_word' id='word_1_645' title='bbox 889 4498 1034 4570; x_wconf 80' lang='lat' dir='ltr'><strong>quod</strong></span> <span class='ocrx_word' id='word_1_646' title='bbox 1057 4507 1114 4554; x_wconf 90' lang='lat' dir='ltr'><strong>et</strong></span> <span class='ocrx_word' id='word_1_647' title='bbox 1152 4480 1380 4571; x_wconf 77' lang='lat' dir='ltr'><strong>magnus</strong></span> <span class='ocrx_word' id='word_1_648' title='bbox 1407 4499 1750 4556; x_wconf 83' lang='lat' dir='ltr'><strong>Theodosius</strong></span> <span class='ocrx_word' id='word_1_649' title='bbox 1800 4500 1867 4556; x_wconf 90' lang='lat' dir='ltr'><strong>ad</strong></span> <span class='ocrx_word' id='word_1_650' title='bbox 1896 4492 2052 4557; x_wconf 74' lang='lat' dir='ltr'><strong>suum</strong></span> 
     </span>
    </p>
   </div>
   <div class='ocr_carea' id='block_1_91' title="bbox 2155 4480 3749 4588">
    <p class='ocr_par' dir='ltr' id='par_1_91' title="bbox 2160 4480 3749 4588">
     <span class='ocr_line' id='line_1_91' title="bbox 2160 4480 3749 4588; baseline 0.008 -29"><span class='ocrx_word' id='word_1_651' title='bbox 2160 4500 2243 4559; x_wconf 75' lang='grc' dir='ltr'>ὅτι</span> <span class='ocrx_word' id='word_1_652' title='bbox 2273 4480 2333 4559; x_wconf 65' lang='grc' dir='ltr'>τὲ</span> <span class='ocrx_word' id='word_1_653' title='bbox 2359 4507 2386 4559; x_wconf 97' lang='lat'><strong>6</strong></span> <span class='ocrx_word' id='word_1_654' title='bbox 2426 4480 2604 4576; x_wconf 75' lang='grc' dir='ltr'>μέγας</span> <span class='ocrx_word' id='word_1_655' title='bbox 2770 4480 2860 4563; x_wconf 44' lang='lat' dir='ltr'><strong>rev</strong></span> <span class='ocrx_word' id='word_1_656' title='bbox 2887 4480 3086 4566; x_wconf 76' lang='grc' dir='ltr'>οἰκεῖον</span> <span class='ocrx_word' id='word_1_657' title='bbox 3134 4514 3413 4581; x_wconf 83' lang='grc' dir='ltr'>Θεοδόσιος</span> <span class='ocrx_word' id='word_1_658' title='bbox 3444 4480 3749 4588; x_wconf 53' lang='grc' dir='ltr'>ἐκδημήσόί</span> 
     </span>
    </p>
   </div>
   <div class='ocr_carea' id='block_1_92' title="bbox 476 4588 2058 4662">
    <p class='ocr_par' dir='ltr' id='par_1_92' title="bbox 476 4588 2058 4662">
     <span class='ocr_line' id='line_1_92' title="bbox 476 4588 2058 4662; baseline 0.003 -17"><span class='ocrx_word' id='word_1_659' title='bbox 476 4590 767 4646; x_wconf 85' lang='lat' dir='ltr'><strong>Dominum</strong></span> <span class='ocrx_word' id='word_1_660' title='bbox 817 4590 929 4659; x_wconf 83' lang='lat' dir='ltr'><strong>jam</strong></span> <span class='ocrx_word' id='word_1_661' title='bbox 979 4590 1334 4658; x_wconf 59' lang='lat' dir='ltr'><strong>excessisset,</strong></span> <span class='ocrx_word' id='word_1_662' title='bbox 1388 4603 1442 4646; x_wconf 91' lang='lat' dir='ltr'><strong>et</strong></span> <span class='ocrx_word' id='word_1_663' title='bbox 1476 4588 1727 4662; x_wconf 78' lang='lat' dir='ltr'><strong>magnum</strong></span> <span class='ocrx_word' id='word_1_664' title='bbox 1758 4593 1825 4649; x_wconf 81' lang='lat' dir='ltr'><strong>de</strong></span> <span class='ocrx_word' id='word_1_665' title='bbox 1856 4590 2058 4649; x_wconf 67' lang='lat' dir='ltr'><strong>daemo-</strong></span> 
     </span>
    </p>
   </div>
   <div class='ocr_carea' id='block_1_93' title="bbox 475 4672 2064 4752">
    <p class='ocr_par' dir='ltr' id='par_1_93' title="bbox 475 4672 2064 4752">
     <span class='ocr_line' id='line_1_93' title="bbox 475 4672 2064 4752; baseline 0.003 -17"><span class='ocrx_word' id='word_1_666' title='bbox 475 4683 634 4737; x_wconf 87' lang='lat' dir='ltr'><strong>niaco</strong></span> <span class='ocrx_word' id='word_1_667' title='bbox 671 4676 993 4737; x_wconf 80' lang='lat' dir='ltr'><strong>miraculum</strong></span> <span class='ocrx_word' id='word_1_668' title='bbox 1045 4672 1192 4737; x_wconf 87' lang='lat' dir='ltr'><strong>esset</strong></span> <span class='ocrx_word' id='word_1_669' title='bbox 1235 4692 1266 4736; x_wconf 85' lang='lat' dir='ltr'><strong>a</strong></span> <span class='ocrx_word' id='word_1_670' title='bbox 1309 4692 1413 4737; x_wconf 88' lang='lat' dir='ltr'><strong>non</strong></span> <span class='ocrx_word' id='word_1_671' title='bbox 1447 4682 1638 4752; x_wconf 68' lang='lat' dir='ltr'><strong>paucis</strong></span> <span class='ocrx_word' id='word_1_672' title='bbox 1668 4683 1943 4738; x_wconf 83' lang='lat' dir='ltr'><strong>auditione</strong></span> <span class='ocrx_word' id='word_1_673' title='bbox 1970 4688 2064 4739; x_wconf 50' lang='lat' dir='ltr'><strong>ac;</strong></span> 
     </span>
    </p>
   </div>
   <div class='ocr_carea' id='block_1_94' title="bbox 474 4766 2059 4846">
    <p class='ocr_par' dir='ltr' id='par_1_94' title="bbox 474 4766 2059 4846">
     <span class='ocr_line' id='line_1_94' title="bbox 474 4766 2059 4846; baseline 0.003 -19"><span class='ocrx_word' id='word_1_674' title='bbox 474 4780 716 4842; x_wconf 83' lang='lat' dir='ltr'><strong>ceptum,</strong></span> <span class='ocrx_word' id='word_1_675' title='bbox 764 4766 959 4829; x_wconf 68' lang='lat' dir='ltr'><strong>Petrus</strong></span> <span class='ocrx_word' id='word_1_676' title='bbox 990 4768 1087 4829; x_wconf 77' lang='lat' dir='ltr'><strong>ille</strong></span> <span class='ocrx_word' id='word_1_677' title='bbox 1119 4773 1371 4846; x_wconf 68' lang='lat' dir='ltr'><strong>magnus,</strong></span> <span class='ocrx_word' id='word_1_678' title='bbox 1429 4773 1518 4843; x_wconf 84' lang='lat' dir='ltr'><strong>qui</strong></span> <span class='ocrx_word' id='word_1_679' title='bbox 1549 4782 1675 4831; x_wconf 93' lang='lat' dir='ltr'><strong>tunc</strong></span> <span class='ocrx_word' id='word_1_680' title='bbox 1709 4774 2059 4846; x_wconf 82' lang='lat' dir='ltr'><strong>apostolicam</strong></span> 
     </span>
    </p>
   </div>
   <div class='ocr_carea' id='block_1_95' title="bbox 472 4860 2059 4937">
    <p class='ocr_par' dir='ltr' id='par_1_95' title="bbox 472 4860 2059 4937">
     <span class='ocr_line' id='line_1_95' title="bbox 472 4860 2059 4937; baseline 0.003 -18"><span class='ocrx_word' id='word_1_681' title='bbox 472 4866 657 4923; x_wconf 72' lang='lat' dir='ltr'><strong>sedem</strong></span> <span class='ocrx_word' id='word_1_682' title='bbox 690 4862 909 4920; x_wconf 83' lang='lat' dir='ltr'><strong>tenebat</strong></span> <span class='ocrx_word' id='word_1_683' title='bbox 963 4860 1381 4936; x_wconf 78' lang='lat' dir='ltr'><strong>HieroSolymis,</strong></span> <span class='ocrx_word' id='word_1_684' title='bbox 1416 4863 1528 4931; x_wconf 87' lang='lat' dir='ltr'><strong>ille,</strong></span> <span class='ocrx_word' id='word_1_685' title='bbox 1566 4865 1811 4937; x_wconf 87' lang='lat' dir='ltr'><strong>inquam,</strong></span> <span class='ocrx_word' id='word_1_686' title='bbox 1841 4862 2059 4936; x_wconf 86' lang='lat' dir='ltr'><strong>Petrus,</strong></span> 
     </span>
    </p>
   </div>
   <div class='ocr_carea' id='block_1_96' title="bbox 474 4955 2064 5032">
    <p class='ocr_par' dir='ltr' id='par_1_96' title="bbox 474 4955 2064 5032">
     <span class='ocr_line' id='line_1_96' title="bbox 474 4955 2064 5032; baseline 0.003 -19"><span class='ocrx_word' id='word_1_687' title='bbox 474 4955 633 5026; x_wconf 85' lang='lat' dir='ltr'><strong>cujus</strong></span> <span class='ocrx_word' id='word_1_688' title='bbox 655 4971 849 5027; x_wconf 90' lang='lat' dir='ltr'><strong>magna</strong></span> <span class='ocrx_word' id='word_1_689' title='bbox 886 4957 1105 5026; x_wconf 82' lang='lat' dir='ltr'><strong>quidem</strong></span> <span class='ocrx_word' id='word_1_690' title='bbox 1140 4956 1241 5011; x_wconf 80' lang='lat' dir='ltr'><strong>fuit</strong></span> <span class='ocrx_word' id='word_1_691' title='bbox 1271 4955 1443 5024; x_wconf 78' lang='lat' dir='ltr'><strong>fama,</strong></span> <span class='ocrx_word' id='word_1_692' title='bbox 1469 4956 1670 5013; x_wconf 80' lang='lat' dir='ltr'><strong>famam</strong></span> <span class='ocrx_word' id='word_1_693' title='bbox 1696 4972 1875 5016; x_wconf 79' lang='lat' dir='ltr'><strong>autem</strong></span> <span class='ocrx_word' id='word_1_694' title='bbox 1904 4964 2064 5032; x_wconf 84' lang='lat' dir='ltr'><strong>supe-</strong></span> 
     </span>
    </p>
   </div>
   <div class='ocr_carea' id='block_1_97' title="bbox 473 5041 2061 5124">
    <p class='ocr_par' dir='ltr' id='par_1_97' title="bbox 473 5041 2061 5124">
     <span class='ocr_line' id='line_1_97' title="bbox 473 5041 2061 5124; baseline 0.003 -20"><span class='ocrx_word' id='word_1_695' title='bbox 473 5051 632 5105; x_wconf 77' lang='lat' dir='ltr'><strong>rabat</strong></span> <span class='ocrx_word' id='word_1_696' title='bbox 660 5049 869 5117; x_wconf 85' lang='lat' dir='ltr'><strong>virtus;</strong></span> <span class='ocrx_word' id='word_1_697' title='bbox 896 5050 1110 5104; x_wconf 85' lang='lat' dir='ltr'><strong>accedit</strong></span> <span class='ocrx_word' id='word_1_698' title='bbox 1155 5041 1279 5103; x_wconf 79' lang='lat' dir='ltr'><strong>cum</strong></span> <span class='ocrx_word' id='word_1_699' title='bbox 1312 5048 1499 5106; x_wconf 75' lang='lat' dir='ltr'><strong>multis</strong></span> <span class='ocrx_word' id='word_1_700' title='bbox 1528 5051 1650 5106; x_wconf 83' lang='lat' dir='ltr'><strong>aliis</strong></span> <span class='ocrx_word' id='word_1_701' title='bbox 1698 5053 1968 5124; x_wconf 81' lang='lat' dir='ltr'><strong>episcopis</strong></span> <span class='ocrx_word' id='word_1_702' title='bbox 1993 5055 2061 5109; x_wconf 88' lang='lat' dir='ltr'><strong>ad</strong></span> 
     </span>
    </p>
   </div>
   <div class='ocr_carea' id='block_1_98' title="bbox 474 5138 2062 5212">
    <p class='ocr_par' dir='ltr' id='par_1_98' title="bbox 474 5138 2062 5212">
     <span class='ocr_line' id='line_1_98' title="bbox 474 5138 2062 5212; baseline 0.003 -17"><span class='ocrx_word' id='word_1_703' title='bbox 474 5138 817 5211; x_wconf 83' lang='lat' dir='ltr'><strong>sep‘elieh‘das</strong></span> <span class='ocrx_word' id='word_1_704' title='bbox 851 5140 1134 5210; x_wconf 72' lang='lat' dir='ltr'><strong>reliquias.</strong></span> <span class='ocrx_word' id='word_1_705' title='bbox 1191 5138 1450 5212; x_wconf 80' lang='lat' dir='ltr'><strong>Undique</strong></span> <span class='ocrx_word' id='word_1_706' title='bbox 1491 5142 1671 5199; x_wconf 80' lang='lat' dir='ltr'><strong>autem</strong></span> <span class='ocrx_word' id='word_1_707' title='bbox 1695 5144 2062 5200; x_wconf 85' lang='lat' dir='ltr'><strong>concurrebat</strong></span> 
     </span>
    </p>
   </div>
   <div class='ocr_carea' id='block_1_99' title="bbox 476 5224 2061 5311">
    <p class='ocr_par' dir='ltr' id='par_1_99' title="bbox 476 5224 2061 5311">
     <span class='ocr_line' id='line_1_99' title="bbox 476 5224 2061 5311; baseline 0.003 -22"><span class='ocrx_word' id='word_1_708' title='bbox 476 5244 534 5289; x_wconf 91' lang='lat' dir='ltr'><strong>et</strong></span> <span class='ocrx_word' id='word_1_709' title='bbox 563 5228 851 5289; x_wconf 72' lang='lat' dir='ltr'><strong>multitudo</strong></span> <span class='ocrx_word' id='word_1_710' title='bbox 872 5224 1264 5288; x_wconf 69' lang='lat' dir='ltr'><strong>inenacbOium</strong></span> <span class='ocrx_word' id='word_1_711' title='bbox 1290 5230 1453 5290; x_wconf 83' lang='lat' dir='ltr'><strong>simul</strong></span> <span class='ocrx_word' id='word_1_712' title='bbox 1501 5234 1555 5292; x_wconf 76' lang='lat' dir='ltr'><strong>e‘t</strong></span> <span class='ocrx_word' id='word_1_713' title='bbox 1580 5238 1872 5311; x_wconf 72' lang='lat' dir='ltr'><strong>promiscui</strong></span> <span class='ocrx_word' id='word_1_714' title='bbox 1897 5230 2061 5310; x_wconf 62' lang='lat' dir='ltr'><strong>vulgi.</strong></span> 
     </span>
    </p>
   </div>
   <div class='ocr_carea' id='block_1_100' title="bbox 478 5318 2063 5400">
    <p class='ocr_par' dir='ltr' id='par_1_100' title="bbox 478 5318 2063 5400">
     <span class='ocr_line' id='line_1_100' title="bbox 478 5318 2063 5400; baseline 0.001 -16"><span class='ocrx_word' id='word_1_715' title='bbox 478 5326 682 5387; x_wconf 82' lang='lat' dir='ltr'><strong>Omnes</strong></span> <span class='ocrx_word' id='word_1_716' title='bbox 708 5324 891 5384; x_wconf 79' lang='lat' dir='ltr'><strong>autem</strong></span> <span class='ocrx_word' id='word_1_717' title='bbox 917 5322 1146 5382; x_wconf 82' lang='lat' dir='ltr'><strong>multum</strong></span> <span class='ocrx_word' id='word_1_718' title='bbox 1170 5326 1445 5398; x_wconf 83' lang='lat' dir='ltr'><strong>ponebant</strong></span> <span class='ocrx_word' id='word_1_719' title='bbox 1475 5318 1662 5397; x_wconf 83' lang='lat' dir='ltr'><strong>studii,</strong></span> <span class='ocrx_word' id='word_1_720' title='bbox 1684 5332 1746 5385; x_wconf 87' lang='lat' dir='ltr'><strong>ut</strong></span> <span class='ocrx_word' id='word_1_721' title='bbox 1771 5322 1825 5387; x_wconf 85' lang='lat' dir='ltr'><strong>et</strong></span> <span class='ocrx_word' id='word_1_722' title='bbox 1852 5322 2063 5400; x_wconf 80' lang='lat' dir='ltr'><strong>partem</strong></span> 
     </span>
    </p>
   </div>
   <div class='ocr_carea' id='block_1_101' title="bbox 472 5410 2063 5493">
    <p class='ocr_par' dir='ltr' id='par_1_101' title="bbox 472 5410 2063 5493">
     <span class='ocr_line' id='line_1_101' title="bbox 472 5410 2063 5493; baseline 0.001 -17"><span class='ocrx_word' id='word_1_723' title='bbox 472 5420 716 5492; x_wconf 81' lang='lat' dir='ltr'><strong>aliquam</strong></span> <span class='ocrx_word' id='word_1_724' title='bbox 756 5410 1111 5490; x_wconf 68' lang='lat' dir='ltr'><strong>attinget-ent,</strong></span> <span class='ocrx_word' id='word_1_725' title='bbox 1148 5422 1243 5476; x_wconf 73' lang='lat' dir='ltr'><strong>aut</strong></span> <span class='ocrx_word' id='word_1_726' title='bbox 1290 5410 1608 5477; x_wconf 72' lang='lat' dir='ltr'><strong>sanctarum</strong></span> <span class='ocrx_word' id='word_1_727' title='bbox 1643 5420 1787 5477; x_wconf 81' lang='lat' dir='ltr'><strong>illius</strong></span> <span class='ocrx_word' id='word_1_728' title='bbox 1833 5420 2063 5493; x_wconf 46' lang='lat' dir='ltr'><strong>capillo:</strong></span> 
     </span>
    </p>
   </div>
   <div class='ocr_carea' id='block_1_102' title="bbox 472 5505 2062 5587">
    <p class='ocr_par' dir='ltr' id='par_1_102' title="bbox 472 5505 2062 5587">
     <span class='ocr_line' id='line_1_102' title="bbox 472 5505 2062 5587; baseline 0 -18"><span class='ocrx_word' id='word_1_729' title='bbox 472 5526 620 5583; x_wconf 87' lang='lat' dir='ltr'><strong>rum,</strong></span> <span class='ocrx_word' id='word_1_730' title='bbox 664 5514 758 5568; x_wconf 69' lang='lat' dir='ltr'><strong>aut</strong></span> <span class='ocrx_word' id='word_1_731' title='bbox 791 5505 964 5569; x_wconf 58' lang='lat' dir='ltr'><strong>sacrae</strong></span> <span class='ocrx_word' id='word_1_732' title='bbox 1004 5513 1191 5576; x_wconf 72' lang='lat' dir='ltr'><strong>ve&#39;stis’,</strong></span> <span class='ocrx_word' id='word_1_733' title='bbox 1226 5520 1321 5569; x_wconf 79' lang='lat' dir='ltr'><strong>aut</strong></span> <span class='ocrx_word' id='word_1_734' title='bbox 1354 5508 1504 5570; x_wconf 55' lang='lat' dir='ltr'><strong>certe</strong></span> <span class='ocrx_word' id='word_1_735' title='bbox 1533 5506 1592 5568; x_wconf 75' lang='lat' dir='ltr'><strong>ut</strong></span> <span class='ocrx_word' id='word_1_736' title='bbox 1640 5506 1722 5568; x_wconf 58' lang='lat' dir='ltr'><strong>vel</strong></span> <span class='ocrx_word' id='word_1_737' title='bbox 1757 5512 1933 5571; x_wconf 85' lang='lat' dir='ltr'><strong>solum</strong></span> <span class='ocrx_word' id='word_1_738' title='bbox 1964 5532 2062 5587; x_wconf 90' lang='lat' dir='ltr'><strong>ap-</strong></span> 
     </span>
    </p>
   </div>
   <div class='ocr_carea' id='block_1_103' title="bbox 477 5594 2058 5676">
    <p class='ocr_par' dir='ltr' id='par_1_103' title="bbox 477 5594 2058 5676">
     <span class='ocr_line' id='line_1_103' title="bbox 477 5594 2058 5676; baseline 0.004 -18"><span class='ocrx_word' id='word_1_739' title='bbox 477 5597 933 5676; x_wconf 60' lang='lat' dir='ltr'><strong>propinquarent,</strong></span> <span class='ocrx_word' id='word_1_740' title='bbox 984 5594 1040 5661; x_wconf 80' lang='lat' dir='ltr'><strong>et</strong></span> <span class='ocrx_word' id='word_1_741' title='bbox 1069 5602 1287 5662; x_wconf 66' lang='grc' dir='ltr'><strong>1)εὲϊὺῙῆ</strong></span> <span class='ocrx_word' id='word_1_742' title='bbox 1319 5594 1470 5660; x_wconf 80' lang='lat' dir='ltr'><strong>illum</strong></span> <span class='ocrx_word' id='word_1_743' title='bbox 1502 5598 1710 5660; x_wconf 65' lang='lat' dir='ltr'><strong>vultum</strong></span> <span class='ocrx_word' id='word_1_744' title='bbox 1762 5598 2006 5664; x_wconf 54' lang='lat' dir='ltr'><strong>ﬁderent</strong></span> <span class='ocrx_word' id='word_1_745' title='bbox 2045 5626 2058 5664; x_wconf 89' lang='lat'><strong>:</strong></span> 
     </span>
    </p>
   </div>
   <div class='ocr_carea' id='block_1_104' title="bbox 480 5686 2060 5765">
    <p class='ocr_par' dir='ltr' id='par_1_104' title="bbox 480 5686 2060 5765">
     <span class='ocr_line' id='line_1_104' title="bbox 480 5686 2060 5765; baseline 0.006 -18"><span class='ocrx_word' id='word_1_746' title='bbox 480 5700 536 5748; x_wconf 74' lang='lat' dir='ltr'><strong>et</strong></span> <span class='ocrx_word' id='word_1_747' title='bbox 578 5697 645 5751; x_wconf 89' lang='lat' dir='ltr'><strong>d&#39;e</strong></span> <span class='ocrx_word' id='word_1_748' title='bbox 696 5696 762 5753; x_wconf 78' lang='lat' dir='ltr'><strong>ed</strong></span> <span class='ocrx_word' id='word_1_749' title='bbox 810 5686 958 5753; x_wconf 64' lang='lat' dir='ltr'><strong>ladta</strong></span> <span class='ocrx_word' id='word_1_750' title='bbox 1011 5690 1328 5756; x_wconf 64' lang='lat' dir='ltr'><strong>certabatur</strong></span> <span class='ocrx_word' id='word_1_751' title='bbox 1368 5690 1741 5765; x_wconf 69' lang='lat' dir='ltr'><strong>contentione,</strong></span> <span class='ocrx_word' id='word_1_752' title='bbox 1794 5694 1852 5755; x_wconf 69' lang='grc' dir='ltr'>ιὶί</span> <span class='ocrx_word' id='word_1_753' title='bbox 1875 5718 1943 5756; x_wconf 83' lang='lat' dir='ltr'><strong>ne</strong></span> <span class='ocrx_word' id='word_1_754' title='bbox 1972 5696 2060 5757; x_wconf 83' lang='lat' dir='ltr'><strong>ditt</strong></span> 
     </span>
    </p>
   </div>
   <div class='ocr_carea' id='block_1_105' title="bbox 479 5778 2063 5859">
    <p class='ocr_par' dir='ltr' id='par_1_105' title="bbox 479 5778 2063 5859">
     <span class='ocr_line' id='line_1_105' title="bbox 479 5778 2063 5859; baseline 0.008 -24"><span class='ocrx_word' id='word_1_755' title='bbox 479 5780 697 5852; x_wconf 75' lang='lat' dir='ltr'><strong>quidem</strong></span> <span class='ocrx_word' id='word_1_756' title='bbox 744 5778 1147 5855; x_wconf 70' lang='lat' dir='ltr'><strong>permitteretbr</strong></span> <span class='ocrx_word' id='word_1_757' title='bbox 1174 5786 1405 5858; x_wconf 84' lang='lat' dir='ltr'><strong>sepelire</strong></span> <span class='ocrx_word' id='word_1_758' title='bbox 1436 5780 1715 5859; x_wconf 76' lang='lat' dir='ltr'><strong>reliquias,</strong></span> <span class='ocrx_word' id='word_1_759' title='bbox 1749 5784 1841 5846; x_wconf 81' lang='lat' dir='ltr'><strong>sed</strong></span> <span class='ocrx_word' id='word_1_760' title='bbox 1871 5791 2063 5850; x_wconf 85' lang='lat' dir='ltr'><strong>melius</strong></span> 
     </span>
    </p>
   </div>
   <div class='ocr_carea' id='block_1_106' title="bbox 2164 4596 3751 4677">
    <p class='ocr_par' dir='ltr' id='par_1_106' title="bbox 2164 4596 3751 4677">
     <span class='ocr_line' id='line_1_106' title="bbox 2164 4596 3751 4677; baseline 0.009 -27"><span class='ocrx_word' id='word_1_761' title='bbox 2164 4596 2465 4667; x_wconf 86' lang='grc' dir='ltr'>Δεσπότην,</span> <span class='ocrx_word' id='word_1_762' title='bbox 2491 4599 2586 4650; x_wconf 79' lang='grc' dir='ltr'><strong>καὶ</strong></span> <span class='ocrx_word' id='word_1_763' title='bbox 2618 4598 2681 4669; x_wconf 83' lang='grc' dir='ltr'>δὴ</span> <span class='ocrx_word' id='word_1_764' title='bbox 2718 4600 2814 4653; x_wconf 76' lang='grc' dir='ltr'>καὶ</span> <span class='ocrx_word' id='word_1_765' title='bbox 2841 4600 2937 4653; x_wconf 79' lang='grc' dir='ltr'>τοῦ</span> <span class='ocrx_word' id='word_1_766' title='bbox 2961 4603 3104 4656; x_wconf 80' lang='grc' dir='ltr'>κατὰ</span> <span class='ocrx_word' id='word_1_767' title='bbox 3131 4604 3220 4657; x_wconf 77' lang='grc' dir='ltr'><strong>τὸν</strong></span> <span class='ocrx_word' id='word_1_768' title='bbox 3248 4606 3592 4677; x_wconf 85' lang='grc' dir='ltr'>δαιμονῶντα</span> <span class='ocrx_word' id='word_1_769' title='bbox 3612 4609 3751 4664; x_wconf 82' lang='grc' dir='ltr'>θαύ-</span> 
     </span>
    </p>
   </div>
   <div class='ocr_carea' id='block_1_107' title="bbox 2166 4693 3755 4777">
    <p class='ocr_par' dir='ltr' id='par_1_107' title="bbox 2166 4693 3755 4777">
     <span class='ocr_line' id='line_1_107' title="bbox 2166 4693 3755 4777; baseline 0.011 -33"><span class='ocrx_word' id='word_1_770' title='bbox 2166 4709 2335 4763; x_wconf 88' lang='grc' dir='ltr'>ματος</span> <span class='ocrx_word' id='word_1_771' title='bbox 2361 4693 2557 4758; x_wconf 78' lang='grc' dir='ltr'>ἀκοαῖς</span> <span class='ocrx_word' id='word_1_772' title='bbox 2586 4695 2688 4748; x_wconf 85' lang='grc' dir='ltr'><strong>ούκ</strong></span> <span class='ocrx_word' id='word_1_773' title='bbox 2719 4694 2930 4765; x_wconf 82' lang='grc' dir='ltr'>ὀλίγαις</span> <span class='ocrx_word' id='word_1_774' title='bbox 2958 4698 3316 4769; x_wconf 78' lang='grc' dir='ltr'>διαδοθέντος,</span> <span class='ocrx_word' id='word_1_775' title='bbox 3347 4705 3551 4777; x_wconf 77' lang='grc' dir='ltr'>Πέτρος</span> <span class='ocrx_word' id='word_1_776' title='bbox 3576 4708 3604 4759; x_wconf 90' lang='lat'><strong>6</strong></span> <span class='ocrx_word' id='word_1_777' title='bbox 3654 4708 3755 4777; x_wconf 82' lang='grc' dir='ltr'><strong>μὲ-</strong></span> 
     </span>
    </p>
   </div>
   <div class='ocr_carea' id='block_1_108' title="bbox 2163 4786 3753 4870">
    <p class='ocr_par' dir='ltr' id='par_1_108' title="bbox 2163 4786 3753 4870">
     <span class='ocr_line' id='line_1_108' title="bbox 2163 4786 3753 4870; baseline 0.01 -33"><span class='ocrx_word' id='word_1_778' title='bbox 2163 4801 2288 4855; x_wconf 88' lang='grc' dir='ltr'>γας,</span> <span class='ocrx_word' id='word_1_779' title='bbox 2349 4788 2378 4839; x_wconf 87' lang='grc' dir='ltr'><strong>ὀ</strong></span> <span class='ocrx_word' id='word_1_780' title='bbox 2426 4786 2517 4840; x_wconf 78' lang='grc' dir='ltr'><strong>τὸν</strong></span> <span class='ocrx_word' id='word_1_781' title='bbox 2564 4788 2926 4843; x_wconf 86' lang='grc' dir='ltr'>ἀποστολικὸν</span> <span class='ocrx_word' id='word_1_782' title='bbox 2970 4791 3029 4846; x_wconf 81' lang='grc' dir='ltr'><strong>ἐν</strong></span> <span class='ocrx_word' id='word_1_783' title='bbox 3093 4792 3495 4867; x_wconf 78' lang='grc' dir='ltr'>Ἱεροσολύμοις</span> <span class='ocrx_word' id='word_1_784' title='bbox 3559 4799 3753 4870; x_wconf 88' lang='grc' dir='ltr'>θρόνον</span> 
     </span>
    </p>
   </div>
   <div class='ocr_carea' id='block_1_109' title="bbox 2163 4878 3753 4965">
    <p class='ocr_par' dir='ltr' id='par_1_109' title="bbox 2163 4878 3753 4965">
     <span class='ocr_line' id='line_1_109' title="bbox 2163 4878 3753 4965; baseline 0.011 -36"><span class='ocrx_word' id='word_1_785' title='bbox 2163 4878 2472 4950; x_wconf 80' lang='grc' dir='ltr'>τηνικαῦτα</span> <span class='ocrx_word' id='word_1_786' title='bbox 2503 4879 2728 4945; x_wconf 84' lang='grc' dir='ltr'>διέπων,</span> <span class='ocrx_word' id='word_1_787' title='bbox 2778 4882 2984 4954; x_wconf 79' lang='grc' dir='ltr'>Πέτρος</span> <span class='ocrx_word' id='word_1_788' title='bbox 3008 4884 3215 4951; x_wconf 72' lang='grc' dir='ltr'>ἐκεῖνος</span> <span class='ocrx_word' id='word_1_789' title='bbox 3246 4891 3275 4942; x_wconf 89' lang='lat'><strong>6</strong></span> <span class='ocrx_word' id='word_1_790' title='bbox 3303 4889 3470 4954; x_wconf 83' lang='grc' dir='ltr'>πολὺς</span> <span class='ocrx_word' id='word_1_791' title='bbox 3514 4895 3612 4962; x_wconf 76' lang='grc' dir='ltr'><strong>μὲν</strong></span> <span class='ocrx_word' id='word_1_792' title='bbox 3649 4892 3753 4965; x_wconf 80' lang='grc' dir='ltr'>τὴν</span> 
     </span>
    </p>
   </div>
   <div class='ocr_carea' id='block_1_110' title="bbox 2168 4970 3752 5055">
    <p class='ocr_par' dir='ltr' id='par_1_110' title="bbox 2168 4970 3752 5055">
     <span class='ocr_line' id='line_1_110' title="bbox 2168 4970 3752 5055; baseline 0.001 -16"><span class='ocrx_word' id='word_1_793' title='bbox 2168 4975 2383 5041; x_wconf 60' lang='grc' dir='ltr'><strong>φήμην,</strong></span> <span class='ocrx_word' id='word_1_794' title='bbox 2442 4970 2648 5042; x_wconf 75' lang='grc' dir='ltr'>μείζων</span> <span class='ocrx_word' id='word_1_795' title='bbox 2689 4973 2745 5027; x_wconf 79' lang='grc' dir='ltr'><strong>δὲ</strong></span> <span class='ocrx_word' id='word_1_796' title='bbox 2792 4975 2891 5044; x_wconf 80' lang='grc' dir='ltr'><strong>τῆς</strong></span> <span class='ocrx_word' id='word_1_797' title='bbox 2934 4978 3125 5049; x_wconf 77' lang='grc' dir='ltr'><strong>φήμης</strong></span> <span class='ocrx_word' id='word_1_798' title='bbox 3175 4984 3272 5050; x_wconf 58' lang='grc' dir='ltr'>τὴν</span> <span class='ocrx_word' id='word_1_799' title='bbox 3325 4983 3549 5055; x_wconf 77' lang='grc' dir='ltr'>ἀρετὴν,</span> <span class='ocrx_word' id='word_1_800' title='bbox 3608 4988 3752 5055; x_wconf 82' lang='grc' dir='ltr'><strong>μετά</strong></span> 
     </span>
    </p>
   </div>
   <div class='ocr_carea' id='block_1_111' title="bbox 2169 5060 3752 5146">
    <p class='ocr_par' dir='ltr' id='par_1_111' title="bbox 2169 5060 3752 5146">
     <span class='ocr_line' id='line_1_111' title="bbox 2169 5060 3752 5146; baseline 0.012 -34"><span class='ocrx_word' id='word_1_801' title='bbox 2169 5060 2382 5115; x_wconf 83' lang='grc' dir='ltr'>πολλῶν</span> <span class='ocrx_word' id='word_1_802' title='bbox 2409 5062 2503 5115; x_wconf 75' lang='grc' dir='ltr'><strong>καὶ</strong></span> <span class='ocrx_word' id='word_1_803' title='bbox 2536 5062 2711 5116; x_wconf 77' lang='grc' dir='ltr'>ἄλλων</span> <span class='ocrx_word' id='word_1_804' title='bbox 2741 5067 3059 5121; x_wconf 80' lang='grc' dir='ltr'>ἐπισκόπων</span> <span class='ocrx_word' id='word_1_805' title='bbox 3080 5069 3217 5138; x_wconf 83' lang='grc' dir='ltr'>πρὸς</span> <span class='ocrx_word' id='word_1_806' title='bbox 3245 5071 3342 5142; x_wconf 76' lang='grc' dir='ltr'><strong>τὴν</strong></span> <span class='ocrx_word' id='word_1_807' title='bbox 3367 5072 3464 5127; x_wconf 81' lang='grc' dir='ltr'>τοῦ</span> <span class='ocrx_word' id='word_1_808' title='bbox 3496 5074 3752 5146; x_wconf 77' lang='grc' dir='ltr'>λειψάνου</span> 
     </span>
    </p>
   </div>
   <div class='ocr_carea' id='block_1_112' title="bbox 2167 5151 3754 5236">
    <p class='ocr_par' dir='ltr' id='par_1_112' title="bbox 2167 5151 3754 5236">
     <span class='ocr_line' id='line_1_112' title="bbox 2167 5151 3754 5236; baseline 0.012 -33"><span class='ocrx_word' id='word_1_809' title='bbox 2167 5151 2349 5223; x_wconf 84' lang='grc' dir='ltr'>ταφὴν</span> <span class='ocrx_word' id='word_1_810' title='bbox 2380 5154 2766 5223; x_wconf 81' lang='grc' dir='ltr'>παραγίνεται.</span> <span class='ocrx_word' id='word_1_811' title='bbox 2814 5157 3111 5230; x_wconf 84' lang='grc' dir='ltr'>Συντρέχει</span> <span class='ocrx_word' id='word_1_812' title='bbox 3153 5162 3598 5236; x_wconf 28' lang='grc' dir='ltr'>δὲλπανταχόθεν</span> <span class='ocrx_word' id='word_1_813' title='bbox 3655 5169 3754 5224; x_wconf 71' lang='grc' dir='ltr'>καὶ</span> 
     </span>
    </p>
   </div>
   <div class='ocr_carea' id='block_1_113' title="bbox 2167 5244 3754 5326">
    <p class='ocr_par' dir='ltr' id='par_1_113' title="bbox 2167 5244 3754 5326">
     <span class='ocr_line' id='line_1_113' title="bbox 2167 5244 3754 5326; baseline 0.01 -27"><span class='ocrx_word' id='word_1_814' title='bbox 2167 5244 2376 5322; x_wconf 76' lang='grc' dir='ltr'>πλῆθος</span> <span class='ocrx_word' id='word_1_815' title='bbox 2430 5246 2717 5318; x_wconf 78' lang='grc' dir='ltr'>μοναστῶν</span> <span class='ocrx_word' id='word_1_816' title='bbox 2767 5249 2885 5319; x_wconf 76' lang='grc' dir='ltr'><strong>ἅμα</strong></span> <span class='ocrx_word' id='word_1_817' title='bbox 2918 5250 3015 5303; x_wconf 80' lang='grc' dir='ltr'>καὶ</span> <span class='ocrx_word' id='word_1_818' title='bbox 3072 5253 3337 5322; x_wconf 85' lang='grc' dir='ltr'>μιγάδων.</span> <span class='ocrx_word' id='word_1_819' title='bbox 3387 5258 3497 5312; x_wconf 77' lang='grc' dir='ltr'><strong>Καὶ</strong></span> <span class='ocrx_word' id='word_1_820' title='bbox 3549 5260 3754 5326; x_wconf 82' lang='grc' dir='ltr'>πάντες</span> 
     </span>
    </p>
   </div>
   <div class='ocr_carea' id='block_1_114' title="bbox 2167 5336 3753 5420">
    <p class='ocr_par' dir='ltr' id='par_1_114' title="bbox 2167 5336 3753 5420">
     <span class='ocr_line' id='line_1_114' title="bbox 2167 5336 3753 5420; baseline 0.013 -31"><span class='ocrx_word' id='word_1_821' title='bbox 2167 5336 2337 5415; x_wconf 76' lang='grc' dir='ltr'>ἐγγὺς</span> <span class='ocrx_word' id='word_1_822' title='bbox 2360 5336 2617 5407; x_wconf 79' lang='grc' dir='ltr'>γενέσθαι</span> <span class='ocrx_word' id='word_1_823' title='bbox 2648 5343 2757 5413; x_wconf 47' lang='grc' dir='ltr'><strong>καὶ⁵</strong></span> <span class='ocrx_word' id='word_1_824' title='bbox 2783 5342 2930 5407; x_wconf 69' lang='grc' dir='ltr'>τινὸς</span> <span class='ocrx_word' id='word_1_825' title='bbox 2969 5344 3211 5414; x_wconf 73' lang='grc' dir='ltr'>δψασθαι</span> <span class='ocrx_word' id='word_1_826' title='bbox 3240 5348 3464 5420; x_wconf 85' lang='grc' dir='ltr'>μέρους,</span> <span class='ocrx_word' id='word_1_827' title='bbox 3492 5338 3604 5408; x_wconf 80' lang='grc' dir='ltr'>εῑτε</span> <span class='ocrx_word' id='word_1_828' title='bbox 3642 5354 3753 5409; x_wconf 85' lang='grc' dir='ltr'><strong>τῶν</strong></span> 
     </span>
    </p>
   </div>
   <div class='ocr_carea' id='block_1_115' title="bbox 2169 5428 3754 5515">
    <p class='ocr_par' dir='ltr' id='par_1_115' title="bbox 2169 5428 3754 5515">
     <span class='ocr_line' id='line_1_115' title="bbox 2169 5428 3754 5515; baseline 0.012 -33"><span class='ocrx_word' id='word_1_829' title='bbox 2169 5428 2340 5497; x_wconf 81' lang='grc' dir='ltr'>ἁγίων</span> <span class='ocrx_word' id='word_1_830' title='bbox 2370 5429 2579 5511; x_wconf 76' lang='grc' dir='ltr'>ἐκείνου</span> <span class='ocrx_word' id='word_1_831' title='bbox 2605 5430 2833 5504; x_wconf 84' lang='grc' dir='ltr'>τριχῶν,</span> <span class='ocrx_word' id='word_1_832' title='bbox 2854 5435 2966 5487; x_wconf 80' lang='grc' dir='ltr'>εἴτε</span> <span class='ocrx_word' id='word_1_833' title='bbox 2989 5436 3090 5506; x_wconf 78' lang='grc' dir='ltr'>τῆς</span> <span class='ocrx_word' id='word_1_834' title='bbox 3126 5438 3278 5509; x_wconf 74' lang='grc' dir='ltr'>ἱερᾶς</span> <span class='ocrx_word' id='word_1_835' title='bbox 3305 5441 3555 5513; x_wconf 74' lang='grc' dir='ltr'>ἐσθῆτος,</span> <span class='ocrx_word' id='word_1_836' title='bbox 3581 5445 3754 5515; x_wconf 59' lang='lat' dir='ltr'><strong>iuon</strong></span> 
     </span>
    </p>
   </div>
   <div class='ocr_carea' id='block_1_116' title="bbox 2170 5516 3780 5607">
    <p class='ocr_par' dir='ltr' id='par_1_116' title="bbox 2170 5516 3780 5607">
     <span class='ocr_line' id='line_1_116' title="bbox 2170 5516 3780 5607; baseline 0.013 -34"><span class='ocrx_word' id='word_1_837' title='bbox 2170 5521 2266 5574; x_wconf 77' lang='grc' dir='ltr'>καὶ</span> <span class='ocrx_word' id='word_1_838' title='bbox 2295 5516 2596 5593; x_wconf 77' lang='grc' dir='ltr'>πλησιάσαι</span> <span class='ocrx_word' id='word_1_839' title='bbox 2649 5518 2813 5594; x_wconf 80' lang='grc' dir='ltr'>μόνον</span> <span class='ocrx_word' id='word_1_840' title='bbox 2856 5516 2955 5580; x_wconf 76' lang='grc' dir='ltr'>καὶ</span> <span class='ocrx_word' id='word_1_841' title='bbox 2996 5530 3097 5599; x_wconf 80' lang='grc' dir='ltr'>τὴν</span> <span class='ocrx_word' id='word_1_842' title='bbox 3126 5534 3408 5605; x_wconf 73' lang='grc' dir='ltr'>μακαρίαν</span> <span class='ocrx_word' id='word_1_843' title='bbox 3439 5536 3562 5607; x_wconf 72' lang='grc' dir='ltr'>ὄψιν</span> <span class='ocrx_word' id='word_1_844' title='bbox 3595 5538 3780 5606; x_wconf 56' lang='grc' dir='ltr'>ίδείν,,</span> 
     </span>
    </p>
   </div>
   <div class='ocr_carea' id='block_1_117' title="bbox 2172 5613 3755 5703">
    <p class='ocr_par' dir='ltr' id='par_1_117' title="bbox 2172 5613 3755 5703">
     <span class='ocr_line' id='line_1_117' title="bbox 2172 5613 3755 5703; baseline 0.013 -37"><span class='ocrx_word' id='word_1_845' title='bbox 2172 5613 2407 5687; x_wconf 81' lang='grc' dir='ltr'>σπουδῆς</span> <span class='ocrx_word' id='word_1_846' title='bbox 2442 5614 2594 5681; x_wconf 79' lang='grc' dir='ltr'>ἄξιον</span> <span class='ocrx_word' id='word_1_847' title='bbox 2622 5618 2904 5672; x_wconf 76' lang='grc' dir='ltr'>ἐποιοῦντο</span> <span class='ocrx_word' id='word_1_848' title='bbox 2926 5633 2941 5648; x_wconf 84' lang='lat'><strong><em>°</em></strong></span> <span class='ocrx_word' id='word_1_849' title='bbox 2984 5623 3079 5674; x_wconf 85' lang='grc' dir='ltr'><strong>καὶ</strong></span> <span class='ocrx_word' id='word_1_850' title='bbox 3113 5624 3308 5696; x_wconf 83' lang='grc' dir='ltr'>χρῆμα</span> <span class='ocrx_word' id='word_1_851' title='bbox 3353 5630 3546 5701; x_wconf 83' lang='grc' dir='ltr'>κομιδῇ</span> <span class='ocrx_word' id='word_1_852' title='bbox 3592 5649 3755 5703; x_wconf 85' lang='grc' dir='ltr'>περι-</span> 
     </span>
    </p>
   </div>
   <div class='ocr_carea' id='block_1_118' title="bbox 2173 5705 3754 5795">
    <p class='ocr_par' dir='ltr' id='par_1_118' title="bbox 2173 5705 3754 5795">
     <span class='ocr_line' id='line_1_118' title="bbox 2173 5705 3754 5795; baseline 0.013 -38"><span class='ocrx_word' id='word_1_853' title='bbox 2173 5705 2439 5776; x_wconf 85' lang='grc' dir='ltr'>μάχητον,</span> <span class='ocrx_word' id='word_1_854' title='bbox 2487 5705 2627 5760; x_wconf 75' lang='grc' dir='ltr'>ὥστε</span> <span class='ocrx_word' id='word_1_855' title='bbox 2665 5706 2802 5780; x_wconf 86' lang='grc' dir='ltr'>μηδὲ</span> <span class='ocrx_word' id='word_1_856' title='bbox 2838 5708 2918 5780; x_wconf 83' lang='grc' dir='ltr'>τῷ</span> <span class='ocrx_word' id='word_1_857' title='bbox 2961 5711 3198 5786; x_wconf 75' lang='grc' dir='ltr'>λειψάνῳ</span> <span class='ocrx_word' id='word_1_858' title='bbox 3228 5719 3392 5792; x_wconf 73' lang='grc' dir='ltr'>μέχρι</span> <span class='ocrx_word' id='word_1_859' title='bbox 3418 5722 3614 5776; x_wconf 85' lang='grc' dir='ltr'>πολλοῦ</span> <span class='ocrx_word' id='word_1_860' title='bbox 3653 5724 3754 5795; x_wconf 83' lang='grc' dir='ltr'>τὴν</span> 
     </span>
    </p>
   </div>
   <div class='ocr_carea' id='block_1_119' title="bbox 2170 5796 3752 5883">
    <p class='ocr_par' dir='ltr' id='par_1_119' title="bbox 2170 5796 3752 5883">
     <span class='ocr_line' id='line_1_119' title="bbox 2170 5796 3752 5883; baseline 0.015 -31"><span class='ocrx_word' id='word_1_861' title='bbox 2170 5798 2352 5868; x_wconf 81' lang='grc' dir='ltr'>ταφὴν</span> <span class='ocrx_word' id='word_1_862' title='bbox 2376 5800 2779 5871; x_wconf 82' lang='grc' dir='ltr'>συγχωρεῖσθαι</span> <span class='ocrx_word' id='word_1_863' title='bbox 2789 5843 2804 5869; x_wconf 96' lang='grc'><strong>,</strong></span> <span class='ocrx_word' id='word_1_864' title='bbox 2830 5796 2968 5858; x_wconf 81' lang='grc' dir='ltr'>ἀλλὰ</span> <span class='ocrx_word' id='word_1_865' title='bbox 2985 5808 3237 5877; x_wconf 84' lang='grc' dir='ltr'>κρεῖττον</span> <span class='ocrx_word' id='word_1_866' title='bbox 3255 5811 3389 5866; x_wconf 81' lang='grc' dir='ltr'>αὐτὸ</span> <span class='ocrx_word' id='word_1_867' title='bbox 3411 5815 3752 5883; x_wconf 79' lang='grc' dir='ltr'>νομίζεσθαι.</span> 
     </span>
    </p>
   </div>
  </div>
