4144 6416
533 345 639 407 {355
1769 344 2053 405 MENSIS
2101 342 2552 404 JANUARIUS.
3691 341 3804 406 556

535 459 659 523 ficu,
687 471 758 511 an
788 465 839 511 te
874 455 1249 512 Christianum
1295 453 1484 510 fateris
1510 469 1654 523 esse,
1711 455 1853 511 sicut
1909 455 2121 510 audiri-

2228 455 2342 522 φῶς
2371 453 2608 520 δίδαξον,
2641 451 2802 524 εἴπερ
2834 452 2944 523 ἄρα
2990 451 3319 524 Χριστιανὸς
3347 445 3487 506 εἶναι
3519 452 3807 524 ὁμολογεῖς

536 563 678 603 mus.
713 545 812 602 llic
837 565 968 604 vero
999 563 1014 600 :
1049 547 1164 602 Non
1199 547 1375 602 solum
1409 547 1534 610 hoc,
1583 547 1778 619 inquit,
1821 564 1943 602 cum
1987 562 2121 616 pne-

2228 545 2412 616 ὣσπερ
2453 543 2793 615 ἠκούσαμεν.
2843 547 2900 599 ὐ
2947 546 3045 612 δὲ,
3099 547 3173 598 Οὐ
3235 547 3416 614 μόνον,
3451 545 3594 618 ἔφη,
3644 547 3807 602 τοῦτο

534 641 680 696 clara
714 641 985 696 sententia
1019 649 1075 694 et
1105 655 1238 694 voce
1266 637 1556 705 conﬁteor,
1616 640 1711 695 sed
1761 639 1946 700 etiam,
1978 636 2121 706 quod

2228 638 2366 708 μετά
2395 637 2658 710 λαμπρᾶς
2683 637 2758 702 ὡς
2798 638 2907 709 ἔχω
2941 639 3035 692 καὶ
3074 637 3302 708 γνώμης
3346 639 3441 692 καὶ
3490 641 3675 710 φωνῆς
3707 641 3809 694 ἀνο

537 732 672 796 Deo,
719 733 810 802 qui
839 733 940 786 sub
981 730 1157 785 visum
1197 748 1306 787 non
1347 733 1510 794 cadit,
1558 746 1678 784 sum
1726 737 2120 784 consecratus:

2228 728 2496 797 ομολογῶ,
2528 729 2644 782 ἀλλ’
2673 731 2756 784 ὅτι
2792 730 2888 784 καὶ
2917 730 2994 798 τῷ
3025 730 3246 800 ἀοράτῳ
3279 729 3402 798 Θεῷ
3429 729 3804 803 καθιέρωμαι,

534 833 588 878 et
621 823 666 877 ei
699 822 918 887 assiste,
945 831 1005 875 ut
1033 821 1124 892 qui
1153 823 1298 877 illius
1326 824 1501 877 factus
1547 821 1647 874 sim
1697 820 1978 874 diaconus.
2015 815 2121 870 Im-

2228 821 2320 874 καὶ
2366 820 2516 891 αὑτῷ
2545 821 2913 890 παρίσταμαι,
2944 820 3192 884 διάκονος
3236 821 3449 874 ἐκείνου
3500 823 3813 892 γεγενημέ-

534 924 754 985 perator
807 923 992 969 autem
1042 915 1232 969 volens
1275 931 1333 970 se
1391 913 1678 968 ostendere
1725 909 2010 969 urbanum.
2068 915 2121 962 et

2228 931 2334 978 νος.
2363 915 2475 966 Καὶ
2504 915 2532 967 ὁ
2566 913 2822 984 βασιλεὺς
2853 913 3065 982 κομψὸν
3092 913 3288 966 ἑαυτὸν
3314 909 3455 966 εῐναι
3483 914 3580 966 καὶ
3607 931 3809 985 περιτ-

532 1007 688 1062 valde
713 1007 1053 1078 ingeniosum
1082 1023 1095 1058 :
1134 1005 1275 1076 Ergo
1309 1016 1382 1070 te,
1426 1005 1624 1074 inquit,
1675 1002 1780 1056 diis
1807 1001 2120 1066 diaconum,

2228 1003 2328 1067 τῶς
2359 1004 2620 1074 ἀγχίνουν
2647 1004 2817 1070 δεῖξαι
2849 1003 3176 1074 βουλόμενος
3195 1044 3211 1067 ,
3247 1005 3479 1070 Οὐκοῦν,
3509 1005 3614 1076 ἔφη
3633 1046 3648 1069 ,
3684 1009 3802 1069 τοῖς

532 1099 636 1152 hoc
661 1105 745 1152 est
771 1141 784 1166 ,
818 1097 1124 1152 ministrum
1166 1095 1382 1150 exhibe.
1428 1093 1628 1164 Μαι-ιμ’
1666 1099 1848 1145 autem
1874 1089 2121 1144 inrisum

2228 1096 2364 1159 θεοῖς
2407 1095 2748 1164 διακόνησον.
2801 1095 2858 1148 ’0
2908 1095 2965 1148 δὲ
3001 1095 3214 1166 μάρτυς
3247 1097 3326 1158 εἰς
3376 1095 3592 1164 γέλωτα
3657 1096 3807 1150 λύων

533 1205 758 1250 vertens
821 1193 940 1262 ejus
991 1199 1298 1262 promptum
1335 1201 1387 1244 et
1443 1187 1691 1243 versatile
1741 1200 2117 1256 responsum:

531 1286 766 1350 Videris,
823 1284 1000 1354 inquit
1029 1327 1042 1348 ,
1068 1281 1199 1337 mihi
1251 1296 1373 1336 esse
1424 1279 1621 1334 surdus
1648 1319 1660 1342 ,
1690 1292 1724 1332 0
1781 1277 2080 1344 imperator
2103 1315 2118 1340 ,

531 1385 626 1430 aut
700 1375 864 1430 etiam
927 1374 1152 1429 stultum
1222 1387 1404 1440 agere.
1459 1369 1578 1424 Dixi
1649 1368 1745 1422 tibi
1818 1382 1905 1420 me
1957 1365 2120 1420 mini-

531 1476 704 1518 strare
734 1466 863 1527 Deo,
885 1465 976 1534 qui
1020 1479 1130 1517 non
1169 1463 1316 1516 cadit
1359 1461 1460 1515 sub
1490 1467 1771 1530 aspectum
1811 1477 1824 1510 :
1875 1470 1986 1510 non
2018 1471 2118 1510 au-

534 1570 642 1612 tem
691 1559 883 1612 horum
939 1557 1033 1626 qui
1086 1555 1382 1620 videntur,
1433 1563 1528 1608 aut
1585 1553 1768 1623 potius
1813 1566 1884 1605 ne
1936 1551 2122 1606 rident

529 1649 771 1718 quidem,
811 1663 936 1703 esse
969 1648 1288 1711 diaconum,
1323 1661 1462 1715 quos
1509 1644 1646 1714 ipse,
1681 1651 1741 1698 ut
1771 1642 1864 1713 qui
1896 1642 2116 1707 falleris,

529 1741 754 1809 perinde
813 1757 877 1796 ac
914 1741 1047 1796 deos
1075 1739 1252 1794 colis:
1287 1753 1412 1792 cum
1468 1735 1579 1789 sint
1614 1734 1825 1804 lapides
1857 1743 1914 1788 et
1967 1733 2113 1803 ligna

2221 1189 2388 1243 αὑτοῦ
2433 1189 2496 1242 τὸ
2527 1187 2926 1259 ἀγχίστροφον,
2966 1185 3256 1255 Κωφεύειν
3293 1203 3383 1256 μοι
3424 1187 3614 1259 φαίνῃ,
3650 1187 3808 1257 βασι-

2220 1279 2337 1346 λεῦ,
2369 1279 2497 1351 ἔφη,
2552 1281 2586 1352 ἢ
2623 1281 2717 1332 καὶ
2763 1277 2855 1331 τὸν
2889 1279 3074 1349 μωρὸν
3101 1279 3528 1348 ὑποκρίνεσθαι’
3560 1280 3680 1352 Θεῷ
3719 1283 3808 1334 σοὶ

2222 1371 2360 1442 ἔφην
2387 1372 2465 1438 τῷ
2497 1371 2716 1442 ἀοράτῳ
2745 1370 3014 1425 διακονεῖν
3039 1383 3054 1398 ⁶
3105 1369 3178 1439 μὴ
3211 1369 3322 1440 γὰρ
3355 1369 3418 1440 δὴ
3453 1369 3658 1423 τούτων
3693 1370 3809 1423 τῶν

2221 1461 2520 1533 ὁρωμένων
2569 1461 2602 1532 ἦ
2639 1461 2776 1532 μηδὲ
2813 1459 3068 1532 ὁρώντων
3105 1460 3304 1530 μᾶλλον
3352 1456 3492 1515 εἶναι
3522 1461 3804 1525 διάκονος⁶

2222 1551 2316 1615 οὓς
2340 1553 2506 1617 αὐτὸς
2527 1553 2602 1616 ώς
2628 1551 2788 1616 θεοὺς
2809 1551 3162 1624 πλανώμενος
3191 1552 3392 1616 σέϐεις,
3409 1552 3593 1617 λίθους
3619 1553 3806 1618 ὄντας,

2225 1645 2322 1699 καὶ
2351 1645 2508 1712 ξύλα,
2561 1647 2656 1698 καὶ
2689 1645 2852 1714 κωφὰ
2883 1644 3022 1716 ἔργα
3053 1647 3152 1714 τῆς
3195 1645 3380 1716 χειρὸς
3427 1647 3807 1717 ἀνθρωπίνης,

2219 1738 2315 1790 καὶ
2353 1739 2465 1800 τοῖς
2497 1736 2820 1807 εὐφρονοῦσι
2854 1736 3118 1806 γελᾶσθαι
3159 1737 3362 1807 μᾶλλον
3402 1739 3434 1809 ἦ
3481 1744 3810 1806 προσκυνεῖ-

527 1831 755 1888 omnino
787 1829 1050 1893 inanima,
1085 1836 1141 1881 et
1175 1825 1338 1882 surda
1379 1839 1547 1894 opera
1579 1837 1774 1878 manus
1823 1823 2110 1882 humanae.

2228 1829 2348 1880 σθαι
2373 1827 2520 1892 ἀξια.
2557 1828 2670 1880 Οὐκ
2701 1827 2902 1898 ἧνεγκε
2945 1828 3046 1898 τὴν
3095 1827 3414 1899 παρρησίαν
3463 1829 3492 1880 ὁ
3521 1829 3805 1898 βασιλεὺς,

527 1935 720 1994 etquae
761 1923 827 1977 iis
873 1921 966 1991 qui
1007 1919 1228 1989 sapiunt
1261 1924 1391 1972 sunt
1428 1917 1614 1986 potius
1684 1913 1912 1969 ridenda
1950 1928 2112 1982 quam

528 2014 829 2070 adoranda.
883 2011 1003 2067 Non
1045 2011 1168 2066 tulit
1197 2009 1496 2078 imperator
1523 2007 1741 2062 dicendi
1782 2005 2113 2066 libertatem,

530 2107 624 2162 sed
655 2105 842 2160 Statim
877 2101 1202 2173 quibusdam
1253 2097 1635 2154 instrumentis
1659 2095 1848 2159 :eneis,
1903 2094 1969 2149 ad
2021 2109 2114 2148 su-

533 2199 792 2256 mendum
819 2193 1148 2265 supplicium
1187 2191 1472 2255 confectis,
1505 2189 1661 2258 jubet
1686 2202 1855 2260 genas
1897 2186 2114 2256 quidem

529 2285 810 2342 verberari
845 2281 1118 2354 martyris,
1152 2293 1462 2350 praeconem
1507 2287 1691 2332 autem
1745 2277 1862 2331 hzec
1901 2275 2118 2345 procla-

487 2409 492 2413 ~
535 2393 728 2433 mare:
759 2375 840 2431 Ne
865 2375 940 2430 sis
963 2374 1148 2443 lingua
1163 2370 1396 2426 nimium
1429 2368 1712 2440 profusus,
1747 2383 1780 2422 0
1827 2366 2116 2436 Hermyle:

532 2471 742 2525 honora
786 2447 1204 2534 imperatorem,
1235 2461 1343 2516 diis
1392 2459 1664 2524 sacriﬁca,
1725 2468 1780 2513 et
1823 2458 2055 2512 liberare
2087 2471 2118 2510 a

532 2557 820 2630 supplicio.
853 2555 906 2610 Is
955 2563 1165 2615 autem,
1202 2551 1422 2606 etiamsi
1459 2551 1540 2604 sic
1586 2548 1992 2612 verberaretur,
2025 2561 2121 2618 pe-

533 2650 691 2706 rinde
723 2664 788 2704 ac
817 2647 862 2702 si
899 2645 1037 2701 nihil
1061 2643 1272 2698 subiret
1310 2641 1627 2704 molestum,
1669 2649 1861 2695 contra
1891 2647 2120 2710 tyranno

533 2742 699 2798 etiam
737 2736 1108 2808 exprobrabat
1139 2732 1675 2797 imbecillitatem,ut
1701 2731 1794 2800 qui
1817 2729 1968 2785 dubii
1999 2744 2123 2800 per-

531 2831 786 2904 plexique
813 2835 962 2884 esset
985 2823 1175 2890 animi,
1203 2831 1258 2878 et
1289 2822 1450 2892 plane
1483 2823 1698 2876 victus:
1733 2830 1791 2876 et
1841 2821 1964 2875 ideo
2012 2834 2124 2874 non

531 2936 693 2976 secus
728 2917 870 2984 acii,
902 2916 994 2987 qui
1025 2923 1154 2971 sunt
1182 2913 1365 2984 pusilli
1409 2921 1464 2968 et
1494 2913 1692 2982 abjecti
1718 2911 1906 2975 animi,
1947 2926 2014 2966 ex
2045 2911 2124 2964 ira

530 3010 762 3065 inferret
819 3006 1171 3077 supplicium.
1224 3001 1435 3057 Deinde
1481 3002 1646 3056 etiam
1693 3000 1928 3055 clariore
1991 3014 2124 3054 voce

533 3107 734 3154 utens:
775 3096 987 3166 Plagas,
1025 3093 1229 3169 inquit,
1263 3107 1385 3163 qua}
1415 3106 1696 3161 nunquam
1751 3091 2032 3148 desinunt,
2065 3094 2123 3141 et

532 3189 748 3245 divinas
775 3201 969 3241 manus
987 3183 1305 3258 experieris,
1328 3182 1475 3254 quod
1497 3196 1564 3236 eo
1587 3180 1679 3250 qui
1728 3189 1780 3234 te
1813 3179 1962 3242 fecit,
1997 3178 2120 3233 reli-

531 3285 646 3344 cto,
665 3276 850 3332 surdis
865 3272 1098 3330 ctmutis
1121 3271 1227 3332 diis
1241 3270 1497 3338 attendis,
1525 3279 1577 3322 et
1600 3267 1744 3338 quod
1770 3277 1852 3322 est
1877 3267 2116 3338 gravius,

535 3369 768 3425 aliorum
800 3365 968 3420 veluti
990 3362 1154 3419 saluti
1185 3361 1438 3418 invidens
1466 3359 1753 3417 contendis
1775 3359 1841 3416 ad
1869 3358 2118 3414 eumdm

539 3461 763 3518 trahere
795 3459 1100 3514 interitum.

608 3552 696 3607 lli.
716 3551 1008 3622 Postquam
1026 3557 1206 3604 autem
1228 3549 1404 3604 visum
1429 3560 1514 3605 est
1537 3549 1850 3620 imperatori
1872 3549 2120 3605 sullieere

537 3643 888 3714 supplicium,
913 3640 1052 3695 ctita
1075 3637 1280 3708 aliquid
1296 3638 1506 3692 remisit
1523 3637 1589 3692 de
1613 3639 1780 3692 nimia
1802 3639 2118 3702 acerbitate,

539 3735 704 3791 tradit
737 3743 1029 3804 martyrem
1073 3730 1300 3798 carceri,
1331 3739 1388 3786 et
1443 3741 1554 3785 tres
1584 3730 1702 3786 dies
1739 3731 1904 3802 jussit
1949 3730 2005 3784 in
2056 3745 2122 3784 eo

537 3842 782 3888 manere,
809 3823 1082 3890 Fortasse,
1121 3823 1332 3888 dicens,
1360 3821 1594 3876 ducetur
1620 3822 1941 3893 pwnitentia
1967 3837 2122 3877 vana:

539 3933 654 3973 suae
680 3915 1013 3986 pertinaciae.
1049 3911 1252 3984 Martyr
1283 3913 1469 3982 itaque
1493 3911 1685 3968 abiens
1721 3913 1778 3966 in
1823 3927 2119 3980 carcerem,

541 4008 808 4080 psallebat
835 4021 849 4057 :
881 4005 1139 4060 Dominus
1169 4002 1297 4056 mihi
1331 4003 1568 4072 adjutor,
1611 4019 1715 4056 non
1753 4002 1940 4056 timebo
1995 4003 2122 4074 quid

541 4099 706 4170 faciat
737 4095 864 4149 mihi
891 4094 1095 4149 homo‘.
1131 4093 1388 4146 Dominus
1428 4093 1557 4166 milii
1611 4092 1850 4158 adiutor,
1902 4109 2008 4146 non
2055 4095 2126 4148 ti-

541 4189 688 4242 mebo
713 4187 838 4259 quid
869 4186 1040 4256 faciat
1065 4185 1191 4239 mihi
1224 4186 1394 4239 caro‘.
1441 4181 1560 4239 Jatn
1593 4191 1776 4239 autem
1809 4185 2125 4256 ingrediens

541 4277 870 4345 custodiam,
910 4277 1013 4343 Qui
1046 4277 1218 4346 pascis
1247 4276 1442 4342 Israel,
1496 4276 1736 4342 dicebat,
1771 4277 2006 4341 attende,
2035 4279 2125 4347 qui

540 4369 754 4426 deducis
779 4377 1034 4442 tanquam
1069 4385 1214 4424 ovem
1247 4365 1462 4437 Ioseph.
1507 4366 1609 4433 Qui
1638 4368 1782 4422 sedes
1814 4384 1970 4438 super
1991 4369 2125 4424 Clie-

2219 1918 2336 1970 ἀλλ’
2388 1918 2590 1981 εὐθέως
2656 1919 2908 1986 ὀργάνοις
2952 1919 3060 1971 τισὶ
3105 1917 3326 1989 χαλκοῖς
3357 1919 3496 1988 πρὸς
3525 1919 3806 1990 τιμωρίαν

2234 2009 2680 2081 ἐξειργασμένοις
2722 2009 2936 2063 κελεύει
2967 2010 3070 2072 τὰς
3097 2011 3354 2078 σιαγόνας
3391 2011 3491 2081 μὲν
3531 2011 3621 2065 τὸν
3655 2011 3806 2082 μάρ-

2229 2119 2367 2171 τυρα
2397 2100 2720 2166 τύπτεσθαι,
2762 2101 2852 2155 τὸν
2876 2102 2933 2156 δὲ
2960 2102 3183 2173 κήρυκα
3209 2103 3437 2155 τοιαῦτα
3473 2103 3770 2172 ἐπιφωνεῖν
3789 2120 3807 2133 ν

2219 2193 2408 2248 Φείδου
2441 2194 2512 2246 τὰ
2543 2193 2715 2246 πολλὰ
2745 2192 3012 2262 γλώττης,
3051 2192 3310 2264 Ἐρμύλε,
3343 2192 3476 2264 τίμα
3508 2194 3599 2247 τὸν
3632 2193 3805 2247 αὐτο-

2226 2286 2494 2355 κράτορα,
2532 2284 2627 2338 θύε
2658 2288 2770 2348 τοῖς
2803 2284 2966 2348 θεοῖς,
2999 2285 3093 2338 καὶ
3133 2285 3482 2340 ἀπαλλάττου
3507 2286 3609 2356 τῆς
3632 2303 3811 2356 τιμω·

2223 2378 2369 2447 ρίας.
2412 2376 2474 2433 '0
2499 2377 2555 2431 δὲ
2581 2379 2677 2432 καὶ
2711 2376 2858 2430 οὕτω
2901 2376 3264 2448 τυπτόμενος,
3321 2376 3514 2450 ὥσπερ
3563 2378 3672 2433 τῶν
3711 2379 3807 2432 λυ-

2221 2465 2470 2521 πούντων
2497 2467 2650 2520 οὐδὲν
2683 2465 3050 2536 ὑφιστάμενος
3072 2507 3087 2531 ,
3121 2466 3435 2520 τούναντίον
3468 2466 3565 2536 μὲν
3589 2461 3682 2519 οῦν
3708 2467 3806 2519 καὶ⁵

2222 2558 2509 2612 ἀσθένειαν
2532 2557 2775 2620 ὠνείδιζε
2805 2555 2883 2628 τῷ
2911 2555 3182 2627 τυράννῳ,
3216 2551 3304 2609 οἶα
3335 2559 3448 2618 τοῖς
3481 2553 3624 2618 ὅλοις
3659 2556 3804 2609 ἀπο-

2227 2650 2472 2722 ρουμένῳ
2515 2651 2613 2703 καὶ
2667 2648 2998 2718 ἡττωμένῳ,
3028 2647 3123 2700 καὶ
3157 2647 3310 2717 παρά
3357 2647 3518 2700 τοῦτο
3565 2649 3679 2710 τοῖς
3715 2665 3805 2716 μι-

2224 2742 2520 2814 κροψύχοις
2540 2743 2742 2812 ὁμοίως
2771 2739 2894 2792 κατ’
2917 2739 3086 2810 ὀργὴν
3105 2739 3368 2806 ἐπάγοντι
3382 2737 3486 2801 τὰς
3510 2737 3804 2808 βασάνους.

2224 2832 2356 2888 Εἶτα
2390 2834 2484 2887 καὶ
2530 2831 2892 2904 λαμπροτέρα
2937 2830 3284 2902 χρησάμενος
3329 2833 3396 2902 τῇ
3431 2833 3584 2901 φωνῇ
3606 2872 3623 2895 ,
3657 2831 3809 2900 Πλη-

2224 2925 2360 2993 γῶν,
2415 2923 2542 2993 ἔφη,
2594 2922 2854 2994 τύραννε,
2907 2921 3018 2974 τῶν
3073 2920 3346 2991 μηδέποτε
3381 2921 3666 2990 ληγουσῶν
3707 2923 3806 2973 καὶ

2226 3015 2384 3069 θείων
2441 3014 2754 3086 πειραθὴσῃ
2809 3013 3032 3084 χειρῶν,
3083 3013 3165 3065 ὅτι
3231 3012 3322 3064 τὸν
3371 3011 3680 3082 ποιήσαντά
3743 3027 3807 3064 σε

2229 3104 2547 3160 καταλιπὼν
2582 3109 2788 3172 κωφοῖς
2845 3105 2940 3156 καὶ
2983 3101 3202 3164 ἀλάλοις
3242 3102 3606 3174 προσανέχεις
3639 3100 3806 3166 θεοῖς,

2225 3196 2404 3252 καὶτὸ
2442 3197 2508 3266 δὴ
2557 3196 2962 3266 χαλεπώτερον,
2999 3195 3084 3248 ὅτι
3111 3195 3344 3257 καὶτοῖς
3395 3193 3577 3258 ἄλλοις
3613 3192 3810 3265 ὥσπερ

2229 3286 2539 3357 βασκαίνων
2567 3287 2667 3354 τῆς
2697 3287 2975 3356 σωτηρίας
3009 3285 3146 3357 πρὸς
3195 3285 3293 3356 τὴν
3341 3286 3464 3356 ῐσην
3525 3285 3809 3340 ἀπώλειαν

2225 3376 2453 3431 ελκῦσαι
2488 3377 2843 3447 φιλονεικεῖς.

2298 3561 2378 3614 r'.
2423 3559 2584 3613 Ἐπεὶ
2634 3558 2692 3613 δὲ
2743 3557 2944 3622 ἱκανῶς
2973 3557 3148 3624 ἔδοξεν
3176 3556 3322 3629 εχειν
3357 3557 3438 3628 τῷ
3488 3557 3698 3628 βασιλεῖ
3733 3541 3852 3610 τί

2223 3653 2324 3722 τῆς
2349 3651 2643 3722 τιμωρίας,
2695 3651 2791 3706 καὶ
2836 3652 2866 3705 ὁ
2923 3649 3095 3720 θυμὸς
3137 3648 3290 3720 αὐτῷ
3329 3649 3431 3720 ἤδη
3466 3649 3568 3721 τῆς
3598 3648 3800 3716 πολλῆς

2226 3742 2558 3814 πικρότητος
2586 3741 2818 3796 ἐνεδίδου
2844 3741 3206 3812 δεσμωτηρίῳ
3238 3743 3330 3794 τὸν
3361 3741 3620 3812 μάρτυρα
3655 3755 3801 3811 παρ-

2225 3835 2420 3898 εδίδου,
2469 3835 2564 3888 καὶ
2593 3836 2674 3900 είς
2720 3834 2912 3906 τρίτην
2945 3836 3004 3888 ὲν
3045 3834 3197 3906 αὗτῷ
3231 3833 3451 3888 ἐκέλευε
3487 3834 3764 3904 διαμένειν
3785 3875 3801 3896 ,

2230 3924 2414 3987 Ἴσως,
2444 3922 2644 3993 λέγων,
2681 3923 2776 3978 atat
2807 3923 3181 3994 μεταμελήσοι
3228 3923 3376 3994 αὐτῷ
3420 3925 3520 3990 τῆς
3568 3923 3810 3992 ματαίας

2225 4017 2552 4080 ὲνστάσεως.
2599 4016 2658 4069 ’0
2717 4017 2928 4089 μάρτυς
2949 4015 3246 4086 τοιγαροῦν
3281 4016 3420 4088 πρὸς
3448 4014 3550 4087 τὴν
3579 4013 3814 4086 εἱρκτὴν

2225 4107 2403 4162 ἀπιὼν
2436 4106 2632 4176 ἔψαλλε
2651 4125 2666 4140 ο
2699 4110 2917 4178 Κύριος
2947 4109 3077 4178 ἐμοὶ
3105 4109 3367 4176 βοηθὸς,
3394 4107 3492 4162 καὶ
3521 4109 3594 4160 οὐ
3624 4108 3812 4176 590613-

2227 4199 2489 4268 θήσομαι
2518 4199 2577 4254 11
2613 4197 2858 4266 ποιήσει
2897 4215 3002 4268 μοι
3045 4198 3362 4268 ἅνθρωπος
3383 4214 3398 4230 ⁸
3427 4197 3645 4264 Κύριος
3675 4197 3812 4265 ἐμοὶ

2221 4290 2471 4357 βοηθὸς,
2495 4290 2594 4344 καί
2623 4292 2698 4345 οὐ
2725 4291 3144 4360 φοϐηθήσομαι
3173 4289 3603 4357 τῖ’ποιιξσειμοι
3624 4287 3810 4356 σάρξ.

2227 4383 2427 4437 Είσιὼν
2477 4385 2535 4436 δὲ
2573 4384 2676 4454 ἤδη
2737 4383 2838 4453 τὴν
2895 4385 3176 4455 φυλακὴν,
3213 4383 3278 4438 '0
3333 4383 3667 4453 ποιμαίνων
3703 4383 3816 4436 τὸν

541 4465 735 4529 rubim,
759 4462 1124 4535 manifestare’
1161 4479 1176 4521 :
1209 4470 1266 4516 et
1293 4461 1417 4516 veni
1445 4460 1514 4514 ad
1538 4475 1638 4515 nos
1665 4461 1984 4516 servandos.
2015 4461 2121 4518 Sed

2240 4475 2502 4544 Ἰσραὴλ,
2527 4473 2702 4544 ἔλεγε,
2734 4477 3003 4545 πρόσχες
3023 4493 3036 4508 ο
3073 4479 3106 4529 ό
3143 4475 3381 4544 ὁδηγῶν
3407 4475 3550 4530 ὡσεὶ
3585 4475 3816 4544 πρόϐα-ο

542 4556 621 4611 sie
649 4555 865 4626 quidem
890 4561 1115 4625 martyr,
1143 4559 1197 4608 et
1228 4551 1306 4606 sic
1337 4567 1458 4621 qua:
1488 4559 1648 4605 erant
1689 4551 1870 4622 gravia
1901 4560 1957 4606 et
2003 4567 2122 4607 mo-

541 4649 701 4710 lesta,
733 4655 957 4717 propter
1003 4645 1284 4701 Christum
1317 4643 1428 4714 pati
1465 4642 1658 4698 voluit.
1719 4642 1972 4699 Christus
2023 4660 2123 4698 au-

546 4749 654 4792 tem
678 4738 952 4810 quomodo
973 4753 1030 4792 se
1051 4735 1275 4791 habuit?
1305 4733 1446 4788 Num
1479 4733 1738 4788 famulum
1764 4735 2130 4806 contempsit?

540 4835 684 4892 Num
740 4837 833 4890 illo
877 4835 1142 4906 patiente,
1195 4834 1436 4904 neglexit
1501 4833 1621 4902 ipse
1666 4835 2126 4889 consolationem?

543 4925 612 4982 Et
640 4926 916 4997 quomodo
940 4926 1102 4980 fuerit
1131 4923 1241 4978 hoc
1269 4921 1441 4978 nostri
1494 4923 1612 4986 Dei,
1661 4924 2126 4996 benignitatisque

543 5029 598 5073 rt
631 5019 956 5084 clementiae,
980 5032 1101 5088 qua:
1151 5030 1372 5072 omnem
1423 5023 1646 5084 superat
1704 5017 2130 5086 cogitationem?

545 5107 664 5164 Non
705 5125 834 5180 ergo
871 5107 1074 5163 defecit
1109 5121 1270 5176 opem
1308 5105 1512 5170 ferens,
1549 5107 1645 5162 sed
1678 5107 1840 5162 etiam
1881 5107 2130 5162 incitavit

545 5199 613 5255 ad
636 5199 804 5252 animi
852 5197 1255 5258 fortitudinem.
1301 5208 1358 5250 et
1397 5197 1464 5252 ad
1501 5212 1628 5252 eum
1673 5197 1926 5268 angelum
1964 5197 2130 5252 mittit

544 5291 976 5358 consolatorem,
1003 5289 1278 5346 dicentem
1307 5304 1320 5342 :
1355 5287 1627 5360 Hermyle,
1659 5299 1778 5345 esto
1826 5290 1970 5345 bono
2007 5289 2128 5344 ani-

543 5396 654 5446 mo,
679 5393 733 5436 et
756 5382 867 5436 noli
901 5383 1092 5436 timere
1123 5398 1136 5432 :
1170 5379 1424 5450 loquere,
1454 5388 1508 5434 et
1527 5380 1640 5434 noli
1688 5389 1890 5434 tacere.
1926 5380 2126 5434 Decer-

547 5482 620 5536 ta,
655 5479 709 5525 et
733 5472 843 5527 noli
877 5473 1092 5528 timere.
1126 5469 1247 5525 Mox
1280 5470 1426 5524 enim
1458 5470 1646 5525 vinces
1673 5471 1886 5542 tyranni
1921 5471 2130 5526 machi-

545 5576 644 5617 nas
672 5573 728 5618 et
775 5567 1006 5634 desuper
1049 5564 1192 5620 feres
1231 5563 1542 5631 praeclaram
1569 5577 1824 5616 coronam
1861 5563 2123 5634 martyrii.

619 5745 632 5776 ‘
672 5744 810 5801 i‘sal.
841 5758 1004 5804 cum.
1029 5743 1084 5796 6.
1163 5744 1180 5772 ²
1213 5739 1354 5797 Psal.
1390 5757 1477 5806 ιγ,
1516 5741 1566 5794 5.
1649 5741 1666 5771 ³
1696 5741 1832 5796 l‘sal.
1864 5739 2116 5802 usuﬁi.

2229 4585 2339 4622 τον
2366 4567 2476 4621 τὸν
2517 4567 2756 4636 Ἰωσὴφ,
2787 4570 2822 4622 ό
2849 4569 3189 4637 καθήμενος
3219 4567 3318 4621 ἐπί
3350 4568 3469 4621 τῶν
3491 4568 3812 4636 Χερουϐὶμ,

2229 4655 2575 4724 ἐπιφάνηθι,
2608 4657 2702 4710 καὶ
2727 4657 2851 4710 ἐλθὲ
2873 4658 2954 4720 είς
2981 4657 3044 4710 τδ
3075 4656 3249 4710 σῶσαι
3284 4659 3453 4726 ἡμᾶς.
3474 4656 3615 4710 Ἀλλ·
3652 4659 3681 4710 ὁ
3711 4657 3815 4726 μὲν

2236 4748 2448 4818 μάρτυς
2499 4746 2692 4810 οὕτως,
2738 4749 2833 4801 καὶ
2885 4747 3028 4801 οὕτω
3073 4746 3145 4799 τὰ
3177 4746 3400 4817 λυπηρά
3449 4748 3681 4817 πάσχειν
3717 4748 3818 4800 διὰ

2231 4837 2470 4906 Χριστὸν
2505 4837 2808 4908 προῄρητο.
2828 4837 2887 4889 '0
2911 4837 2966 4891 δὲ
2998 4838 3240 4908 Χριστὸς
3267 4833 3382 4906 εἶχε
3416 4838 3560 4904 πῶς;
3601 4838 3676 4908 μὴ
3700 4838 3818 4908 ἄρα

2229 4927 2322 4980 τοῦ
2359 4926 2691 5000 θεράποντος
2740 4927 3049 4999 ώλιγώρει;
3109 4929 3184 4999 μὴ
3241 4929 3450 4982 ἐκείνου
3499 4932 3813 5000 πάσχοντος

2232 5017 2395 5078 αὐτὸς
2428 5016 2624 5088 ἠμέλει
2675 5018 2774 5087 τῆς
2818 5018 3256 5090 παρακλήσεως;
3303 5020 3400 5072 καὶ
3447 5020 3563 5083 πῶς
3601 5022 3672 5073 ἂν
3722 5022 3815 5091 εῖη

2229 5106 2391 5162 τοῦτο
2434 5108 2530 5162 τοῦ
2580 5109 2851 5180 ἡμετέρου
2877 5109 3038 5176 Θεοῦ,
3068 5110 3164 5164 καὶ
3193 5110 3295 5179 τῆς
3337 5111 3518 5164 πάντα
3541 5111 3669 5166 νοῦν
3707 5112 3820 5166 ὕπ-

2239 5215 2262 5249 ε
2273 5197 2542 5269 ρεχούσης
2568 5199 3019 5270 φιλανθρωπίας;
3051 5200 3166 5252 Οὐκ
3194 5199 3287 5253 οῦν
3313 5201 3548 5253 ἀπέλιπε
3579 5201 3817 5272 βοηθῶν,

2231 5289 2370 5344 ἀλλά
2405 5289 2542 5360 πρὸς
2573 5291 2798 5362 ἀνδρίαν
2819 5290 3141 5362 διερεθίζων
3169 5286 3260 5362 ἦν,
3282 5293 3378 5346 καὶ
3399 5292 3634 5360 ἄγγελον
3659 5293 3822 5365 αὐτῷ

2234 5381 2585 5452 παράκλητον
2633 5383 2978 5452 ἐπιπέμπει,
3027 5383 3287 5454 Ἐρμύλε,
3317 5383 3567 5450 λέγοντα,
3615 5383 3820 5455 θάρρει

2232 5473 2328 5526 καὶ
2358 5471 2436 5544 μὴ
2473 5471 2663 5543 φοϐοῦ,
2716 5473 2866 5528 λάλει
2897 5475 2993 5528 καὶ
3043 5475 3118 5546 μὴ
3169 5475 3372 5540 σιώπα,
3407 5473 3679 5542 ἀγωνίζου
3719 5478 3822 5530 καὶ

2236 5564 2312 5638 μὴ
2337 5563 2531 5620 δειλία.
2563 5565 2830 5638 Νικήσεις
2885 5569 2996 5639 γὰρ
3045 5567 3170 5622 ὅσον
3218 5565 3374 5623 οὔπω
3415 5567 3516 5632 τάς
3560 5569 3822 5638 μηχανάς
