4144 6400
424 356 538 424 557

1358 336 1529 413 VITA
1564 352 1668 410 ss.
1712 348 2061 410 HERMYLI
2104 351 2199 411 ET
2239 340 2712 414 STRATONlCI.

3576 348 3686 426 658

428 473 529 525 τοῦ
568 467 868 541 τυράννου,
918 466 1017 525 καὶ
1051 465 1434 537 λαμπρότερον
1464 464 1671 520 ἄνωθεν
1711 466 1879 534 κομιῇ
1915 464 2000 517 τοῐ

2119 462 2208 518 Sic
2232 461 2379 518 Deus
2415 474 2589 519 armat
2614 466 2795 535 potius
2826 467 3089 525 adversus
3112 467 3425 541 tyrannum,
3451 477 3541 546 qui
3575 496 3683 532 nun

431 561 739 634 μαρτυρίου
775 558 1066 630 στέφανον.
1104 557 1292 619 Οὕτως
1322 554 1534 620 ὁπλίζει
1569 554 1700 618 Θεὸς
1729 555 1872 608 κατὰ
1910 554 2007 607 τοῦ

427 653 679 723 deducti;
715 651 919 721 μᾶλλον
946 648 1238 721 τυράννου,
1288 645 1430 699 οὕτω
1461 644 1823 716 περιζώννυσι
1852 644 2014 698 δύνα-

428 763 546 815 μιν,
581 742 691 796 καί
725 740 1005 796 διδάσκει
1029 739 1147 808 μὲν
1172 741 1255 804 είς
1292 739 1562 806 πόλεμον
1585 737 1809 805 χεῖρας,
1833 735 2013 801 τόξον

424 836 497 890 δὲ
526 835 809 903 χαλκοῦν
847 834 1048 899 τίθησι
1106 831 1248 896 τοὺς
1297 830 1653 898 βραχίονας,
1703 828 1803 882 καί
1834 831 2012 895 ὑπερ-

424 927 750 995 ασπισμὸν
781 923 993 978 δίδωσι
1016 924 1338 991 σωτηρίας.

496 1024 574 1073 Δ’.
602 1017 761 1072 Μετὰ
801 1017 932 1083 γοῦν
956 1016 1055 1086 τὴν
1085 1016 1278 1085 τρίτην
1304 1016 1541 1087 ἡμέραν,
1576 1016 1821 1087 βήματος
1854 1012 2011 1076 αὖθις

425 1111 791 1181 προτεθέντος
816 1108 894 1179 τῷ
929 1109 1180 1177 Λικινίῳ,
1203 1108 1300 1161 τὸν
1328 1108 1471 1163 θεῖον
1512 1107 1777 1178 Ἑρμύλον
1810 1108 2011 1160 αὐτίκα

426 1199 957 1269 παραστησάμενος,
977 1199 1049 1251 Ἤ
1079 1215 1184 1252 που
1230 1197 1334 1251 κᾶν
1368 1200 1496 1269 ἄρτι
1525 1198 1686 1252 θῦσαι
1719 1202 1834 1262 τοῖς
1867 1199 2010 1260 θεοῖς

427 1294 700 1360 ἔγνωκας,
737 1290 930 1359 φησὶν,
958 1292 1053 1343 καί
1085 1289 1197 1343 τῶν
1252 1291 1621 1361 ἐπικειμένων
1656 1291 1858 1358 φόὸων,
1900 1292 2008 1342 τῶν

429 1382 692 1445 ἀπειλῶν,
724 1381 837 1435 τῶν
867 1380 1132 1436 κινδύνων
1164 1382 1587 1453 ἁπαλλαγῆναι;
1621 1383 1653 1454 ἢ
1695 1386 1836 1439 κατὰ
1871 1401 2008 1453 κρη-

435 1475 570 1542 tuo?»
602 1472 743 1546 φέρῃ
774 1472 875 1527 καὶ
898 1473 1013 1538 Eu;
1047 1473 1141 1526 καὶ
1168 1473 1204 1542 ἡ
1231 1474 1370 1544 αὐτή
1405 1490 1466 1526 σε
1492 1473 1656 1528 πάλιν
1685 1468 1836 1529 εἷλεν
1861 1475 1999 1528 ἀπό-

437 1582 592 1629 ·δηιας
635 1564 766 1634 πρὸς
817 1561 994 1617 ταῦτα
1030 1564 1181 1633 μάλα
1228 1564 1491 1632 γενναίως
1546 1566 1576 1618 6
1624 1565 1718 1618 τοῦ
1768 1564 2004 1636 Χριστοῦ

446 1655 774 1724 στρατιώτης
802 1654 903 1709 καὶ
932 1654 1087 1719 ἄξιος
1103 1654 1197 1707 τοῦ
1231 1655 1412 1718 καλῶς
1432 1656 1643 1709 ἐκεῖνον
1660 1654 2003 1717 δπλίσαντος

444 1745 589 1808 ἅπαξ
614 1736 955 1816 ἀπειπάμην,
994 1746 1121 1816 ἔφη,
1160 1745 1404 1816 βασιλεῦ,
1436 1747 1531 1801 καὶ
1573 1747 1680 1819 χρὴ
1727 1749 1839 1810 τοῖς
1870 1765 2004 1818 προ-

2113 563 2354 623 apparet.
2394 555 2486 611 Sic
2510 558 2746 628 accingit
2772 560 2967 616 virtute
2991 571 3047 617 et
3069 563 3216 617 docet
3253 565 3460 634 quidem
3480 584 3688 645 manus

2114 646 2182 698 ad
2208 645 2419 709 bellum,
2445 647 2538 700 dat
2570 664 2751 702 arcum
2790 660 2965 705 autem
2994 670 3195 708 (meum
3239 658 3423 723 :ponit
3471 659 3684 715 brachia

2114 750 2161 794 et
2193 739 2430 810 clypeum
2452 743 2641 795 salutis
2663 744 2699 794 ⁵.

2186 992 2271 1066 Ν.
2300 1013 2426 1068 Post
2463 1014 2680 1069 tertium
2704 1006 2851 1071 certe
2872 1000 3036 1084 diem,
3065 1035 3188 1075 cum
3226 1022 3465 1080 tribunal
3495 1034 3685 1083 ascen-

2113 1101 2282 1184 disset
2329 1102 2592 1168 Licinius,
2642 1104 2894 1174 protinus
2925 1108 3110 1163 divino
3142 1112 3376 1169 adducto
3409 1116 3681 1191 Hermylo:

2112 1180 2258 1269 Num
2297 1193 2478 1257 modo,
2526 1194 2719 1264 inquit.
2770 1198 3006 1252 statuisti
3041 1198 3145 1254 diis
3183 1204 3506 1272 sacriﬁcare,
3539 1180 3595 1263 et
3619 1212 3687 1262 ab

2116 1279 2892 1364 imminentibusterroribus,
2934 1289 3207 1359 minisque
3236 1304 3290 1348 et
3324 1296 3584 1364 periculis
3617 1299 3685 1352 li—

2110 1370 2291 1425 berari
2324 1372 2346 1423 ?
2376 1372 2459 1426 An
2499 1361 2699 1439 adhuc,
2732 1376 2928 1446 inquit,
2967 1378 3128 1436 ferris
3155 1398 3252 1449 per
3284 1361 3679 1457 prcecipitiutn,

2110 1474 2164 1516 et
2189 1464 2381 1518 eadem
2406 1478 2594 1520 rursus
2628 1475 2681 1520 te
2726 1468 2870 1536 cepit
2905 1472 3140 1525 amentia
3170 1472 3194 1525 ?
3222 1476 3302 1530 Ad
3330 1464 3447 1532 haec
3472 1476 3685 1535 fortiter

2110 1554 2401 1641 admodum
2450 1542 2650 1611 Christi
2687 1546 2863 1624 miles,
2912 1570 2970 1639 ct
2996 1576 3097 1631 pro
3126 1563 3389 1634 dignitate
3416 1571 3557 1638 ejus.
3589 1578 3682 1642 qui

2068 1715 2084 1729 .
2109 1633 2260 1698 illum
2300 1656 2605 1703 armaverat
2633 1666 2646 1702 :
2676 1648 2879 1714 Semel,
2910 1636 3109 1723 inquit,
3157 1633 3266 1710 dixi
3301 1659 3417 1719 tibi.
3445 1633 3487 1717 ἶ)
3513 1633 3684 1733 impe-

2110 1732 2277 1800 rator,
2309 1748 2365 1791 et
2392 1747 2607 1807 oportet
2661 1750 2977 1797 contentum
3034 1744 3327 1814 prioribus.
3367 1751 3436 1806 de
3486 1732 3680 1809 iisdem

432 1840 615 1908 τέρας
643 1839 945 1903 στέρξαντα
971 1840 1173 1909 μηκέτι
1205 1839 1337 1910 περὶ
1360 1840 1468 1893 τῶν
1489 1840 1672 1895 αὐτῶν
1701 1838 1856 1903 αὖθις
1880 1840 2000 1892 ἁνας

2110 1839 2219 1878 non
2253 1840 2475 1881 movere
2516 1828 2772 1898 amplius.
2800 1831 2894 1886 Est
2920 1835 3067 1888 enim
3102 1836 3236 1892 mihi
3271 1838 3414 1895 Deus
3441 1842 3495 1896 in
3529 1840 3682 1901 einlis

429 1932 622 1981 κινεῖν.
662 1930 819 1983 Ἐστι
851 1930 962 2001 γάρ
996 1946 1088 1998 μοι
1112 1930 1246 1993 Θεὸς
1272 1934 1329 1982 ἐν
1356 1930 1592 2001 οὐρανῷ,
1637 1924 1683 2000 ᾧ
1711 1932 1810 1996 ζῶ,
1841 1932 1938 1984 καὶ
1960 1925 2004 1998 ᾧ

426 2020 493 2073 ὒῦ
502 2036 577 2088 μα
601 2024 980 2089 προσαγαγεῖν
1013 2022 1252 2090 ἐμαυτὸν
1279 2022 1356 2084 ὡς
1377 2024 1542 2092 τάχος
1571 2024 1885 2093 ἐπείγομαι,
1909 2026 2004 2077 καὶ

426 2116 561 2181 παρ’
590 2109 651 2167 οὗ
680 2115 948 2184 μεγίστην
972 2114 1125 2184 ἥξειν
1158 2132 1250 2184 μοι
1278 2115 1566 2186 προσδοκῶ
1596 2115 1696 2186 τὴν
1726 2116 1998 2186 βοήθειαν.

422 2203 639 2256 Οὐκοῦν
676 2206 793 2268 ἴδω,
823 2206 991 2275 φησὶν
1039 2208 1068 2258 6
1120 2205 1394 2273 βασιλεὺς,
1440 2208 1489 2259 εί
1514 2209 1545 2260 ὁ
1570 2207 1695 2271 τοὺς
1739 2208 2003 2277 οὐρανοὶς

422 2294 592 2348 οἰκῶν
621 2289 777 2359 οὗτος
809 2298 962 2350 ἔσται
996 2314 1079 2349 σοι
1116 2297 1331 2368 βοηθός.
1383 2299 1494 2352 Καὶ
1524 2299 1724 2352 αὐτίκα
1755 2300 1999 2360 ἐκέλευε.

422 2389 521 2441 καὶ
552 2388 746 2457 attigs;
772 2389 832 2455 ἒξ
862 2391 923 2442 τὸ
954 2389 1386 2459 κεκελευσμένον
1411 2391 1779 2461 ἁρπάσαντες,
1809 2392 2002 2464 ἄνδρες

420 2479 707 2547 ῥωμαλέοι
737 2479 833 2541 τὰς
865 2482 1075 2549 χεῖρας,
1111 2481 1341 2550 ἀπηνεῖς
1374 2479 1475 2551 τὴν
1510 2480 1712 2551 ψυχὴν,
1742 2484 1924 2550 φόνιόν
1949 2502 2001 2537 τι

421 2571 521 2622 καὶ
549 2571 779 2639 μανικὸν
806 2573 1083 2635 πνέοντες,
1114 2572 1257 2625 κατὰ
1287 2573 1389 2641 γῆς
1438 2572 1528 2625 τὸν
1586 2574 1840 2645 μάρτυρα
1882 2575 1999 2629 δια-

419 2662 737 2727 τείναντες,
773 2662 988 2732 ῥάϐδοις
1038 2662 1228 2733 ἡκιζον
1259 2662 1581 2731 ὠμοτάτως.
1631 2665 1860 2719 Ἐκεῖνοι
1902 2667 2000 2735 μὲν

419 2750 519 2807 οὖν
554 2750 728 2815 οὕτως
773 2753 992 2807 ἐποίουν
1023 2752 1251 2825 φθαρτῷ
1297 2752 1508 2823 βασιλεῖ
1551 2754 1649 2826 τὴν
1696 2756 1999 2826 θεραπείαν

420 2845 821 2914 προσάγοντες,
879 2845 908 2896 ὁ
938 2844 1151 2915 μάρτυς
1198 2828 1452 2916 καθάπερ
1494 2845 1647 2898 οὐδὲν
1686 2845 1826 2916 ἔχων
1863 2848 1999 2917 πρὸς

415 2937 521 3006 τὴν
548 2935 695 2990 οὕτω
718 2937 1034 3006 πάσχουσαν
1061 2935 1408 3006 σάρκα,οΰτε
1439 2937 1545 3008 μὴν
1572 2938 1867 3009 λαμὸάνων
1889 2940 1997 2992 τῶν

418 3029 626 3082 ὀδυνῶν
684 3028 957 3098 αἴσθησιν,
1011 3027 1186 3093 ἀδεῶς
1237 3028 1380 3082 πάνυ
1411 3032 1506 3084 καὶ
1531 3029 1814 3100 ἠρεμαίως
1862 3031 1995 3103 εὖχῇ

420 3121 772 3192 προσέκειτο.
799 3121 895 3175 καὶ
929 3121 1049 3192 6εῷ
1081 3123 1390 3192 προσεῖχεν.
1421 3121 1485 3174 Ἦ
1513 3120 1569 3174 δὲ
1600 3122 1734 3192 εὐχὴ
1771 3116 1841 3192 ἦν
1860 3138 1875 3152 ο

493 3213 570 3268 Ε’.
616 3215 788 3282 Κύριε
835 3215 865 3266 ὁ
910 3214 1043 3277 Θεὸς
1080 3230 1205 3283 μου,
1253 3214 1282 3265 ὁ
1328 3213 1396 3265 δι’
1427 3213 1529 3282 ἐμὲ
1584 3214 1855 3283 μάστιγας
1905 3215 1998 3267 ἐπὶ

416 3306 651 3361 Ποντίου
690 3306 923 3359 Πιλάτου
960 3306 1055 3361 καὶ
1094 3305 1308 3375 πληγὰς
1337 3305 1663 3372 ὑπομείνας,
1713 3306 1877 3369 αὐτὸς
1910 3305 1998 3360 διὰ

418 3402 482 3454 σὲ
548 3400 715 3453 πάλιν
766 3401 867 3467 ἐμὲ
915 3400 1216 3469 πάσχοντα,
1266 3402 1360 3453 τὸν
1416 3400 1664 3471 παρόντα
1709 3397 1996 3452 τελειῶσαι

415 3494 623 3564 δρόμον
659 3492 977 3561 ἐνίσχυσον·
1017 3492 1094 3556 ὡς
1141 3491 1209 3546 ἂν
1252 3495 1590 3562 κοινωνήσας
1635 3509 1730 3545 σου
1760 3491 1854 3545 τοῦ
1892 3491 1996 3546 πά-

417 3583 569 3648 θους,
606 3583 825 3649 ἁξιωθῶ
855 3584 1113 3646 κοινωνὸς
1146 3583 1403 3651 γενέσθαι
1431 3584 1645 3655 καὶτῆς
1676 3584 1997 3654 λαμπρότη-

421 3692 535 3739 τος.
554 3678 667 3731 Καὶ
695 3675 924 3746 τοιαύτη
952 3676 1050 3745 μὲν
1069 3678 1102 3746 ἡ
1128 3678 1285 3746 εὐχὴ,
1316 3676 1470 3746 φωνὴ
1490 3676 1547 3729 δέ
1573 3676 1735 3739 εὐθὺς
1765 3675 1997 3743 ⁴ἠκούετο

422 3764 663 3818 ἄνωθενο
731 3765 927 3836 Ἀμὴν,
983 3767 1154 3836 ἀμὴν,
1222 3765 1480 3835 Ἐρμύλε,
1536 3766 1793 3833 λέγουσα,
1856 3768 1996 3836 μετὰ

430 3858 579 3923 τρεῖς
616 3855 819 3920 ταύτας
855 3856 1103 3927 ἡμέρας,
1145 3856 1509 3928 ἀπαλλαγήσῃ
1561 3858 1662 3927 μὲν
1693 3857 1802 3910 τῶν
1854 3875 1996 3928 παρα

434 3944 602 3997 ὄντων
624 3946 1136 4018 ἁνιαρῶν,δαψιλεῖς
1157 3949 1217 4003 δὲ
1240 3948 1370 4018 παρ’
1393 3947 1529 4018 ἐμοῦ
1561 3949 1658 4002 καὶ
1678 3948 1995 4017 φιλοτίμους

432 4036 575 4109 λήψῃ
604 4038 706 4091 τῶν
733 4040 912 4093 πόνων
942 4043 1042 4103 τὰς
1089 4041 1346 4109 ἀμοιϐάς.
1397 4040 1509 4094 Καὶ
1544 4041 1577 4111 ἡ
1614 4040 1767 4109 φωνὴ
1796 4041 1995 4110 θάρμος

426 4129 527 4197 μὲν
552 4129 683 4181 πολὺ
709 4130 785 4199 τῷ
809 4131 1050 4202 μάρτυρι
1080 4132 1175 4184 καὶ
1191 4131 1416 4201 ἀνδρίαν
1440 4130 1630 4201 ἐνῆκε,
1648 4133 1759 4192 τοῖς
1778 4132 1995 4200 δημίοις
2059 4188 2071 4198 ,

419 4222 473 4275 δὲ
508 4223 682 4276 δεινὸν
718 4225 970 4278 ἐπέσεισε
1005 4224 1192 4293 φόϐον,
1220 4226 1314 4277 καὶ
1340 4224 1482 4295 πρὸς
1513 4225 1619 4294 γῆν
1651 4224 1838 4296 ἀθρόοι
1864 4241 1996 4277 κατ-

413 4317 729 4385 ενεχθέντες
765 4318 1066 4388 ὑπότρομοι
1099 4318 1300 4378 πάντες
1323 4310 1488 4387 ἦσαν,
1542 4316 1651 4370 οὐδ’
1685 4316 1853 4371 αὐτοῦ
1896 4314 1995 4385 βα-

413 4407 609 4469 σιλέως
670 4409 767 4461 καὶ
822 4408 933 4462 τῶν
987 4407 1168 4461 ἄλλων
1227 4406 1564 4476 φεισαμένου
1609 4406 1705 4461 τοῦ
1763 4407 1990 4473 πάθους,

2108 1917 2194 1969 cui
2221 1917 2323 1971 soli
2353 1917 2502 1981 vivo,
2531 1930 2585 1974 et
2613 1922 2700 1975 cui
2732 1938 2857 1978 mox
2890 1940 2977 1979 me
3008 1926 3184 1995 ipsum
3217 1924 3452 1988 hostiam
3484 1936 3681 1991 ollcrt'e

2108 2022 2340 2076 propero
2374 2025 2388 2063 :
2416 2018 2472 2062 et
2493 2026 2522 2064 a
2555 2027 2662 2079 quo
2693 2027 2854 2082 spero
2882 2006 3177 2074 maximum
3210 2026 3500 2078 venturum
3536 2013 3682 2081 auai-

2106 2098 2260 2153 lium.
2293 2086 2514 2155 Videam
2539 2118 2689 2175 ergo,
2719 2105 2895 2176 inquit
2923 2107 3239 2179 imperator,
3268 2130 3334 2168 an
3369 2114 3433 2180 is,
3459 2118 3548 2187 qui
3575 2135 3682 2174 ca.“

2105 2187 2185 2242 los
2218 2184 2447 2249 habitat.
2473 2191 2605 2246 satis
2631 2194 2727 2249 tibi
2756 2196 2947 2253 anei-et
2976 2190 3183 2256 auxilii.
3226 2184 3534 2277 Statimque
3559 2209 3681 2279 jus-

2103 2279 2197 2342 sit,
2220 2288 2276 2335 et
2295 2281 2397 2336 viri
2427 2297 2524 2337 sex
2546 2286 2769 2354 raptim,
2790 2291 2933 2358 quod
2950 2292 3090 2361 jussi
3117 2293 3352 2362 fuerant,
3379 2312 3681 2371 exsequen-

2107 2376 2218 2435 tes,
2239 2374 2345 2428 viri
2371 2375 2628 2432 manibus
2651 2374 2881 2448 robuSti,
2915 2378 3156 2442 immites
3190 2397 3246 2443 et
3287 2392 3536 2448 crudeles
3563 2397 3682 2450 ani-

2104 2464 2214 2529 t‘no,
2248 2463 2451 2520 eadem
2478 2461 2535 2521 et
2565 2467 2805 2525 furorem
2865 2474 3159 2543 spirantes,
3192 2494 3316 2534 cum
3347 2482 3500 2538 humi
3534 2500 3681 2542 mat--

2106 2554 2274 2626 tyrem
2310 2558 2705 2629 extendissent,
2746 2565 2931 2637 Virgis
2955 2556 3238 2627 caedebant
3283 2563 3675 2636 crudelissime.

2101 2646 2278 2737 Atque
2302 2644 2379 2702 illi
2413 2650 2633 2719 quidem
2676 2654 2755 2710 sic
2781 2643 3071 2724 faciebant,
3129 2665 3346 2718 mortali
3400 2668 3513 2737 regi
3559 2685 3679 2724 ser-

2100 2736 2223 2791 vien
2232 2747 2329 2794 tes.
2350 2737 2552 2810 Martyr
2566 2752 2746 2798 autem
2762 2746 2987 2814 perinde
3004 2764 3068 2803 ac
3079 2749 3122 2803 si
3138 2751 3271 2807 nihil
3289 2736 3516 2812 haberet
3530 2773 3681 2815 com-

2102 2832 2267 2884 ‘mune
2296 2845 2421 2885 cum
2450 2843 2635 2899 carne,
2663 2852 2784 2907 quae
2829 2837 2908 2893 sic
2936 2841 3264 2909 patiebatur,
3305 2861 3485 2918 neque
3528 2849 3679 2906 dolo-

2103 2932 2222 2972 rum
2259 2919 2429 2975 ullum
2478 2936 2703 2979 sensum
2763 2938 3008 2996 caperet,
3060 2930 3244 3000 quiete
3295 2941 3681 3006 perseverabat

2103 3009 2157 3063 in
2200 3013 2469 3081 oratione,
2527 3026 2581 3071 et
2636 3018 2750 3075 Deo
2802 3022 3137 3079 attendebat.
3184 3018 3312 3085 Haec
3346 3040 3526 3087 autem
3558 3048 3680 3090 erat

2103 3101 2306 3155 oratio:

2176 3197 2237 3251 ν.
2283 3197 2511 3256 Domine
2537 3203 2679 3260 Deus
2709 3223 2883 3274 meus,
2917 3209 3009 3281 qui
3042 3221 3265 3284 propter
3287 3233 3375 3273 me
3402 3220 3504 3274 sub
3534 3221 3677 3277 Pon-

2102 3289 2177 3344 tio
2216 3289 2387 3347 Pilato
2417 3291 2624 3366 ﬂagella
2661 3306 2716 3353 et
2754 3300 2936 3372 plagas
2962 3303 3229 3371 tolerasti,
3279 3308 3395 3379 ipse
3437 3327 3524 3368 me
3553 3330 3677 3368 rut-:-

2100 3396 2195 3436 sus
2250 3395 2470 3454 prOpter
2498 3397 2549 3442 te
2577 3384 2875 3459 patientem
2906 3395 3189 3463 conﬁrma,
3222 3408 3283 3453 ut
3313 3404 3516 3470 possim
3548 3423 3677 3461 cura

2099 3474 2219 3528 sum
2246 3488 2568 3545 prtcsentem
2598 3484 2881 3552 perﬁcere,
2905 3480 2965 3541 ut
2990 3503 3115 3543 eum
3140 3491 3323 3547 socius
3361 3493 3519 3552 fuero
3546 3504 3675 3568 pet-‘-

2099 3568 2386 3636 pessionis,
2422 3571 2618 3643 dignus
2659 3590 2879 3645 quoque
2930 3579 3054 3646 sim,
3093 3583 3187 3650 qui
3221 3582 3529 3651 splendoris
3562 3591 3675 3645 elli-

2098 3659 2212 3713 ciar
2240 3660 2442 3716 socius.
2463 3663 2529 3717 Et
2549 3651 2677 3719 talis
2695 3667 2912 3736 quidem
2945 3667 3046 3723 fuit
3074 3672 3193 3738 ejus
3214 3674 3405 3731 oratio.
3440 3661 3553 3734 Vox
3577 3698 3676 3735 au-

2100 3759 2205 3803 tem
2266 3751 2516 3820 protinus
2542 3741 2725 3810 audita
2777 3764 2863 3811 est
2908 3758 3163 3829 desuper,
3212 3762 3399 3821 dicens
3434 3767 3671 3835 :Amen,

2097 3840 2290 3908 Amen,
2310 3840 2582 3915 Hermyle,
2613 3856 2755 3933 post.
2771 3856 2881 3904 tres
2904 3838 3351 3913 diesliberaberis
3372 3874 3403 3914 a
3433 3876 3674 3930 prmscn-

2097 3932 2241 3988 tibus
2261 3934 2525 3990 molestiis
2551 3954 2567 3990 :
2596 3932 2884 4007 praeclaras
2907 3950 3086 3996 autem
3110 3942 3166 3998 et
3188 3948 3502 4016 magniﬁcas
3525 3957 3671 4010 acci-

2095 4024 2212 4094 pies
2250 4026 2601 4095 praesentium
2649 4029 2895 4085 laborum
2943 4034 3430 4097 reinunerationes.
3467 4044 3535 4101 Et
3570 4064 3672 4103 vox

2096 4116 2315 4186 quidem
2356 4109 2577 4189 martyri
2605 4135 2854 4191 magnam
2893 4118 3072 4179 attulit
3096 4126 3381 4185 audaciam
3411 4141 3467 4188 et
3498 4136 3670 4192 animi

2097 4200 2467 4263 fortitudinem
2497 4228 2510 4263 :
2546 4208 2831 4268 lictoribus
2852 4224 3034 4271 autem
3066 4233 3317 4291 magnum
3345 4224 3573 4284 incussit
3609 4231 3675 4285 ti.

2097 4314 2305 4354 morem
2343 4315 2357 4352 :
2391 4301 2689 4373 omnesque
2718 4316 2941 4375 repente
2975 4307 3031 4362 in
3063 4318 3264 4368 terram
3303 4317 3670 4385 procidentes.

2099 4386 2402 4445 tremebant
2433 4385 2489 4446 et
2515 4395 2879 4479 trepidabant,
2902 4398 3040 4455 adeo
3074 4410 3133 4456 ut
3166 4418 3267 4459 nec
3286 4404 3401 4475 ipse
3432 4408 3671 4479 impera-

405 4498 551 4552 ἀλλὰ
579 4499 791 4563 πάντας
833 4499 1031 4571 ἐπίσης
1073 4498 1211 4570 ὁμοῦ
1261 4500 1539 4562 διαθέντος
1566 4540 1580 4565 ,
1633 4500 1738 4554 κᾶν
1782 4501 1990 4563 ἐκεῖνος

2101 4491 2205 4549 tor,
2228 4499 2329 4539 nec
2357 4484 2451 4539 ulli
2491 4487 2583 4541 alii
2611 4486 2813 4544 fuerint
2842 4490 3115 4548 immunes
3139 4495 3208 4550 ab
3232 4496 3400 4552 animi
3444 4509 3667 4569 pertur-

405 4590 748 4659 τυφλώττων
776 4594 882 4647 ὑπὸ
912 4596 1011 4664 τῆς
1048 4592 1332 4656 εὐσεϐείας
1362 4595 1459 4647 καὶ
1495 4592 1777 4663 βαρύτατα
1813 4611 1993 4664 μεμη-

2101 4577 2334 4641 hatione,
2365 4578 2461 4634 sed
2493 4595 2686 4636 omnes
2720 4596 2789 4637 ex
2803 4596 2960 4652 aequo
2993 4585 3129 4640 moti
3162 4585 3369 4642 fuerint
3401 4607 3415 4642 :
3449 4591 3666 4648 etiamsi

402 4685 518 4748 νὼς
538 4687 642 4740 οὐκ
672 4685 952 4758 ἠϐουλήθη
986 4687 1229 4741 συνιέναι
1255 4687 1351 4739 τοῦ
1380 4684 1702 4754 άγαθοῦναι,
1729 4686 1852 4739 οὐδὲ
1886 4704 1989 4739 κα-

2101 4671 2179 4726 ille
2213 4689 2325 4743 prie
2354 4673 2634 4744 impietate
2677 4677 2970 4733 caecutiens
3010 4687 3067 4734 et
3099 4681 3423 4751 gravissime
3456 4685 3666 4751 furens,

402 4780 510 4849 κίᾳ
569 4777 941 4848 προσώχθισε,
995 4779 1057 4832 τὸ
1100 4777 1197 4831 τοῦ
1250 4777 1397 4831 θείου
1444 4775 1609 4830 Δαύὶδ
1641 4777 1829 4844 φάναι,
1870 4777 1993 4830 ούδέ

2101 4761 2330 4817 uoluerit
2358 4764 2661 4834 intelligere
2682 4773 2742 4818 ut
2764 4765 2907 4821 bene
2947 4780 3170 4838 ageret;
3218 4785 3320 4828 nec
3369 4773 3559 4830 vitium
3585 4787 3672 4833 est

402 4871 621 4942 μικράν
652 4887 776 4925 τινα
805 4871 901 4924 τοῦ
946 4870 1120 4924 ταῦτα
1150 4868 1697 4941 θαυματουργοῦντος
1724 4868 1863 4922 Θεοῦ
1898 4869 1993 4921 λσ-

2101 4862 2402 4919 aversatus,
2432 4862 2491 4908 ut
2518 4853 2694 4909 dicam
2719 4870 2845 4910 cum
2869 4856 3054 4914 divino
3073 4860 3301 4917 Davide'
3325 4881 3339 4930 ;
3383 4879 3487 4920 nec
3502 4866 3668 4922 ullam

398 4962 527 5014 δεῖν
562 4961 791 5027 ἔννοιαν,
834 4961 974 5017 ἀλλὰ
1026 4962 1243 5032 φυλακῇ
1304 4960 1401 5014 καὶ¹
1442 4956 1599 5025 αὖθις
1630 4959 1860 5028 ζοφώδει
1892 4961 1986 5012 καὶ

2101 4946 2223 5017 :jus,
2248 4946 2341 5016 qui
2366 4946 2485 5001 haec
2511 4946 2745 5002 faciebat
2776 4947 3063 5017 miracula,
3090 4952 3177 5007 vel
3206 4953 3488 5011 minimam
3511 4973 3669 5016 acce-

400 5053 664 5123 άλαμπεῖ
686 5052 777 5106 τὸν
815 5054 1075 5126 μάρτυρα
1107 5052 1424 5125 παρεδίδου.

2101 5038 2229 5106 ρει-ὴ
2255 5035 2503 5091 notitiam
2539 5053 2552 5088 :
2580 5034 2678 5091 sed
2712 5037 2765 5091 in
2791 5053 3068 5096 carcerem
3091 5058 3284 5099 rursus
3303 5045 3597 5105 obscurum
3613 5061 3672 5107 et

2087 5130 2488 5185 tenebricosum
2511 5128 2760 5200 lucisque
2779 5140 3056 5203 expertem
3086 5135 3311 5193 tradidit
3347 5151 3665 5214 martyrem.

478 5235 559 5292 ς’.
605 5229 751 5299 Πλὴν
780 5229 915 5283 ἀλλὰ.
952 5227 1355 5301 προσέχειντῷ
1387 5227 1531 5297 λόγῳ
1582 5230 1848 5299 προσήκει
1899 5227 1990 5279 τὸν

394 5319 555 5384 νοῦν,
583 5320 675 5373 καὶ
700 5322 798 5391 τῆς
824 5320 920 5373 τοῦ
946 5319 1084 5373 Θεοῦ
1112 5320 1303 5388 σοφίας
1322 5319 1384 5371 τὸ
1409 5319 1724 5392 ἀπόρρητον
1754 5320 1981 5373 ἐννοεῖν.

398 5411 610 5465 Ἔνθεν
625 5410 733 5483 γὰρ
758 5412 852 5465 καὶ
876 5411 1185 5483 προκύπτει
1210 5411 1270 5463 τὸ
1298 5411 1394 5463 τοῦ
1417 5410 1577 5478 λόγου
1601 5411 1982 5482 χαριέστατον,

395 5499 506 5554 καὶ
554 5501 853 5557 συνάπτειν
897 5502 1026 5572 ἥκει
1070 5499 1149 5571 τῷ
1183 5498 1390 5571 ἀθλητῇ
1421 5499 1511 5553 τὸν
1551 5499 1983 5569 συστρατιώτην.

410 5591 479 5645 '0
504 5591 615 5663 γάρ
669 5609 754 5648 τοι
810 5593 905 5647 τὸν
939 5589 1095 5662 ἅγιον
1158 5591 1472 5654 πιστευθεὶς
1520 5590 1770 5663 φυλακῆς
1799 5590 1984 5659 ἕνεκα,

482 5780 503 5809 ³
534 5779 823 5850 Psal.xvii,
859 5778 1079 5846 55,456.
1156 5776 1177 5808 '
1208 5775 1349 5832 Psal.
1404 5792 1565 5842 xxxv,
1602 5777 1652 5830 5.

2164 5221 2248 5277 Vl.
2277 5222 2388 5278 Sed
2412 5231 2652 5279 mentem
2675 5224 2938 5281 adhibere
2967 5237 3185 5298 oportet
3205 5231 3468 5299 orationi,
3491 5244 3548 5289 et
3571 5235 3667 5291 Dei

2093 5314 2374 5386 sapientiae
2405 5330 2663 5371 arcanum
2696 5316 3019 5389 intelligere.
3065 5319 3208 5377 Hinc
3233 5322 3382 5378 enim
3416 5324 3669 5394 proﬁcis-

2093 5407 2236 5462 citur
2263 5407 2339 5470 id,
2378 5408 2524 5476 quod
2571 5419 2656 5463 est
2705 5409 2970 5466 orationis
2995 5411 3477 5482 iucundissimum.
3506 5425 3564 5472 et
3586 5425 3673 5473 est

2093 5500 2311 5557 athletae
2335 5502 2756 5571 conjuncturum
2785 5505 3227 5563 commilitonem.
3281 5507 3333 5563 ls
3378 5509 3550 5578 enim,
3577 5513 3669 5568 cui

2097 5593 2152 5649 in
2181 5591 2483 5649 custodiam
2505 5591 2686 5648 fuerat
2714 5603 2936 5651 sanctus
2966 5597 3226 5666 creditus,
3272 5608 3327 5655 et
3353 5598 3446 5669 qui
3476 5610 3671 5661 curati.

3521 5741 3543 5781 Ι
