4144 6432
528 369 636 434 55)
1745 370 2030 433 MENSIS
2068 371 2102 431 J
2108 368 2208 430 AN
2217 369 2532 434 BARIUS.
3686 378 3799 445 560

527 482 748 555 gerebat
774 480 1013 545 caeteris,
1062 486 1180 535 erat
1205 478 1252 534 ei
1283 479 1439 535 valde
1469 480 1677 539 amicus
1722 492 1778 538 et
1810 482 2093 538 familiaris

2222 480 2441 550 καὶτῆς
2477 481 2603 552 περὶ
2661 483 2722 535 τὸ
2773 482 3149 555 δεσμωτήριον
3202 483 3527 554 ἀσφαλείας,
3583 486 3644 540 ὲν
3681 492 3798 551 τοῖς

525 576 661 643 Quis
691 575 782 630 hic
809 572 926 628 est?
949 571 1293 627 Stratonicus
1313 571 1405 627 ille
1434 573 1674 643 sapiens,
1700 576 1792 647 qui
1824 576 2094 631 videbatur

2218 570 2453 641 μάλιστα
2513 573 2667 639 φίλος
2698 568 2768 645 ἦν
2810 573 2961 644 αὐτῷ
3019 575 3113 628 καὶ
3170 574 3429 647 συνήθης.
3473 575 3573 642 Τίς
3598 570 3794 645 οὗτος’;

525 667 746 739 quidem
767 662 1305 734 eadem‘sentireqna:
1316 663 1548 727 amicus,
1569 673 1623 719 et
1643 680 1763 720 esse
1781 667 1832 719 in
1849 666 2094 737 religione

2213 661 2573 730 Στρατόνικος
2612 662 2640 714 ὁ
2665 664 2849 733 σοφὸς,
2879 663 2938 728 δς
2963 662 3125 733 ἐῴκει
3153 666 3252 733 μὲν
3279 664 3347 717 τὰ
3374 664 3513 718 αὐτὰ
3545 664 3622 734 τῷ
3652 667 3797 735 φίλῳ

526 760 769 830 ejusdem
814 756 1101 813 sententiae
1136 773 1149 810 :
1199 756 1447 812 nondum
1490 766 1676 812 autem
1725 759 1960 814 audebat
2000 758 2107 829 pie-

524 861 688 909 tatem
712 850 880 906 libere
908 849 1170 921 proﬁteri.
1199 847 1384 920 Neque
1405 847 1604 922 Ioseph
1635 852 1899 907 occultam
1947 867 2111 923 supe-

522 950 738 999 raverat
787 941 1131 1011 disciplinam
1167 958 1181 995 :
1215 956 1272 996 se
1315 940 1477 997 amici
1522 950 1704 997 tamen
1742 943 2020 1010 misereri,
2054 954 2110 1001 et

521 1037 642 1106 ejus
672 1050 815 1106 :egre
842 1033 984 1088 ferre
1015 1033 1309 1098 cruciatus,
1334 1033 1576 1089 ostendit
1595 1034 1890 1089 multorum
1911 1035 2105 1092 oculis.

521 1127 632 1183 Sed
663 1111 1071 1182 de'Stratonico
1099 1126 1317 1196 quidem
1339 1126 1393 1180 in
1426 1127 1713 1193 praesentia
1738 1126 1922 1183 dicere
1952 1128 2109 1184 ditl‘e-

521 1234 727 1285 ramus,
757 1233 820 1272 ea
855 1217 999 1272 enim
1023 1217 1370 1286 persequitur
1390 1215 1583 1281 oratio,
1612 1231 1734 1286 quae
1764 1217 1832 1273 ad
1858 1217 2104 1275 divinum

519 1309 799 1379 pertinent
844 1306 1183 1376 Ilermylum,
1231 1319 1335 1360 nec
1373 1306 1579 1376 patitur
1625 1322 1815 1362 eorum
1853 1311 2104 1382 abrumpi

456 1385 469 1396 ’
519 1398 989 1469 consequentiam.
1033 1396 1253 1468 Martyri
1302 1411 1433 1468 ergo
1483 1395 1743 1468 Hermylo
1774 1398 2105 1471 ingredienti

518 1505 819 1552 carcerem,
865 1499 979 1542 naec
1013 1495 1323 1556 opportune
1376 1489 1719 1544 canebantur
1771 1499 1827 1546 et
1857 1493 2102 1562 pruden-

518 1592 602 1637 ter
635 1602 649 1637 :
689 1581 946 1635 Dommus
1005 1578 1330 1633 ittuminatio
1378 1597 1494 1636 mea
1540 1592 1587 1636 et
1616 1581 1867 1639 Salvator
1909 1603 2054 1641 meus
2082 1603 2101 1641 :

516 1693 670 1747 quem
710 1675 902 1729 timebo
930 1676 955 1729 ?
982 1673 1237 1728 Dominus
1277 1683 1542 1743 protector
1574 1678 1693 1732 vitm
1721 1695 1848 1733 mere
1881 1694 1900 1733 :
1931 1697 1963 1733 a
2000 1698 2103 1750 quo

517 1767 792 1839 trepidabo
821 1768 845 1822 Ζ)
885 1765 1025 1821 Dum
1062 1768 1493 1838 appropinquant
1533 1786 1691 1840 super
1718 1788 1800 1825 me
1834 1784 2097 1839 nocentes,

514 1868 572 1912 ut
588 1858 748 1913 edant
769 1873 958 1911 carnes
981 1872 1144 1912 meas.
1173 1857 1278 1922 Qui
1300 1858 1555 1913 tribulam
1578 1877 1659 1914 me
1683 1870 1731 1915 et
1753 1862 1953 1917 inimici
1975 1866 2098 1933 mei,

514 1950 622 2020 ipsi
641 1947 903 2018 inﬁrmati
930 1956 1049 2001 sunt
1076 1956 1124 2001 et
1154 1948 1474 2002 ceciderunt.
1517 1947 1578 2003 Si
1606 1953 1897 2007 consistant
1925 1955 2107 2011 adver-

516 2058 636 2095 sum
670 2057 752 2095 me
797 2049 994 2104 castra,
1033 2056 1137 2093 non
1167 2039 1366 2093 timebit
1402 2056 1490 2094 cor
1524 2058 1717 2096 meum.
1750 2042 1811 2098 Si
1857 2045 2102 2119 insurgat

516 2135 764 2189 adversus
791 2149 873 2187 me
900 2132 1114 2195 bellum,
1142 2132 1198 2185 in
1233 2131 1330 2186 hoc
1371 2148 1462 2202 ego
1486 2134 1707 2202 sperabo
1727 2137 1769 2189 ⁸.
1802 2134 1894 2192 Sic
1922 2138 2061 2194 dixit
2085 2159 2099 2196 :

515 2237 571 2283 et
600 2226 784 2283 statim
826 2226 935 2282 dux
964 2225 1226 2280 mirabilis
1271 2226 1509 2295 desuper
1556 2226 1611 2280 in
1641 2226 1821 2297 ipsum
1860 2233 2101 2303 erumpit

515 2319 583 2374 ad
608 2317 1044 2374 conﬁrmandum
1070 2316 1146 2381 id,
1168 2315 1312 2386 quod
1337 2317 1635 2371 cauebatur
1663 2336 1674 2372 :
1697 2327 1751 2373 et
1769 2335 1870 2374 vox
1904 2337 2097 2379 rursus

515 2410 663 2465 illinc
683 2418 764 2464 est
786 2408 988 2469 audita,
1008 2406 1206 2477 jubens
1249 2405 1507 2460 athletam
1538 2407 1683 2462 bono
1711 2424 1831 2464 csse
1878 2410 2093 2470 animo:

514 2508 571 2556 et
618 2500 888 2572 psalmum
944 2497 1197 2553 similiter
1248 2495 1620 2560 conﬁrmans,
1677 2507 1733 2553 et
1780 2500 1920 2556 sicut
1977 2516 2097 2562 erat

512 2590 565 2646 ei
596 2590 886 2662 pollicitus,
912 2596 1035 2660 post
1070 2587 1291 2643 tertium
1329 2586 1472 2642 diem
1518 2586 1680 2642 ﬁnem
1721 2603 1841 2646 esse
1885 2603 2051 2651 ventu
2077 2629 2090 2637 -

513 2697 658 2736 rum.

2212 756 2433 824 φρονεῖν
2461 755 2558 807 καὶ
2590 754 2721 824 περὶ
2751 755 2841 823 ab
2856 755 3015 819 σέϐας
3049 752 3188 810 εἶναι
3216 755 3469 826 δμόδοξος
3493 769 3508 786 ⁸
3543 756 3700 811 οὔπω
3738 759 3796 811 δὲ

2213 845 2310 898 καὶ
2337 845 2437 918 τήν
2468 846 2758 900 εὐσέϐειαν
2785 847 2990 918 ἐτόλμα
3014 848 3525 919 παρρησιάσασθαι,
3542 850 3662 902 οὐδὲ
3693 848 3796 920 τὴν

2224 938 2424 1010 Ἰωσὴφ
2454 941 2854 1012 κεκρυμμένην
2893 940 3240 1011 ὑπερϐέϐηκε
3281 941 3605 1011 μαθητείαν,
3649 956 3793 1009 συμ-

2211 1029 2438 1101 πάσχων
2463 1031 2521 1085 δὲ
2544 1033 2696 1102 ὅμως
2729 1031 2807 1101 τῷ
2831 1031 3143 1101 φιλουμένῳ
3172 1031 3268 1084 καὶ
3300 1029 3616 1101 περιαλγῶν
3639 1030 3793 1099 αὐτῷ

2211 1123 2320 1175 τῶν
2368 1122 2670 1189 κολάσεων,
2724 1122 2887 1192 δῆλος
2910 1122 3148 1189 ’γίνεται
3200 1121 3417 1176 πολλῶν
3462 1120 3793 1191 ὀφθαλμοῖς.

2220 1214 2384 1268 Ἀλλά
2427 1215 2499 1268 τὰ
2533 1214 2632 1286 μὲν
2680 1216 2809 1284 περὶ
2850 1215 3219 1287 Στρατονίκου
3269 1215 3416 1285 φημὶ
3469 1213 3567 1268 τοῦ
3618 1212 3792 1283 σοφοῦ

2206 1306 2344 1368 τέως
2388 1305 2738 1376 ἀναμεινάτω
2762 1321 2777 1338 ·
2826 1305 3010 1375 ἔχεται
3055 1306 3167 1376 γὰρ
3220 1304 3302 1358 ἔτι
3347 1305 3456 1359 τῶν
3509 1303 3656 1359 κατὰ
3695 1303 3792 1356 τὸν

2208 1397 2351 1451 θεῖον
2389 1397 2662 1468 Ἐρμύλον
2687 1398 2719 1451 ὁ
2739 1397 2923 1466 λόγος,
2952 1397 3046 1451 καὶ
3066 1397 3399 1467 διακοπῆναι
3420 1396 3524 1467 τὴν
3553 1395 3791 1449 ἀκολου-

2206 1490 2328 1544 θίαν
2356 1489 2539 1543 αὐτῶν
2581 1491 2683 1544 οὐκ
2735 1491 3013 1561 ἀνέχεται.
3064 1489 3158 1561 Τῷ
3205 1489 3446 1559 μάρτυρι
3491 1487 3791 1558 τοιγαροῦν

2221 1579 2471 1650 Ἐρμύλῳ
2515 1581 2738 1633 είσιόντι
2767 1580 2827 1633 τὺ
2866 1579 3265 1650 δεσμωτήριον,
3298 1579 3570 1649 εὐκαίρως
3606 1578 3790 1631 ταῦτα

2203 1673 2297 1726 καὶ
2335 1671 2573 1735 συνετῶς
2617 1670 2962 1740 ὑπεψάλλετο
2981 1686 2996 1702 ·
3061 1671 3276 1739 Κύριος
3316 1670 3620 1740 φωτισμός
3660 1687 3788 1739 μου

2203 1765 2302 1818 καί
2334 1763 2537 1832 Σωτήρ
2560 1781 2701 1834 μου,
2723 1764 2862 1818 τίνα
2884 1762 3341 1833 φοϐηθήσομαι;
3365 1764 3580 1830 Κύριος
3600 1764 3791 1829 ὑπερ-

2204 1855 2515 1924 ασπιστὴς
2542 1855 2655 1925 τῆς
2676 1854 2827 1924 ζωῆς
2852 1872 2997 1924 μου,
3018 1855 3140 1911 ἀπὸ
3169 1856 3335 1921 τινος
3362 1854 3686 1919 denadena;
3714 1856 3788 1908 ἐν

2204 1947 2285 2013 τῷ
2334 1946 2585 2019 ἐγγίζειν
2617 1947 2717 2001 ἐπ’
2755 1946 2862 2017 ἐμὲ
2908 1948 3250 2014 κακοῦντας
3289 1947 3396 2002 τοῦ
3424 1948 3639 2016 φαγεῖν
3675 1948 3790 2014 τὰς

2202 2040 2437 2108 σάρκας
2458 2057 2599 2109 μου,
2656 2043 2711 2094 οι
2743 2038 3055 2106 θλίϐοντές
3097 2055 3177 2109 με
3206 2040 3304 2094 καί
3341 2043 3394 2094 οι
3426 2040 3631 2110 ἐχθροί
3661 2058 3786 2109 μου

2200 2130 2370 2187 αὐτοὶ
2399 2130 2775 2199 ὴσθέγησαν,
2823 2129 2922 2184 καί
2961 2130 3213 2186 ἔπεσαν,
3262 2129 3399 2184 Ἐὰν
3432 2129 3708 2198 παρατάξ
3716 2147 3787 2196 η-

2200 2242 2297 2280 ται
2326 2224 2419 2279 ἐπ’
2449 2223 2553 2292 ἐμὲ
2586 2222 3045 2292 παρεμϐολὴ,οὺ
3065 2224 3473 2293 φοϐηθήσεται
3504 2223 3538 2291 ἡ
3570 2222 3789 2291 καρδιά

2200 2336 2342 2390 μου,
2389 2317 2500 2371 ἐὰν
2541 2313 2859 2383 ἐπαναστῇ
2891 2315 2986 2368 ἐπ’
3024 2315 3131 2384 ἐμὲ
3165 2316 3465 2383 πόλεμος,
3491 2314 3562 2369 ἐν
3594 2316 3786 2383 ταύτῃ

2203 2410 2319 2481 ἐγὼ
2365 2406 2601 2468 ἐλπίζω.
2645 2405 2835 2470 Οὕτως
2881 2406 3008 2477 ἔφη,
3068 2410 3162 2459 καὶ
3195 2408 3396 2461 αὐτίκα
3428 2406 3544 2475 φῶς
3575 2406 3791 2463 ἄνωθεν

2204 2502 2353 2572 αὐτῷ
2416 2500 2739 2571 θαυμαστὸν
2806 2500 3094 2571 ῥήγνυται,
3150 2500 3289 2569 πρὸς
3342 2500 3636 2570 βεϐαίωσιν
3686 2501 3790 2555 τοῦ

2202 2593 2569 2667 ὑπᾳδομένου,
2611 2592 2705 2644 καὶ
2735 2590 2886 2660 φωνὴ
2918 2590 3080 2644 πάλιν
3110 2591 3319 2645 ἐκεῖθεν
3344 2590 3611 2661 ἠκούσθη,
3643 2592 3783 2661 θαῤ-

2208 2692 2322 2761 ῥεῖν
2354 2702 2417 2738 τε
2458 2682 2538 2754 τῷ
2587 2682 2797 2752 ἀθλητῇ
2843 2683 3248 2753 ἐγκελευομένη
3276 2725 3290 2746 ,
3324 2686 3419 2736 καὶ
3448 2682 3540 2737 τὸν
3569 2683 3787 2753 ψαλμὸν
3888 2715 3893 2719 ς

510 2779 716 2849 ὁμοίως
745 2775 1036 2839 πιστοῦσα,
1076 2774 1169 2829 καὶ
1202 2772 1342 2828 κατὰ
1381 2773 1480 2844 τὴν
1509 2774 1609 2846 ήδη
1657 2777 1959 2851 γενομένην
1994 2781 2354 2854 ἐπαγγελίαν,
2388 2777 2543 2849 ἥξειν
2606 2775 2666 2828 τὸ
2700 2774 2855 2838 τέλος
2903 2773 3040 2845 μετὰ
3107 2775 3298 2846 τρίτην
3359 2775 3572 2846 ἡμέραν
3631 2775 3785 2847 αὐτῷ

512 2870 1019 2943 προσαγγέλλουσα.

584 2964 696 3019 VII.
734 2962 997 3032 Sequenti
1029 2973 1211 3016 autem
1238 2960 1329 3015 die
1348 2977 1471 3015 cum
1518 2964 1925 3043 procedendum
1975 2983 2094 3023 esse

2274 2963 2351 3018 z',
2377 2961 2455 3031 Τῇ
2487 2959 2543 3012 δὲ
2574 2958 2701 3029 έξῆς
2748 2955 2977 3028 πρόοδον
3021 2958 3050 3011 ὁ
3083 2958 3328 3021 Λικίνιος
3377 2960 3784 3031 παραγγείλας,

511 3057 870 3129 signiﬁcasset
920 3052 1185 3118 Licinius,
1227 3062 1281 3107 et
1330 3052 1676 3122 praesedisset
1705 3055 1760 3109 in
1810 3057 2091 3124 tribunali,

510 3144 834 3217 proclamari
854 3143 1019 3214 jussit
1052 3158 1150 3213 per
1180 3158 1511 3213 praeconem,
1545 3152 1604 3198 ut
1632 3145 1927 3203 duceretur
1957 3147 2094 3203 Her-

512 3235 707 3306 mylus.
739 3233 835 3287 Ille
854 3248 985 3288 vero
1012 3233 1137 3287 laeto
1160 3233 1360 3294 animo,
1396 3233 1594 3289 ductus
1622 3244 1705 3290 est
1729 3237 1870 3292 laetis
1903 3239 2094 3306 oculis,

512 3335 569 3381 et
600 3340 696 3379 cor
733 3324 943 3379 habens
972 3325 1192 3399 plenum
1216 3323 1401 3379 laetitia
1433 3344 1448 3380 :
1477 3333 1735 3381 externus
1764 3329 1910 3383 enim
1945 3345 2096 3401 aspe-

512 3425 633 3470 ctns
661 3414 766 3467 hoc
787 3422 974 3484 aperte
1004 3413 1341 3484 signiﬁcavit.
1371 3412 1673 3470 Subridens
1693 3425 1872 3471 autem
1914 3426 1970 3474 et
2000 3435 2095 3475 ca-

511 3514 612 3576 put
647 3519 875 3559 movens
904 3503 1166 3569 Licinius,
1210 3512 1266 3558 et
1313 3503 1480 3559 veluti
1516 3515 1764 3560 sanctum
1795 3508 2093 3578 apertelu-

509 3598 739 3653 diﬁcans
773 3613 787 3652 :
820 3596 952 3668 Age,
1000 3595 1199 3666 inquit,
1241 3612 1403 3667 quam
1444 3598 1544 3653 tibi
1586 3598 1946 3656 conducibilis
1991 3601 2095 3658 fuit

509 3688 595 3743 illa
622 3689 852 3743 obscura
873 3688 1162 3743 custodia?
1192 3687 1475 3755 Quomodo
1501 3690 1628 3758 hoc,
1652 3693 1796 3762 quod
1827 3693 2095 3749 interces-

507 3781 600 3845 sit,
641 3780 874 3849 spatium
913 3779 1009 3833 tibi
1058 3795 1246 3835 revera
1296 3780 1479 3836 attulit
1525 3782 1759 3852 aliquam
1807 3784 2091 3841 sententiae

506 3872 887 3934 mutationem,
922 3879 976 3926 et
1004 3872 1276 3941 persuasit
1298 3873 1467 3942 jussis
1499 3875 1694 3930 cedere
1724 3875 2089 3947 imperatoris,

506 3972 563 4018 et
592 3964 694 4020 diis
724 3964 952 4019 reddere
989 3979 1074 4029 ea,
1120 3981 1241 4035 qua:
1286 3966 1576 4032 debentur,
1605 3985 1673 4023 an
1708 3969 1889 4024 adhuc
1934 3970 2092 4026 nobis

506 4068 644 4123 Opus
664 4054 772 4107 erit
800 4053 1090 4108 tormentis
1123 4056 1386 4110 adversus
1422 4065 1626 4111 tantam
1660 4059 1735 4113 tui
1781 4060 1963 4115 cordis
1991 4061 2093 4115 du-

2196 3055 2291 3108 καὶ
2322 3050 2668 3124 προκαθίσας
2702 3050 2792 3102 ἐπὶ
2823 3049 2920 3102 τοῦ
2955 3048 3224 3119 βήματος,
3255 3050 3485 3113 ἄγεσθαι
3521 3053 3613 3106 τὸν
3651 3053 3786 3125 Ἑρ..

2199 3148 2367 3218 μύλον
2394 3142 2667 3214 ἐπεφώνει
2694 3143 2781 3197 διὰ
2811 3141 2905 3196 τοῦ
2933 3143 3206 3213 κήρυκος·
3233 3142 3327 3197 καὶ
3359 3143 3418 3209 ὃς
3456 3145 3620 3216 ήγετο
3650 3164 3784 3218 φαι-

2193 3234 2297 3305 δρᾷ
2351 3232 2520 3302 ψυχῇ.
2580 3232 2829 3302 φαιδροῖς
2881 3230 3119 3301 δμμασιρ
3174 3231 3393 3305 πλήρης
3448 3234 3647 3307 ἡδονῆς
3683 3238 3788 3310 τὴν

2194 3324 2423 3395 καρδίαν
2443 3341 2458 3356 ο
2484 3322 2644 3376 τοῦτο
2670 3323 2780 3392 γὰρ
2822 3324 2856 3394 ἠ
2885 3322 3086 3388 ἔξωθεν
3130 3324 3255 3394 ὄψις
3286 3325 3584 3397 ἐσήμαινεν
3621 3329 3787 3403 ἀκρι-

2195 3415 2327 3479 ϐῶς.
2366 3414 2682 3483 ’Υπογελῶν
2735 3414 2792 3467 δὲ
2822 3414 2917 3469 καὶ
2949 3414 3050 3486 τὴν
3083 3417 3327 3487 κεφαλὴν
3362 3418 3531 3473 κινῶν
3559 3421 3589 3474 ό
3620 3422 3782 3476 Λικί-

2194 3525 2336 3573 νιος,
2408 3507 2503 3560 καὶ
2553 3506 2805 3577 φανερῶς
2854 3505 3045 3579 ῶσπερ
3091 3512 3624 3583 κατειρωνευόμενος
3680 3516 3780 3568 τοῦ

2193 3595 2387 3664 ἀγίου,
2443 3593 2616 3665 Δεῦρο
2646 3594 2733 3665 δὴ,
2770 3595 2900 3666 ἔφη,
2936 3596 3054 3660 πῶς
3102 3596 3209 3668 ἄρα
3261 3616 3345 3653 σοι
3389 3602 3450 3654 rb
3497 3605 3775 3656 σκοτεινὸν

2194 3687 2373 3740 ἐκεῖνο
2423 3685 2748 3740 συνεϐάλετο
2816 3686 3114 3758 φρούριονς
3167 3691 3286 3754 πῶς
3332 3708 3415 3745 σοι
3459 3692 3522 3746 τὸ
3568 3693 3769 3765 μεταξὺ

2190 3780 2351 3835 τοῦτο
2377 3780 2655 3852 διάστημα
2679 3776 2824 3852 ἦπου
2857 3781 3163 3853 μεταϐολήν
3212 3783 3294 3836 σοί
3336 3801 3458 3838 τινα
3497 3786 3597 3856 τῆς
3627 3786 3773 3855 γνῶ-

2196 3887 2304 3941 μης
2334 3871 2650 3943 είργάσατο,
2679 3870 2774 3925 καὶ
2806 3870 3109 3941 βασιλικοῖς
3137 3872 3323 3927 ἔπεισε
3355 3878 3785 3948 προστάγμασιν

2193 3961 2355 4032 εἶξαι,
2384 3965 2478 4018 καὶ
2502 3963 2644 4026 θεοῖς
2669 3964 2962 4019 ἀποδοῦναι
3021 3965 3090 4018 τὰ
3124 3966 3486 4039 όφειλόμενα;
3516 3969 3549 4043 ἦ
3590 3971 3781 4043 δεήσει

2193 4059 2289 4111 καὶ
2345 4058 2426 4111 ἔτι
2476 4057 2726 4129 βασάνων
2757 4058 2894 4127 ἡμῖν
2929 4048 3067 4127 πρὸς
3118 4057 3321 4131 πολλὴν
3365 4059 3511 4113 οὕτω
3545 4064 3783 4133 καρδίας

505 4144 727 4199 ritiem?
759 4143 960 4216 Martyr
979 4152 1162 4200 autem
1187 4163 1201 4201 :
1235 4146 1365 4201 Mihi
1388 4148 1632 4216 quidem,
1666 4149 1859 4220 inquit,
1888 4160 2094 4208 tetrum

2198 4147 2548 4211 ἀντιτυπίανς
2586 4146 2697 4200 Καὶ
2725 4147 2753 4198 ὁ
2791 4145 3002 4217 μάρτυς
3024 4185 3039 4213 ,
3083 4146 3239 4216 Ἐμοὶ
3268 4149 3389 4217 μὲν,
3416 4148 3543 4219 ἔφη,
3583 4155 3681 4204 καὶ
3716 4157 3783 4205 τὸ

507 4233 637 4287 illud
678 4243 733 4288 et
776 4235 1180 4290 tenebricosum
1238 4237 1575 4293 domicilium
1631 4256 1880 4313 magnam
1908 4243 2086 4301 lucem

2198 4255 2364 4310 πνιγη
2376 4239 2466 4309 ρδν
2496 4239 2674 4291 ἐκεῖνο
2696 4236 2903 4309 οἴκημα
2933 4241 3027 4291 καὶ
3051 4237 3292 4307 ζοφῶδες
3329 4241 3567 4311 μεγάλου
3598 4245 3785 4310 etcf;

505 4324 817 4379 conciliavit
851 4344 865 4380 :
895 4334 950 4382 et
987 4342 1136 4382 nunc
1188 4342 1306 4381 mea
1352 4338 1601 4384 versatur
1639 4333 1819 4388 anima
1850 4334 1904 4388 in
1939 4343 2090 4390 tran-

2203 4328 2426 4396 ἐγένετο
2447 4326 2732 4398 πρόξενον,
2749 4327 2842 4381 καί⁵
2875 4325 2969 4380 νῦν
2992 4328 3202 4399 γαλήνη
3235 4346 3340 4398 μου
3370 4330 3466 4383 καὶ
3490 4331 3650 4401 ἡδονὴ
3675 4335 3783 4404 τὴν

504 4414 771 4484 quillitate
789 4422 844 4470 et
865 4416 1163 4485 voluptate,
1196 4427 1251 4471 et
1281 4418 1645 4488 inexplicabili
1670 4422 2086 4491 illuminatione,

2198 4420 2372 4491 ψυχὴν
2400 4420 2534 4491 ἔχει,
2563 4421 2655 4475 καὶ
2681 4421 2963 4490 φωτισμὸς
3002 4421 3246 4492 ἄρῤητος
3274 4423 3520 4492 χρηστάς
3551 4423 3782 4477 ὐποτεέ-

504 4520 625 4574 qum
661 4504 826 4559 futuri
869 4505 1003 4561 mihi
1025 4520 1176 4577 spem
1212 4506 1404 4561 bonam
1455 4510 1702 4581 porrigit.
1761 4511 1876 4583 Ego
1903 4525 2088 4568 autem

2198 4530 2298 4566 νων
2328 4529 2418 4584 μοι
2442 4512 2540 4575 τὰς
2569 4513 2812 4574 ἐλπίδας.
2865 4510 3007 4581 Ἐγὼ
3044 4513 3103 4565 δὲ
3147 4513 3241 4566 ἐπὶ
3272 4516 3357 4567 σοὶ
3385 4515 3479 4568 καί
3514 4514 3633 4568 λίαν
3663 4518 3782 4587 ἔχω

502 4595 661 4651 valde
696 4597 887 4664 miror,
918 4599 1378 4668 quemadmodum
1413 4616 1532 4669 quae
1559 4602 1612 4655 in
1641 4610 1692 4656 te
1723 4604 1974 4661 habitant
2002 4614 2086 4661 te-

2198 4603 2520 4675 Βαυμάζειν,
2576 4605 2693 4669 πῶς
2752 4604 3058 4676 μεταϐολήν
3110 4623 3231 4661 τινα
3278 4607 3339 4661 τὸ
3394 4607 3639 4662 ἐνοικοῦν
3687 4627 3782 4665 σοι

500 4687 703 4748 ῃθιπίιι,
724 4689 930 4744 nullam
955 4691 1264 4760 suscipiunt
1305 4693 1662 4748 mutationem
1696 4712 1710 4748 :
1742 4696 1836 4750 sed
1870 4711 2087 4768 semper

2198 4699 2383 4761 σκότος
2412 4698 2511 4768 οὐχ
2537 4697 2822 4768 ὑπομένει,
2875 4699 3012 4752 ἀλλὰ
3058 4700 3147 4753 ἀεὶ
3193 4699 3496 4772 βαθύτατόν
3535 4719 3631 4756 σου
3672 4706 3780 4757 καὶ

502 4777 785 4845 profundae
816 4786 871 4834 et
900 4789 1174 4836 concrette
1213 4776 1454 4837 insident
1500 4784 1608 4839 tuis
1656 4785 1851 4839 animze
1886 4788 2080 4853 oculis,

2198 4787 2441 4855 πεπηγὸς
2470 4789 2584 4851 τοῖς
2608 4787 2711 4856 τῆς
2748 4787 2927 4859 ψυχῆς
2958 4789 3262 4861 ἐγκάθηται
3313 4792 3634 4862 ὀφθαλμοῖς,
3676 4795 3778 4847 οὺ-

498 4885 620 4939 quze
642 4886 985 4942 nequaquam
1013 4875 1199 4928 sinunt
1229 4876 1474 4946 aspicere
1500 4876 1955 4934 veritatem.Cum
1976 4888 2083 4934 tam

2198 4879 2375 4949 Βαμῶς
2422 4879 2528 4932 ἐῶν
2579 4878 2883 4949 ἀναϐλέψαι
2945 4881 3084 4951 πρὸς
3129 4882 3231 4952 τὴν
3266 4884 3549 4954 ἀλήθειαν.
3607 4875 3780 4942 Οὕτω

499 4970 687 5030 aperte
714 4963 1050 5031 impietatem
1074 4965 1389 5035 imperatori
1409 4968 1814 5039 exprobrasset,
1841 4968 2084 5026 Licinius

496 5050 572 5105 illi
593 5053 949 5109 vehementer
973 5064 1172 5111 etcum
1193 5073 1385 5128 magna
1408 5061 1746 5130 respondens
1762 5062 2078 5119 acerbitate:

494 5142 642 5198 Nihil
674 5147 843 5212 aliud,
866 5148 1061 5219 inquit,
1087 5158 1146 5202 ut
1174 5150 1410 5218 videtur,
1437 5150 1702 5219 didicisti,
1739 5154 1847 5209 nisi
1874 5152 2081 5209 solum-

492 5235 658 5291 modo
694 5248 954 5308 appetere
1004 5242 1352 5297 contumeliis
1384 5262 1399 5298 :
1434 5244 1581 5314 quod
1628 5244 1846 5314 quidem
1873 5255 1957 5301 est
1975 5245 2081 5301 lin-

492 5342 612 5396 gnae
645 5327 1086 5399 intemperantia,
1114 5341 1169 5388 et
1199 5332 1398 5389 animze
1427 5333 1677 5400 audacia,
1709 5344 1767 5390 et
1809 5343 1871 5391 ut
1909 5337 2079 5391 semel

430 5428 434 5433 ‘
491 5420 669 5476 dicam
690 5423 949 5481 amentia.
983 5423 1092 5481 Sed
1116 5432 1297 5482 tamen
1318 5427 1610 5498 responde,
1642 5436 1699 5483 et
1730 5427 1819 5483 dic
1846 5436 2033 5498 aperte
2060 5447 2075 5485 :

490 5509 675 5566 Diisne
700 5513 1058 5582 sacriﬁcabis,
1089 5525 1145 5573 et
1181 5517 1341 5574 nobis
1363 5519 1523 5574 cedes
1551 5518 1632 5573 sic
1656 5517 2074 5590 imperantibus,

489 5619 555 5658 an
594 5614 648 5661 te
677 5602 757 5656 uti
782 5614 1000 5674 oportet
1029 5617 1091 5663 ut
1133 5609 1399 5665 mereris?
1455 5606 1656 5665 Christi
1716 5618 1899 5667 autem
1932 5626 2077 5666 mar-

554 5784 576 5815 “
604 5785 746 5841 Psal.
785 5801 932 5855 xxvr,
996 5790 1114 5847 1-6.

2186 4973 2430 5043 φανερὰν
2475 4971 2732 5026 ἀσέϐειαν
2762 4973 2843 5042 τῷ
2878 4975 3091 5043 βασιλεῖ
3133 4975 3229 5028 τοῦ
3267 4977 3546 5051 μάρτυρος
3576 4980 3781 5035 ὀνειδί-

2188 5082 2401 5129 σαντος,
2448 5064 2697 5135 σφοδρῶς
2746 5067 2958 5132 ἐκεῖνος
3007 5070 3101 5122 καὶ
3136 5070 3279 5141 μετά
3307 5072 3511 5144 πολλῆς
3539 5074 3778 5146 πικρίας

2185 5158 2493 5226 ὑπολαϐὼν,
2534 5159 2622 5223 Ὧς
2662 5159 2861 5225 ἔοικεν,
2917 5161 3163 5233 ὑϐρίζειν
3196 5165 3358 5235 μόνον
3410 5167 3775 5240 μεμάθηκας,

2183 5250 2309 5323 ἔφη,
2345 5251 2483 5323 ὅπερ
2509 5252 2628 5306 ἐστὶ
2651 5252 2901 5324 γλώττης
2934 5256 3198 5312 ἀκολασία
3225 5299 3240 5324 ,
3290 5260 3386 5313 καὶ
3410 5259 3590 5331 ψυχῆς
3634 5260 3775 5332 ορα-

2177 5341 2376 5413 σύτης,
2424 5341 2519 5396 καὶ
2546 5341 2608 5396 τὸ
2636 5342 2758 5397 ὅλον
2784 5344 3034 5402 ἀπόνοια.
3090 5347 3239 5419 Πλὴν
3273 5349 3411 5404 ἀλλὰ
3438 5352 3590 5422 ὅμως
3630 5353 3776 5407 ἀπό.

2178 5451 2387 5506 κριναι,
2419 5434 2514 5487 καὶ
2556 5434 2685 5504 λέγε
2717 5437 2941 5506 σαφῶς·
2970 5437 3122 5505 θύεις
3158 5444 3275 5506 τοῖς
3316 5441 3462 5507 θεοῖς
3496 5443 3592 5498 καί⁵
3633 5446 3774 5516 ἡμῖν

2176 5524 2433 5589 ὑπείκεις
2459 5523 2604 5579 οὕτω
2633 5529 3090 5599 προστάττουσιν,
3132 5532 3168 5604 ἢ
3195 5533 3434 5605 χρῆσθαί
3473 5553 3557 5590 σοι
3594 5553 3773 5608 προσ--

2178 5618 2305 5688 ήκει
2335 5614 2519 5681 καθὼς
2544 5616 2727 5686 ἄξιον;
2764 5618 2872 5674 Καὶ
2905 5622 2932 5675 ὁ
2961 5621 3056 5676 τοῦ
3099 5623 3335 5696 Χριστοῦ
3383 5627 3595 5700 μάρτυς
3635 5629 3768 5702 Ἑρ-
