4144 6404
413 430 520 496 561

1348 444 1523 504 VlTA
1557 445 1663 508 SS.
1700 447 2052 508 HERMYLI
2083 447 2179 507 ET
2220 445 2702 509 STRATONICI.

3559 445 3672 510 562

416 542 625 615 μύλος,
655 543 866 614 Ἔχεις,
896 545 1025 617 ἔφη,
1048 547 1146 612 τὰς
1170 549 1515 624 ἀποκρίσεις,
1547 548 1592 608 ὧ
1623 555 1866 626 βασιλεῦ,
1902 558 1995 612 καὶ

2101 567 2182 628 tyr
2213 558 2528 629 llermylus:
2563 559 2760 620 Habes,
2784 557 2978 628 inquit,
3005 567 3284 628 responsa,
3311 570 3345 611 ο
3368 555 3683 625 imperator,

412 635 625 689 τούτων
652 633 812 690 οὐδὲν
833 637 1096 702 ἀκούσεις
1117 641 1248 710 παρ’
1275 643 1412 713 ἐμοῦ
1437 645 1620 713 πλέον,
1643 649 1786 702 ποίει
1815 648 1998 704 λοιπὸν

407 726 441 778 ὃ
471 725 662 797 βούλῃ.
686 726 784 780 καὶ
811 727 1039 797 πέραινε
1070 730 1138 782 τὰ
1169 739 1558 805 νενομισμένα.

485 819 570 872 H'.
633 817 920 872 Ἐντεῦθεν
957 821 1050 886 ὀξὺ
1087 821 1347 891 χολωθεὶς
1393 827 1422 878 ὁ
1480 827 1719 891 Λικίνιος
1786 830 2000 886 κελεύει

409 908 629 977 ῥάϐδοις
651 908 820 963 αὐτὸν
842 911 902 964 τὸ
928 914 1111 982 σχῆμα
1139 915 1422 984 τριγώνοις
1453 917 1642 976 ὕπτιον
1680 921 2000 976 διατιθέντα

410 1000 555 1056 κατὰ
577 1001 684 1071 τῆς
712 1004 954 1073 γαστρὸς
1000 1007 1326 1063 τύπτεσθαι.
1398 1009 1462 1063 Ἢ
1490 1011 1590 1082 μὲν
1637 1009 1730 1066 οὖν
1763 1013 1998 1084 βάσανος

409 1091 556 1162 αὓτη
589 1092 810 1163 χαλεπὴ
859 1093 1001 1159 λίαν,
1051 1098 1146 1150 καὶ
1173 1099 1422 1169 σώμασιν
1482 1102 1843 1172 ἀνθρωπίνοις
1871 1106 1998 1176 ἥκι-

409 1202 513 1240 στα
561 1186 799 1257 φορητή.
859 1188 930 1241 Al
985 1191 1095 1260 γὰρ
1144 1193 1344 1258 γωνίαι
1402 1193 1512 1247 τῶν
1559 1194 1771 1266 ῥάϐδων
1800 1191 1890 1249 οἷά
1915 1215 1999 1261 τις

408 1277 682 1347 ἡκόνηντο
737 1279 1006 1350 μάχαιρα,
1059 1281 1153 1336 καὶ
1197 1284 1440 1355 σφοδρῶς
1462 1287 1700 1356 ἥπτοντο
1729 1287 1835 1340 τῶν
1867 1305 1999 1357 σαρ-

410 1368 546 1421 κῶν.
587 1368 734 1439 Πλὴν
779 1370 918 1423 ἀλλὰ
957 1373 1053 1424 καὶ
1075 1372 1248 1437 οὕτως
1279 1375 1521 1445 ἀνηλεῶς
1551 1380 1877 1449 τυπτομένῳ
1922 1381 1999 1450 τῷ

414 1459 629 1530 ἀθλητῇ
669 1459 729 1513 ἓν
761 1463 1112 1532 παραμύθιον
1157 1461 1224 1536 ἧν
1253 1467 1315 1520 τὸ
1364 1469 1507 1522 κατὰ
1571 1469 1694 1522 νοῦν
1729 1471 1997 1534 ἅτενίζειν

413 1551 662 1620 Χριστῷ,
688 1551 744 1604 ἓν
769 1553 995 1621 εὐμενὲς
1027 1556 1338 1627 φάρμακον,
1374 1560 1406 1628 ή
1432 1560 1567 1630 πρὸς
1599 1561 1808 1614 ἐκεῖνον
1835 1562 1995 1634 εὐχὴ,

424 1641 494 1711 ῆν
524 1641 691 1712 ἡδέως
723 1645 1073 1700 ὲπετάττεται
1114 1648 1372 1719 πληγαῖς,
1415 1649 1616 1718 Κύριε,
1657 1651 1851 1721 λέγων,
1912 1659 1998 1720 είς

431 1733 501 1786 τὸ
548 1733 852 1804 ,βοηθῆσαί
899 1755 1002 1806 μοι
1045 1741 1343 1796 σπεῦσον.
1399 1745 1507 1796 Καὶ
1549 1742 1609 1808 ὃς
1654 1746 1820 1816 ταχὺς
1850 1747 1998 1818 αὐτῷ

418 1825 740 1894 παρίστατο,
799 1830 930 1900 ῥᾷόν
978 1849 1036 1884 τε
1093 1834 1192 1897 τὰς
1235 1835 1425 1899 ὀδύνας
1457 1837 1644 1908 φέρειν
1671 1838 1862 1906 ποιῶν,
1906 1841 1999 1892 καὶ

415 1914 518 1985 τὴν
538 1916 820 1971 τελείωσιν
854 1920 1364 1992 εὐαγγελιζόμενος.
1413 1923 1470 1977 Ὀ
1517 1925 1766 1995 βασιλεὺς
1817 1927 1996 1980 τοίνυν
2029 1910 2072 1966 Β

413 2005 512 2059 ἆτε
563 2007 654 2060 τὸν
680 2007 852 2078 θυμὸν
881 2011 1056 2065 ὲκτοῦ
1085 2013 1160 2084 μὴ
1186 2014 1392 2068 πείθειν
1425 2016 1878 2088 παρωξυμμένος,
1904 2018 1996 2071 καὶ

410 2097 516 2168 τὴν
541 2099 714 2171 καλὴν
735 2101 952 2173 ἐκείνην
993 2105 1132 2176 ὑπὲρ
1159 2107 1257 2175 τῆς
1311 2107 1592 2172 εὐσεϐείας
1634 2109 1728 2161 τοῦ
1759 2109 1992 2180 ἀθλητοῦ

409 2189 690 2256 ἔνστασιν,
735 2191 1030 2262 ὀλιγωρίαν
1073 2193 1215 2249 εἶναι
1249 2202 1348 2268 τῆς
1381 2200 1546 2252 αὑτοῦ
1577 2202 1824 2267 ἐξουσίας
1862 2204 1996 2256 ὑπο-

406 2280 731 2350 λαμϐάνων,
784 2283 974 2354 ἔμενεν
1014 2285 1094 2341 ἔτι
1121 2288 1366 2354 κολάζων
1399 2292 1491 2344 καὶ
1527 2293 1664 2361 πρὸς
1705 2293 1827 2362 βίαν
1871 2294 1995 2347 πεί-

408 2387 531 2424 σειν
579 2374 746 2428 αὑτὸν
802 2376 1067 2446 οἰόμενος.
1125 2378 1289 2433 Ὅθεν
1341 2382 1436 2434 καὶ
1490 2382 1670 2448 ὄνυξιν
1695 2384 1868 2437 ἀετῶν
1894 2385 1992 2455 τὴν

396 2461 576 2516 αὑτοῦ
638 2466 883 2537 γαστέρα
928 2469 1266 2538 προσέταττε
1327 2471 1736 2542 διαπείρασθαι,
1804 2476 1997 2547 μέχρις

396 2552 475 2607 ἂν
519 2552 816 2622 ὀφθαλμοῖς
874 2556 980 2628 ἴδῃ,
1034 2557 1220 2626 φησιν,
1282 2561 1446 2624 αὐτὸς
1527 2563 1721 2616 ἑαυτοῦ
1771 2566 1865 2619 καὶ
1929 2565 1997 2619 τὰ

394 2642 636 2710 ἔγκατα.
699 2644 816 2714 Ἐφ’
840 2640 921 2709 οἷς
975 2647 1005 2699 ὁ
1037 2648 1268 2719 μάρτυς,
1341 2651 1410 2705 Ἠ
1435 2653 1648 2722 καρδία
1685 2673 1804 2723 μου
1828 2657 1925 2710 καὶ
1954 2657 1992 2725 ἠ

391 2732 565 2802 σάρξ
575 2752 715 2804 μου,
758 2735 964 2807 ἔλεγεν,
985 2739 1438 2809 ὴγαλλιὰσαντο
1475 2745 1576 2800 ἐπι
1619 2745 1769 2800 Θεὸν
1785 2746 1990 2812 ζῶντα,

391 2827 488 2892 ὡς
538 2827 607 2882 ἐι
652 2829 909 2896 στέατος
953 2833 1056 2900 ,καὶ
1107 2835 1386 2904 πιότητος
1415 2837 1694 2906 ἐπλήσθη
1733 2841 1771 2908 ἠ
1818 2841 1992 2910 ψυχή

391 2936 542 2987 μου,
580 2919 677 2974 καί
731 2922 902 2991 χείλη
931 2923 1348 2993 ἀγαλλιάσεως
1403 2929 1634 2982 αἰνέσει
1683 2929 1751 2983 τὸ
1801 2933 1995 3000 στόμα

398 3029 552 3080 μου.
600 3013 712 3066 Καὶ
785 3015 959 3068 ταῦτα
1034 3017 1134 3087 μὲν
1201 3017 1396 3084 οὕτως,
1471 3020 1540 3074 τὰ

409 3121 531 3167 πως
548 3122 564 3171 ;

1611 3021 1666 3075 δὲ
1737 3022 1990 3077 ἐντεῦθεν

480 3193 562 3297 ρ’.
610 3196 957 3300 Ὀιτύραννος
1006 3200 1103 3271 μὲν
1135 3201 1431 3256 ἐσκέπτετο
1454 3203 1668 3277 φυλακῇ
1699 3205 1793 3259 καὶ
1836 3201 1992 3274 αὖθις
2018 3241 2061 3300 C

400 3287 593 3342 6a-3vat
642 3288 736 3342 τὸν
761 3289 1017 3362 ἀθλητὴν,
1054 3291 1196 3346 ὥστε
1257 3294 1581 3367 πικρότερον
1621 3297 1784 3352 πάλιν
1816 3297 1982 3352 αὑτὸν

405 3379 855 3452 τιμωρήσασθαι.
895 3383 1252 3454 Στρατόνικος
1279 3385 1336 3439 δὲ
1367 3389 1395 3440 ὀ
1441 3387 1603 3452 καλὸς
1639 3389 1786 3460 (ἥκει
1815 3389 1925 3461 γὰρ
1965 3393 1993 3444 ὁ

405 3471 567 3537 λόγος
588 3472 668 3535 είς
703 3471 878 3542 πέρας
905 3474 1134 3542 ἀγαγεῖν
1162 3475 1261 3545 τὴν
1302 3477 1680 3548 ἐπαγγελίαν),
1715 3481 1858 3535 οὕτω
1887 3483 1994 3537 πά-

405 3577 608 3632 σχοντα
633 3563 728 3616 τὸν
764 3563 1031 3635 Ἐρμύλον
1090 3567 1258 3638 ὁρῶν,
1303 3570 1397 3622 καὶ
1422 3569 1652 3640 ἀμύνειν
1700 3571 1837 3636 ὅλως
1889 3574 1990 3626 οὐκ

406 3655 571 3723 ἔχων,
604 3656 743 3726 ὅπερ
792 3653 936 3727 εἶχεν
964 3659 1136 3713 ἐποίει
1163 3676 1176 3692 °
1210 3660 1305 3714 καὶ
1347 3660 1424 3731 τῷ
1483 3661 1624 3732 φίλῳ
1659 3664 1988 3736 συνέπασχε,

407 3748 506 3802 καὶ
529 3747 686 3818 ἤλγει
715 3750 946 3818 πικρῶς,
972 3751 1066 3804 καὶ
1092 3752 1152 3804 τὸ
1180 3753 1469 3823 πρόσωπον
1500 3750 1614 3824 εἶχε
1652 3771 1988 3826 συμπεπτωι

417 3837 534 3900 κὸς,
565 3841 658 3892 καὶ
695 3841 805 3892 τῶν
843 3841 1137 3909 ὀφθαλμῶν
1167 3842 1400 3898 ἀστακτὶ
1434 3846 1616 3915 προΐει
1643 3846 1704 3898 τὺ
1731 3847 1986 3917 δάκρυον.

421 3925 590 3979 Ὅθεν
616 3929 730 3984 οὐδὲ
764 3931 1010 3987 διέλαθεν
1039 3931 1211 3998 οὓτως
1244 3934 1406 4006 ἔχων,
1443 3936 1579 3989 ἀλλὰ
1614 3936 1723 3990 τῶν
1752 3953 1990 4010 συστρα-

422 4016 628 4070 τιωτῶν
672 4035 812 4083 τινες
856 4022 1117 4075 ἐπίλυπον
1164 4024 1255 4077 τὸν
1317 4024 1488 4096 ἄνδρα
1527 4025 1624 4080 καὶ⁵
1665 4029 1990 4099 σκυθρωπὸν

417 4105 668 4188 ὁρῶντες,
696 4111 792 4164 καὶ
825 4112 918 4165 τοῦ
950 4115 1272 4185 πράγματος
1290 4117 1390 4188 τὴν
1405 4117 1583 4171 αἰτίαν
1608 4119 1990 4190 φωράσαντες,

412 4197 487 4267 τῷ
521 4199 732 4270 βασιλεῖ
756 4205 1144 4275 προσελθόντες
1171 4249 1186 4272 ,
1223 4209 1604 4280 Στρατόνικος,
1641 4210 1914 4280 λέγουσιν,
1945 4205 1990 4265 ὧ

411 4288 665 4356 βασιλεῦ,
691 4292 1047 4362 Στρατόνικος
1071 4297 1100 4348 ὁ
1128 4296 1474 4366 δεσμοφύλαξ
1500 4299 1653 4368 δῆλός
1673 4301 1819 4354 ἐστιν
1853 4300 1985 4372 Ἐρ-

409 4379 570 4452 μὺλῳ
602 4383 701 4452 τῆς
729 4383 960 4455 πλάνης,
995 4389 1088 4440 καὶ
1113 4387 1206 4440 τοῦ
1233 4389 1664 4459 Χριστιανισμοῦ
1694 4391 1987 4447 κοινωνῶν.

404 4474 666 4526 Φαίνεται
692 4475 800 4546 γὰρ
835 4475 1253 4546 συναχθόμενος,
1279 4477 1374 4531 καὶ
1400 4477 1602 4548 πολλὴν
1640 4479 1776 4551 ὑπὲρ
1825 4477 1988 4533 αὑτοῦ

2107 657 2162 703 et
2187 649 2324 703 nihil
2349 665 2416 705 ex
2454 649 2521 704 iis
2546 665 2575 703 a
2599 649 2757 704 nobis
2785 649 3017 719 amplius
3047 649 3358 704 audiveris:
3397 646 3480 702 fac
3531 646 3714 713 dein-,

2107 755 2236 809 ceps
2269 739 2412 809 quod
2443 741 2598 803 velis,
2631 747 2685 793 et
2713 754 3010 808 exsequere
3032 755 3093 793 ea
3119 754 3240 808 qua:
3263 735 3540 791 statueris.

2182 829 2318 883 VIII.
2347 829 2445 884 His
2481 830 2556 883 ita
2599 829 2844 898 percitus
2897 828 3159 891 Licinius,
3202 827 3361 898 jubet
3394 841 3519 881 eum
3560 841 3688 895 por-

2108 929 2316 974 rectum
2353 921 2609 991 supinum
2656 919 2820 990 virgis
2858 919 3026 990 figura
3064 919 3346 988 triangulis
3395 917 3449 970 in
3496 925 3688 972 ventre

2110 1011 2406 1066 verberari.
2470 1012 2538 1066 Et.
2563 1020 2680 1065 erat
2715 1011 2934 1080 quidem
2979 1009 3084 1064 hoc
3125 1024 3287 1080 grave
3321 1018 3682 1070 tormentum,

2106 1112 2161 1156 et
2191 1103 2518 1173 corporibus
2550 1103 2806 1158 humanis
2831 1103 3055 1158 minime
3091 1101 3449 1156 tolerandum.
3489 1099 3685 1170 Anguli

2104 1194 2251 1249 enim
2295 1196 2568 1267 virgarum
2591 1235 2607 1262 ,
2653 1211 2767 1250 non
2797 1210 2956 1250 secus
2981 1209 3044 1250 ac
3085 1193 3308 1264 quidam
3339 1208 3522 1258 enses,
3563 1207 3683 1246 car-

2107 1301 2204 1341 nes
2235 1286 2592 1342 vehementer
2625 1286 2938 1357 tangebam.
2969 1285 3075 1340 Sed
3100 1285 3340 1349 athletae,
3376 1283 3538 1338 etiam
3561 1298 3684 1336 cum

2107 1377 2488 1431 verberaretur
2512 1385 2619 1431 tam
2641 1375 3164 1439 immisericorditer,
3191 1391 3358 1430 unum
3391 1383 3510 1429 erat
3541 1373 3684 1428 sola-

2107 1468 2262 1532 tium,
2298 1483 2496 1538 nempe
2541 1467 2822 1523 Christum
2857 1467 2977 1523 fixis
3000 1469 3173 1523 oculis
3199 1468 3463 1537 aSpicere.
3503 1465 3681 1521 Unum

2105 1558 2396 1630 benignum
2423 1559 2878 1616 medicamentum
2907 1574 3098 1628 preces
3117 1575 3254 1629 quas
3282 1559 3351 1614 ad
3385 1560 3533 1613 illum
3559 1558 3683 1613 fun-

2105 1637 2285 1714 dcbat,
2317 1651 2516 1722 quibus
2564 1651 2733 1723 plagis
2761 1651 3004 1723 jucunde
3065 1652 3410 1722 aspergebat.
3455 1654 3678 1706 dicens:

2109 1740 2346 1806 Domine,
2375 1743 2445 1795 ad
2466 1741 2829 1812 adjuvandum
2853 1760 2930 1797 me
2953 1745 3142 1814 festina
3174 1743 3214 1796 ⁷.
3236 1743 3327 1796 llle
3361 1760 3487 1799 vero
3502 1744 3609 1798 cito
3631 1745 3678 1796 ei

2104 1830 2298 1897 adfuit,
2330 1838 2384 1884 et
2416 1830 2622 1888 faciens
2661 1841 2718 1886 ut
2765 1833 2933 1887 ferret
2989 1832 3207 1888 dolores
3240 1833 3475 1898 facilius,
3500 1844 3555 1888 et
3583 1851 3680 1888 an-

2100 1923 2359 1979 nuntians
2384 1926 2505 1995 ejus
2553 1923 3100 1980 consummationem.
3149 1923 3448 1994 imperator
3494 1926 3674 1996 igitur,

2101 2022 2160 2068 ut
2193 2015 2281 2084 qui
2315 2023 2459 2069 esset
2493 2014 2735 2070 irritatus
2765 2030 2830 2069 eo
2853 2015 2998 2084 quod
3039 2030 3146 2068 non
3177 2023 3410 2083 pareret,
3445 2023 3498 2068 ct
3527 2031 3679 2082 egre-

2100 2107 2241 2178 giam
2270 2106 2415 2161 illam
2453 2106 2672 2161 athletae
2705 2121 2804 2176 pro
2837 2091 3038 2175 pietate
3071 2105 3457 2166 consmntiim,
3488 2104 3678 2159 existi-

2099 2206 2270 2252 maret
2296 2212 2416 2253 esse
2446 2213 2559 2253 suae
2581 2205 2956 2267 contemptum
2989 2197 3268 2267 polentim,
3302 2197 3558 2250 manebat
3587 2198 3680 2250 ad-

2100 2289 2206 2342 huc
2225 2289 2482 2358 puniens,
2515 2298 2570 2343 et
2595 2288 2644 2344 vi
2677 2303 2801 2343 eum
2835 2303 2956 2342 esse
2981 2303 3363 2356 persuasurum
3387 2287 3678 2340 arbitrans.

2097 2378 2361 2445 Quocirca
2388 2378 2554 2448 jussit
2576 2378 2696 2448 ejus
2733 2387 2983 2433 ventrem
3011 2376 3236 2447 perfodi.
3253 2377 3550 2446 aquilarum
3578 2393 3676 2431 un-

2097 2471 2312 2541 guibus,
2341 2471 2514 2526 donec
2536 2471 2650 2526 suis
2683 2510 2698 2535 ,
2726 2470 2924 2541 inquit,
2951 2469 3126 2524 oculis
3159 2485 3256 2524 sua
3295 2471 3477 2526 videat
3511 2469 3680 2524 intes-

2099 2564 2228 2617 tina.
2261 2562 2488 2634 Propter
2509 2579 2631 2633 qua:
2659 2562 2793 2618 dixit
2823 2572 3028 2632 martyr
3063 2580 3076 2616 :
3115 2561 3220 2617 Cor
3257 2579 3427 2616 meum
3459 2572 3508 2616 et
3554 2579 3677 2616 caro

2098 2671 2213 2708 mea
2259 2656 2651 2710 exsultaverunt
2685 2656 2737 2708 in
2762 2655 2932 2710 Deum
2965 2657 3138 2711 vivum
3165 2655 3207 2708 ⁸.
3235 2655 3384 2711 Sicut
3422 2671 3487 2710 ea:
3513 2655 3669 2726 adipe

2095 2757 2142 2799 et
2172 2747 2483 2817 pinguedine
2514 2748 2712 2818 repleta
2744 2757 2818 2803 est
2849 2747 3029 2800 anima
3061 2763 3195 2812 mea,
3224 2757 3273 2801 et
3315 2748 3468 2802 labiis
3491 2750 3672 2802 exsul—

2107 2838 2321 2890 tationis
2356 2837 2597 2891 laudabit
2642 2856 2699 2892 os
2745 2857 2916 2894 meum
2957 2846 3000 2897 ⁹.
3053 2843 3123 2898 Ει
3150 2843 3266 2898 haec
3317 2843 3537 2913 quidem
3575 2844 3672 2900 sic.

2095 2926 2225 2991 Qua:
2251 2937 2432 2982 autem
2472 2936 2600 2982 sunt
2632 2929 2890 3000 deinceps
2929 2941 3244 2997 consecuta,
3277 2932 3586 3002 quomodo?

2170 3197 2264 3255 IX.
2297 3196 2356 3254 ln
2378 3199 2566 3255 animo
2595 3201 2812 3271 quidem
2846 3203 3080 3260 habebat
3114 3214 3374 3276 tyrannus
3399 3221 3524 3262 eum
3550 3223 3675 3262 rur-

2095 3305 2188 3345 sus
2226 3289 2356 3346 dare
2381 3291 2437 3345 in
2467 3293 2790 3359 custodiam,
2824 3304 2884 3350 ut
2911 3309 3036 3350 eum
3059 3312 3249 3352 rursus
3273 3296 3494 3367 puniret
3521 3312 3674 3353 acer-

2094 3381 2236 3436 bius.
2263 3381 2527 3453 Egregius
2555 3393 2740 3440 autem
2769 3384 3119 3442 Stratonicus
3147 3389 3276 3459 (jam
3301 3389 3448 3444 enim
3480 3402 3674 3463 postu-

2094 3473 2168 3526 lat
2205 3475 2380 3529 oratio
2422 3484 2481 3530 ut
2516 3477 2584 3532 ad
2615 3475 2778 3532 finem
2820 3478 3084 3535 deducam
3125 3481 3506 3550 promissum),
3545 3498 3670 3537 cum

2093 3563 2315 3620 vidisset
2366 3563 2681 3638 llermylum
2728 3569 2808 3623 sic
2857 3569 3194 3638 patientem,
3248 3587 3352 3626 nec
3389 3573 3441 3626 ei
3490 3583 3673 3643 posset

2093 3654 2317 3709 omnino
2344 3669 2502 3724 opem
2533 3655 2694 3720 ferre,
2724 3655 2954 3712 faciebat
2981 3658 3035 3712 id
3058 3660 3200 3728 quod
3224 3667 3476 3728 poterat:
3510 3661 3670 3716 amici

2094 3745 2491 3812 miserabatur,
2546 3757 2602 3800 et
2647 3748 2904 3802 acerbum
2951 3749 3194 3804 dolorem
3245 3751 3513 3820 capiebat,
3556 3753 3672 3806 vul-

2095 3847 2286 3906 tusque
2335 3837 2454 3906 ejus
2497 3836 2831 3902 conciderat,
2877 3848 2931 3892 et
2969 3855 3034 3894 ex
3086 3840 3206 3909 ejus
3225 3842 3398 3896 oculis
3418 3845 3668 3913 guttatim

2093 3928 2432 3999 profluebant
2466 3928 2739 4000 lacrymze.
2791 3929 2910 3997 Quo
2944 3929 3145 3985 factum
3179 3942 3283 3996 est,
3324 3942 3406 3997 ut,
3437 3950 3558 3988 cum
3591 3935 3670 3989 sic

2093 4036 2153 4076 se
2173 4021 2418 4086 haberet,
2451 4035 2558 4075 non
2587 4021 2825 4092 potuerit
2843 4023 3046 4077 latere:
3076 4025 3169 4078 sed
3193 4040 3318 4079 cum
3348 4027 3571 4095 quidam
3602 4043 3669 4082 ex

2092 4110 2555 4167 commilitonibus
2598 4125 2724 4166 eum
2770 4113 2981 4167 tristem
3029 4114 3293 4170 vidissent
3343 4124 3396 4171 et
3435 4133 3672 4173 mceren—

2043 4195 2052 4204 ’
2094 4210 2224 4268 tem,
2252 4210 2308 4256 et
2341 4216 2560 4257 causam
2598 4201 2679 4256 rei
2703 4203 3216 4273 deprehendissent,
3263 4205 3331 4260 ad
3378 4206 3674 4278 imperato-

2091 4307 2207 4347 rem
2237 4293 2587 4348 accedentes:
2611 4292 2974 4361 Stratonicus,
3002 4296 3272 4365 inquiunt,
3299 4313 3332 4352 ο
3355 4298 3670 4369 imperator,

2092 4385 2452 4452 Stratonicus,
2479 4395 2664 4442 custos
2687 4389 2941 4454 carceris,
2967 4401 3154 4459 aperte
3170 4392 3410 4446 ostendit
3435 4407 3494 4445 se
3517 4407 3672 4446 erro-

2093 4478 2166 4532 ris
2183 4486 2237 4532 et
2256 4477 2999 4536 Christianismisocietatemi
3021 4482 3218 4537 habere
3243 4496 3369 4536 cum
3391 4481 3668 4551 Hermylo.

400 4563 625 4633 τρέφων
650 4566 747 4637 τὴν
777 4567 951 4637 λύπην
979 4569 1059 4632 είς
1085 4569 1184 4639 τὴν
1235 4569 1437 4640 ψυχήν.
1496 4569 1556 4622 '0
1583 4569 1638 4622 δὲ
1698 4587 1987 4640 μεταστει-

2099 4569 2322 4625 Videtur
2379 4569 2525 4624 enim
2583 4571 2704 4640 ejus
2768 4571 3056 4640 misereri,
3097 4580 3153 4626 et
3212 4571 3333 4639 ejus
3395 4586 3556 4625 causa
3615 4573 3671 4626 in

400 4658 642 4726 λάμενος
702 4660 865 4724 εὐθὺς
923 4661 1016 4715 τὸν
1052 4662 1430 4730 Στρατόνικον,
1484 4662 1532 4714 εί
1565 4662 1717 4730 φίλος
1768 4663 1852 4734 εἴη
1890 4663 1985 4716 τοῦ

418 4746 696 4817 Ἐρμύλου
725 4749 1137 4804 διεπυνθάνετο.
1198 4751 1307 4803 Καὶ
1349 4751 1377 4804 ὁ
1420 4750 1670 4822 μαθητὴς
1699 4752 1798 4822 τῆς
1849 4751 1989 4823 ἀλη-

401 4839 564 4901 Beia;
598 4839 852 4910 οὐδαμῶς
885 4841 1229 4911 διεψεύσατο,
1285 4841 1408 4895 οὐδὲ
1461 4843 1718 4912 ἠνέσχετο
1777 4842 1871 4895 καὶ
1908 4843 1990 4896 ἔτι

398 4929 613 5000 ἀγεννῆ
663 4933 758 4984 καὶ
806 4932 1038 5004 ἄτολμον
1087 4935 1277 4988 ἑαυτὸν
1314 4934 1666 5004 ἀποφαίνειν,
1717 4935 1812 4987 καὶ
1858 4934 1990 5005 κρὺ·

401 5039 568 5075 πτειν
601 5024 730 5096 παρ’
773 5025 951 5096 ἐαυτῷ
979 5026 1077 5096 τὴν
1103 5026 1407 5080 εὐσέϐειαν.
1452 5024 1612 5078 Ἀλλὰ
1635 5026 1826 5098 καιρὸν
1852 5021 1992 5079 εἶναι

402 5115 437 5166 ὑ
453 5113 702 5170 πολαὸὼν
719 5116 814 5170 τοῦ
829 5119 930 5188 τὴν
953 5117 1236 5189 ἄπρακτον
1261 5117 1467 5188 ταύτην
1489 5117 1819 5186 θεογνωσίαν
1845 5119 1994 5186 ἐνερ-

401 5205 508 5273 γὸν
544 5207 821 5274 γενέσθαι,
851 5209 947 5262 καὶ
987 5209 1155 5264 πολὺν
1186 5209 1334 5280 αὑτῷ
1362 5210 1452 5262 τὶν
1483 5209 1695 5280 καρπὸν
1730 5207 1996 5278 μνηστεύ-

399 5297 610 5351 σασθαι
644 5297 714 5352 δι’
769 5299 1082 5368 ὁμολογίας,
1135 5300 1285 5368 φίλον
1340 5300 1532 5354 ἑαυτὸν
1573 5299 1846 5370 Ἐρμύλου
1886 5300 1982 5352 καὶ

398 5387 734 5450 Χριστιανὸν
774 5388 976 5452 εὐθέως
1019 5390 1378 5461 ἀνωμολόγει,
1437 5390 1530 5443 καὶ
1557 5390 1756 5459 πολλὴν
1786 5389 1893 5442 τῶν
1920 5389 1990 5443 τὰ

398 5476 606 5532 εἴδωλα
671 5480 942 5534 σεϐόντων
978 5481 1412 5550 καταγινώσκειν
1463 5481 1562 5551 τὴν
1621 5481 1828 5535 ἄνοιαν.
1887 5482 1986 5532 Φο-

404 5569 612 5639 ϐοῦμαι
645 5572 776 5644 γὰρ,
811 5573 940 5644 ἔφη,
979 5573 1140 5643 μόνον
1165 5571 1275 5643 ἐγὼ
1303 5572 1394 5627 τὸν
1416 5572 1568 5640 Θεὸν,
1590 5572 1678 5626 τὸν
1694 5575 1990 5644 ποιήσαντα

400 5665 504 5718 τὸν
535 5665 760 5735 οὐρανὸν
783 5667 877 5719 καὶ
901 5666 1000 5736 τὴν
1023 5665 1143 5736 γῆν.

484 5845 502 5877 ⁷
552 5842 690 5900 Psal.
721 5860 866 5911 uix,
894 5848 948 5898 ‘2.

2092 4662 2276 4716 animo
2315 4675 2568 4732 magnum
2615 4661 2860 4716 dolorem
2905 4662 3210 4731 concipere.
3257 4662 3350 4715 llle
3383 4677 3513 4718 vero
3545 4678 3668 4717 cum

2091 4753 2274 4806 statim
2313 4751 2688 4807 accersivisset
2725 4751 3114 4817 Stratonicum,
3157 4753 3366 4823 rogavit
3419 4770 3488 4808 an
3527 4764 3672 4809 esset

2093 4841 2303 4896 amicus
2335 4840 2596 4912 llermyli.
2651 4839 2960 4910 Discipulus
3009 4849 3189 4894 autem
3221 4842 3468 4896 veritatis
3507 4843 3670 4896 mini-

2095 4947 2183 4985 me
2207 4939 2292 4985 est
2325 4930 2610 4993 mentitus,
2650 4944 2753 4984 nec
2796 4929 3060 4984 sustinuit
3093 4929 3341 5000 ignavam
3373 4939 3428 4984 et
3491 4931 3666 4999 pusilli

2093 5023 2398 5092 abjcctique
2430 5020 2606 5075 animi
2647 5021 2906 5090 pietatem
2960 5021 3104 5090 apud
3138 5036 3196 5075 se
3225 5021 3522 5076 occultare.
3561 5022 3667 5076 Sed

2095 5121 2310 5184 tempus
2343 5127 2464 5168 esse
2491 5113 2810 5179 arbitratus,
2841 5125 2899 5166 ut
2936 5113 3053 5167 hinc
3086 5113 3179 5167 Dei
3216 5115 3387 5169 otiosa
3430 5116 3668 5184 cognitio

2092 5204 2334 5274 prodiret
2387 5205 2456 5259 ad
2484 5219 2640 5273 opus,
2683 5213 2739 5258 ct
2777 5220 3027 5273 maguum
3057 5204 3159 5257 sibi
3186 5213 3401 5274 pararet
3431 5205 3665 5259 fructum

2091 5315 2190 5367 per
2243 5295 2667 5361 confessionem,
2725 5313 2783 5352 se
2832 5312 2952 5351 esse
3006 5297 3240 5351 amicum
3296 5296 3555 5368 Hermyli,
3616 5309 3672 5353 et

2094 5388 2464 5442 Christianum
2502 5377 2768 5458 ’protiuus
2797 5398 2881 5442 est
2919 5389 3220 5449 confessus,
3248 5398 3302 5444 et
3335 5405 3428 5445 eos
3457 5391 3546 5459 qui
3577 5407 3670 5446 co-

2097 5481 2220 5533 lunt
2265 5479 2551 5534 simulacra
2580 5519 2595 5545 ,
2655 5495 2864 5551 magna:
2915 5481 3243 5536 condemnat
3288 5482 3666 5553 ignoratiouis.

2099 5571 2292 5625 Timeo
2329 5568 2496 5636 enim,
2547 5569 2744 5640 inquit,
2777 5586 2877 5643 ego
2921 5572 3093 5627 solum
3141 5571 3334 5638 Deum,
3394 5572 3484 5644 qui
3541 5573 3673 5628 fecit

2099 5663 2296 5718 coelum
2331 5668 2385 5715 et
2417 5667 2635 5717 terram.
3709 5661 3718 5666 “

1025 5847 1044 5875 ¹¹
1078 5846 1220 5900 Psal.
1277 5861 1472 5908 LXXXV,
1523 5843 1575 5896 2.
1656 5845 1674 5874 ⁸
1716 5843 1860 5898 l’sal.
1889 5839 2092 5908 an,6.
