4144 6412
463 455 571 520 563

1674 458 1954 519 MENSIS
1999 460 2457 523 JANUABIUS.

3611 455 3719 520 564

537 563 604 619 Χ.
662 563 743 617 Ad
777 563 893 619 haec
930 573 1181 619 movetur
1238 564 1556 634 imperator,
1612 576 1666 620 et
1708 567 1865 635 jubet
1910 581 2034 621 cum

2211 571 2268 622 ι’.
2307 571 2551 623 Κινεῖται
2591 571 2726 641 πρὸς
2748 570 2920 625 ταῦτα
2955 569 2983 622 6
3012 565 3284 639 βασιλεὺς,
3317 564 3413 618 καὶ
3449 562 3721 634 τιμωρίαν

465 653 848 726 gravissimam
894 654 1078 709 subire
1129 655 1475 725 supplicium.
1507 655 1565 711 ω
1602 665 1783 711 autem
1807 666 1945 721 erat,
1979 668 2037 712 ut

470 762 535 806 rx
562 745 667 806 illis
714 746 875 815 virgis
912 747 1095 819 plagas
1120 748 1268 803 nudo
1299 757 1412 803 toto
1458 763 1685 818 corpore
1718 750 1992 820 acciperet
2022 767 2034 802 :

461 848 625 906 atque
667 851 733 891 eo
757 852 952 908 usque,
1006 840 1182 895 donec
1211 840 1329 911 ipsa
1360 856 1461 895 vox
1507 857 1631 896 eum
1659 841 1936 897 deﬁceret.
1973 844 2040 897 Et

458 929 539 983 sic
563 928 782 998 quidem
812 929 1286 1004 Licinius.Martyr
1303 941 1507 999 autem,
1528 934 1628 988 etsi
1649 942 1794 989 esset
1824 941 1903 989 tot
1924 950 2039 989 ma-

461 1020 525 1073 ls
555 1019 886 1089 implicatus,
936 1021 1173 1076 amicum
1234 1022 1354 1077 ﬁxis
1405 1022 1703 1092 aspiciebat.
1736 1023 1928 1087 oculis,
1985 1033 2039 1076 et

459 1126 586 1165 eum
608 1112 860 1177 vocabat,
890 1127 1064 1184 eoque
1086 1113 1343 1169 utebatur
1374 1115 1441 1169 ad
1462 1112 1744 1171 Christum
1775 1115 2040 1170 interces-

458 1216 602 1268 sore,
642 1202 835 1259 dicens
870 1221 885 1259 :
929 1203 1201 1277 Hermyle,
1237 1220 1330 1261 ora
1378 1222 1477 1276 pro
1504 1222 1594 1261 me
1647 1207 1946 1271 Christum,
1981 1218 2041 1262 ut

465 1306 587 1345 eum
614 1306 741 1364 erga
774 1293 954 1365 ipsum
981 1294 1190 1350 firmam
1219 1312 1282 1353 ac
1316 1297 1566 1353 stabilem
1595 1313 1886 1354 servavero
1907 1314 2041 1353 con-

466 1384 782 1450 fessionem,
814 1387 1021 1456 possim
1053 1387 1210 1449 facile
1239 1404 1499 1463 superare
1531 1390 1741 1461 tyranni
1791 1390 2035 1445 insidias.

463 1477 682 1532 interim
702 1488 882 1534 autem
905 1481 1083 1550 ipsum
1108 1495 1322 1551 quoque
1345 1481 1727 1537 ludiﬁcabatur
1746 1482 2036 1549 Licinium,

459 1569 620 1623 cmcis
640 1569 743 1623 diis
760 1571 1066 1626 sacriﬁcare
1091 1573 1413 1642 prohibens,
1433 1582 1489 1630 et
1515 1575 1630 1630 veri
1662 1573 1759 1630 De!
1786 1575 2039 1632 vindicta:

457 1662 510 1716 ei
539 1668 800 1721 terrorem
823 1663 1116 1728 incutiens,
1139 1664 1192 1719 in
1224 1665 1382 1736 cujus
1408 1681 1605 1722 manus
1625 1668 1883 1733 incidere,
1909 1683 2038 1723 vere

458 1752 754 1808 terribilem
820 1755 1021 1823 habet,
1096 1765 1152 1811 et
1212 1757 1582 1813 inevitabilem
1630 1759 2039 1831 perfectumque

457 1845 760 1902 interitum.
828 1846 1070 1903 Licinius
1117 1858 1299 1904 autem
1350 1865 1476 1906 cum
1516 1851 1744 1908 vidisset
1790 1863 2035 1910 sanctum

2140 663 2395 732 ὑποσχεῖν
2426 662 2589 716 αὐτὸν
2613 664 2831 716 καλεύει
2851 662 2947 733 τὴν
2976 659 3290 733 βαρυτάτην
3324 673 3339 689 ⁸
3375 656 3409 727 ή
3436 655 3495 709 δὲ
3536 650 3626 725 ἦν,
3655 654 3719 707 τδ

2139 756 2238 817 τὰς
2291 754 2356 806 ὲκ
2389 754 2498 807 τῶν
2531 755 2745 824 ῥάϐδων
2788 755 3014 808 ἐκείνων
3063 750 3282 822 πληγὰς
3337 747 3480 801 κατὰ
3507 746 3719 816 γυμνοῦ

2141 845 2343 910 παντὸς
2369 847 2463 899 τοῦ
2492 846 2744 916 σώματος
2793 844 3070 915 δέχεσθαι,
3122 841 3261 896 ἀλλὰ
3290 838 3385 893 καὶ
3436 838 3598 908 μέχρι
3630 853 3720 889 το-

2144 938 2334 991 σούτου
2360 937 2465 1001 ἕως
2494 938 2587 990 καὶ
2615 936 2776 1009 αὐτὴ,
2808 936 2996 1006 φησὶν,
3029 932 3255 1003 ἐπιλίπῃ
3282 931 3447 985 αὐτὸν
3474 930 3507 998 ἡ
3542 926 3718 996 φωνή.

2143 1029 2253 1081 Καὶ
2288 1027 2433 1082 οὕτω
2479 1028 2579 1099 μὲν
2630 1029 2659 1081 6
2699 1026 2941 1089 Λικίνιος
2967 1042 2982 1057 ’
3012 1024 3042 1078 6
3068 1024 3126 1077 δὲ
3159 1023 3364 1093 μάρτυς
3417 1017 3595 1072 καίτοι
3631 1032 3720 1068 το·

2143 1120 2352 1183 σούτοις
2389 1115 2799 1190 ἀπειλημμένος
2835 1115 3046 1179 κακοῖς,
3071 1112 3260 1175 ἀτενὲς
3306 1111 3387 1171 εἰς
3442 1107 3534 1161 τὸν
3565 1103 3721 1175 φίλον

2141 1212 2309 1284 ἑώρα,
2367 1211 2461 1269 καὶ
2495 1209 2656 1264 αὑτὸν
2706 1208 2786 1272 εἰς
2829 1205 3150 1278 συμμαχίαν
3183 1201 3390 1265 ἐκάλει,
3446 1198 3542 1252 καὶ
3570 1194 3722 1264 αὐτῷ

2145 1307 2340 1379 μεσίτῃ
2382 1305 2516 1375 πρὸς
2584 1302 2819 1374 Χριστὸν
2885 1299 3087 1371 ἐχρῆτο
3134 1313 3148 1327 ·
3201 1292 3458 1363 Ἑρμύλε,
3512 1290 3713 1357 λέγων,

2141 1395 2294 1466 εὖξαι
2345 1397 2483 1466 ὑπὲρ
2513 1393 2647 1465 ἐμοῦ
2692 1393 2770 1463 τῷ
2799 1391 3041 1463 Χριστῷ,
3073 1390 3160 1442 ῐνα
3185 1386 3402 1455 ἀσφαλῆ
3436 1383 3537 1455 τὴν
3584 1380 3723 1451 πρὸς

2142 1492 2306 1545 αὐτὸν
2347 1487 2590 1556 φυλάξας
2619 1484 2933 1557 ὁμολογίαν,
2961 1479 3174 1550 δυνηθῶ
3203 1472 3586 1548 περιγενέσθαι
3622 1475 3723 1542 ρᾳ·

2141 1584 2268 1645 δίως
2306 1581 2414 1635 τῶν
2453 1576 2757 1633 ἐπιϐουλῶν
2784 1575 2881 1630 τοῦ
2929 1572 3219 1644 τυράννου.
3260 1563 3481 1630 Μεταξὺ
3518 1562 3578 1617 δὶ
3625 1562 3723 1614 καὶ

2143 1672 2279 1743 πρὸς
2322 1670 2487 1725 αὐτὸν
2525 1669 2841 1724 ἀπέσκοπτε
2886 1665 2979 1719 τὸν
3014 1662 3276 1727 Λικίνιον,
3305 1657 3447 1718 θεοῖς
3486 1672 3546 1708 τε
3574 1654 3724 1706 ἀπα-

2144 1765 2387 1835 γορεύων
2443 1762 2594 1816 θύειν
2636 1759 2882 1829 τυφλοῖς,
2931 1757 3026 1809 καὶ
3058 1752 3193 1807 Θεοῦ
3221 1745 3478 1819 ἀληθινοῦ
3507 1743 3729 1835 ἄμυναν

2147 1829 2297 1924 αύτῷ
2319 1852 2575 1906 ἐπισείων
2609 1866 2625 1884 η
2664 1841 2728 1902 οὗ
2773 1847 2835 1900 τὸ
2875 1844 3137 1916 ἐμπεσεῖν
3167 1841 3246 1902 εἰς
3275 1839 3464 1908 χεῖρας
3489 1829 3725 1924 φοῦερδν

457 1938 826 1994 Stratonicum
862 1939 992 1994 satis
1015 1940 1283 2006 saucium,
1313 1943 1490 2012 parcit
1518 1957 1643 1998 eum
1672 1945 1908 2016 amplius
1935 1964 2034 2018 pu-

2141 1921 2379 2015 ἁληθῶς,
2435 1943 2530 1997 καὶ
2582 1942 2825 2010 ἄφυκτον
2872 1936 3011 2006 ἔχων
3072 1931 3171 1986 καὶ
3245 1921 3723 1992 συντετελωμένην

461 2032 578 2092 υἷι-Θ
608 2049 620 2084 :
655 2047 763 2087 non
795 2034 939 2103 quod
979 2034 1218 2090 humana
1253 2050 1411 2092 mens
1442 2046 1498 2092 et
1522 2038 1764 2094 clemens
1809 2041 2032 2095 animus

2140 2038 2440 2090 ἀπώλειαν.
2496 2032 2741 2088 Λικινίου
2804 2029 2990 2099 μέντοι
3020 2025 3114 2079 τὸν
3161 2022 3307 2093 ἱερὸν
3357 2017 3727 2103 Στρατόνικον

457 2140 583 2177 cum
610 2135 851 2181 moveret
870 2126 937 2182 ad
956 2127 1407 2193 misericordiam,
1428 2130 1522 2185 sed
1546 2139 1603 2185 ut
1619 2132 1667 2185 ei
1686 2132 1865 2188 locum
1884 2132 2034 2188 daret

2140 2125 2483 2199 τραυματίαν
2528 2123 2825 2193 γενόμενον
2867 2115 3070 2180 ἱκανῶς
3104 2111 3230 2211 ἰδὼν
3275 2108 3519 2211 φείδεται
3557 2102 3722 2211 κολάζ-

460 2216 815 2282 poenitentite,
853 2231 976 2275 cum
998 2232 1122 2272 eum
1162 2217 1314 2297 prius
1348 2226 1618 2275 tormento
1640 2223 1945 2277 terruisset.
1971 2220 2034 2275 Et

2140 2194 2228 2272 σαι
2284 2194 2486 2272 ’πλέον’
2547 2214 2794 2285 φείδεται
2839 2210 2899 2264 ού
2946 2202 3323 2297 φιλανθρωπιρ
3339 2194 3724 2297 ῃγώιμῃ.καὶ

458 2307 582 2365 idco
618 2322 742 2362 eum
790 2307 843 2361 in
895 2308 1183 2378 praesentia
1234 2309 1529 2369 tradiditin
1574 2312 1894 2370 custodiam.
1944 2314 2036 2368 ille

460 2414 586 2453 vero
619 2397 719 2453 etsi
760 2407 907 2454 esset
958 2400 1011 2454 in
1054 2400 1320 2467 custodia,
1374 2400 1562 2457 Jesum
1609 2403 1841 2467 ducebat
1882 2420 2034 2460 suam

458 2503 580 2542 esse
611 2490 1064 2558 consolationem,
1090 2501 1289 2547 etcum
1322 2507 1388 2546 eo
1420 2508 1519 2563 per
1547 2508 1739 2564 preces
1761 2494 2035 2565 colloque-

458 2582 661 2636 batur:
699 2581 941 2648 Domine,
990 2583 1196 2648 dicens,
1244 2600 1308 2640 ne
1350 2588 1649 2640 memineris
1692 2588 2033 2658 iniquitatum

460 2685 765 2730 nostrarum
796 2684 1135 2747 antiquarum
1195 2676 1262 2730 ‘°.
1303 2676 1409 2732 Fer
1462 2693 1621 2747 opem
1674 2679 1851 2744 nobis,
1890 2680 2035 2735 Deus

464 2766 721 2830 Servator
776 2777 982 2834 noster,
1023 2777 1246 2839 propter
1281 2769 1509 2841 gloriam
1556 2772 1795 2835 nominis
1842 2774 2035 2829 tui.Et

459 2859 619 2918 simul
652 2875 753 2917 vox
791 2860 973 2916 divina
1012 2870 1096 2917 est
1145 2872 1460 2928 consecuta,
1501 2864 1689 2920 dicens
1727 2883 1741 2919 :
1802 2865 2032 2922 Cursum

459 2954 953 3021 consummavistis,
988 2954 1144 3010 Iidem
1174 2957 1453 3012 servastis.
1494 2956 1571 3013 De
1596 2968 1795 3015 caetero
1831 2970 1917 3016 est
1943 2978 2035 3016 vo-

462 3047 545 3100 bis
598 3047 834 3117 reposita
879 3062 1081 3103 corona
1133 3047 1383 3118 iustitiae,
1441 3065 1602 3121 quam
1641 3066 1762 3107 cras
1796 3055 2031 3124 accipie-

459 3139 548 3193 tis.

530 3316 619 3372 XI.
649 3318 789 3374 Cum
816 3327 999 3373 autem
1021 3321 1132 3390 jam
1151 3330 1297 3376 esset
1318 3321 1458 3386 dies,
1487 3323 1781 3381 adductum
1805 3321 2031 3394 Hermy-

466 3412 584 3465 lum
612 3428 801 3467 rursus
830 3411 1179 3483 interrogavit
1228 3412 1493 3475 Licinius.
1525 3430 1592 3470 an
1622 3416 1728 3473 diis
1756 3416 2032 3479 sacriﬁca-

460 3512 562 3559 ret.
594 3504 687 3557 Ille
707 3515 887 3558 autem
918 3523 931 3560 :
974 3505 1173 3559 Eadem
1210 3523 1332 3576 qua:
1366 3507 1538 3577 prius,
1569 3507 1765 3577 inquit.
1786 3524 1819 3562 o
1852 3507 2029 3578 impe~

463 3606 624 3660 rator,
647 3595 715 3651 do
736 3596 827 3651 tibi
854 3613 997 3652 nunc
1019 3614 1278 3667 responsa
1300 3615 1314 3652 :
1336 3601 1712 3669 quamobrem,
1736 3617 1852 3660 ure,
1877 3602 2030 3670 puni,

459 3687 688 3749 scinde.
730 3686 815 3742 [ac
861 3688 1125 3758 quidquid
1156 3698 1249 3744 tuo
1286 3690 1552 3745 insederit
1599 3691 1803 3745 animo.
1860 3692 2029 3747 Didici

457 3782 603 3835 enim
634 3797 741 3835 non
768 3782 959 3836 timere
992 3782 1059 3836 ab
1082 3782 1167 3844 iis.
1199 3783 1290 3853 qui
1328 3798 1527 3852 corpus
1576 3785 1851 3851 occidunt,
1898 3786 2029 3839 ani-

457 3888 599 3925 mam
625 3880 804 3926 autem
835 3887 944 3927 non
988 3883 1215 3941 possunt
1255 3872 1524 3928 occidere.
1569 3873 1694 3930 lla-c
1722 3890 1845 3931 cum
1874 3877 2031 3931 audi—

456 3966 626 4028 visset
670 3966 986 4036 imperator,
1038 3976 1095 4021 ct
1140 3965 1484 4035 desperasset
1524 3967 1642 4023 fore
1692 3970 1938 4037 omnino,
1975 3980 2033 4025 ut

350 4075 355 4081 ·
458 4064 707 4117 sanctum
735 4055 788 4113 in
819 4056 979 4110 aliam
1020 4056 1330 4118 traduceret
1367 4060 1716 4124 sententiam,
1752 4077 1876 4117 eum
1912 4077 2032 4118 sus-

459 4146 647 4217 pendit
679 4146 732 4199 in
762 4145 929 4216 ligno,
981 4157 1038 4201 et
1078 4146 1235 4215 jubet
1284 4161 1409 4201 eum
1441 4149 1795 4209 vehementer
1835 4152 2028 4207 scindi.

459 4236 563 4289 Sed
588 4235 688 4290 etsi
720 4236 838 4305 ejus
862 4250 1058 4290 carnes
1106 4243 1214 4289 tam
1243 4238 1439 4292 acerbe
1482 4239 1885 4302 scinderentur.
1919 4258 2031 4298 non

462 4322 746 4393 ignorabat
791 4323 1063 4378 undenam
1102 4333 1248 4378 esset
1304 4324 1451 4380 salus
1487 4326 1780 4396 justorum.
1837 4346 2033 4401 nempe

459 4413 650 4482 quoda
682 4412 933 4478 Domino,
969 4422 1026 4469 et
1051 4414 1195 4485 quod
1219 4423 1302 4470 est
1317 4431 1505 4471 eorum
1528 4418 1784 4474 defensor
1806 4421 1858 4475 in
1894 4430 2033 4475 tem-

458 4505 931 4575 porealllictionis.
952 4507 1018 4562 Et
1042 4508 1165 4563 ideo
1185 4528 1198 4565 ;
1219 4507 1347 4565 Esto
1371 4510 1503 4577 mibi
1526 4511 1761 4582 adjutor,
1786 4513 2032 4580 Domine,

2062 3267 2109 3326 C

2135 2311 2279 2381 ψυχῇ
2314 2283 2572 2378 κλινούση
2606 2304 2741 2375 πρὸς
2788 2302 2959 2366 ἔλεον,
3015 2296 3130 2352 ἀλλ’
3183 2294 3272 2386 ἵνα
3300 2291 3375 2361 δῷ
3409 2283 3726 2386 καὶιχώρ-ανι

2140 2378 2424 2473 μετανοίᾳ.
2447 2401 2514 2470 τῇ
2559 2396 2785 2468 βασάνῳ
2833 2392 3093 2484 φοϐήσας
3118 2385 3408 2484 προτερον.
3435 2378 3536 2432 Διὰ
3560 2378 3727 2484 toxico

2138 2494 2232 2547 καὶ
2273 2492 2488 2563 φυλακῇ
2517 2489 2577 2543 τὸ
2624 2487 2800 2558 παρὸν
2830 2483 3032 2539 ἐδίδου.
3077 2479 3137 2533 '0
3170 2476 3348 2576 δὲ-καὶ
3374 2476 3726 2576 φρουρούμξῖ

2141 2602 2249 2649 νος,
2287 2559 2659 2653 παράκλησιν
2687 2578 2921 2631 ἐποιεῖτο
2957 2573 3049 2627 τὸν
3081 2568 3315 2639 Ἰησοῦν,
3350 2565 3446 2619 καὶ
3480 2559 3628 2664 αὐτῷ
3649 2559 3702 2611 δι

2137 2678 2301 2747 εὐχῆς
2330 2652 2547 2746 ὡμίλει,
2581 2671 2781 2740 Κύριε,
2810 2668 3009 2737 λέγων,
3026 2663 3109 2735 μὴ
3130 2658 3376 2732 μησθῆς
3396 2652 3565 2747 ’ἡμῶιν
3579 2652 3724 2747 ἀκο-

2135 2742 2290 2839 μιξὸίο
2341 2742 2626 2837 ἀρχαίων.
2678 2761 2954 2830 Βοήθησον
2993 2758 3124 2827 ἡμῖν
3180 2754 3208 2806 6
3249 2750 3382 2812 Θεὸς
3525 2742 3723 2839 ξωτὴρ

2144 2832 2300 2930 ἦμῶν
2332 2832 2518 2911 ἕνεκεν
2540 2856 2637 2925 τῆς
2664 2852 2819 2921 δόξης
2848 2848 2943 2904 τοῦ
2968 2844 3232 2915 ὀνόματός
3260 2857 3376 2895 σου.
3442 2836 3554 2930 καλ
3599 2832 3723 2903 ἅμα

2139 2928 2260 3005 θεία
2306 2946 2664 3020 ἐπηκολούθει
2722 2944 2871 3014 φωνή
2915 2958 2931 2973 ο
2981 2938 3085 2994 Τὸν
3128 2936 3330 3008 δρόμον
3372 2928 3719 2987 τετελέκατε,

2135 3019 2408 3111 λέγουσα,
2429 3041 2527 3109 τὴν
2551 3039 2734 3092 πίστιν
2754 3033 3093 3105 τετηρήκατε
3130 3043 3145 3058 ·
3178 3024 3362 3123 λοιπὸν
3430 3019 3724 3123 ἀπύκειται

2138 3108 2269 3206 ὑμὶν
2296 3137 2326 3188 6
2371 3108 2853 3202 τῆςίδικαιοσύνης
2884 3125 3170 3191 στέφανος,
3191 3116 3251 3171 δν
3291 3113 3481 3185 αὔριον
3514 3108 3722 3177 ἀπολή-

2137 3226 2324 3296 ψεσθε.

2211 3317 2315 3374 lA'.
2359 3316 2604 3387 Ἡμέρας
2640 3313 2698 3367 δὲ
2745 3310 2846 3381 ἢδη
2880 3306 3200 3378 γενομένης,
3255 3299 3348 3353 τὸν
3384 3293 3654 3365 Ἐρμύλον
3689 3289 3725 3341 6

2143 3411 2379 3474 Λικίνιος
2422 3406 2645 3478 ἀγαγὼν
2673 3401 2936 3474 ἐπηρώτα
2961 3401 3058 3454 καὶ
3088 3396 3251 3451 πάλιν
3298 3395 3346 3446 εἰ
3381 3389 3500 3443 θύει
3526 3387 3682 3448 θεοῖς
3704 3400 3717 3413 ·

2140 3509 2167 3559 6
2199 3504 2278 3568 δὲ,
2331 3502 2440 3564 Τὰς
2476 3500 2744 3572 προτέρας
2773 3512 2879 3559 σοι,
2912 3492 3038 3562 ἔφη,
3079 3489 3271 3556 δίδωμι
3299 3483 3395 3537 καὶ
3437 3480 3533 3533 νῦν
3583 3480 3719 3531 ἀπο,

2142 3597 2371 3667 κρίσεις,
2417 3588 2462 3648 ὦ
2520 3588 2765 3663 βασιλεύ,
2819 3586 2959 3640 ὥστε
3008 3585 3150 3640 καῖε.
3210 3575 3465 3647 τιμώρει,
3513 3572 3706 3679 τέμνε,

2144 3690 2285 3743 ποίει
2315 3690 2421 3741 πᾶν
2447 3686 2532 3740 ἐπ’
2563 3683 2688 3752 ἐμοὶ
2715 3681 2775 3735 τὸ
2803 3678 2881 3749 τῷ
2911 3675 3069 3746 θυμῷ
3094 3671 3509 3765 παριστάμενον.
3531 3681 3545 3695 ·
3575 3671 3711 3765 ἔμα-

2144 3779 2234 3832 θον
2255 3779 2363 3848 γὰρ
2380 3775 2454 3847 μὴ
2482 3772 2762 3842 φοϐεῖσθαι
2783 3768 2888 3821 ἀπὸ
2908 3766 3015 3819 τῶν
3042 3754 3717 3848 ἀποκτενόντωνὼσιῦμα,

2139 3870 2239 3940 τὴν
2254 3843 2308 3922 δὲ
2322 3843 2500 3938 dux-ir;
2516 3864 2830 3920 ἀποκτεῖναι
2849 3860 2922 3930 μὴ
2934 3853 3265 3925 δυναμένων.
3280 3847 3497 3902 Τούτων
3517 3845 3545 3897 6
3564 3843 3722 3940 βασι-

2140 3937 2262 4026 λεὺς
2291 3937 2550 4023 ἀκούσας,
2585 3958 2678 4011 καὶ
2720 3956 2782 4009 τὸ
2811 3950 3158 4025 μεταγνῶναι
3191 3945 3282 3999 τὸν
3309 3942 3461 4011 ἅγιον
3507 3937 3720 3992 παντά-

2143 4072 2308 4109 πασιν
2330 4051 2626 4120 ἀπογνοὺς,
2678 4049 2773 4100 ἐπὶ
2818 4045 2976 4111 ξύλου
3018 4059 3076 4093 τε
3105 4039 3270 4092 αὐτὸν
3334 4032 3566 4103 ἁναρτᾷ,
3626 4027 3723 4080 καὶ

2118 4148 2352 4203 ,κελεύει
2394 4145 2638 4216 σφοδρῶς
2696 4136 3150 4210 κατατέμνεσθαι.
3212 4131 3372 4187 Ἀλλὰ
3406 4128 3498 4183 καὶ
3557 4124 3722 4185 αὐτὸς

2140 4243 2282 4296 οὕτω
2313 4239 2525 4312 πικρῶς
2586 4237 2681 4299 τὰς
2728 4235 2938 4317 σάρκας
2987 4228 3337 4299 τεμνόμενος,
3378 4223 3480 4276 οὐκ
3531 4218 3725 4317 ἠγνόει

2144 4337 2309 4390 πόθεν
2336 4335 2445 4404 ἄρα
2472 4332 2582 4385 τῶν
2605 4329 2827 4383 δικαίων
2856 4312 2888 4394 ἦ
2916 4323 3177 4393 σωτηρία,
3208 4323 3290 4374 ὅτι
3321 4316 3470 4386 παρὰ
3489 4312 3719 4382 Κυρίου,

2143 4432 2235 4484 καὶ
2257 4429 2337 4481 ὅτι
2360 4424 2773 4495 ὑπερασπιστὴς
2797 4417 2976 4473 αὐτῶν
2999 4418 3145 4468 ἐστιν
3176 4415 3234 4467 ἐν
3254 4409 3433 4481 καιρῷ
3462 4406 3717 4474 θλίψεως.

2144 4518 2350 4575 Καὶδιὰ
2370 4515 2546 4581 τοῦτο,
2562 4512 2752 4584 βοηθός
2773 4529 2871 4582 μου
2892 4506 3071 4578 γενοῦ,
3091 4506 3285 4575 Κύριε,
3301 4502 3397 4555 καὶ
3410 4498 3719 4570 λυτρωτὴς,

459 4609 516 4651 et
555 4599 887 4670 redemptor,
914 4601 1128 4657 dicebat
1153 4602 1392 4671 assidue,
1426 4613 1482 4659 et
1514 4604 1739 4674 perinde
1769 4621 1833 4661 ac
1877 4608 1919 4661 si
1955 4609 2034 4663 vi-

2144 4612 2373 4681 ὲπέμενε
2411 4607 2607 4676 λέγων,
2648 4604 2744 4659 καὶ
2770 4597 2881 4656 οἷον
2910 4603 2959 4654 εἰ
2990 4593 3535 4689 φθεγγομένου-τινος
3573 4593 3721 4689 ἄνω-

459 4693 679 4747 derctur
707 4694 941 4764 aliquem
972 4695 1205 4766 desuper
1228 4697 1420 4752 audire
1446 4696 1717 4752 dicentem
1752 4715 1764 4750 :
1805 4698 1921 4754 Noli
1957 4702 2031 4756 ti-

462 4800 611 4838 mere
638 4801 651 4850 ;
684 4799 803 4847 sum
833 4787 977 4841 enim
1009 4796 1207 4850 tecum.
1234 4773 1289 4843 et
1316 4786 1460 4843 Deus
1483 4797 1608 4842 tuus
1631 4804 1730 4859 ego
1757 4805 1900 4845 sum.
1925 4787 2033 4846 Ve-

460 4876 597 4931 ritus
629 4891 757 4948 ergo
806 4878 1067 4944 Licinius,
1101 4888 1156 4936 et
1183 4895 1250 4934 ex
1302 4879 1580 4941 auditione
1614 4881 1778 4935 veluti
1810 4892 2033 4938 contur-

460 4967 639 5030 batus,
668 4984 734 5023 ex
763 4970 909 5040 ligno
934 4971 1154 5033 deducit
1192 4982 1508 5042 martyrem,
1532 4982 1586 5027 et
1615 4988 1739 5028 eum
1773 4977 2035 5031 condem-r

460 5072 574 5123 nat,
609 5071 667 5117 ut
698 5063 751 5125 in
802 5064 939 5119 lstro
987 5063 1150 5123 ﬂuvio
1194 5066 1447 5127 intereat,
1500 5066 1702 5135 jubens
1741 5078 1801 5123 ut
1834 5069 1886 5122 in
1909 5085 2033 5124 eum

456 5158 732 5225 iaceretur
758 5174 773 5223 ;
802 5158 1003 5212 stultus
1030 5156 1263 5212 fortasse
1289 5157 1602 5222 arbitratus,
1630 5160 1774 5230 quod
1799 5160 1877 5214 sic
1907 5176 2034 5229 pas-

461 5264 557 5302 sus
581 5247 866 5320 llermylus
910 5247 1138 5304 omnino
1183 5247 1453 5311 interiret,
1481 5257 1537 5303 et
1570 5264 1674 5304 nec
1706 5250 2035 5305 venerabilis

461 5338 679 5406 quidem
704 5339 827 5407 ejus
865 5338 1110 5408 corporis
1136 5337 1318 5392 futura
1365 5349 1513 5394 esset
1541 5341 1802 5396 inventio.
1838 5342 1917 5395 Ad
1952 5343 2036 5412 ip-

460 5443 579 5489 sum
593 5437 773 5484 autem
792 5429 1025 5485 adducto
1048 5429 1379 5495 Stratonico,
1401 5430 1549 5486 visus
1574 5443 1658 5487 est
1677 5448 1965 5504 suggerere
1984 5443 2039 5490 et

459 5519 757 5575 admonere
788 5536 1009 5591 ea,quae
1038 5530 1223 5575 essent
1249 5521 1636 5586 utilia.Crede,
1671 5524 2038 5593 inquit,milii,

460 5622 495 5666 0
527 5609 713 5671 miser,
740 5611 926 5676 crede,
954 5619 1011 5667 et
1031 5611 1137 5667 diis
1162 5612 1300 5668 velis
1327 5612 1652 5679 sacrificare,
1680 5630 1750 5669 nc
1776 5623 1830 5668 tu
1849 5616 2037 5670 eadem

464 5712 679 5769 quoque
712 5700 953 5770 patiaris,
977 5718 1099 5771 qua
1123 5705 1350 5771 amicus,
1375 5714 1429 5760 et
1452 5706 1613 5763 ambo
1630 5707 1869 5763 subeatis
1891 5724 2038 5762 eam—

543 5852 583 5893 "
627 5851 763 5915 Psal.
793 5873 958 5923 usu,
993 5861 1045 5913 8.

2145 4705 2235 4757 θεν
2261 4699 2483 4754 ἀκούειν
2515 4696 2691 4750 ἐδόκει
2720 4712 2732 4724 ·
2765 4694 2858 4764 Μὴ
2890 4691 3078 4761 φοϐοὖο
3117 4689 3255 4760 μετὰ
3293 4685 3389 4740 σοῦ
3430 4685 3538 4754 γάρ
3577 4685 3717 4753 εἰμι,

2143 4796 2240 4852 καὶ
2266 4796 2292 4847 ὁ
2316 4793 2445 4856 Θεός
2475 4808 2568 4844 σου
2615 4786 2723 4857 ἐγώ
2753 4787 2891 4856 εἰμι.
2941 4786 3137 4846 Δείσας
3170 4779 3457 4850 τοιγαροῦν
3499 4779 3528 4830 6
3569 4775 3723 4830 Λικί·

2142 4902 2274 4947 νιος.
2309 4886 2402 4936 καί
2425 4881 2559 4952 πρὸς
2581 4877 2680 4949 τὴν
2712 4878 2879 4948 ἀκοὴν
2906 4870 2996 4929 οἷα
3022 4871 3430 4943 συνταραχθεὶς,
3454 4868 3546 4922 τὸν
3573 4866 3719 4952 utip-

2142 4992 2281 5044 τυρα
2310 4971 2404 5024 τοῦ
2441 4971 2599 5034 ξύλου
2656 4966 2906 5034 κατάγει,
2953 4965 3048 5017 καὶ
3075 4963 3264 5016 τούτου
3303 4961 3400 5029 μὲν
3447 4956 3723 5011 ἀπώλειαν

2144 5069 2243 5138 τὴν
2285 5067 2343 5118 ὲν
2394 5062 2471 5133 τῷ
2523 5059 2750 5130 ποταμῷ
2781 5057 2857 5129 τῷ
2912 5059 3111 5127 Ἴστρῳ
3160 5052 3619 5121 καταψηφίζεται,
3661 5048 3723 5097 ἐν

2140 5155 2292 5225 αύτῷ
2330 5157 2555 5226 ριφῆναι
2597 5148 2930 5223 προστάξας,
2989 5149 3117 5207 ἴσως
3153 5142 3380 5214 οἰηθεὶς,
3412 5141 3439 5192 6
3469 5137 3720 5206 ἅνόητος,

2142 5252 2225 5302 ἔτι
2260 5248 2446 5299 παθὼν
2506 5246 2680 5308 οὕτως
2726 5242 2994 5313 Ἐρμύλος
3038 5238 3389 5292 παντάπασιν
3450 5230 3725 5285 ἅπώλοιτο

2141 5341 2227 5405 ἂν,
2285 5342 2375 5392 καὶ
2428 5339 2550 5391 οὐδὲ
2592 5337 2685 5390 τοῦ
2747 5336 2935 5407 τιμίου
2988 5332 3154 5387 αὑτοῦ
3196 5330 3449 5399 σώματος
3500 5324 3721 5393 εὕρεσις

2140 5434 2313 5485 ἔσται.
2357 5429 2858 5499 Παραστησάμενος
2899 5426 3031 5494 γοῦν
3067 5425 3156 5476 τὸν
3197 5422 3555 5492 Στρατόνικον
3588 5418 3723 5469 ύπο-

2139 5526 2346 5579 τιθέναι
2391 5524 2555 5593 δῆθεν
2614 5520 2765 5592 αὐτῷ
2791 5518 2860 5574 τὰ
2881 5519 3132 5590 λυσιτελῆ
3196 5520 3288 5570 καὶ
3330 5512 3723 5586 συμϐουλεύειν

2139 5616 2323 5687 ἐῴκει,
2345 5617 2456 5678 καλ,
2482 5613 2743 5685 Πείσθητί
2774 5613 3111 5684 μοι,ἔλεγεν,
3143 5611 3318 5675 ἄθλιε,
3346 5606 3597 5677 πείσθητι
3629 5607 3719 5671 σὺ,

2141 5711 2232 5764 καὶ
2259 5709 2418 5763 θῦσαι
2444 5708 2546 5761 κᾶν
2574 5706 2732 5770 a616,-
2768 5707 2887 5760 ἑλοῦ
2907 5710 3019 5770 τοῖς
3044 5708 3205 5770 θεοῐς,
3247 5707 3333 5760 ἵνα
3363 5706 3435 5775 μὴ
3459 5701 3528 5758 τὰ
3557 5704 3720 5773 ὅμοια
3755 5712 3762 5721 ‘

3670 5814 3711 5841 Ι
