4144 6420
405 454 515 518 Ξθὸ

1315 457 1493 516 VlTA
1529 456 1632 516 SS.
1671 455 2014 516 HEiiMYLI
2063 457 2155 513 ΕΤ
2199 454 2682 516 STRATONICL

3555 457 3663 519 566

388 565 475 637 τῷ
505 563 648 633 φίλῳ
681 561 862 634 πάθῃς
907 563 998 616 καὶ
1035 565 1120 632 σὺ,
1168 565 1265 618 καὶ
1289 566 1446 635 δίκην
1481 567 1651 637 ἄμφω
1683 567 1782 636 τῆς
1813 571 1978 620 ἀπει-

2090 566 2207 620 deni
2277 581 2494 636 pieuam
2571 565 2990 622 inohedientiae.
3066 567 3423 637 Respondeus
3483 579 3664 622 autem

392 657 549 719 θείας
581 656 858 725 ὑποσχῆτε
893 656 1120 726 ταύτην.
1168 656 1487 710 Ύπολαϐὼν
1517 659 1574 710 δὲ
1623 658 1652 709 δ
1694 658 1980 730 Στρατόνι-

391 766 512 814 κος,
545 747 765 810 Ἀθλιος
793 746 860 800 ἃν
880 746 1021 818 εἵην,
1054 747 1127 810 ὼς
1159 747 1396 819 ἀληθῶς,
1421 744 1592 815 εἷπεν,
1616 751 1662 801 εί
1696 749 1777 801 σοὶ
1801 749 1981 802 πειθό-

393 859 585 911 μενος,
613 840 870 904 θανόντος
909 839 1120 894 ἐκείνου
1167 841 1256 894 διὰ
1288 841 1546 909 Χριστὸν,
1575 842 1739 905 αὐτὸς
1775 842 1983 912 ἕλωμαι

390 933 518 1002 ζῇν.
547 931 655 984 Καὶ
677 932 705 984 ὁ
720 930 984 994 Λικίνιος⁸
1010 931 1076 984 Τί
1100 931 1236 1000 δῆτα
1265 931 1449 1002 βούλει
1472 935 1568 986 καὶ
1590 934 1984 988 συναποθανεῖν

405 1022 708 1092 Ἕρμύλῳς
769 1023 919 1076 Πάνυ
979 1023 1090 1091 μὲνι
1134 1019 1228 1077 οὖν
1279 1025 1308 1076 ό
1346 1023 1488 1086 θεῖος
1538 1023 1642 1094 ἔφη
1693 1025 1984 1094 Στρατόνι-

396 1134 498 1180 κος
525 1131 539 1145 ο
573 1115 672 1170 καὶ
710 1114 842 1185 γὰρ,
895 1115 944 1167 εἰ
997 1115 1181 1179 κοινάς
1202 1117 1330 1180 τοὺς
1381 1115 1568 1186 φίλους
1599 1116 1744 1187 ἔχειν
1785 1117 1986 1171 δεῖκαὶ

395 1207 500 1270 τὰς
540 1207 851 1277 συμφορὰς,
895 1206 1165 1276 προσήκει
1206 1207 1428 1271 πάντως
1482 1208 1671 1278 κοινὴν
1715 1208 1986 1262 ποιεῖσθαι

397 1301 497 1352 καὶ
525 1301 626 1372 τὴν
652 1299 761 1352 τῶν
782 1297 1004 1366 ἀγαθῶν
1053 1299 1375 1354 ἀπόλαυσιν.
1433 1299 1500 1354 Τί
1520 1299 1578 1354 δὲ
1607 1300 1674 1354 ἂν
1707 1301 1842 1373 ἡμῖν
1889 1299 1985 1352 τοῦ

399 1391 493 1444 διὰ
520 1391 758 1457 Χριστὸν
783 1390 978 1445 παθεῖν
1006 1390 1269 1462 ἡδύτερόν
1287 1409 1348 1445 τε
1393 1393 1488 1446 καὶ
1517 1390 1875 1464 τιμιώτερον;
1901 1394 1986 1462 ἐφ’

401 1476 488 1543 οἷς
520 1483 611 1536 καὶ
647 1481 1003 1552 Στρατόνικον
1040 1485 1370 1553 μεταπεῖσαι
1397 1483 1558 1537 πλέον
1592 1482 1980 1554 ἀπαγορεύσας

410 1571 442 1621 ὁ
471 1571 857 1642 βασιλεὺς,τὴν
881 1571 1075 1641 ὁμοίαν
1107 1571 1204 1625 καὶ
1232 1572 1353 1626 κατ’
1383 1570 1547 1625 αὐτοῦ
1578 1570 1762 1624 δίδωσι
1785 1569 1986 1640 ψῆφον,

421 1661 517 1712 καὶ
550 1660 664 1713 ἴσον
682 1661 1002 1733 ἀμφοτέρων
1022 1661 1377 1733 κατεκρίνετο
1404 1661 1577 1725 τέλος,
1615 1659 1709 1724 οὒς
1731 1661 1828 1715 καὶ
1871 1663 1988 1716 ἴσον

423 1754 541 1815 ταῖς
567 1751 836 1820 ἀληθείαις
864 1753 1019 1818 τέλος
1066 1753 1300 1824 ἐδέχετο,
1333 1752 1427 1807 καὶ
1454 1754 1609 1824 κοινὴ
1647 1752 1988 1823 μακαριότης

408 1845 505 1896 καὶ
532 1843 868 1910 ἀγαλλίασις.

2087 656 2429 710 Stratonicus
2459 675 2470 708 :
2521 656 2748 724 Revera,
2797 657 2991 726 inquit,
3022 657 3186 713 miser
3238 657 3458 724 fuerim,
3490 660 3533 712 si
3569 660 3666 712 tibi

2086 763 2306 818 parcns,
2332 763 2457 802 cum
2491 750 2576 802 ille
2604 749 2674 803 sit
2700 759 2950 804 mortuus
2977 760 3198 821 propter
3224 749 3528 815 Christum,
3552 751 3668 820 ipse

2086 837 2246 890 velim
2284 838 2486 892 vivere.
2535 838 2776 893 Licinius
2795 846 2980 893 autem
3007 859 3019 894 :
3044 839 3188 906 Quid
3219 839 3385 910 ergo?
3414 839 3497 896 vis
3519 840 3670 895 mori

2086 944 2209 982 eum
2233 926 2518 999 Hermylo?
2536 929 2764 985 Maxime
2784 932 3032 1000 quidem,
3061 931 3239 1001 inquit
3263 935 3482 989 divinus
3514 933 3670 989 Stra-

2091 1019 2326 1075 tonicus.
2360 1018 2600 1086 Etenim,
2632 1021 2831 1092 inquit,
2861 1022 2908 1077 si
2931 1031 3150 1092 oportet
3179 1025 3384 1080 amicos
3420 1041 3672 1082 commu-

2089 1128 2188 1167 nes
2221 1111 2424 1167 habere
2453 1113 2809 1181 calamitates,
2834 1124 3049 1186 oportet
3071 1117 3297 1173 omnino
3325 1133 3420 1174 eos
3452 1133 3671 1188 quoque

2088 1205 2247 1260 bonis
2273 1204 2380 1260 frui
2404 1207 2790 1262 communiter.
2827 1207 2973 1273 Quid
3001 1218 3186 1264 autem
3215 1209 3375 1265 nobis
3397 1207 3561 1264 fuerit
3581 1210 3670 1280 ju-

2089 1295 2292 1350 cundiu
2306 1311 2332 1350 s
2354 1305 2451 1350 aut
2467 1296 2788 1365 pretiosius,
2807 1313 2972 1367 quam
2989 1299 3101 1369 pati
3123 1309 3343 1370 propter
3360 1299 3671 1355 Christum?

2091 1387 2325 1457 Propter
2354 1402 2476 1456 quae
2490 1402 2616 1440 eum
2648 1385 2994 1457 desperasset
3017 1389 3312 1460 imperator
3345 1389 3668 1460 ﬁeriposse,

2093 1487 2150 1533 ut
2174 1478 2532 1548 persuaderet
2553 1476 2890 1546 Stratonico,
2921 1480 3160 1534 similem
3203 1496 3421 1550 quoque
3455 1481 3507 1534 in
3543 1495 3669 1534 eum

2092 1569 2196 1625 fert
2234 1569 2584 1632 sententiam,
2617 1577 2674 1624 et
2700 1570 2890 1624 eodem
2931 1570 3039 1625 ﬁne
3082 1579 3372 1641 utrumque
3415 1573 3676 1627 condem-

2092 1671 2224 1718 nat:
2259 1677 2399 1732 quos
2417 1661 2583 1716 ctiam
2615 1675 2804 1716 revera
2845 1675 2940 1729 par
2975 1659 3101 1717 ﬁnis
3149 1661 3387 1731 excepit,
3423 1675 3674 1716 commu-

2093 1757 2286 1825 nisque
2317 1753 2600 1809 beatitudo
2625 1760 2680 1808 ct
2705 1753 3019 1808 exsultatio.

477 1908 840 2005 lB'i'Hyovto
863 1931 955 1991 οὖν
992 1937 1042 1990 οἱ
1076 1937 1356 2009 μάρτυρες
1384 1937 1485 2009 τὴν
1517 1938 1611 1990 ἐπὶ
1642 1936 1860 2004 θανάτῳ
1896 1937 1982 1990 λέ-

2163 1930 2281 1984 Χιι.
2322 1928 2404 1984 Ad
2430 1935 2659 1982 mortem
2695 1925 2877 1995 itaque
2902 1925 3246 1981 ducebantur
3276 1935 3560 1998 martyres,
3592 1927 3675 1982 di-

400 2043 636 2095 γοντες·
667 2029 807 2093 Δόξα
871 2029 930 2081 ἐν
963 2029 1213 2094 ὑψίστοις
1274 2029 1414 2099 Θεῷ,
1470 2029 1571 2082 καὶ
1619 2029 1713 2080 ἐπὶ
1757 2028 1857 2097 τῆς
1883 2029 1986 2096 γῆς

399 2120 619 2189 εἰρήνη,
656 2120 712 2172 ὲν
745 2119 1056 2191 ἀνθρώποις
1095 2120 1316 2172 εὐδοκία
1347 2135 1361 2149 ⁸
1393 2121 1592 2183 οἰκεῖος
1627 2123 1655 2174 ὁ
1679 2119 1846 2188 ὕμνος
1879 2120 1986 2172 τῶν

398 2210 628 2277 ἀγαθῶν
669 2228 815 2274 τινος
875 2210 1176 2264 ἀπολαύειν
1219 2210 1544 2281 μελλόντων,
1597 2212 1660 2264 οὐ
1699 2211 1808 2264 τῶν
1851 2211 1986 2280 πρὸς

397 2300 705 2370 θάνατονιῆ
746 2301 875 2354 ἄλλο
901 2319 954 2354 τι
1011 2303 1188 2354 αἴτιον
1245 2301 1552 2370 κατηφείας
1602 2300 1986 2370 ἀπαγομένων.

383 2392 503 2466 "81;
527 2392 582 2444 δὲ
613 2393 715 2463 ἤδη
743 2393 837 2445 τὸν
868 2393 1114 2462 ποταμὸν
1150 2391 1446 2445 κατέλαϐον
1477 2393 1534 2446 ὲν
1566 2393 1809 2463 σαργάνῃ
1836 2392 1987 2462 παρά

394 2485 510 2537 τῶν
534 2486 616 2548 είς
645 2485 803 2537 τοῦτο
831 2487 1187 2553 τεταγμένων
1219 2484 1532 2555 βληθέντες,
1563 2485 1642 2555 τῷ
1691 2484 1844 2554 βυθεῖ
1874 2501 1987 2536 πα-

399 2577 812 2646 ραπέμπονται.
869 2577 1178 2648 Δεξάμενος
1233 2578 1416 2648 μέντοι
1477 2581 1546 2629 τά
1613 2575 1843 2646 σώματα
1877 2576 1988 2628 τῶν

397 2667 578 2733 ἁγίων
605 2669 635 2719 ὁ
664 2667 927 2738 ποταμὸς,
998 2669 1097 2722 καὶ
1129 2670 1257 2722 ὅσον
1291 2668 1402 2721 ἔδει
1451 2667 1510 2720 τὸ
1572 2667 1789 2738 ῥεῖθρον
1823 2667 1988 2735 ἁγια-

397 2757 577 2821 σθεὶς,
609 2759 765 2828 χερσὶ
802 2759 1008 2813 πιστῶν
1028 2760 1276 2812 ἐκδίδωσι
1294 2759 1454 2812 πάλιν
1473 2759 1668 2822 ταῦτα,
1703 2757 1982 2827 καθάπερ,

404 2845 593 2918 οἶμαι,
625 2849 899 2920 θησαυρὸν
921 2850 1162 2904 τοιοῦτον
1202 2850 1331 2920 παρ’
1367 2849 1544 2919 ἑαυτῷ
1587 2849 1850 2918 κρύπτειν
1889 2848 1988 2901 οὐκ

401 2939 668 3006 ἐνεγκὼν,
750 2942 844 2994 καὶ
893 2942 1214 3011 τηλικοῦτον
1273 2939 1554 3010 ζημιῶσαι
1626 2940 1988 3011 Χριστιανοὺς

397 3029 614 3095 ἀγαθὸν
681 3030 777 3098 τῆς
854 3029 1078 3101 πρώτης
1156 3030 1493 3098 ἀγαθότητος
1576 3031 1678 3082 οὑκ
1754 3031 1989 3098 ἀνασχοο

406 3119 603 3189 μένης.
663 3120 815 3172 Μετά
866 3120 996 3188 γοῦν
1027 3119 1218 3190 τρίτην
1258 3120 1316 3184 ἐξ
1344 3118 1557 3172 ἐκείνου
1623 3118 1858 3187 ἡμέραν,
1919 3120 1985 3188 τῇ

2086 2031 2272 2077 centes
2307 2039 2320 2074 :
2362 2019 2544 2076 Gloria
2578 2020 2631 2072 in
2663 2018 2880 2072 excelsis
2912 2016 3014 2072 Deo
3042 2058 3056 2081 ,
3091 2025 3140 2072 et
3188 2019 3239 2071 in
3284 2027 3423 2070 terra
3456 2035 3581 2088 pax,
3619 2020 3674 2071 in

2087 2111 2381 2167 hominibus
2405 2113 2538 2165 bona
2567 2111 2806 2165 voluntas
2845 2111 2884 2140 “
2906 2125 2925 2163 :
2952 2109 3040 2178 qui
3061 2108 3280 2177 quidem
3323 2116 3406 2162 est
3443 2106 3675 2179 hymnus

2087 2201 2418 2256 conveniens
2462 2199 2548 2260 iis,
2580 2197 2672 2267 qui
2717 2205 2845 2252 sunt
2894 2197 3098 2250 bonum
3143 2193 3359 2263 aliquod
3410 2207 3676 2247 consecu-

2089 2293 2228 2348 turi:
2255 2307 2364 2347 non
2394 2306 2583 2345 eorum
2610 2289 2699 2358 qui
2728 2288 3074 2343 deducuntur
3095 2287 3160 2340 ad
3195 2293 3448 2350 mortem,
3480 2292 3574 2337 aut
3605 2283 3674 2336 ad

2086 2384 2322 2451 aliquam
2359 2381 2522 2434 aliam
2577 2394 2796 2434 causam
2836 2378 3092 2432 tristitizr.
3143 2375 3437 2446 Postquam
3489 2384 3672 2439 autem

2082 2477 2192 2546 jam
2230 2472 2608 2544 pervenissent
2645 2471 2712 2525 ad
2739 2469 2989 2533 ﬂuvium,
3030 2471 3085 2522 in
3120 2478 3235 2522 rete
3261 2468 3443 2538 injecti
3487 2466 3555 2520 ab
3581 2464 3670 2530 iis,

2086 2567 2287 2636 quibus
2311 2565 2416 2619 hoc
2452 2564 2639 2618 datum
2673 2571 2792 2617 erat
2811 2561 3112 2639 negotium,
3141 2560 3586 2614 transmittuntur
3617 2557 3671 2610 in

2090 2659 2447 2730 profundum.
2475 2657 2612 2711 Cum
2645 2655 2979 2724 suscepisset
3007 2662 3188 2708 autem
3218 2651 3416 2706 ﬂuvius
3445 2663 3674 2719 corpora

2089 2760 2424 2818 sanctorum,
2457 2759 2512 2805 et
2545 2756 2751 2820 quanto
2778 2748 3024 2818 oportuit
3064 2746 3271 2800 ﬂuento
3297 2751 3444 2798 esset
3467 2743 3673 2797 sancti-

2089 2846 2299 2908 ﬁcatus,
2331 2860 2394 2899 ea
2433 2859 2624 2897 rursus
2657 2841 2824 2896 tradit
2881 2840 3140 2894 manibus
3180 2838 3459 2892 ﬁdelium:
3497 2845 3550 2888 ut
3579 2837 3672 2903 qui

2090 2937 2271 3000 talem,
2309 2945 2368 2990 ut
2406 2935 2664 2999 arbitror,
2711 2935 3029 2988 thesaurum
3066 2931 3209 3000 apud
3248 2945 3306 2984 se
3339 2929 3544 2984 diutius
3577 2927 3671 2980 ab-

2090 3029 2219 3081 dere
2252 3043 2361 3080 non
2393 3025 2770 3087 sustinuisset,
2811 3033 2866 3078 et
2892 3023 3028 3077 tanti
3063 3022 3190 3076 boni
3217 3022 3429 3089 jactura
3458 3019 3674 3073 allicere

2089 3118 2446 3182 Christianos,
2481 3133 2603 3171 cum
2640 3117 2811 3186 prima
2843 3131 3034 3171 eorum
3062 3129 3170 3168 non
3209 3111 3548 3182 apparuisset
3577 3110 3672 3163 bo-

397 3214 588 3283 χέρσῳ
644 3217 879 3280 κείμενα
928 3210 994 3265 τὰ
1033 3211 1344 3281 μαρτυρικά
1401 3207 1628 3276 σώματα
1667 3208 1985 3280 καθωρὰθη,

2093 3213 2255 3266 nitas.
2310 3210 2496 3266 Tertio
2539 3225 2670 3280 ergo
2716 3210 2806 3264 die
2827 3218 3038 3277 postea,
3099 3208 3211 3261 visa
3262 3213 3393 3260 sunt
3444 3218 3672 3272 corpora

395 3303 498 3355 καί
520 3319 667 3365 τινες
701 3301 893 3372 ἄνδρες
935 3301 1199 3369 θεοφιλεῖς
1247 3303 1342 3354 καὶ
1369 3293 1451 3362 οἷς
1483 3299 1643 3370 ἔργον
1684 3300 1855 3367 ἁγίων
1889 3299 1989 3370 θη-

401 3395 509 3466 ρᾷν
540 3397 770 3463 σώματα
832 3393 1218 3463 περιτυχόντες
1274 3393 1494 3456 αὐτοὺς,
1530 3393 1684 3461 χερσί
1713 3409 1771 3444 τε
1801 3391 1991 3446 ποθού-

401 3503 527 3548 καις
569 3485 810 3549 εὐλαϐῶς
847 3485 1183 3554 ἀνελόμενοι,
1217 3485 1312 3536 καὶ
1348 3485 1549 3554 ὕμνους
1581 3485 1886 3554 ὲπᾲσαντες
1916 3485 1991 3536 ίε-

403 3579 558 3647 po’g,
594 3578 690 3630 καὶ
719 3578 819 3630 ὅσα
863 3579 1032 3647 νόμος
1056 3579 1400 3646 Χριστιανοῖς
1437 3577 1774 3641 τελέσαντες,
1803 3576 1859 3628 ἐν
1877 3593 1985 3629 τινι

399 3672 555 3737 τῦπῳ
583 3668 827 3730 σταδίους
847 3668 992 3720 ὀκτὼ
1021 3668 1116 3720 καὶ
1147 3667 1278 3720 δέκα
1311 3667 1410 3736 τῆς
1438 3668 1644 3730 πόλεως
1666 3668 1989 3737 Σιγγήδονος

407 3761 687 3829 ἀπέχοντι,
737 3761 876 3830 ὁμοῦ
911 3761 1292 3814 κατατίθενται
1323 3761 1517 3820 ταῦτα,
1553 3762 1640 3813 ἵνα
1672 3760 1830 3812 κοινὰ
1860 3759 1986 3811 τούο

415 3867 528 3912 τοις
575 3853 746 3904 πάντα
779 3853 873 3905 καὶ
933 3851 1122 3921 φιλικὰ
1177 3852 1416 3919 γίνηται,
1465 3852 1498 3921 ή
1562 3849 1696 3919 πρὸς
1755 3848 1988 3918 Χριστὸν

422 3941 698 4008 ὁμολογία,
753 3945 784 4013 ἡ
841 3945 898 3995 ἐν
933 3944 1009 4012 τῷ
1035 3943 1399 4015 δεσμωτηρίῳ
1430 3941 1774 4010 κατοίκησις,
1827 3941 1860 4009 ή
1911 3940 1990 4001 εἱς

421 4032 514 4083 τὸν
549 4034 776 4102 ποταμδν
812 4033 1128 4098 κατάλυσις,
1149 4037 1182 4103 ἡ
1209 4035 1321 4088 ἄνω
1346 4033 1522 4102 λῆξις,
1551 4034 1582 4102 ἡ
1613 4030 1697 4097 ἐφ’
1731 4031 1811 4083 ἐνὶ
1842 4031 1992 4100 τόπῳ

414 4124 523 4176 τῶν
555 4126 819 4194 σωμάτων
865 4126 1182 4192 κατάθεσις,
1241 4129 1426 4197 χάριτι
1461 4126 1556 4178 καὶ
1607 4123 1991 4196 φιλανθρωπίᾳ

407 4217 504 4268 τοῦ
545 4217 748 4287 Κυρίου
780 4220 937 4288 ἡμῶν
999 4219 1175 4288 Ἰησοῦ
1200 4218 1457 4289 Χριστοῦ,
1493 4218 1612 4288 μεθ’
1659 4211 1721 4270 οὗ
1753 4217 1832 4288 τῷ
1868 4217 1986 4270 Πα-

403 4309 496 4378 τρὶ
522 4312 616 4362 καὶ
644 4311 720 4379 τῷ
755 4312 895 4381 ἀγίῳ
932 4311 1236 4382 Πνεύματι,
1264 4312 1413 4376 δόξα,
1472 4309 1694 4381 κράτος,
1727 4309 1864 4379 τιμὴ
1891 4309 1986 4362 καὶ

404 4400 799 4473 προσκύνησις,
853 4403 947 4456 νῦν
977 4405 1170 4468 nisi;
1210 4405 1336 4467 τοὺς
1374 4404 1576 4468 αἰῶνας
1618 4402 1727 4459 τῶν
1750 4401 1986 4457 αἰώνων.

415 4491 562 4560 Ἅμή
573 4512 620 4545 ν.

485 4650 521 4680 ¹¹
551 4649 679 4702 Luc.
717 4667 774 4710 ll,
822 4649 905 4702 H.

480 4807 554 4875 ιι)
594 4806 724 4861 Nota
758 4807 848 4862 hic
882 4805 1275 4861 ecclesiasticos
1301 4806 1355 4859 in
1393 4804 1674 4859 funeribus
1700 4803 1855 4856 ritus.

2093 3313 2390 3376 martyrum
2417 3305 2498 3357 :in
2516 3319 2640 3374 qua:
2661 3318 2783 3357 cum
2803 3302 3119 3356 incidissent
3140 3300 3358 3370 quidam
3379 3298 3479 3352 viri
3501 3297 3594 3366 pii,
3617 3307 3672 3350 et

2093 3413 2327 3467 quorum
2356 3404 2476 3451 erat
2495 3395 2728 3450 ollicium
2755 3394 3001 3448 venerari
3018 3409 3246 3462 corpora
3263 3399 3596 3452 sanctorum,
3619 3397 3676 3442 et

2094 3505 2156 3544 ea
2175 3488 2491 3559 optantibus
2513 3489 2767 3542 manibus
2799 3487 2887 3556 pie
2917 3501 2980 3540 ac
3005 3486 3256 3556 religiose
3278 3481 3674 3551 suscepissent,

2095 3591 2152 3637 et
2196 3597 2381 3636 sacros
2412 3581 2643 3648 hymnos
2693 3580 3042 3639 cecinissent,
3087 3587 3142 3632 et
3171 3590 3511 3645 quacunque
3556 3588 3674 3626 mos

2092 3680 2174 3726 est
2198 3670 2527 3724 Christianis
2559 3670 2658 3738 (l),
2688 3668 3042 3738 peregissent,
3071 3668 3122 3719 in
3151 3665 3382 3734 quodam
3405 3663 3543 3726 loco,
3582 3662 3672 3730 qui

2093 3763 2394 3817 octodecim
2427 3763 2626 3828 fstadiis
2691 3762 2844 3814 abest
2879 3776 2908 3814 a
2941 3759 3166 3814 civitate
3229 3755 3557 3825 Singedone,
3608 3769 3670 3807 ea

2097 3854 2256 3908 simul
2286 3857 2587 3923 deponunt,
2621 3861 2679 3906 ut
2704 3854 2783 3906 cis
2803 3861 2987 3906 essent
3027 3849 3210 3904 omnia
3263 3847 3596 3911 communia,
3618 3857 3669 3900 ct

2098 3947 2270 4000 amica
2303 3964 2315 3998 :
2349 3945 2403 3998 in
2427 3944 2703 3998 Christum
2731 3942 3027 4006 confessio,
3049 3941 3104 3993 in
3137 3953 3359 3993 carcere
3385 3937 3668 3999 habitatio,

2099 4038 2152 4091 in
2187 4037 2408 4090 [lumine
2439 4035 2730 4097 demersio,
2755 4049 3009 4103 superna:
3033 4031 3217 4102 gloriae
3241 4037 3584 4088 consecut'o,
3617 4027 3669 4078 in

2098 4144 2209 4183 uno
2244 4129 2361 4182 loco
2387 4141 2676 4195 corporum
2703 4123 3008 4192 depositio:
3039 4119 3206 4192 gratia
3234 4128 3290 4172 et
3335 4117 3669 4188 benignitate

2095 4219 2311 4274 Domini
2355 4218 2529 4272 nostri
2567 4214 2694 4270 Jesu
2740 4214 2979 4278 Christi,
3021 4228 3146 4266 cum
3195 4224 3304 4280 quo
3335 4209 3476 4262 Patri
3511 4207 3670 4260 simul

2093 4320 2147 4366 et
2188 4318 2378 4365 sancto
2428 4307 2636 4377 Spiritu
2681 4306 2874 4378 gloria,
2917 4304 3182 4373 potentia,
3233 4302 3409 4354 honor
3440 4307 3494 4353 et
3541 4298 3645 4351 ado

2096 4400 2253 4465 ratio,
2283 4413 2432 4453 nunc
2461 4407 2514 4453 et
2545 4398 2596 4450 in
2632 4397 2827 4453 srrcula
2857 4395 3198 4452 seculorum.
3228 4393 3416 4442 Amen.
