4144 6430
474 380 584 448 567

495 489 1705 518 W

1646 380 1933 450 MENSIS
1985 381 2449 449 JANUARIUS.

3634 377 3740 440 5.63

1718 485 3722 516 Ἥ*

1301 643 1665 760 ΒΙΟΣ
1740 646 2021 758 ΚΑΙ
2097 640 2853 763 ΠΟΛΙΤΕΙΑ

1636 857 1778 913 ΤΟΥ
1807 857 2014 912 ΟΣΙΟΥ
2046 861 2321 916 ΠΑΤΡΟΣ
2358 864 2560 918 Η-ΜΩΝ

942 1018 1454 1156 ΙΩΑΝΝ
1459 1021 1695 1157 ΟΥ
1766 1020 2117 1155 ΤΟΥ
2193 1017 3235 1163 ΚΑΛΥΒΙΤΟΥᾌ

1374 1430 1658 1522 VITA
1733 1429 1888 1519 ET
1970 1429 2836 1540 ,CONVERSATIO

1025 1647 1144 1761 s.
1217 1648 1343 1761 P.
1413 1647 1551 1760 N.
1619 1646 2225 1763 JOANNIS
2285 1624 3154 1796 CALYBITXE“,

1899 1826 2110 1909 (Auno
2151 1828 2315 1911 460.)

468 1957 671 2025 [Latine
695 1954 824 2021 apud
853 1953 973 2005 Sur.
1004 1953 1063 2005 ad
1083 1953 1134 2003 d.
1158 1951 1364 2018 lﬁjan;
1390 1952 1558 2004 Graeca
1589 1965 1720 2003 nunc
1741 1953 1954 2017 primum
1989 1957 2238 2019 prodeunt
2272 1970 2335 2009 ex
2360 1971 2482 2009 mss.
2509 1958 2648 2022 Reg.
2685 1955 3228 2021 1652,1556;Coislin.
3253 1958 3361 2010 121.
3399 1959 3534 2012 Ευιτ.
3562 1961 3714 2014 Palu.

535 2178 578 2233 ι.
610 2174 726 2232 Viri
756 2172 889 2246 justi
927 2181 985 2228 et
1017 2170 1245 2244 perfecti
1280 2170 1467 2238 vitam,
1512 2170 1765 2238 honeste.
1802 2189 1961 2242 pure,
2002 2186 2049 2231 et

2231 2181 2310 2235 Α.
2346 2176 2472 2232 Βὶον
2508 2177 2697 2245 καλὸν,
2727 2177 2822 2233 καὶ
2851 2178 3131 2249 ἐνάρετον,
3166 2179 3262 2233 καὶ
3306 2177 3610 2251 ἀμὸλυντον
3638 2180 3737 2235 άν-

463 2284 589 2326 cum
628 2269 834 2325 virtute
879 2274 1082 2331 actam,
1120 2264 1303 2329 vobis,
1338 2264 1431 2334 qui
1471 2266 1772 2321 concordes
1810 2266 1866 2322 in
1908 2267 2057 2324 hunc

459 2362 646 2418 locum
687 2356 1042 2423 convenistis,
1074 2369 1301 2410 narrare
1344 2355 1402 2409 in
1442 2355 1626 2411 animo
1673 2356 1868 2413 habeo.
1911 2358 2058 2413 Vixit

461 2452 611 2508 enim
658 2450 751 2506 ille
785 2448 1123 2520 temporibus
1155 2446 1380 2503 nostris.
1431 2445 1684 2514 Quicum
1733 2449 1898 2519 hujus
1930 2450 2055 2507 vita:

461 2542 681 2614 negotia
724 2540 984 2613 singulari
1022 2538 1324 2611 sapientia,
1364 2546 1419 2596 et
1459 2539 1515 2594 in
1546 2538 1821 2595 Christum
1856 2540 1963 2596 ﬁde
1991 2555 2057 2596 ac

457 2636 663 2707 pietate
692 2633 1130 2704 contempsisset,
1155 2632 1399 2688 coelestia
1434 2633 1577 2687 bona
1599 2640 1925 2688 consecutus
1948 2640 2051 2689 est.

459 2726 571 2784 Res
602 2727 740 2798 ipsa,
770 2724 1080 2797 cuiusmodi
1099 2725 1192 2789 sit,
1218 2723 1531 2779 narratione
1548 2722 1652 2777 hac
1671 2723 2050 2791 explicabitur.

528 2819 595 2877 ll.
628 2819 755 2875 Fuit
782 2819 839 2874 in
878 2818 1018 2874 urbe
1043 2815 1220 2872 Roma
1257 2816 1344 2872 vir
1374 2815 1595 2886 quidam
1621 2816 1779 2871 valde
1799 2815 1974 2882 dives,
1998 2824 2055 2871 et

455 2911 719 2984 dignitate
765 2908 855 2966 illa
892 2909 1175 2980 praeditus,
1238 2923 1348 2979 qua
1382 2906 1420 2963 ii
1464 2915 1610 2973 sunt,
1654 2906 1749 2977 qui
1781 2907 2054 2963 exercitus

456 3003 685 3058 ducunt.
717 2999 924 3057 Nomen
954 3000 1073 3055 viro
1104 2997 1180 3053 illi
1204 3007 1324 3053 erat
1351 2997 1650 3068 Eutropius
1678 3015 1692 3051 :
1720 2996 1841 3069 ejus
1869 3006 2052 3053 autem

457 3091 680 3159 coniux,
736 3089 1026 3147 Theodora
1068 3088 1386 3145 vocabatur.
1425 3088 1477 3144 ls
1523 3088 1714 3145 habuit
1743 3098 1853 3146 tres
1890 3087 2051 3156 ﬁlios,

456 3198 489 3239 e
511 3184 711 3253 quibus
739 3183 849 3239 duo
884 3182 1140 3238 civilibus
1175 3181 1583 3253 magistratibus
1620 3181 1689 3237 ab
1722 3181 1842 3251 ipso
1884 3196 2052 3237 occu-

458 3274 574 3343 pati
609 3281 787 3329 erant.
823 3273 931 3339 Qui
960 3289 1092 3330 vero
1119 3283 1256 3329 natu
1287 3281 1405 3328 erat
1435 3272 1633 3336 minor,
1665 3270 1909 3327 Joannes
1950 3287 2050 3343 ap-

454 3365 780 3436 pellabatur.
814 3364 950 3421 Eum
992 3366 1059 3422 ad
1098 3365 1309 3421 litteras
1348 3364 1640 3421 discendas
1672 3372 1827 3434 pater
1881 3363 2051 3433 magi-

454 3471 571 3517 stro
603 3460 844 3517 tradidit.
873 3461 1064 3531 Itaque
1101 3477 1227 3517 cum
1256 3462 1463 3533 primas
1494 3462 1819 3518 eruditionis
1843 3462 2055 3518 litteras

2155 2271 2281 2344 δρὸς
2341 2270 2557 2326 δικαίου
2608 2272 2704 2326 καὶ
2766 2269 2978 2325 τελείου
3046 2269 3309 2347 βούλομαι
3369 2271 3737 2343 διηγήσασθαι

2156 2368 2222 2436 τῇ
2253 2364 2408 2436 ὑμῶν
2467 2362 2711 2434 ὁμονοία,
2767 2363 2919 2421 ὅστις
2975 2362 3204 2431 γέγονεν
3263 2365 3323 2416 ἐν
3361 2365 3474 2425 τοῖς
3518 2363 3734 2434 χρόνοις

2153 2457 2334 2526 ἡμῶν.
2360 2456 2894 2525 Καταφρονήσαντος
2928 2453 3122 2524 ἀνδρὸς
3155 2452 3263 2506 τῶν
3287 2452 3380 2507 τοῦ
3407 2452 3523 2521 βίου
3554 2469 3733 2523 πραγ-

2158 2542 2366 2612 μάτων,
2394 2539 2826 2606 καταξιωθέντος
2863 2539 2973 2595 τῶν
3000 2540 3341 2612 ἐπουρανίων
3370 2539 3613 2608 ἀγαθῶν,
3643 2539 3734 2593 διὰ

2152 2636 2253 2705 τὴν
2301 2633 2539 2705 ἄμετρον
2568 2632 2735 2687 αὑτοῦ
2768 2630 3072 2704 ὑπομονὴν,
3113 2633 3207 2685 καὶ
3235 2630 3335 2702 τὴν
3372 2631 3452 2694 εἰς
3492 2630 3733 2701 Χριστὸν

2155 2727 2361 2792 πίστιν,
2393 2727 2512 2781 τόδε
2559 2727 2794 2797 πρᾶγμα
2834 2720 2946 2779 οἶόν
2972 2742 3027 2778 τι
3061 2723 3173 2794 ἔχει
3200 2723 3489 2795 διῄρημαι.

2227 2821 2301 2873 B'.
2334 2815 2444 2872 Ἦν
2473 2836 2556 2880 τις
2582 2818 2721 2889 ἀνὴρ
2759 2820 2817 2871 ὲν
2855 2820 2924 2889 τῇ
2967 2816 3252 2886 Ῥωμαίων
3292 2815 3447 2869 πόλει
3478 2812 3735 2877 πλούσιος

2157 2911 2385 2980 σφόδρα”
2415 2910 2477 2963 τὸ
2502 2909 2599 2963 τοῦ
2633 2908 3004 2980 στρατηλάτου
3024 2907 3242 2978 ἀξίωμα
3261 2905 3730 2979 περιϐεϐλημένος

2151 3000 2325 3073 ὄνομα
2373 3000 2453 3071 τῷ
2496 3000 2650 3072 ἀνδρὶ
2683 3000 3004 3075 Εὑτρόπιος,
3046 2999 3184 3071 ἔχων
3212 3002 3308 3055 καὶ
3342 3000 3570 3071 σύμϐιον
3601 3000 3753 3073 Θεοτ

2152 3091 2332 3163 δώραν
2383 3091 2959 3164 προσαγορευομένην.
3001 3093 3227 3147 ’Έτεκον
3282 3091 3339 3144 δὲ
3372 3091 3521 3153 υἱοὺς
3561 3092 3731 3161 τρεῖς,

2153 3185 2252 3240 καὶ
2294 3184 2424 3248 τοὺς
2473 3183 2575 3254 μὲν
2619 3182 2713 3237 δύο
2769 3181 3096 3253 περιέϐαλον
3147 3180 3418 3251 ἀξιώμασι
3455 3181 3735 3252 μεγάλοις,

2152 3277 2448 3331 κατέλιπον
2506 3275 2564 3329 δὲ
2609 3274 2701 3329 τὸν
2761 3273 3063 3346 νεώτερον,
3118 3273 3213 3326 τοῦ
3265 3290 3324 3326 τε
3372 3268 3440 3344 ἦν
3481 3272 3736 3342 Ἰωάννης

2152 3369 2344 3438 ὄνομα,
2380 3368 2476 3421 καὶ
2502 3366 2831 3437 παρέδωκαν
2869 3365 3032 3420 αὐτὸν
3060 3367 3140 3428 sl;
3178 3365 3276 3436 τὴν
3314 3363 3564 3419 παιδείαν
3586 3362 3735 3417 διδα-

2156 3458 2360 3530 σκάλῳ.
2412 3457 2526 3513 Καὶ
2565 3458 2704 3528 μετὰ
2765 3457 2823 3511 τὸ
2879 3456 3169 3526 πληρῶσαι
3225 3455 3295 3508 τὰ
3342 3454 3442 3522 τῆς
3487 3452 3736 3516 παιδείας

459 3553 769 3620 didicisset,
790 3553 857 3609 ad
884 3554 1196 3610 rhetoricos
1217 3563 1275 3610 et
1298 3555 1707 3625 philosorihicos
1728 3554 1897 3611 libros
1911 3570 2047 3611 con-

2152 3552 2396 3622 πρὰτερα
2427 3551 2754 3623 γράμματα,
2809 3549 3139 3620 παρέδωκαν
3193 3547 3356 3602 αὑτὸν
3402 3548 3479 3611 εἰς
3506 3546 3565 3600 τὸ
3604 3544 3739 3613 περὶ

458 3644 800 3716 gnoscendos
828 3659 889 3701 se
915 3645 1179 3702 traduxit.
1212 3643 1349 3701 Cum
1374 3661 1506 3700 vero
1531 3645 1914 3701 duodecimum
1945 3660 2050 3700 ana

454 3751 589 3792 num
630 3746 836 3809 ageret,
873 3746 932 3793 et
974 3738 1155 3795 omnia
1197 3738 1315 3794 fere
1350 3737 1594 3809 perfecte
1635 3737 1938 3801 didicisset,
1982 3753 2057 3794 eo.

449 3826 599 3897 quod
636 3827 764 3883 boni
803 3836 858 3884 et
885 3828 1154 3901 elegantis
1193 3828 1396 3902 ingenii
1441 3838 1587 3885 esset
1617 3844 1772 3900 puer,
1812 3844 2051 3899 cumque

452 3919 657 3977 Christi
679 3921 841 3978 ﬁdem
871 3929 1137 3988 servaret,
1166 3930 1367 3993 praeter
1389 3930 1604 3987 caetera,
1640 3921 1848 3978 sanctis
1875 3921 2043 3978 eccle-

456 4013 557 4067 siis
582 4014 826 4079 vacabat,
850 4028 1031 4085 neque
1057 4013 1251 4069 horam
1282 4027 1447 4068 unam
1473 4028 1502 4065 a
1529 4011 1685 4068 libris
1709 4011 2044 4077 discedebat,

452 4100 532 4157 ita
554 4110 617 4157 ut
642 4102 980 4174 grammatici
1004 4102 1255 4158 homines
1277 4101 1667 4159 adolescentuli
1694 4112 2051 4170 perseveran-

454 4190 587 4246 tiam
613 4193 1087 4269 obstupescerent.
1128 4192 1378 4259 Quodam
1413 4200 1595 4247 autem
1622 4191 1713 4248 die
1743 4192 1911 4248 abbas
1925 4192 2050 4262 qui-

453 4284 579 4341 dam
618 4302 650 4342 e
690 4286 1072 4357 superioribus
1113 4285 1362 4357 partibus
1399 4301 1468 4341 ex
1506 4284 1808 4342 venerabili
1852 4300 2044 4341 eorum

452 4376 807 4435 monasterio.
838 4375 931 4446 qui
979 4382 1247 4430 vocantur
1286 4375 1576 4441 Acmmeti,
1611 4391 1679 4430 eo
1711 4375 1862 4445 quod
1899 4391 2045 4431 nun-

451 4482 616 4538 quam
651 4468 853 4524 cubare
895 4466 1040 4522 soliti
1078 4475 1227 4532 sunt,
1279 4480 1405 4522 cum
1461 4474 1647 4521 votum
1696 4466 1937 4535 fecisset,
1988 4461 2049 4522 ιιι

450 4558 877 4631 Hierosolymam
925 4558 1383 4631 proﬁcisceretur,
1406 4559 1555 4614 venit
1577 4559 1631 4613 in
1655 4574 1775 4615 eam
1803 4560 2046 4623 domum.

452 4666 510 4723 in
540 4667 647 4722 qua
683 4650 925 4707 Joannes
960 4650 1281 4717 docebatur,
1322 4657 1378 4705 et
1412 4665 1508 4705 eos
1531 4650 1624 4721 qui
1656 4650 1802 4705 illam
1828 4650 2047 4708 habita-

449 4742 599 4805 bant,
631 4740 894 4807 exoravit,
934 4749 995 4795 ut
1022 4740 1166 4810 apud
1201 4740 1348 4810 ipsos
1382 4739 1647 4794 diversari
1670 4753 1874 4808 posset.
1917 4739 2048 4810 Ejus

2149 3642 2249 3713 τῆς
2307 3642 2604 3713 ῥητορικῆς
2652 3643 2749 3696 καὶ
2808 3640 3166 3711 φιλοσοφικῆς
3204 3636 3607 3709 ἀναγινώσκειν
3654 3635 3736 3707 βί-

2151 3734 2330 3799 ϐλους.
2360 3735 2660 3807 Γενομένου
2681 3735 2738 3789 δὲ
2766 3734 2932 3790 αὐτοῦ
2977 3733 3348 3798 δωδεκαέτους
3378 3732 3598 3804 χρόνου,
3638 3730 3737 3784 καὶ

2152 3824 2339 3895 σχεδὸν
2368 3825 2550 3880 πάντα
2579 3823 2995 3896 κατορθώσατο,
3018 3825 3108 3879 διὰ
3136 3823 3197 3877 τὸ
3219 3819 3360 3877 εἶναι
3388 3822 3552 3877 αὑτὸν
3583 3821 3737 3888 ἄξιον

2151 3915 2246 3970 καὶ
2276 3915 2665 3986 εὐλογημένον,
2698 3915 2910 3970 καὶτοῦ
2940 3915 3181 3986 Χριστοῦ
3220 3915 3403 3968 πίστιν
3437 3914 3735 3985 τηροῦντα,

2150 4009 2259 4081 πρὸ
2289 4010 2507 4064 πάντων
2542 4009 2599 4063 δὲ
2620 4012 2741 4073 ταῖς
2773 4010 3091 4079 ἐκκλησίαις
3128 4007 3450 4080 ἐχωρίαζεν,
3475 4005 3734 4077 οὐδεμίαν

2150 4120 2210 4156 τε
2244 4100 2395 4171 ὥραν
2418 4103 2687 4171 ἀφίστατο
2707 4106 2817 4156 τῶν
2841 4102 3083 4172 βιϐλίων,
3111 4102 3252 4155 ὥστε
3275 4101 3370 4155 καὶ
3396 4101 3521 4164 τοὺς
3556 4116 3739 4171 γραμ-

2153 4195 2417 4263 ματικοὺς
2455 4194 2858 4265 ἐκπλήττεσθαι
2893 4195 2983 4248 ἐπὶ
3029 4198 3097 4266 τῇ
3133 4194 3227 4248 τοῦ
3257 4194 3378 4247 νέου
3415 4194 3733 4264 παραμονῇ.

2161 4287 2252 4342 Ἐν
2294 4287 2394 4357 μιᾷ
2423 4282 2518 4340 οὖν
2546 4286 2657 4340 τῶν
2701 4286 2929 4356 ἡμερῶν
2958 4287 3131 4350 ἁϐϐᾶς
3161 4303 3245 4349 τις
3269 4286 3378 4339 τῶν
3407 4285 3518 4339 ἅνω
3548 4282 3735 4354 μερῶν

2147 4378 2247 4449 τῆς
2277 4378 2439 4448 ἁγίας
2473 4378 2645 4448 μονῆς
2695 4377 2804 4431 τῶν
2848 4379 3200 4448 καλουμένων
3245 4377 3607 4448 Ἀκοιμήτιυν,
3644 4374 3738 4428 εύ-

2149 4468 2251 4538 χῆς
2276 4468 2442 4524 ἕνεκα
2469 4469 2548 4532 εἰς
2586 4468 2655 4522 τὰ
2695 4468 3042 4540 Ἰεροσόλυμα
3071 4469 3454 4538 πορευόμενος,
3489 4464 3567 4537 τῷ
3596 4465 3735 4534 οἴκῳ

2147 4562 2283 4615 ὅπου
2315 4557 2427 4633 ἦνὸ
2462 4563 2716 4631 Ἰωάννης
2752 4563 3095 4627 σπουδάζων,
3120 4562 3290 4616 ἐλθὼν
3320 4562 3489 4615 ἐδεῖτο
3520 4561 3608 4614 ἵνα
3639 4561 3737 4613 δε-

2149 4652 2354 4725 χθῶσιν
2389 4654 2552 4708 αὑτὸν
2577 4656 2696 4707 ἐκεῖ
2726 4653 3053 4724 ξενὼμενον.
3097 4652 3155 4708 '0
3179 4650 3272 4707 οὖν
3312 4654 3565 4724 Ἰωάννης
3597 4653 3735 4706 οεω-

2152 4747 2327 4818 ρήσας
2365 4746 2465 4815 τὴν
2494 4747 2844 4817 ἀναστροφὴν
2886 4748 2980 4799 καὶ
3036 4747 3270 4816 ἄσκησιν
3318 4745 3412 4799 τοῦ
3466 4744 3732 4807 ἐπιξενω-

448 4833 553 4887 viri
594 4832 866 4898 habitum,
903 4841 961 4888 et
1005 4831 1411 4888 exercitationis
1453 4830 1881 4895 institutionem,
1916 4849 2043 4887 cum

2152 4836 2334 4899 Θέντος
2379 4837 2596 4906 ἀνδρὸς,
2641 4835 2846 4905 ἤρξατο
2881 4835 3011 4907 οεξῳ
3041 4837 3189 4907 ζήλῳ
3221 4834 3565 4905 πυρούμενος
3590 4835 3732 4902 ἐρωο

443 4920 639 4979 beatus
652 4921 889 4979 Joannes
903 4923 1149 4983 vidisset.
1168 4938 1199 4977 a
1221 4930 1410 4978 sancto
1427 4921 1632 4991 Spiritu
1654 4922 2041 4991 inﬂammatus,

2148 4932 2247 5003 τᾷν
2281 4931 2466 4995 αὐτὸν,
2500 4929 2666 4983 πόθεν
2705 4926 2773 5001 ἦν
2809 4930 2903 4983 καὶ
2950 4928 3053 4982 ποῦ
3111 4927 3423 5000 πορεύεται,
3454 4928 3547 4979 καὶ
3600 4926 3733 4978 ποία

444 5015 613 5084 coepit
651 5015 721 5071 ab
752 5029 819 5071 eo
845 5030 1087 5084 qumrere
1127 5016 1401 5070 undenam
1459 5024 1625 5080 esset,
1672 5031 1784 5086 quo
1820 5017 1944 5083 iret,
1985 5025 2044 5073 et

2152 5021 2183 5083 ἡ
2214 5017 2462 5089 διαγωγὴ
2500 5018 2596 5072 καὶ
2640 5020 2670 5071 ὁ
2706 5019 2909 5089 τρρπος
2948 5021 3051 5089 τῆς
3096 5019 3385 5088 ἀσκήσεως
3418 5016 3520 5087 τῆς
3561 5016 3730 5086 μονῆς

445 5122 694 5178 quanam
728 5107 872 5164 foret
917 5108 1330 5163 exercitationis
1361 5109 1520 5175 ratio,
1557 5124 1720 5178 quam
1768 5120 2016 5165 monaste

2152 5108 2340 5163 αὑτοῦ.
2381 5109 2494 5164 Καὶ
2532 5111 2560 5162 ὁ
2602 5109 2834 5181 μοναχδς
2868 5109 3179 5180 διήγγειλεν
3211 5108 3361 5180 αύτῷ
3406 5110 3586 5162 πᾶσαν
3623 5106 3727 5177 τὴν

444 5198 588 5254 rium
628 5198 783 5268 illud,
827 5214 860 5254 e
898 5215 1008 5270 quo
1058 5199 1405 5266 discesserat,
1455 5208 1688 5255 teneret.
1744 5200 2042 5257 Monachus

2152 5199 2302 5264 τάξιν
2347 5199 2443 5253 τοῦ
2482 5201 2847 5272 μοναστηρίου
2897 5202 2995 5255 καὶ
3032 5201 3129 5272 τὴν
3180 5201 3435 5271 ἄσκησιν,
3468 5199 3728 5270 προσθεὶς

440 5289 610 5363 igitur
638 5289 728 5344 ille
777 5304 808 5343 a
852 5303 1025 5359 puero
1075 5289 1464 5361 interrogatus,
1515 5304 1734 5344 omnem
1785 5290 1951 5345 vitam
1987 5300 2043 5346 ct

2152 5293 2228 5345 ὅτι
2271 5291 2427 5357 κάγὼ
2455 5291 2542 5346 διά
2577 5291 2945 5363 μικροψυχίαν
2970 5292 3091 5346 τινὰ
3126 5293 3429 5363 πορεύομαι
3458 5293 3539 5355 εἱς
3568 5289 3732 5361 Ἰερο-

443 5379 856 5435 exercitationis
885 5378 1127 5451 regulam
1167 5379 1460 5435 enarravit.
1492 5378 1755 5436 Patefecit
1781 5389 1961 5435 autem
1989 5396 2045 5446 ει

2152 5382 2360 5451 σόλυμα
2402 5382 2493 5435 τὸν
2542 5382 2675 5435 Θεὸν
2728 5385 2847 5437 ἐκεῖ
2891 5382 3176 5451 εὔξασθαι,
3217 5383 3312 5438 καὶ
3343 5382 3727 5454 προσκυνῆσαι

440 5480 534 5522 res
564 5479 712 5534 suas,
755 5466 902 5538 quod
943 5466 1151 5522 scilicet
1192 5467 1501 5522 devotionis
1533 5483 1697 5522 causa
1732 5465 2039 5541 Hicrosoly

440 5568 583 5610 mam
622 5556 1081 5627 proﬁcisceretur,
1107 5564 1168 5611 ut
1190 5555 1301 5611 illic
1335 5554 1505 5610 Deum
1532 5564 1731 5620 oraret,
1762 5567 1818 5612 ct
1850 5568 2037 5614 sancta

2150 5473 2277 5534 τοὺς
2331 5473 2519 5537 ἁγίους
2554 5473 2773 5540 τόπους,
2806 5475 2900 5528 καὶ
2944 5475 3101 5541 αὖθις
3150 5474 3443 5530 ὲπαναλύω
3490 5477 3572 5538 εἰς
3624 5473 3729 5545 ﬁt

2149 5564 2317 5633 μονήν
2350 5581 2473 5634 μου.

443 5642 560 5704 loca
587 5660 964 5718 veneraretur,
985 5667 1050 5708 ac
1069 5665 1261 5707 rursus
1287 5650 1341 5705 in
1360 5660 1607 5706 sanctum
1624 5654 2015 5711 monasterium
2054 5671 2086 5712 e
2116 5673 2227 5728 quo
2259 5660 2614 5727 discesserat,
2647 5662 2868 5717 rediret.

518 5788 533 5802 ‘
570 5785 683 5843 Hoc
720 5799 823 5858 est,
862 5794 952 5862 qui
984 5793 1079 5848 sub
1119 5792 1325 5863 tugurio
1368 5792 1659 5849 habitabat.
