4144 6408
402 390 516 456 569

1465 385 1641 445 VITA
1681 386 1740 445 S.
1780 385 2104 446 JOANNIS
2141 387 2552 452 ΟΛΙΧΒΙΤιΕ.

3588 403 3694 469 570

476 502 556 556 Γ.
598 491 868 559 Ἀκούσας
891 489 949 549 δὶ
982 495 1011 548 6
1048 493 1326 564 Ἰωάννης,
1349 495 1654 566 λαϐόμενος
1682 498 1782 567 τῆς
1812 497 1993 568 χειρδς

2169 498 2260 557 lll.
2288 501 2416 558 Haec
2439 519 2561 559 eum
2587 506 2826 564 Joannes
2853 509 3173 579 audivisset,
3200 529 3363 570 manu
3389 519 3690 589 apprehen-

403 591 599 660 αὐτοῦ,
629 591 908 661 ἀναχωρεῖ
940 586 1062 642 κατ’
1098 587 1258 654 ίδίαν,
1297 587 1388 641 καὶ
1417 588 1620 658 ήρξατο
1651 590 1835 658 ὅρκοις
1868 607 1995 660 φρι-

405 683 774 744 κωδεστάτοις
808 677 1126 751 ἀνακρίνειν
1171 677 1334 732 αὐτὸν
1383 677 1477 730 ἐπὶ
1514 679 1608 731 τοῦ
1639 677 1996 732 ἐκτελέσαντα

403 778 508 848 τῆς
565 774 734 844 εὐχῆς
790 769 1102 840 ὁδοιπορίαν
1136 769 1460 840 ἀνακάμψαι
1511 769 1695 833 αὐτὸν,
1729 770 1823 822 καὶ
1860 786 1996 840 συμ-

406 865 754 940 παραλαϐεῖν
780 862 944 915 αὐτὸν
974 863 1054 923 είς
1072 860 1130 914 τὸ
1157 863 1538 932 μοναστήριον,
1563 861 1759 929 λέγων,
1799 861 1999 914 Ἐλεει-

405 960 496 1023 νὺς
549 958 712 1018 ἔστω,
744 949 789 1008 ὦ
819 953 986 1015 ἁϐϐἅ,
1017 953 1098 1005 ὅτι
1144 953 1192 1005 οί
1225 953 1400 1020 γονεῖς
1437 952 1538 1022 μού
1579 968 1644 1022 με
1695 952 1848 1024 παρὰ
1872 953 1998 1014 τούς

408 1049 602 1110 ἄλλους
640 1043 905 1112 ἀδελφοὺς
943 1041 1246 1112 φιλοῦντες,
1284 1043 1381 1096 καὶ
1435 1043 1752 1112 βουλόμενοί
1792 1061 1858 1114 με
1896 1046 1998 1113 μά-

412 1142 570 1212 θησιν
623 1137 720 1191 καὶ
787 1135 1097 1212 γράμματα
1140 1135 1333 1205 μαθεῖν
1359 1175 1374 1200 ,
1417 1134 1504 1188 ἵνα
1554 1153 1617 1206 με
1655 1135 1996 1190 καταστῶσιν

412 1209 487 1295 εἰς
547 1230 798 1301 μεγάλην
853 1209 1014 1293 ἀξίαν
1038 1226 1135 1280 καὶ
1181 1226 1333 1298 παρὰ
1370 1229 1497 1292 τούς
1535 1229 1703 1298 ὲμούς
1734 1228 1998 1297 ἀδελφοὺς

414 1322 770 1395 ὐψηλοτέραν,
836 1316 957 1374 εἶτα
1017 1321 1180 1391 γάμῳ
1247 1321 1674 1390 προσομιλῆσαι.
1740 1321 1882 1390 Ἐγὼ
1937 1321 1994 1374 δὲ

414 1417 528 1469 ἐκεῖ
579 1417 657 1478 εἰς
711 1413 811 1482 τὴν
839 1411 994 1482 ἱερὰν
1046 1411 1346 1482 ἐκκλησίαν
1375 1410 1568 1478 ἐλθὼν,
1604 1412 1996 1480 ἀναγινώσκων

425 1509 543 1578 μὲν,
569 1507 738 1575 ἔγνων
771 1506 828 1559 δὲ
859 1507 943 1560 ὅτι
976 1504 1154 1558 πάντα
1185 1505 1254 1558 τὰ
1277 1503 1374 1558 τοῦ
1414 1503 1528 1574 βίου
1558 1505 1752 1558 τούτου
1788 1507 1997 1576 μάταιά

431 1602 536 1652 εἱσι
582 1600 677 1651 καὶ
705 1600 902 1661 ἐκεῖνος
937 1597 1099 1666 μόνον
1135 1595 1368 1661 σώζεται
1413 1597 1441 1648 6
1498 1598 1857 1668 καταφρονῶν
1886 1599 1995 1651 τῶν

426 1691 519 1743 τοῦ
561 1689 678 1761 βίου
708 1689 1067 1761 πραγμάτων,
1095 1689 1188 1742 καὶ
1211 1689 1479 1742 δουλεύων
1529 1689 1606 1760 τῷ
1644 1688 1865 1760 Χριστῷ
1915 1689 1994 1742 δι-

416 1781 626 1851 ηνεκῶς
653 1783 708 1835 ὲν
752 1781 887 1850 τῷδε
928 1781 1083 1852 ὐμῶν
1117 1783 1376 1852 σχήματι,
1405 1781 1484 1834 δ.ὸ
1527 1782 1856 1852 προσπίπτω
1887 1799 1990 1846 σοι,

2100 593 2524 651 ditmonachum
2543 598 2717 664 illum,
2737 609 2793 655 et
2809 615 3055 659 seorsum
3076 605 3249 674 duxit,
3272 609 3700 680 acjurejurando

2102 685 2258 740 valde
2290 687 2539 742 horribili
2564 704 2690 743 eum
2717 691 3029 759 adstrinxit,
3055 707 3113 752 ut
3140 709 3425 768 postquam
3446 701 3548 756 iter
3569 704 3695 760 illud

2101 777 2445 846 perfecisset,
2470 779 2534 834 ad
2573 796 2698 835 eum
2733 783 2954 851 rediret,
2978 795 3038 841 ut
3071 803 3256 844 secum
3289 809 3395 846 una
3421 795 3598 863 ipsum
3631 799 3696 852 ad

2101 878 2352 923 sanctum
2385 870 2518 925 illud
2557 875 2950 930 monasterium
2994 878 3241 936 duceret.
3290 883 3444 940 Tunc
3483 888 3699 946 dicebat

2102 958 2178 1012 illi
2216 959 2406 1014 beatus
2437 959 2678 1017 Joannes
2715 963 2919 1030 :Audi,
2952 983 3158 1036 quzeso,
3196 971 3267 1024 mi
3310 974 3468 1041 abba,
3501 986 3555 1030 et
3591 969 3695 1034 mei

2101 1051 2502 1106 commiseratio
2537 1059 2587 1107 te
2611 1061 2816 1125 tangat.
2843 1054 2976 1109 Nam
3007 1068 3259 1126 parentes
3286 1064 3411 1124 mei,
3450 1079 3570 1119 cum
3611 1083 3698 1121 me

2100 1150 2298 1209 praeter
2337 1152 2562 1199 caeteros
2609 1145 2826 1212 fratres,
2871 1156 2926 1202 et
2979 1149 3112 1204 alios
3143 1167 3334 1207 omnes
3369 1155 3700 1213 domesticos

2098 1231 2345 1302 diligant,
2376 1241 2431 1288 et
2465 1236 2789 1293 eruditionis
2807 1254 2871 1293 ac
2914 1239 3180 1298 doctrinze
3215 1243 3412 1300 litteris
3448 1247 3702 1317 plurimis

2100 1338 2186 1377 me
2226 1323 2620 1381 instituendum
2651 1339 2864 1395 curent,
2895 1332 3135 1402 cogitant
3180 1335 3256 1388 ad
3289 1332 3544 1406 magnum
3593 1340 3694 1394 ali-

2098 1428 2261 1481 quem
2297 1415 2577 1486 dignitatis
2605 1420 2934 1489 gradumme
2962 1424 3245 1479 extollere.
3283 1425 3354 1481 Ut
3389 1429 3532 1482 enim
3568 1431 3700 1486 dicit

2099 1506 2352 1561 dominus
2387 1517 2440 1563 et
2460 1519 2615 1580 pater
2645 1527 2820 1579 meus,
2842 1515 2956 1568 vult
2984 1532 3071 1570 me
3101 1519 3405 1586 provehere
3427 1523 3491 1575 ad
3521 1524 3697 1593 digiti-

2101 1608 2264 1654 tatem
2285 1602 2544 1671 aliquam,
2577 1619 2697 1674 qua:
2726 1607 2901 1675 major
2926 1609 3016 1674 sit,
3058 1626 3218 1679 quam
3245 1615 3444 1683 gradus
3478 1615 3565 1670 ille
3588 1625 3696 1682 est,

2099 1708 2260 1760 quem
2282 1694 2480 1748 tribuni
2516 1696 2775 1752 militares
2809 1699 3057 1755 obtinent
3079 1703 3176 1772 (l).
3197 1703 3449 1760 Posthaec
3472 1709 3698 1762 omnino

2099 1795 2186 1834 me
2219 1783 2426 1852 nuptiis
2447 1785 2703 1855 copulare
2721 1787 2772 1840 in
2801 1789 2982 1843 animo
3000 1791 3219 1846 habent.
3252 1793 3356 1848 Sed
3377 1811 3476 1865 ego
3501 1798 3695 1866 partim

411 1874 592 1944 κύριε,
615 1871 799 1925 λαϐεῖν
832 1889 899 1942 με
944 1871 1082 1941 μετὰ
1117 1872 1210 1924 σοῦ
1251 1874 1331 1937 είς
1355 1874 1413 1924 τὸ
1447 1871 1602 1940 ἅγιον
1629 1875 1988 1943 μοναστήριον

2100 1871 2152 1924 in
2190 1875 2433 1927 sanctam
2477 1876 2764 1932 ecclesiam
2803 1881 3052 1946 veniens,
3103 1886 3300 1953 partim
3333 1901 3401 1940 ex
3447 1887 3536 1952 iis,
3576 1905 3696 1958 qu.e

409 1968 505 2019 καὶ
540 1963 938 2032 συγκαταλέξαι
969 1965 1036 2034 τῇ
1064 1965 1196 2034 ἁγίᾳ
1225 1981 1316 2017 σου
1349 1965 1576 2036 ποίμνῃ.
1608 1965 1795 2020 Ταῦτα
1822 1967 1990 2020 ἁκού-

407 2072 508 2118 σας
550 2056 578 2108 6
610 2054 787 2117 ἁϐϐᾶς
818 2053 944 2125 μεθ’
983 2055 1150 2125 ὅρκου
1203 2054 1630 2126 πληροφορήσας
1682 2057 1843 2109 αὐτὸν
1888 2058 1986 2127 τὴν

403 2146 669 2200 ἐπάνοδον
718 2146 784 2198 δι’
820 2146 988 2198 αὐτοῦ
1031 2145 1329 2212 ποιεῖσθαι,
1361 2147 1455 2199 καὶ
1495 2145 1793 2218 λαμϐάνειν
1824 2149 1988 2202 αὐτὸν

403 2237 528 2306 μετ’
552 2234 719 2289 αὐτοῦ
757 2235 838 2298 εἰς
869 2235 930 2288 τὸ
962 2235 1343 2306 μοναστήριον.

2101 1965 2222 2035 legi,
2252 1975 2306 2020 et
2331 1983 2544 2022 mecum
2571 1969 2688 2039 ipse
2711 1971 2975 2040 cogitavi,
3009 1989 3097 2027 res
3121 1991 3332 2041 omnes,
3366 1994 3486 2048 qua:
3514 1980 3564 2031 in
3596 1980 3697 2035 hac

2099 2058 2207 2110 vita
2235 2067 2382 2124 sunt,
2417 2075 2583 2114 vanas
2606 2075 2728 2116 esse
2751 2065 3002 2134 cognovi,
3029 2073 3083 2119 et
3102 2066 3253 2121 illum
3287 2069 3461 2122 solum
3486 2071 3696 2124 salvum

2096 2163 2238 2212 esse,
2279 2149 2369 2218 qui
2421 2150 2586 2220 hujus
2617 2153 2742 2206 vitre
2783 2155 2948 2207 rebus
2982 2157 3328 2226 contemptis,
3383 2169 3701 2213 constanter

2095 2240 2148 2294 in
2184 2241 2290 2296 isto
2331 2253 2511 2298 vestro
2551 2245 2741 2298 habitu
2769 2245 2990 2300 Christo
3021 2249 3207 2302 servit.
3262 2249 3622 2314 Quamobrem
3664 2269 3695 2308 a

398 2339 456 2382 te
511 2331 734 2398 stpplcx
790 2337 934 2399 peto,
982 2329 1223 2396 domine,
1273 2338 1330 2382 ut
1373 2344 1457 2383 me
1481 2329 1667 2393 ducas,
1709 2339 1760 2384 et
1827 2329 1880 2383 in
1934 2330 2028 2384 illo
2069 2344 2258 2389 sancto
2291 2337 2627 2390 monasterio
2667 2353 3057 2392 connumercs.
3091 2339 3217 2394 llaec
3254 2341 3698 2396 cumandivisscl

393 2423 576 2480 abbas
614 2422 725 2487 ille,
756 2421 1111 2492 jurejurando
1154 2436 1213 2476 se
1246 2421 1540 2476 rediturum
1585 2422 1854 2492 promisit,
1896 2432 1949 2476 et
1977 2440 2098 2479 eum
2129 2443 2313 2483 secum
2346 2444 2455 2482 una
2491 2430 2544 2482 in
2570 2432 2961 2485 monasterium
2985 2432 3298 2487 ducturum.

479 2566 555 2620 Δ’.
594 2564 948 2635 Συνθεμένων
979 2559 1074 2617 οὗν
1119 2562 1388 2633 ἀλλήλων,
1441 2564 1682 2635 ἀπῆλθεν
1733 2567 1760 2616 ὁ
1794 2566 1987 2630 ἁϐεᾶς.

405 2661 478 2713 ὐ
505 2660 565 2712 δὲ
601 2658 855 2726 Ἰωάννης
882 2650 1036 2710 εἶπεν
1067 2657 1124 2710 ὲν
1159 2655 1339 2724 ἑαυτῷ
1361 2672 1373 2684 ’
1411 2656 1579 2709 Τοῦτο
1614 2657 1816 2726 μεταξὺ
1847 2659 1982 2727 πρό·

2172 2571 2256 2627 lV.
2291 2571 2428 2627 Cum
2462 2574 2538 2629 ita
2568 2575 2736 2646 igitur
2765 2576 2907 2632 inter
2936 2591 2995 2631 se
3027 2577 3434 2642 convenissent,
3467 2590 3700 2650 uterque

2096 2662 2148 2715 in
2175 2679 2326 2717 suam
2353 2665 2496 2719 viam
2529 2667 2684 2721 abiit.
2717 2667 2854 2724 Ctttn
2877 2684 3008 2723 vero
3038 2671 3339 2725 monachus
3370 2670 3459 2725 ille
3487 2672 3692 2728 disces-
3748 2715 3760 2726 .

391 2769 565 2822 τερον
596 2749 809 2819 πράξω,
851 2749 1116 2802 ἱκετεύσω
1154 2751 1267 2811 τοῖς
1303 2766 1402 2817 μου
1430 2749 1698 2816 γονεῦσιν,
1733 2750 1820 2801 ἵνα
1858 2753 1987 2817 ἁγο-

2098 2755 2273 2817 sisset,
2295 2755 2409 2809 hinc
2425 2770 2610 2811 secum
2634 2756 2691 2808 Β.
2709 2758 2949 2813 Joannes
2963 2759 3179 2814 dicebat
3200 2780 3212 2814 :
3233 2760 3441 2814 Interea
3467 2762 3568 2815 hoc
3590 2762 3698 2830 pri-

396 2841 622 2915 picwsi
657 2857 746 2911 μοι
773 2839 865 2893 τοῦ
891 2839 1208 2908 εὐαγγελίου
1237 2839 1441 2908 βιϐλίον
1474 2839 1640 2908 ἱερὸν,
1672 2841 1729 2891 ὲν
1751 2834 1796 2907 ᾧ
1833 2840 1990 2909 μάθω

392 2937 507 2997 τὰς
561 2931 800 3004 Χριστοῦ
861 2931 1100 2994 ἐντολὰς,
1141 2930 1282 2984 ὥστε
1335 2933 1510 2983 ποιεῖν
1574 2932 1742 2994 αὐτὰς
1797 2932 1990 3001 ἐκείνῳ

395 3028 679 3098 ἀρέσκων.
736 3024 1010 3078 ’Δπελθὼν
1060 3021 1154 3079 οὐν
1225 3025 1362 3092 πρὸς
1422 3024 1548 3085 τούς
1597 3026 1774 3092 γονεῖς
1825 3023 1988 3076 αὐτοῦ

397 3122 533 3190 ἔρη·
571 3119 646 3172 Οὐ
677 3117 913 3188 δύναμαι
963 3119 1045 3181 είς
1098 3119 1198 3186 τὴν
1248 3116 1534 3186 διατριϐὴν
1567 3115 1844 3170 ἀπελθεῖνο
1882 3115 1990 3168 ἰδοὺ

397 3215 516 3284 γὰρ
547 3213 748 3274 πάντες
801 3213 852 3264 oi
904 3210 1091 3273 παῖδες
1141 3210 1192 3263 οἱ
1241 3211 1340 3264 σὺν
1374 3211 1499 3278 ἐμοὶ
1535 3211 1593 3263 ἐν
1627 3213 1692 3280 τῇ
1733 3209 1986 3280 διατριϐῇ

405 3309 552 3379 μετὰ
581 3309 640 3360 τὸ
670 3305 1056 3377 γυμναζόμενα
1089 3303 1293 3375 πρᾶξαι
1320 3304 1534 3374 ἔχουσιν
1564 3305 1878 3373 εὐαγγέλια,
1898 3304 1992 3356 καὶ

402 3397 768 3469 καθεζόμενοι
817 3397 1280 3464 ἀναγινώσκουσιν
1329 3396 1470 3450 αὐτά
1496 3413 1510 3428 ·
1569 3395 1680 3464 ἐγὼ
1723 3395 1780 3448 δὲ
1820 3394 1992 3458 οὕτως

404 3494 521 3562 εἰμὶ
557 3492 634 3555 ώς
672 3489 747 3560 μὴ
776 3489 915 3560 ἔχων
942 3491 1140 3558 γονεῖς,
1175 3488 1396 3558 ἀπορῶν
1447 3487 1794 3556 εὐαγγελίου.
1834 3487 1995 3540 Ἀ).λᾶ

405 3584 595 3654 δέομαι
621 3581 802 3652 ὐμῶν,
836 3579 1015 3651 κύριοί
1061 3598 1186 3650 μου,
1213 3581 1381 3650 κάμοὶ
1402 3579 1700 3633 κελεύσατε
1729 3577 1993 3646 γενέσθαι

409 3676 468 3728 τδ
507 3674 851 3742 εὐαγγέλιον,
877 3673 1025 3734 ὅπως
1052 3672 1190 3741 ἔχων
1224 3671 1360 3742 μετὰ
1391 3674 1580 3742 χεῖρας
1612 3671 1991 3739 ἀναγινώσκω.

427 3765 730 3818 Ἀκούσασα
757 3763 813 3817 δὲ
853 3765 886 3834 ἡ
933 3765 1114 3835 μήτηρ
1144 3763 1311 3817 αὐτοῦ
1345 3767 1516 3833 ἐχάρη
1547 3764 1628 3816 ὅτι
1661 3762 1830 3825 οὔτως
1868 3761 1995 3831 περὶ

422 3855 517 3924 τὴν
549 3855 776 3927 μάθησιν
811 3855 1117 3917 σπουδαίως
1151 3853 1286 3924 ἔχει,
1318 3858 1413 3908 καὶ
1435 3855 1582 3922 λέγει
1613 3853 1690 3923 τῷ
1723 3854 1876 3924 ἀνδρὶ
1900 3855 1996 3907 αὐ-

424 3944 546 4014 τῆς·
575 3946 814 4000 Τοιοῦτον
867 3947 1296 4014 κατασκεύασον,
1335 3945 1498 4016 κύριὲ
1548 3964 1671 4015 μου,
1703 3945 1996 4014 γράψαιτο

423 4038 730 4106 εὐαγγέλιον
777 4039 874 4092 καὶ
923 4038 1013 4102 δὺς
1053 4037 1131 4110 τῷ
1182 4039 1360 4109 τέκνῳ
1407 4039 1584 4108 ἡμῶν,
1616 4037 1691 4100 ὡς
1729 4037 1996 4108 μὴμόνον

2098 2862 2242 2898 ιιιιιιιι
2265 2845 2456 2900 faciam
2492 2867 2505 2901 :
2529 2864 2557 2900 a
2580 2850 2720 2903 meis
2746 2851 3063 2918 parentibus
3089 2861 3338 2907 sanctum
3370 2852 3692 2925 Evangelio-

2095 2955 2210 2990 rum
2245 2938 2443 2992 librum
2469 2950 2675 3009 petam,
2708 2957 2774 2996 ex
2820 2958 2928 3011 quo
2958 2941 3162 2997 Christi
3193 2944 3514 2999 traditiones
3547 2945 3665 2999 edis

2093 3045 2233 3094 eam,
2263 3040 2319 3084 et
2332 3032 2606 3100 quomodo
2633 3033 2835 3100 possim
2852 3048 2916 3089 ea
2935 3033 3134 3098 facere,
3154 3051 3274 3104 qua:
3299 3033 3519 3090 Christo
3545 3051 3693 3105 grata

2094 3129 2242 3173 sunt.
2279 3122 2466 3190 Itaque
2501 3131 2754 3192 parentes
2792 3123 3008 3191 adiens:
3044 3123 3162 3179 Non
3205 3140 3451 3195 possum,
3492 3126 3691 3195 inquit.

2094 3230 2205 3284 prae
2233 3217 2440 3285 pudore
2465 3219 2518 3272 in
2551 3220 2888 3289 gymnasium
2928 3220 3027 3286 ire,
3049 3235 3172 3276 cum
3209 3237 3420 3284 omnes,
3452 3223 3544 3291 qui
3573 3238 3688 3285 me,-

2095 3324 2218 3361 cum
2243 3324 2348 3362 una
2367 3308 2575 3364 litteras
2605 3311 2844 3376 discunt,
2892 3322 3182 3382 postquam
3226 3329 3314 3367 res
3356 3313 3474 3367 illas
3527 3329 3696 3384 expe-

2096 3399 2296 3453 dierint.
2352 3439 2368 3465 ,
2429 3417 2552 3470 quae.
2622 3402 2676 3456 in
2740 3403 3018 3474 gymnasio
3085 3413 3452 3468 exercentur,
3506 3418 3694 3458 secum

2098 3493 2336 3547 habeant
2362 3491 2671 3565 Evangelia,
2691 3505 2742 3551 et
2777 3497 3030 3551 sedentes
3057 3511 3120 3551 ea
3147 3497 3360 3567 legant;
3382 3506 3550 3567 atego
3579 3496 3696 3552 talis

2095 3596 2240 3645 sum,
2268 3583 2423 3650 quasi
2455 3599 2598 3638 unus
2642 3599 2708 3638 ex
2759 3586 2849 3650 iis,
2887 3587 2984 3654 qui
3025 3596 3281 3654 parentes
3323 3603 3432 3640 non
3471 3588 3695 3648 habent,

2096 3688 2220 3726 cum
2257 3673 2563 3744 Evangeliis
2591 3675 3030 3745 careamJtaque
3049 3678 3275 3746 supplex
3310 3693 3340 3730 a
3368 3677 3519 3732 vobis
3546 3687 3696 3747 pcto,

2097 3762 2304 3817 domini
2340 3764 2470 3828 mei,
2518 3772 2578 3818 ut
2616 3765 2751 3819 mihi
2792 3780 3009 3834 quoque
3054 3766 3293 3834 jubeatis
3353 3765 3692 3835 evangelium

2097 3855 2233 3920 dari,
2263 3870 2370 3925 quo
2401 3864 2456 3910 et
2482 3856 2598 3925 ipse
2625 3856 2757 3911 illud
2787 3858 2840 3910 in
2875 3857 3129 3910 riianihus
3152 3859 3286 3910 meis
3315 3857 3523 3911 habens
3546 3857 3691 3911 edis-

2098 3961 2238 4000 cam.
2274 3945 2397 4000 llaec
2425 3961 2548 4000 cum
2580 3947 2702 4016 ejus
2744 3959 2920 4001 mater
2962 3947 3281 4007 audivisset.
3314 3948 3470 4002 valde
3517 3949 3692 4004 laetata

2100 4047 2206 4099 est.
2237 4038 2380 4107 quod
2408 4038 2528 4107 ejus
2553 4037 2694 4094 ﬁlius
2714 4047 2864 4092 tanto
2895 4038 3141 4092 discendi
3162 4038 3343 4092 studio
3369 4048 3648 4092 teneretur
3676 4057 3688 4091 :

417 4131 480 4183 τὰ
535 4132 682 4194 ἐντ¹ς
719 4132 1026 4202 γράμματά
1073 4148 1132 4184 τε
1185 4131 1280 4184 κα)⁸
1319 4129 1684 4200 γεγραμμένα
1714 4132 1792 4192 εἰς
1826 4129 1989 4182 πόθον

2098 4141 2282 4184 etcum
2301 4132 2416 4185 viro
2437 4129 2702 4185 collocuta
2721 4148 2734 4182 :
2752 4129 2886 4200 Age,
2906 4129 3330 4198 inquit,domine
3349 4131 3418 4183 mi
3445 4147 3612 4187 :cura.
3636 4139 3696 4186 ct

413 4221 575 4275 αὐτὸν
603 4222 890 4290 ὲξεγείρει,
921 4222 1058 4274 ἀλλὰ
1087 4220 1181 4274 καὶ
1213 4223 1247 4289 ἡ
1287 4221 1518 4291 καλλονή
1564 4219 1728 4273 αὐτοῦ
1770 4221 1868 4289 τῆς
1897 4238 1997 4272 κα-

408 4315 684 4382 τατκευῆς
722 4313 942 4367 πλείονα
971 4313 1068 4385 τὴν
1097 4312 1290 4384 τέρψιν
1342 4313 1437 4366 καὶ
1479 4313 1570 4364 τὸν
1615 4312 1820 4380 κόσμον
1850 4311 1999 4382 αὐτῷ

407 4407 580 4460 ποιεῖ.
621 4402 800 4468 Εὐθὺς
832 4405 889 4458 δὲ
928 4406 956 4458 6
1003 4405 1188 4474 πατὴρ
1224 4403 1388 4458 αὐτοῦ
1439 4403 1724 4456 ἐκέλευσεν
1767 4402 1998 4472 ἀχθῆναι

404 4513 456 4567 χ,
482 4497 730 4567 υσοχόον,
759 4499 852 4550 καὶ
875 4497 1028 4565 λέγει
1063 4495 1231 4566 αὐτῷ*
1263 4495 1409 4550 Λάϐε
1444 4497 1699 4565 χρήματα
1732 4495 1834 4547 ὅσα
1865 4494 1993 4564 βού-

403 4587 512 4650 λει,
549 4589 642 4642 καὶ
676 4588 1092 4642 κατασκεύασον
1121 4587 1440 4656 εὐαγγέλιον
1478 4585 1556 4654 τῷ
1599 4585 1700 4655 υἱῷ
1734 4602 1856 4654 μου.
1889 4589 1998 4637 Λα-

405 4679 523 4732 ϐὼν
575 4680 632 4733 δὲ
681 4683 888 4746 ἐκεῖνος
948 4680 1280 4735 πεντακόσια
1327 4679 1637 4751 νομίσματα
1685 4681 1778 4732 καὶ
1821 4679 2002 4741 λίθους

408 4770 734 4834 πολυτελεῖς
778 4773 873 4824 καὶ
916 4771 1287 4844 μαργαρίτας,
1327 4769 1700 4824 κατεσκεύασε
1744 4770 1805 4822 τὸ
1833 4772 2001 4838 εὐαγ-

404 4862 590 4943 γέλιον
622 4861 700 4932 τῷ
741 4862 982 4936 Ἰωάννῃ.
1033 4863 1092 4916 '0
1141 4862 1200 4916 δὲ
1231 4861 1414 4916 λαϐὼν
1440 4860 1502 4914 τὸ
1524 4861 1840 4929 εὐαγγέλιον
1870 4846 2004 4913 ἐϐά-

406 4955 608 5018 σταζεν
635 4955 768 5008 αὐτὸ
808 4956 902 5008 καὶ
928 4953 1262 5021 ἐξεμάνθανε
1288 4954 1424 5025 μετὰ
1447 4953 1642 5007 πολλοῦ
1677 4953 1770 5006 τοῦ
1806 4953 1998 5019 πόθου,

404 5047 731 5114 προσδοκῶν
763 5047 864 5119 τὴν
893 5047 1151 5101 ἐπάνοδον
1182 5046 1276 5100 τοῦ
1326 5046 1492 5100 ἁϐϐἅ.

2101 4223 2225 4276 talis
2257 4221 2671 4292 Evangeliorum
2692 4222 2829 4276 liber
2855 4221 3256 4287 conscribatur,
3287 4231 3342 4276 et
3367 4222 3473 4275 ﬁlio
3502 4231 3694 4277 nostro

2098 4313 2280 4380 detur,
2309 4315 2401 4383 qui
2421 4329 2529 4367 non
2567 4314 2743 4367 solum
2776 4313 3078 4367 litterarum
3111 4313 3318 4383 ﬁguris,
3351 4321 3408 4366 et
3443 4313 3548 4374 his,
3575 4328 3696 4382 qua:

2096 4408 2245 4462 intus
2279 4408 2478 4476 scripta
2511 4406 2781 4471 habuerit,
2813 4407 3144 4462 desiderium
3191 4405 3301 4460 ﬁlio
3333 4415 3692 4468 commoveat,

2097 4498 2193 4552 sed
2234 4499 2402 4551 etiam
2433 4497 2606 4566 ipsius
2637 4499 3107 4568 conglutinatione
3139 4505 3193 4551 et
3227 4495 3481 4551 exteriori
3507 4495 3692 4563 specie

2101 4589 2174 4642 ita
2217 4588 2445 4658 pulcher
2486 4589 2579 4651 sit,
2628 4597 2686 4642 ut
2723 4589 2844 4658 ejus
2885 4587 3217 4642 desiderium
3263 4584 3433 4655 magis
3467 4586 3690 4640 excitet-

2103 4679 2299 4744 St,atim
2334 4696 2464 4736 vero
2493 4682 2614 4751 ejus
2633 4679 2967 4751 patcrjnssit
2995 4677 3272 4733 auriﬁcem
3295 4677 3501 4743 vocari,
3532 4678 3693 4747 eique

2103 4769 2259 4834 dixit,
2303 4779 2364 4824 ut
2412 4778 2622 4824 tantum
2662 4770 2908 4840 pecuniae
2947 4775 3211 4834 sumeret,
3252 4776 3515 4836 quantum
3561 4768 3694 4824 satis

2102 4871 2250 4916 esset
2279 4863 2345 4916 ad
2385 4863 2798 4933 Evangeliorum
2822 4862 3018 4916 librum
3040 4861 3149 4914 ﬁlio
3175 4861 3690 4931 conglutinandutn.

2101 4953 2326 5008 Aurifex
2352 4953 2517 5024 igitur
2535 4970 2657 5010 cum
2693 4954 2986 5023 quingenta
3023 4953 3373 5018 nomismata,
3403 4963 3458 5008 et
3486 4953 3694 5023 pretio-

2111 5060 2202 5100 sos
2235 5045 2444 5116 lapillos
2463 5061 2527 5100 ac
2555 5047 2874 5116 margaritas
2903 5044 3252 5114 sumpsisset,
3277 5045 3475 5099 librum
3497 5037 3694 5100 Joanni

402 5141 823 5208 conglutinavit.
895 5141 1029 5197 Cum
1071 5157 1202 5196 vero
1251 5141 1592 5213 evangelium
1629 5139 1746 5210 ipse
1789 5137 2029 5194 Joannes
2074 5141 2414 5211 accepisset,
2480 5149 2535 5196 et
2593 5141 2648 5195 in
2691 5140 2943 5196 manibus
2990 5148 3222 5203 teneret,
3284 5139 3527 5195 studiose
3559 5139 3690 5194 illud

401 5237 623 5303 didicit,
671 5249 996 5310 exspectans
1039 5215 1220 5309 quoad
1259 5239 1453 5300 abbas,
1499 5217 1582 5292 de.
1602 5251 1711 5307 quo
1745 5251 1907 5306 supra
1939 5235 2144 5291 dictum
2177 5247 2281 5306 est,
2317 5246 2703 5293 reverteretur.

589 5379 699 5435 Καὶ
732 5379 957 5451 ἡμερῶν
1005 5395 1168 5432 τινων
1197 5376 1522 5430 διελθουσῶν
1586 5377 1945 5448 παραγίνεται
1969 5378 1996 5428 6

403 5471 586 5532 ἁϐεᾶς
611 5472 754 5525 κατὰ
782 5473 884 5541 τὴν
917 5472 1082 5525 αὐτοῦ
1114 5471 1472 5539 ἐπαγγελίαν.
1518 5471 1624 5524 Καὶ
1672 5469 1797 5523 ίδὼν
1827 5467 1989 5522 αὐτὸν

405 5566 440 5616 6
481 5563 737 5634 Ἰωάννης
787 5555 961 5635 ἐχάρη
1018 5564 1244 5635 σφόδρα,
1286 5564 1380 5616 καὶ
1416 5559 1751 5634 προδραμὼν
1797 5577 1990 5630 περια-

2171 5379 2236 5435 V.
2287 5377 2579 5432 Intervallo
2634 5377 2895 5448 temporis
2945 5375 3112 5430 abbas
3172 5373 3262 5428 ille
3306 5387 3560 5427 reversus
3591 5387 3694 5437 est,

2099 5466 2558 5536 quemadmodum
2623 5481 2682 5521 se
2749 5467 3020 5522 factarum
3095 5463 3441 5533 promiserat.
3522 5458 3696 5526 Quem

2099 5572 2224 5611 cum
2247 5556 2468 5612 vidisset
2493 5557 2753 5625 Joannes,
2773 5557 2928 5614 valde
2950 5556 3167 5628 gavisus
3197 5564 3300 5620 est,
3325 5565 3380 5609 et
3402 5549 3698 5609 occurret.8

483 5825 568 5901 (Ι)
600 5826 775 5884 Verba
814 5833 868 5876 ut
892 5825 1124 5880 cuim....
1155 5825 1390 5880 obtinent
1421 5823 1634 5878 codices
1669 5821 1838 5876 Gnaei
1853 5835 1953 5874 non
1982 5833 2184 5889 agnosc
2210 5831 2304 5874 aut.
