4144 6422
474 453 577 521 5‘Il

1677 455 1962 518 MENSIS
1987 455 2019 516 J
2026 455 2126 514 AN
2136 456 2320 516 UABl
2332 456 2448 518 US.

3643 453 3753 522 572

478 573 666 626 animo
691 568 982 626 admodum
1016 569 1162 634 laeto,
1211 582 1339 625 eum
1390 568 1695 640 amplexus,
1748 569 1836 624 his
1879 567 2063 624 verbis

2170 567 2408 631 σπάζετο
2452 565 2616 620 αὑτὸν
2648 566 2792 638 μετὰ
2838 566 3041 637 πολλῆς
3076 564 3440 638 εὐφροσύνης,
3478 567 3573 621 καὶ
3601 568 3753 636 λέγει

478 662 679 717 affatus
700 669 784 715 est
817 678 831 713 :
854 657 1081 713 Domine
1100 658 1195 725 mi,
1216 667 1507 730 parentum
1534 673 1782 715 meorum
1802 657 2062 713 affectum

480 758 537 804 et
569 749 795 802 nimiam
824 746 1069 814 ipsorum
1092 743 1147 798 in
1169 760 1257 801 me
1286 745 1727 802 benevolentiam
1748 761 1915 801 nemo
1938 744 2061 810 scit,

483 852 542 897 ut
558 858 658 913 ego
675 840 811 912 ipse.
831 840 965 895 Novi
981 842 1131 896 enim
1150 849 1379 896 matrem
1398 856 1577 896 meam
1603 842 1878 913 praecipue
1901 841 2062 895 talem

480 932 537 986 in
574 947 661 987 me
689 946 833 997 esse,
869 939 930 985 ut
962 932 1007 986 si
1040 931 1173 1001 quid
1229 932 1546 1002 huiusmodi
1580 932 1953 1003 praesenserit,
1988 931 2064 985 la-

481 1023 683 1095 crymis
711 1022 826 1077 suis
856 1022 1122 1093 propositi
1153 1022 1261 1078 mei
1302 1038 1526 1078 cursum
1560 1022 1842 1093 impediat.
1876 1020 2063 1092 Itaque

484 1124 539 1172 te
563 1131 777 1187 precor,
823 1122 883 1169 ut
923 1116 1090 1170 tacite
1121 1113 1486 1179 discedamus,
1533 1128 1606 1168 ne
1641 1114 1763 1183 quis
1806 1112 1859 1167 id
1905 1112 2062 1178 sciat,

482 1209 629 1278 quod
655 1206 907 1262 facimus.
939 1203 1080 1259 Tum
1122 1204 1425 1260 monachus
1466 1203 1818 1268 :Faciamus,
1862 1202 2059 1273 inquit,

482 1297 580 1366 fili,
613 1296 759 1367 quod
786 1297 869 1351 vis
897 1312 914 1351 :
948 1295 1087 1350 votis
1110 1295 1257 1350 enim
1286 1295 1393 1348 tuis
1431 1294 1571 1349 Deus
1610 1294 1928 1349 satisfaciet.
1958 1293 2063 1349 lla-

481 1402 589 1447 oue
608 1387 848 1444 Joannes
877 1400 1062 1442 secum
1080 1385 1286 1439 ducens
1311 1384 1640 1438 monachum
1673 1384 1847 1448 illum,
1875 1384 1942 1439 ad
1962 1383 2063 1438 ﬂu-

482 1479 649 1533 minis
681 1478 855 1548 ripam
889 1476 1141 1539 accessit,
1160 1484 1215 1530 et
1244 1475 1504 1529 nauclero
1538 1476 1774 1545 quodam
1813 1475 2060 1542 invento,

479 1570 557 1625 ait
587 1588 600 1624 :
632 1567 906 1638 Rogamus
944 1575 1019 1633 te,
1067 1566 1255 1634 frater,
1287 1575 1350 1621 nt
1386 1567 1547 1622 liceat
1583 1567 1744 1622 nobis
1783 1569 2061 1640 navigium

482 1668 633 1714 tuum
663 1658 993 1725 conducere,
1036 1671 1145 1726 quo
1174 1658 1242 1712 ad
1274 1673 1466 1713 eorum
1517 1660 1927 1725 monasterium,
1969 1661 2062 1731 qui

482 1749 748 1805 Accemeti
790 1758 1077 1811 vocantur,
1115 1765 1218 1806 nos
1257 1751 1448 1805 vehas.
1496 1750 1708 1817 Quibus
1743 1753 1835 1809 ille
1881 1772 1895 1808 :
1928 1753 2061 1824 Ego,

479 1843 684 1912 inquit,
711 1851 1001 1913 propterea
1018 1840 1109 1897 hic
1137 1844 1321 1909 sedeo,
1347 1849 1408 1896 ut
1435 1858 1575 1898 onus
1589 1844 1806 1914 aliquod
1828 1846 2059 1916 capiam,

2165 661 2337 732 αὐτῷ·
2384 660 2559 730 Κύριέ
2602 677 2705 731 μου
2733 701 2751 727 ,
2785 660 2857 715 τὰ
2899 662 3188 734 σπλάγχνα
3233 662 3343 716 τῶν
3390 663 3593 731 γονέων
3647 680 3750 733 μου

2165 752 2260 803 καὶ
2288 750 2349 804 τδ
2388 751 2609 821 φίλτρον
2642 751 2705 805 τὸ
2742 752 2822 815 είς
2876 751 2977 821 ἐμὲ
3016 752 3191 814 οὐδεὶς
3232 749 3524 803 ἐπίσταται
3560 752 3610 803 εί
3672 750 3751 821 μὴ

2164 841 2295 909 ἐγὼ,
2330 842 2565 912 μάλιστα
2594 841 2655 895 τὸ
2681 842 2800 910 τῆς¹
2825 842 3032 914 μητρός
3057 856 3181 911 μου·
3218 841 3314 896 καὶ
3346 840 3446 893 ἐὰν
3479 839 3632 913 μάθῃ
3655 840 3752 893 τδν

2164 934 2370 985 σκοπόν
2402 949 2503 1003 μου
2534 933 2648 995 τοῖς
2698 931 2962 1003 δάκρυσιν
3018 932 3159 1003 αὑτὴ
3203 931 3462 1000 ὲγκὸπτει
3506 947 3607 996 μου
3648 931 3751 999 τὴν

2164 1022 2444 1093 πρόθεσιν.
2499 1021 2659 1075 Ἀλλὰ
2693 1021 2813 1093 μεθ’
2842 1021 3075 1092 ἡσυχίας
3107 1021 3453 1092 ἀπέλθωμεν,
3476 1019 3617 1075 ὥστε
3642 1037 3748 1090 μη-

2161 1112 2289 1165 δένα
2308 1112 2533 1182 γνῶναι.
2565 1113 2728 1181 Λέγει
2754 1113 2875 1166 τότε
2902 1112 3051 1183 αὐτῷ
3078 1114 3107 1165 ὁ
3139 1112 3391 1183 μοναχόςο
3430 1112 3516 1175 Ὠς
3545 1110 3747 1183 βούλει,

2161 1203 2373 1270 τέκνον,
2409 1204 2747 1275 ποιήσωμεν·
2785 1200 2903 1258 οῖδα
2937 1205 3045 1276 γὰρ
3078 1205 3161 1258 ὃτι
3197 1204 3298 1274 τὴν
3329 1203 3628 1273 ἐπιθυμίαν
3653 1219 3747 1255 σου

2163 1296 2409 1368 πληροῖό
2457 1295 2685 1367 Κύριος.
2715 1297 2827 1351 Καὶ
2861 1295 3195 1367 παραλαϐὼν
3236 1294 3401 1349 αὐτὸν
3432 1296 3460 1348 ὁ
3495 1292 3753 1365 Ἰωάννης

2162 1385 2385 1456 ἔρχεται
2444 1385 2536 1437 ἐπὶ
2590 1386 2681 1439 τὸν
2719 1386 2988 1453 αίγιαλδν,
3018 1386 3113 1439 καὶ
3145 1384 3394 1457 εὑρίσκει
3425 1384 3628 1450 πλοῖον,
3651 1386 3749 1438 καὶ

2163 1478 2311 1545 λέγει
2335 1476 2411 1547 τῷ
2443 1478 2753 1549 ναυκλήρῳ·
2788 1477 3227 1549 Παρακαλοῦμέν
3257 1494 3338 1543 σε,
3363 1477 3577 1545 ἁδελςρὲ,
3599 1478 3750 1541 ὅπως

2164 1569 2259 1623 καὶ
2310 1570 2608 1640 μισθώσεις
2650 1573 2783 1642 ⁴ἡμῖν
2828 1571 2888 1624 τὸ
2934 1571 3117 1624 πλοῖόν
3154 1587 3272 1637 σου,
3315 1569 3411 1626 καὶ
3462 1568 3749 1634 διασώσεις

2162 1661 2311 1731 ἡμᾶς
2341 1660 2445 1723 ἕως
2485 1661 2594 1714 τῶν
2625 1661 2738 1716 ἄνω
2778 1664 2963 1734 μερῶν
2990 1664 3087 1733 τῆς
3117 1666 3285 1733 μονῆς
3319 1661 3428 1729 τῶν
3475 1660 3704 1730 ’Δκοιμὴ
3724 1690 3752 1701 -

2163 1774 2291 1810 των.
2346 1756 2404 1811 '0
2438 1756 2494 1810 δὲ
2532 1755 2837 1829 ναύκληρος
2866 1758 3013 1826 λέγει
3052 1759 3256 1820 αὐτοῖς’
3302 1756 3445 1825 Ἐγὼ
3477 1757 3558 1820 είς
3593 1755 3757 1809 τοῦτο

2164 1846 2412 1919 κάθημαι
2441 1841 2565 1910 ὦδε,
2601 1848 2693 1901 τοῦ
2733 1848 3006 1919 φορτῶσαι
3040 1849 3100 1902 τὸ
3140 1849 3324 1901 πλοῖόν
3380 1864 3508 1918 μου,
3560 1847 3753 1917 μισθὲς

478 1944 537 1992 et
565 1937 840 2005 navigium
869 1950 1053 1989 meum
1072 1934 1349 2003 impleam,
1366 1944 1695 2006 centumque
1721 1939 1931 1992 nummi
1955 1938 2064 1993 sint

2170 1938 2221 1992 δὲ
2253 1939 2407 1994 ἔσται
2436 1939 2628 1992 ἑκατὸν
2670 1940 3007 2009 νομίσματα.
3032 1940 3196 2008 Λέγει
3235 1939 3384 2009 αὐτῷ
3409 1943 3437 1993 ὁ
3472 1938 3748 2008 Ἰωάννης·

481 2024 655 2097 ipsius
678 2039 910 2079 merces.
939 2022 1093 2077 Tunc
1111 2022 1349 2079 Joannes
1369 2023 1501 2079 dixit
1528 2043 1541 2078 :
1561 2025 1851 2096 Exspecta,
1874 2026 2059 2091 frater,

486 2134 660 2188 usque
695 2117 761 2173 ad
797 2117 1016 2172 tertium
1049 2116 1215 2183 diem,
1253 2126 1307 2171 et
1357 2131 1389 2171 a
1431 2132 1520 2172 me
1546 2119 1820 2190 navigium
1852 2120 2063 2175 condu-

480 2220 659 2267 cetur.
702 2210 835 2264 Cum
871 2207 941 2262 ita
973 2208 1116 2263 inter
1145 2218 1204 2262 se
1230 2206 1638 2272 convenissent,
1671 2210 2060 2266 discesserunt.

482 2301 744 2372 Tuncque
771 2300 1013 2356 Joannes
1047 2300 1185 2355 dixit
1216 2300 1485 2356 monacho
1513 2317 1526 2354 ε
1561 2300 1812 2372 Magnum
1843 2303 2062 2372 quidem

482 2394 683 2465 navigii
717 2396 990 2465 pretium;
1028 2402 1083 2447 at
1112 2392 1351 2463 separari
1379 2408 1463 2447 me
1496 2408 1525 2447 a
1556 2394 1879 2462 parentibus
1905 2393 2062 2458 meis,

484 2502 590 2542 nec
615 2486 685 2541 ab
716 2486 782 2547 iis
816 2484 1085 2554 impediri,
1121 2483 1291 2539 multo
1320 2483 1439 2553 plus
1470 2489 1619 2536 certe
1652 2482 1813 2535 valet.
1842 2480 1935 2535 Ibo
1966 2482 2065 2551 igi-

487 2589 599 2645 tur,
636 2587 693 2632 et
732 2578 911 2648 aliqua
959 2577 1083 2632 ficta
1113 2577 1470 2634 excusatione
1502 2589 1532 2627 a
1570 2573 1891 2642 parentibus
1928 2574 2067 2629 meis

486 2678 691 2742 petam,
722 2679 780 2725 ut
816 2670 949 2725 mihi
979 2671 1268 2741 pecuniam
1295 2667 1626 2737 largiantur;
1657 2680 1720 2719 ea
1750 2680 1881 2720 vero
1915 2666 2068 2720 navi-

485 2764 635 2834 gium
663 2762 1055 2819 conducemus.
1081 2760 1220 2815 Tum
1250 2756 1555 2825 monachus
1579 2772 1592 2807 :
1627 2754 1796 2822 Vade,
1825 2755 1931 2810 fili:
1963 2756 2069 2811 Do-

486 2858 667 2912 minus
687 2856 883 2928 dirigat
918 2866 972 2911 te
1008 2856 1262 2909 feliciter.

557 2947 644 3001 Vl.
687 2947 849 3003 Venit
903 2948 1067 3019 igitur
1118 2944 1377 3010 Joannes,
1431 2950 1487 2997 et
1525 2943 1687 2997 matri
1724 2958 1835 2998 suae
1888 2943 2065 2998 dixit:

484 3038 657 3094 Mater
678 3054 801 3094 mea
830 3039 1073 3098 domina,
1104 3050 1227 3104 quae
1256 3034 1325 3089 ab
1366 3033 1525 3090 initio
1568 3035 1641 3089 ita
1674 3051 1764 3089 me
1800 3035 2065 3094 educasti,

486 3140 546 3186 ut
580 3146 767 3201 pauca:
791 3128 1080 3184 admodum
1113 3135 1314 3181 matres
1336 3126 1474 3181 filios
1506 3142 1635 3183 suos
1671 3128 1994 3192 educarunt,
2013 3137 2069 3182 et

2179 2031 2522 2102 Ἀνάμεινον,
2560 2030 2780 2100 ἁδελφὲ,
2820 2033 2965 2103 τρεῖς
2988 2032 3223 2101 ἡμέρας,
3255 2031 3350 2085 καὶ
3386 2029 3497 2097 ἐγὼ
3537 2028 3755 2100 μισθοῦ-

2167 2140 2266 2193 μαι
2316 2122 2474 2177 αὑτό.
2512 2123 2622 2176 Καὶ
2658 2122 2979 2192 συνθέμενοι
3020 2121 3169 2192 αὐτῷ
3219 2120 3486 2191 ἀπῆλθον.
3519 2113 3755 2173 Εἶπεπᾶ

2165 2216 2192 2266 ὁ
2228 2214 2481 2283 Ἰωάννης
2526 2213 2605 2285 τῷ
2652 2214 2871 2285 μοναχῷ
2934 2217 3054 2268 κατ’
3108 2214 3273 2269 ίδίανο
3318 2215 3377 2268 '0
3427 2214 3526 2284 μὲν
3562 2211 3755 2284 μισθὶς

2165 2305 2260 2359 τοῦ
2297 2306 2482 2360 πλοίου
2527 2308 2717 2373 πολὺς,
2750 2308 2811 2360 τὸ
2836 2307 2893 2360 δὲ
2927 2307 3284 2376 ἀναχωρῆσαι
3319 2322 3387 2374 με
3424 2306 3488 2357 ὲκ
3520 2302 3630 2355 τῶν
3659 2318 3754 2370 γο-

2166 2399 2302 2452 νέων
2334 2415 2456 2467 μου,
2482 2399 2578 2451 καὶ
2615 2400 2690 2468 μὴ
2732 2396 3140 2468 κατασχεθῆναί
3181 2412 3249 2465 με
3280 2396 3375 2447 ὑπ’
3406 2393 3588 2446 αὐτῶν
3618 2391 3751 2445 πολῦ

2168 2490 2413 2559 κρεῖττόν
2444 2493 2613 2542 ἐστιν.
2659 2489 2936 2542 Ἀπελθὼν
2978 2484 3072 2539 οὖν
3106 2486 3327 2555 λαλήσω
3372 2486 3487 2547 τοῖς
3532 2481 3754 2552 γονεῦσί

2171 2598 2274 2651 μου
2300 2581 2675 2652 σχηματικῶς,
2708 2583 2855 2643 ὅπως
2887 2578 3117 2633 δώσουσί
3148 2594 3240 2648 μοι
3269 2577 3530 2648 χρήματα
3556 2575 3654 2628 ἐπὶ
3672 2573 3752 2645 τῷ

2168 2674 2478 2744 ναυκλήρῳ.
2518 2673 2576 2726 Ὀ
2607 2673 2684 2741 δὲ,
2714 2671 2975 2744 Πορεύου,
3011 2672 3223 2738 τέκνον,
3250 2669 3501 2740 ὀΚύριος
3524 2684 3751 2722 κατενο-

2167 2763 2330 2817 δὼσει
2365 2783 2447 2819 σε.

2247 2953 2339 3023 ς’.
2370 2953 2481 3007 Καὶ
2516 2949 2687 3006 ἐλθὼν
2735 2951 2762 3001 ὁ
2806 2947 3059 3015 Ἰωάννης
3090 2945 3238 3012 λέγει
3264 2946 3329 3015 τῇ
3366 2943 3535 3014 μητρὶ
3563 2942 3757 2997 αὐτοῦ*

2173 3047 2354 3118 κυρία
2392 3046 2587 3117 μῆτερ,
2621 3044 2653 3113 ἡ
2701 3040 2880 3103 καλῶς
2918 3056 2984 3109 με
3034 3036 3460 3108 ἀναθρεψαμένη
3492 3035 3756 3106 ἐξαρχῆςο

2171 3141 2245 3204 ιτλς
2276 3140 2455 3204 ὀλίγαι
2490 3134 2728 3206 μητέρες
2756 3130 3065 3201 ἀνέθρεψαν
3089 3128 3159 3181 τὰ
3206 3128 3417 3182 ἑαυτῶν
3451 3127 3635 3193 τέκνα,
3668 3127 3765 3181 διὰ·

483 3233 708 3294 propter
735 3235 1001 3277 summam
1035 3227 1182 3273 tuam
1214 3219 1268 3273 in
1304 3234 1392 3274 me
1421 3220 1882 3284 benevolentiam,
1907 3221 2063 3289 quid-

2179 3234 2239 3286 τὸ
2273 3233 2353 3294 είς
2387 3230 2487 3300 ἐμὲ
2517 3228 2757 3297 ἄμετρον
2790 3224 3033 3293 φίλτρον,
3070 3220 3166 3273 καὶ
3210 3219 3392 3273 πᾶσάν
3427 3235 3528 3288 μου
3568 3216 3760 3271 ἐπιθυ.

483 3318 614 3387 quid
639 3318 757 3387 ipse
785 3314 990 3384 aptavi,
1022 3313 1155 3367 mihi
1188 3312 1486 3382 praestitisti
1524 3330 1538 3367 :
1578 3329 1748 3366 unum
1785 3322 1889 3378 est,
1922 3314 2066 3382 quod

484 3419 747 3480 praeterea
780 3421 879 3476 ego
917 3421 948 3459 a
979 3412 1032 3459 te
1064 3419 1127 3458 ac
1156 3413 1308 3475 patre
1341 3418 1465 3459 meo
1494 3413 1642 3474 peto,
1679 3404 1843 3473 idque
1874 3415 2067 3459 vestra:

484 3503 668 3569 gloriae
715 3511 879 3552 causa
909 3504 1129 3565 exopto,
1164 3494 1244 3549 Ad
1286 3495 1404 3549 haec
1438 3505 1612 3549 mater
1642 3512 1656 3549 :
1681 3496 1831 3560 Pete,
1864 3496 2065 3565 inquit,

484 3588 859 3660 ﬁli,quidquid
890 3588 991 3642 vis.
1021 3585 1159 3641 Tum
1180 3586 1419 3641 Joannes
1446 3603 1459 3638 :
1484 3586 1653 3640 Mater
1682 3602 1801 3640 mea
1824 3587 2063 3651 domina,

482 3700 671 3739 omnes
693 3682 870 3753 pueri,
903 3682 993 3752 qui
1026 3689 1154 3735 sunt
1186 3681 1237 3734 in
1272 3681 1572 3752 gymnasio,
1606 3696 1712 3735 non
1743 3682 1912 3735 semel
1946 3692 2068 3736 tan-

481 3786 598 3830 tum
631 3786 795 3845 atque
826 3775 1048 3836 iterum,
1075 3774 1167 3829 scd
1197 3776 1397 3844 saepius
1424 3790 1511 3829 me
1544 3776 1598 3829 in
1628 3776 1939 3830 convivium
1971 3791 2069 3829 vo-

482 3876 678 3923 carunt
705 3887 717 3921 :
742 3884 843 3940 ego
877 3885 1001 3923 cum
1025 3868 1145 3923 illos
1165 3868 1416 3922 similiter
1434 3866 1684 3937 accipere
1707 3882 1816 3921 non
1835 3867 2064 3934 valeam,

482 3962 538 4016 in
580 3964 916 4033 gymnasium
951 3965 1028 4017 ire
1067 3978 1175 4016 non
1206 3976 1427 4031 possum
1461 3977 1476 4017 :
1522 3961 1596 4014 ita
1637 3962 1843 4030 pudore
1898 3961 2071 4015 multo

474 4052 798 4119 pi'rfundor.
830 4057 895 4105 At
917 4051 1004 4104 illa
1038 4070 1049 4104 :
1081 4050 1365 4120 Exspecta,
1405 4049 1501 4114 fili,
1545 4051 1868 4105 hodiernum
1899 4052 2067 4117 diem,

481 4150 537 4197 et
575 4158 674 4213 ego
704 4144 845 4212 patri
882 4152 976 4198 tuo
1011 4144 1375 4212 persuadebo,
1409 4151 1470 4196 ut
1503 4143 1597 4197 tibi
1624 4143 1716 4197 det
1757 4144 2067 4212 pecuniam,

488 4251 595 4305 qua
647 4235 878 4289 invitare
927 4238 1125 4305 possis,
1164 4252 1521 4306 quoscunque
1547 4237 1713 4304 .velis.
1767 4236 1894 4292 Hazc
1936 4238 2071 4292 dixit

478 4335 675 4393 mater,
694 4336 749 4382 et
776 4327 1003 4382 absente
1022 4327 1152 4395 filio,
1177 4328 1387 4398 singula
1407 4328 1524 4383 viro
1548 4343 1648 4383 suo
1670 4329 1929 4392 narravit,
1951 4346 2072 4398 quae

480 4438 508 4475 a
554 4422 768 4477 Joanne
816 4427 1126 4490 acceperat.
1152 4420 1250 4474 Cui
1284 4421 1367 4474 vir
1409 4440 1422 4475 :
1465 4420 1687 4484 Demus,
1738 4420 1936 4490 inquit,
1995 4423 2071 4478 illi

479 4521 700 4568 centum
739 4528 936 4566 aureos
965 4527 1240 4576 nummos,
1283 4521 1339 4568 ει
1368 4514 1731 4582 puerum,qui
1770 4529 1893 4567 eum
1930 4530 2060 4569 (2113⁴

2179 3324 2306 3393 μίαν
2341 3318 2700 3391 πληρώσασα,
2740 3315 2821 3368 ἔτι
2870 3313 2999 3383 μίαν
3043 3311 3264 3379 αἴτησιν
3321 3309 3577 3379 αἰτοῦμαι
3607 3309 3763 3377 παρὰ

2176 3415 2269 3468 σοῦ
2310 3413 2405 3466 καὶ
2438 3409 2588 3478 παρὰ
2641 3406 2869 3477 πατρὸς,
2908 3405 2987 3467 είς
3037 3403 3308 3473 ὑμέτερον
3349 3401 3641 3471 καύχημα.
3691 3400 3765 3455 Ἡ

2174 3507 2231 3560 δὲ
2278 3506 2457 3572 λέγει’
2496 3501 2749 3567 Λίτησαι,
2792 3498 3003 3558 τέκνον,
3048 3493 3076 3547 ὃ
3128 3494 3328 3563 βούλει.
3386 3493 3444 3546 '0
3497 3494 3556 3546 δὲ
3602 3488 3758 3546 εἶπεν

2176 3598 2338 3667 αὐτῇ·
2364 3594 2546 3664 Κυρία
2575 3591 2769 3661 μῆτερ,
2822 3589 3020 3649 πάντες
3056 3586 3106 3639 oi
3145 3585 3333 3647 παῖδες
3370 3587 3419 3637 οί
3460 3587 3518 3637 ἐν
3549 3586 3614 3654 τῇ
3642 3584 3760 3637 δια-

2175 3691 2335 3762 τριϐῇ
2382 3689 2441 3742 οὑ
2481 3686 2637 3757 μόνον
2675 3684 2825 3747 ἅπαξ
2877 3682 2910 3754 ἢ
2954 3681 3036 3744 δὶς
3068 3680 3335 3734 ἐκάλεσαν
3367 3698 3435 3752 με
3469 3681 3547 3743 είς
3578 3680 3763 3733 ἑστία-

2180 3800 2283 3845 σιν,
2315 3780 2449 3833 ἀλλὰ
2479 3780 2575 3831 καὶ
2612 3775 2895 3836 πολλάκις,
2931 3773 3028 3826 καὶ
3081 3774 3155 3843 μὴ
3182 3772 3478 3842 δυνάμενος
3508 3773 3719 3842 ἀμείψει
3740 3802 3759 3812 ο

2181 3873 2306 3926 σθαι
2340 3870 2559 3932 αὐτοὺς,
2608 3867 2729 3920 οὐδὲ
2760 3868 2839 3929 εἰς
2870 3865 2969 3935 τὴν
3002 3863 3292 3934 διατριϐὴν
3319 3863 3558 3933 δύναμαι
3592 3866 3764 3917 ἀπελο

2178 3966 2289 4017 θεῖν
2326 3962 2466 4032 ὑπὲρ
2521 3963 2620 4031 τῆς
2674 3958 2942 4028 ἐντροπῆς
3003 3956 3381 4025 ἁλισκόμενος.
3423 3956 3487 4010 Ἡ
3522 3956 3580 4008 δὲ
3610 3956 3770 4024 λέγετ

2177 4054 2348 4125 αὐτῷ’
2387 4052 2729 4122 Ἀνὰμεινον,
2760 4052 2972 4113 τέκνον,
3010 4049 3273 4119 σήμερον,
3300 4049 3396 4101 καὶ
3445 4047 3555 4116 ἐγὼ
3590 4049 3769 4103 πείθω

2178 4148 2268 4200 τὸν
2296 4146 2507 4215 πατέρα
2534 4143 2717 4197 δοῦναί
2750 4159 2832 4194 σοι
2868 4142 3149 4212 χρήματα,
3183 4142 3280 4193 καὶ
3316 4140 3625 4211 προτρέπου
3667 4140 3765 4203 οὓς

2182 4240 2382 4311 βούλει.
2413 4236 2597 4290 Ταῦτα
2626 4232 2852 4286 εἰποῦσα
2884 4231 3159 4302 ήῖμήτηρ,
3206 4232 3438 4294 ἀπόντος
3482 4230 3577 4284 τοῦ
3614 4231 3761 4295 υἱοῦ,

2179 4331 2255 4401 τῷ
2291 4329 2444 4399 ἀνδρὶ
2472 4328 2805 4397 ἀπήγγειλεν
2837 4325 3014 4377 πάντα
3051 4323 3117 4375 τὰ
3156 4323 3251 4376 τοῦ
3296 4323 3486 4375 τέκνου
3516 4324 3761 4393 ῥήματα.

2181 4425 2290 4478 Καὶ
2343 4422 2505 4483 εὐθὺς
2552 4422 2580 4472 ὁ
2623 4419 2762 4487 ἀνὴρ
2800 4415 2936 4487 πρὸς
2991 4416 3181 4487 αὐτὴν,
3215 4415 3381 4467 Δώσω
3428 4416 3594 4485 αὐτῷ,
3632 4416 3761 4486 ἔφη,

2179 4513 2493 4585 νομίσματα
2552 4508 2765 4573 ἑκατὸν,
2826 4508 2919 4559 καὶ
2969 4506 3136 4559 παῖδα
3167 4505 3559 4575 παραφύλακα,
3613 4507 3764 4568 ὅπως

480 4603 651 4657 todiat
685 4610 739 4657 et
764 4602 1042 4667 observet,
1081 4618 1151 4657 ne
1182 4617 1290 4672 quo
1330 4602 1492 4656 modo
1520 4601 1841 4658 adolescens
1864 4603 2064 4673 procli-

2177 4607 2251 4678 μὴ
2283 4604 2508 4674 ὲκκλίνῃ
2541 4602 2616 4665 ὡς
2650 4600 2884 4664 παιδίον,
2918 4600 3014 4653 καὶ
3070 4601 3147 4661 είς
3182 4598 3417 4669 αἰσχρὰς
3445 4599 3636 4670 χρείας
3666 4599 3764 4652 καὶ

479 4696 598 4752 vior
619 4695 833 4760 evadat,
860 4705 917 4750 et
942 4696 996 4749 in
1022 4696 1305 4751 sordidum
1330 4712 1392 4751 ac
1411 4705 1624 4766 turpem
1647 4697 1884 4767 aliquem
1911 4713 2064 4751 usum

2174 4697 2438 4769 ἀκαίρους
2478 4692 2731 4765 ἀναλώσῃ
2762 4691 2922 4746 αὑτά.
2956 4691 3066 4744 Καὶ
3093 4691 3331 4762 ἤρεσκεν
3358 4693 3390 4762 ή
3424 4690 3588 4762 βουλὴ
3621 4691 3763 4759 αὕτη

478 4783 766 4854 pecuniam
820 4784 1067 4838 conferat
1116 4777 1292 4855 atque.
1333 4795 1638 4841 consumat.
1673 4784 1885 4842 Placuit
1934 4788 2064 4841 utri-

2174 4789 2493 4859 ἀμφοτέρῳ.
2525 4781 2657 4839 Εἶτα
2703 4783 2971 4837 ἐκάλεσαν
3031 4782 3123 4835 τὸν
3172 4781 3449 4851 Ἰωάννην,
3480 4783 3574 4834 καὶ
3600 4780 3764 4833 δεδὼ-

476 4886 583 4940 que
611 4870 899 4926 consilium
928 4872 1079 4927 illud.
1109 4873 1247 4928 Cum
1276 4874 1439 4945 igitur
1464 4872 1731 4930 Joannem
1760 4877 2064 4932 accersivis'

2176 4898 2338 4935 κασιν
2364 4878 2513 4949 αὑτῷ
2564 4878 2631 4930 τὰ
2663 4876 2925 4945 χρήματα
2959 4874 3053 4927 καὶ
3080 4874 3173 4927 τὸν
3207 4873 3371 4926 παῖδα
3400 4875 3480 4936 εἰς
3510 4872 3761 4941 φύλαξιν.

477 4974 621 5029 seni,
655 4964 926 5018 dederunt
956 4966 1032 5019 illi
1074 4967 1359 5035 pecuniam
1393 4975 1450 5022 et
1496 4984 1726 5038 puerum
1766 4970 2064 5024 custodem.

2186 4974 2246 5027 Ὀ
2282 4972 2338 5025 δὲ
2371 4970 2553 5024 λαϐὼν
2591 4969 2660 5022 τὰ
2698 4967 2893 5021 ἑκατὸν
2931 4966 3245 5035 νομίσματα
3266 4961 3396 5035 ἦλθε
3426 4964 3566 5033 μετὰ
3592 4968 3764 5036 χαρᾶς

476 5057 721 5112 Juannes
746 5073 899 5122 vero,
937 5059 1175 5128 acceptis
1201 5068 1421 5115 centum
1462 5060 1570 5116 illis
1596 5060 1779 5117 aureis
1807 5064 2064 5125 nummis,

2181 5066 2424 5137 μεγάλης
2460 5063 2595 5134 πρὸς
2627 5062 2717 5114 τὸν
2736 5059 2911 5115 ἁϐὃᾶν
2947 5059 3047 5111 σὺν
3074 5057 3150 5127 τῷ
3179 5058 3539 5128 παραφύλακι
3571 5058 3762 5124 αὑτοῦ,

479 5164 543 5203 ea
579 5163 636 5203 re
672 5149 830 5205 valde
865 5150 1129 5221 gaudens,
1173 5152 1240 5207 ad
1280 5153 1611 5207 monachum
1644 5152 1796 5207 venit
1821 5169 1926 5207 una
1947 5169 2064 5207 cum

2178 5153 2273 5206 καὶ
2308 5151 2479 5219 λέγει’
2522 5150 2718 5221 Κύριε,
2754 5150 2783 5201 ὁ
2815 5146 3100 5218 ἄνθρωπος
3127 5142 3281 5210 οὗτος
3319 5147 3450 5217 ἐμός
3493 5150 3632 5215 ἐστι,
3662 5152 3762 5201 καὶ

481 5256 657 5310 puero
686 5240 801 5309 illo,
835 5250 892 5297 et
920 5243 1043 5316 ait:
1073 5242 1144 5298 Mi
1170 5244 1413 5311 domine,
1447 5244 1539 5300 hic
1562 5244 1727 5300 homo
1752 5260 1907 5299 meus
1945 5255 2030 5299 est
2055 5263 2064 5298 :

2183 5243 2320 5312 μετὰ
2367 5241 2461 5294 σοῦ
2506 5241 2788 5310 ἀναμενεί,
2849 5236 2960 5306 ἐγὼ
3008 5237 3065 5290 δὲ
3111 5237 3403 5308 πορευθεὶς
3451 5241 3588 5306 προς
3636 5241 3765 5303 τοὺς

485 5333 602 5404 ipse
635 5344 816 5391 tecum
849 5334 937 5392 hic
964 5337 1208 5393 manebit
1247 5355 1261 5390 :
1302 5352 1403 5408 ego
1436 5352 1568 5393 vero
1605 5339 1672 5392 ad
1707 5337 1884 5393 socios
1921 5354 2064 5392 meus

2179 5335 2432 5406 ἑταίρους
2470 5350 2595 5403 μου,
2631 5330 2878 5395 συντάξω
2910 5330 3094 5392 αὐτοῖς
3137 5328 3234 5399 τὴν
3263 5330 3476 5400 ἡμέραν
3502 5334 3601 5401 τῆς
3631 5332 3765 5384 ὑπο-

482 5427 669 5492 adibo,
701 5436 763 5483 ut
788 5428 858 5484 ab
887 5428 1021 5499 ipsis
1049 5428 1267 5485 audiam
1293 5440 1503 5485 certum
1534 5430 1701 5494 diem,
1732 5447 1839 5501 quo
1868 5431 1991 5485 illos
2019 5431 2064 5484 in

2179 5427 2364 5496 δοχῆς.
2417 5424 2528 5478 Καὶ
2588 5423 2810 5496 ἔρχεται
2858 5420 3121 5494 χρήματα
3168 5414 3454 5489 βαστάζων
3501 5423 3640 5492 πρὸς
3674 5424 3766 5475 τὸν

483 5521 799 5579 convivium
834 5533 1161 5595 accepturus
1207 5525 1335 5579 sint.
1376 5525 1525 5581 Abiit
1568 5525 1752 5597 igitur,
1787 5535 1844 5580 et
1889 5541 2064 5582 secum

2182 5515 2513 5587 ναύκληρον,
2552 5516 2646 5569 καὶ
2673 5514 2822 5582 λέγει
2872 5512 3043 5583 αὐτῷ·
3087 5512 3327 5580 Ἀδελφὲ,
3366 5512 3493 5583 ἐμοὶ
3550 5514 3643 5566 καὶ
3685 5513 3764 5585 τῷ

489 5614 696 5672 habens
717 5618 1031 5687 pecuniam,
1061 5618 1263 5689 navigii
1295 5618 1577 5673 dominum
1600 5618 1736 5673 adiit
1759 5657 1775 5682 ,
1811 5633 1875 5672 ac
1898 5617 2031 5672 dixit
2059 5634 2064 5670 :

2185 5609 2409 5684 μοναχῷ
2460 5608 2655 5679 ἐκείνῳ
2689 5609 2849 5679 μόνον
2894 5604 3259 5676 ὲκμισθὼσεις
3306 5604 3367 5657 τὸ
3417 5605 3601 5660 πλοῖόν
3644 5622 3761 5659 σου.

490 5703 645 5774 Rogo
672 5716 749 5773 te,
786 5706 974 5774 frater,
1006 5719 1069 5765 ut
1101 5709 1234 5765 mihi
1283 5718 1337 5765 et
1368 5710 1641 5765 monacho
1674 5715 1885 5764 tantum
1921 5707 2064 5762 navi-

2184 5705 2346 5773 Λέγει
2375 5701 2525 5773 αὑτῷ
2556 5702 2585 5755 ὁ
2618 5701 2926 5771 ἄνθρωπος·
2955 5695 3121 5751 Εἷπόν
3154 5713 3236 5749 σοι
3276 5697 3358 5750 ὅτι
3390 5697 3558 5762 πολύς
3594 5699 3711 5750 ἐστι
3735 5700 3761 5750 ὁ

493 5796 641 5863 gium
671 5796 842 5854 loces.
864 5798 964 5855 Cui
999 5800 1198 5871 navigii
1240 5800 1496 5857 dominus
1526 5819 1537 5855 :
1569 5802 1712 5867 Dixi,
1744 5800 1941 5871 inquit,
1983 5802 2057 5855 tib

2185 5798 2379 5870 μισθὸς
2439 5794 2533 5849 τοῦ
2599 5793 2821 5846 πλοίου·
2865 5792 2959 5845 ἐὰν
3010 5789 3066 5843 δὲ
3115 5788 3448 5859 ὲκδέχησθε,
3499 5789 3763 5856 λαμϐάνω

488 5882 659 5935 multa
694 5888 943 5941 mercede
973 5890 1245 5959 navigium
1298 5892 1527 5947 con-luci
1565 5910 1578 5945 :
1625 5892 1766 5962 quoi
1797 5891 1837 5945 si
1871 5908 2064 5961 expen-

2191 5890 2334 5962 ὑμᾶς
2363 5886 2499 5959 μετᾶ
2529 5884 2621 5939 τοῦ
2656 5885 2853 5955 φόρτου
2903 5898 3023 5952 μου.
3052 5879 3216 5947 Λέγει
3239 5880 3384 5951 αὐτῷ
3425 5881 3451 5931 ὁ
3487 5879 3761 5949 Ἰωάννης-
