4144 6414
420 427 534 497 5'13

1501 433 1673 493 VITA
1714 432 1771 493 S.
1816 432 2142 494 JOANNIS
2180 435 2583 499 CALYBITIE.

3569 442 3673 506 δτι

420 545 574 603 Λάϐε
606 542 741 611 παρ’
790 539 929 611 ιμοῦ
979 541 1070 595 τὸν
1134 538 1329 611 μισθόν
1380 558 1499 608 σου,
1535 545 1696 614 μόνον
1739 546 2006 601 διάσωσον

2113 549 2271 613 datis,
2320 565 2417 604 vos
2468 565 2577 604 una
2627 565 2754 606 cum
2807 551 3032 623 reliquis
3093 552 3352 607 oneribus
3407 550 3687 623 accipiam.

421 636 596 707 ἡμᾶς.
628 630 743 685 Καὶ
780 628 1062 682 ἐκϐάλλων
1101 627 1171 681 τὰ
1207 628 1405 682 ἑκατὸν
1437 631 1751 700 νομίσματα
1786 632 2004 687 δίδωσιν

418 726 573 796 αὐτῷ
600 721 802 789 λόγων·
837 719 1042 789 Δέομαί
1090 736 1210 784 σου,
1247 721 1524 789 σκόπησον
1570 722 1662 776 τὸν
1700 724 1859 793 ἀέρα,
1906 728 2003 779 καὶ

417 818 553 871 ὅταν
586 814 706 885 ίδης
731 812 828 866 τὸν
851 812 1053 882 ἄνεμον
1076 811 1381 883 ἐπιτήδειον
1400 807 1541 866 εἷναι
1577 812 1716 882 πρὸς
1745 816 1846 884 τὴν
1862 815 2003 870 ὀδοι.

422 905 624 977 πορίαν
652 903 834 976 ⁴ίιμῶν,
878 903 945 955 ἐκ
962 901 1061 957 τοῦ
1101 901 1292 955 πλοίου
1316 902 1549 974 νεύματι
1571 904 1799 959 κάλεσον
1825 908 1995 978 ἡμᾶς’

420 994 758 1067 ὑφορῶμεθα
790 993 904 1065 γάρ
924 1010 1079 1057 τινας
1103 994 1198 1047 καὶ
1218 992 1465 1065 θέλωμεν
1494 998 1640 1067 φυγῇ
1665 996 1996 1067 χρήσασθαι.

424 1088 618 1143 Λαϐὼν
656 1086 752 1142 οὖν
781 1089 811 1141 ό
862 1084 1166 1157 ναύκληρος
1194 1085 1266 1139 τὰ
1309 1086 1622 1156 νομίσματα
1651 1087 1799 1157 λέγει
1825 1086 1997 1158 αὐτῷ·

427 1178 663 1234 ’Δπελθε
693 1181 756 1232 εν
797 1178 1013 1250 εἰρήνῃ,
1044 1176 1205 1247 κύριέ
1237 1193 1361 1246 μου·
1396 1175 1508 1245 ἐγὼ
1551 1178 1661 1250 γὰρ
1708 1180 1853 1251 apd;
1885 1183 2002 1236 δια-

428 1271 606 1336 σώζω.
674 1269 879 1325 Ἐλθὼν
927 1269 1022 1324 οὖν
1078 1270 1109 1323 ό
1156 1269 1412 1338 Ἰωάννης
1461 1270 1766 1341 διηγήσατο
1822 1273 2001 1328 πάντα

428 1364 505 1435 τῷ
553 1363 719 1434 ἀϐύᾷ,
758 1360 975 1432 κρύψας
1001 1362 1109 1416 ἀπὸ
1147 1361 1241 1415 τοῦ
1293 1361 1505 1426 παιδὸς,
1560 1360 1656 1415 τοῦ
1691 1365 1774 1427 είς
1823 1364 1998 1434 φύλα-

430 1457 532 1522 ξιν.

2108 635 2262 694 Tunc
2309 638 2383 692 illi
2416 637 2656 694 Joannes
2688 657 2701 693 :
2736 639 2934 710 Accipe
2963 656 2993 695 a
3042 655 3127 696 me
3170 639 3475 696 mercedem
3520 649 3693 707 tuam,

2106 728 2270 783 modo
2294 742 2398 783 nos
2432 728 2613 783 salvos
2650 730 2941 799 pervehas.
2972 729 3085 785 Hoc
3130 747 3255 786 cum
3287 731 3537 794 dixisset,
3570 746 3697 785 cen-

2109 830 2221 873 tum
2257 835 2514 875 nummos
2547 836 2742 876 aureos
2774 822 2825 876 ei
2858 823 3166 877 numeravit
3205 842 3218 876 τ
3250 838 3388 892 quos
3442 838 3567 876 cum
3598 824 3694 878 da-

2104 920 2226 966 ret:
2276 912 2447 983 Rogo,
2479 913 2677 983 inquit,
2709 922 2780 981 te,
2810 915 2999 980 frater,
3036 924 3095 969 ut
3123 917 3318 970 cmlum
3345 917 3521 987 ipsum
3553 915 3696 971 bene

2105 1002 2384 1073 inspicias,
2420 1019 2657 1075 cumque
2686 1005 2733 1059 is
2781 1015 2983 1061 ventus
3023 1005 3154 1060 ﬂare
3207 1006 3453 1077 incipiat,
3490 1008 3583 1077 qui
3624 1007 3694 1061 ad

2104 1111 2208 1152 nos
2231 1098 2514 1154 vehendos
2547 1097 2781 1154 idoneus
2825 1113 2948 1153 esse
2986 1100 3180 1169 possit,
3216 1106 3346 1153 tunc
3383 1099 3439 1153 in
3477 1100 3696 1169 navigio

2109 1198 2203 1243 tuo
2225 1198 2394 1255 stans,
2448 1205 2551 1246 nos
2583 1190 2731 1261 ipsos
2777 1197 2915 1245 nutu
2947 1205 3111 1246 voces
3156 1208 3171 1245 :
3215 1199 3498 1261 suspectos
3548 1191 3694 1245 enim

2108 1277 2374 1333 habemus
2400 1280 2664 1349 quosdam
2696 1280 2970 1345 homines,
3020 1289 3077 1335 et
3129 1280 3253 1352 fuga
3304 1281 3384 1335 uti
3417 1280 3692 1334 volumus.

2105 1366 2243 1422 Tum
2268 1368 2814 1436 ille,centum°aureis
2834 1373 3072 1426 nummis
3092 1373 3350 1444 acceptis,
3370 1373 3524 1428 valde
3546 1373 3696 1427 laeta-

2119 1468 2210 1513 tus
2250 1459 2387 1515 dixit
2417 1460 2625 1528 :Vade,
2654 1462 2874 1517 domine
2903 1463 2999 1524 mi,
3034 1472 3093 1517 et
3124 1477 3354 1520 securus
3376 1475 3514 1530 esto,
3549 1462 3695 1534 quod

435 1558 532 1599 vos
559 1544 857 1599 incolumes
908 1543 1220 1604 pervellam.
1275 1541 1415 1596 Abiit
1459 1541 1621 1611 igitur
1680 1543 1944 1610 Joannes,
1993 1552 2049 1599 et
2094 1549 2365 1605 monacho
2402 1565 2517 1605 rem
2547 1552 2791 1606 narravit
2818 1551 2956 1607 clam
2982 1552 3290 1622 pueroillo,
3335 1568 3497 1623 quem
3538 1562 3698 1623 pater

440 1640 711 1694 custodem
734 1646 1080 1709 apposuerat.

514 1729 590 1785 Z'.
639 1729 885 1800 Ἡμερῶν
921 1730 980 1784 δὲ
1024 1728 1426 1798 διαγενομένων
1473 1727 1625 1796 λέγει
1659 1726 1741 1798 τῷ
1789 1729 2009 1799 μοναχῷ

429 1826 522 1878 καὶ
549 1825 627 1897 τῷ
656 1826 807 1878 παιδὶ
852 1827 879 1879 ό
918 1826 1192 1894 Ἰωάννηςο
1236 1823 1590 1895 ’Δπέλθωμεν
1619 1824 1756 1895 πρὸς
1788 1823 1880 1878 τὸν
1916 1827 2008 1878 αἱ·

2187 1732 2301 1788 Vll.
2327 1732 2457 1789 Post
2484 1735 2703 1805 aliquod
2756 1736 3019 1806 temporis
3048 1737 3414 1799 intervallum,
3445 1734 3686 1791 Joannes

2116 1825 2386 1881 monacho
2416 1833 2473 1880 et
2515 1841 2687 1896 puero
2710 1827 2882 1881 dixit:
2917 1828 3118 1882 Eamus
3146 1828 3211 1882 ad
3232 1827 3476 1882 ﬂuminis
3493 1828 3692 1897 ripam,

425 1919 630 1988 ταλὸν.
659 1919 744 1972 ὅτι
772 1918 877 1979 ἕως
912 1915 1006 1970 δύο
1032 1914 1258 1987 ἡμερῶν
1296 1914 1544 1982 δεξίωσίς
1581 1914 1671 1985 μοί
1710 1917 1829 1972 ἑστι
1855 1956 1871 1979 ,
1909 1916 2005 1969 καὶ

2113 1933 2181 1974 eo
2208 1920 2356 1989 quod
2387 1920 2530 1975 intra
2557 1922 2697 1977 duos
2716 1921 2835 1977 dies
2860 1921 3103 1977 futurum
3136 1930 3242 1986 est,
3272 1930 3332 1975 ut
3354 1936 3454 1991 ego
3479 1921 3695 1976 sodales

424 2012 616 2080 χρείαν
663 2011 774 2079 ἔχω
799 2008 967 2063 καλοῦ
992 2025 1140 2071 τινος
1181 2007 1386 2078 ἰχθύος.
1419 2009 1525 2061 Καὶ
1549 2008 1896 2062 ἀπελθόντων
1922 2010 2003 2073 είς

421 2104 515 2157 τὸν
551 2102 826 2171 αἰγιαλὸν,
858 2099 1108 2154 κελεύσει
1140 2099 1276 2154 Θεοῦ
1323 2099 1546 2169 γέγονεν
1573 2100 1773 2170 ἄνεμος
1806 2102 2004 2171 ιπιτή-

416 2196 592 2259 δειος,
629 2195 727 2247 καὶ
770 2193 974 2264 ἤρξατο
1006 2192 1239 2262 νεύμασι
1287 2190 1717 2261 προσκαλεῖσθαι
1755 2192 1952 2256 αὐτοὺς
1977 2193 2008 2245 ό

418 2286 757 2356 ναύκληρος.
800 2286 892 2353 Μὴ
924 2284 1212 2353 δυνάμενοι
1244 2282 1303 2334 δὲ
1340 2281 1527 2335 λαθεῖν
1567 2282 1660 2336 τὸν
1695 2282 1882 2349 παῖδα,
1914 2283 2004 2336 λέ-

410 2391 608 2444 γουσιν
638 2373 810 2443 αύτῷ·
859 2371 1138 2427 Ἀπελθὼν
1170 2372 1246 2425 ῐδε
1280 2371 1332 2424 τί
1360 2371 1693 2442 πράττουσιν
1722 2374 1774 2426 οἱ
1809 2374 2004 2438 παῖδες

411 2471 484 2522 ιν
531 2469 601 2537 τῇ
656 2465 935 2538 διατριϐῇ,
980 2465 1076 2518 καὶ
1120 2462 1293 2517 ἐλθὼν
1354 2465 1614 2534 εὑρήσεις
1671 2466 1823 2533 ἡμᾶς
1876 2459 2003 2519 ὧδε.

428 2559 791 2622 ’Δπελθόντος
841 2553 936 2612 οὖν
986 2557 1154 2611 αὐτοῦ
1182 2594 1200 2621 ,
1250 2555 1521 2625 ἐμϐάντες
1574 2557 1658 2619 είς
1700 2557 1763 2611 τὸ
1822 2558 2006 2611 πλοῖον

409 2650 722 2715 ἔπλευσαν,
761 2648 858 2701 καὶ
901 2646 1265 2709 διασωθέντες
1302 2641 1469 2717 ἦλθον
1501 2646 1583 2709 είς
1614 2646 1676 2700 τὸ
1716 2645 1874 2714 ἅγιον
1904 2665 2007 2717 μο-

410 2741 722 2812 ναστήριον
755 2741 954 2793 ἐκεῖνο.
979 2739 1292 2808 Διηγησατο
1325 2736 1383 2790 δὲ
1424 2739 1454 2790 ό
1502 2737 1676 2800 ἁϐὅᾶς
1704 2740 1817 2801 τοῖς
1847 2738 2008 2791 ἀδελ-

410 2835 548 2902 φοῖς
573 2833 789 2887 ἅπαντα
839 2829 907 2886 τά
956 2828 1152 2898 ἀληθῆ,
1182 2829 1275 2881 καὶ
1303 2829 1486 2881 πᾶσαν
1534 2827 1635 2900 τὴν
1685 2829 1876 2881 πίστιν
1908 2828 2004 2883 τοῦ

409 2924 637 2986 παιδός.
677 2921 825 2975 Ἰδὼν
855 2921 912 2975 δὲ
936 2922 1100 2974 αὑτὸν
1128 2922 1157 2974 ό
1205 2918 1673 2990 ἀρχιμανδρίτης,
1701 2919 1845 2973 Πολὺ
1874 2918 2007 2972 νεώ-

407 3034 578 3087 τερος
606 3014 679 3081 εἴ,
709 3015 835 3087 ἔφη’
865 3013 985 3078 ἔθος
1042 3013 1099 3066 δέ
1149 3015 1266 3067 ἐστι
1317 3013 1604 3082 παρ’ήμῖν
1658 3012 1751 3066 τδν
1783 3011 2007 3067 θέλοντα

408 3108 798 3173 ἀποτάξασθαι
846 3106 1135 3176 ἀναμεῖναι
1177 3102 1592 3171 τεσσαράκοντα
1640 3102 1876 3174 ἠμέρας,
1908 3103 2006 3156 καὶ

411 3206 703 3273 θεωρῆσαι
756 3201 850 3254 τὸν
893 3198 1097 3253 κανόνα
1146 3196 1247 3267 τῆς
1303 3197 1631 3265 ἀσκήσεως,
1681 3194 1779 3250 καὶ
1827 3192 2005 3261 οὕτως

2106 2026 2260 2067 meos
2290 2012 2346 2066 in
2397 2012 2709 2067 convivium
2755 2013 3040 2084 accipiam,
3099 2012 3243 2067 unde
3306 2012 3432 2065 boni
3463 2012 3697 2080 alicujus

2105 2102 2269 2171 piscis
2294 2105 2870 2177 obsonioindigemus.
2914 2104 3049 2161 Cum
3091 2104 3259 2173 igitur
3286 2117 3352 2157 eo
3388 2103 3694 2167 venissent,

2106 2192 2203 2247 Dei
2237 2192 2517 2249 voluntate
2544 2193 2747 2249 factum
2784 2203 2890 2256 est,
2925 2202 2981 2247 ut
3022 2202 3220 2248 ventus
3246 2192 3581 2264 navigationi
3610 2209 3696 2247 ac-

2105 2285 2485 2340 commodatus
2531 2285 2663 2340 ﬂare
2698 2286 2948 2354 cmperit.
2982 2286 3167 2354 Itaque
3215 2286 3504 2340 nauclerus
3541 2300 3571 2339 e
3602 2300 3695 2339 na-

2110 2378 2254 2448 vigio
2276 2378 2394 2447 ipso
2428 2380 2637 2434 crebris
2674 2379 2899 2433 nutibus
2932 2379 3052 2433 illos
3088 2380 3331 2433 vocabat.
3384 2377 3521 2432 Cum
3565 2395 3699 2432 vero

2105 2484 2333 2538 puerum
2387 2484 2573 2525 secum
2607 2484 2804 2539 capere
2855 2485 2965 2524 non
3011 2477 3254 2538 possent,
3310 2467 3360 2522 ei
3402 2468 3697 2523 dixerunt:

2104 2561 2227 2625 Abi,
2258 2574 2415 2628 puer,
2452 2559 2511 2613 in
2552 2560 2912 2630 gymnasium.
2961 2567 3018 2613 et
3045 2559 3171 2613 vide
3198 2558 3328 2627 quid
3381 2558 3697 2612 adolescen-

2108 2662 2189 2706 tes
2221 2652 2295 2705 illi
2347 2651 2573 2713 l'aciant,
2605 2660 2661 2706 et
2688 2652 2803 2706 redi
2839 2651 2965 2715 huc,
3013 2651 3101 2705 ubi
3136 2666 3241 2704 nos
3286 2650 3556 2703 invenies.
3587 2650 3700 2702 Ab~

2107 2747 2167 2801 iit
2220 2763 2378 2817 puer.
2437 2746 2681 2802 Joannes
2723 2761 2853 2801 vero
2922 2755 2978 2799 et
3055 2745 3355 2799 monachus
3421 2744 3695 2814 navigium

2106 2840 2581 2905 conscenderunt,
2633 2850 2685 2893 et
2729 2840 2879 2893 illinc
2921 2839 3280 2908 navigantes,
3330 2836 3395 2889 ad
3443 2844 3705 2890 sanctnnr

2106 2927 2237 2983 illud
2274 2929 2670 2983 monasterium
2710 2929 3013 2982 incolumes
3060 2927 3199 2983 vecti
3242 2935 3392 2981 sunt.
3445 2926 3699 2979 Narravit

2106 3028 2290 3075 autem
2330 3020 2501 3074 abbas
2550 3020 2641 3074 ille
2685 3005 2944 3075 fratribus
2981 3027 3154 3073 totum
3193 3018 3270 3082 id,
3315 3017 3460 3088 quod
3503 3031 3696 3071 verum

2109 3121 2245 3180 erat,
2286 3122 2339 3169 et
2379 3122 2581 3183 quanta
2615 3120 2764 3168 esset
2789 3111 2946 3182 pueri
2978 3110 3134 3165 ﬁdes.
3167 3109 3338 3176 Quem
3373 3123 3495 3163 cum
3515 3110 3698 3163 archi-

2108 3203 2380 3258 mandrita
2426 3200 2765 3272 inspexisset
2800 3218 2815 3255 :
2849 3200 3109 3264 Nimium,
3145 3197 3341 3268 inquit,
3379 3197 3702 3252 adolescens

409 3290 918 3362 (.mxoups-JsoOaz.
971 3290 1136 3357 Λέγει
1186 3286 1336 3358 αύτῷ
1365 3288 1394 3340 ὁ
1444 3286 1701 3358 Ἰωάννης
1729 3303 1743 3318 ο
1773 3286 1874 3342 Διὰ
1906 3287 2004 3356 τὴν

2113 3307 2188 3352 cs.
2217 3306 2251 3345 o
2280 3289 2354 3344 lili
2383 3308 2395 3343 :
2422 3289 2580 3345 nobis
2612 3298 2794 3343 autem
2822 3303 2942 3342 mos
2974 3295 3081 3351 est,
3116 3295 3176 3340 ut
3210 3285 3301 3355 qui
3340 3285 3698 3339 manastiram

420 3384 737 3453 ὑπεραγίαν
765 3382 992 3452 Τριάδα,
1050 3379 1290 3451 σήμερόν
1345 3397 1413 3449 με
1462 3380 2006 3451 ἀποκούρευσον,ὃτι

2113 3385 2276 3440 vitam
2297 3381 2540 3453 profiteri
2559 3382 2689 3437 velit
2708 3422 2725 3448 ,
2752 3379 3109 3450 quadraginta
3126 3378 3247 3435 dies
3266 3378 3410 3447 apud
3427 3385 3703 3431 monaste-

420 3477 594 3538 πολύς
628 3493 718 3545 μοι
753 3473 918 3537 πόθος
948 3473 1066 3526 ἐστὶ
1096 3473 1191 3525 καὶ
1245 3469 1451 3541 σπουδὴ
1481 3470 1708 3542 φορέσαι
1740 3471 1803 3523 τὸ
1837 3472 2006 3538 ἅγγε-

2113 3476 2250 3529 riuin
2277 3482 2517 3539 maneat,
2536 3480 2593 3528 et
2612 3488 2739 3528 cum
2777 3471 3185 3527 exercitationis
3223 3477 3426 3524 nostra:
3461 3469 3701 3537 regulam

421 3569 578 3624 λικὸν
600 3570 811 3637 σχῆμα.
838 3566 971 3619 Τότε
1001 3564 1304 3633 εὐλογήσας
1327 3563 1492 3618 αὑτὸν
1521 3565 1550 3617 ὁ
1572 3562 2007 3635 ἀρχιμανδρίτης

425 3659 688 3730 autost
745 3657 845 3728 τ’ὴν
896 3657 1138 3727 κεφαλὴν
1188 3656 1377 3720 αὐτοῦ,
1428 3655 1676 3719 δεδωκὼς
1733 3655 1884 3725 αὐτῷ
1910 3656 2005 3707 τὸν

437 3751 719 3819 πολισμὸν
749 3749 851 3818 τῆς
877 3748 1183 3818 ἀσκήσεως.
1230 3746 1405 3810 Δᾷτὸς
1425 3746 1483 3800 δὲ
1525 3747 1666 3817 μετὰ
1698 3744 2009 3816 προθυμίας

441 3841 617 3908 ﬁant,
643 3840 893 3911 δεόμενος
931 3838 1030 3892 τοῦ
1061 3837 1201 3892 Θεοῦ
1245 3839 1441 3902 νυκτὸς
1483 3839 1578 3892 καὶ
1611 3837 1829 3908 ἡμέρας
1864 3839 2008 3890 ἀκα-

447 3931 776 3991 ταπαύστως.
831 3930 1107 4001 Ἐνῲκησε
1160 3930 1217 3984 δὲ
1273 3932 1331 3983 ὲν
1387 3932 1451 4000 τῇ
1511 3931 1647 3999 μονῇ
1678 3928 1776 3996 ἐτη
1805 3927 2012 3992 ἒξ,καὶ

450 4023 647 4084 πάντας
672 4023 916 4081 ἐδίδασκε
950 4026 1074 4083 τοὺς
1128 4023 1307 4080 ἐκεῖσε
1342 4020 1524 4083 ὄντας,
1561 4019 1712 4080 ὅπως
1748 4034 2009 4070 ταπεινο-

441 4118 653 4184 φρονείν
690 4118 782 4175 καὶ
813 4114 1072 4184 εθχεσθαι
1126 4114 1213 4171 τὶν
1274 4113 1406 4168 Θεὸν
1467 4111 1743 4182 μέλλουσι.
1782 4110 2013 4175 Ἔταξεν

432 4207 487 4259 δὲ
524 4207 701 4276 ἑαυτῷ
728 4208 1061 4277 ἐγκράτειαν
1088 4205 1288 4268 πᾶσαν,
1321 4204 1396 4268 ὡς
1433 4202 1661 4275 μηδενὸς
1691 4201 1857 4256 ἄλλου
1884 4198 2015 4267 γεύ-

430 4297 606 4361 εσθαι,
637 4301 688 4351 εί
737 4298 814 4369 μὴ
850 4298 1011 4367 μίῗνον
1040 4297 1133 4349 τοῦ
1164 4297 1346 4365 τιμίου
1385 4297 1635 4365 σώματος
1663 4295 1761 4348 καὶ
1784 4294 2016 4363 αἵματος

426 4387 523 4441 τοῦ
561 4387 822 4457 Χριστοῦο
855 4387 1000 4440 ὥστε
1053 4386 1406 4456 θαυμάζοντα
1453 4388 1543 4438 τὸν
1582 4385 2017 4456 ἅρχιμανδρίτην

424 4479 651 4547 λέγειν,
685 4480 769 4533 ὅτι
820 4480 1031 4532 παιδίον
1086 4479 1349 4548 ὑπάρχων
1400 4479 1566 4531 πολὺν
1625 4479 1799 4537 κόπον
1837 4478 2018 4548 ἑαυτῷ

424 4570 794 4642 περιέθηκας,
819 4570 1009 4640 διόπερ
1043 4570 1136 4624 καὶ
1165 4571 1226 4622 τὸ
1252 4571 1413 4639 σῶμά
1445 4589 1542 4625 σου
1568 4570 1794 4635 ἀσθενὲς
1827 4571 2016 4639 γίγνε-

2110 3565 2556 3628 consideraverit,
2588 3564 2662 3618 ita
2689 3562 2996 3618 tondeatur.
3032 3562 3114 3616 Ad
3148 3563 3264 3616 haec
3281 3559 3565 3616 Joannes:
3593 3558 3703 3615 Ob-

2114 3665 2284 3711 tcstor
2323 3664 2377 3710 te
2407 3671 2506 3725 per
2548 3654 2894 3725 purissimam
2923 3654 3270 3718 Trinitatem,
3316 3662 3376 3707 ut
3410 3653 3571 3707 hodie
3615 3669 3702 3707 me

2115 3750 2364 3808 tondcas,
2413 3747 2669 3815 quoniam
2703 3746 2810 3799 isto
2837 3745 3084 3815 angelico
3113 3745 3300 3799 habitu
3340 3743 3491 3799 indui
3535 3744 3704 3797 vehe-

2116 3845 2329 3891 menter
2361 3836 2524 3905 cupio
2543 3850 2607 3889 ac
2632 3834 2848 3889 studeo.
2880 3832 3033 3887 Tunc
3076 3831 3503 3885 archimandrita
3533 3845 3703 3897 puero

2117 3927 2194 3981 illi
2227 3925 2527 3988 benedixit,
2561 3939 2795 3991 cumque
2851 3938 2975 3977 eum
3024 3922 3371 3983 totondisset,
3406 3919 3591 3974 habitu
3616 3919 3703 3972 in-

2114 4018 2253 4073 duit.
2304 4017 2425 4086 lpse
2482 4031 2612 4072 vero
2656 4016 2829 4070 multo
2868 4015 3048 4071 stu-lio
3096 4022 3152 4067 et
3187 4013 3355 4067 animi
3398 4012 3701 4077 alacritate,

2115 4110 2494 4167 exercitationi
2575 4109 2893 4164 monasticze
2963 4108 3210 4172 vacabat,
3279 4106 3446 4162 Deum
3525 4106 3702 4174 ipsum

2115 4212 2277 4257 nocte
2317 4210 2373 4257 et
2409 4201 2497 4255 die
2530 4215 2776 4269 prccans.
2822 4200 3019 4254 Mansit
3069 4209 3252 4253 autem
3303 4197 3463 4252 annis
3505 4212 3597 4251 sex
3649 4197 3704 4249 in

2117 4295 2449 4348 monasterio
2484 4293 2598 4357 illo,
2620 4302 2676 4347 et
2694 4293 2952 4347 omnibus
2979 4291 3073 4361 qui
3106 4290 3220 4346 illic
3242 4298 3420 4355 erant,
3453 4290 3707 4358 exemplo

2119 4387 2242 4451 fuit,
2276 4401 2384 4454 quo
2413 4394 2572 4455 pacto
2605 4386 2968 4440 humilitatem
2998 4399 3278 4447 exercere,
3303 4397 3366 4436 ac
3412 4381 3586 4434 Deum
3625 4382 3707 4448 ip-

2117 4494 2238 4535 sum
2267 4494 2423 4532 orare
2452 4478 2736 4533 deberent.
2763 4478 2947 4533 Talem
2969 4487 3153 4531 autem
3181 4472 3568 4529 abstinentiam
3599 4471 3702 4525 sibi

2122 4568 2480 4639 praescripsit,
2507 4576 2569 4622 ut
2601 4568 2739 4623 nihil
2767 4568 2913 4622 aliud
2941 4573 3205 4638 gustaret,
3238 4564 3344 4617 nisi
3401 4562 3703 4631 pretiosum

420 4679 520 4716 ται
552 4661 694 4715 ὣστε
728 4661 807 4732 μὴ
841 4661 1014 4714 τελεῖν
1048 4662 1144 4730 τὴν
1176 4663 1256 4724 εἰς
1286 4661 1419 4727 Θεὸν
1455 4661 1767 4730 δοξολογίαν
1787 4679 1799 4691 '
1830 4662 2006 4733 πολλὴ

2115 4660 2323 4714 Christi
2358 4674 2561 4729 corpus
2598 4667 2652 4714 et
2680 4657 3026 4727 sanguinem,
3070 4654 3143 4707 ita
3185 4662 3246 4708 ut
3279 4649 3704 4706 archimandrita

423 4754 539 4825 γὰρ
568 4755 890 4825 ἐγκράτεια,
930 4755 1193 4825 νηστείαι,
1226 4754 1527 4824 ἀγρυπνίαι
1552 4755 1734 4813 ἀτονεῖ
1763 4754 1820 4807 τὸ
1844 4754 2010 4823 σῶμα

422 4846 526 4898 καὶ
559 4843 887 4916 διαφθείρει.

2122 4750 2212 4805 ille
2242 4750 2555 4811 miraretur,
2601 4763 2666 4802 ac
2696 4747 2945 4801 diceret:
2986 4742 3069 4797 Tu
3110 4743 3329 4813 quidem
3370 4741 3548 4797 adhuc
3572 4756 3707 4810 puer

2124 4844 2353 4898 multum
2384 4842 2586 4896 laboris
2630 4840 2727 4895 tibi
2756 4840 2870 4908 ipse
2894 4837 3196 4905 imposuisti
3241 4853 3255 4889 :
3291 4837 3471 4904 itaque
3507 4847 3707 4902 corpus

422 4946 585 4991 tuum
639 4936 964 4991 imbecillius
1004 4936 1255 4999 cliicitur,
1288 4949 1449 5005 quam
1491 4942 1553 4989 ut
1598 4934 1795 4997 divinae
1825 4934 2014 5006 gloriae
2046 4934 2348 4989 ministerio
2412 4930 2661 4986 sullicere
2698 4929 2892 5000 possit.
2923 4926 3102 4981 Nimia
3149 4929 3296 4981 enim
3348 4924 3703 4994 abstinentia,

409 5026 691 5101 jejunium
714 5038 768 5082 et
793 5027 989 5098 vigilia:
1021 5027 1198 5095 ipsum
1219 5026 1506 5088 debilitant
1532 5034 1587 5079 et
1612 5033 1995 5096 corrumpunt.

493 5116 582 5171 ΗΖ
623 5116 767 5170 ’ἰδὼν
815 5115 872 5170 δὲ
908 5118 937 5170 ὁ
967 5116 1261 5186 μισόκαλος
1301 5114 1516 5184 δαίμων
1542 5114 1638 5184 τὴν
1672 5115 1873 5186 πολλὴν
1908 5114 2009 5169 τοῦ

416 5207 640 5266 νεανίου
672 5206 910 5278 σπουδὴν
932 5248 947 5272 ,
979 5206 1076 5260 καὶ
1104 5208 1194 5259 τὸν
1226 5205 1424 5277 δρόμον
1456 5208 1555 5275 τῆς
1593 5208 1879 5277 ἀσκήσεως
1912 5205 2011 5261 καὶ

418 5294 762 5365 προθέσεως,
802 5294 980 5364 ἐμάνη
1015 5293 1221 5364 σφόδρα
1270 5294 1390 5346 κατ’
1430 5293 1617 5347 αὐτοῦ.
1655 5296 1767 5349 Καὶ
1799 5297 2005 5366 ἀγριω-

416 5391 543 5453 θεὶς
582 5386 856 5458 μεγάλως,
889 5388 986 5441 καὶ
1036 5387 1110 5456 μὴ
1161 5386 1461 5454 δυνάμενος
1492 5386 1718 5456 νικῆσαι
1764 5389 1854 5440 τδν
1881 5405 2006 5457 γενο

420 5483 579 5545 ναῖον
634 5480 797 5534 αὐτοῦ
850 5480 1133 5548 λογισμὸν,
1169 5480 1263 5531 καὶ
1313 5480 1620 5548 ἀποστῆσαι
1670 5482 1769 5551 τῆς
1796 5480 2010 5539 ἐλπίδος

420 5574 521 5637 τοῦ
548 5573 807 5643 Χριστοῦ,
841 5573 1149 5643 ἀνάμνησιν
1187 5569 1477 5624 ὑποϐάλλει
1508 5571 1683 5642 αὐτῷ,
1722 5572 1818 5624 καὶ
1847 5572 2016 5625 πόθον

432 5665 611 5741 μέγαν
651 5665 758 5718 τῶν
797 5665 1021 5733 γονέων,
1054 5664 1195 5716 ὥστε
1216 5662 1410 5727 νυκτὸς
1441 5662 1537 5715 καὶ
1564 5663 1779 5734 ἡμέρας
1810 5665 2016 5717 ὲννοεῖι

434 5755 565 5823 περὶ
615 5756 817 5814 αὐτῶν,
856 5755 972 5818 πῶς
1003 5754 1349 5826 ἐξερχόμενοι
1399 5755 1464 5806 ἐκ
1490 5754 1581 5806 τοῦ
1611 5754 1889 5820 παλατιου,
1917 5773 1991 5808 κο.

432 5848 538 5909 τῶν
570 5848 768 5908 δούλων
809 5847 1132 5923 ὑπτιμοεςὲλν,
1157 5847 1253 5918 τήν
1279 5862 1331 5898 τε
1374 5843 1467 5911 τοῦ
1502 5843 1616 5923 βίον
1654 5847 1886 5921 ἀπάτην,
1918 5849 2013 5900 κπτ.

907 5890 935 5926 ι.

2187 5113 2325 5168 Vlll.
2358 5112 2476 5167 Jam
2506 5125 2636 5165 vero
2676 5109 2944 5165 bonarum
2995 5124 3177 5163 rerum
3229 5108 3400 5164 hostis
3431 5108 3703 5175 diabolus,

2117 5221 2242 5260 cum
2277 5201 2641 5259 adolescentis
2671 5201 2817 5255 illius
2856 5199 3096 5254 studium
3130 5200 3389 5263 multum,
3434 5208 3491 5254 et
3533 5202 3704 5271 sancti

2126 5298 2391 5369 propositi
2450 5309 2671 5348 cursum
2720 5292 2992 5347 intentum
3064 5293 3296 5354 videret,
3353 5293 3707 5347 vehementer

2124 5398 2313 5444 contra
2343 5386 2490 5440 illum
2521 5384 2701 5440 furere
2730 5382 2915 5454 erepit.
2944 5383 3003 5437 ln
3029 5400 3192 5454 quem
3246 5399 3369 5438 cum
3417 5383 3703 5437 acerbissi-

2124 5497 2211 5535 me
2255 5479 2483 5535 allectus
2519 5484 2687 5538 esset,
2739 5484 2796 5530 et
2835 5491 3157 5546 generosam
3203 5476 3323 5545 ejus
3364 5485 3602 5529 mentem
3647 5483 3707 5527 et

2124 5571 2475 5642 cogitationes
2495 5583 2776 5639 superare,
2795 5576 2851 5622 et
2874 5582 2905 5621 a
2928 5566 3128 5621 Christi
3159 5583 3259 5637 spe
3288 5582 3569 5622 removere
3593 5584 3703 5623 non

2128 5669 2332 5733 posset,
2360 5661 2521 5716 talem
2564 5675 2878 5727 mmrorem,
2916 5669 2972 5715 et
2995 5669 3203 5714 tantum
3234 5668 3518 5730 parentum
3565 5658 3705 5715 desi-

2126 5753 2334 5808 derium
2360 5752 2415 5807 in
2447 5752 2567 5823 ejus
2589 5751 2951 5808 adolescentis
2970 5759 3210 5807 mentem
3236 5751 3446 5821 injecit,
3464 5760 3524 5806 ut
3540 5761 3702 5806 nocte

2124 5858 2173 5899 cl
2230 5845 2316 5900 die
2352 5845 2416 5901 de
2468 5844 2575 5901 illis
2618 5844 2902 5915 cngitaret,
2949 5853 3002 5900 et
3055 5853 3179 5899 ante
3226 5844 3408 5897 oculos
3453 5828 3696 5911 haberet,
