4144 6404
457 389 568 456 575

1686 396 1969 460 MENSIS
2007 399 2467 464 JANUARIUS.

3630 414 3737 477 576

455 507 664 571 quanto
699 500 960 556 comitatu
1007 516 1071 556 ac
1121 515 1402 556 servorum
1444 503 1753 561 ministerio
1794 519 2049 577 parentes

2162 509 2412 577 γλυκεῖαν
2456 512 2816 585 ματαιότητα·
2861 515 2937 580 ὡς
2984 518 3048 571 ἐκ
3084 519 3186 590 τῆς
3231 519 3433 592 πολλῆς
3481 527 3736 596 νηστείας

458 586 745 649 uterentur
776 615 788 648 :
819 595 1052 663 denique
1085 609 1304 648 omnem
1345 597 1470 651 vita;
1492 597 1658 668 hujus
1694 599 1960 656 fallaciam
1983 619 2047 658 ac

459 685 756 740 vanitatem
801 685 1138 754 propositam
1176 685 1431 742 habebat.
1480 688 1668 759 Itaque
1697 693 1882 747 multis
1905 683 2047 762 jeju-

460 778 586 844 niis,
626 778 845 848 vigiliis,
886 786 939 833 et
987 779 1156 833 nimio
1200 789 1488 848 parentum
1522 781 1794 838 desiderio
1841 785 2044 839 factum

458 878 564 933 est,
599 879 659 923 ut
698 870 813 938 ejus
835 884 1037 940 corpus
1072 886 1180 926 non
1211 886 1368 938 caro,
1403 871 1499 927 sed
1532 874 1705 929 instar
1730 875 1938 930 umbrae
1966 885 2047 931 te-

457 975 569 1014 nue
600 961 897 1016 videretur.
923 963 1364 1019 Archimandrita
1403 981 1534 1021 vero
1562 981 1685 1021 cum
1727 968 2044 1023 adolescen-

459 1063 571 1111 tem
595 1058 667 1112 ita
688 1068 1040 1114 extenuatum
1064 1069 1225 1130 atque
1245 1061 1505 1118 amictum
1538 1063 1784 1130 vidisset,
1817 1077 1878 1119 ut
1901 1067 2048 1135 jam-

453 1149 568 1219 jam
624 1165 655 1204 e
724 1152 866 1206 vivis
899 1168 1222 1208 excessurus
1286 1163 1572 1224 putaretur
1626 1173 1640 1210 :
1696 1157 1894 1212 Annon
1949 1159 2044 1215 tibi

459 1243 593 1305 dixi,
618 1244 815 1312 inquit,
850 1244 922 1298 ﬁli
943 1245 1201 1310 Joannes,
1234 1245 1403 1302 Deum
1437 1247 1614 1318 ipsum
1648 1249 1753 1305 hoc
1787 1258 1994 1306 tantum
2016 1267 2047 1306 a

459 1337 634 1391 servis
678 1338 791 1392 suis
821 1339 1119 1406 postulare,
1151 1345 1210 1392 ut
1237 1353 1365 1394 eum
1422 1355 1523 1410 pro
1571 1341 1782 1397 viribus
1821 1342 2048 1399 colant?

461 1423 545 1479 Tu
578 1441 706 1480 vero
740 1443 903 1497 supra
944 1429 1088 1482 vires
1121 1439 1241 1484 tuas
1282 1430 1382 1486 ista
1430 1424 1824 1489 exercitatione
1862 1441 2046 1497 utens,

461 1516 695 1584 teipsum
745 1517 906 1571 nimis
958 1527 1311 1574 extenuatum
1351 1528 1408 1576 et
1447 1522 1704 1593 gracilem
1739 1523 2045 1579 reddidisti.

456 1606 539 1661 Ad
575 1607 690 1661 haec
719 1608 959 1665 Joannes
993 1629 1006 1664 :
1038 1611 1209 1678 Scito,
1226 1622 1400 1682 pater,
1436 1628 1547 1667 non
1567 1613 1793 1683 jejuniis
1823 1630 1910 1669 me
1951 1615 2048 1670 do-

457 1699 616 1762 mari,
648 1701 745 1754 sed
779 1713 1001 1770 peccata
1039 1718 1158 1759 mea
1191 1704 1642 1773 impedimentum
1666 1704 1798 1759 mihi
1825 1705 2042 1760 afferre.

458 1789 643 1845 Multis
668 1793 814 1846 enim
874 1795 1074 1850 abhinc
1097 1796 1290 1850 diebus
1335 1796 1600 1851 bonarum
1637 1812 1818 1850 rerum
1858 1797 2044 1852 inimi-

2155 604 2248 656 καὶ
2276 605 2606 674 ἀγρυπνίας,
2638 609 2732 661 καὶ
2768 607 2863 662 τοῦ
2895 609 3064 665 πόθου
3098 611 3209 666 τῶν
3239 615 3445 682 γονέων
3497 618 3736 686 ἐκτακῆ-

2152 714 2239 750 ναι
2275 697 2438 752 αὐτοῦ
2469 699 2529 752 τὸ
2561 699 2722 771 σῶμα
2753 703 2850 757 καὶ
2879 703 3130 772 γίνεσθαι
3159 706 3236 770 ὡς
3264 706 3437 760 σκιαί.
3486 707 3633 762 Ἰδὼν
3665 710 3722 763 δὲ

2152 787 2314 842 αὐτὸν
2347 791 2375 842 6
2419 790 2852 864 ἀρχιμανδρξτης
2883 794 3140 848 τοσοῦτον
3191 797 3732 870 ταλαιπωρούμενον,

2153 879 2345 954 ὥσπερ
2400 883 2560 936 σκιὰν
2600 885 2679 954 τῷ
2727 885 2944 956 θανάτῳ
2979 887 3329 956 ἐγγίζουσαν,
3382 885 3572 943 εἶπεν
3619 892 3735 944 Οὐκ

2151 967 2307 1028 εἶπόν
2334 991 2436 1040 σοι,
2476 976 2688 1041 τέκνον,
2719 978 2800 1032 ὅτι
2834 980 2862 1031 6
2892 978 3024 1044 Θεὸς
3072 980 3142 1033 τὰ
3189 981 3334 1035 κατὰ
3366 981 3596 1052 δύναμιν
3625 983 3736 1035 ἀπὸ

2151 1065 2261 1117 τῶν
2282 1065 2486 1122 δούλων
2517 1067 2684 1121 αὐτοῦ
2724 1069 2980 1136 ἀπαιτεῖς
3020 1069 3085 1122 σὺ
3125 1069 3181 1122 δὲ
3210 1070 3533 1141 ὑπέρμετρα
3565 1088 3735 1124 σπου-

2151 1157 2319 1220 δάσας
2360 1158 2458 1214 καὶ
2493 1160 2744 1228 ἀσκήσας
2795 1160 3136 1232 κατέστησας
3171 1162 3365 1214 ἐαυτὸν
3401 1163 3592 1216 ἄτονον
3641 1164 3739 1216 καὶ

2155 1253 2282 1321 σκιᾷ⁴
2327 1251 2535 1320 ὅμοιον.
2585 1253 2748 1321 Λέγει
2806 1253 3010 1323 αὐτῷὸ
3051 1253 3325 1322 Ἰωάννης·
3359 1254 3562 1324 Δέομαί
3617 1271 3736 1317 σου,

2153 1345 2350 1414 πάτερ,
2386 1345 2486 1415 οὐχ
2523 1346 2557 1414 ὴ
2589 1345 2815 1414 νηστεία
2871 1344 3106 1415 δαμάζει
3133 1388 3147 1407 ,
3188 1345 3326 1399 ἀλλὰ
3367 1346 3424 1397 αί
3468 1345 3744 1415 ἁμαρτίαι

2155 1452 2259 1504 μου
2302 1435 2677 1505 παρεμπόδιόν
2727 1454 2816 1505 μοι
2867 1436 3132 1505 γίνονται.
3180 1437 3328 1506 Ἐχω
3369 1436 3476 1508 γὰρ
3525 1437 3738 1506 ἡμέρας

2153 1525 2354 1589 πολλὰς
2381 1525 2476 1594 ἀφ’
2519 1520 2580 1580 οῦ
2629 1529 2656 1579 ὁ
2690 1527 2882 1597 ἐχθρὸς
2914 1526 3024 1579 τῶν
3060 1527 3264 1589 καλῶν,
3292 1526 3525 1596 δαίμων,
3555 1527 3742 1578 ὲνετά-

2154 1617 2282 1687 ραξέ
2341 1635 2444 1688 μου
2478 1618 2578 1688 τὴν
2621 1617 2799 1688 ψυχὴν
2842 1617 2977 1688 πρὸς
3025 1618 3323 1686 ἐπιθυμίαν
3375 1618 3604 1687 κινήσας
3643 1617 3738 1670 τοῦ

2155 1711 2282 1765 ἰδεῖν
2312 1711 2438 1776 τοὺς
2457 1714 2635 1780 γονεῖς
2667 1729 2769 1780 μου
2800 1713 2893 1766 καὶ
2919 1710 3011 1764 τὸν
3033 1704 3181 1763 οἶκόν
3203 1727 3327 1779 μου·
3356 1710 3452 1763 καὶ
3475 1709 3575 1762 οὐκ
3599 1706 3738 1762 οἶδεν

2148 1804 2178 1854 6
2227 1801 2466 1872 πονηρὸς
2510 1795 2667 1866 οὗτος
2697 1803 2779 1855 ὅτι
2829 1803 2923 1855 καὶ
2971 1804 3088 1855 ἐκεῖ
3151 1799 3424 1867 ἀπελθὼν,
3455 1801 3592 1855 Θεοῦ
3628 1818 3734 1870 μου

458 1899 557 1938 cus
583 1883 832 1940 diabolus
860 1902 954 1940 cor
983 1903 1164 1944 mcum
1196 1891 1564 1954 conturbavit,
1583 1903 1639 1948 et
1669 1905 1956 1964 parentum
1981 1911 2045 1952 ac

2162 1868 2422 1960 θέλοντος,
2445 1895 2540 1947 καὶ
2565 1893 2674 1947 τῶν
2708 1893 2882 1961 ἁγίων
2909 1893 3085 1963 εὐχῶν
3114 1893 3266 1963 ὑμῶν
3300 1868 3742 1964 βοηθοισῶν,-ἱ’να

459 1973 710 2027 videnda:
753 1973 972 2030 familiae
1011 1993 1147 2032 mea:
1184 1979 1515 2036 desiderium
1561 1985 1746 2040 animo
1773 2001 1896 2042 meo
1924 2002 2050 2058 sng-

460 2064 670 2133 gessit:
697 2080 875 2135 neque
902 2069 1150 2138 perditus
1180 2072 1270 2128 hic
1305 2075 1476 2130 hostis
1507 2077 1637 2133 illud
1677 2079 1846 2145 videt,
1881 2081 2045 2149 quod,

459 2155 573 2212 Deo
607 2175 729 2214 meo
755 2160 992 2227 volente,
1025 2173 1079 2217 et
1103 2165 1298 2219 vestris
1325 2168 1580 2236 precibus
1611 2170 1744 2225 mihi
1772 2171 2048 2240 opitulan-

461 2247 630 2311 tibus,
653 2251 905 2318 quamvis
925 2252 992 2306 ad
1022 2253 1285 2308 videndos
1306 2268 1564 2325 parentes
1596 2276 1748 2316 meos
1773 2261 2050 2331 profectus

461 2337 641 2404 fuero,
687 2341 865 2411 ipsum
912 2352 1093 2398 tamen
1127 2349 1484 2414 conculcabo,
1535 2361 1589 2406 et
1635 2353 1754 2422 ejus
1788 2363 2046 2408 conatum

2145 1985 2272 2048 τοὺς
2306 1986 2481 2052 γονεῖς
2517 2002 2620 2054 μου
2663 1983 2791 2051 τδως
2830 1985 3060 2054 πατήσω
3094 1984 3258 2038 αὐτὸν
3301 1985 3398 2038 καὶ
3445 1983 3742 2054 ἀνίσχυρον

2149 2077 2245 2130 καὶ
2301 2075 2532 2146 μάταιον
2575 2075 2866 2140 ἀποδείξω.
2897 2076 3060 2143 Λέγει
3122 2074 3272 2146 αὐτῷ
3313 2076 3342 2128 6
3380 2074 3742 2147 ἀρχιμανδρί-

2147 2183 2271 2238 της’
2299 2167 2414 2221 Οὐκ
2443 2162 2596 2220 εἶπόν
2635 2184 2719 2220 σοι
2747 2167 2899 2239 παρὰ
2927 2167 3024 2237 τὴν
3054 2168 3230 2238 ἀρχὴν
3265 2168 3348 2221 ὅτι
3388 2168 3562 2238 μέγας
3594 2168 3743 2220 ἐστὶν

2147 2260 2178 2312 6
2208 2259 2358 2328 ἀγὼν
2394 2261 2495 2329 τῆς
2552 2259 2841 2328 ἀσκήσεως
2902 2259 2996 2311 καὶ
3034 2261 3063 2312 6
3121 2259 3291 2321 κόπος
3325 2258 3533 2326 πολύς,
3567 2259 3742 2313 ταῦτα

2149 2351 2322 2405 εἰπὼν
2347 2352 2444 2405 καὶ
2481 2352 2673 2413 παιδὸς
2695 2352 2862 2404 ’ἑνεκα
2893 2352 3197 2419 δακρύσας,
3239 2353 3537 2421 εὐλόγησεν
3570 2355 3740 2426 αὐτῷ.

459 2433 795 2490 imbecillum
823 2447 986 2507 atque
1024 2440 1241 2495 inanem
1281 2457 1403 2498 esse
1427 2452 1732 2500 ostendam.
1771 2445 1910 2499 Tum
1978 2446 2052 2499 illi
2131 2445 2562 2500 archimandrita
2596 2463 2608 2497 :
2641 2444 2855 2510 Nonne,
2905 2445 3104 2515 inquit,
3140 2445 3259 2512 ﬁli,
3300 2447 3396 2500 tibi
3437 2447 3569 2512 dixi,
3617 2464 3740 2504 cum

468 2525 704 2591 primum
772 2529 1073 2584 monastica
1127 2531 1470 2600 professione
1537 2535 1742 2589 initiari
1810 2535 2049 2601 voluisti,
2093 2544 2297 2590 nostra:
2348 2535 2512 2604 hujus
2583 2536 2996 2590 exercitationis
3040 2546 3315 2591 certamen
3341 2553 3621 2608 magnum,
3687 2550 3744 2594 et

461 2615 701 2672 laborem
732 2621 959 2676 multum
995 2639 1114 2678 esse
1139 2625 1160 2678 ’ἓ
1182 2623 1307 2680 Haec
1323 2643 1448 2682 cum
1473 2629 1720 2691 dixisset,
1739 2637 1794 2682 et
1823 2627 2186 2684 adolescentis
2215 2643 2379 2684 causa
2412 2628 2738 2700 lacrymatus
2765 2639 2930 2694 esset,
2957 2629 3006 2685 ei
3046 2630 3344 2685 benedixit.

539 2707 627 2763 ΙΧ.
665 2708 889 2766 Postero
944 2723 1126 2769 autem
1158 2715 1245 2771 die
1275 2715 1516 2772 Joannes
1560 2720 2052 2776 arehimandritam

462 2801 618 2866 adiit,
675 2819 905 2874 cumque
957 2807 1025 2862 ad
1083 2807 1203 2876 ejus
1240 2809 1404 2876 pedes
1437 2824 1496 2864 se
1533 2810 1824 2881 abjecisset
1874 2813 2054 2882 ipsum

465 2897 693 2967 rogavit,
759 2915 828 2952 ne
855 2901 954 2954 sibi
1015 2910 1384 2964 succenseret,
1467 2903 1562 2957 sed
1631 2920 1730 2973 pro
1775 2920 1833 2959 se
1882 2904 2053 2959 Deum

465 3000 804 3060 precaretur,
839 3002 895 3046 et
915 2994 1241 3048 concederet
1271 2993 1442 3059 abire,
1475 3004 1528 3048 et
1565 3005 1820 3065 parentes
1845 2995 2051 3060 videre,

465 3099 638 3152 eaque
674 3087 884 3140 ratione
931 3085 1231 3148 diabolum,
1278 3087 1505 3143 Detnino
1558 3089 1872 3156 adjuvante,
1921 3105 2054 3144 con-

466 3177 702 3232 culcare.
739 3178 1180 3233 Archimandrita
1235 3193 1366 3233 cum
1417 3195 1609 3236 omnes
1660 3181 1888 3241 fratres,
1961 3182 2054 3251 qui

2234 2719 2312 2775 8'.
2350 2721 2427 2790 Τῇ
2452 2721 2507 2774 δὲ
2539 2720 2799 2789 ἐπαύριον
2824 2719 3065 2783 ἀναστὰς
3095 2722 3123 2773 6
3145 2722 3402 2792 Ἰωάννης
3431 2718 3564 2793 ἦλθε
3604 2724 3744 2794 πρὸς

2161 2815 2253 2866 τὸν
2286 2813 2742 2884 ἁρχιμανδρίτην,
2780 2813 2874 2865 καὶ
2913 2812 3076 2866 ἔπεσε
3108 2814 3246 2883 πρὸς
3285 2816 3413 2877 τοὺς
3442 2815 3608 2878 πόδας
3648 2819 3745 2870 αὐ-

2111 2956 2118 2962 .
2161 2905 2257 2959 τοῦ
2317 2906 2592 2976 δεόμενος,
2645 2905 2720 2976 μὴ
2753 2905 3077 2976 ὀργισθῆναι
3127 2905 3298 2976 αὐτῷ,
3340 2906 3456 2959 ἀλλ⁴
3489 2907 3746 2978 εὔχεσθαι

2161 2996 2328 3049 αὐτοῦ
2364 2997 2460 3049 καὶ
2497 2997 2791 3066 ἐπιτρέψαι
2845 2997 3103 3050 ἀπελθεῖν
3155 2999 3249 3051 καὶ
3307 2999 3582 3069 θεωρῆσαι
3621 3002 3749 3064 τοὺς

2163 3093 2339 3158 γονεῖς
2361 3089 2551 3152 αὐτοῦ,
2579 3091 2673 3143 καὶ
2695 3088 2892 3154 οὕτως,
2909 3089 3046 3142 Θεοῦ
3073 3091 3483 3162 συνεργοῦντος,
3503 3093 3748 3161 πατῆσαι

2163 3182 2256 3233 τὸν
2289 3181 2695 3252 ἀντικείμενον.
2726 3183 2839 3234 Καὶ
2866 3180 3229 3252 συναθροίσας
3257 3185 3284 3236 6
3313 3183 3746 3254 ἀρχιμανδρίτης

471 3273 704 3324 erantin
744 3271 1079 3326 monasterio
1115 3271 1227 3338 illo,
1281 3286 1682 3342 congregasset,
1723 3284 1780 3327 et
1838 3277 2056 3330 attentis

2165 3273 2414 3338 ἅπαντας
2446 3248 2576 3338 τούς
2610 3277 2668 3329 ἐν
2719 3277 2786 3344 τῇ
2843 3277 2979 3344 μονῇ
3013 3248 3299 3344 ἀδελφοὺς,
3353 3248 3458 3328 ’καὶ
3508 3248 3746 3348 ποιήσας

467 3364 724 3434 precibus
753 3379 853 3432 pro
894 3363 1242 3418 adolescente
1265 3363 1357 3418 illo
1413 3365 1583 3418 Deum
1615 3365 1900 3432 oravisset,
1934 3381 2060 3421 cum

467 3457 672 3528 gemitu
701 3466 754 3510 et
780 3456 1072 3525 lacrymis:
1112 3455 1282 3522 Vade,
1351 3457 1548 3526 inquit,
1592 3457 1686 3522 ﬁli,
1726 3459 1782 3512 in
1836 3460 2061 3523 nomine

468 3548 668 3614 Patris,
697 3559 751 3604 et
799 3548 940 3612 Filii,
988 3557 1042 3602 et
1095 3548 1330 3619 Spiritus
1375 3551 1573 3612 sancti,
1619 3559 1673 3605 et
1709 3560 1887 3604 tecum
1954 3567 2060 3606 una

472 3644 785 3698 venientem
815 3643 1020 3696 habeas
1052 3643 1337 3696 Dominum
1357 3641 1543 3696 Jesnm
1569 3643 1868 3708 Christum,
1893 3644 1984 3713 qui
2011 3653 2063 3698 te

473 3736 636 3790 ducat
677 3735 732 3789 in
759 3735 845 3788 via
884 3735 1009 3799 ista,
1043 3744 1206 3804 prout
1274 3736 1392 3805 ipse
1457 3735 1590 3788 vult.
1648 3735 1892 3791 Joannes
1932 3751 2063 3791 vero

475 3845 600 3882 eum
637 3844 668 3883 e
716 3837 859 3883 terra
893 3829 1266 3895 surrexisset,
1303 3828 1499 3884 fratres
1541 3845 1732 3884 omnes
1785 3829 2058 3895 obeundo,

473 3923 704 3992 genibus
733 3921 904 3986 flexis,
939 3923 1094 3991 petiit
1123 3937 1151 3975 a
1177 3922 1428 3990 singulis,
1460 3930 1519 3976 ut
1540 3922 1784 3976 extensis
1810 3922 2064 3976 manibus

473 4014 549 4068 illi
587 4015 1012 4068 benedicerent:
1049 4023 1104 4068 et
1136 4014 1209 4066 ita
1240 4029 1336 4067 eos
1368 4013 1612 4066 salutans
1642 4027 1654 4064 :
1689 4011 1836 4066 Salvi
1865 4021 2060 4075 estote,

475 4107 673 4174 inquit,
689 4121 885 4159 omnes
906 4115 1089 4174 patres
1109 4114 1165 4158 et
1188 4105 1401 4159 fratres:
1436 4105 1582 4157 salva
1608 4113 1750 4168 esto,
1777 4103 2064 4158 laudabilis

473 4205 531 4251 et
561 4205 747 4250 sancta
809 4197 1064 4261 societas,
1129 4211 1250 4264 quae
1300 4210 1386 4250 me
1411 4196 1553 4250 bene
1602 4196 1890 4266 suscepisti
1922 4213 1934 4249 ε
1963 4211 2064 4267 ego

476 4289 704 4343 omnino
751 4297 933 4343 vestro
990 4297 1136 4343 tecto
1166 4287 1421 4359 indignus
1456 4303 1597 4341 sum.

551 4381 620 4435 Χ.
653 4382 788 4436 Cum
821 4381 987 4452 igitur
1015 4396 1044 4435 a
1086 4381 1293 4435 sanctis
1339 4381 1443 4436 illis
1475 4380 1726 4436 Patribus
1775 4381 1886 4436 Deo
1912 4397 2064 4436 com-

478 4474 768 4530 mendatus
797 4481 961 4538 esset,
1011 4473 1141 4528 exiit
1180 4487 1210 4527 e
1243 4473 1575 4528 monasterio
1618 4474 1730 4542 illo,
1772 4483 1827 4530 et
1855 4475 1924 4529 ah
1944 4475 2066 4546 ejus

2163 3366 2349 3436 δέησιν
2376 3364 2573 3433 ἐκτενῆ
2610 3364 2746 3434 πρὸς
2781 3365 2874 3417 τὸν
2903 3365 3037 3419 θεὸν
3070 3366 3212 3437 ὑπὲρ
3242 3366 3338 3419 τοῦ
3377 3367 3565 3430 παιδὸς
3606 3371 3748 3436 μετά

2163 3457 2415 3529 δακρύων
2465 3459 2558 3510 καὶ
2604 3457 2948 3527 στεναγμῶν,
3000 3456 3184 3526 λέγει·
3232 3458 3500 3529 Πορεύου,
3556 3460 3751 3514 τέκνον

2168 3568 2292 3621 μου,
2316 3550 2374 3602 ἐν
2398 3549 2476 3618 τῷ
2491 3548 2715 3618 ὀνόματι
2743 3547 2836 3601 τοῦ
2859 3547 3091 3620 Πατρὸς,
3114 3550 3213 3600 καὶ
3227 3547 3320 3601 τοῦ
3354 3549 3510 3615 Υίοῦ,
3530 3551 3622 3603 καὶ
3651 3552 3750 3604 τοῦ

2167 3643 2484 3712 Πνεύματος
2511 3641 2690 3711 ἁγίου,
2737 3643 2834 3694 καὶ
2860 3642 2949 3710 ἔχε
2978 3641 3464 3710 συμπορευόμενον
3501 3641 3594 3695 τὸν
3633 3642 3750 3695 K6-

2167 3752 2284 3807 ptov
2318 3735 2475 3806 ἡμῶν
2497 3736 2706 3806 Ἰησοῦν
2740 3735 2976 3805 Χριστὸν
3021 3733 3322 3804 ὀδηγοῦντὰ
3363 3750 3422 3786 σε
3465 3736 3544 3797 εἰς
3578 3735 3638 3786 :6
3665 3734 3753 3788 θέ-

2166 3829 2318 3898 λημα
2351 3825 2540 3880 αὐτοῦ.
2570 3827 2827 3897 Ἰωάννης
2856 3826 2913 3880 δὲ
2945 3828 3206 3889 ἀναστὰς,
3240 3827 3332 3878 καὶ
3364 3825 3752 3896 περιπατήσας

2167 3922 2382 3984 πάντας
2431 3921 2560 3984 τοὺς
2616 3919 2885 3987 ἀδελφοὺς
2910 3960 2924 3986 ,
2975 3920 3178 3987 γόνατά
3203 3937 3262 3973 τε
3296 3921 3517 3990 κάμψας
3548 3921 3754 3991 ᾔτησεν

2169 4013 2258 4066 ἴνα
2283 4012 2553 4082 εὐλογηθῇ
2582 4013 2712 4082 παρ’
2745 4011 2948 4078 αὐτῶν,
2979 4012 3074 4065 καὶ
3102 4008 3255 4065 εἶπε·
3283 4012 3557 4076 Σώζεσθε,
3593 4015 3754 4066 πατέ-

2171 4121 2261 4174 ρες
2294 4105 2388 4158 καὶ
2419 4100 2662 4172 ἀδελφοὶ,
2706 4104 2803 4156 καὶ
2847 4103 3191 4174 εὐλογημένη
3226 4106 3258 4174 ἠ
3291 4105 3422 4172 ἁγία
3451 4105 3684 4171 συνοδία,
3720 4109 3754 4176 ἡ

2173 4195 2240 4265 μὲ
2288 4194 2471 4256 καλῶς
2525 4192 2986 4264 ἀναθρεψαμένηθ
3025 4194 3135 4264 ἐγὼ
3181 4196 3237 4248 δὲ
3278 4196 3501 4260 ἀνάξιος
3547 4193 3614 4265 ἦν
3654 4197 3754 4266 τῆς

2169 4288 2325 4357 ὑμῶν
2359 4287 2651 4355 ὑποδοχῆς.

2242 4380 2296 4435 l'.
2341 4383 2451 4433 Καὶ
2491 4381 2666 4443 οὕτως
2709 4379 2817 4433 ὐπὸ
2862 4378 2972 4432 τῶν
3028 4379 3200 4448 ἁγίων
3239 4379 3464 4433 ἐκείνων
3495 4380 3757 4449 Πατέρων

2170 4471 2560 4542 παραθέμενος
2583 4470 2661 4541 τῷ
2686 4470 2879 4542 Κυρίῳ
2901 4469 3092 4541 ἐξῆλθε
3120 4469 3213 4524 τοῦ
3245 4471 3635 4541 μοναστηρίου,
3658 4472 3756 4524 καὶ

474 4568 640 4638 janua
689 4568 902 4638 longius
947 4581 1301 4637 progressus,
1335 4582 1394 4622 se
1436 4578 1790 4634 convertens,
1832 4578 1886 4623 et
1939 4584 2056 4622 san-

2176 4565 2389 4635 μακρὸν
2447 4561 2658 4616 ἐκεῖθεν
2712 4562 2958 4631 προϐὰς,
3015 4563 3279 4635 στραφεὶς
3325 4564 3420 4617 καὶ
3481 4563 3609 4617 ἰδὼν
3654 4562 3756 4632 τὴν

478 4673 628 4714 ctum
689 4661 1081 4714 monasterium
1113 4660 1406 4731 aspiciens,
1445 4661 1658 4716 tristem
1693 4671 1858 4731 atque
1913 4677 2066 4715 acer-

484 4752 616 4810 bum
668 4752 930 4823 gemitum
991 4751 1192 4816 emisit,
1250 4763 1306 4807 ct
1365 4752 1518 4806 ﬂexis
1581 4753 1833 4824 genibus,
1897 4751 2064 4806 Deum

479 4845 659 4914 ipsum
709 4843 789 4899 sic
825 4843 1020 4909 oravit,
1073 4852 1132 4897 ut
1167 4843 1285 4912 ejus
1339 4843 1591 4914 lacrymze
1649 4845 1702 4896 in
1737 4852 1936 4897 terram
1968 4844 2067 4896 dc-

475 4936 757 5002 ﬁuxerint,
819 4945 982 5004 atque
1049 4937 1117 4989 ita
1211 4936 1499 4990 ﬁnitimam
1572 4936 1717 4990 illam
1788 4935 2067 5004 regionem

477 5029 754 5087 salutavit.
785 5037 840 5083 et
890 5032 1150 5099 lacrymas
1184 5042 1294 5082 non
1327 5029 1718 5094 intertnittens,
1781 5028 2061 5094 discessit,

478 5122 692 5192 iterque
745 5138 903 5176 suum
959 5122 1108 5176 fecit.
1137 5121 1271 5176 Cum
1319 5138 1450 5177 vero
1516 5123 1804 5177 dimidium
1860 5123 2070 5178 itineris

481 5216 829 5279 confecisset,
858 5215 995 5271 vidit
1021 5215 1238 5285 inopem
1265 5215 1553 5284 quemdam
1588 5214 1863 5269 hominem
1892 5216 2070 5271 lacera

481 5321 633 5366 veste
675 5311 948 5372 indutum,
1017 5311 1308 5364 cuidixit:
1369 5309 1550 5374 Salve,
1620 5309 1808 5372 frater,
1860 5319 1910 5364 et
1970 5311 2070 5364 viae

488 5418 696 5458 comes.
729 5403 808 5456 An
844 5403 1039 5471 placet,
1099 5411 1156 5456 ut
1187 5418 1294 5455 una
1323 5402 1426 5454 iter
1481 5401 1781 5455 faciamus?
1816 5401 2068 5468 Maxime,

484 5495 664 5565 inquit
701 5494 810 5560 ille,
865 5503 1077 5566 gratum
1129 5494 1260 5548 mihi
1313 5493 1417 5547 hoc
1445 5502 1547 5547 est.
1589 5493 1724 5548 Cum
1790 5508 1920 5547 vero
1964 5510 2071 5548 una

483 5588 592 5644 iter
621 5590 883 5652 facerent,
910 5589 1149 5644 Joannes
1180 5589 1252 5642 ait
1280 5607 1291 5642 :
1331 5588 1499 5643 Video
1531 5597 1604 5655 te,
1639 5588 1832 5654 frater,
1866 5597 2070 5642 vestem

488 5687 601 5734 tam
654 5682 889 5737 laceram
940 5682 1166 5748 habere,
1198 5691 1256 5736 ut
1305 5681 1454 5736 illam
1492 5679 1636 5736 ferre
1698 5696 1809 5734 non
1873 5681 2070 5750 possis;

490 5778 551 5824 te
603 5770 766 5840 igitur
825 5789 975 5843 rogo,
1027 5782 1085 5827 ut
1121 5783 1270 5829 veste
1311 5774 1411 5830 ista
1457 5784 1512 5829 te
1562 5790 1744 5836 exuas,
1781 5783 1834 5828 et
1899 5789 2072 5827 meam

491 5861 678 5930 cap‘as
713 5880 723 5913 :
759 5879 858 5929 ego
906 5873 1086 5918 autem
1139 5876 1226 5921 tua
1260 5883 1344 5922 me
1411 5869 1651 5923 induam.
1709 5869 1955 5938 Cumque
2009 5868 2073 5922 ad

2175 4659 2340 4727 ἁγίαν
2391 4657 2559 4730 μονὴν
2607 4656 2842 4710 ἔκλαυσε
2873 4657 3112 4726 πικρῶς,
3143 4656 3239 4708 καὶ
3288 4656 3402 4720 θεὶς
3439 4657 3507 4709 τὰ
3551 4655 3754 4724 γόνατα

2172 4751 2266 4805 ἐπὶ
2297 4752 2395 4822 τὴν
2424 4751 2548 4820 γῆν,
2585 4751 2682 4803 καὶ
2717 4749 3159 4819 προσευξάμενος
3197 4748 3457 4803 ἔκλαυσεν
3482 4748 3713 4802 ἐπιπολύ
3735 4761 3750 4776 ⁸

2174 4846 2268 4898 καὶ
2284 4844 2459 4906 οὕτως
2480 4842 2721 4905 ἀναστὰς
2743 4843 3038 4912 ἐπορεύετο
3065 4841 3271 4895 κλαίων
3290 4841 3584 4895 ἀκαταπαύ
3594 4858 3755 4908 στως,

2177 4938 2270 4992 καὶ⁵
2296 4936 2395 5006 τὴν
2425 4935 2543 4989 ὁδὸν
2571 4934 2739 4989 αὐτοῦ
2773 4934 3022 5004 ἐποίησε.
3063 4932 3150 4997 ’ος
3170 4933 3228 4986 δὲ
3260 4929 3424 5005 ἦλθεν
3453 4933 3756 5006 ὁδοιπορῶν

2174 5031 2272 5101 τὴν
2324 5029 2585 5099 ἡμίσειαν
2633 5026 2774 5092 ὁδὸν,
2841 5018 2971 5096 εὗρέ
3038 5042 3161 5078 τινα
3219 5025 3434 5096 πτωχὸν
3486 5025 3758 5095 φοροῦντα

2172 5121 2511 5194 διερρωγότα
2573 5120 2800 5188 ἱμάτια,
2875 5117 2975 5172 καὶ
3027 5117 3177 5186 λέγει
3230 5119 3377 5190 αὐτῷ
3411 5136 3426 5151 ·
3489 5120 3755 5190 Χσιίροις⁹

2175 5215 2371 5284 ἀδελφέ
2401 5215 2495 5267 καὶ
2527 5210 2900 5282 συνοδοιπόρε,
2939 5210 3035 5264 καὶ
3061 5251 3076 5277 ,
3105 5212 3154 5264 εἰ
3187 5210 3368 5284 θέλῃς,
3397 5212 3760 5283 πορευθῶμεν

2175 5308 2312 5380 ὁμοῦ
2334 5307 2432 5378 την
2456 5304 2791 5376 ὁδοιπορίαν.
2814 5303 2926 5356 Καὶ
2952 5302 3227 5374 ἀπεκρίθη
3254 5304 3282 5355 6
3312 5305 3529 5375 πτωχός
3545 5321 3559 5335 ν
3580 5305 3759 5376 Χάριν

2177 5403 2286 5470 ἔχω
2315 5401 2372 5451 ὲν
2405 5397 2582 5467 τούτῳ
2613 5396 2836 5466 πολλήν.
2874 5395 3204 5449 Ὀδευόντων
3229 5393 3287 5447 δὲ
3314 5395 3516 5460 αὐτῶν,
3547 5395 3698 5463 λέγει
3730 5394 3762 5447 6

2190 5493 2444 5561 Ἰωάννης
2465 5507 2479 5522 ·
2525 5488 2670 5560 Ὀρῶ
2699 5507 2779 5553 σε,
2810 5487 3030 5557 ἀδελφέ,
3065 5488 3494 5557 κατεστιγμένον
3511 5487 3640 5540 ὄντα
3666 5489 3762 5541 καὶ

2182 5587 2256 5658 μὴ
2295 5587 2593 5656 δυνάμενον
2616 5583 2906 5655 βαστάζειν
2929 5582 3000 5636 τὰ
3034 5583 3400 5652 περικείμενά
3431 5598 3513 5635 σοι
3541 5581 3758 5650 ἱμάτια·

2178 5681 2316 5735 ἀλλὰ
2353 5677 2786 5747 ἀποδυσάμενος,
2818 5675 2948 5730 λάϐε
2986 5674 3082 5743 τὴν
3113 5674 3254 5744 ἐμὴν
3286 5674 3508 5743 ἐσθῆτα,
3541 5673 3756 5742 δέομαι,

2181 5774 2275 5827 καὶ
2331 5770 2441 5839 ἐγὼ
2501 5769 2794 5838 ἐνδύσομαι
2828 5768 2896 5820 τὰ
2942 5767 3008 5820 σὰ
3056 5767 3266 5836 ἱμάτια.
3304 5766 3412 5820 Καὶ
3438 5765 3760 5828 ὁδεύσαντες

2184 5867 2274 5919 ἐπὶ
2324 5864 2506 5920 ἱκανὸν
2539 5861 2725 5927 τόπον,
2760 5861 2852 5915 καὶ
2893 5857 3280 5930 συνταξάμενοι
3314 5859 3582 5930 άὶλὴλοις,
3629 5874 3756 5911 συν-
