4144 6416
536 365 645 428 577

1642 353 1812 414 νιΤΑ
1848 351 1905 409 S.
1941 346 2186 409 JOANN
2195 346 2264 405 IS
2297 341 2704 404 CALYBlT/E.

3696 342 3809 407 578

533 476 823 545 εχώρησεν
849 466 1084 527 ἕκαστος
1121 461 1220 532 τὴν
1270 460 1390 513 ὁδὸν
1438 461 1630 516 αὑτοῦ.
1675 462 1736 514 Ὀ
1777 461 1836 514 δὲ
1860 459 2117 526 Ἰωάννης

2241 467 2399 507 ocum
2445 450 2734 520 quemdam
2790 448 3089 515 venissent,
3144 447 3382 504 vicissim
3410 461 3467 504 se
3491 447 3810 510 salutantes.

537 563 844 630 ὲλθὼν,καὶ
870 562 971 630 τὴν
987 558 1168 612 οἰκίαν
1189 555 1299 610 τῶν
1317 553 1519 622 γονέων
1543 549 1709 605 αὐτοῦ
1729 549 1874 613 ἰδὼν,
1895 545 2118 618 ἔρριψεν

541 657 734 712 ἑαυτὸν
783 653 878 706 ἐπὶ
916 651 1018 722 τὴν
1059 649 1183 718 γῆν,
1245 645 1339 698 καὶ
1387 641 1735 713 προσηύξατο
1770 639 1946 705 λέγων
1985 635 2122 706 πρὸς

536 752 786 822 Κύριον·
833 744 1007 813 Κύριε
1048 739 1226 810 Ἰησοῦ
1267 736 1514 808 Χριστὲ,
1571 735 1648 805 μὴ
1694 732 1968 802 ἀπολίπῃς
2028 745 2118 797 με.

543 844 652 898 Καὶ
682 845 741 896 ὲν
773 839 987 908 ἑσπέρᾳ
1021 835 1214 908 βαθείᾳ.
1253 832 1510 887 εἰσελθὼν
1539 832 1598 883 ἐν
1640 827 1718 899 τῷ
1746 827 1882 896 οἴκῳ
1928 822 2120 885 αὑτοῦ,

545 935 708 988 πάλιν
758 932 853 984 ἐπὶ
895 929 996 998 τῆς
1023 929 1126 996 γῆς
1163 927 1412 995 κείμενος
1447 922 1542 977 καὶ
1565 920 1819 991 δακρύων
1859 916 1994 988 πρὸς
2033 914 2124 968 τὸν

541 1026 678 1080 Θεὸν
707 1023 898 1090 ἔλεγεν
921 1037 935 1050 ·
966 1019 1142 1089 Κύριε
1164 1015 1341 1088 Ἰησοῦ
1361 1015 1587 1086 Χριστὲ,
1605 1014 1714 1066 ἰδοὺ
1743 1012 1836 1064 καὶ
1863 1009 1954 1062 τὸν
1976 1003 2124 1061 οἷκον

554 1119 654 1171 τῶν
685 1115 894 1185 γονέων
927 1129 1027 1182 μου
1056 1111 1261 1174 ἕδειξάς
1284 1126 1397 1179 μοι,
1416 1108 1513 1162 καὶ
1540 1106 1632 1159 τοῦ
1659 1102 2000 1176 χαρίσματός
2028 1116 2122 1153 σου

549 1211 628 1280 μὴ
657 1207 903 1266 ὲκπέσω.
956 1204 1092 1260 ἀλλὰ
1137 1202 1227 1266 δός
1279 1217 1369 1272 μοι
1417 1199 1507 1252 ἵνα
1536 1198 1760 1260 τελείως
1788 1195 1997 1266 νικήσω
2032 1193 2125 1246 τὸν

545 1298 817 1360 διάϐολον,
854 1297 949 1349 καὶ
1002 1295 1060 1346 ἐν
1089 1292 1168 1364 τῷ
1212 1291 1349 1362 οἴκῳ
1402 1289 1579 1360 τούτῳ
1631 1287 1888 1341 ἀποθάνω
1919 1284 2123 1350 καλῶς,

553 1394 694 1461 μήτε
748 1387 918 1457 ἐάσῃς
955 1403 1021 1457 με
1072 1384 1272 1455 μᾶλλον
1323 1380 1704 1454 πειρασθῆναι.
1743 1378 1853 1432 Καὶ
1910 1375 2126 1446 ἔμεινεν

556 1484 672 1535 ἐκεῖ
707 1480 884 1546 πάσης
914 1476 1078 1548 τῆσδε
1111 1475 1324 1539 νυκτός.

637 1743 740 1796 lA'.
779 1742 940 1793 Ὅταν
967 1738 1024 1792 δὲ
1054 1735 1330 1806 ἐγένετοὴ
1363 1733 1548 1805 ἡμέρα
1571 1771 1587 1798 ,
1617 1729 1875 1800 συνοίχθη
1907 1730 1940 1796 ἡ
1983 1725 2128 1794 πύλη

559 1834 653 1888 τοῦ
690 1833 861 1894 οἴκου,
904 1831 978 1894 ὡς
1011 1826 1080 1901 ἦν
1112 1827 1393 1898 συνήθεια,
1418 1827 1507 1880 ῐνα
1532 1825 1582 1878 οἱ
1615 1821 1778 1876 αὑτοῦ
1819 1821 1994 1889 γονεῖς
2035 1816 2126 1870 ἐπὶ
2157 1812 2198 1866 Β

553 1923 737 1991 ὀλίγον
761 1923 1039 1988 ἐξέλθωσι.
1072 1919 1184 1976 Καὶ
1211 1919 1433 1989 ἐξῆλθεν
1466 1921 1495 1972 6
1523 1918 1617 1971 ἐπὶ
1663 1917 1761 1986 τῆς
1790 1913 1988 1977 οἰκίας,
2030 1911 2124 1965 καὶ

554 2018 744 2086 βλέπει
779 2015 945 2068 αὑτὸν
976 2015 1228 2084 κείμενον
1261 2013 1356 2067 καὶ
1393 2011 1743 2082 διερῤηγόσιν
1772 2007 2010 2078 ἱματίοις
2040 2007 2125 2057 ὲν-

549 2107 862 2177 δεδυμένον,
889 2107 986 2159 καὶ
1014 2105 1164 2173 λέγει
1197 2102 1348 2173 αὐτῷ
1367 2119 1382 2134 ν
1410 2101 1510 2164 Τίς
1535 2096 1587 2153 εἴ
1614 2100 1702 2162 σὺ,
1727 2097 2006 2168 ἄνθρωπε,
2028 2095 2127 2147 καὶ

553 2196 757 2260 πόθεν;
789 2195 884 2247 καὶ
919 2193 1058 2256 πῶς,
1102 2190 1345 2254 τοιοῦτος
1373 2190 1656 2260 ὑπάρχων,
1686 2187 1996 2256 ἐτόλμησας
2036 2186 2128 2236 ὲν-

549 2285 730 2339 ταῦθα
757 2284 1110 2355 προσελθεῖν;
1143 2283 1279 2336 ἀλλὰ
1304 2282 1394 2346 δὸς
1421 2280 1609 2345 τόπον,
1633 2279 1716 2332 ὅτι
1744 2279 1794 2332 oi
1817 2277 2000 2349 κύριοί
2025 2293 2127 2346 μου

554 2376 844 2448 προελθεῖν
891 2376 1165 2447 μέλλουσι.
1237 2375 1402 2443 Λέγει
1441 2371 1590 2443 αὑτῷ
1633 2373 1662 2424 6
1688 2371 1975 2441 Ἰωάννης·
2003 2369 2131 2422 Δέο-

559 2470 659 2538 μαί
686 2485 804 2532 σου,
845 2467 1043 2538 Κύριε,
1064 2465 1290 2536 ποίησον
1330 2464 1447 2536 μετ’
1481 2463 1614 2535 ἐμοῦ
1646 2463 1816 2530 ἕλεος,
1844 2463 2130 2532 ἄνθρωπος

552 2562 665 2628 γάρ
719 2558 934 2628 πτωχός
968 2560 1107 2627 εἰμι.
1141 2557 1340 2611 Ἐασῦν
1376 2572 1446 2626 με
1505 2557 1563 2609 ὲν
1617 2559 1683 2626 τῇ
1731 2555 1903 2626 γωνίᾳ
1959 2553 2131 2624 ταύτῃ

554 2649 796 2711 κεῖσθαι,
830 2648 996 2719 μηδὲν
1029 2647 1165 2718 ἐμοῦ
1191 2646 1527 2712 ἀδικοῦντος,
1559 2647 1653 2701 καὶ
1695 2646 1787 2700 τοῦ
1815 2645 2001 2708 ἐλέους
2043 2662 2134 2715 μι-

557 2743 686 2795 σθὸν
716 2741 880 2804 αὐτὸς
909 2744 938 2794 6
966 2741 1095 2804 Θεὸς
1124 2741 1307 2807 δώσει,
1331 2743 1380 2794 εἰ
1406 2741 1472 2812 μὲ
1503 2742 1712 2812 πένητα
1745 2739 1838 2793 ἐπὶ
1869 2740 1960 2792 τοῦ
1982 2741 2131 2792 οἴκου

556 2835 713 2887 τοῦδε
749 2834 949 2905 θύραις
987 2835 1170 2904 μένειν
1204 2835 1368 2904 ἀφῇς.
1411 2833 1609 2886 Εἴασεν
1643 2834 1848 2894 ἐκεῖνος
1890 2832 1984 2885 καὶ
2023 2831 2131 2883 ἀπο

559 2930 718 3000 ἦλθε.
751 2930 864 2983 Καὶ
907 2928 1232 2993 ἐξελθόντων
1272 2927 1411 2998 μετὰ
1440 2927 1613 2980 ταῦτα
1659 2927 1766 2979 τῶν
1795 2927 1994 2992 γονέων
2033 2925 2134 2976 αὑ-

555 3023 676 3086 τοῦ,
737 3022 840 3093 ὁρᾷ
873 3022 1072 3084 αὐτοὺς
1113 3020 1446 3090 ὁἹωάννης,
1512 3018 1608 3072 καὶ
1666 3018 1784 3080 ὅλος
1840 3015 2134 3086 ἐπληρώθη

555 3115 836 3186 δακρύων,
869 3114 965 3167 καὶ
1004 3109 1156 3166 εἶπεν
1204 3114 1261 3165 ὲν
1301 3111 1513 3181 ἑαυτῷ·
1561 3109 1717 3172 Ἰδοὺ,
1767 3107 2004 3170 διὰϐολε,
2043 3110 2136 3160 καὶ

555 3208 686 3270 τοὺς
716 3208 894 3272 γονεῖς
931 3223 1029 3276 μου
1065 3205 1380 3275 ἐθεασάμην
1430 3206 1496 3274 τῇ
1556 3202 1810 3273 βουλήσει
1840 3201 1933 3254 τοῦ
1974 3201 2132 3267 Θεοῦ,

557 3302 658 3356 καὶ
699 3301 769 3354 τὰ
818 3301 1018 3370 κέντρα
1055 3317 1150 3352 σου
1204 3300 1601 3368 καταπατήσω,
1649 3301 1717 3370 τῇ
1767 3298 1996 3366 δυνάμει
2043 3297 2137 3350 καὶ

561 3391 788 3464 βοηθείᾳ
816 3391 907 3444 τοῦ
936 3390 1195 3462 Χριστοῦ.
1246 3390 1356 3444 Καὶ
1391 3389 1551 3444 πάλιν
1594 3389 1780 3458 ἔλεγε·
1816 3389 1990 3458 Κύριε
2025 3388 2135 3458 Ἰη-

559 3485 660 3539 σοῦ
689 3483 918 3553 Χριστὲ,
947 3484 1022 3554 μὴ
1058 3481 1433 3556 ἐγκαταλίπῃς
1473 3498 1572 3552 με·
1610 3481 1705 3536 καὶ
1731 3481 1946 3552 ἔμεινεν
1979 3482 2037 3534 ἐν
2069 3483 2133 3551 τῇ

560 3576 738 3648 γωνίᾳ
769 3575 971 3646 ἐκείνῃ.
1008 3576 1118 3628 Καὶ
1151 3577 1178 3628 ὁ
1211 3575 1395 3645 πατὴρ
1428 3574 1592 3628 αὐτοῦ
1636 3575 1838 3644 ἤρξατο
1893 3575 2000 3628 ἀπὸ
2037 3577 2138 3645 τῆς

561 3669 844 3740 τραπέζης
877 3667 1040 3720 αὐτοῦ
1074 3667 1428 3722 ἀποστέλλειν
1461 3667 1612 3737 αὐτῷ
1658 3666 1889 3739 τροφὴν,
1927 3667 2099 3736 λέγων
2120 3683 2134 3697 ⁸

573 3763 641 3816 Ἦ
671 3761 767 3815 τοῦ
800 3759 1020 3832 πτωχοῦ
1049 3762 1242 3814 τούτου
1274 3761 1520 3830 ὑπομονὴ
1567 3760 1738 3831 πολλή
1785 3761 1924 3822 ἐστι,
1957 3760 2039 3813 ὅτι
2079 3759 2137 3812 ἐν

571 3854 803 3924 τοσούτῳ
822 3852 1051 3925 χειμῶνι
1081 3853 1175 3908 καὶ
1202 3854 1430 3924 παγετῷ
1451 3853 1596 3908 οὕτω
1620 3870 1834 3925 προσκα
1845 3855 2026 3924 ρτερεῖ
2045 3853 2138 3906 καὶ

578 3947 854 4011 καθέζεται
885 3949 946 4000 ἐν
995 3947 1074 4019 τῷ
1107 3947 1336 4002 πυλῶνι.
1369 3949 1605 4010 Δυνατός
1652 3950 1800 3999 ἐστιν
1845 3947 1874 3999 ὁ
1903 3945 2034 4008 Θεὸς
2071 3945 2138 3998 δι’

578 4038 736 4092 αὐτοῦ
763 4041 932 4094 σῶσαι
977 4043 1072 4095 καὶ
1102 4041 1272 4111 ἡμᾶς.
1302 4040 1530 4102 Πάντως
1563 4038 1672 4109 γάρ
1705 4037 1795 4090 διὰ
1823 4037 1984 4090 τοῦτο
2033 4037 2140 4089 ἀπο

569 4131 767 4201 εστάλη
792 4131 851 4184 ὲν
882 4132 962 4202 τῷ
993 4132 1129 4202 οίκῳ
1153 4129 1310 4201 ἡμῶν
1343 4129 1483 4200 ἀνὴρ
1507 4123 1664 4192 οὗτος
1687 4170 1701 4193 ,
1738 4129 1825 4183 ἵνα
1854 4129 1948 4182 καὶ
1979 4128 2140 4198 ἡμεῖς

493 4229 499 4232 ’
566 4222 852 4293 σωθῶμεν.
875 4220 1202 4288 Ἐξελθοῦσα
1225 4220 1281 4273 δὲ
1311 4222 1342 4290 ή
1377 4221 1560 4291 μήτηρ
1593 4218 1756 4274 αὐτοῦ
1784 4221 1841 4271 ὲν
1875 4219 1974 4288 μιᾷ
2002 4219 2142 4287 ἡμε-

567 4315 699 4386 ρῶν,
731 4315 828 4368 καὶ
855 4315 1040 4369 ἰδοῦσα
1084 4314 1249 4368 αὐτὸν
1275 4312 1450 4376 οὕτως
1480 4314 1780 4383 ἄπαστρον,
1832 4311 2138 4380 ἔκπληκτος

563 4409 719 4478 ἔστη,
757 4407 843 4460 διά
873 4409 932 4461 τὸ
958 4408 1150 4478 ἄγριον
1184 4407 1279 4459 καὶ
1303 4405 1667 4473 ἁνυπὸδητον.
1699 4405 1794 4456 καὶ
1823 4403 1971 4472 λέγει
2002 4404 2140 4472 πρὸς

2223 543 2416 614 singuli
2433 542 2572 597 viam
2590 555 2745 595 suam
2763 540 3000 611 aggressi
3023 549 3172 595 sunt.
3193 539 3330 594 Cum
3346 554 3480 597 vero
3493 539 3733 595 Joannes
3747 556 3815 596 eo

2223 633 2482 696 venisset,
2525 630 2670 686 unde
2697 637 2984 699 parentum
3033 644 3256 683 suorum
3286 629 3458 683 aedem
3505 642 3536 683 e
3589 629 3814 696 regione

2224 723 2607 795 prospiciebat,
2663 721 2905 792 seipsum
2951 723 3006 775 in
3039 731 3239 780 terram
3278 720 3498 788 dejecit,
3542 727 3600 775 et
3639 718 3813 773 Deum

2225 817 2300 872 ita
2343 815 2688 886 precabatur:
2726 812 2954 868 Domine
2997 812 3130 868 Jesu
3180 811 3416 874 Christe,
3450 828 3520 866 ne
3575 811 3816 866 derelin-

2225 921 2363 977 quas
2405 920 2512 960 me.
2559 904 2808 974 Cumque
2845 903 2915 959 ad
2962 904 3189 957 multam
3234 912 3453 957 noctem
3522 912 3815 972 parentum

2227 1013 2454 1054 suorum
2479 996 2704 1067 ianuam
2753 996 3000 1061 adiisset,
3037 1010 3230 1049 rursus
3259 994 3315 1048 in
3342 1004 3542 1048 terram
3573 1003 3820 1063 prostra-

2227 1097 2317 1145 tus
2361 1105 2424 1144 ac
2486 1089 2701 1160 lugens,
2742 1089 2926 1166 [Deum
2981 1089 3057 1142 ita
3123 1096 3378 1158 precatus
3432 1096 3556 1141 est:
3589 1085 3820 1140 Domine

2225 1179 2358 1236 Jesu
2386 1181 2623 1245 Christe,
2653 1194 2722 1234 en
2752 1188 3044 1249 parentum
3088 1192 3336 1232 meorum
3382 1177 3598 1241 domus,
3654 1191 3818 1245 quam

2226 1272 2361 1326 mihi
2409 1270 2700 1327 ostendisti
2741 1287 2754 1324 :
2790 1269 2885 1326 sed
2922 1285 2994 1324 ne
3022 1285 3053 1324 a
3086 1268 3258 1339 gratia
3315 1276 3409 1322 tua
3451 1267 3722 1330 decidam,
3752 1267 3821 1320 da

2227 1363 2387 1426 mihi,
2419 1378 2627 1434 quaso,
2660 1369 2720 1416 ut
2751 1369 3006 1430 superato
3037 1361 3273 1428 diabolo,
3306 1360 3413 1415 hoc
3444 1359 3500 1414 in
3530 1359 3652 1413 loco
3679 1359 3823 1413 bene

2229 1453 2494 1519 moriens,
2526 1468 2636 1508 non
2683 1453 2916 1522 amplius
2965 1452 3324 1507 tentationem
3358 1451 3592 1524 aliquam
3619 1451 3818 1522 patiar.

2229 1544 2430 1601 Mansit
2473 1546 2656 1616 itaque
2685 1545 2798 1600 illic
2831 1553 2944 1600 tota
2973 1553 3134 1600 nocte
3175 1544 3290 1603 illa.

2305 1744 2393 1800 XI.
2424 1744 2496 1801 Ut
2545 1759 2676 1798 vero
2739 1743 2855 1799 dies
2899 1742 3095 1806 illuxit,
3159 1741 3276 1797 atrii
3331 1739 3479 1796 fores
3536 1740 3820 1810 patefacta

2231 1844 2379 1902 sunt,
2406 1844 2468 1891 ut
2495 1835 2765 1897 solebant,
2794 1850 2860 1890 eo
2884 1834 3027 1902 quod
3056 1833 3176 1901 ejus
3216 1842 3466 1901 parentes
3498 1831 3657 1900 paulo
3696 1839 3822 1900 post

2233 1926 2512 1998 egressuri
2571 1933 2776 1981 essent.
2837 1923 2980 1978 Exiit
3021 1931 3203 1978 autem
3243 1921 3458 1976 familia
3507 1920 3818 1991 praefectus,

2232 2017 2474 2087 quicum
2505 2017 2683 2087 ipsum
2707 2017 2882 2070 lacera
2925 2022 3077 2070 veste
3115 2015 3365 2068 indutum
3392 2012 3635 2067 vidisset:
3663 2011 3819 2078 Quis,

2237 2113 2429 2182 inquit,
2467 2121 2523 2166 tu
2558 2127 2636 2178 es,
2665 2120 2722 2166 et
2749 2111 3041 2174 undenam,
3075 2118 3133 2164 et
3166 2122 3334 2176 quare
3375 2121 3498 2160 cum
3567 2104 3687 2159 talis
3721 2105 3819 2168 sis,

2237 2204 2344 2259 huc
2375 2203 2640 2258 accedere
2697 2217 2862 2256 ausus
2894 2201 2995 2256 es?
3024 2199 3248 2255 Discede
3290 2197 3508 2260 isthinc,
3562 2195 3821 2265 quoniam

2235 2295 2440 2350 domini
2476 2295 2578 2349 mei
2611 2292 2880 2364 egressuri
2923 2299 3071 2346 sunt.
3124 2289 3263 2344 Tum
3297 2288 3567 2343 Joannes:
3603 2284 3821 2352 Quaeso,

2237 2385 2478 2451 domine,
2505 2394 2564 2439 ut
2589 2383 2960 2440 misericordia
3005 2395 3092 2437 me
3123 2379 3488 2451 prosequaris:
3521 2394 3640 2432 sum
3673 2378 3820 2431 enim

2239 2479 2402 2532 homo
2431 2493 2655 2547 pauper.
2682 2474 2810 2531 Sine
2841 2476 3004 2546 igitur
3029 2489 3116 2529 me
3145 2474 3199 2527 in
3230 2473 3333 2527 hoc
3367 2471 3564 2542 angulo
3603 2484 3823 2524 manere

2239 2569 2397 2640 (nihil
2447 2569 2594 2624 enim
2631 2569 2758 2623 mali
2797 2567 2956 2636 facio)
2991 2575 3156 2635 atque
3188 2564 3353 2634 hujus
3392 2565 3469 2618 rei
3512 2561 3816 2618 mercedem

2239 2678 2269 2716 a
2297 2661 2406 2717 Deo
2435 2662 2554 2730 ipso
2583 2669 2858 2729 exspecta,
2887 2660 2929 2714 si
2953 2675 3040 2712 me
3083 2672 3379 2728 pauperem
3409 2656 3476 2710 ad
3506 2655 3670 2724 hujus
3700 2650 3825 2707 atrii

2241 2747 2384 2802 fores
2407 2763 2627 2802 manere
2652 2747 2951 2816 permittas.
2993 2744 3248 2799 Permisit
3268 2743 3377 2808 ille,
3393 2750 3445 2796 et
3477 2741 3630 2794 abiit.
3661 2741 3821 2794 Exie-

2242 2849 2370 2894 runt
2420 2850 2601 2894 autem
2655 2838 2776 2907 ejus
2828 2843 3084 2907 parentes
3144 2835 3199 2888 in
3224 2835 3444 2888 atrium.
3501 2831 3649 2897 Quos
3693 2845 3819 2884 cum

2240 2929 2479 2984 Joannes
2545 2927 2791 2988 vidisset,
2851 2933 2994 2979 totus
3037 2921 3286 2992 lacrymis
3334 2919 3573 2988 repletus
3619 2925 3722 2979 est,
3757 2931 3822 2969 ac

2245 3037 2427 3077 secum
2448 3019 2613 3074 dixit:
2641 3019 2744 3084 En,
2768 3017 3001 3081 diabole,
3043 3029 3097 3072 et
3126 3020 3380 3084 parentes
3414 3016 3586 3075 meos,
3614 3007 3726 3063 Deo
3749 3007 3820 3060 ita

2182 3165 2204 3184 ,
2246 3113 2504 3175 volente,
2560 3109 2780 3180 aspexi,
2839 3117 2895 3163 et
2955 3106 3178 3177 sagittas
3217 3113 3336 3158 tuas
3375 3101 3627 3156 ardentes
3690 3113 3822 3153 con-
3908 3167 3912 3170 γ

2246 3217 2454 3269 temno,
2484 3202 2688 3258 Christi
2706 3217 2810 3272 ope
2826 3200 3066 3268 adjutus.
3087 3199 3164 3252 Ac
3182 3210 3374 3251 rursus
3399 3193 3572 3249 dixit:
3596 3189 3823 3245 Domine

2243 3299 2372 3354 Jesu
2435 3295 2672 3358 Christe,
2718 3309 2788 3346 ne
2857 3289 3204 3358 derelinquas
3283 3300 3390 3340 me.
3455 3282 3523 3336 Et
3573 3279 3825 3335 manebat

2247 3391 2302 3445 in
2357 3389 2447 3443 illo
2496 3385 2712 3458 angulo.
2766 3383 2943 3453 Capit
2995 3390 3176 3435 autem
3227 3377 3347 3446 ejus
3387 3382 3595 3445 patere
3635 3386 3822 3425 mensa

2247 3499 2344 3537 sua
2378 3481 2557 3536 cibum
2594 3478 2680 3532 illi-
2710 3477 2947 3540 mittere,
2983 3474 3192 3528 dicens:
3236 3468 3410 3538 llujus
3450 3465 3706 3537 pauperis
3730 3480 3824 3534 pa-

2249 3573 2436 3628 tientia
2462 3573 2635 3626 multa
2675 3577 2761 3624 est
2790 3585 2804 3622 :
2834 3568 3035 3636 quippe
3081 3563 3172 3632 qui
3205 3563 3256 3616 in
3284 3561 3448 3616 tantis
3503 3557 3721 3629 pluviis,
3770 3563 3827 3610 et

2252 3666 2422 3721 multa
2453 3663 2622 3736 glacie
2653 3669 2763 3716 tam
2811 3659 3085 3729 patienter
3109 3670 3173 3709 ac
3198 3653 3412 3708 fortiter
3435 3653 3491 3704 in
3543 3651 3645 3703 hoc
3684 3648 3823 3702 atrio

2247 3765 2634 3814 commoratur.
2680 3751 2865 3806 Potest
2907 3749 3046 3802 Deus
3078 3747 3193 3816 ipse
3225 3759 3322 3814 per
3365 3741 3645 3796 hominem
3678 3739 3827 3793 hunc

2246 3847 2403 3904 nobis
2432 3846 2661 3902 salutem
2688 3842 2901 3896 all‘erre.
2929 3837 3166 3899 Omnino
3222 3835 3367 3890 enim
3395 3841 3682 3903 prepterea
3713 3831 3825 3884 huc

2247 3942 2448 3997 missus
2484 3938 2584 3992 fuit
2612 3937 2776 3990 homo
2805 3939 2925 3999 iste,
2966 3941 3026 3986 ut
3057 3939 3111 3984 et
3135 3944 3236 3982 nos
3272 3942 3370 3996 per
3397 3926 3548 3978 illum
3594 3922 3824 3975 salutem

2246 4042 2625 4100 assequamur.
2683 4023 2884 4079 Exiens
2976 4030 3157 4074 autem
3226 4015 3389 4070 domo
3455 4009 3688 4079 quodam
3738 4006 3827 4060 die

2248 4097 2423 4177 mater
2457 4119 2623 4184 illius,
2687 4129 2813 4170 cum
2850 4126 2976 4167 eum
3009 4111 3083 4164 ita
3117 4109 3390 4177 abjectum
3445 4102 3690 4160 vidisset,
3741 4097 3828 4150 in-

2247 4216 2476 4287 dignans
2503 4209 2770 4272 substitit,
2800 4205 2948 4277 quod
2974 4213 3229 4272 tanquam
3262 4196 3593 4254 horrendum
3621 4189 3829 4260 aliquid

2249 4307 2432 4362 videre
2462 4303 2563 4359 sibi
2600 4302 2714 4358 visa
2739 4307 2905 4362 esset,
2937 4304 2993 4352 et
3021 4295 3088 4350 ad
3120 4306 3319 4363 pueros
3345 4303 3474 4344 suos
3511 4297 3776 4342 conversa
3809 4297 3824 4334 :

2249 4399 2494 4463 Auferte,
2530 4395 2727 4465 inquit,
2775 4393 2978 4446 isthinc
3016 4388 3296 4445 hominem
3327 4384 3516 4442 istum,
3547 4377 3692 4447 quod
3717 4389 3828 4428 non

564 4502 694 4562 τοὺς
725 4498 896 4568 αὐτῆς
941 4499 1138 4561 παῖδας
1160 4513 1172 4528 ⁸
1200 4496 1410 4568 Σύρατε
1444 4495 1606 4549 αὐτὸν
1637 4495 1809 4558 ἔνθεν,
1843 4496 1924 4548 ὅτι
1956 4494 2015 4546 οὐ
2043 4491 2136 4544 δύ-

2249 4505 2494 4562 possum,
2540 4487 2631 4543 illo
2688 4485 2768 4540 sic
2810 4485 3039 4554 jacente,
3101 4477 3352 4533 transire.
3406 4469 3598 4525 Statim
3664 4465 3830 4536 igitur

565 4610 764 4661 ναμαι,
794 4591 986 4646 τούτου
1011 4589 1201 4644 ἐνθάδε
1231 4590 1511 4659 κειμένου,
1539 4585 1902 4658 είσέρχεσθαι.
1927 4584 2145 4648 Εὐθέως

561 4686 622 4740 δὲ
655 4683 856 4755 ἔσυραν
883 4685 1044 4737 αὐτὸν
1069 4686 1118 4738 οἱ
1153 4684 1357 4745 παῖδες.
1401 4681 1559 4752 Ἑξῆς
1596 4679 1653 4733 δὲ
1683 4679 1791 4734 ἀπὸ
1828 4678 1928 4748 τῆς
1971 4675 2147 4747 πύλης

575 4776 788 4846 μακρὸν
817 4775 1249 4846 συρόμενος,καὶ
1281 4775 1397 4826 ἐκεῖ
1422 4770 1710 4840 ὑπομένων
1728 4770 1826 4822 οὒκ
1857 4765 2143 4838 ἀνεχώρει.

582 4866 924 4932 Ἐξελθόντος
970 4868 1029 4921 δέ
1059 4885 1193 4921 ποτε
1229 4867 1322 4921 τοῦ
1348 4867 1442 4919 ἐπὶ
1469 4868 1536 4935 τῇ
1563 4863 1742 4933 οἰκίᾳ,
1771 4861 1920 4930 λέγει
1947 4859 2096 4929 αὐτῷ
2119 4861 2146 4912 6

581 4962 871 5030 ’ῐωάννηςο
921 4961 1008 5024 Ὠς
1043 4959 1103 5025 ἐξ
1135 4959 1312 5031 ἀρχῆς
1341 4957 1606 5027 ἐποίησας
1655 4954 1771 5024 μετ’
1813 4951 1948 5022 ἐμοῦ
1980 4951 2145 5016 ἔλεος,

571 5055 670 5108 καὶ
695 5051 790 5106 νῦν
817 5052 1044 5123 ποίησόν
1079 5069 1170 5123 μοι
1217 5045 1320 5105 ὧδε
1359 5048 1562 5120 μικρὰν
1605 5045 1850 5114 καλύϐην
1881 5042 2023 5096 κατὰ
2054 5040 2148 5094 τοῦ

568 5142 835 5212 παγετοῦ,
886 5142 984 5196 καὶ
1024 5141 1163 5211 πρὸς
1188 5140 1248 5194 τὸ
1279 5141 1356 5211 μὴ
1405 5136 1639 5210 ὁρᾶσθαί
1673 5153 1741 5206 με
1774 5133 1879 5186 ὑπὸ
1912 5132 2013 5201 τῆς
2046 5149 2148 5184 κυ-

572 5235 696 5309 ρίας
732 5235 908 5307 ὑμῶν.
948 5235 1008 5288 '0
1041 5233 1099 5288 δὲ
1129 5231 1366 5296 ἀκούων,
1407 5230 1505 5285 καὶ
1541 5229 1616 5300 μὴ
1646 5227 1908 5298 ὀκνήσας,
1945 5222 2150 5294 μικράν

571 5328 832 5401 εποίησεν
857 5319 1008 5399 αύτῷ
1030 5325 1276 5397 καλύὸην
1295 5341 1310 5356 ·
1356 5323 1452 5378 καὶ
1484 5321 1699 5392 ἔμεινεν
1728 5322 1848 5374 ἐκεῖ
1871 5359 1886 5384 ,
1919 5317 2039 5388 Θεῷ
2061 5315 2150 5370 εὖ-

572 5419 826 5490 χόμενος.
861 5419 1000 5472 Καθ’
1025 5417 1270 5487 ἑκάστην
1298 5415 1356 5469 δὲ
1401 5415 1431 5469 6
1478 5412 1662 5484 πατὴρ
1702 5409 1868 5465 αὑτοῦ
1901 5407 2151 5464 ἔστελλεν

573 5511 725 5582 αὐτῷ
779 5511 1012 5582 τροφήν,
1063 5510 1122 5564 '0
1156 5509 1214 5564 δὲ
1261 5507 1334 5563 τὰ
1366 5505 1810 5573 ἀποστελλόμενα
1852 5500 2001 5571 αὐτῷ
2047 5499 2150 5553 ὑπὸ

574 5606 670 5656 τοῦ
698 5603 932 5674 πατρὸς,
981 5604 1095 5667 τοῖς
1146 5602 1382 5671 πτωχοῖς
1429 5598 1678 5661 διεδίδου,
1725 5594 1888 5658 αὐτὸς
1939 5593 1995 5646 δὲ
2025 5589 2150 5646 οὔτε

576 5694 785 5763 ἢσθιεν,
819 5693 945 5747 οὒτε
978 5693 1165 5748 ἔπινεν
1215 5693 1276 5756 ἐξ
1321 5689 1536 5754 αὐτῶν,
1571 5689 1713 5743 ὥστε
1755 5686 1882 5750 τοὺς
1913 5686 2150 5756 πένητας

578 5783 789 5846 πάντας
821 5782 959 5854 πρὸς
991 5782 1152 5838 αὐτὸν
1178 5782 1504 5855 ἐρχομένους
1551 5777 1981 5850 ἀποτρέψεσθαι.
2014 5777 2154 5831 Τοσ-

2249 4559 2393 4641 servi
2424 4581 2700 4637 hominem
2747 4577 2900 4632 illum
2948 4575 3000 4628 vi
3053 4573 3460 4643 pertraxerunt.
3515 4559 3652 4616 Cum
3695 4572 3830 4611 vero

2249 4674 2640 4746 aliquantulum
2673 4687 2704 4725 a
2733 4669 2941 4724 foribus
2972 4664 3079 4719 illis
3100 4663 3260 4732 longe
3297 4661 3534 4719 abesset,
3574 4651 3832 4708 manebat

2251 4769 2384 4830 illic,
2429 4780 2610 4836 neque
2662 4762 2844 4832 aliquo
2897 4755 3233 4814 discedebat.
3273 4746 3586 4821 Egredienti
3643 4750 3827 4836 autem

2250 4831 2543 4929 aliquando
2619 4831 2840 4910 familia
2923 4845 3184 4920 prafecto
3231 4841 3434 4911 :Rogo
3500 4847 3572 4902 te,
3655 4831 3831 4901 inquit

2249 4928 2509 5017 Joannes,
2537 4961 2598 5007 ut
2646 4943 3108 5019 quemadmodum
3148 4937 3308 4994 initio
3334 4928 3708 4990 misericordia
3743 4940 3831 4979 me

2251 5055 2575 5120 prosecutus
2605 5059 2686 5100 es.
2723 5041 2798 5095 ita
2829 5047 2884 5093 et
2934 5049 3085 5091 nunc
3122 5043 3349 5102 parvum
3393 5022 3612 5093 aliquod
3659 5028 3830 5120 tugu-

2253 5109 2396 5195 rium
2433 5136 2564 5193 mihi
2621 5140 2927 5194 construas,
2961 5135 3021 5182 ut
3051 5141 3083 5179 a
3117 5122 3288 5194 glacie
3334 5115 3554 5174 defendi
3601 5109 3828 5183 possim,

2254 5246 2430 5302 neque
2465 5245 2497 5283 a
2527 5235 2708 5283 vestra
2733 5221 2955 5279 domina
2982 5229 3222 5288 unquam
3268 5209 3478 5266 videar.
3536 5202 3664 5258 Hac
3704 5213 3829 5255 cum

2188 5330 2198 5339 “
2253 5294 2685 5384 ille-audivisset,
2722 5313 2857 5370 nihil
2885 5318 3151 5370 moratus,
3180 5316 3407 5376 parvum
3442 5294 3715 5370 quoddam
3744 5298 3803 5344 tu
3823 5317 3848 5328 —

2254 5414 2468 5486 gurium
2534 5409 2584 5466 ei
2629 5404 2958 5477 composuit,
3029 5399 3086 5454 in
3116 5413 3225 5468 quo
3286 5392 3564 5450 manebat,
3609 5385 3792 5486 .Deum

2256 5475 2444 5561 orans.
2496 5501 2560 5558 Ei
2609 5475 2790 5555 autem
2827 5503 2986 5567 pater
3039 5487 3282 5562 quotidie
3311 5485 3496 5540 cibum
3549 5475 3826 5567 mittebat.

2255 5595 2456 5651 Verum
2471 5607 2591 5665 qua
2607 5607 2636 5646 a
2654 5599 2808 5660 patre
2825 5564 3199 5645 mittebantur,
3215 5574 3546 5649 pauperibus
3564 5569 3679 5665 ipse
3715 5564 3831 5622 dis-

2257 5658 2549 5750 tribuebat,
2573 5658 2762 5738 ert—eis
2807 5695 2917 5735 non
2968 5676 3159 5740 edens,
3184 5684 3363 5741 neque
3404 5665 3619 5725 bibens,
3659 5658 3734 5713 ita
3768 5665 3835 5714 tt

2257 5792 2449 5833 omnes
2500 5788 2769 5847 pauperes
2808 5772 2873 5828 ad
2897 5785 3022 5826 eum
3049 5774 3352 5832 currerent,
3392 5772 3448 5820 et
3484 5762 3554 5819 ab
3595 5757 3686 5816 illo
3729 5765 3838 5820 me
