4144 6412
530 327 644 394 ιτθ

1779 331 2061 394 ΜΙΞΝΞΙΞ
2101 336 2554 402 JANUARIUS.

3704 338 3806 419 580

549 457 814 501 virentur.
838 446 1022 515 Itaque
1049 445 1168 515 ejus
1194 455 1391 511 corpus
1419 442 1498 498 sic
1523 452 1874 498 extenuatum
1908 457 2046 504 erat.
2070 463 2114 502 Ill

2234 449 2397 503 οὗτοι)
2448 455 2505 505 δὲ
2552 452 2727 516 οὕτως
2772 455 3105 508 ἐταπείνωσε
3150 457 3210 510 τὸ
3243 455 3404 526 σῶμα
3445 457 3633 525 αὐτοῦ,
3668 459 3805 514 ὥστε

532 535 731 591 ossium
761 549 1047 606 compages
1064 532 1333 587 numerari
1354 541 1597 602 possent,
1637 542 1783 589 tanta
1803 535 2132 592 abstinentia

531 642 589 683 εξ
622 628 912 683 alllixerat.

601 731 716 787 XII.
748 731 931 785 Tertio
960 738 1141 783 autem
1174 737 1298 800 post
1325 746 1490 796 anno,
1523 746 1645 785 cum
1692 733 1961 801 benignus
1987 735 2131 789 Deus

530 824 763 877 multum
830 822 951 891 ejus
1005 821 1249 875 laborem
1282 820 1605 890 aspexisset,
1666 837 1902 891 eumque
1953 825 2130 879 virtu-

529 914 599 967 tis
635 914 1018 967 exercitatione
1080 913 1383 982 perfectum
1435 914 1677 978 vidisset,
1720 915 1971 984 apparuit
2024 916 2127 987 ipsi

527 1006 1009 1073 etdixit:SaIve,
1060 1005 1318 1069 Joannes,
1368 1008 1458 1077 qui
1510 1018 1698 1065 revera
1745 1010 1849 1065 hoc
1904 1012 2125 1067 nomine

525 1098 861 1168 appellaris:
900 1114 966 1154 eo
1017 1099 1185 1166 enim,
1244 1099 1388 1168 quod
1430 1100 1625 1164 fecisti,
1678 1109 1731 1155 te
1772 1101 1850 1156 illi
1895 1100 2121 1171 Joanni,

526 1191 622 1261 qui
692 1191 844 1262 virgo
912 1190 1035 1253 fuit.
1103 1191 1336 1245 similem
1416 1193 1756 1262 ostendisti;
1806 1211 1933 1250 nam
1995 1211 2121 1252 cum

525 1285 708 1337 omnia
744 1284 1122 1353 dcreliqneris,
1156 1300 1242 1337 me
1263 1276 1485 1338 secutus
1506 1301 1584 1340 es.
1606 1286 1735 1341 Ti”:
1761 1284 1925 1358 igitur
1949 1304 2115 1344 exer-

525 1375 806 1428 citationis
853 1385 1090 1444 tempus,
1144 1384 1197 1427 et
1227 1374 1471 1429 laborum
1543 1386 1759 1457 tuorum
1824 1389 2116 1435 certamen

525 1466 852 1533 completum
881 1481 982 1518 ρει.
1014 1463 1144 1519 Post
1168 1474 1276 1520 tres
1300 1464 1418 1519 dies
1439 1466 1504 1519 ad
1536 1482 1623 1521 me
1659 1470 1939 1535 venies,ad
1964 1472 2111 1525 illam

525 1557 796 1623 iustorum
860 1556 1142 1609 hominum
1191 1559 1457 1626 requiem.
1505 1558 1875 1627 Esperrectus
1923 1574 2107 1617 autem

522 1647 783 1706 Joannes.
851 1647 981 1701 ﬂere
1028 1647 1217 1717 (mpii,
1276 1658 1332 1701 et
1359 1649 1530 1703 Deum
1583 1651 1659 1705 ita
1715 1654 1950 1721 precari:
1988 1655 2111 1727 Ago

525 1736 623 1789 tibi
678 1738 900 1806 gratias,
945 1735 1171 1793 Domine
1232 1738 1394 1800 Deus.
1456 1743 1601 1810 quoii
1675 1758 1762 1798 me
1818 1744 2103 1814 indignum

525 1828 797 1882 hominem
827 1829 911 1882 illa
952 1830 1221 1897 iustorum
1253 1832 1439 1902 requie
1469 1834 1690 1903 dignum
1725 1835 1904 1892 facere
1931 1839 2065 1894 velis
2100 1858 2112 1894 :

524 1919 621 1973 Sed
717 1930 1014 1986 ηιοιηοηιο,
1089 1937 1295 1991 qumso,
1349 1932 1405 1977 et
1454 1935 1743 1994 parentum
1842 1944 2110 1996 meorum,

529 2021 586 2065 et
611 2012 756 2080 ipsos
780 2013 1152 2069 misericordia
1173 2030 1522 2085 prosequere,
1542 2018 1756 2073 illorum
1774 2031 1993 2090 peccata
2010 2039 2119 2077 non

526 2114 808 2171 reputans,
847 2106 939 2158 sed
964 2106 1170 2169 deleas,
1193 2107 1450 2176 quoniam
1478 2110 1626 2165 solus
1649 2112 2032 2169 tuclemenses
2068 2123 2122 2168 et

526 2194 857 2247 misericors.
879 2194 1126 2263 Cumque
1159 2196 1258 2251 lias
1279 2213 1469 2267 preces
1486 2200 1891 2269 complevisset,
1914 2205 2114 2274 pradi-

520 2296 669 2338 ctum
695 2285 912 2339 familiae
939 2286 1255 2356 praefectum
1274 2291 1339 2343 ad
1365 2306 1424 2345 se
1451 2294 1798 2358 accersitum,
1824 2295 1904 2350 sic
1922 2296 2120 2352 affatus

521 2372 1132 2439 est:Quemadmodum
1174 2378 1243 2431 ab
1284 2378 1438 2433 initio
1463 2398 1635 2452 usque
1661 2385 1727 2437 ad
1763 2384 1903 2439 hanc
1934 2388 2120 2440 horam

521 2462 903 2519 misericordia
943 2482 1028 2520 me
1073 2480 1400 2537 prosecutus
1430 2488 1511 2537 es,
1543 2474 1636 2537 ita,
1668 2491 1872 2543 quaiso,
1896 2485 1950 2529 et
1973 2492 2121 2530 nunc

522 2553 709 2607 facias.
756 2554 934 2610 Unum
978 2566 1083 2622 est,
1127 2560 1273 2628 quod
1301 2576 1331 2614 a
1367 2569 1424 2616 te
1456 2572 1606 2628 peto.
1654 2574 1716 2617 ut
1756 2565 1895 2618 meis
1934 2567 2118 2621 verbis

521 2644 756 2699 dominse
807 2655 999 2701 vestrae
1045 2650 1400 2719 significetur.
1459 2653 1525 2703 At
1577 2653 1861 2724 illezAge.
1911 2656 2113 2725 inquit,

521 2735 629 2796 die,
685 2737 729 2790 si
786 2738 913 2807 quid
973 2740 1073 2795 vis.
1131 2740 1267 2795 Tum
1344 2741 1630 2797 Joannes:
1673 2744 1777 2801 Eas
1839 2748 2023 2816 igitur.
2064 2759 2119 2805 et

522 2826 597 2879 illi
625 2827 740 2883 haec
777 2830 923 2884 dicas
953 2848 966 2883 :
997 2832 1215 2901 Pauper
1242 2832 1357 2897 ille,
1391 2849 1553 2902 quem
1581 2834 1646 2889 ad
1676 2836 1819 2890 fores
1847 2839 2119 2907 jacentem

528 2919 809 2984 expellere
873 2921 1103 2989 jussisti,
1183 2938 1281 2991 per
1313 2939 1400 2978 me
1445 2933 1499 2979 te
1548 2927 1707 2995 petit,
1762 2942 1831 2981 ne
1883 2933 2117 3000 superbo

521 3011 705 3066 animo
748 3029 1041 3082 pauperem
1086 3014 1303 3087 anpem
1325 3019 1613 3089 despicias,
1639 3022 2115 3081 JesumCliriStum

2241 542 2528 609 φαίνεσθαι
2563 542 2662 608 τὰς
2694 545 2963 615 ἁρμονίας
3004 547 3114 599 τῶν
3141 548 3345 601 ὀστέων
3374 547 3562 615 αὑτοῦ,
3595 552 3688 603 καὶ
3716 552 3808 604 6v-

2235 632 2645 702 αριθμήσασθαι
2673 635 2778 688 ὑπὸ
2805 637 2902 705 τῆς
2938 637 3140 706 πολλῆς
3172 638 3526 708 ἐγκρατείας.

2305 725 2406 777 lB'.
2434 726 2588 780 Μετὰ
2614 727 2671 779 δὲ
2694 728 2822 796 τρία
2864 728 2983 797 ἐτη,
3032 729 3156 781 ἰδὼν
3204 731 3232 782 6
3268 730 3649 801 φιλάνθρωπος
3676 732 3807 794 Θεὸς

2230 815 2321 867 τὸν
2373 817 2541 869 πολὺν
2582 817 2748 870 αὐτοῦ
2775 819 2964 884 κόπον,
3013 819 3109 872 καὶ
3155 822 3238 873 ὅτι
3286 822 3455 885 ὅντως
3482 821 3687 883 τέλειος
3718 823 3808 878 διὰ

2228 907 2329 977 τῆς
2384 910 2589 979 ἀρετῆς
2635 911 2925 981 ἀσκήσεως
2973 913 3230 983 ὑπάρχει,
3289 915 3627 984 παρίσταται
3660 917 3808 988 αὐτῷ

2227 996 2403 1068 λέγων
2423 1016 2435 1028 ⁸
2484 1001 2734 1070 Χαίροις,
2763 1002 3010 1073 Ἰωάννη,
3043 1004 3214 1067 ὅντως
3260 989 3337 1074 τῷ
3368 1005 3595 1076 ὀνόματι
3631 1007 3810 1078 τούτῳ

2228 1089 2531 1160 καλούμενε
2552 1108 2566 1122 ⁸
2603 1097 2667 1163 τῇ
2700 1093 2808 1163 γάρ
2834 1094 3083 1165 πολιτείᾳ
3125 1113 3217 1148 σου
3245 1096 3323 1165 τῷ
3353 1097 3579 1167 Ἰωάννῃ
3612 1099 3810 1168 ἐκείνῳ

2226 1185 2320 1234 καὶ
2370 1183 2626 1252 παρθένῳ
2682 1186 2869 1255 ὅμοιόν
2921 1204 2978 1239 σε
3034 1187 3642 1252 ἔδειξας⁸οκαταλιπὼν
3698 1190 3810 1258 γάρ

2226 1274 2406 1326 πάντα
2441 1276 2568 1342 ἐμοὶ
2589 1276 2990 1347 ὴκολούθησας.
3023 1279 3131 1332 Καὶ
3159 1278 3329 1331 τανῦν
3360 1280 3725 1350 πεπλήρωται
3781 1284 3810 1333 6

2224 1366 2414 1435 καιρὸς
2461 1368 2562 1436 τῆς
2618 1369 2921 1439 ἀσκήσεώς
2976 1387 3091 1436 σου,
3128 1373 3223 1424 καὶ
3253 1374 3282 1425 6
3309 1372 3460 1441 ἀγὼν
3484 1373 3594 1426 τῶν
3631 1374 3811 1427 πόνων

2221 1476 2339 1512 σου.
2374 1461 2527 1512 Μετὰ
2560 1461 2669 1532 γὰρ
2699 1465 2848 1532 τρεῖς
2879 1463 3094 1533 ἡμέρας
3116 1464 3313 1536 ἑλεύσῃ
3349 1465 3484 1531 πρὸς
3512 1466 3614 1535 ἐμὲ
3648 1468 3707 1519 ἐν
3736 1469 3806 1537 τῇ

2219 1551 2529 1604 ἀναπαύσει.
2560 1552 2672 1605 τῶν
2699 1552 2946 1607 δικαίων.
2994 1555 3347 1618 Διυπνισθεὶς
3394 1555 3450 1608 δὲ
3497 1556 3525 1609 6
3550 1555 3809 1625 Ἰωάννης

2217 1640 2427 1713 ἤρξατο
2474 1642 2705 1708 κλαίειν,
2743 1645 2840 1697 καὶ
2871 1646 3279 1716 προσεύχεσθαι
3322 1647 3416 1699 καὶ
3444 1646 3626 1715 λέγειν
3652 1664 3665 1675 ⁸
3698 1648 3810 1702 Εὑ-

2221 1735 2467 1805 χαριστῶ
2524 1752 2629 1800 σοι,
2679 1738 2855 1807 Κύριε
2911 1737 2940 1788 6
2971 1739 3125 1802 Θεὸς,
3173 1739 3256 1791 ὃτι
3302 1739 3523 1802 ἀνάξιον
3550 1738 3679 1792 ὄντα
3735 1758 3807 1809 με

2227 1826 2574 1897 κατηξίωσας
2604 1828 2705 1898 τῆς
2738 1828 2848 1882 τῶν
2904 1829 3133 1883 δικαίων
3186 1832 3589 1890 ἀναπαύσεως·
3640 1830 3804 1895 ἀλλὰ,

2224 1917 2435 1986 δέομαι,
2467 1918 2736 1988 μνήσθητι
2762 1920 2857 1972 καὶ
2879 1919 2990 1972 τῶν
3018 1919 3219 1987 γονέων
3249 1919 3421 1989 ἐμῶν,
3447 1921 3541 1973 καὶ
3575 1920 3804 1989 ἐλέησον

2224 2010 2443 2073 αὐτοὺς,
2500 2009 2573 2081 μὴ
2617 2010 2889 2079 λογισθεὶς
2947 2012 3130 2065 αὐτῶν
3181 2012 3280 2075 τὰς
3328 2013 3622 2082 ἁμαρτίας,
3667 2013 3804 2066 ἀλλὰ

2225 2102 2512 2171 ἐξαλείψας
2543 2104 2735 2167 αὑτὰς,
2761 2105 2841 2157 ὃτι
2876 2104 3038 2174 μόνος
3066 2104 3407 2174 εὔσπλαγνος
3430 2107 3523 2158 καὶ
3552 2104 3805 2176 ἐλεήμων

2225 2191 2276 2248 εἷ
2307 2196 2393 2249 σύ.
2432 2196 2541 2249 Kal.
2594 2197 2892 2266 πληρώσας
2935 2196 3033 2267 τὴν
3092 2198 3297 2269 εὐχὴν,
3359 2198 3804 2269 ’προσεκαλέσατο

2222 2287 2313 2339 τὸν
2347 2287 2631 2357 ἄνθρωπον
2655 2288 2748 2340 τὸν
2774 2290 2865 2340 ἐπὶ
2896 2292 2962 2357 τῇ
2996 2289 3166 2358 οἰκίᾳ,
3194 2291 3290 2341 καὶ
3320 2289 3465 2357 λέγει
3501 2288 3652 2359 αὐτῷ
3672 2307 3684 2320 ⁸
3714 2289 3802 2350 Ὠς

2222 2380 2280 2444 ἐξ
2305 2380 2480 2449 ἀρχῆς
2519 2381 2829 2450 πεποίηκας
2864 2382 3012 2443 ἔλεος
3056 2381 3174 2449 μετ’
3211 2382 3368 2449 ἐμοῦ,
3415 2383 3492 2441 εἰς
3522 2382 3620 2451 τὴν
3651 2381 3803 2451 ὥραν

2220 2470 2446 2537 ταύτην,
2479 2471 2571 2522 καὶ
2622 2472 2790 2523 τανῦν
2820 2470 2962 2523 οὕτω
3002 2473 3246 2542 ποίησον.
3279 2473 3454 2524 Μόνον
3485 2471 3577 2524 οὒν
3607 2472 3801 2539 δέομαέ

2222 2577 2338 2624 σου,
2366 2564 2448 2614 ὅτι
2485 2562 2623 2630 πρὸς
2650 2563 2750 2633 τὴν
2790 2563 2987 2632 κυρίαν
3019 2563 3173 2632 ὑμῶν
3224 2564 3274 2616 οι
3300 2563 3448 2631 λόγοι
3494 2580 3596 2631 μου
3626 2580 3798 2634 προς-

2219 2655 2490 2724 φὲροντκι.
2529 2653 2592 2709 Ὀ
2648 2655 2706 2707 δὲ
2767 2655 3139 2727 ἁπεκρίνατο·
3188 2656 3323 2708 Εἰπὲ
3370 2656 3398 2708 ὅ
3449 2655 3648 2726 βούλει.
3686 2658 3797 2709 Καὶ

2218 2744 2367 2810 λέγει
2397 2744 2545 2814 αὑτῷ
2574 2746 2603 2797 6
2634 2744 2918 2815 Ἰωάννης·
2960 2745 3232 2799 Εἰσελθὼν
3259 2743 3353 2799 οὖν
3393 2746 3627 2814 λειλησον
3659 2747 3797 2817 αὐτῇ

2218 2836 2297 2888 ὅτι
2324 2835 2352 2887 6
2378 2836 2591 2905 πτωχὸς
2632 2837 2660 2888 6
2691 2838 2794 2904 πρὸ
2820 2838 2916 2906 τῆς
2948 2837 3123 2905 πύλης
3156 2854 3250 2890 σου
3280 2839 3558 2906 κείμενος,
3588 2837 3647 2889 ὃν
3678 2839 3801 2889 ἐκέ-

2215 2924 2413 2985 λευσας
2464 2925 2888 2995 άποδιωχθῆναι,
2936 2927 3005 2979 δι’
3050 2926 3187 2996 ἐμοῦ
3239 2928 3556 2997 παρακαλεῖ
3585 2928 3796 2996 λέγων

2221 3017 2311 3085 Μὴ
2346 3016 2761 3089 ὑπερηφανίσῃς
2791 3017 2882 3070 τὸν
2907 3020 3123 3089 πτωχὸν
3148 3021 3242 3073 καὶ
3274 3024 3502 3089 πένητα,
3538 3022 3675 3090 πρὸς
3704 3023 3798 3074 τὸν

527 3102 813 3157 Dominum
840 3103 1158 3172 respiciens.
1193 3111 1286 3162 sed
1317 3112 1588 3178 patienter
1617 3114 1861 3184 digneris
1894 3117 1961 3171 ad
1983 3132 2109 3170 eum

2224 3106 2428 3177 Κύριον
2453 3110 2611 3179 ἡμῶν
2631 3108 2841 3179 Ἰησοῦν
2864 3111 3098 3178 Χριστὸν
3130 3111 3425 3181 βλέπουσα,
3451 3112 3587 3165 ἀλλὰ
3616 3111 3803 3176 ἀνεξε-

525 3195 805 3257 acccdcre,
858 3196 1060 3264 quippe
1097 3197 1191 3266 qui
1255 3198 1417 3254 liabet
1463 3203 1711 3270 quaedam
1758 3206 1853 3259 tibi
1905 3208 2112 3262 dicere.

523 3282 671 3339 Abiit
713 3287 821 3349 ille,
862 3297 917 3339 et
938 3288 1173 3342 domina:
1210 3304 1323 3343 sum
1368 3293 1664 3357 nuntiavit,
1701 3310 1822 3363 qua:
1851 3313 1880 3349 a
1905 3297 2119 3352 Joanne

522 3384 828 3443 acceperat.
867 3375 1004 3428 Tum
1038 3377 1160 3431 illa:
1196 3378 1359 3443 Num,
1388 3382 1591 3450 inquit,
1622 3383 1824 3452 aliquid
1849 3394 1954 3451 est,
1974 3390 2119 3457 quod

523 3478 732 3532 pauper
774 3465 876 3518 iste
927 3467 1059 3520 mihi
1097 3469 1294 3524 habeat
1325 3472 1527 3533 dicere,
1562 3489 1683 3542 quae
1724 3492 1836 3530 non
1890 3494 2117 3548 possum

524 3554 593 3607 ad
639 3568 763 3606 eum
808 3556 1091 3621 accedere,
1149 3574 1329 3628 neque
1362 3561 1539 3631 ipsum
1598 3566 1863 3633 aspicere.
1926 3569 2113 3625 Virum

524 3652 707 3697 autem
740 3660 899 3699 suum
938 3649 1090 3713 adiit,
1122 3660 1179 3705 et
1209 3650 1310 3720 ipsi
1337 3654 1453 3708 haec
1492 3655 1839 3725 significavit.
1883 3660 1982 3715 Cui
2031 3664 2118 3718 ille

521 3733 697 3789 dixit:
726 3734 853 3801 Abi,
922 3753 1064 3794 uxor
1104 3756 1246 3805 mea,
1273 3751 1329 3797 et
1385 3760 1681 3814 pauperem
1728 3763 1798 3803 ne
1828 3751 2116 3821 despicias;

521 3842 796 3897 pauperes
845 3832 990 3886 enim
1063 3834 1209 3888 Dens
1268 3836 1453 3907 elegit.
1510 3841 1579 3894 At
1642 3842 1734 3896 illa
1786 3845 1965 3901 adbuc
2017 3848 2119 3903 iter

520 3934 682 3974 suum
702 3920 1007 3979 diti’erebat.
1061 3925 1272 3984 Rursus
1304 3927 1543 3985 Joannes
1576 3933 1644 3987 ad
1678 3948 1798 3988 eain
1832 3937 2000 4007 misit,
2023 3942 2115 4010 qui

522 4013 643 4081 eius
692 4015 874 4068 verbis
909 4016 1115 4071 diceret
1145 4036 1159 4073 :
1195 4018 1324 4074 Post
1350 4031 1461 4076 tres
1499 4024 1616 4080 dies
1654 4038 1754 4097 ego
1782 4032 1985 4085 moriar
2016 4052 2028 4086 :
2059 4044 2117 4088 at

522 4110 577 4155 tu
610 4103 653 4155 si
692 4104 796 4157 huc
827 4105 1015 4159 venire
1079 4117 1256 4163 etme
1306 4111 1491 4167 videre
1536 4116 1796 4180 nolueris,
1839 4128 2116 4187 postremo

525 4205 576 4247 te
600 4195 770 4263 ipSam
810 4199 1116 4264 pmnitebit.
1163 4200 1254 4255 illa
1285 4218 1409 4258 cum
1458 4206 1525 4260 de
1562 4207 1682 4276 ejus
1728 4220 1902 4266 morte
1956 4215 2115 4269 audi-

522 4286 713 4348 visset,
753 4289 903 4352 exiit,
953 4299 1007 4344 ct
1055 4294 1241 4361 pueris
1312 4298 1428 4351 suis
1488 4302 1747 4371 prieccpit
1810 4313 1869 4357 ut
1906 4321 2114 4377 paupe-

521 4393 637 4433 rem
691 4380 839 4434 illuin
872 4382 938 4435 ad
969 4399 1028 4438 se
1054 4384 1281 4441 ferrent.

2224 3199 2411 3261 κάκως
2453 3199 2794 3264 καταξίωσον
2842 3201 3019 3255 ἐλθεῖν
3068 3204 3206 3271 πρὸς
3232 3205 3416 3265 αὑτὸν,
3458 3206 3538 3257 ὅτι
3568 3205 3680 3274 ἔχει
3711 3207 3803 3258 ἵνα.

2223 3292 2361 3360 πρὸς
2390 3291 2448 3342 σὲ
2471 3292 2620 3363 εἴπῃ.
2653 3293 2917 3356 Ἐξελθὼν
2947 3295 3003 3347 δὲ
3029 3291 3183 3357 οὗτος
3218 3295 3509 3367 ἀνήγγειλε
3536 3300 3600 3365 τῇ
3634 3299 3807 3368 κυρίᾳ

2221 3381 2386 3433 αὑτοῦ
2436 3382 2507 3433 τά
2558 3383 2708 3452 παρᾶ
2739 3381 2835 3435 τοῦ
2859 3384 3110 3437 Ἰωάννου
3155 3385 3434 3455 λεχθέντα.
3476 3386 3538 3440 ἸΙ
3571 3386 3626 3438 δὲ
3660 3387 3807 3456 πρὸς

2221 3476 2384 3529 αὑτὸν
2414 3477 2516 3546 ἔφη
2540 3490 2554 3508 ⁸
2591 3478 2699 3529 Καὶ
2726 3478 2835 3547 ἄρα
2861 3478 2915 3530 τί
2942 3478 3055 3547 ἔχει
3092 3496 3182 3547 μοι
3210 3481 3236 3532 6
3271 3479 3484 3549 πτωχὸς
3515 3480 3686 3543 οὓτως
3720 3482 3806 3531 εἰ-

2223 3571 2367 3630 πεῖν,
2422 3570 2496 3637 μὴ
2532 3569 2807 3640 δυναμένῃ
2856 3571 3279 3641 παρασταθῆναι
3325 3572 3475 3642 αὐτῷ
3516 3574 3611 3625 καὶ
3664 3574 3804 3625 ἰδεῖν

2221 3663 2414 3727 αὐτόνς
2447 3656 2568 3715 εἶτα
2602 3662 2924 3715 εἰσελθοῦσα
2954 3665 3258 3733 ἀπήγγειλε
3293 3664 3371 3734 τῷ
3394 3666 3549 3734 ἀνδρὶ
3578 3665 3755 3734 αὐτῆς
3787 3682 3801 3698 ⁸

2221 3755 2314 3805 καὶ
2343 3753 2490 3821 λέγει
2522 3754 2657 3824 αὐτῇ
2688 3756 2717 3807 6
2749 3755 2890 3825 ἀνήρ
2908 3769 2924 3786 ⁸
2942 3755 3202 3821 Ἀπελθε,
3232 3756 3391 3828 γυνὴ,
3411 3757 3504 3809 καὶ
3526 3760 3600 3827 μὴ
3624 3758 3802 3827 ὑπερ.

2218 3846 2491 3916 ηφανίσῃς
2542 3846 2633 3899 τὴν
2675 3849 2927 3917 πτωχόν·
2959 3848 3083 3900 ἐπεὶ
3115 3849 3242 3911 τοὺς
3302 3849 3501 3911 αὐτοὺς
3543 3850 3807 3919 πτωχοὺς

2218 3936 2502 4003 ἐξελέξατο
2534 3941 2563 3991 6
2592 3938 2746 4001 Θεός.
2778 3941 2888 3993 Καὶ
2909 3939 2985 4001 ὡς
3014 3936 3159 3992 οἶδεν
3178 3941 3207 3992 6
3233 3940 3485 4007 Ἰωάννης
3505 3941 3586 3992 ὅτι
3609 3939 3804 4010 ἐκείνη

2218 4028 2551 4097 ὑπερέθετο,
2593 4028 2757 4083 πάλιν
2790 4030 2944 4099 δηλοῖ
2992 4031 3133 4101 αὐτῇ
3160 4071 3174 4092 ,
3206 4031 3380 4097 λέγων
3421 4030 3631 4093 οὕτως’
3667 4026 3803 4083 Ὅτι

2222 4123 2360 4190 μετὰ
2387 4125 2538 4193 τρεῖς
2574 4123 2788 4193 ἡμέρας
2834 4124 3187 4193 ἀποθνήσκω,
3238 4124 3331 4175 ἐὰν
3360 4124 3461 4175 οὐκ
3498 4122 3657 4193 ἔλθῃς
3697 4124 3803 4176 καὶ

2220 4214 2336 4285 ἴδῃς
2372 4231 2461 4283 με,
2507 4213 2677 4267 πολλὰ
2729 4215 2872 4283 ἔχεις
2919 4214 3279 4282 μετανοῆσαι.
3320 4214 3385 4267 'll
3414 4213 3473 4266 δὲ
3506 4214 3800 4268 ἀκούσασα

2220 4307 2349 4375 περὶ
2387 4305 2483 4357 τοῦ
2518 4305 2752 4359 θανάτου
2776 4305 2942 4358 αὐτοῦ
2975 4307 3193 4377 ἐξῆλθε,
3222 4307 3316 4359 καὶ
3347 4304 3493 4374 λέγει
3517 4310 3631 4369 τοῖς
3660 4324 3800 4360 παι-

2219 4399 2303 4447 σὶν
2329 4396 2521 4461 αὐτῆς,
2548 4396 2749 4467 Φέρετέ
2789 4413 2881 4465 μοι
2915 4397 3081 4450 αὐτὸν
3118 4392 3242 4451 ὦδε.

590 4482 730 4537 XIII.
767 4484 856 4539 llle
894 4503 1024 4542 vero
1064 4505 1189 4544 cum
1226 4502 1373 4548 esset
1418 4504 1722 4564 contecuis,
1754 4503 1972 4573 agnosci
1999 4518 2108 4559 non

2291 4486 2392 4540 ll".
2434 4487 2494 4541 '0
2541 4488 2598 4541 δὲ
2642 4490 3199 4558 κατακαλῡψάμενος,
3245 4494 3338 4544 καὶ
3377 4493 3650 4561 ἄγνωστος
3689 4493 3794 4558 ὣν,

518 4582 749 4644 poterat,
806 4578 903 4633 sed
963 4581 1078 4635 IIIBC
1148 4582 1325 4639 dixit:
1378 4584 1585 4642 Merces
1640 4598 1751 4650 tua.
1783 4607 1818 4646 ο
1854 4594 2098 4657 domina,

523 4668 797 4736 completa
847 4680 951 4736 est,
1010 4672 1155 4729 sicut
1213 4677 1473 4733 Dominus
1523 4680 1659 4735 dixit
1692 4685 1747 4736 in
1807 4676 2112 4757 Evangeliis

518 4758 655 4823 suis,
689 4776 797 4828 quo
849 4762 969 4818 loco
1000 4765 1113 4819 ait:
1139 4767 1473 4839 Quwcunque
1500 4773 1729 4840 feceritis
1761 4777 1853 4828 uni
1887 4794 1951 4830 ex
1987 4779 2108 4832 istis

521 4852 778 4921 fratribus
820 4856 950 4909 meis
991 4859 1244 4923 minimis,
1272 4872 1319 4914 et
1352 4862 1481 4916 mihi
1523 4865 1717 4933 fecistis
1741 4866 1781 4919 ‘.
1808 4866 1920 4938 Ego
1953 4885 2105 4934 vero,

518 4951 580 4997 nt
606 4957 815 5012 pauper
848 4953 903 4999 et
955 4947 1087 5001 nihil
1153 4950 1383 5017 habens,
1432 4952 1866 5011 benedictionem
1919 4973 2108 5027 quam-

515 5032 647 5088 dam’
683 5035 778 5088 tibi
819 5037 942 5091 volo
989 5039 1413 5111 derelinquere;
1441 5045 1538 5099 sed
1581 5046 1938 5115 jurejurando
1982 5064 2110 5118 pro-

516 5125 702 5181 mittas
734 5128 919 5195 velim,
947 5139 1001 5185 te
1027 5132 1297 5189 facturam
1321 5151 1445 5205 quae
1491 5137 1704 5206 dixero,
1740 5149 1797 5195 et
1825 5142 1899 5196 ita
1938 5142 2108 5198 bene-

513 5214 815 5272 dictionem
851 5220 1108 5291 accipias.
1156 5223 1367 5281 Juravit
1413 5227 1506 5283 illa
1569 5244 1629 5285 se
1688 5231 2105 5287 observaturain

517 5320 639 5374 qua:
719 5311 1113 5370 audiret.Tum
1176 5317 1267 5373 ille
1306 5318 1458 5375 :Per
1489 5336 1638 5389 eum,
1691 5323 1885 5393 inquit,
1926 5326 2105 5396 ipsum

518 5406 571 5451 te
602 5399 868 5469 obtestor,
900 5419 1000 5474 per
1023 5421 1185 5477 quem
1231 5417 1287 5465 et
1339 5418 1398 5465 tu
1449 5412 1669 5481 iurasti,
1693 5430 1762 5469 ne
1782 5416 1978 5485 jubeas
2010 5433 2099 5473 me

515 5489 622 5545 alia
657 5503 804 5549 veste
834 5505 1038 5553 tectum
1062 5502 1303 5572 sepeliri,
1330 5503 1438 5559 nisi
1468 5505 1572 5561 hac
1600 5506 1736 5576 ipsa,
1762 5523 1925 5577 quam
1956 5525 2104 5567 nunc

482 5578 714 5651 ‘liaheo;
746 5596 802 5642 et
840 5588 897 5643 in
934 5591 1039 5647 hoc
1082 5593 1205 5665 ipso
1257 5595 1398 5661 loco,
1441 5598 1535 5653 ubi
1586 5602 1864 5671 tugurium
1918 5617 2100 5657 meum

482 5774 491 5781 '
593 5767 606 5795 '
638 5766 829 5822 Matth.
861 5785 987 5837 xxv,
1022 5775 1111 5829 ιο.

2214 4580 2364 4648 λέγει
2396 4580 2534 4651 πρὸς
2572 4581 2743 4650 αὑτήν
2766 4598 2780 4612 ⁸
2816 4583 3021 4651 κυρία,
3057 4584 3087 4635 6
3118 4584 3310 4653 μισθός
3353 4600 3446 4637 σου
3497 4585 3795 4655 πεπλήρω-

2211 4687 2323 4731 ται,
2358 4669 2539 4734 καθὼς
2584 4669 2738 4725 εἶπεν
2776 4674 2804 4726 6
2834 4674 3114 4742 Δεσπότης
3161 4677 3220 4727 ὲν
3248 4674 3620 4743 Εὑαγγελίοις,
3658 4678 3793 4730 ὅταν

2211 4762 2315 4834 ἔφη
2339 4779 2352 4793 ⁸
2395 4764 2521 4832 Ἐφ’
2545 4764 2698 4818 ὅσον
2734 4766 3061 4833 ἐποιήσατε
3091 4768 3182 4820 ἐνὶ
3211 4769 3439 4822 τούτων
3466 4767 3587 4821 τῶν
3614 4770 3789 4824 668.1-

2211 4856 2342 4924 φῶν
2366 4873 2487 4924 μου
2513 4855 2631 4909 τῶν
2667 4857 3027 4924 ἐλαχίστων,
3081 4859 3213 4926 ἐμοὶ
3260 4859 3589 4926 ἐποιήσατε
3612 4877 3625 4891 ⁸
3670 4860 3791 4912 ἀλλ’

2212 4947 2324 5017 ἐγὼ
2352 4949 2517 5017 πένης
2552 4950 2647 5002 καὶ
2684 4950 2852 5019 μηδὲν
2884 4949 3047 5020 ἔχων,
3083 4952 3215 5021 μίαν
3243 4952 3499 5020 εὐλογίαν
3535 4968 3619 5005 σοι
3646 4951 3791 5006 θέλω

2209 5042 2567 5095 καταλιπεῖν·
2605 5042 2745 5112 πλὴν
2778 5041 2978 5112 ὄμοσον
3007 5060 3098 5113 μοι
3140 5046 3244 5111 ὅτι,
3290 5044 3346 5097 εἴ
3394 5061 3447 5097 τι
3487 5045 3789 5114 παρεγγυῶ

2210 5151 2313 5198 σοι,
2344 5134 2503 5186 τοῦτο
2530 5137 2798 5205 ποιήσεις,
2829 5137 2924 5188 καὶ
2957 5136 3101 5189 οὕτω
3119 5137 3216 5206 τὴν
3245 5137 3496 5205 εὐλογίαν
3524 5137 3783 5207 ἀποδέξῃ.

2218 5226 2285 5279 Ἦ
2317 5226 2373 5278 δὲ
2402 5225 2618 5296 ὤμοσεν
2665 5226 2815 5297 αὐτῷ
2850 5229 2933 5281 ὅτι
2974 5227 3152 5281 πάντα
3193 5227 3263 5281 τὰ
3297 5227 3656 5298 ἐντελλόμενα
3694 5230 3786 5280 ὲκ·-

2208 5319 2511 5393 πληρὼσει.
2546 5320 2681 5375 Τότε
2710 5322 2860 5390 λέγει
2889 5321 3042 5392 αὐτῷ
3090 5324 3119 5375 ὁ
3164 5322 3449 5391 Ἰωάννης·
3481 5321 3586 5374 Τὸν
3619 5320 3783 5375 αὑτὸν

2207 5412 2371 5484 ὅρκον
2401 5411 2460 5464 ὃν
2480 5411 2703 5482 ῶμοσάς
2740 5429 2855 5482 μοι,
2880 5414 3066 5483 κυρία,
3100 5412 3175 5483 μὴ
3205 5413 3375 5485 ἐάσῃς
3407 5429 3474 5483 με
3520 5413 3628 5466 ὑπὸ
3667 5410 3785 5464 ἑτι-

2211 5520 2322 5574 [ιων
2348 5504 2578 5573 ἱματίων
2594 5505 2978 5575 άμφιασθῆναι
3003 5505 3144 5577 πλὴν
3165 5504 3371 5559 τούτων
3384 5504 3493 5560 τῶν
3508 5498 3584 5559 ὧν
3603 5502 3783 5575 φορῶ,

2207 5602 2303 5655 καὶ
2331 5599 2390 5653 ἐν
2418 5598 2497 5670 τῷ
2528 5600 2681 5671 τόπῳ
2704 5598 2878 5669 τούτῳ
2909 5594 3063 5670 ᾧπερ
3093 5601 3127 5669 ἡ
3157 5599 3369 5670 καλιίὄη
3402 5615 3491 5671 μοι
3534 5599 3780 5666 ἵσταται,
3856 5656 3867 5675 ,
