  <div class='ocr_page' id='page_1' title='image "/cluster/home/n/w/nwhite01/storage/ocr_20150623/114:no.1/coo.31924054870187/298.png"; bbox 0 0 4144 6468; ppageno 0'>
   <div class='ocr_carea' id='block_1_1' title="bbox 509 355 620 421">
    <p class='ocr_par' dir='ltr' id='par_1_1' title="bbox 509 355 620 421">
     <span class='ocr_line' id='line_1_1' title="bbox 509 355 620 421; baseline 0.009 -1"><span class='ocrx_word' id='word_1_1' title='bbox 509 355 620 421; x_wconf 76' lang='grc'><strong>581</strong></span> 
     </span>
    </p>
   </div>
   <div class='ocr_carea' id='block_1_2' title="bbox 1631 354 2733 419">
    <p class='ocr_par' dir='ltr' id='par_1_2' title="bbox 1631 354 2733 419">
     <span class='ocr_line' id='line_1_2' title="bbox 1631 354 2733 419; baseline 0.005 -4"><span class='ocrx_word' id='word_1_2' title='bbox 1631 354 1807 416; x_wconf 81' lang='lat' dir='ltr'><strong>VlTA</strong></span> <span class='ocrx_word' id='word_1_3' title='bbox 1853 355 1913 416; x_wconf 87' lang='lat' dir='ltr'><strong>S.</strong></span> <span class='ocrx_word' id='word_1_4' title='bbox 1959 354 2284 417; x_wconf 84' lang='lat' dir='ltr'><strong>JOANNIS</strong></span> <span class='ocrx_word' id='word_1_5' title='bbox 2323 356 2733 419; x_wconf 67' lang='lat' dir='ltr'><strong>CALYBITAS.</strong></span> 
     </span>
    </p>
   </div>
   <div class='ocr_carea' id='block_1_3' title="bbox 3668 358 3782 426">
    <p class='ocr_par' dir='ltr' id='par_1_3' title="bbox 3668 358 3782 426">
     <span class='ocr_line' id='line_1_3' title="bbox 3668 358 3782 426; baseline 0.009 -1"><span class='ocrx_word' id='word_1_6' title='bbox 3668 358 3782 426; x_wconf 79' lang='lat'><strong>582</strong></span> 
     </span>
    </p>
   </div>
   <div class='ocr_carea' id='block_1_4' title="bbox 503 462 2078 540">
    <p class='ocr_par' dir='ltr' id='par_1_4' title="bbox 503 462 2078 537">
     <span class='ocr_line' id='line_1_4' title="bbox 503 462 2078 537; baseline -0.001 -16"><span class='ocrx_word' id='word_1_7' title='bbox 503 466 773 523; x_wconf 63' lang='grc' dir='ltr'>έςέλευσίν</span> <span class='ocrx_word' id='word_1_8' title='bbox 804 482 871 535; x_wconf 85' lang='grc' dir='ltr'><strong>με</strong></span> <span class='ocrx_word' id='word_1_9' title='bbox 904 463 1145 536; x_wconf 68' lang='grc' dir='ltr'>ταφῆναι</span> <span class='ocrx_word' id='word_1_10' title='bbox 1167 480 1181 495; x_wconf 75' lang='grc' dir='ltr'><strong><em>ο</em></strong></span> <span class='ocrx_word' id='word_1_11' title='bbox 1230 464 1314 517; x_wconf 88' lang='grc' dir='ltr'>ὅτι</span> <span class='ocrx_word' id='word_1_12' title='bbox 1358 462 1573 528; x_wconf 75' lang='grc' dir='ltr'>ἀνάξιός</span> <span class='ocrx_word' id='word_1_13' title='bbox 1604 468 1721 537; x_wconf 80' lang='grc' dir='ltr'>εἰμι</span> <span class='ocrx_word' id='word_1_14' title='bbox 1760 467 1848 534; x_wconf 81' lang='grc' dir='ltr'><strong>ὑφ’</strong></span> <span class='ocrx_word' id='word_1_15' title='bbox 1877 467 2078 535; x_wconf 76' lang='grc' dir='ltr'>ἑτέρων</span> 
     </span>
    </p>
   </div>
   <div class='ocr_carea' id='block_1_5' title="bbox 2182 462 3781 540">
    <p class='ocr_par' dir='ltr' id='par_1_5' title="bbox 2188 464 3781 540">
     <span class='ocr_line' id='line_1_5' title="bbox 2188 464 3781 540; baseline 0.004 -20"><span class='ocrx_word' id='word_1_16' title='bbox 2188 475 2292 529; x_wconf 89' lang='lat' dir='ltr'><strong>est,</strong></span> <span class='ocrx_word' id='word_1_17' title='bbox 2332 466 2498 522; x_wconf 82' lang='lat' dir='ltr'><strong>facias</strong></span> <span class='ocrx_word' id='word_1_18' title='bbox 2531 484 2616 524; x_wconf 87' lang='lat' dir='ltr'><strong>me</strong></span> <span class='ocrx_word' id='word_1_19' title='bbox 2651 469 2866 523; x_wconf 87' lang='lat' dir='ltr'><strong>humari</strong></span> <span class='ocrx_word' id='word_1_20' title='bbox 2902 486 2916 535; x_wconf 87' lang='lat'><strong>;</strong></span> <span class='ocrx_word' id='word_1_21' title='bbox 2949 464 3210 540; x_wconf 87' lang='lat' dir='ltr'><strong>quoniam</strong></span> <span class='ocrx_word' id='word_1_22' title='bbox 3245 484 3422 538; x_wconf 86' lang='lat' dir='ltr'><strong>neque</strong></span> <span class='ocrx_word' id='word_1_23' title='bbox 3450 468 3570 525; x_wconf 80' lang='lat' dir='ltr'><strong>aliis</strong></span> <span class='ocrx_word' id='word_1_24' title='bbox 3610 475 3781 527; x_wconf 82' lang='lat' dir='ltr'><strong>vesti-</strong></span> 
     </span>
    </p>
   </div>
   <div class='ocr_carea' id='block_1_6' title="bbox 501 554 2086 628">
    <p class='ocr_par' dir='ltr' id='par_1_6' title="bbox 501 554 2086 628">
     <span class='ocr_line' id='line_1_6' title="bbox 501 554 2086 628; baseline -0.001 -16"><span class='ocrx_word' id='word_1_25' title='bbox 501 557 743 628; x_wconf 75' lang='grc' dir='ltr'><strong>ἱματίων</strong></span> <span class='ocrx_word' id='word_1_26' title='bbox 774 555 872 609; x_wconf 78' lang='grc' dir='ltr'>καὶ</span> <span class='ocrx_word' id='word_1_27' title='bbox 899 557 959 608; x_wconf 87' lang='grc' dir='ltr'><strong>ἐν</strong></span> <span class='ocrx_word' id='word_1_28' title='bbox 987 555 1307 626; x_wconf 79' lang='grc' dir='ltr'><strong>τιμιωτέρῳ</strong></span> <span class='ocrx_word' id='word_1_29' title='bbox 1328 554 1480 626; x_wconf 86' lang='grc' dir='ltr'>τόπῳ</span> <span class='ocrx_word' id='word_1_30' title='bbox 1504 556 1956 627; x_wconf 73' lang='grc' dir='ltr'>ἐνταφιασϐῆναι.</span> <span class='ocrx_word' id='word_1_31' title='bbox 1974 557 2086 610; x_wconf 75' lang='grc' dir='ltr'>Καὶ</span> 
     </span>
    </p>
   </div>
   <div class='ocr_carea' id='block_1_7' title="bbox 494 646 2084 718">
    <p class='ocr_par' dir='ltr' id='par_1_7' title="bbox 494 646 2084 718">
     <span class='ocr_line' id='line_1_7' title="bbox 494 646 2084 718; baseline -0.003 -13"><span class='ocrx_word' id='word_1_32' title='bbox 494 650 676 705; x_wconf 81' lang='grc' dir='ltr'>ταῦτα</span> <span class='ocrx_word' id='word_1_33' title='bbox 700 646 877 701; x_wconf 71' lang='grc' dir='ltr'>εἰπὼν</span> <span class='ocrx_word' id='word_1_34' title='bbox 903 647 1180 701; x_wconf 75' lang='grc' dir='ltr'><strong>ἐπέδωκεν</strong></span> <span class='ocrx_word' id='word_1_35' title='bbox 1208 647 1346 718; x_wconf 82' lang='grc' dir='ltr'>αὐτῇ</span> <span class='ocrx_word' id='word_1_36' title='bbox 1375 647 1434 701; x_wconf 73' lang='grc' dir='ltr'>τὸ</span> <span class='ocrx_word' id='word_1_37' title='bbox 1473 647 1827 716; x_wconf 81' lang='grc' dir='ltr'>Εὐαγγὲλιον,</span> <span class='ocrx_word' id='word_1_38' title='bbox 1869 646 2044 714; x_wconf 75' lang='grc' dir='ltr'>λέγων</span> <span class='ocrx_word' id='word_1_39' title='bbox 2072 665 2084 678; x_wconf 90' lang='grc'><strong>·</strong></span> 
     </span>
    </p>
   </div>
   <div class='ocr_carea' id='block_1_8' title="bbox 500 738 2087 810">
    <p class='ocr_par' dir='ltr' id='par_1_8' title="bbox 500 738 2087 810">
     <span class='ocr_line' id='line_1_8' title="bbox 500 738 2087 810; baseline -0.001 -16"><span class='ocrx_word' id='word_1_40' title='bbox 500 743 699 794; x_wconf 82' lang='grc' dir='ltr'>Ἔσται</span> <span class='ocrx_word' id='word_1_41' title='bbox 727 756 814 794; x_wconf 86' lang='grc' dir='ltr'><strong>σοι</strong></span> <span class='ocrx_word' id='word_1_42' title='bbox 845 739 1007 793; x_wconf 75' lang='grc' dir='ltr'>τοῦτο</span> <span class='ocrx_word' id='word_1_43' title='bbox 1036 740 1094 792; x_wconf 90' lang='grc' dir='ltr'><strong>ἐν</strong></span> <span class='ocrx_word' id='word_1_44' title='bbox 1122 738 1201 809; x_wconf 81' lang='grc' dir='ltr'><strong>τῷ</strong></span> <span class='ocrx_word' id='word_1_45' title='bbox 1233 739 1462 807; x_wconf 80' lang='grc' dir='ltr'>παρόντι</span> <span class='ocrx_word' id='word_1_46' title='bbox 1515 739 1615 810; x_wconf 85' lang='grc' dir='ltr'><strong>βίῳ</strong></span> <span class='ocrx_word' id='word_1_47' title='bbox 1659 739 1981 808; x_wconf 81' lang='grc' dir='ltr'>σύνδεσμος,</span> <span class='ocrx_word' id='word_1_48' title='bbox 2027 741 2087 793; x_wconf 89' lang='grc' dir='ltr'><strong>ἐν</strong></span> 
     </span>
    </p>
   </div>
   <div class='ocr_carea' id='block_1_9' title="bbox 493 831 2088 905">
    <p class='ocr_par' dir='ltr' id='par_1_9' title="bbox 493 831 2088 905">
     <span class='ocr_line' id='line_1_9' title="bbox 493 831 2088 905; baseline -0.003 -16"><span class='ocrx_word' id='word_1_49' title='bbox 493 835 555 889; x_wconf 77' lang='grc' dir='ltr'><strong>δὲ</strong></span> <span class='ocrx_word' id='word_1_50' title='bbox 580 834 660 904; x_wconf 83' lang='grc' dir='ltr'>τῷ</span> <span class='ocrx_word' id='word_1_51' title='bbox 694 834 954 905; x_wconf 83' lang='grc' dir='ltr'>μέλλοντι</span> <span class='ocrx_word' id='word_1_52' title='bbox 982 833 1138 885; x_wconf 72' lang='grc' dir='ltr'>αἰῶνι</span> <span class='ocrx_word' id='word_1_53' title='bbox 1178 831 1388 900; x_wconf 82' lang='grc' dir='ltr'>ἐφόδιον</span> <span class='ocrx_word' id='word_1_54' title='bbox 1418 832 1513 886; x_wconf 80' lang='grc' dir='ltr'><strong>σού</strong></span> <span class='ocrx_word' id='word_1_55' title='bbox 1540 850 1599 886; x_wconf 88' lang='grc' dir='ltr'><strong>τε</strong></span> <span class='ocrx_word' id='word_1_56' title='bbox 1643 836 1736 886; x_wconf 71' lang='grc' dir='ltr'><strong>καὶ</strong></span> <span class='ocrx_word' id='word_1_57' title='bbox 1767 833 1861 886; x_wconf 82' lang='grc' dir='ltr'><strong>τού</strong></span> <span class='ocrx_word' id='word_1_58' title='bbox 1891 833 2088 903; x_wconf 82' lang='grc' dir='ltr'>ἀνδρός</span> 
     </span>
    </p>
   </div>
   <div class='ocr_carea' id='block_1_10' title="bbox 498 922 2088 996">
    <p class='ocr_par' dir='ltr' id='par_1_10' title="bbox 498 922 2088 996">
     <span class='ocr_line' id='line_1_10' title="bbox 498 922 2088 996; baseline -0.001 -17"><span class='ocrx_word' id='word_1_59' title='bbox 498 943 622 981; x_wconf 89' lang='grc' dir='ltr'>σου.</span> <span class='ocrx_word' id='word_1_60' title='bbox 654 924 940 995; x_wconf 80' lang='grc' dir='ltr'><strong>Δεξαμένη</strong></span> <span class='ocrx_word' id='word_1_61' title='bbox 969 924 1026 976; x_wconf 80' lang='grc' dir='ltr'><strong>δέ</strong></span> <span class='ocrx_word' id='word_1_62' title='bbox 1062 922 1202 994; x_wconf 82' lang='grc' dir='ltr'>αὐτὴ</span> <span class='ocrx_word' id='word_1_63' title='bbox 1232 924 1293 978; x_wconf 86' lang='grc' dir='ltr'><strong>τὸ</strong></span> <span class='ocrx_word' id='word_1_64' title='bbox 1323 924 1681 992; x_wconf 83' lang='grc' dir='ltr'>Εὑαγγέλιον,</span> <span class='ocrx_word' id='word_1_65' title='bbox 1712 925 1807 978; x_wconf 79' lang='grc' dir='ltr'><strong>καὶ</strong></span> <span class='ocrx_word' id='word_1_66' title='bbox 1824 927 2088 996; x_wconf 82' lang='grc' dir='ltr'>ἀναστρε-</span> 
     </span>
    </p>
   </div>
   <div class='ocr_carea' id='block_1_11' title="bbox 498 1014 2084 1088">
    <p class='ocr_par' dir='ltr' id='par_1_11' title="bbox 498 1014 2084 1088">
     <span class='ocr_line' id='line_1_11' title="bbox 498 1014 2084 1088; baseline 0 -17"><span class='ocrx_word' id='word_1_67' title='bbox 498 1017 716 1087; x_wconf 76' lang='grc' dir='ltr'>φαμένη</span> <span class='ocrx_word' id='word_1_68' title='bbox 745 1015 881 1070; x_wconf 74' lang='grc' dir='ltr'>αὐτὸ</span> <span class='ocrx_word' id='word_1_69' title='bbox 900 1014 1027 1068; x_wconf 80' lang='grc' dir='ltr'>ἔνθα</span> <span class='ocrx_word' id='word_1_70' title='bbox 1051 1015 1146 1069; x_wconf 72' lang='grc' dir='ltr'><strong>καὶ</strong></span> <span class='ocrx_word' id='word_1_71' title='bbox 1159 1016 1583 1084; x_wconf 80' lang='grc' dir='ltr'>ἐκεῖσε,ἐλεγεν,</span> <span class='ocrx_word' id='word_1_72' title='bbox 1608 1017 1690 1070; x_wconf 85' lang='grc' dir='ltr'>ὃτι</span> <span class='ocrx_word' id='word_1_73' title='bbox 1714 1018 1942 1088; x_wconf 81' lang='grc' dir='ltr'>Ὄμοιόν</span> <span class='ocrx_word' id='word_1_74' title='bbox 1966 1020 2084 1071; x_wconf 83' lang='grc' dir='ltr'>ἐστι</span> 
     </span>
    </p>
   </div>
   <div class='ocr_carea' id='block_1_12' title="bbox 499 1105 2083 1176">
    <p class='ocr_par' dir='ltr' id='par_1_12' title="bbox 499 1105 2083 1176">
     <span class='ocr_line' id='line_1_12' title="bbox 499 1105 2083 1176; baseline 0.001 -15"><span class='ocrx_word' id='word_1_75' title='bbox 499 1108 662 1161; x_wconf 81' lang='grc' dir='ltr'>τοῦτο</span> <span class='ocrx_word' id='word_1_76' title='bbox 694 1107 756 1160; x_wconf 81' lang='grc' dir='ltr'><strong>τὸ</strong></span> <span class='ocrx_word' id='word_1_77' title='bbox 783 1105 1122 1174; x_wconf 81' lang='grc' dir='ltr'>Εὑαγγὲλιον</span> <span class='ocrx_word' id='word_1_78' title='bbox 1155 1106 1352 1176; x_wconf 83' lang='grc' dir='ltr'>ἐκείνῳ</span> <span class='ocrx_word' id='word_1_79' title='bbox 1401 1106 1428 1159; x_wconf 81' lang='grc' dir='ltr'><strong>ὃ</strong></span> <span class='ocrx_word' id='word_1_80' title='bbox 1470 1106 1878 1162; x_wconf 69' lang='grc' dir='ltr'><strong>κατεσκεύασεν</strong></span> <span class='ocrx_word' id='word_1_81' title='bbox 1912 1109 1942 1161; x_wconf 80' lang='grc' dir='ltr'><strong>ὸ</strong></span> <span class='ocrx_word' id='word_1_82' title='bbox 1981 1109 2083 1162; x_wconf 79' lang='grc' dir='ltr'>κύ·</span> 
     </span>
    </p>
   </div>
   <div class='ocr_carea' id='block_1_13' title="bbox 505 1196 2085 1279">
    <p class='ocr_par' dir='ltr' id='par_1_13' title="bbox 505 1196 2085 1279">
     <span class='ocr_line' id='line_1_13' title="bbox 505 1196 2085 1279; baseline 0 -28"><span class='ocrx_word' id='word_1_83' title='bbox 505 1200 620 1268; x_wconf 82' lang='grc' dir='ltr'>ριός</span> <span class='ocrx_word' id='word_1_84' title='bbox 665 1216 770 1269; x_wconf 79' lang='grc' dir='ltr'><strong>μου</strong></span> <span class='ocrx_word' id='word_1_85' title='bbox 799 1198 896 1250; x_wconf 71' lang='grc' dir='ltr'><strong>καὶ</strong></span> <span class='ocrx_word' id='word_1_86' title='bbox 926 1197 1158 1279; x_wconf 63' lang='grc' dir='ltr'>ξέδωκεν</span> <span class='ocrx_word' id='word_1_87' title='bbox 1194 1198 1278 1267; x_wconf 84' lang='grc' dir='ltr'>τῷ</span> <span class='ocrx_word' id='word_1_88' title='bbox 1315 1196 1417 1265; x_wconf 76' lang='grc' dir='ltr'><strong>υἱῷ</strong></span> <span class='ocrx_word' id='word_1_89' title='bbox 1470 1199 1650 1270; x_wconf 84' lang='grc' dir='ltr'>ήμῶν.</span> <span class='ocrx_word' id='word_1_90' title='bbox 1688 1199 1801 1252; x_wconf 81' lang='grc' dir='ltr'><strong>Καὶ</strong></span> <span class='ocrx_word' id='word_1_91' title='bbox 1828 1199 1889 1253; x_wconf 74' lang='grc' dir='ltr'>τὸ</span> <span class='ocrx_word' id='word_1_92' title='bbox 1919 1199 2085 1269; x_wconf 83' lang='grc' dir='ltr'>τάχος</span> 
     </span>
    </p>
   </div>
   <div class='ocr_carea' id='block_1_14' title="bbox 504 1288 2083 1362">
    <p class='ocr_par' dir='ltr' id='par_1_14' title="bbox 504 1288 2083 1362">
     <span class='ocr_line' id='line_1_14' title="bbox 504 1288 2083 1362; baseline 0 -17"><span class='ocrx_word' id='word_1_93' title='bbox 504 1291 802 1356; x_wconf 75' lang='grc' dir='ltr'>ἐξελθοῦσα</span> <span class='ocrx_word' id='word_1_94' title='bbox 831 1288 1034 1354; x_wconf 79' lang='grc' dir='ltr'>ἔδειξεν</span> <span class='ocrx_word' id='word_1_95' title='bbox 1079 1289 1229 1360; x_wconf 80' lang='grc' dir='ltr'>αύτῷ</span> <span class='ocrx_word' id='word_1_96' title='bbox 1260 1290 1337 1360; x_wconf 84' lang='grc' dir='ltr'>τῷ</span> <span class='ocrx_word' id='word_1_97' title='bbox 1382 1290 1537 1360; x_wconf 72' lang='grc' dir='ltr'>ἀνδρὶ</span> <span class='ocrx_word' id='word_1_98' title='bbox 1570 1292 1631 1345; x_wconf 80' lang='grc' dir='ltr'>τὸ</span> <span class='ocrx_word' id='word_1_99' title='bbox 1672 1291 1896 1362; x_wconf 80' lang='grc' dir='ltr'>βιὸλίον.</span> <span class='ocrx_word' id='word_1_100' title='bbox 1937 1291 2083 1345; x_wconf 81' lang='grc' dir='ltr'><strong>Ἰδὼν</strong></span> 
     </span>
    </p>
   </div>
   <div class='ocr_carea' id='block_1_15' title="bbox 503 1382 2083 1453">
    <p class='ocr_par' dir='ltr' id='par_1_15' title="bbox 503 1382 2083 1453">
     <span class='ocr_line' id='line_1_15' title="bbox 503 1382 2083 1453; baseline -0.006 -18"><span class='ocrx_word' id='word_1_101' title='bbox 503 1386 707 1442; x_wconf 63' lang='grc' dir='ltr'>ἐκεῖεος</span> <span class='ocrx_word' id='word_1_102' title='bbox 732 1383 1031 1453; x_wconf 76' lang='grc' dir='ltr'>ἐγνώρισεν</span> <span class='ocrx_word' id='word_1_103' title='bbox 1064 1382 1216 1446; x_wconf 75' lang='grc' dir='ltr'>αὐτὸ,</span> <span class='ocrx_word' id='word_1_104' title='bbox 1245 1384 1337 1435; x_wconf 72' lang='grc' dir='ltr'><strong>καὶ</strong></span> <span class='ocrx_word' id='word_1_105' title='bbox 1378 1383 1524 1450; x_wconf 78' lang='grc' dir='ltr'>λέγει</span> <span class='ocrx_word' id='word_1_106' title='bbox 1550 1384 1682 1453; x_wconf 75' lang='grc' dir='ltr'>πρὸς</span> <span class='ocrx_word' id='word_1_107' title='bbox 1706 1385 1878 1453; x_wconf 83' lang='grc' dir='ltr'>αὑτήν</span> <span class='ocrx_word' id='word_1_108' title='bbox 1900 1399 1916 1413; x_wconf 86' lang='grc'><strong>·</strong></span> <span class='ocrx_word' id='word_1_109' title='bbox 1953 1385 2083 1436; x_wconf 73' lang='lat' dir='ltr'><strong>&quot;Ov-</strong></span> 
     </span>
    </p>
   </div>
   <div class='ocr_carea' id='block_1_16' title="bbox 505 1473 2081 1546">
    <p class='ocr_par' dir='ltr' id='par_1_16' title="bbox 505 1473 2081 1546">
     <span class='ocr_line' id='line_1_16' title="bbox 505 1473 2081 1546; baseline 0.003 -19"><span class='ocrx_word' id='word_1_110' title='bbox 505 1492 612 1537; x_wconf 87' lang='grc' dir='ltr'><strong>τως</strong></span> <span class='ocrx_word' id='word_1_111' title='bbox 643 1473 802 1526; x_wconf 78' lang='grc' dir='ltr'>τοῦτό</span> <span class='ocrx_word' id='word_1_112' title='bbox 833 1475 951 1525; x_wconf 80' lang='grc' dir='ltr'>ἐστι</span> <span class='ocrx_word' id='word_1_113' title='bbox 980 1473 1041 1525; x_wconf 81' lang='grc' dir='ltr'>τὸ</span> <span class='ocrx_word' id='word_1_114' title='bbox 1072 1473 1407 1541; x_wconf 85' lang='grc' dir='ltr'>Εὖαγγέλιον</span> <span class='ocrx_word' id='word_1_115' title='bbox 1436 1474 1619 1537; x_wconf 83' lang='grc' dir='ltr'>τοῦτο,</span> <span class='ocrx_word' id='word_1_116' title='bbox 1638 1477 1729 1527; x_wconf 73' lang='grc' dir='ltr'>καὶ</span> <span class='ocrx_word' id='word_1_117' title='bbox 1752 1476 1848 1546; x_wconf 77' lang='grc' dir='ltr'>οὐχ</span> <span class='ocrx_word' id='word_1_118' title='bbox 1875 1476 2081 1543; x_wconf 79' lang='grc' dir='ltr'>ἕτερον.</span> 
     </span>
    </p>
   </div>
   <div class='ocr_carea' id='block_1_17' title="bbox 522 1563 2083 1638">
    <p class='ocr_par' dir='ltr' id='par_1_17' title="bbox 522 1563 2083 1638">
     <span class='ocr_line' id='line_1_17' title="bbox 522 1563 2083 1638; baseline 0.003 -22"><span class='ocrx_word' id='word_1_119' title='bbox 522 1564 684 1616; x_wconf 77' lang='grc' dir='ltr'>Ἀλλὰ</span> <span class='ocrx_word' id='word_1_120' title='bbox 712 1564 871 1617; x_wconf 76' lang='grc' dir='ltr'>πόθεν</span> <span class='ocrx_word' id='word_1_121' title='bbox 901 1563 1034 1617; x_wconf 78' lang='grc' dir='ltr'>αὐτὸ</span> <span class='ocrx_word' id='word_1_122' title='bbox 1066 1563 1217 1634; x_wconf 67' lang='lat' dir='ltr'><strong>Exi-zz;</strong></span> <span class='ocrx_word' id='word_1_123' title='bbox 1261 1565 1357 1619; x_wconf 73' lang='grc' dir='ltr'><strong>καὶ</strong></span> <span class='ocrx_word' id='word_1_124' title='bbox 1399 1566 1602 1634; x_wconf 81' lang='grc' dir='ltr'>πρέπει</span> <span class='ocrx_word' id='word_1_125' title='bbox 1664 1568 1877 1638; x_wconf 83' lang='grc' dir='ltr'>ἐρωτᾷν</span> <span class='ocrx_word' id='word_1_126' title='bbox 1919 1568 2083 1621; x_wconf 82' lang='grc' dir='ltr'>αὐτὸν</span> 
     </span>
    </p>
   </div>
   <div class='ocr_carea' id='block_1_18' title="bbox 520 1655 2083 1726">
    <p class='ocr_par' dir='ltr' id='par_1_18' title="bbox 520 1655 2083 1726">
     <span class='ocr_line' id='line_1_18' title="bbox 520 1655 2083 1726; baseline 0.003 -18"><span class='ocrx_word' id='word_1_127' title='bbox 520 1656 624 1708; x_wconf 78' lang='grc' dir='ltr'>ποῦ</span> <span class='ocrx_word' id='word_1_128' title='bbox 652 1655 789 1708; x_wconf 74' lang='grc' dir='ltr'>ἔστιν</span> <span class='ocrx_word' id='word_1_129' title='bbox 837 1657 865 1709; x_wconf 85' lang='grc' dir='ltr'>ὀ</span> <span class='ocrx_word' id='word_1_130' title='bbox 913 1656 1030 1718; x_wconf 71' lang='grc' dir='ltr'>υἱὸς</span> <span class='ocrx_word' id='word_1_131' title='bbox 1085 1657 1242 1726; x_wconf 80' lang='grc' dir='ltr'>ἡμῶν</span> <span class='ocrx_word' id='word_1_132' title='bbox 1280 1656 1557 1726; x_wconf 80' lang='grc' dir='ltr'><strong>Ἰωάννης.</strong></span> <span class='ocrx_word' id='word_1_133' title='bbox 1608 1658 1719 1710; x_wconf 79' lang='grc' dir='ltr'>Καὶ</span> <span class='ocrx_word' id='word_1_134' title='bbox 1753 1659 2083 1723; x_wconf 73' lang='grc' dir='ltr'><strong>ἀπελθόντες</strong></span> 
     </span>
    </p>
   </div>
   <div class='ocr_carea' id='block_1_19' title="bbox 514 1745 2081 1820">
    <p class='ocr_par' dir='ltr' id='par_1_19' title="bbox 514 1745 2081 1820">
     <span class='ocr_line' id='line_1_19' title="bbox 514 1745 2081 1820; baseline 0.004 -23"><span class='ocrx_word' id='word_1_135' title='bbox 514 1745 809 1816; x_wconf 79' lang='grc' dir='ltr'>ἀμφότεροι</span> <span class='ocrx_word' id='word_1_136' title='bbox 845 1748 984 1815; x_wconf 74' lang='grc' dir='ltr'>πρὸς</span> <span class='ocrx_word' id='word_1_137' title='bbox 1034 1746 1195 1799; x_wconf 78' lang='grc' dir='ltr'>αὐτὸν</span> <span class='ocrx_word' id='word_1_138' title='bbox 1238 1747 1488 1815; x_wconf 82' lang='grc' dir='ltr'>λέγουσιν</span> <span class='ocrx_word' id='word_1_139' title='bbox 1527 1748 1710 1818; x_wconf 78' lang='grc' dir='ltr'>αὐτῷ·</span> <span class='ocrx_word' id='word_1_140' title='bbox 1755 1748 2081 1820; x_wconf 79' lang='grc' dir='ltr'>Ὀρκεζομέν</span> 
     </span>
    </p>
   </div>
   <div class='ocr_carea' id='block_1_20' title="bbox 508 1838 2079 1914">
    <p class='ocr_par' dir='ltr' id='par_1_20' title="bbox 508 1838 2079 1914">
     <span class='ocr_line' id='line_1_20' title="bbox 508 1838 2079 1914; baseline 0.004 -25"><span class='ocrx_word' id='word_1_141' title='bbox 508 1853 568 1890; x_wconf 86' lang='grc' dir='ltr'><strong>σε</strong></span> <span class='ocrx_word' id='word_1_142' title='bbox 600 1838 737 1890; x_wconf 75' lang='grc' dir='ltr'>κατὰ</span> <span class='ocrx_word' id='word_1_143' title='bbox 759 1839 856 1908; x_wconf 83' lang='grc' dir='ltr'><strong>τῆς</strong></span> <span class='ocrx_word' id='word_1_144' title='bbox 887 1838 1158 1908; x_wconf 79' lang='grc' dir='ltr'>ἁχράντου</span> <span class='ocrx_word' id='word_1_145' title='bbox 1184 1838 1437 1909; x_wconf 80' lang='grc' dir='ltr'>Τριάὃος,</span> <span class='ocrx_word' id='word_1_146' title='bbox 1472 1839 1558 1893; x_wconf 82' lang='grc' dir='ltr'>ἴνα</span> <span class='ocrx_word' id='word_1_147' title='bbox 1588 1841 1720 1911; x_wconf 87' lang='grc' dir='ltr'>ήμϊν</span> <span class='ocrx_word' id='word_1_148' title='bbox 1753 1843 1914 1914; x_wconf 72' lang='grc' dir='ltr'>εἴπῃς</span> <span class='ocrx_word' id='word_1_149' title='bbox 1940 1843 2079 1912; x_wconf 82' lang='grc' dir='ltr'>μετὰ</span> 
     </span>
    </p>
   </div>
   <div class='ocr_carea' id='block_1_21' title="bbox 502 1928 2082 2000">
    <p class='ocr_par' dir='ltr' id='par_1_21' title="bbox 502 1928 2082 2000">
     <span class='ocr_line' id='line_1_21' title="bbox 502 1928 2082 2000; baseline 0.004 -20"><span class='ocrx_word' id='word_1_150' title='bbox 502 1929 687 1999; x_wconf 72' lang='grc' dir='ltr'>πάσης</span> <span class='ocrx_word' id='word_1_151' title='bbox 709 1928 988 1999; x_wconf 78' lang='grc' dir='ltr'><strong>ἀληθείας,</strong></span> <span class='ocrx_word' id='word_1_152' title='bbox 1023 1930 1187 1983; x_wconf 81' lang='grc' dir='ltr'>πόθεν</span> <span class='ocrx_word' id='word_1_153' title='bbox 1217 1948 1300 1984; x_wconf 87' lang='grc' dir='ltr'><strong>σοι</strong></span> <span class='ocrx_word' id='word_1_154' title='bbox 1338 1932 1400 1983; x_wconf 80' lang='grc' dir='ltr'>τὸ</span> <span class='ocrx_word' id='word_1_155' title='bbox 1430 1931 1765 2000; x_wconf 78' lang='grc' dir='ltr'>Εὐαγγέλιον</span> <span class='ocrx_word' id='word_1_156' title='bbox 1793 1933 2082 1998; x_wconf 75' lang='grc' dir='ltr'>τοῦτο,καὶ</span> 
     </span>
    </p>
   </div>
   <div class='ocr_carea' id='block_1_22' title="bbox 498 2020 2081 2095">
    <p class='ocr_par' dir='ltr' id='par_1_22' title="bbox 498 2020 2081 2095">
     <span class='ocr_line' id='line_1_22' title="bbox 498 2020 2081 2095; baseline 0.003 -22"><span class='ocrx_word' id='word_1_157' title='bbox 498 2020 606 2074; x_wconf 76' lang='grc' dir='ltr'>ποῦ</span> <span class='ocrx_word' id='word_1_158' title='bbox 639 2020 786 2075; x_wconf 80' lang='grc' dir='ltr'>ἐστιν</span> <span class='ocrx_word' id='word_1_159' title='bbox 817 2025 845 2076; x_wconf 87' lang='grc' dir='ltr'>ὁ</span> <span class='ocrx_word' id='word_1_160' title='bbox 878 2022 993 2086; x_wconf 76' lang='grc' dir='ltr'>υἱὸς</span> <span class='ocrx_word' id='word_1_161' title='bbox 1035 2022 1198 2094; x_wconf 79' lang='grc' dir='ltr'>ἡμῶν</span> <span class='ocrx_word' id='word_1_162' title='bbox 1233 2022 1490 2093; x_wconf 79' lang='grc' dir='ltr'>Ἰωάννης</span> <span class='ocrx_word' id='word_1_163' title='bbox 1503 2041 1520 2087; x_wconf 88' lang='lat'><strong>;</strong></span> <span class='ocrx_word' id='word_1_164' title='bbox 1557 2024 1614 2077; x_wconf 90' lang='grc' dir='ltr'><strong>Ὀ</strong></span> <span class='ocrx_word' id='word_1_165' title='bbox 1662 2023 1721 2077; x_wconf 85' lang='grc' dir='ltr'><strong>δὲ</strong></span> <span class='ocrx_word' id='word_1_166' title='bbox 1773 2023 1849 2095; x_wconf 87' lang='grc' dir='ltr'>μὴ</span> <span class='ocrx_word' id='word_1_167' title='bbox 1896 2025 2081 2095; x_wconf 81' lang='grc' dir='ltr'>φέρων</span> 
     </span>
    </p>
   </div>
   <div class='ocr_carea' id='block_1_23' title="bbox 497 2114 2081 2188">
    <p class='ocr_par' dir='ltr' id='par_1_23' title="bbox 497 2114 2081 2188">
     <span class='ocr_line' id='line_1_23' title="bbox 497 2114 2081 2188; baseline 0.004 -23"><span class='ocrx_word' id='word_1_168' title='bbox 497 2114 600 2184; x_wconf 80' lang='grc' dir='ltr'>τὴν</span> <span class='ocrx_word' id='word_1_169' title='bbox 629 2114 885 2186; x_wconf 78' lang='grc' dir='ltr'>δακρύων</span> <span class='ocrx_word' id='word_1_170' title='bbox 931 2114 1145 2183; x_wconf 83' lang='grc' dir='ltr'>κίνησιν</span> <span class='ocrx_word' id='word_1_171' title='bbox 1188 2115 1367 2182; x_wconf 80' lang='grc' dir='ltr'>λέγει·</span> <span class='ocrx_word' id='word_1_172' title='bbox 1408 2114 1550 2183; x_wconf 87' lang='grc' dir='ltr'><strong>Ἐγώ</strong></span> <span class='ocrx_word' id='word_1_173' title='bbox 1594 2117 1709 2185; x_wconf 79' lang='grc' dir='ltr'>εἰμι</span> <span class='ocrx_word' id='word_1_174' title='bbox 1759 2115 2014 2188; x_wconf 76' lang='grc' dir='ltr'>Ἰωάννης</span> <span class='ocrx_word' id='word_1_175' title='bbox 2053 2119 2081 2171; x_wconf 79' lang='grc' dir='ltr'><strong>ὁ</strong></span> 
     </span>
    </p>
   </div>
   <div class='ocr_carea' id='block_1_24' title="bbox 496 2205 2082 2278">
    <p class='ocr_par' dir='ltr' id='par_1_24' title="bbox 496 2205 2082 2278">
     <span class='ocr_line' id='line_1_24' title="bbox 496 2205 2082 2278; baseline 0.003 -20"><span class='ocrx_word' id='word_1_176' title='bbox 496 2207 615 2266; x_wconf 84' lang='grc' dir='ltr'>υἱδς</span> <span class='ocrx_word' id='word_1_177' title='bbox 646 2205 825 2276; x_wconf 79' lang='grc' dir='ltr'>ὑμῶν,</span> <span class='ocrx_word' id='word_1_178' title='bbox 854 2207 950 2261; x_wconf 78' lang='grc' dir='ltr'><strong>καὶ</strong></span> <span class='ocrx_word' id='word_1_179' title='bbox 976 2206 1036 2260; x_wconf 78' lang='grc' dir='ltr'><strong>τὸ</strong></span> <span class='ocrx_word' id='word_1_180' title='bbox 1065 2205 1240 2260; x_wconf 82' lang='grc' dir='ltr'>αῐτιον</span> <span class='ocrx_word' id='word_1_181' title='bbox 1269 2208 1400 2277; x_wconf 84' lang='grc' dir='ltr'>ὑμῖν</span> <span class='ocrx_word' id='word_1_182' title='bbox 1429 2205 1643 2260; x_wconf 82' lang='grc' dir='ltr'>πολλῶν</span> <span class='ocrx_word' id='word_1_183' title='bbox 1673 2206 1925 2278; x_wconf 76' lang='grc' dir='ltr'>δακρύων</span> <span class='ocrx_word' id='word_1_184' title='bbox 1946 2226 1960 2240; x_wconf 78' lang='grc' dir='ltr'><strong>ο</strong></span> <span class='ocrx_word' id='word_1_185' title='bbox 1987 2210 2082 2262; x_wconf 77' lang='grc' dir='ltr'><strong>καὶ</strong></span> 
     </span>
    </p>
   </div>
   <div class='ocr_carea' id='block_1_25' title="bbox 496 2297 2077 2369">
    <p class='ocr_par' dir='ltr' id='par_1_25' title="bbox 496 2297 2077 2369">
     <span class='ocr_line' id='line_1_25' title="bbox 496 2297 2077 2369; baseline 0.003 -18"><span class='ocrx_word' id='word_1_186' title='bbox 496 2298 558 2351; x_wconf 78' lang='grc' dir='ltr'>τὺ</span> <span class='ocrx_word' id='word_1_187' title='bbox 582 2298 930 2367; x_wconf 79' lang='grc' dir='ltr'>Εὐαγγέλιον</span> <span class='ocrx_word' id='word_1_188' title='bbox 963 2298 1124 2353; x_wconf 80' lang='grc' dir='ltr'>τοῦτό</span> <span class='ocrx_word' id='word_1_189' title='bbox 1164 2300 1279 2352; x_wconf 85' lang='grc' dir='ltr'>ἐστι</span> <span class='ocrx_word' id='word_1_190' title='bbox 1312 2298 1375 2351; x_wconf 81' lang='grc' dir='ltr'><strong>τὸ</strong></span> <span class='ocrx_word' id='word_1_191' title='bbox 1421 2297 1573 2353; x_wconf 82' lang='grc' dir='ltr'>δοθέν</span> <span class='ocrx_word' id='word_1_192' title='bbox 1609 2316 1701 2369; x_wconf 88' lang='grc' dir='ltr'><strong>μοι</strong></span> <span class='ocrx_word' id='word_1_193' title='bbox 1734 2299 1869 2369; x_wconf 78' lang='grc' dir='ltr'>παρ’</span> <span class='ocrx_word' id='word_1_194' title='bbox 1904 2300 2077 2369; x_wconf 80' lang='grc' dir='ltr'>ὑμῶν.</span> 
     </span>
    </p>
   </div>
   <div class='ocr_carea' id='block_1_26' title="bbox 507 2390 2083 2462">
    <p class='ocr_par' dir='ltr' id='par_1_26' title="bbox 507 2390 2083 2462">
     <span class='ocr_line' id='line_1_26' title="bbox 507 2390 2083 2462; baseline 0.001 -20"><span class='ocrx_word' id='word_1_195' title='bbox 507 2390 679 2443; x_wconf 76' lang='grc' dir='ltr'>Ἀλλὰ</span> <span class='ocrx_word' id='word_1_196' title='bbox 713 2390 960 2462; x_wconf 84' lang='grc' dir='ltr'>ποθήσας</span> <span class='ocrx_word' id='word_1_197' title='bbox 992 2391 1084 2445; x_wconf 77' lang='grc' dir='ltr'>τὸν</span> <span class='ocrx_word' id='word_1_198' title='bbox 1118 2391 1357 2462; x_wconf 86' lang='grc' dir='ltr'>Χριστόν</span> <span class='ocrx_word' id='word_1_199' title='bbox 1385 2408 1510 2460; x_wconf 84' lang='grc' dir='ltr'>μου,</span> <span class='ocrx_word' id='word_1_200' title='bbox 1542 2391 1781 2461; x_wconf 83' lang='grc' dir='ltr'>ἐφόρεσα</span> <span class='ocrx_word' id='word_1_201' title='bbox 1804 2393 1892 2445; x_wconf 76' lang='grc' dir='ltr'><strong>τὸν</strong></span> <span class='ocrx_word' id='word_1_202' title='bbox 1918 2393 2083 2460; x_wconf 78' lang='grc' dir='ltr'>ζυγὸν</span> 
     </span>
    </p>
   </div>
   <div class='ocr_carea' id='block_1_27' title="bbox 494 2483 2081 2555">
    <p class='ocr_par' dir='ltr' id='par_1_27' title="bbox 494 2483 2081 2555">
     <span class='ocr_line' id='line_1_27' title="bbox 494 2483 2081 2555; baseline 0.001 -19"><span class='ocrx_word' id='word_1_203' title='bbox 494 2484 667 2537; x_wconf 72' lang='grc' dir='ltr'>αὐτοῦ</span> <span class='ocrx_word' id='word_1_204' title='bbox 703 2483 794 2536; x_wconf 78' lang='grc' dir='ltr'><strong>τὸν</strong></span> <span class='ocrx_word' id='word_1_205' title='bbox 838 2484 1225 2555; x_wconf 73' lang='grc' dir='ltr'>ἐλαφρότατον.</span> <span class='ocrx_word' id='word_1_206' title='bbox 1281 2484 1390 2538; x_wconf 80' lang='grc' dir='ltr'><strong>Καὶ</strong></span> <span class='ocrx_word' id='word_1_207' title='bbox 1424 2483 1759 2548; x_wconf 81' lang='grc' dir='ltr'>ἀκούσαντες</span> <span class='ocrx_word' id='word_1_208' title='bbox 1805 2487 1854 2538; x_wconf 80' lang='lat' dir='ltr'><strong>oi</strong></span> <span class='ocrx_word' id='word_1_209' title='bbox 1904 2487 2081 2552; x_wconf 77' lang='grc' dir='ltr'>γονεῖς</span> 
     </span>
    </p>
   </div>
   <div class='ocr_carea' id='block_1_28' title="bbox 496 2574 2081 2648">
    <p class='ocr_par' dir='ltr' id='par_1_28' title="bbox 496 2574 2081 2648">
     <span class='ocr_line' id='line_1_28' title="bbox 496 2574 2081 2648; baseline 0.001 -20"><span class='ocrx_word' id='word_1_210' title='bbox 496 2574 668 2628; x_wconf 76' lang='grc' dir='ltr'>αὐτοῦ</span> <span class='ocrx_word' id='word_1_211' title='bbox 691 2576 887 2628; x_wconf 81' lang='grc' dir='ltr'>ἔπεσον</span> <span class='ocrx_word' id='word_1_212' title='bbox 916 2576 1009 2628; x_wconf 68' lang='grc' dir='ltr'><strong>ἐπὶ</strong></span> <span class='ocrx_word' id='word_1_213' title='bbox 1037 2576 1129 2629; x_wconf 82' lang='grc' dir='ltr'><strong>τὸν</strong></span> <span class='ocrx_word' id='word_1_214' title='bbox 1158 2575 1431 2646; x_wconf 81' lang='grc' dir='ltr'>τράχηλον</span> <span class='ocrx_word' id='word_1_215' title='bbox 1461 2575 1653 2642; x_wconf 78' lang='grc' dir='ltr'>αὑτοῦ,</span> <span class='ocrx_word' id='word_1_216' title='bbox 1680 2576 1774 2629; x_wconf 76' lang='grc' dir='ltr'>καὶ</span> <span class='ocrx_word' id='word_1_217' title='bbox 1796 2576 1906 2630; x_wconf 80' lang='grc' dir='ltr'><strong>ἀπὸ</strong></span> <span class='ocrx_word' id='word_1_218' title='bbox 1933 2575 2081 2648; x_wconf 87' lang='grc' dir='ltr'>ὥρας</span> 
     </span>
    </p>
   </div>
   <div class='ocr_carea' id='block_1_29' title="bbox 498 2662 2081 2735">
    <p class='ocr_par' dir='ltr' id='par_1_29' title="bbox 498 2662 2081 2735">
     <span class='ocr_line' id='line_1_29' title="bbox 498 2662 2081 2735; baseline 0.001 -18"><span class='ocrx_word' id='word_1_219' title='bbox 498 2663 727 2735; x_wconf 81' lang='grc' dir='ltr'>πρώτης</span> <span class='ocrx_word' id='word_1_220' title='bbox 762 2665 867 2728; x_wconf 80' lang='grc' dir='ltr'>ἓως</span> <span class='ocrx_word' id='word_1_221' title='bbox 917 2663 1066 2730; x_wconf 83' lang='grc' dir='ltr'>ὥρας</span> <span class='ocrx_word' id='word_1_222' title='bbox 1093 2664 1286 2734; x_wconf 78' lang='grc' dir='ltr'>τρίτης</span> <span class='ocrx_word' id='word_1_223' title='bbox 1329 2663 1632 2728; x_wconf 77' lang='grc' dir='ltr'>κλαίοντες,</span> <span class='ocrx_word' id='word_1_224' title='bbox 1679 2662 1819 2718; x_wconf 80' lang='grc' dir='ltr'>ὥστε</span> <span class='ocrx_word' id='word_1_225' title='bbox 1872 2665 2081 2728; x_wconf 80' lang='grc' dir='ltr'>πάντας</span> 
     </span>
    </p>
   </div>
   <div class='ocr_carea' id='block_1_30' title="bbox 495 2753 2078 2826">
    <p class='ocr_par' dir='ltr' id='par_1_30' title="bbox 495 2753 2078 2826">
     <span class='ocr_line' id='line_1_30' title="bbox 495 2753 2078 2826; baseline -0.001 -17"><span class='ocrx_word' id='word_1_226' title='bbox 495 2759 627 2819; x_wconf 71' lang='grc' dir='ltr'>τοὺς</span> <span class='ocrx_word' id='word_1_227' title='bbox 656 2757 714 2809; x_wconf 90' lang='grc' dir='ltr'><strong>ἐν</strong></span> <span class='ocrx_word' id='word_1_228' title='bbox 742 2761 806 2826; x_wconf 83' lang='grc' dir='ltr'>τῇ</span> <span class='ocrx_word' id='word_1_229' title='bbox 844 2756 996 2809; x_wconf 65' lang='grc' dir='ltr'>πόλει</span> <span class='ocrx_word' id='word_1_230' title='bbox 1047 2754 1333 2819; x_wconf 77' lang='grc' dir='ltr'>οἰκοῦντας</span> <span class='ocrx_word' id='word_1_231' title='bbox 1381 2753 1474 2808; x_wconf 75' lang='grc' dir='ltr'>ἐπὶ</span> <span class='ocrx_word' id='word_1_232' title='bbox 1524 2756 1591 2825; x_wconf 82' lang='grc' dir='ltr'>τῇ</span> <span class='ocrx_word' id='word_1_233' title='bbox 1642 2755 1953 2825; x_wconf 81' lang='grc' dir='ltr'>φανερώσει</span> <span class='ocrx_word' id='word_1_234' title='bbox 1983 2753 2078 2808; x_wconf 80' lang='grc' dir='ltr'>τοῦ</span> 
     </span>
    </p>
   </div>
   <div class='ocr_carea' id='block_1_31' title="bbox 499 2847 1083 2902">
    <p class='ocr_par' dir='ltr' id='par_1_31' title="bbox 499 2847 1083 2902">
     <span class='ocr_line' id='line_1_31' title="bbox 499 2847 1083 2902; baseline -0.002 0"><span class='ocrx_word' id='word_1_235' title='bbox 499 2848 620 2902; x_wconf 78' lang='grc' dir='ltr'>υἱοῦ</span> <span class='ocrx_word' id='word_1_236' title='bbox 647 2848 828 2901; x_wconf 83' lang='grc' dir='ltr'>αὐτῶν</span> <span class='ocrx_word' id='word_1_237' title='bbox 856 2847 1083 2901; x_wconf 75' lang='grc' dir='ltr'>κλαίειν.</span> 
     </span>
    </p>
   </div>
   <div class='ocr_carea' id='block_1_32' title="bbox 568 2938 2077 3012">
    <p class='ocr_par' dir='ltr' id='par_1_32' title="bbox 568 2938 2077 3012">
     <span class='ocr_line' id='line_1_32' title="bbox 568 2938 2077 3012; baseline 0.001 -19"><span class='ocrx_word' id='word_1_238' title='bbox 568 2938 667 2996; x_wconf 79' lang='grc' dir='ltr'><strong>1Δ’.</strong></span> <span class='ocrx_word' id='word_1_239' title='bbox 698 2942 811 2994; x_wconf 85' lang='grc' dir='ltr'>ἰνα</span> <span class='ocrx_word' id='word_1_240' title='bbox 840 2941 897 2995; x_wconf 79' lang='grc' dir='ltr'><strong>δὲ</strong></span> <span class='ocrx_word' id='word_1_241' title='bbox 933 2940 1008 3011; x_wconf 82' lang='grc' dir='ltr'>μὴ</span> <span class='ocrx_word' id='word_1_242' title='bbox 1042 2942 1074 3012; x_wconf 83' lang='grc' dir='ltr'><strong>ή</strong></span> <span class='ocrx_word' id='word_1_243' title='bbox 1100 2939 1271 3012; x_wconf 81' lang='grc' dir='ltr'>σεμνὴ</span> <span class='ocrx_word' id='word_1_244' title='bbox 1301 2939 1468 2994; x_wconf 74' lang='grc' dir='ltr'>αὑτοῦ</span> <span class='ocrx_word' id='word_1_245' title='bbox 1499 2941 1595 2994; x_wconf 77' lang='grc' dir='ltr'><strong>καὶ</strong></span> <span class='ocrx_word' id='word_1_246' title='bbox 1646 2940 1942 3010; x_wconf 82' lang='grc' dir='ltr'>ἁμόλυντος</span> <span class='ocrx_word' id='word_1_247' title='bbox 1978 2957 2077 2994; x_wconf 86' lang='grc' dir='ltr'>πο-</span> 
     </span>
    </p>
   </div>
   <div class='ocr_carea' id='block_1_33' title="bbox 496 3029 2077 3104">
    <p class='ocr_par' dir='ltr' id='par_1_33' title="bbox 496 3029 2077 3104">
     <span class='ocr_line' id='line_1_33' title="bbox 496 3029 2077 3104; baseline -0.001 -19"><span class='ocrx_word' id='word_1_248' title='bbox 496 3033 677 3085; x_wconf 78' lang='grc' dir='ltr'>λιτεία</span> <span class='ocrx_word' id='word_1_249' title='bbox 703 3033 792 3086; x_wconf 83' lang='grc' dir='ltr'><strong>διὰ</strong></span> <span class='ocrx_word' id='word_1_250' title='bbox 824 3033 1052 3104; x_wconf 85' lang='grc' dir='ltr'>μηδενὸς</span> <span class='ocrx_word' id='word_1_251' title='bbox 1082 3033 1239 3085; x_wconf 83' lang='grc' dir='ltr'>τοῦδε</span> <span class='ocrx_word' id='word_1_252' title='bbox 1276 3030 1393 3101; x_wconf 81' lang='grc' dir='ltr'>βίου</span> <span class='ocrx_word' id='word_1_253' title='bbox 1418 3029 1651 3103; x_wconf 80' lang='grc' dir='ltr'>θορύϐου</span> <span class='ocrx_word' id='word_1_254' title='bbox 1681 3031 1992 3102; x_wconf 75' lang='grc' dir='ltr'>παροραθῇ,</span> <span class='ocrx_word' id='word_1_255' title='bbox 2018 3032 2077 3084; x_wconf 84' lang='grc' dir='ltr'><strong>ἐν</strong></span> 
     </span>
    </p>
   </div>
   <div class='ocr_carea' id='block_1_34' title="bbox 2192 560 3775 632">
    <p class='ocr_par' dir='ltr' id='par_1_34' title="bbox 2192 560 3775 632">
     <span class='ocr_line' id='line_1_34' title="bbox 2192 560 3775 632; baseline 0.003 -19"><span class='ocrx_word' id='word_1_256' title='bbox 2192 560 2316 625; x_wconf 90' lang='lat' dir='ltr'><strong>bus,</strong></span> <span class='ocrx_word' id='word_1_257' title='bbox 2364 576 2543 630; x_wconf 87' lang='lat' dir='ltr'><strong>neque</strong></span> <span class='ocrx_word' id='word_1_258' title='bbox 2573 562 2841 617; x_wconf 88' lang='lat' dir='ltr'><strong>nobiliore</strong></span> <span class='ocrx_word' id='word_1_259' title='bbox 2889 563 3072 631; x_wconf 89' lang='lat' dir='ltr'><strong>aliquo</strong></span> <span class='ocrx_word' id='word_1_260' title='bbox 3101 562 3223 617; x_wconf 91' lang='lat' dir='ltr'><strong>loco</strong></span> <span class='ocrx_word' id='word_1_261' title='bbox 3250 576 3352 632; x_wconf 85' lang='lat' dir='ltr'><strong>ego</strong></span> <span class='ocrx_word' id='word_1_262' title='bbox 3377 561 3576 631; x_wconf 81' lang='lat' dir='ltr'><strong>dignus</strong></span> <span class='ocrx_word' id='word_1_263' title='bbox 3627 578 3775 618; x_wconf 89' lang='lat' dir='ltr'><strong>sum.</strong></span> 
     </span>
    </p>
   </div>
   <div class='ocr_carea' id='block_1_35' title="bbox 2193 650 3775 725">
    <p class='ocr_par' dir='ltr' id='par_1_35' title="bbox 2193 650 3775 725">
     <span class='ocr_line' id='line_1_35' title="bbox 2193 650 3775 725; baseline 0.004 -21"><span class='ocrx_word' id='word_1_264' title='bbox 2193 650 2320 705; x_wconf 69' lang='lat' dir='ltr'><strong>llaec</strong></span> <span class='ocrx_word' id='word_1_265' title='bbox 2380 667 2504 706; x_wconf 88' lang='lat' dir='ltr'><strong>cum</strong></span> <span class='ocrx_word' id='word_1_266' title='bbox 2568 652 2823 720; x_wconf 78' lang='lat' dir='ltr'><strong>dixisset,</strong></span> <span class='ocrx_word' id='word_1_267' title='bbox 2883 654 2958 708; x_wconf 82' lang='lat' dir='ltr'><strong>illi</strong></span> <span class='ocrx_word' id='word_1_268' title='bbox 2995 653 3349 725; x_wconf 84' lang='lat' dir='ltr'><strong>Evangelium</strong></span> <span class='ocrx_word' id='word_1_269' title='bbox 3416 654 3657 720; x_wconf 89' lang='lat' dir='ltr'><strong>tradidit,</strong></span> <span class='ocrx_word' id='word_1_270' title='bbox 3708 669 3775 711; x_wconf 83' lang='lat' dir='ltr'><strong>ac</strong></span> 
     </span>
    </p>
   </div>
   <div class='ocr_carea' id='block_1_36' title="bbox 2189 742 3776 817">
    <p class='ocr_par' dir='ltr' id='par_1_36' title="bbox 2189 742 3776 817">
     <span class='ocr_line' id='line_1_36' title="bbox 2189 742 3776 817; baseline 0.004 -21"><span class='ocrx_word' id='word_1_271' title='bbox 2189 742 2346 798; x_wconf 76' lang='lat' dir='ltr'><strong>dixit:</strong></span> <span class='ocrx_word' id='word_1_272' title='bbox 2388 743 2503 798; x_wconf 76' lang='lat' dir='ltr'><strong>Hoc</strong></span> <span class='ocrx_word' id='word_1_273' title='bbox 2546 743 2640 799; x_wconf 73' lang='lat' dir='ltr'><strong>tibi</strong></span> <span class='ocrx_word' id='word_1_274' title='bbox 2673 744 2727 798; x_wconf 89' lang='lat' dir='ltr'><strong>in</strong></span> <span class='ocrx_word' id='word_1_275' title='bbox 2759 746 2859 801; x_wconf 85' lang='lat' dir='ltr'><strong>hac</strong></span> <span class='ocrx_word' id='word_1_276' title='bbox 2886 747 2992 802; x_wconf 86' lang='lat' dir='ltr'><strong>vita</strong></span> <span class='ocrx_word' id='word_1_277' title='bbox 3022 746 3511 817; x_wconf 77' lang='lat' dir='ltr'><strong>propugnaculum,</strong></span> <span class='ocrx_word' id='word_1_278' title='bbox 3545 756 3601 801; x_wconf 89' lang='lat' dir='ltr'><strong>et</strong></span> <span class='ocrx_word' id='word_1_279' title='bbox 3628 747 3776 803; x_wconf 77' lang='lat' dir='ltr'><strong>illius</strong></span> 
     </span>
    </p>
   </div>
   <div class='ocr_carea' id='block_1_37' title="bbox 2188 835 3785 909">
    <p class='ocr_par' dir='ltr' id='par_1_37' title="bbox 2188 835 3785 909">
     <span class='ocr_line' id='line_1_37' title="bbox 2188 835 3785 909; baseline 0.004 -20"><span class='ocrx_word' id='word_1_280' title='bbox 2188 835 2358 890; x_wconf 77' lang='lat' dir='ltr'><strong>futuri</strong></span> <span class='ocrx_word' id='word_1_281' title='bbox 2411 835 2514 891; x_wconf 77' lang='lat' dir='ltr'><strong>:evi</strong></span> <span class='ocrx_word' id='word_1_282' title='bbox 2577 836 2783 891; x_wconf 88' lang='lat' dir='ltr'><strong>bonum</strong></span> <span class='ocrx_word' id='word_1_283' title='bbox 2847 847 2956 891; x_wconf 88' lang='lat' dir='ltr'><strong>tam</strong></span> <span class='ocrx_word' id='word_1_284' title='bbox 3011 838 3130 906; x_wconf 87' lang='lat' dir='ltr'><strong>tibi,</strong></span> <span class='ocrx_word' id='word_1_285' title='bbox 3167 854 3330 909; x_wconf 88' lang='lat' dir='ltr'><strong>quam</strong></span> <span class='ocrx_word' id='word_1_286' title='bbox 3390 839 3613 895; x_wconf 91' lang='lat' dir='ltr'><strong>domino</strong></span> <span class='ocrx_word' id='word_1_287' title='bbox 3658 854 3785 895; x_wconf 90' lang='lat' dir='ltr'><strong>meo</strong></span> 
     </span>
    </p>
   </div>
   <div class='ocr_carea' id='block_1_38' title="bbox 2189 927 3776 1003">
    <p class='ocr_par' dir='ltr' id='par_1_38' title="bbox 2189 927 3776 1003">
     <span class='ocr_line' id='line_1_38' title="bbox 2189 927 3776 1003; baseline 0.002 -22"><span class='ocrx_word' id='word_1_288' title='bbox 2189 927 2310 983; x_wconf 88' lang='lat' dir='ltr'><strong>viro</strong></span> <span class='ocrx_word' id='word_1_289' title='bbox 2357 936 2450 983; x_wconf 88' lang='lat' dir='ltr'><strong>tuo</strong></span> <span class='ocrx_word' id='word_1_290' title='bbox 2485 928 2556 982; x_wconf 86' lang='lat' dir='ltr'><strong>sit</strong></span> <span class='ocrx_word' id='word_1_291' title='bbox 2582 929 2864 984; x_wconf 87' lang='lat' dir='ltr'><strong>viaticum.</strong></span> <span class='ocrx_word' id='word_1_292' title='bbox 2899 930 2987 984; x_wconf 84' lang='lat' dir='ltr'><strong>illa</strong></span> <span class='ocrx_word' id='word_1_293' title='bbox 3023 945 3147 985; x_wconf 90' lang='lat' dir='ltr'><strong>cum</strong></span> <span class='ocrx_word' id='word_1_294' title='bbox 3207 930 3561 1003; x_wconf 81' lang='lat' dir='ltr'><strong>Evangelium</strong></span> <span class='ocrx_word' id='word_1_295' title='bbox 3612 948 3776 987; x_wconf 57' lang='lat' dir='ltr'><strong>acccc</strong></span> 
     </span>
    </p>
   </div>
   <div class='ocr_carea' id='block_1_39' title="bbox 2186 1020 3780 1094">
    <p class='ocr_par' dir='ltr' id='par_1_39' title="bbox 2186 1020 3780 1094">
     <span class='ocr_line' id='line_1_39' title="bbox 2186 1020 3780 1094; baseline 0.004 -22"><span class='ocrx_word' id='word_1_296' title='bbox 2186 1020 2376 1090; x_wconf 88' lang='lat' dir='ltr'><strong>pisset,</strong></span> <span class='ocrx_word' id='word_1_297' title='bbox 2418 1022 2656 1092; x_wconf 88' lang='lat' dir='ltr'><strong>undique</strong></span> <span class='ocrx_word' id='word_1_298' title='bbox 2694 1021 2825 1075; x_wconf 90' lang='lat' dir='ltr'><strong>illud</strong></span> <span class='ocrx_word' id='word_1_299' title='bbox 2865 1037 3109 1085; x_wconf 84' lang='lat' dir='ltr'><strong>versans,</strong></span> <span class='ocrx_word' id='word_1_300' title='bbox 3146 1023 3222 1077; x_wconf 90' lang='lat' dir='ltr'><strong>ait</strong></span> <span class='ocrx_word' id='word_1_301' title='bbox 3256 1040 3270 1077; x_wconf 92' lang='lat'><strong>:</strong></span> <span class='ocrx_word' id='word_1_302' title='bbox 3305 1022 3492 1077; x_wconf 79' lang='lat' dir='ltr'><strong>Simile</strong></span> <span class='ocrx_word' id='word_1_303' title='bbox 3528 1022 3780 1094; x_wconf 58' lang='lat' dir='ltr'><strong>Evangev</strong></span> 
     </span>
    </p>
   </div>
   <div class='ocr_carea' id='block_1_40' title="bbox 2185 1110 3779 1183">
    <p class='ocr_par' dir='ltr' id='par_1_40' title="bbox 2185 1110 3779 1183">
     <span class='ocr_line' id='line_1_40' title="bbox 2185 1110 3779 1183; baseline 0.004 -19"><span class='ocrx_word' id='word_1_304' title='bbox 2185 1110 2319 1165; x_wconf 91' lang='lat' dir='ltr'><strong>lium</strong></span> <span class='ocrx_word' id='word_1_305' title='bbox 2372 1111 2474 1166; x_wconf 86' lang='lat' dir='ltr'><strong>hoc</strong></span> <span class='ocrx_word' id='word_1_306' title='bbox 2508 1112 2586 1167; x_wconf 87' lang='lat' dir='ltr'><strong>illi</strong></span> <span class='ocrx_word' id='word_1_307' title='bbox 2633 1122 2734 1179; x_wconf 86' lang='lat' dir='ltr'><strong>est,</strong></span> <span class='ocrx_word' id='word_1_308' title='bbox 2781 1114 2926 1183; x_wconf 87' lang='lat' dir='ltr'><strong>quod</strong></span> <span class='ocrx_word' id='word_1_309' title='bbox 2983 1113 3113 1167; x_wconf 88' lang='lat' dir='ltr'><strong>olim</strong></span> <span class='ocrx_word' id='word_1_310' title='bbox 3171 1115 3428 1169; x_wconf 87' lang='lat' dir='ltr'><strong>dominus</strong></span> <span class='ocrx_word' id='word_1_311' title='bbox 3476 1132 3632 1169; x_wconf 86' lang='lat' dir='ltr'><strong>meus</strong></span> <span class='ocrx_word' id='word_1_312' title='bbox 3667 1115 3779 1170; x_wconf 74' lang='lat' dir='ltr'><strong>tilio</strong></span> 
     </span>
    </p>
   </div>
   <div class='ocr_carea' id='block_1_41' title="bbox 2184 1203 3771 1274">
    <p class='ocr_par' dir='ltr' id='par_1_41' title="bbox 2184 1203 3771 1274">
     <span class='ocr_line' id='line_1_41' title="bbox 2184 1203 3771 1274; baseline 0 -17"><span class='ocrx_word' id='word_1_313' title='bbox 2184 1211 2375 1257; x_wconf 92' lang='lat' dir='ltr'><strong>nostro</strong></span> <span class='ocrx_word' id='word_1_314' title='bbox 2419 1204 2588 1258; x_wconf 82' lang='lat' dir='ltr'><strong>dedit.</strong></span> <span class='ocrx_word' id='word_1_315' title='bbox 2647 1203 2901 1258; x_wconf 81' lang='lat' dir='ltr'><strong>Cucurrit</strong></span> <span class='ocrx_word' id='word_1_316' title='bbox 2950 1203 3133 1274; x_wconf 79' lang='lat' dir='ltr'><strong>igitur,</strong></span> <span class='ocrx_word' id='word_1_317' title='bbox 3164 1212 3219 1257; x_wconf 90' lang='lat' dir='ltr'><strong>et</strong></span> <span class='ocrx_word' id='word_1_318' title='bbox 3242 1204 3359 1258; x_wconf 89' lang='lat' dir='ltr'><strong>viro</strong></span> <span class='ocrx_word' id='word_1_319' title='bbox 3418 1219 3519 1258; x_wconf 91' lang='lat' dir='ltr'><strong>suo</strong></span> <span class='ocrx_word' id='word_1_320' title='bbox 3570 1205 3771 1258; x_wconf 88' lang='lat' dir='ltr'><strong>librum</strong></span> 
     </span>
    </p>
   </div>
   <div class='ocr_carea' id='block_1_42' title="bbox 2186 1294 3778 1367">
    <p class='ocr_par' dir='ltr' id='par_1_42' title="bbox 2186 1294 3778 1367">
     <span class='ocr_line' id='line_1_42' title="bbox 2186 1294 3778 1367; baseline -0.001 -18"><span class='ocrx_word' id='word_1_321' title='bbox 2186 1294 2449 1349; x_wconf 81' lang='lat' dir='ltr'><strong>ostendit.</strong></span> <span class='ocrx_word' id='word_1_322' title='bbox 2497 1295 2831 1359; x_wconf 72' lang='lat' dir='ltr'><strong>Qlleln‘Cttm</strong></span> <span class='ocrx_word' id='word_1_323' title='bbox 2863 1295 2952 1349; x_wconf 81' lang='lat' dir='ltr'><strong>ille</strong></span> <span class='ocrx_word' id='word_1_324' title='bbox 3000 1295 3349 1367; x_wconf 72' lang='lat' dir='ltr'><strong>agnovisset:</strong></span> <span class='ocrx_word' id='word_1_325' title='bbox 3379 1294 3538 1360; x_wconf 77' lang='lat' dir='ltr'><strong>Vere,</strong></span> <span class='ocrx_word' id='word_1_326' title='bbox 3582 1295 3778 1365; x_wconf 87' lang='lat' dir='ltr'><strong>inquit,</strong></span> 
     </span>
    </p>
   </div>
   <div class='ocr_carea' id='block_1_43' title="bbox 2186 1386 3779 1456">
    <p class='ocr_par' dir='ltr' id='par_1_43' title="bbox 2186 1386 3779 1456">
     <span class='ocr_line' id='line_1_43' title="bbox 2186 1386 3779 1456; baseline -0.002 -14"><span class='ocrx_word' id='word_1_327' title='bbox 2186 1386 2539 1456; x_wconf 85' lang='lat' dir='ltr'><strong>Evangelium</strong></span> <span class='ocrx_word' id='word_1_328' title='bbox 2594 1387 2725 1441; x_wconf 77' lang='lat' dir='ltr'><strong>iilud</strong></span> <span class='ocrx_word' id='word_1_329' title='bbox 2775 1387 2880 1441; x_wconf 87' lang='lat' dir='ltr'><strong>hoc</strong></span> <span class='ocrx_word' id='word_1_330' title='bbox 2913 1395 3017 1451; x_wconf 89' lang='lat' dir='ltr'><strong>est,</strong></span> <span class='ocrx_word' id='word_1_331' title='bbox 3051 1396 3105 1441; x_wconf 92' lang='lat' dir='ltr'><strong>et</strong></span> <span class='ocrx_word' id='word_1_332' title='bbox 3151 1402 3259 1441; x_wconf 90' lang='lat' dir='ltr'><strong>non</strong></span> <span class='ocrx_word' id='word_1_333' title='bbox 3303 1387 3468 1441; x_wconf 83' lang='lat' dir='ltr'><strong>aliud.</strong></span> <span class='ocrx_word' id='word_1_334' title='bbox 3517 1386 3624 1440; x_wconf 85' lang='lat' dir='ltr'><strong>Sed</strong></span> <span class='ocrx_word' id='word_1_335' title='bbox 3674 1402 3779 1439; x_wconf 90' lang='lat' dir='ltr'><strong>un-</strong></span> 
     </span>
    </p>
   </div>
   <div class='ocr_carea' id='block_1_44' title="bbox 2185 1477 3776 1548">
    <p class='ocr_par' dir='ltr' id='par_1_44' title="bbox 2185 1477 3776 1548">
     <span class='ocr_line' id='line_1_44' title="bbox 2185 1477 3776 1548; baseline 0 -17"><span class='ocrx_word' id='word_1_336' title='bbox 2185 1477 2382 1532; x_wconf 85' lang='lat' dir='ltr'><strong>denam</strong></span> <span class='ocrx_word' id='word_1_337' title='bbox 2418 1478 2534 1548; x_wconf 80' lang='lat' dir='ltr'><strong>ipse</strong></span> <span class='ocrx_word' id='word_1_338' title='bbox 2565 1477 2669 1532; x_wconf 78' lang='lat' dir='ltr'><strong>hoc</strong></span> <span class='ocrx_word' id='word_1_339' title='bbox 2722 1478 2949 1532; x_wconf 75' lang='lat' dir='ltr'><strong>habuit?</strong></span> <span class='ocrx_word' id='word_1_340' title='bbox 2975 1478 3074 1530; x_wconf 72' lang='lat' dir='ltr'><strong>l‘ar</strong></span> <span class='ocrx_word' id='word_1_341' title='bbox 3102 1489 3185 1531; x_wconf 90' lang='lat' dir='ltr'><strong>est</strong></span> <span class='ocrx_word' id='word_1_342' title='bbox 3222 1479 3373 1531; x_wconf 87' lang='lat' dir='ltr'><strong>illmu</strong></span> <span class='ocrx_word' id='word_1_343' title='bbox 3421 1480 3776 1548; x_wconf 78' lang='lat' dir='ltr'><strong>interrogare,</strong></span> 
     </span>
    </p>
   </div>
   <div class='ocr_carea' id='block_1_45' title="bbox 2185 1567 3774 1639">
    <p class='ocr_par' dir='ltr' id='par_1_45' title="bbox 2185 1567 3774 1639">
     <span class='ocr_line' id='line_1_45' title="bbox 2185 1567 3774 1639; baseline 0 -17"><span class='ocrx_word' id='word_1_344' title='bbox 2185 1568 2406 1623; x_wconf 83' lang='lat' dir='ltr'><strong>ubinam</strong></span> <span class='ocrx_word' id='word_1_345' title='bbox 2447 1570 2518 1624; x_wconf 81' lang='lat' dir='ltr'><strong>sit</strong></span> <span class='ocrx_word' id='word_1_346' title='bbox 2558 1570 2698 1623; x_wconf 84' lang='lat' dir='ltr'><strong>ﬁlius</strong></span> <span class='ocrx_word' id='word_1_347' title='bbox 2743 1579 2930 1623; x_wconf 85' lang='lat' dir='ltr'><strong>noster</strong></span> <span class='ocrx_word' id='word_1_348' title='bbox 2985 1568 3247 1623; x_wconf 78' lang='lat' dir='ltr'><strong>Joannes.</strong></span> <span class='ocrx_word' id='word_1_349' title='bbox 3299 1567 3437 1623; x_wconf 90' lang='lat' dir='ltr'><strong>Cum</strong></span> <span class='ocrx_word' id='word_1_350' title='bbox 3488 1569 3654 1639; x_wconf 81' lang='lat' dir='ltr'><strong>igitur</strong></span> <span class='ocrx_word' id='word_1_351' title='bbox 3705 1569 3774 1622; x_wconf 85' lang='lat' dir='ltr'><strong>ad</strong></span> 
     </span>
    </p>
   </div>
   <div class='ocr_carea' id='block_1_46' title="bbox 2184 1658 3775 1730">
    <p class='ocr_par' dir='ltr' id='par_1_46' title="bbox 2184 1658 3775 1730">
     <span class='ocr_line' id='line_1_46' title="bbox 2184 1658 3775 1730; baseline -0.001 -17"><span class='ocrx_word' id='word_1_352' title='bbox 2184 1660 2366 1730; x_wconf 87' lang='lat' dir='ltr'><strong>ipsum</strong></span> <span class='ocrx_word' id='word_1_353' title='bbox 2398 1661 2705 1723; x_wconf 83' lang='lat' dir='ltr'><strong>venissent,</strong></span> <span class='ocrx_word' id='word_1_354' title='bbox 2748 1659 3026 1713; x_wconf 76' lang='lat' dir='ltr'><strong>dixerunt:</strong></span> <span class='ocrx_word' id='word_1_355' title='bbox 3060 1658 3417 1713; x_wconf 87' lang='lat' dir='ltr'><strong>Obtestamur</strong></span> <span class='ocrx_word' id='word_1_356' title='bbox 3457 1669 3510 1713; x_wconf 83' lang='lat' dir='ltr'><strong>te</strong></span> <span class='ocrx_word' id='word_1_357' title='bbox 3553 1674 3775 1729; x_wconf 75' lang='lat' dir='ltr'><strong>perpu-</strong></span> 
     </span>
    </p>
   </div>
   <div class='ocr_carea' id='block_1_47' title="bbox 2184 1750 3774 1818">
    <p class='ocr_par' dir='ltr' id='par_1_47' title="bbox 2184 1750 3774 1818">
     <span class='ocr_line' id='line_1_47' title="bbox 2184 1750 3774 1818; baseline 0.001 -13"><span class='ocrx_word' id='word_1_358' title='bbox 2184 1752 2457 1806; x_wconf 88' lang='lat' dir='ltr'><strong>rissimam</strong></span> <span class='ocrx_word' id='word_1_359' title='bbox 2494 1751 2839 1818; x_wconf 87' lang='lat' dir='ltr'><strong>Trinitatem,</strong></span> <span class='ocrx_word' id='word_1_360' title='bbox 2876 1761 2936 1806; x_wconf 90' lang='lat' dir='ltr'><strong>ut</strong></span> <span class='ocrx_word' id='word_1_361' title='bbox 2967 1751 3128 1806; x_wconf 87' lang='lat' dir='ltr'><strong>nobis</strong></span> <span class='ocrx_word' id='word_1_362' title='bbox 3176 1766 3306 1806; x_wconf 83' lang='lat' dir='ltr'><strong>vere</strong></span> <span class='ocrx_word' id='word_1_363' title='bbox 3363 1751 3541 1815; x_wconf 89' lang='lat' dir='ltr'><strong>dicas,</strong></span> <span class='ocrx_word' id='word_1_364' title='bbox 3595 1750 3774 1806; x_wconf 82' lang='lat' dir='ltr'><strong>unde-</strong></span> 
     </span>
    </p>
   </div>
   <div class='ocr_carea' id='block_1_48' title="bbox 2186 1840 3768 1913">
    <p class='ocr_par' dir='ltr' id='par_1_48' title="bbox 2186 1840 3768 1913">
     <span class='ocr_line' id='line_1_48' title="bbox 2186 1840 3768 1913; baseline -0.002 -18"><span class='ocrx_word' id='word_1_365' title='bbox 2186 1857 2309 1895; x_wconf 89' lang='lat' dir='ltr'><strong>nam</strong></span> <span class='ocrx_word' id='word_1_366' title='bbox 2365 1841 2717 1913; x_wconf 85' lang='lat' dir='ltr'><strong>Evangelium</strong></span> <span class='ocrx_word' id='word_1_367' title='bbox 2766 1842 2871 1895; x_wconf 87' lang='lat' dir='ltr'><strong>hoc</strong></span> <span class='ocrx_word' id='word_1_368' title='bbox 2928 1841 3210 1902; x_wconf 83' lang='lat' dir='ltr'><strong>habueris,</strong></span> <span class='ocrx_word' id='word_1_369' title='bbox 3262 1849 3317 1894; x_wconf 91' lang='lat' dir='ltr'><strong>et</strong></span> <span class='ocrx_word' id='word_1_370' title='bbox 3365 1841 3456 1894; x_wconf 88' lang='lat' dir='ltr'><strong>ubi</strong></span> <span class='ocrx_word' id='word_1_371' title='bbox 3510 1840 3582 1895; x_wconf 89' lang='lat' dir='ltr'><strong>sit</strong></span> <span class='ocrx_word' id='word_1_372' title='bbox 3624 1840 3768 1893; x_wconf 78' lang='lat' dir='ltr'><strong>[ilius</strong></span> 
     </span>
    </p>
   </div>
   <div class='ocr_carea' id='block_1_49' title="bbox 2183 1932 3774 2003">
    <p class='ocr_par' dir='ltr' id='par_1_49' title="bbox 2183 1932 3774 2003">
     <span class='ocr_line' id='line_1_49' title="bbox 2183 1932 3774 2003; baseline -0.001 -15"><span class='ocrx_word' id='word_1_373' title='bbox 2183 1943 2375 1988; x_wconf 88' lang='lat' dir='ltr'><strong>noster</strong></span> <span class='ocrx_word' id='word_1_374' title='bbox 2424 1933 2689 1988; x_wconf 82' lang='lat' dir='ltr'><strong>Joannes.</strong></span> <span class='ocrx_word' id='word_1_375' title='bbox 2752 1933 2845 1987; x_wconf 89' lang='lat' dir='ltr'><strong>Ille</strong></span> <span class='ocrx_word' id='word_1_376' title='bbox 2896 1948 3021 1987; x_wconf 88' lang='lat' dir='ltr'><strong>cum</strong></span> <span class='ocrx_word' id='word_1_377' title='bbox 3070 1933 3431 2003; x_wconf 82' lang='lat' dir='ltr'><strong>lacrymarum</strong></span> <span class='ocrx_word' id='word_1_378' title='bbox 3470 1932 3585 1986; x_wconf 79' lang='lat' dir='ltr'><strong>vim</strong></span> <span class='ocrx_word' id='word_1_379' title='bbox 3630 1932 3774 1987; x_wconf 80' lang='lat' dir='ltr'><strong>ferre</strong></span> 
     </span>
    </p>
   </div>
   <div class='ocr_carea' id='block_1_50' title="bbox 2184 2021 3762 2094">
    <p class='ocr_par' dir='ltr' id='par_1_50' title="bbox 2184 2021 3762 2094">
     <span class='ocr_line' id='line_1_50' title="bbox 2184 2021 3762 2094; baseline 0.003 -18"><span class='ocrx_word' id='word_1_380' title='bbox 2184 2038 2291 2078; x_wconf 88' lang='lat' dir='ltr'><strong>non</strong></span> <span class='ocrx_word' id='word_1_381' title='bbox 2323 2032 2544 2093; x_wconf 84' lang='lat' dir='ltr'><strong>posset:</strong></span> <span class='ocrx_word' id='word_1_382' title='bbox 2587 2023 2716 2094; x_wconf 75' lang='lat' dir='ltr'><strong>Ego,</strong></span> <span class='ocrx_word' id='word_1_383' title='bbox 2755 2023 2950 2093; x_wconf 86' lang='lat' dir='ltr'><strong>inquit,</strong></span> <span class='ocrx_word' id='word_1_384' title='bbox 2970 2038 3091 2078; x_wconf 83' lang='lat' dir='ltr'><strong>sum</strong></span> <span class='ocrx_word' id='word_1_385' title='bbox 3120 2021 3365 2078; x_wconf 76' lang='lat' dir='ltr'><strong>Joannes</strong></span> <span class='ocrx_word' id='word_1_386' title='bbox 3392 2023 3537 2079; x_wconf 80' lang='lat' dir='ltr'><strong>ﬁlius</strong></span> <span class='ocrx_word' id='word_1_387' title='bbox 3562 2035 3762 2081; x_wconf 81' lang='lat' dir='ltr'><strong>vester:</strong></span> 
     </span>
    </p>
   </div>
   <div class='ocr_carea' id='block_1_51' title="bbox 2183 2113 3767 2185">
    <p class='ocr_par' dir='ltr' id='par_1_51' title="bbox 2183 2113 3767 2185">
     <span class='ocr_line' id='line_1_51' title="bbox 2183 2113 3767 2185; baseline 0.003 -19"><span class='ocrx_word' id='word_1_388' title='bbox 2183 2127 2283 2184; x_wconf 81' lang='lat' dir='ltr'><strong>ego</strong></span> <span class='ocrx_word' id='word_1_389' title='bbox 2313 2128 2433 2168; x_wconf 89' lang='lat' dir='ltr'><strong>sum</strong></span> <span class='ocrx_word' id='word_1_390' title='bbox 2464 2114 2761 2168; x_wconf 90' lang='lat' dir='ltr'><strong>multarum</strong></span> <span class='ocrx_word' id='word_1_391' title='bbox 2791 2113 3150 2185; x_wconf 77' lang='lat' dir='ltr'><strong>lacrym‘arum</strong></span> <span class='ocrx_word' id='word_1_392' title='bbox 3192 2114 3348 2170; x_wconf 80' lang='lat' dir='ltr'><strong>vobis</strong></span> <span class='ocrx_word' id='word_1_393' title='bbox 3373 2131 3558 2170; x_wconf 85' lang='lat' dir='ltr'><strong>causa.</strong></span> <span class='ocrx_word' id='word_1_394' title='bbox 3590 2115 3767 2171; x_wconf 82' lang='lat' dir='ltr'><strong>Evan-</strong></span> 
     </span>
    </p>
   </div>
   <div class='ocr_carea' id='block_1_52' title="bbox 2180 2196 3768 2275">
    <p class='ocr_par' dir='ltr' id='par_1_52' title="bbox 2180 2196 3768 2275">
     <span class='ocr_line' id='line_1_52' title="bbox 2180 2196 3768 2275; baseline 0.003 -18"><span class='ocrx_word' id='word_1_395' title='bbox 2180 2204 2383 2274; x_wconf 82' lang='lat' dir='ltr'><strong>gelium</strong></span> <span class='ocrx_word' id='word_1_396' title='bbox 2421 2204 2525 2259; x_wconf 88' lang='lat' dir='ltr'><strong>hoc</strong></span> <span class='ocrx_word' id='word_1_397' title='bbox 2555 2196 2691 2259; x_wconf 81' lang='lat' dir='ltr'><strong>illud</strong></span> <span class='ocrx_word' id='word_1_398' title='bbox 2720 2214 2825 2270; x_wconf 88' lang='lat' dir='ltr'><strong>est,</strong></span> <span class='ocrx_word' id='word_1_399' title='bbox 2854 2206 2997 2275; x_wconf 83' lang='lat' dir='ltr'><strong>quod</strong></span> <span class='ocrx_word' id='word_1_400' title='bbox 3044 2221 3141 2261; x_wconf 91' lang='lat' dir='ltr'><strong>vos</strong></span> <span class='ocrx_word' id='word_1_401' title='bbox 3169 2205 3304 2260; x_wconf 89' lang='lat' dir='ltr'><strong>mihi</strong></span> <span class='ocrx_word' id='word_1_402' title='bbox 3347 2206 3596 2262; x_wconf 83' lang='lat' dir='ltr'><strong>dedistis.</strong></span> <span class='ocrx_word' id='word_1_403' title='bbox 3655 2207 3768 2262; x_wconf 85' lang='lat' dir='ltr'><strong>Sed</strong></span> 
     </span>
    </p>
   </div>
   <div class='ocr_carea' id='block_1_53' title="bbox 2181 2295 3769 2368">
    <p class='ocr_par' dir='ltr' id='par_1_53' title="bbox 2181 2295 3769 2368">
     <span class='ocr_line' id='line_1_53' title="bbox 2181 2295 3769 2368; baseline 0.002 -18"><span class='ocrx_word' id='word_1_404' title='bbox 2181 2295 2456 2350; x_wconf 82' lang='lat' dir='ltr'><strong>Christum</strong></span> <span class='ocrx_word' id='word_1_405' title='bbox 2503 2310 2686 2351; x_wconf 87' lang='lat' dir='ltr'><strong>meum</strong></span> <span class='ocrx_word' id='word_1_406' title='bbox 2727 2296 3071 2362; x_wconf 89' lang='lat' dir='ltr'><strong>desiderans,</strong></span> <span class='ocrx_word' id='word_1_407' title='bbox 3146 2308 3313 2363; x_wconf 77' lang='lat' dir='ltr'><strong>suave</strong></span> <span class='ocrx_word' id='word_1_408' title='bbox 3389 2296 3532 2351; x_wconf 87' lang='lat' dir='ltr'><strong>illius</strong></span> <span class='ocrx_word' id='word_1_409' title='bbox 3577 2297 3769 2368; x_wconf 81' lang='lat' dir='ltr'><strong>jugum</strong></span> 
     </span>
    </p>
   </div>
   <div class='ocr_carea' id='block_1_54' title="bbox 2182 2385 3768 2457">
    <p class='ocr_par' dir='ltr' id='par_1_54' title="bbox 2182 2385 3768 2457">
     <span class='ocr_line' id='line_1_54' title="bbox 2182 2385 3768 2457; baseline 0.001 -16"><span class='ocrx_word' id='word_1_410' title='bbox 2182 2388 2416 2456; x_wconf 88' lang='lat' dir='ltr'><strong>portavi.</strong></span> <span class='ocrx_word' id='word_1_411' title='bbox 2480 2386 2608 2443; x_wconf 60' lang='lat' dir='ltr'><strong>Haec</strong></span> <span class='ocrx_word' id='word_1_412' title='bbox 2657 2403 2782 2443; x_wconf 92' lang='lat' dir='ltr'><strong>cum</strong></span> <span class='ocrx_word' id='word_1_413' title='bbox 2838 2396 3094 2457; x_wconf 78' lang='lat' dir='ltr'><strong>parentes</strong></span> <span class='ocrx_word' id='word_1_414' title='bbox 3168 2387 3525 2452; x_wconf 87' lang='lat' dir='ltr'><strong>audivissent,</strong></span> <span class='ocrx_word' id='word_1_415' title='bbox 3564 2385 3632 2443; x_wconf 83' lang='lat' dir='ltr'><strong>ad</strong></span> <span class='ocrx_word' id='word_1_416' title='bbox 3674 2388 3768 2445; x_wconf 81' lang='lat' dir='ltr'><strong>lilii</strong></span> 
     </span>
    </p>
   </div>
   <div class='ocr_carea' id='block_1_55' title="bbox 2181 2478 3770 2549">
    <p class='ocr_par' dir='ltr' id='par_1_55' title="bbox 2181 2478 3770 2549">
     <span class='ocr_line' id='line_1_55' title="bbox 2181 2478 3770 2549; baseline 0.002 -15"><span class='ocrx_word' id='word_1_417' title='bbox 2181 2479 2382 2534; x_wconf 88' lang='lat' dir='ltr'><strong>collum</strong></span> <span class='ocrx_word' id='word_1_418' title='bbox 2416 2493 2476 2535; x_wconf 89' lang='lat' dir='ltr'><strong>se</strong></span> <span class='ocrx_word' id='word_1_419' title='bbox 2538 2479 2885 2549; x_wconf 77' lang='lat' dir='ltr'><strong>abiecerunt,</strong></span> <span class='ocrx_word' id='word_1_420' title='bbox 2916 2487 2967 2533; x_wconf 88' lang='lat' dir='ltr'><strong>et</strong></span> <span class='ocrx_word' id='word_1_421' title='bbox 2998 2478 3068 2532; x_wconf 84' lang='lat' dir='ltr'><strong>ab</strong></span> <span class='ocrx_word' id='word_1_422' title='bbox 3110 2478 3244 2532; x_wconf 85' lang='lat' dir='ltr'><strong>hora</strong></span> <span class='ocrx_word' id='word_1_423' title='bbox 3271 2480 3447 2548; x_wconf 85' lang='lat' dir='ltr'><strong>prima</strong></span> <span class='ocrx_word' id='word_1_424' title='bbox 3481 2495 3651 2548; x_wconf 88' lang='lat' dir='ltr'><strong>usque</strong></span> <span class='ocrx_word' id='word_1_425' title='bbox 3700 2481 3770 2537; x_wconf 87' lang='lat' dir='ltr'><strong>ad</strong></span> 
     </span>
    </p>
   </div>
   <div class='ocr_carea' id='block_1_56' title="bbox 2181 2570 3770 2640">
    <p class='ocr_par' dir='ltr' id='par_1_56' title="bbox 2181 2570 3770 2640">
     <span class='ocr_line' id='line_1_56' title="bbox 2181 2570 3770 2640; baseline 0.003 -16"><span class='ocrx_word' id='word_1_426' title='bbox 2181 2580 2389 2625; x_wconf 80' lang='lat' dir='ltr'><strong>sextam</strong></span> <span class='ocrx_word' id='word_1_427' title='bbox 2427 2570 2500 2625; x_wconf 89' lang='lat' dir='ltr'><strong>ita</strong></span> <span class='ocrx_word' id='word_1_428' title='bbox 2523 2570 2810 2634; x_wconf 83' lang='lat' dir='ltr'><strong>ﬂeverunt,</strong></span> <span class='ocrx_word' id='word_1_429' title='bbox 2849 2579 2912 2624; x_wconf 91' lang='lat' dir='ltr'><strong>ut</strong></span> <span class='ocrx_word' id='word_1_430' title='bbox 2937 2586 3150 2637; x_wconf 86' lang='lat' dir='ltr'><strong>omnes,</strong></span> <span class='ocrx_word' id='word_1_431' title='bbox 3183 2570 3273 2640; x_wconf 89' lang='lat' dir='ltr'><strong>qui</strong></span> <span class='ocrx_word' id='word_1_432' title='bbox 3313 2571 3511 2626; x_wconf 85' lang='lat' dir='ltr'><strong>urbem</strong></span> <span class='ocrx_word' id='word_1_433' title='bbox 3552 2572 3770 2628; x_wconf 83' lang='lat' dir='ltr'><strong>habita-</strong></span> 
     </span>
    </p>
   </div>
   <div class='ocr_carea' id='block_1_57' title="bbox 2182 2649 3535 2733">
    <p class='ocr_par' dir='ltr' id='par_1_57' title="bbox 2182 2649 3535 2733">
     <span class='ocr_line' id='line_1_57' title="bbox 2182 2649 3535 2733; baseline 0.003 -18"><span class='ocrx_word' id='word_1_434' title='bbox 2182 2661 2449 2729; x_wconf 90' lang='lat' dir='ltr'><strong>hant,una</strong></span> <span class='ocrx_word' id='word_1_435' title='bbox 2484 2676 2608 2717; x_wconf 93' lang='lat' dir='ltr'><strong>cum</strong></span> <span class='ocrx_word' id='word_1_436' title='bbox 2642 2649 2947 2717; x_wconf 21' lang='lat' dir='ltr'><strong>illis-[ilium</strong></span> <span class='ocrx_word' id='word_1_437' title='bbox 2980 2662 3224 2733; x_wconf 79' lang='lat' dir='ltr'><strong>agnitum</strong></span> <span class='ocrx_word' id='word_1_438' title='bbox 3255 2660 3535 2719; x_wconf 73' lang='lat' dir='ltr'><strong>ﬂeverint.</strong></span> 
     </span>
    </p>
   </div>
   <div class='ocr_carea' id='block_1_58' title="bbox 2250 2938 3763 3009">
    <p class='ocr_par' dir='ltr' id='par_1_58' title="bbox 2250 2938 3763 3009">
     <span class='ocr_line' id='line_1_58' title="bbox 2250 2938 3763 3009; baseline 0 -15"><span class='ocrx_word' id='word_1_439' title='bbox 2250 2938 2395 2994; x_wconf 82' lang='lat' dir='ltr'><strong>XIV.</strong></span> <span class='ocrx_word' id='word_1_440' title='bbox 2426 2938 2499 2994; x_wconf 90' lang='lat' dir='ltr'><strong>Ut</strong></span> <span class='ocrx_word' id='word_1_441' title='bbox 2542 2954 2668 2994; x_wconf 84' lang='lat' dir='ltr'><strong>vero</strong></span> <span class='ocrx_word' id='word_1_442' title='bbox 2729 2939 2849 3009; x_wconf 87' lang='lat' dir='ltr'><strong>ejus</strong></span> <span class='ocrx_word' id='word_1_443' title='bbox 2880 2948 3028 2993; x_wconf 86' lang='lat' dir='ltr'><strong>recta</strong></span> <span class='ocrx_word' id='word_1_444' title='bbox 3093 2946 3149 2993; x_wconf 87' lang='lat' dir='ltr'><strong>et</strong></span> <span class='ocrx_word' id='word_1_445' title='bbox 3220 2948 3405 2993; x_wconf 88' lang='lat' dir='ltr'><strong>sancta</strong></span> <span class='ocrx_word' id='word_1_446' title='bbox 3468 2938 3763 3005; x_wconf 85' lang='lat' dir='ltr'><strong>institutio,</strong></span> 
     </span>
    </p>
   </div>
   <div class='ocr_carea' id='block_1_59' title="bbox 2181 3030 3761 3102">
    <p class='ocr_par' dir='ltr' id='par_1_59' title="bbox 2181 3030 3761 3102">
     <span class='ocr_line' id='line_1_59' title="bbox 2181 3030 3761 3102; baseline -0.001 -16"><span class='ocrx_word' id='word_1_447' title='bbox 2181 3032 2329 3086; x_wconf 88' lang='lat' dir='ltr'><strong>nulla</strong></span> <span class='ocrx_word' id='word_1_448' title='bbox 2360 3032 2488 3087; x_wconf 75' lang='lat' dir='ltr'><strong>vita:</strong></span> <span class='ocrx_word' id='word_1_449' title='bbox 2548 3031 2714 3102; x_wconf 82' lang='lat' dir='ltr'><strong>hujus</strong></span> <span class='ocrx_word' id='word_1_450' title='bbox 2748 3030 3167 3100; x_wconf 86' lang='lat' dir='ltr'><strong>perturbatione</strong></span> <span class='ocrx_word' id='word_1_451' title='bbox 3190 3030 3576 3091; x_wconf 83' lang='lat' dir='ltr'><strong>macularetur,</strong></span> <span class='ocrx_word' id='word_1_452' title='bbox 3615 3031 3761 3085; x_wconf 90' lang='lat' dir='ltr'><strong>illius</strong></span> 
     </span>
    </p>
   </div>
   <div class='ocr_carea' id='block_1_60' title="bbox 496 3120 2078 3213">
    <p class='ocr_par' dir='ltr' id='par_1_60' title="bbox 496 3121 2077 3194">
     <span class='ocr_line' id='line_1_60' title="bbox 496 3121 2077 3194; baseline -0.002 -16"><span class='ocrx_word' id='word_1_453' title='bbox 496 3123 775 3194; x_wconf 79' lang='grc' dir='ltr'>πνεύματι</span> <span class='ocrx_word' id='word_1_454' title='bbox 805 3123 885 3192; x_wconf 83' lang='grc' dir='ltr'>τῷ</span> <span class='ocrx_word' id='word_1_455' title='bbox 916 3122 1269 3177; x_wconf 70' lang='grc' dir='ltr'>συλλαλοῢντι</span> <span class='ocrx_word' id='word_1_456' title='bbox 1300 3121 1476 3192; x_wconf 71' lang='grc' dir='ltr'>αὐτῷ,</span> <span class='ocrx_word' id='word_1_457' title='bbox 1526 3122 1815 3192; x_wconf 81' lang='grc' dir='ltr'>παρέδωκε</span> <span class='ocrx_word' id='word_1_458' title='bbox 1850 3123 1952 3192; x_wconf 82' lang='grc' dir='ltr'><strong>τήν</strong></span> <span class='ocrx_word' id='word_1_459' title='bbox 1996 3139 2077 3175; x_wconf 90' lang='grc' dir='ltr'><strong>τι-</strong></span> 
     </span>
    </p>
   </div>
   <div class='ocr_carea' id='block_1_61' title="bbox 2182 3120 3767 3213">
    <p class='ocr_par' dir='ltr' id='par_1_61' title="bbox 2182 3120 3767 3195">
     <span class='ocr_line' id='line_1_61' title="bbox 2182 3120 3767 3195; baseline -0.004 -15"><span class='ocrx_word' id='word_1_460' title='bbox 2182 3123 2439 3195; x_wconf 89' lang='lat' dir='ltr'><strong>Spiritus,</strong></span> <span class='ocrx_word' id='word_1_461' title='bbox 2464 3139 2625 3194; x_wconf 89' lang='lat' dir='ltr'><strong>quem</strong></span> <span class='ocrx_word' id='word_1_462' title='bbox 2644 3123 2955 3192; x_wconf 87' lang='lat' dir='ltr'><strong>loquentem</strong></span> <span class='ocrx_word' id='word_1_463' title='bbox 2990 3122 3044 3175; x_wconf 88' lang='lat' dir='ltr'><strong>in</strong></span> <span class='ocrx_word' id='word_1_464' title='bbox 3066 3137 3124 3176; x_wconf 89' lang='lat' dir='ltr'><strong>se</strong></span> <span class='ocrx_word' id='word_1_465' title='bbox 3150 3121 3398 3177; x_wconf 81' lang='lat' dir='ltr'><strong>habebat.</strong></span> <span class='ocrx_word' id='word_1_466' title='bbox 3418 3136 3521 3189; x_wconf 80' lang='lat' dir='ltr'><strong>ope</strong></span> <span class='ocrx_word' id='word_1_467' title='bbox 3545 3120 3767 3190; x_wconf 85' lang='lat' dir='ltr'><strong>adjutus</strong></span> 
     </span>
    </p>
   </div>
   <div class='ocr_carea' id='block_1_62' title="bbox 496 3213 2071 3287">
    <p class='ocr_par' dir='ltr' id='par_1_62' title="bbox 496 3213 2071 3287">
     <span class='ocr_line' id='line_1_62' title="bbox 496 3213 2071 3287; baseline -0.001 -19"><span class='ocrx_word' id='word_1_468' title='bbox 496 3219 630 3287; x_wconf 80' lang='grc' dir='ltr'>μίαν</span> <span class='ocrx_word' id='word_1_469' title='bbox 663 3216 828 3270; x_wconf 75' lang='grc' dir='ltr'>αὑτοῦ</span> <span class='ocrx_word' id='word_1_470' title='bbox 863 3215 1040 3287; x_wconf 74' lang='grc' dir='ltr'>ψυχὴν</span> <span class='ocrx_word' id='word_1_471' title='bbox 1073 3216 1153 3286; x_wconf 82' lang='grc' dir='ltr'>τῷ</span> <span class='ocrx_word' id='word_1_472' title='bbox 1202 3215 1342 3286; x_wconf 84' lang='grc' dir='ltr'>Θεῷ.</span> <span class='ocrx_word' id='word_1_473' title='bbox 1395 3214 1557 3268; x_wconf 75' lang='grc' dir='ltr'>Ἀλλὰ</span> <span class='ocrx_word' id='word_1_474' title='bbox 1601 3216 1635 3286; x_wconf 79' lang='grc' dir='ltr'>ἡ</span> <span class='ocrx_word' id='word_1_475' title='bbox 1690 3216 1872 3285; x_wconf 81' lang='grc' dir='ltr'>μήτηρ</span> <span class='ocrx_word' id='word_1_476' title='bbox 1906 3213 2071 3267; x_wconf 79' lang='grc' dir='ltr'>αὑτοῦ</span> 
     </span>
    </p>
   </div>
   <div class='ocr_carea' id='block_1_63' title="bbox 493 3307 2074 3380">
    <p class='ocr_par' dir='ltr' id='par_1_63' title="bbox 493 3307 2074 3380">
     <span class='ocr_line' id='line_1_63' title="bbox 493 3307 2074 3380; baseline -0.001 -19"><span class='ocrx_word' id='word_1_477' title='bbox 493 3308 865 3379; x_wconf 78' lang='grc' dir='ltr'>ἐπιλαθομένη</span> <span class='ocrx_word' id='word_1_478' title='bbox 910 3308 1007 3361; x_wconf 78' lang='grc' dir='ltr'>τοῦ</span> <span class='ocrx_word' id='word_1_479' title='bbox 1038 3309 1443 3380; x_wconf 83' lang='grc' dir='ltr'>προειρημένου</span> <span class='ocrx_word' id='word_1_480' title='bbox 1476 3309 1666 3378; x_wconf 84' lang='grc' dir='ltr'>ὅρκου,</span> <span class='ocrx_word' id='word_1_481' title='bbox 1700 3307 1948 3374; x_wconf 80' lang='grc' dir='ltr'>ἐξέδυσεν</span> <span class='ocrx_word' id='word_1_482' title='bbox 1974 3308 2074 3359; x_wconf 82' lang='grc' dir='ltr'>αὑ-</span> 
     </span>
    </p>
   </div>
   <div class='ocr_carea' id='block_1_64' title="bbox 491 3396 2075 3470">
    <p class='ocr_par' dir='ltr' id='par_1_64' title="bbox 491 3396 2075 3470">
     <span class='ocr_line' id='line_1_64' title="bbox 491 3396 2075 3470; baseline -0.003 -17"><span class='ocrx_word' id='word_1_483' title='bbox 491 3400 588 3453; x_wconf 79' lang='grc' dir='ltr'><strong>τὸν</strong></span> <span class='ocrx_word' id='word_1_484' title='bbox 615 3401 684 3452; x_wconf 77' lang='grc' dir='ltr'>τὰ</span> <span class='ocrx_word' id='word_1_485' title='bbox 716 3397 937 3470; x_wconf 70' lang='grc' dir='ltr'>ρακάδη</span> <span class='ocrx_word' id='word_1_486' title='bbox 987 3401 1181 3470; x_wconf 81' lang='grc' dir='ltr'>ἱμάτια</span> <span class='ocrx_word' id='word_1_487' title='bbox 1211 3437 1226 3462; x_wconf 85' lang='grc'><strong>,</strong></span> <span class='ocrx_word' id='word_1_488' title='bbox 1264 3399 1356 3451; x_wconf 78' lang='grc' dir='ltr'><strong>καὶ</strong></span> <span class='ocrx_word' id='word_1_489' title='bbox 1394 3397 1645 3451; x_wconf 81' lang='grc' dir='ltr'>ἐνέδυσεν</span> <span class='ocrx_word' id='word_1_490' title='bbox 1681 3396 1847 3449; x_wconf 80' lang='grc' dir='ltr'>αὑτὸν</span> <span class='ocrx_word' id='word_1_491' title='bbox 1875 3396 2075 3466; x_wconf 84' lang='grc' dir='ltr'>χρυσό-</span> 
     </span>
    </p>
   </div>
   <div class='ocr_carea' id='block_1_65' title="bbox 495 3489 2074 3561">
    <p class='ocr_par' dir='ltr' id='par_1_65' title="bbox 495 3489 2074 3561">
     <span class='ocr_line' id='line_1_65' title="bbox 495 3489 2074 3561; baseline -0.003 -17"><span class='ocrx_word' id='word_1_492' title='bbox 495 3508 685 3561; x_wconf 81' lang='grc' dir='ltr'>στημα</span> <span class='ocrx_word' id='word_1_493' title='bbox 703 3507 718 3520; x_wconf 86' lang='grc'><strong>·</strong></span> <span class='ocrx_word' id='word_1_494' title='bbox 758 3489 1068 3552; x_wconf 80' lang='grc' dir='ltr'>ἐνδυθέντος</span> <span class='ocrx_word' id='word_1_495' title='bbox 1096 3489 1154 3543; x_wconf 85' lang='grc' dir='ltr'><strong>δέ</strong></span> <span class='ocrx_word' id='word_1_496' title='bbox 1174 3490 1340 3543; x_wconf 80' lang='grc' dir='ltr'>αὑτοῦ</span> <span class='ocrx_word' id='word_1_497' title='bbox 1361 3489 1556 3555; x_wconf 81' lang='grc' dir='ltr'>ταῦτα,</span> <span class='ocrx_word' id='word_1_498' title='bbox 1588 3489 1794 3552; x_wconf 82' lang='grc' dir='ltr'>εὐθέως</span> <span class='ocrx_word' id='word_1_499' title='bbox 1821 3490 1854 3559; x_wconf 79' lang='grc' dir='ltr'><strong>ή</strong></span> <span class='ocrx_word' id='word_1_500' title='bbox 1888 3489 2074 3559; x_wconf 83' lang='grc' dir='ltr'>μήτηρ</span> 
     </span>
    </p>
   </div>
   <div class='ocr_carea' id='block_1_66' title="bbox 492 3580 2073 3653">
    <p class='ocr_par' dir='ltr' id='par_1_66' title="bbox 492 3580 2073 3653">
     <span class='ocr_line' id='line_1_66' title="bbox 492 3580 2073 3653; baseline -0.003 -16"><span class='ocrx_word' id='word_1_501' title='bbox 492 3582 594 3653; x_wconf 76' lang='grc' dir='ltr'><strong>ὅλη</strong></span> <span class='ocrx_word' id='word_1_502' title='bbox 632 3581 934 3653; x_wconf 84' lang='grc' dir='ltr'>παρελύθη.</span> <span class='ocrx_word' id='word_1_503' title='bbox 982 3582 1041 3635; x_wconf 88' lang='lat'><strong>&#39;0</strong></span> <span class='ocrx_word' id='word_1_504' title='bbox 1069 3581 1162 3636; x_wconf 79' lang='grc' dir='ltr'><strong>οὖν</strong></span> <span class='ocrx_word' id='word_1_505' title='bbox 1207 3581 1394 3653; x_wconf 81' lang='grc' dir='ltr'>πατὴρ</span> <span class='ocrx_word' id='word_1_506' title='bbox 1439 3582 1608 3635; x_wconf 83' lang='grc' dir='ltr'>αὐτοῦ</span> <span class='ocrx_word' id='word_1_507' title='bbox 1656 3584 1735 3646; x_wconf 85' lang='grc' dir='ltr'>εἰς</span> <span class='ocrx_word' id='word_1_508' title='bbox 1764 3580 2073 3650; x_wconf 81' lang='grc' dir='ltr'>ἀνάμνησιν</span> 
     </span>
    </p>
   </div>
   <div class='ocr_carea' id='block_1_67' title="bbox 494 3669 2071 3746">
    <p class='ocr_par' dir='ltr' id='par_1_67' title="bbox 494 3669 2071 3746">
     <span class='ocr_line' id='line_1_67' title="bbox 494 3669 2071 3746; baseline -0.003 -17"><span class='ocrx_word' id='word_1_509' title='bbox 494 3674 671 3729; x_wconf 80' lang='grc' dir='ltr'>ἐλθὼν</span> <span class='ocrx_word' id='word_1_510' title='bbox 701 3676 801 3746; x_wconf 79' lang='grc' dir='ltr'><strong>τῆς</strong></span> <span class='ocrx_word' id='word_1_511' title='bbox 840 3675 1111 3744; x_wconf 81' lang='grc' dir='ltr'>αἰτήσεως</span> <span class='ocrx_word' id='word_1_512' title='bbox 1168 3675 1358 3740; x_wconf 83' lang='grc' dir='ltr'>αὑτοῦ,</span> <span class='ocrx_word' id='word_1_513' title='bbox 1405 3669 1555 3728; x_wconf 67' lang='grc' dir='ltr'>εἷπε*</span> <span class='ocrx_word' id='word_1_514' title='bbox 1584 3674 1697 3743; x_wconf 85' lang='grc' dir='ltr'>Τὴν</span> <span class='ocrx_word' id='word_1_515' title='bbox 1750 3673 1946 3744; x_wconf 83' lang='grc' dir='ltr'>βουλὴν</span> <span class='ocrx_word' id='word_1_516' title='bbox 1978 3671 2071 3724; x_wconf 80' lang='grc' dir='ltr'>τοῦ</span> 
     </span>
    </p>
   </div>
   <div class='ocr_carea' id='block_1_68' title="bbox 497 3764 2074 3839">
    <p class='ocr_par' dir='ltr' id='par_1_68' title="bbox 497 3764 2074 3839">
     <span class='ocr_line' id='line_1_68' title="bbox 497 3764 2074 3839; baseline -0.003 -19"><span class='ocrx_word' id='word_1_517' title='bbox 497 3770 686 3822; x_wconf 79' lang='grc' dir='ltr'>τέκνου</span> <span class='ocrx_word' id='word_1_518' title='bbox 712 3768 871 3839; x_wconf 75' lang='grc' dir='ltr'>ἡμῶν</span> <span class='ocrx_word' id='word_1_519' title='bbox 903 3768 1245 3836; x_wconf 84' lang='grc' dir='ltr'>ποιήσωμεν.</span> <span class='ocrx_word' id='word_1_520' title='bbox 1279 3768 1391 3820; x_wconf 80' lang='grc' dir='ltr'>Καὶ</span> <span class='ocrx_word' id='word_1_521' title='bbox 1422 3765 1785 3828; x_wconf 80' lang='grc' dir='ltr'>ἀποδυθὲντος</span> <span class='ocrx_word' id='word_1_522' title='bbox 1811 3765 1976 3817; x_wconf 78' lang='grc' dir='ltr'>αὐτοῦ</span> <span class='ocrx_word' id='word_1_523' title='bbox 2004 3764 2074 3816; x_wconf 72' lang='grc' dir='ltr'><strong>τὰ</strong></span> 
     </span>
    </p>
   </div>
   <div class='ocr_carea' id='block_1_69' title="bbox 505 3855 2073 3930">
    <p class='ocr_par' dir='ltr' id='par_1_69' title="bbox 505 3855 2073 3930">
     <span class='ocr_line' id='line_1_69' title="bbox 505 3855 2073 3930; baseline -0.003 -18"><span class='ocrx_word' id='word_1_524' title='bbox 505 3862 859 3930; x_wconf 73' lang='grc' dir='ltr'>χρυσόστημα</span> <span class='ocrx_word' id='word_1_525' title='bbox 886 3860 1096 3930; x_wconf 81' lang='grc' dir='ltr'>ἱμάτια,</span> <span class='ocrx_word' id='word_1_526' title='bbox 1127 3860 1223 3913; x_wconf 72' lang='grc' dir='ltr'><strong>καὶ</strong></span> <span class='ocrx_word' id='word_1_527' title='bbox 1252 3859 1416 3912; x_wconf 84' lang='grc' dir='ltr'>πάλιν</span> <span class='ocrx_word' id='word_1_528' title='bbox 1449 3859 1519 3912; x_wconf 78' lang='grc' dir='ltr'>τὰ</span> <span class='ocrx_word' id='word_1_529' title='bbox 1549 3856 1768 3930; x_wconf 79' lang='grc' dir='ltr'>ῥακώδη</span> <span class='ocrx_word' id='word_1_530' title='bbox 1798 3855 2073 3909; x_wconf 78' lang='grc' dir='ltr'>εἱσδυθέν-</span> 
     </span>
    </p>
   </div>
   <div class='ocr_carea' id='block_1_70' title="bbox 512 3948 2071 4021">
    <p class='ocr_par' dir='ltr' id='par_1_70' title="bbox 512 3948 2071 4021">
     <span class='ocr_line' id='line_1_70' title="bbox 512 3948 2071 4021; baseline -0.001 -19"><span class='ocrx_word' id='word_1_531' title='bbox 512 3967 625 4014; x_wconf 87' lang='grc' dir='ltr'>τος,</span> <span class='ocrx_word' id='word_1_532' title='bbox 652 3952 787 4005; x_wconf 75' lang='grc' dir='ltr'>κατὰ</span> <span class='ocrx_word' id='word_1_533' title='bbox 830 3952 931 4021; x_wconf 80' lang='grc' dir='ltr'><strong>τὴν</strong></span> <span class='ocrx_word' id='word_1_534' title='bbox 964 3951 1128 4005; x_wconf 83' lang='grc' dir='ltr'>αὑτοῦ</span> <span class='ocrx_word' id='word_1_535' title='bbox 1160 3951 1435 4017; x_wconf 78' lang='grc' dir='ltr'>κέλευσιν,</span> <span class='ocrx_word' id='word_1_536' title='bbox 1486 3952 1833 4020; x_wconf 79' lang='grc' dir='ltr'>παραχρῆμα</span> <span class='ocrx_word' id='word_1_537' title='bbox 1879 3948 2000 4018; x_wconf 74' lang='grc' dir='ltr'>ἰάθη</span> <span class='ocrx_word' id='word_1_538' title='bbox 2036 3950 2071 4019; x_wconf 89' lang='grc' dir='ltr'><strong>ή</strong></span> 
     </span>
    </p>
   </div>
   <div class='ocr_carea' id='block_1_71' title="bbox 512 4039 2071 4113">
    <p class='ocr_par' dir='ltr' id='par_1_71' title="bbox 512 4039 2071 4113">
     <span class='ocr_line' id='line_1_71' title="bbox 512 4039 2071 4113; baseline -0.001 -20"><span class='ocrx_word' id='word_1_539' title='bbox 512 4043 893 4113; x_wconf 74' lang='grc' dir='ltr'>μήτηραὺτοῦ.</span> <span class='ocrx_word' id='word_1_540' title='bbox 922 4043 1029 4097; x_wconf 81' lang='grc' dir='ltr'><strong>Τοῦ</strong></span> <span class='ocrx_word' id='word_1_541' title='bbox 1061 4042 1118 4096; x_wconf 80' lang='grc' dir='ltr'>δὲ</span> <span class='ocrx_word' id='word_1_542' title='bbox 1147 4044 1305 4112; x_wconf 82' lang='grc' dir='ltr'>ἁγίου</span> <span class='ocrx_word' id='word_1_543' title='bbox 1333 4042 1526 4113; x_wconf 83' lang='grc' dir='ltr'>ἀνδρὸς</span> <span class='ocrx_word' id='word_1_544' title='bbox 1552 4041 1806 4108; x_wconf 79' lang='grc' dir='ltr'>λείψανον</span> <span class='ocrx_word' id='word_1_545' title='bbox 1836 4039 2071 4110; x_wconf 77' lang='grc' dir='ltr'>κατέθη-</span> 
     </span>
    </p>
   </div>
   <div class='ocr_carea' id='block_1_72' title="bbox 505 4131 2071 4210">
    <p class='ocr_par' dir='ltr' id='par_1_72' title="bbox 505 4131 2071 4210">
     <span class='ocr_line' id='line_1_72' title="bbox 505 4131 2071 4210; baseline -0.004 -21"><span class='ocrx_word' id='word_1_546' title='bbox 505 4152 605 4189; x_wconf 83' lang='grc' dir='ltr'><strong>καν</strong></span> <span class='ocrx_word' id='word_1_547' title='bbox 627 4137 685 4190; x_wconf 77' lang='grc' dir='ltr'><strong>ἐν</strong></span> <span class='ocrx_word' id='word_1_548' title='bbox 715 4137 903 4210; x_wconf 81' lang='grc' dir='ltr'>ἐκείνῃ</span> <span class='ocrx_word' id='word_1_549' title='bbox 932 4139 996 4208; x_wconf 80' lang='grc' dir='ltr'>τῇ</span> <span class='ocrx_word' id='word_1_550' title='bbox 1032 4135 1244 4209; x_wconf 80' lang='grc' dir='ltr'>καλύσῃ</span> <span class='ocrx_word' id='word_1_551' title='bbox 1297 4136 1348 4188; x_wconf 92' lang='grc' dir='ltr'>οἱ</span> <span class='ocrx_word' id='word_1_552' title='bbox 1390 4136 1570 4203; x_wconf 83' lang='grc' dir='ltr'>γονεῖς</span> <span class='ocrx_word' id='word_1_553' title='bbox 1603 4134 1770 4186; x_wconf 79' lang='grc' dir='ltr'>αὐτοῦ</span> <span class='ocrx_word' id='word_1_554' title='bbox 1792 4148 1807 4162; x_wconf 74' lang='grc' dir='ltr'><strong>ο</strong></span> <span class='ocrx_word' id='word_1_555' title='bbox 1842 4131 1987 4201; x_wconf 78' lang='grc' dir='ltr'>ἱερόν</span> <span class='ocrx_word' id='word_1_556' title='bbox 2009 4148 2071 4184; x_wconf 88' lang='grc' dir='ltr'><strong>τε</strong></span> 
     </span>
    </p>
   </div>
   <div class='ocr_carea' id='block_1_73' title="bbox 498 4224 2072 4302">
    <p class='ocr_par' dir='ltr' id='par_1_73' title="bbox 498 4224 2072 4302">
     <span class='ocr_line' id='line_1_73' title="bbox 498 4224 2072 4302; baseline -0.005 -18"><span class='ocrx_word' id='word_1_557' title='bbox 498 4225 603 4284; x_wconf 82' lang='grc' dir='ltr'><strong>ὦδε</strong></span> <span class='ocrx_word' id='word_1_558' title='bbox 630 4233 1037 4302; x_wconf 78' lang='grc' dir='ltr'>ἀναστήσαντες</span> <span class='ocrx_word' id='word_1_559' title='bbox 1059 4224 1209 4283; x_wconf 85' lang='grc' dir='ltr'>οἶκον</span> <span class='ocrx_word' id='word_1_560' title='bbox 1237 4229 1333 4282; x_wconf 75' lang='grc' dir='ltr'><strong>καὶ</strong></span> <span class='ocrx_word' id='word_1_561' title='bbox 1351 4228 1479 4282; x_wconf 83' lang='grc' dir='ltr'>ναὸν</span> <span class='ocrx_word' id='word_1_562' title='bbox 1515 4225 1872 4297; x_wconf 76' lang='grc' dir='ltr'>παμμεγέθη,</span> <span class='ocrx_word' id='word_1_563' title='bbox 1891 4226 2072 4287; x_wconf 82' lang='grc' dir='ltr'>δόντες</span> 
     </span>
    </p>
   </div>
   <div class='ocr_carea' id='block_1_74' title="bbox 494 4317 2068 4394">
    <p class='ocr_par' dir='ltr' id='par_1_74' title="bbox 494 4317 2068 4394">
     <span class='ocr_line' id='line_1_74' title="bbox 494 4317 2068 4394; baseline -0.004 -19"><span class='ocrx_word' id='word_1_564' title='bbox 494 4325 557 4377; x_wconf 85' lang='grc' dir='ltr'><strong>ἐν</strong></span> <span class='ocrx_word' id='word_1_565' title='bbox 588 4325 780 4394; x_wconf 75' lang='grc' dir='ltr'>ἐκείνῳ</span> <span class='ocrx_word' id='word_1_566' title='bbox 808 4323 887 4391; x_wconf 81' lang='grc' dir='ltr'><strong>τῷ</strong></span> <span class='ocrx_word' id='word_1_567' title='bbox 916 4323 1044 4393; x_wconf 83' lang='grc' dir='ltr'>Θείῳ</span> <span class='ocrx_word' id='word_1_568' title='bbox 1075 4322 1188 4394; x_wconf 82' lang='grc' dir='ltr'><strong>ναῷ</strong></span> <span class='ocrx_word' id='word_1_569' title='bbox 1229 4323 1410 4374; x_wconf 69' lang='grc' dir='ltr'>πᾶσαν</span> <span class='ocrx_word' id='word_1_570' title='bbox 1454 4321 1552 4391; x_wconf 81' lang='grc' dir='ltr'>τὴν</span> <span class='ocrx_word' id='word_1_571' title='bbox 1604 4318 1841 4389; x_wconf 71' lang='grc' dir='ltr'>ὕπαρξιν</span> <span class='ocrx_word' id='word_1_572' title='bbox 1869 4317 2068 4381; x_wconf 71' lang='grc' dir='ltr'>αὐτῶν,</span> 
     </span>
    </p>
   </div>
   <div class='ocr_carea' id='block_1_75' title="bbox 494 4408 2071 4485">
    <p class='ocr_par' dir='ltr' id='par_1_75' title="bbox 494 4408 2071 4485">
     <span class='ocr_line' id='line_1_75' title="bbox 494 4408 2071 4485; baseline -0.004 -18"><span class='ocrx_word' id='word_1_573' title='bbox 494 4414 593 4469; x_wconf 76' lang='grc' dir='ltr'>καὶ</span> <span class='ocrx_word' id='word_1_574' title='bbox 623 4414 825 4483; x_wconf 80' lang='grc' dir='ltr'>πολλὴν</span> <span class='ocrx_word' id='word_1_575' title='bbox 847 4414 944 4485; x_wconf 81' lang='grc' dir='ltr'>τὴν</span> <span class='ocrx_word' id='word_1_576' title='bbox 966 4412 1220 4478; x_wconf 78' lang='grc' dir='ltr'>ἐξουσίαν</span> <span class='ocrx_word' id='word_1_577' title='bbox 1248 4410 1660 4482; x_wconf 82' lang='grc' dir='ltr'>ἀφιερώσαντες</span> <span class='ocrx_word' id='word_1_578' title='bbox 1690 4412 1769 4472; x_wconf 78' lang='grc' dir='ltr'><strong>εἰς</strong></span> <span class='ocrx_word' id='word_1_579' title='bbox 1795 4408 2071 4463; x_wconf 85' lang='grc' dir='ltr'>διακονίαν</span> 
     </span>
    </p>
   </div>
   <div class='ocr_carea' id='block_1_76' title="bbox 2180 3210 3765 3279">
    <p class='ocr_par' dir='ltr' id='par_1_76' title="bbox 2180 3210 3765 3279">
     <span class='ocr_line' id='line_1_76' title="bbox 2180 3210 3765 3279; baseline -0.003 -9"><span class='ocrx_word' id='word_1_580' title='bbox 2180 3217 2416 3270; x_wconf 87' lang='lat' dir='ltr'><strong>animam</strong></span> <span class='ocrx_word' id='word_1_581' title='bbox 2474 3228 2627 3268; x_wconf 87' lang='lat' dir='ltr'><strong>suam</strong></span> <span class='ocrx_word' id='word_1_582' title='bbox 2653 3211 2762 3267; x_wconf 84' lang='lat' dir='ltr'><strong>Deo</strong></span> <span class='ocrx_word' id='word_1_583' title='bbox 2804 3212 3058 3267; x_wconf 85' lang='lat' dir='ltr'><strong>reddidit.</strong></span> <span class='ocrx_word' id='word_1_584' title='bbox 3108 3212 3175 3265; x_wconf 86' lang='lat' dir='ltr'><strong>At</strong></span> <span class='ocrx_word' id='word_1_585' title='bbox 3209 3212 3328 3279; x_wconf 87' lang='lat' dir='ltr'><strong>ejus</strong></span> <span class='ocrx_word' id='word_1_586' title='bbox 3369 3219 3541 3264; x_wconf 84' lang='lat' dir='ltr'><strong>mater</strong></span> <span class='ocrx_word' id='word_1_587' title='bbox 3595 3210 3765 3265; x_wconf 86' lang='lat' dir='ltr'><strong>oblita</strong></span> 
     </span>
    </p>
   </div>
   <div class='ocr_carea' id='block_1_77' title="bbox 2180 3303 3768 3379">
    <p class='ocr_par' dir='ltr' id='par_1_77' title="bbox 2180 3303 3768 3379">
     <span class='ocr_line' id='line_1_77' title="bbox 2180 3303 3768 3379; baseline -0.004 -15"><span class='ocrx_word' id='word_1_588' title='bbox 2180 3310 2326 3379; x_wconf 88' lang='lat' dir='ltr'><strong>quod</strong></span> <span class='ocrx_word' id='word_1_589' title='bbox 2367 3310 2674 3379; x_wconf 82' lang='lat' dir='ltr'><strong>iuraverat,</strong></span> <span class='ocrx_word' id='word_1_590' title='bbox 2729 3306 2983 3360; x_wconf 87' lang='lat' dir='ltr'><strong>laceratis</strong></span> <span class='ocrx_word' id='word_1_591' title='bbox 3029 3305 3276 3358; x_wconf 78' lang='lat' dir='ltr'><strong>vestibus</strong></span> <span class='ocrx_word' id='word_1_592' title='bbox 3307 3303 3454 3356; x_wconf 89' lang='lat' dir='ltr'><strong>illum</strong></span> <span class='ocrx_word' id='word_1_593' title='bbox 3488 3303 3658 3366; x_wconf 75' lang='lat' dir='ltr'><strong>exuit,</strong></span> <span class='ocrx_word' id='word_1_594' title='bbox 3710 3314 3768 3357; x_wconf 90' lang='lat' dir='ltr'><strong>et</strong></span> 
     </span>
    </p>
   </div>
   <div class='ocr_carea' id='block_1_78' title="bbox 2180 3396 3766 3468">
    <p class='ocr_par' dir='ltr' id='par_1_78' title="bbox 2180 3396 3766 3468">
     <span class='ocr_line' id='line_1_78' title="bbox 2180 3396 3766 3468; baseline -0.004 -13"><span class='ocrx_word' id='word_1_595' title='bbox 2180 3401 2365 3455; x_wconf 88' lang='lat' dir='ltr'><strong>aureis</strong></span> <span class='ocrx_word' id='word_1_596' title='bbox 2415 3399 2614 3464; x_wconf 89' lang='lat' dir='ltr'><strong>induit,</strong></span> <span class='ocrx_word' id='word_1_597' title='bbox 2666 3397 2871 3468; x_wconf 85' lang='lat' dir='ltr'><strong>quibus</strong></span> <span class='ocrx_word' id='word_1_598' title='bbox 2943 3412 3067 3450; x_wconf 88' lang='lat' dir='ltr'><strong>eum</strong></span> <span class='ocrx_word' id='word_1_599' title='bbox 3106 3396 3195 3450; x_wconf 90' lang='lat' dir='ltr'><strong>ille</strong></span> <span class='ocrx_word' id='word_1_600' title='bbox 3219 3396 3441 3448; x_wconf 87' lang='lat' dir='ltr'><strong>indutus</strong></span> <span class='ocrx_word' id='word_1_601' title='bbox 3476 3402 3646 3458; x_wconf 80' lang='lat' dir='ltr'><strong>esset,</strong></span> <span class='ocrx_word' id='word_1_602' title='bbox 3675 3408 3766 3448; x_wconf 89' lang='lat' dir='ltr'><strong>re-</strong></span> 
     </span>
    </p>
   </div>
   <div class='ocr_carea' id='block_1_79' title="bbox 2181 3485 3766 3564">
    <p class='ocr_par' dir='ltr' id='par_1_79' title="bbox 2181 3485 3766 3564">
     <span class='ocr_line' id='line_1_79' title="bbox 2181 3485 3766 3564; baseline -0.006 -16"><span class='ocrx_word' id='word_1_603' title='bbox 2181 3503 2344 3564; x_wconf 89' lang='lat' dir='ltr'><strong>pente</strong></span> <span class='ocrx_word' id='word_1_604' title='bbox 2372 3503 2544 3547; x_wconf 85' lang='lat' dir='ltr'><strong>mater</strong></span> <span class='ocrx_word' id='word_1_605' title='bbox 2578 3490 2870 3561; x_wconf 74' lang='lat' dir='ltr'><strong>paralytiea</strong></span> <span class='ocrx_word' id='word_1_606' title='bbox 2897 3488 3089 3543; x_wconf 79' lang='lat' dir='ltr'><strong>etl&#39;ccta</strong></span> <span class='ocrx_word' id='word_1_607' title='bbox 3120 3496 3223 3542; x_wconf 90' lang='lat' dir='ltr'><strong>est.</strong></span> <span class='ocrx_word' id='word_1_608' title='bbox 3286 3487 3423 3541; x_wconf 81' lang='lat' dir='ltr'><strong>Cum</strong></span> <span class='ocrx_word' id='word_1_609' title='bbox 3464 3500 3597 3540; x_wconf 86' lang='lat' dir='ltr'><strong>vero</strong></span> <span class='ocrx_word' id='word_1_610' title='bbox 3646 3485 3766 3554; x_wconf 85' lang='lat' dir='ltr'><strong>ejus</strong></span> 
     </span>
    </p>
   </div>
   <div class='ocr_carea' id='block_1_80' title="bbox 2180 3578 3767 3657">
    <p class='ocr_par' dir='ltr' id='par_1_80' title="bbox 2180 3578 3767 3657">
     <span class='ocr_line' id='line_1_80' title="bbox 2180 3578 3767 3657; baseline -0.007 -16"><span class='ocrx_word' id='word_1_611' title='bbox 2180 3585 2508 3657; x_wconf 84' lang='lat' dir='ltr'><strong>paterverba</strong></span> <span class='ocrx_word' id='word_1_612' title='bbox 2524 3584 2667 3638; x_wconf 87' lang='lat' dir='ltr'><strong>illius</strong></span> <span class='ocrx_word' id='word_1_613' title='bbox 2685 3582 2944 3637; x_wconf 88' lang='lat' dir='ltr'><strong>memoria</strong></span> <span class='ocrx_word' id='word_1_614' title='bbox 2962 3591 3248 3651; x_wconf 84' lang='lat' dir='ltr'><strong>repeteret:</strong></span> <span class='ocrx_word' id='word_1_615' title='bbox 3268 3579 3543 3643; x_wconf 86' lang='lat' dir='ltr'><strong>Servetur,</strong></span> <span class='ocrx_word' id='word_1_616' title='bbox 3569 3578 3767 3647; x_wconf 85' lang='lat' dir='ltr'><strong>inquit,</strong></span> 
     </span>
    </p>
   </div>
   <div class='ocr_carea' id='block_1_81' title="bbox 2180 3668 3764 3746">
    <p class='ocr_par' dir='ltr' id='par_1_81' title="bbox 2180 3668 3764 3746">
     <span class='ocr_line' id='line_1_81' title="bbox 2180 3668 3764 3746; baseline -0.006 -15"><span class='ocrx_word' id='word_1_617' title='bbox 2180 3678 2326 3746; x_wconf 84' lang='lat' dir='ltr'><strong>quod</strong></span> <span class='ocrx_word' id='word_1_618' title='bbox 2392 3675 2570 3728; x_wconf 89' lang='lat' dir='ltr'><strong>sancti</strong></span> <span class='ocrx_word' id='word_1_619' title='bbox 2610 3674 2782 3727; x_wconf 87' lang='lat' dir='ltr'><strong>nostri</strong></span> <span class='ocrx_word' id='word_1_620' title='bbox 2846 3670 2941 3724; x_wconf 83' lang='lat' dir='ltr'><strong>ﬁlii</strong></span> <span class='ocrx_word' id='word_1_621' title='bbox 2966 3672 3216 3723; x_wconf 83' lang='lat' dir='ltr'><strong>voluntas</strong></span> <span class='ocrx_word' id='word_1_622' title='bbox 3280 3669 3597 3738; x_wconf 85' lang='lat' dir='ltr'><strong>postulavit.</strong></span> <span class='ocrx_word' id='word_1_623' title='bbox 3627 3668 3764 3721; x_wconf 83' lang='lat' dir='ltr'><strong>Cum</strong></span> 
     </span>
    </p>
   </div>
   <div class='ocr_carea' id='block_1_82' title="bbox 2180 3758 3760 3838">
    <p class='ocr_par' dir='ltr' id='par_1_82' title="bbox 2180 3758 3760 3838">
     <span class='ocr_line' id='line_1_82' title="bbox 2180 3758 3760 3838; baseline -0.006 -17"><span class='ocrx_word' id='word_1_624' title='bbox 2180 3768 2346 3838; x_wconf 80' lang='lat' dir='ltr'><strong>igitur</strong></span> <span class='ocrx_word' id='word_1_625' title='bbox 2382 3767 2566 3819; x_wconf 87' lang='lat' dir='ltr'><strong>aureis</strong></span> <span class='ocrx_word' id='word_1_626' title='bbox 2602 3764 2849 3818; x_wconf 86' lang='lat' dir='ltr'><strong>vestibus</strong></span> <span class='ocrx_word' id='word_1_627' title='bbox 2906 3778 3032 3817; x_wconf 90' lang='lat' dir='ltr'><strong>eum</strong></span> <span class='ocrx_word' id='word_1_628' title='bbox 3085 3762 3385 3823; x_wconf 81' lang='lat' dir='ltr'><strong>exuissent,</strong></span> <span class='ocrx_word' id='word_1_629' title='bbox 3421 3758 3617 3813; x_wconf 87' lang='lat' dir='ltr'><strong>laceris</strong></span> <span class='ocrx_word' id='word_1_630' title='bbox 3650 3758 3760 3812; x_wconf 88' lang='lat' dir='ltr'><strong>illis</strong></span> 
     </span>
    </p>
   </div>
   <div class='ocr_carea' id='block_1_83' title="bbox 2181 3848 3759 3925">
    <p class='ocr_par' dir='ltr' id='par_1_83' title="bbox 2181 3848 3759 3925">
     <span class='ocr_line' id='line_1_83' title="bbox 2181 3848 3759 3925; baseline -0.007 -13"><span class='ocrx_word' id='word_1_631' title='bbox 2181 3859 2498 3917; x_wconf 87' lang='lat' dir='ltr'><strong>induerunt.</strong></span> <span class='ocrx_word' id='word_1_632' title='bbox 2527 3869 2662 3925; x_wconf 90' lang='lat' dir='ltr'><strong>quas</strong></span> <span class='ocrx_word' id='word_1_633' title='bbox 2703 3865 2861 3907; x_wconf 87' lang='lat' dir='ltr'><strong>antea</strong></span> <span class='ocrx_word' id='word_1_634' title='bbox 2919 3852 3123 3906; x_wconf 86' lang='lat' dir='ltr'><strong>habere</strong></span> <span class='ocrx_word' id='word_1_635' title='bbox 3154 3851 3346 3905; x_wconf 86' lang='lat' dir='ltr'><strong>solitus</strong></span> <span class='ocrx_word' id='word_1_636' title='bbox 3374 3852 3569 3903; x_wconf 78' lang='lat' dir='ltr'><strong>fuerat.</strong></span> <span class='ocrx_word' id='word_1_637' title='bbox 3637 3848 3759 3913; x_wconf 87' lang='lat' dir='ltr'><strong>Quo</strong></span> 
     </span>
    </p>
   </div>
   <div class='ocr_carea' id='block_1_84' title="bbox 2179 3940 3756 4017">
    <p class='ocr_par' dir='ltr' id='par_1_84' title="bbox 2179 3940 3756 4017">
     <span class='ocr_line' id='line_1_84' title="bbox 2179 3940 3756 4017; baseline -0.007 -13"><span class='ocrx_word' id='word_1_638' title='bbox 2179 3949 2345 4015; x_wconf 82' lang='lat' dir='ltr'><strong>facto,</strong></span> <span class='ocrx_word' id='word_1_639' title='bbox 2383 3948 2567 4017; x_wconf 69' lang='lat' dir='ltr'><strong>statim</strong></span> <span class='ocrx_word' id='word_1_640' title='bbox 2595 3946 2714 4015; x_wconf 86' lang='lat' dir='ltr'><strong>ejus</strong></span> <span class='ocrx_word' id='word_1_641' title='bbox 2760 3952 2935 3998; x_wconf 85' lang='lat' dir='ltr'><strong>mater</strong></span> <span class='ocrx_word' id='word_1_642' title='bbox 2989 3950 3179 3996; x_wconf 87' lang='lat' dir='ltr'><strong>sanata</strong></span> <span class='ocrx_word' id='word_1_643' title='bbox 3212 3951 3317 3995; x_wconf 88' lang='lat' dir='ltr'><strong>est.</strong></span> <span class='ocrx_word' id='word_1_644' title='bbox 3381 3940 3532 3995; x_wconf 79' lang='lat' dir='ltr'><strong>Illius</strong></span> <span class='ocrx_word' id='word_1_645' title='bbox 3572 3952 3756 3994; x_wconf 83' lang='lat' dir='ltr'><strong>autem</strong></span> 
     </span>
    </p>
   </div>
   <div class='ocr_carea' id='block_1_85' title="bbox 2179 4028 3761 4104">
    <p class='ocr_par' dir='ltr' id='par_1_85' title="bbox 2179 4028 3761 4104">
     <span class='ocr_line' id='line_1_85' title="bbox 2179 4028 3761 4104; baseline -0.008 -10"><span class='ocrx_word' id='word_1_646' title='bbox 2179 4037 2355 4094; x_wconf 88' lang='lat' dir='ltr'><strong>sancti</strong></span> <span class='ocrx_word' id='word_1_647' title='bbox 2386 4037 2490 4091; x_wconf 89' lang='lat' dir='ltr'><strong>viri</strong></span> <span class='ocrx_word' id='word_1_648' title='bbox 2516 4035 2779 4104; x_wconf 83' lang='lat' dir='ltr'><strong>reliquias</strong></span> <span class='ocrx_word' id='word_1_649' title='bbox 2808 4034 2862 4087; x_wconf 93' lang='lat' dir='ltr'><strong>in</strong></span> <span class='ocrx_word' id='word_1_650' title='bbox 2895 4032 3112 4103; x_wconf 84' lang='lat' dir='ltr'><strong>tugurio</strong></span> <span class='ocrx_word' id='word_1_651' title='bbox 3151 4031 3244 4084; x_wconf 89' lang='lat' dir='ltr'><strong>illo</strong></span> <span class='ocrx_word' id='word_1_652' title='bbox 3272 4039 3529 4100; x_wconf 85' lang='lat' dir='ltr'><strong>parentes</strong></span> <span class='ocrx_word' id='word_1_653' title='bbox 3568 4028 3761 4083; x_wconf 83' lang='lat' dir='ltr'><strong>condi-</strong></span> 
     </span>
    </p>
   </div>
   <div class='ocr_carea' id='block_1_86' title="bbox 2179 4122 3761 4194">
    <p class='ocr_par' dir='ltr' id='par_1_86' title="bbox 2179 4122 3761 4194">
     <span class='ocr_line' id='line_1_86' title="bbox 2179 4122 3761 4194; baseline -0.008 -10"><span class='ocrx_word' id='word_1_654' title='bbox 2179 4132 2399 4194; x_wconf 84' lang='lat' dir='ltr'><strong>derunt,</strong></span> <span class='ocrx_word' id='word_1_655' title='bbox 2450 4136 2505 4183; x_wconf 87' lang='lat' dir='ltr'><strong>et</strong></span> <span class='ocrx_word' id='word_1_656' title='bbox 2555 4142 2763 4181; x_wconf 86' lang='lat' dir='ltr'><strong>sacram</strong></span> <span class='ocrx_word' id='word_1_657' title='bbox 2816 4126 2986 4179; x_wconf 66' lang='lat' dir='ltr'><strong>tndem</strong></span> <span class='ocrx_word' id='word_1_658' title='bbox 3053 4122 3163 4176; x_wconf 87' lang='lat' dir='ltr'><strong>illic</strong></span> <span class='ocrx_word' id='word_1_659' title='bbox 3193 4123 3242 4175; x_wconf 77' lang='lat' dir='ltr'><strong>ei</strong></span> <span class='ocrx_word' id='word_1_660' title='bbox 3310 4128 3761 4182; x_wconf 80' lang='lat' dir='ltr'><strong>construxerunt,</strong></span> 
     </span>
    </p>
   </div>
   <div class='ocr_carea' id='block_1_87' title="bbox 2180 4214 3760 4287">
    <p class='ocr_par' dir='ltr' id='par_1_87' title="bbox 2180 4214 3760 4287">
     <span class='ocr_line' id='line_1_87' title="bbox 2180 4214 3760 4287; baseline -0.007 -10"><span class='ocrx_word' id='word_1_661' title='bbox 2180 4221 2470 4287; x_wconf 88' lang='lat' dir='ltr'><strong>omniaque</strong></span> <span class='ocrx_word' id='word_1_662' title='bbox 2535 4220 2675 4274; x_wconf 88' lang='lat' dir='ltr'><strong>bona</strong></span> <span class='ocrx_word' id='word_1_663' title='bbox 2718 4233 2816 4272; x_wconf 89' lang='lat' dir='ltr'><strong>sua</strong></span> <span class='ocrx_word' id='word_1_664' title='bbox 2865 4232 3019 4272; x_wconf 85' lang='lat' dir='ltr'><strong>sacro</strong></span> <span class='ocrx_word' id='word_1_665' title='bbox 3051 4215 3127 4268; x_wconf 91' lang='lat' dir='ltr'><strong>illi</strong></span> <span class='ocrx_word' id='word_1_666' title='bbox 3186 4214 3389 4283; x_wconf 89' lang='lat' dir='ltr'><strong>templo</strong></span> <span class='ocrx_word' id='word_1_667' title='bbox 3419 4215 3760 4267; x_wconf 75' lang='lat' dir='ltr'><strong>dedicatum.</strong></span> 
     </span>
    </p>
   </div>
   <div class='ocr_carea' id='block_1_88' title="bbox 2179 4305 3758 4384">
    <p class='ocr_par' dir='ltr' id='par_1_88' title="bbox 2179 4305 3758 4384">
     <span class='ocr_line' id='line_1_88' title="bbox 2179 4305 3758 4384; baseline -0.008 -14"><span class='ocrx_word' id='word_1_668' title='bbox 2179 4314 2426 4384; x_wconf 86' lang='lat' dir='ltr'><strong>Cumque</strong></span> <span class='ocrx_word' id='word_1_669' title='bbox 2451 4312 2651 4366; x_wconf 87' lang='lat' dir='ltr'><strong>multas</strong></span> <span class='ocrx_word' id='word_1_670' title='bbox 2670 4310 2933 4380; x_wconf 87' lang='lat' dir='ltr'><strong>pecunias</strong></span> <span class='ocrx_word' id='word_1_671' title='bbox 2962 4309 3017 4362; x_wconf 90' lang='lat' dir='ltr'><strong>in</strong></span> <span class='ocrx_word' id='word_1_672' title='bbox 3057 4308 3468 4378; x_wconf 80' lang='lat' dir='ltr'><strong>peregrinorum</strong></span> <span class='ocrx_word' id='word_1_673' title='bbox 3504 4305 3758 4358; x_wconf 75' lang='lat' dir='ltr'><strong>ministe-</strong></span> 
     </span>
    </p>
   </div>
   <div class='ocr_carea' id='block_1_89' title="bbox 2181 4395 3758 4471">
    <p class='ocr_par' dir='ltr' id='par_1_89' title="bbox 2181 4395 3758 4471">
     <span class='ocr_line' id='line_1_89' title="bbox 2181 4395 3758 4471; baseline -0.007 -11"><span class='ocrx_word' id='word_1_674' title='bbox 2181 4406 2322 4461; x_wconf 89' lang='lat' dir='ltr'><strong>rium</strong></span> <span class='ocrx_word' id='word_1_675' title='bbox 2358 4404 2740 4466; x_wconf 81' lang='lat' dir='ltr'><strong>contulissent,</strong></span> <span class='ocrx_word' id='word_1_676' title='bbox 2766 4401 2823 4454; x_wconf 90' lang='lat' dir='ltr'><strong>in</strong></span> <span class='ocrx_word' id='word_1_677' title='bbox 2870 4415 3003 4471; x_wconf 90' lang='lat' dir='ltr'><strong>pace</strong></span> <span class='ocrx_word' id='word_1_678' title='bbox 3052 4400 3196 4453; x_wconf 84' lang='lat' dir='ltr'><strong>diem</strong></span> <span class='ocrx_word' id='word_1_679' title='bbox 3272 4410 3433 4452; x_wconf 86' lang='lat' dir='ltr'><strong>suum</strong></span> <span class='ocrx_word' id='word_1_680' title='bbox 3483 4395 3758 4449; x_wconf 81' lang='lat' dir='ltr'><strong>obierunt.</strong></span> 
     </span>
    </p>
   </div>
   <div class='ocr_carea' id='block_1_90' title="bbox 491 4490 2078 4577">
    <p class='ocr_par' dir='ltr' id='par_1_90' title="bbox 491 4500 2074 4577">
     <span class='ocr_line' id='line_1_90' title="bbox 491 4500 2074 4577; baseline -0.004 -18"><span class='ocrx_word' id='word_1_681' title='bbox 491 4506 605 4560; x_wconf 81' lang='grc' dir='ltr'>τῶν</span> <span class='ocrx_word' id='word_1_682' title='bbox 636 4506 825 4572; x_wconf 81' lang='grc' dir='ltr'>ξένων,</span> <span class='ocrx_word' id='word_1_683' title='bbox 853 4505 1229 4577; x_wconf 73' lang='grc' dir='ltr'>ἐκοιμήθησαν</span> <span class='ocrx_word' id='word_1_684' title='bbox 1256 4506 1314 4558; x_wconf 89' lang='grc' dir='ltr'><strong>ἐν</strong></span> <span class='ocrx_word' id='word_1_685' title='bbox 1341 4505 1556 4574; x_wconf 75' lang='grc' dir='ltr'>εἰρήνη.</span> <span class='ocrx_word' id='word_1_686' title='bbox 1589 4500 1737 4569; x_wconf 78' lang='grc' dir='ltr'>Αὕτη</span> <span class='ocrx_word' id='word_1_687' title='bbox 1763 4503 1797 4571; x_wconf 86' lang='grc' dir='ltr'><strong>ή</strong></span> <span class='ocrx_word' id='word_1_688' title='bbox 1827 4500 2074 4554; x_wconf 84' lang='grc' dir='ltr'>πολιτεία</span> 
     </span>
    </p>
   </div>
   <div class='ocr_carea' id='block_1_91' title="bbox 2182 4490 3758 4577">
    <p class='ocr_par' dir='ltr' id='par_1_91' title="bbox 2182 4490 3758 4553">
     <span class='ocr_line' id='line_1_91' title="bbox 2182 4490 3758 4553; baseline -0.009 0"><span class='ocrx_word' id='word_1_689' title='bbox 2182 4498 2307 4553; x_wconf 72' lang='lat' dir='ltr'><strong>Haec</strong></span> <span class='ocrx_word' id='word_1_690' title='bbox 2336 4496 2439 4551; x_wconf 80' lang='lat' dir='ltr'><strong>fuit</strong></span> <span class='ocrx_word' id='word_1_691' title='bbox 2490 4494 2719 4550; x_wconf 82' lang='lat' dir='ltr'><strong>Joannis</strong></span> <span class='ocrx_word' id='word_1_692' title='bbox 2777 4492 3071 4553; x_wconf 87' lang='lat' dir='ltr'><strong>institutio,</strong></span> <span class='ocrx_word' id='word_1_693' title='bbox 3122 4490 3239 4545; x_wconf 68' lang='lat' dir='ltr'><strong>hanc</strong></span> <span class='ocrx_word' id='word_1_694' title='bbox 3294 4490 3427 4550; x_wconf 84' lang='lat' dir='ltr'><strong>vita,</strong></span> <span class='ocrx_word' id='word_1_695' title='bbox 3454 4496 3509 4539; x_wconf 81' lang='lat' dir='ltr'><strong>et</strong></span> <span class='ocrx_word' id='word_1_696' title='bbox 3554 4498 3758 4540; x_wconf 65' lang='lat' dir='ltr'><strong>sanctus</strong></span> 
     </span>
    </p>
   </div>
   <div class='ocr_carea' id='block_1_92' title="bbox 491 4588 2073 4669">
    <p class='ocr_par' dir='ltr' id='par_1_92' title="bbox 491 4588 2073 4669">
     <span class='ocr_line' id='line_1_92' title="bbox 491 4588 2073 4669; baseline -0.004 -21"><span class='ocrx_word' id='word_1_697' title='bbox 491 4594 589 4649; x_wconf 72' lang='grc' dir='ltr'>τοῦ</span> <span class='ocrx_word' id='word_1_698' title='bbox 617 4595 896 4659; x_wconf 82' lang='grc' dir='ltr'>Ἰωάννου,</span> <span class='ocrx_word' id='word_1_699' title='bbox 928 4588 1082 4657; x_wconf 68' lang='grc' dir='ltr'>οὗτος</span> <span class='ocrx_word' id='word_1_700' title='bbox 1114 4596 1144 4646; x_wconf 85' lang='grc' dir='ltr'>ὁ</span> <span class='ocrx_word' id='word_1_701' title='bbox 1177 4592 1289 4663; x_wconf 86' lang='grc' dir='ltr'>βίος</span> <span class='ocrx_word' id='word_1_702' title='bbox 1331 4593 1428 4646; x_wconf 74' lang='grc' dir='ltr'>καὶ</span> <span class='ocrx_word' id='word_1_703' title='bbox 1463 4595 1492 4646; x_wconf 89' lang='grc' dir='ltr'><strong>ὁ</strong></span> <span class='ocrx_word' id='word_1_704' title='bbox 1519 4591 1720 4669; x_wconf 81' lang='grc' dir='ltr'>δρόμος</span> <span class='ocrx_word' id='word_1_705' title='bbox 1766 4590 1865 4660; x_wconf 84' lang='grc' dir='ltr'>τῆς</span> <span class='ocrx_word' id='word_1_706' title='bbox 1912 4591 2073 4661; x_wconf 76' lang='grc' dir='ltr'>ἁγίας</span> 
     </span>
    </p>
   </div>
   <div class='ocr_carea' id='block_1_93' title="bbox 492 4685 2074 4759">
    <p class='ocr_par' dir='ltr' id='par_1_93' title="bbox 492 4685 2074 4759">
     <span class='ocr_line' id='line_1_93' title="bbox 492 4685 2074 4759; baseline -0.003 -18"><span class='ocrx_word' id='word_1_707' title='bbox 492 4689 783 4759; x_wconf 75' lang='grc' dir='ltr'>ἀσκήσεως</span> <span class='ocrx_word' id='word_1_708' title='bbox 831 4688 1019 4740; x_wconf 74' lang='grc' dir='ltr'>αὑτοῦ.</span> <span class='ocrx_word' id='word_1_709' title='bbox 1072 4685 1231 4740; x_wconf 80' lang='grc' dir='ltr'>Οὒτω</span> <span class='ocrx_word' id='word_1_710' title='bbox 1263 4686 1515 4754; x_wconf 83' lang='grc' dir='ltr'>πατήσας</span> <span class='ocrx_word' id='word_1_711' title='bbox 1557 4685 1650 4736; x_wconf 82' lang='grc' dir='ltr'><strong>τὸν</strong></span> <span class='ocrx_word' id='word_1_712' title='bbox 1699 4685 2074 4754; x_wconf 84' lang='grc' dir='ltr'>ἀντικείμενον</span> 
     </span>
    </p>
   </div>
   <div class='ocr_carea' id='block_1_94' title="bbox 489 4776 2075 4851">
    <p class='ocr_par' dir='ltr' id='par_1_94' title="bbox 489 4776 2075 4851">
     <span class='ocr_line' id='line_1_94' title="bbox 489 4776 2075 4851; baseline -0.001 -21"><span class='ocrx_word' id='word_1_713' title='bbox 489 4779 700 4851; x_wconf 66' lang='grc' dir='ltr'>ἠξιώθη</span> <span class='ocrx_word' id='word_1_714' title='bbox 735 4779 833 4832; x_wconf 81' lang='grc' dir='ltr'><strong>τοῦ</strong></span> <span class='ocrx_word' id='word_1_715' title='bbox 867 4778 1127 4850; x_wconf 75' lang='grc' dir='ltr'>βραϐείου</span> <span class='ocrx_word' id='word_1_716' title='bbox 1162 4781 1262 4849; x_wconf 74' lang='grc' dir='ltr'>τῆς</span> <span class='ocrx_word' id='word_1_717' title='bbox 1306 4779 1420 4833; x_wconf 78' lang='grc' dir='ltr'>ἄνω</span> <span class='ocrx_word' id='word_1_718' title='bbox 1466 4776 1735 4848; x_wconf 87' lang='grc' dir='ltr'>κλήσεως,</span> <span class='ocrx_word' id='word_1_719' title='bbox 1770 4779 1829 4827; x_wconf 78' lang='grc' dir='ltr'><strong>ἐν</strong></span> <span class='ocrx_word' id='word_1_720' title='bbox 1853 4776 2075 4847; x_wconf 85' lang='grc' dir='ltr'>Χριστῷ</span> 
     </span>
    </p>
   </div>
   <div class='ocr_carea' id='block_1_95' title="bbox 489 4866 2073 4945">
    <p class='ocr_par' dir='ltr' id='par_1_95' title="bbox 489 4866 2073 4945">
     <span class='ocr_line' id='line_1_95' title="bbox 489 4866 2073 4945; baseline 0 -21"><span class='ocrx_word' id='word_1_721' title='bbox 489 4872 572 4942; x_wconf 68' lang='grc' dir='ltr'>τῷ</span> <span class='ocrx_word' id='word_1_722' title='bbox 603 4873 800 4943; x_wconf 79' lang='grc' dir='ltr'>Κυρίῳ</span> <span class='ocrx_word' id='word_1_723' title='bbox 833 4873 1013 4943; x_wconf 81' lang='grc' dir='ltr'>ἡμῶν,</span> <span class='ocrx_word' id='word_1_724' title='bbox 1045 4866 1090 4941; x_wconf 77' lang='grc' dir='ltr'><strong>ᾧ</strong></span> <span class='ocrx_word' id='word_1_725' title='bbox 1116 4874 1151 4945; x_wconf 86' lang='grc' dir='ltr'><strong>ή</strong></span> <span class='ocrx_word' id='word_1_726' title='bbox 1180 4872 1308 4939; x_wconf 80' lang='grc' dir='ltr'>δόξα</span> <span class='ocrx_word' id='word_1_727' title='bbox 1352 4871 1537 4927; x_wconf 76' lang='grc' dir='ltr'>καὶτὸ</span> <span class='ocrx_word' id='word_1_728' title='bbox 1565 4871 1771 4942; x_wconf 84' lang='grc' dir='ltr'>κράτος</span> <span class='ocrx_word' id='word_1_729' title='bbox 1814 4870 1895 4933; x_wconf 78' lang='grc' dir='ltr'><strong>είς</strong></span> <span class='ocrx_word' id='word_1_730' title='bbox 1945 4871 2073 4930; x_wconf 77' lang='grc' dir='ltr'>τοὺς</span> 
     </span>
    </p>
   </div>
   <div class='ocr_carea' id='block_1_96' title="bbox 489 4963 1335 5037">
    <p class='ocr_par' dir='ltr' id='par_1_96' title="bbox 489 4963 1335 5037">
     <span class='ocr_line' id='line_1_96' title="bbox 489 4963 1335 5037; baseline 0.006 -23"><span class='ocrx_word' id='word_1_731' title='bbox 489 4965 696 5019; x_wconf 54' lang='grc' dir='ltr'>αἰῶνας</span> <span class='ocrx_word' id='word_1_732' title='bbox 726 4966 837 5019; x_wconf 84' lang='grc' dir='ltr'><strong>τῶν</strong></span> <span class='ocrx_word' id='word_1_733' title='bbox 868 4964 1104 5021; x_wconf 81' lang='grc' dir='ltr'>αἰώνων.</span> <span class='ocrx_word' id='word_1_734' title='bbox 1138 4963 1335 5037; x_wconf 77' lang='grc' dir='ltr'>’Δμήνο</span> 
     </span>
    </p>
   </div>
   <div class='ocr_carea' id='block_1_97' title="bbox 2181 4578 3755 4660">
    <p class='ocr_par' dir='ltr' id='par_1_97' title="bbox 2181 4578 3755 4660">
     <span class='ocr_line' id='line_1_97' title="bbox 2181 4578 3755 4660; baseline -0.01 -17"><span class='ocrx_word' id='word_1_735' title='bbox 2181 4590 2351 4660; x_wconf 89' lang='lat' dir='ltr'><strong>ipsius</strong></span> <span class='ocrx_word' id='word_1_736' title='bbox 2380 4585 2785 4643; x_wconf 81' lang='lat' dir='ltr'><strong>exercitationis</strong></span> <span class='ocrx_word' id='word_1_737' title='bbox 2811 4585 2969 4639; x_wconf 84' lang='lat' dir='ltr'><strong>ratio.</strong></span> <span class='ocrx_word' id='word_1_738' title='bbox 3012 4581 3130 4641; x_wconf 86' lang='lat' dir='ltr'><strong>Hic.</strong></span> <span class='ocrx_word' id='word_1_739' title='bbox 3168 4583 3411 4649; x_wconf 84' lang='lat' dir='ltr'><strong>inquam,</strong></span> <span class='ocrx_word' id='word_1_740' title='bbox 3459 4591 3582 4630; x_wconf 90' lang='lat' dir='ltr'><strong>cum</strong></span> <span class='ocrx_word' id='word_1_741' title='bbox 3634 4578 3755 4630; x_wconf 83' lang='lat' dir='ltr'><strong>dia-</strong></span> 
     </span>
    </p>
   </div>
   <div class='ocr_carea' id='block_1_98' title="bbox 2182 4669 3760 4743">
    <p class='ocr_par' dir='ltr' id='par_1_98' title="bbox 2182 4669 3760 4743">
     <span class='ocr_line' id='line_1_98' title="bbox 2182 4669 3760 4743; baseline -0.01 -7"><span class='ocrx_word' id='word_1_742' title='bbox 2182 4683 2365 4737; x_wconf 89' lang='lat' dir='ltr'><strong>bolum</strong></span> <span class='ocrx_word' id='word_1_743' title='bbox 2431 4679 2828 4740; x_wconf 85' lang='lat' dir='ltr'><strong>conculcasset,</strong></span> <span class='ocrx_word' id='word_1_744' title='bbox 2906 4688 3159 4743; x_wconf 79' lang='lat' dir='ltr'><strong>supernae</strong></span> <span class='ocrx_word' id='word_1_745' title='bbox 3211 4669 3515 4724; x_wconf 83' lang='lat' dir='ltr'><strong>vocationis</strong></span> <span class='ocrx_word' id='word_1_746' title='bbox 3571 4669 3760 4722; x_wconf 83' lang='lat' dir='ltr'><strong>bravio</strong></span> 
     </span>
    </p>
   </div>
   <div class='ocr_carea' id='block_1_99' title="bbox 2183 4760 3757 4843">
    <p class='ocr_par' dir='ltr' id='par_1_99' title="bbox 2183 4760 3757 4843">
     <span class='ocr_line' id='line_1_99' title="bbox 2183 4760 3757 4843; baseline -0.01 -16"><span class='ocrx_word' id='word_1_747' title='bbox 2183 4773 2376 4843; x_wconf 82' lang='lat' dir='ltr'><strong>dignus</strong></span> <span class='ocrx_word' id='word_1_748' title='bbox 2409 4771 2639 4825; x_wconf 75' lang='lat' dir='ltr'><strong>eﬁ‘ectus</strong></span> <span class='ocrx_word' id='word_1_749' title='bbox 2693 4778 2798 4834; x_wconf 90' lang='lat' dir='ltr'><strong>est,</strong></span> <span class='ocrx_word' id='word_1_750' title='bbox 2856 4766 3026 4838; x_wconf 74' lang='lat' dir='ltr'><strong>gratia</strong></span> <span class='ocrx_word' id='word_1_751' title='bbox 3065 4772 3120 4818; x_wconf 80' lang='lat' dir='ltr'><strong>et</strong></span> <span class='ocrx_word' id='word_1_752' title='bbox 3171 4763 3505 4832; x_wconf 80' lang='lat' dir='ltr'><strong>benignitate</strong></span> <span class='ocrx_word' id='word_1_753' title='bbox 3547 4760 3757 4812; x_wconf 85' lang='lat' dir='ltr'><strong>Domini</strong></span> 
     </span>
    </p>
   </div>
   <div class='ocr_carea' id='block_1_100' title="bbox 2180 4851 3759 4929">
    <p class='ocr_par' dir='ltr' id='par_1_100' title="bbox 2180 4851 3759 4929">
     <span class='ocr_line' id='line_1_100' title="bbox 2180 4851 3759 4929; baseline -0.011 -8"><span class='ocrx_word' id='word_1_754' title='bbox 2180 4867 2355 4921; x_wconf 88' lang='lat' dir='ltr'><strong>nostri</strong></span> <span class='ocrx_word' id='word_1_755' title='bbox 2389 4864 2518 4919; x_wconf 86' lang='lat' dir='ltr'><strong>Jesu</strong></span> <span class='ocrx_word' id='word_1_756' title='bbox 2541 4860 2744 4917; x_wconf 83' lang='lat' dir='ltr'><strong>Christi</strong></span> <span class='ocrx_word' id='word_1_757' title='bbox 2772 4878 2786 4913; x_wconf 88' lang='lat'><strong>:</strong></span> <span class='ocrx_word' id='word_1_758' title='bbox 2832 4859 2919 4913; x_wconf 92' lang='lat' dir='ltr'><strong>cui</strong></span> <span class='ocrx_word' id='word_1_759' title='bbox 2977 4855 3143 4929; x_wconf 78' lang='lat' dir='ltr'><strong>gloria</strong></span> <span class='ocrx_word' id='word_1_760' title='bbox 3171 4863 3226 4910; x_wconf 90' lang='lat' dir='ltr'><strong>et</strong></span> <span class='ocrx_word' id='word_1_761' title='bbox 3262 4852 3552 4920; x_wconf 87' lang='lat' dir='ltr'><strong>imperium</strong></span> <span class='ocrx_word' id='word_1_762' title='bbox 3582 4851 3637 4904; x_wconf 92' lang='lat' dir='ltr'><strong>in</strong></span> <span class='ocrx_word' id='word_1_763' title='bbox 3658 4865 3759 4905; x_wconf 76' lang='lat' dir='ltr'><strong>ste-</strong></span> 
     </span>
    </p>
   </div>
   <div class='ocr_carea' id='block_1_101' title="bbox 2181 4955 2900 5014">
    <p class='ocr_par' dir='ltr' id='par_1_101' title="bbox 2181 4955 2900 5014">
     <span class='ocr_line' id='line_1_101' title="bbox 2181 4955 2900 5014; baseline -0.014 0"><span class='ocrx_word' id='word_1_764' title='bbox 2181 4960 2301 5014; x_wconf 91' lang='lat' dir='ltr'><strong>cula</strong></span> <span class='ocrx_word' id='word_1_765' title='bbox 2335 4956 2679 5013; x_wconf 67' lang='lat' dir='ltr'><strong>smculorum.</strong></span> <span class='ocrx_word' id='word_1_766' title='bbox 2706 4955 2900 5006; x_wconf 73' lang='lat' dir='ltr'><strong>Amen.</strong></span> 
     </span>
    </p>
   </div>
  </div>
