4144 6412
494 353 3718 419 Wﬂm

1507 588 1688 698 DE
1775 583 1896 695 S.
1995 577 2766 696 EUTHYMIO
2802 573 2851 686 ί

1246 807 1698 871 HEGUMENO
1742 807 1822 867 IN
1869 802 2152 864 EREMO
2197 801 2530 865 SANCTJE
2573 799 3008 862 ClVITATlS.

1467 972 1632 1030 (Anno
1657 969 1763 1018 475.
1787 969 1895 1018 Jan.
1924 965 2004 1014 20.
2029 991 2091 1000 -
2117 965 2340 1014 Bolland.
2363 965 2423 1014 ad
2441 965 2569 1014 hanc
2593 963 2767 1026 diem.)

478 1243 510 1319 ᾗ
561 1248 624 1319 l.
665 1245 857 1319 Lam-qs
914 1251 958 1293 el
988 1238 1225 1319 -ςρεηυωξ
1292 1235 1642 1319 differentia._
1795 1232 2069 1319 Euthymii
2097 1238 2149 1297 Α
2175 1229 2234 1284 S.
2261 1229 2534 1299 Euthymii
2559 1227 2901 1294 conscripsit,
2931 1228 3089 1298 paulo
3113 1237 3235 1298 post
3269 1245 3467 1284 annum
3491 1231 3618 1287 Chr.
3648 1233 3756 1288 500

553 1318 765 1383 aliaque
795 1315 934 1366 circa
975 1303 1397 1376 Hierosolymam
1435 1303 1782 1370 monasteria,
1811 1314 1856 1357 et
1892 1305 2060 1371 prima

550 1395 878 1441 επενϊιιαιιυ.

551 1521 603 1574 1.
630 1519 868 1573 Primum
887 1513 1094 1571 ordinis
1121 1509 1408 1566 monastici
1434 1509 1797 1564 institutorem
1821 1504 2064 1574 agnoscit

479 1611 772 1666 Palmstina
821 1607 879 1662 S.
914 1605 1267 1667 llilarionem,
1318 1599 1499 1668 magni
1555 1597 1774 1652 Antonii
1827 1596 2062 1663 discipu-

481 1704 614 1757 lum.
647 1720 665 1754 ι
695 1699 935 1755 Necdum
963 1696 1132 1761 enim,
1163 1693 1341 1763 inquit
1365 1691 1423 1746 S.
1449 1689 1812 1758 Hieronymus
1836 1687 1888 1740 in
1917 1686 2064 1739 illius

482 1792 766 1860 Vita,tunc
798 1788 1129 1845 monasteria
1157 1794 1314 1839 erant
1341 1784 1393 1836 in
1423 1780 1749 1836 Palaestina:
1779 1792 1877 1832 nec
1908 1775 2058 1845 quis-

477 1899 640 1956 quam
685 1881 984 1938 monachos
1017 1891 1145 1934 ante
1170 1878 1230 1932 S.
1264 1874 1592 1929 Hilarionem
1618 1871 1672 1925 in
1705 1869 1864 1939 Syria
1897 1882 2058 1922 nove-

490 1984 575 2031 rat
607 1975 735 2031 :ille
765 1971 1019 2026 fundator
1064 1976 1115 2024 et
1157 1967 1401 2022 eruditor
1435 1963 1594 2029 hujus
1634 1956 2061 2015 conversationis

478 2077 533 2122 ct
561 2065 722 2122 studii
760 2063 814 2117 in
849 2063 951 2116 hac
983 2059 1263 2130 provincia
1302 2057 1422 2110 fuit.
1456 2071 1475 2106 ι
1509 2054 1575 2108 Et
1609 2066 1730 2105 mox
1767 2066 1781 2102 :
1816 2067 1834 2101 ι
1877 2048 2062 2117 Itaque

478 2159 595 2227 ejus
623 2154 871 2225 exemplo
912 2159 1201 2221 coeperunt
1243 2148 1314 2204 ibi
1343 2142 1903 2203 esseinnumerabilia
1948 2156 2063 2193 mea

483 2247 741 2309 casteria,
814 2242 868 2296 in
931 2242 1129 2311 quibus
1175 2239 1565 2293 monachorum
1620 2232 1916 2288 admiratus
1979 2239 2060 2284 est

474 2337 538 2392 -S.
566 2335 796 2391 Basilius
819 2333 991 2402 Epist.
1033 2330 1098 2387 79
1126 2330 1191 2384 ad
1218 2327 1579 2390 Ettslalltium,
1611 2325 1923 2394 episcopum
1962 2321 2061 2376 Sc-

482 2429 691 2488 lastiae,
719 2436 830 2480 tum
863 2424 917 2477 itt
940 2422 1206 2477 servanda
1255 2419 1414 2474 diaeta
1454 2413 1891 2484 temperantiam,
1946 2423 2058 2464 tum

481 2523 535 2574 in
571 2515 924 2574 observandis
964 2512 1239 2568 laboribus
1296 2508 1673 2572 tolerantiam;
1732 2507 1798 2558 ad
1827 2518 2056 2573 quorum

2169 1331 2448 1379 exstructa
2475 1330 2577 1375 est.
2605 1319 2761 1373 Haud
2796 1320 2863 1374 ah
2887 1335 2948 1374 ea
2979 1321 3134 1389 longe
3167 1322 3232 1376 ad
3263 1322 3574 1391 speluncam
3613 1325 3756 1380 Sau-

2168 1414 2256 1477 lis,
2281 1414 2335 1468 in
2366 1429 2550 1469 eremo
2590 1414 2713 1467 olim
2751 1411 3016 1481 Engaildi,
3067 1420 3178 1465 tum
3219 1411 3425 1483 Ziphon
3449 1416 3614 1483 dicta,
3635 1433 3754 1472 mo-

2172 1507 2471 1561 nasterium
2508 1504 2564 1560 S.
2605 1506 2928 1576 Euthymius
2995 1507 3325 1560 construxit.
3387 1508 3460 1560 At
3506 1524 3611 1563 non
3657 1512 3749 1564 ditt

2167 1596 2329 1652 isthic
2356 1605 2599 1650 moratus
2628 1605 2729 1650 est.
2765 1596 2842 1649 Ad
2876 1595 3015 1648 viam
3043 1593 3504 1652 llierichuntinam
3534 1600 3756 1668 potissi-

2166 1703 2310 1742 mam
2341 1687 2462 1740 vitze
2489 1697 2693 1754 partem
2735 1685 2946 1754 exegit:
2985 1686 3160 1752 primo
3191 1687 3242 1740 in
3271 1688 3405 1742 cella
3442 1700 3595 1743 extra
3634 1690 3753 1743 lau-

2167 1794 2282 1834 ram
2316 1776 2762 1847 Pharan,postin
2797 1775 3045 1830 etenobin
3072 1776 3352 1842 inferiore,
3377 1779 3462 1832 cui
3487 1778 3545 1836 S.
3577 1777 3751 1837 Theo-

2165 1873 2378 1924 ctistum
2406 1871 2741 1938 praefecerat,
2771 1868 2957 1922 decem
2999 1867 3238 1923 millibus
3283 1885 3537 1938 passuum
3562 1888 3588 1924 a
3627 1889 3753 1926 san-

2164 1974 2250 2018 cta
2272 1963 2512 2030 civitate,
2531 1963 2764 2030 denique
2796 1961 2848 2016 in
2886 1960 3032 2015 laura
3095 1977 3212 2030 qua:
3243 1961 3428 2016 Sancti
3468 1962 3748 2036 Euthymii

2165 2056 2310 2110 dicta
2342 2065 2446 2120 est,
2474 2067 2635 2124 atque
2669 2055 2735 2108 ab
2774 2054 3030 2108 inferiore
3076 2054 3249 2110 sancti
3296 2055 3590 2113 Theoctisti
3636 2075 3748 2114 cce.

2169 2150 2329 2202 nobio
2416 2148 2590 2202 tribus
2672 2148 2911 2201 millibus
2989 2162 3242 2216 passuum
3325 2165 3515 2205 versus
3585 2154 3751 2206 meri~

2168 2238 2312 2291 diem
2385 2239 2621 2292 distabat
2671 2239 2735 2291 ad
2789 2239 3066 2292 dexteram
3138 2240 3235 2292 viae
3294 2239 3744 2298 llierichuntiute.

2162 2326 2299 2384 Hinc
2337 2331 2556 2400 triginta
2604 2329 2794 2384 stadiis
2821 2331 3008 2383 aberat
3040 2327 3234 2385 Turris
3269 2331 3336 2384 ab
3364 2313 3743 2388 Eudocia‘int-

2164 2425 2433 2491 peratrice
2476 2421 2614 2476 infra
2655 2437 2802 2474 num.
2847 2420 2916 2474 84
2958 2432 3160 2484 erecta,
3207 2423 3296 2475 ubi
3356 2430 3744 2481 monasterium

2165 2510 2431 2567 Scholarii
2469 2510 2590 2564 dein
2637 2511 2907 2563 exstruxit
2937 2509 2993 2564 S.
3029 2508 3220 2573 Salias,
3277 2512 3365 2578 qui
3412 2513 3461 2565 in
3501 2514 3744 2582 subjecta

482 2610 760 2680 obstupuit
799 2607 1056 2676 precandi
1115 2605 1374 2674 vigorem,
1420 2617 1543 2655 cum
1595 2597 1913 2654 observaret
1955 2611 2060 2664 quo
2097 2613 2136 2668 Β
2167 2602 2590 2672 circumquaque
2626 2601 2759 2654 valle
2788 2602 2894 2654 duo
2935 2602 3036 2654 alia
3076 2605 3428 2671 monasteria,
3474 2617 3528 2660 ct
3577 2609 3718 2678 p0.is

484 2710 642 2771 pacto
671 2713 770 2752 nec
815 2711 1004 2750 somno
1029 2691 1184 2755 victi,
1213 2705 1313 2745 nec
1354 2690 1453 2742 alia
1484 2696 1687 2742 natura:
1741 2685 2067 2740 necessitate

481 2788 696 2851 deﬂexi,
722 2786 1010 2840 sublimem
1042 2795 1258 2850 semper
1284 2788 1339 2834 et
1365 2779 1616 2833 invictum
1643 2777 1810 2830 animi
1842 2789 2063 2830 sensum

481 2884 537 2936 in
571 2881 712 2935 fame
741 2890 796 2933 et
831 2877 942 2941 siti,
981 2877 1032 2928 in
1077 2873 1279 2943 frigore
1322 2884 1378 2928 et
1420 2871 1663 2925 nuditate
1691 2877 1990 2931 servarent,
2041 2886 2058 2918 ι

480 2982 588 3026 rte.
619 2969 716 3028 llis
744 2975 1108 3024 consentanea
1151 2964 1340 3018 scribit
1387 2961 1726 3018 Sozomenus
1767 2958 1864 3012 lib.
1890 2974 1940 3012 vr
1971 2954 2064 3010 lli-

481 3073 615 3120 stor.
676 3061 824 3117 Eccl.
889 3073 1012 3126 cap.
1068 3055 1158 3123 52,
1196 3067 1252 3109 et
1304 3054 1693 3108 monachorum
1754 3049 2066 3120 complures

483 3154 777 3211 sanctitate
805 3147 1047 3206 celebres
1081 3148 1402 3204 nominatim
1454 3157 1723 3210 recenset;
1773 3145 1839 3200 de
1868 3143 2065 3212 quibus
2105 3159 2116 3170 ·

484 3264 582 3304 nos
617 3246 769 3309 alibi,
792 3254 848 3298 et
877 3243 1214 3311 potissimum
1247 3240 1318 3294 28
1351 3239 1627 3309 Septemb.
1659 3237 1744 3302 ,de
1782 3235 1840 3290 S.
1869 3235 2064 3290 Chari-

483 3353 634 3404 tone,
657 3340 750 3410 qui
781 3337 840 3393 ὃ.
861 3336 1125 3391 llilarioni
1171 3349 1404 3399 coaevus,
1439 3332 1612 3402 prima
1655 3331 1982 3384 monasteria
2012 3330 2064 3384 in

482 3446 667 3488 eremo
697 3439 901 3485 sanctae
938 3426 1194 3493 civitatis,
1227 3428 1293 3480 de
1325 3424 1522 3494 quibus
1569 3437 1715 3484 mox,
1743 3420 2014 3474 exstruxit
2046 3434 2061 3470 :

480 3535 537 3579 et
577 3522 647 3576 28
695 3521 841 3587 Maii,
872 3535 979 3589 quo
999 3519 1086 3575 die
1113 3517 1286 3572 sancti
1319 3513 1569 3570 monachi
1609 3509 1808 3565 ibidem
1843 3524 1873 3563 a
1904 3507 2064 3561 Sara-

482 3617 632 3671 cenis
675 3615 838 3668 occisi
877 3611 1147 3666 coluntur.
1185 3605 1296 3661 Hos
1329 3613 1593 3658 meruerat
1624 3599 1916 3655 Cassianus
1957 3596 2068 3651 col-

484 3717 556 3772 lat
604 3705 655 3771 6,
675 3721 795 3773 cap.
821 3705 845 3756 1
874 3719 888 3758 :
915 3721 932 3754 ι
961 3702 1195 3756 Summa:
1221 3699 1342 3751 vitae
1360 3710 1421 3749 ac
1440 3691 1748 3748 sanctitatis
1772 3689 2066 3744 monachos

484 3801 788 3855 diutissime
835 3803 1206 3852 commoratos
1258 3790 1412 3860 juxta
1455 3788 1676 3843 Thecue
1710 3785 1912 3849 vicum,
1965 3797 2064 3837 sex

488 3894 726 3948 millibus
759 3906 1020 3962 passuum
1056 3903 1088 3941 a
1134 3883 1508 3947 Bethlehemo,
1569 3883 1621 3935 in
1642 3877 1933 3934 solitudine
1977 3888 2067 3929 va-

2167 2695 2362 2748 simum
2400 2714 2416 2746 ι
2451 2694 2692 2762 angelico
2725 2694 2886 2747 ductu
2918 2711 2935 2742 ι
2963 2692 3027 2745 ad
3057 2688 3375 2748 Torrentem
3429 2697 3741 2765 primariam

2168 2803 2321 2842 suam
2347 2787 2552 2840 [auram
2579 2787 2856 2840 cendidit:
2900 2801 2928 2839 a
2959 2799 3067 2855 qua
3096 2789 3311 2857 triginta
3366 2790 3605 2859 quinque
3641 2804 3748 2846 sta-
3838 2847 3850 2858 ,

2168 2881 2271 2934 diis
2300 2879 2555 2943 distabat,
2604 2877 2990 2949 Hierosolyma:
3031 2880 3404 2950 propinquius.
3436 2885 3744 2938 cmnobmm

2170 2970 2227 3025 S.
2265 2971 2588 3038 Theotlosii;
2629 2984 2682 3024 at
2712 2971 3002 3040 nonaginta
3048 2987 3236 3026 versus
3273 2973 3586 3028 interiorem
3619 2977 3750 3030 solio

2171 3063 2414 3118 tudinem
2447 3063 2695 3118 Susacim
2748 3063 2806 3117 S.
2851 3064 3110 3128 Qniriaci,
3148 3065 3301 3132 juxta
3349 3067 3489 3133 quod
3539 3086 3556 3119 t
3597 3066 3745 3122 ﬂuvii

2171 3155 2327 3211 Sacae
2357 3167 2411 3210 et
2437 3170 2589 3210 novre
2637 3155 2802 3208 laurze
2839 3157 2999 3210 ambo
3036 3156 3389 3220 conveniunt,
3420 3159 3510 3228 qni
3547 3159 3621 3214 illi
3652 3160 3746 3215 fc—

2172 3259 2366 3304 runtur
2388 3250 2452 3302 de
2479 3247 2676 3317 quibus
2699 3246 2914 3302 Christo
2947 3249 3148 3302 dictum
3182 3263 3210 3300 a
3249 3249 3446 3304 Davide
3479 3269 3492 3304 :
3521 3251 3599 3305 Tu
3637 3254 3748 3308 sic-

2169 3339 2308 3395 casti
2330 3338 2524 3393 ﬂuvios
2553 3339 2726 3392 Etltan
2756 3335 3312 3408 (Psal.t.xxv|t,15.),
3339 3359 3358 3392 ι
3397 3343 3536 3396 utad
3568 3340 3746 3399 Vitam

2171 3431 2525 3485 S.Theodosii
2559 3430 2762 3484 dictum
2785 3439 2866 3484 est
2894 3431 2954 3484 11
2987 3431 3252 3499 Januarii,
3272 3435 3495 3490 num.l8
3529 3437 3668 3502 et-19
3693 3439 3748 3494 in

2167 3517 2832 3589 ProlegomJlancaliaque
2856 3521 3082 3589 plut-ima
3104 3523 3296 3578 harum
3322 3528 3601 3594 regionum
3630 3545 3748 3584 mo-

2167 3613 2404 3668 nasteria
2421 3612 2678 3667 dicuntur
2697 3612 2747 3664 in
2771 3612 3000 3665 concilio
3024 3613 3619 3686 Constantinopolitano
3643 3623 3745 3677 sub

2165 3701 2408 3771 Agapeto
2426 3718 2560 3772 papa
2583 3711 2634 3756 et
2650 3701 3164 3786 Menna'patriareha
3184 3708 3743 3780 ann.Ch.556'habito,

2167 3794 2404 3861 itemque
2454 3810 2481 3847 a
2531 3794 2741 3851 Joanne
2785 3797 3040 3863 Moscho,
3088 3799 3314 3868 aliisque
3350 3803 3702 3872 scriptoribus
3729 3843 3744 3868 .

2175 3903 2194 3937 ε
2221 3895 2407 3940 sancta
2437 3886 2639 3941 Christi
2683 3888 2792 3942 veri
2829 3889 2918 3943 Dei
2952 3889 3124 3944 nostri
3155 3890 3296 3956 loca,
3327 3901 3382 3946 et
3409 3897 3744 3950 monasteria

486 3987 746 4051 ειῑεεῑιηιι,
797 3999 917 4053 qua:
956 3980 1107 4036 ducit
1155 3991 1352 4032 versus
1377 3974 1630 4030 Arabiam
1664 3981 1720 4028 et
1743 3984 1895 4025 mare
1923 3966 2069 4022 MOP-
2092 3981 2136 4038 (ζ
2167 3977 2336 4031 eremi
2382 3988 2584 4034 sanetae
2618 3979 2874 4034 civitatis.
2915 3998 2934 4031 ι
2965 3979 3100 4034 llinc
3123 3982 3478 4051 corrigendos
3512 3982 3742 4039 Franci-

487 4087 658 4129 tuum.
690 4093 710 4125 ι
752 4073 826 4127 De
857 4074 1050 4126 horum
1075 4078 1376 4140 spontaneo
1409 4064 1737 4130 ministerio,
1769 4077 1876 4132 quo
1920 4079 1939 4113 ι
1971 4075 2067 4131 per

486 4174 706 4219 extenta
726 4163 846 4216 avia
875 4162 1295 4227 discurrentem
1320 4167 1378 4212 et
1412 4171 1679 4219 ercinum,
1710 4168 1832 4223 quae
1874 4165 2067 4206 versus

487 4269 637 4309 mare
675 4253 948 4308 Mortuum
976 4251 1236 4313 tenditur,
1267 4248 1552 4312 obeuntes,
1588 4243 1826 4298 festucas
1874 4250 2065 4295 tenues

485 4355 542 4400 et
574 4342 816 4414 spinulas
861 4341 1137 4410 lignorum
1178 4338 1247 4392 ad
1296 4337 1450 4393 cibos
1495 4333 1810 4404 coquendos
1847 4331 2067 4401 collige-

487 4439 639 4499 bant,
679 4453 698 4487 ι
734 4433 844 4503 agit
879 4431 1021 4486 idem
1045 4429 1338 4485 Cassianus
1377 4427 1472 4480 lib.
1493 4441 1544 4481 tv
1573 4425 1812 4491 lustitut,
1838 4423 2063 4492 cap.2l,

485 4530 727 4596 adeoque
761 4525 827 4578 de
859 4521 1048 4593 regula
1074 4522 1264 4575 horum
1311 4517 1764 4574 monasteriorum
1816 4516 1869 4569 in
1927 4515 2068 4570 sole-

488 4619 716 4674 mnitate
743 4615 963 4676 Tertiae.
995 4613 1172 4668 Sexta:
1195 4611 1464 4680 Nonacque
1487 4608 1704 4663 disserit
1727 4606 1859 4661 ibid.
1876 4606 2065 4670 lib.ttt,

486 4727 605 4780 cap.
632 4709 656 4762 1
676 4721 730 4764 et
747 4711 800 4763 5.
824 4709 955 4775 Quae
973 4709 1037 4762 de
1054 4706 1353 4768 monachis,
1372 4706 1462 4774 qui
1482 4704 1534 4756 in
1554 4701 1700 4756 hisce
1720 4702 1958 4770 partibus
1976 4709 2066 4753 aut

487 4801 545 4856 S.
576 4797 920 4872 Euthymium
955 4783 1369 4868 praecesserunt,
1398 4803 1488 4848 aut
1513 4793 1560 4847 ei
1589 4793 1824 4847 nondum
1849 4792 2064 4847 condita

488 4896 636 4946 laura
669 4891 1049 4954 convixerunt,
1078 4887 1370 4943 verisimile
1400 4885 1801 4940 estaCassiauo
1831 4884 2062 4937 narrari.

555 4986 611 5038 2.
641 4983 882 5038 Celebris
915 4991 1027 5035 tum
1063 4987 1180 5034 erat
1223 4979 1371 5031 laura
1395 4978 1635 5041 Pharan,
1660 4977 1898 5045 itemque
1927 4976 2066 5029 Suc-

470 5095 550 5133 cae
600 5073 804 5129 veteris
861 5087 876 5124 :
936 5072 1110 5125 amba
1162 5085 1284 5124 cum
1343 5070 1500 5123 tertia
1551 5070 1618 5122 ad
1673 5068 1963 5121 Jordancm
2035 5083 2062 5118 a

475 5176 533 5223 ὁ.
575 5166 872 5222 Charitone
900 5171 1191 5218 exstructze
1228 5178 1242 5215 :
1282 5160 1370 5214 illa
1399 5179 1416 5212 t
1453 5175 1547 5214 sex
1597 5159 1918 5212 milliarihus
1955 5173 2047 5211 ver

2166 4081 2292 4121 scus
2325 4064 2675 4132 Quaresntius
2699 4077 2831 4122 tom.
2855 4067 2897 4122 ll
2926 4069 3311 4125 Elucidationis
3337 4070 3518 4126 Terra:
3541 4088 3747 4130 sancta:

2168 4157 2261 4212 lib.
2288 4159 2719 4228 vt,peregrinat.
2759 4158 2814 4223 5,
2842 4175 2963 4230 cap.
3001 4161 3053 4226 9,
3101 4162 3190 4214 uhi
3221 4165 3414 4218 asserit
3461 4183 3478 4215 ι
3519 4167 3568 4219 in
3593 4167 3744 4222 laura

2168 4247 2225 4302 S.
2279 4246 2434 4302 Saliae
2475 4249 2684 4303 ostendi
2730 4250 2926 4303 cellam
2977 4247 3036 4303 S.
3079 4248 3352 4322 Euthymii
3407 4253 3747 4324 aliorumque

2167 4341 2258 4410 qui
2291 4340 2343 4392 in
2373 4355 2432 4393 ea
2475 4341 2718 4393 doctrina
2757 4350 2809 4394 et
2853 4343 2976 4394 vita:
3009 4343 3299 4396 sanctitate
3331 4344 3675 4411 ﬂoruerunt;
3718 4364 3737 4396 ι

2165 4447 2288 4484 cum
2317 4431 2499 4497 procul
2534 4430 2655 4485 inde
2681 4435 2895 4501 propria
2923 4433 3071 4487 laura
3098 4435 3312 4498 obicrit,
3341 4435 3431 4488 diu
3460 4451 3585 4492 ante
3631 4439 3744 4492 latt-

2169 4537 2282 4576 ram
2326 4520 2382 4578 S.
2415 4520 2569 4575 Saba:
2589 4532 2944 4589 exstructam,
2985 4536 3042 4577 ut
3069 4541 3189 4580 mox
3219 4525 3248 4599 ς
3285 4526 3314 4580 4
3339 4529 3563 4594 patebit.

2240 4615 2292 4670 ὃ.
2323 4615 2570 4683 Disputat
2599 4616 2794 4669 ibidem
2824 4615 3178 4684 Quarosmitts
3221 4622 3286 4674 de
3319 4622 3633 4677 monasterii
3689 4631 3744 4678 ct

2169 4709 2334 4762 laurae
2383 4708 2752 4774 distinctione,
2792 4713 3094 4780 asscritque
3127 4730 3146 4763 ‹
3173 4712 3259 4766 illa
3288 4713 3547 4768 duntaxat
3570 4729 3746 4770 eteuoo

2173 4801 2281 4866 hia,
2312 4817 2430 4870 quae
2456 4800 2686 4870 amplius
2719 4802 2860 4855 tnillc
2889 4805 3185 4858 monachos
3229 4806 3597 4870 continebant,
3624 4805 3742 4859 lau-

2173 4909 2287 4945 ram
2311 4893 2612 4960 appellari:
2667 4911 2685 4944 ι
2723 4893 2793 4946 ita
2848 4911 2907 4948 se
2956 4912 2984 4949 a
3034 4895 3238 4951 Grzecis
3288 4898 3596 4967 accepisse,
3644 4897 3744 4952 sed

2172 4983 2446 5038 modernis
2501 4998 2602 5037 nec
2651 4984 2770 5039 lidei
2825 4986 3011 5051 bonas,
3067 4995 3122 5040 et
3174 4989 3352 5042 ouinis
3409 4989 3744 5058 antiquitatis

2171 5075 2393 5142 ignaris.
2435 5074 2592 5129 Certe
2626 5091 2743 5130 cum
2789 5077 2936 5130 laura
2970 5075 3027 5131 S.
3061 5078 3329 5148 Enthymii
3379 5095 3486 5134 non
3529 5083 3747 5134 cederet

2171 5165 2336 5221 [aurae
2354 5166 2590 5231 Pbaran,
2622 5177 2678 5220 ut
2700 5165 2864 5237 liquet
2893 5185 2955 5222 ex
2996 5169 3154 5238 hujus
3183 5173 3288 5224 vita
3327 5187 3476 5227 num.
3512 5173 3606 5238 4|,
3632 5173 3739 5227 into

473 5275 568 5316 sus
603 5260 868 5315 orientem
903 5255 992 5311 via
1019 5253 1434 5308 Hieriehuntina
1474 5252 1714 5306 distabat
1757 5249 2064 5319 Hierosolyo
2093 5265 2148 5324 ι)
2176 5271 2432 5326 prospera
2459 5267 2512 5313 et
2534 5257 2659 5312 felix
2696 5269 2858 5327 esset,
2888 5268 2942 5314 et
2968 5261 3085 5330 ejus
3110 5263 3532 5330 amplificaretur
3559 5263 3745 5316 ιηυιιί..

485 5355 611 5418 mis,
643 5369 673 5405 a
718 5352 835 5407 vico
865 5350 1052 5405 decem
1093 5347 1218 5402 inde
1258 5346 1450 5402 stadiis
1487 5347 1553 5398 ad
1597 5345 1767 5399 solent
1808 5344 2073 5398 orientem

2173 5348 2324 5417 tudo,
2347 5349 2613 5415 num.45,
2641 5350 2902 5406 deductus
2953 5360 3036 5405 est
3085 5351 3311 5406 fratrum
3360 5367 3624 5407 numerus
3675 5349 3742 5406 αὐ

488 5444 596 5499 sito
627 5442 924 5512 appellata.
960 5459 980 5493 ι
1009 5437 1136 5495 Haec
1162 5447 1280 5494 erat
1321 5438 1373 5492 in
1409 5447 1535 5490 ante
1572 5437 1714 5491 dicta
1755 5435 1896 5489 ultra
1929 5433 2074 5488 The-
2170 5437 2586 5507 quinquaginta.
2615 5456 2632 5490 ι
2673 5438 2736 5492 Et
2770 5439 2870 5493 sub
2907 5457 2924 5491 ‹
2964 5438 3022 5493 5.
3050 5440 3187 5494 Saba
3213 5441 3490 5494 intantum
3517 5455 3749 5511 congre-

487 5545 590 5604 cne
615 5530 936 5594 solitudine,
965 5527 1113 5584 circa
1140 5542 1302 5597 quam
1319 5525 1660 5580 Theocornm
1681 5526 2068 5580 monasterium

2168 5528 2314 5596 gatio
2343 5529 2538 5593 crevit,
2576 5548 2595 5581 ι
2636 5539 2696 5584 ut
2725 5531 2779 5586 in
2810 5531 2962 5585 laura
2994 5533 3111 5602 ejus
3143 5534 3318 5602 primo
3351 5552 3368 5584 ι
3395 5544 3741 5601 septuaginta

490 5618 616 5683 fuit,
641 5620 758 5674 sive
793 5620 1093 5686 'l‘hecoum,
1119 5619 1186 5674 de
1222 5633 1329 5688 quo
1360 5632 1508 5671 num.
1559 5615 1627 5671 86
1663 5625 1716 5670 et
1757 5615 1882 5682 124,
1909 5626 2064 5685 atque

2168 5618 2390 5674 Christo
2427 5621 2730 5677 servientes
2766 5633 3222 5692 congregarentur
3254 5641 3268 5677 :
3301 5645 3320 5674 ι
3366 5638 3474 5693 quo
3519 5637 3743 5678 numero

491 5719 557 5758 ex
587 5705 708 5775 ejus
731 5706 904 5762 ruinis
933 5705 1086 5762 laura
1131 5720 1295 5774 nova,
1339 5705 1392 5761 in
1439 5721 1546 5776 qua
1596 5704 1837 5777 Cyrillus
1887 5705 2068 5762 Vitam

2167 5709 2444 5781 duplicato
2484 5712 2676 5767 deinde
2708 5713 2924 5768 fuerunt
2951 5723 3164 5769 centum
3198 5715 3610 5787 tptinquaginta.
3632 5714 3747 5768 Att-
