4144 6416
458 329 570 395 5S5

1476 336 1650 397 VITA
1683 340 1744 398 S.
1774 336 2181 403 EUTHYMII.
2220 368 2289 376 -
2322 344 2710 407 Pl’tOtEMlA.

3632 360 3742 425 586

458 462 582 503 ctus
643 444 807 500 etiam
851 444 994 499 ultra
1014 446 1279 503 numerus
1315 457 1436 503 est:
1487 450 1629 505 haud
1659 468 1722 506 co
1778 465 1960 508 tamen
1993 464 2049 507 ut
2075 462 2127 521 Α
2151 454 2434 513 Timotheo
2484 458 2695 529 dilui-0,
2726 462 2957 534 benigne
2983 467 3195 539 excepit
3226 478 3280 524 et
3303 470 3456 540 l'ovit,
3478 488 3627 528 num.
3648 472 3737 530 9-5.

454 538 854 594 becatontadas
887 536 1094 606 aliquot
1119 539 1384 608 expleret.
1417 538 1655 596 Sanctus
1691 558 1908 615 quoque
1940 544 2047 599 Ge-

454 633 717 697 rasimus,
750 628 888 684 infra
916 647 1067 685 num.
1088 631 1180 697 89,
1211 651 1229 685 ι
1267 634 1561 688 maximam
1597 636 1649 689 in
1676 635 1930 691 Jordanis
1960 652 2045 692 so-

451 723 685 779 litudine
720 724 953 788 lauram,
989 739 1110 794 qua:
1155 740 1260 779 non
1302 728 1588 794 pauciores
1627 744 1788 797 quam
1819 739 2044 799 septua-

450 818 601 886 ginta
668 815 1031 869 anachoretas
1089 815 1323 873 habebat
1387 821 1713 872 construxit.
1762 839 1782 872 ι
1841 819 2044 874 Contra

448 907 760 964 coenobium
789 905 848 960 S.
880 904 1173 962 Theodosii
1221 908 1617 978 amplissimum
1663 921 1800 975 erat,
1849 912 1904 964 in
1936 926 2043 980 quo

446 1009 686 1070 quatuor
735 998 1007 1053 diStiucta:
1076 1009 1235 1052 erant
1285 1000 1554 1055 ecclesiae.
1608 1000 1689 1054 Ex
1772 1002 2041 1056 universa:

446 1090 614 1144 eremi
649 1088 902 1159 plurimis
929 1090 1276 1145 monasteriis
1311 1090 1377 1145 ad
1430 1091 1619 1145 decem
1647 1091 1815 1144 millia
1850 1106 2037 1145 mona-

424 1168 675 1254 2chorum
711 1198 799 1235 an.
827 1180 961 1236 Chr.
1020 1181 1123 1235 516
1164 1181 1594 1254 Hierosolymam
1627 1194 2034 1250 convenerunt;

430 1244 642 1344 fquihus
675 1284 949 1344 praeerant
981 1272 1082 1328 SS.
1126 1244 1467 1330 Theodosius
1489 1284 1542 1330 et
1574 1275 1766 1341 Sabas,
1816 1244 2035 1331 univer;

432 1330 646 1423 5salesa
679 1366 921 1422 Salustio
972 1368 1283 1437 patriarcha
1340 1369 1678 1437 inspectores
1729 1370 2029 1440 designati.

448 1458 525 1513 Ex
569 1460 769 1529 quibus
825 1460 1015 1512 iterum
1077 1459 1433 1526 Quaresmius
1483 1463 1857 1531 corrigendos,
1903 1463 2030 1517 dum

453 1553 568 1605 vult
591 1552 655 1605 10
686 1552 843 1604 millia
891 1553 1281 1605 monachorum
1322 1551 1449 1606 hinc
1499 1552 1623 1607 inde
1661 1569 1755 1622 per
1782 1554 1946 1608 cellas
1968 1569 2031 1609 ac

458 1641 740 1710 speluncas
788 1656 976 1710 sparsa
1041 1641 1348 1696 solitariam
1416 1643 1593 1711 egisse
1662 1644 1867 1710 vitam,
1925 1644 2028 1699 alia

450 1745 685 1804 quatuor
706 1734 755 1786 in
777 1734 1127 1797 monasterio,
1156 1748 1388 1803 quorum
1434 1733 1601 1789 abbas
1647 1733 1810 1790 fuerit
1840 1735 1897 1791 S.
1930 1736 2030 1789 Sa—

2373 593 2401 664 §
2432 593 2496 649 ll.
2531 595 2803 667 Eutltymii
2834 603 3111 668 sanctitas,
3148 605 3260 661 dies
3291 608 3508 663 natalis.
3560 638 3567 641 ν

2218 730 2274 783 5.
2314 728 2736 790 Exercitationis
2764 739 3079 818 monasticae
3112 741 3399 811 disciplina
3431 748 3609 802 omnis
3644 765 3742 815 per

2145 819 2428 875 universas
2454 821 2692 877 Orientis
2742 826 2998 897 orbisque
3024 832 3160 886 adeo
3189 834 3380 904 reliqui
3404 839 3736 906 provincias,

2143 912 2367 966 Antonii
2411 913 2591 984 Magni
2632 926 2715 971 est
2753 917 3099 994 institutione
3135 923 3359 981 fundata
3404 948 3419 984 :
3454 933 3734 1001 proprium

2143 1008 2324 1053 tamen
2345 1015 2409 1056 ac
2435 1004 2788 1071 peculiarem,
2808 1009 2899 1077 qui
2928 1012 2981 1064 in
3006 1027 3192 1069 eremo
3219 1027 3424 1073 sanctae
3487 1020 3737 1078 Civitatis

2140 1090 2430 1161 degebant,
2477 1095 2522 1148 si
2573 1112 2681 1150 non
2735 1108 3015 1156 auctorem
3059 1119 3125 1160 ac
3161 1118 3465 1177 parentem,
3516 1116 3734 1169 ascetici

2138 1194 2285 1239 certe
2311 1188 2565 1242 curriculi
2595 1192 3014 1249 exercitatorem
3053 1212 3374 1270 morumque
3396 1203 3462 1259 ad
3492 1206 3733 1261 coelestia

2137 1276 2316 1331 studia
2336 1277 2742 1334 formaudorum
2764 1285 3081 1353 magistrum
3106 1304 3359 1359 magnum
3381 1292 3732 1366 Euthymium

2135 1370 2524 1437 agnoscebant,
2544 1372 2819 1443 vitamque
2837 1375 2955 1445 ejus
2974 1378 3121 1433 velut
3137 1383 3444 1439 absolutum
3470 1388 3735 1455 religiosae

2134 1458 2352 1515 virtutis
2388 1463 2667 1532 exemplar
2699 1468 3093 1535 sequebantur.
3127 1473 3312 1539 Quare
3346 1494 3468 1531 cum
3505 1481 3729 1549 soleret,

2136 1558 2273 1606 teste
2319 1550 2527 1624 Cyrillo
2576 1554 2631 1608 in
2679 1555 2803 1612 Vita
2846 1557 2907 1612 S.
2947 1557 3122 1629 Sabm,
3174 1563 3494 1638 Eutliymius
3537 1584 3732 1641 quarto

2132 1644 2345 1701 decimo
2382 1646 2627 1703 Januarii
2670 1665 2888 1721 semper
2936 1654 3209 1723 proficisci
3257 1659 3313 1713 in
3353 1673 3559 1716 vastam
3600 1667 3729 1720 soli-

2134 1736 2398 1803 tudinem,
2428 1747 2483 1794 et
2517 1741 2628 1797 illic
2667 1745 2876 1799 versari
2920 1747 2970 1800 in
3015 1750 3213 1805 divinis
3260 1752 3450 1810 diebus
3485 1754 3726 1826 jejunio-

440 1824 564 1879 has.
592 1821 804 1893 Septem
849 1824 984 1895 ipse,
1037 1823 1360 1894 Euthymius
1414 1827 1538 1889 tria,
1578 1826 1731 1896 plura
1782 1827 2023 1898 ipsorum
2056 1810 2100 1865 Β
2130 1846 2272 1895 rum,
2306 1832 2441 1887 nulli
2481 1848 2540 1888 se
2567 1835 2856 1891 videndum
2895 1841 3166 1908 praebens,
3200 1852 3254 1898 et
3296 1810 3566 1903 neminem
3596 1810 3728 1907 alle-

436 1916 712 1985 discipuli,
737 1915 970 1984 majores
998 1926 1052 1971 et
1082 1917 1247 1971 cowvi
1297 1916 1639 1972 :edilicarant
1693 1936 1788 1974 seu
1837 1936 2024 1974 mona-

435 2010 603 2064 steria
640 2008 978 2075 sculauras;
1038 2025 1158 2080 qua:
1203 2006 1552 2077 differebant,
1588 2030 1607 2063 ‹
1649 2014 1788 2082 quod
1821 2015 1872 2068 itt
1905 2028 2021 2068 cce-

430 2101 615 2157 nobiis
654 2101 729 2156 illi
777 2102 1025 2155 viverent
1066 2102 1157 2171 qui
1209 2101 1370 2156 vitam
1405 2104 1736 2158 exercebant
1777 2120 2021 2160 commu-

427 2208 591 2259 nem;
628 2194 681 2247 in
732 2191 905 2247 lauris
927 2193 1188 2262 vero,qui
1217 2209 1245 2246 a
1284 2197 1673 2263 congressiOue
1713 2212 2018 2265 separatam

424 2295 487 2341 et
519 2285 782 2354 quietam.
819 2303 836 2336 ι
868 2282 946 2337 lta
970 2282 1207 2355 Cyrillus
1256 2285 1309 2339 in
1354 2284 1477 2340 Vita
1527 2288 1582 2341 S.
1627 2290 1811 2343 Saliae;
1843 2292 2020 2360 Atque

422 2376 575 2431 infra
614 2391 764 2430 num.
793 2375 864 2430 45
894 2386 948 2429 et
968 2374 1037 2431 98
1062 2377 1115 2429 in
1148 2378 1296 2429 lauru
1331 2374 1389 2430 S.
1422 2378 1696 2449 Euthymii
1726 2378 2018 2451 unicuique

417 2466 534 2523 fuit
564 2467 830 2521 aediﬁcata
850 2468 982 2521 cella
1008 2483 1022 2531 ;
1053 2480 1107 2523 et
1130 2469 1279 2523 cella:
1306 2468 1536 2524 fratrum
1577 2480 1734 2525 erant
1777 2490 1805 2525 a
1841 2489 1898 2526 se
1930 2474 2015 2526 itt-

418 2562 602 2614 vicem
632 2559 686 2612 in
724 2559 898 2612 media
950 2559 1243 2613 Solitudine
1296 2559 1573 2627 sejunctas.
1602 2562 1666 2615 Et
1689 2561 1763 2616 S.‘
1789 2561 2014 2617 Gerasi-

424 2671 556 2711 nius
609 2650 666 2706 in
703 2653 886 2707 medio
915 2651 1082 2705 laura:
1116 2652 1422 2706 ctenobtnm
1476 2654 1780 2720 collocavit,
1818 2656 1870 2709 in
1905 2672 2014 2726 quo

419 2749 680 2804 monachi
729 2746 905 2815 primo
962 2741 1379 2811 exercebantur,
1424 2762 1579 2815 quos,
1628 2762 1749 2801 cum
1798 2748 1864 2800 ad
1899 2762 2016 2817 per-

416 2840 682 2898 fectionis
733 2851 1021 2892 mensuras
1074 2846 1463 2907 pervenerant,
1526 2839 1582 2890 in
1640 2838 1790 2892 cellis
1843 2838 2012 2892 lauru:

415 2935 765 2997 collocabat;
831 2946 1032 3002 eosque
1087 2930 1449 2985 anachorctus
1506 2930 1907 3001 appellabant:
1956 2933 2011 2988 in

415 3043 658 3098 quorum
693 3035 896 3081 sortem
940 3038 1045 3080 non
1075 3024 1472 3093 cooptabamur
1512 3019 1744 3091 juvenes
1783 3032 1879 3078 aut
1908 3024 2012 3079 im-

416 3120 651 3187 berbes;
685 3118 914 3186 ideoque
956 3131 985 3169 a
1027 3115 1086 3170 S.
1124 3114 1418 3187 Euthymio
1470 3116 1669 3169 missus
1703 3126 1788 3170 est
1817 3114 1875 3170 S.
1906 3115 2010 3172 Sa-

413 3214 522 3269 bas
553 3213 618 3265 ad
649 3208 1038 3262 monasterium
1070 3204 1128 3261 S.
1165 3205 1488 3268 'l'heoctisti,
1525 3215 1580 3259 et
1626 3203 1685 3261 S.
1723 3203 2012 3271 Quiriacus

415 3304 487 3357 ad
514 3300 905 3355 monasterium
933 3297 991 3351 S.
1012 3295 1305 3361 Gerasimi,
1337 3305 1392 3350 et
1412 3297 1470 3350 S.
1493 3295 1688 3362 Sabas,
1716 3295 1776 3350 S.
1799 3295 2011 3367 Euthy-

416 3393 516 3449 mii
578 3390 862 3460 exetnplo,
898 3388 1172 3442 imberbes
1227 3388 1517 3455 ablegabat
1576 3389 1644 3442 ad
1699 3386 2009 3442 comobium

414 3491 479 3543 5.
511 3484 827 3541 Theodosii.
865 3484 937 3537 De
990 3482 1142 3536 laura
1191 3482 1263 3534 ita
1311 3481 1508 3537 Suidas
1550 3497 1563 3533 :
1603 3482 1715 3535 Kal.
1769 3481 2007 3555 λαύραή

416 3573 587 3640 στενὴ
617 3570 875 3624 κατοικία
892 3568 1001 3622 τῶν
1033 3569 1305 3640 μοναχῶν.
1334 3586 1355 3620 ¢
1382 3568 1562 3624 Laura
1593 3572 1758 3626 etiam
1781 3582 2008 3643 angusta

414 3663 813 3719 monachorum
849 3660 1061 3714 domus.
1097 3677 1117 3710 ι

488 3756 544 3809 4.
582 3754 784 3809 Eadem
850 3753 990 3806 ratio
1045 3752 1261 3806 vivendi
1327 3752 1679 3808 anachoretis
1742 3753 1795 3808 in
1855 3753 2007 3809 hisce

428 3845 631 3910 lauris,
671 3860 790 3915 quae
830 3841 1198 3898 Nitriensibus
1251 3844 1601 3898 auachoretis
1651 3844 1705 3898 in
1747 3843 2003 3916 Egypto,

433 3936 706 4006 descripta
742 3955 772 3992 a
810 3935 1057 3991 Palladio
1110 3938 1162 3990 in
1201 3936 1441 3992 Historia
1472 3935 1734 3991 Lausiaca
1764 3952 1883 4006 cap.
1912 3937 2001 4003 69,

427 4039 482 4082 et
506 4027 714 4083 Rufﬁno
740 4028 836 4083 lib.
877 4043 913 4082 ll
967 4026 1036 4081 de
1069 4025 1205 4083 Vitis
1236 4026 1460 4081 Patrum
1493 4040 1615 4094 cap.
1654 4026 1744 4080 2i.
1787 4045 1806 4077 ι
1838 4026 2004 4082 Habi-

421 4129 562 4187 tart,
602 4122 777 4190 inquit
818 4119 1112 4185 Palladius,
1157 4119 1334 4173 locum
1382 4121 1658 4174 desertum
1706 4128 1763 4174 et
1802 4118 2005 4174 habent

414 4215 579 4270 cellas
601 4228 796 4285 magno
819 4215 962 4268 inter
987 4229 1046 4269 se
1072 4212 1358 4268 intervallo
1412 4213 1734 4282 disjunctas,
1781 4221 1838 4268 ut
1883 4213 2004 4267 nul-

412 4308 496 4362 lus
557 4309 728 4376 possit
795 4305 982 4376 procul
1015 4306 1237 4376 agnosci
1291 4305 1360 4359 ab
1423 4305 1629 4370 altero,
1674 4320 1856 4375 neque
1895 4306 2001 4360 cito

411 4400 606 4461 videri,
630 4414 730 4453 nec
746 4413 853 4453 vox
884 4397 1061 4452 audiri
1089 4412 1104 4462 ;
1134 4395 1230 4451 sed
1261 4399 1464 4465 degunt
1500 4396 1554 4449 iu
1588 4397 1759 4449 multa
1789 4397 1999 4465 quiete,

2126 1936 2337 1990 quens;
2389 1922 2493 1977 hoc
2534 1939 2754 1994 quoque
2785 1927 2996 1987 solebat
3028 1929 3089 1987 Β.
3115 1930 3288 2011 Sabas
3320 1935 3500 1992 facere
3528 1954 3723 1996 conse-

2126 2022 2375 2082 quenter,
2415 2022 2655 2084 tempore
2682 2018 2857 2072 solum
2889 2035 3082 2089 parum
3115 2008 3343 2093 mutato,
3378 2030 3725 2100 quandoqui-

2123 2104 2243 2160 dem
2289 2106 2380 2160 illo
2415 2110 2852 2178 quartodecimo,
2898 2112 3042 2168 sicut
3086 2115 3346 2186 diximus,
3399 2120 3490 2176 hic
3539 2133 3721 2179 autem

2123 2197 2381 2251 vicesimo
2408 2199 2495 2252 die
2520 2201 2727 2254 mensis
2755 2204 3066 2259 secedebat.
3094 2205 3227 2260 Nam
3258 2219 3380 2278 post
3404 2211 3576 2268 divini
3606 2217 3721 2269 An-

2125 2287 2254 2340 tonii
2282 2289 2618 2363 memoriam,
2646 2291 2826 2361 magni
2853 2290 3129 2365 Euthymii
3167 2297 3309 2352 diem
3343 2298 3543 2356 festum
3574 2304 3722 2360 vicc-

2119 2379 2258 2433 simo
2290 2378 2378 2433 die
2412 2382 2618 2434 mensis
2647 2383 2934 2439 celebrans
2962 2384 3159 2451 Sabas,
3191 2389 3270 2443 sic
3308 2405 3366 2444 se
3398 2393 3719 2452 conferebat

2120 2472 2185 2524 ad
2217 2472 2587 2540 solitudinem,
2629 2484 2683 2531 et
2718 2475 2829 2531 illic
2866 2481 3187 2551 morabatur
3208 2498 3381 2552 usque
3422 2487 3488 2540 ad
3518 2486 3715 2543 festum

2119 2561 2471 2631 Palmarum,
2529 2583 2637 2621 non
2695 2583 2856 2625 secus
2900 2580 3065 2642 atque
3117 2574 3225 2629 ille.
3260 2576 3486 2647 Viguit,
3540 2581 3717 2652 inquit

2115 2655 2482 2727 Nicephorus,
2516 2659 2613 2730 lib.
2646 2676 2755 2726 stv,
2795 2664 2923 2731 cap.
2971 2665 3060 2728 50,
3098 2667 3147 2719 in
3190 2671 3428 2724 ascetica
3464 2672 3716 2740 palaestra

2117 2750 2423 2818 praecipuus
2453 2759 2508 2804 et
2536 2751 2645 2805 vita
2670 2753 2971 2808 monastica
2997 2755 3224 2836 illustris
3257 2774 3484 2829 magnus
3508 2762 3713 2836 Euthyo

2116 2840 2276 2905 ntius,
2310 2841 2403 2910 qui
2436 2842 2791 2898 solitudinem
2818 2845 2870 2899 in
2901 2834 3054 2901 urbis
3079 2847 3309 2903 formam
3347 2852 3575 2925 redegit,
3601 2834 3710 2909 imo

2114 2948 2288 2989 canon
2327 2932 2429 2990 fuit
2459 2944 2515 2991 et
2557 2934 2795 2993 formula
2839 2938 3076 2995 instituti
3116 2945 3433 3013 monastici,
3469 2959 3528 3002 ut
3559 2947 3588 3020 §
3617 2965 3710 3004 se-

2114 3027 2299 3094 quenti
2360 3027 2592 3083 dicetur.
2638 3027 2897 3099 Corporis
2950 3031 3071 3103 ejus
3116 3035 3366 3105 exuvias,
3426 3037 3572 3094 haud
3613 3041 3708 3096 diu

2116 3127 2399 3187 postquam
2427 3119 2537 3175 vita
2566 3119 2786 3178 functus
2813 3133 2924 3186 est,
2959 3126 3010 3179 in
3043 3141 3262 3182 sacram
3286 3129 3457 3185 aedem
3488 3131 3711 3189 honori-

2114 3209 2216 3264 ﬁce
2241 3211 2515 3265 transtulit
2541 3213 2864 3271 Anastasius
2885 3218 3216 3287 patriarcha,
3241 3220 3380 3276 infra
3407 3238 3558 3278 num.
3580 3225 3706 3291 “‘2,

2115 3301 2186 3356 ad
2221 3317 2358 3370 quas
2390 3303 2534 3360 illius
2579 3319 2874 3363 successor
2916 3306 3211 3380 Martyrius
3244 3316 3561 3383 praaelaram
3600 3321 3711 3389 egit

2112 3396 2358 3467 synaxim
2384 3405 2437 3452 et
2462 3398 2725 3469 vigiliam,
2756 3418 2880 3457 cum
2913 3405 3097 3461 multis
3120 3405 3460 3477 lampadibus
3485 3421 3539 3465 et
3563 3412 3710 3466 sufii-

2116 3485 2285 3548 tibus,
2312 3502 2464 3542 num.
2489 3488 2614 3555 £22,
2646 3492 2756 3545 imo
2783 3492 3055 3549 festivitas
3086 3496 3329 3552 miraculi
3357 3500 3422 3555 ad
3454 3517 3546 3557 eas
3579 3504 3706 3558 iaci

2109 3580 2404 3647 quotannis
2429 3582 2836 3650 celebrabatur,
2870 3600 3025 3640 num.
3058 3588 3184 3642 155.

2179 3670 2233 3726 6.
2281 3672 2447 3744 Syros
2500 3674 2695 3730 imitati
2744 3676 2963 3743 Graeci,
3029 3680 3172 3748 apud
3225 3696 3363 3750 quos
3411 3684 3706 3740 festivitate

2109 3762 2395 3817 admodum
2413 3765 3104 3822 solemnicelcbrabaturiu
3131 3769 3485 3827 Sanctissima
3509 3774 3701 3845 Magna

2107 3853 2337 3908 ecclesia
2386 3854 3011 3926 Cunstantinopulitana,
3055 3871 3115 3914 ut
3140 3861 3336 3917 docent
3372 3880 3557 3919 eorum
3592 3868 3705 3920 Mc-

2107 3938 2245 4011 niea,
2280 3955 2336 4001 et
2358 3948 2719 4016 Anthologiou
2755 3953 3083 4008 auctoritate
3116 3953 3421 4012 Clementis
3449 3954 3558 4012 Vill
3593 3962 3703 4014 eui-

2109 4045 2247 4102 tum,
2292 4053 2356 4092 ac
2387 4026 2655 4094 Maiimus
2699 4020 3047 4111 Cythereus;
3091 4045 3143 4097 in
3184 4045 3386 4114 quibus
3424 4048 3529 4103 hoc
3562 4050 3701 4106 Vita:

2104 4127 2221 4198 ejus
2241 4130 2620 4198 compendium
2653 4140 2869 4188 exstat:
2898 4154 2915 4185 ι
2944 4135 3525 4213 Sanctusbicmagnus
3540 4141 3655 4199 Pati
3677 4161 3704 4199 r

2105 4232 2288 4275 noster
2321 4222 2643 4294 Euthymius
2686 4224 2896 4280 vivebat
2933 4228 3238 4299 imperante
3277 4228 3513 4302 'l'rajano
3542 4235 3703 4307 (Lege

2104 4310 2428 4382 Marciano),
2449 4313 2700 4370 Metilium
2717 4318 2986 4373 Armeniae
3006 4323 3321 4393 metropolis
3339 4340 3404 4380 ex
3428 4328 3701 4384 nobilibus

2103 4417 2255 4462 ortus
2277 4410 2589 4477 parentibus
2610 4408 2774 4464 Paulo
2790 4428 2852 4465 ac
2868 4402 3146 4485 Dionysia;
3173 4427 3227 4470 et
3243 4421 3696 4485 quemadmodum

407 4493 790 4561 unusquisque
843 4503 939 4558 per
980 4502 1040 4542 sc
1086 4487 1353 4542 inclusus.
1416 4485 1600 4540 Solum
1641 4496 1820 4541 autem
1861 4487 1995 4541 5³1)-
2024 4515 2078 4575 Ῑ)
2106 4515 2334 4570 magnus
2359 4503 2446 4557 ille
2464 4500 2721 4569 Joannes,
2747 4522 2809 4559 cx
2837 4508 3011 4562 sterili
3033 4518 3087 4563 et
3109 4508 3401 4564 infecundo
3419 4515 3701 4567 uteroedi-

400 4585 536 4638 bato
579 4591 637 4636 et
674 4581 957 4635 Dominico
995 4590 1400 4650 congregantur
1439 4581 1493 4637 in
1535 4580 1803 4644 ccclesiis,
1848 4590 1902 4634 et
1940 4598 2000 4635 se

402 4674 646 4728 invicem
671 4672 975 4742 excipiunt.
1005 4689 1026 4724 ι
1066 4669 1383 4726 Conl'ormia
1408 4671 1493 4726 his
1528 4670 1998 4726 referunturinl‘ra

401 4784 561 4821 num.
609 4765 700 4832 89,
739 4774 793 4820 et
837 4766 892 4820 in
946 4764 1065 4821 Vita
1114 4764 1175 4819 S.
1223 4761 1405 4819 Sabaz.
1446 4762 1559 4819 Nec
1604 4763 1826 4830 mirum,
1873 4781 1998 4820 cum

400 4859 601 4914 eadem
639 4860 726 4912 hic
760 4858 997 4928 viguerit
1028 4857 1314 4927 disciplina
1349 4873 1469 4927 quas
1518 4858 1656 4927 apud
1692 4857 1995 4928 1Egyptios.

397 4952 547 5006 Hinc
591 4950 765 5005 festus
812 4950 930 5006 dies
969 4950 1028 5005 S.
1079 4950 1345 5015 Antonii,
1396 4960 1650 5018 tanquam
1691 4952 1998 5005 communis

398 5042 641 5113 patroni,
673 5043 903 5097 solemni
923 5042 1101 5115 vigilia
1130 5043 1199 5097 ab
1230 5042 1377 5097 hisce
1411 5044 1788 5113 peragebatur,
1827 5044 1998 5113 utjn-

400 5141 490 5192 {ra
519 5155 668 5191 num.
698 5135 821 5201 106,
856 5148 912 5191 et
940 5136 993 5190 itt
1029 5134 1150 5191 Vita
1183 5134 1242 5190 S.
1274 5134 1429 5190 Saba:
1470 5135 1761 5190 indicatur.
1800 5136 1858 5190 S.
1893 5135 2000 5190 Ett-

400 5230 648 5299 thymius
679 5229 910 5284 virtutes
939 5228 1224 5284 S.Arsenii
1256 5239 1367 5283 tum
1401 5228 1454 5282 in
1489 5224 1728 5300 Egypto
1762 5229 1996 5284 viventis

396 5321 748 5386 imitabatur,
779 5333 875 5375 aut
909 5323 1078 5376 etiam
1114 5321 1168 5375 in
1198 5321 1470 5389 aliquibus
1494 5322 1809 5390 superabat,
1842 5338 1992 5376 num.

398 5414 497 5470 59.
528 5412 671 5467 Suos
692 5414 945 5484 exemplo
971 5412 1367 5468 monachorum
1392 5412 1772 5483 Egyptiorum
1796 5429 1825 5468 a
1848 5414 1997 5471 vitiis

400 5505 770 5571 absterrebat,
795 5513 958 5574 atque
975 5507 1043 5558 ad
1065 5504 1321 5558 virtutem
1350 5503 1641 5570 incitabat,
1660 5521 1812 5560 num.
1845 5505 1909 5560 51
1941 5514 1998 5560 et

401 5597 495 5653 64.
560 5588 801 5670 Denique
844 5596 1152 5654 Nitrienscs
1214 5600 1515 5654 monachos
1571 5597 1886 5670 Martyrium
1938 5607 1997 5654 et

404 5689 602 5757 Etiam,
636 5694 726 5761 qui
758 5691 956 5745 deinde
986 5692 1319 5761 patriarclue
1346 5688 1847 5763 Hierosolymorum
1872 5690 1993 5747 fue-

395 5794 550 5854 runt,
592 5786 659 5841 ad
711 5799 771 5839 se
822 5783 1220 5854 confugientes,
1264 5784 1696 5852 persecutionem
1743 5795 1994 5842 movente

713 5885 989 5949 PATROL.
1031 5881 1151 5945 Gn.
1188 5879 1413 5944 CXIV.

2102 4600 2224 4648 tus:
2252 4597 2395 4650 unde
2417 4607 2468 4651 et
2492 4613 2690 4650 nomen
2721 4614 2818 4668 per
2847 4600 3263 4667 promissionem
3293 4603 3523 4671 accepit.
3560 4602 3695 4660 Cum

2100 4685 2245 4740 enim
2292 4699 2545 4755 parentes
2592 4688 2798 4757 prolem
2841 4690 2942 4743 sibi
2985 4690 3104 4746 dari
3153 4703 3549 4762 precarentur,
3592 4711 3696 4754 vox

2101 4779 2317 4833 coalitus
2342 4781 2507 4835 missa
2535 4791 2639 4845 est,
2676 4797 2796 4849 qua:
2834 4797 2928 4836 eos
2960 4783 3240 4854 εὐθυμεῖν,
3277 4785 3328 4839 id
3356 4800 3459 4855 est,
3491 4788 3614 4843 laeto
3643 4801 3700 4845 et

2101 4870 2269 4926 alacri
2293 4873 2473 4927 animo
2497 4888 2621 4928 esse
2643 4874 2884 4945 juberet.
2915 4874 3076 4931 Patre
3109 4885 3348 4943 mortuo,
3377 4895 3405 4932 a
3433 4890 3609 4936 matre
3627 4886 3695 4936 ad

2100 4957 2347 5027 Otrejum
2392 4961 2647 5032 Magutnn
2707 4964 2962 5020 Melitinae
3013 4967 3327 5038 episcopum
3374 4971 3691 5041 adducitur,

2102 5061 2265 5121 atque
2340 5054 2408 5106 ab
2466 5069 2533 5108 eo
2582 5057 2763 5111 ordini
2813 5058 3134 5115 clericorum
3190 5062 3503 5117 ascribitur.
3555 5063 3694 5118 Cum

2101 5143 2298 5197 deinde
2357 5147 2424 5199 ad
2479 5162 2666 5200 sacras
2720 5148 3044 5218 disciplinas
3094 5152 3398 5217 adhibitus,
3455 5154 3697 5225 mquales

2100 5251 2293 5292 omnes
2334 5247 2391 5291 et
2424 5238 2546 5291 vitre
2590 5239 2861 5309 religiuszr
2900 5244 3296 5299 exercitatione
3333 5254 3388 5299 et
3432 5246 3694 5300 virtutum

2100 5334 2344 5401 profectu
2400 5331 2787 5397 antecelleret,
2833 5338 3084 5402 quamvis
3133 5337 3334 5393 invitus
3388 5336 3695 5393 sacerdotio

2098 5423 2367 5488 initiatur,
2400 5433 2455 5477 ct
2489 5439 2773 5478 sacrorum
2810 5429 3268 5485 monasteriorum
3299 5444 3486 5486 curam
3517 5431 3697 5486 susci-

2098 5518 2197 5585 pit.
2232 5519 2389 5571 Auno
2416 5517 2613 5572 deinde
2650 5521 2826 5573 aetatis
2857 5535 3003 5574 nono
3031 5530 3087 5574 et
3132 5523 3395 5580 vicesimo
3434 5521 3696 5581 Hieroso-

2097 5608 2297 5681 lymam
2335 5608 2733 5677 proﬁciscitur,
2763 5622 2817 5665 et
2858 5627 2983 5667 cum
3018 5612 3076 5667 S.
3111 5611 3430 5671 Theoctisto
3473 5616 3530 5670 in
3561 5633 3697 5686 qua-

2098 5704 2222 5754 dam
2265 5701 2469 5755 montis
2516 5701 2774 5770 spelunca
2823 5705 2991 5774 degit,
3050 5703 3139 5759 ubi
3187 5721 3385 5775 graves
3433 5722 3462 5759 a
3510 5707 3697 5761 multis

2104 5793 2321 5851 morbos
2354 5793 2579 5865 depulit.
2616 5793 2828 5851 Dicitur
2867 5796 2955 5852 hic
2986 5797 3040 5851 in
3074 5796 3296 5851 nomine
3322 5796 3533 5852 Domini
3561 5812 3696 5868 pau-

3215 5891 3287 5957 19
