4144 6402
471 292 576 356 557

1710 293 2003 352 MENSIS
2033 292 2496 354 JANUARIUS.

3657 300 3760 362 5-83

482 407 561 459 eis
604 413 658 458 et
689 405 897 475 cx‘guis
937 404 1187 475 panibus,
1229 402 1672 470 quadringentos,
1695 402 1784 471 qui
1832 403 1898 455 ad
1945 417 2057 456 mo-
2095 409 2140 464 Α
2173 410 2443 471 tempora,
2469 417 2532 456 ac
2564 402 2678 471 ipse
2718 401 2953 474 Cyrillus
2985 407 3332 474 :dum,~qute
3362 407 3476 476 ipse
3504 410 3761 472 vidit,vei

471 513 506 550 ιι
527 497 772 550 isterium
817 498 882 550 de
938 497 1022 548 via
1091 495 1445 556 diverterant,
1483 493 1712 562 pavisse.
1749 491 1865 547 Non
1897 493 2069 547 solunt

474 603 606 640 vero
658 589 772 657 ipse
817 587 995 642 divina
1041 587 1243 639 virtute
1293 595 1575 656 parentum
1623 601 1843 639 suorum
1889 586 2068 642 soluta

473 679 762 733 sterilitate
811 687 971 732 natus
1002 689 1129 743 est;
1169 677 1261 731 sed
1289 677 1422 731 alias
1458 676 1765 746 complures
1795 691 2069 731 matronas

481 771 634 837 prole
666 779 936 834 carentes,
962 770 1074 824 suis
1101 770 1353 839 precibus
1377 769 1637 824 fecundas
1665 770 1918 823 reddidit.
1949 768 2068 839 Ipse

475 876 709 930 quoque,
743 869 800 915 ut
823 861 951 914 olim
985 876 1216 928 magnus
1250 859 1431 927 Elias,
1460 861 1800 927 cmlijanuas
1833 859 2066 929 aperuit,

473 962 531 1007 rt
569 967 726 1006 terra:
759 951 1046 1008 sterilitate
1085 963 1140 1006 et
1199 952 1290 1007 siti
1325 951 1590 1007 laboranti
1628 953 1900 1007 subvenit.
1931 950 2066 1005 Pro-

474 1045 612 1097 didit
644 1046 810 1097 etiam
835 1043 954 1113 ejus
984 1042 1254 1096 internam
1289 1043 1592 1098 claritatem
1625 1044 1875 1098 columna
1904 1043 2063 1113 ignis,

476 1150 638 1204 quam
692 1149 758 1190 eo
800 1135 1139 1188 incruentam
1185 1133 1419 1188 hostiam
1461 1134 1722 1190 oﬂerente
1764 1135 1947 1190 videre
1974 1134 2066 1204 qui

475 1227 908 1282 circumstabant
963 1241 992 1281 e
1050 1226 1191 1281 cutio
1264 1226 1705 1291 descendentem,
1775 1235 1831 1279 et
1877 1235 2065 1280 sancto

476 1330 745 1375 astantem
771 1329 884 1373 toto
909 1319 1164 1374 sacriﬁcii
1197 1319 1610 1388 tempore..Ejus
1642 1334 1807 1389 porro
1841 1302 2067 1374 sanctis-

475 1415 626 1467 sinite
658 1423 710 1466 et
739 1413 1045 1481 purissimae
1070 1411 1268 1465 mentis
1300 1410 1352 1465 id
1381 1419 1464 1465 est
1495 1422 1900 1481 argumentum,
1923 1413 2064 1480 quod

476 1514 662 1556 eurum
700 1504 790 1570 qui
825 1504 890 1555 ad
921 1502 1124 1556 divinae
1156 1503 1557 1558 communionis
1593 1503 2060 1572 participationem

475 1591 810 1645 accedebant
847 1599 1048 1646 statum
1083 1590 1425 1660 pervidcbat,
1456 1593 1654 1661 etquis
1677 1608 1864 1647 eorum
1905 1610 2059 1664 pura,

474 1687 595 1756 quis
620 1685 759 1738 mala
797 1683 1132 1739 conscientia
1164 1693 1332 1738 esset.
1367 1682 1469 1737 llic
1499 1699 1619 1738 cum
1646 1685 1938 1754 nonaginta
1972 1700 2062 1741 se-

2173 503 2482 547 sanctorum
2516 493 2662 546 omni
2692 493 2960 563 probitate
2992 495 3366 564 praestantium
3395 499 3634 552 virorum
3675 517 3762 556 re-

2173 585 2374 638 latione
2412 585 2644 651 didicit,
2694 586 2900 656 absque
2953 586 3058 642 levi
3107 587 3419 657 suspicione
3470 593 3762 660 mendacii,

2171 677 2442 731 sinceram
2472 679 2756 734 veritatem
2801 678 2965 733 veluti
3004 691 3416 734 sacrosanctum
3460 683 3762 750 depositum

2171 770 2406 837 posteris
2455 770 2932 840 tradidit,-nempe
2977 773 3114 824 Acta
3163 771 3475 842 Euthymii,
3527 774 3765 843 itemque

2173 859 2328 913 Saba:
2359 869 2414 914 et
2435 860 2663 915 Joannis
2688 860 3012 916 Silentiarii.
3046 880 3064 912 ›
3097 860 3154 915 In
3187 864 3245 916 S.
3277 861 3551 934 Euthymii
3581 866 3756 932 Actis,

2170 967 2290 1020 qua:
2323 968 2353 1005 a
2378 969 2528 1007 num.
2575 952 2698 1018 155,
2727 962 2916 1006 narrat
2944 953 3228 1018 miracula,
3263 955 3378 1023 ipse
3408 970 3592 1008 coram
3621 957 3762 1012 facta

2169 1044 2472 1112 conspexit,
2520 1043 2728 1112 reliqua
2771 1060 2800 1097 a
2862 1043 3027 1097 variis
3081 1043 3338 1100 Patribus
3383 1049 3659 1115 accepisse
3703 1063 3765 1104 se

2171 1144 2416 1189 testatur.
2452 1135 2566 1189 Non
2610 1135 2754 1189 enim
2799 1135 3097 1203 discipulus
3132 1133 3237 1189 fuit
3266 1138 3325 1192 S.
3371 1139 3672 1209 Euthymii,
3704 1150 3763 1194 ut

2169 1225 2441 1281 Baronius
2499 1227 2668 1281 citato
2729 1241 2881 1280 num.
2931 1226 3022 1290 45,
3075 1227 3356 1296 opinatur,
3417 1238 3510 1282 aut
3565 1230 3766 1284 szeenlo

2165 1317 2354 1386 quinto
2392 1318 2550 1382 vixit,
2580 1330 2638 1372 ut
2669 1317 2810 1372 idem
2844 1333 2934 1372 an.
2962 1318 3062 1372 Ch.
3101 1319 3229 1385 4‘20,
3286 1336 3340 1372 n.
3387 1320 3476 1384 51,
3534 1322 3760 1388 scribit;

2165 1407 2258 1461 sed
2312 1406 2510 1466 saeculo
2559 1415 2714 1462 sexto
2749 1422 2840 1460 an.
2890 1407 2992 1461 Ch.
3028 1407 3130 1462 550
3170 1418 3263 1462 aut
3317 1412 3563 1478 sequenti
3630 1427 3764 1479 puer

2165 1498 2232 1552 ad
2267 1498 2326 1553 S.
2364 1496 2559 1551 Sabam
2601 1513 2630 1550 a
2667 1497 2983 1566 parentibus
3030 1497 3369 1568 Scythopoli,
3404 1500 3546 1553 unde
3573 1503 3764 1553 oriun-

2163 1590 2264 1643 dus
2293 1598 2430 1655 erat,
2458 1589 2747 1654 adductus,
2781 1589 2846 1642 ab
2875 1590 3019 1644 eoin
3066 1591 3402 1658 discipulum‘
3453 1592 3650 1644 meruit
3676 1606 3764 1646 co-

2162 1683 2363 1750 eptari,
2383 1695 2436 1737 et
2462 1700 2489 1736 a
2523 1685 2863 1752 metmpolita
2893 1695 3084 1738 tonsus
3113 1685 3166 1738 in
3192 1687 3567 1741 ecclesiastico
3590 1688 3760 1758 gradu

469 1788 616 1846 ptem
680 1785 827 1831 esset
896 1791 1210 1838 annorum,
1285 1777 1539 1846 migravit
1622 1779 1688 1830 ad
1752 1775 2062 1846 Dominum,
2095 1770 2447 1829 Bconstitui.
2502 1775 2582 1829 Ad
2635 1775 2692 1830 S.
2740 1774 3016 1845 Euthymii
3063 1778 3481 1841 monasrerium,
3529 1780 3580 1832 in
3611 1781 3760 1846 quod

469 1866 654 1922 Leone
693 1869 894 1936 Magno
949 1867 1276 1936 imperante.
1308 1865 1507 1922 Forma
1539 1875 1654 1921 erat
1684 1868 1881 1922 eximia
1903 1908 1917 1932 ,
1951 1870 2065 1924 sin-

471 1959 615 2013 ceris
640 1959 906 2023 moribus,
943 1958 1126 2013 calore
1157 1959 1410 2024 candido,
1463 1969 1743 2014 senectute
1785 1960 1981 2014 decora
2011 1971 2066 2016 et

473 2051 792 2115 venerabili,
840 2066 976 2106 cana
1013 2052 1268 2117 caesarie,
1318 2051 1486 2106 barba
1546 2068 1722 2122 usque
1755 2055 1821 2108 ad
1857 2053 2064 2110 femora

478 2143 766 2208 promissa.
792 2139 989 2195 Fertur
1020 2141 1086 2194 de
1118 2141 1256 2210 ipso,
1283 2141 1427 2210 quod
1459 2157 1579 2194 cum
1612 2143 1914 2198 monachus
1940 2145 2064 2215 qui-

475 2237 597 2285 dum
633 2231 793 2286 morti
826 2231 1107 2302 proximus
1134 2243 1310 2298 essu,
1340 2233 1430 2301 qui
1464 2242 1771 2302 temperans
1802 2251 1864 2289 ac
1890 2237 2066 2292 conti-

476 2339 610 2378 nens
643 2325 802 2393 vulgo
828 2324 1175 2390 credebatur,
1205 2339 1393 2379 revera
1456 2334 1636 2379 autem
1663 2342 1767 2380 non
1797 2338 1937 2395 erat,
1969 2329 2064 2384 sed

473 2427 662 2472 contra
691 2417 955 2488 lascivus,
993 2418 1128 2470 vidit
1167 2418 1360 2471 beatus
1393 2418 1643 2487 angelum
1676 2421 1910 2475 tridente
1950 2422 2066 2475 ani-

471 2524 612 2562 mam
644 2508 763 2578 ejus
803 2493 1056 2574 evellere,
1092 2504 1392 2579 vocemque
1440 2525 1544 2564 una
1572 2511 1763 2575 audiit,
1791 2512 2062 2565 occultam

472 2602 861 2671 turpitudinem
897 2602 1042 2658 illius
1078 2603 1330 2657 monachi
1365 2603 1708 2672 prodentem.
1742 2603 2062 2659 Celebratur

468 2693 588 2761 ejus
618 2693 811 2748 festum
859 2693 912 2748 in
983 2695 1328 2750 sanetissima
1355 2695 1547 2761 Magna
1586 2693 1838 2748 ecclesia.
1886 2713 1904 2746 ι
1939 2693 2063 2751 llaec

468 2783 710 2843 Menata.
763 2787 895 2854 Qua:
933 2788 1018 2842 hic
1060 2787 1128 2843 de
1181 2788 1383 2843 lascivo
1437 2787 1698 2840 monathu
1745 2801 2070 2854 narrantur,

467 2879 694 2934 deerant
715 2879 770 2933 in
796 2880 1049 2935 Genliani
1070 2881 1340 2945 versione,
1366 2879 1609 2949 suppleta
1628 2895 1693 2933 ex
1722 2878 2060 2947 ms.-Gr:cco,

469 2971 522 3026 in
551 2988 658 3043 quo
688 2972 1013 3044 Euthymius
1043 2973 1160 3029 haec
1194 2981 1378 3027 narrat
1412 2987 1472 3028 se
1501 2973 1569 3028 ab
1601 2971 1874 3044 Egyptiis
1902 2991 2061 3030 acce-

469 3066 634 3134 pisse,
661 3075 719 3119 ut
753 3081 906 3120 num.
936 3065 1005 3121 65
1030 3073 1200 3136 patet.

539 3157 592 3211 7.
635 3157 838 3214 Prazter
870 3159 1046 3228 Magni
1075 3172 1378 3228 cognomen
1405 3197 1420 3224 ,
1451 3157 1673 3227 quod-ei
1707 3159 1775 3214 ab
1809 3161 2065 3216 omnibus

470 3250 749 3317 tribuitur,
774 3250 936 3306 etiam
963 3248 1321 3316 Theuphorus
1342 3248 1647 3318 appellatur
1663 3263 1695 3304 a
1719 3251 2064 3320 quibusdam.

466 3342 528 3398 lu
577 3343 872 3413 llorologio
923 3341 1228 3397 ercorum
1285 3358 1303 3394 :
1333 3340 1427 3395 τοῦ
1470 3339 1618 3394 ὁσίου
1664 3345 1758 3395 καὶ
1802 3343 2064 3414 θεοφόρου

473 3434 691 3505 Πατρὸς
738 3421 897 3502 ἡμῶν
940 3431 1221 3502 Εὐθυμίου
1264 3428 1359 3483 τοῦ
1400 3430 1663 3501 μεγάλου.
1703 3429 2066 3501 Menologt'um

467 3545 497 3580 a
528 3528 751 3582 Canisio
785 3525 991 3578 editum
1028 3539 1042 3578 :
1082 3539 1102 3575 ε
1142 3522 1332 3578 Sancti
1367 3532 1423 3578 et
1463 3509 1656 3579 deiferi
1684 3524 1864 3579 Patris
1894 3525 2066 3579 nostri

465 3614 742 3684 Euthymii
787 3612 989 3682 magni.
1028 3629 1048 3665 ›
1087 3610 1354 3666 Referunt
1393 3611 1668 3680 eumdem,
1709 3612 2066 3684 Menologium

465 3705 844 3774 Cliristotiliori
902 3705 1246 3775 proconsulis
1293 3705 1621 3776 Mitylenaei,
1679 3717 1734 3760 et
1783 3706 2068 3760 Kalenda-

467 3798 607 3851 rium
659 3814 686 3851 a
714 3798 1063 3854 Gencbrardo
1086 3798 1382 3870 vulgatum.
1415 3797 1458 3852 E
1484 3798 1693 3854 Latinis
1717 3799 1790 3853 ita
1825 3797 2069 3854 Molanus

467 3890 524 3942 in
551 3887 736 3945 Addit.
797 3893 862 3944 ad
912 3889 1218 3947 Usuardum
1268 3909 1283 3948 :
1330 3909 1349 3942 ι
1397 3890 1494 3946 Die
1530 3891 1786 3947 vicesima
1822 3894 1992 3947 sancti
2014 3901 2069 3947 et

472 3983 760 4050 tlteopbori
805 3981 985 4037 Patris
1026 3980 1302 4052 Euthymii
1345 3982 1550 4052 magni.
1605 4000 1627 4034 ι
1677 3981 1817 4037 llinc
1851 3985 2068 4038 occasio

464 4073 740 4128 Fert-ario
793 4073 846 4126 in
897 4073 1156 4142 Calalogo
1193 4073 1434 4141 generali
1483 4084 1794 4127 sanctorum
1840 4075 2068 4128 halluci-

469 4166 654 4228 nandi,
707 4177 1068 4232 sanctumque
1108 4165 1345 4233 aliquem
1390 4163 1776 4231 Theophorum
1830 4167 1897 4219 ab
1955 4167 2066 4219 Eu-

473 4256 676 4326 thymio
705 4255 982 4311 diversum
1027 4256 1323 4312 statuendi.
1367 4274 1385 4307 ι
1426 4257 1482 4310 In
1515 4256 1828 4322 Pal-.estina,
1862 4258 2065 4328 inquit,

479 4357 487 4398 ι
515 4365 580 4402 ue
627 4349 713 4403 die
741 4349 801 4403 S.
841 4347 1152 4418 TheOphori
1180 4349 1527 4415 confessoris,
1568 4368 1586 4400 ι
1618 4350 1857 4419 citatque
1887 4350 2070 4406 Meno-

2170 1881 2320 1939 jaura
2389 1876 2720 1922 commutata
2756 1877 2894 1932 erat,
2937 1867 3089 1922 venit
3130 1883 3222 1923 an.
3262 1869 3370 1924 545
3413 1881 3470 1924 ut
3518 1871 3657 1924 infra
3702 1886 3758 1924 n.

2169 1961 2293 2026 155,
2327 1972 2383 2016 et
2427 1961 2480 2015 in
2517 1961 2671 2016 Actis
2718 1961 2820 2016 SS.
2875 1960 3033 2017 Saba:
3084 1972 3139 2018 et
3187 1961 3415 2020 Joannis
3459 1964 3760 2019 Silentiarii

2170 2053 2396 2123 ipsemet
2425 2054 2490 2110 de
2508 2068 2569 2108 se
2600 2065 2810 2108 narrat.

2239 2144 2292 2200 9.
2328 2145 2410 2199 Ab
2441 2146 2544 2200 hoc
2575 2155 2821 2214 tempore
2853 2161 2975 2216 quae
3007 2146 3071 2201 de
3127 2145 3187 2200 S.
3234 2143 3526 2216 Euthymio
3571 2145 3763 2204 Patres

2167 2247 2222 2292 et
2255 2239 2498 2294 seniores
2530 2237 2604 2292 illi
2650 2249 2968 2305 narrarunt,
3019 2248 3078 2292 ut
3126 2237 3204 2292 ait
3257 2255 3407 2292 num.
3448 2238 3533 2305 18,
3568 2239 3673 2294 155
3705 2248 3762 2293 et

2171 2331 2292 2397 161,
2333 2333 2668 2401 conscripsit
2707 2318 3149 2397 accuratissime,
3188 2333 3417 2386 confuse
3465 2342 3642 2387 tamen
3677 2343 3760 2386 ta-

2166 2438 2288 2477 men
2321 2432 2377 2476 ct
2403 2423 2707 2476 inordinate
2743 2441 2756 2476 :
2789 2435 2843 2474 at
2866 2434 2984 2491 post
3024 2422 3276 2490 quintam
3319 2421 3584 2491 synodum
3611 2421 3758 2477 Con-

2169 2515 2527 2584 stantinopoli
2567 2529 2656 2568 an.
2691 2514 2794 2567 Ch.
2856 2513 2960 2568 555
2993 2515 3256 2576 habitam,
3292 2514 3344 2566 in
3413 2513 3564 2566 laura
3617 2529 3756 2568 nova

2166 2606 2299 2669 duos
2329 2621 2498 2659 annos
2525 2605 2811 2659 continuos
2853 2614 3088 2672 emptum
3122 2620 3258 2674 opus
3291 2613 3376 2658 est
3403 2616 3753 2674 prosecutus,

2166 2709 2289 2748 cum
2328 2693 2428 2747 SS.
2471 2693 2744 2762 Euthymii
2769 2705 2822 2748 et
2859 2694 3015 2747 Saba:
3037 2693 3141 2748 sibi
3185 2695 3566 2762 apparentium
3594 2695 3756 2748 bene-

2170 2790 2290 2844 ficio
2321 2789 2581 2842 divinitus
2610 2797 2937 2842 consecutus
2969 2796 3108 2842 esset
3136 2787 3367 2855 gratiam
3393 2795 3542 2854 gesta
3567 2801 3757 2840 eorum

2166 2893 2290 2952 apte
2322 2881 2722 2936 conscribendi.
2750 2879 2942 2934 Patres
2989 2895 3137 2943 vero,
3174 2880 3266 2948 qui
3300 2879 3347 2932 ei
3379 2879 3639 2947 pleraque
3695 2881 3760 2932 de

2168 2975 2228 3030 S.
2295 2973 2570 3044 Euthymii
2651 2972 2943 3027 virtutibus
3005 2979 3540 3031 commemorarunt,
3608 2968 3760 3023 fuere

2170 3069 2230 3123 S.
2257 3068 2563 3133 Quiriacus,
2589 3080 2683 3121 seu
2719 3065 3003 3134 Cyriacus,
3031 3063 3088 3118 S.
3115 3060 3355 3116 Joannes
3389 3060 3755 3126 Silentiarius,

2171 3161 2437 3230 hujusquc
2463 3159 2642 3214 socius
2675 3157 3001 3220 Thalelmns,
3043 3155 3110 3210 de
3165 3169 3272 3223 quo
3335 3171 3392 3211 n.
3435 3153 3525 3217 7t,
3581 3155 3756 3223 plura.

2169 3251 2304 3306 Cum
2339 3252 2396 3306 S.
2429 3249 2639 3304 Joanne
2672 3249 2900 3318 ejusque
2928 3247 3208 3317 discipulis
3258 3247 3491 3300 habebat
3539 3245 3758 3315 juvenis

2171 3341 2439 3408 notitiam,
2491 3339 2635 3408 quod
2675 3338 2732 3393 hi
2788 3337 3098 3408 Scytbopoli
3166 3339 3232 3391 ad
3280 3338 3422 3392 aedes
3467 3347 3757 3406 parentum

2169 3433 2286 3500 ejus
2335 3434 2703 3495 diverterent,
2765 3439 3020 3500 tanquam
3063 3432 3129 3483 ad
3180 3431 3466 3499 proprium
3519 3431 3758 3484 xenodo-

2171 3522 2374 3586 chium,
2430 3529 2486 3576 et
2539 3536 2775 3576 annuam
2821 3520 3276 3584 benedictionem,
3310 3521 3424 3577 sive
3464 3522 3759 3592 eleemosy.

2171 3631 2318 3679 nam,
2352 3616 2662 3684 acciperent
2720 3614 2787 3668 ab
2848 3612 2965 3681 ejus
3013 3614 3330 3682 parentibus
3375 3629 3472 3684 pro
3507 3615 3758 3670 coenobio

2170 3717 2225 3761 et
2259 3708 2502 3775 partibus
2534 3705 2735 3770 laurae;
2770 3723 2835 3760 ex
2868 3720 2975 3775 quo
2999 3705 3173 3760 Sabas
3205 3721 3327 3760 cum
3373 3706 3458 3774 iis,
3507 3716 3567 3761 ut
3615 3707 3756 3761 dixi-

2170 3814 2314 3862 mus,
2351 3807 2556 3868 egerat.
2581 3797 2787 3853 Deinde
2813 3796 2972 3865 hujus
2995 3797 3234 3863 consilio,
3261 3796 3329 3851 ad
3364 3798 3755 3853 monasterium

2173 3891 2233 3947 S.
2271 3889 2549 3962 Euthymii
2579 3891 2748 3958 venit,
2794 3900 2853 3944 ut
2892 3899 3080 3944 narrat
3126 3891 3241 3959 ipse
3287 3891 3353 3944 de
3405 3905 3465 3944 se
3521 3890 3756 3960 Cyrillus

2171 3983 2311 4038 infra
2365 3999 2515 4036 num.
2566 3982 2688 4047 156,
2742 3991 2797 4035 et
2839 3981 3028 4035 inVita
3067 3981 3124 4035 S.
3181 3979 3426 4044 Joannis,
3473 3982 3537 4034 ad
3589 3997 3751 4050 quem

2173 4074 2365 4129 deinde
2387 4089 2416 4128 c
2452 4074 2784 4127 monasterio
2807 4072 2863 4126 S.
2902 4073 3175 4143 Euthymii
3207 4073 3455 4126 discessit
3483 4073 3547 4124 ad
3576 4073 3632 4125 S.
3655 4073 3754 4125 Sa-

2173 4166 2253 4220 baa
2283 4165 2512 4229 lauram,
2553 4173 2605 4219 et
2641 4165 2814 4218 factus
2845 4174 2928 4218 est
2957 4165 3005 4218 ci
3069 4163 3314 4218 minister
3350 4167 3648 4217 litterarum
3686 4163 3754 4218 ad

2176 4256 2233 4312 S.
2274 4256 2610 4324 Quiriacum.
2643 4253 2799 4308 Hunc
2833 4263 3015 4307 autem
3044 4254 3299 4308 convenit
3341 4253 3393 4307 in
3420 4253 3569 4307 laura
3601 4254 3759 4306 Sucre

2174 4349 2414 4412 veteris;
2446 4346 2538 4415 qui
2561 4345 2648 4400 ubi
2682 4345 2948 4398 intellexit
2983 4344 3243 4415 Cyrillum
3282 4361 3401 4399 esse
3440 4345 3755 4399 monasterii

472 4443 669 4514 legium
691 4440 1016 4496 Graecorum.
1044 4441 1118 4496 De
1137 4440 1434 4512 Euthymio
1457 4442 1527 4495 ita
1550 4442 1744 4496 tabulae
1765 4441 2024 4498 Romanae
2048 4463 2060 4498 :
2096 4449 2140 4503 Ι)
2171 4439 2350 4509 t'uagni
2376 4437 2676 4507 Euthymii,
2706 4451 2828 4489 cum
2848 4451 3041 4507 magno
3061 4437 3306 4504 protinus
3327 4436 3520 4505 gaudio
3549 4453 3562 4490 :
3591 4435 3753 4500 Ecce,

475 4559 490 4584 ι
539 4535 596 4588 In
627 4534 912 4588 Palaestina
949 4533 1149 4588 natalis
1175 4533 1233 4588 S.
1265 4532 1537 4603 Euthymii
1569 4534 1800 4602 abbatis,
1827 4535 1916 4605 qui
1946 4537 2062 4591 zelo

470 4627 768 4684 Catholicae
802 4627 1101 4697 disciplina:
1145 4637 1199 4682 et
1235 4627 1436 4681 virtute
1469 4627 1877 4696 miraculorum,
1920 4637 2060 4682 tem-

471 4735 602 4788 pore
629 4717 891 4774 Marciani
919 4718 1289 4788 imperatoris,
1323 4716 1378 4771 in
1399 4716 1646 4773 Ecclesia
1681 4719 1879 4773 ﬂoruit.
1913 4737 1931 4769 ι

898 4855 925 4925 ς
964 4853 1058 4908 lll.
1105 4851 1227 4906 Vita
1256 4849 1314 4906 S.
1346 4852 1642 4922 Eutltymt'i.

542 4997 595 5047 8.
643 4990 820 5045 Vitam
863 4990 919 5044 S.
973 4989 1250 5061 Euthymii
1297 4988 1519 5057 scripsit
1554 4985 1810 5058 Cyrillus.
1856 4985 2062 5040 Nomen

475 5092 589 5155 ipse
623 5102 777 5140 suum
802 5085 856 5139 in
888 5085 1102 5155 epilogo
1130 5101 1285 5139 num.
1314 5083 1433 5146 165,
1473 5084 1674 5152 prodit.
1710 5084 1942 5138 Baronio
1971 5101 2058 5139 an.

472 5181 588 5236 Clu!
611 5177 736 5241 L75,
771 5192 922 5230 num.
968 5175 1057 5240 43,
1103 5174 1431 5244 pra-dicatur
1460 5174 1690 5243 diligens
1725 5184 1780 5228 et
1820 5173 2063 5228 veritatis

475 5271 672 5338 cultor,
713 5280 769 5325 et
801 5270 1014 5324 illorum
1053 5279 1358 5336 temporum
1407 5266 1604 5321 ﬂorens
1637 5265 1950 5321 historicus.
1988 5266 2062 5320 De

475 5380 585 5433 quo
615 5373 668 5418 et
698 5372 864 5417 antea
912 5361 978 5416 ad
1017 5376 1109 5414 an.
1143 5359 1269 5428 39!,
1319 5374 1471 5414 num.
1509 5358 1599 5426 15,
1645 5357 2060 5428 pronuntiarat:

482 5479 500 5508 ι
543 5455 730 5510 Liceat
755 5455 978 5524 absque,
1018 5453 1218 5508 invidia
1250 5451 1455 5516 dicere,
1489 5467 1576 5506 me
1607 5451 1880 5505 nemiuem
1911 5466 2065 5520 repe-

481 5549 616 5598 risse
647 5557 766 5614 post
793 5541 894 5598 SS.
931 5543 1289 5598 Athanasium
1326 5549 1488 5608 atque
1530 5539 1938 5617 Hieronymum,
1971 5540 2062 5609 qui

479 5637 675 5704 majori
721 5636 826 5689 fide
874 5636 1158 5706 scripserit
1197 5635 1669 5690 sanctissimorum
1702 5635 1942 5688 virorum
1973 5649 2060 5689 res

480 5734 684 5794 gestas,
719 5727 969 5799 digerens
1007 5743 1100 5785 eas
1131 5739 1296 5798 atque
1322 5728 1658 5798 distinguens
1691 5737 1944 5785 accurate
1967 5742 2059 5807 per

2173 4529 2374 4598 inquit,
2405 4543 2435 4578 ο
2462 4525 2654 4590 frater,
2695 4535 2750 4578 tu
2789 4540 2848 4580 cs
2875 4526 3141 4596 ejusdem,
3185 4527 3342 4592 cujus
3381 4542 3479 4596 ego
3519 4527 3750 4581 catnobii

2172 4622 2338 4689 (nam
2381 4631 2411 4672 e
2453 4618 2706 4672 manibus
2768 4618 2825 4671 S.
2869 4615 3143 4686 Euthymii
3189 4619 3487 4670 ntunastico
3539 4618 3758 4670 indutus

2167 4709 2349 4764 fuerat
2378 4708 2606 4776 habitu);
2631 4718 2684 4763 et
2709 4709 2876 4778 erepit
2906 4709 3152 4763 oratione
3183 4708 3434 4778 persequi
3459 4723 3546 4763 res
3575 4719 3758 4776 gestas

2169 4803 2271 4859 SS.
2295 4802 2571 4872 Euthymii
2596 4811 2651 4856 et
2685 4800 2863 4856 Saba}.
2917 4800 3006 4855 Ille
3041 4810 3219 4855 autem
3269 4816 3390 4855 cum
3431 4815 3524 4856 eas
3570 4812 3754 4868 aperte

2172 4894 2458 4950 didicisset
2503 4894 2568 4947 ab
2604 4895 2708 4949 hoc
2743 4891 2805 4945 Β.
2831 4893 3109 4957 Quiriaco,
3171 4892 3495 4960 conscripsit
3546 4892 3755 4961 singula

2167 4988 2222 5043 in
2249 4987 2334 5054 iis,
2353 5001 2493 5056 quos
2523 4987 2590 5041 de
2625 4985 2757 5056 ipsis
2781 4985 3000 5054 scripsit
3035 4984 3225 5048 libros,
3258 4993 3316 5038 ut
3355 4983 3500 5039 illine
3528 4969 3756 5054 quilibet

2167 5081 2379 5137 discere
2422 5087 2620 5148 potest,
2658 5078 2704 5134 si
2744 5093 2851 5132 non
2899 5076 3092 5131 leviter
3139 5087 3195 5130 et
3233 5076 3378 5130 aliud
3416 5089 3604 5144 agens,
3662 5078 3756 5128 sed

2167 5179 2420 5226 accurate
2447 5184 2510 5223 ea
2543 5170 2686 5238 legat
2715 5169 3082 5238 (potissimum
3124 5183 3272 5221 num.
3315 5165 3407 5229 48,
3436 5165 3526 5230 49,
3569 5165 3659 5229 58,
3687 5169 3756 5219 tit)

2166 5276 2222 5320 et
2265 5263 2352 5331 76,
2390 5261 2586 5332 quibus
2633 5261 2767 5316 locis
2820 5262 3194 5330 producuntur
3250 5269 3435 5324 testes,
3492 5273 3520 5310 a
3559 5259 3756 5327 quibus

2167 5361 2284 5429 ipse
2313 5357 2543 5428 plurima
2577 5354 2865 5421 Quiriacus
2893 5353 3206 5422 didicerat).
3231 5352 3408 5421 Atque
3435 5352 3517 5406 sic
3537 5354 3756 5420 quidem

2165 5450 2382 5505 divinus
2419 5448 2731 5514 Quiriacus.
2779 5445 2914 5501 Cum
2955 5446 3056 5501 hoc
3085 5457 3264 5499 autem
3305 5458 3559 5500 sermone
3589 5455 3644 5498 et
3672 5445 3757 5499 his

2165 5537 2565 5596 narrationibus
2582 5552 2737 5591 suum
2763 5535 3100 5605 implevisset
3127 5536 3363 5590 animum
3384 5534 3757 5605 Cyrillus,dis-

2165 5633 2333 5688 cessit
2361 5631 2414 5684 in
2458 5643 2618 5700 pace.
2643 5626 2749 5681 Sed
2779 5643 2903 5682 cum
2933 5627 3130 5681 iterum
3162 5627 3477 5682 incessisset
3494 5624 3757 5696 Cyrillum

2165 5725 2434 5795 quoddam
2475 5720 3188 5793 desiderium_conveniendi
3215 5719 3552 5788 Quiriacum.
3586 5716 3758 5790 adivit
