4144 6406
485 281 596 348 589

1482 281 1657 341 VITA
1699 281 1758 341 S.
1802 279 2209 343 EUTIIYMII.
2241 307 2313 319 -
2347 282 2733 345 PROGEMIA.

3659 285 3765 350 590

483 409 608 449 eum
635 393 686 445 in
712 389 962 445 Susacim
996 405 1139 444 anno
1159 390 1336 445 artatis
1352 389 1470 460 ejus
1485 390 1577 456 99,
1602 390 1805 446 Christi
1827 390 1952 446 546.
1981 390 2082 445 De-
2107 395 2158 453 Α
2184 392 2331 462 genti
2364 393 2467 446 viri
2514 394 2706 448 refecti
2743 403 2890 452 sunt.
2928 394 3187 454 Mulieres
3237 400 3455 456 steriles
3502 400 3765 456 fecundas

486 499 632 537 ltltltlt
658 496 766 550 quo
784 487 1028 549 tempore
1045 479 1250 549 Cyrillo
1271 481 1326 534 in
1348 493 1486 534 nova
1511 480 1662 534 laura
1689 481 1770 533 ha:
1792 480 1914 534 vita:
1939 480 2084 534 bien-

485 576 579 629 nio
596 574 814 641 integro
837 579 994 626 erant
1010 571 1112 625 sub
1130 572 1401 637 manibus,
1423 572 1774 626 continenter
1790 571 2086 624 accedebat

487 661 546 715 8.
574 661 892 725 Quiriacum
913 659 964 713 in
1000 669 1158 714 antro
1185 661 1363 730 magni
1389 658 1726 722 Charitonis,
1750 667 1806 712 et.
1828 671 2081 726 magnum

489 757 561 808 ab
592 755 698 808 hoc
739 763 932 807 sancto
965 751 1299 821 percipiebat
1335 751 1760 806 emolumentum
1794 759 1849 803 et
1879 748 2084 802 utilita-

489 857 620 912 tem,
659 860 780 899 cum
816 843 903 897 hic
926 853 1053 898 tunc
1085 853 1305 897 centum
1330 853 1383 896 et
1412 852 1618 912 septem
1645 844 1771 896 vita:
1796 855 1965 896 annos
1987 856 2087 894 nu-

485 945 748 992 meraret.
814 933 943 988 llaec
991 935 1045 988 in
1091 934 1251 1001 hujus
1275 933 1515 1000 Quiriaci
1548 933 1669 988 Vita
1703 931 1770 986 50
1805 929 2082 1000 Septemb.

485 1029 640 1097 cujus
689 1036 972 1080 auctorem
1013 1027 1272 1101 opinatur
1311 1025 1579 1080 Baronius
1615 1022 1903 1094 Cyrillum,
1941 1022 2086 1091 quod

486 1121 644 1176 nobis
665 1118 848 1170 adhuc
870 1117 1090 1170 dubiqu
1117 1132 1260 1170 nunc
1285 1126 1391 1183 est,
1418 1117 1537 1172 istic
1555 1117 1762 1186 plenius
1783 1116 2084 1171 discutien-

486 1215 634 1266 dum.
670 1209 1603 1278 Eumdemexistimabatscripsisse
1626 1206 1800 1262 Vitam
1822 1210 1880 1262 8.
1909 1207 2085 1262 Theo-

495 1302 657 1363 dosii,
686 1303 832 1371 quod
860 1299 918 1352 Η
947 1298 1194 1354 Januarii
1213 1301 1370 1354 nobis
1391 1302 1534 1356 haud
1557 1300 2045 1370 probaridiximus.

567 1394 654 1448 10.
685 1394 863 1447 Vitam
912 1394 1054 1446 hanc
1103 1407 1133 1444 a
1183 1392 1387 1462 Cyrillo
1415 1395 1802 1462 conscriptam,
1854 1392 2084 1446 intexuit

494 1487 608 1540 suis
668 1493 979 1538 sanctorum
1037 1483 1177 1537 Vitis
1231 1483 1630 1552 hletaphrastes
1684 1483 1755 1538 20
1800 1483 2080 1548 Januarii,

503 1595 662 1648 quam
702 1577 852 1632 Latio
891 1593 918 1630 a
969 1575 1238 1632 Gentiano
1269 1576 1509 1633 Herveto
1537 1582 1792 1634 donatam
1847 1580 2083 1649 vulgavit

506 1672 752 1741 Aloysius
775 1669 1110 1740 Lipomanus
1144 1680 1277 1724 tom.
1307 1669 1351 1723 V
1371 1681 1428 1724 et
1452 1686 1518 1724 ex
1540 1686 1604 1725 eo
1626 1669 1952 1726 Laurentius
1971 1671 2080 1724 Su-

2162 484 2440 540 .rcddidit.
2464 485 2600 539 Cum
2629 487 2802 542 sacris
2833 490 3079 559 mysticis
3107 502 3445 560 operaretur,
3486 492 3572 546 lux
3613 492 3765 548 cmli-

2187 582 2273 628 tus
2295 575 2519 644 perinde
2545 587 2707 644 atque
2732 577 2983 632 columna
3018 579 3285 649 affulgens
3305 598 3427 636 eutn
3459 583 3769 637 circumde-

2186 667 2488 746 dit,‘veluti
2528 683 2658 723 voce
2694 671 2894 724 emissa
2929 684 3132 740 quanta
3185 674 3310 730 vitae
3347 677 3583 745 puritate
3607 679 3690 730 vir
3721 675 3769 730 is

2187 764 2332 812 esset
2364 758 2629 813 indicans.
2655 759 2720 813 Et
2753 776 2860 830 quo
2889 762 3116 832 quisque
3159 780 3349 820 eorum
3383 766 3565 820 animo
3598 777 3765 832 esset,

2186 847 2277 916 qui
2308 848 2374 901 ad
2402 863 2613 903 sacram
2643 852 3080 908 communionem
3111 857 3510 926 percipiendam
3543 857 3771 913 accede-

2187 939 2338 1002 bant,
2364 956 2458 1008 per
2490 955 2748 996 arcanam
2787 945 3168 1000 revelationcm
3199 949 3596 1019 perspiciebat;
3625 949 3770 1019 quod

2187 1031 2548 1087 clarissimum
2573 1049 2794 1102 prorsus
2816 1038 3191 1091 sanctimoniae
3218 1038 3336 1108 ejus
3366 1055 3592 1095 summa:
3623 1041 3768 1094 indi-

2188 1123 2332 1176 cium
2369 1121 2487 1176 fuit.
2522 1124 2775 1194 Migravit
2807 1136 2986 1181 autent
3021 1129 3105 1181 vir
3143 1129 3336 1184 Lcatus
3381 1129 3448 1183 ad
3478 1129 3768 1184 Dominum

2187 1229 2310 1268 eum
2345 1217 2634 1285 nonaginta
2663 1228 2717 1272 et
2763 1229 2970 1287 septem
3022 1235 3194 1276 annos
3250 1223 3546 1292 exegisset,
3587 1221 3771 1277 Leone

2185 1307 2378 1379 Magno
2406 1311 2724 1380 imperante.
2761 1309 2884 1365 Vita
2916 1313 3250 1378 moderatus,
3277 1325 3332 1370 et
3362 1315 3606 1369 moribus
3637 1330 3770 1384 per-

2186 1417 2348 1470 quam
2398 1402 2627 1472 simplex
2676 1402 2808 1470 fuit;
2853 1405 3037 1460 colore
3085 1407 3367 1474 candidus,
3397 1416 3449 1460 et
3470 1408 3536 1460 ad
3563 1405 3771 1460 femora

2189 1509 2357 1563 usque
2380 1494 2724 1562 promissam,
2757 1510 2987 1564 eamque
3019 1496 3266 1563 densam,
3290 1499 3493 1553 habens
3517 1499 3768 1553 barbam.

2190 1590 2263 1642 De
2303 1603 2408 1656 quo
2443 1589 2572 1662 illud
2623 1589 2862 1644 historia“:
2907 1599 3230 1645 memorant.
3280 1591 3413 1645 Cum
3467 1591 3771 1645 mormchus

2188 1679 2405 1748 quidam
2430 1691 2752 1746 moreretur,
2785 1680 2878 1748 qui
2909 1682 3181 1751 egregiam
3211 1681 3429 1738 virtutis
3463 1692 3516 1737 et
3539 1685 3768 1737 castita-

500 1763 647 1827 rius;
681 1773 732 1816 et
761 1764 811 1816 in
840 1763 1222 1830 compendium
1261 1764 1554 1830 redactam,
1607 1763 1898 1820 Zacharias
1944 1764 2075 1834 Lip-

2189 1773 2254 1827 tis
2280 1773 2480 1826 famam
2499 1773 2793 1838 obtineret,
2821 1773 3126 1842 impudicus
3150 1784 3329 1830 autem
3359 1790 3585 1845 prorsus
3599 1786 3766 1841 esset,

493 1855 702 1925 pelous,
733 1867 786 1908 et
819 1854 1150 1910 Franciscus
1181 1854 1432 1921 Haraeus,
1477 1871 1710 1925 eamque
1741 1857 1906 1912 variis
1944 1857 2081 1913 locis

493 1948 728 2004 inseruit
761 1945 1016 2003 Historiae
1063 1947 1448 2002 ecclesiastica:
1497 1947 1786 2003 Baronius.
1819 1947 1931 2004 Nos
1958 1964 2079 2004 eam

493 2039 684 2094 damus
722 2040 974 2094 collatam
1002 2054 1126 2094 cum
1155 2055 1258 2093 ms.
1302 2026 1518 2107 Crteco',
1555 2041 1651 2094 sed
1699 2039 1821 2110 (pro
1867 2039 2079 2112 dolor!)

491 2129 710 2196 mutilo;
751 2145 874 2184 nam
910 2145 1078 2200 pauca
1107 2131 1376 2202 principio
1407 2131 1659 2200 deerant,
1691 2133 1840 2202 plura
1887 2135 1987 2189 sub
2019 2135 2082 2188 ﬁ-

488 2235 614 2274 nem
644 2235 676 2273 a
710 2235 858 2274 num.
887 2219 978 2276 97.
1022 2221 1100 2275 Ex
1128 2222 1229 2277 hoc
1250 2237 1312 2276 ea
1345 2223 1610 2291 suppleta,
1644 2238 1763 2292 qua:
1807 2240 1956 2280 num.
1990 2224 2082 2293 64,

489 2310 562 2366 65
591 2323 646 2364 et
671 2310 763 2376 66,
803 2311 1136 2378 referuntur,
1169 2326 1200 2366 a
1249 2311 1517 2368 Gentiano
1564 2315 1791 2380 omissa,
1849 2330 2080 2384 quorum

490 2415 674 2459 tamen
705 2405 910 2459 mentio
942 2415 1027 2459 est
1056 2405 1110 2458 in
1145 2404 1365 2460 Menaeis
1419 2413 1473 2460 et
1524 2405 1664 2475 apud
1691 2404 2077 2473 Nicephorum.

489 2499 557 2552 de
586 2513 698 2567 quo
726 2480 872 2552 mox.
906 2496 1199 2568 Prologum
1244 2497 1595 2568 prartigimus,
1655 2499 1746 2568 qui
1808 2496 1940 2553 Vita:
1976 2515 2078 2555 ms.

490 2587 553 2642 S.
581 2589 740 2642 Saba:
765 2603 1014 2642 atmexus
1045 2598 1188 2654 erat,
1219 2598 1274 2642 et
1317 2589 1420 2644 huc
1461 2589 1638 2658 potius
1682 2590 1936 2659 pertinet.
1975 2589 2082 2644 Ex-

488 2690 766 2749 punxerat
799 2695 921 2733 eum
965 2679 1388 2748 bletaphrastes,
1428 2681 1536 2736 alio
1581 2682 1897 2750 substituto,
1939 2685 2083 2753 quod

489 2773 540 2825 ei
588 2771 702 2825 fere
748 2771 1010 2838 solemne,
1057 2783 1116 2826 ut
1162 2775 1362 2842 passim
1421 2788 1648 2829 cernere
1697 2784 1780 2829 est
1818 2785 1932 2831 toto
1983 2777 2086 2831 hoc

489 2879 680 2931 opere,
711 2872 765 2918 et
798 2863 908 2932 jam
948 2864 1214 2933 proximis
1240 2865 1431 2920 diebus
1461 2865 1533 2918 22
1574 2864 1806 2920 Januar.
1849 2867 1903 2920 in
1932 2867 2084 2922 Actis
2123 2941 2133 2951 ε

491 2956 553 3008 8.
586 2954 860 3006 Anastasii
892 2951 1096 3016 Persae,
1127 2963 1182 3007 ct
1221 2954 1294 3007 2⁵5
1331 2956 1385 3009 in
1419 2955 1571 3012 Actis
1603 2956 1662 3010 8.
1688 2954 1915 3013 Joannis
1937 2956 2084 3010 Elec-

491 3046 813 3116 ino.~yuarii.
852 3044 1062 3100 Caetera
1103 3056 1225 3116 post
1273 3048 1554 3142 prologum
1597 3051 1861 3119 genuinus
1893 3049 2078 3119 Cyrilli
2107 3084 2150 3142 ο

491 3138 644 3191 fetus
685 3147 843 3198 sunt,
875 3144 931 3190 et
968 3145 1052 3190 sat
1093 3151 1192 3191 sua
1236 3151 1296 3192 se
1345 3137 1729 3193 conformitate
1779 3138 2080 3194 vindicant.

490 3228 606 3284 Nec
634 3245 862 3299 usquam
899 3245 928 3283 a
964 3229 1081 3284 Vita
1109 3231 1420 3300 discrepant
1473 3231 1531 3287 S.
1560 3233 1738 3302 Sabaz,
1769 3248 1931 3303 quam
1966 3232 2080 3303 ple-

495 3325 705 3378 niorem
728 3323 977 3376 dabimus
1000 3322 1034 3377 5
1064 3321 1316 3378 Decemb.
1350 3323 1479 3378 olim
1525 3324 1771 3394 plurimis
1799 3335 1927 3380 ante
1956 3334 2086 3380 aeta-

493 3424 604 3468 tem
638 3412 1024 3481 Metaphrasta:
1079 3413 1238 3466 annis
1295 3411 1493 3468 Latine
1543 3413 1833 3478 redditam,
1891 3427 1922 3467 e
1978 3429 2084 3484 qua

493 3509 777 3578 prologum
807 3508 891 3560 hic
928 3507 1288 3570 restituimus,
1334 3517 1518 3576 utpote
1545 3508 1711 3577 priori
1764 3507 1904 3563 libro
1949 3523 2086 3578 prae-

494 3604 662 3655 lisum
715 3601 785 3653 ab
836 3610 1078 3654 auctore.
1138 3597 1274 3652 Nam
1312 3601 1609 3654 secundum
1643 3600 1841 3655 librum
1885 3603 2088 3658 oratio-

496 3707 688 3746 nemve
742 3690 858 3760 ipse
907 3690 1138 3760 Cyrillus
1191 3691 1366 3746 Vitam
1413 3691 1472 3745 8.
1526 3690 1681 3746 Saba:
1739 3691 1987 3762 indigitat
2033 3695 2086 3748 in

503 3786 668 3852 ipsius
701 3781 856 3837 Saba:
883 3793 940 3838 et
979 3783 1037 3837 8.
1069 3781 1299 3838 Joannis
1341 3781 1638 3838 Silentiarii
1664 3783 1838 3849 Actis,
1864 3783 2088 3854 haecque

515 3879 718 3928 tertium
745 3877 824 3929 loc
837 3891 926 3928 um
954 3885 1245 3944 occupant.

591 3966 669 4020 Η.
697 3967 965 4039 Euthymii
991 3969 1236 4022 meminit
1256 3967 1588 4036 Nieephorus
1603 3966 1860 4023 Callistus
1885 3968 1978 4024 lib.
1999 3984 2089 4023 xw

515 4059 674 4111 rariis
726 4059 891 4124 locis;
946 4059 1262 4114 nominatim
1330 4059 1516 4112 isthrec
1576 4058 1768 4112 scribit
1819 4059 1911 4113 lib.
1957 4075 2086 4124 XIV,

512 4167 628 4220 cap.
658 4151 727 4204 52
761 4167 774 4205 :
816 4170 834 4202 ε
877 4149 990 4204 Sub
1035 4150 1225 4204 eodem
1283 4149 1542 4204 Marciani
1580 4151 1808 4218 imperio
1861 4167 2092 4220 magnus

503 4257 666 4298 etiam
706 4245 792 4297 ille
828 4255 882 4298 et
911 4243 1146 4312 inclytus
1171 4241 1497 4312 Euthymius
1518 4243 1571 4297 in
1598 4243 1887 4299 Palaestina
1913 4245 2092 4299 excel-

502 4337 622 4392 luil.
658 4335 758 4401 Qui
801 4339 902 4391 sub
924 4335 1152 4391 Valente
1184 4338 1400 4405 quidem
1431 4351 1496 4390 ex
1525 4337 1886 4406 promissione
1909 4347 2088 4404 natus,

2183 1868 2434 1914 sanctum
2468 1861 2611 1916 hunc
2633 1862 2808 1916 virum
2861 1863 3111 1933 angelum
3144 1864 3416 1920 horrenda
3459 1865 3640 1936 specie
3669 1867 3768 1921 tri-

2183 1949 2348 2005 dente
2377 1951 2526 2021 gravi
2584 1953 2824 2007 animam
2859 1952 3028 2021 illius,
3079 1953 3353 2010 crudelem
3388 1955 3442 2009 in
3485 1957 3701 2011 modum
3736 1972 3769 2012 θ

2184 2058 2413 2113 corpore
2446 2044 2825 2101 extrahentem
2861 2047 3105 2103 vidisse:
3134 2054 3190 2104 et
3215 2061 3400 2103 vocem
3433 2047 3594 2104 simul
3625 2048 3768 2104 caeli-

2188 2144 2293 2200 tus,
2318 2137 2530 2192 occulta
2552 2137 2902 2207 turpitudinis
2934 2136 3177 2195 facinora
3204 2149 3390 2210 aperte
3407 2141 3763 2208 revelantem,

2185 2225 2625 2281 audisse.Alium
2653 2242 2871 2297 quoque
2910 2243 3204 2299 pauperem
3240 2231 3528 2300 quemdam
3562 2232 3767 2287 nudum

2184 2318 2239 2373 in
2273 2319 2386 2374 solo
2411 2318 2680 2390 jacentem
2727 2319 2797 2375 ab
2846 2335 2913 2376 eo
2959 2333 3311 2394 conspectum
3358 2339 3500 2390 esse,
3528 2324 3767 2380 lacerum

2184 2424 2413 2478 prorsus
2433 2420 2486 2465 et
2505 2410 2699 2479 pannis
2721 2410 2920 2467 vilibus
2938 2413 3210 2468 obsitum:
3241 2413 3396 2484 cujus
3425 2415 3659 2483 animam
3677 2416 3767 2486 qui

2186 2501 2338 2556 multi
2366 2504 2413 2556 ei
2447 2511 2644 2571 priesto
2692 2504 2942 2570 aderant,
2981 2504 3160 2574 angeli
3210 2517 3528 2562 reverenter
3569 2522 3770 2562 evoca-

2186 2593 2325 2658 rint;
2361 2593 2448 2648 cui
2473 2591 2642 2646 David
2677 2608 2896 2663 quoque
2939 2609 3064 2649 cum
3117 2596 3314 2650 summi
3363 2607 3663 2653 concentus
3693 2599 3772 2653 ei-

2186 2688 2342 2741 thara
2377 2700 2474 2740 sua
2508 2686 2768 2749 adfuerit,
2807 2687 3334 2748 carminibus.illam
3369 2690 3533 2747 veluti
3557 2691 3771 2748 demul—

2186 2791 2317 2832 cens
2339 2786 2503 2845 atque
2539 2777 2870 2845 producens.

2185 2932 2324 3005 §lV.
2353 2932 2513 2987 Αέιαε
2549 2932 2608 2988 S.
2642 2933 2936 3005 Euthymii,
2977 2936 3377 3005 discipulorum,
3408 2952 3768 2992 successorum

2324 3016 2371 3059 et
2400 3020 2492 3059 sea:
2519 3006 2946 3073 patriarcharum
2969 3007 3592 3076 Hicrosolymitanorum.

2259 3138 2346 3192 12.
2373 3135 2670 3193 Historiam
2698 3136 2756 3191 S.
2780 3136 3079 3208 Euthymii,
3107 3137 3332 3208 ejusque
3361 3152 3765 3202 successorum,

2185 3229 2404 3287 deducit
2437 3229 2671 3302 Cyrillus
2695 3231 2763 3285 ad
2795 3245 2890 3284 sua
2926 3239 3190 3300 tempora,
3228 3233 3428 3300 quibus
3472 3241 3591 3287 acta
3625 3233 3763 3303 ejus,

2188 3324 2248 3379 8.
2301 3321 2458 3378 8δὺω
2505 3331 2561 3376 et
2611 3321 2669 3375 S.
2719 3317 2946 3377 Joannis
2997 3320 3292 3378 Silentiarii
3343 3323 3579 3393 scripsit.
3623 3323 3770 3379 Idem

2188 3416 2490 3488 prazstilum
2519 3415 2570 3468 in
2598 3415 2751 3470 Actis
2792 3407 2850 3469 8.
2901 3417 3162 3482 Quiriaci,
3207 3417 3322 3471 sive
3348 3433 3375 3470 a
3413 3416 3638 3487 Cyrillo,
3675 3431 3770 3472 seu

2189 3522 2298 3576 quo
2324 3505 2432 3560 alio
2475 3504 2620 3560 illius
2671 3505 2864 3574 aequali
2905 3514 2960 3559 et
3007 3507 3176 3560 socio.
3202 3505 3473 3562 Aeeurata
3506 3508 3772 3572 locorum,

2188 3613 2252 3652 ac
2281 3597 2622 3666 potissimum
2665 3605 2968 3665 temporum
3002 3605 3058 3652 et
3093 3613 3470 3667 personarum,
3508 3600 3648 3654 ratio
3678 3599 3776 3652 ha-

2190 3691 2321 3746 bita.
2356 3688 2706 3760 lndictiones,
2735 3687 3077 3756 consulatus,
3123 3690 3251 3744 anni
3298 3691 3685 3757 imperatorum
3715 3703 3772 3745 et.

2190 3785 2623 3856 patriarcharum
2681 3781 3301 3851 liierosolymitanorum
3341 3783 3628 3853 diligenter
3673 3801 3766 3838 ex-

2191 3877 2380 3947 pressi.
2422 3874 2602 3941 Quare
2628 3887 2810 3943 operae
2843 3873 3077 3941 pretium
3110 3873 3363 3928 duximus
3408 3889 3502 3928 eos
3534 3875 3772 3929 breviter

2191 3968 2358 4023 veluti
2389 3969 2440 4021 in
2476 3967 2671 4021 tabella
2697 3967 2765 4022 ob
2789 3964 2977 4021 oculos
3002 3981 3224 4036 ponere.
3273 3966 3532 4021 Nascitur
3571 3966 3629 4021 S.
3666 3967 3772 4021 Eu-

2194 4061 2432 4132 thymius
2475 4069 2671 4130 quarto
2718 4056 3004 4113 consulatu
3053 4057 3299 4112 Gratiani
3346 4076 3436 4113 an.
3495 4060 3598 4115 Ch.
3628 4059 3769 4125 βπ,

2195 4156 2488 4210 indictione
2521 4155 2583 4218 V,
2613 4153 2750 4207 forte
2775 4152 2938 4208 Junio
2965 4167 3170 4217 mense,
3201 4163 3260 4207 ut
3295 4155 3361 4208 ad
3403 4153 3564 4208 vitam
3611 4171 3665 4208 η.
3716 4153 3770 4208 3.

2193 4245 2356 4303 Patre
2407 4256 2623 4301 mortuo
2665 4245 2896 4299 oﬂ‘ertur
2944 4243 3132 4314 Otrejo
3174 4245 3433 4314 episcopo
3475 4246 3632 4300 tertio
3655 4255 3778 4315 post

2195 4354 2342 4394 anno
2373 4339 2474 4393 sub
2500 4339 2712 4392 initium
2754 4334 3051 4391 Theodosii
3083 4336 3426 4405 imperatoris
3457 4353 3469 4388 :
3510 4339 3777 4390 educatur

500 4448 531 4483 a
573 4444 768 4500 magno
791 4437 968 4484 autem
1016 4426 1201 4484 Otreio
1247 4437 1302 4481 et
1339 4427 1541 4482 Acacio
1577 4427 1932 4481 Mehtinensis
1985 4425 2090 4481 Ec-
2117 4422 2172 4482 Ι)
2197 4433 2252 4487 in
2284 4431 2482 4486 studiis
2523 4445 2537 4482 :
2569 4429 2786 4484 adultus
2826 4428 3075 4482 initiatur
3119 4427 3464 4482 sacerdotio:
3499 4426 3611 4480 abit
3652 4426 3777 4482 Hie-

501 4526 679 4579 clesia:
705 4525 974 4593 episcopis
999 4523 1102 4577 rite
1123 4523 1315 4576 doctus
1337 4531 1501 4591 atque
1529 4521 1757 4589 eductus
1783 4537 1796 4574 :
1825 4520 2018 4574 deinde
2036 4519 2090 4573 in

502 4620 953 4686 presbyterorum
979 4616 1227 4671 ordinem
1279 4613 1534 4679 allectus,
1568 4628 1848 4668 sacrarqu
1883 4622 2092 4667 tantum

504 4725 688 4762 rerum
725 4724 909 4764 curam
945 4708 1132 4778 gessit.
1167 4706 1362 4762 Postea
1406 4706 1460 4760 in
1503 4704 1792 4760 Palaestina
1830 4719 1939 4759 una
1968 4719 2091 4759 cum

505 4804 829 4856 admirando
859 4798 1174 4855 Theoctisto
1205 4799 1258 4852 in
1286 4810 1444 4852 antro
1477 4797 1712 4866 quodam
1735 4795 1952 4850 virtutis
1982 4802 2094 4848 sta-

509 4895 611 4946 tuit
639 4892 931 4952 ofﬁcinam.
959 4890 1251 4959 nuiltisque
1297 4897 1353 4944 et
1396 4889 1564 4942 variis
1595 4887 1770 4954 cellis,
1804 4887 2094 4942 sanctioris

509 4977 865 5056 philosophiae
897 4984 1073 5038 mellis
1104 4983 1343 5052 stipandi
1385 4981 1559 5052 gratia
1610 4980 1963 5044 constructis,
2009 4981 2093 5034 iu-

509 5097 642 5148 gcus
673 5079 913 5134 condidit
953 5078 1370 5132 monasterium.
1405 5075 1462 5128 In
1505 5085 1712 5128 tantum
1762 5083 1942 5127 autem
1983 5075 2093 5128 vir-

511 5181 628 5224 tute
646 5171 858 5235 enituit,
883 5180 941 5222 ut
966 5185 1088 5222 cum
1122 5182 1294 5221 canon
1317 5175 1463 5220 esset
1491 5175 1544 5219 et
1583 5163 1814 5219 formula
1862 5164 2094 5219 instituti

511 5262 823 5323 monastici,
856 5272 966 5314 tum
1003 5257 1279 5312 miraculis
1307 5257 1470 5312 etiam
1521 5255 1746 5310 edendis
1774 5254 2092 5323 praeclarum

510 5356 784 5409 obtineret
812 5367 1029 5408 nomen.
1071 5349 1206 5404 Nam
1235 5348 1527 5404 Persarum
1559 5348 1840 5418 cujusdam
1889 5347 2093 5403 tribuni

510 5451 685 5504 tilium
732 5449 923 5503 morbo
971 5448 1258 5502 liberatum
1291 5443 1357 5497 ad
1391 5443 1828 5498 incolumitatem;
1859 5441 2090 5504 reduxit,

511 5553 570 5595 et
593 5543 714 5596 caeli
758 5541 955 5611 januas
984 5538 1220 5608 aperuit,
1257 5547 1418 5605 atque
1450 5534 1620 5590 sterili
1655 5542 1812 5586 terra:
1844 5531 2093 5586 fertilita-

517 5645 626 5688 tem
683 5635 1021 5688 orationibus
1083 5629 1412 5688 conciliavit.
1463 5625 1655 5681 Eﬂ‘ecit
1709 5625 1894 5689 etiam,
1938 5633 1996 5677 ut
2027 5638 2094 5677 ex

510 5727 863 5796 paucissimis
905 5726 1124 5796 plurimi
1162 5738 1330 5794 panes
1360 5724 1568 5786 flerent,
1597 5721 1794 5792 quibus
1831 5721 2095 5786 quadrin-

2194 4524 2520 4594 rosolymam
2545 4536 2689 4575 anno
2708 4521 2886 4574 anatis
2905 4519 2996 4586 ‘29,
3015 4518 3368 4582 Christi-406,
3391 4518 3597 4572 habitat
3614 4517 3772 4586 juxta

2196 4616 2401 4670 lauram
2432 4613 2672 4668 Pharan.
2703 4609 2953 4679 Quinque
2981 4611 3032 4663 in
3071 4609 3289 4664 Pharan
3333 4609 3627 4663 transactis
3672 4623 3772 4661 an-

2196 4707 2302 4770 nis,
2331 4705 2537 4761 secedit
2578 4705 2644 4756 ad
2689 4702 3026 4771 speluncam,
3072 4715 3161 4755 an.
3201 4698 3302 4754 Ch.
3348 4698 3476 4754 4H.
3530 4699 3774 4753 Exstruit.

2196 4798 2423 4853 inferius
2483 4792 2878 4850 monasterium
2948 4791 3005 4844 S.
3069 4790 3390 4845 Theoctisti.
3455 4787 3776 4842 ProveetiOr

2196 4893 2454 4959 canisque
2482 4901 2808 4958 conspersus
2833 4885 3068 4940 azdificat
3111 4882 3257 4937 aliud
3296 4881 3684 4936 monasterium
3721 4880 3773 4932 in

2194 4982 2486 5040 solitudine
2539 4979 2822 5049 Engaddi:
2878 4977 3117 5041 lautam,
3165 4988 3195 5028 a
3239 4988 3338 5029 suo
3392 4973 3516 5027 dein
3560 4971 3777 5025 nomine

2196 5075 2655 5145 cognOminatam,
2687 5069 2890 5125 condit.
2916 5067 3200 5138 Templum
3242 5065 3408 5120 laurze
3461 5080 3490 5118 a
3515 5062 3780 5122 Juvenale

2195 5170 2450 5238 episcopo
2487 5163 2976 5232 llierosolymitano
2995 5161 3302 5225 dedicatur,
3330 5173 3452 5212 cum
3483 5170 3658 5211 annos
3681 5171 3776 5209 na-

2197 5270 2285 5315 tus
2322 5267 2470 5314 esset
2501 5256 2590 5320 52,
2641 5271 2670 5308 a
2705 5255 2908 5308 Christi
2961 5253 3249 5307 nativitate
3275 5251 3414 5316 4'29,
3445 5248 3772 5304 volveretur.

2197 5352 2395 5423 Ephesi
2439 5351 2676 5421 synodus
2726 5347 3062 5403 meumenica
3117 5353 3476 5415 congregatur
3531 5356 3622 5395 an.
3669 5338 3774 5394 Ch.

2199 5447 2326 5510 451,
2384 5444 2456 5498 ἳΞ
2497 5442 2668 5507 Junii,
2721 5441 2898 5494 aetatis
2950 5438 3010 5494 S.
3059 5437 3333 5507 Euthymii
3387 5435 3474 5490 54.
3523 5431 3778 5488 Nascitur

2201 5537 2259 5592 8.
2296 5536 2472 5590 Sabas
2520 5535 2653 5601 imp.
2685 5529 2994 5593 Theodosio
3035 5545 3149 5585 xvtt
3193 5526 3436 5590 consule,
3471 5538 3654 5579 mense
3683 5521 3778 5577 Ja-

2201 5627 2395 5683 nuario
2422 5643 2510 5679 an.
2547 5618 2651 5678 Ch.
2682 5620 2808 5677 459.
2847 5621 3075 5678 Moritur
3101 5619 3442 5676 Theodosius
3467 5617 3662 5673 Junior
3685 5632 3777 5672 an.

2201 5720 2299 5776 Ch.
2325 5717 2450 5782 450,
2478 5717 2576 5771 sub
2602 5715 2757 5784 cujus
2787 5716 2947 5770 linem
2989 5714 3231 5770 nascitur
3265 5711 3324 5768 S.
3361 5711 3645 5779 Quiriacus
3673 5707 3782 5764 cir-
