4144 6408
401 273 502 337 591

1650 267 1940 328 MENSIS
1980 265 2441 328 JANUARIUS.

3569 267 3674 331 59?.

402 390 540 444 citer
564 403 654 442 an.
684 389 816 446 Chr.
852 387 978 470 448,
1009 389 1175 459 utqui
1208 403 1350 442 anno
1385 386 1580 455 Leonis
1612 385 1668 450 9,
1710 385 1982 439 decimum
2010 390 2062 448 Α
2089 378 2348 470 legendus
2380 381 2699 434 Herwartus
2737 380 2788 470 in
2821 381 3185 470 Chronologia
3215 398 3335 454 cap.
3366 383 3494 438 257.
3528 384 3672 440 Idem

403 493 650 536 octavum
694 481 869 537 :etatis
925 481 1139 551 agebat,
1189 491 1245 534 et
1301 494 1389 533 an.
1452 479 1554 534 Ch.
1607 478 1733 545 475,
1790 477 1983 532 Martio

404 589 614 636 mense,
637 575 958 645 vigesimum
987 584 1224 635 sextum,
1250 581 1304 625 ut
1332 587 1399 626 ex
1439 572 1558 640 ejus
1597 582 1649 626 et
1686 572 1742 625 S.
1778 573 1984 641 Euthy-

405 667 498 720 mii
537 667 642 720 vita
681 676 914 722 constat.
951 665 1292 720 Chalcedone
1323 666 1561 735 synodus
1607 666 1796 719 itidem
1834 681 1984 721 oecu-

411 759 623 812 menica
685 758 998 813 celebratur
1068 771 1254 810 mense
1308 755 1552 818 Octobri,
1611 771 1755 810 anno
1807 757 1985 810 inlatis

407 849 466 904 S.
504 851 771 920 Euthymii
821 849 918 915 75,
973 849 1174 904 Christi
1243 849 1368 903 451.
1416 852 1575 906 Anno
1624 848 1880 904 Marciani
1927 848 1981 911 4,

379 940 608 996 Christi
633 939 759 1004 454,
790 939 1087 995 indictione
1127 955 1224 1004 vn,
1254 939 1499 995 nascitur
1522 939 1770 1006 iJoannes
1805 938 1982 992 Sileno

405 1033 619 1088 tiarius.
653 1034 760 1089 Leo
797 1034 1095 1104 imperator
1119 1034 1363 1089 succedit
1403 1033 1682 1087 Marciano
1707 1047 1796 1086 an.
1849 1031 1981 1084 Chr.

405 1125 533 1180 457.
569 1125 832 1197 Sequenti
864 1142 1007 1182 anno
1054 1126 1330 1182 Juvenalis
1363 1125 1580 1180 excedit
1607 1140 1638 1179 e
1670 1126 1776 1178 vita
1805 1133 1861 1178 et
1891 1139 1986 1193 pa-

407 1218 646 1274 triarcha
690 1219 811 1289 ejus
851 1219 970 1276 loco
1015 1219 1301 1274 ordinatur
1350 1217 1688 1283 Anastasius,
1723 1233 1811 1270 an.
1853 1215 1983 1271 Chr.

406 1308 532 1365 458.
561 1308 620 1363 8.
656 1310 826 1364 Sabas
849 1323 991 1364 anno
1020 1310 1196 1364 aetatis
1230 1308 1320 1377 I8,
1339 1308 1438 1364 Ch.
1458 1309 1584 1373 457,
1618 1309 1767 1363 venit
1791 1307 1987 1362 Hiero-

407 1399 669 1470 solymam
701 1417 716 1455 :
751 1401 894 1472 degit
927 1402 980 1456 in
1004 1400 1334 1456 monasterio
1365 1399 1425 1454 S.
1459 1400 1804 1455 Passarionis
1836 1417 1850 1452 :
1877 1400 1989 1453 adit

409 1491 466 1547 8.
499 1493 884 1564 Euthymium,
935 1508 1080 1548 anno
1125 1495 1300 1550 tetatis
1345 1495 1503 1565 hujus
1551 1494 1620 1550 82
1647 1536 1661 1558 ,
1703 1494 1806 1549 Ch.
1855 1494 1983 1560 458,

409 1583 645 1637 mitittur
677 1583 744 1638 ad
770 1584 1162 1640 monasterium
1189 1584 1248 1640 8.
1281 1582 1602 1640 Theoctisti.
1630 1584 1728 1640 llic
1761 1585 1990 1641 moritur

404 1674 582 1728 aetatis
610 1673 666 1728 8.
703 1675 978 1747 Euthymii
1003 1677 1095 1751 90,
1119 1677 1326 1732 Christi
1355 1677 1498 1746 Z467,
1549 1693 1672 1732 cum
1719 1678 1987 1733 decimum

400 1767 510 1833 jam
585 1755 786 1822 annum
863 1769 938 1823 illi

404 1858 648 1912 succedit
714 1857 918 1926 Maris;
982 1861 1110 1915 huic
1135 1861 1284 1931 {post
1362 1861 1664 1926 biennium,
1736 1877 1829 1916 an.
1882 1861 1984 1917 Ch.

403 1946 532 2014 469,
566 1947 866 2020 Longinus.
891 1951 1105 2027 Interea
1135 1953 1287 2008 venit
1311 1953 1745 2026 Hierosolymam
1778 1955 1988 2020 S.Qui-

406 2041 586 2095 riacus
612 2057 792 2098 annos.
810 2053 968 2099 natus
1003 2044 1090 2111 I8,
1125 2044 1326 2101 Leonis
1365 2045 1714 2115 imperatoris
1753 2061 1896 2100 anno
1925 2045 1981 2112 9,

407 2131 682 2189 Anastasii
721 2135 1050 2204 patriarchze
1093 2136 1146 2202 8,
1186 2135 1386 2192 Christi
1426 2137 1570 2202 465;
1607 2140 1798 2209 hyeme
1845 2139 1990 2209 apud

405 2221 754 2295 Eustorgium
789 2226 1196 2299 Hierosolymis
1238 2240 1480 2298 peracta,
1519 2230 1630 2284 adit
1681 2228 1740 2284 8.
1787 2230 1994 2303 Euthy-

408 2315 600 2381 mium,
637 2318 705 2372 ab
731 2333 796 2373 co
821 2323 1122 2376 monastico
1148 2322 1334 2376 habitu
1372 2323 1612 2389 indutus,
1643 2334 1857 2379 mortuo
1878 2325 1991 2396 jam

407 2406 744 2477 Theoctisto,
773 2412 1009 2466 mittitur
1041 2415 1106 2468 ad
1137 2415 1193 2468 8.
1220 2412 1587 2470 Gerasimuin.

479 2497 570 2555 I5.
614 2500 856 2557 Tandem
908 2505 1122 2560 meritis
1173 2505 1405 2575 plenus,
1458 2505 1636 2560 electo
1675 2522 1996 2565 successore

363 2595 373 2604 ‘
410 2587 550 2657 Elia,
577 2591 808 2646 moritur
830 2593 888 2648 8.
915 2592 1237 2666 Enthymius
1263 2594 1332 2649 20
1359 2594 1600 2650 Januarii
1628 2597 1716 2652 die
1747 2597 1994 2667 Sabbati,

409 2693 598 2752 noctu,
647 2700 791 2742 anno
833 2687 899 2742 16
937 2687 1152 2758 imperii
1181 2687 1401 2752 Leonis,
1437 2688 1552 2756 qui,
1575 2704 1696 2742 cum
1719 2705 1860 2744 unus
1881 2690 1996 2758 jam

409 2777 767 2845 praeteriisset
811 2794 987 2834 annus
1031 2790 1153 2851 post
1195 2791 1424 2837 mortem
1479 2783 1657 2852 magni
1700 2783 1994 2853 Euthymii,

409 2868 574 2923 etiam
605 2869 822 2926 excedit
846 2887 876 2927 e
900 2872 1029 2938 vita;
1066 2872 1138 2927 ita
1163 2872 1302 2928 inl‘ra
1330 2890 1484 2928 num.
1506 2875 1629 2940 I05,
1657 2875 1758 2930 I09
1784 2888 1839 2930 et
1871 2876 1995 2931 115.

1010 1739 1185 1825 ΞᾹ-ΒΩΒ
1237 1739 1601 1826 cohabitaret.
1673 1739 2066 1826 'IheoctistoB

2087 469 2521 548 animadvertere
2551 479 2635 526 est
2659 471 2710 524 in
2739 469 2862 525 Vita
2900 470 2960 526 8.
2988 469 3146 526 Saba:
3173 473 3242 526 ab
3269 474 3456 527 eodem
3471 474 3676 542 scripta

2086 559 2313 631 Cyrillo.

2159 675 2247 730 I4.
2291 675 2418 731 l’ost
2441 677 2646 731 obitum
2690 677 2747 732 S.
2776 680 3051 750 Euthymii
3085 679 3141 734 8.
3167 680 3337 733 Sabas
3375 695 3516 732 anno
3541 691 3674 734 aeta-

2091 767 2158 821 tis
2197 768 2287 830 55,
2329 768 2431 822 Ch.
2461 771 2585 834 475,
2617 771 2841 825 discedit
2873 787 2936 825 ex
2971 771 3216 827 inferiori
3255 772 3586 825 monasterio
3609 772 3675 824 ad

2091 857 2147 910 8.
2183 858 2547 914 Gerasimum.
2581 863 2738 916 Anno
2766 862 2834 916 ab
2875 863 3024 916 obitu
3048 861 3104 916 8.
3135 862 3412 932 Euthymii
3450 862 3678 916 moritur

2090 950 2200 1004 Leo
2231 951 2544 1022 imperator,
2585 967 2674 1007 an.
2710 954 2810 1008 Ch.
2841 953 2967 1008 474.
3015 953 3272 1008 Succedit
3318 953 3426 1006 Leo
3457 953 3674 1020 Nepos;

2090 1041 2236 1108 huic,
2275 1060 2396 1099 cum
2453 1045 2596 1099 haud
2647 1046 2737 1099 diu
2787 1046 3034 1111 vixisset,
3093 1055 3246 1114 pater
3296 1045 3444 1098 Zeno
3485 1044 3676 1098 eodem

2090 1133 2490 1188 auno.Moritur
2520 1136 2578 1190 8.
2614 1134 2931 1190 Gerasimus
2955 1135 3251 1206 (num.95.)
3279 1135 3312 1189 5
3351 1134 3556 1198 Martii,
3597 1134 3681 1188 in—

2089 1223 2330 1282 dictione
2379 1228 2475 1293 I5,
2525 1229 2810 1283 consulatu
2853 1229 3088 1284 Zenonis
3135 1228 3358 1298 Augusti
3418 1227 3677 1290 secundo,

2090 1329 2178 1369 an.
2210 1317 2309 1387 Ch‘.
2353 1318 2481 1374 475.
2523 1320 2582 1372 8.
2615 1318 2878 1387 Cyriacus
2913 1335 3057 1375 anno
3091 1321 3266 1375 aetatis
3303 1319 3394 1385 27,
3436 1319 3574 1373 redit
3613 1317 3681 1372 ad

2091 1378 2405 1464 IauraniS.
2456 1409 2757 1480 Euthyinii,
2805 1411 2992 1481 ibique
3036 1412 3196 1481 longo
3236 1422 3516 1480 tempore,
3565 1411 3681 1464 sive

2091 1497 2276 1552 decem
2309 1514 2502 1566 annos,
2545 1511 2812 1568 moratur,
2848 1518 2902 1558 n.
2948 1501 3036 1567 49,
3079 1511 3134 1557 et
3167 1504 3217 1556 in
3254 1503 3372 1572 ejus
3403 1501 3544 1556 Vita.
3579 1500 3682 1553 Ba-

2090 1587 2305 1643 siliscus
2351 1606 2418 1646 ex
2457 1591 2671 1648 insidiis
2713 1593 2922 1649 invadit
2965 1595 3254 1663 imperium
3298 1609 3390 1647 an.
3421 1593 3522 1648 Ch.
3553 1592 3679 1648 476.

2091 1677 2697 1740 Moritur'Anastasius
2743 1686 3078 1754 patriarcha,
3133 1702 3278 1740 anno
3323 1687 3515 1756 quinto
3558 1695 3683 1755 post

2091 1784 2322 1828 mortem
2357 1773 2628 1846 Euthymii
2669 1779 2999 1846 exspirante,
3039 1773 3334 1847 incipiente
3363 1793 3550 1832 mense
3585 1775 3680 1830 Ja-

2092 1865 2283 1919 nuario
2317 1881 2408 1920 an.
2443 1866 2543 1920 Ch.
2566 1868 2693 1934 477,
2723 1869 2961 1937 peractis
2996 1869 3049 1923 in
3081 1870 3375 1938 praesulatu
3411 1869 3476 1922 I9
3501 1868 3679 1922 annis.

2091 1955 2293 2011 Eodem
2329 1973 2472 2013 anno
2501 1957 2647 2013 Zeno
2676 1969 2976 2048 .recuperat
3024 1959 3335 2028 imperium,
3387 1968 3441 2012 et
3470 1959 3684 2027 Marty—

2092 2050 2206 2103 rius
2238 2059 2458 2105 creatur
2493 2052 2829 2120 patriarcha,
2862 2062 2918 2105 ut
2958 2069 3106 2108 num.
3152 2053 3255 2107 II5
3301 2053 3594 2114 indicatur,
3632 2061 3686 2103 ct

2093 2139 2147 2194 in
2175 2137 2329 2196 Notis
2364 2142 2430 2195 ad
2464 2150 2626 2212 caput
2654 2142 2746 2196 20.
2796 2142 2996 2197 Eadem
3028 2149 3350 2213 repetuntur
3385 2143 3436 2196 in
3471 2140 3591 2196 Vita
3623 2139 3683 2194 S.

2095 2231 2288 2300 Saba};
2313 2234 2403 2302 qui
2435 2234 2637 2289 dicitur
2668 2234 2801 2288 inita
2835 2245 2966 2289 ante
2985 2249 3086 2304 per
3107 2235 3397 2300 quemdam
3419 2233 3684 2298 Anthum,

2095 2338 2188 2380 seu
2221 2324 2467 2391 Florum,
2495 2326 2737 2380 amicitia
2765 2342 2886 2380 cum
2926 2326 2984 2380 S.
3017 2325 3324 2380 Theodosio
3353 2323 3684 2378 Coenobiar-

2095 2417 2221 2480 cha,
2272 2418 2536 2486 migrasse
2585 2417 2636 2472 in
2676 2417 3019 2486 speluncam,
3054 2415 3144 2468 ubi
3183 2429 3326 2468 anno
3371 2413 3549 2473 aetatis
3593 2413 3685 2473 40,

2097 2508 2263 2578 cmpit
2306 2511 2601 2580 discipulos
2653 2526 3021 2582 congregare,
3077 2519 3131 2564 et
3163 2511 3372 2564 Iauram
3428 2509 3682 2563 condere.

2099 2595 2156 2653 S.
2198 2598 2433 2654 Joannes
2493 2600 2837 2655 Silentiarius
2886 2604 2942 2655 tit
2991 2602 3280 2672 episcopus
3331 2601 3382 2654 in
3427 2599 3688 2653 Armenia

2098 2705 2241 2746 anno
2283 2693 2460 2746 aetatis
2495 2691 2587 2757 28,
2633 2692 2834 2747 Christi
2870 2693 2995 2747 481.
3021 2690 3234 2745 Interea
3281 2691 3433 2742 laura
3476 2688 3534 2742 8.
3580 2689 3692 2740 Ειι-

2100 2781 2291 2852 thymii
2352 2792 2596 2836 mutatur
2646 2785 2700 2837 in
2768 2786 3160 2837 monasterium
3224 2800 3237 2835 :
3291 2781 3692 2837 dedicationem

2101 2873 2342 2929 celebrat
2376 2873 2673 2946 Martyrius
2702 2876 3015 2944 patriarcha
3049 2875 3079 2926 7
3112 2873 3236 2926 Maii
3263 2887 3408 2926 anno
3441 2873 3507 2924 ah
3537 2870 3690 2924 obitu

409 2959 642 3016 Additur
683 2964 737 3018 in
767 2961 890 3018 Vita
935 2966 994 3020 8.
1028 2965 1186 3020 Saba:
1229 2980 1332 3023 ms.
1379 2969 1718 3036 requievisse
1759 2984 1902 3025 anno
1934 2967 2001 3023 I5
2105 2965 2163 3020 S.
2197 2966 2470 3036 Euthymii
2498 2965 2587 3033 12,
2622 2977 2740 3034 post
2767 2965 3043 3020 Christum
3079 2975 3265 3017 natum
3297 2961 3426 3017 484.
3458 2961 3699 3016 Discedit

399 3054 731 3122 praesulatus
754 3055 1050 3113 Anastasii.
1101 3055 1232 3123 Quae
1271 3057 1484 3129 singula
1519 3058 1769 3114 incidunt
1806 3061 1858 3114 in
1901 3075 2001 3114 an-
2026 3088 2070 3146 ρ
2106 3058 2165 3114 8.
2193 3057 2456 3130 Cyriacus
2479 3075 2510 3114 e
2540 3059 2875 3113 monasterio
2925 3057 2984 3111 S.
3013 3055 3289 3126 Euthymii
3327 3070 3418 3108 an.
3450 3053 3576 3120 485,
3625 3053 3694 3106 ad

410 3161 543 3204 num
567 3147 667 3203 Ch.
700 3147 827 3212 475,
849 3149 1029 3204 littera
1057 3148 1380 3204 Dominicali
1401 3149 1468 3214 G,
1489 3165 1596 3205 non
1627 3165 1830 3206 annum
1859 3169 1992 3222 pras-
2103 3152 2311 3208 lauram
2343 3153 2546 3207 veteris
2569 3151 2748 3215 Sucae,
2786 3149 2968 3220 ibique
2997 3161 3052 3202 et
3079 3147 3271 3201 vicinis
3306 3147 3440 3202 locis
3479 3156 3702 3216 septua-

398 3240 692 3295 cedentem
742 3239 871 3306 472,
925 3254 1036 3310 quo
1075 3255 1202 3294 eum
1247 3239 1448 3296 obiisse
1489 3242 1680 3296 scribit
1726 3241 1994 3301 Batonius
2103 3244 2252 3312 ginta
2281 3243 2397 3297 fere
2440 3243 2598 3298 annis
2643 3243 2966 3312 supervixit,
3000 3258 3060 3299 n.
3105 3241 3174 3294 48
3217 3250 3271 3294 et
3303 3240 3356 3293 in
3385 3255 3504 3309 ejus
3549 3237 3694 3294 Vita.

401 3350 564 3391 1mm.
599 3334 654 3400 8,
685 3348 795 3404 quo
826 3334 943 3390 dies
971 3334 1043 3389 20
1069 3333 1316 3389 Januarii
1352 3333 1540 3390 incidit
1571 3335 1624 3389 in
1659 3336 1799 3390 diem
1823 3335 1994 3402 Jovis,
2105 3335 2400 3404 Martyrius
2437 3335 2747 3404 patriarcha
2783 3333 3016 3388 moritur
3054 3333 3121 3386 I5
3153 3331 3358 3401 Aprilis
3405 3331 3702 3384 indictione

409 3434 644 3494 eratque
675 3422 874 3478 Leonis
900 3425 1092 3478 saltem
1122 3417 1397 3478 Januario'
1422 3438 1611 3479 mense
1643 3426 1821 3478 solum
1852 3426 1998 3480 deci—
2101 3443 2183 3490 ix.
2220 3443 2309 3483 an.
2337 3427 2438 3481 Ch.
2462 3425 2589 3489 486,
2615 3427 2706 3496 qui
2735 3425 2913 3480 aetatis
2951 3423 3009 3478 8.
3043 3425 3201 3480 Saba:
3234 3435 3353 3479 erat
3374 3423 3463 3478 48.
3501 3423 3704 3505 Marty-

414 3533 538 3573 mus
563 3516 783 3584 quintus
826 3531 1020 3571 annus.
1049 3515 1302 3587 Aloysius
1341 3515 1669 3585 Lipomanus
1704 3515 2000 3573 adnotarat
2109 3519 2188 3574 rio
2211 3521 2454 3574 succedit
2485 3518 2777 3574 Salustius.
2819 3518 3054 3572 Zenonis
3078 3517 3424 3586 imperatoris
3457 3515 3703 3570 defuncti

403 3624 544 3666 eum
574 3608 780 3665 obiisse
809 3624 898 3664 an.
928 3607 1030 3665 Ch.
1060 3609 1189 3677 475;
1221 3609 1312 3664 alii
1332 3609 1438 3666 alia
1475 3609 1692 3665 tradunt
1721 3627 1736 3665 :
1769 3625 1997 3679 quorum
2109 3612 2400 3680 imperium
2448 3613 2660 3668 obtinet
2711 3611 3038 3666 Anastasius
3097 3611 3395 3665 indictione
3451 3625 3564 3674 xiv,
3595 3624 3701 3679 qua

417 3701 731 3771 conjectura
756 3717 821 3758 ex
845 3701 1001 3757 dictis
1027 3702 1250 3758 corruit.
1275 3702 1397 3756 Alia
1421 3711 1506 3756 est
1529 3692 1833 3768 diﬂicultas,
1857 3703 2000 3772 quod
2109 3704 2296 3758 eadem
2331 3704 2648 3770 indictione,
2688 3705 2756 3758 I5
2803 3703 3079 3769 Deceml»,
3122 3703 3366 3757 dedicata
3425 3711 3507 3756 est
3557 3701 3707 3756 basi-

418 3793 632 3848 dicatur
663 3809 812 3849 num.
851 3793 973 3860 109,
1013 3795 1227 3850 venisse
1259 3793 1314 3848 in
1345 3792 1694 3848 solitudinem
1725 3795 1872 3849 circa
1901 3810 2001 3848 an-

419 3901 520 3944 nos
545 3888 738 3958 viginti
761 3895 815 3944 et
854 3903 1048 3948 novem
1089 3889 1234 3953 vitae,
1267 3902 1333 3943 ac
1361 3889 1642 3958 sexaginta
1670 3898 1725 3944 et
1755 3897 1879 3945 octo
1901 3905 2002 3944 an-

421 3991 520 4032 nos
555 3977 608 4032 in
645 3993 709 4032 ea
751 3979 1104 4049 transegisse,
1132 3991 1186 4035 et
1210 3981 1515 4037 excessisse
1550 3995 1582 4036 e
1622 3981 1732 4035 vita
1765 3996 2006 4053 nonage-

423 4068 563 4124 simo
610 4075 666 4122 et
707 4083 856 4124 nono
893 4085 1039 4124 anno
1065 4069 1280 4136 aetatis;
1338 4086 1460 4125 cum
1515 4071 1902 4142 nonagesimus
1956 4082 2008 4129 et

423 4157 688 4228 septimus
709 4174 778 4215 ex
821 4160 1030 4215 duobus
1049 4175 1212 4230 supra
1234 4162 1417 4217 citatis
1437 4163 1678 4218 numeris
1696 4163 2005 4232 colligatur,

424 4264 533 4319 quo
559 4249 718 4305 modo
747 4251 896 4305 hunc
923 4251 1100 4306 locum
1132 4251 1470 4322 Nicephorus
1500 4253 1592 4309 lib.
1627 4270 1743 4319 xiv,
1769 4271 1890 4327 cap.
1913 4256 2006 4322 52,

425 4342 714 4411 expressit,
754 4343 1036 4416 Ἐξεδήμει
1057 4345 1136 4413 δὲ,
1170 4347 1366 4416 inquit,
1389 4349 1527 4416 πρὸς
1551 4348 1758 4420 Κύριον
1785 4351 1814 4404 ὁ
1840 4350 2011 4421 μακά-

2107 3794 2214 3850 Iica
2268 3795 2436 3850 laurae
2461 3795 2519 3850 8.
2569 3795 2756 3859 Sabaz,
2817 3811 2960 3850 anno
2999 3795 3174 3849 anatis
3222 3793 3338 3860 ejus
3388 3794 3489 3858 55,
3548 3792 3707 3847 Chri—

2107 3888 2182 3943 sti
2234 3887 2359 3952 491,
2418 3903 2528 3958 quo
2569 3890 2760 3943 eodem
2809 3886 3050 3943 Joannes
3096 3887 3469 3951 Silentiarius,
3513 3885 3705 3942 relicto

2113 3981 2452 4051 episcopatu,
2487 3981 2554 4035 10
2593 3981 2750 4035 annis
2779 3979 3182 4041 administrato,
3210 3980 3363 4034 venit
3394 3980 3457 4032 ad
3499 3979 3706 4032 lauram

2113 4072 2272 4128 Saba:
2295 4088 2436 4127 anno
2464 4073 2641 4126 artatis
2662 4086 2772 4126 suae
2794 4070 2882 4125 58.
2909 4069 3034 4124 Vita
3063 4070 3372 4138 utriusque.
3407 4067 3504 4122 88.
3535 4068 3710 4126 Sabas

2116 4173 2175 4218 et
2219 4163 2559 4218 Theodosius
2607 4160 3007 4216 coenobiarchae
3063 4159 3443 4230 prieliciuntur
3486 4160 3711 4227 reliquis

2119 4257 2466 4325 monasteriis
2497 4269 2526 4309 a
2553 4254 2793 4310 Salustio
2834 4253 3181 4317 moribundo,
3209 4253 3324 4323 qui,
3360 4252 3588 4321 expletis
3617 4267 3715 4321 pa-

2118 4349 2458 4403 triarchatus
2510 4347 2668 4401 anuis
2696 4347 2727 4398 7
2756 4360 2821 4400 ac
2861 4347 2895 4400 5
2928 4345 3228 4409 mensibus,
3273 4345 3409 4398 obiit
3447 4344 3518 4397 25
3559 4343 3712 4406 Julii,

428 4450 566 4504 ριος,
607 4435 805 4490 ἑκατὸν
838 4438 977 4492 ἐτῶν
1015 4437 1280 4508 γεγονὼς,
1318 4439 1550 4495 δεόντων
1597 4442 1775 4513 μόνων
1821 4442 2000 4516 ’τριῶν⁴

2120 4455 2496 4497 successorem
2523 4439 2840 4508 relinquens
2877 4437 2935 4493 S.
2965 4438 3162 4502 Eliam,
3189 4438 3280 4492 cui
3319 4453 3439 4492 eam
3483 4438 3714 4508 dignita-

433 4542 452 4576 ι
485 4523 736 4596 Migravit
757 4526 827 4582 ad
855 4525 1142 4584 Dominum
1174 4529 1236 4584 Β.
1263 4529 1584 4601 Euthymius
1606 4541 1824 4586 centum
1844 4548 2016 4589 annos

430 4626 614 4684 natus,
675 4619 858 4676 minus
911 4620 1106 4676 tribus.
1159 4640 1178 4673 ι
1239 4620 1467 4689 Menzea,
1517 4623 1910 4695 Authologion,
1962 4635 2019 4682 et

427 4707 752 4780 Cythereus,
783 4712 946 4767 etiam
978 4727 1124 4768 anno
1151 4714 1330 4783 aetatis
1366 4714 1435 4770 97
1465 4725 1739 4771 mortuum
1768 4717 2014 4772 tradunt.

429 4801 502 4854 At
528 4801 620 4872 qui
660 4812 822 4858 natus
851 4813 935 4860 est
970 4819 1112 4860 anno
1145 4805 1246 4861 Ch.
1294 4807 1396 4861 577
1425 4815 1587 4877 atque
1624 4810 1760 4864 obiit
1793 4825 1884 4865 an.
1917 4810 2017 4866 Ch.

432 4893 561 4960 475,
599 4893 672 4948 20
688 4893 958 4961 Januarii,
994 4907 1054 4952 ut
1087 4900 1372 4967 probatum
1407 4909 1510 4966 est,
1543 4916 1648 4955 non
1679 4901 1901 4956 omnino
1933 4917 2021 4955 tn-

434 5001 620 5058 tegros
665 4991 959 5060 nonaginta
1006 5005 1100 5046 sex
1146 4993 1302 5048 vixit.
1342 4992 1546 5050 Verqu
1597 4998 1725 5066 quia
1767 4997 2012 5068 Cyrillus

437 5095 546 5135 tam
583 5083 670 5135 hic
704 5097 868 5151 quam
895 5083 948 5136 in
985 5081 1101 5136 Vita
1131 5084 1190 5142 8.
1235 5085 1411 5152 Sabze,
1439 5101 1559 5155 qua:
1595 5089 1662 5142 ad
1695 5097 2019 5158 sequentem

432 5173 788 5229 indictionem
816 5185 1090 5246 spectant,
1123 5177 1188 5232 ad
1216 5177 1380 5230 alium
1405 5177 1569 5232 etiam
1596 5195 1796 5234 annum
1821 5179 2021 5246 atatis,

434 5266 552 5322 sive
583 5266 880 5338 Euthymii,
917 5283 1014 5324 seu
1055 5268 1232 5335 Sabae,
1275 5269 1414 5326 solet
1443 5269 1684 5339 referre;
1733 5272 1861 5326 anni
1902 5272 2018 5341 pri-

435 5377 560 5417 mus
587 5371 640 5416 et
666 5362 892 5418 ultimus
925 5362 1234 5432 incompleti
1261 5370 1391 5418 sunt
1413 5363 1830 5427 annumerandi,
1863 5374 2028 5434 atque

435 5457 511 5511 ita
539 5455 806 5511 exeistent
830 5455 956 5510 anni
982 5455 1070 5511 97.
1090 5453 1247 5521 Quod
1270 5470 1398 5510 vero
1421 5469 1594 5510 annus
1620 5457 1812 5511 mortis
1831 5456 2028 5512 ibidem

443 5567 595 5605 num.
631 5550 734 5605 I09
761 5551 974 5606 dicatur
1018 5549 1223 5606 Christi
1256 5550 1384 5617 465,
1423 5565 1452 5603 a
1482 5565 1634 5606 more
1663 5549 2028 5620 quorumdam

441 5641 802 5697 Orientalium
823 5652 926 5709 est,
948 5644 1040 5712 qui
1077 5659 1242 5698 aram
1273 5658 1429 5699 suam
1457 5657 1487 5696 a
1513 5640 1717 5698 Christi
1744 5643 2032 5698 nativitate

447 5741 572 5824 octo
602 5734 761 5788 annis
787 5749 948 5800 quam
983 5752 1080 5792 nos
1131 5739 1310 5794 serius
1337 5737 1712 5802 ordiebantur,
1743 5735 1808 5792 de
1833 5750 1943 5798 qua
1974 5751 2032 5790 re

2127 4541 2232 4586 tem
2261 4531 2590 4601 praedixerat
2620 4528 2678 4586 8.
2713 4529 3035 4600 Euthymius
3062 4544 3116 4584 n.
3145 4527 3237 4584 95.
3268 4529 3455 4582 Aunus
3481 4528 3568 4582 hic
3594 4536 3716 4580 erat

2122 4624 2326 4683 Christi
2354 4624 2484 4689 495,
2519 4624 2697 4678 aatatis
2747 4623 2805 4678 8.
2865 4621 3021 4676 Saba:
3061 4621 3150 4676 56.
3190 4620 3286 4676 Hic
3335 4621 3476 4675 Elias
3516 4635 3714 4675 novam

2127 4717 2416 4773 ecclesiam
2460 4717 2704 4785 Deiparae
2734 4714 2976 4786 Virginis
3008 4730 3038 4768 a
3075 4715 3214 4768 Saba
3250 4723 3586 4768 exstructam
3619 4713 3713 4766 de-

2129 4807 2276 4862 dicat
2309 4823 2326 4861 ι
2360 4806 2508 4872 Julii,
2545 4805 2840 4862 indictione
2880 4821 2956 4870 ιχ,
2996 4819 3086 4858 an.
3128 4804 3228 4858 Ch.
3281 4804 3406 4868 501,
3445 4804 3623 4856 (etatis
3651 4802 3708 4857 S.

2132 4897 2289 4953 Saba:
2316 4898 2407 4954 65.
2439 4895 2496 4952 S.
2523 4897 2763 4955 Joannes
2794 4895 3144 4952 Silentiarius
3175 4896 3405 4949 discedit
3429 4895 3482 4947 in
3521 4895 3712 4948 Ruhan

2133 4990 2427 5047 indictione
2450 5007 2528 5058 ιι,
2558 5006 2701 5045 anno
2731 4991 2908 5045 :etatis
2937 5003 3048 5044 suae
3073 4988 3163 5050 50,
3190 4987 3392 5042 Christi
3421 4987 3547 5052 505,
3577 4985 3718 5041 redit

2131 5083 2200 5138 ad
2249 5083 2458 5137 lauram
2511 5082 2571 5139 8.
2627 5081 2807 5149 Saba,
2873 5082 3062 5136 indict.
3106 5095 3167 5147 II,
3214 5095 3357 5134 anno
3405 5081 3578 5134 aetatis
3625 5078 3715 5144 56,

2133 5176 2336 5233 Christi
2368 5176 2492 5232 509.

2209 5270 2302 5327 I5.
2341 5269 2510 5336 Elias,
2545 5269 2756 5339 primus
2779 5267 3096 5323 monasterii
3139 5266 3196 5321 8.
3225 5265 3504 5336 Euthymii
3543 5263 3719 5333 hegu-

2138 5377 2352 5427 menus,
2385 5375 2506 5415 cum
2555 5357 2625 5413 58
2669 5372 2840 5413 annos
2890 5372 3010 5413 eam
3061 5355 3439 5427 praefecturam
3488 5353 3722 5408 admini-

2138 5462 2390 5519 strasset,
2418 5452 2648 5508 moritur
2679 5465 2770 5505 an.
2801 5450 2913 5518 _Ch.
2940 5450 3064 5504 511.
3107 5446 3170 5501 Ei
3220 5447 3461 5502 succedit
3498 5445 3720 5500 Simeon

2137 5547 2539 5616 Apameensis;
2582 5544 2656 5598 illi
2693 5544 2925 5597 triennio
2965 5553 3086 5612 post
3116 5541 3373 5596 deIuncto
3413 5538 3722 5608 Stephanus

2137 5641 2313 5697 Arabs
2347 5653 2438 5694 an.
2472 5635 2574 5692 Ch.
2616 5635 2744 5691 5I4.
2776 5635 3028 5702 Migravit
3056 5649 3086 5689 e
3110 5634 3218 5688 vita
3258 5642 3396 5688 teste
3428 5629 3631 5700 Cyrillo
3663 5629 3722 5682 in

2141 5731 2266 5786 Vita
2312 5729 2374 5785 S.
2405 5729 2564 5784 Saba:
2603 5742 2694 5783 an.
2738 5728 2838 5784 Ch.
2871 5727 2996 5783 5I8.
3033 5726 3352 5783 Anastasius
3386 5722 3721 5794 Imperator,
