4144 6396
491 455 600 522 593

1482 454 1659 516 VITA
1699 455 1758 514 S.
1800 451 2207 513 EUTHYMII.
2239 476 2309 486 --
2348 452 2734 514 PROCEMIA.

3677 449 3790 514 59f

487 574 516 627 1
563 567 719 634 Julii,
756 575 811 624 et
864 566 924 622 5.
955 564 1102 620 Elias
1133 563 1442 634 patriarcha
1475 561 1974 634 Hierosolymorum
2016 560 2076 615 H
2111 557 2513 630 Apatriarchae
2543 562 2896 619 Alexandrini
2937 565 3235 621 consiliarii
3277 565 3518 632 fuerunt,
3551 565 3619 621 de
3651 584 3782 636 qni-

487 661 642 718 Julii.
703 657 1001 714 Anastasio
1061 655 1328 712 successit
1376 655 1624 711 Justinus
1679 655 1893 719 senior,
1947 653 2081 709 Elite

487 753 750 816 Joannes,
777 751 871 820 qui
902 749 1135 819 septimo
1157 757 1281 819 post
1304 763 1448 803 anno
1475 748 1611 804 obiit
1639 747 1710 801 22
1730 747 1956 814 Aprilis,
1991 747 2076 800 in-

487 845 619 899 dict.
643 859 708 910 tt,
727 857 819 896 an.
844 840 945 896 Ch.
963 839 1089 906 524,
1112 853 1483 894 successorem
1507 837 1815 906 relinquens
1832 834 2078 890 Petrum.

485 935 704 992 Jnstino
741 948 982 1005 quoque,
1022 940 1148 1002 post
1189 931 1240 994 9,
1276 930 1486 1000 imperii
1534 943 1731 993 annos,
1767 928 1804 982 2
1848 927 2078 1005 Augusti

486 1028 769 1091 defuncto,
813 1041 906 1080 an.
943 1022 1044 1079 Cb.
1087 1022 1220 1087 527,
1265 1021 1532 1077 successit
1563 1019 1925 1086 Justinianus,
1965 1017 2077 1088 jam

488 1129 614 1173 ante
659 1130 853 1172 mense
904 1114 1099 1184 Aprili,
1150 1113 1285 1168 feria
1330 1128 1363 1166 v
1413 1111 1467 1165 in
1508 1111 1678 1166 Coena
1722 1109 1960 1175 Domini,
2012 1108 2080 1164 ad

491 1209 778 1278 imperium
820 1213 1121 1277 promotus.
1173 1203 1331 1258 Anno
1383 1201 1748 1273 529,_vivere
1802 1201 1964 1255 desiit
2018 1200 2078 1256 5.

489 1299 834 1356 Theodosius
884 1296 1292 1362 coanobiarcha,
1348 1295 1544 1350 indict.
1591 1309 1690 1361 vn,
1742 1291 2077 1376 liAJanuar.

490 1388 1024 1459 Constantinopolim
1071 1402 1261 1443 mense
1291 1387 1493 1457 Aprili,
1544 1373 1851 1441 indictione
1881 1387 1937 1452 6,
1989 1395 2078 1440 an’.

497 1483 620 1548 528,
641 1482 1009 1552 proﬁciscitur
1033 1480 1093 1536 S.
1130 1479 1324 1544 Sabas,
1357 1479 1497 1534 redit
1527 1476 1834 1547 Septembri
1867 1490 2076 1540 mense,

503 1575 690 1629 indict.
717 1572 770 1637 9,
794 1579 886 1627 an‘.
912 1571 1013 1627 Ch.
1033 1571 1158 1636 530,
1188 1585 1317 1626 mox
1339 1568 1669 1634 Caesaream,
1698 1568 1821 1624 inde
1851 1567 2086 1640 Scytho-

504 1663 664 1732 polim
699 1661 866 1717 tendit
896 1678 911 1716 :
941 1660 1203 1733 Cyrillum
1239 1661 1432 1715 harum
1453 1659 1708 1715 Vitarum
1757 1659 2081 1729 scriptorem

499 1761 553 1816 in
583 1752 901 1822 discipulum
925 1752 1185 1818 admittit,
1221 1762 1278 1809 et
1305 1768 1411 1809 non
1452 1752 1546 1806 diu
1573 1761 1699 1822 post
1729 1752 1961 1807 moritur
1994 1751 2084 1806 in-

493 1846 628 1901 dict.
673 1863 730 1913 x,
769 1847 806 1902 5
853 1846 1190 1912 Decembris,
1224 1859 1370 1900 anno
1407 1843 1586 1900 aetatis
1613 1843 1684 1897 94
1721 1843 1920 1899 Christi
1955 1843 2080 1897 551.

2191 655 2292 712 bus
2317 655 2474 726 plura
2499 656 2565 711 ad
2589 654 2707 725 ejus
2731 657 2930 713 Vitam.

2607 768 2982 827 PROLOGUS
3022 770 3328 828 CYBILLI.

2643 882 2730 938 Ea:
2760 885 2915 938 veteri
2953 884 3140 940 Latino
3185 904 3283 940 ms.

2262 1021 2315 1075 1.
2358 1019 2664 1077 Venerabili
2693 1029 2856 1091 atque
2887 1022 3176 1093 magniﬁco
3204 1023 3318 1077 viro
3344 1022 3486 1093 patri
3516 1036 3636 1078 meo
3665 1020 3771 1090 spi-

2188 1110 2394 1177 rituali,
2440 1111 2676 1181 Georgio
2696 1112 2950 1167 videlicet
2985 1113 3322 1184 presbytero,
3351 1128 3568 1168 necnon
3591 1123 3647 1168 et.
3677 1114 3779 1166 he-

2191 1217 2424 1272 gumeno
2458 1203 2562 1274 (a),
2608 1203 2866 1275 Cyrillus.
2896 1205 3150 1275 indignus
3171 1208 3459 1278 presbyter
3503 1214 3558 1262 et
3594 1220 3784 1261 mona-

2189 1293 2344 1360 chus,
2374 1295 2425 1348 in
2459 1294 2688 1350 Domino
2715 1296 2972 1351 salutem.

2261 1385 2400 1453 Quia
2432 1387 2588 1454 mihi,
2620 1389 2932 1443 venerande
2962 1387 3154 1452 Pater,
3191 1397 3284 1444 tua
3323 1389 3690 1460 praeceptione
3716 1391 3786 1446 de

2192 1490 2520 1546 magnorum
2557 1475 2804 1532 virorum
2851 1477 3086 1544 actihu's,
3130 1479 3235 1534 hoc
3268 1488 3374 1545 est,
3416 1479 3693 1552 Euthymii
3718 1495 3785 1536 ac

2190 1567 2492 1623 beatissimi
2527 1566 2706 1633 Sabae,
2732 1567 2934 1638 aliquid
2962 1570 3234 1626 disserere
3259 1568 3470 1639 iussisti
3496 1571 3568 1626 ob
3598 1553 3781 1626 moni-

2192 1668 2433 1713 mentum
2468 1658 2724 1714 videlicet
2765 1658 3113 1728 futurorum,
3158 1677 3246 1716 me
3287 1661 3467 1717 minus
3518 1662 3779 1717 idoneum

2193 1748 2262 1803 ad
2310 1749 2414 1803 hoc
2458 1746 2764 1803 faciendum
2804 1747 2924 1804 fore
2958 1749 3319 1820 perpendens,
3350 1757 3500 1804 tuum
3555 1748 3784 1806 acclinis

2191 1838 2438 1910 ﬂagitare
2475 1839 2694 1895 decrevi
2753 1840 3048 1906 solatium,
3096 1855 3206 1910 quo
3262 1839 3519 1896 videlicet
3565 1839 3782 1911 adjutus

495 1937 553 1992 5.
599 1939 757 1994 Saba:
793 1939 1040 1994 succedit
1072 1937 1278 2004 Melita,
1318 1946 1373 1993 et
1413 1937 1467 1991 in
1499 1935 1834 1990 monasterio
1878 1935 1938 1989 S.
1971 1933 2081 1988 Eu-
2110 1920 2158 1980 Β
2187 1931 2400 2003 plenius
2424 1946 2698 2002 exsequar
2743 1931 3048 2002 injunctum
3096 1931 3359 1988 ofﬁcium.
3407 1931 3542 1987 Volo
3581 1933 3783 2003 quippe

493 2028 687 2099 thymii
719 2028 1000 2099 Stephano
1047 2028 1216 2084 Arabi
1261 2043 1353 2082 an.
1383 2026 1486 2082 Ch.
1516 2025 1624 2081 5'54
1659 2025 1920 2080 defuncto
1941 2024 2088 2081 Tho-

493 2133 614 2173 mas
651 2119 1045 2189 Apemeensis;
1071 2118 1200 2174 huic
1237 2119 1309 2173 25
1333 2117 1514 2172 Martii
1549 2132 1638 2171 an.
1680 2115 1782 2177 Ch.
1817 2115 1942 2181 542,
1964 2126 2087 2186 post.

492 2209 702 2264 obitum
729 2209 1002 2282 Euthymii
1032 2211 1122 2276 70,
1144 2209 1406 2264 Leontius
1429 2209 1497 2263 ad
1533 2222 1694 2278 quem
1724 2223 1754 2262 a
1788 2206 1848 2262 S.
1879 2205 2087 2263 Joanne

495 2301 815 2357 Silentiario
844 2302 1044 2358 missus
1078 2301 1312 2374 Cyrillus
1348 2301 1494 2355 inter
1537 2298 1933 2371 Euthymianos
1971 2313 2088 2354 mo-

495 2394 702 2449 nachos
733 2395 1003 2450 admissus
1034 2405 1140 2462 est,
1177 2397 1472 2453 indictione
1501 2393 1558 2460 6,
1591 2407 1777 2448 mense
1798 2390 1963 2457 Julio,
1994 2407 2083 2447 an.

495 2486 622 2552 545,
667 2489 757 2556 qui
794 2496 914 2557 post
954 2503 990 2542 v
1019 2488 1287 2558 synodum
1325 2483 1798 2553 Constantinopoli
1845 2484 2084 2539 habitam

493 2577 751 2634 discessit
792 2581 858 2633 ad
897 2579 1106 2635 lauram
1141 2593 1335 2634 novam
1372 2592 1464 2634 an.
1501 2577 1605 2632 Ch.
1638 2575 1765 2631 555.
1798 2573 2084 2630 Biennium

495 2670 788 2740 insumpsit
835 2671 889 2725 in
931 2671 1340 2728 conscribendis
1375 2668 1516 2725 Vitis
1549 2667 1652 2724 SS.
1703 2667 1985 2738 Euthymii
2027 2675 2087 2723 et

499 2759 693 2815 Saba:
719 2761 861 2816 circa
894 2762 1036 2829 quod
1064 2772 1274 2832 tempus
1293 2762 1427 2817 obiit
1451 2761 1511 2817 S.
1539 2759 1801 2832 Cyriacus
1826 2776 1842 2827 ;
1894 2773 2089 2829 super-

497 2861 620 2906 erat
654 2861 835 2908 autem
856 2852 914 2908 S.
945 2851 1181 2910 Joannes
1209 2852 1581 2919 Silentiarius,
1610 2865 1740 2905 ann.
1769 2851 1950 2908 aetatis
1973 2865 2087 2906 suae

497 2943 628 3010 104,
663 2943 866 2999 Christi
903 2943 1029 3012 557,
1063 2962 1184 3000 cum
1222 2944 1339 3015 ejus
1369 2943 1550 3000 Vitam
1582 2942 2088 3014 publicaretCyril-

496 3035 602 3090 lus.
656 3034 864 3091 Interea
913 3036 1143 3093 Leontio
1187 3039 1239 3092 in
1283 3036 1606 3107 praefectura
1661 3038 1976 3110 monasterii
2025 3037 2081 3092 5.

497 3128 800 3200 Euthymii,
847 3130 1109 3185 successit
1145 3130 1438 3185 Gerontius
1472 3131 1834 3198 Medahensis,
1874 3131 1943 3186 de
1981 3145 2088 3199 quo

495 3218 601 3274 sibi
633 3220 837 3288 optime
865 3231 1013 3287 ncto,
1049 3220 1278 3291 ejusque
1308 3229 1466 3290 patre
1491 3231 1548 3276 et
1573 3237 1675 3278 avo
1706 3222 1816 3293 agit
1855 3221 2087 3292 Cyrillus

497 3312 554 3367 in
598 3312 719 3368 Vita
772 3313 831 3369 5.
884 3313 1063 3373 Sabm.
1097 3317 1166 3368 At
1205 3331 1324 3384 quae
1370 3317 1459 3371 hic
1505 3316 1798 3372 Gerontius
1844 3316 2088 3371 narravit

496 3401 691 3458 Joanni
739 3403 1054 3460 Moscho'et
1083 3403 1395 3473 Sophronio
1445 3405 1714 3476 Sophistac
1780 3405 2091 3462 referuntur

499 3496 571 3549 ab
603 3495 672 3550 iis
705 3497 756 3550 in
795 3496 961 3552 Prato
995 3496 1262 3567 spirituali
1301 3512 1421 3567 cap.
1469 3499 1560 3555 21.
1598 3499 1997 3568 Superfuerunt
2030 3499 2084 3554 hi

498 3587 607 3642 duo
641 3589 842 3646 sarculo
876 3591 1146 3660 sequenti,
1187 3600 1244 3647 et
1290 3590 1349 3647 S.
1390 3590 1616 3648 Joannis
1659 3593 2087 3664 Eleemosynarii

613 3770 628 3800 ¹
660 3768 802 3825 Psal.
832 3785 1000 3835 Lux,
1030 3770 1118 3825 ll.
1185 3772 1206 3802 ⁸
1234 3771 1368 3827 Luc.
1393 3786 1506 3840 xu,
1538 3772 1634 3826 25.

2190 2025 2448 2095 implores
2504 2025 2624 2094 ejus
2672 2025 2934 2080 auxilium
2993 2027 3086 2096 qui
3139 2041 3238 2096 per
3286 2024 3782 2096 Psalmographum

2189 2117 2331 2172 dixit
2373 2133 2386 2170 :
2423 2135 2441 2168 ι
2471 2117 2636 2186 Aperi
2686 2131 2748 2172 os
2775 2127 2947 2183 tuum,
2986 2126 3041 2172 et
3072 2131 3174 2186 ego
3208 2117 3513 2188 adimplebo
3537 2117 3666 2172 illud
3693 2117 3730 2170 ⁸.
3757 2135 3778 2171 ι

2190 2209 2450 2277 Quamvis
2479 2217 2659 2264 autem
2693 2224 2781 2265 me
2815 2209 3143 2265 imbecillem
3171 2224 3294 2265 esse
3327 2210 3689 2274 considerem,
3719 2224 3783 2264 ac

2193 2301 2285 2357 Dei
2331 2301 2474 2356 dono
2515 2301 2671 2356 valde
2711 2301 3016 2369 indignum,
3066 2307 3248 2358 tamen
3292 2300 3403 2356 tuis
3441 2298 3783 2369 iussionibus

2188 2393 2524 2461 coarctatus,
2570 2393 2712 2448 ultra
2756 2408 2908 2450 meas
2945 2395 3092 2450 vires
3133 2394 3459 2465 praesumpsi
3501 2393 3792 2464 progredi,

2189 2487 2574 2542 inobedientiaa
2627 2485 2827 2541 malum
2870 2487 3212 2553 horrescens,
3270 2488 3378 2543 imo
3435 2486 3781 2543 Dominicam

2189 2594 2560 2650 expavescens
2598 2579 2954 2646 sententiam,
2986 2595 3092 2650 qua
3130 2579 3466 2635 inobedienti
3521 2593 3586 2635 ac
3631 2578 3783 2650 pigro

2191 2687 2351 2728 servo
2377 2671 2576 2727 dicitur
2609 2687 2624 2726 :
2674 2690 2693 2722 ε
2732 2671 2902 2727 Serve
2949 2671 3093 2727 male
3131 2679 3188 2727 et
3221 2673 3394 2742 piger,
3431 2673 3676 2742 oportuit
3733 2681 3783 2728 te

2190 2765 2320 2821 dare
2361 2764 2647 2834 pecuniam
2700 2777 2876 2818 meam
2921 2763 2988 2818 ad
3021 2777 3264 2818 mensam
3297 2765 3342 2828 ',
3369 2774 3520 2819 retc.
3565 2763 3782 2834 Itaque,

2189 2855 2302 2911 Deo
2348 2853 2581 2918 favente,
2606 2854 2890 2926 aggrediar
2927 2855 2994 2910 de
3034 2855 3418 2923 praedictorum
3463 2865 3781 2910 sanctorum

2189 2948 2606 3004 conversatione
2637 2946 2923 3003 historiam
2956 2955 3164 3013 texere,
3200 2948 3316 3003 loca
3349 2947 3605 3004 videlicet
3637 2955 3777 3004 tem-

2189 3055 2432 3112 poraque
2464 3054 2526 3095 ac
2553 3053 2814 3109 personas
2843 3040 3165 3106 ostendens,
3197 3040 3360 3095 sicuti
3389 3055 3450 3095 ea
3485 3039 3779 3112 diligenter

2191 3131 2354 3186 didici
2373 3145 2404 3186 a
2433 3129 2683 3184 ﬁdelibus
2706 3138 2760 3185 et
2787 3129 3042 3189 veridicis
3070 3130 3222 3186 viris.
3257 3131 3409 3202 Rogo
3428 3146 3560 3187 vero
3591 3146 3780 3188 omnes

2191 3225 2282 3293 qui
2317 3224 2433 3280 haec
2466 3222 2662 3278 lecturi
2702 3230 2848 3289 sunt,
2882 3223 2996 3279 sive
3029 3223 3172 3280 lccta
3201 3225 3494 3292 audierint,
3525 3233 3585 3280 ut
3619 3224 3780 3280 ﬁdem

2189 3317 2350 3373 lectis
2379 3316 2492 3372 sive
2512 3315 2714 3372 auditis
2740 3315 3058 3382 adhibeant,
3095 3319 3264 3373 Deum
3299 3319 3428 3373 totis
3453 3319 3778 3389 praecordio-

2189 3426 2311 3466 rum
2331 3409 2636 3466 visceribus
2662 3418 2978 3476 cxorantcs,
3001 3421 3061 3465 ut
3083 3411 3323 3481 ipsorum
3352 3426 3441 3466 me
3461 3410 3780 3481 participem

2189 3501 2379 3568 faciat,
2397 3515 2630 3572 quorum
2656 3508 2806 3570 gesta
2832 3503 3018 3559 multis
3041 3504 3322 3574 profutura
3354 3503 3446 3559 vili
3467 3503 3621 3560 valde
3643 3503 3780 3574 ston

2190 3604 2469 3662 percurro.

587 3921 658 4016 (vi)
689 3923 1180 4016 él_iu‘rtuExordium
1221 3924 1359 3982 Vitae
1397 3925 1632 4016 praeﬁxit
1665 3926 2077 3998 Metaphrastes.
2122 3926 2414 3984 Exordium
2472 3936 2526 3983 ct
2572 3925 2751 3982 Vitam
2795 3891 3000 3996 primus
3028 3926 3217 3983 Graece
3251 3925 3419 3982 edidit
3453 3924 3775 3983 Cotelerius.

520 3992 660 4049 Eon.
689 3997 925 4052 Pnaon.
