4144 6404
450 436 557 499 £95

1692 450 1978 512 MENSIS
2011 452 2475 514 JANUARIUS.

3618 459 3722 525 596

573 617 3695 648 --—-—-——--——-—-——-——————-——————-——————————___—.___'_

847 791 1079 880 ΤΟΥ
1150 795 1489 885 οΣΙοΥ
1561 801 1758 886 ΚΑΙ
1812 803 2424 892 ΘΕΟΦΟΡΟΥ
2475 805 2912 892 ΠΑΤΡΟΣ
2984 805 3314 894 ΗΜΩΝ

1092 1293 1632 1353 nrorMENor
1693 1298 1798 1353 EN
1861 1283 2154 1372 ΕΡΙΪΜῼ
2213 1299 2374 1355 Tu:
2431 1301 2684 1355 Al‘IAB
2748 1303 3087 1358 1102\on

1290 1487 1652 1602 ΒΙοΣ
1728 1491 2004 1604 ΚΑΙ
2082 1484 2874 1661 ΠΟΛΙΤΕΙΑ.

1285 1991 1643 2111 VITA
1733 1996 1914 2107 ET
2007 1946 2274 2110 RES
2350 1997 2862 2113 GESTAE

800 2328 806 2333 ’
965 2287 1129 2447 S.
1323 2298 1496 2444 P.
1675 2295 1873 2446 N.
2080 2295 3181 2452 EUTHYMII

1169 2584 1593 2649 HEGUMENI
1656 2588 1739 2650 IN

1818 2588 2098 2650 EREMO
2163 2587 2498 2651 SANCTIE
2573 2586 3002 2648 CIVITATIS.

1312 2775 1408 2841 (Ex
1444 2773 1588 2826 Joan.
1614 2775 1759 2839 Bapt.
1791 2773 2032 2827 Cotelerii
2065 2775 2283 2824 Monum.
2321 2774 2451 2825 Eccl.
2486 2776 2595 2836 Gr.,
2629 2777 2749 2824 tom.
2784 2772 2875 2835 Il.)

1770 3184 2401 3280 MONITUM.

527 3391 650 3448 Vita
678 3393 815 3460 haec,
837 3395 1192 3471 Latinesaapc
1217 3400 1384 3463 edita,
1416 3399 1603 3458 Graece
1626 3401 1872 3458 nondum
1902 3402 2082 3458 lucem
2138 3402 2390 3470 aspexit:
2434 3403 2739 3472 composita
2770 3400 3043 3472 'primitus
3093 3413 3124 3454 a
3172 3397 3393 3470 Cyrillo,
3432 3395 3713 3452 monacho

459 3482 854 3556 Scythopolita,
886 3487 1193 3544 clarissimo
1219 3489 1457 3545 vitarum
1483 3491 1771 3559 scriptore,
1792 3498 1982 3560 postea
2013 3507 2164 3558 vero,
2188 3502 2249 3547 ut
2280 3492 2520 3555 videtur,
2551 3492 2877 3563 interpolata
2912 3505 3017 3561 per
3042 3490 3366 3561 Symeonezn
3404 3487 3716 3557 Metaphra-

458 3587 579 3635 sten
613 3595 778 3646 ;.nam
817 3580 873 3635 in
892 3581 1134 3637 Diatriba
1161 3580 1360 3636 Leonis
1391 3581 1571 3637 Allatii
1607 3582 1681 3637 De
1713 3582 2063 3652 Symeom‘bus
2097 3584 2327 3656 legimus
2352 3602 2365 3639 :
2390 3583 2580 3655 Cyrilli
2608 3585 2849 3639 monachi
2884 3593 2931 3639 et
2960 3583 3248 3654 presbyteri
3272 3580 3697 3651 Scythopolitani

460 3671 590 3742 περὶ
623 3669 727 3748 τοῦ.
749 3669 866 3742 βίου
888 3671 984 3724 τοῦ
1016 3673 1073 3725 ἐν
1094 3670 1273 3737 ἁγίοις
1296 3671 1512 3742 Πατρὸς
1543 3672 1699 3743 ἡμῶν
1738 3671 2017 3741 Εὑθυμίου
2056 3673 2195 3742 πρὸς
2222 3673 2398 3728 ὰϐϐᾶν
2428 3673 2702 3745 Γεώργιον
2727 3674 2822 3726 καὶ
2855 3672 3155 3743 ἡγούμενον
3182 3672 3240 3725 ἐν
3261 3670 3584 3740 κεφαλαίοις
3605 3666 3707 3724 νθ’.

458 3760 790 3831 Principium
833 3759 1073 3830 epistola:
1100 3772 1119 3811 :
1164 3758 1353 3823 Πίστις
1423 3762 1773 3832 προηγείσθω
1826 3764 1956 3834 περὶ
2004 3762 2161 3836 Εὐθυι

2153 3764 2312 3836 μίουο
2350 3764 2477 3819 Vitae
2506 3782 2526 3819 :
2582 3764 2640 3818 '0
2707 3766 3006 3835 μονογενὴς
3061 3765 3191 3829 Υἱὸς
3246 3765 3343 3819 καὶ
3385 3763 3563 3832 Λόγος
3594 3762 3698 3817 τοῦ

458 3853 617 3909 Θεοῦ.
644 3855 714 3910 At
729 3853 855 3910 Vita
880 3861 1069 3909 nostra
1092 3865 1194 3907 nec
1220 3852 1505 3923 epistolam
1534 3855 1818 3912 habetnec
1843 3871 1911 3912 eo
1931 3854 2093 3912 modo
2126 3857 2161 3912 iu

2150 3856 2336 3929 ncipit.
2369 3858 2733 3915 COTELERIUS.

544 4034 589 4088 Ι.
649 4029 956 4098 Cujuslibet
1001 4029 1218 4100 quidem
1296 4032 1374 4087 rei
1450 4031 1770 4087 exercitatio
1813 4048 1956 4105 aegre
1992 4040 2048 4087 et
2080 4039 2124 4096 Α

2226 4036 2301 4090 A'.
2331 4036 2442 4089 Καὶ
2492 4037 2694 4099 παντὸς
2752 4035 2852 4105 μὲν
2900 4035 3060 4089 ἄλλου
3118 4034 3444 4104 πράγματος
3471 4034 3729 4105 ἄσκησις,

459 4123 748 4179 dimculter
783 4123 988 4192 absque
1014 4122 1264 4192 exemplo
1294 4132 1443 4178 recte
1482 4125 1594 4195 geri
1623 4134 1833 4194 potest;
1876 4127 2046 4181 multo

460 4221 646 4269 autem
689 4213 862 4284 magis
894 4213 1118 4268 virtutis
1140 4214 1403 4284 operatio,
1429 4230 1539 4285 quo
1564 4216 1836 4271 difﬁcilior
1869 4227 1951 4273 est
1982 4236 2047 4276 ac

460 4307 807 4369 laboriosior,
846 4315 902 4362 et
927 4315 1189 4377 perpetua
1222 4322 1388 4379 opera
1425 4318 1589 4380 atque
1626 4310 1917 4367 tolerantia
1954 4313 2043 4368 in-

458 4396 624 4467 diget.
669 4396 878 4452 Idcirco
919 4396 1106 4452 multis
1144 4398 1429 4467 exemplis,
1460 4400 1742 4471 multaque
1796 4401 2044 4457 Vitarum

358 4522 364 4527 -
460 4487 691 4542 historia
714 4503 855 4558 opus
884 4498 967 4545 est
1004 4488 1072 4543 iis
1108 4490 1198 4559 qui
1236 4490 1343 4546 hoc
1376 4491 1481 4546 iter
1520 4507 1776 4562 asperum
1830 4494 2043 4565 ingredi

462 4579 872 4635 constituerunt
899 4596 913 4633 :
938 4595 1062 4648 quae
1086 4580 1305 4650 quidem
1337 4590 1395 4637 et
1421 4583 1564 4637 viam
1596 4582 1806 4639 faciunt
1832 4584 2047 4655 planio-

460 4685 602 4734 rem,
632 4685 736 4725 nec
767 4670 956 4726 sinunt
976 4671 1259 4744 defatigari
1292 4688 1553 4744 spemque
1580 4675 1838 4746 abjicere,
1868 4675 2046 4745 respi-

461 4758 659 4815 ciendo
691 4776 853 4831 quam
884 4776 949 4817 ea
979 4763 1049 4817 sit
1080 4758 1273 4833 aspera
1304 4773 1361 4819 et
1390 4766 1581 4818 ardua.
1617 4765 1675 4819 ln
1709 4765 1776 4820 iis
1809 4780 2047 4835 namque

461 4854 752 4911 inveniens
799 4855 923 4926 quis
958 4855 1150 4912 modos
1180 4865 1236 4910 et
1265 4864 1539 4926 prmcepta
1589 4857 1790 4927 quibus
1827 4871 1920 4912 res
1943 4857 2049 4911 illis

467 4945 782 5001 hominibus
819 4955 970 5003 recte
1013 4948 1369 5013 successerit;
1411 4948 1540 5018 quin
1584 4950 1747 5003 etiam
1783 4964 2047 5018 quasnam

462 5037 786 5124 iperursus
819 5038 1101 5094 consecuti
1122 5038 1234 5092 sint
1263 5046 1319 5093 et
1348 5022 1758 5108 consequentur
1788 5053 2048 5094 remune-

462 5132 724 5200 rationes;
747 5132 960 5188 etiamsi
979 5132 1099 5201 ejus
1120 5132 1291 5187 hebes
1313 5130 1385 5186 sit
1400 5132 1638 5194 animus,
1658 5131 1873 5187 etiamsi
1898 5130 2050 5203 igna-

462 5240 566 5280 vus
600 5233 655 5280 et
686 5225 935 5296 supinus,
972 5224 1119 5280 volet
1149 5235 1330 5280 tamen
1360 5224 1657 5295 aliquando
1700 5224 1960 5288 excitari,
1996 5232 2051 5280 ot

462 5314 533 5371 ad
560 5330 746 5385 parem
764 5314 991 5371 accendi
1022 5314 1449 5379 aemulationem,
1473 5322 1531 5369 et
1558 5313 1779 5385 aggredi
1825 5314 1893 5368 ad
1919 5313 2048 5368 imi-

467 5383 755 5464 tationem.
784 5406 970 5472 Qualis
985 5405 1116 5460 mihi
1135 5404 1351 5461 videtur
1378 5405 1540 5461 etiam
1571 5383 1694 5461 esse
1716 5404 1839 5459 Vita
1869 5404 2049 5476 magni
2078 5383 2123 5439 Β

462 5500 645 5557 Patris
675 5500 972 5573 Euthymii,
1027 5500 1189 5556 simul
1218 5508 1273 5555 et
1297 5499 1697 5572 iucundissima
1731 5508 1789 5554 et
1817 5499 2053 5554 laborio-

466 5591 714 5659 sissima,
759 5610 979 5650 necnon
1022 5594 1304 5664 aptissima
1345 5594 1410 5648 ad
1448 5592 1800 5649 laetiﬁcandos
1837 5592 2052 5647 demul-

468 5684 779 5753 cendosque
802 5700 897 5739 eos
936 5685 1030 5755 qui
1063 5701 1182 5739 eam
1215 5685 1466 5756 legerint,
1492 5694 1549 5740 et
1577 5685 1647 5740 ad
1684 5700 1869 5759 rerum
1900 5685 2055 5741 simi-
2096 5678 2105 5684 ’

471 5769 603 5823 lium
635 5774 875 5829 studium
900 5776 1219 5833 excitandos
1250 5794 1262 5829 :
1296 5778 1433 5833 adeo
1460 5786 1520 5832 ut
1550 5779 1595 5833 si
1638 5779 1762 5848 quis
1796 5794 1916 5833 eam
1959 5793 2056 5831 vo-

471 5853 635 5913 iuerit
664 5859 885 5929 imitari,
910 5865 955 5919 is
994 5874 1106 5919 tum
1138 5868 1291 5922 vivus
1332 5877 1445 5923 tum
1482 5879 1727 5927 mortuus
1766 5869 2050 5927 clarissimi

2151 4124 2546 4194 ὑποδείγματος
2574 4126 2728 4190 ἄνευ,
2767 4126 3174 4196 ἐργωδεστέραν
3204 4125 3317 4195 ἔχει
3348 4126 3443 4179 καὶ
3488 4125 3729 4196 δυσχερῆ

2146 4216 2247 4286 τὴν
2287 4216 2625 4287 κατόρθωσιν
2652 4233 2666 4249 ο
2718 4215 2899 4285 πολλῷ
2965 4215 3021 4267 δὲ
3059 4216 3261 4284 μᾶλλον
3295 4217 3328 4285 ἡ
3375 4216 3474 4285 τῆς
3528 4216 3732 4285 ἀρετῆς

2149 4308 2402 4379 ἐργασία,
2442 4309 2550 4376 ὅσῳ
2576 4308 2670 4362 καὶ
2693 4307 2902 4377 χαλεπή
2931 4306 3015 4370 τίς
3043 4309 3160 4361 ἐστι
3196 4306 3290 4360 καὶ
3323 4306 3598 4369 ἐπίπονος,
3634 4304 3730 4358 καὶ

2149 4402 2399 4471 καμάτου
2431 4397 2627 4468 συχνοῦ
2680 4398 2772 4452 καὶ
2818 4396 3020 4466 μόχθου
3061 4397 3353 4459 διαπαντὸς
3377 4396 3584 4465 ἐνδεής.
3627 4395 3731 4448 Διὰ

2148 4490 2309 4545 τοῦτο
2360 4488 2572 4542 πολλῶν
2629 4486 2727 4557 μὲν
2776 4486 3217 4554 ὑποδειγμάτων,
3273 4485 3475 4555 πολλῆς
3506 4483 3563 4536 δὲ
3597 4482 3729 4553 βίων

2152 4580 2394 4651 ἱστορίας
2428 4578 2587 4649 χρεία
2644 4578 2755 4639 τοῖς
2806 4575 2904 4647 τὴν
2936 4578 3195 4647 τραχεῖαν
3252 4574 3459 4645 ταύτην
3513 4574 3733 4629 ὁδεῦσαι

2149 4672 2539 4745 προελομένοις
2563 4689 2577 4702 ·
2609 4669 2646 4723 ἃ.
2673 4669 2737 4741 δὴ
2766 4669 2861 4722 καὶ
2892 4668 3093 4739 μᾶλλον
3113 4668 3363 4739 ὀμαλίζει
3397 4668 3495 4739 τὴν
3520 4667 3731 4738 τρίϐον,

2150 4765 2246 4819 καὶ
2278 4764 2378 4818 οὑκ
2413 4761 2781 4833 ἀπαγορεύειν
2811 4762 2895 4831 ἐᾷ,
2931 4761 3072 4832 πρὸς
3106 4760 3168 4814 τὺ
3189 4762 3366 4831 τραχὺ
3396 4759 3603 4828 ταύτης
3636 4760 3736 4813 καὶ

2149 4854 2378 4916 ἄναντες
2397 4853 2742 4925 ἀφορῶντας.
2779 4850 3026 4923 Τρόπους
3064 4851 3174 4922 γὰρ
3225 4853 3290 4906 ἄν
3336 4868 3420 4915 τις
3463 4852 3521 4905 ἐν
3549 4851 3736 4915 αὑτοῖς

2149 4949 2422 5022 εὑρίσκων
2442 4950 2537 5003 καὶ
2565 4948 2871 5018 ὑποθήκας,
2896 4948 3048 5011 ὅπως
3078 4964 3137 5001 τε
3172 4948 3265 5001 καὶ
3297 4947 3367 5001 δι’
3388 4943 3464 5001 ὧν
3504 4948 3737 5010 ἐκείνοις

2147 5041 2182 5111 ἡ
2215 5040 2558 5112 κατόρθωσις
2609 5041 2858 5111 γέγονεν,
2914 5041 3050 5095 ἀλλὰ
3101 5041 3197 5095 καὶ
3227 5042 3355 5095 οἴων
3386 5040 3541 5094 αὐτοὶ
3570 5040 3737 5094 πάλιν

2150 5132 2467 5188 ἀπέλαυσάν
2498 5150 2559 5186 τε
2586 5133 2682 5187 καὶ
2711 5131 3121 5187 ἀπολαύσουσιν
3156 5133 3491 5198 ὑποθέσεων,
3550 5133 3598 5184 εἰ
3637 5131 3735 5185 καὶ

2151 5227 2367 5298 νωθρὰν
2401 5220 2558 5288 οὗτος
2609 5224 2721 5297 ἔχοι
2766 5225 2944 5297 ψυχὴν
2962 5235 3006 5293 ⁸,
3065 5226 3115 5279 εί
3179 5226 3273 5278 καὶ
3324 5224 3566 5296 ῥᾴθυμον
3641 5223 3735 5275 καὶ

2152 5320 2375 5385 ὑπτίαν,
2410 5320 2525 5373 ἀλλ’
2552 5317 2646 5373 οὖν
2669 5319 2763 5372 καὶ
2791 5318 3145 5390 διαναστῆναί
3179 5334 3309 5370 ποτε
3350 5315 3619 5387 θελήσειε,
3640 5317 3735 5369 καὶ

2153 5412 2291 5484 πρὸς
2322 5413 2416 5467 τὸν
2453 5411 2568 5466 ἴσον
2601 5408 3071 5482 διαθερμανθῆναι
3105 5408 3288 5477 ζῆλον,
3336 5409 3433 5462 καὶ
3459 5408 3737 5461 ἀποδύσα-

2153 5501 2278 5554 σθαι
2310 5500 2444 5571 πρδς
2475 5500 2574 5572 τὴν
2606 5501 2861 5570 μίμησιν.
2905 5498 3122 5551 Ὀποῖον
3150 5492 3289 5550 εἶναί
3321 5515 3412 5567 μοι
3445 5496 3589 5549 δοκῶ
3640 5493 3736 5548 καὶ

2150 5591 2242 5646 τὸν
2268 5590 2361 5646 τοῦ
2387 5593 2625 5663 μεγάλου
2650 5593 2862 5662 Πατρος
2884 5590 3161 5660 Εὑθυμίου
3196 5590 3330 5660 βίον,
3357 5589 3472 5659 ἅμα
3503 5589 3603 5655 μὲν
3636 5605 3733 5658 χα-

2155 5686 2458 5758 ριέστατον,
2490 5686 2606 5757 ἅμα
2628 5685 2684 5740 δὲ
2721 5683 3180 5755 φιλοπονώτατον,
3215 5683 3331 5754 ἅμα
3365 5683 3422 5737 δὲ
3463 5683 3735 5735 ἱκανώτα-

2152 5794 2245 5831 τον
2271 5766 2461 5848 ἧδὺναί
2481 5793 2543 5829 τε
2582 5776 2677 5831 καὶ
2728 5773 3062 5841 καταθέλξαι
3118 5775 3242 5835 τοὺς
3277 5772 3730 5843 ἐντυγχάνοντας,

2163 5870 2257 5923 καὶ
2291 5869 2427 5937 πρὸς
2447 5867 2549 5939 τὴν
2562 5867 2672 5922 τῶν
2699 5864 2901 5936 ὁμοίων
2932 5865 3250 5936 ἐπιμέλειαν
3268 5865 3563 5936 διεγεῖραι·
3589 5859 3731 5915 ὥστε
