4144 6402
467 440 580 510 597

1737 442 1914 508 VITA
1952 443 2012 504 S.
2051 442 2464 506 EUTHYMII.

3627 438 3737 504 598

456 562 515 614 ετ
544 576 628 622 τις
648 556 815 612 αὐτὸν
835 553 1035 628 ζηλοῦν
1070 553 1371 627 ἐθελήσειε,
1409 555 1504 611 κα)⁸
1533 512 1642 624 {div
1664 558 1731 612 ἂν
1760 558 1788 610 6
1809 557 2051 620 τοιοῦτος

2156 556 2393 612 nominis
2445 555 2660 611 iuturus
2696 553 2790 609 sit.
2828 553 2906 608 De
2937 551 3058 623 ejus
3094 551 3279 622 itaque
3326 550 3491 606 rebus
3518 550 3743 621 jamin-

456 651 556 705 καὶ
575 648 911 720 τελευτήσας
945 645 1375 718 ὀνομαστότατος
1395 647 1628 717 γένοιτο.
1670 647 1932 721 Ἀρκτέον
1954 644 2050 704 οῦν

456 745 561 816 ἤδη
591 762 682 814 μοι
711 742 824 797 τῶν
847 743 972 798 κατ’
1001 742 1165 798 αύτὸν
1193 741 1424 812 ἀνωθεν,
1469 744 1567 797 καὶ
1600 744 1792 809 ἀκοαῖς
1830 744 1907 809 ὼς
1937 739 2052 799 οἷόν

456 854 520 889 τε
558 833 742 889 δοτέον
773 834 824 889 Β.

533 931 609 983 B'.
672 930 838 1000 Ἀρτι
881 927 977 981 τοῦ
1039 925 1337 992 δυσσεϐοῦς
1393 926 1689 982 Ἰουλιανοῦ
1754 927 1896 997 μετά
1950 929 2054 1000 τῆς

460 1023 639 1096 ἀρχῆς
665 1019 868 1084 ἀθλίως
903 1019 998 1073 καὶ
1048 1018 1146 1090 τὴν
1184 1017 1333 1091 ζωὴν
1393 1018 1894 1090 καταστρέψαντος,
1933 1015 2055 1074 εἶτα

464 1112 584 1184 μετ’
622 1111 808 1179 ὀλίγον
837 1112 932 1166 καὶ
952 1112 1033 1175 είς
1054 1111 1343 1168 Οὐάλεντα,
1366 1112 1740 1184 μετελθούσης
1759 1113 1862 1184 τῆς
1895 1113 2053 1185 βασι-

459 1205 633 1270 λείας,
654 1204 886 1273 πόλεμοι
931 1205 1274 1276 πανταχόθεν
1319 1205 1417 1269 τὰς
1456 1205 1790 1277 Ἐκκλησίας
1817 1207 1923 1261 ὑπὸ
1955 1207 2055 1279 τῆς

428 1312 436 1352 ε
466 1296 671 1363 πικρᾶς
714 1294 931 1364 ’Λρείου
962 1293 1251 1358 κοινωνίας
1282 1295 1513 1365 χαλεποὶ
1541 1295 1931 1367 περιέστησαν,
1960 1297 2056 1351 καὶ

430 1376 441 1439 ἶ
466 1387 557 1440 τοῦ
597 1384 953 1457 Ἑλληνισμοῦ
981 1384 1267 1456 λήξαντος,
1299 1387 1328 1440 6
1353 1386 1449 1439 τοῦ
1476 1388 1861 1459 Ἀρειανισμοῦ
1892 1389 2053 1442 πόλε-

434 1462 453 1573 ξ
475 1497 570 1550 μος
595 1478 830 1548 ἰσχυρῶς
844 1477 1099 1573 ἐκράτει,
1124 1480 1218 1532 καὶ
1254 1478 1323 1534 τά
1349 1479 1458 1533 τῶν
1497 1479 1839 1550 Ἐκκλησιῶν
1879 1481 2054 1536 ἐνόσει

482 1575 806 1645 περιφανῶς.
841 1567 952 1626 Ἦν
975 1573 1032 1626 δέ
1053 1590 1139 1637 τις
1164 1573 1222 1627 ὲν
1249 1576 1316 1645 τῇ
1365 1573 1505 1644 πρὸς
1545 1574 1842 1646 Εὐφράτην
1887 1573 2055 1628 Μελι-

483 1671 611 1740 τηνῇ
647 1679 668 1707 ε
700 1667 793 1736 τῆς
855 1665 1170 1737 Ἀρμενίας,
1213 1666 1386 1738 ὄνομα
1414 1666 1650 1732 Παῦλος,
1673 1667 1895 1735 γυναικὶ
1929 1670 2053 1721 Διο-

478 1760 628 1830 νυσίᾳ
659 1757 969 1831 καλουμένῃ
1012 1757 1215 1826 συζῶν,
1266 1760 1552 1827 ἐπιφανείς
1601 1758 1768 1829 ἄμφω
1802 1759 1896 1813 καὶ
1952 1759 2052 1832 τὴν

468 1851 663 1921 ἀρετὴν
703 1851 801 1917 καὶ
833 1850 893 1904 τὸ
925 1852 1100 1918 γένος.
1153 1851 1441 1921 Στείρα,δὲ
1471 1854 1503 1923 ἡ
1537 1852 1678 1925 γυνὴ
1717 1853 1813 1906 καὶ
1843 1852 2051 1907 παίδων

2157 646 2471 718 cipiendum
2518 653 2606 701 est
2646 644 2782 699 mihi
2826 643 2896 699 ab
2930 641 3042 699 alto
3074 641 3282 709 dicere,
3317 649 3375 696 et
3408 655 3488 697 ea:
3520 640 3746 697 auribus

2155 738 2435 796 tradendae
2457 753 2555 809 pro
2586 737 2819 794 vicibus.

2225 914 2294 970 ιι.
2324 911 2460 969 Cum
2475 911 2677 983 impius
2690 909 2942 966 Julianus
2967 910 3129 981 paulo
3145 916 3269 965 ante
3295 909 3544 965 una‘cum
3570 908 3745 978 impe-

2156 1007 2240 1064 rio
2251 1007 2415 1063 vitam
2432 1019 2649 1076 quoque
2671 1004 2872 1059 misere
2885 1002 3159 1058 amisisset
3180 1002 3226 1073 (l
3241 988 3280 1066 )’,
3312 1016 3375 1057 ac
3399 1001 3599 1057 deinde
3618 1017 3746 1072 pau-

2156 1098 2211 1154 lo
2232 1107 2359 1169 post
2387 1096 2679 1166 imperium
2709 1094 2952 1149 delatum
2992 1092 3186 1148 fuisset
3215 1092 3284 1148 ad
3313 1093 3598 1148 Valentem
3636 1091 3742 1164 (Ξ),

2155 1185 2299 1253 bella
2334 1182 2574 1240 diﬂicilia
2601 1192 2823 1254 propter
2848 1183 3102 1238 acerbam
3138 1182 3255 1236 Arii
3299 1182 3744 1237 communionem

2158 1274 2642 1332 circumsistebant
2682 1274 2830 1328 omni
2873 1289 2942 1328 ex
2985 1282 3143 1344 parte
3181 1270 3486 1337 Ecclesias;
3529 1279 3585 1325 et
3619 1285 3744 1325 cum

2156 1374 2427 1425 cessasset
2466 1366 2843 1436 paganismus,
2890 1364 3169 1419 arianismi
3202 1364 3407 1419 bellum
3447 1363 3743 1419 admodum

2157 1459 2546 1525 invalescebat,
2580 1473 2776 1529 resque
2796 1455 3054 1512 Ecclesiae
3091 1456 3376 1527 insigniter
3397 1455 3742 1510 laborabant.

2157 1555 2285 1609 Erat
2314 1562 2492 1609 autem
2526 1551 2816 1613 Melitenae,
2838 1566 2959 1620 quae
2980 1559 3064 1604 est
3088 1548 3222 1604 urbs
3243 1548 3513 1603 Armenia
3536 1548 3605 1603 ad
3638 1546 3748 1601 Eu-

2156 1647 2433 1717 phratem,
2469 1643 2687 1714 quidam
2722 1641 2947 1696 nomine
2962 1626 3195 1701 ’Paulus,
3227 1638 3317 1693 cui
3354 1637 3482 1694 vitae
3515 1651 3744 1692 consors

2158 1747 2279 1794 erat
2316 1737 2538 1806 conjux,
2578 1743 2763 1790 vocata
2801 1731 3078 1802 Dionysia,
3111 1731 3272 1785 ambo
3302 1729 3435 1785 clari
3472 1738 3585 1784 tam
3626 1728 3742 1784 vir-

2160 1840 2274 1886 tute
2303 1845 2464 1900 quam
2501 1843 2722 1900 genere.
2756 1825 2883 1881 llaec
2913 1840 3044 1880 vero
3089 1840 3213 1879 cum
3241 1834 3388 1878 esset
3427 1821 3651 1887 sterilis,
3689 1829 3746 1876 et

463 1913 668 2013 ἕρημος
691 1913 848 2007 οὖσα,
873 1913 947 1996 οὐ-
974 1942 1196 2013 μέτριον
1225 1913 1412 2013 ἠγεῖτο
1441 1913 1503 1998 τό
1542 1913 1735 2009 πάθος,
1785 1945 1903 1999 οὐδὲ
1934 1939 2048 1999 οἷον

2156 1931 2361 1978 careret
2386 1922 2595 1985 liberis,
2619 1920 2673 1975 id
2704 1919 2940 1975 ducebat
2977 1932 3091 1972 non
3121 1916 3400 1971 mediocre
3420 1929 3542 1970 esse
3570 1913 3744 1969 infor-

460 2034 650 2103 ὀλίγης
682 2033 869 2098 ἀξιοῦν
900 2033 1202 2105 φροντίδος,
1236 2033 1373 2088 ἀλλὰ
1410 2035 1706 2108 μερίμναις
1740 2035 1840 2107 τὴν
1867 2035 2048 2108 ψυχὴν

458 2123 663 2189 ὀξείαις
713 2123 995 2190 ἐϐάλλετο,
1059 2125 1157 2178 καὶ
1204 2123 1422 2187 ὀδύναις
1480 2126 1781 2190 ὲκόπτετο,
1830 2127 1926 2181 καὶ
1976 2129 2047 2182 τὰ

456 2218 745 2288 σπλάγχνα
787 2218 884 2270 καὶ
924 2216 1025 2289 τὴν
1078 2216 1311 2288 καρδίαν
1357 2217 1437 2288 τῷ
1473 2218 1576 2288 τῆς
1612 2218 1873 2282 ἀπαιδίας
1910 2222 2047 2293 πυρὶΙ

452 2311 848 2381 διεπίμπρατο,
882 2309 1098 2381 καρποῦ
1132 2308 1343 2375 κοιλίας
1396 2310 1684 2383 ὲφιεμὲνη·
1735 2311 1764 2365 6
1813 2313 2046 2382 πρᾶγμα

452 2403 673 2470 γυναιξὶ
736 2405 859 2466 ταῖς
936 2401 1182 2457 πλείοσιν
1251 2402 1639 2458 εὐκταιότατον
1671 2444 1687 2469 ,
1742 2403 2045 2475 ὀφθαλμοῖς

452 2494 674 2565 ἥδιστον
728 2493 812 2559 δν,
880 2492 977 2547 καὶ
1032 2493 1219 2548 ἱκανὸν
1263 2494 1458 2557 αὑταῖς
1509 2493 1818 2565 περιθεῒναι
1863 2494 2041 2561 δόξαν,

453 2587 551 2641 καὶ
580 2586 656 2659 μὴ
690 2585 947 2640 ταπεινὸν
991 2586 1126 2658 ὀρᾷν
1159 2586 1286 2656 μηδ’
1335 2586 1786 2658 ἀπαρρησίαστον
1819 2588 1901 2650 είς
1945 2587 2045 2652 τὰς

453 2680 563 2735 τῶν
611 2679 826 2750 ἀνδρῶν
876 2678 1029 2750 δψεις
1064 2680 1512 2749 παρασκευάσαι.
1567 2678 1726 2734 Οῦτω
1751 2678 2045 2751 τοιγαροῦν

453 2773 678 2844 ἔχουσα,
714 2771 812 2826 καὶ
851 2772 1111 2843 συμφορᾷ
1140 2771 1367 2844 τοιαύτῃ
1417 2771 1742 2843 πιεζομένη,
1785 2772 1925 2844 πρὸς
1951 2770 2045 2825 τὸν

455 2863 684 2934 πλησίον
717 2861 1059 2917 Πολυεύκτου
1110 2861 1206 2916 τοῦ
1241 2862 1387 2916 θείου
1422 2863 1703 2936 μάρτυρος
1748 2863 1875 2919 ναὸν
1905 2863 2046 2935 μετὰ

453 2955 549 3012 τοῦ
610 2955 846 3025 συζύγου
901 2955 1207 3028 ἀφικομένη
1284 2955 1580 3026 (ἐλάμϐανε
1634 2955 1743 3028 γὰρ
1804 2956 1899 3010 καὶ
1946 2957 2046 3028 τῆς

453 3049 619 3142 εῦχῆς
649 3046 924 3113 κοινωνὸν,
955 3047 1015 3100 ὃν
1041 3048 1137 3102 καὶ
1173 3048 1274 3117 τῆς
1293 3047 1473 3116 λύπης
1500 3043 1818 3116 ἀναγκαίως
1854 3043 2045 3118 εἶχεν),

454 3139 552 3195 ἐπὶ
584 3139 811 3204 πολλαῖς
856 3139 1093 3211 ἡμέραις
1124 3140 1182 3193 ὲν
1212 3139 1389 3210 τούτῳ
1447 3142 1512 3211 τῇ
1560 3142 1838 3211 προσευχῇ
1876 3157 2046 3211 προσ-

453 3233 703 3302 ήδρευον.
730 3232 970 3301 Λυθῆναί
993 3249 1052 3285 τε
1082 3232 1266 3296 αὐτοῖς
1294 3230 1363 3286 τὰ
1381 3232 1556 3301 δεσμά
1583 3232 1682 3302 τῆς
1703 3230 2046 3303 στειρώσεως

2154 2015 2392 2081 tunium,
2423 2028 2602 2084 neque
2633 2026 2800 2082 parva
2830 2010 3057 2081 dignum
3082 2006 3468 2071 sollicitudine;
3489 2006 3587 2061 sed
3618 2021 3743 2078 gra-

2154 2108 2313 2165 vibus
2336 2107 2486 2162 curis
2514 2105 2700 2161 animo
2728 2103 3058 2176 agitabatur,
3082 2108 3139 2155 et
3160 2099 3507 2155 lacerabatur
3534 2096 3742 2153 dolori-

2152 2205 2279 2269 bus,
2311 2201 2542 2271 ejusque
2569 2213 2666 2255 cor
2699 2206 2753 2254 et
2795 2196 3003 2252 viscera
3046 2193 3193 2265 quod
3231 2193 3434 2247 liberos
3465 2206 3575 2245 non
3613 2204 3743 2260 pro-

2154 2302 2396 2351 creasset
2426 2293 2573 2348 velut
2594 2292 2720 2363 igne
2747 2288 3209 2350 accendebantur.
3244 2296 3303 2340 ut
3339 2298 3462 2355 qua:
3501 2282 3744 2338 fructum

2153 2388 2362 2445 ventris
2404 2386 2776 2449 desideraret;
2824 2398 2948 2454 qua:
2986 2396 3076 2438 res
3107 2379 3383 2451 plerisque
3420 2374 3745 2431 mulieribus

2153 2479 2565 2551 exoptatissima
2587 2485 2700 2541 est,
2735 2485 2799 2530 ut
2826 2489 2948 2545 quae
2990 2474 3060 2529 sit
3103 2470 3280 2527 oculis
3315 2465 3739 2540 iucundissima,

2151 2587 2388 2647 quaeque
2412 2566 2916 2642 possit-eis-aﬂerre
2944 2567 3204 2640 gloriam,
3237 2571 3401 2634 atque
3429 2561 3646 2618 elllcere
3685 2570 3745 2616 ut

2152 2684 2265 2725 non
2301 2666 2539 2723 demisse
2566 2675 2623 2720 et
2651 2660 3086 2733 absque-ﬁducia
3140 2675 3238 2714 ora
3293 2657 3622 2715 maritorum
3656 2653 3746 2707 in-

2153 2768 2429 2817 tueantur.
2443 2756 2580 2814 Cum
2607 2756 2687 2813 sic
2711 2768 2841 2826 ergo
2862 2767 2921 2809 se
2944 2752 3191 2813 haberet,
3206 2758 3263 2805 et
3289 2748 3381 2804 tali
3405 2753 3746 2817 premeretur

2152 2849 2481 2910 calamitate,
2500 2847 2567 2902 ad
2597 2846 2961 2915 propinquum
2981 2838 3349 2912 Polyeuctitd)
3384 2836 3556 2893 divini
3590 2850 3742 2890 mar-

2153 2940 2561 3014 tyristemplum
2586 2936 2832 3009 profecta
2861 2951 2987 2990 cum
3020 2934 3254 3005 conjuge
3276 2948 3378 2987 suo
3407 2926 3559 3002 (eum
3594 2929 3742 2985 enim

2153 3033 2364 3102 accepit
2378 3031 2488 3087 voti
2505 3044 2722 3101 quoque
2746 3027 2976 3094 socium,
2992 3022 3485 3098 queinnecessario
3508 3020 3745 3077 habebat

2155 3127 2433 3197 tristitiae),
2472 3125 2528 3180 in
2572 3140 2639 3181 eo
2678 3127 3175 3194 perseveraverunt
3217 3116 3405 3172 multis
3448 3114 3645 3169 diebus
3685 3113 3742 3167 in

2157 3220 2426 3276 oratione.
2463 3218 2734 3275 Petebant
2771 3223 2977 3279 autem,
3008 3222 3068 3269 ut
3103 3211 3207 3267 sibi
3238 3210 3582 3265 solverentur
3620 3205 3745 3260 vin-

453 3322 653 3394 ᾔτουν,
702 3321 798 3375 καὶ
832 3321 1047 3392 καρπὸν
1094 3320 1314 3375 οἰκείων
1362 3319 1572 3375 ὠδίνων
1600 3321 1729 3374 ἰδεῖν
1784 3320 2041 3391 ηῦχοντο.

2157 3312 2277 3367 cula
2310 3309 2636 3373 sterilitatis,
2666 3315 2720 3364 et
2748 3305 3032 3378 rogabant,
3066 3312 3128 3358 ut
3156 3301 3393 3357 fructum
3434 3313 3503 3354 ex
3531 3312 3592 3352 se
3611 3311 3744 3367 prn-

456 3416 674 3480 Νυκτὺς
705 3416 763 3469 δέ
793 3433 923 3469 ποτε
951 3415 1268 3485 καταμόνας
1297 3415 1613 3486 εὐχομένοις
1656 3415 1875 3481 αὐτοῖς,
1929 3416 2049 3469 θεία

453 3527 539 3573 τις
570 3508 917 3578 ἐπιφαίνεται
942 3507 1085 3577 ὄψις,
1104 3507 1431 3578 Εὑθυμεῖτε,
1454 3509 1714 3578 λέγουσα,
1741 3507 2055 3578 εὐθυμεῖτεο

456 3604 569 3658 ἰδοῦ
607 3602 717 3673 γὰρ
744 3601 928 3656 δίδωσι
956 3602 1121 3655 παῖδα
1153 3601 1283 3671 ὑμῖν
1311 3603 1340 3654 ὀ
1371 3600 1528 3664 Θεὸς,
1570 3599 1838 3670 εὐθυμίας
1864 3617 1924 3653 τε
1956 3599 2055 3670 τὴν

460 3696 656 3764 κλῆσιν
683 3693 1028 3764 φερώνυμον,
1058 3692 1154 3746 καὶ
1186 3693 1314 3756 τοὺς
1344 3692 1580 3764 τρόπους
1609 3690 1796 3757 ἀξίους
1837 3690 2056 3761 ἐκείνης

465 3788 689 3856 ἔχοντα·
749 3787 846 3841 ἐπὶ
888 3787 946 3841 δὲ
1010 3788 1077 3857 τῇ
1128 3784 1296 3839 αὐτοῦ
1361 3784 1616 3855 γεννήσει
1654 3784 1750 3836 καὶ
1787 3781 2055 3853 εὐθυμίαν

473 3882 588 3943 ταῖς
619 3880 775 3935 αὐτοῦ
810 3880 1163 3951 Ἐκκλησίαις
1188 3878 1407 3932 δίδωσιν
1433 3879 1462 3931 6
1495 3876 1650 3940 Θεός.

536 4159 611 4213 l".
682 4159 912 4213 Ἐκεῖνοι
963 4159 1061 4229 μὲν
1087 4152 1183 4211 οῦν
1234 4155 1538 4227 τηνικαῦτα
1575 4153 1669 4207 τὸν
1719 4153 1913 4224 καιρὸν
1956 4154 2055 4223 τῆς

462 4253 728 4318 ὀπτασίας
760 4252 849 4308 διὰ
886 4251 947 4305 τὸ
1002 4248 1308 4321 παράδοξον
1342 4249 1443 4319 τῆς
1496 4246 1627 4310 θέας
1676 4245 2055 4316 ἐπισημήναν-

2161 3411 2385 3475 gnatum
2427 3400 2698 3455 viderent.
2730 3397 2907 3453 Noctu
2938 3402 3121 3450 autem
3159 3393 3242 3447 cis
3271 3389 3563 3460 aliquando
3596 3401 3746 3443 seor-

2160 3494 2631 3559 sumaorantibus,
2681 3491 2867 3547 divina
2909 3488 3158 3559 quaedam
3201 3491 3428 3556 apparet
3463 3481 3620 3545 visio,
3661 3479 3745 3534 di-

2160 3604 2330 3649 cens;
2360 3586 2567 3651 Estote,
2599 3592 2795 3639 estote
2817 3584 2962 3637 bono
2993 3579 3211 3643 animo;
3251 3591 3382 3631 ecce
3412 3574 3563 3630 enim
3602 3571 3746 3627 Deus

2159 3680 2253 3735 dat
2278 3676 2639 3745 vobisﬁlium,
2670 3672 2762 3744 qui
2784 3673 2880 3727 ab:
2905 3669 3237 3741 euthymia,»
3275 3668 3379 3721 hoc
3410 3665 3668 3720 est’bono
3692 3673 3748 3717 ct

2160 3771 2454 3842 tranquillo
2474 3769 2679 3831 animo,
2711 3780 2912 3820 nomen
2950 3762 3147 3818 merito
3175 3759 3426 3829 accipiet,
3467 3771 3532 3813 ac
3553 3771 3620 3811 eo
3657 3755 3743 3811 di—

2159 3880 2295 3937 gnos
2337 3877 2520 3918 mores
2566 3868 2653 3915 est
2694 3858 2982 3913 habiturus
3017 3873 3030 3909 :
3073 3853 3130 3907 in
3182 3852 3329 3907 illius
3381 3858 3566 3905 autem
3618 3860 3743 3903 ortu

2160 3958 2324 4013 etiam
2356 3952 2809 4023 tranquillitatem
2846 3956 2911 4004 et
2941 3947 3153 4001 bonum
3182 3942 3426 3998 animum
3468 3941 3560 3997 dat
3601 3938 3745 3996 Deus

2160 4048 2277 4104 suis
2305 4047 2589 4103 Ecclesiis.

2231 4138 2324 4195 lli.
2366 4138 2543 4206 Atque
2570 4134 2644 4189 illi
2674 4134 2897 4205 quidem
2923 4142 3077 4195 tunc,
3113 4140 3358 4201 tempore
3377 4127 3605 4185 visionis
3623 4125 3747 4182 ideo

2160 4233 2395 4303 signato,
2413 4228 2560 4300 quod
2581 4226 2953 4297 spectaculum
2980 4233 3127 4281 esset
3154 4220 3495 4283 admirabile,
3522 4220 3746 4275 domum

461 4362 577 4410 τες,
605 4312 936 4414 ἀνέστρεφον
974 4312 1182 4404 οἴκαδε,
1217 4312 1311 4395 καὶ
1344 4312 1466 4409 Θεῷ
1493 4338 1658 4393 πάλιν
1683 4312 1964 4392 ἀναθεῖναι
1992 4336 2052 4390 τὸ

2158 4327 2471 4387 redierunt.
2508 4323 2729 4393 Deoque
2762 4336 2822 4377 se
2865 4319 3047 4376 adhuc
3082 4318 3429 4373 dedicaturos
3459 4312 3606 4383 quod
3648 4327 3747 4366 na-

460 4435 728 4506 γεννηθὲν
762 4434 1186 4506 ἐπηγγέλλοντο.
1214 4432 1372 4487 Μετά
1422 4431 1621 4503 μικρὸν
1660 4430 1718 4483 δὲ
1766 4428 1862 4484 καὶ
1895 4431 1924 4483 6
1955 4428 2055 4499 τῆς

460 4529 703 4600 γαστρὸς
749 4527 913 4598 ὄγκος
956 4526 1058 4597 τὴν
1098 4524 1296 4596 κύησιν
1324 4524 1609 4594 ἠγγυᾶτο,
1663 4522 1760 4576 καὶ
1806 4522 1982 4593 χαρᾶς
2019 4521 2052 4592 ἠ

460 4619 714 4674 Διονυσία
743 4620 844 4691 τὴν
866 4619 1045 4690 ψυχὴν
1069 4617 1399 4689 ἐπληροῦτο.
1429 4617 1666 4672 Ἔπειτα
1697 4613 2049 4697 γεννηθέντος
2076 4657 2131 4716 D

461 4712 651 4775 αὐτοῖς
702 4711 797 4765 τοῦ
861 4710 1074 4776 παιδὸς,
1133 4709 1229 4762 ἐπὶ
1276 4709 1374 4779 τῆς
1434 4707 1705 4779 τετάρτης
1746 4706 2049 4776 Γρατιανοῦ

463 4803 751 4867 ὑπατείας,
778 4802 969 4857 τοῦτον
988 4802 1123 4872 μὲν,
1164 4800 1462 4872 συνᾴδοντα
1486 4801 1552 4869 τῇ
1575 4797 1811 4869 ὀπτασίᾳ
1831 4795 2051 4852 ποιοῦν-

459 4909 573 4959 τες,
633 4891 908 4963 Εὐθύμιον
967 4889 1316 4962 ὀνομάζουσι.
1380 4889 1459 4960 Τῇ
1503 4889 1745 4958 ὀπτασίᾳ
1775 4888 1833 4941 δὲ
1870 4886 1964 4941 καὶ
1991 4886 2053 4940 τὸ

461 4983 626 5056 ἔργον
670 4982 1077 5051 ἐπηκολούθει*
1102 4984 1196 5037 καὶ
1228 4981 1257 5034 6
1280 4979 1423 5035 κατά
1460 4979 1570 5034 τῶν
1614 4979 1912 5051 ὀρθοδόξων
1949 4979 2047 5032 πό-

2162 4433 2276 4476 tum
2325 4419 2493 4474 fuerit
2530 4416 2769 4487 professi
2817 4421 2964 4469 sunt.
3009 4411 3177 4466 l’aulo
3220 4417 3341 4479 post
3375 4413 3558 4483 autem
3603 4402 3746 4458 uteri

2158 4526 2379 4584 quoque
2424 4518 2607 4565 tumor
2645 4514 2974 4576 conceptum
3036 4498 3396 4557 conﬁrmabat
3439 4504 3494 4551 et
3529 4502 3744 4564 partum

2157 4604 2536 4677 promittebat,
2560 4611 2616 4657 et
2635 4600 2909 4672 Dionysiae
2934 4596 3150 4651 animus
3188 4590 3516 4662 implebatur
3537 4587 3747 4642 latitia.
3856 4648 3875 4669 Ι

2156 4698 2367 4755 Deinde
2400 4710 2525 4753 cum
2559 4694 2642 4749 eis
2666 4696 2991 4748 natusesset
3021 4684 3260 4758 μυεῖ-(4),
3285 4688 3482 4754 quarto
3503 4678 3747 4738 Gratiani

2158 4790 2468 4853 consulatu;
2513 4801 2636 4842 cum
2666 4783 2887 4855 quidem
2921 4787 3287 4851 congruenter
3334 4774 3545 4830 visioni
3570 4770 3747 4827 nomi-

2158 4894 2295 4941 nant
2334 4876 2710 4953 Euthymium.
2740 4874 3019 4933 Visionem
3061 4886 3194 4927 vero
3226 4869 3411 4925 etiam
3426 4882 3516 4922 res
3545 4880 3747 4922 conse-

2161 4987 2286 5035 cuta
2315 4986 2399 5033 est
2434 4993 2448 5029 :
2478 4984 2534 5030 et
2563 4970 2816 5055 componi
2841 4966 3008 5037 coepit
3034 4965 3243 5022 bellum
3266 4963 3531 5019 adversus
3550 4959 3745 5016 οτιιιοτ

1749 5137 1985 5193 VARUE
2036 5134 2449 5193 LECTIONES.

535 5314 562 5344 ι
592 5300 666 5358 al.
700 5300 1046 5358 ἀντιδόσεων.
1123 5298 1152 5339 ι’
1184 5299 1258 5354 al.
1293 5297 1629 5369 παραδοτέον
1658 5304 1714 5353 et
1743 5294 2038 5367 ὲνηχητέον
2069 5304 2127 5350 et
2151 5292 2425 5366 φιλοθέοις
2446 5289 2624 5345 ταῦτα
2642 5286 2957 5361 διηγητέον.
3035 5284 3166 5341 cal.
3196 5282 3461 5355 Μελιτινῇ
3486 5290 3544 5339 et
3565 5278 3734 5337 infra.

1667 5453 1859 5510 JOAN.
1901 5450 2247 5509 BOLLANDI
2284 5450 2517 5507 NOTAE.

535 5621 614 5691 (1)
639 5619 790 5691 Junii
817 5618 910 5686 26,
937 5632 1085 5691 anno
1110 5614 1476 5691 ChristiSGS.

645 5681 958 5761 Cumrocto
1011 5689 1126 5745 fere
1166 5688 1466 5761 mensibus
1505 5681 1775 5761 Jovianus
1829 5696 2055 5761 regnas-

498 5753 555 5815 et
574 5753 607 5827 ;’
627 5762 696 5817 ab
721 5760 883 5829 hujus
906 5774 1228 5816 successore
1259 5754 1638 5829 Valentiniano
1661 5753 2053 5829 Valepsfrater

506 5833 538 5887 d
572 5823 863 5901 imperium
892 5840 1210 5901 assumptus
1235 5839 1322 5883 cst
1345 5826 1416 5881 99
1448 5824 1624 5901 Martii
1659 5839 1751 5880 an.
1780 5823 1907 5880 364.
1942 5829 1973 5901 _'

543 5904 621 5975 (ὅ)
651 5894 786 5975 Ejus
818 5902 921 5959 sub
944 5894 1109 5959 Decio
1138 5907 1418 5972 peractum
1447 5894 1699 5952 Melitene
1727 5894 2052 5969 martyrium

2161 5575 2414 5668 dabimus
2448 5611 2516 5668 ιε
2539 5608 2844 5667 Februarii.
2879 5608 2952 5662 De
2977 5608 3093 5676 ipsa
3140 5605 3392 5676 Melitene
3419 5603 3742 5676 urbe__plura

2159 5685 2401 5747 reperies
2439 5683 2507 5737 10
2523 5681 2746 5738 Januar.
2778 5680 2847 5736 ad
2878 5678 2937 5734 S.
2972 5672 3264 5734 Domitiani
3282 5674 3522 5747 episcopi
3543 5672 3740 5747 Virmn.

2226 5742 2312 5826 ’(4)
2352 5755 2512 5809 Anno
2551 5753 2655 5808 577
2690 5767 2831 5809 coss.
2862 5757 3018 5806 erant
3062 5742 3359 5804 Gratianus
3398 5742 3533 5817 Aug.
3571 5742 3637 5801 IV
3687 5755 3742 5798 et

2160 5824 2240 5880 Fl.
2275 5822 2650 5880 Merobaudes.
2714 5844 2719 5849 ι
