4144 6412
478 417 590 480 599

469 600 682 664 «lesite;
716 609 772 656 et
801 617 897 657 ver
927 599 1274 655 illucescebat
1318 599 1562 669 pietatis,
1605 609 1771 670 atque
1799 599 1868 655 ad
1915 607 2068 654 tran-

471 692 794 761 quillitatem
827 705 916 744 res
938 689 1123 744 tristes
1149 688 1411 744 Ecclesiis
1439 689 1918 744 convertebantur.
1934 687 2070 743 Nam

473 801 597 840 cum
644 801 674 840 a
729 782 1074 854 temporibus
1103 781 1411 838 Constantii
1451 782 1768 854 persecutio
1817 789 2072 836 vexassct

475 875 770 940 licclesias,
803 882 861 930 et
885 875 990 930 sub
1013 873 1236 930 Juliano
1262 883 1516 946 tyranno,
1550 883 1609 929 ut
1633 875 1744 942 jam
1786 889 1952 943 supra
1979 873 2074 927 de-

474 967 830 1031 clarat-imus,
851 975 910 1022 et
933 967 1246 1037 imperante
1277 974 1469 1037 postea
1507 981 1606 1036 per
1636 963 1923 1021 Orientem
1959 964 2072 1020 Va-

473 1057 643 1123 lente,
667 1072 773 1114 nec
803 1058 987 1112 minus
1019 1072 1185 1128 quam
1230 1072 1332 1128 per
1379 1057 1738 1128 quadraginta
1789 1057 1867 1127 (5)
1897 1073 2073 1112 annos

453 1147 665 1205 ‘Ariani
695 1149 946 1224 ingentes
973 1149 1250 1207 etllassent
1266 1151 1494 1222 spiritus
1510 1151 1771 1205 adversus
1787 1151 2072 1221 pietatem,

476 1243 775 1316 Euthymio
801 1243 912 1316 jam
950 1250 1103 1311 nato,
1141 1243 1260 1300 viro
1295 1259 1422 1299 vere
1460 1244 1704 1299 nominis
1743 1243 1850 1307 sui,
1895 1245 2074 1300 desie-

477 1341 608 1388 runt
669 1333 854 1388 omnia
911 1332 1285 1388 Ecclesiarum
1337 1332 1783 1389 tristia.'Valens
1847 1333 2070 1404 quippe,

479 1426 724 1482 nondum
755 1426 948 1497 quinto
974 1425 1052 1498 (6)
1079 1439 1268 1482 mense
1297 1425 1712 1498 postEutbymii
1741 1425 2076 1480 nativitatem

479 1517 691 1586 elapso,
731 1516 1034 1574 exercitum
1089 1515 1300 1572 ducens
1329 1515 1598 1572 adversus
1653 1515 1945 1580 Barbaros,
1983 1515 2075 1586 qui

479 1625 676 1666 secure
707 1609 979 1666 vexabant
1011 1618 1067 1665 et
1109 1609 1518 1680 populabantur
1557 1607 1870 1672 Thraciam,
1917 1608 2077 1664 caesis

479 1706 603 1774 ejus
633 1702 830 1774 copiis,
867 1703 986 1774 ipsa
1017 1718 1238 1774 quoque
1277 1711 1466 1774 postea
1499 1718 1694 1774 pmnas
1733 1701 1834 1761 luit
1863 1701 2078 1757 debitas

482 1784 754 1868 impietati
782 1811 889 1869 qua
909 1797 1173 1854 adversus
1197 1793 1367 1851 Deum
1394 1801 1752 1866 pugnaverat.
1783 1793 1919 1848 Nam
1949 1808 2076 1848 cum

1285 461 1311 476 χ
1718 418 2004 480 MENSIS
2032 417 2498 483 JANUARIUS.

467 512 661 576 tiosos,
695 512 916 583 jamque
945 524 974 564 a
1008 507 1208 564 difﬁcili
1238 514 1564 578 tempestate
1589 509 1938 580 reSpirabant
1963 509 2069 565 Ec-

2179 510 2360 580 λεμος,
2421 504 2596 577 ἀρχὴν
2652 503 2928 574 ἐλάμϐανε
2983 501 3320 568 διαλύσεως,
3369 502 3464 558 καὶ
3500 503 3762 558 ἀνέπνεον

3653 411 3760 476 69-7

2171 601 2277 672 ήδη
2300 597 2397 653 τοῦ
2427 597 2668 670 χαλεποῦ
2706 597 2978 668 χειμῶνος
3010 597 3066 650 αἱ
3119 595 3468 667 Ἐκκλησίαι,
3521 597 3618 650 καὶ
3657 595 3761 668 ἔαρ

2173 693 2502 763 ὑπέλαμπεν
2553 690 2856 754 εὐσεϐείας,
2910 683 3009 744 καὶ
3052 690 3134 753 είς
3163 688 3435 758 εὐθυμίαν
3464 687 3656 750 αὐταῖς
3691 688 3764 742 τά

2175 785 2483 860 σκυθρωπὰ
2533 783 2920 857 μετεϐάλλετο.
2991 781 3126 836 Ἀπὸ
3159 783 3272 852 γὰρ
3305 780 3414 834 τῶν
3467 781 3765 834 Κώνσταν-

2172 881 2290 934 τίου
2326 878 2537 951 χρόνων
2569 876 2816 948 διωγμοῦ
2854 878 2979 940 ταῖς
2995 873 3358 944 Ἐκκλησίαις
3384 871 3764 942 ἐπικειμένου,

2173 970 2231 1024 ἓν
2263 987 2324 1024 τε
2356 972 2473 1034 τοῖς
2511 967 2810 1024 Ἰουλιανοῦ
2840 966 2935 1022 τοῦ
2983 966 3254 1038 τυράννου
3285 966 3522 1035 καιροῖς,
3571 961 3762 1034 ὥσπερ

2173 1063 2274 1136 ήδη
2304 1062 2614 1132 φθάσαντες
2653 1059 3028 1131 ἐδηλώσαμεν,
3081 1059 3178 1113 καὶ
3219 1057 3314 1112 τοῦ
3351 1056 3646 1126 μετέπειτα
3667 1055 3765 1123 τῆς

2185 1153 2358 1224 Ἐᾡας
2387 1151 2687 1216 Οὐάλεντος
2712 1151 3152 1223 βασιλεύσαντος,
3184 1149 3284 1203 οὐκ
3318 1147 3540 1201 ἔλαττον
3571 1145 3604 1216 ἢ
3639 1161 3768 1198 τεσ-
3871 1141 3874 1144 ’

2177 1247 2490 1318 σαράκοντα
2523 1245 2748 1316 χρόνους
2779 1245 2888 1296 τῶν
2929 1240 3228 1312 Ἀρειανῶν
3283 1240 3428 1310 μέγα
3472 1237 3614 1292 κατὰ
3666 1237 3770 1307 τῆς

2175 1340 2464 1403 εὐσεϐείας
2515 1337 2894 1400 πνευσάντων,
2948 1333 3228 1406 Εὐθυμίου
3287 1332 3381 1386 τοῦ
3429 1330 3770 1402 φερωνύμως

2177 1432 2492 1504 κληθέντος,
2527 1431 2627 1502 ήδη
2675 1429 3052 1500 γεννηθέντος,
3112 1426 3183 1481 τὰ
3232 1425 3533 1498 σκυθρωπὰ
3590 1423 3768 1478 πάντα

2178 1523 2289 1578 τῶν
2333 1509 2678 1594 Ἐκκλησιῶν
2710 1519 3196 1590 διελύετο.οὐάλης
3231 1519 3330 1588 μὲν
3358 1517 3466 1587 γάρ
3486 1514 3641 1569 οὐπω
3673 1513 3770 1568 τοῦ

2178 1614 2436 1684 πέμπτου
2468 1612 2639 1683 μηνὸς
2676 1610 2814 1682 μετὰ
2851 1611 2953 1682 τὴν
2991 1610 3273 1680 Εὐθυμίου
3325 1607 3582 1680 γέννησιν
3620 1623 3772 1677 παρ-

2179 1705 2448 1770 ελθόντος,
2520 1703 2964 1775 ἐπιστρατεύσας
3055 1701 3387 1774 Βαρϐάροις,
3435 1700 3772 1772 ταράττουσι

2179 1798 2280 1868 τήν
2327 1795 2562 1867 Θρᾳκῶν
2604 1795 2780 1859 ἀδεῶς
2824 1795 2920 1848 καὶ
2952 1793 3324 1865 ληϊζομένοις,
3353 1791 3572 1854 καὶτὰς
3609 1789 3772 1844 δυνά-

481 1889 713 1962 fugisset
749 1889 820 1946 ad
857 1887 1152 1960 quemdam
1193 1887 1376 1950 vicum
1421 1885 1774 1953 Adrianopoli
1821 1885 2075 1956 adjacen-

2185 1907 2307 1962 μεις
2365 1887 2730 1960 περικοπεὶς,
2793 1887 2951 1958 δίκην
3003 1885 3230 1958 ὓστερον
3301 1885 3394 1940 καὶ
3460 1883 3624 1946 αὐτὸς
3672 1881 3773 1965 cf};

485 1987 627 2047 tem,
654 1979 910 2046 Barbari,
946 1981 1263 2037 incursione
1291 1981 1452 2042 facta,
1510 1994 1638 2035 eum
1685 1977 1921 2048 turpiter
1983 1992 2078 2032 ca-

483 2071 665 2142 piunt,
681 2079 736 2126 et
757 2085 866 2125 una
885 2085 1010 2126 cum
1041 2071 1160 2126 vico
1179 2069 1501 2136 incendunt;
1517 2077 1680 2140 atque
1702 2069 1870 2124 veluti
1895 2083 2078 2139 prore-

484 2163 661 2220 mium
685 2162 856 2219 futuri
879 2163 990 2218 illic
1021 2163 1165 2237 ignis
1191 2163 1392 2236 accipit
1421 2163 1818 2235 temporarium
1854 2162 1950 2233 qui
1987 2161 2080 2218 bic

487 2260 598 2310 εει.

556 2463 650 2522 ιν.
683 2465 874 2524 Tertio
911 2475 1096 2523 autem
1135 2477 1256 2538 post
1281 2481 1448 2532 anno,
1476 2465 1678 2522 Paulus
1703 2464 1925 2536 quidem
1964 2464 2078 2520 Eu-

485 2556 680 2627 thymii
728 2563 908 2628 pater,
955 2571 988 2612 e
1030 2556 1145 2612 vita
1179 2557 1423 2624 excedit;
1471 2556 1586 2612 sola
1619 2571 1752 2612 vero
1797 2570 1923 2610 cum
1963 2555 2078 2612 filio

485 2659 664 2706 mater
693 2659 748 2706 et
785 2649 948 2706 vidua
978 2649 1190 2714 relicta.
1218 2649 1389 2705 ﬁlium
1431 2665 1626 2705 secum
1655 2649 1957 2716 adducens,
1985 2663 2078 2704 ac-

481 2738 630 2794 cedit
664 2737 736 2794 ad
771 2737 998 2794 fratrem
1035 2737 1366 2805 Eudoxium,
1397 2753 1562 2808 quem
1590 2735 1812 2808 Otrcjus
1851 2736 1950 2809 (7),
1981 2737 2077 2807 qui

480 2830 822 2888 Melitenensi
844 2841 1078 2904 praeerat
1097 2832 1372 2894 Ecclesiae.
1389 2846 1550 2887 suum
1573 2831 1777 2888 fecerat
1794 2847 1897 2888 con
1905 2833 2078 2890 fesso-

443 2991 447 2996 _
481 2938 602 2982 rem
633 2922 736 2994 (8);
771 2922 1060 2994 positoque
1082 2931 1210 2980 ante
1235 2924 1356 2993 ejus
1377 2939 1554 2996 genua
1577 2913 2076 2994 pucro,vebemen-

442 2999 449 3020 ’
485 3029 572 3073 ter
595 3016 808 3083 orabat,
835 3016 1102 3088 lacrymas
1146 3017 1409 3072 ctuittens
1426 3033 1495 3072 ex
1515 3017 1938 3086 oculis,'easque
1952 3030 2076 3072 cre-

483 3108 624 3164 dens
657 3123 782 3165 esse
832 3108 1073 3165 validum
1143 3109 1519 3180 persuasionis
1577 3110 2072 3175 medicamentum;

2182 1981 2480 2054 οεομαχίας
2513 1980 2671 2046 ἀξίαν
2702 1979 2871 2034 ἔτισε.
2931 1979 3078 2049 Πρός
3108 1995 3231 2032 τινα
3263 1976 3374 2049 γὰρ
3410 1976 3460 2030 oi
3493 1973 3772 2045 Βάρόαροι

2167 2065 2459 2146 ’φεύγοντα
2504 2073 2701 2145 κώμην
2753 2074 2883 2146 περὶ
2930 2070 3376 2144 Ἀδριανούπολιν
3402 2063 3569 2124 οὖσαν
3604 2084 3773 2121 κατα-

2179 2166 2499 2239 δραμόντες,
2535 2163 2752 2235 αίροῦσί
2781 2181 2841 2218 τε
2881 2163 3046 2218 αὐτὸν
3079 2163 3345 2235 αἰσχρῶς,
3366 2160 3462 2216 καὶ¹
3491 2163 3559 2232 τῇ
3600 2159 3768 2232 κώμῃ

2182 2259 2676 2328 συγκατακαίουσι,
2732 2257 3018 2329 προοίμιον
3071 2249 3260 2325 ὥσπερ
3294 2253 3388 2307 τοῦ
3425 2253 3639 2306 ἐκεῖθεν
3663 2269 3772 2304 vru-

2183 2349 2297 2422 ρδς,
2343 2353 2405 2404 τὸ
2440 2347 2677 2402 ἐνταῦθα
2713 2347 3052 2417 πρόσκαιρον
3083 2344 3244 2399 τοῦτο
3277 2341 3592 2412 δεχόμενον.

2252 2457 2328 2515 Δ’.
2387 2457 2572 2528 Τρίτῳ
2603 2457 2658 2510 δὲ
2689 2455 2828 2526 μετὰ
2866 2453 3041 2508 ταῦτα
3073 2448 3328 2518 ἐνιαυτῷ,
3360 2448 3574 2510 Παῦλος
3606 2445 3709 2515 μὲν
3742 2447 3774 2500 ὁ

2179 2551 2275 2608 τοῦ
2329 2550 2608 2622 Εὐθυμίου
2646 2548 2832 2618 πατὴρ
2867 2543 3133 2599 καταλύει
3161 2544 3254 2596 τὸν
3288 2541 3401 2612 βίον
3427 2557 3442 2572 ο
3478 2539 3685 2608 ἔρημος
3710 2537 3768 2590 δὲ

2183 2644 2326 2716 μετὰ
2351 2643 2448 2698 τοῦ
2497 2641 2690 2704 παιδὸς
2725 2641 2758 2711 ή
2789 2639 2974 2710 μήτηρ
3008 2637 3104 2690 καὶ
3140 2637 3284 2707 χήρα
3318 2631 3767 2700 καταλειφθεῖσα,

2178 2737 2259 2808 τῷ
2287 2733 2501 2805 ἀδελφῷ
2529 2733 2814 2804 πρόσεισιν
2840 2727 3102 2798 Εὐδοξίῳ,
3126 2727 3186 2781 τὸ
3209 2725 3402 2780 τέκνον
3425 2721 3767 2792 ἐπαγομένη·

2178 2829 2362 2884 ὅντινα
2388 2827 2454 2899 δὴ
2510 2823 2770 2896 σύνεδρον
2813 2822 3066 2892 Ὀτρήῐος
3090 2820 3120 2873 ὁ
3158 2819 3259 2888 τῆς
3287 2815 3430 2870 κατὰ
3457 2810 3774 2882 Μελιτηνὴν

2180 2919 2466 2993 προεστὼς
2504 2916 2835 2986 Ἐκκλησίας
2859 2913 3126 2984 πεποίητο
3151 2929 3165 2941 ·
3198 2912 3293 2964 καὶ
3326 2909 3435 2981 πρὸ
3463 2907 3572 2961 τῶν
3603 2906 3773 2974 γονάο
3809 2978 3811 2980 η

2179 3033 2290 3069 των
2325 3013 2494 3068 αὐτοῦ
2529 3013 2688 3067 θεῖσα
2717 3010 2810 3065 τὸν
2843 3009 3035 3073 παῖδα,
3067 3007 3242 3062 ἐδεῖτο
3290 3003 3532 3076 θερμῶς,
3561 3001 3774 3072 δάκρυα

2181 3107 2290 3162 τῶν
2343 3105 2643 3177 ὀφθαλμῶν
2695 3103 2946 3172 ἀφιεῖσα,
3001 3099 3096 3154 καὶ
3140 3096 3315 3152 ταῦτα
3352 3092 3578 3156 πειθοῦς
3633 3086 3776 3144 εἶναι

482 3200 712 3272 rogabat
740 3209 944 3266 autem,
993 3208 1056 3255 ut
1094 3209 1149 3256 et
1185 3200 1413 3256 infantis
1449 3211 1505 3256 et
1563 3201 1648 3256 sui
1694 3201 2074 3265 misereretur,

2183 3201 2476 3274 φάρμακον
2497 3199 2717 3270 ἰσχυρὸν
2741 3195 3100 3251 πιστεύουσα·
3123 3191 3296 3246 ἐδεῖτο
3315 3189 3394 3255 δὲ,
3414 3187 3474 3242 τό
3492 3203 3550 3240 τε
3581 3186 3776 3256 νήπιον

483 3308 830 3363 puerumque
860 3293 926 3349 ad
961 3291 1209 3365 Otrejum
1252 3294 1570 3358 adduceret,
1593 3311 1660 3350 ac
1697 3293 1748 3350 ei
1784 3311 1884 3364 pro
1915 3307 2070 3365 patre

482 3379 728 3438 offerret.
769 3383 946 3454 Atque
975 3392 1151 3438 mater
1188 3385 1409 3453 quidem
1453 3385 1590 3440 vidit
1624 3385 1948 3456 petitionem
1976 3383 2079 3440 sibi

484 3473 820 3530 successisse
859 3487 925 3528 ex
963 3473 1234 3528 sententia
1263 3491 1278 3529 ;
1311 3491 1450 3546 puer
1492 3475 1597 3530 fuit
1629 3475 1844 3530 oblatus
1869 3473 2077 3544 Otrejo,

483 3580 550 3621 ac
576 3580 673 3636 per
698 3581 825 3622 eum
855 3563 990 3632 Deo,
1015 3567 1157 3622 sicut
1186 3567 1280 3624 diu
1315 3576 1442 3622 ante
1472 3568 1543 3622 ab
1573 3567 1730 3622 Anna
1758 3566 2002 3623 Samuel.

559 3847 628 3903 V.
679 3847 899 3920 Otrejus
948 3867 1080 3908 vero
1124 3868 1249 3908 cum
1299 3853 1563 3917 intuitus,
1599 3869 1711 3909 non
1757 3851 2082 3924 simpliciter

487 3949 702 3997 tantum
741 3943 972 4014 aspexit,
1004 3944 1098 4000 sed
1131 3945 1297 4000 etiam
1327 3945 1492 4000 animi
1541 3944 1878 4014 profundum
1917 3943 2080 4000 simul

487 4034 687 4098 subiit,
723 4036 970 4104 ejusdem
1001 4037 1169 4092 animi
1206 4038 1474 4107 quosdam
1515 4037 1844 4092 secretiores
1877 4045 2078 4101 motus,

487 4126 669 4196 quoad
702 4125 819 4183 ﬁeri
867 4131 1047 4198 potuit
1093 4131 1414 4200 conjectans
1460 4130 1800 4185 acutissime.
1845 4129 1912 4184 Et
1949 4143 2081 4182 vero

487 4232 613 4272 cum
639 4218 707 4274 de
733 4220 922 4277 matris
951 4223 1237 4278 sterilitate
1269 4222 1588 4288 audivisset,
1623 4237 1687 4276 ac
1713 4221 1781 4276 de
1810 4219 2080 4276 diviniore

487 4310 578 4364 illa
613 4312 975 4381 apparitione,
1025 4325 1080 4370 et
1101 4316 1558 4386 quemadmodum
1583 4331 1722 4386 opus
1751 4313 2081 4385 precationis

489 4402 668 4459 fuerat
697 4391 1003 4476 conceptio,
1025 4408 1282 4477 quodque
1303 4415 1595 4477 antequam
1632 4417 1952 4464 nasceretur
1981 4423 2081 4479 pa-

489 4503 675 4550 rentes
712 4511 838 4549 eum
878 4497 989 4551 Deo
1019 4508 1514 4563 consecraverant;
1550 4499 1652 4552 fuit
1701 4515 1866 4553 verus
1909 4499 2080 4555 futuri

2182 3296 2280 3350 καὶ
2323 3295 2494 3363 αὐτὴν
2547 3279 2816 3359 οἰκτεῖραι
2845 3289 2938 3344 καὶ
2973 3287 3350 3357 προσαγαγεῖν
3411 3281 3650 3353 Ὀτρηῖῳ
3677 3279 3772 3333 τὸν

2182 3389 2371 3452 παῖδα,
2403 3387 2498 3441 καὶ
2529 3384 2680 3454 αὐτῷ
2707 3384 2830 3436 ἀντὶ
2873 3381 3082 3452 πατρὸς
3105 3378 3406 3434 ἀναθεῖναι.
3451 3377 3517 3430 Ἡ
3554 3375 3652 3445 μὲν
3677 3371 3772 3428 οὖν

2187 3481 2372 3552 μήτηρ
2425 3477 2572 3532 κατᾶ
2623 3476 2853 3546 γνώμην
2911 3473 3159 3527 ἐκϐᾶσαν
3216 3473 3354 3542 αὐτῇ
3407 3467 3507 3540 τὴν
3557 3469 3774 3537 αἴτησιν

2180 3569 2342 3638 εἶδεν,
2391 3569 2627 3641 Ὀτρηῗῳ
2659 3585 2717 3620 τε
2746 3569 2775 3621 ὁ
2801 3567 2932 3640 παῖς
2955 3564 3254 3627 ἀνετίθετο,
3286 3563 3383 3618 καὶ
3411 3563 3479 3616 δι’
3503 3560 3668 3616 αὐτοῦ
3696 3557 3777 3628 τῷ

2179 3664 2320 3735 Θεῷ,
2348 3662 2606 3733 καθάπερ
2635 3659 2814 3731 πολλῷ
2874 3659 3142 3732 πρότερον
3199 3657 3308 3710 ὑπὸ
3357 3659 3458 3728 τῆς
3508 3657 3712 3722 Ἀννης
3744 3651 3774 3704 ὀ

2180 3748 2459 3820 Σαμουὴλ.

2254 3863 2331 3916 E'.
2384 3861 2634 3931 Ὀτρήῖος
2664 3859 2724 3912 δὲ
2769 3859 2962 3912 τοῦτον
3019 3856 3178 3922 ἰδὼν,
3217 3857 3316 3927 οὐκ
3378 3853 3569 3917 ἁπλῶς
3611 3845 3773 3916 εἶδεν,

2180 3953 2317 4008 ἀλλὰ
2349 3953 2444 4006 καὶ
2478 3954 2558 4016 εἰς
2592 3953 2654 4006 τὸ
2715 3951 2881 4022 βάθος
2923 3950 3040 4021 ἅμα
3091 3949 3191 4020 τῆς
3243 3947 3422 4018 ψυχῆς
3474 3943 3772 4007 εἰσεδύετο,

2181 4045 2276 4099 καί
2298 4061 2461 4098 τινων
2485 4043 2656 4114 αὐτῆς
2687 4042 3149 4115 ἀπορρητοτέρων
3173 4039 3248 4104 ῶς
3271 4040 3400 4110 ἐνῆν
3431 4036 3775 4107 κινημάτων,

2179 4137 2420 4204 ὀξύτατα
2451 4135 2883 4208 στοχασάμενος.
2927 4133 3134 4188 Μαθὼν
3163 4133 3220 4186 δὲ
3247 4131 3342 4185 καὶ
3377 4129 3446 4184 τὰ
3489 4129 3590 4196 τῆς
3632 4143 3778 4180 στει-
3807 4205 3812 4209 _

2185 4231 2406 4304 ρώσεως
2449 4231 2552 4299 τῆς
2595 4227 2824 4300 μητρὸς,
2881 4226 2980 4281 καὶ
3006 4227 3076 4280 τὰ
3105 4226 3206 4296 τῆς
3242 4225 3524 4292 θειοτέρας
3569 4223 3776 4290 ἐπιφα-

2182 4323 2353 4386 νείας,
2396 4321 2492 4374 καὶ
2521 4323 2671 4383 ὅπως
2729 4320 2896 4390 εὐχῆς
2952 4317 3112 4390 ἔργον
3146 4319 3181 4389 ή
3237 4315 3500 4387 σύλληψις
3545 4311 3635 4386 ἦν,
3683 4313 3779 4366 καὶ

2181 4417 2258 4480 ὼς
2310 4411 2421 4470 εἷεν
2481 4414 2644 4470 αὐτὸν
2697 4414 2746 4466 οἱ
2781 4415 2958 4482 γονεῖς
3004 4413 3095 4467 καὶ
3159 4413 3266 4482 πρὸ
3313 4411 3410 4479 τῆς
3465 4409 3778 4478 γεννήσεως

2183 4505 2656 4577 καθαγιασάμενοι
2705 4506 2781 4572 τῷ
2813 4505 2968 4576 Θεῷ,
3024 4505 3314 4576 προφήτης
3339 4501 3432 4556 τοῦ
3489 4501 3778 4572 μέλλοντος

489 4585 779 4654 prepbeta.
805 4586 874 4642 Et
918 4588 1186 4655 profecto,
1225 4589 1422 4660 inquit,
1468 4590 1789 4660 requiescet
1844 4592 2075 4662 Spiritus

2185 4599 2421 4670 ἀψευδὴς
2468 4595 2556 4670 ἦν.
2585 4599 2697 4654 Καὶ
2734 4600 2926 4665 ὅντως,
2971 4598 3424 4653 ἐπαναπαύσεται
3461 4596 3522 4648 τὸ
3551 4595 3777 4664 Πνεῦμα

493 4673 586 4730 Dei
617 4691 780 4746 super
812 4679 956 4733 hunc
995 4695 1245 4773 puerum.
1285 4681 1490 4738 Deinde
1537 4699 1662 4737 cum
1708 4683 1860 4737 illum
1901 4686 2076 4756 bapti-

491 4775 690 4831 zasset,
733 4778 790 4824 et
827 4771 1144 4840 capillorum
1175 4775 1441 4842 quantum
1492 4775 1578 4829 lex
1616 4777 1684 4830 de
1719 4778 1906 4846 pueris
1935 4795 2079 4847 prae-

489 4859 682 4914 scribit
727 4863 1087 4927 totoudisset,
1127 4863 1183 4917 in
1226 4865 1454 4934 gradum
1514 4867 1780 4922 lectorum
1832 4879 2074 4939 cooptat.

485 4950 659 5011 Porro
689 4966 919 5020 matrem
951 4957 1284 5029 Dionysium,
1318 4967 1378 5015 ut
1407 4975 1528 5029 qua:
1554 4961 1754 5019 divinis
1792 4963 1956 5020 rebus
1985 4980 2080 5020 va-

2185 4692 2278 4744 τοῦ
2309 4691 2469 4757 Θεοῦ,
2497 4692 2592 4744 ἐπὶ
2635 4692 2698 4746 τὸ
2747 4692 2958 4746 παιδίον
3011 4691 3190 4755 τοῦτο,
3253 4689 3440 4760 φησίν.
3497 4683 3631 4741 Εἶτα
3683 4686 3774 4740 καὶ

2189 4780 2458 4850 βαπτίσας
2521 4782 2707 4847 αὐτὸν,
2747 4784 2842 4837 καὶ
2892 4783 3001 4837 τῶν
3051 4781 3256 4852 τριχῶν
3302 4782 3403 4836 ὅσα
3448 4781 3612 4851 νόμος
3663 4781 3774 4841 τοῖς

2189 4875 2378 4928 παισὶν
2432 4875 2776 4945 ἀποκείρας,
2835 4875 2915 4946 τῷ
2961 4875 3071 4928 τῶν
3121 4873 3485 4952 ἀναγνωστῶν
3531 4872 3768 4942 ἐγκρίνει

2187 4966 2404 5038 βαθμῷ.
2429 4965 2540 5039 Τὴν
2565 4967 2665 5039 μὲν
2693 4965 2788 5022 οὖν
2822 4968 3034 5040 μητέρα
3057 4968 3364 5032 Διονυσίαν,
3391 4961 3480 5022 οἷα
3511 4964 3774 5036 διηνεκῶς

1682 5139 1880 5196 JOAN.
1917 5139 2272 5197 BOLLANDI
2309 5139 2548 5200 ΝΟΤιΕ.

555 5305 633 5374 (5)
667 5303 818 5360 Obiit
843 5299 1240 5379 Constantinus
1273 5305 1502 5379 Magnus
1542 5323 1631 5362 an.
1673 5309 1796 5374 557,
1837 5312 1955 5379 ipso
1983 5311 2073 5366 die

483 5372 876 5438 Pe‘utecustes;
903 5372 1386 5446 cltiicoustantius'
1405 5379 1456 5430 iu
1495 5379 1717 5433 Oriente
1747 5372 2066 5446 succedens,

482 5464 608 5504 mox
637 5463 694 5517 se
727 5443 952 5517 luercsis
977 5445 1192 5517 Arianae
1223 5449 1486 5502 fautorem
1515 5450 1793 5517 professus
1819 5461 1923 5504 est.

553 5521 629 5588 (6)
654 5514 1075 5590 Fortedccimus
1101 5514 1659 5590 quintuslegendum:
1688 5523 1874 5590 sicque.
1893 5520 2070 5590 Junio

482 5585 671 5643 mense.
746 5593 935 5639 natum
991 5585 1254 5642 dicemus.
1315 5585 1530 5642 interiit
1585 5585 1800 5644 vum;
1858 5589 1902 5645 Υ
1953 5594 2071 5646 idus

487 5658 748 5734 Augusti,
773 5671 866 5734 _au.
889 5655 1016 5734 .387,
1054 5674 1174 5712 (‘lllll
1228 5675 1294 5712 eo
1319 5675 1467 5734 anno
1492 5662 1604 5731 ipse
1626 5672 1844 5734 sertum
1873 5666 2070 5734 consul

482 5736 650 5805 esset.
693 5725 1452 5805 Yaltztliuiunussecundum,
1499 5725 1556 5805 ut
1595 5733 1842 5805 scribunt
1868 5733 2072 5790 ldatius

485 5790 543 5843 in
577 5793 777 5870 Fastis,
807 5789 1059 5846 Socrates
1086 5797 1192 5870 lib.
1224 5816 1296 5858 Iv.
1335 5789 1454 5870 cap:
1477 5803 1574 5854 ull.
1611 5803 1934 5858 Ammianus
1971 5806 2064 5860 lib.

486 5871 642 5920 nat.
673 5861 892 5926 aliique,
915 5870 968 5914 et
1010 5865 1224 5929 quidem
1261 5861 1556 5927 indictione
1595 5871 1626 5924 5
1667 5873 1823 5943 cujus
1867 5875 2066 5930 residui

2177 5319 2336 5364 erant
2369 5326 2582 5367 menses
2608 5312 2834 5380 aliquot,
2884 5311 2950 5366 ad
3001 5309 3378 5378 Septembrem
3433 5323 3629 5379 usque,
3663 5325 3768 5379 quo

2177 5391 2232 5436 et
2283 5382 2316 5434 6
2365 5381 2588 5437 iudictio
2642 5393 2698 5436 et
2726 5397 2902 5435 annus
2929 5383 3068 5450 apud
3113 5380 3422 5434 Orientales
3469 5381 3772 5435 itn-buaba-

2180 5461 2286 5506 tur.
2329 5451 2466 5505 Hinc
2499 5468 2621 5520 quae
2666 5462 2784 5523 post
2824 5451 3199 5522 Septembrem
3242 5453 3565 5523 inchoatum
3603 5453 3770 5517 facta,

2181 5523 2248 5576 ad
2273 5534 2588 5587 sequentem
2615 5521 2818 5577 annum
2853 5521 3124 5592 Euthymii
3172 5521 3501 5576 referuntur.

2254 5593 2332 5661 (7)
2366 5591 2612 5646 Interfuit
2643 5593 2862 5660 Otrejus
2900 5591 3106 5664 synodo
3137 5593 3754 5662 Constantinopolitanzc

2182 5665 2534 5719 meumeuica:
2568 5680 2602 5720 It
2643 5676 2698 5720 et
2728 5664 3172 5719 Macedoniansm
3206 5664 3456 5719 hzl'l‘eSllll
3487 5681 3610 5721 cum
3643 5667 3765 5720 aliis

2183 5735 2456 5804 episcopis
2497 5735 2880 5790 condemnavit
2919 5750 3047 5788 ann.
3083 5733 3216 5789 Chr.
3252 5735 3379 5790 581.

2253 5807 2331 5874 (8)
2381 5807 2675 5870 l’erperaut
2717 5805 2770 5859 in
2827 5805 2989 5860 Surio
3045 5821 3308 5860 cur-usum
3371 5805 3766 5864 confessorem.

2179 5875 2573 5932 Conscssorcnt
2596 5877 2756 5932 vertit
2783 5875 3050 5932 llervctus
3074 5894 3088 5943 ;
3125 5888 3291 5932 recte.
