4144 6406
307 455 426 524 605

1605 455 1785 518 νιΤΑ
1823 454 1886 518 S.
1922 453 2334 517 EUTHYMII.

3502 456 3608 526 ί)οὓ

307 572 509 629 ἑαυτὸν
542 570 872 642 ἐπιτρέπει,
928 569 1027 624 καὶ
1067 569 1244 639 λάθρα
1274 569 1374 641 τῆς
1414 568 1625 633 πόλεως
1652 569 1908 635 ἐξελθὼν,

2031 578 2154 633 arat,
2200 586 2260 626 sc
2299 569 2539 639 mandat,
2589 579 2646 626 et
2691 572 2830 628 clam
2866 589 2930 629 ex
2977 574 3114 630 urbe
3151 581 3428 647 egressus,
3461 590 3607 628 anno

306 666 492 737 ὲνάτῳ
557 663 659 719 καὶ
711 661 946 733 εἰκοστῷ
1013 661 1113 735 τῆς
1156 661 1378 732 ἡλικίας
1436 661 1714 734 ἐνιαυτῷ,
1770 664 1914 718 κατὰ

309 757 699 831 προσκύνησιν
747 753 863 809 τῶν
894 753 1059 825 ἱερῶν
1101 753 1286 808 τόπων
1315 753 1408 807 καὶ
1452 754 1787 824 σεϐασμίων,
1834 756 1917 819 εἰς

320 849 607 921 Ίεροσόλυ
616 866 694 919 μα
724 844 1026 918 προθύμως
1050 849 1232 920 φοιτᾷ·
1254 846 1593 919 παραϐαλὼν
1609 848 1665 901 δὲ
1684 847 1912 912 καὶτοῖς

310 941 410 995 ἐπὶ
432 940 538 1011 τῆς
566 938 783 1009 ἐρήμου
821 936 1093 1008 Πατράσι,
1124 939 1221 991 καὶ
1252 938 1352 1009 τὴν
1381 938 1614 993 ἑκάστου
1639 940 1913 994 πολιτείαν

312 1029 681 1102 καταμαθὼν,
737 1027 1075 1099 θερμότερος
1120 1028 1219 1100 τὴν
1272 1029 1454 1100 ὁρμὴν
1519 1030 1756 1100 γίνεται,
1821 1032 1916 1085 καὶ

318 1126 543 1197 πτεροῖς
576 1122 748 1177 οἱονεὶ
771 1120 1098 1191 κουφίζεται
1115 1139 1129 1154 ο
1154 1123 1251 1177 καὶ
1271 1122 1517 1196 ὀξυτέρῳ
1538 1124 1678 1196 πρὸς
1702 1126 1793 1179 τὸν
1816 1126 1918 1197 τῆς

321 1218 448 1286 ῐσῃς
482 1217 769 1286 διαγωγῆς
819 1216 983 1285 ζῆλον
1030 1215 1110 1286 τῷ
1160 1215 1374 1287 κέντρῳ
1427 1217 1679 1287 πληγεὶς,
1726 1219 1914 1290 Φαρὰν

332 1308 547 1361 ἐκεῖθεν
574 1307 678 1378 τὴν
722 1306 936 1376 λαύραν
976 1307 1420 1378 καταλαμϐάνει,
1469 1310 1669 1378 μιλίοις
1709 1311 1769 1379 ἓξ
1814 1313 1917 1378 τῆς

325 1400 538 1461 πόλεως
579 1397 978 1470 Ἱεροσολύμων
1006 1399 1293 1470 διέχουσαν
1315 1417 1330 1433 ο
1363 1401 1457 1455 καί
1486 1421 1538 1455 τι
1570 1403 1786 1457 κελλίον
1810 1404 1917 1470 ἔξω

328 1490 431 1560 τῆς
467 1490 679 1561 λαύρας
712 1489 849 1561 πρὸς
881 1491 1118 1562 ἡσυχίαν
1151 1492 1419 1547 πάντοθεν
1450 1491 1512 1548 εὖ
1555 1494 1680 1566 ἕχον
1714 1496 1915 1568 εὑρὼν,

342 1581 462 1634 ἒκελ⁵
486 1581 585 1645 τὰς
613 1581 890 1653 διατριὸὰς
920 1582 1050 1653 ἑξῆς
1078 1586 1338 1652 ἐποιεῖτο,
1373 1586 1634 1654 φοινίκων
1659 1587 1759 1658 μὲν
1788 1588 1920 1643 κλά-

346 1672 471 1736 δους
498 1673 557 1727 ὲν
581 1674 721 1745 αὐτῷ
741 1674 1075 1741 διαπλέκων,
1110 1678 1206 1730 καὶ
1236 1678 1453 1741 κοινοὺς
1486 1676 1666 1749 ἐαυτῷ
1688 1680 1781 1732 καὶ
1805 1682 1921 1742 τοῖς

341 1766 614 1837 δεομένοις
647 1769 769 1832 τοὺς
810 1769 923 1822 τῶν
956 1769 1158 1839 χειρῶν
1195 1770 1393 1834 πόνους
1430 1771 1790 1841 ποιούμενος·
1832 1772 1920 1825 ἵνα

336 1858 413 1928 μὴ
447 1859 610 1927 μόνον
638 1860 846 1931 ἀὸαρὺς
867 1861 895 1901 Ιι
935 1857 993 1934 ᾗ,
1027 1861 1101 1933 μὴ
1136 1862 1270 1933 πρὸς
1298 1863 1505 1931 ἑτέρων
1535 1867 1725 1934 χεῖρας
1751 1865 1914 1937 όρῶν,

329 1951 467 2005 ἀλλὰ
499 1955 594 2006 καὶ
617 1952 911 2023 θεραπεύοι
936 1955 1090 2019 Θεὸν,
1124 1957 1248 2026 χεὶρ
1282 1956 1445 2020 αὐτὸς
1473 1957 1676 2026 μᾶλλον
1708 1959 1918 2029 ἑτέροις

326 2047 639 2116 γινόμενος.
676 2048 872 2117 Πὰσης
904 2049 961 2101 δὲ
989 2047 1101 2102 τῶν
1131 2050 1339 2119 γηΐνων
1365 2050 1649 2118 φροντίδος
1681 2050 1783 2123 τὴν
1814 2052 1920 2121 ψυ-

321 2139 430 2209 χὴν
479 2138 795 2201 ἀπολύσας,
843 2139 982 2204 ὅλως
1028 2138 1131 2210 τῆς
1173 2140 1284 2194 τῶν
1338 2140 1645 2210 μελλόντων
1697 2142 1920 2211 ἀγαθῶν

320 2229 549 2293 ἐλπίδος
582 2230 774 2284 ἑαυτὸν
804 2229 899 2294 ἐξα
909 2230 1030 2301 ρτᾷ.

394 2337 501 2393 1Α’.
529 2334 642 2391 Ἷιν
686 2339 744 2392 δέ
794 2356 876 2403 τις
931 2337 1033 2393 ἐνΙ
1082 2340 1343 2407 γειτόνων
1387 2340 1557 2412 αὐτῷ,
1593 2340 1922 2407 Θεόκτιστος

314 2429 522 2497 δνομα,
575 2428 669 2480 τόν
700 2428 866 2481 αὑτὸν
909 2428 1105 2499 ἐκείνῳ
1137 2428 1255 2499 βέον
1288 2429 1499 2496 ἀσκῶν,
1541 2432 1635 2485 καὶ
1666 2433 1766 2504 τῆς
1799 2432 1923 2504 ἴσης

315 2524 612 2586 πολιτείας
641 2522 1131 2592 μεταποιούμενος.
1149 2522 1208 2574 '0
1236 2522 1369 2592 γοῦν
1394 2523 1502 2577 τῶν
1528 2524 1732 2594 ὁμοίιον
1759 2524 1923 2595 ἔρως,

314 2614 425 2669 καὶ
446 2616 480 2685 ἡ
506 2612 619 2667 τῶν
662 2613 844 2668 πόνων
890 2614 1170 2681 κοινωνία,
1198 2615 1371 2679 οὕτως
1395 2615 1595 2679 αὐτοὺς
1622 2616 1702 2688 τῷ
1731 2617 1920 2670 συνδέ-

314 2723 455 2775 σμῳ
498 2704 601 2774 τῆς
636 2692 861 2777 ἀγάπης
912 2704 1195 2775 συνέδησε,
1228 2707 1326 2760 κα)⁸
1370 2707 1628 2761 τοσοῦτον
1670 2707 1925 2778 ἀλληλοις

310 2800 389 2870 τῇ
422 2796 519 2852 τοῦ
549 2796 865 2868 πνεύματος
907 2800 1111 2868 στοργῇ
1140 2797 1584 2870 συνεκράθησαν,
1612 2800 1688 2863 ὡς
1729 2799 1924 2853 ἑκάτε-

317 2907 428 2961 ρον
457 2889 641 2943 αὐτῶν
676 2890 734 2942 ὲν
759 2892 824 2961 τῇ
856 2887 951 2942 τοῦ
978 2890 1171 2957 ἑτέρου
1203 2889 1420 2945 κεῖσθαι
1443 2890 1615 2963 ψυχῇ,
1649 2892 1747 2946 καὶ
1779 2893 1926 2963 ἅπερ

316 2983 397 3038 ἂν
430 2983 626 3053 ἅτερος
656 2979 837 3035 αὐτῶν
868 2981 1096 3053 φρονοίη
1118 3022 1133 3047 ,
1169 2982 1342 3037 ταῦτα
1375 2985 1472 3038 καὶ
1526 2984 1752 3056 θατέρῳ
1778 2987 1925 3041 κατὰ

316 3072 563 3145 γνώμην
591 3068 753 3129 εἶναι.
782 3072 970 3137 Οὕτως
1000 3068 1095 3129 οὖν
1120 3074 1374 3145 ἀλλήλοις
1413 3075 1626 3145 ἀδελφὰ
1665 3077 1930 3148 φρονοῦν-

314 3184 446 3232 τες,
477 3168 573 3221 ἐπὶ
625 3165 726 3238 τὴν
766 3166 977 3239 ἔρημον
1027 3167 1124 3222 τοῦ
1180 3167 1421 3223 Κουτιλᾶ
1474 3168 1600 3224 κατ’
1651 3169 1925 3235 ἐνιαυτὸν,

1949 1925 1996 1984 Β

2019 661 2196 717 artatis
2230 676 2343 717 suae
2384 663 2646 719 vicesimo
2674 679 2842 731 nono,
2873 666 2941 721 ad
2983 682 3135 723 sacra
3182 668 3609 737 venerandaque

2018 755 2136 810 loca
2178 756 2456 812 adoranda
2517 757 2947 831 Hierosolymam
2998 762 3161 819 alacri
3214 763 3399 817 animo
3445 763 3612 832 proﬁ-

2018 845 2262 902 ciscitur.
2296 848 2541 918 Cumque
2565 847 2754 905 Patres
2789 850 2844 904 in
2874 852 3169 913 solitudine
3194 853 3454 923 degentes
3483 868 3613 908 con-

2018 940 2285 1004 venisset,
2334 947 2500 1010 atque
2554 939 2836 996 didicisset
2898 941 3330 1012 uniuscujusque
3391 941 3609 997 vivendi

2021 1031 2316 1105 rationem,
2346 1032 2527 1089 acrior
2553 1033 2763 1104 impetu
2786 1033 2989 1095 evadit,
3020 1049 3084 1088 ac
3126 1035 3274 1089 velut
3301 1035 3400 1089 alis
3429 1035 3611 1090 eleva-

2019 1136 2140 1193 tur;
2176 1134 2341 1195 atque
2385 1125 2616 1181 acutimi
2643 1127 2709 1181 ad
2743 1127 2891 1196 paris
2925 1127 3159 1182 instituti
3203 1127 3610 1182 temulationem

2019 1216 2239 1273 stimulo
2253 1218 2667 1286 punctus.illinc
2684 1219 2932 1285 pervenit
2948 1220 3014 1275 ad
3033 1219 3241 1274 lauram
3258 1220 3617 1291 Pharan(|5)v

2018 1324 2141 1379 quae
2165 1324 2258 1364 sex
2280 1309 2605 1365 milliaribus
2632 1310 2799 1365 distat
2819 1312 2887 1365 ab
2906 1312 3041 1367 urbe
3072 1312 3443 1383 Hierosolyma
3479 1311 3614 1382 (16):

2019 1400 2112 1455 ubi
2146 1400 2366 1455 inventa
2395 1400 2628 1471 quadam
2653 1413 2803 1456 extra
2834 1402 3044 1456 lauram
3094 1403 3250 1465 cella,
3281 1403 3350 1457 ad
3375 1402 3613 1472 quietem

2020 1492 2261 1562 undique
2275 1493 2827 1555 accommodata,illic
2843 1494 2910 1548 de
2931 1501 3129 1549 caztero
3156 1494 3498 1548 eommoraba
3508 1503 3612 1558 tur;

2020 1585 2323 1656 palmarum
2374 1586 2594 1655 quidem
2655 1601 2834 1640 ramos
2883 1585 2936 1638 in
2984 1600 3047 1640 ea
3079 1592 3287 1650 texens,
3319 1584 3530 1654 sibique
3554 1599 3617 1637 ac

2022 1679 2309 1749 egentibus
2331 1678 2549 1733 labores
2576 1694 2838 1732 manuum
2877 1691 3199 1732 communes
3245 1676 3514 1741 eiIicicns;
3559 1684 3617 1728 ut

2022 1786 2135 1826 non
2165 1771 2339 1826 solum
2372 1787 2483 1826 non
2517 1771 2697 1843 gravis
2726 1779 2893 1833 esset,
2923 1770 2993 1825 ad
3024 1770 3254 1824 aliorum
3280 1784 3478 1823 manus
3508 1784 3614 1821 non

2027 1864 2328 1934 respiciens
2366 1881 2382 1929 ;
2437 1866 2533 1919 sed
2585 1863 2748 1918 etiam
2798 1864 2969 1917 Deum
3015 1864 3238 1923 coleret.
3279 1863 3395 1933 ipse
3438 1862 3617 1932 potius

2025 1956 2148 2011 aliis
2205 1972 2400 2011 manus
2429 1955 2627 2011 factus.
2686 1955 2769 2008 Ab
2827 1953 2976 2009 omni
3033 1963 3215 2009 autem
3267 1970 3395 2008 cura
3433 1970 3616 2008 rerum

2029 2050 2374 2104 terrestrium
2407 2064 2533 2103 cum
2576 2047 2819 2101 animum
2846 2047 3154 2104 liberasset.
3189 2047 3411 2117 penitus
3442 2063 3501 2102 se
3531 2047 3618 2101 fu-

2029 2149 2272 2196 turorum
2306 2141 2574 2195 honorum
2637 2140 2749 2210 spei
2780 2139 3072 2194 submittit.

2100 2341 2193 2397 Xl.
2230 2339 2361 2395 Erat
2399 2348 2582 2394 autem
2627 2338 2847 2409 quidam
2880 2340 3022 2394 inter
3064 2339 3185 2409 ejus
3242 2339 3475 2409 vicinos,
3517 2356 3621 2396 no-

2025 2433 2174 2490 mine
2196 2431 2549 2487 Theoctistus
2585 2431 2722 2501 (l7),
2746 2431 2840 2500 qui
2875 2430 3122 2485 eamdem
3148 2446 3309 2500 quam
3336 2431 3425 2487 ille
3457 2432 3620 2487 vitam

2025 2523 2339 2587 exercebat,
2398 2522 2658 2592 idemque
2711 2522 3032 2591 capessebat
3082 2522 3416 2578 institutum.
3458 2523 3625 2580 Amor

2025 2616 2210 2687 itaque
2233 2630 2420 2670 rerum
2455 2606 2810 2675 similium,et
2837 2615 3088 2670 laborum
3121 2615 3383 2682 societas,
3405 2616 3503 2682 _ita
3530 2632 3626 2671 eos

2028 2708 2250 2766 vinculo
2274 2707 2560 2764 charitatis
2587 2707 2883 2779 colligavit,
2919 2709 3167 2780 adeoque
3213 2719 3343 2765 sunt
3384 2711 3529 2766 inter
3565 2726 3624 2766 se

2029 2800 2426 2872 contemperati
2456 2800 2747 2856 dilectione
2775 2800 3022 2871 Spiritus,
3066 2810 3127 2855 ut
3166 2809 3402 2871 uterque
3424 2816 3618 2856 eorum

2029 2894 2087 2948 in
2118 2893 2344 2948 alterius
2368 2892 2549 2947 anima
2567 2893 2977 2956 consisteret,et
2996 2907 3114 2962 qum
3126 2893 3261 2947 alter
3276 2908 3467 2948 eorum
3501 2908 3629 2949 sen-

2030 2984 2180 3049 tiret,
2193 2999 2258 3039 ea
2277 2983 2439 3038 etiam
2456 2982 2611 3038 alteri
2628 2982 3070 3053 placerent.Cum
3088 2998 3216 3054 ergo
3229 2986 3377 3039 esset
3391 2992 3497 3039 tam
3512 2984 3631 3040 fra-

2031 3084 2222 3131 ternus
2239 3077 2381 3131 inter
2399 3091 2495 3131 eos
2511 3090 2834 3139 consensus,
2863 3076 2918 3129 in
2935 3074 3126 3131 Cutila:
3147 3076 3261 3147 (18)
3277 3076 3627 3131 solitudinem

2030 3169 2326 3241 quotannis
2372 3168 2887 3240 proficiscebantur,
2925 3179 3117 3225 octavo
3147 3169 3235 3225 die
3275 3183 3399 3240 post
3425 3169 3627 3247 festum

317 3260 534 3331 ὀγδόην
566 3259 711 3331 μετὰ
736 3258 806 3313 τὰ
836 3260 999 3314 Φῶτα
1026 3258 1313 3329 διεφοίτων
1338 3262 1558 3332 ἡμέραν
1579 3276 1592 3292 ·
1615 3261 1799 3333 πάσης
1828 3263 1926 3334 μὲν

2033 3262 2352 3330 Luminum,
2376 3263 2617 3333 separati
2639 3263 2860 3333 quidem
2887 3263 2956 3319 ab
2980 3267 3126 3319 omni
3160 3264 3400 3319 humano
3431 3273 3629 3319 contu-

318 3353 694 3426 ἀνθρωπίνης
745 3352 1105 3425 χωριζόμενοι
1159 3354 1477 3417 συναυλίας,
1527 3355 1648 3422 Θεῷ
1685 3355 1746 3410 δὲ
1781 3355 1928 3427 μόνῳ

322 3447 421 3502 διὰ
455 3446 777 3519 προσευχῆς
801 3446 1346 3519 συγγινόμενοι.Καὶ
1382 3447 1561 3502 πάντα
1594 3448 1686 3503 τὸν
1719 3449 1926 3519 μεταξὺ

325 3540 530 3611 χρόνον
577 3539 673 3592 ἐπὶ
718 3539 821 3608 τῆς
869 3540 1108 3610 ἐρημίας
1134 3539 1632 3611 ἀναστρεφόμενοι,
1665 3539 1772 3605 ἕως
1798 3541 1864 3595 ἂν
1894 3544 1927 3612 ἡ

326 3633 442 3687 τῶν
473 3633 660 3686 Βαῖων
692 3631 854 3704 ἑορτὴ
903 3632 1186 3701 ἐπισταίη.
1233 3632 1553 3705 Τηνικαῦτα
1601 3634 1711 3706 γὰρ
1756 3636 1838 3699 είς
1870 3634 1934 3688 τὸ

334 3724 550 3778 κελλίον
570 3724 834 3795 ἑκάτερος
862 3725 1197 3798 ἐπανῄεσαν,
1229 3727 1423 3798 συχνὸν
1457 3727 1791 3797 ἐπαγόμενοι
1839 3726 1933 3780 τὸν

347 3817 574 3871 πλοῦτον
602 3820 700 3890 τῆς
741 3819 986 3890 ἀρετῆς,
1032 3819 1092 3874 ὃν
1132 3821 1433 3875 ἀναστάντι
1484 3819 1707 3890 Χριστῷ
1759 3837 1933 3891 προσο

353 3907 523 3961 οίσειν
546 3909 783 3978 ἔμελλον,
818 3911 1001 3982 πολλῷ
1026 3911 1122 3965 τοῦ
1153 3910 1359 3984 χρυσοῦ
1391 3908 1757 3983 τιμιώτερον,
1793 3913 1928 3981 ὅπερ

359 3998 509 4070 αὐτῷ
563 4002 793 4072 τεχθέντι
853 4003 1018 4074 μάγοι
1078 4004 1488 4075 προσήνεγκαν.
1557 4003 1934 4057 Ἐπλεονέκτει

356 4094 539 4165 μέντοι
567 4099 632 4167 τῇ
667 4096 776 4151 τῶν
812 4097 962 4167 ἠθῶν
1016 4098 1370 4169 χρηστότητι,
1423 4097 1519 4151 καὶ
1568 4098 1635 4169 τῇ
1672 4096 1782 4149 τῶν
1811 4095 1936 4162 τρό-

350 4206 467 4242 πων
497 4190 783 4259 ἁπλότητι,
836 4190 934 4244 καὶ
966 4193 1032 4261 τῇ
1083 4194 1181 4260 τῆς
1228 4189 1739 4260 ταπεινοφροσύνης
1769 4188 1940 4258 ὑπερι-

347 4281 499 4353 δολῇ,
551 4281 826 4353 Εὐθύμιος
878 4287 906 4338 ὁ
957 4284 1152 4352 μέγας,
1182 4285 1278 4337 καὶ
1325 4283 1414 4336 διὰ
1438 4282 1597 4335 τοῦτο
1647 4280 1848 4351 ηὔξανέ
1878 4299 1939 4333 τε

345 4376 470 4430 καθ’
515 4377 755 4446 ἑκάστην
797 4376 947 4447 αὐτῷ
980 4379 1013 4448 ἡ
1040 4376 1178 4448 πρὸς
1210 4375 1344 4429 Θεὸν
1377 4374 1686 4445 παρρησία,
1720 4376 1817 4427 καὶ
1846 4373 1941 4426 δα-

338 4468 677 4540 ψιλεστέραν
704 4468 1012 4534 ἐξεκαλεῖτο
1044 4469 1141 4540 τὴν
1174 4468 1335 4540 χάριν
1365 4465 1461 4520 τοῦ
1494 4464 1832 4534 Πνεύματος.

417 4565 529 4620 lB’.
569 4563 830 4634 Πέμπτον
857 4564 914 4619 δὲ
945 4564 1140 4634 χρόνον
1171 4563 1250 4626 εἰς
1277 4560 1464 4632 Φαρὰν
1491 4558 1803 4629 διατρίψας,
1835 4559 1942 4611 ἁπ-

2032 3355 2251 3420 bernio,
2283 3371 2409 3410 cum
2448 3354 2562 3410 Deo
2608 3363 2793 3410 autem
2836 3354 2953 3410 solo
2986 3366 3271 3411 versantes
3312 3369 3408 3424 per
3436 3370 3631 3426 preca-

2033 3448 2275 3514 tionem;
2300 3454 2359 3503 et
2386 3455 2814 3518 totumtempus,
2843 3447 2991 3518 quod
3022 3447 3418 3510 intercedebat,
3454 3454 3633 3502 trans-

2034 3540 2246 3611 igentes
2294 3538 2351 3593 in
2394 3539 2712 3604 solitudine,
2759 3539 2938 3594 donec
2979 3538 3293 3594 advenisset
3317 3538 3434 3593 dies
3460 3537 3633 3594 festus

2033 3632 2367 3689 Palmarum.
2396 3632 2553 3688 Tunc
2574 3634 2724 3688 enim
2758 3643 2989 3703 uterque
3018 3633 3400 3688 revertebatur
3430 3632 3485 3686 in
3520 3633 3635 3687 cel-

2035 3724 2165 3787 lam,
2218 3724 2578 3794 importantes
2606 3739 2831 3778 censum
2880 3722 3100 3777 virtutis
3133 3723 3436 3792 copiosum,
3469 3738 3630 3791 quem

2036 3815 2272 3871 oblaturi
2323 3822 2481 3868 erant
2521 3813 2744 3868 Christo
2797 3813 3130 3883 resurgenti,
3178 3826 3313 3866 auro
3362 3826 3429 3867 eo
3473 3811 3632 3882 longe

2039 3905 2439 3978 pretiosiorem,
2487 3906 2633 3976 quod
2663 3906 2712 3960 ei
2761 3916 2891 3959 nato
2917 3904 3237 3959 obtulerunt
3267 3902 3430 3974 Magi.
3462 3901 3631 3957 Porro

2040 4015 2256 4056 morum
2283 4008 2338 4054 et
2367 3999 2708 4071 benignitate
2735 4007 2792 4053 et
2820 3996 3165 4067 simplicitate
3191 4010 3422 4066 magnus
3453 3995 3637 4049 excel-

2040 4094 2186 4148 lebat
2251 4090 2619 4162 Euthymius,
2699 4104 2909 4144 necnon
2986 4085 3312 4142 humilitatis
3395 4084 3635 4155 fastigio;

2040 4197 2204 4257 atque
2232 4185 2355 4241 ideo
2382 4184 2436 4238 in
2464 4184 2582 4239 dies
2611 4182 2661 4238 ei
2688 4180 3041 4238 accrescebat
3069 4179 3264 4235 ﬁducia
3289 4193 3415 4249 erga
3445 4179 3635 4243 Deum,

2043 4287 2099 4334 et
2126 4278 2356 4350 gratiam
2385 4274 2626 4347 Spiritus
2652 4274 3111 4330 abundantiorem
3136 4270 3423 4327 evocabat.

2116 4548 2236 4604 ΧΠ.
2277 4548 2408 4603 Post
2438 4560 2614 4602 annos
2644 4554 2829 4600 autem
2855 4543 3099 4613 quinque
3129 4539 3186 4593 in
3216 4536 3431 4591 Pbaran
3464 4543 3640 4589 trans-

340 4651 497 4724 αἱρει
544 4630 800 4708 κάκεῖθεν
851 4630 1330 4723 ἂμιῖθεοκτίστῳ,
1367 4630 1504 4704 κατ’
1553 4648 1718 4701 αὑτὸν
1763 4647 1926 4718 δήποι

2044 4654 2218 4709 actos,
2261 4644 2412 4699 illinc
2445 4641 2650 4698 recedit
2681 4640 2793 4712 (l9)
2820 4652 2945 4693 cum
2996 4630 3335 4696 Tbeoctisto,
3372 4637 3638 4684 consueto

1641 4831 1724 4887 VA
1739 4828 1873 4884 ιιιιΕ
1908 4825 2316 4884 ιΕΟΊΊΟΧΕδ.

428 4977 457 5019 II
489 4976 565 5032 al.
598 4976 831 5048 ἁϐαρὴς.
919 4972 935 5013 ι
973 4990 1043 5030 an
1072 4973 1175 5027 éx?

1532 5105 1704 5164 JOAN
1744 5101 2092 5163 BOLLANDI
2136 5096 2372 5154 ΝΟΤᾸῧ.

431 5304 547 5373 (15)
584 5302 828 5359 Meminit
851 5300 1036 5374 _hnjus
1064 5300 1234 5374 lautae
1260 5299 1456 5374 iterum
1484 5293 1823 5374 _Cyrillns_n.
1851 5290 1941 5374 12,

344 5361 446 5444 61,
479 5361 581 5431 ΗὯ
606 5385 661 5429 et
699 5374 819 5429 iiii.
844 5361 1088 5444 Joaniies
1112 5368 1366 5444 Moschus
1396 5367 1449 5420 in
1477 5361 1943 5444 Pr'a_10_spir_itunli

516 5446 607 5509 ﬂ),
647 5445 735 5502 Η.
761 5444 832 5498 42
862 5452 918 5497 et
976 5442 1098 5515 159,
1143 5437 1527 5515 nonnullorum
1580 5435 1736 5515 hujus
1779 5434 1950 5515 latine

348 5505 752 5575 monachorum
794 5516 1023 5568 virtutes
1065 5511 1344 5567 describit.
1381 5507 1435 5562 In
1484 5521 1547 5561 ea
1591 5507 1708 5576 ipse
1759 5505 1947 5558 decem

348 5591 523 5646 anuis
554 5588 713 5640 vixit.

430 5660 544 5728 (16)
576 5651 1093 5728 Versus_orientem,
1121 5650 1206 5704 via
1233 5644 1672 5728 Hierich‘untina:

434 5713 551 5807 (Π)
583 5730 657 5807 De
688 5728 746 5779 Β.
775 5724 1092 5807 ’ζ’-ιιθοςιξιιιο
1115 5717 1398 5807 agemu‘s}
1431 5713 1954 5807 Septembris..0bi-

359 5787 454 5856 tus
485 5787 603 5865 ej'ns
629 5795 959 5851 describitur
984 5787 1267 5865 inl'rajap.
1292 5787 1381 5842 Π.

438 5854 551 5941 (ιέ)
592 5868 924 5941 Lipmnanus
961 5870 1051 5941 _et
1121 5854 1316 5941 guri-us
1375 5857 1610 5941 (ἓιιιίιιιει,⁸
1673 5854 1811 5941 infra
1869 5865 1954 5910 ta-

366 5926 492 5998 men
534 5926 707 5994 ἰιυιὴ.
772 5933 861 6004 94,
902 5933 1063 5990 etiam
1131 5931 1367 5988 Cutilam
1423 5936 1636 5985 vocant.
1714 5926 1952 5984 Joannes

2052 5288 2309 5344 Moschus
2364 5285 2417 5339 in
2467 5282 2635 5337 Prata
2698 5278 2971 5352 spirituali
3017 5291 3143 5352 cap.
3200 5277 3290 5339 55,
3356 5276 3640 5352 l_(_oOuldw,

2054 5361 2142 5412 ubi
2202 5361 2428 5410 vertitur
2476 5347 2786 5417 Tutltelaui,
2836 5366 2945 5419 quo
2982 5350 3125 5403 circa
3166 5362 3316 5419 mare
3368 5347 3636 5401 Mortuuln

2052 5444 2215 5484 senex
2265 5443 2295 5480 ο
2349 5424 2677 5480 monasterio
2713 5420 2770 5476 S.
2823 5418 2978 5475 Salue
3016 5418 3363 5473 descendisse
3417 5419 3639 5472 dicitur.

2054 5499 2113 5554 In
2163 5500 2280 5551 Vita
2329 5497 2386 5548 S.
2449 5493 2740 5547 Theodosii
2802 5490 3199 5547 C(Bunhinrrllm
3261 5488 3312 5541 ΙΙ
3385 5485 3633 5541 Januarii

2057 5584 2208 5623 num.
2246 5566 2338 5631 26,
2380 5564 2620 5617 Κουτιλᾶ
2659 5563 2859 5619 Gutilla
2905 5561 3170 5631 vertitur;
3219 5561 3359 5631 unde
3393 5558 3459 5612 ad
3492 5560 3642 5631 ripas

2051 5639 2202 5692 larus
2255 5627 2626 5704 Asphaltidis,
2678 5649 2779 5704 seu
2833 5635 3005 5704 utaris
3064 5628 3295 5704 Mortui,
3366 5627 3629 5704 pervasit.

2053 5709 2197 5764 infra
2254 5699 2402 5760 nuin.
2447 5704 2518 5758 94
2565 5703 2843 5759 solitudini
2900 5700 3087 5757 Ruban
3137 5699 3510 5770 coniungitur,
3575 5700 3642 5752 de

2056 5795 2160 5849 qua
2193 5793 2311 5844 cap.
2347 5777 2401 5831 5.

2128 5850 2243 5920 (ιιι)
2275 5849 2377 5901 An.
2402 5844 2503 5901 Ch.
2532 5844 2656 5898 tu.
