4144 6440
509 433 619 500 607

507 548 588 603 eis
629 560 881 603 secessus
935 554 1182 615 tempore
1230 560 1244 597 :

511 647 809 695 torrentem
886 635 1175 706 quemdam
1243 634 1580 706 praecipitem
1639 651 1703 692 ac
1756 637 2090 707 profundum

509 731 851 788 accedentes.
883 743 1134 800 magnam
1183 727 1499 798 speluncam
1548 727 1831 783 oll‘endunt
1871 729 1938 783 ad
1994 729 2094 783 bo-

510 824 654 878 reale
703 819 962 875 torrentis
1021 818 1407 889 praecipitium,
1462 818 1612 874 velut
1670 820 1824 873 tracti
1876 835 1905 873 a
1958 834 2094 889 qua-

509 916 631 969 dam
708 927 875 966 manu
919 911 1266 966 .dedueente.
1330 910 1448 975 Qua
1533 910 1602 964 de
1677 924 1843 965 causa
1925 910 2090 965 laetati

508 1005 728 1068 animis,
772 1012 829 1058 et
858 1003 959 1056 rati
1009 1018 1120 1056 non
1174 1001 1278 1056 hoc
1325 1002 1406 1056 eis
1434 1010 1716 1056 ostensum
1749 1001 1957 1070 absque
1993 999 2090 1055 Dei

509 1096 781 1159 numine,
851 1095 965 1149 illic
1018 1109 1172 1147 suam
1235 1092 1445 1148 faciunt
1502 1091 1921 1147 habitationem.
1987 1090 2091 1157 Qui

509 1185 730 1256 quidem
760 1187 914 1239 locus
943 1199 1067 1238 cum
1095 1193 1240 1238 esset
1263 1184 1414 1253 prius
1439 1182 1677 1238 ferarum
1700 1182 2094 1254 refugium,sa-

510 1293 661 1331 crum
712 1276 973 1346 templum
1027 1285 1216 1344 postea
1267 1275 1441 1329 evasit
1488 1283 1543 1330 et
1587 1275 1904 1346 angelorum
1934 1273 2093 1329 habi-

510 1369 773 1424 taculum.
807 1369 975 1437 Igitur
1004 1367 1096 1421 diu
1128 1367 1407 1422 latuerunt
1439 1367 1495 1421 in
1520 1367 1803 1437 spelunca,
1825 1383 1928 1423 nec
1948 1369 2092 1423 ullus

509 1461 575 1514 ad
607 1475 700 1514 eos
744 1460 1056 1523 accedebat,
1103 1459 1187 1513 vel
1235 1459 1439 1529 aliquid
1481 1476 1512 1514 e
1567 1460 1730 1516 rebus
1768 1461 2094 1517 necessariis

510 1550 943 1619 impertiebatur.
983 1549 1079 1604 sed
1129 1549 1281 1617 solis,
1317 1565 1437 1619 qua:
1460 1549 1570 1604 illic
1610 1550 1825 1606 adnata:
1854 1550 2090 1615 fuerant,

509 1641 714 1707 herbis,
768 1651 826 1695 ut
871 1640 1086 1707 licebat,
1139 1642 1451 1696 alebantur.
1491 1641 1762 1698 thterum
1802 1642 1936 1708 Deo,
1973 1658 2093 1698 mea

509 1732 727 1802 quidem
778 1733 1070 1799 sententia,
1140 1748 1252 1788 non
1304 1733 1539 1803 amplius
1588 1735 1895 1789 sustinente
1929 1734 2094 1789 celari

510 1838 697 1878 eorum
753 1823 1011 1880 virtutem
1071 1822 1368 1894 (quomodo
1416 1824 1603 1878 enim?
1652 1824 2092 1895 quandoquidem

509 1932 615 1973 nec
639 1918 780 1972 horti
815 1917 1005 1982 clausi,
1036 1932 1138 1971 nec
1167 1916 1337 1971 fontis
1361 1916 1579 1987 signati,
1615 1916 1682 1971 ad
1722 1916 1923 1971 multos
1954 1918 2097 1972 redit

510 2009 770 2076 utilitas),
816 2009 912 2064 sed
955 2010 1173 2063 volente
1214 2009 1397 2079 potius
1446 2023 1542 2063 eos
1571 2008 1693 2063 aliis
1727 2024 1946 2078 quoque
1974 2024 2096 2065 esse

509 2116 731 2157 oausam
757 2101 944 2156 Salutis
989 2101 1380 2170 copiosumque
1404 2102 1794 2170 eﬁcommunis
1828 2116 1960 2156 usus
1997 2102 2097 2156 bo-

512 2209 666 2256 num,
690 2191 1004 2262 hujusmodi
1051 2207 1141 2246 res
1193 2193 1337 2247 circa
1360 2207 1455 2247 eos
1481 2208 1549 2248 ex
1575 2192 1940 2249 Providentiae
1977 2195 2105 2251 dis--

510 2287 832 2358 pensatione
865 2285 1082 2341 accidit.

585 2395 728 2450 Xlll.
760 2395 992 2462 Quidam
1014 2410 1078 2449 ex
1099 2395 1312 2451 Lazarii
1352 2394 1562 2466 (20-2!)
1596 2395 1905 2466 pastoribus
1927 2395 2108 2451 addu-

513 2496 641 2544 cunt
660 2487 955 2557 aliquando
970 2502 1102 2541 oves
1114 2486 1179 2540 ad
1196 2495 1512 2553 torrentem,
1526 2496 1579 2542 et
1596 2487 1789 2541 obtutu
1806 2488 1857 2541 in
1873 2487 2098 2557 spelun-

513 2594 632 2634 cam
664 2580 929 2645 immisso,
962 2579 1264 2635 videnteos
1292 2579 1643 2635 imminentes
1669 2579 1868 2650 capiti;
1900 2596 2102 2651 repen-

514 2673 629 2726 tino
657 2669 840 2726 autem
866 2680 925 2725 et
971 2672 1190 2727 insolito
1221 2672 1422 2728 turbati
1446 2674 1779 2742 spectaculo,
1808 2674 1844 2727 ii
1877 2674 2095 2745 quidem

516 2764 764 2831 protinus
806 2762 861 2817 in
917 2764 1095 2834 fugam
1132 2774 1335 2835 quanta
1383 2776 1635 2837 poterant
1665 2768 1863 2837 pedum
1901 2768 2103 2823 celeri-

516 2865 627 2910 tate
653 2871 712 2910 se
739 2854 1045 2920 dederunt;
1070 2855 1145 2909 illi
1172 2871 1303 2911 vero
1333 2857 1582 2911 timorem
1601 2858 1680 2912 eis
1697 2857 2100 2928 appositissime

517 2949 817 3013 dementes,
861 2965 995 3004 voce
1042 2965 1205 3019 quam
1250 2960 1551 3021 potuerunt
1602 2942 2000 3023 benignissima
2043 2960 2102 3008 et

516 3037 945 3094 lenissimach
995 3039 1260 3108 timeatis,
1318 3055 1351 3094 ο
1402 3041 1631 3106 fratres,
1696 3042 1978 3105 dixerunt.
2028 3057 2101 3097 ne

518 3131 772 3185 timeatis.
802 3128 935 3184 Nam
967 3130 1065 3200 ipsi
1092 3146 1308 3200 quoque
1342 3131 1595 3187 homines
1629 3148 1840 3197 sumus,
1881 3134 2096 3189 etiamsi

1719 429 2002 491 M’ENSIS
2039 430 2497 493 IANUARIUS.
2540 474 2551 483 ρ

1312 548 1368 599 et
1433 556 1534 615 per
1603 542 1953 600 solitudinem
2020 544 2090 599 ad

2197 545 2282 598 τὸν
2312 541 2622 615 εἰθισμένον
2647 542 2746 614 τῆς
2769 540 3172 615 ἀναχωρήσεως
3198 541 3385 608 αὐτοῖς
3418 545 3610 617 καιρόν
3628 563 3644 579 ο
3678 549 3774 602 καί

3659 429 3771 495 608

2192 652 2313 689 τινα
2339 634 2428 690 διὰ
2457 635 2557 703 τῆς
2585 634 2794 706 ἐρήμου
2851 633 3157 705 χείμαρρον
3203 633 3505 705 κρημνώδη
3552 639 3648 690 καὶ
3680 637 3776 707 βα-

2196 724 2349 779 θὺν-ι
2382 725 2697 797 παριόντες,
2726 722 3219 794 καταλαμόάνουσί
3240 741 3293 779 τι
3322 724 3591 796 σπήλαιον
3626 727 3772 797 μέγα

2195 815 2331 887 πρὸς
2359 815 2438 887 τῷ
2476 814 2706 886 βορεινῷ
2748 814 2842 868 τοῦ
2882 814 3189 886 χειμάρρου
3233 815 3488 888 κρημνῷ,
3521 817 3778 886 καθάπερ

2193 905 2299 960 ὑπό
2344 924 2492 971 τινος
2524 906 2829 977 ὁδηγούσης
2870 906 3055 979 χειρὸς
3104 906 3413 979 ἐλκόμενοι.
3486 907 3787 973 Ἦσθέντες.

2193 992 2288 1052 οὖν
2316 1000 2403 1051 ἐπ’
2434 997 2584 1069 αὐτῷ
2621 997 2721 1062 τὰς
2767 997 2968 1068 ψυχὰς,
3026 997 3126 1053 καὶ⁹
3151 998 3254 1053 οὐκ
3280 999 3434 1053 ἀθεεὶ
3453 999 3612 1054 τοῦτο
3640 1000 3780 1053 ὑπο-

2192 1089 2480 1160 δειχθῆναι
2526 1091 2710 1154 αὐτοῖς
2743 1090 3089 1160 νομίσαντες,
3153 1091 3332 1144 ἐκεῖσε
3365 1089 3646 1144 ποιοῦνται
3674 1090 3779 1161 τὴν

2195 1180 2687 1251 κατοικίαν.”οπερ
2709 1180 2818 1252 ἄρα
2843 1179 3051 1251 θηρίων
3074 1182 3369 1251 καταφυγὴ
3395 1181 3666 1252 πρότερον
3689 1179 3778 1245 ὃν,

2172 1271 2319 1335 ’ναὸς
2355 1271 2499 1344 ἱερὸς
2524 1272 2747 1341 γέγονεν
2776 1272 3003 1343 ὕστερον
3032 1271 3130 1325 ml.
3171 1272 3468 1341 ἀγγέλωνιι
3509 1289 3781 1343 κατοικη-

2192 1365 2402 1434 τήριον.
2446 1362 2771 1416 Ἐλάνθανον
2804 1361 2904 1432 μὲν
2943 1357 3040 1415 οὖν
3088 1363 3147 1414 ἐν
3179 1361 3259 1432 τῷ
3313 1360 3569 1432 σπηλαίῳ
3611 1361 3782 1431 μέχρι

2195 1454 2417 1520 πολλοῦ,
2450 1455 2545 1508 καὶ
2588 1455 2767 1518 οὐδεὶς
2813 1456 2842 1508 ὁ
2897 1453 3272 1526 παραϐάλλων
3316 1454 3501 1518 αὐτοῖς
3528 1448 3618 1525 ἦν,
3648 1452 3790 1506 οὕτε

2194 1548 2341 1610 τινος
2370 1546 2479 1601 τῶν
2520 1545 2659 1609 πρὸς
2687 1546 2882 1618 χρείαν
2913 1546 3054 1610 ὅλως
3080 1543 3377 1613 κοινωνῶν,
3415 1544 3552 1598 ἀλλὰ
3584 1545 3784 1614 μόναις

2194 1640 2316 1701 ταῖς
2348 1636 2833 1709 παραπεφυκυίαις
2872 1636 3024 1707 αὐτῷ
3065 1636 3349 1706 βοτάναις,
3391 1634 3469 1700 ὠς
3496 1633 3785 1705 ἐγχωροῦν
3824 1678 3843 1686 ί

2194 1725 2284 1801 ἦν,
2315 1730 2629 1801 ἐτρέφοντο.
2675 1726 3032 1801 Κρὺπτεσθαι
3067 1729 3127 1782 δέ
3170 1729 3271 1800 τὴν
3313 1728 3540 1782 ἐκείνων
3575 1725 3783 1797 ἀρετὴν

2197 1823 2479 1891 ἐπι-πλέον,
2503 1818 2680 1893 οἶμαι,
2695 1822 2789 1876 τοῦ
2808 1821 2943 1875 Θεοῦ
2963 1824 3038 1893 μὴ
3059 1822 3436 1893 ἀνασχομένου
3462 1820 3603 1892 (πῶς
3628 1820 3739 1891 γάρ
3762 1838 3787 1889 ;

2128 1891 2170 1951 Β
2199 1920 2282 1972 ὅτι
2319 1917 2456 1988 μηδὲ
2486 1891 2880 1986 κεσιλεισμένου
2910 1891 3117 1985 κήπου,
3317 1891 3499 1985 πηγῆς
3521 1915 3787 1984 ἐσφραγι-

2200 2008 2429 2079 σμένης,
2462 2009 2554 2060 ἐπὶ
2583 2006 2812 2069 πολλοὺς
2857 2008 2890 2077 ή
2932 2004 3215 2075 ὠφέλεια),
3256 2003 3394 2058 ἀλλὰ
3448 2002 3784 2075 βουλομένου

2201 2099 2404 2171 μᾶλλον
2434 2099 2531 2152 καὶ
2574 2098 2758 2162 ἄλλοις
2814 2098 3089 2169 σωτηρίας
3120 2099 3320 2161 αὐτοὺς
3348 2096 3604 2166 γενέσθαι
3645 2094 3785 2165 πρό-

2200 2208 2386 2260 φασιν,
2419 2191 2515 2243 καὶ
2547 2189 2781 2259 ἄφθονόν
2805 2208 2859 2242 τι
2886 2190 2980 2244 καὶ
3008 2189 3338 2259 κοινωφελές
3373 2186 3601 2256 ἀγαθὸν,
3629 2187 3783 2240 οἱκο-

2198 2284 2446 2355 νομεῖταί
2472 2300 2525 2336 τι
2551 2283 2790 2336 τοιοῦτον
2818 2283 2947 2355 περὶ
2977 2283 3211 2351 αὐτοὺςε

2274 2393 2376 2448 ην.
2405 2393 2751 2465 Προσάγουσί
2781 2408 2926 2456 τινες
2952 2391 3060 2444 τῶν
3080 2390 3173 2444 τοῦ
3192 2389 3467 2460 Λαζαρίου
3496 2385 3779 2454 ποιμένων

2198 2489 2269 2544 τὰ
2305 2487 2554 2559 πρόσατά
2583 2503 2715 2540 ποτε
2755 2483 2834 2554 τῷ
2860 2483 3183 2555 χειμάρρῳ,
3230 2480 3326 2533 καὶ
3360 2478 3500 2550 πρὸς
3539 2478 3600 2530 τὸ
3634 2477 3780 2545 σπή-

2199 2581 2350 2640 λαιον
2380 2579 2733 2641 ἐπιϐαλόντες
2779 2576 2842 2630 τὸ
2888 2575 3127 2646 βλέμμα,
3164 2573 3364 2643 ὁρῶσιν
3409 2568 3606 2633 αὐτοὺς
3633 2569 3776 2639 ὑπὲρ

2201 2673 2482 2744 κεφαλῆς,
2519 2671 2615 2725 καὶ
2662 2669 2742 2741 τῷ
2786 2667 2969 2739 ἀθρόῳ
3014 2667 3107 2719 καὶ
3146 2665 3405 2735 ἀσυνήθει
3454 2662 3555 2732 τῆς
3600 2661 3779 2731 ὅψεως

2200 2765 2680 2837 διαταραχθέντες,
2700 2762 2750 2816 οἱ
2772 2761 2871 2833 μὲν
2961 2759 3140 2813 ποδῶν
3165 2753 3312 2828 εἶχον
3333 2754 3497 2819 εὐθὺς
3523 2754 3785 2823 ἔφευγον,

2202 2856 2400 2909 ἐκεῖνοι
2430 2853 2487 2909 δέ
2513 2856 2613 2926 τὴν
2638 2852 2842 2907 δειλίαν
2871 2848 3051 2904 αὐτῶν
3077 2846 3458 2919 ἐμμελέστατα
3484 2842 3786 2912 ἀφαιροῦν-

2201 2966 2314 3017 τες,
2346 2949 2611 3020 προσηνεῖ
2641 2945 2716 3009 ὡς
2744 2939 2886 3015 εῐχον
2909 2944 2977 3014 τῇ
3010 2943 3160 3011 φωνῇ
3198 2939 3292 2992 καὶ
3326 2938 3537 3009 ἡμέρῳ,
3568 2936 3660 3007 Μὴ
3690 2952 3786 3005 φο-

2203 3040 2408 3107 ϐεῖσθε,
2434 3038 2675 3108 ἀδελφοὶ,
2694 3036 2904 3103 ἔλεγον,
2940 3033 3017 3104 μὴ
3047 3029 3646 3102 φοϐεῖσθε.”Ανθρωποι
3674 3026 3785 3097 γὰρ

2203 3133 2300 3187 καὶ
2331 3133 2488 3185 αὐτοὶ
2508 3141 2547 3197 ο,
2575 3131 2623 3184 εί
2652 3128 2748 3183 καὶ
2775 3127 2862 3181 διὰ
2893 3126 2993 3188 τὰς
3029 3122 3302 3196 ἁμαρτίας
3325 3120 3500 3192 ἡμῶν,
3528 3120 3619 3173 τδν
3640 3135 3784 3188 παρ-

520 3231 743 3291 propter
768 3231 986 3292 peccata
1031 3231 1219 3276 nostra
1249 3232 1575 3292 prmsentem
1627 3225 1807 3279 locum
1858 3226 2098 3282 habitare

2206 3224 2333 3279 όντα
2359 3224 2526 3277 τόπον
2570 3224 2740 3276 οἰκεῖν
2768 3218 3155 3291 προειλόμεθα.
3180 3217 3316 3271 Τότε
3343 3213 3476 3283 γοῦν
3504 3213 3554 3265 oi
3583 3228 3670 3265 ποι
3681 3211 3785 3281 μέ·
3810 3278 3813 3287 Ι

520 3314 924 3369 constituimus.
947 3312 1102 3368 Tunc
1131 3329 1260 3386 ergo
1283 3322 1527 3384 pastores
1553 3316 1668 3369 ausi
1700 3317 1767 3370 ad
1794 3332 1889 3372 eos
1910 3333 2107 3373 ascen-

521 3407 671 3471 dere,
698 3416 753 3461 et
785 3407 1013 3477 ingressi
1043 3405 1380 3476 speluncam,
1416 3424 1579 3478 quam
1616 3407 1716 3478 ipsi
1759 3408 2113 3475 incolebant,

522 3514 647 3555 cum
705 3499 842 3554 nihil
899 3501 1124 3555 omnino
1180 3501 1520 3556 invenissent
1571 3515 1760 3555 eorum
1806 3516 1927 3571 quae
1975 3509 2105 3557 sunt

525 3592 681 3646 utilia
709 3592 947 3662 corpori,
983 3592 1189 3648 reversi
1217 3602 1344 3648 sum
1374 3591 1529 3648 valde
1561 3592 1918 3655 admirantes.
1947 3593 2105 3648 suis-

522 3699 628 3755 que
650 3685 859 3756 singula
904 3692 1321 3739 enarraverunt.
1356 3682 1561 3739 Deinde
1586 3699 1696 3739 non
1727 3692 2012 3739 cessarunt
2037 3682 2106 3738 de

524 3785 719 3831 caetero
754 3776 945 3831 incolae
975 3774 1184 3831 Lazarii
1218 3776 1298 3831 eis
1318 3790 1439 3831 esse
1462 3791 1644 3830 rerum
1674 3775 2106 3832 necessariarum

526 3867 790 3935 ministri;
830 3868 911 3922 sic
944 3867 1056 3923 Deo
1097 3868 1201 3922 ista
1234 3866 1509 3938 sapienter
1557 3874 1615 3922 et
1663 3867 1965 3923 clementer
1992 3866 2105 3922 dis-

527 3966 812 4029 pensante,
848 3965 910 4010 ut
941 3966 994 4012 et
1022 3956 1123 4028 ipsi
1153 3972 1215 4012 ea
1264 3956 1530 4012 haberent
1552 3957 1755 4027 quibus
1780 3956 2104 4029 indigebant

528 4049 596 4105 ad
628 4064 789 4104 usum
818 4050 1081 4120 corporis,
1131 4059 1187 4104 et
1231 4048 1298 4105 iis
1327 4049 1419 4120 qni
1452 4065 1517 4105 ea
1562 4049 1957 4121 largiebantur,
1992 4064 2107 4104 rem

528 4141 687 4202 longe
740 4140 1173 4211 praestantiorem
1208 4142 1556 4211 praeberent,
1617 4141 1851 4195 salutem
1881 4139 2115 4193 animaz-

2206 3332 2296 3377 νες
2322 3314 2422 3385 τὴν
2447 3313 2523 3377 ὡς
2546 3312 2746 3375 αὐτοὺς
2774 3313 3157 3384 θαρρήσαντες
3191 3307 3401 3370 ἄνοδον,
3430 3303 3491 3357 τὸ
3516 3303 3787 3374 σπήλαιόν

2206 3424 2266 3460 τε
2299 3405 2630 3468 εἰσελθόντες
2660 3405 2794 3473 ὅπερ
2827 3402 3005 3474 ᾠκουν
3035 3401 3210 3466 αὐτοὶ,
3264 3399 3360 3453 καὶ
3420 3396 3590 3468 μηδὲν
3653 3393 3789 3465 μηδ-

2205 3498 2343 3562 όλως
2365 3497 2474 3551 τῶν
2504 3496 2792 3568 χρησίμων
2819 3493 2896 3565 τῷ
2924 3492 3138 3564 σώματι
3167 3491 3484 3563 εὑρηκότες,
3515 3488 3788 3558 ὑπέστρε-

2207 3589 2308 3659 φόν
2333 3605 2392 3642 τε
2432 3586 2639 3658 σφόδρα
2679 3583 3050 3656 θαυμάζοντες
3074 3622 3090 3649 ,
3125 3583 3219 3636 καὶ
3248 3583 3360 3645 τοῖς
3396 3580 3543 3642 ἰδίοις
3577 3578 3789 3632 ἕκαστα

2208 3681 2522 3749 διεσάφουν.
2558 3674 2693 3735 Εῑτα
2717 3679 2778 3732 τὸ
2810 3678 2940 3749 ἐξῆς
2961 3719 2976 3744 ,
3007 3677 3069 3730 οὐ
3115 3674 3356 3729 διέλιπον
3389 3673 3440 3725 οἱ
3468 3670 3562 3725 τοῦ
3599 3669 3789 3734 Λαζα-

2212 3774 2328 3847 ρίου
2387 3772 2625 3827 διάκονοι
2690 3770 2799 3826 τῶν
2847 3770 3165 3839 ἀναγκαίων
3236 3767 3422 3829 αὐτοῖς
3474 3763 3789 3833 ’γινόμενοι⁸

2210 3865 2352 3922 οὕτω
2379 3864 2473 3920 τοῦ
2506 3864 2642 3919 Θεοῦ
2669 3863 2841 3918 ταῦτα
2870 3861 3051 3933 σοφῶς
3082 3862 3175 3916 καὶ
3211 3856 3616 3930 φιλανθρώπως
3642 3855 3794 3907 οἰκο-

2211 3955 2525 4028 νομοῦντος,
2551 3955 2640 4011 ἵνα
2664 3954 2759 4010 καὶ
2788 3953 2946 4007 αὐτοὶ
2970 3945 3047 4005 ὧν
3073 3950 3285 4004 ἐδέοντο
3315 3949 3450 4020 πρὸς
3478 3946 3670 4016 χρείαν
3694 3944 3795 3997 τοῦ

2214 4048 2490 4120 σώματος,
2522 4047 2710 4118 ἔχωσι,
2759 4045 2855 4100 καὶ
2905 4045 3018 4108 τοῖς
3050 4042 3258 4095 τούτων
3311 4036 3680 4110 μεταδιδοῦσι,
3729 4035 3794 4089 τὸ

2214 4140 2395 4211 πολλῷ
2426 4140 2695 4213 κρεῖττον,
2728 4135 3006 4208 σωτηρίαν
3029 4133 3210 4205 ψυχῆς
3236 4122 3539 4203 παρέχωσι.

602 4250 742 4307 XIV.
783 4251 920 4307 Cum
943 4260 1126 4306 autem
1151 4251 1219 4306 de
1248 4251 1316 4306 iis
1348 4267 1567 4322 quoque
1593 4250 1937 4323 quaesiissent
1967 4249 2098 4303 Plia-

2286 4247 2381 4304 lA'.
2413 4249 2759 4319 Ζητὴσαντες
2787 4244 2846 4298 δέ
2876 4241 3006 4315 περὶ
3043 4238 3223 4297 αὐτῶν
3254 4239 3349 4292 καὶ
3383 4238 3433 4291 οί
3463 4236 3560 4323 τῆς
3586 4233 3794 4323 Φαρὸιν,

530 4345 749 4411 ranitae,
810 4353 869 4401 et
913 4344 1234 4399 didicissent
1275 4344 1369 4399 ubi
1410 4322 1742 4406 habitarent,
1794 4341 2011 4397 assidue
2041 4338 2098 4393 ad

2218 4341 2311 4393 καὶ
2345 4338 2607 4409 μαθόντες
2655 4336 2789 4389 ὅπου
2820 4332 3080 4401 διάγοιεν,
3135 4327 3374 4399 συνεχῶς
3425 4322 3558 4395 παρ’
3596 4322 3799 4385 αὐτοὺς

533 4452 631 4494 eos
654 4436 1021 4492 ventitabant.
1053 4434 1132 4489 Ac
1174 4436 1410 4505 primum
1443 4436 1662 4506 quidem
1695 4435 1804 4490 duo
1834 4449 1900 4489 ex
1930 4432 2098 4487 fratri-

2216 4430 2471 4499 ἐφοίτων.
2501 4427 2614 4483 Καὶ
2641 4426 2831 4498 πρῶτα
2865 4424 2965 4494 μὲν
2994 4421 3088 4475 δύο
3130 4420 3239 4473 τῶν
3289 4416 3535 4486 ἀδελφῶν
3589 4415 3799 4512 αὐτοῖς,

530 4529 638 4586 bus
667 4530 736 4585 ad
764 4545 858 4585 eos
884 4527 1135 4599 profecti,
1161 4528 1401 4584 Marinus
1430 4536 1486 4583 et
1518 4526 1713 4591 Lucas,
1744 4541 1854 4580 non
1881 4523 2098 4594 amplius

2216 4520 2460 4592 Μαρῖνός
2485 4534 2544 4571 τε
2576 4517 2669 4571 καὶ
2698 4516 2914 4578 Λουκᾶς
2938 4553 2954 4579 ,
2996 4508 3409 4584 προσελθόντες,
3428 4506 3802 4599 ,ὑποστροφῆς

534 4621 735 4677 reverti
780 4621 1102 4687 voluerunt;
1144 4620 1241 4676 sed
1274 4634 1326 4690 ,a
1373 4617 1557 4673 verbis
1608 4631 1798 4672 eorum
1828 4625 1885 4670 et
1911 4614 2098 4669 virtutt

2222 4587 2383 4667 πάλιν
2423 4610 2679 4681 οὐδεμιᾶς
2727 4605 3100 4679 ἐμνήσθησαν.
3144 4600 3287 4657 Ἀλλ’
3347 4598 3453 4653 ὐπδ
3481 4595 3802 4698 τῶνλόγων

535 4714 703 4785 capti,
739 4723 998 4784 tanquam
1043 4729 1075 4768 a
1117 4687 1442 4784 quibusdam
1487 4726 1597 4765 non
1631 4709 1916 4764 fallacibus
1959 4706 2098 4761 Sire-

2222 4703 2401 4759 αὐτῶν
2445 4703 2540 4757 καὶ
2573 4701 2676 4771 τῆς
2715 4698 2920 4770 ἀρετῆς
2939 4740 2954 4765 ,
2985 4695 3173 4765 ὥσπερ
3223 4692 3328 4745 ὑπό
3359 4708 3522 4745 τινων
3550 4687 3804 4788 ἀψευδῶν

537 4779 734 4872 nibus,
774 4822 834 4861 se
852 4779 1005 4877 ipsis
1051 4779 1276 4861 tradunt
1322 4804 1469 4860 velut
1500 4792 1754 4874 patribus
1800 4809 1857 4856 et
1904 4799 2098 4855 animai

2224 4796 2491 4869 σειρήνων
2529 4792 2773 4856 ἁλόντες,
2823 4789 2900 4853 ὡς
2934 4786 3211 4857 πατράσιν
3239 4784 3426 4845 αὐτοῖς
3466 4780 3560 4835 καὶ
3612 4779 3804 4877 ψυχῶν

538 4911 658 4950 rum
685 4896 1050 4951 curatoribus.
1080 4896 1229 4961 Quos
1256 4893 1468 4964 supinis
1495 4890 1745 4946 manibus
1768 4904 1998 4961 magnus
2020 4904 2098 4943 ex-

2223 4888 2586 4959 ἐπιμεληταῖς
2626 4882 2853 4946 ἐαυτοῦς
2907 4877 3311 4951 ἐγχειρίζουσιν
3331 4891 3347 4906 ο
3374 4871 3468 4937 οὒς
3491 4872 3587 4964 καὶ
3613 4870 3804 4964 χερσὶν

540 4988 752 5056 cipieus
801 4979 1149 5058 Euthymius,
1197 4987 1252 5040 in
1302 4962 1450 5040 omni
1491 4983 1674 5038 erudit
1700 4982 1953 5037 ascetica:
1989 4981 2098 5037 vita

2225 4984 2253 5036 ό
2277 4981 2453 5053 μέγας
2476 4976 2751 5049 Εὑθύμιος
2776 4971 2999 5035 ὑπτίαις
3026 4966 3449 5037 ὑποδεξάμενος,
3482 4962 3808 5058 πᾶσαν-ὲκ-

543 5054 857 5149 disciplina;
891 5054 1027 5134 adeo
1049 5078 1326 5148 praeclare,
1364 5084 1425 5130 ut
1452 5075 1619 5131 iidem
1653 5073 1964 5130 consecutis
1993 5086 2098 5143 pos

2228 5071 2473 5128 παιδεύει
2516 5068 2791 5124 πολιτείαν
2840 5063 3177 5134 ἁσκητικὴν·
3215 5059 3360 5115 οὕτω
3409 5056 3614 5123 καλῶς,
3662 5054 3807 5108 ὥστε

1799 5248 2032 5307 VARUE
2062 5245 2469 5305 LECTIONES.

609 5450 643 5471 π’
679 5440 751 5494 al.
787 5438 1034 5511 κρημνὸν
1067 5437 1163 5492 καὶ
1196 5435 1355 5510 βαθύ.
1427 5442 1457 5472 ³³
1493 5434 1739 5507 intelligc
1766 5433 1958 5503 ἁγίων.
2037 5442 2057 5461 ο
2085 5432 2157 5485 al.
2193 5431 2380 5501 ἡμεῖς.

1762 5614 1955 5673 JOAN.
1994 5611 2337 5671 BOLLANDI
2376 5609 2609 5667 NOTAE.

559 5847 577 5894 ι
625 5778 827 5895 (εοῗὶι)
858 5775 1121 5895 Momm;2
1141 5774 1297 5843 hujus
1321 5774 1531 5831 Lazarii
1582 5772 1852 5830 Palladius
1898 5773 1951 5829 in
1998 5768 2259 5840 Historia!
2293 5769 2553 5825 Lausiaea
2584 5783 2704 5837 cap.
2770 5764 2892 5820 105.
2926 5761 3226 5820 Lazariotaa
3257 5758 3447 5815 incola:
3468 5757 3587 5827 ejus
3611 5755 3811 5811 dicun‘

583 5855 645 5895 ttr
669 5860 718 5893 Ill
747 5861 803 5895 νει
832 5859 981 5895 num.
1126 5878 1143 5895 α

583 5855 645 5898 ur
669 5855 803 5896 lllll‘it
832 5859 981 5896 ηυιη.
1018 5855 1143 5897 15⁸2.
