4144 6406
337 291 458 356 609

1608 282 1803 345 ὛιΤΑ
1842 283 1911 343 5.·
1945 283 2357 346 EUTHYMII.

3528 285 3635 350 CiO

343 402 445 457 atat
474 398 694 470 χρόνοις
728 393 956 466 ὕστερον
983 393 1035 447 οἱ
1060 392 1217 448 αὐτοὶ
1241 392 1345 449 κάν
1384 394 1502 457 τοῖς
1536 392 1669 465 περὶ
1697 392 1799 464 τὴν
1826 392 1926 449 κώ.

2038 398 2468 469 temporibus,in
2483 400 2618 456 locis
2635 414 2758 471 quae
2775 407 2905 455 sunt
2921 400 3066 456 circa
3080 399 3260 456 vicum
3279 400 3490 472 Metopa
3516 406 3631 475 (22)

342 511 461 565 μην
523 487 773 545 Μετωπὰ
822 486 1127 558 διέλαμψαν
1164 487 1382 550 τόποις,
1450 486 1546 541 καὶ
1594 485 1938 558 μοναστήρια

341 583 776 654 συνεστήσαντο,
821 579 917 632 καὶ
974 577 1258 633 Θεοδόσιον
1282 579 1493 631 ἐκεῖνον
1523 578 1616 632 τὸν
1648 577 1843 648 μέγαν,
1878 577 1939 641 ὃς

337 678 453 731 τῶν
485 676 632 730 κατὰ
654 671 755 745 τὴν
788 672 998 743 ἔρημον
1033 671 1346 741 ἐξηγήσατο
1389 670 1695 736 κοινοὸίων,
1727 672 1807 734 είς
1841 687 1939 741 μο-

336 766 583 839 ναχικὴν
645 764 968 835 προήγαγον
1013 762 1355 832 τελειότητα.
1404 762 1692 840 Πανταχοῦ
1740 761 1796 814 δὲ
1836 763 1938 833 τῆς

336 860 603 930 τοιαύτης
647 856 926 927 Εὑθυμίου
973 855 1163 926 φήμης
1206 856 1266 909 ὲν
1310 855 1478 924 ὀλίγῳ
1525 854 1933 925 διαϐαινούσης,

336 951 532 1004 πολλοὶ
568 949 709 1019 πρὸς
739 934 909 1002 αὑτὸν
953 945 1141 1017 ὥσπερ
1193 947 1297 1000 ὑπό
1330 963 1480 1010 τινος
1526 946 1704 1017 ὀσμῆς
1757 946 1933 1017 μύρου

336 1041 701 1112 κεκινημένοι
750 1038 876 1092 καθ’
929 1039 1169 1111 ἑκάστην
1213 1040 1533 1112 συνέρρεον,
1587 1040 1684 1095 καὶ
1726 1039 1935 1093 τούτων

336 1134 570 1194 ἕκαστος
610 1130 764 1200 αὐτῷ
792 1132 1065 1183 συνοικεῖν
1100 1130 1295 1196 ἐδεῖτο,
1355 1132 1452 1185 καὶ
1497 1132 1590 1184 ὑπ’
1625 1129 1774 1201 αὐτῷ
1801 1131 1935 1184 καθ-

309 1224 574 1297 ,ηγεμόνι
620 1221 743 1294 ζῇν»
806 1222 902 1275 καὶ
956 1221 1321 1292 ῥυθμίξεσθαι
1367 1225 1466 1295 τὴν
1490 1224 1695 1296 ψυχὴν,
1727 1224 1824 1277 καὶ
1864 1224 1933 1279 τὰ

340 1312 700 1384 πνευματικὰ
733 1311 1186 1369 ἑκπαιδεύεσθαι.
1233 1313 1377 1367 Ἀλλ’
1427 1317 1637 1379 ἐκεῖνος
1669 1315 1930 1388 ἁκέραιόν

335 1424 395 1460 τε
419 1412 516 1461 καὶ
543 1408 789 1474 ἄκρατον
839 1404 902 1458 τὸ
944 1407 1044 1477 τῆς
1078 1408 1313 1478 ἡσυχίας
1347 1406 1494 1480 ἔχειν
1535 1409 1702 1464 καλὸν
1748 1409 1932 1480 βουλό-

342 1482 528 1569 μενος,
546 1501 728 1552 πᾶσαν
755 1496 836 1568 τῷ
864 1498 1151 1570 μακαρίτῃ
1172 1498 1481 1571 Θεοκτίστῳ
1496 1499 1596 1571 τὴν
1618 1500 1726 1555 τῶν
1758 1517 1930 1571 προσ-

352 1589 538 1641 ιόντων
590 1586 910 1657 ἐπιμέλειαν
978 1589 1249 1643 ἁνετίθει’
1295 1591 1393 1643 καὶ
1447 1590 1528 1657 ὃς,
1590 1590 1928 1664 παρακούειν

353 1680 564 1734 ἐκείνου
606 1681 869 1757 μηδέποτε
913 1682 1099 1750 γνοὺς,
1131 1684 1438 1754 ἀναιρεῖται
1470 1685 1568 1752 μὲν
1597 1684 1799 1740 αὐτίκα
1826 1685 1926 1756 τὴν

346 1769 587 1840 ἐντολὴν,
627 1772 803 1826 πάντα
843 1769 901 1826 δὲ
939 1774 1082 1826 κατὰ
1138 1772 1368 1845 γνώμην
1415 1773 1696 1846 Εύθυμίου
1746 1776 1925 1829 διατι·
1962 1760 2003 1813 Β

341 1860 460 1925 θεὶς
487 1858 573 1933 ἦν.

407 1995 513 2050 ιε’.
542 1996 774 2050 Ἔπειτα
808 1997 997 2068 μέντοι
1026 1999 1125 2054 καὶ
1172 1999 1302 2071 περὶ
1331 1998 1425 2052 τὸν
1468 1997 1563 2052 τοῦ
1592 1998 1762 2053 τόπου
1795 2017 1923 2054 συν-

328 2087 588 2157 οικισμὸν
650 2088 1022 2159 ἠσχολοῦντο,
1071 2089 1168 2143 καὶ
1225 2089 1603 2161 συστήσασθαι
1663 2093 1813 2163 παρὰ
1847 2093 1924 2163 τῷ

330 2178 593 2251 σπηλαίῳ
624 2180 834 2251 λαύραν
856 2175 1000 2234 κατὰ
1018 2180 1339 2249 τὺγτύπονρ
1356 2181 1543 2253 Φαρὰν
1570 2184 1922 2239 ἐσκέπτοντο.

341 2270 492 2325 Ἀλλ’
536 2273 570 2343 ἡ
617 2271 818 2327 ἐνοῦσα
845 2272 927 2344 τῷ
966 2274 1118 2345 τόπῳ
1149 2275 1452 2346 τραχύτης,
1497 2275 1595 2329 καὶ
1628 2276 1689 2328 τὸ
1723 2277 1922 2348 μικροῦ

328 2365 427 2418 καὶ
442 2364 646 2420 ἄδατον
673 2366 841 2420 αὐτὸν
868 2362 1033 2433 εἶναι,
1056 2369 1324 2437 συστῆσαι
1361 2369 1462 2438 μέν
1481 2385 1605 2422 τινα
1634 2370 1766 2439 περὶ
1793 2370 1925 2422 αὐτὸ

326 2456 542 2530 λαύραν
595 2459 698 2513 οὐκ
744 2458 863 2512 εία·
919 2460 1059 2532 πρὸς
1115 2461 1252 2533 αὐτῇ
1305 2461 1362 2515 δὲ
1412 2464 1479 2534 τῇ
1534 2462 1629 2515 τοῦ
1671 2461 1922 2533 κρημνοῦ

330 2550 663 2622 προσϐάσει,
703 2552 975 2606 κοινόὸιον
1002 2552 1352 2623 οἰκοδομοῦσι
1380 2556 1496 2618 τοῖς
1526 2554 1799 2624 ἀδελφοῖς,
1829 2556 1927 2609 καὶ

324 2640 393 2696 τὸ
422 2641 693 2714 σπήλαιον
726 2644 944 2707 ἑαυτοῖς
986 2646 1067 2708 είς
1110 2644 1440 2717 Ἐκκλησίαν
1471 2645 1922 2716 μετασκευάζου-

330 2749 419 2788 σιν
441 2742 506 2784 σι’
531 2728 576 2801 ᾧ
602 2737 697 2789 κει)⁸
730 2736 1116 2807 προσεδρεύων
1165 2738 1250 2808 ἐφ’
1275 2738 1509 2808 ἡσυχίας
1544 2740 1572 2792 ὁ
1603 2740 1780 2807 μέγας
1825 2740 1925 2792 Εὐ-

329 2827 549 2898 θύμιος,
576 2827 768 2899 ψυχῶν
817 2824 888 2901 ἦν
932 2829 1297 2902 ἐπιμελητὴς,
1346 2832 1441 2885 καὶ
1491 2825 1566 2886 ὧν
1591 2833 1801 2886 ἐκεῖναι
1834 2832 1923 2886 δέ-

328 2937 521 2991 χονται
543 2920 772 2991 πληγῶν
795 2922 901 2976 ὑπὸ
921 2923 1022 2994 τῆς
1053 2923 1276 2991 κακίας,
1303 2926 1401 2978 καὶ
1430 2924 1520 2993 ὑφ’
1551 2918 1626 2978 ὧν
1656 2925 1923 2990 πολλάκις

328 3014 666 3084 τραυμάτων
699 3014 887 3079 κακῶς
924 3016 1250 3087 πάσχουσιν,
1277 3017 1464 3089 ίατρδς
1496 3019 1917 3091 ἐμπειρότατος.

2042 490 2361 555 claruerint,
2391 503 2448 548 et
2500 497 2834 551 monasteria
2871 499 3302 565 construxerint,
3349 517 3634 574 magnum-

2041 600 2148 655 que
2170 586 2325 641 illum
2345 585 2715 645 Theodosium
2748 591 2884 662 (23),
2910 594 3004 663 qui
3038 593 3141 649 fuit
3164 596 3423 667 princeps
3446 607 3502 654 et
3533 619 3632 656 au-

2040 684 2162 729 ctor
2178 676 2555 733 coenobiorum
2573 680 2764 745 eremi,
2793 684 2861 736 ad
2889 686 3247 741 monasticam
3273 692 3631 759 perduxerint

2040 768 2461 838 perfectionem.
2532 771 2670 827 Cum
2726 783 2909 830 autem
2972 778 3091 833 haec
3146 781 3291 837 fama
3351 784 3627 857 Eutltymii

2039 861 2194 915 brevi
2232 870 2477 932 tempore
2518 864 2720 935 ubique
2755 870 3099 937 pervaderet,
3127 876 3282 929 multi
3328 879 3394 931 ad
3422 879 3625 948 ipsum,

2042 955 2298 1017 tanquam
2325 950 2394 1003 ab
2444 952 2626 1022 aliquo
2668 958 2929 1011 commoti
2964 965 3225 1031 unguenti
3265 967 3453 1032 odore,
3485 986 3625 1038 quo—

2041 1038 2172 1093 tidie
2209 1041 2591 1111 conﬂuebant;
2622 1054 2678 1100 et
2702 1049 2927 1118 rogabat
2968 1056 3346 1125 unusquisque
3386 1060 3625 1131 illorum,

2039 1139 2097 1183 ut
2125 1146 2250 1185 cum
2274 1132 2390 1202 ipso
2407 1134 2654 1192 habitare
2680 1139 2781 1194 sibi
2806 1140 3016 1207 liceret,
3040 1146 3143 1200 sub
3166 1162 3232 1201 eo
3259 1148 3398 1205 duce
3427 1153 3626 1223 vivere,

2035 1220 2217 1275 anima
2246 1224 2445 1295 eﬂingi,
2473 1227 2779 1296 spiritualia
2809 1233 3051 1289 edoceri.
3094 1236 3201 1292 Sed
3234 1239 3345 1306 ille,
3376 1220 3626 1301 obtinere

2035 1312 2264 1381 cupiens
2292 1315 2563 1387 integrum
2592 1335 2900 1392 purumque
2925 1326 3125 1393 quietis
3149 1328 3376 1395 bonum,
3407 1349 3627 1390 omnem

2033 1404 2442 1462 advenientium
2497 1425 2687 1466 curam
2744 1414 2904 1470 beato
2929 1420 3205 1475 commisit
3255 1423 3621 1482 Theoctisto:

2034 1495 2124 1551 hic
2170 1514 2325 1566 vero,
2357 1500 2451 1570 qui
2497 1502 2548 1556 ei
2592 1520 2878 1575 nunquam
2922 1512 3215 1567 recusabat
3247 1529 3462 1583 parere,
3496 1534 3625 1587 pro-

2032 1589 2183 1647 tinus
2226 1594 2452 1662 quidem
2507 1598 2825 1654 mandatum
2893 1602 3163 1673 suscipit;
3193 1622 3385 1663 verum
3427 1620 3624 1668 cuncta

2033 1681 2452 1740 administrabat
2477 1700 2541 1739 ex
2571 1689 2845 1743 sententia
2877 1690 3174 1764 Euthymii.

2099 1989 2217 2046 XV.
2259 1990 2465 2048 Deinde
2493 2005 2676 2051 autem
2706 1997 2760 2053 in
2787 2000 2908 2055 loco
2936 2017 3153 2074 quoque
3177 2007 3243 2061 ad
3264 2008 3623 2070 habitandum

2027 2087 2399 2141 construendo
2434 2091 2863 2159 occupabantur,
2904 2077 3289 2170 habebantque
3343 2103 3397 2158 in
3439 2106 3623 2164 animo

2026 2175 2096 2230 ad
2121 2176 2441 2247 speluncam
2473 2183 2813 2239 constituere
2852 2186 3085 2256 lauram,
3141 2193 3445 2250 secundum
3482 2196 3621 2270 [igu-

2027 2283 2144 2322 ram
2173 2268 2389 2325 Pharan
2419 2289 2433 2326 :
2470 2274 2568 2328 sed
2588 2289 2709 2344 quae
2757 2275 2876 2332 loco
2905 2278 3087 2335 inerat
3115 2285 3407 2352 asperitas,
3441 2268 3621 2357 quod-

2025 2374 2135 2428 que
2186 2370 2334 2417 esset
2399 2367 2796 2435 propemodum
2837 2369 3041 2437 invius,
3084 2388 3195 2428 non
3243 2377 3458 2434 sinebat
3512 2381 3623 2437 illic

2025 2451 2233 2508 lauram
2285 2456 2526 2513 condere
2553 2474 2567 2511 :
2596 2467 2651 2514 at
2681 2460 2736 2514 in
2768 2460 2888 2531 ipso
2914 2464 3205 2535 praecipitii
3247 2470 3397 2525 aditu
3437 2488 3623 2528 coeno-

2027 2542 2177 2598 bium
2244 2546 2520 2604 aediﬁcant
2568 2550 2833 2608 fratribus
2864 2594 2880 2619 ,
2937 2563 2993 2609 et
3039 2555 3142 2611 sibi
3197 2561 3516 2629 Speluncam
3562 2563 3620 2619 in

2026 2640 2314 2696 ecclesiam
2354 2654 2770 2701 transmutant:
2828 2649 2923 2704 ubi
2960 2650 3016 2704 in
3049 2653 3234 2722 quiete
3274 2672 3338 2710 ac
3397 2658 3619 2714 silentio

2025 2744 2255 2801 magnus
2288 2732 2540 2799 assidens
2576 2735 2926 2809 Euthymius,
2983 2750 3103 2797 erat
3138 2753 3362 2798 curator
3404 2747 3619 2801 anima-

2025 2838 2169 2889 rum,
2208 2839 2425 2880 necnon
2454 2827 2738 2900 plagarum
2769 2846 2906 2900 quas
2931 2832 3035 2888 illa:
3073 2850 3104 2888 a
3135 2834 3282 2890 vitiis
3314 2837 3615 2907 accipiunt,

2023 2916 2275 2986 aquibus
2310 2918 2632 2975 vulneribus
2663 2936 2807 2992 saepe
2831 2924 2974 2978 male
2992 2925 3323 2995 aﬂlciuntut‘,
3364 2930 3621 2986 medicus

2023 3008 2410 3078 peritissimus.
2463 3011 2718 3079 Quotidie
2751 3015 2898 3069 enim
2954 3017 3024 3072 ad
3055 3033 3181 3072 eum
3226 3021 3620 3077 accedentibus

332 3106 680 3177 Προσιόντων
716 3108 828 3181 γὰρ
855 3108 1008 3181 αὑτῷ
1047 3110 1172 3164 καθ’
1204 3110 1449 3185 ἑκάστην
1490 3110 1600 3165 τῶν
1645 3111 1916 3181 ἀδελφῶν,

2028 3099 2303 3169 fratribus,
2353 3120 2459 3160 nec
2505 3108 2827 3163 verentibus
2866 3109 2916 3164 ei
2962 3110 3178 3181 aperire
3234 3113 3614 3184 cogitationes,

327 3196 429 3252 καὶ
471 3200 614 3271 τοὺς.
653 3200 955 3274 λογισμοὺς
998 3203 1266 3274 οὐμενοῦν
1308 3202 1718 3258 ἀνακαλύπτειν
1773 3203 1922 3274 αὐτῷ

325 3291 829 3363 διευλαϐουμένων,
890 3294 952 3349 τὸ
996 3296 1336 3367 κατάλληλον
1389 3296 1609 3366 ἑκάστῳ
1647 3296 1786 3368 πρὸς
1822 3296 1923 3369 τὴν

325 3384 425 3439 τοῦ
446 3386 623 3441 κακοῦ
665 3386 967 3458 θεραπείαν
1007 3390 1181 3443 ἐδίδου
1229 3389 1548 3461 φάρμακον,
1574 3389 1610 3444 ἃ
1634 3389 1801 3462 πείρᾳ
1828 3391 1922 3445 καὶ

326 3477 547 3531 συνέσει
575 3480 676 3532 καὶ
697 3479 867 3551 πολλῇ
897 3480 1190 3553 διακρίσει,
1220 3484 1353 3553 παρ’
1370 3480 1550 3553 ἐαυτῷ
1569 3481 1918 3547 συνελέξατο’

323 3570 405 3633 ὡς
436 3556 641 3643 μικροῦ
695 3572 792 3626 καὶ
828 3573 916 3626 ἐπ’
945 3573 1096 3647 αύτῷ
1147 3574 1492 3646 πληροῦσθαι
1541 3573 1604 3628 τὸ
1647 3573 1742 3627 τοῦ
1771 3574 1920 3629 θείου

335 3662 634 3736 Ἱερεμίου,
684 3665 770 3719 ὅτι
812 3667 1198 3736 Δοκιμαστὴν
1226 3666 1464 3721 δέδωκὰ
1492 3679 1567 3719 σε
1596 3663 1705 3718 τοῦ
1759 3667 1918 3721 λαοῦ

324 3771 470 3822 μου,
514 3756 616 3811 καὶ
653 3756 866 3829 γνώσῃ
910 3759 981 3813 ἐν
1008 3759 1089 3825 τῷ
1135 3756 1475 3829 δοκιμάζειν
1505 3773 1581 3812 σε
1624 3753 1740 3824 τὴν
1777 3757 1924 3813 ὁδὸν

335 3861 558 3901 autem

415 3933 533 4002 ις’.
575 3937 786 4009 Ἀμέλει
841 3940 936 3992 καὶ
981 3940 1219 4011 παρῄνει
1283 3939 1569 4011 πατρικῶς
1629 3939 1916 4004 πολλάκις,

234 4058 255 4068 ι
342 4027 439 4081 καὶ
466 4032 613 4102 κοινῇ
646 4032 784 4103 πρὸς
814 4030 1013 4096 αὐτοὺς
1045 4032 1344 4102 διελέγετο,
1393 4033 1468 4096 ὼς
1515 4033 1624 4103 ἄρα
1679 4032 1760 4085 δεῖ
1791 4031 1920 4096 τοὺς

338 4116 811 4190 ἁποτασσομένους
841 4120 942 4193 βίῳ
971 4123 1067 4176 καὶ
1093 4124 1206 4184 τοῖς
1238 4120 1368 4191 περ)⁸
1400 4119 1493 4172 τὸν
1511 4118 1649 4190 βίον,
1669 4120 1919 4189 ὑπακοῆς

334 4212 611 4282 πανταχοῦ
644 4213 957 4286 φροντίζειν
1001 4214 1099 4268 καὶ
1127 4210 1654 4285 ταπεινοφροσύνης,
1702 4210 1918 4265 καὶτοῦ

329 4304 407 4375 μὴ
450 4304 533 4375 τῷ
571 4304 687 4376 ἰδίῳ
741 4308 976 4378 στοιχεῖν
1026 4304 1327 4377 θελήματι*
1362 4303 1704 4375 καταθύμιόν
1736 4321 1797 4357 τε
1827 4304 1917 4358 ἀεὶ⁵

326 4397 423 4450 τὸν
459 4397 696 4452 θάνατον
727 4399 871 4470 ἔχειν
896 4414 911 4432 ·
949 4397 1047 4453 καὶ
1080 4399 1182 4471 τὴν
1212 4398 1312 4467 μὲν
1345 4398 1567 4452 κόλασιν
1591 4397 1914 4463 δεδοικέναι,

2026 3192 2322 3264 unicuique
2348 3195 2514 3252 dabat
2552 3199 2888 3255 conveniens
2924 3202 3170 3257 sanando
3200 3204 3343 3257 malo
3373 3204 3616 3259 medica-

2024 3297 2272 3341 mentum
2297 3305 2312 3354 ;
2356 3304 2479 3359 quae
2504 3290 2727 3359 quidem
2750 3281 3117 3362 experientia,
3153 3294 3445 3364 prudentia
3472 3296 3615 3349 mul-

2024 3386 2190 3447 toque
2220 3378 2429 3449 judicio
2480 3382 2627 3451 apud
2680 3397 2740 3439 se
2784 3383 3121 3454 collegerat;
3155 3384 3291 3439 adeo
3321 3394 3382 3439 ut
3412 3385 3467 3439 in
3499 3383 3619 3455 ipso

2022 3473 2421 3541 propemodum
2454 3473 2780 3545 impleretur
2800 3477 2935 3531 illud
2964 3477 3134 3532 divini
3156 3476 3411 3533 Ieremia:
3441 3495 3454 3531 :
3480 3477 3618 3533 Pra-

2023 3562 2258 3619 batorcm
2303 3566 2425 3621 dedi
2462 3574 2513 3622 te
2540 3569 2720 3638 populi
2744 3569 2865 3634 mei,
2895 3577 2945 3623 et
2973 3569 3105 3622 scies
3153 3569 3206 3622 in
3242 3568 3513 3639 probando
3568 3578 3619 3623 te

2022 3657 2166 3712 viam
2205 3674 2388 3713 eorum
2424 3660 2465 3713 '.

2090 3918 2234 3975 XVI.
2268 3918 2424 3991 Saepe
2453 3920 2637 3992 itaque
2689 3922 2854 3977 etiam
2904 3923 3237 3981 admonebat
3267 3937 3516 3997 paterne,
3557 3937 3615 3984 et

2021 4014 2388 4070 communiter
2426 4014 2495 4069 ad
2552 4015 2676 4069 illos
2717 4017 3024 4073 orationem
3079 4019 3318 4075 habebat
3356 4060 3371 4084 ,
3422 4020 3615 4076 dicens

2021 4121 2274 4183 oportere
2317 4126 2414 4165 eos
2444 4112 2537 4181 qui
2585 4113 2712 4169 huic
2773 4113 2898 4169 vita:
2953 4116 3231 4186 rebusque
3280 4116 3465 4172 saeculi
3524 4131 3615 4173 rc-

2020 4202 2312 4268 nuntiant,
2355 4204 2560 4273 ubique
2597 4219 2784 4259 curam
2817 4221 3007 4277 gerere
3028 4206 3378 4268 obedientiae,
3401 4216 3458 4262 et
3504 4207 3615 4263 hu-

2019 4293 2287 4360 militatis,
2319 4309 2383 4349 ac
2411 4310 2482 4350 ne
2530 4298 2810 4366 propriam
2859 4306 3161 4366 sequantur
3223 4298 3556 4353 voluntatem
3595 4315 3611 4365 ;

2020 4384 2211 4439 adhere
2237 4384 2295 4438 in
2327 4384 2469 4439 votis
2505 4399 2724 4455 semper
2766 4386 2969 4441 habere
3009 4394 3242 4441 mortem
3269 4404 3283 4453 ;
3310 4394 3364 4440 et
3398 4386 3613 4455 suppli-

320 4489 427 4558 τῆς
458 4488 743 4558 βασιλείας
789 4490 847 4544 δὲ
876 4491 986 4547 τῶν
1027 4490 1277 4562 οὐρανῶν
1323 4490 1607 4558 ἐφίεσθαι·
1655 4492 1835 4545 πάντα
1857 4508 1916 4544 τε

2028 4473 2167 4528 cium
2198 4472 2419 4544 quidem
2463 4474 2923 4557 perhorrescere,
2937 4492 3167 4548 regnum
3206 4485 3389 4530 autem
3444 4476 3612 4530 coelo-

321 4582 418 4633 τὸν
465 4582 661 4652 χρόνον
689 4582 877 4647 πόνοις
921 4582 1116 4637 ἑαυτὸν
1149 4582 1439 4649 ἐκδιδόναι,
1466 4584 1560 4636 καὶ
1593 4582 1794 4653 χειρῶν
1822 4584 1917 4635 τέ-

323 4681 434 4739 χνῃ
470 4668 568 4723 καὶ
606 4669 843 4740 ἐργασία
864 4686 879 4701 θ
912 4673 1008 4726 καὶ
1041 4671 1279 4743 μάλιστά
1305 4688 1369 4740 γε
1413 4672 1464 4725 εἰ
1489 4671 1607 4734 νέος
1636 4672 1784 4724 ἐστὶν
1814 4664 1908 4725 οὗ·

320 4771 445 4820 τος,
479 4757 578 4812 καὶ
630 4762 737 4831 τὴν.
785 4764 967 4834 ὁρμὴν
995 4763 1102 4817 ὑπὸ
1132 4763 1235 4833 τῆς
1264 4763 1483 4832 ἡλικίας
1528 4763 1912 4833 κεκινημένος.

323 4846 464 4898 Τότε
496 4849 605 4920 γὰρ
633 4854 739 4925 χρὴ
771 4854 911 4924 πρὸς
936 4855 1006 4925 τῇ
1034 4852 1171 4925 ἄλλῃ
1199 4853 1331 4925 περὶ
1353 4854 1518 4911 αὑτὸν
1549 4854 1788 4927 φυλακῇ,
1813 4855 1910 4909 καὶ

324 4937 498 5010 πολλῇ
533 4943 594 4992 τὸ
631 4942 793 5014 σῶμα
823 4944 1172 5017 ταλαιπωρίᾳ
1203 4948 1559 5011 καταπονείν,
1590 4946 1667 5009 ὡς
1708 4948 1776 5001 ἂν
1821 4948 1914 5000 εὐ-

403 5098 423 5128 ³
456 5098 662 5157 Jerem.
686 5118 763 5171 Vl,
796 5101 888 5160 27.

2024 4594 2147 4635 rum
2190 4576 2545 4633 desiderare;
2605 4577 2768 4637 alQue
2811 4568 2962 4622 omni
3015 4577 3262 4638 tempore
3312 4582 3372 4621 se
3410 4567 3612 4622 dedere

2023 4669 2325 4733 laboribus,
2375 4677 2747 4732 manuumque
2775 4659 3007 4714 artiﬁcio
3039 4668 3097 4714 et
3118 4657 3424 4728 operatioui
3457 4675 3472 4724 ;
3526 4658 3613 4711 id-

2021 4778 2130 4835 que
2189 4759 2426 4816 maxime
2470 4757 2517 4812 si
2559 4755 2605 4810 is
2635 4763 2720 4809 est
2748 4752 2967 4823 juvenis
2999 4793 3014 4818 ,
3073 4752 3301 4821 ejusque
3351 4749 3612 4820 appetitio

2023 4871 2129 4912 seu
2152 4855 2392 4925 impetus
2442 4856 2723 4907 moveatur
2751 4846 2821 4900 ab
2849 4852 3032 4900 aetate.
3067 4842 3222 4897 Tunc
3246 4843 3394 4896 enim
3442 4858 3629 4939 opma;

2024 4955 2123 5017 tet,
2178 4954 2377 5018 praeter
2422 4943 2585 5000 aliam
2613 4941 2734 5011 eius
2763 4938 3090 5005 custodiam,
3141 4951 3342 5006 corpus
3392 4948 3610 5004 quoque
3623 4941 3629 4993 ς

1635 5195 1881 5265 νΑιυΑς,
1924 5194 2331 5252 LECTIONES.

358 5341 390 5383 P
411 5331 485 5388 al.
523 5333 713 5392 τόπον.
795 5345 826 5387 οι
852 5333 1465 5400 δικατασκευάζουσιν.

1537 5502 1732 5563 ΙΟΑΝο.
1782 5500 2129 5560 BOLLANDI
2161 5500 2401 5569 ΝΟΤΛΕ,

399 5658 518 5734 (22)
548 5660 795 5735 Ortelius
821 5662 1039 5730 conjicit
1065 5666 1210 5721 circa
1244 5665 1502 5721 Arabiam
1544 5665 1686 5722 forte
1715 5666 1916 5735 alicubi

325 5741 464 5802 esse,
487 5749 599 5807 quo
635 5734 845 5789 frustra
884 5735 1127 5808 conlugit
1163 5752 1289 5795 cum
1342 5736 1395 5793 in
1438 5752 1624 5796 eremo
1671 5739 1912 5796 civitatis

2026 5676 2233 5724 sancta:
2261 5666 2585 5733 manserint,
2609 5674 2665 5721 et
2691 5663 2986 5721 Jordanem
3028 5678 3136 5721 non
3160 5662 3499 5723 transierint.

2091 5738 2206 5812 (25)
2236 5738 2456 5810 Egimus
2482 5736 2552 5796 de
2576 5751 2643 5794 eo
2670 5737 2731 5792 ii
2764 5735 2989 5792 Januar.
