4144 6416
525 311 633 378 611

1737 314 2026 379 MENSIS
2062 311 2525 377 JANUARIUS.

3693 305 3800 372 612

525 425 720 481 multis
766 425 1028 481 aerumnis
1048 425 1308 497 affligere,
1331 435 1390 480 ut
1420 435 1611 498 pareat
1666 431 1885 496 rationi,
1917 439 1973 486 ct
1999 428 2108 484 fer—

2214 425 2396 489 πειθές
2422 441 2482 477 τε
2525 421 2609 493 εἴη
2649 421 2730 492 τῷ
2758 419 2922 492 λόγῳ,
2955 417 3052 476 καὶ
3084 417 3145 474 τὸ
3186 418 3438 491 πυρῶδες
3465 413 3815 492 ἀπομαραί-²

527 535 628 574 vor
682 519 969 576 ﬂaccescat
1003 519 1356 591 juventutis;
1407 530 1576 592 utque
1625 523 1778 580 Pauli
1813 527 2142 586 imitatores-

529 611 721 674 simus,
759 611 1029 680 simulque
1071 612 1382 667 divinarum
1423 614 1544 682 ejus
1586 615 1766 688 legum
1797 620 2114 691 adimpleto-

529 717 643 768 res,
710 717 819 755 nou
853 701 950 755 otii
975 702 1183 756 crimen
1230 702 1577 760 solummodo
1637 707 1871 764 vitantes
1919 712 2114 782 (siqui-

528 794 652 848 dem
675 809 745 847 ne
775 793 1036 849 alimento
1071 794 1292 864 quidem
1341 812 1466 852 eum
1509 798 1733 870 dignum
1759 801 1988 870 judicat,
2019 804 2113 876 qui

529 893 614 940 est
640 885 776 939 adeo
813 880 1004 952 hebes,
1029 887 1228 958 segnis,
1259 897 1314 942 et
1364 889 1667 960 negligens;
1699 890 1912 948 Otiosus
1941 895 2110 960 enim,

527 974 723 1044 inquit,
783 992 876 1029 nec
906 978 1236 1049 manducet),
1264 980 1362 1034 sed
1407 981 1573 1035 etiam
1596 983 1862 1040 habentes
1892 986 2112 1040 easdem

527 1081 653 1122 cum
689 1067 780 1122 illo
796 1083 1012 1124 manus.
1044 1070 1232 1124 Manus
1257 1072 1426 1136 enim,
1465 1073 1662 1142 inquit,
1693 1076 1808 1130 ista:
1839 1079 2113 1132 ministra-

528 1171 714 1215 ueruut
769 1162 921 1228 mihi,
981 1173 1031 1216 et
1070 1163 1150 1218 his
1189 1165 1280 1232 qui
1333 1181 1536 1220 mecum
1585 1177 1706 1220 sunt
1744 1169 1792 1221 ‘.
1841 1168 2111 1234 Quoniam

528 1249 821 1305 absurdum
855 1261 960 1318 est,
997 1264 1056 1307 ut
1096 1253 1349 1309 homines
1375 1255 1595 1325 quidem
1626 1259 1939 1322 saeculares,
1973 1277 2111 1316 uxo-

530 1356 668 1404 rem,
711 1343 932 1409 liberos,
989 1353 1266 1415 totamque
1315 1347 1570 1403 familiam
1636 1351 1821 1408 labore
1849 1370 2110 1410 manuum

527 1444 748 1484 suarum
775 1432 942 1499 alant,
979 1442 1035 1488 et
1067 1451 1310 1490 annuum
1334 1439 1402 1492 ab
1440 1439 1518 1493 cis
1549 1441 1788 1496 solvatur
1816 1445 2106 1512 tributum,

527 1523 826 1592 quinetiam
853 1542 882 1578 e
903 1525 1180 1581 laboribus
1210 1527 1320 1583 Deo
1357 1529 1590 1586 offerant
1618 1533 1903 1602 primitias,
1942 1546 2110 1608 atque

527 1631 627 1683 pro
653 1617 855 1671 viribus
879 1617 1228 1674 benefaciant
1253 1639 1266 1687 ;
1292 1637 1392 1676 nos
1427 1640 1554 1678 vero
1582 1625 1702 1681 aliis
1735 1627 1972 1683 fructum
2002 1645 2113 1684 ma-

525 1724 696 1762 nuuni
732 1718 1044 1764 nostrarum
1073 1728 1416 1785 nequaquam
1446 1719 1937 1783 communicemus.

599 1799 767 1855 XVII.
825 1801 921 1858 Illa
945 1820 1162 1874 quoque
1194 1823 1262 1860 cx
1287 1809 1407 1878 ejus
1440 1811 1730 1880 praeceptis
1769 1813 1930 1885 digna
1983 1825 2112 1872 sunt

528 1903 652 1962 quae
669 1894 996 1949 mandentur
1023 1898 1318 1952 memoriw.
1345 1899 1620 1956 Suadebat
1643 1903 1790 1958 enim
1817 1905 2110 1962 honestum

525 1985 782 2054 amplecti
813 1985 1088 2041 silentium
1121 1990 1176 2042 in
1207 1993 1410 2061 templo
1433 1992 1668 2060 Domini,
1701 2011 1842 2051 neve
1871 1997 1994 2067 quis
2027 1999 2110 2054 lo-

529 2084 788 2144 queretur
849 2077 904 2131 in
933 2081 1122 2148 synaxi
1156 2079 1408 2150 fratrum,
1451 2083 1582 2139 dum
1630 2102 1786 2141 sacra
1838 2104 2111 2160 peragun-

533 2178 622 2223 tur
647 2169 898 2240 mysteria
932 2187 947 2236 ;
983 2171 1076 2226 sed
1123 2188 1237 2228 nec.
1257 2173 1314 2228 in
1369 2177 1684 2244 rcfectorio,
1741 2179 2006 2237 fratribus
2041 2185 2112 2240 ad

529 2276 740 2316 caenam
771 2264 1012 2320 collectis
1041 2266 1278 2338 linguam
1309 2269 1492 2326 laxare
1527 2289 1541 2339 ;
1568 2290 1760 2330 verum
1789 2277 1843 2330 in
1868 2279 2113 2350 utrisque

527 2369 751 2410 manere
781 2355 836 2410 in
869 2357 1062 2412 eodem
1089 2360 1330 2416 silentio.
1368 2361 1640 2421 Praeterea
1687 2367 2010 2438 diaplicebat
2037 2371 2109 2436 ei,

527 2446 672 2516 quod
722 2446 952 2504 fratrum
982 2453 1254 2520 nonnulli,
1281 2457 1588 2524 prmsertim
1624 2458 1878 2528 juvenes,
1933 2463 2113 2534 majus

525 2538 792 2609 jejunium
851 2555 1013 2610 quam
1055 2557 1086 2596 a
1127 2543 1352 2615 reliquis
1401 2548 1789 2606 observaretur
1817 2550 1872 2606 in
1927 2568 2112 2610 mano-

527 2630 620 2684 bio
647 2628 826 2699 palam
873 2640 930 2686 et
979 2633 1198 2702 publice
1236 2639 1616 2707 ostenderent,
1651 2657 2112 2717 communemque

529 2722 808 2777 solverent
850 2722 1076 2779 fratrum
1108 2728 1372 2798 regulam,
1401 2747 1556 2786 suam
1605 2737 1886 2804 sequendo
1916 2739 2112 2794 volun-

531 2823 697 2870 tatem
729 2831 792 2870 ac
813 2815 1007 2888 legem.
1041 2817 1228 2890 Neque
1257 2822 1406 2877 enim
1443 2824 1532 2880 ille
1574 2827 1780 2882 bonum
1811 2831 1939 2886 tuba
1967 2833 2112 2901 cani,

529 2921 709 2975 neque
737 2915 988 2976 apertum
1018 2923 1140 2964 esse
1167 2920 1223 2964 et
1249 2912 1608 2985 divulgatum,
1638 2918 1732 2972 sed
1755 2934 1916 2988 quam
1945 2922 2116 2975 maxi-

530 3013 616 3051 me
654 2998 771 3052 lieri
803 3008 981 3068 potest
1007 3001 1177 3057 latere
1199 3003 1449 3060 volebat:
1483 3015 1647 3078 atque
1669 3009 1794 3065 ideo
1826 3027 1947 3066 eam
1975 3013 2116 3083 opti-

529 3107 674 3146 mam
725 3108 847 3147 esse
896 3094 1111 3150 dicebat
1141 3097 1564 3168 abstinentiam,
1619 3119 1742 3174 quae
1788 3107 2189 3184 praeveniretc

530 3181 858 3247 satietatem,
891 3191 947 3238 et
1000 3184 1368 3256 indigentibus
1389 3191 1571 3247 adhuc
1604 3195 1765 3249 nobis
1791 3197 2117 3267 reprimeret

531 3271 900 3324 alimentum:
957 3274 1124 3342 quod-
1151 3277 1368 3345 quidem
1404 3291 1490 3334 est
1540 3282 1679 3350 infra
1725 3289 2114 3344 necessitatem

531 3364 714 3418 cibum
739 3378 957 3419 sumere
995 3383 1008 3419 :
1039 3367 1177 3422 clam
1207 3386 1339 3425 vero
1366 3373 1624 3430 resistere
1654 3380 1836 3435 carnis
1867 3381 2127 3438 alfectio-'

533 3452 714 3518 nibus,
745 3469 809 3508 ac
837 3471 1028 3512 secure
1081 3461 1232 3516 omni
1258 3477 1326 3517 ex
1361 3474 1516 3534 parte
1551 3471 1947 3526 communitum
1993 3489 2114 3531 esse

533 3546 700 3600 armis
760 3551 1188 3620 monachorum;
1221 3570 1342 3624 qua:
1381 3567 1531 3625 sunt,
1573 3559 1872 3631 humilitas,
1927 3555 2117 3623 mode-

530 3638 697 3705 ratio,
751 3643 1054 3710 meditatio,
1101 3647 1378 3717 discretio,
1411 3653 1712 3708 secundum
1757 3655 1929 3713 Deum
1983 3661 2115 3716 obe-

531 3732 757 3800 dientia,
793 3745 850 3790 et
892 3753 1079 3793 revera
1107 3741 1202 3796 Dei
1236 3744 1498 3800 imitatrix
1549 3748 1742 3803 virtus.
1775 3749 1996 3807 Talibus
2018 3753 2116 3824 igi-

535 3831 622 3876 tur
662 3840 694 3878 a
742 3827 1067 3884 suavissima
1121 3831 1210 3887 illa
1270 3833 1454 3908 lingua
1515 3838 1861 3896 documentis
1915 3840 2114 3898 fratres

532 3915 776 3982 quotidie
807 3917 1155 3977 fruebantur.

604 4091 795 4146 XVIII.
844 4094 1014 4151 Nobis
1063 4108 1244 4154 autem
1267 4101 1378 4168 jam
1404 4105 1663 4179 deinceps
1713 4110 1906 4180 incipit
1939 4113 2114 4168 oratio

533 4195 762 4251 pergere
793 4183 858 4236 ad
882 4201 968 4238 res
995 4189 1203 4258 antiqui
1231 4191 1531 4253 Terebonis
1562 4216 1578 4266 ;
1616 4216 1752 4270 quas
1779 4205 1961 4257 cuncti
1991 4204 2114 4273 qui-

535 4269 658 4323 dem
687 4273 934 4329 seniorcs
960 4276 1178 4333 Patrum
1205 4283 1338 4338 mihi
1357 4289 1610 4344 concordi
1631 4269 1760 4346 voce
1782 4303 2110 4361 narrarunt;

534 4361 843 4414 accuratius
874 4377 1001 4417 vero
1026 4363 1396 4445 Terebonﬁi)
1427 4376 1911 4442 ille,veterisistius
1941 4383 2112 4440 Tere-

2140 1774 2184 1828 B
2282 1774 2383 1860 12;.
2413 1774 2658 1858 Κάκεῖνα
2703 1803 2761 1856 δὲ
2807 1774 2935 1870 ἄξια
2971 1805 3163 1876 μνήμῃ
3213 1803 3398 1860 δοῦναι
3431 1805 3541 1860 τῶν
3579 1789 3832 1876 ὲκείνουξ

2219 533 2378 586 νηται
2405 515 2504 585 τῆς
2535 512 2818 584 νεότητοςο
2869 511 2966 566 καὶ
3011 511 3100 565 ἵνα
3143 512 3383 582 μιμηταὶ
3434 511 3672 580 Παύλου,
3701 515 3800 569 καὶ

2217 609 2335 680 ἅμα
2381 607 2668 680 πληρωταὶ
2707 607 2815 660 τῶν
2847 605 3014 659 αὐτοῦ
3061 604 3223 660 θείων
3271 605 3453 676 νόμων
3489 605 3800 677 γινώμεθα,

2219 699 2294 768 μὴ
2324 698 2384 751 τὸ
2409 708 2432 736 τ
2456 698 2555 768 τῆς
2578 696 2778 769 ἀργίας
2809 695 2996 760 ἁπλῶς
3057 695 3312 767 ἔγκλημα
3333 699 3354 726 ⁸
3404 697 3801 766 διαφεύγοντες

2220 783 2276 862 (ᾖ
2313 805 2376 857 γε
2405 789 2523 843 οὐδὲ
2555 788 2762 861 τροφῆς
2791 787 2941 853 ἄξιον
2974 787 3154 860 κρίνει
3187 787 3280 842 τὸν
3329 786 3474 842 οὕτω
3521 790 3670 860 νωθῆ
3702 791 3823 842 καῖ’

2215 881 2393 952 ὴμελη
2405 882 2588 952 μένον.
2646 881 2711 934 '0
2733 880 2918 951 ἀργὸς
2939 884 3069 952 γὰρ.
3103 880 3258 950 φησὶι
3301 879 3459 949 μηδὲ
3481 881 3798 951 ἐσθιέτωγ.

2215 971 2352 1025 ἀλλὰ
2394 973 2488 1027 καὶ
2540 973 2642 1037 τὰς
2700 973 2872 1038 αὐτὰς
2898 973 3092 1044 ἐκείνῳ
3125 971 3400 1044 κτώμενοι
3456 977 3667 1046 χεῖρας.
3725 979 3801 1030 Al

2212 1062 2412 1134 χεῖρε-ς
2463 1063 2594 1136 γὰρ,
2623 1065 2814 1136 φησὶν,
2871 1060 3070 1132 αὗται,
3107 1067 3506 1135 ὑπηρέτησαν
3557 1069 3692 1138 ἐμοί
3739 1085 3806 1122 τε

2213 1159 2314 1212 καὶ
2357 1157 2482 1224 τοῖς
2517 1159 2646 1228 μετ’
2679 1157 2847 1228 ἐμοῦ.
2895 1159 3054 1212 Ἐπεὶ
3102 1158 3198 1212 καὶ
3243 1159 3355 1212 τῶν
3388 1159 3607 1214 ἀτόπων
3653 1149 3799 1221 ἐστὶ,
3838 1179 3849 1252 ἓ

2212 1251 2340 1313 τοὺς
2387 1250 2487 1318 μὲν
2534 1249 2824 1320 βιωτικοὺς
2868 1248 2979 1304 τῶν
3025 1249 3367 1322 ἀνθρώπων,
3412 1253 3649 1319 γυναῖκα
3701 1253 3804 1306 καὶ
3841 1248 3856 1264 λ

2213 1341 2408 1404 παῖδας
2437 1341 2532 1394 καὶ
2559 1341 2738 1395 οἰκίαν
2765 1342 2920 1411 ὃλην,
2958 1342 3024 1395 ὲκ
3069 1341 3164 1394 τοῦ
3218 1341 3326 1395 τῶν
3382 1341 3584 1414 χειρῶν
3629 1342 3800 1414 ἔργου
3837 1333 3846 1352 ⁸

2212 1433 2547 1502 διατρέφειν,
2575 1434 2670 1488 καὶ
2705 1434 2795 1487 τὸν
2819 1433 3068 1488 ἐπέτειον
3101 1435 3286 1498 αὐτοῖς
3335 1434 3653 1488 διαλύεσθαι
3697 1416 3828 1505 φύε-ξ

2217 1541 2331 1595 ρον,
2362 1524 2499 1579 ἀλλὰ
2529 1526 2626 1579 καὶ
2675 1525 3024 1597 ἀπάρχεσθαι
3053 1526 3133 1596 τῷ
3161 1526 3281 1596 Θεῷ
3306 1526 3414 1580 τῶν
3447 1525 3648 1592 πόνων,
3698 1505 3828 1582 καὶ.ς

2212 1616 2274 1670 εὖ
2306 1619 2480 1670 ποιεῖν
2514 1616 2656 1672 κατὰ
2684 1617 2945 1688 δύναμιν·
2989 1618 3140 1689 ἡμᾶς
3169 1619 3226 1671 δὲ
3260 1619 3336 1692 μὴ
3369 1619 3464 1672 καὶ
3491 1617 3674 1684 ἄλλοις
3699 1604 3800 1674 τοῦ

2212 1709 2321 1763 τῶν
2350 1710 2553 1781 χειρῶν
2583 1710 2742 1780 ὴμῶν
2772 1711 2988 1782 καρποῦ
3025 1713 3329 1766 κοινωνεῖν.

2211 1849 2714 1981 παξαῆξῖξλξέῷν.
2755 1849 3010 1968 Παρῄνεῗ
3031 1849 3163 1968 ’δτιὰῖ⁸
3177 1897 3278 1970 τὴν
3311 1896 3580 1968 εὔκοσμον
3608 1849 3852 1981 ἀσιτία-ε’

2211 1963 2635 2060 ζεσθαιῗσιωπῆν
2662 1992 2720 2042 ὲν
2745 1963 2859 2061 ναῶ
2887 1963 3125 2062 Κυρίου,
3162 1963 3258 2044 καλ⁸
3300 1991 3376 2062 μὴ
3405 1993 3423 2028 ί
3456 1963 3799 2060 φθέγγεσθαι

2215 2083 2422 2156 μηδένα
2455 2082 2606 2153 παρὰ
2653 2084 2718 2153 τῇ
2760 2082 2978 2147 συνάξει
3024 2081 3133 2136 τῶν
3177 2081 3448 2152 ἀδελφῶν,
3486 2083 3596 2137 τῶν
3631 2083 3798 2157 ίερῶν

2217 2177 2534 2247 μυστηρίων
2561 2175 2924 2244 τελουμένων·
2961 2175 3098 2246 μήτε
3125 2175 3232 2248 μὴν
3255 2177 3314 2229 ἐν
3347 2176 3656 2248 ἀριστηρίῳ
3683 2177 3797 2232 τῶν

2212 2267 2460 2338 ἀδελφῶν
2509 2270 2590 2332 εἰς
2641 2253 2858 2320 δεῖπῧον
2913 2267 3369 2337 συνειλεγμένων,
3419 2269 3688 2336 ἁφιέναιιι
3724 2271 3795 2339 τῇ

2212 2358 2462 2430 γλώττῃ·
2521 2357 2659 2412 ἀλλὰ
2713 2352 2898 2426 μένείν
2935 2357 3028 2409 ἐπὶ
3057 2356 3158 2425 τῆς
3211 2352 3382 2426 αὐτῆς
3448 2358 3680 2429 ἡσυχίας
3735 2361 3796 2411 ὲν

2213 2453 2571 2524 ἀμφοτέροις.
2590 2452 2729 2520 Ἀπῂ
2741 2467 2902 2522 ρεσκε
2936 2449 2995 2503 δὲ
3015 2449 3187 2520 αὐτῷ,
3220 2452 3314 2504 καὶ
3331 2450 3392 2502 τὸ
3417 2449 3526 2503 τῶν
3546 2450 3799 2519 ἀδελφῶν

2215 2544 2414 2610 ἐνίους,
2439 2543 2534 2595 καὶ
2555 2541 2789 2612 μάλιστα
2805 2541 2960 2602 νέους
2977 2537 3160 2606 ὖντας,
3183 2539 3400 2593 πλείονα
3419 2539 3522 2608 τῆς
3545 2538 3742 2609 λοιπῆς
3764 2547 3796 2580 ν

2216 2638 2274 2690 ὲν
2299 2635 2378 2706 τῷ
2413 2633 2666 2704 κοινοϐίῳ
2714 2633 2958 2704 φανερὰν
3012 2633 3106 2686 καὶ
3135 2631 3630 2702 δεδημοσιευμὲνην
3667 2632 3796 2684 ἐπι-

2214 2727 2525 2784 δείκνυσθαι
2553 2725 2832 2797 νηστείαν,
2854 2725 2948 2779 καὶ
2973 2724 3066 2778 τὸν
3087 2723 3266 2777 κοινὸν
3286 2721 3436 2776 λύειν
3462 2722 3666 2776 κανόνα
3684 2720 3801 2775 τῶν

2215 2820 2483 2890 ἀδελφῶν,
2520 2817 2636 2888 ἰδίῳ
2667 2816 2939 2888 θελήματι
2971 2817 3066 2869 καὶ
3095 2813 3246 2885 νόμῳ
3277 2809 3802 2884 στοιχοῦντας.ούδδ

2216 2915 2326 2984 γὰρ
2353 2910 2712 2976 σαλπίζεσθαι
2733 2909 2794 2963 τὸ
2824 2907 3028 2978 ἀγαθὸν
3049 2907 3281 2970 ἐκεῖνος,
3307 2903 3431 2958 οὐδὲ
3451 2904 3558 2974 μὴν
3575 2901 3800 2972 ἔκδηλον

2218 2999 2358 3058 εἶναι
2394 3005 2485 3056 καὶ
2515 2999 3024 3072 διακεκηρυγμένον
3043 3037 3059 3064 ,
3091 2995 3208 3049 ἀλλ’
3241 2996 3319 3058 ὡς
3361 2990 3474 3048 οἷόν
3505 3011 3567 3048 τε
3597 2992 3802 3048 λανθά-

2218 3115 2330 3150 νειν
2361 3095 2624 3166 ἠϐούλετο
2643 3113 2656 3128 ο
2689 3095 2784 3148 καὶ
2811 3093 2903 3146 διὰ
2933 3091 3094 3146 τοῦτο
3121 3089 3355 3162 ἀρίστην
3381 3087 3574 3168 ,ἔλεγεν
3598 3087 3803 3158 ἐγκρὰ-

2219 3209 2370 3247 τειαν
2405 3189 2568 3256 εἶναι,
2593 3187 2694 3260 τὴν
2721 3187 2814 3240 τὸν
2845 3187 3008 3255 κόρον
3037 3183 3371 3256 φθάνουσαν,
3399 3180 3494 3234 καὶ
3522 3179 3806 3248 δεομένοις

2219 3285 2351 3354 ἡμῖν
2381 3282 2481 3345 ἔτι,
2545 3283 2640 3336 καὶ
2688 3281 2788 3350 τὴν
2816 3277 3035 3351 τροφὴν,
3071 3275 3346 3330 ίστῶσαν·
3397 3275 3536 3344 ὅπερ
3581 3273 3699 3325 ἐστὶ
3741 3272 3803 3324 ἐδ

2221 3373 2574 3446 παραμικρὸν
2605 3371 2704 3440 τῆς
2739 3369 2952 3442 χρείας,
2981 3367 3191 3438 τροφῆς
3213 3365 3510 3428 κοινωνεῖν,
3555 3362 3802 3434 κρυφίως

2218 3469 2274 3522 δὲ
2300 3467 2436 3538 πρὸς
2468 3467 2535 3518 τὰ
2559 3466 2656 3534 τῆς
2683 3463 2886 3533 σαρκὸς
2917 3461 3176 3514 ἵστασθαι
3227 3459 3394 3529 πάθη.
3429 3457 3524 3511 καὶ
3547 3455 3804 3528 ἀσφαλῶς

2219 3558 2482 3613 πάντοθεν
2531 3553 2954 3625 συμπεφράχθαι
2983 3555 3097 3616 τοῖς
3144 3549 3330 3612 ὅπλοις
3374 3548 3481 3602 τῶν
3530 3545 3810 3617 μοναχῶ·.ο

3813 2145 3832 2179 ί

3811 2239 3828 2272 ἐ

2219 3652 2336 3705 ἐστι
2364 3650 2421 3704 δὲ
2447 3649 2642 3710 ταῦτα,
2669 3648 3019 3708 ταπείνωσις,
3052 3641 3396 3714 σωφροσύνη,
3435 3639 3658 3711 μελέτη,
3689 3638 3806 3691 διὰ-

2190 3745 2401 3814 ’κρισις
2424 3780 2439 3805 ,
2467 3741 2562 3795 καὶ
2587 3742 2621 3810 ή
2652 3739 2794 3793 κατὰ
2823 3737 2957 3791 Θεὸν
2988 3734 3325 3805 biremi},qu
3350 3731 3428 3802 τῷ
3458 3731 3574 3785 δντι
3619 3729 3811 3800 θεομξ-

2221 3851 2390 3906 μητος
2431 3833 2626 3906 ἀρετή.
2661 3829 2932 3898 Τοιαύτης
2981 3829 3078 3898 μὲν
3117 3822 3210 3880 οὖν
3249 3823 3398 3896 παρὰ
3439 3823 3539 3892 τῆς
3580 3821 3809 3893 ἡδίστης

2217 3925 2464 3998 γλώττης
2500 3924 2718 3996 ἐκείνης
2756 3923 2807 3977 oi
2843 3921 3067 3990 ἀδελφοὶ
3104 3919 3226 3974 καθ’
3251 3918 3493 3986 ἑκάστην
3529 3916 3810 3970 ἀπέλαυον

2217 4021 2316 4092 τῆς
2344 4020 2714 4083 διδασκαλίας.

2289 4112 2396 4170 111⁸.
2435 4115 2595 4185 Ἡμῖν
2655 4115 2712 4168 δὲ
2747 4117 2942 4186 χωρεῖν
2972 4115 3072 4186 ἤδη
3108 4111 3294 4168 λοιπὸν
3317 4113 3346 4164 ὁ
3376 4109 3534 4179 λόγος
3569 4105 3705 4177 πρὸς
3737 4104 3812 4158 τὰ

2216 4203 2310 4259 τοῦ
2348 4204 2579 4258 παλαιοῦ
2611 4205 2924 4278 Τερέϐωνος
2953 4205 3210 4276 ἄρχεταιε
3255 4202 3292 4256 ἃ.
3325 4201 3420 4256 καὶ
3466 4201 3668 4260 πάντες
3707 4197 3812 4267 μὲν

2216 4299 2268 4349 oi
2305 4296 2668 4368 πρεσϐύτεροι
2699 4297 2803 4350 τῶν
2835 4298 3095 4368 Πατέρων
3130 4295 3438 4387 συμφώνως
3483 4308 3573 4387 μοι
3611 4289 3812 4387 διηγή-

2224 4404 2416 4452 σαντο,
2446 4387 2842 4458 ἁκριὸέστερον
2873 4387 2930 4440 δὲ
2962 4387 3005 4439 Τ
3008 4387 3216 4456 ερέϐων
3245 4385 3485 4444 ἐκεῖνος,
3514 4381 3542 4432 ὁ
3569 4381 3663 4432 τοῦ
3699 4393 3809 4428 παι

535 4447 695 4504 bonis
720 4449 833 4552 ‘25:)
852 4470 1042 4525 nepos,
1075 4461 1166 4528 qui
1201 4465 1362 4520 tribui
1383 4469 1526 4537 apud
1549 4473 1850 4528 Saracenos
1879 4477 2112 4545 praefuit,

2223 4480 2375 4533 λαιοῦ
2401 4447 2594 4534 τούτου
2617 4447 2932 4552 Τερέ-σωνος
2962 4447 3208 4550 ἐκχονος,
3234 4477 3409 4548 φυλῆς
3431 4489 3489 4527 τε
3517 4471 3671 4542 παρὰ
3695 4471 3814 4529 τοῖς

533 4548 590 4593 et
645 4543 699 4594 in
763 4543 842 4598 eis
897 4549 1191 4627 maximum
1221 4559 1421 4612 nomen
1449 4561 1666 4630 reliquit
1690 4565 1759 4619 ad
1787 4565 2110 4625 claritatem.

534 4625 763 4699 Oportet
792 4646 977 4692 autem
993 4641 1063 4696 ab
1078 4625 1188 4698 alto
1211 4647 1377 4702 ordiri
1403 4625 1730 4722 principium
1757 4660 2111 4726 narrationis,

535 4731 596 4822 ut
620 4725 698 4779 sic
725 4731 1090 4800 perspiciatur
1117 4736 1332 4794 facilius
1369 4756 1550 4799 sermo
1577 4755 1784 4805 noster.
1813 4749 1943 4804 Erat
1965 4755 2110 4822 apud

536 4809 729 4872 Persas
767 4822 988 4890 quidam
1005 4824 1262 4896 _Graecus,
1291 4833 1512 4888 nomine
1535 4837 1837 4906 Aspehctus
1861 4809 2132 4916 (9.6),.qui'

607 4935 628 4966 ³
666 4934 712 4990 II
737 4937 930 4996 Thess.
970 4955 1056 5008 ut,
1092 4944 1159 5000 10
1188 4963 1204 5012 ;
1237 4947 1470 5018 Act.xx,
1499 4951 1589 5007 54.

2222 4573 2560 4645 Σαρακηνοῖς
2599 4574 2792 4646 ἄρξας,
2832 4577 2926 4630 καὶ
2967 4574 3224 4646 μέγιστον
3262 4571 3346 4636 είς
3385 4567 3710 4636 ἐπιφάνειαν
3749 4563 3812 4613 ὲν

2221 4665 2404 4730 αὐτοῖς
2443 4666 2730 4722 ἀπολιπὼν
2763 4667 2964 4740 δνομαυ
3001 4665 3110 4738 χρὴ
3147 4665 3205 4720 δὲ
3243 4662 3342 4734 τὴν
3378 4659 3558 4732 ἀρχὴν
3597 4652 3812 4711 ἄνωθεν

2221 4755 2423 4824 ύφᾶναι
2453 4757 2549 4812 τοῦ
2577 4759 2942 4832 διηγήματος,
2977 4757 3046 4812 ἶν’
3068 4755 3211 4810 οὕτω
3243 4751 3446 4825 μᾶλλον
3476 4746 3809 4804 εὐσύνοπτος

2221 4851 2249 4903 ὁ
2275 4848 2432 4920 λόγος
2460 4854 2594 4924 ἡμῖν
2629 4853 2877 4926 γένηται.
2897 4849 3006 4906 Ἦν
3033 4867 3117 4915 τις
3165 4847 3320 4920 παρὰ
3343 4847 3584 4918 Πέρσαις
3608 4841 3810 4910 Ἕλλην

1836 5053 2070 5112 νΑιιιΑῑ
2111 5055 2519 5116 LECTIONES.

609 5199 632 5228 ι’
657 5190 728 5246 al.
751 5191 852 5264 τῷ.
929 5196 951 5225 ³
977 5193 1052 5249 al.
1091 5196 1421 5270 ἐγκλήματι.
1497 5205 1517 5240 ι
1553 5204 1626 5260 al.
1659 5209 1819 5280 μηδέ.
1900 5219 1927 5248 ιι
1964 5209 2038 5266 al.
2069 5213 2304 5284 ἐφιέναι.
2381 5223 2410 5255 ν
2437 5213 2509 5269 al.
2539 5215 2652 5278 τοῖς
2677 5213 2904 5279 λοιποῖς.

1749 5361 1932 5421 ιοΑΝ.
1973 5365 2318 5426 BOLLANDI
2357 5367 2591 5426 NOTAE.

607 5509 721 5581 (ἓξ)
751 5509 922 5582 Hujus
962 5514 1218 5572 nativitas
1254 5515 1522 5573 indicatur
1549 5519 1689 5576 infra
1713 5537 1860 5578 num.
1897 5524 1990 5580 62.
2013 5523 2138 5582 Fuit

537 5580 872 5651 hegmueuu's
907 5584 1179 5639 inferioris
1231 5591 1544 5643 monasterii
1581 5588 1639 5644 S.
1670 5591 1996 5651 TheoctiSIi.

611 5650 724 5720 (25)
755 5651 956 5734 Ifrmter
992 5669 1054 5734 ea
1089 5670 1210 5725 quae
1235 5657 1300 5710 de
1337 5673 1403 5734 eo
1437 5660 1536 5734 h_oc
1577 5672 1756 5734 capite
1797 5650 2131 5734 referuntur,
2159 5725 2172 5734 ,

541 5717 734 5774 iterum
761 5722 829 5776 de
854 5737 918 5778 eo
944 5717 1124 5793 agitur
1152 5742 1305 5784 num.
1339 5727 1428 5794 62,
1461 5727 1528 5784 78
1557 5742 1610 5788 et
1645 5717 1737 5787 97.

2307 5529 2420 5604 (26)
2453 5529 2550 5604 Hic
2573 5545 2696 5604 mox
2721 5531 2772 5585 in
2802 5531 3125 5604 baptismate
3158 5531 3356 5589 Petrus
3403 5533 3723 5604 appellatus,
3753 5541 3806 5586 et

2232 5599 2427 5675 deinde
2457 5601 2770 5675 plenissime
2802 5599 3128 5658 Christiana?
3146 5605 3268 5658 fidei
3301 5599 3642 5675 dogmatibus
3673 5621 3802 5658 eru-

2234 5671 2688 5742 ditusepiscopus
2727 5673 3122 5729 Saracenorum
3152 5675 3328 5732 factus
3352 5671 3435 5734 e'st
3459 5693 3609 5733 num.
3636 5675 3726 5742 39,
3749 5681 3802 5727 et

2231 5741 2439 5812 synodo
2474 5741 2758 5812 Ephesium
2787 5743 3054 5815 interfuit,
3076 5762 3131 5802 n.
3167 5746 3256 5803 55.
3659 5769 3668 5778 ’
