4144 6424
379 295 508 362 613

1669 292 1852 355 ’VITA
1894 292 1956 355 S.
1993 292 2409 355 EUTHYMII.

3574 291 3684 355 εει

389 405 729 469 ’Λσπέϐετος
756 404 950 476 ὄνομα,
979 401 1313 475 Σαρακηνῶν
1341 401 1515 473 spurii};
1543 401 1728 472 ἄρχων
1752 417 1988 472 γεγενη-

2097 400 2271 457 factus
2304 402 2486 457 fuerat
2519 401 2776 474 princeps
2826 405 3001 460 tribus
3050 403 3473 459 Saracenorum.
3516 402 3684 457 Porro

386 501 574 573 μένος.
599 494 857 567 Διωγμοῦ
882 495 941 548 δὲ
967 494 1117 566 παρὰ
1138 493 1250 547 τῶν
1276 492 1466 564 μάγων
1490 491 1708 563 περὶτὰ
1729 492 1857 563 τέλη
1879 494 1978 563 τῆς

399 590 750 664 Ἶσδηγέρδου
777 603 802 631 ι
828 588 1127 660 ,βασιλείας
1166 586 1309 641 κατὰ
1347 585 1692 657 Χριστιανῶν
1728 585 1986 656 κινηθέν-

383 703 501 750 τος,
547 684 713 757 ἔργον
756 683 954 739 ἐκεῖνοι
1004 679 1225 750 θέμενοι
1276 678 1726 742 σπουδαιότατον,
1772 677 1985 740 πάντας

388 777 631 849 θηρᾶσαι
649 773 1029 844 Χριστιανοὺς,
1043 770 1169 834 τοὺς
1185 771 1215 824 ὑ
1227 769 1278 825 π’
1292 771 1492 834 αὐτοὺς
1510 769 1755 831 ἅπαντας
1775 767 1985 839 φυλάρ-

379 888 543 942 οχους,
576 868 716 922 ἀλλὰ
744 867 811 938 δὴ
839 867 935 920 καὶ
963 864 1128 921 αὐτὸν
1149 864 1503 930 Ἀσπῶετον,
1534 861 1787 935 ἀκριϐεῖς
1814 860 1986 930 φύλα-

387 982 496 1028 κας
536 961 819 1032 πανταχοῦ
862 962 985 1023 ταῖς
1029 958 1170 1021 ὁδοῖς
1213 957 1531 1027 ἐφιστᾶσιν,
1575 955 1661 1025 ἐφ’
1686 947 1730 1023 ᾧ
1776 954 1986 1026 μηδένα

387 1054 736 1127 Χριστιανῶν
788 1052 975 1106 λαθεῖν
1027 1051 1358 1121 δυνηθέντα,
1406 1051 1472 1120 τῇ
1503 1047 1791 1120 Ῥωμαίων
1838 1050 1982 1120 ἀρχῇ

390 1148 754 1218 προσφυγεῖν.
793 1145 854 1198 '0
901 1141 1033 1213 γοῦν
1075 1140 1402 1205 Ἀσπέϐετος
1457 1134 1648 1206 οὗτος,
1697 1140 1840 1211 ὁρῶν
1887 1141 1985 1211 τὴν

393 1235 597 1306 πολλὴν
627 1234 836 1305 ταύτην
867 1234 1011 1287 κατὰ
1047 1231 1392 1302 Χριστιανῶν
1411 1231 1598 1304 ’φορὰν
1630 1233 1723 1285 καὶ
1762 1231 1983 1302 μανίαν,

376 1312 489 1413 ζκαὶ
517 1322 700 1378 οἶκτον
728 1323 910 1379 αὐτῶν
938 1323 1234 1395 λαμϐάνων
1259 1323 1357 1393 τῆς
1386 1324 1702 1394 συμφορᾶς,
1730 1323 1793 1376 οὐ
1825 1322 1985 1394 μόνον

393 1417 494 1469 οὐκ
521 1418 788 1485 ἀπεῖργεν
812 1416 995 1478 αὐτοῖς
1016 1415 1116 1486 τὴν
1140 1415 1341 1485 φυγὴν,
1368 1414 1503 1468 ἀλλὰ
1534 1414 1629 1467 καὶ
1656 1417 1819 1486 χεῖρα
1847 1414 1985 1485 μᾶλ-

394 1508 488 1561 λον
532 1509 792 1576 παρεῖχεν
841 1504 1043 1568 ἱκανῶς
1094 1504 1605 1576 συλλαμϐάνουσαν.
1638 1505 1756 1576 Ἐφ’
1783 1501 1864 1569 οἷς
1909 1505 1987 1577 τῷ

410 1597 614 1667 βασιλεῖ
639 1597 944 1668 διαϐληθεὶς
964 1597 1296 1670 Ἰσδηγὲρδῃ,
1323 1598 1417 1651 καὶ
1441 1597 1539 1669 τὴν
1564 1597 1776 1651 ἐκείνου
1804 1597 1988 1661 δείσας

414 1688 693 1754 ἀπήνειαν,
719 1686 815 1756 τὴν
842 1676 1031 1738 οὐσίαν
1059 1686 1221 1749 εὐθὺς
1253 1675 1348 1739 icti.
1382 1687 1726 1754 συγγένειαν,
1761 1687 1858 1740 καὶ
1885 1687 1986 1739 Τε-

2092 500 2239 547 mota
2254 493 2367 565 (27)
2391 509 2487 563 per
2513 494 2696 567 Magos
2715 494 2826 569 (28)
2853 497 2997 552 circa
3013 496 3176 552 finem
3206 497 3350 568 regis
3378 494 3685 566 lsdegerdis

2092 588 2479 654 persecutione
2499 589 2763 645 adversus
2784 589 3231 657 Christianos,illi
3257 592 3523 647 ducentes
3548 603 3686 657 opus

2091 694 2214 735 esse
2253 693 2469 758 summo
2509 680 2694 734 studio
2716 686 3181 747 contendendum,
3219 693 3281 738 ut
3312 694 3541 739 cunctos
3591 699 3685 738 vc-

2091 778 2358 826 narentur
2405 770 2750 827 Christianos
2780 813 2796 837 ,
2847 790 3040 831 omnes
3103 778 3343 832 tribuum
3398 778 3687 847 priefectos

2092 860 2316 918 ditionis
2354 876 2489 925 suae,
2515 861 2805 932 ipsumque
2835 863 3002 918 etiam
3057 866 3412 936 Aspebetum,
3443 866 3499 919 in
3556 866 3686 919 dili-

2094 965 2287 1026 gentes
2334 954 2547 1009 viarum
2579 955 2837 1011 custodes
2890 957 3093 1027 ubique
3153 959 3514 1021 constituunt,
3576 975 3686 1029 quo

2093 1044 2279 1099 nullus
2309 1042 2655 1099 Christianus
2685 1056 2872 1116 posset
2923 1048 3229 1102 clanculum
3271 1048 3567 1121 confugere
3617 1050 3686 1105 ad

2093 1138 2386 1208 imperium
2412 1137 2812 1193 Romanorum.
2850 1140 2903 1194 Is
2930 1139 3116 1210 itaque
3138 1140 3467 1212 Aspcbetus,
3492 1143 3687 1197 videns

2093 1227 2371 1300 ingentem
2409 1228 2549 1284 hanc
2569 1227 2627 1283 in
2655 1226 3000 1286 Christianos
3035 1230 3414 1287 incursionem
3446 1242 3503 1287 ct
3534 1236 3685 1286 insa-

2092 1312 2263 1386 niam,
2298 1332 2503 1404 motus.
2535 1322 2908 1378 misericordia
2949 1339 3141 1379 eorum
3173 1326 3523 1390 calamitatis,
3572 1341 3681 1380 non

2093 1413 2258 1468 modo
2295 1429 2411 1468 non
2460 1415 2749 1484 prohibuit
2777 1415 2981 1486 fugam.
3011 1416 3109 1470 sed
3155 1425 3210 1470 et
3235 1431 3455 1470 manum
3501 1419 3685 1486 potius

2092 1506 2328 1576 praebuit
2348 1520 2460 1560 non
2493 1507 2844 1561 mediocriter
2870 1508 3218 1576 adiutricem.
3246 1507 3364 1575 Qua
3420 1509 3489 1563 de
3522 1524 3685 1563 causa

2093 1606 2383 1653 accusatus
2422 1599 2566 1668 apud
2599 1615 2781 1671 regem
2812 1599 3177 1671 lsdegerdem,
3201 1609 3251 1654 et
3285 1600 3430 1655 illius
3478 1602 3686 1657 veritus

2094 1688 2495 1756 crudelitatem,
2541 1691 2837 1760 assumptis
2872 1692 3121 1760 protinus
3150 1692 3264 1746 suis
3310 1691 3682 1759 facultatibus,

412 1778 619 1847 ρέϐωνα
651 1778 739 1831 τὸν
771 1779 937 1831 παῖδα
972 1777 1330 1849 παραλαϐὼν,
1361 1777 1663 1845 αὐτόμολος
1693 1778 1820 1849 ἦκει
1856 1777 1988 1831 Ῥω-

2097 1795 2218 1835 cum
2244 1780 2490 1850 cognatis
2509 1797 2573 1835 ac
2594 1781 2877 1837 Terebone
2906 1798 3098 1852 puero,
3120 1783 3187 1837 ad
3212 1782 3487 1838 Romanos
3508 1794 3683 1839 trans-

406 1870 606 1939 μαίοις.
632 1870 736 1935 Οὓς
759 1869 1054 1940 δεξάμενος
1069 1870 1379 1932 Ἀνατόλιος
1416 1863 1594 1941 (οὗτος
1615 1870 1723 1941 γὰρ
1747 1870 1867 1923 τότε
1891 1871 1993 1940 τῆς

413 1962 587 2034 Ἐῴας
612 1965 916 2035 στρατηγὸς
936 1971 963 2012 1
981 1960 1095 2035 ἦν),
1112 1964 1192 2028 εἰς
1215 1963 1318 2035 τὴν
1337 1962 1586 2032 Ἀράϐων
1598 1961 1990 2030 τεκατοικίζει,

400 2057 495 2112 καὶ
533 2056 632 2128 τὴν
674 2059 855 2111 ἐκεῖσε
884 2056 1178 2128 Ῥωμαίοις
1228 2056 1466 2126 ὑποτελῆ
1510 2055 1619 2110 τῶν
1661 2056 1994 2126 Σαρακηνῶν

399 2148 708 2220 φυλαρχίαν
742 2151 1041 2221 ἐγχειρίζει
1070 2149 1149 2219 τῷ
1173 2148 1515 2220 ’Λσπεϐέτῳ,
1549 2148 1813 2219 ἐχέγγυον
1845 2148 1995 2220 αὐτῷ

399 2240 570 2294 ποιῶν
598 2239 744 2295 οὕτω
762 2280 778 2306 ,
807 2242 904 2295 καὶ
936 2241 1090 2295 δόλου
1123 2240 1538 2310 καθαρεύουσαν
1568 2240 1666 2312 τὴν
1698 2240 1989 2312 ὑποδοχήν.

474 2330 576 2387 ΙΘ’.
611 2331 798 2396 Οὕτως
824 2327 916 2385 οὖν
934 2331 1227 2402 Ῥωμαίοις
1249 2330 1416 2384 αὑτοῦ
1446 2332 1992 2402 προκεχωρηκότος,

402 2424 672 2496 ἐτύγχανε
712 2424 810 2495 μὲν
843 2423 1097 2493 Τερέϐων
1131 2426 1159 2477 ὁ
1194 2426 1356 2489 παῖς,
1395 2423 1500 2486 ἕως
1543 2423 1626 2479 ἔτι
1670 2423 1870 2494 ἄνηϐος
1902 2418 1991 2495 ἦν,

405 2519 504 2571 καὶ
533 2516 694 2570 τοῦτο
727 2515 860 2568 αὐτὸ
894 2513 1095 2584 δηλαδὴ
1130 2516 1294 2578 παῖς,
1329 2513 1584 2585 δαιμονίᾳ
1619 2513 1850 2584 πληγεὶς
1889 2514 1997 2583 μά-

404 2626 581 2677 στιγι,
620 2608 790 2679 μέρος
824 2624 885 2660 τε
918 2607 1013 2660 τοῦ
1052 2606 1306 2678 σώματος
1341 2607 1400 2673 ἐξ
1435 2605 1695 2678 ἡμισείας
1729 2606 1789 2659 το
1822 2603 1996 2671 δεξιὸν

401 2701 539 2773 ἔχων
568 2701 758 2773 ξηρὸν,
790 2703 884 2754 καὶ
911 2702 1124 2772 νεκροῖς
1155 2702 1362 2770 ὅμοιον,
1391 2701 1487 2753 καὶ
1515 2699 1719 2770 ἥκιστα
1748 2701 1992 2771 ἐνεργόν.

399 2793 574 2848 Τοῦτο
612 2794 668 2846 δὲ
707 2792 881 2851 οὕτως
917 2786 1066 2863 εἶχεν
1101 2790 1250 2863 αὑτῴ
1294 2791 1404 2845 ἀπὸ
1443 2790 1688 2861 κεφαλῆς
1729 2791 1857 2862 ἄχρι
1899 2809 1996 2845 που

401 2887 533 2951 δῶν,
567 2886 708 2940 ὥστε
745 2884 963 2940 καὶτοῦ
1000 2885 1213 2957 πατρὸς
1239 2893 1262 2921 ²
1299 2883 1361 2938 τὸ
1394 2884 1530 2937 πολὺ
1564 2883 1664 2954 τῆς
1696 2883 1884 2947 οὐσίας
1918 2885 1998 2949 είς

406 2983 607 3054 ἰατρῶν
653 2980 1036 3044 ἀναλώσαντος
1082 2981 1294 3051 χεῖρας,
1340 2977 1495 3031 οὐδὲν
1536 2979 1563 3031 ὁ
1604 2976 1856 3046 Τερέϐων
1899 2976 1997 3047 τῆς

405 3076 629 3131 ἐκείνων
667 3074 926 3127 ἀπώνατο
969 3072 1190 3143 τέχνης.
1220 3070 1376 3123 Ἐπεὶ
1400 3069 1457 3122 δὲ
1495 3071 1574 3133 είς
1599 3068 1697 3141 τὴν
1750 3067 1997 3139 Ἀράϐων

403 3165 759 3238 μετῴκησαν,
798 3166 901 3236 ὁρᾷ
932 3182 985 3218 τι
1024 3164 1158 3234 ὄναρ
1196 3164 1224 3216 ὁ
1250 3165 1401 3229 παῖς,
1440 3165 1534 3216 καὶ
1571 3162 1709 3232 πρὸς
1742 3162 1841 3233 τὴν
1876 3160 1997 3230 ὄψιν

400 3256 761 3323 διυπνισθεὶς,
796 3255 875 3328 τῷ
892 3255 1059 3328 πατρὶ
1090 3254 1297 3325 ταύτην
1331 3255 1621 3325 διηγεῖται.
1660 3255 1770 3308 Καὶ
1800 3254 1860 3317 ὃς
1895 3256 1998 3309 αὺ-

400 3350 533 3404 τίκα
563 3350 712 3422 μάλα
731 3350 824 3402 τὸν
848 3347 1033 3412 παῖδα,
1059 3346 1152 3401 καὶ
1182 3347 1409 3410 πολλοὺς
1433 3347 1543 3402 τῶν
1567 3346 1660 3401 ὑπ’
1678 3347 1830 3416 αὐτῷ
1858 3347 2003 3419 Βαρ-

403 3442 614 3513 βάρων,
657 3438 1015 3513 παραλαϐὼν,
1058 3438 1210 3510 παρὰ
1249 3438 1308 3492 τὸ
1350 3438 1631 3508 Εὑθυμίου
1666 3439 1858 3492 τούτου
1902 3438 1999 3493 καὶ

400 3535 734 3589 Θεοκτίστου
772 3534 1039 3606 σπήλαιον
1071 3534 1407 3603 ἀφικνεῖται.
1440 3533 1723 3605 Τῇδειγὰρ
1755 3533 1931 3587 ἐλθεῖν
1961 3534 1993 3604 ἠ

403 3629 641 3697 φανεῖσα
675 3626 799 3695 ὄψις
836 3626 1175 3697 ἐπέσκηπτε.
1207 3625 1347 3683 Τοὺς
1385 3625 1486 3694 μὲν
1516 3621 1609 3678 οὖν
1640 3625 1904 3695 ἀδελφοὺς
1938 3625 1999 3677 τὸ

405 3719 611 3790 πλῆθος
643 3718 878 3785 ἰδόντας,
904 3717 1116 3786 ἀγωνία
1140 3733 1202 3768 τε
1234 3715 1451 3787 εἰλήφει
1480 3716 1575 3769 καὶ
1601 3716 1742 3780 δέος,
1774 3717 1868 3769 καὶ
1897 3716 1998 3769 οὐκ

409 3806 554 3883 εἶχον
581 3812 610 3866 ὃ
637 3829 691 3865 τι
732 3812 829 3865 καὶ
867 3811 1133 3879 γένωνται
1156 3821 1206 3863 ει.
1261 3807 1399 3861 Ἀλλ’
1432 3810 1459 3861 ὁ
1503 3808 1817 3878 μακαρίτης
1864 3808 1995 3861 Θεό-

417 3916 631 3963 κτιστος
659 3902 759 3971 τὴν
790 3900 1004 3968 ,δειλίαν
1036 3900 1251 3969 ἐκείνην
1280 3897 1530 3951 ἐκϐαλὼν
1563 3898 1742 3951 αὐτῶν
1771 3898 1872 3968 τῆς
1893 3898 1997 3969 ψυ-

419 3994 546 4063 χῆς,
578 3993 785 4047 κάτεισι
817 3992 1166 4066 θαρρούντως
1200 3991 1336 4064 πρὸς
1366 3992 1493 4055 τοὺς
1525 3991 1871 4062 Βαρϐἀρους,
1906 3993 2000 4045 καὶ

411 4086 511 4155 τὴν
533 4087 720 4158 χρείαν
746 4088 867 4157 ἥτις
890 4086 917 4125 ι)
943 4086 1141 4150 αὐτοὺς
1168 4087 1367 4153 ἀγάγοι
1395 4084 1799 4141 διεπυνθάνετο.
1826 4087 1889 4139 Oi
1918 4085 1994 4154 δὲ,

407 4176 565 4229 Κατὰ
595 4176 754 4242 θέαν,
792 4172 980 4241 εἷπον,
1012 4176 1221 4246 ἥκομεν
1254 4174 1723 4245 Εὑθυμίου.Καὶὸ
1754 4176 1994 4246 μακαρί-

402 4283 502 4335 της
558 4267 909 4332 Θεόκτιστος,
952 4264 1096 4320 Ἀλλ’
1118 4266 1348 4328 ἐκεῖνος,
1373 4265 1558 4334 ιξησίν,
1590 4263 1993 4333 ἡσυκάξεενῧνν

402 4360 502 4411 καὶ
532 4360 635 4414 οὐκ
665 4362 731 4414 ἂν
755 4350 880 4413 οὕτε
912 4360 989 4421 εἰς
1010 4358 1136 4412 θέαν
1164 4354 1308 4408 ἔλθοι
1344 4356 1508 4426 μέχρι
1540 4355 1637 4408 καὶ
1662 4354 1756 4408 τοῦ
1785 4356 1997 4410 Σαϐϐά-

2094 1872 2224 1945 fuga
2256 1875 2427 1930 venit.
2459 1874 2609 1942 Quos
2629 1877 2913 1948 excipiens
2964 1876 3254 1931 Anatolius
3288 1876 3399 1949 (29)
3439 1878 3507 1949 (is
3536 1879 3682 1932 enim

2097 1975 2229 2021 tunc
2268 1976 2387 2022 erat
2428 1968 2719 2038 praefectus
2766 1969 3032 2039 Orientis)
3068 1969 3303 2024 collocat
3342 1970 3396 2023 in
3444 1969 3683 2035 Arabia;

2096 2067 2152 2113 et
2179 2057 2581 2114 Saracenorum
2632 2059 3036 2129 prafecturam,
3091 2075 3213 2129 quae
3260 2059 3372 2115 illic
3424 2059 3689 2115 Romanis

2096 2152 2341 2218 suberat,
2368 2152 2532 2207 tradit
2557 2152 2838 2222 'Aspcbeto
2867 2170 2882 2219 ;
2926 2153 3005 2207 sic
3038 2154 3307 2209 exhibens
3327 2153 3406 2207 illi
3438 2168 3688 2208 securam

2096 2245 2386 2313 onmisque
2422 2244 2530 2298 doli
2551 2253 2830 2313 expertem
2863 2245 3292 2314 susceptionem.

2169 2334 2311 2390 XIX.
2336 2333 2475 2390 Cum
2526 2336 2573 2390 is
2603 2351 2732 2407 ergo
2768 2335 2848 2391 sic
2905 2337 2973 2392 ad
3007 2335 3287 2392 Romanos
3341 2346 3688 2401 accessrsset,

2096 2442 2233 2498 puer
2283 2426 2503 2497 quidem
2545 2425 2780 2492 Terebo,
2816 2427 2946 2481 dum
3004 2437 3151 2482 esset
3186 2428 3370 2483 adhuc
3414 2428 3689 2497 impubes,

2096 2528 2259 2589 atque
2315 2520 2454 2574 adeo
2476 2533 2603 2573 vere
2634 2534 2799 2594 puer,
2826 2533 3121 2590 percussus
3143 2528 3264 2574 erat
3314 2518 3526 2591 ﬂagello
3574 2520 3689 2574 dae-

2096 2611 2298 2677 monis,
2348 2618 2409 2665 ut
2443 2610 2536 2680 qui
2569 2618 2779 2681 partem
2825 2612 3073 2682 corporis
3104 2628 3174 2667 ex
3230 2612 3460 2668 dimidio
3499 2614 3691 2668 dexte-

2097 2717 2214 2757 ram
2263 2703 2493 2758 haberet
2516 2704 2740 2765 siccam,
2764 2703 3103 2774 mortuisque
3133 2705 3388 2770 similem,
3435 2722 3499 2761 ac
3536 2705 3691 2776 operi

2099 2793 2326 2847 minime
2374 2794 2648 2858 idoneam,
2679 2792 2796 2848 Hoc
2848 2802 3032 2849 autem
3051 2795 3102 2849 ei
3141 2794 3215 2849 ita
3274 2811 3334 2851 se
3366 2796 3604 2851 habebat
3658 2812 3690 2851 a

2099 2883 2276 2953 capite
2303 2898 2475 2951 usque
2502 2884 2567 2937 ad
2604 2882 2772 2953 pedes
2801 2900 2816 2950 ;
2855 2883 2992 2937 adeo
3018 2892 3073 2938 ut
3119 2882 3248 2938 licet
3275 2893 3428 2954 pater
3454 2885 3687 2939 multum

2100 2974 2418 3028 facultatum
2477 2976 2909 3045 consumpsisset
2954 2976 3009 3029 in
3066 2976 3401 3032 medicorum
3445 2993 3641 3034 manus
3674 3013 3690 3036 ο

2101 3066 2312 3119 nullum
2370 3063 2623 3121 Terehon
2680 3081 2749 3121 ex
2777 3074 2894 3121 arte
2943 3067 3158 3122 illorum
3209 3070 3483 3140 acceperit
3530 3070 3690 3139 adju—

2098 3169 2367 3215 mentum.
2422 3161 2719 3231 Postquam
2770 3177 2909 3217 vero
2963 3162 3269 3234 migrarunt
3315 3165 3370 3218 in
3410 3164 3687 3232 Arabiam,

2095 3254 2246 3309 videt
2272 3269 2412 3324 puer
2428 3254 2484 3309 in
2519 3255 2729 3310 somnis
2758 3256 2985 3326 aliquid,
3017 3265 3073 3311 et
3099 3257 3164 3311 ad
3193 3256 3462 3312 visionem
3493 3272 3690 3328 exper-

2096 3342 2362 3416 gefactus,
2385 3360 2507 3400 eam
2554 3345 2693 3415 patri
2717 3356 2938 3411 narrat;
2976 3346 3233 3417 qui‘citra
3262 3347 3427 3401 ullam
3474 3363 3688 3402 moram

2096 3449 2385 3490 assumens
2434 3446 2667 3506 puerum
2704 3437 3018 3507 multosque
3047 3453 3115 3492 ex
3154 3439 3204 3492 ei
3252 3439 3520 3508 subjectis
3555 3438 3688 3493 Bar-

2097 3526 2268 3593 baris,
2300 3530 2481 3600 pergit
2509 3530 2580 3585 ad
2607 3530 2882 3601 Euthymii
2910 3530 3075 3600 hujus
3113 3540 3169 3586 et
3212 3531 3510 3586 Tlieoctisti
3568 3546 3693 3602 spe-

2101 3622 2343 3677 luncam.
2401 3625 2481 3679 Eo
2539 3624 2685 3679 enim
2742 3634 2803 3705 ut
2857 3625 3106 3688 veniret,
3160 3624 3516 3693 praecipiebat
3568 3640 3691 3694 qua:

2098 3725 2427 3787 apparuerat
2481 3716 2639 3772 visio.
2684 3716 2862 3786 Atque
2912 3718 3108 3770 fratres
3147 3717 3369 3785 quidem
3403 3757 3418 3781 ,
3480 3724 3687 3771 tantam

2098 3808 2511 3862 multitudinem
2554 3808 2822 3872 videntes,
2880 3808 3083 3863 invasit
3108 3808 3356 3863 anxietas
3384 3819 3439 3864 et
3488 3818 3688 3877 metus,

2098 3915 2203 3955 nec
2247 3909 2593 3970 compertum
2644 3901 2938 3967 habebant,
2988 3901 3252 3971 quidnam
3286 3916 3345 3956 se
3391 3901 3568 3957 fieret.
3616 3902 3690 3957 At

2100 3993 2294 4048 beatus
2318 3991 2689 4057 Theoctistus,
2729 3994 2908 4061 eiecto
2934 3998 3227 4049 cx‘corum
3264 3995 3465 4049 animis
3490 3996 3690 4051 timore

2100 4086 2213 4152 illo,
2237 4087 2521 4141 descendit
2540 4087 2769 4141 fidenter
2788 4087 2853 4141 ad
2878 4087 3165 4153 Barbaros,
3193 4098 3247 4143 ct
3270 4100 3421 4161 rogat
3439 4105 3690 4160 qutenam

2100 4177 2400 4233 necessitas
2428 4193 2525 4232 eos
2555 4177 2889 4232 adduxisset.
2918 4179 3341 4247 iteSponderunt
3369 4179 3444 4233 illi
3475 4199 3487 4233 :
3522 4178 3691 4234 Veni-

2102 4283 2225 4322 mus
2253 4268 2323 4322 ad
2364 4268 2657 4322 videndum
2689 4268 3059 4339 Euthymium.
3083 4266 3224 4322 Tum
3278 4269 3473 4323 beatus
3506 4268 3689 4324 Theo-

2099 4359 2294 4412 ctistus
2323 4356 2435 4429 (30)
2462 4360 2565 4411 :At
2596 4358 2705 4421 ille,
2738 4358 2938 4428 inquit,
2968 4374 3117 4413 nunc
3148 4359 3203 4413 in
3239 4374 3491 4414 secessus
3506 4361 3691 4429 quiete

398 4470 498 4505 του
532 4454 667 4522 τινἰ,
696 4453 821 4508 οὔτε
858 4452 966 4524 μὴν
985 4451 1125 4515 ὅλως
1156 4450 1236 4513 είς
1270 4447 1505 4520 ὁμιλίαν.
1537 4447 1671 4501 Τότε
1703 4447 1993 4520 λαϐόμενος

2109 4450 2281 4521 degit,
2315 4465 2499 4520 neque
2538 4450 2769 4505 omnino
2795 4467 2969 4520 usque
3001 4450 3069 4505 ad
3095 4451 3393 4508 Sabbatum
3426 4452 3480 4506 in
3506 4452 3690 4524 cujus-

1706 4567 1940 4624 VARIIE
1979 4566 2386 4624 LECTlONES.
2447 4578 2450 4582 λ

478 4693 508 4720 ι
544 4684 617 4739 al.
656 4684 1005 4756 Ἰσδιγὲρδου.

1110 4694 1140 4735 γ
1170 4683 1242 4740 al.
1278 4681 1629 4755 στρατηγῶν.
1705 4689 1729 4716 ι
1766 4679 1837 4738 al.
1871 4681 1993 4737 add.

2099 4681 2215 4736 τοῦ.
2290 4693 2318 4723 α
2342 4682 2412 4738 al.
2442 4683 2705 4751 γένοιντο.
2777 4682 2805 4722 ι)
2835 4683 2906 4737 al.
2937 4683 2991 4736 εί
3017 4700 3119 4748 τις.

1601 4796 1795 4854 JOAN.
1844 4797 2189 4856 BOLLANDI
2226 4798 2462 4855 NOTAE.

477 4892 593 4963 (27)
618 4891 962 4949 Marcellinus
983 4892 1035 4947 in
1050 4892 1347 4957 Chronico,
1368 4891 1678 4948 Theodosio
1697 4890 1767 4946 IX
1786 4902 1842 4946 et
1860 4893 2003 4948 Con-

403 4964 609 5018 stantio
627 4963 695 5018 ιιι
717 4979 862 5020 coss.
894 4984 913 5015 ι
933 4963 991 5017 in
1007 4963 1233 5018 Perside
1248 4973 1439 5019 contra
1461 4963 1803 5018 Chrisﬁanos
1818 4979 2002 5032 perse-

406 5034 562 5090 cutio
609 5035 851 5089 desaevit.
891 5052 910 5085 ι
940 5033 989 5088 ls
1019 5045 1139 5089 erat
1174 5049 1265 5088 an.
1312 5034 1413 5088 Ch.
1454 5033 1582 5090 420.
1623 5033 1667 5085 Τ
1673 5035 1999 5086 Ιιεοιιοι-νιιιε

407 5106 502 5159 tib.
531 5120 616 5170 ιιι,
651 5119 774 5175 cap.
809 5104 899 5167 '58,
934 5105 1011 5159 ait
1038 5119 1054 5158 :
1085 5122 1104 5155 ι
1133 5102 1235 5158 Pet“
1253 5105 1396 5158 idem
1422 5115 1634 5172 tempus
1659 5103 1789 5173 (quo
1820 5101 2003 5175 Theo-

404 5178 568 5229 dotus
620 5174 935 5243 patriarcha
984 5176 1296 5243 Alexandro
1344 5175 1649 5229 Antiochia-
1709 5174 1997 5236 successit.

401 5245 550 5312 quod
600 5242 637 5300 8
683 5243 932 5300 Januarii
985 5247 1039 5299 in
1086 5242 1209 5297 Vita
1243 5244 1302 5299 S.
1332 5243 1498 5300 Attici
1532 5244 1768 5298 diximus
1791 5243 1994 5298 factum

404 5332 497 5369 an.
529 5314 634 5370 Ch.
678 5316 810 5385 εει),
862 5325 918 5368 et
947 5316 1075 5370 hinc
1109 5316 1492 5385 confirmatur)
1526 5328 1620 5382 per
1670 5312 1832 5385 idem
1869 5328 2001 5383 ergo

405 5384 1009 5456 tempusﬂlsdigerdes,
1062 5401 1154 5439 rex
1193 5383 1506 5456 Persarum,
1565 5383 1998 5456 persecutionem

365 5494 377 5503 .
403 5467 595 5511 contra
632 5454 910 5513 Ecclesias
942 5455 1268 5519 concitavit;
1306 5473 1324 5506 ›
1361 5467 1458 5510 aut
1501 5455 1682 5524 pOtittS
1724 5468 1792 5509 eo
1839 5457 1997 5524 senio

405 5528 725 5599 morbisque
763 5527 1053 5599 languente
1078 5526 1222 5595 magi
1267 5525 1411 5599 illam
1443 5523 1809 5579 concitarunt.
1834 5523 1908 5578 Ea
1929 5525 1997 5579 ab

406 5596 699 5668 lsdigerdis
732 5599 845 5651 filio
885 5596 1166 5650 Vat-adnue
1192 5597 1452 5650 atrociter
1469 5604 1760 5665 prapagata
1785 5611 1801 5660 ;
1831 5609 1992 5668 quem

404 5665 536 5725 ideo
551 5668 959 5741 persecutionis
989 5668 1548 5741 auctorcm_sct'ilitiiit
1590 5670 1848 5741 Socrates
1896 5665 1989 5719 lib.

401 5754 492 5809 vn,
513 5735 639 5814 cap.
667 5740 762 5807 18,
794 5749 847 5791 ct
874 5735 1210 5806 Nicephorns
1240 5735 1464 5803 lib.xrv,
1488 5751 1609 5806 cap.
1642 5736 1731 5793 l9~

2183 4892 2459 4967 (28)Magi
2502 4894 2559 4948 hi
2595 4893 2857 4967 elementa
2906 4902 2961 4948 et
3017 4896 3252 4951 maxime
3309 4895 3487 4967 ignem
3546 4900 3691 4956 inter

2108 4963 2241 5019 deos
2275 4963 2589 5019 ('CIISCballl.
2620 4964 2769 5018 Hanc
2799 4975 2981 5018 autem
3011 4963 3442 5033 persecutionem
3478 4973 3693 5025 excita-

2108 5046 2237 5089 runt
2294 5035 2398 5088 acti
2453 5035 2504 5088 in
2547 5035 2833 5106 furorem,_
2864 5046 3164 5106 propterea,
3205 5039 3347 5106 quod
3396 5039 3455 5094 S.
3507 5040 3691 5095 Audas

2107 5107 2351 5175 πυρεῖον.
2382 5106 2496 5159 sive
2522 5106 2781 5176 templum
2816 5103 2985 5175 Ignis,
3030 5103 3308 5171 diruisset,
3359 5120 3418 5164 ut
3464 5110 3531 5164 16
3559 5109 3690 5167 Maii

2108 5177 2436 5249 dicemuset
2458 5188 2695 5249 narrant
2739 5175 3112 5249 Theodoretus
3127 5185 3197 5249 _et
3218 5176 3584 5249 yieephorus.

2179 5244 2729 5318 (29illichnatolins
2778 5244 2886 5318 du;
2931 5245 3173 5318 Orientis
3217 5244 3488 5318 Procopio
3528 5253 3623 5307 lib.
3671 5267 3689 5307 ι

2093 5312 2243 5370 Belli
2261 5315 2506 5390 Persici,
2534 5323 2821 5390 at_practor
2845 5315 3084 5390 Orientis
3105 5312 3426 5390 TheOplian'i
3464 5321 3557 5376 lib.
3574 5336 3688 5390 xiv,

2110 5400 2230 5456 cap.
2254 5386 2574 5459 8._Lega‘tns
2589 5386 2902 5459 Theodosio
2920 5388 3121 5459 missus
3143 5386 3303 5444 estad
3319 5386 3687 5459 Varadanem,

2107 5471 2291 5537 regem
2315 5456 2630 5524 l’ei-Saruin,
2665 5471 2788 5511 cum
2820 5457 3021 5513 bellum
3063 5456 3309 5517 Romano
3341 5460 3571 5532 imperio
3599 5456 3687 5517 in;

2108 5528 2427 5673 fuliéiiiinc
2472 5599 2550 5673 ξ.
2578 5597 2893 5673 Tlieoctisto
2944 5598 3203 5661 defuncto
3247 5599 3409 5673 hujus
3455 5602 3691 5660 cmnobii

2107 5667 2452 5739 liegmnenus
2480 5670 2602 5737 fuit,
2638 5678 2698 5724 ut
2726 5667 2865 5727 infra
2892 5687 2946 5725 ιι.
2984 5673 3111 5730 102.
