  <div class='ocr_page' id='page_1' title='image "/cluster/home/n/w/nwhite01/storage/ocr_20150623/114:no.1/coo.31924054870187/315.png"; bbox 0 0 4144 6420; ppageno 0'>
   <div class='ocr_carea' id='block_1_1' title="bbox 473 300 581 364">
    <p class='ocr_par' dir='ltr' id='par_1_1' title="bbox 473 300 581 364">
     <span class='ocr_line' id='line_1_1' title="bbox 473 300 581 364; baseline 0 -1"><span class='ocrx_word' id='word_1_1' title='bbox 473 300 581 364; x_wconf 80' lang='grc' dir='ltr'><strong>6Ῑό</strong></span> 
     </span>
    </p>
   </div>
   <div class='ocr_carea' id='block_1_2' title="bbox 1689 302 2480 367">
    <p class='ocr_par' dir='ltr' id='par_1_2' title="bbox 1689 302 2480 367">
     <span class='ocr_line' id='line_1_2' title="bbox 1689 302 2480 367; baseline 0.005 -4"><span class='ocrx_word' id='word_1_2' title='bbox 1689 302 1977 364; x_wconf 79' lang='lat' dir='ltr'><strong>MENSIS</strong></span> <span class='ocrx_word' id='word_1_3' title='bbox 2015 305 2480 367; x_wconf 81' lang='lat' dir='ltr'><strong>JANUARIUS.</strong></span> 
     </span>
    </p>
   </div>
   <div class='ocr_carea' id='block_1_3' title="bbox 3642 308 3758 375">
    <p class='ocr_par' dir='ltr' id='par_1_3' title="bbox 3642 308 3758 375">
     <span class='ocr_line' id='line_1_3' title="bbox 3642 308 3758 375; baseline 0 0"><span class='ocrx_word' id='word_1_4' title='bbox 3642 308 3758 375; x_wconf 73' lang='lat'><strong>616</strong></span> 
     </span>
    </p>
   </div>
   <div class='ocr_carea' id='block_1_4' title="bbox 470 418 2060 490">
    <p class='ocr_par' dir='ltr' id='par_1_4' title="bbox 470 424 2059 489">
     <span class='ocr_line' id='line_1_4' title="bbox 470 424 2059 489; baseline 0.001 -18"><span class='ocrx_word' id='word_1_5' title='bbox 470 432 634 487; x_wconf 88' lang='lat' dir='ltr'><strong>quam</strong></span> <span class='ocrx_word' id='word_1_6' title='bbox 701 424 1054 486; x_wconf 87' lang='lat' dir='ltr'><strong>conspectum</strong></span> <span class='ocrx_word' id='word_1_7' title='bbox 1119 424 1383 471; x_wconf 83' lang='lat' dir='ltr'><strong>venturus</strong></span> <span class='ocrx_word' id='word_1_8' title='bbox 1427 426 1529 482; x_wconf 87' lang='lat' dir='ltr'><strong>est,</strong></span> <span class='ocrx_word' id='word_1_9' title='bbox 1587 428 1642 474; x_wconf 89' lang='lat' dir='ltr'><strong>et</strong></span> <span class='ocrx_word' id='word_1_10' title='bbox 1685 434 2059 489; x_wconf 82' lang='lat' dir='ltr'><strong>congressum.</strong></span> 
     </span>
    </p>
   </div>
   <div class='ocr_carea' id='block_1_5' title="bbox 2164 418 3755 490">
    <p class='ocr_par' dir='ltr' id='par_1_5' title="bbox 2166 418 3755 490">
     <span class='ocr_line' id='line_1_5' title="bbox 2166 418 3755 490; baseline 0.005 -17"><span class='ocrx_word' id='word_1_11' title='bbox 2166 419 2262 473; x_wconf 82' lang='grc' dir='ltr'>τοῦ</span> <span class='ocrx_word' id='word_1_12' title='bbox 2295 419 2621 473; x_wconf 81' lang='grc' dir='ltr'>Θεοκτίστου</span> <span class='ocrx_word' id='word_1_13' title='bbox 2655 418 2754 489; x_wconf 80' lang='grc' dir='ltr'>τῆς</span> <span class='ocrx_word' id='word_1_14' title='bbox 2789 421 2973 490; x_wconf 82' lang='grc' dir='ltr'>χειρὸς</span> <span class='ocrx_word' id='word_1_15' title='bbox 3005 422 3405 489; x_wconf 71' lang='grc' dir='ltr'>δ’Λσπέὅετος,</span> <span class='ocrx_word' id='word_1_16' title='bbox 3438 424 3755 481; x_wconf 76' lang='grc' dir='ltr'>ὑποδείκνυ-</span> 
     </span>
    </p>
   </div>
   <div class='ocr_carea' id='block_1_6' title="bbox 472 506 2056 587">
    <p class='ocr_par' dir='ltr' id='par_1_6' title="bbox 472 506 2056 587">
     <span class='ocr_line' id='line_1_6' title="bbox 472 506 2056 587; baseline 0.004 -24"><span class='ocrx_word' id='word_1_17' title='bbox 472 509 627 563; x_wconf 83' lang='lat' dir='ltr'><strong>Tunc</strong></span> <span class='ocrx_word' id='word_1_18' title='bbox 677 506 986 578; x_wconf 82' lang='lat' dir='ltr'><strong>Aspebetus</strong></span> <span class='ocrx_word' id='word_1_19' title='bbox 1033 522 1254 561; x_wconf 88' lang='lat' dir='ltr'><strong>manum</strong></span> <span class='ocrx_word' id='word_1_20' title='bbox 1301 507 1609 587; x_wconf 81' lang='lat' dir='ltr'><strong>Theoctisti</strong></span> <span class='ocrx_word' id='word_1_21' title='bbox 1664 512 2056 580; x_wconf 82' lang='lat' dir='ltr'><strong>prehendens.</strong></span> 
     </span>
    </p>
   </div>
   <div class='ocr_carea' id='block_1_7' title="bbox 472 598 2059 673">
    <p class='ocr_par' dir='ltr' id='par_1_7' title="bbox 472 598 2059 673">
     <span class='ocr_line' id='line_1_7' title="bbox 472 598 2059 673; baseline 0.003 -19"><span class='ocrx_word' id='word_1_22' title='bbox 472 599 712 654; x_wconf 92' lang='lat' dir='ltr'><strong>ostendit</strong></span> <span class='ocrx_word' id='word_1_23' title='bbox 763 600 813 654; x_wconf 91' lang='lat' dir='ltr'><strong>ei</strong></span> <span class='ocrx_word' id='word_1_24' title='bbox 866 598 1036 653; x_wconf 86' lang='lat' dir='ltr'><strong>ﬁlium</strong></span> <span class='ocrx_word' id='word_1_25' title='bbox 1097 600 1451 656; x_wconf 90' lang='lat' dir='ltr'><strong>semiaridum</strong></span> <span class='ocrx_word' id='word_1_26' title='bbox 1490 646 1504 670; x_wconf 92' lang='lat'><strong>,</strong></span> <span class='ocrx_word' id='word_1_27' title='bbox 1545 612 1600 657; x_wconf 86' lang='lat' dir='ltr'><strong>et</strong></span> <span class='ocrx_word' id='word_1_28' title='bbox 1625 605 1849 658; x_wconf 80' lang='lat' dir='ltr'><strong>dextera</strong></span> <span class='ocrx_word' id='word_1_29' title='bbox 1904 614 2059 673; x_wconf 87' lang='lat' dir='ltr'><strong>parte</strong></span> 
     </span>
    </p>
   </div>
   <div class='ocr_carea' id='block_1_8' title="bbox 470 690 2054 765">
    <p class='ocr_par' dir='ltr' id='par_1_8' title="bbox 470 690 2054 765">
     <span class='ocr_line' id='line_1_8' title="bbox 470 690 2054 765; baseline 0.003 -20"><span class='ocrx_word' id='word_1_30' title='bbox 470 690 639 745; x_wconf 80' lang='lat' dir='ltr'><strong>veluti</strong></span> <span class='ocrx_word' id='word_1_31' title='bbox 672 698 948 745; x_wconf 87' lang='lat' dir='ltr'><strong>mortuum</strong></span> <span class='ocrx_word' id='word_1_32' title='bbox 984 708 998 758; x_wconf 86' lang='lat'>;</span> <span class='ocrx_word' id='word_1_33' title='bbox 1049 690 1248 746; x_wconf 89' lang='lat' dir='ltr'><strong>deinde</strong></span> <span class='ocrx_word' id='word_1_34' title='bbox 1284 694 1680 762; x_wconf 82' lang='lat' dir='ltr'><strong>puero&#39;annuit</strong></span> <span class='ocrx_word' id='word_1_35' title='bbox 1714 696 2054 765; x_wconf 80' lang='lat' dir='ltr'><strong>superciliis;</strong></span> 
     </span>
    </p>
   </div>
   <div class='ocr_carea' id='block_1_9' title="bbox 472 781 1835 850">
    <p class='ocr_par' dir='ltr' id='par_1_9' title="bbox 472 781 1835 850">
     <span class='ocr_line' id='line_1_9' title="bbox 472 781 1835 850; baseline 0.004 -15"><span class='ocrx_word' id='word_1_36' title='bbox 472 790 528 835; x_wconf 85' lang='lat' dir='ltr'><strong>et</strong></span> <span class='ocrx_word' id='word_1_37' title='bbox 556 783 646 836; x_wconf 89' lang='lat' dir='ltr'><strong>ille</strong></span> <span class='ocrx_word' id='word_1_38' title='bbox 680 781 970 850; x_wconf 72' lang='lat' dir='ltr'><strong>incipiens,</strong></span> <span class='ocrx_word' id='word_1_39' title='bbox 1002 798 1115 837; x_wconf 85' lang='lat' dir='ltr'><strong>rem</strong></span> <span class='ocrx_word' id='word_1_40' title='bbox 1151 799 1373 839; x_wconf 88' lang='lat' dir='ltr'><strong>omnem</strong></span> <span class='ocrx_word' id='word_1_41' title='bbox 1402 797 1590 842; x_wconf 89' lang='lat' dir='ltr'><strong>narrat</strong></span> <span class='ocrx_word' id='word_1_42' title='bbox 1621 788 1835 843; x_wconf 86' lang='lat' dir='ltr'><strong>ordine.</strong></span> 
     </span>
    </p>
   </div>
   <div class='ocr_carea' id='block_1_10' title="bbox 541 876 2055 953">
    <p class='ocr_par' dir='ltr' id='par_1_10' title="bbox 541 876 2055 953">
     <span class='ocr_line' id='line_1_10' title="bbox 541 876 2055 953; baseline 0.004 -23"><span class='ocrx_word' id='word_1_43' title='bbox 541 877 659 930; x_wconf 73' lang='lat' dir='ltr'><strong>XX.</strong></span> <span class='ocrx_word' id='word_1_44' title='bbox 702 876 831 946; x_wconf 77' lang='lat' dir='ltr'><strong>Ego,</strong></span> <span class='ocrx_word' id='word_1_45' title='bbox 863 877 1057 947; x_wconf 81' lang='lat' dir='ltr'><strong>inquit,</strong></span> <span class='ocrx_word' id='word_1_46' title='bbox 1092 878 1146 932; x_wconf 90' lang='lat' dir='ltr'><strong>in</strong></span> <span class='ocrx_word' id='word_1_47' title='bbox 1170 878 1411 939; x_wconf 64' lang='lat' dir='ltr'><strong>Perside</strong></span> <span class='ocrx_word' id='word_1_48' title='bbox 1444 881 1678 937; x_wconf 81' lang='lat' dir='ltr'><strong>afflictus</strong></span> <span class='ocrx_word' id='word_1_49' title='bbox 1726 883 1826 937; x_wconf 84' lang='lat' dir='ltr'><strong>hac</strong></span> <span class='ocrx_word' id='word_1_50' title='bbox 1880 882 2055 953; x_wconf 84' lang='lat' dir='ltr'><strong>plaga,</strong></span> 
     </span>
    </p>
   </div>
   <div class='ocr_carea' id='block_1_11' title="bbox 470 968 2055 1041">
    <p class='ocr_par' dir='ltr' id='par_1_11' title="bbox 470 968 2055 1041">
     <span class='ocr_line' id='line_1_11' title="bbox 470 968 2055 1041; baseline 0.003 -21"><span class='ocrx_word' id='word_1_51' title='bbox 470 968 767 1036; x_wconf 74' lang='lat' dir='ltr'><strong>multisque</strong></span> <span class='ocrx_word' id='word_1_52' title='bbox 823 970 1052 1024; x_wconf 80' lang='lat' dir='ltr'><strong>medicis</strong></span> <span class='ocrx_word' id='word_1_53' title='bbox 1100 978 1157 1024; x_wconf 91' lang='lat' dir='ltr'><strong>et</strong></span> <span class='ocrx_word' id='word_1_54' title='bbox 1197 970 1423 1041; x_wconf 83' lang='lat' dir='ltr'><strong>magicis</strong></span> <span class='ocrx_word' id='word_1_55' title='bbox 1486 974 1699 1027; x_wconf 88' lang='lat' dir='ltr'><strong>artibus</strong></span> <span class='ocrx_word' id='word_1_56' title='bbox 1745 973 2055 1036; x_wconf 86' lang='lat' dir='ltr'><strong>contritus,</strong></span> 
     </span>
    </p>
   </div>
   <div class='ocr_carea' id='block_1_12' title="bbox 471 1050 2060 1132">
    <p class='ocr_par' dir='ltr' id='par_1_12' title="bbox 471 1050 2060 1132">
     <span class='ocr_line' id='line_1_12' title="bbox 471 1050 2060 1132; baseline 0.001 -18"><span class='ocrx_word' id='word_1_57' title='bbox 471 1062 605 1115; x_wconf 86' lang='lat' dir='ltr'><strong>nihil</strong></span> <span class='ocrx_word' id='word_1_58' title='bbox 644 1062 878 1131; x_wconf 80' lang='lat' dir='ltr'><strong>amplius</strong></span> <span class='ocrx_word' id='word_1_59' title='bbox 922 1062 1049 1117; x_wconf 89' lang='lat' dir='ltr'><strong>inde</strong></span> <span class='ocrx_word' id='word_1_60' title='bbox 1088 1060 1299 1115; x_wconf 78' lang='lat' dir='ltr'><strong>fructus</strong></span> <span class='ocrx_word' id='word_1_61' title='bbox 1332 1050 1573 1132; x_wconf 81' lang='lat' dir='ltr'><strong>percepi,</strong></span> <span class='ocrx_word' id='word_1_62' title='bbox 1624 1063 1733 1117; x_wconf 82' lang='lat' dir='ltr'><strong>nisi</strong></span> <span class='ocrx_word' id='word_1_63' title='bbox 1776 1051 1952 1117; x_wconf 79' lang='lat' dir='ltr'><strong>solum</strong></span> <span class='ocrx_word' id='word_1_64' title='bbox 2000 1070 2060 1115; x_wconf 90' lang='lat' dir='ltr'><strong>ut</strong></span> 
     </span>
    </p>
   </div>
   <div class='ocr_carea' id='block_1_13' title="bbox 470 1152 2055 1218">
    <p class='ocr_par' dir='ltr' id='par_1_13' title="bbox 470 1152 2055 1218">
     <span class='ocr_line' id='line_1_13' title="bbox 470 1152 2055 1218; baseline -0.002 -9"><span class='ocrx_word' id='word_1_65' title='bbox 470 1155 812 1218; x_wconf 86' lang='lat' dir='ltr'><strong>damuarem,</strong></span> <span class='ocrx_word' id='word_1_66' title='bbox 864 1163 919 1209; x_wconf 91' lang='lat' dir='ltr'><strong>et</strong></span> <span class='ocrx_word' id='word_1_67' title='bbox 959 1170 1070 1209; x_wconf 90' lang='lat' dir='ltr'><strong>non</strong></span> <span class='ocrx_word' id='word_1_68' title='bbox 1122 1152 1381 1208; x_wconf 78' lang='lat' dir='ltr'><strong>haberem</strong></span> <span class='ocrx_word' id='word_1_69' title='bbox 1414 1155 1570 1209; x_wconf 84' lang='lat' dir='ltr'><strong>valde</strong></span> <span class='ocrx_word' id='word_1_70' title='bbox 1614 1155 1721 1210; x_wconf 91' lang='lat' dir='ltr'><strong>illis</strong></span> <span class='ocrx_word' id='word_1_71' title='bbox 1759 1154 2055 1209; x_wconf 84' lang='lat' dir='ltr'><strong>conlidere.</strong></span> 
     </span>
    </p>
   </div>
   <div class='ocr_carea' id='block_1_14' title="bbox 474 1246 2055 1316">
    <p class='ocr_par' dir='ltr' id='par_1_14' title="bbox 474 1246 2055 1316">
     <span class='ocr_line' id='line_1_14' title="bbox 474 1246 2055 1316; baseline -0.001 -16"><span class='ocrx_word' id='word_1_72' title='bbox 474 1246 682 1302; x_wconf 82' lang='lat' dir='ltr'><strong>Deinde</strong></span> <span class='ocrx_word' id='word_1_73' title='bbox 717 1248 807 1300; x_wconf 83' lang='lat' dir='ltr'><strong>tibi</strong></span> <span class='ocrx_word' id='word_1_74' title='bbox 846 1247 902 1300; x_wconf 89' lang='lat' dir='ltr'><strong>in</strong></span> <span class='ocrx_word' id='word_1_75' title='bbox 949 1249 1088 1301; x_wconf 87' lang='lat' dir='ltr'><strong>hanc</strong></span> <span class='ocrx_word' id='word_1_76' title='bbox 1132 1248 1374 1301; x_wconf 85' lang='lat' dir='ltr'><strong>Arabum</strong></span> <span class='ocrx_word' id='word_1_77' title='bbox 1418 1246 1671 1300; x_wconf 89' lang='lat' dir='ltr'><strong>venimus</strong></span> <span class='ocrx_word' id='word_1_78' title='bbox 1726 1246 2004 1316; x_wconf 73' lang='lat' dir='ltr'><strong>regionem</strong></span> <span class='ocrx_word' id='word_1_79' title='bbox 2040 1285 2055 1311; x_wconf 91' lang='lat'><strong>,</strong></span> 
     </span>
    </p>
   </div>
   <div class='ocr_carea' id='block_1_15' title="bbox 475 1337 2055 1407">
    <p class='ocr_par' dir='ltr' id='par_1_15' title="bbox 475 1337 2055 1407">
     <span class='ocr_line' id='line_1_15' title="bbox 475 1337 2055 1407; baseline -0.001 -15"><span class='ocrx_word' id='word_1_80' title='bbox 475 1340 564 1393; x_wconf 92' lang='lat' dir='ltr'><strong>hic</strong></span> <span class='ocrx_word' id='word_1_81' title='bbox 619 1352 836 1407; x_wconf 90' lang='lat' dir='ltr'><strong>quoque</strong></span> <span class='ocrx_word' id='word_1_82' title='bbox 868 1352 1057 1392; x_wconf 86' lang='lat' dir='ltr'><strong>rursus</strong></span> <span class='ocrx_word' id='word_1_83' title='bbox 1085 1352 1207 1391; x_wconf 90' lang='lat' dir='ltr'><strong>cum</strong></span> <span class='ocrx_word' id='word_1_84' title='bbox 1237 1337 1403 1406; x_wconf 88' lang='lat' dir='ltr'><strong>priori</strong></span> <span class='ocrx_word' id='word_1_85' title='bbox 1436 1337 1679 1392; x_wconf 87' lang='lat' dir='ltr'><strong>luctabar</strong></span> <span class='ocrx_word' id='word_1_86' title='bbox 1726 1337 2055 1401; x_wconf 75' lang='lat' dir='ltr'><strong>calamitate,</strong></span> 
     </span>
    </p>
   </div>
   <div class='ocr_carea' id='block_1_16' title="bbox 472 1429 2059 1500">
    <p class='ocr_par' dir='ltr' id='par_1_16' title="bbox 472 1429 2059 1500">
     <span class='ocr_line' id='line_1_16' title="bbox 472 1429 2059 1500; baseline -0.001 -15"><span class='ocrx_word' id='word_1_87' title='bbox 472 1438 531 1485; x_wconf 87' lang='lat' dir='ltr'><strong>et</strong></span> <span class='ocrx_word' id='word_1_88' title='bbox 560 1431 715 1486; x_wconf 90' lang='lat' dir='ltr'><strong>malis</strong></span> <span class='ocrx_word' id='word_1_89' title='bbox 748 1431 980 1485; x_wconf 79' lang='lat' dir='ltr'><strong>vexabar</strong></span> <span class='ocrx_word' id='word_1_90' title='bbox 1008 1429 1299 1485; x_wconf 88' lang='lat' dir='ltr'><strong>similibus.</strong></span> <span class='ocrx_word' id='word_1_91' title='bbox 1349 1430 1522 1484; x_wconf 81' lang='lat' dir='ltr'><strong>Noctu</strong></span> <span class='ocrx_word' id='word_1_92' title='bbox 1548 1440 1728 1485; x_wconf 89' lang='lat' dir='ltr'><strong>autem</strong></span> <span class='ocrx_word' id='word_1_93' title='bbox 1767 1430 2059 1500; x_wconf 86' lang='lat' dir='ltr'><strong>aliquando</strong></span> 
     </span>
    </p>
   </div>
   <div class='ocr_carea' id='block_1_17' title="bbox 473 1518 2057 1590">
    <p class='ocr_par' dir='ltr' id='par_1_17' title="bbox 473 1518 2057 1590">
     <span class='ocr_line' id='line_1_17' title="bbox 473 1518 2057 1590; baseline 0 -16"><span class='ocrx_word' id='word_1_94' title='bbox 473 1521 763 1574; x_wconf 90' lang='lat' dir='ltr'><strong>attendens</strong></span> <span class='ocrx_word' id='word_1_95' title='bbox 801 1519 931 1573; x_wconf 91' lang='lat' dir='ltr'><strong>mihi</strong></span> <span class='ocrx_word' id='word_1_96' title='bbox 969 1518 1096 1588; x_wconf 85' lang='lat' dir='ltr'><strong>ipsi,</strong></span> <span class='ocrx_word' id='word_1_97' title='bbox 1143 1531 1198 1573; x_wconf 91' lang='lat' dir='ltr'><strong>et</strong></span> <span class='ocrx_word' id='word_1_98' title='bbox 1231 1519 1587 1575; x_wconf 79' lang='lat' dir='ltr'><strong>considerans</strong></span> <span class='ocrx_word' id='word_1_99' title='bbox 1620 1536 1691 1574; x_wconf 91' lang='lat' dir='ltr'><strong>an</strong></span> <span class='ocrx_word' id='word_1_100' title='bbox 1730 1518 1972 1590; x_wconf 84' lang='lat' dir='ltr'><strong>&#39;usquam</strong></span> <span class='ocrx_word' id='word_1_101' title='bbox 2026 1534 2057 1574; x_wconf 87' lang='lat' dir='ltr'><strong>a</strong></span> 
     </span>
    </p>
   </div>
   <div class='ocr_carea' id='block_1_18' title="bbox 472 1609 2059 1681">
    <p class='ocr_par' dir='ltr' id='par_1_18' title="bbox 472 1609 2059 1681">
     <span class='ocr_line' id='line_1_18' title="bbox 472 1609 2059 1681; baseline 0.001 -17"><span class='ocrx_word' id='word_1_102' title='bbox 472 1612 666 1665; x_wconf 89' lang='lat' dir='ltr'><strong>morbo</strong></span> <span class='ocrx_word' id='word_1_103' title='bbox 688 1611 927 1679; x_wconf 84' lang='lat' dir='ltr'><strong>aliquam</strong></span> <span class='ocrx_word' id='word_1_104' title='bbox 957 1609 1264 1665; x_wconf 85' lang='lat' dir='ltr'><strong>invenirem</strong></span> <span class='ocrx_word' id='word_1_105' title='bbox 1299 1612 1676 1667; x_wconf 87' lang='lat' dir='ltr'><strong>liberationem</strong></span> <span class='ocrx_word' id='word_1_106' title='bbox 1706 1630 1720 1678; x_wconf 92' lang='lat'><strong>;</strong></span> <span class='ocrx_word' id='word_1_107' title='bbox 1751 1612 1881 1681; x_wconf 87' lang='lat' dir='ltr'><strong>quia</strong></span> <span class='ocrx_word' id='word_1_108' title='bbox 1932 1611 2059 1666; x_wconf 92' lang='lat' dir='ltr'><strong>nul-</strong></span> 
     </span>
    </p>
   </div>
   <div class='ocr_carea' id='block_1_19' title="bbox 474 1702 2059 1774">
    <p class='ocr_par' dir='ltr' id='par_1_19' title="bbox 474 1702 2059 1774">
     <span class='ocr_line' id='line_1_19' title="bbox 474 1702 2059 1774; baseline 0.003 -20"><span class='ocrx_word' id='word_1_109' title='bbox 474 1704 579 1756; x_wconf 82' lang='lat' dir='ltr'><strong>lam</strong></span> <span class='ocrx_word' id='word_1_110' title='bbox 609 1718 671 1756; x_wconf 81' lang='lat' dir='ltr'><strong>ex</strong></span> <span class='ocrx_word' id='word_1_111' title='bbox 703 1702 906 1756; x_wconf 81' lang='lat' dir='ltr'><strong>nostris</strong></span> <span class='ocrx_word' id='word_1_112' title='bbox 941 1703 1231 1757; x_wconf 85' lang='lat' dir='ltr'><strong>cernebam</strong></span> <span class='ocrx_word' id='word_1_113' title='bbox 1265 1704 1393 1758; x_wconf 91' lang='lat' dir='ltr'><strong>mali</strong></span> <span class='ocrx_word' id='word_1_114' title='bbox 1424 1705 1788 1769; x_wconf 87' lang='lat' dir='ltr'><strong>curationem,</strong></span> <span class='ocrx_word' id='word_1_115' title='bbox 1821 1705 1939 1774; x_wconf 90' lang='lat' dir='ltr'><strong>ipse</strong></span> <span class='ocrx_word' id='word_1_116' title='bbox 1978 1703 2059 1758; x_wconf 90' lang='lat' dir='ltr'><strong>sic</strong></span> 
     </span>
    </p>
   </div>
   <div class='ocr_carea' id='block_1_20' title="bbox 2165 511 3755 588">
    <p class='ocr_par' dir='ltr' id='par_1_20' title="bbox 2165 511 3755 588">
     <span class='ocr_line' id='line_1_20' title="bbox 2165 511 3755 588; baseline 0.004 -25"><span class='ocrx_word' id='word_1_117' title='bbox 2165 528 2251 564; x_wconf 87' lang='grc' dir='ltr'><strong>σιν</strong></span> <span class='ocrx_word' id='word_1_118' title='bbox 2273 511 2422 579; x_wconf 83' lang='grc' dir='ltr'>αὐτῷ</span> <span class='ocrx_word' id='word_1_119' title='bbox 2446 512 2538 564; x_wconf 81' lang='grc' dir='ltr'><strong>τὸν</strong></span> <span class='ocrx_word' id='word_1_120' title='bbox 2563 511 2698 575; x_wconf 77' lang='grc' dir='ltr'>υἱὸν,</span> <span class='ocrx_word' id='word_1_121' title='bbox 2726 513 2993 583; x_wconf 78' lang='grc' dir='ltr'>ήμίξηρον</span> <span class='ocrx_word' id='word_1_122' title='bbox 3021 513 3152 567; x_wconf 74' lang='grc' dir='ltr'>ὅντα</span> <span class='ocrx_word' id='word_1_123' title='bbox 3175 526 3221 579; x_wconf 81' lang='grc' dir='ltr'>ο,</span> <span class='ocrx_word' id='word_1_124' title='bbox 3248 517 3340 568; x_wconf 73' lang='grc' dir='ltr'><strong>καὶ</strong></span> <span class='ocrx_word' id='word_1_125' title='bbox 3366 517 3425 569; x_wconf 82' lang='grc' dir='ltr'>τὸ</span> <span class='ocrx_word' id='word_1_126' title='bbox 3454 519 3618 588; x_wconf 81' lang='grc' dir='ltr'>μέρος</span> <span class='ocrx_word' id='word_1_127' title='bbox 3639 513 3755 574; x_wconf 72' lang='grc' dir='ltr'>οἷον</span> 
     </span>
    </p>
   </div>
   <div class='ocr_carea' id='block_1_21' title="bbox 2161 603 3754 682">
    <p class='ocr_par' dir='ltr' id='par_1_21' title="bbox 2161 603 3754 682">
     <span class='ocr_line' id='line_1_21' title="bbox 2161 603 3754 682; baseline 0.005 -26"><span class='ocrx_word' id='word_1_128' title='bbox 2161 604 2577 675; x_wconf 87' lang='grc' dir='ltr'>ἀποτεθνηκότα</span> <span class='ocrx_word' id='word_1_129' title='bbox 2616 606 2678 657; x_wconf 85' lang='grc' dir='ltr'><strong>τὸ</strong></span> <span class='ocrx_word' id='word_1_130' title='bbox 2716 605 2889 671; x_wconf 81' lang='grc' dir='ltr'>δεξιόν</span> <span class='ocrx_word' id='word_1_131' title='bbox 2916 623 2931 638; x_wconf 75' lang='grc' dir='ltr'><strong>ο</strong></span> <span class='ocrx_word' id='word_1_132' title='bbox 2975 603 3093 661; x_wconf 77' lang='grc' dir='ltr'>εἶτα</span> <span class='ocrx_word' id='word_1_133' title='bbox 3148 609 3243 661; x_wconf 80' lang='grc' dir='ltr'><strong>καὶ</strong></span> <span class='ocrx_word' id='word_1_134' title='bbox 3276 611 3398 672; x_wconf 72' lang='grc' dir='ltr'>ταῖς</span> <span class='ocrx_word' id='word_1_135' title='bbox 3438 609 3635 679; x_wconf 77' lang='grc' dir='ltr'>ὀφρύσι</span> <span class='ocrx_word' id='word_1_136' title='bbox 3674 612 3754 682; x_wconf 80' lang='grc' dir='ltr'>τῷ</span> 
     </span>
    </p>
   </div>
   <div class='ocr_carea' id='block_1_22' title="bbox 2163 694 3755 770">
    <p class='ocr_par' dir='ltr' id='par_1_22' title="bbox 2163 694 3755 770">
     <span class='ocr_line' id='line_1_22' title="bbox 2163 694 3755 770; baseline 0.006 -24"><span class='ocrx_word' id='word_1_137' title='bbox 2163 694 2317 748; x_wconf 77' lang='grc' dir='ltr'>παιδὶ</span> <span class='ocrx_word' id='word_1_138' title='bbox 2375 696 2617 748; x_wconf 77' lang='grc' dir='ltr'><strong>ἐπινεύει</strong></span> <span class='ocrx_word' id='word_1_139' title='bbox 2647 712 2662 727; x_wconf 74' lang='grc' dir='ltr'><strong>ο</strong></span> <span class='ocrx_word' id='word_1_140' title='bbox 2700 698 2973 765; x_wconf 84' lang='grc' dir='ltr'>κάκεῖνος,</span> <span class='ocrx_word' id='word_1_141' title='bbox 3038 697 3384 770; x_wconf 84' lang='grc' dir='ltr'>ἀρξάμενος,</span> <span class='ocrx_word' id='word_1_142' title='bbox 3443 701 3755 768; x_wconf 79' lang='grc' dir='ltr'><strong>ἀκολούθως</strong></span> 
     </span>
    </p>
   </div>
   <div class='ocr_carea' id='block_1_23' title="bbox 2162 783 2634 857">
    <p class='ocr_par' dir='ltr' id='par_1_23' title="bbox 2162 783 2634 857">
     <span class='ocr_line' id='line_1_23' title="bbox 2162 783 2634 857; baseline 0.006 -20"><span class='ocrx_word' id='word_1_143' title='bbox 2162 783 2382 838; x_wconf 76' lang='grc' dir='ltr'>ἅπαντα</span> <span class='ocrx_word' id='word_1_144' title='bbox 2411 785 2634 857; x_wconf 85' lang='grc' dir='ltr'>διεξῄει,</span> 
     </span>
    </p>
   </div>
   <div class='ocr_carea' id='block_1_24' title="bbox 2232 878 3754 957">
    <p class='ocr_par' dir='ltr' id='par_1_24' title="bbox 2232 878 3754 957">
     <span class='ocr_line' id='line_1_24' title="bbox 2232 878 3754 957; baseline 0.007 -26"><span class='ocrx_word' id='word_1_145' title='bbox 2232 878 2318 933; x_wconf 83' lang='grc' dir='ltr'><strong>Κ¹.</strong></span> <span class='ocrx_word' id='word_1_146' title='bbox 2374 878 2537 947; x_wconf 85' lang='grc' dir='ltr'>Ἐγὼ,</span> <span class='ocrx_word' id='word_1_147' title='bbox 2558 881 2752 950; x_wconf 74' lang='grc' dir='ltr'>φησὶν,</span> <span class='ocrx_word' id='word_1_148' title='bbox 2780 881 2838 932; x_wconf 89' lang='grc' dir='ltr'><strong>ἐν</strong></span> <span class='ocrx_word' id='word_1_149' title='bbox 2865 881 3085 951; x_wconf 77' lang='grc' dir='ltr'><strong>Περσίδι</strong></span> <span class='ocrx_word' id='word_1_150' title='bbox 3122 883 3327 954; x_wconf 87' lang='grc' dir='ltr'>ταύτην</span> <span class='ocrx_word' id='word_1_151' title='bbox 3343 885 3637 956; x_wconf 76' lang='grc' dir='ltr'>δεξάμενος</span> <span class='ocrx_word' id='word_1_152' title='bbox 3653 882 3754 957; x_wconf 73' lang='grc' dir='ltr'>τὴν</span> 
     </span>
    </p>
   </div>
   <div class='ocr_carea' id='block_1_25' title="bbox 2162 969 3756 1049">
    <p class='ocr_par' dir='ltr' id='par_1_25' title="bbox 2162 969 3756 1049">
     <span class='ocr_line' id='line_1_25' title="bbox 2162 969 3756 1049; baseline 0.003 -29"><span class='ocrx_word' id='word_1_153' title='bbox 2162 969 2398 1041; x_wconf 83' lang='grc' dir='ltr'>πληγὴν,</span> <span class='ocrx_word' id='word_1_154' title='bbox 2432 971 2528 1024; x_wconf 77' lang='grc' dir='ltr'><strong>καὶ</strong></span> <span class='ocrx_word' id='word_1_155' title='bbox 2559 971 2782 1035; x_wconf 86' lang='grc' dir='ltr'>πολλαῖς</span> <span class='ocrx_word' id='word_1_156' title='bbox 2817 973 3091 1044; x_wconf 73' lang='grc' dir='ltr'><strong>ἰατρικαῖς</strong></span> <span class='ocrx_word' id='word_1_157' title='bbox 3119 992 3178 1027; x_wconf 88' lang='grc' dir='ltr'><strong>τε</strong></span> <span class='ocrx_word' id='word_1_158' title='bbox 3208 978 3302 1029; x_wconf 78' lang='grc' dir='ltr'>καὶ</span> <span class='ocrx_word' id='word_1_159' title='bbox 3337 986 3599 1046; x_wconf 78' lang='grc' dir='ltr'>μαγικαῑς</span> <span class='ocrx_word' id='word_1_160' title='bbox 3628 981 3756 1049; x_wconf 80' lang='grc' dir='ltr'>τέχ-</span> 
     </span>
    </p>
   </div>
   <div class='ocr_carea' id='block_1_26' title="bbox 2161 1063 3751 1142">
    <p class='ocr_par' dir='ltr' id='par_1_26' title="bbox 2161 1063 3751 1142">
     <span class='ocr_line' id='line_1_26' title="bbox 2161 1063 3751 1142; baseline 0.008 -29"><span class='ocrx_word' id='word_1_161' title='bbox 2161 1078 2277 1125; x_wconf 84' lang='grc' dir='ltr'><strong>ναις</strong></span> <span class='ocrx_word' id='word_1_162' title='bbox 2306 1063 2683 1135; x_wconf 80' lang='grc' dir='ltr'>κατατριὸεὶς,</span> <span class='ocrx_word' id='word_1_163' title='bbox 2705 1065 2857 1118; x_wconf 78' lang='grc' dir='ltr'>οὐδὲν</span> <span class='ocrx_word' id='word_1_164' title='bbox 2880 1066 3043 1120; x_wconf 80' lang='grc' dir='ltr'><strong>πλέον</strong></span> <span class='ocrx_word' id='word_1_165' title='bbox 3066 1067 3280 1120; x_wconf 85' lang='grc' dir='ltr'>ἐκεῖθεν</span> <span class='ocrx_word' id='word_1_166' title='bbox 3301 1070 3719 1142; x_wconf 75' lang='grc' dir='ltr'>ἐκαρπωσάμην</span> <span class='ocrx_word' id='word_1_167' title='bbox 3736 1115 3751 1135; x_wconf 88' lang='grc'><strong>,</strong></span> 
     </span>
    </p>
   </div>
   <div class='ocr_carea' id='block_1_27' title="bbox 2160 1154 3756 1234">
    <p class='ocr_par' dir='ltr' id='par_1_27' title="bbox 2160 1154 3756 1234">
     <span class='ocr_line' id='line_1_27' title="bbox 2160 1154 3756 1234; baseline 0.008 -28"><span class='ocrx_word' id='word_1_168' title='bbox 2160 1154 2243 1207; x_wconf 86' lang='grc' dir='ltr'>ὃτι</span> <span class='ocrx_word' id='word_1_169' title='bbox 2281 1156 2356 1227; x_wconf 85' lang='grc' dir='ltr'>μὴ</span> <span class='ocrx_word' id='word_1_170' title='bbox 2388 1157 2448 1210; x_wconf 85' lang='grc' dir='ltr'>τὸ</span> <span class='ocrx_word' id='word_1_171' title='bbox 2488 1159 2838 1225; x_wconf 71' lang='grc' dir='ltr'>καταγνῶναι</span> <span class='ocrx_word' id='word_1_172' title='bbox 2886 1161 3084 1231; x_wconf 86' lang='grc' dir='ltr'>μόνον,</span> <span class='ocrx_word' id='word_1_173' title='bbox 3121 1161 3219 1214; x_wconf 73' lang='grc' dir='ltr'><strong>καὶ</strong></span> <span class='ocrx_word' id='word_1_174' title='bbox 3256 1162 3332 1233; x_wconf 78' lang='grc' dir='ltr'>μὴ</span> <span class='ocrx_word' id='word_1_175' title='bbox 3370 1164 3576 1233; x_wconf 73' lang='grc' dir='ltr'>σφόδρα</span> <span class='ocrx_word' id='word_1_176' title='bbox 3608 1165 3756 1234; x_wconf 77' lang='grc' dir='ltr'>ἔχειν</span> 
     </span>
    </p>
   </div>
   <div class='ocr_carea' id='block_1_28' title="bbox 2161 1246 3728 1327">
    <p class='ocr_par' dir='ltr' id='par_1_28' title="bbox 2161 1246 3728 1327">
     <span class='ocr_line' id='line_1_28' title="bbox 2161 1246 3728 1327; baseline 0.007 -28"><span class='ocrx_word' id='word_1_177' title='bbox 2161 1246 2249 1299; x_wconf 86' lang='grc' dir='ltr'>ἐπ’</span> <span class='ocrx_word' id='word_1_178' title='bbox 2266 1249 2498 1313; x_wconf 82' lang='grc' dir='ltr'>ἐκείνοις</span> <span class='ocrx_word' id='word_1_179' title='bbox 2530 1249 2774 1321; x_wconf 72' lang='grc' dir='ltr'>θαρρεῖν.</span> <span class='ocrx_word' id='word_1_180' title='bbox 2800 1254 3030 1306; x_wconf 82' lang='grc' dir='ltr'>Ἔπειτα</span> <span class='ocrx_word' id='word_1_181' title='bbox 3058 1253 3131 1317; x_wconf 78' lang='grc' dir='ltr'>ὼς</span> <span class='ocrx_word' id='word_1_182' title='bbox 3161 1256 3241 1319; x_wconf 80' lang='grc' dir='ltr'><strong>είς</strong></span> <span class='ocrx_word' id='word_1_183' title='bbox 3271 1255 3632 1326; x_wconf 76' lang='grc' dir='ltr'>τὴνἈράὁων</span> <span class='ocrx_word' id='word_1_184' title='bbox 3659 1258 3728 1327; x_wconf 74' lang='grc' dir='ltr'>ἧλ</span> 
     </span>
    </p>
   </div>
   <div class='ocr_carea' id='block_1_29' title="bbox 2162 1338 3753 1415">
    <p class='ocr_par' dir='ltr' id='par_1_29' title="bbox 2162 1338 3753 1415">
     <span class='ocr_line' id='line_1_29' title="bbox 2162 1338 3753 1415; baseline 0.004 -24"><span class='ocrx_word' id='word_1_185' title='bbox 2162 1338 2328 1408; x_wconf 87' lang='grc' dir='ltr'>θομεν</span> <span class='ocrx_word' id='word_1_186' title='bbox 2356 1340 2581 1411; x_wconf 89' lang='grc' dir='ltr'>ταύτην,</span> <span class='ocrx_word' id='word_1_187' title='bbox 2614 1344 2681 1413; x_wconf 81' lang='grc' dir='ltr'>τῇ</span> <span class='ocrx_word' id='word_1_188' title='bbox 2716 1345 2962 1415; x_wconf 76' lang='grc' dir='ltr'>προτέρᾳ</span> <span class='ocrx_word' id='word_1_189' title='bbox 2994 1345 3273 1398; x_wconf 74' lang='grc' dir='ltr'>κάνταῦθα</span> <span class='ocrx_word' id='word_1_190' title='bbox 3303 1345 3465 1400; x_wconf 85' lang='grc' dir='ltr'>πάλιν</span> <span class='ocrx_word' id='word_1_191' title='bbox 3492 1346 3753 1400; x_wconf 71' lang='grc' dir='ltr'>ἐπάλαιον</span> 
     </span>
    </p>
   </div>
   <div class='ocr_carea' id='block_1_30' title="bbox 2163 1432 3755 1508">
    <p class='ocr_par' dir='ltr' id='par_1_30' title="bbox 2163 1432 3755 1508">
     <span class='ocr_line' id='line_1_30' title="bbox 2163 1432 3755 1508; baseline 0.008 -27"><span class='ocrx_word' id='word_1_192' title='bbox 2163 1432 2440 1502; x_wconf 79' lang='grc' dir='ltr'><strong>συμφορᾷ,</strong></span> <span class='ocrx_word' id='word_1_193' title='bbox 2470 1433 2566 1485; x_wconf 73' lang='grc' dir='ltr'>καὶ</span> <span class='ocrx_word' id='word_1_194' title='bbox 2592 1436 2705 1496; x_wconf 87' lang='grc' dir='ltr'>τοῖς</span> <span class='ocrx_word' id='word_1_195' title='bbox 2734 1436 2943 1505; x_wconf 81' lang='grc' dir='ltr'>ὁμοίοις</span> <span class='ocrx_word' id='word_1_196' title='bbox 2975 1437 3283 1508; x_wconf 76' lang='grc' dir='ltr'>ἐϐαλλόμην</span> <span class='ocrx_word' id='word_1_197' title='bbox 3314 1442 3524 1505; x_wconf 82' lang='grc' dir='ltr'>κακοῖς,</span> <span class='ocrx_word' id='word_1_198' title='bbox 3559 1440 3755 1502; x_wconf 73' lang='grc' dir='ltr'>νυκτὸς</span> 
     </span>
    </p>
   </div>
   <div class='ocr_carea' id='block_1_31' title="bbox 2159 1521 3728 1598">
    <p class='ocr_par' dir='ltr' id='par_1_31' title="bbox 2159 1521 3728 1598">
     <span class='ocr_line' id='line_1_31' title="bbox 2159 1521 3728 1598; baseline 0.008 -24"><span class='ocrx_word' id='word_1_199' title='bbox 2159 1521 2216 1575; x_wconf 81' lang='grc' dir='ltr'>δέ</span> <span class='ocrx_word' id='word_1_200' title='bbox 2248 1540 2380 1576; x_wconf 90' lang='grc' dir='ltr'>ποτε</span> <span class='ocrx_word' id='word_1_201' title='bbox 2408 1527 2663 1597; x_wconf 83' lang='grc' dir='ltr'>προσχὼν</span> <span class='ocrx_word' id='word_1_202' title='bbox 2691 1528 2918 1598; x_wconf 79' lang='grc' dir='ltr'>ἐμαυτῷ</span> <span class='ocrx_word' id='word_1_203' title='bbox 2945 1529 3039 1582; x_wconf 79' lang='grc' dir='ltr'><strong>καὶ</strong></span> <span class='ocrx_word' id='word_1_204' title='bbox 3071 1529 3291 1585; x_wconf 79' lang='grc' dir='ltr'>σκοπῶν</span> <span class='ocrx_word' id='word_1_205' title='bbox 3315 1531 3369 1595; x_wconf 75' lang='grc' dir='ltr'>εἴ</span> <span class='ocrx_word' id='word_1_206' title='bbox 3395 1549 3497 1584; x_wconf 89' lang='grc' dir='ltr'><strong>που</strong></span> <span class='ocrx_word' id='word_1_207' title='bbox 3524 1533 3627 1585; x_wconf 68' lang='grc' dir='ltr'>τοῦ</span> <span class='ocrx_word' id='word_1_208' title='bbox 3649 1534 3728 1586; x_wconf 76' lang='grc' dir='ltr'>πά</span> 
     </span>
    </p>
   </div>
   <div class='ocr_carea' id='block_1_32' title="bbox 2163 1614 3748 1695">
    <p class='ocr_par' dir='ltr' id='par_1_32' title="bbox 2163 1614 3748 1695">
     <span class='ocr_line' id='line_1_32' title="bbox 2163 1614 3748 1695; baseline 0.008 -27"><span class='ocrx_word' id='word_1_209' title='bbox 2163 1614 2289 1679; x_wconf 88' lang='grc' dir='ltr'>θους</span> <span class='ocrx_word' id='word_1_210' title='bbox 2311 1617 2432 1671; x_wconf 77' lang='grc' dir='ltr'>τινὰ</span> <span class='ocrx_word' id='word_1_211' title='bbox 2456 1618 2608 1672; x_wconf 84' lang='grc' dir='ltr'>λύσιν</span> <span class='ocrx_word' id='word_1_212' title='bbox 2646 1620 2902 1693; x_wconf 68' lang='grc' dir='ltr'>ἐφεύροι,</span> <span class='ocrx_word' id='word_1_213' title='bbox 2941 1623 3065 1675; x_wconf 74' lang='grc' dir='ltr'>ἐπεὶ</span> <span class='ocrx_word' id='word_1_214' title='bbox 3093 1625 3367 1695; x_wconf 84' lang='grc' dir='ltr'>μηδεμίαν</span> <span class='ocrx_word' id='word_1_215' title='bbox 3393 1628 3457 1679; x_wconf 86' lang='grc' dir='ltr'><strong>ἐκ</strong></span> <span class='ocrx_word' id='word_1_216' title='bbox 3482 1626 3595 1680; x_wconf 81' lang='grc' dir='ltr'>τῶν</span> <span class='ocrx_word' id='word_1_217' title='bbox 3619 1640 3748 1695; x_wconf 84' lang='grc' dir='ltr'>παρ’</span> 
     </span>
    </p>
   </div>
   <div class='ocr_carea' id='block_1_33' title="bbox 2162 1707 3751 1788">
    <p class='ocr_par' dir='ltr' id='par_1_33' title="bbox 2162 1707 3751 1788">
     <span class='ocr_line' id='line_1_33' title="bbox 2162 1707 3751 1788; baseline 0.008 -29"><span class='ocrx_word' id='word_1_218' title='bbox 2162 1708 2293 1777; x_wconf 85' lang='grc' dir='ltr'>ἡμῖν</span> <span class='ocrx_word' id='word_1_219' title='bbox 2322 1707 2512 1780; x_wconf 83' lang='grc' dir='ltr'>ἐώρων</span> <span class='ocrx_word' id='word_1_220' title='bbox 2542 1712 2637 1764; x_wconf 79' lang='grc' dir='ltr'><strong>τοῦ</strong></span> <span class='ocrx_word' id='word_1_221' title='bbox 2673 1714 2847 1766; x_wconf 63' lang='grc' dir='ltr'>κεικοῦ</span> <span class='ocrx_word' id='word_1_222' title='bbox 2868 1714 3192 1784; x_wconf 72' lang='grc' dir='ltr'>θεραπείαν,</span> <span class='ocrx_word' id='word_1_223' title='bbox 3246 1713 3316 1768; x_wconf 86' lang='grc' dir='ltr'><strong><em>Ὦ</em></strong></span> <span class='ocrx_word' id='word_1_224' title='bbox 3341 1719 3612 1788; x_wconf 74' lang='grc' dir='ltr'>Τερέεων,</span> <span class='ocrx_word' id='word_1_225' title='bbox 3648 1720 3751 1773; x_wconf 68' lang='grc' dir='ltr'>αὐ-</span> 
     </span>
    </p>
   </div>
   <div class='ocr_carea' id='block_1_34' title="bbox 471 1788 2060 1884">
    <p class='ocr_par' dir='ltr' id='par_1_34' title="bbox 471 1793 2058 1864">
     <span class='ocr_line' id='line_1_34' title="bbox 471 1793 2058 1864; baseline 0.001 -16"><span class='ocrx_word' id='word_1_226' title='bbox 471 1810 686 1849; x_wconf 88' lang='lat' dir='ltr'><strong>mecum</strong></span> <span class='ocrx_word' id='word_1_227' title='bbox 750 1793 1101 1864; x_wconf 85' lang='lat' dir='ltr'><strong>colloquebar</strong></span> <span class='ocrx_word' id='word_1_228' title='bbox 1136 1813 1151 1856; x_wconf 87' lang='lat'><strong>:</strong></span> <span class='ocrx_word' id='word_1_229' title='bbox 1183 1794 1228 1850; x_wconf 93' lang='grc' dir='ltr'><strong>Ο</strong></span> <span class='ocrx_word' id='word_1_230' title='bbox 1280 1794 1555 1861; x_wconf 86' lang='lat' dir='ltr'><strong>Terebon,</strong></span> <span class='ocrx_word' id='word_1_231' title='bbox 1588 1796 1680 1851; x_wconf 88' lang='lat' dir='ltr'><strong>ubi</strong></span> <span class='ocrx_word' id='word_1_232' title='bbox 1731 1812 1883 1851; x_wconf 91' lang='lat' dir='ltr'><strong>nune</strong></span> <span class='ocrx_word' id='word_1_233' title='bbox 1925 1805 2058 1851; x_wconf 84' lang='lat' dir='ltr'><strong>sunt</strong></span> 
     </span>
    </p>
   </div>
   <div class='ocr_carea' id='block_1_35' title="bbox 2164 1788 3753 1884">
    <p class='ocr_par' dir='ltr' id='par_1_35' title="bbox 2164 1800 3753 1884">
     <span class='ocr_line' id='line_1_35' title="bbox 2164 1800 3753 1884; baseline 0.009 -31"><span class='ocrx_word' id='word_1_234' title='bbox 2164 1800 2254 1862; x_wconf 80' lang='grc' dir='ltr'><strong>τὸς</strong></span> <span class='ocrx_word' id='word_1_235' title='bbox 2285 1801 2424 1873; x_wconf 83' lang='grc' dir='ltr'>πρὸς</span> <span class='ocrx_word' id='word_1_236' title='bbox 2459 1804 2696 1874; x_wconf 76' lang='grc' dir='ltr'>ἐμαυτὸν</span> <span class='ocrx_word' id='word_1_237' title='bbox 2727 1805 3041 1875; x_wconf 81' lang='grc' dir='ltr'>διωμίλουν,</span> <span class='ocrx_word' id='word_1_238' title='bbox 3078 1807 3183 1861; x_wconf 77' lang='grc' dir='ltr'>ποῦ</span> <span class='ocrx_word' id='word_1_239' title='bbox 3220 1810 3316 1862; x_wconf 79' lang='grc' dir='ltr'>νῦν</span> <span class='ocrx_word' id='word_1_240' title='bbox 3350 1812 3488 1863; x_wconf 76' lang='grc' dir='ltr'>εἰσιν</span> <span class='ocrx_word' id='word_1_241' title='bbox 3524 1812 3581 1864; x_wconf 82' lang='grc' dir='ltr'>αἱ</span> <span class='ocrx_word' id='word_1_242' title='bbox 3618 1812 3753 1884; x_wconf 81' lang='grc' dir='ltr'>παρ’</span> 
     </span>
    </p>
   </div>
   <div class='ocr_carea' id='block_1_36' title="bbox 469 1886 2060 1956">
    <p class='ocr_par' dir='ltr' id='par_1_36' title="bbox 469 1886 2060 1956">
     <span class='ocr_line' id='line_1_36' title="bbox 469 1886 2060 1956; baseline 0.003 -17"><span class='ocrx_word' id='word_1_243' title='bbox 469 1902 593 1956; x_wconf 72' lang='lat' dir='ltr'><strong>quae</strong></span> <span class='ocrx_word' id='word_1_244' title='bbox 617 1887 758 1955; x_wconf 90' lang='lat' dir='ltr'><strong>apud</strong></span> <span class='ocrx_word' id='word_1_245' title='bbox 804 1886 1023 1941; x_wconf 65' lang='lat' dir='ltr'><strong>Graecos</strong></span> <span class='ocrx_word' id='word_1_246' title='bbox 1074 1897 1131 1941; x_wconf 88' lang='lat' dir='ltr'><strong>et</strong></span> <span class='ocrx_word' id='word_1_247' title='bbox 1155 1886 1348 1943; x_wconf 86' lang='lat' dir='ltr'><strong>Persas</strong></span> <span class='ocrx_word' id='word_1_248' title='bbox 1394 1887 1650 1942; x_wconf 82' lang='lat' dir='ltr'><strong>feruntur</strong></span> <span class='ocrx_word' id='word_1_249' title='bbox 1684 1887 1967 1942; x_wconf 69' lang='lat' dir='ltr'><strong>medicina:</strong></span> <span class='ocrx_word' id='word_1_250' title='bbox 2004 1896 2060 1944; x_wconf 88' lang='lat' dir='ltr'><strong>et</strong></span> 
     </span>
    </p>
   </div>
   <div class='ocr_carea' id='block_1_37' title="bbox 472 1978 2060 2050">
    <p class='ocr_par' dir='ltr' id='par_1_37' title="bbox 472 1978 2060 2050">
     <span class='ocr_line' id='line_1_37' title="bbox 472 1978 2060 2050; baseline 0.003 -20"><span class='ocrx_word' id='word_1_251' title='bbox 472 1980 664 2047; x_wconf 73' lang='lat' dir='ltr'><strong>magia:</strong></span> <span class='ocrx_word' id='word_1_252' title='bbox 692 1985 856 2041; x_wconf 84' lang='lat' dir='ltr'><strong>artes,</strong></span> <span class='ocrx_word' id='word_1_253' title='bbox 889 1994 953 2033; x_wconf 87' lang='lat' dir='ltr'><strong>ac</strong></span> <span class='ocrx_word' id='word_1_254' title='bbox 976 1994 1131 2049; x_wconf 78' lang='lat' dir='ltr'><strong>nugae</strong></span> <span class='ocrx_word' id='word_1_255' title='bbox 1161 1993 1372 2043; x_wconf 86' lang='lat' dir='ltr'><strong>earum,</strong></span> <span class='ocrx_word' id='word_1_256' title='bbox 1404 1979 1672 2050; x_wconf 77' lang='lat' dir='ltr'><strong>vulgoque</strong></span> <span class='ocrx_word' id='word_1_257' title='bbox 1697 1978 1900 2048; x_wconf 87' lang='lat' dir='ltr'><strong>jactata</strong></span> <span class='ocrx_word' id='word_1_258' title='bbox 1933 1979 2060 2034; x_wconf 90' lang='lat' dir='ltr'><strong>inde</strong></span> 
     </span>
    </p>
   </div>
   <div class='ocr_carea' id='block_1_38' title="bbox 474 2068 2061 2141">
    <p class='ocr_par' dir='ltr' id='par_1_38' title="bbox 474 2068 2061 2141">
     <span class='ocr_line' id='line_1_38' title="bbox 474 2068 2061 2141; baseline 0.004 -20"><span class='ocrx_word' id='word_1_259' title='bbox 474 2069 734 2123; x_wconf 83' lang='lat' dir='ltr'><strong>utilitas?</strong></span> <span class='ocrx_word' id='word_1_260' title='bbox 770 2068 870 2124; x_wconf 83' lang='lat' dir='ltr'><strong>Ubi</strong></span> <span class='ocrx_word' id='word_1_261' title='bbox 908 2085 1034 2124; x_wconf 82' lang='lat' dir='ltr'><strong>vero</strong></span> <span class='ocrx_word' id='word_1_262' title='bbox 1088 2070 1488 2140; x_wconf 66' lang='lat' dir='ltr'><strong>astrologorum</strong></span> <span class='ocrx_word' id='word_1_263' title='bbox 1522 2071 1833 2141; x_wconf 58' lang='lat' dir='ltr'><strong>praestigiae,</strong></span> <span class='ocrx_word' id='word_1_264' title='bbox 1882 2080 1937 2126; x_wconf 87' lang='lat' dir='ltr'><strong>et</strong></span> <span class='ocrx_word' id='word_1_265' title='bbox 1971 2087 2061 2127; x_wconf 89' lang='lat' dir='ltr'><strong>sa-</strong></span> 
     </span>
    </p>
   </div>
   <div class='ocr_carea' id='block_1_39' title="bbox 470 2160 2062 2233">
    <p class='ocr_par' dir='ltr' id='par_1_39' title="bbox 470 2160 2062 2233">
     <span class='ocr_line' id='line_1_39' title="bbox 470 2160 2062 2233; baseline 0.002 -19"><span class='ocrx_word' id='word_1_266' title='bbox 470 2173 689 2214; x_wconf 86' lang='lat' dir='ltr'><strong>crorum</strong></span> <span class='ocrx_word' id='word_1_267' title='bbox 730 2170 1045 2214; x_wconf 77' lang='lat' dir='ltr'><strong>nostrorum</strong></span> <span class='ocrx_word' id='word_1_268' title='bbox 1084 2160 1330 2215; x_wconf 70' lang='lat' dir='ltr'><strong>conﬁcta:</strong></span> <span class='ocrx_word' id='word_1_269' title='bbox 1377 2162 1946 2233; x_wconf 48' lang='lat' dir='ltr'><strong>fabulzeﬁnutilesque</strong></span> <span class='ocrx_word' id='word_1_270' title='bbox 1976 2163 2062 2217; x_wconf 88' lang='lat' dir='ltr'><strong>in-</strong></span> 
     </span>
    </p>
   </div>
   <div class='ocr_carea' id='block_1_40' title="bbox 471 2243 2061 2308">
    <p class='ocr_par' dir='ltr' id='par_1_40' title="bbox 471 2243 2061 2308">
     <span class='ocr_line' id='line_1_40' title="bbox 471 2243 2061 2308; baseline 0.004 -6"><span class='ocrx_word' id='word_1_271' title='bbox 471 2248 835 2303; x_wconf 82' lang='lat' dir='ltr'><strong>vocationes?</strong></span> <span class='ocrx_word' id='word_1_272' title='bbox 885 2249 1135 2305; x_wconf 78' lang='lat' dir='ltr'><strong>Profecto</strong></span> <span class='ocrx_word' id='word_1_273' title='bbox 1161 2260 1359 2305; x_wconf 87' lang='lat' dir='ltr'><strong>cuncta</strong></span> <span class='ocrx_word' id='word_1_274' title='bbox 1404 2251 1625 2307; x_wconf 82' lang='lat' dir='ltr'><strong>fraudes</strong></span> <span class='ocrx_word' id='word_1_275' title='bbox 1658 2243 1865 2308; x_wconf 76' lang='lat' dir='ltr'><strong>suntet</strong></span> <span class='ocrx_word' id='word_1_276' title='bbox 1918 2256 2061 2308; x_wconf 85' lang='lat' dir='ltr'><strong>risus</strong></span> 
     </span>
    </p>
   </div>
   <div class='ocr_carea' id='block_1_41' title="bbox 474 2338 2060 2413">
    <p class='ocr_par' dir='ltr' id='par_1_41' title="bbox 474 2338 2060 2413">
     <span class='ocr_line' id='line_1_41' title="bbox 474 2338 2060 2413; baseline 0.003 -20"><span class='ocrx_word' id='word_1_277' title='bbox 474 2338 832 2407; x_wconf 81' lang='lat' dir='ltr'><strong>manifestus;</strong></span> <span class='ocrx_word' id='word_1_278' title='bbox 895 2356 1017 2411; x_wconf 64' lang='lat' dir='ltr'><strong>quae</strong></span> <span class='ocrx_word' id='word_1_279' title='bbox 1059 2340 1221 2406; x_wconf 84' lang='lat' dir='ltr'><strong>nihil,</strong></span> <span class='ocrx_word' id='word_1_280' title='bbox 1266 2342 1512 2412; x_wconf 88' lang='lat' dir='ltr'><strong>inquam,</strong></span> <span class='ocrx_word' id='word_1_281' title='bbox 1562 2350 1795 2413; x_wconf 88' lang='lat' dir='ltr'><strong>possunt</strong></span> <span class='ocrx_word' id='word_1_282' title='bbox 1845 2343 2060 2398; x_wconf 85' lang='lat' dir='ltr'><strong>ellicere</strong></span> 
     </span>
    </p>
   </div>
   <div class='ocr_carea' id='block_1_42' title="bbox 473 2428 2060 2501">
    <p class='ocr_par' dir='ltr' id='par_1_42' title="bbox 473 2428 2060 2501">
     <span class='ocr_line' id='line_1_42' title="bbox 473 2428 2060 2501; baseline 0.001 -17"><span class='ocrx_word' id='word_1_283' title='bbox 473 2429 681 2500; x_wconf 87' lang='lat' dir='ltr'><strong>absque</strong></span> <span class='ocrx_word' id='word_1_284' title='bbox 728 2430 1117 2485; x_wconf 82' lang='lat' dir='ltr'><strong>universorum</strong></span> <span class='ocrx_word' id='word_1_285' title='bbox 1155 2428 1365 2501; x_wconf 81' lang='lat' dir='ltr'><strong>Opiﬁce</strong></span> <span class='ocrx_word' id='word_1_286' title='bbox 1388 2440 1444 2486; x_wconf 91' lang='lat' dir='ltr'><strong>et</strong></span> <span class='ocrx_word' id='word_1_287' title='bbox 1494 2432 1748 2486; x_wconf 91' lang='lat' dir='ltr'><strong>Domino.</strong></span> <span class='ocrx_word' id='word_1_288' title='bbox 1799 2432 1895 2485; x_wconf 90' lang='lat' dir='ltr'><strong>llis</strong></span> <span class='ocrx_word' id='word_1_289' title='bbox 1931 2446 2060 2500; x_wconf 80' lang='lat' dir='ltr'><strong>ergo</strong></span> 
     </span>
    </p>
   </div>
   <div class='ocr_carea' id='block_1_43' title="bbox 472 2522 2062 2600">
    <p class='ocr_par' dir='ltr' id='par_1_43' title="bbox 472 2522 2062 2600">
     <span class='ocr_line' id='line_1_43' title="bbox 472 2522 2062 2600; baseline -0.001 -24"><span class='ocrx_word' id='word_1_290' title='bbox 472 2522 620 2591; x_wconf 87' lang='lat' dir='ltr'><strong>apud</strong></span> <span class='ocrx_word' id='word_1_291' title='bbox 675 2537 762 2576; x_wconf 90' lang='lat' dir='ltr'><strong>me</strong></span> <span class='ocrx_word' id='word_1_292' title='bbox 813 2522 974 2600; x_wconf 82' lang='lat' dir='ltr'><strong>dictis</strong></span> <span class='ocrx_word' id='word_1_293' title='bbox 1016 2537 1081 2577; x_wconf 90' lang='lat' dir='ltr'><strong>ac</strong></span> <span class='ocrx_word' id='word_1_294' title='bbox 1118 2522 1467 2589; x_wconf 85' lang='lat' dir='ltr'><strong>dissertatis,</strong></span> <span class='ocrx_word' id='word_1_295' title='bbox 1519 2524 1693 2577; x_wconf 86' lang='lat' dir='ltr'><strong>Deum</strong></span> <span class='ocrx_word' id='word_1_296' title='bbox 1741 2523 2062 2577; x_wconf 86' lang='lat' dir='ltr'><strong>ardentissi-</strong></span> 
     </span>
    </p>
   </div>
   <div class='ocr_carea' id='block_1_44' title="bbox 475 2613 2060 2683">
    <p class='ocr_par' dir='ltr' id='par_1_44' title="bbox 475 2613 2060 2683">
     <span class='ocr_line' id='line_1_44' title="bbox 475 2613 2060 2683; baseline -0.001 -16"><span class='ocrx_word' id='word_1_297' title='bbox 475 2629 565 2668; x_wconf 87' lang='lat' dir='ltr'><strong>me</strong></span> <span class='ocrx_word' id='word_1_298' title='bbox 591 2625 845 2682; x_wconf 86' lang='lat' dir='ltr'><strong>precatus</strong></span> <span class='ocrx_word' id='word_1_299' title='bbox 880 2630 1025 2678; x_wconf 83' lang='lat' dir='ltr'><strong>sum,</strong></span> <span class='ocrx_word' id='word_1_300' title='bbox 1050 2623 1105 2668; x_wconf 87' lang='lat' dir='ltr'><strong>et</strong></span> <span class='ocrx_word' id='word_1_301' title='bbox 1143 2615 1213 2669; x_wconf 88' lang='lat' dir='ltr'><strong>ab</strong></span> <span class='ocrx_word' id='word_1_302' title='bbox 1238 2629 1304 2669; x_wconf 88' lang='lat' dir='ltr'><strong>eo</strong></span> <span class='ocrx_word' id='word_1_303' title='bbox 1338 2613 1467 2683; x_wconf 68' lang='lat' dir='ltr'><strong>petii</strong></span> <span class='ocrx_word' id='word_1_304' title='bbox 1495 2629 1523 2666; x_wconf 91' lang='lat' dir='ltr'><strong>a</strong></span> <span class='ocrx_word' id='word_1_305' title='bbox 1558 2614 1753 2667; x_wconf 90' lang='lat' dir='ltr'><strong>morbo</strong></span> <span class='ocrx_word' id='word_1_306' title='bbox 1786 2613 2060 2667; x_wconf 83' lang='lat' dir='ltr'><strong>liberatio-</strong></span> 
     </span>
    </p>
   </div>
   <div class='ocr_carea' id='block_1_45' title="bbox 473 2705 2059 2776">
    <p class='ocr_par' dir='ltr' id='par_1_45' title="bbox 473 2705 2059 2776">
     <span class='ocr_line' id='line_1_45' title="bbox 473 2705 2059 2776; baseline 0 -16"><span class='ocrx_word' id='word_1_307' title='bbox 473 2722 634 2762; x_wconf 85' lang='lat' dir='ltr'><strong>nem:</strong></span> <span class='ocrx_word' id='word_1_308' title='bbox 679 2714 842 2775; x_wconf 87' lang='lat' dir='ltr'><strong>atque</strong></span> <span class='ocrx_word' id='word_1_309' title='bbox 870 2706 1111 2761; x_wconf 77' lang='lat' dir='ltr'><strong>vicissim</strong></span> <span class='ocrx_word' id='word_1_310' title='bbox 1149 2706 1265 2776; x_wconf 81' lang='lat' dir='ltr'><strong>ipse</strong></span> <span class='ocrx_word' id='word_1_311' title='bbox 1308 2705 1586 2774; x_wconf 87' lang='lat' dir='ltr'><strong>pollicitus</strong></span> <span class='ocrx_word' id='word_1_312' title='bbox 1624 2722 1744 2760; x_wconf 88' lang='lat' dir='ltr'><strong>sum</strong></span> <span class='ocrx_word' id='word_1_313' title='bbox 1794 2721 2059 2776; x_wconf 85' lang='lat' dir='ltr'><strong>repensu-</strong></span> 
     </span>
    </p>
   </div>
   <div class='ocr_carea' id='block_1_46' title="bbox 471 2796 1932 2862">
    <p class='ocr_par' dir='ltr' id='par_1_46' title="bbox 471 2796 1932 2862">
     <span class='ocr_line' id='line_1_46' title="bbox 471 2796 1932 2862; baseline -0.001 -8"><span class='ocrx_word' id='word_1_314' title='bbox 471 2814 592 2854; x_wconf 88' lang='lat' dir='ltr'><strong>rum</strong></span> <span class='ocrx_word' id='word_1_315' title='bbox 628 2814 713 2852; x_wconf 85' lang='lat' dir='ltr'><strong>me</strong></span> <span class='ocrx_word' id='word_1_316' title='bbox 745 2800 870 2854; x_wconf 78' lang='lat' dir='ltr'><strong>vitae</strong></span> <span class='ocrx_word' id='word_1_317' title='bbox 905 2798 1288 2862; x_wconf 88' lang='lat' dir='ltr'><strong>mutationem,</strong></span> <span class='ocrx_word' id='word_1_318' title='bbox 1312 2807 1366 2850; x_wconf 84' lang='lat' dir='ltr'><strong>et</strong></span> <span class='ocrx_word' id='word_1_319' title='bbox 1395 2796 1767 2851; x_wconf 78' lang='lat' dir='ltr'><strong>Christianum</strong></span> <span class='ocrx_word' id='word_1_320' title='bbox 1794 2797 1932 2852; x_wconf 83' lang='lat' dir='ltr'><strong>fore.</strong></span> 
     </span>
    </p>
   </div>
   <div class='ocr_carea' id='block_1_47' title="bbox 523 2890 2059 2960">
    <p class='ocr_par' dir='ltr' id='par_1_47' title="bbox 523 2890 2059 2960">
     <span class='ocr_line' id='line_1_47' title="bbox 523 2890 2059 2960; baseline 0.001 -14"><span class='ocrx_word' id='word_1_321' title='bbox 523 2891 685 2953; x_wconf 50' lang='lat' dir='ltr'><strong>.XXI.</strong></span> <span class='ocrx_word' id='word_1_322' title='bbox 752 2892 890 2945; x_wconf 72' lang='lat' dir='ltr'><strong>llum</strong></span> <span class='ocrx_word' id='word_1_323' title='bbox 962 2906 1093 2945; x_wconf 90' lang='lat' dir='ltr'><strong>vero</strong></span> <span class='ocrx_word' id='word_1_324' title='bbox 1162 2890 1281 2944; x_wconf 66' lang='lat' dir='ltr'><strong>haec</strong></span> <span class='ocrx_word' id='word_1_325' title='bbox 1340 2898 1547 2954; x_wconf 86' lang='lat' dir='ltr'><strong>essent,</strong></span> <span class='ocrx_word' id='word_1_326' title='bbox 1634 2890 1907 2960; x_wconf 79' lang='lat' dir='ltr'><strong>talemque</strong></span> <span class='ocrx_word' id='word_1_327' title='bbox 1992 2893 2059 2948; x_wconf 89' lang='lat' dir='ltr'><strong>ad</strong></span> 
     </span>
    </p>
   </div>
   <div class='ocr_carea' id='block_1_48' title="bbox 473 2980 2058 3052">
    <p class='ocr_par' dir='ltr' id='par_1_48' title="bbox 473 2980 2058 3052">
     <span class='ocr_line' id='line_1_48' title="bbox 473 2980 2058 3052; baseline 0.001 -14"><span class='ocrx_word' id='word_1_328' title='bbox 473 2983 647 3038; x_wconf 90' lang='lat' dir='ltr'><strong>Deum</strong></span> <span class='ocrx_word' id='word_1_329' title='bbox 735 2982 1008 3037; x_wconf 67' lang='lat' dir='ltr'><strong>deferrem</strong></span> <span class='ocrx_word' id='word_1_330' title='bbox 1091 2980 1570 3050; x_wconf 88' lang='lat' dir='ltr'><strong>supplicationem,</strong></span> <span class='ocrx_word' id='word_1_331' title='bbox 1667 2982 1933 3052; x_wconf 86' lang='lat' dir='ltr'><strong>paulatim</strong></span> <span class='ocrx_word' id='word_1_332' title='bbox 2005 2985 2058 3039; x_wconf 91' lang='lat' dir='ltr'><strong>in</strong></span> 
     </span>
    </p>
   </div>
   <div class='ocr_carea' id='block_1_49' title="bbox 471 3072 2060 3143">
    <p class='ocr_par' dir='ltr' id='par_1_49' title="bbox 471 3072 2060 3143">
     <span class='ocr_line' id='line_1_49' title="bbox 471 3072 2060 3143; baseline 0 -11"><span class='ocrx_word' id='word_1_333' title='bbox 471 3092 728 3132; x_wconf 88' lang='lat' dir='ltr'><strong>somnum</strong></span> <span class='ocrx_word' id='word_1_334' title='bbox 759 3075 1048 3139; x_wconf 88' lang='lat' dir='ltr'><strong>deductus,</strong></span> <span class='ocrx_word' id='word_1_335' title='bbox 1079 3072 1217 3127; x_wconf 90' lang='lat' dir='ltr'><strong>mihi</strong></span> <span class='ocrx_word' id='word_1_336' title='bbox 1244 3072 1469 3128; x_wconf 80' lang='lat' dir='ltr'><strong>videb‘ar</strong></span> <span class='ocrx_word' id='word_1_337' title='bbox 1506 3076 1800 3143; x_wconf 89' lang='lat' dir='ltr'><strong>quemdam</strong></span> <span class='ocrx_word' id='word_1_338' title='bbox 1833 3090 2060 3132; x_wconf 86' lang='lat' dir='ltr'><strong>eernere</strong></span> 
     </span>
    </p>
   </div>
   <div class='ocr_carea' id='block_1_50' title="bbox 472 3150 2129 3239">
    <p class='ocr_par' dir='ltr' id='par_1_50' title="bbox 472 3150 2129 3239">
     <span class='ocr_line' id='line_1_50' title="bbox 472 3150 2129 3239; baseline -0.001 -14"><span class='ocrx_word' id='word_1_339' title='bbox 472 3172 802 3225; x_wconf 86' lang='lat' dir='ltr'><strong>monachum</strong></span> <span class='ocrx_word' id='word_1_340' title='bbox 838 3169 1106 3238; x_wconf 76' lang='lat' dir='ltr'><strong>proitiissa</strong></span> <span class='ocrx_word' id='word_1_341' title='bbox 1129 3166 1411 3238; x_wconf 87' lang='lat' dir='ltr'><strong>densaque</strong></span> <span class='ocrx_word' id='word_1_342' title='bbox 1468 3168 1660 3233; x_wconf 86' lang='lat' dir='ltr'><strong>barba,</strong></span> <span class='ocrx_word' id='word_1_343' title='bbox 1723 3170 1837 3239; x_wconf 87' lang='lat' dir='ltr'><strong>jam</strong></span> <span class='ocrx_word' id='word_1_344' title='bbox 1897 3150 2129 3223; x_wconf 79' lang='lat' dir='ltr'><strong>senc-c</strong></span> 
     </span>
    </p>
   </div>
   <div class='ocr_carea' id='block_1_51' title="bbox 473 3261 2057 3333">
    <p class='ocr_par' dir='ltr' id='par_1_51' title="bbox 473 3261 2057 3333">
     <span class='ocr_line' id='line_1_51' title="bbox 473 3261 2057 3333; baseline -0.001 -16"><span class='ocrx_word' id='word_1_345' title='bbox 473 3272 723 3318; x_wconf 87' lang='lat' dir='ltr'><strong>scentem</strong></span> <span class='ocrx_word' id='word_1_346' title='bbox 753 3269 808 3315; x_wconf 90' lang='lat' dir='ltr'><strong>et</strong></span> <span class='ocrx_word' id='word_1_347' title='bbox 842 3261 993 3313; x_wconf 85' lang='lat' dir='ltr'><strong>canis</strong></span> <span class='ocrx_word' id='word_1_348' title='bbox 1018 3274 1401 3330; x_wconf 85' lang='lat' dir='ltr'><strong>conspersum,</strong></span> <span class='ocrx_word' id='word_1_349' title='bbox 1428 3262 1520 3330; x_wconf 90' lang='lat' dir='ltr'><strong>qui</strong></span> <span class='ocrx_word' id='word_1_350' title='bbox 1550 3261 2057 3333; x_wconf 86' lang='lat' dir='ltr'><strong>interrogabatme,</strong></span> 
     </span>
    </p>
   </div>
   <div class='ocr_carea' id='block_1_52' title="bbox 471 3350 2059 3423">
    <p class='ocr_par' dir='ltr' id='par_1_52' title="bbox 471 3350 2059 3423">
     <span class='ocr_line' id='line_1_52' title="bbox 471 3350 2059 3423; baseline 0.001 -16"><span class='ocrx_word' id='word_1_351' title='bbox 471 3354 725 3423; x_wconf 78' lang='lat' dir='ltr'><strong>quisnam</strong></span> <span class='ocrx_word' id='word_1_352' title='bbox 755 3350 1158 3416; x_wconf 87' lang='lat' dir='ltr'><strong>essetmorbus,</strong></span> <span class='ocrx_word' id='word_1_353' title='bbox 1181 3351 1442 3420; x_wconf 89' lang='lat' dir='ltr'><strong>quidnam</strong></span> <span class='ocrx_word' id='word_1_354' title='bbox 1465 3353 1591 3406; x_wconf 86' lang='lat' dir='ltr'><strong>mali</strong></span> <span class='ocrx_word' id='word_1_355' title='bbox 1619 3369 1719 3407; x_wconf 79' lang='lat' dir='ltr'><strong>nos</strong></span> <span class='ocrx_word' id='word_1_356' title='bbox 1748 3352 2059 3408; x_wconf 88' lang='lat' dir='ltr'><strong>invasisset.</strong></span> 
     </span>
    </p>
   </div>
   <div class='ocr_carea' id='block_1_53' title="bbox 471 3441 2061 3513">
    <p class='ocr_par' dir='ltr' id='par_1_53' title="bbox 471 3441 2061 3513">
     <span class='ocr_line' id='line_1_53' title="bbox 471 3441 2061 3513; baseline 0 -13"><span class='ocrx_word' id='word_1_357' title='bbox 471 3445 721 3511; x_wconf 85' lang='lat' dir='ltr'><strong>Cumque</strong></span> <span class='ocrx_word' id='word_1_358' title='bbox 752 3457 852 3511; x_wconf 89' lang='lat' dir='ltr'><strong>ego</strong></span> <span class='ocrx_word' id='word_1_359' title='bbox 885 3442 934 3495; x_wconf 88' lang='lat' dir='ltr'><strong>ei</strong></span> <span class='ocrx_word' id='word_1_360' title='bbox 966 3441 1218 3496; x_wconf 89' lang='lat' dir='ltr'><strong>morbum</strong></span> <span class='ocrx_word' id='word_1_361' title='bbox 1254 3444 1641 3510; x_wconf 77' lang='lat' dir='ltr'><strong>ostendissent,</strong></span> <span class='ocrx_word' id='word_1_362' title='bbox 1702 3445 1795 3498; x_wconf 91' lang='lat' dir='ltr'><strong>ille</strong></span> <span class='ocrx_word' id='word_1_363' title='bbox 1825 3463 1837 3496; x_wconf 92' lang='lat'><strong>:</strong></span> <span class='ocrx_word' id='word_1_364' title='bbox 1866 3444 2061 3513; x_wconf 86' lang='lat' dir='ltr'><strong>Imple-</strong></span> 
     </span>
    </p>
   </div>
   <div class='ocr_carea' id='block_1_54' title="bbox 473 3531 2063 3605">
    <p class='ocr_par' dir='ltr' id='par_1_54' title="bbox 473 3531 2063 3605">
     <span class='ocr_line' id='line_1_54' title="bbox 473 3531 2063 3605; baseline 0.001 -18"><span class='ocrx_word' id='word_1_365' title='bbox 473 3534 653 3596; x_wconf 88' lang='lat' dir='ltr'><strong>bisne,</strong></span> <span class='ocrx_word' id='word_1_366' title='bbox 687 3531 886 3601; x_wconf 90' lang='lat' dir='ltr'><strong>inquit,</strong></span> <span class='ocrx_word' id='word_1_367' title='bbox 939 3540 997 3585; x_wconf 86' lang='grc' dir='ltr'><strong>ιιι</strong></span> <span class='ocrx_word' id='word_1_368' title='bbox 1051 3548 1396 3602; x_wconf 73' lang='lat' dir='ltr'><strong>quaecunque</strong></span> <span class='ocrx_word' id='word_1_369' title='bbox 1443 3533 1556 3588; x_wconf 86' lang='lat' dir='ltr'><strong>Dee</strong></span> <span class='ocrx_word' id='word_1_370' title='bbox 1620 3550 1679 3588; x_wconf 88' lang='lat' dir='ltr'><strong>es</strong></span> <span class='ocrx_word' id='word_1_371' title='bbox 1732 3535 2063 3605; x_wconf 82' lang='lat' dir='ltr'><strong>pollicitus?</strong></span> 
     </span>
    </p>
   </div>
   <div class='ocr_carea' id='block_1_55' title="bbox 471 3624 2062 3699">
    <p class='ocr_par' dir='ltr' id='par_1_55' title="bbox 471 3624 2062 3699">
     <span class='ocr_line' id='line_1_55' title="bbox 471 3624 2062 3699; baseline 0.003 -21"><span class='ocrx_word' id='word_1_372' title='bbox 471 3624 679 3679; x_wconf 84' lang='lat' dir='ltr'><strong>Deinde</strong></span> <span class='ocrx_word' id='word_1_373' title='bbox 708 3640 833 3678; x_wconf 89' lang='lat' dir='ltr'><strong>eum</strong></span> <span class='ocrx_word' id='word_1_374' title='bbox 867 3640 966 3694; x_wconf 83' lang='lat' dir='ltr'><strong>ego</strong></span> <span class='ocrx_word' id='word_1_375' title='bbox 995 3625 1198 3678; x_wconf 89' lang='lat' dir='ltr'><strong>iterum</strong></span> <span class='ocrx_word' id='word_1_376' title='bbox 1259 3627 1660 3695; x_wconf 89' lang='lat' dir='ltr'><strong>promisissem,</strong></span> <span class='ocrx_word' id='word_1_377' title='bbox 1688 3643 1777 3682; x_wconf 84' lang='lat' dir='ltr'><strong>me</strong></span> <span class='ocrx_word' id='word_1_378' title='bbox 1807 3639 2062 3699; x_wconf 87' lang='lat' dir='ltr'><strong>prompto</strong></span> 
     </span>
    </p>
   </div>
   <div class='ocr_carea' id='block_1_56' title="bbox 472 3717 2060 3791">
    <p class='ocr_par' dir='ltr' id='par_1_56' title="bbox 472 3717 2060 3791">
     <span class='ocr_line' id='line_1_56' title="bbox 472 3717 2060 3791; baseline 0.003 -19"><span class='ocrx_word' id='word_1_379' title='bbox 472 3726 529 3772; x_wconf 91' lang='lat' dir='ltr'><strong>et</strong></span> <span class='ocrx_word' id='word_1_380' title='bbox 559 3717 726 3772; x_wconf 83' lang='lat' dir='ltr'><strong>alacri</strong></span> <span class='ocrx_word' id='word_1_381' title='bbox 750 3719 934 3772; x_wconf 87' lang='lat' dir='ltr'><strong>animo</strong></span> <span class='ocrx_word' id='word_1_382' title='bbox 962 3719 1147 3772; x_wconf 88' lang='lat' dir='ltr'><strong>omnia</strong></span> <span class='ocrx_word' id='word_1_383' title='bbox 1196 3718 1550 3788; x_wconf 86' lang='lat' dir='ltr'><strong>impleturum</strong></span> <span class='ocrx_word' id='word_1_384' title='bbox 1585 3736 1599 3773; x_wconf 92' lang='lat'>:</span> <span class='ocrx_word' id='word_1_385' title='bbox 1656 3720 1789 3791; x_wconf 84' lang='lat' dir='ltr'><strong>Ego,</strong></span> <span class='ocrx_word' id='word_1_386' title='bbox 1862 3722 2060 3791; x_wconf 87' lang='lat' dir='ltr'><strong>inquit,</strong></span> 
     </span>
    </p>
   </div>
   <div class='ocr_carea' id='block_1_57' title="bbox 424 3807 2062 3879">
    <p class='ocr_par' dir='ltr' id='par_1_57' title="bbox 424 3807 2062 3879">
     <span class='ocr_line' id='line_1_57' title="bbox 424 3807 2062 3879; baseline 0.001 -15"><span class='ocrx_word' id='word_1_387' title='bbox 424 3858 427 3865; x_wconf 42' lang='grc' dir='ltr'><strong><em>λ</em></strong></span> <span class='ocrx_word' id='word_1_388' title='bbox 472 3823 594 3861; x_wconf 89' lang='lat' dir='ltr'><strong>sum</strong></span> <span class='ocrx_word' id='word_1_389' title='bbox 670 3807 1017 3878; x_wconf 87' lang='lat' dir='ltr'><strong>Euthymius,</strong></span> <span class='ocrx_word' id='word_1_390' title='bbox 1059 3809 1153 3879; x_wconf 87' lang='lat' dir='ltr'><strong>qui</strong></span> <span class='ocrx_word' id='word_1_391' title='bbox 1212 3808 1282 3863; x_wconf 90' lang='lat' dir='ltr'><strong>ad</strong></span> <span class='ocrx_word' id='word_1_392' title='bbox 1335 3811 1659 3865; x_wconf 88' lang='lat' dir='ltr'><strong>orientalem</strong></span> <span class='ocrx_word' id='word_1_393' title='bbox 1709 3812 2062 3867; x_wconf 87' lang='lat' dir='ltr'><strong>solitudinem</strong></span> 
     </span>
    </p>
   </div>
   <div class='ocr_carea' id='block_1_58' title="bbox 473 3900 2063 3975">
    <p class='ocr_par' dir='ltr' id='par_1_58' title="bbox 473 3900 2063 3975">
     <span class='ocr_line' id='line_1_58' title="bbox 473 3900 2063 3975; baseline 0.004 -21"><span class='ocrx_word' id='word_1_394' title='bbox 473 3900 662 3955; x_wconf 88' lang='lat' dir='ltr'><strong>habito</strong></span> <span class='ocrx_word' id='word_1_395' title='bbox 694 3900 749 3954; x_wconf 90' lang='lat' dir='ltr'><strong>in</strong></span> <span class='ocrx_word' id='word_1_396' title='bbox 778 3911 1021 3957; x_wconf 85' lang='lat' dir='ltr'><strong>torrente</strong></span> <span class='ocrx_word' id='word_1_397' title='bbox 1087 3902 1157 3957; x_wconf 87' lang='lat' dir='ltr'><strong>ad</strong></span> <span class='ocrx_word' id='word_1_398' title='bbox 1220 3903 1516 3957; x_wconf 86' lang='lat' dir='ltr'><strong>australem</strong></span> <span class='ocrx_word' id='word_1_399' title='bbox 1574 3916 1782 3974; x_wconf 86' lang='lat' dir='ltr'><strong>partem</strong></span> <span class='ocrx_word' id='word_1_400' title='bbox 1816 3905 1917 3961; x_wconf 75' lang='lat' dir='ltr'><strong>viae</strong></span> <span class='ocrx_word' id='word_1_401' title='bbox 1940 3922 2063 3975; x_wconf 71' lang='lat' dir='ltr'><strong>quae</strong></span> 
     </span>
    </p>
   </div>
   <div class='ocr_carea' id='block_1_59' title="bbox 470 3992 2063 4060">
    <p class='ocr_par' dir='ltr' id='par_1_59' title="bbox 470 3992 2063 4060">
     <span class='ocr_line' id='line_1_59' title="bbox 470 3992 2063 4060; baseline 0.004 -13"><span class='ocrx_word' id='word_1_402' title='bbox 470 3992 890 4048; x_wconf 85' lang='lat' dir='ltr'><strong>Hicricbuntem</strong></span> <span class='ocrx_word' id='word_1_403' title='bbox 924 3995 1076 4050; x_wconf 88' lang='lat' dir='ltr'><strong>ducit</strong></span> <span class='ocrx_word' id='word_1_404' title='bbox 1130 3996 1257 4060; x_wconf 70' lang='lat' dir='ltr'><strong>aito,</strong></span> <span class='ocrx_word' id='word_1_405' title='bbox 1291 3995 1481 4049; x_wconf 87' lang='lat' dir='ltr'><strong>decem</strong></span> <span class='ocrx_word' id='word_1_406' title='bbox 1544 3996 1787 4053; x_wconf 89' lang='lat' dir='ltr'><strong>millibus</strong></span> <span class='ocrx_word' id='word_1_407' title='bbox 1838 3997 2063 4054; x_wconf 87' lang='lat' dir='ltr'><strong>dissitus</strong></span> 
     </span>
    </p>
   </div>
   <div class='ocr_carea' id='block_1_60' title="bbox 473 4082 2058 4157">
    <p class='ocr_par' dir='ltr' id='par_1_60' title="bbox 473 4082 2058 4157">
     <span class='ocr_line' id='line_1_60' title="bbox 473 4082 2058 4157; baseline 0.004 -19"><span class='ocrx_word' id='word_1_408' title='bbox 473 4101 502 4138; x_wconf 91' lang='lat' dir='ltr'><strong>a</strong></span> <span class='ocrx_word' id='word_1_409' title='bbox 527 4082 938 4155; x_wconf 79' lang='lat' dir='ltr'><strong>Hierosolymis.</strong></span> <span class='ocrx_word' id='word_1_410' title='bbox 962 4084 1017 4139; x_wconf 91' lang='lat' dir='ltr'><strong>Si</strong></span> <span class='ocrx_word' id='word_1_411' title='bbox 1036 4087 1117 4141; x_wconf 88' lang='lat' dir='ltr'><strong>vis</strong></span> <span class='ocrx_word' id='word_1_412' title='bbox 1135 4102 1264 4157; x_wconf 87' lang='lat' dir='ltr'><strong>ergo</strong></span> <span class='ocrx_word' id='word_1_413' title='bbox 1286 4088 1537 4141; x_wconf 85' lang='lat' dir='ltr'><strong>invenire</strong></span> <span class='ocrx_word' id='word_1_414' title='bbox 1558 4088 1688 4143; x_wconf 89' lang='lat' dir='ltr'><strong>mali</strong></span> <span class='ocrx_word' id='word_1_415' title='bbox 1705 4089 2058 4157; x_wconf 88' lang='lat' dir='ltr'><strong>solutionem,</strong></span> 
     </span>
    </p>
   </div>
   <div class='ocr_carea' id='block_1_61' title="bbox 472 4176 2065 4247">
    <p class='ocr_par' dir='ltr' id='par_1_61' title="bbox 472 4176 2065 4247">
     <span class='ocr_line' id='line_1_61' title="bbox 472 4176 2065 4247; baseline 0.003 -16"><span class='ocrx_word' id='word_1_416' title='bbox 472 4176 598 4231; x_wconf 89' lang='lat' dir='ltr'><strong>veni</strong></span> <span class='ocrx_word' id='word_1_417' title='bbox 632 4177 700 4228; x_wconf 85' lang='lat' dir='ltr'><strong>ad</strong></span> <span class='ocrx_word' id='word_1_418' title='bbox 730 4192 839 4241; x_wconf 90' lang='lat' dir='ltr'><strong>me,</strong></span> <span class='ocrx_word' id='word_1_419' title='bbox 865 4176 962 4240; x_wconf 87' lang='lat' dir='ltr'><strong>ait,</strong></span> <span class='ocrx_word' id='word_1_420' title='bbox 1004 4185 1060 4231; x_wconf 90' lang='lat' dir='ltr'><strong>et</strong></span> <span class='ocrx_word' id='word_1_421' title='bbox 1086 4192 1183 4247; x_wconf 87' lang='lat' dir='ltr'><strong>per</strong></span> <span class='ocrx_word' id='word_1_422' title='bbox 1214 4193 1316 4231; x_wconf 85' lang='lat' dir='ltr'><strong>nos</strong></span> <span class='ocrx_word' id='word_1_423' title='bbox 1365 4178 1582 4233; x_wconf 86' lang='lat' dir='ltr'><strong>sanabit</strong></span> <span class='ocrx_word' id='word_1_424' title='bbox 1636 4188 1686 4234; x_wconf 92' lang='lat' dir='ltr'><strong>te</strong></span> <span class='ocrx_word' id='word_1_425' title='bbox 1740 4180 1907 4235; x_wconf 86' lang='lat' dir='ltr'><strong>Deus.</strong></span> <span class='ocrx_word' id='word_1_426' title='bbox 1936 4179 2065 4237; x_wconf 72' lang='lat' dir='ltr'><strong>Haec</strong></span> 
     </span>
    </p>
   </div>
   <div class='ocr_carea' id='block_1_62' title="bbox 476 4268 2059 4339">
    <p class='ocr_par' dir='ltr' id='par_1_62' title="bbox 476 4268 2059 4339">
     <span class='ocr_line' id='line_1_62' title="bbox 476 4268 2059 4339; baseline 0.003 -17"><span class='ocrx_word' id='word_1_427' title='bbox 476 4269 532 4322; x_wconf 90' lang='lat' dir='ltr'><strong>in</strong></span> <span class='ocrx_word' id='word_1_428' title='bbox 578 4268 789 4322; x_wconf 89' lang='lat' dir='ltr'><strong>somnis</strong></span> <span class='ocrx_word' id='word_1_429' title='bbox 813 4277 1100 4339; x_wconf 88' lang='lat' dir='ltr'><strong>postquam</strong></span> <span class='ocrx_word' id='word_1_430' title='bbox 1130 4268 1406 4334; x_wconf 87' lang='lat' dir='ltr'><strong>vidissem,</strong></span> <span class='ocrx_word' id='word_1_431' title='bbox 1450 4285 1740 4339; x_wconf 86' lang='lat' dir='ltr'><strong>essemque</strong></span> <span class='ocrx_word' id='word_1_432' title='bbox 1771 4271 2059 4339; x_wconf 79' lang='lat' dir='ltr'><strong>excitatus,</strong></span> 
     </span>
    </p>
   </div>
   <div class='ocr_carea' id='block_1_63' title="bbox 474 4359 2055 4433">
    <p class='ocr_par' dir='ltr' id='par_1_63' title="bbox 474 4359 2055 4433">
     <span class='ocr_line' id='line_1_63' title="bbox 474 4359 2055 4433; baseline 0.004 -22"><span class='ocrx_word' id='word_1_433' title='bbox 474 4359 615 4430; x_wconf 84' lang='lat' dir='ltr'><strong>patri</strong></span> <span class='ocrx_word' id='word_1_434' title='bbox 646 4361 828 4415; x_wconf 85' lang='lat' dir='ltr'><strong>statim</strong></span> <span class='ocrx_word' id='word_1_435' title='bbox 879 4360 1120 4414; x_wconf 88' lang='lat' dir='ltr'><strong>narravi.</strong></span> <span class='ocrx_word' id='word_1_436' title='bbox 1156 4360 1223 4415; x_wconf 86' lang='lat' dir='ltr'><strong>Et</strong></span> <span class='ocrx_word' id='word_1_437' title='bbox 1263 4375 1393 4416; x_wconf 90' lang='lat' dir='ltr'><strong>ecce</strong></span> <span class='ocrx_word' id='word_1_438' title='bbox 1424 4363 1681 4417; x_wconf 91' lang='lat' dir='ltr'><strong>omnibus</strong></span> <span class='ocrx_word' id='word_1_439' title='bbox 1712 4364 2055 4433; x_wconf 87' lang='lat' dir='ltr'><strong>postpositis,</strong></span> 
     </span>
    </p>
   </div>
   <div class='ocr_carea' id='block_1_64' title="bbox 476 4449 2282 4560">
    <p class='ocr_par' dir='ltr' id='par_1_64' title="bbox 476 4449 2282 4560">
     <span class='ocr_line' id='line_1_64' title="bbox 476 4449 2282 4560; baseline 0.004 -56"><span class='ocrx_word' id='word_1_440' title='bbox 476 4450 606 4517; x_wconf 90' lang='lat' dir='ltr'><strong>huc,</strong></span> <span class='ocrx_word' id='word_1_441' title='bbox 643 4462 702 4504; x_wconf 90' lang='lat' dir='ltr'><strong>ut</strong></span> <span class='ocrx_word' id='word_1_442' title='bbox 752 4449 916 4520; x_wconf 71' lang='lat' dir='ltr'><strong>juésit</strong></span> <span class='ocrx_word' id='word_1_443' title='bbox 981 4452 1146 4518; x_wconf 88' lang='lat' dir='ltr'><strong>visio,</strong></span> <span class='ocrx_word' id='word_1_444' title='bbox 1182 4451 1437 4506; x_wconf 81' lang='lat' dir='ltr'><strong>venimus</strong></span> <span class='ocrx_word' id='word_1_445' title='bbox 1467 4468 1639 4519; x_wconf 89' lang='lat' dir='ltr'><strong>nunc,</strong></span> <span class='ocrx_word' id='word_1_446' title='bbox 1707 4464 1869 4524; x_wconf 89' lang='lat' dir='ltr'><strong>teque</strong></span> <span class='ocrx_word' id='word_1_447' title='bbox 1901 4456 2061 4510; x_wconf 87' lang='lat' dir='ltr'><strong>valde</strong></span> <span class='ocrx_word' id='word_1_448' title='bbox 2094 4506 2138 4560; x_wconf 63' lang='grc' dir='ltr'>Β</span> <span class='ocrx_word' id='word_1_449' title='bbox 2166 4449 2282 4539; x_wconf 45' lang='lat' dir='ltr'><strong>vso,</strong></span> 
     </span>
    </p>
   </div>
   <div class='ocr_carea' id='block_1_65' title="bbox 475 4542 2061 4613">
    <p class='ocr_par' dir='ltr' id='par_1_65' title="bbox 475 4542 2061 4613">
     <span class='ocr_line' id='line_1_65' title="bbox 475 4542 2061 4613; baseline 0.003 -17"><span class='ocrx_word' id='word_1_450' title='bbox 475 4554 529 4597; x_wconf 90' lang='lat' dir='ltr'><strong>et</strong></span> <span class='ocrx_word' id='word_1_451' title='bbox 556 4542 717 4597; x_wconf 79' lang='lat' dir='ltr'><strong>enixe</strong></span> <span class='ocrx_word' id='word_1_452' title='bbox 747 4558 1022 4613; x_wconf 80' lang='lat' dir='ltr'><strong>rogamus,</strong></span> <span class='ocrx_word' id='word_1_453' title='bbox 1079 4551 1139 4597; x_wconf 92' lang='lat' dir='ltr'><strong>ut</strong></span> <span class='ocrx_word' id='word_1_454' title='bbox 1168 4545 1326 4600; x_wconf 90' lang='lat' dir='ltr'><strong>nobis</strong></span> <span class='ocrx_word' id='word_1_455' title='bbox 1381 4546 1638 4600; x_wconf 89' lang='lat' dir='ltr'><strong>ostendas</strong></span> <span class='ocrx_word' id='word_1_456' title='bbox 1662 4561 1788 4601; x_wconf 86' lang='lat' dir='ltr'><strong>vere</strong></span> <span class='ocrx_word' id='word_1_457' title='bbox 1818 4547 2061 4602; x_wconf 80' lang='lat' dir='ltr'><strong>divinum</strong></span> 
     </span>
    </p>
   </div>
   <div class='ocr_carea' id='block_1_66' title="bbox 477 4633 2059 4708">
    <p class='ocr_par' dir='ltr' id='par_1_66' title="bbox 477 4633 2059 4708">
     <span class='ocr_line' id='line_1_66' title="bbox 477 4633 2059 4708; baseline 0.004 -22"><span class='ocrx_word' id='word_1_458' title='bbox 477 4643 532 4687; x_wconf 85' lang='lat' dir='ltr'><strong>et</strong></span> <span class='ocrx_word' id='word_1_459' title='bbox 558 4633 936 4689; x_wconf 88' lang='lat' dir='ltr'><strong>admirabilem</strong></span> <span class='ocrx_word' id='word_1_460' title='bbox 981 4636 1133 4690; x_wconf 91' lang='lat' dir='ltr'><strong>illum</strong></span> <span class='ocrx_word' id='word_1_461' title='bbox 1164 4635 1459 4703; x_wconf 87' lang='lat' dir='ltr'><strong>medicum,</strong></span> <span class='ocrx_word' id='word_1_462' title='bbox 1514 4638 1609 4707; x_wconf 91' lang='lat' dir='ltr'><strong>qui</strong></span> <span class='ocrx_word' id='word_1_463' title='bbox 1659 4653 1756 4708; x_wconf 91' lang='lat' dir='ltr'><strong>per</strong></span> <span class='ocrx_word' id='word_1_464' title='bbox 1794 4638 2059 4708; x_wconf 85' lang='lat' dir='ltr'><strong>visionem</strong></span> 
     </span>
    </p>
   </div>
   <div class='ocr_carea' id='block_1_67' title="bbox 476 4727 1368 4792">
    <p class='ocr_par' dir='ltr' id='par_1_67' title="bbox 476 4727 1368 4792">
     <span class='ocr_line' id='line_1_67' title="bbox 476 4727 1368 4792; baseline 0.003 -12"><span class='ocrx_word' id='word_1_465' title='bbox 476 4727 637 4781; x_wconf 90' lang='lat' dir='ltr'><strong>nobis</strong></span> <span class='ocrx_word' id='word_1_466' title='bbox 665 4727 940 4782; x_wconf 89' lang='lat' dir='ltr'><strong>indicatus</strong></span> <span class='ocrx_word' id='word_1_467' title='bbox 971 4729 1092 4783; x_wconf 83' lang='lat' dir='ltr'><strong>fuit.</strong></span> <span class='ocrx_word' id='word_1_468' title='bbox 1364 4787 1368 4792; x_wconf 56' lang='grc'><strong>,</strong></span> 
     </span>
    </p>
   </div>
   <div class='ocr_carea' id='block_1_68' title="bbox 550 4816 2060 4893">
    <p class='ocr_par' dir='ltr' id='par_1_68' title="bbox 550 4816 2060 4893">
     <span class='ocr_line' id='line_1_68' title="bbox 550 4816 2060 4893; baseline 0.005 -24"><span class='ocrx_word' id='word_1_469' title='bbox 550 4816 717 4871; x_wconf 81' lang='lat' dir='ltr'><strong>XXII.</strong></span> <span class='ocrx_word' id='word_1_470' title='bbox 750 4816 878 4874; x_wconf 79' lang='lat' dir='ltr'><strong>Haec</strong></span> <span class='ocrx_word' id='word_1_471' title='bbox 932 4821 1167 4876; x_wconf 88' lang='lat' dir='ltr'><strong>audiens</strong></span> <span class='ocrx_word' id='word_1_472' title='bbox 1223 4824 1416 4878; x_wconf 81' lang='lat' dir='ltr'><strong>beatus</strong></span> <span class='ocrx_word' id='word_1_473' title='bbox 1464 4822 1836 4889; x_wconf 89' lang='lat' dir='ltr'><strong>Theoctistus,</strong></span> <span class='ocrx_word' id='word_1_474' title='bbox 1867 4834 1918 4878; x_wconf 90' lang='lat' dir='ltr'><strong>et</strong></span> <span class='ocrx_word' id='word_1_475' title='bbox 1951 4838 2060 4893; x_wconf 94' lang='lat' dir='ltr'><strong>quo</strong></span> 
     </span>
    </p>
   </div>
   <div class='ocr_carea' id='block_1_69' title="bbox 475 4909 2057 4986">
    <p class='ocr_par' dir='ltr' id='par_1_69' title="bbox 475 4909 2057 4986">
     <span class='ocr_line' id='line_1_69' title="bbox 475 4909 2057 4986; baseline 0.005 -24"><span class='ocrx_word' id='word_1_476' title='bbox 475 4909 638 4963; x_wconf 88' lang='lat' dir='ltr'><strong>modo</strong></span> <span class='ocrx_word' id='word_1_477' title='bbox 690 4909 828 4966; x_wconf 90' lang='lat' dir='ltr'><strong>visio</strong></span> <span class='ocrx_word' id='word_1_478' title='bbox 899 4922 1149 4983; x_wconf 88' lang='lat' dir='ltr'><strong>apertum</strong></span> <span class='ocrx_word' id='word_1_479' title='bbox 1206 4915 1301 4970; x_wconf 86' lang='lat' dir='ltr'><strong>Dei</strong></span> <span class='ocrx_word' id='word_1_480' title='bbox 1355 4915 1542 4986; x_wconf 72' lang='lat' dir='ltr'><strong>gratia-</strong></span> <span class='ocrx_word' id='word_1_481' title='bbox 1599 4923 1742 4969; x_wconf 88' lang='lat' dir='ltr'><strong>esset</strong></span> <span class='ocrx_word' id='word_1_482' title='bbox 1796 4915 2057 4970; x_wconf 89' lang='lat' dir='ltr'><strong>indicium</strong></span> 
     </span>
    </p>
   </div>
   <div class='ocr_carea' id='block_1_70' title="bbox 475 5001 2061 5079">
    <p class='ocr_par' dir='ltr' id='par_1_70' title="bbox 475 5001 2061 5079">
     <span class='ocr_line' id='line_1_70' title="bbox 475 5001 2061 5079; baseline 0.006 -24"><span class='ocrx_word' id='word_1_483' title='bbox 475 5001 799 5070; x_wconf 84' lang='lat' dir='ltr'><strong>admiratus,</strong></span> <span class='ocrx_word' id='word_1_484' title='bbox 834 5006 1132 5077; x_wconf 79' lang='lat' dir='ltr'><strong>Euthymio</strong></span> <span class='ocrx_word' id='word_1_485' title='bbox 1172 5007 1527 5079; x_wconf 87' lang='lat' dir='ltr'><strong>interrumpit</strong></span> <span class='ocrx_word' id='word_1_486' title='bbox 1573 5008 1833 5079; x_wconf 87' lang='lat' dir='ltr'><strong>quietem,</strong></span> <span class='ocrx_word' id='word_1_487' title='bbox 1899 5011 2061 5079; x_wconf 89' lang='lat' dir='ltr'><strong>eique</strong></span> 
     </span>
    </p>
   </div>
   <div class='ocr_carea' id='block_1_71' title="bbox 477 5093 2059 5169">
    <p class='ocr_par' dir='ltr' id='par_1_71' title="bbox 477 5093 2059 5169">
     <span class='ocr_line' id='line_1_71' title="bbox 477 5093 2059 5169; baseline 0.004 -22"><span class='ocrx_word' id='word_1_488' title='bbox 477 5093 663 5149; x_wconf 89' lang='lat' dir='ltr'><strong>omnia</strong></span> <span class='ocrx_word' id='word_1_489' title='bbox 721 5096 937 5163; x_wconf 88' lang='lat' dir='ltr'><strong>ordine,</strong></span> <span class='ocrx_word' id='word_1_490' title='bbox 1016 5098 1175 5168; x_wconf 89' lang='lat' dir='ltr'><strong>pueri</strong></span> <span class='ocrx_word' id='word_1_491' title='bbox 1237 5101 1512 5164; x_wconf 88' lang='lat' dir='ltr'><strong>morbum,</strong></span> <span class='ocrx_word' id='word_1_492' title='bbox 1595 5099 1874 5154; x_wconf 89' lang='lat' dir='ltr'><strong>neminem</strong></span> <span class='ocrx_word' id='word_1_493' title='bbox 1963 5099 2059 5169; x_wconf 86' lang='lat' dir='ltr'><strong>qui</strong></span> 
     </span>
    </p>
   </div>
   <div class='ocr_carea' id='block_1_72' title="bbox 476 5189 2058 5262">
    <p class='ocr_par' dir='ltr' id='par_1_72' title="bbox 476 5189 2058 5262">
     <span class='ocr_line' id='line_1_72' title="bbox 476 5189 2058 5262; baseline 0.004 -21"><span class='ocrx_word' id='word_1_494' title='bbox 476 5196 698 5244; x_wconf 82' lang='lat' dir='ltr'><strong>curaret</strong></span> <span class='ocrx_word' id='word_1_495' title='bbox 747 5189 1054 5257; x_wconf 84' lang='lat' dir='ltr'><strong>inventum,</strong></span> <span class='ocrx_word' id='word_1_496' title='bbox 1103 5194 1370 5262; x_wconf 88' lang='lat' dir='ltr'><strong>promissa</strong></span> <span class='ocrx_word' id='word_1_497' title='bbox 1419 5193 1699 5248; x_wconf 89' lang='lat' dir='ltr'><strong>communi</strong></span> <span class='ocrx_word' id='word_1_498' title='bbox 1731 5193 1963 5250; x_wconf 90' lang='lat' dir='ltr'><strong>Domino</strong></span> <span class='ocrx_word' id='word_1_499' title='bbox 1989 5193 2058 5248; x_wconf 90' lang='lat' dir='ltr'><strong>ab</strong></span> 
     </span>
    </p>
   </div>
   <div class='ocr_carea' id='block_1_73' title="bbox 475 5282 2058 5352">
    <p class='ocr_par' dir='ltr' id='par_1_73' title="bbox 475 5282 2058 5352">
     <span class='ocr_line' id='line_1_73' title="bbox 475 5282 2058 5352; baseline 0.004 -16"><span class='ocrx_word' id='word_1_500' title='bbox 475 5297 542 5336; x_wconf 85' lang='lat' dir='ltr'><strong>eo</strong></span> <span class='ocrx_word' id='word_1_501' title='bbox 568 5282 733 5349; x_wconf 79' lang='lat' dir='ltr'><strong>facta,</strong></span> <span class='ocrx_word' id='word_1_502' title='bbox 774 5299 1026 5340; x_wconf 86' lang='lat' dir='ltr'><strong>somnum</strong></span> <span class='ocrx_word' id='word_1_503' title='bbox 1077 5285 1251 5352; x_wconf 91' lang='lat' dir='ltr'><strong>illum,</strong></span> <span class='ocrx_word' id='word_1_504' title='bbox 1311 5285 1579 5341; x_wconf 90' lang='lat' dir='ltr'><strong>visionem</strong></span> <span class='ocrx_word' id='word_1_505' title='bbox 1618 5296 1915 5351; x_wconf 87' lang='lat' dir='ltr'><strong>ostensam,</strong></span> <span class='ocrx_word' id='word_1_506' title='bbox 1948 5301 2058 5342; x_wconf 90' lang='lat' dir='ltr'><strong>uno</strong></span> 
     </span>
    </p>
   </div>
   <div class='ocr_carea' id='block_1_74' title="bbox 478 5377 2063 5451">
    <p class='ocr_par' dir='ltr' id='par_1_74' title="bbox 478 5377 2063 5451">
     <span class='ocr_line' id='line_1_74' title="bbox 478 5377 2063 5451; baseline 0.003 -22"><span class='ocrx_word' id='word_1_507' title='bbox 478 5377 646 5431; x_wconf 85' lang='lat' dir='ltr'><strong>verbo</strong></span> <span class='ocrx_word' id='word_1_508' title='bbox 683 5379 818 5433; x_wconf 86' lang='lat' dir='ltr'><strong>nihil</strong></span> <span class='ocrx_word' id='word_1_509' title='bbox 849 5394 958 5434; x_wconf 87' lang='lat' dir='ltr'><strong>non</strong></span> <span class='ocrx_word' id='word_1_510' title='bbox 979 5395 1045 5434; x_wconf 90' lang='lat' dir='ltr'><strong>ac</strong></span> <span class='ocrx_word' id='word_1_511' title='bbox 1090 5379 1401 5451; x_wconf 83' lang='lat' dir='ltr'><strong>singulatim</strong></span> <span class='ocrx_word' id='word_1_512' title='bbox 1455 5388 1729 5436; x_wconf 87' lang='lat' dir='ltr'><strong>recenset.</strong></span> <span class='ocrx_word' id='word_1_513' title='bbox 1786 5378 1889 5446; x_wconf 84' lang='lat' dir='ltr'><strong>Qui</strong></span> <span class='ocrx_word' id='word_1_514' title='bbox 1944 5378 2063 5448; x_wconf 87' lang='lat' dir='ltr'><strong>ipse</strong></span> 
     </span>
    </p>
   </div>
   <div class='ocr_carea' id='block_1_75' title="bbox 477 5467 2057 5540">
    <p class='ocr_par' dir='ltr' id='par_1_75' title="bbox 477 5467 2057 5540">
     <span class='ocr_line' id='line_1_75' title="bbox 477 5467 2057 5540; baseline 0.004 -24"><span class='ocrx_word' id='word_1_515' title='bbox 477 5477 697 5535; x_wconf 89' lang='lat' dir='ltr'><strong>quoque</strong></span> <span class='ocrx_word' id='word_1_516' title='bbox 723 5482 1021 5537; x_wconf 86' lang='lat' dir='ltr'><strong>persuasus</strong></span> <span class='ocrx_word' id='word_1_517' title='bbox 1068 5480 1185 5524; x_wconf 83' lang='lat' dir='ltr'><strong>rem</strong></span> <span class='ocrx_word' id='word_1_518' title='bbox 1232 5469 1389 5525; x_wconf 78' lang='lat' dir='ltr'><strong>illam</strong></span> <span class='ocrx_word' id='word_1_519' title='bbox 1406 5469 1593 5525; x_wconf 88' lang='lat' dir='ltr'><strong>divino</strong></span> <span class='ocrx_word' id='word_1_520' title='bbox 1644 5468 1758 5540; x_wconf 84' lang='lat' dir='ltr'><strong>geri</strong></span> <span class='ocrx_word' id='word_1_521' title='bbox 1805 5467 2057 5535; x_wconf 89' lang='lat' dir='ltr'><strong>consilio,</strong></span> 
     </span>
    </p>
   </div>
   <div class='ocr_carea' id='block_1_76' title="bbox 2167 1892 3753 1973">
    <p class='ocr_par' dir='ltr' id='par_1_76' title="bbox 2167 1892 3753 1973">
     <span class='ocr_line' id='line_1_76' title="bbox 2167 1892 3753 1973; baseline 0.006 -26"><span class='ocrx_word' id='word_1_522' title='bbox 2167 1892 2430 1965; x_wconf 85' lang='grc' dir='ltr'>Ἕλλησιν</span> <span class='ocrx_word' id='word_1_523' title='bbox 2459 1896 2803 1966; x_wconf 74' lang='grc' dir='ltr'>καὶΠέρσαις</span> <span class='ocrx_word' id='word_1_524' title='bbox 2837 1900 3081 1969; x_wconf 81' lang='grc' dir='ltr'>ῖατρικαί</span> <span class='ocrx_word' id='word_1_525' title='bbox 3100 1918 3157 1953; x_wconf 86' lang='grc' dir='ltr'><strong>τε</strong></span> <span class='ocrx_word' id='word_1_526' title='bbox 3189 1902 3283 1954; x_wconf 73' lang='grc' dir='ltr'><strong>καὶ</strong></span> <span class='ocrx_word' id='word_1_527' title='bbox 3316 1904 3637 1973; x_wconf 76' lang='grc' dir='ltr'>μαγικαὶο·,</span> <span class='ocrx_word' id='word_1_528' title='bbox 3657 1904 3753 1959; x_wconf 83' lang='grc' dir='ltr'>καὶ</span> 
     </span>
    </p>
   </div>
   <div class='ocr_carea' id='block_1_77' title="bbox 2161 1985 3751 2065">
    <p class='ocr_par' dir='ltr' id='par_1_77' title="bbox 2161 1985 3751 2065">
     <span class='ocr_line' id='line_1_77' title="bbox 2161 1985 3751 2065; baseline 0.009 -28"><span class='ocrx_word' id='word_1_529' title='bbox 2161 1986 2190 2037; x_wconf 89' lang='grc' dir='ltr'><strong>ό</strong></span> <span class='ocrx_word' id='word_1_530' title='bbox 2213 1985 2463 2039; x_wconf 80' lang='grc' dir='ltr'>ἐντεῦθεν</span> <span class='ocrx_word' id='word_1_531' title='bbox 2481 1985 2662 2053; x_wconf 76' lang='grc' dir='ltr'>ὕθλος,</span> <span class='ocrx_word' id='word_1_532' title='bbox 2690 1991 2786 2042; x_wconf 71' lang='grc' dir='ltr'><strong>καὶ</strong></span> <span class='ocrx_word' id='word_1_533' title='bbox 2807 1992 2839 2060; x_wconf 75' lang='grc' dir='ltr'>ἡ</span> <span class='ocrx_word' id='word_1_534' title='bbox 2860 1991 3229 2063; x_wconf 82' lang='grc' dir='ltr'>Ορυλλουμένη</span> <span class='ocrx_word' id='word_1_535' title='bbox 3250 1995 3457 2048; x_wconf 83' lang='grc' dir='ltr'>τούτων</span> <span class='ocrx_word' id='word_1_536' title='bbox 3483 1997 3751 2065; x_wconf 54' lang='lat' dir='ltr'><strong>mutilata;</strong></span> 
     </span>
    </p>
   </div>
   <div class='ocr_carea' id='block_1_78' title="bbox 2162 2077 3752 2163">
    <p class='ocr_par' dir='ltr' id='par_1_78' title="bbox 2162 2077 3752 2163">
     <span class='ocr_line' id='line_1_78' title="bbox 2162 2077 3752 2163; baseline 0.009 -33"><span class='ocrx_word' id='word_1_537' title='bbox 2162 2077 2269 2131; x_wconf 78' lang='grc' dir='ltr'>ποῦ</span> <span class='ocrx_word' id='word_1_538' title='bbox 2294 2078 2351 2132; x_wconf 85' lang='grc' dir='ltr'><strong>δέ</strong></span> <span class='ocrx_word' id='word_1_539' title='bbox 2375 2080 2723 2151; x_wconf 76' lang='grc' dir='ltr'>ἀστρολόγων</span> <span class='ocrx_word' id='word_1_540' title='bbox 2747 2083 2804 2134; x_wconf 82' lang='grc' dir='ltr'>αἱ</span> <span class='ocrx_word' id='word_1_541' title='bbox 2831 2088 3100 2153; x_wconf 73' lang='grc' dir='ltr'>γοητεῖαι,</span> <span class='ocrx_word' id='word_1_542' title='bbox 3128 2087 3221 2139; x_wconf 73' lang='grc' dir='ltr'><strong>καὶ</strong></span> <span class='ocrx_word' id='word_1_543' title='bbox 3248 2087 3305 2139; x_wconf 83' lang='grc' dir='ltr'><strong>αἱ</strong></span> <span class='ocrx_word' id='word_1_544' title='bbox 3329 2087 3438 2140; x_wconf 84' lang='grc' dir='ltr'>τῶν</span> <span class='ocrx_word' id='word_1_545' title='bbox 3462 2090 3752 2163; x_wconf 81' lang='grc' dir='ltr'>ἡμετέρων</span> 
     </span>
    </p>
   </div>
   <div class='ocr_carea' id='block_1_79' title="bbox 2163 2168 3753 2252">
    <p class='ocr_par' dir='ltr' id='par_1_79' title="bbox 2163 2168 3753 2252">
     <span class='ocr_line' id='line_1_79' title="bbox 2163 2168 3753 2252; baseline 0.009 -31"><span class='ocrx_word' id='word_1_546' title='bbox 2163 2168 2531 2242; x_wconf 75' lang='grc' dir='ltr'>σεϐασμὲιτων</span> <span class='ocrx_word' id='word_1_547' title='bbox 2577 2171 2914 2243; x_wconf 82' lang='grc' dir='ltr'>μυθοποιίαι,</span> <span class='ocrx_word' id='word_1_548' title='bbox 2960 2178 3056 2230; x_wconf 82' lang='grc' dir='ltr'><strong>καὶ</strong></span> <span class='ocrx_word' id='word_1_549' title='bbox 3099 2177 3351 2248; x_wconf 80' lang='grc' dir='ltr'>ἀνόνητοι</span> <span class='ocrx_word' id='word_1_550' title='bbox 3396 2180 3753 2252; x_wconf 72' lang='grc' dir='ltr'>ἐπικλήσειςς</span> 
     </span>
    </p>
   </div>
   <div class='ocr_carea' id='block_1_80' title="bbox 2166 2262 3754 2339">
    <p class='ocr_par' dir='ltr' id='par_1_80' title="bbox 2166 2262 3754 2339">
     <span class='ocr_line' id='line_1_80' title="bbox 2166 2262 3754 2339; baseline 0.006 -26"><span class='ocrx_word' id='word_1_551' title='bbox 2166 2262 2372 2324; x_wconf 83' lang='grc' dir='ltr'>Ὄντως</span> <span class='ocrx_word' id='word_1_552' title='bbox 2401 2262 2587 2333; x_wconf 81' lang='grc' dir='ltr'>ἀπάτη</span> <span class='ocrx_word' id='word_1_553' title='bbox 2605 2264 2782 2317; x_wconf 82' lang='grc' dir='ltr'>πάντα</span> <span class='ocrx_word' id='word_1_554' title='bbox 2798 2265 2892 2317; x_wconf 78' lang='grc' dir='ltr'>καὶ</span> <span class='ocrx_word' id='word_1_555' title='bbox 2910 2266 3082 2330; x_wconf 85' lang='grc' dir='ltr'>γέλως</span> <span class='ocrx_word' id='word_1_556' title='bbox 3108 2269 3382 2339; x_wconf 68' lang='grc' dir='ltr'>ἐπιφανής</span> <span class='ocrx_word' id='word_1_557' title='bbox 3402 2285 3416 2299; x_wconf 73' lang='grc'><strong><em>⁸</em></strong></span> <span class='ocrx_word' id='word_1_558' title='bbox 3444 2271 3596 2324; x_wconf 76' lang='grc' dir='ltr'>οὐδὲν</span> <span class='ocrx_word' id='word_1_559' title='bbox 3624 2271 3754 2325; x_wconf 82' lang='grc' dir='ltr'>ἄνευ</span> 
     </span>
    </p>
   </div>
   <div class='ocr_carea' id='block_1_81' title="bbox 2160 2352 3755 2428">
    <p class='ocr_par' dir='ltr' id='par_1_81' title="bbox 2160 2352 3755 2428">
     <span class='ocr_line' id='line_1_81' title="bbox 2160 2352 3755 2428; baseline 0.009 -23"><span class='ocrx_word' id='word_1_560' title='bbox 2160 2352 2256 2405; x_wconf 76' lang='grc' dir='ltr'>τοῦ</span> <span class='ocrx_word' id='word_1_561' title='bbox 2283 2353 2395 2407; x_wconf 85' lang='grc' dir='ltr'><strong>τῶν</strong></span> <span class='ocrx_word' id='word_1_562' title='bbox 2425 2354 2562 2406; x_wconf 84' lang='grc' dir='ltr'>ὅλων</span> <span class='ocrx_word' id='word_1_563' title='bbox 2588 2356 3039 2428; x_wconf 79' lang='grc' dir='ltr'>Δημιουργοῦ,φη</span> <span class='ocrx_word' id='word_1_564' title='bbox 3051 2359 3132 2427; x_wconf 72' lang='grc' dir='ltr'>μὶ,</span> <span class='ocrx_word' id='word_1_565' title='bbox 3151 2361 3244 2412; x_wconf 74' lang='grc' dir='ltr'><strong>καὶ</strong></span> <span class='ocrx_word' id='word_1_566' title='bbox 3269 2362 3542 2415; x_wconf 86' lang='grc' dir='ltr'>Δεσπότου</span> <span class='ocrx_word' id='word_1_567' title='bbox 3567 2363 3755 2420; x_wconf 84' lang='grc' dir='ltr'>ἀνύειν</span> 
     </span>
    </p>
   </div>
   <div class='ocr_carea' id='block_1_82' title="bbox 2161 2444 3756 2519">
    <p class='ocr_par' dir='ltr' id='par_1_82' title="bbox 2161 2444 3756 2519">
     <span class='ocr_line' id='line_1_82' title="bbox 2161 2444 3756 2519; baseline 0.008 -23"><span class='ocrx_word' id='word_1_568' title='bbox 2161 2444 2457 2513; x_wconf 86' lang='grc' dir='ltr'>δυνάμενα.</span> <span class='ocrx_word' id='word_1_569' title='bbox 2478 2444 2664 2498; x_wconf 80' lang='grc' dir='ltr'>Ταῦτα</span> <span class='ocrx_word' id='word_1_570' title='bbox 2695 2447 2875 2501; x_wconf 87' lang='grc' dir='ltr'>τοίνυν</span> <span class='ocrx_word' id='word_1_571' title='bbox 2900 2450 3036 2518; x_wconf 73' lang='grc' dir='ltr'>πρὸς</span> <span class='ocrx_word' id='word_1_572' title='bbox 3063 2451 3300 2519; x_wconf 80' lang='grc' dir='ltr'>ἐμαυτὸν</span> <span class='ocrx_word' id='word_1_573' title='bbox 3322 2452 3494 2506; x_wconf 78' lang='grc' dir='ltr'>εἰπὼν</span> <span class='ocrx_word' id='word_1_574' title='bbox 3517 2457 3609 2506; x_wconf 83' lang='grc' dir='ltr'>καὶ</span> <span class='ocrx_word' id='word_1_575' title='bbox 3636 2456 3756 2509; x_wconf 79' lang='grc' dir='ltr'>δια-</span> 
     </span>
    </p>
   </div>
   <div class='ocr_carea' id='block_1_83' title="bbox 2162 2536 3752 2615">
    <p class='ocr_par' dir='ltr' id='par_1_83' title="bbox 2162 2536 3752 2615">
     <span class='ocr_line' id='line_1_83' title="bbox 2162 2536 3752 2615; baseline 0.003 -28"><span class='ocrx_word' id='word_1_576' title='bbox 2162 2536 2394 2606; x_wconf 78' lang='grc' dir='ltr'>λεχθεὶς,</span> <span class='ocrx_word' id='word_1_577' title='bbox 2422 2536 2652 2606; x_wconf 80' lang='grc' dir='ltr'>ἐδεόμην</span> <span class='ocrx_word' id='word_1_578' title='bbox 2678 2536 2991 2607; x_wconf 78' lang='grc' dir='ltr'>θερμότατα</span> <span class='ocrx_word' id='word_1_579' title='bbox 3014 2540 3111 2593; x_wconf 80' lang='grc' dir='ltr'>τοῦ</span> <span class='ocrx_word' id='word_1_580' title='bbox 3145 2542 3408 2606; x_wconf 82' lang='grc' dir='ltr'>Θεοῦ,κα“ι</span> <span class='ocrx_word' id='word_1_581' title='bbox 3437 2544 3752 2615; x_wconf 77' lang='grc' dir='ltr'>παράὑτοῦ</span> 
     </span>
    </p>
   </div>
   <div class='ocr_carea' id='block_1_84' title="bbox 2161 2621 3754 2704">
    <p class='ocr_par' dir='ltr' id='par_1_84' title="bbox 2161 2621 3754 2704">
     <span class='ocr_line' id='line_1_84' title="bbox 2161 2621 3754 2704; baseline 0.009 -27"><span class='ocrx_word' id='word_1_582' title='bbox 2161 2628 2263 2697; x_wconf 84' lang='grc' dir='ltr'>τὴν</span> <span class='ocrx_word' id='word_1_583' title='bbox 2296 2625 2390 2679; x_wconf 73' lang='grc' dir='ltr'>τοῦ</span> <span class='ocrx_word' id='word_1_584' title='bbox 2432 2628 2639 2691; x_wconf 78' lang='grc' dir='ltr'>πάθους</span> <span class='ocrx_word' id='word_1_585' title='bbox 2680 2628 2908 2699; x_wconf 76' lang='grc' dir='ltr'>ἐζήτουν</span> <span class='ocrx_word' id='word_1_586' title='bbox 2948 2632 3270 2704; x_wconf 73' lang='grc' dir='ltr'>ἀπαλλαγήν</span> <span class='ocrx_word' id='word_1_587' title='bbox 3299 2621 3658 2691; x_wconf 67' lang='grc' dir='ltr'>’ἀντιδοῦναί</span> <span class='ocrx_word' id='word_1_588' title='bbox 3692 2656 3754 2692; x_wconf 86' lang='grc' dir='ltr'><strong>τε</strong></span> 
     </span>
    </p>
   </div>
   <div class='ocr_carea' id='block_1_85' title="bbox 2163 2719 3755 2803">
    <p class='ocr_par' dir='ltr' id='par_1_85' title="bbox 2163 2719 3755 2803">
     <span class='ocr_line' id='line_1_85' title="bbox 2163 2719 3755 2803; baseline 0.008 -31"><span class='ocrx_word' id='word_1_589' title='bbox 2163 2719 2330 2773; x_wconf 83' lang='grc' dir='ltr'>πάλιν</span> <span class='ocrx_word' id='word_1_590' title='bbox 2364 2720 2526 2783; x_wconf 83' lang='grc' dir='ltr'>αὐτὸς</span> <span class='ocrx_word' id='word_1_591' title='bbox 2560 2721 2659 2791; x_wconf 81' lang='grc' dir='ltr'>τὴν</span> <span class='ocrx_word' id='word_1_592' title='bbox 2694 2722 2790 2775; x_wconf 81' lang='grc' dir='ltr'>τοῦ</span> <span class='ocrx_word' id='word_1_593' title='bbox 2839 2723 2956 2793; x_wconf 82' lang='grc' dir='ltr'>βίου</span> <span class='ocrx_word' id='word_1_594' title='bbox 3008 2726 3340 2797; x_wconf 77' lang='grc' dir='ltr'>μεταϐολὴν,</span> <span class='ocrx_word' id='word_1_595' title='bbox 3384 2728 3479 2782; x_wconf 70' lang='grc' dir='ltr'><strong>καὶ</strong></span> <span class='ocrx_word' id='word_1_596' title='bbox 3519 2730 3581 2783; x_wconf 84' lang='grc' dir='ltr'>τὸ</span> <span class='ocrx_word' id='word_1_597' title='bbox 3619 2732 3755 2803; x_wconf 87' lang='grc' dir='ltr'>Χρι-</span> 
     </span>
    </p>
   </div>
   <div class='ocr_carea' id='block_1_86' title="bbox 2165 2812 3216 2888">
    <p class='ocr_par' dir='ltr' id='par_1_86' title="bbox 2165 2812 3216 2888">
     <span class='ocr_line' id='line_1_86' title="bbox 2165 2812 3216 2888; baseline 0.01 -25"><span class='ocrx_word' id='word_1_598' title='bbox 2165 2812 2379 2875; x_wconf 72' lang='grc' dir='ltr'>στιανὸς</span> <span class='ocrx_word' id='word_1_599' title='bbox 2408 2813 2687 2881; x_wconf 82' lang='grc' dir='ltr'>γενέσθαι,</span> <span class='ocrx_word' id='word_1_600' title='bbox 2722 2816 3143 2888; x_wconf 80' lang='grc' dir='ltr'>ἐπηγγελλόμην</span> <span class='ocrx_word' id='word_1_601' title='bbox 3165 2818 3216 2875; x_wconf 74' lang='grc' dir='ltr'>δ.</span> 
     </span>
    </p>
   </div>
   <div class='ocr_carea' id='block_1_87' title="bbox 2236 2902 3756 2985">
    <p class='ocr_par' dir='ltr' id='par_1_87' title="bbox 2236 2902 3756 2985">
     <span class='ocr_line' id='line_1_87' title="bbox 2236 2902 3756 2985; baseline 0.007 -26"><span class='ocrx_word' id='word_1_602' title='bbox 2236 2902 2365 2959; x_wconf 78' lang='lat' dir='ltr'><strong>KA’.</strong></span> <span class='ocrx_word' id='word_1_603' title='bbox 2388 2906 2475 2957; x_wconf 86' lang='grc' dir='ltr'>Ἐν</span> <span class='ocrx_word' id='word_1_604' title='bbox 2499 2906 2609 2977; x_wconf 73' lang='grc' dir='ltr'><strong>ὅσῳ</strong></span> <span class='ocrx_word' id='word_1_605' title='bbox 2631 2907 2689 2959; x_wconf 85' lang='grc' dir='ltr'>δὲ</span> <span class='ocrx_word' id='word_1_606' title='bbox 2720 2907 2893 2961; x_wconf 80' lang='grc' dir='ltr'>ταῦτα</span> <span class='ocrx_word' id='word_1_607' title='bbox 2920 2905 3010 2981; x_wconf 83' lang='grc' dir='ltr'>ἦν,</span> <span class='ocrx_word' id='word_1_608' title='bbox 3035 2913 3129 2963; x_wconf 83' lang='grc' dir='ltr'><strong>καὶ</strong></span> <span class='ocrx_word' id='word_1_609' title='bbox 3162 2913 3424 2982; x_wconf 84' lang='grc' dir='ltr'>τοιαύτην</span> <span class='ocrx_word' id='word_1_610' title='bbox 3455 2914 3592 2985; x_wconf 79' lang='grc' dir='ltr'>πρὸς</span> <span class='ocrx_word' id='word_1_611' title='bbox 3618 2915 3756 2971; x_wconf 86' lang='grc' dir='ltr'>Θεδν</span> 
     </span>
    </p>
   </div>
   <div class='ocr_carea' id='block_1_88' title="bbox 2165 2998 3754 3079">
    <p class='ocr_par' dir='ltr' id='par_1_88' title="bbox 2165 2998 3754 3079">
     <span class='ocr_line' id='line_1_88' title="bbox 2165 2998 3754 3079; baseline 0.009 -29"><span class='ocrx_word' id='word_1_612' title='bbox 2165 2998 2469 3070; x_wconf 81' lang='grc' dir='ltr'>ἐποιούμην</span> <span class='ocrx_word' id='word_1_613' title='bbox 2497 3001 2597 3072; x_wconf 80' lang='grc' dir='ltr'><strong>τὴν</strong></span> <span class='ocrx_word' id='word_1_614' title='bbox 2653 3001 2867 3056; x_wconf 80' lang='grc' dir='ltr'>ἱκεσίαν</span> <span class='ocrx_word' id='word_1_615' title='bbox 2899 3014 2945 3067; x_wconf 73' lang='grc' dir='ltr'>θ,</span> <span class='ocrx_word' id='word_1_616' title='bbox 2978 3006 3061 3067; x_wconf 82' lang='grc' dir='ltr'><strong>είς</strong></span> <span class='ocrx_word' id='word_1_617' title='bbox 3100 3004 3268 3059; x_wconf 81' lang='grc' dir='ltr'>ὕπνον</span> <span class='ocrx_word' id='word_1_618' title='bbox 3314 3008 3497 3079; x_wconf 80' lang='grc' dir='ltr'>ἠρέμα</span> <span class='ocrx_word' id='word_1_619' title='bbox 3527 3028 3754 3064; x_wconf 86' lang='grc' dir='ltr'>κατενε-</span> 
     </span>
    </p>
   </div>
   <div class='ocr_carea' id='block_1_89' title="bbox 2163 3091 3750 3172">
    <p class='ocr_par' dir='ltr' id='par_1_89' title="bbox 2163 3091 3750 3172">
     <span class='ocr_line' id='line_1_89' title="bbox 2163 3091 3750 3172; baseline 0.01 -28"><span class='ocrx_word' id='word_1_620' title='bbox 2163 3091 2334 3162; x_wconf 74' lang='grc' dir='ltr'>χθεὶς,</span> <span class='ocrx_word' id='word_1_621' title='bbox 2359 3092 2577 3148; x_wconf 84' lang='grc' dir='ltr'>ἐδόκουν</span> <span class='ocrx_word' id='word_1_622' title='bbox 2590 3096 2713 3149; x_wconf 72' lang='grc' dir='ltr'>τινὰ</span> <span class='ocrx_word' id='word_1_623' title='bbox 2750 3097 3006 3167; x_wconf 73' lang='grc' dir='ltr'>μοναχὸν,</span> <span class='ocrx_word' id='word_1_624' title='bbox 3030 3097 3200 3169; x_wconf 77' lang='grc' dir='ltr'>βαθὺν</span> <span class='ocrx_word' id='word_1_625' title='bbox 3220 3101 3314 3154; x_wconf 82' lang='grc' dir='ltr'><strong>τὸν</strong></span> <span class='ocrx_word' id='word_1_626' title='bbox 3337 3102 3579 3172; x_wconf 81' lang='grc' dir='ltr'>πώγωνα</span> <span class='ocrx_word' id='word_1_627' title='bbox 3611 3105 3750 3160; x_wconf 84' lang='grc' dir='ltr'>καθ-</span> 
     </span>
    </p>
   </div>
   <div class='ocr_carea' id='block_1_90' title="bbox 2168 3184 3755 3268">
    <p class='ocr_par' dir='ltr' id='par_1_90' title="bbox 2168 3184 3755 3268">
     <span class='ocr_line' id='line_1_90' title="bbox 2168 3184 3755 3268; baseline 0.01 -31"><span class='ocrx_word' id='word_1_628' title='bbox 2168 3184 2410 3252; x_wconf 78' lang='grc' dir='ltr'>ειμένον,</span> <span class='ocrx_word' id='word_1_629' title='bbox 2479 3186 2744 3258; x_wconf 85' lang='grc' dir='ltr'>γηρῶντα</span> <span class='ocrx_word' id='word_1_630' title='bbox 2780 3190 2906 3259; x_wconf 73' lang='grc' dir='ltr'>ἤδη,</span> <span class='ocrx_word' id='word_1_631' title='bbox 2943 3192 3038 3244; x_wconf 76' lang='grc' dir='ltr'>καὶ</span> <span class='ocrx_word' id='word_1_632' title='bbox 3086 3193 3302 3257; x_wconf 80' lang='grc' dir='ltr'>πολιαῖς</span> <span class='ocrx_word' id='word_1_633' title='bbox 3338 3197 3755 3268; x_wconf 82' lang='grc' dir='ltr'>κατηρτυμένον</span> 
     </span>
    </p>
   </div>
   <div class='ocr_carea' id='block_1_91' title="bbox 2164 3279 3754 3356">
    <p class='ocr_par' dir='ltr' id='par_1_91' title="bbox 2164 3279 3754 3356">
     <span class='ocr_line' id='line_1_91' title="bbox 2164 3279 3754 3356; baseline 0.012 -29"><span class='ocrx_word' id='word_1_634' title='bbox 2164 3281 2319 3350; x_wconf 86' lang='grc' dir='ltr'>ὁρᾷν,</span> <span class='ocrx_word' id='word_1_635' title='bbox 2345 3279 2465 3348; x_wconf 77' lang='grc' dir='ltr'>ἥτις</span> <span class='ocrx_word' id='word_1_636' title='bbox 2498 3296 2556 3332; x_wconf 88' lang='grc' dir='ltr'><strong>τε</strong></span> <span class='ocrx_word' id='word_1_637' title='bbox 2585 3281 2620 3350; x_wconf 80' lang='grc' dir='ltr'><strong>ὴ</strong></span> <span class='ocrx_word' id='word_1_638' title='bbox 2651 3282 2807 3342; x_wconf 89' lang='grc' dir='ltr'>νόσος</span> <span class='ocrx_word' id='word_1_639' title='bbox 2842 3281 3192 3353; x_wconf 77' lang='grc' dir='ltr'>διερωτῶντα</span> <span class='ocrx_word' id='word_1_640' title='bbox 3226 3302 3319 3356; x_wconf 86' lang='grc' dir='ltr'><strong>με,</strong></span> <span class='ocrx_word' id='word_1_641' title='bbox 3346 3289 3441 3339; x_wconf 79' lang='grc' dir='ltr'><strong>καὶ</strong></span> <span class='ocrx_word' id='word_1_642' title='bbox 3469 3289 3523 3342; x_wconf 89' lang='grc' dir='ltr'><strong>τί</strong></span> <span class='ocrx_word' id='word_1_643' title='bbox 3562 3290 3622 3343; x_wconf 78' lang='grc' dir='ltr'><strong>τὸ</strong></span> <span class='ocrx_word' id='word_1_644' title='bbox 3649 3307 3754 3345; x_wconf 86' lang='grc' dir='ltr'>κα·-</span> 
     </span>
    </p>
   </div>
   <div class='ocr_carea' id='block_1_92' title="bbox 2164 3371 3754 3452">
    <p class='ocr_par' dir='ltr' id='par_1_92' title="bbox 2164 3371 3754 3452">
     <span class='ocr_line' id='line_1_92' title="bbox 2164 3371 3754 3452; baseline 0.009 -31"><span class='ocrx_word' id='word_1_645' title='bbox 2164 3371 2457 3440; x_wconf 61' lang='grc' dir='ltr'>τασκῆιξναν</span> <span class='ocrx_word' id='word_1_646' title='bbox 2515 3373 2592 3434; x_wconf 80' lang='grc' dir='ltr'>εἰς</span> <span class='ocrx_word' id='word_1_647' title='bbox 2624 3374 2774 3442; x_wconf 78' lang='grc' dir='ltr'>ἡμᾶς</span> <span class='ocrx_word' id='word_1_648' title='bbox 2815 3372 2834 3411; x_wconf 71' lang='grc' dir='ltr'><strong>ί</strong></span> <span class='ocrx_word' id='word_1_649' title='bbox 2870 3375 3061 3441; x_wconf 71' lang='grc' dir='ltr'>κακον,</span> <span class='ocrx_word' id='word_1_650' title='bbox 3106 3376 3537 3450; x_wconf 85' lang='grc' dir='ltr'>πυνθανόμενον.</span> <span class='ocrx_word' id='word_1_651' title='bbox 3583 3382 3754 3452; x_wconf 81' lang='grc' dir='ltr'><strong>Ἐμοῦ</strong></span> 
     </span>
    </p>
   </div>
   <div class='ocr_carea' id='block_1_93' title="bbox 2164 3459 3755 3545">
    <p class='ocr_par' dir='ltr' id='par_1_93' title="bbox 2164 3459 3755 3545">
     <span class='ocr_line' id='line_1_93' title="bbox 2164 3459 3755 3545; baseline 0.008 -31"><span class='ocrx_word' id='word_1_652' title='bbox 2164 3460 2221 3514; x_wconf 80' lang='grc' dir='ltr'>δὲ</span> <span class='ocrx_word' id='word_1_653' title='bbox 2261 3459 2321 3512; x_wconf 87' lang='grc' dir='ltr'><strong>τὸ</strong></span> <span class='ocrx_word' id='word_1_654' title='bbox 2346 3460 2519 3525; x_wconf 86' lang='grc' dir='ltr'>πάθος</span> <span class='ocrx_word' id='word_1_655' title='bbox 2540 3462 2690 3533; x_wconf 81' lang='grc' dir='ltr'>αὐτῷ</span> <span class='ocrx_word' id='word_1_656' title='bbox 2721 3463 3120 3532; x_wconf 81' lang='grc' dir='ltr'>ὑποδείξαντος,</span> <span class='ocrx_word' id='word_1_657' title='bbox 3151 3469 3380 3534; x_wconf 82' lang='grc' dir='ltr'>ἐκεῖνος,</span> <span class='ocrx_word' id='word_1_658' title='bbox 3415 3471 3578 3525; x_wconf 81' lang='grc' dir='ltr'>Ἀλλὰ</span> <span class='ocrx_word' id='word_1_659' title='bbox 3611 3474 3755 3545; x_wconf 82' lang='grc' dir='ltr'>πλη·-</span> 
     </span>
    </p>
   </div>
   <div class='ocr_carea' id='block_1_94' title="bbox 2168 3551 3752 3631">
    <p class='ocr_par' dir='ltr' id='par_1_94' title="bbox 2168 3551 3752 3631">
     <span class='ocr_line' id='line_1_94' title="bbox 2168 3551 3752 3631; baseline 0.009 -26"><span class='ocrx_word' id='word_1_660' title='bbox 2168 3556 2302 3623; x_wconf 85' lang='grc' dir='ltr'>ροῖς,</span> <span class='ocrx_word' id='word_1_661' title='bbox 2335 3551 2511 3622; x_wconf 82' lang='grc' dir='ltr'>εἶπεν,</span> <span class='ocrx_word' id='word_1_662' title='bbox 2544 3556 2707 3619; x_wconf 78' lang='grc' dir='ltr'>αὐτὸς</span> <span class='ocrx_word' id='word_1_663' title='bbox 2737 3556 2929 3627; x_wconf 80' lang='grc' dir='ltr'>ὄσατῷ</span> <span class='ocrx_word' id='word_1_664' title='bbox 2948 3558 3067 3629; x_wconf 85' lang='grc' dir='ltr'>Θεῷ</span> <span class='ocrx_word' id='word_1_665' title='bbox 3097 3562 3447 3631; x_wconf 74' lang='grc' dir='ltr'>ἐπηγγεὶλως</span> <span class='ocrx_word' id='word_1_666' title='bbox 3485 3563 3617 3619; x_wconf 79' lang='grc' dir='ltr'>Εἶτα</span> <span class='ocrx_word' id='word_1_667' title='bbox 3644 3567 3752 3620; x_wconf 76' lang='grc' dir='ltr'>πά-</span> 
     </span>
    </p>
   </div>
   <div class='ocr_carea' id='block_1_95' title="bbox 2164 3646 3756 3729">
    <p class='ocr_par' dir='ltr' id='par_1_95' title="bbox 2164 3646 3756 3729">
     <span class='ocr_line' id='line_1_95' title="bbox 2164 3646 3756 3729; baseline 0.009 -28"><span class='ocrx_word' id='word_1_668' title='bbox 2164 3647 2247 3701; x_wconf 85' lang='grc' dir='ltr'><strong>λιν</strong></span> <span class='ocrx_word' id='word_1_669' title='bbox 2280 3646 2414 3718; x_wconf 79' lang='grc' dir='ltr'>ἐμοῦ</span> <span class='ocrx_word' id='word_1_670' title='bbox 2456 3650 2552 3702; x_wconf 82' lang='grc' dir='ltr'>καὶ</span> <span class='ocrx_word' id='word_1_671' title='bbox 2573 3651 2719 3719; x_wconf 77' lang='grc' dir='ltr'>μάλα</span> <span class='ocrx_word' id='word_1_672' title='bbox 2747 3651 3051 3723; x_wconf 86' lang='grc' dir='ltr'>προθύμως</span> <span class='ocrx_word' id='word_1_673' title='bbox 3079 3656 3259 3708; x_wconf 85' lang='grc' dir='ltr'>πάντα</span> <span class='ocrx_word' id='word_1_674' title='bbox 3283 3657 3594 3729; x_wconf 81' lang='grc' dir='ltr'>πληρώσειν</span> <span class='ocrx_word' id='word_1_675' title='bbox 3621 3662 3756 3715; x_wconf 82' lang='grc' dir='ltr'>ὐπο-</span> 
     </span>
    </p>
   </div>
   <div class='ocr_carea' id='block_1_96' title="bbox 2165 3740 3758 3825">
    <p class='ocr_par' dir='ltr' id='par_1_96' title="bbox 2165 3740 3758 3825">
     <span class='ocr_line' id='line_1_96' title="bbox 2165 3740 3758 3825; baseline 0.009 -33"><span class='ocrx_word' id='word_1_676' title='bbox 2165 3740 2457 3810; x_wconf 85' lang='grc' dir='ltr'>σχομένου,</span> <span class='ocrx_word' id='word_1_677' title='bbox 2485 3740 2636 3810; x_wconf 80' lang='grc' dir='ltr'><strong>Ἐγώ</strong></span> <span class='ocrx_word' id='word_1_678' title='bbox 2659 3745 2774 3813; x_wconf 90' lang='grc' dir='ltr'>εἰμι</span> <span class='ocrx_word' id='word_1_679' title='bbox 2806 3742 3104 3813; x_wconf 78' lang='grc' dir='ltr'>Εὐθύμιος,</span> <span class='ocrx_word' id='word_1_680' title='bbox 3133 3748 3259 3818; x_wconf 76' lang='grc' dir='ltr'>ἔφη,</span> <span class='ocrx_word' id='word_1_681' title='bbox 3291 3750 3319 3802; x_wconf 81' lang='grc' dir='ltr'>ὁ</span> <span class='ocrx_word' id='word_1_682' title='bbox 3343 3752 3480 3821; x_wconf 71' lang='grc' dir='ltr'>πρὸς</span> <span class='ocrx_word' id='word_1_683' title='bbox 3496 3756 3562 3825; x_wconf 83' lang='grc' dir='ltr'>τῇ</span> <span class='ocrx_word' id='word_1_684' title='bbox 3595 3753 3758 3807; x_wconf 80' lang='grc' dir='ltr'>Ἀνα-</span> 
     </span>
    </p>
   </div>
   <div class='ocr_carea' id='block_1_97' title="bbox 2164 3834 3760 3920">
    <p class='ocr_par' dir='ltr' id='par_1_97' title="bbox 2164 3834 3760 3920">
     <span class='ocr_line' id='line_1_97' title="bbox 2164 3834 3760 3920; baseline 0.011 -35"><span class='ocrx_word' id='word_1_685' title='bbox 2164 3834 2350 3905; x_wconf 84' lang='grc' dir='ltr'>τολικῇ</span> <span class='ocrx_word' id='word_1_686' title='bbox 2410 3835 2605 3905; x_wconf 81' lang='grc' dir='ltr'>ἐρήμῳ</span> <span class='ocrx_word' id='word_1_687' title='bbox 2640 3838 2696 3888; x_wconf 87' lang='grc' dir='ltr'><strong>ἐν</strong></span> <span class='ocrx_word' id='word_1_688' title='bbox 2728 3836 2808 3907; x_wconf 85' lang='grc' dir='ltr'><strong>τῷ</strong></span> <span class='ocrx_word' id='word_1_689' title='bbox 2847 3839 2988 3891; x_wconf 79' lang='grc' dir='ltr'>κατὰ</span> <span class='ocrx_word' id='word_1_690' title='bbox 3035 3840 3186 3894; x_wconf 86' lang='grc' dir='ltr'>νότον</span> <span class='ocrx_word' id='word_1_691' title='bbox 3211 3850 3238 3889; x_wconf 71' lang='grc' dir='ltr'><strong><em>κ</em></strong></span> <span class='ocrx_word' id='word_1_692' title='bbox 3285 3843 3386 3914; x_wconf 78' lang='grc' dir='ltr'>τῆς</span> <span class='ocrx_word' id='word_1_693' title='bbox 3434 3846 3569 3916; x_wconf 80' lang='grc' dir='ltr'>πρὸς</span> <span class='ocrx_word' id='word_1_694' title='bbox 3601 3849 3760 3920; x_wconf 82' lang='grc' dir='ltr'>Ἱερι-</span> 
     </span>
    </p>
   </div>
   <div class='ocr_carea' id='block_1_98' title="bbox 2165 3926 3759 4012">
    <p class='ocr_par' dir='ltr' id='par_1_98' title="bbox 2165 3926 3759 4012">
     <span class='ocr_line' id='line_1_98' title="bbox 2165 3926 3759 4012; baseline 0.012 -35"><span class='ocrx_word' id='word_1_695' title='bbox 2165 3926 2365 3996; x_wconf 80' lang='grc' dir='ltr'>χοῦντα</span> <span class='ocrx_word' id='word_1_696' title='bbox 2399 3926 2520 3980; x_wconf 82' lang='grc' dir='ltr'>ὀδοῦ</span> <span class='ocrx_word' id='word_1_697' title='bbox 2552 3931 2840 4002; x_wconf 77' lang='grc' dir='ltr'>χειμάρρῳ</span> <span class='ocrx_word' id='word_1_698' title='bbox 2870 3931 3058 3998; x_wconf 84' lang='grc' dir='ltr'>οἰκῶν,</span> <span class='ocrx_word' id='word_1_699' title='bbox 3101 3933 3239 3988; x_wconf 81' lang='grc' dir='ltr'>δέκα</span> <span class='ocrx_word' id='word_1_700' title='bbox 3289 3937 3487 4003; x_wconf 88' lang='grc' dir='ltr'>μιλίοις</span> <span class='ocrx_word' id='word_1_701' title='bbox 3525 3940 3759 4012; x_wconf 84' lang='grc' dir='ltr'>Ἰεροσο-</span> 
     </span>
    </p>
   </div>
   <div class='ocr_carea' id='block_1_99' title="bbox 2164 4016 3756 4104">
    <p class='ocr_par' dir='ltr' id='par_1_99' title="bbox 2164 4016 3756 4104">
     <span class='ocr_line' id='line_1_99' title="bbox 2164 4016 3756 4104; baseline 0.012 -36"><span class='ocrx_word' id='word_1_702' title='bbox 2164 4016 2353 4086; x_wconf 89' lang='grc' dir='ltr'>λύμων</span> <span class='ocrx_word' id='word_1_703' title='bbox 2380 4018 2407 4057; x_wconf 79' lang='grc' dir='ltr'>ιι</span> <span class='ocrx_word' id='word_1_704' title='bbox 2438 4018 2654 4088; x_wconf 81' lang='grc' dir='ltr'>διέχων.</span> <span class='ocrx_word' id='word_1_705' title='bbox 2690 4021 2864 4088; x_wconf 71' lang='grc' dir='ltr'>Εἴπερ</span> <span class='ocrx_word' id='word_1_706' title='bbox 2923 4019 3018 4076; x_wconf 80' lang='grc' dir='ltr'>οὖν</span> <span class='ocrx_word' id='word_1_707' title='bbox 3053 4024 3234 4095; x_wconf 86' lang='grc' dir='ltr'>βούλει</span> <span class='ocrx_word' id='word_1_708' title='bbox 3268 4029 3361 4081; x_wconf 84' lang='grc' dir='ltr'>τοῦ</span> <span class='ocrx_word' id='word_1_709' title='bbox 3427 4029 3599 4084; x_wconf 81' lang='grc' dir='ltr'>κακοῦ</span> <span class='ocrx_word' id='word_1_710' title='bbox 3657 4034 3756 4104; x_wconf 79' lang='grc' dir='ltr'>τὴν</span> 
     </span>
    </p>
   </div>
   <div class='ocr_carea' id='block_1_100' title="bbox 2164 4107 3754 4190">
    <p class='ocr_par' dir='ltr' id='par_1_100' title="bbox 2164 4107 3754 4190">
     <span class='ocr_line' id='line_1_100' title="bbox 2164 4107 3754 4190; baseline 0.013 -30"><span class='ocrx_word' id='word_1_711' title='bbox 2164 4107 2320 4162; x_wconf 81' lang='grc' dir='ltr'>λύσιν</span> <span class='ocrx_word' id='word_1_712' title='bbox 2350 4111 2552 4181; x_wconf 80' lang='grc' dir='ltr'>εὑρεῖν,</span> <span class='ocrx_word' id='word_1_713' title='bbox 2601 4112 2725 4166; x_wconf 85' lang='grc' dir='ltr'><strong>ἐλθέ</strong></span> <span class='ocrx_word' id='word_1_714' title='bbox 2764 4114 2906 4185; x_wconf 87' lang='grc' dir='ltr'>πρός</span> <span class='ocrx_word' id='word_1_715' title='bbox 2956 4133 3047 4187; x_wconf 85' lang='grc' dir='ltr'><strong>με,</strong></span> <span class='ocrx_word' id='word_1_716' title='bbox 3081 4119 3237 4190; x_wconf 79' lang='grc' dir='ltr'>φησὶ,</span> <span class='ocrx_word' id='word_1_717' title='bbox 3271 4121 3367 4173; x_wconf 78' lang='grc' dir='ltr'>καὶ</span> <span class='ocrx_word' id='word_1_718' title='bbox 3418 4114 3564 4177; x_wconf 77' lang='grc' dir='ltr'>ἰᾶταί</span> <span class='ocrx_word' id='word_1_719' title='bbox 3597 4142 3657 4178; x_wconf 91' lang='grc' dir='ltr'><strong>σε</strong></span> <span class='ocrx_word' id='word_1_720' title='bbox 3685 4127 3754 4179; x_wconf 86' lang='grc' dir='ltr'>δι’</span> 
     </span>
    </p>
   </div>
   <div class='ocr_carea' id='block_1_101' title="bbox 2164 4194 3754 4288">
    <p class='ocr_par' dir='ltr' id='par_1_101' title="bbox 2164 4194 3754 4288">
     <span class='ocr_line' id='line_1_101' title="bbox 2164 4194 3754 4288; baseline 0.006 -31"><span class='ocrx_word' id='word_1_721' title='bbox 2164 4194 2323 4270; x_wconf 81' lang='grc' dir='ltr'>ἡμῶν</span> <span class='ocrx_word' id='word_1_722' title='bbox 2355 4204 2372 4242; x_wconf 94' lang='lat' dir='ltr'><strong>i</strong></span> <span class='ocrx_word' id='word_1_723' title='bbox 2428 4204 2457 4254; x_wconf 84' lang='grc' dir='ltr'>ὁ</span> <span class='ocrx_word' id='word_1_724' title='bbox 2480 4203 2633 4267; x_wconf 77' lang='grc' dir='ltr'>θεός.</span> <span class='ocrx_word' id='word_1_725' title='bbox 2674 4205 2860 4260; x_wconf 79' lang='grc' dir='ltr'>Ταῦτα</span> <span class='ocrx_word' id='word_1_726' title='bbox 2887 4206 3022 4278; x_wconf 76' lang='grc' dir='ltr'>ὄναρ</span> <span class='ocrx_word' id='word_1_727' title='bbox 3078 4210 3223 4275; x_wconf 77' lang='grc' dir='ltr'>ἰδὼν,</span> <span class='ocrx_word' id='word_1_728' title='bbox 3259 4214 3354 4288; x_wconf 75' lang='grc' dir='ltr'><strong>καὶ</strong></span> <span class='ocrx_word' id='word_1_729' title='bbox 3387 4213 3754 4285; x_wconf 73' lang='grc' dir='ltr'>διυπνισθεὶς,</span> 
     </span>
    </p>
   </div>
   <div class='ocr_carea' id='block_1_102' title="bbox 2163 4294 3756 4381">
    <p class='ocr_par' dir='ltr' id='par_1_102' title="bbox 2163 4294 3756 4381">
     <span class='ocr_line' id='line_1_102' title="bbox 2163 4294 3756 4381; baseline 0.013 -37"><span class='ocrx_word' id='word_1_730' title='bbox 2163 4294 2241 4363; x_wconf 83' lang='grc' dir='ltr'>τῷ</span> <span class='ocrx_word' id='word_1_731' title='bbox 2292 4295 2463 4366; x_wconf 74' lang='grc' dir='ltr'>πατρὶ</span> <span class='ocrx_word' id='word_1_732' title='bbox 2507 4296 2709 4350; x_wconf 85' lang='grc' dir='ltr'>αὐτίκα</span> <span class='ocrx_word' id='word_1_733' title='bbox 2762 4298 3144 4372; x_wconf 86' lang='grc' dir='ltr'>διηγησάμην.</span> <span class='ocrx_word' id='word_1_734' title='bbox 3187 4302 3301 4358; x_wconf 84' lang='grc' dir='ltr'><strong>Καὶ</strong></span> <span class='ocrx_word' id='word_1_735' title='bbox 3363 4306 3472 4359; x_wconf 84' lang='grc' dir='ltr'>ἰδοὺ</span> <span class='ocrx_word' id='word_1_736' title='bbox 3523 4307 3756 4381; x_wconf 85' lang='grc' dir='ltr'>δεύτερα</span> 
     </span>
    </p>
   </div>
   <div class='ocr_carea' id='block_1_103' title="bbox 2166 4383 3756 4471">
    <p class='ocr_par' dir='ltr' id='par_1_103' title="bbox 2166 4383 3756 4471">
     <span class='ocr_line' id='line_1_103' title="bbox 2166 4383 3756 4471; baseline 0.012 -35"><span class='ocrx_word' id='word_1_737' title='bbox 2166 4383 2387 4453; x_wconf 82' lang='grc' dir='ltr'>θέμενοι</span> <span class='ocrx_word' id='word_1_738' title='bbox 2415 4386 2613 4449; x_wconf 80' lang='grc' dir='ltr'>πάντα,</span> <span class='ocrx_word' id='word_1_739' title='bbox 2676 4387 2754 4451; x_wconf 84' lang='grc' dir='ltr'>ὡς</span> <span class='ocrx_word' id='word_1_740' title='bbox 2780 4391 2814 4458; x_wconf 82' lang='grc' dir='ltr'>ἡ</span> <span class='ocrx_word' id='word_1_741' title='bbox 2847 4389 2974 4460; x_wconf 80' lang='grc' dir='ltr'>δψις</span> <span class='ocrx_word' id='word_1_742' title='bbox 3031 4393 3338 4465; x_wconf 73' lang='grc' dir='ltr'>ἐπέσκηψε,</span> <span class='ocrx_word' id='word_1_743' title='bbox 3376 4400 3756 4471; x_wconf 73' lang='grc' dir='ltr'>κατελάϐομεν</span> 
     </span>
    </p>
   </div>
   <div class='ocr_carea' id='block_1_104' title="bbox 2315 4476 3758 4562">
    <p class='ocr_par' dir='ltr' id='par_1_104' title="bbox 2315 4476 3758 4562">
     <span class='ocr_line' id='line_1_104' title="bbox 2315 4476 3758 4562; baseline 0.014 -35"><span class='ocrx_word' id='word_1_744' title='bbox 2315 4477 2408 4528; x_wconf 84' lang='grc' dir='ltr'><strong>καὶ</strong></span> <span class='ocrx_word' id='word_1_745' title='bbox 2432 4476 2665 4547; x_wconf 89' lang='grc' dir='ltr'>δεόμεθα</span> <span class='ocrx_word' id='word_1_746' title='bbox 2686 4479 2871 4549; x_wconf 81' lang='grc' dir='ltr'>δέησιν</span> <span class='ocrx_word' id='word_1_747' title='bbox 2912 4484 3055 4537; x_wconf 84' lang='grc' dir='ltr'>πάνυ</span> <span class='ocrx_word' id='word_1_748' title='bbox 3092 4488 3301 4559; x_wconf 87' lang='grc' dir='ltr'>σφόδρα</span> <span class='ocrx_word' id='word_1_749' title='bbox 3339 4486 3353 4537; x_wconf 83' lang='lat' dir='ltr'><strong>i</strong></span> <span class='ocrx_word' id='word_1_750' title='bbox 3394 4489 3608 4562; x_wconf 85' lang='grc' dir='ltr'>θερμὴν</span> <span class='ocrx_word' id='word_1_751' title='bbox 3660 4495 3758 4547; x_wconf 80' lang='grc' dir='ltr'><strong>καὶ</strong></span> 
     </span>
    </p>
   </div>
   <div class='ocr_carea' id='block_1_105' title="bbox 2171 4567 3757 4655">
    <p class='ocr_par' dir='ltr' id='par_1_105' title="bbox 2171 4567 3757 4655">
     <span class='ocr_line' id='line_1_105' title="bbox 2171 4567 3757 4655; baseline 0.013 -37"><span class='ocrx_word' id='word_1_752' title='bbox 2171 4567 2495 4631; x_wconf 82' lang='grc' dir='ltr'>σπουδαίαν,</span> <span class='ocrx_word' id='word_1_753' title='bbox 2549 4569 2830 4637; x_wconf 81' lang='grc' dir='ltr'>ὑποδεῖξαι</span> <span class='ocrx_word' id='word_1_754' title='bbox 2881 4574 2971 4628; x_wconf 81' lang='grc' dir='ltr'><strong>τὸν</strong></span> <span class='ocrx_word' id='word_1_755' title='bbox 3004 4575 3094 4630; x_wconf 82' lang='grc' dir='ltr'>διὰ</span> <span class='ocrx_word' id='word_1_756' title='bbox 3140 4578 3241 4649; x_wconf 83' lang='grc' dir='ltr'><strong>τῆς</strong></span> <span class='ocrx_word' id='word_1_757' title='bbox 3291 4579 3561 4647; x_wconf 79' lang='grc' dir='ltr'>ὀπτασίας</span> <span class='ocrx_word' id='word_1_758' title='bbox 3620 4585 3757 4655; x_wconf 77' lang='grc' dir='ltr'>ἡμῖν</span> 
     </span>
    </p>
   </div>
   <div class='ocr_carea' id='block_1_106' title="bbox 2170 4659 3539 4745">
    <p class='ocr_par' dir='ltr' id='par_1_106' title="bbox 2170 4659 3539 4745">
     <span class='ocr_line' id='line_1_106' title="bbox 2170 4659 3539 4745; baseline 0.015 -36"><span class='ocrx_word' id='word_1_759' title='bbox 2170 4659 2479 4728; x_wconf 81' lang='grc' dir='ltr'>μηνυθέντα</span> <span class='ocrx_word' id='word_1_760' title='bbox 2506 4660 2648 4716; x_wconf 91' lang='grc' dir='ltr'>θεῖον</span> <span class='ocrx_word' id='word_1_761' title='bbox 2677 4662 2846 4728; x_wconf 78' lang='grc' dir='ltr'>ὅντως</span> <span class='ocrx_word' id='word_1_762' title='bbox 2869 4666 2964 4720; x_wconf 81' lang='grc' dir='ltr'><strong>καὶ</strong></span> <span class='ocrx_word' id='word_1_763' title='bbox 2992 4669 3297 4740; x_wconf 81' lang='grc' dir='ltr'>παράδοξον</span> <span class='ocrx_word' id='word_1_764' title='bbox 3335 4672 3539 4745; x_wconf 86' lang='grc' dir='ltr'>ίατρόν.</span> 
     </span>
    </p>
   </div>
   <div class='ocr_carea' id='block_1_107' title="bbox 2237 4833 3759 4919">
    <p class='ocr_par' dir='ltr' id='par_1_107' title="bbox 2237 4833 3759 4919">
     <span class='ocr_line' id='line_1_107' title="bbox 2237 4833 3759 4919; baseline 0.013 -30"><span class='ocrx_word' id='word_1_765' title='bbox 2237 4833 2365 4890; x_wconf 80' lang='lat' dir='ltr'><strong>KB’.</strong></span> <span class='ocrx_word' id='word_1_766' title='bbox 2385 4834 2586 4890; x_wconf 84' lang='grc' dir='ltr'>Τοῦτον</span> <span class='ocrx_word' id='word_1_767' title='bbox 2600 4836 2628 4875; x_wconf 73' lang='grc' dir='ltr'>ιε</span> <span class='ocrx_word' id='word_1_768' title='bbox 2648 4840 2677 4891; x_wconf 84' lang='grc' dir='ltr'>ὀ</span> <span class='ocrx_word' id='word_1_769' title='bbox 2698 4840 3013 4914; x_wconf 86' lang='grc' dir='ltr'>μακαρίτης</span> <span class='ocrx_word' id='word_1_770' title='bbox 3029 4842 3269 4909; x_wconf 84' lang='grc' dir='ltr'>ἀκούσας</span> <span class='ocrx_word' id='word_1_771' title='bbox 3289 4845 3634 4919; x_wconf 81' lang='grc' dir='ltr'>Θεόκτιστος,</span> <span class='ocrx_word' id='word_1_772' title='bbox 3658 4853 3759 4910; x_wconf 78' lang='grc' dir='ltr'><strong>καὶ</strong></span> 
     </span>
    </p>
   </div>
   <div class='ocr_carea' id='block_1_108' title="bbox 2166 4925 3756 5013">
    <p class='ocr_par' dir='ltr' id='par_1_108' title="bbox 2166 4925 3756 5013">
     <span class='ocr_line' id='line_1_108' title="bbox 2166 4925 3756 5013; baseline 0.013 -35"><span class='ocrx_word' id='word_1_773' title='bbox 2166 4925 2316 4990; x_wconf 82' lang='grc' dir='ltr'>ὅπως</span> <span class='ocrx_word' id='word_1_774' title='bbox 2351 4928 2384 4997; x_wconf 90' lang='grc' dir='ltr'><strong>ἠ</strong></span> <span class='ocrx_word' id='word_1_775' title='bbox 2416 4926 2537 4998; x_wconf 73' lang='grc' dir='ltr'>ὄψις</span> <span class='ocrx_word' id='word_1_776' title='bbox 2562 4928 2764 4998; x_wconf 89' lang='grc' dir='ltr'>δεῖγμα</span> <span class='ocrx_word' id='word_1_777' title='bbox 2800 4931 2970 5001; x_wconf 80' lang='grc' dir='ltr'>σαφὲς</span> <span class='ocrx_word' id='word_1_778' title='bbox 3007 4929 3078 5004; x_wconf 82' lang='grc' dir='ltr'>ἦν</span> <span class='ocrx_word' id='word_1_779' title='bbox 3104 4935 3207 5005; x_wconf 82' lang='grc' dir='ltr'>τῆς</span> <span class='ocrx_word' id='word_1_780' title='bbox 3226 4939 3321 4991; x_wconf 81' lang='grc' dir='ltr'>τοῦ</span> <span class='ocrx_word' id='word_1_781' title='bbox 3359 4939 3496 4994; x_wconf 79' lang='grc' dir='ltr'>Θεοῦ</span> <span class='ocrx_word' id='word_1_782' title='bbox 3525 4945 3756 5013; x_wconf 72' lang='grc' dir='ltr'>χάριτος</span> 
     </span>
    </p>
   </div>
   <div class='ocr_carea' id='block_1_109' title="bbox 2167 5017 3756 5107">
    <p class='ocr_par' dir='ltr' id='par_1_109' title="bbox 2167 5017 3756 5107">
     <span class='ocr_line' id='line_1_109' title="bbox 2167 5017 3756 5107; baseline 0.013 -36"><span class='ocrx_word' id='word_1_783' title='bbox 2167 5017 2488 5087; x_wconf 71' lang='grc' dir='ltr'>ἐκπλαγεὶς,</span> <span class='ocrx_word' id='word_1_784' title='bbox 2551 5021 2833 5077; x_wconf 86' lang='grc' dir='ltr'>διακόπτει</span> <span class='ocrx_word' id='word_1_785' title='bbox 2859 5026 2958 5096; x_wconf 83' lang='grc' dir='ltr'>τὴν</span> <span class='ocrx_word' id='word_1_786' title='bbox 2988 5027 3221 5099; x_wconf 82' lang='grc' dir='ltr'>ἡσυχίαν</span> <span class='ocrx_word' id='word_1_787' title='bbox 3250 5031 3328 5102; x_wconf 82' lang='grc' dir='ltr'><strong>τῷ</strong></span> <span class='ocrx_word' id='word_1_788' title='bbox 3356 5033 3635 5107; x_wconf 81' lang='grc' dir='ltr'>Εὐθυμίῳ,</span> <span class='ocrx_word' id='word_1_789' title='bbox 3659 5033 3756 5092; x_wconf 61' lang='grc' dir='ltr'>καὶ</span> 
     </span>
    </p>
   </div>
   <div class='ocr_carea' id='block_1_110' title="bbox 2168 5112 3753 5202">
    <p class='ocr_par' dir='ltr' id='par_1_110' title="bbox 2168 5112 3753 5202">
     <span class='ocr_line' id='line_1_110' title="bbox 2168 5112 3753 5202; baseline 0.014 -38"><span class='ocrx_word' id='word_1_790' title='bbox 2168 5112 2349 5166; x_wconf 85' lang='grc' dir='ltr'>πάντα</span> <span class='ocrx_word' id='word_1_791' title='bbox 2393 5113 2520 5184; x_wconf 82' lang='grc' dir='ltr'>ἐξῆς</span> <span class='ocrx_word' id='word_1_792' title='bbox 2553 5115 2722 5185; x_wconf 83' lang='grc' dir='ltr'>αὐτῷ,</span> <span class='ocrx_word' id='word_1_793' title='bbox 2759 5116 2853 5170; x_wconf 83' lang='grc' dir='ltr'><strong>τοῦ</strong></span> <span class='ocrx_word' id='word_1_794' title='bbox 2900 5119 3092 5184; x_wconf 77' lang='grc' dir='ltr'>παιδὸς</span> <span class='ocrx_word' id='word_1_795' title='bbox 3146 5122 3207 5176; x_wconf 84' lang='grc' dir='ltr'>τὺ</span> <span class='ocrx_word' id='word_1_796' title='bbox 3261 5126 3457 5193; x_wconf 83' lang='grc' dir='ltr'>πάθος,</span> <span class='ocrx_word' id='word_1_797' title='bbox 3501 5131 3600 5202; x_wconf 81' lang='grc' dir='ltr'><strong>τὴν</strong></span> <span class='ocrx_word' id='word_1_798' title='bbox 3656 5133 3753 5185; x_wconf 78' lang='grc' dir='ltr'>τοῦ</span> 
     </span>
    </p>
   </div>
   <div class='ocr_carea' id='block_1_111' title="bbox 2170 5199 3756 5286">
    <p class='ocr_par' dir='ltr' id='par_1_111' title="bbox 2170 5199 3756 5286">
     <span class='ocr_line' id='line_1_111' title="bbox 2170 5199 3756 5286; baseline 0.016 -34"><span class='ocrx_word' id='word_1_799' title='bbox 2170 5199 2604 5270; x_wconf 78' lang='grc' dir='ltr'>θεραπεύσοντος</span> <span class='ocrx_word' id='word_1_800' title='bbox 2638 5205 2894 5277; x_wconf 77' lang='grc' dir='ltr'>ἀπορίαν,</span> <span class='ocrx_word' id='word_1_801' title='bbox 2923 5210 3024 5274; x_wconf 81' lang='grc' dir='ltr'>τὰς</span> <span class='ocrx_word' id='word_1_802' title='bbox 3050 5213 3217 5266; x_wconf 77' lang='grc' dir='ltr'>αὐτοῦ</span> <span class='ocrx_word' id='word_1_803' title='bbox 3252 5216 3390 5286; x_wconf 84' lang='grc' dir='ltr'>πρὸς</span> <span class='ocrx_word' id='word_1_804' title='bbox 3427 5220 3520 5273; x_wconf 85' lang='grc' dir='ltr'><strong>τὸν</strong></span> <span class='ocrx_word' id='word_1_805' title='bbox 3555 5199 3756 5277; x_wconf 40' lang='grc' dir='ltr'>’κοινὸν</span> 
     </span>
    </p>
   </div>
   <div class='ocr_carea' id='block_1_112' title="bbox 2168 5292 3754 5381">
    <p class='ocr_par' dir='ltr' id='par_1_112' title="bbox 2168 5292 3754 5381">
     <span class='ocr_line' id='line_1_112' title="bbox 2168 5292 3754 5381; baseline 0.018 -40"><span class='ocrx_word' id='word_1_806' title='bbox 2168 5292 2452 5361; x_wconf 87' lang='grc' dir='ltr'>Δεσπότην</span> <span class='ocrx_word' id='word_1_807' title='bbox 2480 5294 2836 5363; x_wconf 75' lang='grc' dir='ltr'>ἐπαγγελίας,</span> <span class='ocrx_word' id='word_1_808' title='bbox 2882 5300 3052 5355; x_wconf 82' lang='grc' dir='ltr'>ὖπνον</span> <span class='ocrx_word' id='word_1_809' title='bbox 3091 5304 3320 5373; x_wconf 85' lang='grc' dir='ltr'>ἐκεῖνον,</span> <span class='ocrx_word' id='word_1_810' title='bbox 3354 5309 3455 5380; x_wconf 79' lang='grc' dir='ltr'>τὴν</span> <span class='ocrx_word' id='word_1_811' title='bbox 3485 5316 3754 5381; x_wconf 79' lang='grc' dir='ltr'>φανεῖσαν</span> 
     </span>
    </p>
   </div>
   <div class='ocr_carea' id='block_1_113' title="bbox 2169 5380 3754 5472">
    <p class='ocr_par' dir='ltr' id='par_1_113' title="bbox 2169 5380 3754 5472">
     <span class='ocr_line' id='line_1_113' title="bbox 2169 5380 3754 5472; baseline 0.013 -38"><span class='ocrx_word' id='word_1_812' title='bbox 2169 5380 2313 5472; x_wconf 45' lang='lat' dir='ltr'><strong>aditu,</strong></span> <span class='ocrx_word' id='word_1_813' title='bbox 2345 5383 2444 5436; x_wconf 72' lang='lat' dir='ltr'><strong>ml.</strong></span> <span class='ocrx_word' id='word_1_814' title='bbox 2493 5385 2682 5450; x_wconf 86' lang='grc' dir='ltr'>ἀπλῶς</span> <span class='ocrx_word' id='word_1_815' title='bbox 2707 5390 2849 5442; x_wconf 85' lang='grc' dir='ltr'><strong>κατά</strong></span> <span class='ocrx_word' id='word_1_816' title='bbox 2881 5391 3048 5463; x_wconf 80' lang='grc' dir='ltr'>μέρος</span> <span class='ocrx_word' id='word_1_817' title='bbox 3086 5395 3294 5453; x_wconf 85' lang='grc' dir='ltr'>ἐκαστα</span> <span class='ocrx_word' id='word_1_818' title='bbox 3336 5404 3646 5472; x_wconf 81' lang='grc' dir='ltr'>καταλέγει,</span> <span class='ocrx_word' id='word_1_819' title='bbox 3691 5407 3754 5462; x_wconf 83' lang='lat'><strong>&#39;0</strong></span> 
     </span>
    </p>
   </div>
   <div class='ocr_carea' id='block_1_114' title="bbox 2171 5470 3754 5563">
    <p class='ocr_par' dir='ltr' id='par_1_114' title="bbox 2171 5470 3754 5563">
     <span class='ocr_line' id='line_1_114' title="bbox 2171 5470 3754 5563; baseline 0.022 -41"><span class='ocrx_word' id='word_1_820' title='bbox 2171 5470 2229 5524; x_wconf 74' lang='grc' dir='ltr'>δὲ</span> <span class='ocrx_word' id='word_1_821' title='bbox 2258 5471 2409 5527; x_wconf 76' lang='grc' dir='ltr'>θείαν</span> <span class='ocrx_word' id='word_1_822' title='bbox 2435 5475 2557 5530; x_wconf 82' lang='grc' dir='ltr'>τινὰ</span> <span class='ocrx_word' id='word_1_823' title='bbox 2582 5478 2644 5531; x_wconf 83' lang='grc' dir='ltr'><strong>τὸ</strong></span> <span class='ocrx_word' id='word_1_824' title='bbox 2674 5482 2907 5552; x_wconf 76' lang='grc' dir='ltr'>πρᾶγμα</span> <span class='ocrx_word' id='word_1_825' title='bbox 2937 5487 3250 5559; x_wconf 68' lang='grc' dir='ltr'>οἰκονομίαν</span> <span class='ocrx_word' id='word_1_826' title='bbox 3281 5496 3373 5549; x_wconf 74' lang='grc' dir='ltr'>καὶ</span> <span class='ocrx_word' id='word_1_827' title='bbox 3406 5470 3570 5563; x_wconf 79' lang='grc' dir='ltr'>αὐτὸς</span> <span class='ocrx_word' id='word_1_828' title='bbox 3609 5471 3754 5555; x_wconf 68' lang='grc' dir='ltr'>εἶναι</span> 
     </span>
    </p>
   </div>
   <div class='ocr_carea' id='block_1_115' title="bbox 1780 5603 2452 5667">
    <p class='ocr_par' dir='ltr' id='par_1_115' title="bbox 1780 5603 2452 5667">
     <span class='ocr_line' id='line_1_115' title="bbox 1780 5603 2452 5667; baseline 0.01 -8"><span class='ocrx_word' id='word_1_829' title='bbox 1780 5603 2018 5662; x_wconf 64' lang='grc' dir='ltr'>νΑιιιιΕ</span> <span class='ocrx_word' id='word_1_830' title='bbox 2042 5604 2452 5667; x_wconf 84' lang='lat' dir='ltr'><strong>LECTIONES.</strong></span> 
     </span>
    </p>
   </div>
   <div class='ocr_carea' id='block_1_116' title="bbox 558 5714 1369 5785">
    <p class='ocr_par' dir='ltr' id='par_1_116' title="bbox 558 5714 1369 5785">
     <span class='ocr_line' id='line_1_116' title="bbox 558 5714 1369 5785; baseline 0.017 -23"><span class='ocrx_word' id='word_1_831' title='bbox 558 5721 579 5747; x_wconf 74' lang='grc' dir='ltr'><strong>ο</strong></span> <span class='ocrx_word' id='word_1_832' title='bbox 610 5714 681 5768; x_wconf 92' lang='lat' dir='ltr'><strong>al.</strong></span> <span class='ocrx_word' id='word_1_833' title='bbox 718 5715 821 5769; x_wconf 86' lang='lat' dir='ltr'><strong>ius.</strong></span> <span class='ocrx_word' id='word_1_834' title='bbox 853 5717 1049 5783; x_wconf 77' lang='grc' dir='ltr'>οὕτως,</span> <span class='ocrx_word' id='word_1_835' title='bbox 1074 5721 1145 5774; x_wconf 87' lang='lat' dir='ltr'><strong>al.</strong></span> <span class='ocrx_word' id='word_1_836' title='bbox 1179 5721 1369 5785; x_wconf 78' lang='grc' dir='ltr'>ὅντως.</span> 
     </span>
    </p>
   </div>
   <div class='ocr_carea' id='block_1_117' title="bbox 482 5771 2039 5864">
    <p class='ocr_par' dir='ltr' id='par_1_117' title="bbox 482 5771 2039 5864">
     <span class='ocr_line' id='line_1_117' title="bbox 482 5771 2039 5864; baseline 0.006 -23"><span class='ocrx_word' id='word_1_837' title='bbox 482 5771 669 5833; x_wconf 57' lang='grc' dir='ltr'>νῶτον.</span> <span class='ocrx_word' id='word_1_838' title='bbox 742 5785 769 5823; x_wconf 86' lang='grc' dir='ltr'><strong>ιι</strong></span> <span class='ocrx_word' id='word_1_839' title='bbox 800 5786 872 5841; x_wconf 86' lang='lat' dir='ltr'><strong>al.</strong></span> <span class='ocrx_word' id='word_1_840' title='bbox 906 5771 1228 5845; x_wconf 53' lang='lat' dir='ltr'><strong>iusim.&quot;</strong></span> <span class='ocrx_word' id='word_1_841' title='bbox 1251 5771 1377 5849; x_wconf 66' lang='grc' dir='ltr'><strong>Γιιῖ</strong></span> <span class='ocrx_word' id='word_1_842' title='bbox 1402 5771 2039 5864; x_wconf 46' lang='grc' dir='ltr'><strong>ψυτῖἿᾙυέᾶίῡβι.</strong></span> 
     </span>
    </p>
   </div>
   <div class='ocr_carea' id='block_1_118' title="bbox 1452 5721 3743 5856">
    <p class='ocr_par' dir='ltr' id='par_1_118' title="bbox 1452 5721 3743 5856">
     <span class='ocr_line' id='line_1_118' title="bbox 1452 5721 3743 5826; baseline 0.017 -48"><span class='ocrx_word' id='word_1_843' title='bbox 1452 5722 1727 5804; x_wconf 78' lang='lat' dir='ltr'><strong>°&#39;_supple</strong></span> <span class='ocrx_word' id='word_1_844' title='bbox 1749 5721 1959 5792; x_wconf 83' lang='grc' dir='ltr'>τέχναι.</span> <span class='ocrx_word' id='word_1_845' title='bbox 2036 5721 2063 5763; x_wconf 72' lang='grc' dir='ltr'>ἀ</span> <span class='ocrx_word' id='word_1_846' title='bbox 2090 5724 2163 5779; x_wconf 87' lang='lat' dir='ltr'><strong>al.</strong></span> <span class='ocrx_word' id='word_1_847' title='bbox 2205 5729 2655 5812; x_wconf 68' lang='grc' dir='ltr'>ἐπηγγελόμην.ξ</span> <span class='ocrx_word' id='word_1_848' title='bbox 2720 5748 2742 5776; x_wconf 77' lang='grc' dir='ltr'><strong><em>ο</em></strong></span> <span class='ocrx_word' id='word_1_849' title='bbox 2771 5739 2843 5793; x_wconf 90' lang='lat' dir='ltr'><strong>al.</strong></span> <span class='ocrx_word' id='word_1_850' title='bbox 2879 5742 3131 5801; x_wconf 76' lang='grc' dir='ltr'>ἱκετείαν.</span> <span class='ocrx_word' id='word_1_851' title='bbox 3216 5749 3236 5789; x_wconf 69' lang='grc' dir='ltr'><strong>ί</strong></span> <span class='ocrx_word' id='word_1_852' title='bbox 3265 5752 3338 5807; x_wconf 90' lang='lat' dir='ltr'><strong>al.</strong></span> <span class='ocrx_word' id='word_1_853' title='bbox 3368 5753 3531 5826; x_wconf 74' lang='grc' dir='ltr'>ὑμᾶς.</span> <span class='ocrx_word' id='word_1_854' title='bbox 3615 5760 3643 5800; x_wconf 75' lang='grc'><strong>⁸</strong></span> <span class='ocrx_word' id='word_1_855' title='bbox 3670 5760 3743 5817; x_wconf 89' lang='lat' dir='ltr'><strong>al.</strong></span> 
     </span>
     <span class='ocr_line' id='line_1_119' title="bbox 1452 5793 3221 5856; baseline 0.01 -10"><span class='ocrx_word' id='word_1_856' title='bbox 1452 5810 1560 5852; x_wconf 79' lang='grc' dir='ltr'>ιου.</span> <span class='ocrx_word' id='word_1_857' title='bbox 1636 5806 1649 5845; x_wconf 86' lang='lat' dir='ltr'><strong>l</strong></span> <span class='ocrx_word' id='word_1_858' title='bbox 1690 5793 1844 5850; x_wconf 84' lang='lat' dir='ltr'><strong>abest</strong></span> <span class='ocrx_word' id='word_1_859' title='bbox 1878 5794 1947 5850; x_wconf 88' lang='lat' dir='ltr'><strong>ab</strong></span> <span class='ocrx_word' id='word_1_860' title='bbox 1968 5794 2039 5851; x_wconf 87' lang='lat' dir='ltr'><strong>al.</strong></span> <span class='ocrx_word' id='word_1_861' title='bbox 2122 5796 2150 5836; x_wconf 75' lang='grc' dir='ltr'>ιι</span> <span class='ocrx_word' id='word_1_862' title='bbox 2178 5796 2247 5852; x_wconf 88' lang='lat' dir='ltr'><strong>al.</strong></span> <span class='ocrx_word' id='word_1_863' title='bbox 2299 5816 2524 5856; x_wconf 84' lang='grc' dir='ltr'>τουτων.</span> <span class='ocrx_word' id='word_1_864' title='bbox 3163 5827 3221 5834; x_wconf 52' lang='grc' dir='ltr'><em>*ν</em></span> 
     </span>
    </p>
   </div>
  </div>
