4144 6400
420 338 526 406 ιιι-ι

1689 341 1862 403 VITA
1905 342 1964 402 S.
1988 332 2263 405 ’EUTHI
2273 340 2415 401 MII.

3568 340 3675 406 618

419 449 746 515 πιστεύσας,
782 447 1026 504 κάτεισιν
1066 447 1269 512 εὐθέως
1304 448 1441 521 πρὸς
1490 449 1615 513 τοὺς
1644 449 1985 523 Βαρϐἀρους,

2111 450 2282 507 ιιειῑηι
2311 451 2599 508 descendit
2631 451 2699 507 ad
2743 452 3034 520 Barbaros,
3093 460 3151 508 et
3217 450 3535 509 ardentibus
3579 469 3678 523 pro

420 541 514 595 καὶ
540 536 985 611 ύπερευξάμενος
1013 536 1230 610 θερμῶς
1258 536 1355 591 τοῦ
1394 537 1599 603 παιδὸς,
1625 541 1719 594 καὶ
1750 541 1897 611 αὐτῷ
1914 541 2007 596 τὸν

416 627 511 683 τοῦ
541 624 781 695 σταυροῦ
804 626 974 679 τύπον
991 625 1291 693 ἐπιϐαλὼν,
1319 626 1384 679 οὐ
1405 626 1595 697 χρόνου
1617 627 1811 699 ἐδεήθη
1832 630 2003 697 τινὸς,

416 720 479 773 οὐ
513 718 763 781 πλείονος
791 716 891 786 τῆς
929 716 1068 787 πρὸς
1116 717 1215 788 τὴν
1250 717 1414 789 εὐχὴν
1465 718 1841 790 προσεδρείας,
1881 721 2003 775 ἀλλ’

418 809 736 885 ἐρρωμένον
770 806 933 863 αὐτὸν
984 808 1082 861 καὶ⁸
1132 808 1267 876 ὑγιᾶ
1310 807 1609 875 καθάπαξὶ
1669 813 2008 882 παραχρῆμα

420 901 741 974 ἐργάζεται.
1137 932 1149 944 ο
1694 898 1697 901 ⁷

493 989 622 1045 Kl".
672 988 1057 1059 Καταπλήττει
1094 988 1221 1053 τούς
1279 989 1597 1062 Βαρϐἀρους
1641 991 1704 1045 τὸ
1755 992 2000 1060 γεγονὸς,

422 1084 516 1139 καὶ
573 1083 774 1138 θᾶττον
812 1080 845 1150 ἢ
898 1082 928 1135 ὁ
956 1081 1197 1152 *πάσχων
1218 1083 1279 1136 τὸ
1303 1081 1482 1154 σῶμα,
1512 1083 1621 1137 καὶ
1647 1084 1803 1138 αὐτοὶ
1833 1084 2000 1155 θεραο

423 1176 685 1229 πεύονται
720 1173 823 1237 τὰς
851 1172 1062 1243 ψυχάς·
1113 1172 1313 1244 μᾶλλον
1342 1174 1402 1228 δὲ
1436 1176 1632 1239 κοινῶς
1667 1175 1855 1231 ἰῶνται
1905 1175 2006 1246 τὴν

421 1269 521 1338 τῆς
551 1266 733 1338 ψυχῆς
767 1266 937 1331 ίασιν,
994 1264 1091 1318 καὶ
1146 1264 1331 1319 πιστοὶ
1394 1267 1711 1337 παραυτίκα
1740 1266 2000 1335 γίνονται.

424 1362 517 1414 Διὸ
543 1359 641 1414 καὶ
672 1360 903 1431 πρηνεῖς
930 1359 1019 1411 ἐπ’
1044 1356 1276 1426 ἐδάφους
1298 1358 1529 1423 ἑαυτοὺς
1557 1360 1835 1430 ῥίψαντες,
1861 1359 2006 1413 δέον-

424 1469 518 1506 ται
550 1452 649 1522 τῆς
671 1450 836 1520 ἁγίας
867 1451 1087 1523 ἐκείνης
1120 1450 1321 1521 ψυχῆς,
1355 1450 1498 1505 ὥστε
1524 1453 1590 1523 τῇ
1639 1451 1733 1504 τοῦ
1764 1450 2004 1522 Χριστοῦ

436 1540 690 1609 σφραγῖδι
718 1538 1113 1610 σημειωθῆναι,
1148 1540 1240 1593 καὶ
1270 1538 1365 1592 τοῦ
1387 1539 1499 1595 τῶν
1530 1540 1875 1610 Χριστιανῶν
1905 1541 2004 1611 μὲ-

450 1646 573 1698 ρους
594 1629 873 1700 ἀξιωθῆναι
906 1630 1002 1684 καὶ
1045 1630 1140 1683 τοῦ
1161 1631 1446 1702 ὀνόματος.

514 1722 635 1773 ΚΔθ.
668 1720 886 1789 Πάντως
923 1720 983 1773 δὲ
1011 1721 1112 1774 οὐκ
1152 1716 1221 1793 ἦν
1254 1721 1448 1792 ἀνδρὸς
1491 1720 1747 1791 φιλοθέυυ
1774 1721 1834 1775 τὸ
1873 1720 2003 1792 μέλ-

436 1813 547 1866 λειν
568 1813 625 1866 ὲν
653 1814 762 1875 τοῖς
788 1811 1072 1877 τοιούτοις.
1108 1812 1322 1867 Οὐκοῦν
1351 1811 1481 1867 οὐδὲ
1516 1812 1777 1885 Εὐθυμίῳ
1806 1812 1869 1866 τὸ
1897 1830 2002 1866 πα·
2030 1794 2077 1854 Β

436 1907 613 1976 ράπαν
638 1904 895 1975 μέλλησις
925 1900 1013 1975 ῆν.
1055 1904 1191 1959 ἶΑλλ’
1217 1904 1340 1958 ίδὼν
1361 1905 1558 1969 αὐτοὺς
1581 1904 1779 1976 καρδίᾳ
1805 1902 2003 1975 μᾶλλον

429 1998 464 2067 ἢ
492 1996 720 2067 στόματι
744 1997 807 2050 τὸ
832 1995 976 2068 ἱερὸν
1036 1996 1319 2067 βάπτισμα
1372 1996 1747 2067 αἰτουμένους,
1793 1996 2004 2051 κελεύει

432 2086 656 2157 μακρὰν
688 2094 724 2116 ¹¹¹
752 2084 811 2139 ἔν
839 2103 947 2141 τινι
975 2086 1067 2139 τοῦ
1108 2086 1376 2159 σπηλαίου
1409 2087 1584 2158 γωνίᾳ
1617 2086 2004 2159 κολυμϐήθραν

428 2177 813 2247 σχεδιασθῆναι
832 2194 847 2208 ·
878 2177 1001 2247 ἥτις
1030 2178 1127 2232 καὶ
1186 2180 1266 2241 εἰς
1293 2177 1413 2231 τόδε
1441 2177 1637 2250 χρόνου
1673 2178 1824 2248 μένει
1878 2197 2006 2234 συν·

429 2268 726 2339 ισταμένη·
759 2268 854 2322 καὶ
874 2269 973 2332 τὰς
1007 2268 1261 2339 συνήθεις
1290 2269 1455 2340 εὐχὰς
1490 2268 1754 2335 ἐπειπὼν,
1783 2272 1877 2326 καὶ
1905 2273 2005 2325 ὅσα

428 2359 593 2431 νόμος
616 2360 706 2414 ἐπ’
726 2360 914 2423 αὐτοῖς
932 2361 1180 2428 τελέσας,
1203 2361 1396 2431 πρῶτα
1424 2362 1526 2432 μὲν
1548 2362 1642 2417 τὸν
1672 2360 2005 2418 Ἀσπὲϐετον

431 2451 705 2522 βαπτίζει,
731 2450 940 2523 Πέτρον
968 2452 1366 2529 μετονομάσας,
1392 2452 1520 2523 ἑξῆς
1548 2454 1605 2507 δὲ
1626 2454 1828 2524 Μάριν.
1851 2453 2006 2509 ἁδελ-

430 2544 534 2614 φὺν
561 2543 661 2615 τῆς
689 2543 951 2613 γυναικὸς
989 2544 1322 2599 Ἀσπεϐἐτου
1343 2560 1358 2575 ·
1407 2546 1699 2614 ἐπιφανεῖς
1751 2545 1920 2617 ἄμφω
1946 2545 2007 2600 τὸ

429 2636 609 2703 γένος,
642 2634 857 2707 πλούτῳ
906 2652 967 2688 τε
1001 2635 1155 2706 βαθεῖ
1187 2636 1502 2708 κομῶνταςς
1542 2638 1639 2691 καί⁸
1674 2637 1890 2692 συνέσει
1912 2638 2008 2692 καὶ

430 2730 603 2799 ἀρετῇ
633 2720 832 2798 μᾶλλον
859 2726 949 2781 τδν
983 2727 1219 2782 πλοῦτον
1245 2728 1614 2800 κοσμοῦντας,
1658 2728 1692 2799 ἢ
1722 2729 1817 2783 καὶ
1845 2730 2009 2784 αὐτὸν

428 2820 527 2873 τὸν
571 2818 799 2874 πλοῦτον
827 2806 1086 2874 ὑπόθεσιν
1128 2820 1328 2891 ἀρετῆς
1363 2821 1722 2892 ποιουμένους
1746 2837 1762 2852 ο
1815 2820 2007 2876 ἔπειτα

428 2912 490 2964 δὲ
519 2910 810 2982 Τερέϐωνα
844 2911 937 2965 καὶ
989 2911 1103 2982 μετ’
1140 2911 1304 2967 αὐτὸν
1336 2913 1464 2976 τοὺς
1493 2911 1714 2975 λοιπούς
1733 2928 1747 2942 ·
1792 2911 1883 2976 οὒς
1908 2912 2027 2985 δή-’

433 3018 539 3056 που
577 3003 675 3056 καὶ
699 3003 1108 3075 τεσσαράκοντα
1152 3007 1281 3076 παρ’
1322 3005 1505 3078 ἑαυτῷ
1557 3007 1844 3078 κατασχὼν
1872 3007 2009 3077 ἡμέ-

434 3111 560 3164 ρας,
591 3095 687 3147 καὶ
727 3096 1060 3170 παραινέσας
1090 3105 1144 3160 υ,
1175 3096 1274 3150 καὶ
1325 3096 1424 3168 τὴν
1476 3097 1761 3153 εὐσέϐειαν
1820 3099 2005 3163 αὐτοῖς

430 3176 968 3253 ἐξακριϐωσάμενοξ,
1001 3185 1095 3237 καὶ
1119 3185 1299 3240 πάντα
1325 3187 1528 3257 τρόπον
1571 3185 1641 3255 τᾲ
1672 3186 1809 3257 πρὸς
1827 3204 2003 3260 σῳτη-

436 3273 562 3345 pinv
593 3273 810 3345 ἀσφαλῆ
849 3274 1093 3345 θέμενος,
1125 3276 1351 3347 ἀφίησιν
1384 3277 1443 3330 ὲν
1483 3277 1672 3349 εἰρήνῃ
1697 3294 1711 3311 ο
1741 3277 2007 3348 οὐμενοῦν

446 3363 805 3434 Ἀγαριινόὺς,
858 3363 939 3417 ἔτι
980 3362 1041 3418 δὲ
1091 3364 1215 3419 οὐδὲ
1247 3364 1593 3437 Ἰσμαηλίτας
1626 3373 1673 3433 °,
1727 3366 1864 3421 ἀλλὰ
1907 3370 2008 3437 τῆς

436 3455 656 3525 Σάρρας
685 3454 1008 3523 ἀπογόνους,
1057 3454 1156 3509 καὶ
1203 3455 1577 3527 κληρονόμους
1608 3456 1858 3527 ἀψευδεῖς
1909 3459 2008 3530 τῆς

435 3543 797 3619 ἐπαγγελίας,
832 3542 923 3596 διὰ
961 3541 1057 3597 τοῦ
1088 3542 1659 3615 θείου-βαπτίσματος.

512 3634 641 3690 κε’.
688 3632 748 3687 '0
778 3634 965 3704 μέντοι
1018 3635 1223 3707 Μάρις,
1253 3636 1283 3690 ό
1316 3637 1408 3691 καὶ
1439 3637 1582 3701 θεῖος
1612 3636 1750 3710 πρὸς
1803 3638 2009 3711 μητρὸς

438 3725 519 3796 τῷ
547 3724 846 3794 Τερέϐωνι,
877 3726 1064 3780 οὐκετι
1092 3727 1214 3780 οὐδὲ
1269 3727 1487 3800 βλέψειν
1517 3731 1599 3793 είς
1625 3729 1695 3783 τὰ
1723 3731 1898 3784 ὀπίσω
1930 3731 2013 3783 εἴ-

448 3814 591 3881 λετο,
630 3815 752 3869 οὐδὲ
804 3816 1112 3888 ἀποστῆναι
1169 3818 1270 3889 τῆς
1334 3820 1502 3891 μονῆς
1534 3820 1670 3884 ὅλως
1720 3821 2009 3891 ¹ἠνέσχετο·

458 3903 592 3958 ἀλλὰ
614 3909 781 3962 πᾶσαν
807 3909 1152 3980 καθιερώσας
1185 3911 1327 3983 αὐτῇ
1356 3913 1456 3981 τὴν
1479 3912 1689 3978 οὐσίαν,
1725 3914 1820 3966 καὶ
1843 3913 2015 3983 μικρὰ

460 3994 528 4047 τὰ
556 3995 609 4049 ὲν
627 3997 694 4068 τῷ
722 3999 914 4070 κόσμῳ
936 4000 1117 4055 πάντα
1143 4001 1395 4072 νομίσας,
1427 4003 1523 4056 καὶ
1570 4001 1693 4056 οὐδὲ
1720 4003 1869 4070 ἄξιον
1923 4004 2017 4057 τὸν

455 4086 587 4155 πρὸς
614 4090 750 4143 αὐτὰ
780 4090 944 4145 πόθον
970 4091 1151 4163 ψυχῆς
1177 4092 1432 4160 εὐγενοῦς
1459 4110 1518 4148 τε
1544 4093 1642 4147 καὶ
1670 4094 2016 4165 μεγαλόφρο-

448 4194 507 4230 νο
517 4196 557 4243 g,
587 4178 707 4251 Θεῷ
745 4181 1150 4250 προσκολλᾶπαι
1187 4183 1356 4255 μόνῳ,
1384 4184 1480 4238 καὶ
1505 4185 1596 4237 ὐπ’
1626 4183 1775 4255 αὐτῷ
1804 4184 1905 4256 ζῇν
1928 4185 2018 4239 διὰ

445 4270 629 4341 πάσης
655 4270 756 4341 τῆς
777 4271 923 4343 ζωῆς
946 4272 1178 4337 τίθεται,
1208 4273 1288 4345 τῷ
1320 4275 1542 4346 μεγάλῳ
1562 4273 2017 4347 καθηγητῇνχρώ-

446 4376 633 4430 μενος.

2108 558 2282 613 puero
2319 541 2456 599 fusis
2494 543 2768 612 precibus,
2819 545 3073 615 factaque
3113 559 3283 615 super
3311 543 3462 599 illum
3496 544 3676 599 cruris

2108 634 2298 706 ﬁgura,
2330 650 2437 690 non
2464 635 2643 705 aliquo
2657 650 2795 705 opus
2818 635 3007 691 habuit
3036 645 3297 708 tempore,
3331 650 3444 690 non
3471 636 3678 706 majore

2108 724 2164 779 in
2195 725 2401 782 orando
2430 726 2856 796 perseverantia,
2876 727 2972 782 sed
3004 743 3128 782 eum
3161 728 3431 783 valentem
3464 737 3521 783 et
3559 743 3681 784 0m-

2107 817 2241 873 nino
2268 832 2460 872 sanum
2492 816 2676 873 statim
2701 816 2883 873 efﬁcit.

2181 998 2371 1054 XXIII.
2403 998 2651 1054 Percellit
2681 995 2946 1054 Barbaros
2972 996 3024 1053 id
3053 996 3197 1067 quod
3229 994 3434 1064 factum
3476 994 3671 1058 fuerat,

2106 1099 2163 1145 et
2226 1090 2387 1145 citius
2445 1106 2607 1157 quam
2670 1088 2856 1161 aegroti
2908 1103 3146 1159 corpus,
3205 1102 3394 1142 eorum
3457 1100 3674 1155 quoque

2107 1189 2369 1237 curantur
2426 1181 2660 1249 animae,
2749 1196 2847 1236 seu
2919 1180 3092 1251 magis
3133 1179 3329 1234 anima:
3388 1177 3673 1233 sanitatem

2105 1268 2470 1341 communiter
2524 1269 2827 1339 accipiunt,
2881 1269 3125 1339 ﬁuntque
3204 1268 3387 1323 statim
3467 1266 3674 1321 ﬁdeles.

2105 1359 2369 1427 Quocirca
2398 1360 2588 1429 'proni
2628 1358 2680 1412 in
2718 1359 2892 1414 solum
2945 1357 3295 1429 projicientes
3340 1371 3435 1423 se,
3484 1363 3678 1426 rogant

2106 1460 2352 1507 sanctam
2402 1451 2550 1505 illam
2606 1449 2864 1516 animam,
2914 1459 2975 1504 ut
3047 1449 3247 1504 Christi
3319 1448 3677 1519 ohsignentur

2107 1541 2413 1612 signaculo,
2487 1550 2806 1612 partemque
2865 1555 2930 1596 ac
2976 1554 3180 1595 nomen
3236 1538 3671 1596 Christianorum

2107 1639 2533 1700 consequantur.

2176 1720 2366 1775 XXIV.
2403 1722 2518 1776 Non
2550 1731 2668 1777 erat
2695 1732 2876 1777 autem
2915 1720 3141 1777 omnino
3169 1720 3270 1775 viri
3309 1720 3385 1791 pii
3412 1729 3468 1776 et
3499 1720 3672 1774 Deum

2105 1814 2355 1877 amantis,
2397 1814 2645 1869 cunctari
2684 1815 2739 1868 in
2774 1815 2937 1869 rebus
2973 1813 3306 1882 huiusmodi.
3334 1811 3520 1882 Neque
3545 1825 3674 1881 ergo

2106 1902 2207 1958 fuit
2234 1902 2519 1974 Euthymio
2548 1903 2657 1958 ulla
2680 1903 2994 1960 cunctatio:
3025 1902 3122 1957 sed
3149 1901 3344 1957 videns
3368 1914 3466 1956 eos
3506 1899 3685 1954 corde

2105 1994 2274 2064 magis
2305 2009 2465 2063 quam
2494 2008 2590 2049 ore
2624 2008 2836 2049 sacrum
2874 1992 3141 2064 baptisma
3194 1992 3486 2062 postulare,
3517 1992 3676 2063 juhct

2107 2099 2328 2155 parvam
2368 2084 2630 2156 piscinam
2661 2085 2717 2139 in
2750 2087 2984 2154 quodam
3039 2073 3314 2156 speluncae
3368 2085 3567 2157 angulo
3609 2070 3676 2139 ex

2108 2182 2352 2246 tempore
2384 2175 2499 2230 fieri
2529 2192 2545 2244 ;
2581 2190 2701 2246 quae
2749 2175 2968 2246 quidem
3025 2191 3199 2246 usque
3261 2176 3319 2231 in
3346 2176 3495 2231 hunc
3529 2175 3672 2231 diem

2106 2267 2387 2334 consistit;
2459 2275 2513 2323 et
2579 2277 2870 2324 consuetas
2943 2268 3220 2323 orationes
3286 2268 3669 2338 pronuntians,

2107 2359 2425 2429 cunctisque
2475 2375 2596 2430 quae
2648 2358 2735 2416 lex
2792 2360 3043 2432 praecipit
3073 2371 3239 2431 Super
3266 2361 3387 2415 illos
3417 2360 3670 2432 peractis,

2108 2450 2286 2520 primo
2307 2450 2527 2522 quidem
2556 2449 2889 2521 Aspebetum
2919 2451 3179 2522 haptizat,
3237 2450 3459 2507 Petrum
3495 2460 3673 2509 trans-

2106 2541 2437 2609 nominans;
2464 2541 2724 2612 deinceps
2756 2550 2936 2598 autem
2980 2543 3189 2609 Marim,
3223 2531 3443 2600 fratrem
3480 2542 3675 2612 uxoris

2108 2629 2389 2701 ASpebeti:
2413 2633 2602 2688 ambos
2630 2633 2805 2689 claras
2830 2649 3049 2705 genere,
3080 2644 3137 2691 et
3161 2634 3510 2705 ampliSsimis
3535 2635 3676 2691 divi-

2109 2724 2200 2779 tiis
2244 2726 2557 2791 instructos,
2590 2741 2687 2782 seu
2726 2727 2913 2798 potius
2939 2729 3029 2798 qui
3061 2729 3349 2799 prudentia
3381 2736 3438 2785 et
3477 2729 3677 2785 virtute

2108 2825 2369 2871 ornarent
2393 2815 2634 2881 divitias,
2663 2826 2758 2873 aut
2786 2818 2950 2874 etiam
2976 2819 3071 2888 qui
3098 2819 3245 2889 ipsas
3271 2835 3405 2890 opes
3436 2819 3677 2876 facerent

2108 2907 2389 2962 materiam
2445 2907 2701 2975 virtutis;
2770 2908 2967 2965 deinde
3027 2925 3157 2966 vero
3220 2911 3677 2976 Terebonem,ac

2110 3006 2233 3068 post
2255 2998 2431 3069 ipsum
2455 2999 2731 3069 reliquos:
2766 3014 2905 3071 quos
2964 3002 3153 3073 utique
3208 3011 3263 3058 et
3317 3004 3673 3075 quadraginta

2110 3088 2225 3144 dies
2255 3089 2394 3159 apud
2423 3104 2481 3144 se
2517 3090 2761 3157 retinuit,
2798 3101 2856 3147 et
2886 3092 3066 3161 multa
3114 3094 3346 3163 monuit,
3417 3094 3677 3167 piumque

2110 3181 2384 3252 religionis
2403 3182 2609 3237 cultum
2639 3192 2891 3239 accurate
2921 3184 3126 3253 docuit,
3155 3194 3319 3257 atque
3345 3189 3493 3243 omni
3514 3189 3676 3245 modo

2106 3273 2277 3329 ﬁrmis
2305 3275 2542 3345 tutisque
2570 3275 2795 3332 redditis
2827 3291 2948 3347 quae
2976 3277 3044 3333 ad
3075 3279 3307 3335 salutem
3360 3281 3668 3351 pertinent,

2108 3366 2315 3422 dimisit
2352 3367 2409 3422 in
2467 3384 2640 3439 pace;
2689 3384 2800 3425 non
2860 3382 3042 3427 tamen
3090 3374 3321 3445 amplius
3377 3380 3676 3451 Agarenns.

2110 3473 2213 3513 nec
2246 3458 2573 3525 Ismaelitas,
2602 3460 2698 3518 sed
2732 3460 2884 3518 Sarae
2919 3465 3257 3536 progeniem,
3331 3478 3508 3526 certos
3549 3487 3680 3542 pro-

2109 3554 2386 3609 missionis
2422 3550 2687 3622 baeredes,
2733 3569 2833 3625 per
2858 3556 3101 3612 divinum
3146 3560 3435 3630 baptisma.

2180 3643 2347 3698 XXV.
2409 3646 2482 3700 At
2532 3645 2718 3712 Maris,
2793 3648 3095 3704 Terebonis
3177 3653 3500 3719 avunculus,
3573 3671 3680 3711 non

2113 3735 2344 3804 amplius
2414 3736 2586 3790 voluit
2665 3746 2812 3792 retro
2874 3738 3140 3808 aspicere,
3223 3757 3401 3811 neque
3459 3746 3684 3801 omnino

2113 3820 2372 3876 sustinuit
2398 3821 2679 3877 discedere
2705 3840 2734 3877 a
2760 3825 3126 3890 monasterio;
3167 3828 3264 3882 sed
3292 3829 3341 3882 e’i
3389 3844 3680 3886 consecra-

2117 3906 2184 3961 tis
2208 3906 2460 3962 omnihus
2489 3906 2859 3974 facultatibus,
2909 3921 3215 3982 cunctaque
3273 3915 3436 3984 hujus
3492 3920 3677 3973 mundi

2115 4006 2264 4052 ratus
2293 4012 2413 4051 esse
2444 4013 2628 4067 parva,
2653 4014 2996 4069 quorumque
3032 3999 3367 4057 desiderium
3395 4005 3684 4062 dedeceret

2114 4089 2355 4144 animum
2380 4105 2700 4161 generosum
2722 4099 2776 4146 el
2797 4090 3164 4162 magnificum,
3188 4095 3287 4150 soli
3312 4093 3425 4151 Deo
3446 4096 3688 4154 adhaert-t

2115 4194 2172 4240 et
2198 4200 2295 4255 per
2329 4195 2495 4241 totam
2539 4195 2753 4241 aetatem
2786 4187 2888 4243 sub
2911 4202 2977 4243 eo
3013 4187 3196 4245 vivere
3251 4190 3460 4256 statuit,
3492 4208 3687 4264 magno

2118 4286 2276 4332 utens
2310 4278 2555 4334 ductore.

522 4416 667 4517 K6,".
701 4449 809 4504 Τοῦ
848 4449 1122 4521 θαύματος
1147 4453 1206 4506 δὲ
1232 4438 1499 4524 πολλαχοῦ
1541 4455 1638 4525 τῆς
1668 4457 1877 4527 ἐρήμου
1898 4457 2012 4512 δια-

2192 4456 2380 4511 XXVI.
2420 4457 2521 4513 Ubi
2556 4468 2736 4516 autem
2797 4461 3117 4519 miraculum
3149 4416 3454 4535 dispersum
3484 4475 3567 4520 est
3592 4482 3688 4535 per

438 4538 928 4607 δοθέντος,·πολλοὶ
948 4545 1086 4616 πρὸς
1123 4544 1216 4598 τὸν
1238 4544 1382 4600 θεῖον
1406 4545 1680 4615 Εὐθύμιον
1705 4547 1901 4602 πάθεσι
1928 4549 2023 4602 καὶ

443 4631 628 4694 νόσοις
678 4633 1128 4706 κατειλημμένοι,
1163 4634 1501 4706 πολλαχόθεν
1557 4637 1849 4709 συνέρρεον
1875 4656 1890 4671 ο
1926 4640 2023 4694 καὶ

443 4718 621 4783 οῦτως
659 4721 888 4792 ἄμισθόν
909 4740 968 4776 τε
999 4725 1094 4777 καὶ
1118 4725 1323 4796 εὐχερῆ
1353 4724 1656 4796 θεραπείαν
1682 4728 2018 4796 τρυγῶντες,

446 4813 1060 4893 χαίροντεςσὲπανῄεσαν
1080 4832 1094 4845 ·
1125 4815 1266 4870 ὥστε
1299 4816 1471 4880 οὔτως
1505 4819 1562 4872 ἐν
1586 4817 1782 4889 βραχεῖ
1797 4819 1868 4872 δι’
1893 4820 2022 4891 ὅλης

446 4904 718 4975 ἐξέλαμψε
756 4906 855 4975 τῆς
912 4908 1147 4978 ἐρήμου,
1194 4908 1271 4971 ὡς
1324 4908 1461 4979 μηδὲ
1523 4908 1681 4978 πάσῃ
1726 4907 1916 4963 τούτου
1959 4912 2020 4965 τὸ

444 4994 618 5064 ὄνομα
661 4998 728 5067 τῇ
762 4997 1097 5069 Παλαιστίνῃ
1152 4999 1398 5071 χωρητδν
1431 4994 1594 5067 εἶναι,
1651 5001 1789 5055 ἀλλὰ
1814 5002 1878 5074 δὴ
1924 5005 2020 5057 καὶ

448 5085 585 5153 πρὸς
622 5086 719 5150 τὰς
776 5087 964 5159 κύκλῳ
1009 5088 1311 5145 διαϐαίνειν
1363 5092 1661 5162 ἐπαρχίας,
1724 5093 1820 5147 καὶ
1882 5094 2020 5149 πολὺ

2124 4549 2325 4604 multas
2365 4558 2548 4619 partes
2578 4550 2909 4619 solitudinis,
2943 4553 3099 4609 multi
3129 4554 3332 4610 morbis
3381 4563 3437 4610 et
3468 4558 3689 4626 aegritu-

2123 4639 2341 4695 dinibus
2359 4640 2593 4712 correpti
2625 4641 2693 4697 ad
2721 4641 2963 4699 divinum
3018 4644 3370 4713 Eutliymium
3400 4648 3687 4718 undequa-

2121 4745 2229 4800 que
2257 4731 2607 4787 confluebant
2636 4750 2649 4785 :
2681 4732 2867 4802 sicque
2906 4733 3245 4789 curationem
3277 4736 3395 4791 sine
3437 4742 3690 4797 mercede

2121 4837 2184 4878 ac
2235 4822 2446 4878 facilem
2501 4823 2838 4895 colligentes,
2900 4825 3315 4882 revertebantur
3348 4828 3495 4897 laeti;
3552 4832 3690 4887 adeo

2122 4923 2181 4968 ut
2204 4914 2351 4971 brevi
2381 4916 2462 4970 sic
2497 4930 2595 4985 per
2624 4925 2789 4971 totam
2818 4916 2996 4972 clarus
3044 4919 3280 4974 evaserit
3320 4921 3686 4989 solitudinem,

2120 5016 2179 5061 ut
2201 5020 2303 5061 nec
2334 5007 2452 5076 ejus
2477 4999 2678 5063 nomen
2709 5015 2820 5063 tota
2842 5019 3061 5078 caperet
3119 5008 3429 5079 Palaestina,
3480 5014 3576 5069 sed
3623 5016 3690 5071 ad

2120 5099 2430 5170 provincias
2514 5101 2675 5155 etiam
2729 5102 2989 5158 transiret
3045 5103 3399 5160 circumcirca
3464 5108 3690 5176 positas,

446 5176 608 5229 τοῦτο
641 5176 735 5232 καὶ
766 5180 824 5231 ὲν
862 5180 1054 5245 αὐταῖς
1079 5181 1300 5253 ᾄδεσθαι
1319 5200 1333 5215 ·
1366 5183 1504 5255 ὅπερ
1552 5185 1696 5256 ἄλλῳ
1725 5185 1846 5257 μὲν,
1894 5188 2012 5252 ἴσως

2125 5191 2306 5262 ibique
2324 5192 2480 5248 valde
2505 5191 2898 5249 celebraretur.
2924 5193 3081 5261 Quod
3107 5196 3196 5250 alii
3220 5198 3437 5266 quidem
3463 5199 3693 5255 fortasse

448 5270 543 5323 καὶ
572 5270 719 5341 πρὸς
730 5273 923 5344 ἡδονῆς
942 5268 1011 5345 ἦν
1028 5289 1042 5304 ’
1068 5274 1327 5347 Εὐθυμίῳ
1352 5274 1432 5341 δὲ,
1459 5278 1790 5348 ἀγανακτεῖν
1813 5280 2012 5335 ὲπιίει]

2126 5284 2635 5356 fuissetvoluptati;
2657 5284 2952 5356 Euthymio
2974 5295 3155 5342 autem
3179 5303 3426 5359 magnam
3448 5290 3697 5360 pariebat

448 5362 657 5432 σφόδρα
683 5365 777 5418 καὶ
813 5366 1192 5438 δυσχεραίνειν
1216 5384 1233 5399 ⁸
1273 5367 1335 5421 οὐ
1398 5369 1563 5439 μόνον
1606 5369 1685 5438 τῷ
1715 5370 1814 5441 τὴν
1870 5371 2012 5439 δόξαι

2130 5375 2559 5447 indignationem
2614 5387 2672 5434 et
2726 5377 3076 5445 molestiam;
3124 5393 3233 5434 non
3304 5380 3517 5437 solum.
3549 5384 3696 5453 quod

447 5454 955 5530 ἀπεστράφθαιτὴν
982 5459 1350 5531 ἀνθρωπίνην,
1372 5460 1510 5515 ἀλλὰ
1542 5462 1638 5516 καὶ
1656 5461 1735 5534 τῷ
1765 5464 1863 5532 τῆς
1898 5466 2029 5535 ἡσυ-

370 5598 377 5601 .
448 5546 573 5618 χίας
598 5549 1108 5622 ἀναμιμνήσκεσθαι
1141 5553 1239 5623 τῆς
1269 5553 1564 5625 προτέρας,
1592 5554 1688 5608 καὶ⁸
1715 5555 1862 5620 ὅπως
1893 5557 2029 5609 ἅπε-

2131 5465 2429 5520 bumanam
2484 5476 2828 5523 aversaretur
2876 5469 3123 5539 gloriam,
3176 5469 3274 5525 sed
3339 5471 3503 5528 etiam
3551 5476 3700 5544 quod

2133 5556 2334 5626 prioris
2363 5558 2707 5614 meminisset
2749 5559 2973 5629 quietis,
3012 5562 3467 5629 quemadmodum
3535 5564 3588 5618 in
3635 5582 3702 5622 ea

1648 5657 1660 5668 ‘
1708 5645 1942 5703 VARIIE
1986 5647 2387 5704 LECTIONES.

530 5727 551 5770 ι
591 5731 749 5789 abest
769 5732 839 5787 ab
871 5732 943 5786 al.
1017 5743 1056 5770 ω
1088 5734 1158 5788 aI.
1190 5734 1417 5806 μικρὰν.
1492 5738 1613 5791 πει.
1658 5739 1760 5793 ins.
1800 5740 1992 5795 πολλὰ.

776 5833 1046 5893 Parnm.
1096 5835 1212 5894 (in.
1260 5834 1473 5897 CXIV.

2073 5758 2094 5779 °
2120 5741 2277 5797 abest
2311 5741 2378 5796 ab
2408 5740 2477 5794 al.

2583 5753 2608 5790 I'
2637 5742 2707 5796 al.
2743 5745 2922 5816 ἐπῄει.

3307 5841 3381 5902 20
