4144 6410
538 318 649 382 619

1778 310 2059 371 MENSIS
2098 312 2553 374 JANUARIUS.

3707 320 3815 384 620

541 440 888 500 nequaquam
936 423 1231 479 distractus
1265 422 1488 493 degeret
1547 422 1616 475 ab
1676 421 1824 475 omni
1885 421 2094 475 tuumln

2195 476 2200 483 _
2227 423 2527 493 ρίσπαστος
2555 422 2612 474 ἐν
2647 422 2783 493 αὐτῇ
2817 424 2910 476 καὶ
2936 421 3168 494 θορύϐου
3221 424 3371 491 ξένος
3412 426 3613 492 παντὸς
3675 428 3811 480 καθ-

466 497 474 505 .
537 497 764 578 alienus.
797 517 1088 588 Propterea
1116 524 1170 570 et
1195 511 1582 570 clancularium
1637 512 1704 566 ad
1768 510 1962 566 Ruban
2029 526 2118 566 se-

541 627 755 669 cessum
792 609 1182 665 meditabatur.

608 701 829 757 XXVII.
880 699 1085 754 Verum
1141 696 1361 754 divinus
1407 695 1763 762 Theoctistus
1794 736 1809 763 ,
1870 710 1992 751 cum
2037 695 2116 750 rei

2228 516 2430 569 ίστατο.
2456 518 2552 567 Διά
2576 516 2748 570 ταῦτα
2772 516 2866 568 καὶ
2886 515 3149 589 λαθραίαν
3170 518 3270 592 μὲν
3299 518 3530 590 ἐμελέτα
3554 521 3689 593 πρὸς
3720 521 3816 573 τὸν

2235 605 2465 659 Ῥουϐἄν
2494 606 2862 678 ἀναχώρησιν.

2292 698 2418 752 KZ’.
2450 697 2589 750 Ἀλλ’
2616 700 2643 749 ό
2667 698 2809 761 θεῖος
2856 699 3203 766 Θεόκτιστος,
3234 700 3336 754 οὐκ
3377 698 3474 754 οἶδ’
3518 702 3668 767 ὅπως
3704 700 3797 757 ατ-

538 794 811 849 meditata:
855 806 1077 847 sensum
1134 789 1321 845 nescio
1352 805 1460 859 quo
1509 789 1671 844 modo
1709 791 2035 859 accepisset,
2061 805 2090 843 e

2219 787 2411 858 σθησιν
2435 788 2616 843 λαϐὼν
2638 790 2732 843 τοῦ
2761 789 3162 863 μελετωμένου,
3190 794 3285 847 καὶ
3315 792 3475 863 δῆλον
3500 793 3662 849 τοῦτο
3676 796 3797 860 τοῖς

536 887 791 942 fratribus
820 885 925 939 hoc
968 882 1392 947 manifestasset,
1430 892 1542 937 tum
1577 897 1770 936 omnes
1799 890 2112 952 congregat.

538 985 648 1030 tum
698 988 1016 1030 communes
1050 973 1511 1041 vehementesque
1545 985 1737 1040 preces
1784 971 2027 1033 adhibet,
2053 979 2114 1024 ut

534 1082 721 1122 eorum
778 1065 1030 1120 orbitatis
1089 1064 1454 1126 misereatur,
1502 1078 1681 1133 neque
1730 1063 1808 1117 sic
1847 1062 2112 1131 despiciat

533 1175 745 1232 gregem
765 1173 925 1228 quem
944 1156 1059 1227 ipse
1080 1154 1386 1219 constituit,
1415 1154 1506 1222 qui
1543 1161 1664 1223 post
1683 1154 1802 1223 ejus
1833 1168 2106 1208 recessum

531 1263 648 1309 erat
702 1251 957 1306 atrociter
1002 1246 1386 1304 dilacerandus
1440 1261 1472 1300 a
1527 1246 1805 1300 communi
1860 1245 2106 1299 omnium

530 1345 713 1399 hoste.
751 1342 873 1396 Haec
904 1340 1062 1402 dixit,
1118 1338 1388 1406 simulque
1438 1336 1735 1406 persuasit,
1772 1351 1842 1390 ne
1878 1337 1931 1389 in
1964 1351 2105 1407 prae-

528 1437 703 1492 sentia
734 1434 1060 1493 discederet,
1090 1446 1192 1484 nec
1213 1444 1307 1484 eos
1335 1429 1689 1498 relinqueret.

597 1526 836 1580 XXVIII.
884 1521 1026 1588 Quia
1060 1536 1191 1575 vero
1221 1508 1409 1590 postea
1440 1534 1594 1573 amor
1627 1519 1829 1588 quietis
1856 1534 1981 1573 cum
2013 1536 2104 1575 ve-

525 1616 835 1670 hementius
880 1611 1118 1673 invasit,
1170 1625 1280 1663 non
1331 1608 1545 1664 habens
1574 1610 1831 1678 quidnam
1877 1618 2099 1679 ageret,

521 1706 759 1777 quodam
792 1717 975 1758 secum
997 1709 1298 1770 assumpto,
1317 1700 1408 1769 qui
1434 1700 1776 1755 Domitianus
1797 1702 1909 1771 (51)
1932 1716 2101 1756 voca-

516 1800 703 1862 batur,
735 1803 855 1850 erat
882 1802 1066 1849 autem
1114 1792 1406 1847 Melitenus
1438 1807 1657 1865 genere,
1692 1801 1854 1862 atque
1886 1792 2101 1849 virtutis

521 1898 731 1944 amator
775 1887 1017 1951 sedulus,
1055 1900 1162 1939 una
1200 1900 1325 1938 cum
1367 1899 1433 1937 eo
1475 1884 1771 1955 egreditur,
1828 1885 2100 1942 sentiente

519 1981 762 2043 nemine,
787 1986 842 2032 et
864 1977 919 2030 in
943 1975 1292 2030 solitudinem
1321 1972 1516 2028 IIuban
1542 1975 1676 2046 (52),
1697 1991 1818 2045 quae
1839 1978 2011 2048 vergit
2032 1977 2098 2033 ad

518 2080 786 2133 austrum,
819 2068 990 2127 venit,
1036 2067 1189 2135 juxta
1232 2081 1383 2120 mare
1410 2065 1700 2120 Mortuum.
1744 2067 1946 2123 Deinde
1974 2068 2098 2125 hinc

517 2160 763 2215 ascendit
791 2159 845 2212 in
878 2159 1044 2211 altum
1069 2157 1357 2226 quemdam
1379 2142 1662 2220 montem,
1689 2157 1757 2211 ab
1787 2158 1904 2212 aliis
1937 2174 2095 2214 mon-

516 2250 660 2305 tibus
685 2257 974 2310 remotum,
1006 2248 1099 2318 qui
1122 2248 1430 2318 appellatur
1452 2246 1647 2302 Mardae
1675 2249 1812 2318 (55),
1838 2249 2095 2303 transmi-

514 2359 675 2415 grans
707 2343 763 2396 in
791 2352 1027 2405 montes,
1081 2341 1223 2395 sicut
1263 2354 1470 2409 passer,
1505 2340 1828 2409 utloquitur
1874 2341 2095 2396 divinus

516 2434 702 2500 D‘avid,
734 2440 790 2489 et
838 2447 997 2488 arcus
1045 2431 1259 2501 telaque
1313 2432 1530 2502 fugiens
1579 2441 1924 2502 peccatorum
1955 2446 1971 2486 :
2000 2433 2093 2487 ubi

512 2539 636 2580 cum
663 2523 958 2578 invenisset
1000 2529 1246 2592 puteum,
1278 2518 1538 2589 humique
1564 2520 1708 2589 jacta
1757 2519 2009 2586 adilicia,
2038 2530 2094 2576 et

511 2616 772 2687 templum
802 2613 1157 2680 condidisset,
1195 2622 1358 2682 atque
1402 2612 1572 2666 altare
1605 2600 1930 2675 struxisset,
1970 2628 2093 2681 qua!

509 2707 725 2778 quidem
762 2711 905 2759 stant
932 2702 1112 2781 adhuc
1136 2702 1284 2771 (54),
1326 2700 1457 2755 inibi
1488 2709 1858 2753 commoratur
1878 2716 1975 2770 per
1999 2699 2096 2755 ali-

507 2800 656 2870 quod.
696 2807 931 2867 tempus,
989 2794 1304 2849 alimoniam
1341 2789 1558 2861 corpori
1602 2792 1970 2845 necessariam
2023 2807 2088 2847 ex

506 2890 699 2946 herbis
718 2888 832 2961 (55)
861 2888 974 2942 illic
992 2886 1184 2957 positis
1214 2884 1395 2939 subito
1419 2882 1522 2937 sibi
1544 2896 1891 2953 comparans,
1915 2884 2091 2954 iisque

506 2992 761 3052 tanquam
794 2995 978 3035 mensa
1006 2975 1286 3047 Splendida
1311 2982 1485 3029 utens.

2216 876 2469 946 ἀδελφοῖς
2500 876 2754 947 θέμενος,
2800 879 3044 948 ἀθροίζει
3099 897 3161 933 τε
3190 880 3421 945 πάντας,
3457 881 3552 935 καὶ
3606 881 3797 954 κοινὴν

2217 970 2465 1039 είσφέρει
2496 969 2681 1038 δέησιν
2708 973 2799 1023 καὶ
2836 970 3064 1042 θερμὴν,
3099 972 3250 1027 ἔλεον
3279 972 3460 1027 αὐτῶν
3493 974 3592 1044 τῆς
3614 973 3793 1044 ὀρφα-

2213 1057 2334 1124 νίας
2364 1058 2572 1125 λαϐεῖν,
2600 1060 2696 1112 καὶ
2719 1061 2795 1133 μὴ
2822 1063 3087 1133 περιιδεῖν
3120 1073 3148 1113 ιι
3177 1064 3322 1121 οὕτω
3350 1063 3587 1135 ποίμνην
3612 1064 3793 1135 ἥνπερ

2212 1150 2376 1212 αὐτὸς
2417 1152 2808 1216 συνεστήσατο,
2844 1151 3034 1216 δεινῶς
3068 1153 3205 1222 μετά
3226 1151 3324 1224 τὴν
3369 1151 3533 1206 αὑτοῦ
3571 1151 3791 1224 ἀναχώ-

2211 1257 2371 1312 ρησιν
2390 1243 2771 1312 σπαραχθῆναι
2793 1242 3095 1312 μέλλουσαν
3114 1243 3218 1296 ὑπὸ
3234 1243 3328 1296 τοῦ
3357 1242 3538 1297 κοινοῦ
3565 1243 3788 1299 πάντων

2210 1330 2458 1401 ὲχθροῦ.;
2476 1332 2663 1387 Ταῦτα
2709 1334 2902 1405 εἴρηκέ
2926 1351 2985 1387 τε
3020 1334 3116 1388 καὶ
3143 1334 3330 1388 ἔπεισε
3376 1335 3451 1407 μὴ
3483 1335 3789 1407 ἀποστῆναι

2207 1424 2330 1492 τόγε
2367 1424 2462 1477 νῦν
2492 1423 2639 1494 ἔχον,
2675 1427 2812 1496 μηδὲ
2840 1424 3067 1489 τούτους
3104 1427 3413 1481 ἀπολιπεῖν.

2278 1513 2414 1569 ΚΗ’.
2452 1517 2605 1569 Ἐπεὶ
2648 1516 2705 1570 δὲ
2734 1504 2796 1570 τὸ
2849 1518 2991 1588 μετά
3021 1516 3198 1572 ταῦτα
3230 1518 3562 1590 θερμότερον
3594 1521 3626 1575 ὁ
3684 1521 3788 1591 τῆς

2206 1605 2437 1675 ἡσυχίας
2468 1606 2608 1677 ἔρως
2630 1607 2797 1660 αὐτοῦ
2828 1607 3114 1675 καθίκετο,
3151 1610 3229 1680 μὴ
3250 1608 3389 1679 ἔχων
3410 1611 3439 1663 ὅ
3459 1626 3511 1662 τι
3542 1609 3636 1662 καὶ
3651 1608 3788 1681 δρά-

2206 1713 2338 1772 σειε,
2372 1699 2820 1770 συμπαραλαϐών
2879 1718 3001 1753 τινα
3052 1701 3174 1772 μεθ’
3229 1700 3426 1755 ἑαυτοῦ
3457 1701 3790 1770 Δομετιανὸν

2133 1764 2174 1819 Β
2202 1770 2395 1856 ὄνομα,
2424 1764 2726 1861 Μελιτηνὸν
2761 1790 2860 1859 μὲν
2912 1790 2974 1843 τὸ
3005 1764 3182 1860 γένος,
3223 1793 3323 1845 οὐκ
3373 1764 3547 1863 ἀμελή
3584 1792 3641 1844 δὲ
3687 1791 3784 1861 τῆς

2200 1881 2404 1952 ἀρετῆς
2447 1883 2705 1955 ἐραστὴν,
2738 1882 2939 1949 ἔξεισιν
2980 1883 3096 1955 ἅμα
3125 1883 3323 1955 τούτῳ,
3357 1884 3629 1955 μηδεμίαν
3659 1884 3783 1947 δοὺς

2200 1973 2477 2046 αἴσθησιν,
2514 1976 2619 2029 κάν
2642 1979 2707 2048 τῇ
2737 1977 2877 2049 πρὸς
2903 1977 3054 2030 νότον
3088 1977 3282 2048 ἐρήμῳ
3301 1977 3395 2030 τοῦ
3415 1976 3615 2030 Ῥουϐᾶ
3633 1976 3786 2046 παρά

2197 2064 2296 2134 τὴν
2333 2065 2552 2136 Νεκράν
2594 2067 2870 2122 θάλασσαν
2901 2069 3232 2137 ἀφικνεῖται.
3262 2065 3375 2122 Εἶθ’
3415 2068 3587 2132 οὕτως
3619 2067 3700 2132 εἷς
3730 2084 3785 2121 τι

2197 2155 2325 2226 ὄρος
2373 2156 2577 2227 ὑψηλὸν
2612 2158 2706 2213 καὶ
2739 2159 2849 2213 τῶν
2889 2159 3069 2214 ἀλλων
3106 2161 3278 2232 ὀρέων
3331 2160 3636 2233 διεστηκὸς,
3683 2160 3777 2213 τοῦ

2198 2246 2396 2319 Μαρδᾶ
2429 2247 2770 2320 καλούμενον
2793 2250 2990 2317 ἀνεισι,
3027 2252 3447 2322 μεταναστεύων
3471 2252 3551 2315 είς
3584 2249 3651 2304 τά
3675 2250 3777 2320 ὅρη

2196 2338 2272 2401 ὡς
2323 2338 2626 2409 στρουθίον,
2665 2339 2808 2395 κατά
2857 2342 2950 2407 τὸν
2995 2342 3139 2397 θεῖον
3196 2342 3384 2406 Δαϐὶδ,
3417 2343 3514 2396 καὶ
3552 2341 3623 2395 τά
3668 2340 3778 2393 τῶν

2194 2429 2534 2499 ἁμαρτωλῶν
2554 2427 2682 2494 τόξα
2700 2431 3123 2503 περιιστάμενος
3146 2441 3197 2462 τ’
3223 2433 3281 2486 ὲν
3302 2426 3345 2500 ᾧ
3373 2432 3551 2508 φρέαρ
3574 2431 3776 2502 εὑρὼν,

2195 2519 2289 2573 καὶ
2317 2520 2608 2592 οίκοδομάς
2642 2523 2722 2585 είς
2752 2522 2949 2591 ἔδαφος
2997 2523 3505 2594 καταϐεϐλημένας,
3547 2524 3674 2577 ναόν
3713 2539 3776 2576 τε

2192 2608 2507 2679 ἀνεγείρας,
2541 2612 2637 2662 καὶ
2673 2611 3059 2682 θυσιαστήριον
3111 2598 3292 2665 ἐκεῖσε
3342 2610 3694 2683 πηξάμενοςο
3737 2608 3774 2664 ἃ

2191 2699 2255 2769 δὴ
2285 2701 2378 2753 καὶ
2407 2702 2486 2765 είς
2520 2702 2681 2773 δεῦρο
2709 2703 2979 2773 ἑστήκασι
3006 2720 3018 2734 ⁸
3055 2703 3326 2775 διατρίϐει
3362 2705 3465 2775 μέν
3504 2720 3627 2757 τινα
3650 2703 3775 2772 χρό-
3854 2763 3860 2766 ,

2192 2778 2280 2846 νον
2308 2795 2365 2848 ὲν
2387 2794 2554 2864 αὐτῷ,
2586 2796 2683 2865 τὴν
2713 2796 3020 2865 ἀναγκαίαν
3056 2796 3136 2867 τῷ
3167 2795 3384 2867 σώματι
3427 2797 3774 2865 λειτουργίαν

2192 2886 2298 2939 ἀπὺ
2331 2885 2440 2939 τῶν
2470 2888 2648 2941 ἐκεῖσε
2673 2888 2911 2957 βοτανῶν
2948 2888 3267 2959 σχεδιάζων,
3303 2889 3402 2942 καὶ
3428 2887 3772 2960 ὼςτραπέζῃ

2190 2975 2415 3039 ταύταις
2442 2976 2649 3047 λιπαρᾷ.
2674 2977 2983 3049 χρώμενος.
3728 2970 3750 2979 “

559 3072 766 3127 .XXIX.
797 3071 1004 3126 Deinde
1040 3068 1207 3123 subiit
1229 3082 1353 3120 eum
1385 3066 1639 3139 cogitatio
1662 3067 1997 3140 ingrediendi
2029 3070 2082 3124 in

2199 3124 2204 3128 _
2266 3066 2396 3119 KG'.
2433 3061 2565 3120 Εἶτα
2596 3068 2861 3139 λογισμοῦ
2891 3085 3037 3133 τινος
3069 3069 3234 3122 αὐτὸν
3279 3068 3641 3137 εἰσελθόντος,
3671 3070 3767 3124 καὶ

501 3162 978 3231 solitudinem(56)
997 3160 1314 3228 Zipborum,
1334 3173 1504 3229 prope
1526 3159 1704 3214 vicum
1720 3161 2082 3217 Aristobulia-

501 3259 661 3320 dcm;
699 3255 764 3308 ad
812 3250 1129 3313 videndum,
1175 3249 1420 3318 inquam,
1459 3250 1577 3307 illas
1621 3251 1914 3321 speluncas
1945 3254 2083 3324 (57),

499 3365 620 3420 quae
657 3346 786 3401 olim
810 3344 1067 3398 Davidem
1112 3356 1449 3411 exceperunt
1473 3358 1502 3396 a
1525 3343 1688 3397 Saule
1716 3343 2041 3419 insectatum
2066 3363 2081 3411 ;

498 3450 661 3508 atque
684 3437 735 3490 ei
767 3432 1077 3505 cogitationi
1106 3442 1297 3500 paret;
1323 3432 1493 3497 venit,
1521 3442 1577 3488 et
1614 3433 1732 3488 loco
1760 3434 2083 3502 delectatus,

497 3530 607 3583 iliic
634 3524 939 3580 construxit
963 3521 1380 3577 monasterium.
1399 3524 1628 3578 Causam
1649 3532 1828 3578 autem
1851 3534 2077 3595 praeter-

496 3620 732 3680 mittere,
758 3631 918 3685 quam
971 3614 1164 3668 habuit
1186 3612 1349 3684 hujus
1370 3612 1689 3669 monasterii
1713 3615 2071 3682 constructio,

492 3712 750 3765 damnum
789 3707 949 3762 fuerit
975 3706 1098 3776 piis.

566 3802 734 3858 XXX.
774 3799 1070 3870 Cujusdam
1097 3813 1129 3852 e
1158 3799 1263 3853 vici
1282 3797 1696 3853 Aristobuliadis
1721 3798 1914 3857 incolis
1943 3818 2035 3874 gra
2059 3834 2066 3842 -

492 3895 631 3950 viter
693 3892 970 3948 laborabat
1029 3890 1190 3954 lilius,
1229 3905 1259 3944 a
1315 3889 1459 3944 malo
1512 3890 1707 3958 spiritu
1755 3903 2061 3963 correptus.

2177 3154 2263 3220 ἐίς
2311 3157 2409 3229 τὴν
2453 3157 2660 3229 ἔρημον
2690 3160 2937 3229 Ζηφῶν⁵
2992 3160 3254 3231 ἐμϐαλεῖν
3283 3161 3518 3231 ἐχόμενα
3562 3160 3761 3232 κώμης

2195 3250 2690 3322 Ἀρίστοϐουλιάδος
2707 3250 2869 3322 (κατά
2890 3250 3019 3305 θέαν
3037 3250 3287 3319 ἐκείνων,
3307 3252 3479 3322 φημὶ,
3493 3250 3603 3305 τῶν
3621 3266 3763 3321 σπη-

2182 3340 2370 3406 λαίων,
2419 3341 2455 3397 ἀ
2485 3342 2549 3412 δὴ
2588 3342 2756 3395 πάλαι
2804 3343 2897 3398 τὸν
2924 3342 3092 3396 Δαϐὶδ
3122 3344 3483 3414 ἐλαυνόμενον
3514 3343 3618 3415 ὑπὸ
3664 3341 3759 3395 τοῦ

2183 3435 2356 3488 Σαοὺλ
2389 3433 2737 3507 ὑπεδέξατο),
2772 3434 3022 3489 πείθεται
3046 3434 3221 3504 τούτῳ
3241 3452 3255 3467 ⁸
3282 3436 3376 3489 καὶ
3409 3434 3761 3504 ἀφικόμενος,

2185 3530 2281 3581 καὶ
2309 3528 2386 3595 τῷ
2411 3529 2560 3597 τόπῳ
2597 3528 2803 3599 ἡσθεὶς,
2835 3529 3196 3599 μοναστήριον
3220 3531 3338 3582 ἐκεῖ
3365 3528 3757 3609 συνεστήσατο.

2184 3621 2256 3673 Τὸ
2278 3619 2458 3690 δὲτὴν
2481 3620 2660 3673 αἰτίαν
2697 3621 3029 3694 παραλιπεῖν
3068 3620 3136 3692 ἢν
3187 3622 3343 3691 ἔσχεν
3372 3621 3406 3692 ἠ
3442 3621 3540 3697 τῆς
3583 3616 3757 3688 μονῆς

2182 3710 2466 3772 σύστασις,
2503 3708 2680 3781 ζημία
2719 3715 2833 3775 τοῖς
2858 3710 3147 3780 φιλοθέοις.

2190 3828 2197 3833 -
2250 3806 2335 3855 Λ’.
2366 3803 2614 3873 Ἐπασχε
2646 3803 2836 3866 δεινῶς
2861 3820 2966 3857 τινι
2988 3805 3098 3857 τῶν
3126 3803 3267 3857 κατά
3291 3804 3389 3873 τὴν
3412 3802 3605 3873 κώμην
3619 3802 3760 3872 Ἀρι-

2174 3897 2519 3952 στοϐουλιάδα
2551 3897 2682 3963 υἱὸς,
2718 3898 2810 3952 καὶ
2876 3897 3099 3971 πονηρῷ
3135 3898 3410 3970 συνείχετο
3463 3895 3756 3967 πνεύματι.

1754 4002 1988 4059 νΑιιιλΕ
2044 4006 2340 4067 LECTION
2347 4010 2451 4067 ES.

578 4105 605 4147 ιί
635 4096 705 4149 al.
729 4093 997 4165 παριδεῖν.
1074 4101 1104 4130 τ
1146 4093 1218 4146 al.
1246 4091 1700 4163 πριιπτάμενος.

1814 4102 1836 4129 ⁸
1869 4097 1941 4152 al.
1971 4099 2173 4171 Ζιφῶν.

1760 4212 1952 4270 JOAN.
1993 4216 2333 4274 BOLLANDI
2373 4219 2606 4275 NOTAE.

556 4305 667 4376 (3t)
707 4302 805 4378 llic
829 4303 1080 4378 deinceps
1101 4302 1409 4357 individuus
1434 4304 1552 4369 ejus
1574 4304 1755 4361 socius
1771 4306 1904 4378 luit,
1927 4310 2048 4378 plus

484 4375 644 4444 quam
691 4375 1084 4447 quinquaginta
1130 4388 1226 4447 per
1283 4388 1490 4447 annos;
1548 4386 1599 4428 ct
1646 4377 1876 4447 septimo
1928 4375 2050 4447 post

483 4424 855 4514 Sj‘usmolilituui
886 4424 975 4496 die
997 4424 1083 4498 Ἰ*
1102 4424 1216 4496 vita
1249 4424 1450 4514 ellipse
1476 4424 1740 4509 exocssitl,
1776 4456 1836 4500 ut
1863 4424 2051 4505 ex'EEI
2088 4424 2131 4480 θ

482 4512 790 4585 quentibus,
820 4523 875 4567 et
906 4514 1142 4585 maxime
1174 4525 1293 4585 cap.
1320 4512 1470 4585 18_et
1510 4514 1575 4567 I9
1610 4518 1907 4572 constabit.

551 4584 665 4653 (5‘2)
707 4585 765 4639 In
819 4585 956 4653 hanc
1001 4582 1573 4653 solitudinent‘Ruhan
1608 4587 1807 4653 saepius
1860 4589 1955 4642 ivit
1994 4588 2052 4643 S.

480 4651 798 4725 Euthynous
834 4651 1060 4725 inl‘ran.
1093 4651 1147 4715 7,
1188 4652 1277 4725 84,
1300 4651 1390 4718 95,
1424 4655 1513 4725 ubi
1550 4651 2053 4725 Cutilaaisolitudini

475 4723 860 4793 conjungilur._
887 4723 947 4793 lu_
988 4723 1123 4776 hanc
1159 4724 1320 4793 etiam
1358 4724 1701 4793 solitudinem
1747 4724 1936 4779 Rubau
1964 4743 2054 4781 se-

475 4789 756 4846 cesserunt
788 4791 888 4845 SS.
923 4789 1160 4846 Joannes
1190 4792 1561 4853 Silentiarius,
1596 4792 1789 4856 Sabas,
1827 4795 2050 4850 Gerasi-

476 4879 613 4923 mus,
651 4874 704 4915 et
736 4862 1043 4928 Quiriacus,
1076 4871 1131 4914 ut
1167 4863 1299 4915 Arta
1335 4877 1524 4916 eorum
1558 4864 1817 4919 indicant.
1858 4863 2043 4919 Memi-

474 4934 554 4983 nit
576 4934 732 5002 hujus
766 4931 1076 5002 solitudinis
1107 4931 1344 5002 Joannes
1378 4931 1632 4986 Moschus
1664 4931 1910 5002 in'Prato
1937 4937 2047 5002 spio

472 4999 654 5054 ritualt
693 5017 809 5069 cap.
850 4999 972 5052 167.
1023 5000 1098 5053 Ex
1144 4999 1333 5057 Rubau
1382 5003 1448 5055 ad
1501 5002 1717 5055 lluvium
1758 4999 2048 5060 Jordanem

471 5072 713 5135 proxime
741 5071 954 5140 transiit
978 5069 1037 5124 S.
1074 5070 1265 5125 Sabas.
1297 5071 1637 5140 Quapropter
1667 5087 1887 5140 prorsus
1918 5075 2049 5129 soli-

470 5140 712 5211 tudinem
747 5138 1308 5211 Rubauisuspicamur
1339 5138 1632 5211 desertum,
1668 5138 1723 5195 in
1757 5158 1864 5211 quo
1891 5142 2049 5198 Chri-

466 5220 584 5263 stus
613 5210 876 5279 jejunarit
907 5210 977 5264 40
1007 5211 1198 5265 diebus
1231 5221 1285 5264 et
1314 5210 1582 5267 noctibus.
1614 5213 1756 5280 quod
1789 5229 1816 5264 a
1858 5228 2048 5267 recen-

356 5286 363 5289 '
468 5280 695 5334 tioribus
728 5280 1009 5334 Desertum
1035 5280 1395 5346 Quarantana:
1426 5282 1644 5336 dicitur.
1670 5282 1889 5336 Consuli
1922 5299 2047 5347 pos-

464 5362 589 5401 sunt
640 5350 1026 5420 Adricbomius
1075 5352 1127 5403 in
1183 5351 1321 5404 tribu
1386 5349 1667 5419 Benjamiu
1731 5355 1850 5420 Cap.
1878 5352 1967 5417 97,
1992 5363 2046 5407 et

465 5420 817 5482 Quarcsmius
851 5421 942 5473 lib.
974 5419 1028 5482 6,
1059 5420 1329 5490 peregrin.
1364 5420 1418 5483 6,
1465 5436 1581 5487 cap.
1621 5421 1704 5485 l2,
1743 5419 1830 5490 qui
1879 5425 2044 5477 tradit

462 5503 525 5540 ex
559 5493 743 5553 variis,
777 5492 1070 5543 monachos
1095 5488 1161 5542 ad
1186 5492 1489 5560 exemplum
1511 5490 1713 5545 Christi
1753 5488 1879 5545 olim
1910 5494 2043 5546 soli-

463 5561 667 5629 tosghic
699 5562 1070 5624 pmnitentiam
1103 5574 1285 5629 agere.
1642 5608 1645 5611 .

537 5627 650 5695 ('55)
690 5629 840 5681 Mons
868 5637 953 5702 est
987 5627 1325 5702 circaimare
1368 5631 1669 5702 Morinum,
1702 5632 1791 5702 qui
1826 5631 2041 5687 Mardos

470 5706 708 5759 vocatur,
749 5698 994 5751 excelsus
1034 5700 1207 5765 valde,
1252 5702 1426 5768 inquit
1456 5698 1866 5772 Moschus'cap.
1909 5702 2035 5757 158.

2161 4313 2966 4390 hians_Quarantan:e_videtur
2989 4318 3126 4390 dici,
3161 4321 3212 4390 in
3245 4335 3405 4390 quem
3436 4321 3687 4378 Christus
3718 4339 3750 4379 a

2160 4385 2378 4440 diabolo
2423 4394 2666 4440 tentante
2712 4387 2925 4444 delatus
2976 4389 3101 4444 fuit.
3155 4389 3230 4444 De
3263 4385 3337 4444 eo
3394 4392 3749 4456 QuareSmius

2162 4470 2349 4523 supra.

2235 4521 2347 4594 (5i)
2387 4521 2639 4601 Moschus
2659 4524 2858 4601 Cyrillo
2881 4543 3097 4585 eomvus
3126 4539 3353 4601 testatur
3374 4545 3473 4584 suo
3501 4544 3749 4601 tempore

2160 4594 2228 4646 ab
2267 4596 2612 4648 anachoretis
2654 4594 2825 4652 luisse
2872 4601 3261 4655 inhabitatum.
3309 4600 3375 4653 Et
3426 4594 3747 4658 Bonifacius

2158 4664 2409 4736 oculatus
2440 4664 2598 4719 testis
2637 4665 2804 4720 refert
2833 4670 2971 4736 apud
3019 4668 3420 4734 Quaresmiutn,
3459 4672 3744 4728 inumueru

2160 4733 2230 4809 ibi
2257 4741 2569 4787 sanctorum
2590 4733 3058 4809 anachoreiarutu
3075 4755 3300 4809 corpora
3337 4743 3583 4809 reperiri,
3610 4745 3748 4799 adeo

2158 4803 2395 4875 integra,
2427 4813 2486 4875 ut
2515 4819 2615 4875 nec
2638 4806 2868 4872 capillus
2900 4808 2953 4861 in
2983 4803 3359 4875 capite'desil.

2230 4873 2344 4942 (ὄὸ)
2386 4874 2528 4927 Idem
2560 4873 2815 4931 Moschus
2845 4873 3063 4932 hortum
3090 4880 3541 4936 anachoretarum
3571 4882 3743 4938 fuisse

2154 4944 2344 4997 scribit
2366 4945 2432 5012 all
2465 4943 2700 4998 radicem
2732 4947 2953 5012 montis,
2982 4949 3134 5003 "circa
3178 4951 3342 5003 maris
3373 4950 3594 5006 labium.

2225 5013 2339 5090 ('56)
2377 5010 3248 5090 Ea_solitudoEngaddidiriturl
3274 5017 3482 5090 Regum
3515 5018 3739 5083 xxwfin

2151 5082 2325 5152 cujus
2358 5082 2615 5150 spelunca
2678 5082 2847 5139 distat
2891 5103 2922 5140 a
2969 5087 3279 5142 Bethlehem
3327 5082 3457 5152 36x,
3521 5108 3548 5142 ιι
3599 5082 3740 5148 mari

2161 5150 2373 5226 Mortuo
2412 5164 2616 5226 septem
2662 5156 2882 5209 circiter
2923 5159 3197 5221 milliaria,
3230 5169 3283 5209 ut
3312 5150 3564 5213 observat
3595 5164 3743 5226 Qua-

2150 5222 2382 5275 resmius
2413 5221 2507 5276 lib.
2542 5223 2594 5287 6,
2634 5229 2967 5293 percgrinat.
3012 5226 3071 5291 5,
3099 5244 3215 5292 cap.
3256 5227 3342 5281 10.
3376 5229 3438 5282 Ει
3469 5221 3733 5284 ΑιΙιοιῦΙιοο

2149 5292 2290 5345 mins
2332 5306 2494 5361 supra
2551 5292 2717 5348 ret'ett
2762 5295 3120 5361 Quarantanze
3189 5300 3462 5352 desertum
3515 5303 3736 5355 extendi

2146 5375 2324 5435 usque
2345 5364 2411 5435 a_tl
2452 5363 2725 5418 desertqu
2761 5367 3033 5420 'l'heruua:
3061 5378 3113 5421 et
3144 5368 3403 5435 Eugaddi.

2218 5429 2498 5504 (57)7Duas
2522 5435 2698 5487 adhuc
2728 5445 2946 5490 exstare
2983 5429 3615 5504 tcstaturQuaresmius,
3647 5438 3735 5493 Ia-

2147 5508 2230 5555 tas
2266 5503 2472 5572 palmes
2503 5504 2595 5568 94,
2636 5504 2825 5572 longas
2878 5508 3097 5559 circiter
3144 5506 3233 5571 50,
3280 5509 3331 5560 in
3387 5508 3557 5564 latere
3604 5503 3733 5564 Sese

2145 5571 2419 5648 peculiare
2450 5588 2640 5648 cavum
2679 5575 2754 5629 ait
2799 5577 3142 5642 observasse,
3199 5579 3252 5631 in
3300 5593 3409 5647 quo
3446 5588 3601 5648 putat
3647 5581 3734 5635 la-
3812 5608 3831 5621 ι

2146 5641 2317 5695 tuisse
2350 5640 2629 5698 llavidem.
3046 5678 3053 5684 -
