4144 6430
405 355 510 419 621

1665 350 1843 412 ΠΤΑ
1878 349 1938 410 8.
1979 348 2382 409 EUTHYMII.

3540 357 3645 451 ea}

404 466 645 534 Πάσχων
681 459 738 514 δὲ
771 456 935 526 οὕτω,
968 459 1058 514 καὶ
1100 457 1205 513 ὑπὸ
1258 457 1497 530 χαλεποῦ
1536 459 1791 531 δαίμονος
1850 476 1976 513 συν-

2079 457 2213 514 Cum
2239 468 2419 514 autem
2469 460 2546 516 sic
2585 469 2881 532 pateretur,
2912 472 2967 518 et
3003 463 3071 517 ab
3101 462 3647 539 humauit-curetur

402 556 687 626 εχόμενος,
718 551 780 615 τὸ
829 550 925 605 τοῦ
959 550 1232 622 Εὐθυμίου
1255 551 1428 623 ὄνομα
1455 552 1685 625 λαμπρᾷ
1725 555 1792 625 τῇ
1824 554 1976 625 φωνῇ

405 646 567 700 ἐϐόα·
605 643 736 697 ὲϐόα
789 630 875 697 at
911 642 980 696 δι’
1019 641 1185 697 αὑτοῦ
1224 642 1426 713 μᾶλλον
1474 645 1572 715 οὐχ
1610 644 1772 710 ἑκὼν,
1796 645 1912 698 ἀλλ’
1949 646 1978 699 ό

401 733 692 806 τυραννῶν
743 734 1005 805 ἄντικρυς
1051 734 1505 813 τυραννούμενος.
1576 736 1842 804 Ὀρῶντες
1883 736 1979 790 οὖν

401 826 568 883 αὑτὸν
595 825 650 878 οῖ
673 841 734 877 τε
760 826 996 896 πατέρες
1022 826 1115 878 καὶ
1135 827 1184 878 οἱ
1233 826 1629 896 προσήκοντες,
1660 825 1838 891 οὕτως
1883 826 1979 881 ἐπὶ

401 917 654 989 γλώττης
695 917 785 969 ἀεὶ
818 916 882 970 τὸ
901 916 994 969 τοῦ
1030 915 1309 987 Εύθυμίου
1337 917 1637 988 στρέφοντα
1661 918 1856 988 ὄνομα,
1884 920 1978 973 καὶ

404 1011 646 1081 μάλιστά
669 1024 733 1078 γε
757 1010 924 1079 ἡνίκα
950 1009 1306 1079 σφοδρότερον
1328 1010 1358 1062 ὁ
1383 1009 1577 1081 μιαρὸς
1602 1009 1752 1081 αὑτῷ
1768 1011 1979 1082 δαίμων

402 1103 615 1165 ἐκεῖνος
650 1100 914 1158 ἐπίθοιτο.
957 1098 1042 1162 τίς
1092 1099 1158 1152 ἂν
1206 1099 1234 1150 ό
1263 1097 1537 1170 Εὐθύμιπ
1573 1092 1726 1162 οὗτος
1763 1099 1850 1170 εἴη
1879 1117 1977 1153 πε-

405 1186 640 1261 ριιόντες
667 1188 1118 1251 ἀνεπυνθάνοντο,
1155 1188 1250 1242 καὶ
1285 1189 1435 1252 ὃπως
1465 1190 1531 1243 ἄν
1559 1207 1612 1244 τι
1650 1190 1780 1258 περὶ
1808 1189 1976 1244 αὐτοῦ

405 1281 655 1352 μάθοιεν,
702 1280 926 1350 φροντὶς
968 1276 1038 1349 ἦν
1064 1281 1311 1351 αὑτοῖςὴ
1368 1282 1626 1353 μεγίστη.
1682 1281 1872 1353 nam
1920 1281 1977 1336 δὲ

405 1374 536 1446 περὶ
555 1372 654 1444 τὴν
686 1371 897 1426 ἐκείνου
924 1371 1150 1442 ζήτησιν
1171 1374 1440 1440 καμόντες
1459 1386 1473 1402 ⁸
1506 1373 1678 1445 μεστὴ
1707 1373 1814 1445 γὰρ
1840 1374 1875 1444 ὴ
1899 1373 1979 1427 οῖ-

406 1464 650 1536 κουμένη
681 1465 833 1517 πᾶσα
858 1464 958 1533 τῆς
983 1463 1189 1517 ἐκείνου
1216 1465 1404 1537 φήμης
1432 1465 1528 1519 καὶ
1554 1464 1650 1520 τοῦ
1676 1465 1940 1536 ὀνόματος
1956 1481 1973 1497 ο

416 1557 719 1619 ἁκούουσιν,
757 1556 835 1618 ὼς
860 1555 946 1626 εἴη
997 1555 1202 1626 μεταξὺ
1234 1556 1363 1626 παρ’
1385 1556 1693 1628 Ἀϐαριχῶν
1729 1559 1747 1594 ι
1774 1574 1835 1612 τε
1883 1558 1978 1612 καὶ

422 1646 926 1715 ’Δριστοϐουλιάδο;.
985 1647 1096 1700 Καὶ
1150 1647 1555 1718 παραλαϐόντες
1625 1647 1827 1714 εὐθέως
1884 1648 1976 1702 τὸν

424 1738 603 1801 παῖδα,
663 1738 792 1808 πρδς
838 1736 999 1790 αὐτὸν
1032 1736 1219 1808 ᾔεσαν.
1262 1738 1417 1791 Ἐπεὶ
1446 1738 1503 1792 δὲ
1561 1723 1846 1811 τὲόρρωσεν
1892 1739 1975 1793 ετι

415 1828 709 1898 προϊοῦσιν,
745 1827 969 1898 εὔδηλος
1028 1830 1234 1894 ἐκεῖνος
1279 1829 1358 1900 τῷ
1393 1829 1680 1901 ’νεανίσκῳ
1743 1828 1971 1898 γίνεται,
2010 1805 2051 1862 Β

409 1918 840 1990 προαισθόμενον
866 1919 1055 1990 ὥσπερ
1076 1919 1136 1972 τὸ
1168 1920 1412 1974 ἐνοικοῦν
1437 1919 1587 1991 αὐτῷ
1611 1919 1848 1992 πνεῦμα,
1878 1922 1977 1992 τῆς

405 2010 501 2064 τοῦ
555 2012 891 2077 ἐνοικοῦντος
945 2012 1025 2083 τῷ
1083 2011 1338 2082 meum
1401 2012 1608 2082 ἀγαθοῦ
1661 2012 1977 2084 Πνεῦματος

405 2105 707 2173 ἐνεργείας,
734 2106 815 2168 εἰς
844 2104 1021 2174 φυγὴν
1045 2102 1260 2173 ἔϐλεψε,
1292 2105 1433 2159 κατὰ
1473 2106 1601 2167 τοὺς
1631 2104 1841 2169 δειλοὺς
1865 2104 1976 2158 τῶν

402 2194 716 2249 ἀντιπάλων
740 2195 835 2249 καὶ
858 2195 1126 2263 ἀγεννεῖς,
1155 2195 1203 2249 οἳ
1250 2197 1385 2267 μηδὲ
1410 2196 1735 2268 προσιόντας
1762 2197 1842 2250 ἔτι
1877 2197 1975 2265 μέ-

400 2302 553 2339 νουσι
599 2286 726 2350 τοὺς
753 2286 999 2351 ὁπλίτας.
1029 2287 1163 2341 ἀλλὰ
1215 2279 1307 2341 καὶ
1350 2288 1457 2360 πρὸ
1500 2288 1598 2358 τῆς
1653 2287 1976 2360 συμπλοκῆς

404 2377 735 2445 ἐξίστανται.
789 2380 1079 2451 Σπαράξαν
1122 2376 1217 2434 οῦν
1262 2380 1477 2450 ἀθρόως
1513 2380 1607 2435 τὸν
1673 2381 1973 2448 νεανίσκον,

400 2471 611 2540 ἀφανὲς
638 2470 827 2542 ᾤχετο.
858 2472 1004 2525 Ἔδει
1029 2471 1136 2543 γὰρ
1163 2473 1222 2525 τὸ
1244 2471 1500 2543 πονηρὸν,
1521 2472 1732 2544 πονηρὰ
1754 2472 1975 2542 δρᾶσαι,

402 2566 502 2618 καὶ
543 2566 777 2636 μανικὴν
827 2565 991 2618 αὐτοῦ
1049 2567 1141 2618 καὶ
1194 2565 1609 2637 τεταραγμένην
1661 2565 1831 2631 δεῖξαι
1878 2565 1976 2636 τὴν

404 2654 776 2726 ἀναχώρησιν.
810 2656 899 2717 Ὧς
922 2656 979 2709 δὲ
1020 2658 1197 2711 ἐκεῖνο
1225 2656 1469 2711 ἐκποδὼν
1498 2652 1586 2727 ἦν,
1617 2656 1802 2726 νήφων
1831 2657 1858 2710 ὁ
1883 2658 1978 2712 ἄν·

403 2746 629 2817 θρωπος
687 2747 783 2800 καὶ
823 2746 1119 2818 σωφρονῶν
1147 2748 1364 2800 ἐθεᾶτο·
1399 2747 1586 2818 ἑτέρου
1625 2747 1846 2817 μᾶλλον,
1877 2749 1978 2803 οὐκ
2023 2783 2027 2787 ε

402 2840 618 2893 ἐκείνου
651 2839 827 2909 δηλῶν
856 2836 995 2894 εἶναι
1021 2839 1121 2911 τὴν
1149 2838 1533 2909 προλαϐοῦσαν
1576 2837 1746 2909 ζάλην
1781 2837 1877 2893 καὶ
1907 2837 1979 2892 τὰ

400 2930 463 2982 δε
472 2929 557 2983 ινὰ
578 2928 824 3000 κύματα.

475 3021 606 3073 AA'.
642 3020 731 3072 Ἐν
762 3018 955 3090 βραχεῖ
979 3019 1036 3073 δὲ
1063 3020 1158 3074 τοῦ
1190 3016 1466 3091 θαύματος
1490 3023 1593 3091 τὴν
1644 3012 1850 3092 ἔρημον
1870 3022 1977 3075 πᾶ-

405 3124 510 3161 σαν
541 3108 946 3179 περιλαϐόντος,
980 3109 1164 3180 συχνοὶ
1186 3110 1323 3180 πρὸς
1352 3108 1514 3163 αὐτὸν
1542 3108 1603 3175 ἐξ
1631 3110 1800 3181 αὐτῆς
1831 3109 1976 3181 Ἀρι-

408 3174 784 3265 στοϐουλιάδος
844 3174 939 3256 καῖ
965 3174 1080 3257 τῶν
1107 3174 1268 3274 πέριξ
1304 3202 1506 3274 κωμῶν
1550 3174 1851 3269 συνθέοῦσι,
1879 3174 1975 3257 καὶ
2002 3174 2056 3284 (Ξ

401 3292 778 3364 μοναστήριον
797 3292 1174 3363 οἰκοδομοῦσιν
1190 3293 1338 3364 αὐτῷ
1360 3308 1374 3323 ⁸
1400 3296 1458 3347 ἐν
1482 3286 1527 3362 ᾧ
1550 3293 1647 3348 καὶ
1672 3294 1856 3347 πολλοὶ
1870 3293 1978 3348 τῶν

404 3385 653 3439 εὐλαϐὦν
685 3385 893 3439 εἵλοντο
920 3386 1281 3457 παραμένειν,
1311 3385 1404 3440 τοῦ
1433 3386 1567 3440 Θεοῦ
1596 3385 1805 3441 ἄνωθεν
1852 3386 1978 3439 ἑπι-

401 3478 771 3551 χορηγοῦντος
793 3478 861 3531 τὰ
890 3478 1024 3549 πρὸς
1054 3480 1152 3550 τὴν
1184 3479 1377 3551 χρείαν
1400 3478 1494 3532 τοῦ
1526 3477 1799 3548 σώματος.

475 3569 602 3627 AB'.
631 3573 708 3625 Οὐ
740 3572 876 3641 μόνα
902 3570 958 3625 δὲ
989 3571 1054 3624 τὰ
1075 3571 1242 3641 νοητὰ
1269 3570 1455 3642 θηρία,
1476 3571 1548 3625 τὰ
1570 3570 1856 3642 πνεύματα
1880 3571 1981 3642 τῆς

406 3663 695 3733 πονηρίας,
733 3663 899 3734 φημὶ,
926 3661 1101 3727 οὕτως
1139 3661 1289 3734 αὐτῷ
1313 3664 1678 3717 {morsratwi
1707 3662 1843 3717 ἀλλὰ
1883 3662 1979 3715 καὶ

404 3758 520 3817 τοῖς
551 3754 832 3825 αἰσθητοῖς
856 3754 1091 3818 τούτοις,
1127 3756 1226 3808 ὃσα
1267 3771 1326 3808 τε
1362 3755 1692 3825 σαρκοϐόρα,
1749 3754 1843 3808 καὶ
1876 3754 1979 3806 ὃσα

413 3844 525 3897 τῶν
575 3845 795 3899 ἰοϐόλων
825 3846 952 3912 εἰσὶ,
993 3845 1564 3917 συναναστρεφόμενος
1614 3846 1799 3909 αὐτοῖς
1838 3844 1979 3899 κατά

422 3933 523 3995 τὰς
539 3934 767 4005 ἐρήμους
789 3941 885 3988 καὶ
911 3936 1175 4005 διηνεκῶς
1201 3935 1427 4007 ὁμιλῶν,
1445 3935 1702 4006 οὐδεμίαν
1732 3937 1862 4004 παρ’
1889 3936 1981 3989 οῦ-

419 4023 568 4088 δενὺς
597 4027 883 4098 ἐπιϐουλὴν
916 4027 948 4098 ἢ
985 4027 1192 4100 βλάϐην
1217 4028 1446 4099 ὑπέστη.
1480 4029 1589 4082 Καὶ
1615 4027 1824 4091 τούτοις
1847 4032 1981 4084 ἁπι-

419 4117 608 4170 στείτω
623 4118 842 4189 μηδείςο
872 4117 1025 4181 εἰδὼς
1062 4102 1211 4183 ὅπως
1232 4118 1447 4190 ᾇμαχόν
1474 4135 1529 4172 τι
1562 4118 1774 4190 χρῆμα,
1807 4116 1980 4172 Ilvati-

410 4224 581 4280 ματος
613 4208 712 4262 τοῦ
747 4208 952 4278 ἀγαθοῦ
978 4209 1230 4279 δύναμις,
1282 4211 1375 4263 καὶ
1406 4211 1583 4263 πάντα
1610 4210 1809 4282 ῥᾳδίως
1842 4209 1975 4263 θαυ-

406 4304 744 4371 ματουργεῖν
789 4301 1084 4373 δυναμένη.
1131 4303 1425 4372 Μαρτυρεῖ
1462 4301 1540 4373 τῷ
1596 4302 1739 4373 λόγῳ
1798 4301 1980 4373 ῥάϐδῳ

405 4391 656 4446 θάλασσα
690 4394 1019 4464 τεμνομένη,
1049 4392 1147 4447 καὶ
1169 4392 1497 4462 κελεύσματι
1524 4393 1671 4464 μόνῳ
1692 4393 1979 4463 ἱστάμενος

2078 550 2343 619 ἀωωοηο,
2395 552 2670 625 Euthy‘mii
2720 569 2920 611 nomen
2973 556 3241 610 clamabat
3291 557 3435 611 ciam
3482 573 3644 624 voce;

2053 657 2177 724 _seu
2209 643 2389 714 potius
2433 658 2531 714 per
2569 660 2694 701 eum
2727 645 2997 702 clamabat
3030 662 3139 701 non
3167 646 3357 702 volens
3402 648 3643 718 quidem,

2079 736 2176 791 sed
2214 736 2552 817 tyrannidem
2585 752 2651 791 ex
2696 737 2926 792 adverso
2953 753 3148 815 passus
3175 738 3268 808 qui
3304 739 3646 808 tyrannidem

2078 825 2387 881 exercebat.
2419 825 2675 881 Videntes
2718 841 2847 898 ergo
2862 826 3025 889 illum
3056 837 3310 897 parentes
3339 836 3395 882 et
3424 828 3648 898 propiu—

2077 917 2171 989 qui
2209 917 2288 972 sic
2342 933 2545 972 nomen
2579 916 2860 987 Euthymii
2909 932 3125 986 semper
3180 918 3360 989 lingua
3405 921 3645 985 volvere,

2076 1009 2487 1081 pnesertimque
2517 1010 2737 1081 quando
2767 1010 3137 1066 exsecrandus
3162 1010 3253 1065 ille
3286 1012 3499 1066 damon
3520 1027 3647 1067 eum

2077 1100 2358 1156 invaderet
2405 1102 2805 1168 vehementius,
2838 1103 3091 1172 quisnam
3125 1114 3270 1158 esset
3299 1104 3389 1159 hic
3438 1104 3648 1175 Euthy-

2077 1190 2241 1254 mius,
2273 1190 2597 1246 aberrantes
2629 1192 3072 1255 sciscitabantur,
3100 1201 3155 1248 et
3192 1193 3648 1263 quemadmodum

2077 1282 2146 1337 de
2206 1297 2273 1337 eo
2323 1282 2527 1352 aliquid
2579 1283 2874 1351 discerent,
2931 1288 3169 1340 maxime
3198 1293 3353 1340 erant
3405 1286 3647 1340 solliciti.

2075 1373 2320 1444 Cumque
2350 1375 2493 1431 circa
2524 1375 2669 1430 illius
2708 1376 3118 1447 inquisitionem
3160 1392 3450 1448 parumper
3494 1377 3651 1433 labo-

2076 1474 2292 1520 rassent
2345 1467 2517 1535 (totus
2568 1465 2717 1521 enim
2771 1467 2922 1523 orbis
2972 1476 3239 1522 terrarum
3293 1468 3486 1538 plenus
3531 1480 3653 1525 erat

2073 1554 2217 1610 fama
2239 1556 2380 1612 illius
2409 1573 2474 1612 ac
2505 1557 2769 1630 nomine),
2787 1559 3017 1614 audiunt
3046 1574 3165 1615 esse
3189 1559 3332 1614 inter
3362 1560 3651 1617 Parabari-

2076 1648 2209 1703 chos
2250 1657 2305 1703 et
2348 1648 2825 1705 Aristobuliadem.
2867 1652 3044 1721 Atque
3081 1651 3410 1720 accipientes
3462 1652 3647 1708 statim

2074 1754 2327 1809 puerum,
2379 1741 2448 1796 ad
2477 1756 2602 1797 eum
2640 1742 2874 1797 iverunt.
2914 1741 3016 1796 Ubi
3042 1753 3222 1796 autem
3251 1742 3437 1813 procul
3468 1742 3649 1797 adhuc

2080 1831 2520 1899 procedentibus,
2571 1831 2661 1886 ille
2688 1832 3017 1895 adolescenti
3074 1833 3254 1889 evadit
3300 1832 3644 1896 manifestus,

2078 1921 2244 1976 veluti
2283 1923 2639 1992 praesentiens
2670 1923 2761 1994 qui
2822 1924 3158 1980 inhabitabat
3199 1925 3423 1995 spiritus
3453 1924 3563 1979 vim
3593 1933 3648 1980 et

2040 2024 2050 2033 '
2076 2016 2447 2082 operationem
2475 2015 2599 2069 boni
2627 2014 2864 2086 Spiritus
2880 2017 2938 2071 in
2954 2015 3247 2089 Euthymio
3270 2016 3646 2082 inhabitantis,

2076 2105 2143 2160 ad
2184 2104 2364 2176 fugam
2399 2106 2671 2176 respexit;
2707 2122 2816 2162 non
2858 2123 3016 2163 secus
3050 2124 3112 2163 ac
3159 2109 3330 2164 timidi
3375 2119 3431 2165 et
3467 2109 3647 2181 ignavi

2077 2197 2281 2261 hostes,
2315 2195 2405 2265 qui
2442 2212 2620 2267 neque
2660 2198 2982 2254 accedentes
3008 2201 3185 2254 adhuc
3208 2211 3529 2270 exspectant
3553 2218 3646 2258 ar-

2075 2278 2250 2342 matos
2278 2287 2500 2352 milites,
2549 2288 2645 2343 sed
2674 2297 2801 2343 ante
2831 2276 3176 2344 commissam
3208 2306 3443 2362 pugnam
3491 2309 3646 2350 rece-

2075 2376 2192 2447 ptui
2223 2385 2448 2431 canunt.
2480 2375 2582 2432 Ubi
2616 2391 2747 2448 ergo
2776 2377 3173 2434 adolescentem
3232 2390 3458 2450 repente
3511 2398 3648 2439 con-

2076 2469 2346 2533 torsisset,
2383 2469 2624 2524 evanuit.
2660 2468 2958 2539 Oportebat
2987 2471 3135 2526 enim
3166 2471 3368 2527 malum
3398 2474 3538 2530 mala
3564 2475 3647 2530 fa-

2075 2574 2220 2627 cere,
2244 2560 2653 2630 discessumque
2691 2575 2849 2615 suum
2893 2560 3156 2616 furiosum
3186 2571 3241 2617 et
3265 2565 3647 2621 conturbatum

2075 2653 2385 2708 ostendere.
2420 2652 2711 2722 Postquam
2740 2662 2921 2707 autem
2952 2653 3042 2708 ille
3075 2653 3415 2720 recessisset,
3451 2670 3648 2713 cerne-

2075 2743 2238 2800 batur
2259 2745 2423 2800 homo
2474 2744 2808 2814 compositus
2858 2753 2913 2798 et
2967 2758 3100 2798 sana
3154 2753 3372 2809 mente;
3421 2746 3648 2805 alterius

2076 2853 2296 2909 nempe,
2332 2854 2443 2893 non
2487 2838 2659 2908 ipsius
2708 2835 3018 2907 significans
3046 2850 3169 2891 esse
3202 2851 3321 2891 eam
3359 2852 3480 2907 quae
3507 2854 3649 2909 pra:-

2076 2939 2316 2987 oesserat
2342 2938 2718 3000 tempestatem
2750 2943 3076 3000 gravemque
3091 2928 3521 2984 ﬂuctuationem.

2147 3019 2339 3074 XXXI.
2365 3019 2633 3075 Craterum
2665 3017 2814 3073 brevi
2843 3016 3164 3071 miraculum
3194 3024 3361 3073 totam
3407 3020 3648 3088 pervasit

2081 3111 2429 3168 solitudinem
2452 3128 2467 3177 ;
2488 3117 2648 3179 atque
2665 3109 2730 3164 ad
2749 3124 2873 3164 eum
2893 3107 3203 3177 frequentes
3219 3124 3282 3164 ex
3304 3109 3416 3180 ipsa
3437 3110 3647 3166 Aristo-

2077 3202 2571 3271 buliade,vicisque
2608 3198 3090 3254 circumstantibus
3114 3210 3466 3264 concurrunt,
3503 3217 3568 3255 ac
3587 3202 3639 3256 ei

2075 3292 2467 3348 monasterium
2488 3289 2693 3363 (58-59)
2708 3290 3005 3358 aedificant;
3023 3291 3075 3344 in
3096 3304 3205 3361 quo
3222 3291 3383 3345 etiam
3405 3279 3656 3360 pii'muiti'

2078 3390 2389 3438 statuerunt
2449 3395 2792 3451 permanere,
2846 3379 2955 3434 Deo
3009 3379 3244 3450 desuper
3265 3395 3329 3435 ea
3393 3382 3645 3451 suppedi-

2078 3483 2228 3531 tante
2259 3489 2380 3543 quae
2401 3482 2560 3528 erant
2588 3472 2655 3526 ad
2680 3471 2924 3543 corporis
2951 3487 3111 3526 usum
3138 3473 3468 3527 necessaria.

2148 3566 2365 3624 XXXII.
2400 3566 2589 3638 Neque
2620 3568 2795 3622 solum
2819 3567 2922 3622 sub
2951 3566 3365 3637 intelligentiam
3390 3568 3648 3625 cadentes

2078 3662 2226 3727 ferte,
2258 3659 2502 3730 spiritus,
2526 3659 2767 3728 inquam,
2800 3658 3042 3728 maligni,
3086 3658 3160 3711 ita
3191 3658 3241 3711 ei
3278 3659 3648 3728 subjicieban-

2076 3761 2196 3818 tur;
2221 3751 2316 3807 sed
2337 3751 2501 3804 etiam
2533 3749 2588 3802 in
2614 3748 3003 3802 solitudinibus
3036 3762 3369 3804 conversans
3393 3750 3647 3804 assiduo-

2077 3858 2184 3913 que
2220 3839 2579 3910 congrediens
2606 3852 2730 3894 cum
2767 3836 3119 3893 sensibilibus
3170 3836 3303 3891 feris
3326 3877 3341 3902 ,
3388 3847 3496 3892 tam
3528 3854 3649 3908 qua:

2078 3940 2205 3988 sunt
2218 3930 2516 3986 carnivnrae
2545 3942 2708 3999 quam
2733 3942 2853 3997 quze
2868 3933 3168 3991 venenatae,
3186 3926 3363 3982 nullas
3377 3930 3445 3982 ab
3459 3942 3647 3984 earum

2078 4023 2184 4078 ulla
2210 4035 2424 4092 ,passus
2456 4030 2543 4076 est
2579 4019 2827 4084 insidias,
2876 4018 3089 4073 nullum
3142 4017 3424 4075 damnum.
3463 4018 3650 4091 Neque

2078 4119 2167 4175 bis
2194 4102 2483 4189 quisquam
2514 4115 2677 4172 ﬁdem
2725 4116 2988 4187 deneget,
3021 4115 3205 4171 sciens
3242 4132 3403 4186 quam
3451 4116 3521 4172 sit
3562 4129 3652 4172 res

2078 4210 2537 4282 ineXpugnabilis,
2598 4208 2729 4264 boni
2779 4207 3016 4277 Spiritus
3065 4210 3263 4276 virtus,
3316 4225 3437 4279 qum
3471 4218 3652 4280 potest

2079 4298 2262 4357 omnia
2293 4298 2453 4354 facile
2482 4297 2955 4354 ederemiracula.
2984 4298 3082 4353 Cui
3109 4299 3347 4354 sermoni
3380 4298 3485 4352 fert
3508 4299 3654 4353 testi-

2080 4395 2325 4451 monium
2382 4408 2534 4449 mare
2590 4392 2741 4464 virga
2800 4393 3055 4459 scissum,
3114 4401 3170 4447 et
3224 4391 3305 4447 sol
3328 4393 3482 4461 jussu
3534 4391 3652 4446 solo

401 4485 558 4557 ἧλιος
610 4487 707 4538 καὶ
753 4486 850 4555 τῆς
896 4486 1088 4556 πρόσω
1146 4487 1316 4556 φορᾶς
1350 4486 1688 4556 εἰργόμενος,
1744 4483 1856 4555 πῦρ
1899 4486 1979 4548 εἰς

2082 4487 2301 4548 sistens,
2354 4484 2774 4554 prohibitusque
2808 4484 3041 4538 ulterius
3090 4482 3364 4553 progredi,
3417 4481 3559 4552 ignis
3592 4481 3650 4536 in

397 4578 597 4647 δρόσον
627 4577 1120 4648 μεταϐαλλόμενον,
1166 4578 1261 4630 καὶ
1315 4577 1450 4632 ἄλλα
1478 4578 1580 4631 ὅσα
1616 4574 1839 4630 τοιαῦτα
1875 4594 1978 4630 πα-

403 4670 649 4741 ραδόξως
673 4669 1244 4741 τεθαυματούργηται.

476 4764 601 4818 AI".
641 4763 857 4817 Γίνεται
886 4764 943 4816 δὲ
994 4765 1089 4817 καὶ
1120 4761 1248 4816 ἄλλο
1287 4761 1408 4816 κατ’
1461 4761 1633 4824 αὐτὴν
1676 4760 1848 4832 δήπου
1880 4761 1979 4834 τὴν

405 4855 519 4909 τῶν
548 4855 746 4926 Ζηφῶν
774 4856 1003 4925 ἔρημον,
1044 4855 1191 4921 ἄξιον
1226 4857 1323 4925 τῆς
1351 4853 1445 4909 τοῦ
1462 4853 1762 4924 δράσαντος
1800 4854 1977 4907 Εὐθυ-

404 4948 537 5019 μίου
566 4949 661 5002 καὶ
689 4946 935 5018 γνώμης,
975 4946 1068 5000 καὶ
1092 4947 1191 5018 τῆς
1229 4947 1360 5016 περὶ
1389 4946 1490 5017 τὴν
1511 4945 1792 4998 εὐσέϐειαν
1820 4945 1980 5015 ἀκρι-

2082 4593 2262 4633 rorem
2293 4589 2615 4638 conversus,
2657 4584 2712 4629 et
2739 4572 3046 4630 consimilia
3086 4572 3192 4629 alia
3225 4571 3485 4627 miracula
3531 4585 3652 4641 quae

2085 4676 2281 4741 praeter
2319 4666 2631 4736 opinionem
2660 4663 2801 4720 facta
2831 4672 2979 4718 sunt.
3393 4736 3405 4747 .

2157 4761 2394 4817 XXXIII.
2430 4761 2516 4816 Fit
2542 4769 2723 4815 autem
2752 4758 2897 4813 aliud
2930 4772 3145 4828 quoque
3190 4757 3244 4811 in
3267 4772 3331 4812 ea
3357 4756 3652 4827 Zipborum

2088 4854 2401 4918 solitudine,
2444 4853 2666 4924 dignum
2695 4849 2968 4921 Euthymii
2999 4848 3235 4904 auctoris
3275 4856 3330 4902 et
3357 4858 3560 4915 mente,
3600 4855 3656 4902 et

2089 4957 2273 5002 exacta
2296 4945 2513 5016 pietate.
2558 4942 2693 4997 Nam
2722 4957 2847 4998 cum
2872 4940 3169 4996 invenisset
3198 4940 3253 4994 in
3286 4954 3348 4996 ea
3368 4940 3651 5009 quosdam,

404 5039 582 5103 ϐείας.
624 5037 820 5110 Εύρὼν
861 5038 971 5109 γάρ
1000 5054 1151 5101 τινας
1181 5039 1241 5090 ὲν
1268 5039 1408 5109 αὐτῇ
1435 5037 1535 5107 τὴν
1565 5034 1659 5090 τοῦ
1706 5036 1982 5099 Μάνεντος

2084 5038 2178 5109 qui
2204 5035 2431 5090 Manetis
2474 5033 2795 5089 laborabant
2841 5031 3075 5098 insania,
3109 5030 3394 5099 morbique
3426 5028 3652 5085 multam

407 5134 700 5196 νοσοῦντας
732 5129 952 5202 μανίαν,
985 5130 1082 5183 καὶ
1115 5128 1316 5201 πολλὴν
1357 5128 1447 5182 ἀεὶ
1478 5128 1557 5197 τῷ
1582 5128 1851 5198 νοσήματι
1882 5126 1983 5195 τὴν

406 5223 655 5278 ἐπίδοσιν
694 5220 1076 5293 ποιουμένους,
1126 5220 1204 5292 τῷ
1264 5220 1471 5292 μηδένα
1518 5218 1842 5292 προσίεσθαι
1895 5218 1981 5272 τὸν

2087 5125 2302 5197 semper
2352 5124 2624 5180 faciebant
2658 5121 3051 5188 accessionem,
3095 5136 3163 5177 eo
3185 5120 3330 5191 quod
3360 5119 3545 5175 nullus
3583 5116 3652 5171 ad

2086 5219 2337 5274 morbum
2356 5215 2654 5273 curandum
2680 5215 2907 5271 idoneus
2934 5213 3239 5279 accederet,
3253 5212 3344 5268 ille
3366 5227 3425 5268 se
3446 5209 3651 5266 dedens

1702 5356 1788 5412 VA
1799 5355 1935 5414 ΒΙΛΕ
1969 5357 2259 5415 LECTION
2267 5356 2368 5413 ES.

482 5509 500 5542 '
540 5506 613 5561 al.
634 5498 916 5575 Βιριχῶν.
941 5496 1049 5553 Int.
1078 5492 1504 5567 Παραϐαριχῶν.

1610 5633 1802 5690 JOAN.
1852 5630 2196 5689 BOLLUSDI
2231 5627 2467 5686 NOTAE.

472 5770 694 5840 (38-59)
727 5728 1080 5834 Quaresmius
1120 5766 1370 5837 testatur,
1397 5771 1561 5830 prope
1586 5755 1871 5829 speluncas
1902 5754 2117 5812 :edificii
2150 5754 2500 5811 fundamenta
2533 5748 2711 5805 a‘lbuc
2742 5755 2961 5804 exstare
2988 5750 3043 5801 et
3075 5743 3394 5800 cisternam.
