4144 6418
512 352 617 415 623

1738 342 2019 403 MENSIS
2058 341 2511 404 JANUARIUS.

3644 344 3762 408 62f

515 459 808 521 visitationi
829 457 1107 514 hominum
1159 456 1292 510 adeo
1329 453 1727 526 ingrotamium,
1779 461 1833 508 et
1879 454 2068 510 consti

2189 451 2527 523 θεραπεύσαι
2562 453 2641 507 τδ⁴
2675 454 2845 518 πάθος
2878 454 3077 520 ἱκανῶς
3131 454 3338 527 ἔχοντα,
3384 447 3506 521 δούς
3562 456 3755 510 satith

515 563 675 608 tuens
721 551 777 606 in
810 548 1199 620 peritissimum
1235 546 1536 611 medicum,
1583 553 1733 600 tanta
1772 560 1867 601 eos
1896 561 2076 617 agres-

512 660 608 698 sus
634 650 882 707 estarte,
916 640 1102 707 sicque
1133 644 1192 690 ut
1242 652 1271 691 a
1319 637 1508 691 morbo
1533 636 1874 691 discederent
1910 634 2075 706 (idem

511 746 691 790 autem
726 730 947 787 omnino
966 738 1048 784 est
1068 729 1272 792 dicere,
1299 727 1525 797 llmrcsi)
1556 728 1841 782 verissime
1874 727 2072 789 cllecit,

514 835 569 879 ut
601 826 777 894 ipsum
809 837 1031 892 quoque
1051 821 1195 875 illius
1224 828 1431 889 patrem
1467 817 1739 873 Manetem
1767 826 1954 888 aperte
1978 817 2075 871 ab-x

511 917 775 980 dicarem,
805 922 863 968 et
890 912 1036 967 claro
1066 908 1745 980 subjicerentanathemati
1778 907 2076 977 ﬁerentque

511 1006 613 1076 ipsi
647 1021 770 1076 pars
811 1003 1123 1076 apostolicae
1158 1009 1208 1057 et
1246 1000 1561 1057 orthodoxae
1589 1000 1733 1055 ﬁdei.

574 1279 826 1335 XXXIV.
853 1276 958 1333 Sed
983 1285 1268 1349 postquam
1294 1273 1385 1329 hic
1410 1284 1625 1344 quoque
1657 1272 1856 1327 multos
1886 1287 2075 1327 rursus

505 1373 642 1430 vidit
662 1370 996 1428 conﬂuentes
1048 1369 1186 1439 (ipsa
1214 1367 1360 1423 enim
1402 1364 1636 1421 solitudo
1684 1372 1800 1419 erat
1839 1364 2074 1421 circum-

502 1480 655 1540 septa
682 1468 837 1533 vicis,
864 1475 919 1522 et
942 1464 1033 1534 qui
1056 1472 1177 1518 erat
1212 1461 1356 1532 apud
1382 1460 1561 1530 ipsum
1596 1458 1885 1513 thesaurus
1913 1473 2075 1514 voca-

501 1562 595 1618 bat
624 1568 897 1615 amatores
923 1557 1116 1612 barum
1140 1551 1461 1623 spiritalium
1487 1550 1903 1619 ecelestiumque
1933 1550 2074 1606 divi-

500 1652 741 1722 tiarum),
771 1656 1052 1719 assumpto
1086 1661 1283 1702 rursus
1317 1644 1709 1714 discipulosuo
1745 1641 2070 1707 Domitiano,

500 1741 792 1799 revertitur
808 1739 877 1794 ad
908 1737 1102 1793 fratres
1142 1743 1198 1792 et
1230 1736 1448 1790 beatum
1478 1733 1853 1789 Theoetistum
1895 1750 1908 1786 :
1951 1748 2072 1802 quae

2183 543 2386 606 ἐκεῖνος
2426 546 2505 608 είς
2560 546 2848 617 ἐπίσκεψιν
2887 548 2994 601 τῶν
3044 545 3187 601 οὕτω
3222 550 3470 619 πονήρως
3497 549 3751 620 ἐχόντων,

2181 635 2273 686 καὶ
2296 635 2476 704 ἰατρὸς
2504 637 2905 706 ἐμμελέστατος
2923 640 3107 703 αὐτοῖς
3131 640 3428 706 καταστὰς,
3447 638 3589 693 οὕτω
3616 656 3749 710 μετο

2180 723 2343 793 ἦλθεν
2389 726 2633 797 ἀτεχνῶς
2662 739 2710 802 ιι,
2745 731 2838 782 καὶ
2894 728 3064 794 οὕτως
3095 731 3398 801 ἀποστῆναι
3460 731 3562 801 τὴν
3594 731 3749 783 νόσον

2180 815 2394 886 (ταυτὸν
2421 817 2478 870 δὲ
2519 819 2737 883 πάντως
2786 821 2963 875 εἰπεῖν
3009 821 3106 893 τὴν
3136 819 3373 893 αἵρεσιν)
3410 820 3750 891 ἀληθέστατα

2179 908 2619 978 παρεσκεύασεν,
2649 910 2725 973 ὡς
2755 911 2849 964 καὶ
2866 911 3028 965 αὐτὸν
3042 912 3133 965 τὸν
3165 914 3377 983 ἐκείνης
3402 911 3614 983 πατέρα
3634 914 3749 966 Μά-

2178 1013 2354 1062 νεντα,
2384 999 2634 1071 φανερῶς
2664 1001 3009 1069 ἀποκηρύξαι
3041 1004 3134 1056 καὶ
3174 1005 3483 1073 ἁναθέματι
3510 1003 3751 1076 λαμπρῷ

2179 1088 2598 1156 καθυποῦαλεῖν,
2618 1092 2713 1144 καὶ
2740 1094 2906 1162 μέρος
2929 1094 3129 1155 αὐτοὺς
3152 1095 3246 1164 τῆς
3271 1095 3638 1167 άποστολικῆς
3657 1098 3753 1151 καὶ

2177 1180 2460 1250 ὀρθοδόξου
2493 1182 2746 1250 γενέσθαι
2770 1184 3024 1249 πίστεως.

2251 1272 2373 1327 ΛΔ’.
2413 1273 2563 1326 Ἐπεὶ
2590 1274 2647 1327 δὲ
2680 1275 2908 1340 πολλοὺς
2930 1277 3210 1333 κάνταῦθα
3258 1278 3420 1332 πάλιν
3448 1279 3594 1350 ἐώρα
3622 1283 3750 1352 cup:

2178 1362 2400 1433 ῥέοντας
2444 1363 2669 1435 (κύκλῳ
2719 1367 2829 1440 γὰρ
2855 1367 2996 1438 αὕτη
3044 1372 3166 1433 ταῖς
3184 1368 3419 1440 ξκώμαις
3464 1372 3500 1442 ή
3545 1371 3750 1442 ἕρημος

2177 1455 2541 1524 ἐστεφάνωτο,
2598 1457 2693 1511 καὶ
2716 1458 2745 1510 ὁ
2775 1458 2908 1529 παρ’
2939 1459 3089 1531 αὑτῷ
3121 1460 3395 1533 θησαυρὸς
3418 1463 3601 1516 ἐκάλει
3627 1466 3750 1528 τοὺς

2176 1546 2414 1618 ἐραστὰς
2443 1548 2538 1600 τοῦ
2567 1550 2943 1620 πνευματικοῦ
2971 1552 3163 1605 τούτου
3199 1553 3430 1607 πλούτου
3457 1556 3550 1608 καὶ
3579 1556 3750 1626 ούρα-

2177 1636 2290 1690 νίου
2309 1638 2350 1708 ),
2375 1639 2466 1692 τὸν
2498 1640 2698 1719 οἰκεῖον
2748 1642 2995 1714 μαθητὴν
3025 1643 3181 1708 αὖθις
3215 1644 3548 1716 παραλαϐὼν
3576 1650 3744 1718 Δομε-

2176 1722 2386 1795 τιανὸνξ
2438 1730 2582 1801 πρὸς
2630 1732 2758 1796 τοὺς
2821 1734 3083 1800 ἀδελφοὺς
3160 1737 3469 1806 ἐπανήκει,
3508 1740 3602 1791 καὶ
3658 1741 3750 1794 τὸν

499 1851 586 1889 res
611 1848 798 1889 eorum
834 1830 1007 1886 oculis
1031 1827 1335 1899 gratissima
1368 1824 1471 1879 fuit
1490 1865 1505 1891 ,
1549 1824 1693 1879 sicut
1714 1832 1902 1879 testate
1930 1837 2068 1892 aqua

2179 1823 2490 1895 μακαρίτην
2516 1823 2839 1880 Θεόκτιστον
2862 1842 2875 1857 ·
2891 1829 3125 1898 πρᾶγμα
3139 1828 3252 1891 τοῖς
3279 1804 3459 1881 αύτῶν
3482 1829 3750 1899 ποθούμε-

501 1929 567 1982 iis
598 1926 692 1996 qui
721 1925 825 1979 siti‘
838 1927 1177 1993 premuntur.
1204 1918 1341 1973 Cum
1372 1924 1552 1971 autem
1583 1916 1651 1970 ad
1680 1915 1967 1985 quemdam
1993 1914 2072 1970 lo-

500 2032 625 2072 cum
667 2014 1009 2086 pervenisset
1038 2011 1218 2079 tribus
1243 2007 1516 2083 lapidibus
1550 2006 1801 2062 dissitum
1829 2020 1860 2059 a
1885 2020 2071 2060 emno-

501 2109 610 2174 bio,
646 2120 880 2176 cumque
907 2102 1206 2158 invenisset
1228 2107 1342 2155 tum
1365 2108 1512 2154 recte
1543 2113 1604 2153 se
1632 2098 1835 2153 habere
1851 2106 2068 2162 natura,

502 2200 704 2269 positu,
743 2213 804 2252 ac
854 2193 1136 2265 temperiei
1182 2191 1461 2256 felicitate,
1514 2199 1630 2245 tum
1671 2188 2073 2260 iucundissimo

411 2341 420 2349 .
500 2291 899 2363 purissimoque
964 2301 1088 2339 aere
1137 2282 1467 2353 perspirari,
1504 2289 1618 2336 tum
1667 2282 1837 2335 multa
1889 2281 2072 2351 quiete

494 2386 646 2441 omni
669 2399 734 2439 ex
773 2389 926 2452 parte
947 2376 1206 2439 serenari,
1236 2375 1345 2430 illic
1370 2389 1496 2430 cum
1528 2373 1801 2443 discipulo
1845 2388 2068 2443 parvam

503 2481 778 2550 ingressus
806 2473 1143 2544 speluncam,
1176 2469 1231 2523 in
1253 2483 1317 2523 ea
1344 2476 1593 2525 versatus
1621 2476 1723 2522 est.

569 2638 785 2694 XXXV.
838 2635 1064 2691 Divinus
1125 2650 1290 2706 porro
1347 2633 1734 2701 Tlteoctistus,
1787 2645 2071 2706 comperto

501 2731 643 2786 illius
669 2729 927 2793 adventu,
969 2742 1078 2781 non
1156 2741 1215 2781 se
1266 2725 1503 2795 amplius
1534 2729 1819 2781 continere
1870 2727 2068 2796 potuit,

498 2823 591 2878 sed
654 2823 725 2877 ad
780 2836 905 2876 eum
961 2818 1228 2884 ascendit,
1262 2819 1745 2874 vehementissime
1781 2820 1848 2875 ab
1877 2819 2067 2875 all‘ectu

497 2923 821 2969 commotus.
868 2912 1005 2967 Cum
1037 2927 1166 2966 vero
1198 2910 1434 2966 libenter
1469 2918 1525 2966 et
1572 2910 1797 2967 vidisset
1835 2923 1891 2967 et
1920 2912 2069 2967 visus

496 3015 662 3071 esset,
697 3020 760 3060 ac
786 3004 1103 3076 spiritaliter
1130 3004 1440 3069 salutasset,
1500 3004 1722 3060 nolebat
1763 3005 1833 3059 ab
1855 3019 1923 3059 eo
1951 3006 2065 3060 dis-

493 3098 668 3170 jungi,
715 3096 915 3151 amoris
969 3095 1379 3151 inevitabilibus
1427 3096 1676 3165 alligatus
1716 3096 1950 3151 vinculis
1970 3138 1983 3159 ,
2015 3104 2069 3151 et
2097 3131 2138 3187 ο
2172 3113 2319 3160 κτοις
2348 3096 2438 3149 τοῦ
2454 3095 2680 3165 φίλτρου
2704 3095 3097 3165 πεπεδημένος,
3124 3096 3219 3148 καὶ
3239 3095 3344 3148 ὑπὸ
3360 3096 3468 3148 τῶν
3499 3097 3747 3167 ἀψευδῶν

497 3204 608 3243 non
655 3186 932 3242 fallacibus
971 3186 1245 3256 Euthymii
1299 3186 1576 3241 sirenibus
1625 3187 1903 3242 astrictus.
1952 3188 2067 3243 Ro-
2176 3183 2451 3256 Εὑθυμίου
2498 3186 2767 3256 σειρήνων
2801 3183 3048 3256 στερρῶς
3098 3183 3378 3255 ἐχόμενος.
3414 3186 3616 3241 Ἐδεῖτο
3652 3183 3753 3242 οὖν’

2128 3256 2135 3267 ⁸
2176 3201 2451 3257 ιςυυυμιου
2498 3201 2767 3256 σειρηνων
2801 3201 3048 3256 στερρως
3098 3201 3378 3255 εχομενος.
3419 3201 3616 3241 nostro
3652 3201 3749 3242 ουν

497 3204 608 3243 non
655 3186 932 3242 fallacibus
971 3186 1245 3257 Euthymii
1299 3186 1576 3241 sirenibus
1625 3187 1903 3242 astrictus.
1952 3188 2067 3243 Ro-

495 3282 653 3352 gabat
674 3293 802 3350 ergo
826 3285 886 3332 ut
919 3277 1002 3332 ad.
1018 3278 1326 3333 coenobium
1357 3285 1411 3331 et
1450 3276 1645 3332 fratres
1688 3277 2068 3343 descenderet,

498 3382 954 3437 communemque
997 3382 1121 3422 cum
1176 3367 1259 3422 eis
1318 3375 1503 3437 ageret
1547 3367 1712 3421 vitam
1750 3368 2066 3424 asceticam.

487 3461 591 3515 'lile
646 3465 851 3522 autem,
902 3470 1116 3511 summo
1145 3454 1347 3524 quietis
1398 3469 1584 3510 amore
1640 3464 1949 3525 correptus,
2010 3457 2067 3512 id

494 3549 716 3620 quidem
749 3561 861 3601 non
886 3545 1079 3599 annuit
1105 3542 1444 3607 Theoctisto,
1473 3543 1569 3599 sed
1601 3544 1875 3614 pollicitus
1896 3555 1980 3600 est
2007 3560 2067 3601 se

495 3639 723 3712 singulis
746 3636 1041 3694 Dominicis
1080 3636 1149 3692 ad
1180 3650 1278 3692 eos
1304 3648 1675 3701 accessurum,
1722 3635 2070 3692 adfuturum—

494 3748 601 3804 que
629 3747 817 3788 eorum
845 3729 1062 3802 synaxi.

566 3824 804 3882 XXXVI.
849 3823 986 3880 Cum
1027 3831 1208 3879 autem
1256 3823 1376 3895 ejus
1401 3823 1669 3879 adventus
1720 3825 1914 3881 nescio
1957 3842 2065 3896 quo

491 3919 655 3975 modo
685 3918 877 3973 fuisset
902 3916 1238 3987 signiﬁcatus
1281 3915 1577 3985 Aspebeto,
1611 3917 1702 3985 qui
1731 3916 1834 3971 fuit
1874 3926 2066 3987 postea

493 4010 911 4081 cognominatus
936 4008 1151 4075 Petrus,
1188 4006 1391 4062 licebat
1420 4006 1602 4062 statim
1632 4007 1815 4063 videre
1837 4024 2065 4064 examen

495 4103 864 4172 Agarenorum
896 4106 1307 4170 congregatum.
1341 4097 1437 4152 llle
1467 4098 1611 4153 enim
1643 4091 1828 4154 multis
1852 4114 2063 4167 eorum,

494 4191 641 4247 omni
678 4207 743 4245 ex
780 4203 977 4260 genere
1009 4197 1065 4243 et
1090 4197 1267 4253 aatate,
1299 4186 1561 4251 collectis,
1599 4197 1657 4242 ut
1680 4190 1772 4258 qui
1801 4189 1917 4259 ipse
1957 4190 2068 4259 pri-

496 4299 619 4337 mus
683 4283 885 4337 bonum
927 4286 1215 4350 gustasset,
1265 4287 1322 4334 et
1360 4280 1601 4334 studeret
1650 4274 1723 4335 ut~
1743 4281 1817 4335 illi
1848 4296 2068 4351 quoque

494 4384 677 4431 essent
697 4374 986 4446 participes
1016 4371 1345 4435 dulcedinis,
1367 4371 1591 4430 adducit
1620 4388 1716 4427 eos
1752 4374 1821 4428 ad
1852 4374 2064 4445 Euthy-

2175 1930 2264 1968 vov
2292 1915 2714 1984 ὸφθαλμσῐς,·ὡς
2740 1918 2798 1971 ἐν
2827 1919 2975 1990 θέρει
3003 1919 3146 1990 ὕδωρ
3172 1922 3287 1983 τοῖς
3321 1920 3465 1991 διψει
3493 1920 3750 1992 πιεζομέ-

2174 2023 2306 2070 νοις.
2337 2004 2434 2060 Ἕν
2458 2025 2563 2061 τινι
2589 2008 2646 2062 δὲ
2668 2010 2818 2080 τόπῳ
2854 2009 3004 2081 τρισὶ
3035 2010 3633 2083 σημείοις.διεστηκότι
3653 2013 3749 2068 τοῦ

2174 2097 2442 2153 κοινοὸίου
2472 2100 2784 2169 γενόμενος,
2842 2102 2937 2155 καὶ
2961 2100 3151 2155 τοῦτον
3209 2101 3388 2174 εὑρὼν
3440 2104 3657 2174 φύσεώς
3687 2123 3747 2160 τε

2173 2190 2268 2244 καὶ
2302 2190 2504 2255 θέσεως
2565 2191 2661 2246 καὶ
2716 2192 2876 2264 ὡρῶν
2912 2192 3201 2273 εὐμοιρίας
3248 2195 3477 2260 καλῶς*
3531 2196 3746 2269 ἔχοντα,

2174 2286 2373 2357 ἡδίστῳ
2407 2303 2465 2339 τε
2498 2287 2621 2356 ἀέρι
2667 2287 2765 2341 καὶ
2796 2287 3175 2361 καθαρωτάτῳ
3202 2289 3613 2362 διαπνεόμενον,
3648 2295 3747 2348 καὶ

2173 2376 2341 2447 πολλῇ
2406 2376 2667 2430 πάντοθεν
2719 2376 3061 2447 γαληνιῶντα
3124 2381 3189 2449 τῇ
3222 2380 3481 2453 ἠσυχίᾳ,
3550 2380 3747 2452 μικρὸν
3806 2394 3817 2405 ’

2173 2461 2496 2532 ύπεισῆλθεν
2547 2465 2669 2516 ἐκεῖ
2698 2465 2795 2516 σὺν
2837 2464 2914 2534 τῷ
2961 2464 3177 2537 μαθητῇ
3213 2468 3495 2538 σπήλαιον,
3524 2473 3616 2523 καὶ
3645 2472 3745 2535 τὰς

2170 2551 2449 2623 διατριϐὰς
2489 2554 2549 2605 ἐν
2585 2553 2733 2624 αὐτῷ
2761 2554 3016 2608 ἐποιεῖτο.

2244 2641 2366 2697 ΛΕ¹.
2428 2641 2632 2697 Μαθὼν
2695 2643 2752 2696 δὲ
2782 2645 2811 2697 ό
2860 2642 3006 2706 θεῖος
3056 2644 3381 2711 Θεόκτιστος
3412 2648 3510 2719 τὴν
3532 2649 3742 2703 ἐκείνου

2172 2733 2487 2803 ἐπιδημίαν,
2536 2734 2638 2787 οὐκ
2668 2733 2751 2785 ἐτι
2787 2733 3056 2798 καθεκτὸς
3087 2732 3176 2806 ἦν,
3223 2737 3340 2790 ἀλλ’
3399 2738 3573 2793 άνεισι
3604 2740 3744 2810 πρδς

2172 2824 2355 2889 αὐτὸν,
2387 2823 2605 2896 θερμῶς
2628 2825 2734 2878 ὑπὸ
2765 2822 2860 2877 τοῦ
2897 2823 3104 2889 πάθους
3124 2834 3152 2862 ι
3182 2829 3560 2899 κεκινημένος.
3601 2830 3746 2886 Ἰδών

2171 2931 2230 2967 τε
2261 2915 2354 2968 καὶ
2379 2913 2565 2983 ὀφθεὶς
2603 2914 2697 2969 καὶ
2727 2913 2920 2984 ἡδέως,
2946 2914 3038 2967 καὶ
3066 2919 3456 2985 πνευματικῶς
3485 2919 3740 2973 ἀσπασά-

2176 3023 2356 3076 μενος,
2388 3006 2490 3059 οὐκ
2514 3002 2521 3007 ’
2544 3005 2705 3076 ἧθελε
2748 3004 2940 3058 τούτου
2986 3004 3328 3076 διαζυγῆναι,
3356 3010 3574 3079 δεσμοῖς
3608 3012 3747 3078 ἀφύ-

2172 3113 2319 3160 κτοις
2348 3096 2438 3149 τοῦ
2454 3095 2680 3165 φίλτρου
2704 3094 3097 3165 πεπεδημένος,
3124 3096 3219 3148 καὶ
3239 3095 3344 3148 ὑπὸ
3360 3096 3468 3148 τῶν
3499 3097 3747 3167 ἀψευδῶν

2176 3280 2272 3332 καὶ
2315 3279 2452 3348 πρὸς
2485 3278 2547 3331 τὸ
2568 3274 2834 3329 κοινόσιον
2868 3275 2964 3328 καὶ
2994 3275 3121 3339 τοὺς
3150 3276 3412 3347 ἀδελφοὺς
3438 3278 3745 3344 κατελθεῖν,

2175 3367 2270 3420 καὶ
2305 3367 2488 3434 κοινὴν
2517 3365 2703 3426 αὐτοῖς
2733 3364 3005 3418 ποιεῖσθαι
3033 3363 3131 3435 τὴν
3156 3364 3391 3437 ἄσκησιν
3410 3375 3459 3422 7.
3499 3366 3633 3422 ὐδὲ
3667 3369 3749 3439 τῷ

2177 3456 2392 3527 σφοδρῷ
2414 3456 2510 3524 τῆς
2530 3454 2757 3526 ἡσυχίας
2781 3453 3108 3524 βαλλόμενος
3134 3455 3320 3526 ἔρωτι,
3344 3457 3503 3512 τοῦτο
3528 3460 3627 3529 μὲν
3645 3461 3748 3515 οὐκ

2173 3553 2432 3605 ἐπένευσε
2450 3550 2776 3618 Θεοκτίστῳ,
2805 3546 3073 3619 ὑπέσχετο
3095 3550 3150 3603 δὲ
3167 3551 3512 3623 καθεκάστην
3532 3554 3749 3623 Κυριακ

2174 3643 2276 3716 κὴν
2311 3642 2441 3714 παρ’
2470 3640 2667 3705 αὐτοὺς
2698 3638 2855 3702 ἰέναι,
2887 3638 2983 3691 καὶ
3013 3642 3271 3712 παρεῖναι
3298 3643 3396 3696 καὶ
3417 3643 3595 3696 αὐτῶν
3624 3652 3647 3678 κ
3678 3645 3746 3719 τῇ

2176 3734 2413 3801 συνάξει.

2242 3827 2746 3899 ΛφηΜηνυθείσης
2775 3829 2831 3884 δὲ
2851 3829 2951 3883 οὐκ
2972 3823 3088 3882 οἴδα
3117 3826 3266 3888 ὅπως
3291 3825 3390 3896 τῆς
3413 3824 3578 3880 αὐτοῦ
3601 3843 3748 3898 παρ-

2172 3919 2359 3981 ουσίας
2392 3919 2485 3973 καὶ
2524 3920 2841 3990 Ἀσπεὸέτῳ
2868 3919 2947 3990 τῷ
2986 3919 3083 3973 καὶ
3106 3917 3299 3987 Πέτρῳ
3346 3917 3573 3987 ὕστερον
3609 3934 3744 3988 μετ-

2172 4011 2553 4083 ονομασθέντι,
2590 4012 2796 4082 σμῆνος
2852 4007 2922 4082 ἦν
2964 4010 3166 4073 εὐθέως
3186 4011 3332 4080 Δὁριῑιν
3352 4010 3463 4063 τῶν
3500 4010 3746 4081 Ἀγάρη-

2172 4104 2280 4158 νῶν
2312 4103 2740 4174 οάθροιζόμενον.
2802 4101 3042 4162 Πολλοὺς
3090 4102 3199 4171 γάρ
3227 4099 3407 4154 αὐτῶν
3444 4101 3649 4165 ἐκεῖνος
3680 4103 3748 4155 ἐκ

2172 4194 2374 4259 παντὸς
2403 4195 2598 4263 γένους
2638 4194 2734 4247 καὶ
2785 4192 2967 4263 πάσης
3012 4191 3232 4262 ἡλικίας
3272 4192 3621 4260 συναγαγὼν,
3656 4188 3749 4246 οἷα

2173 4289 2265 4340 καὶ
2313 4286 2528 4356 πρῶτος
2560 4284 2721 4348 αὐτὸς
2759 4284 2853 4337 τοῦ
2882 4283 3049 4337 καλοῦ
3104 4284 3465 4352 γευσάμενος,
3499 4282 3747 4337 σπεύδων

2173 4397 2231 4431 τε
2269 4378 2552 4439 κάκείνους
2585 4377 2908 4446 μεταλαϐεῖν
2947 4377 3048 4445 τῆς
3080 4374 3440 4444 γλυκύτητος,
3481 4377 3748 4445 προσάγει

494 4467 685 4521 mium.
727 4464 829 4530 Qui
876 4462 1202 4518 adductione
1236 4460 1390 4517 valde
1438 4461 1759 4528 delectatus,
1807 4462 2062 4532 virosque

2173 4468 2246 4537 τῷ
2272 4468 2551 4539 Εὐθυμίῳ.
2589 4468 2646 4520 ’0
2688 4467 2748 4520 δέ
2774 4467 2868 4519 καὶ
2890 4466 3009 4520 λίαν
3044 4466 3233 4535 ἡσθεὶς
3269 4469 3335 4537 τῇ
3385 4471 3745 4537 προσαγωγῇ,

495 4558 759 4619 liilaribus
803 4555 977 4610 oculis
1025 4555 1288 4619 intuitus,
1348 4555 1723 4623 pronuntiatis
1751 4569 1922 4623 super
1969 4568 2066 4609 eos

2173 4562 2261 4614 καὶ
2284 4561 2442 4630 ιτοὺς
2492 4560 2692 4629 ἄνδρας
2725 4559 2932 4629 ἱλαροῖς
2962 4557 3088 4613 ἰδὼν
3131 4558 3453 4628 ὀφθαλμοῖς,
3492 4557 3658 4628 εὐχάς
3687 4575 3747 4611 τε

494 4650 666 4704 solitis
701 4648 973 4717 precibus,
1005 4645 1232 4701 deduxit
1254 4645 1321 4700 ad
1352 4644 1547 4700 fratres
1574 4644 2063 4700 etmonasterium.

495 4741 700 4795 Deinde
740 4755 866 4794 eum
917 4754 1013 4795 eos
1058 4739 1170 4793 illic
1218 4738 1547 4809 baptizasset
1594 4753 1659 4792 ac
1714 4736 2063 4802 instituisset,

491 4843 655 4902 atque
688 4848 754 4888 ex
802 4831 892 4886 illo
926 4840 1171 4900 tempore
1201 4838 1412 4899 septem
1453 4829 1569 4884 dies
1610 4843 1735 4882 cum
1789 4828 1871 4883 eis
1920 4836 2068 4884 esset

492 4933 760 4991 versatus,
792 4939 1011 4978 manere
1029 4939 1152 4978 cum
1184 4923 1368 4978 multis
1384 4937 1496 4977 non
1520 4921 1620 4977 sibi
1643 4921 1877 4991 amplius
1907 4922 2063 4977 duxit

492 5015 773 5071 tolerabile
805 5030 819 5067 :
851 5031 1038 5070 verum
1087 5014 1310 5084 quietis,
1357 5022 1419 5067 ut
1457 5013 1711 5077 diximus,
1747 5013 2059 5083 inexplebili

491 5114 681 5175 captus
709 5104 1000 5172 desiderio,
1045 5105 1112 5159 ad
1136 5110 1451 5159 consuetam
1488 5104 1683 5159 iterum
1711 5104 1849 5159 redit
1870 5105 2057 5161 solitu-

490 5197 695 5252 dinem.

559 5287 817 5344 XXXVII.
851 5288 1045 5345 Petrus
1078 5288 1243 5359 igitur
1265 5288 1459 5345 videns
1488 5303 1613 5343 eum
1651 5288 1725 5343 ita
1761 5289 1880 5343 sine
1922 5297 2064 5343 tecto

489 5390 544 5435 et
575 5380 797 5452 inopem
826 5382 1019 5437 sedere
1052 5382 1110 5437 in
1131 5382 1255 5438 loco
1284 5382 1523 5450 deserto,
1555 5398 1655 5453 pro
1684 5381 1936 5436 maximis
1965 5373 2062 5435 be-

488 5472 718 5541 neticiis,
754 5473 1043 5543 bapt'smo,
1075 5473 1317 5544 inquam,
1357 5481 1414 5529 et
1463 5473 1671 5537 salute,
1727 5472 2059 5528 mediocrem

2164 4653 2262 4715 τὰς
2316 4649 2376 4715 ἐξ
2429 4651 2585 4714 ἐθους
2619 4650 2803 4712 αὐτοῖς
2840 4650 3106 4711 ἐπειπὼν,
3171 4650 3403 4716 κατάγει
3449 4650 3585 4718 πρὸς
3620 4649 3744 4712 τοὺς

2167 4743 2429 4812 ἀδελφοὺς
2450 4743 2545 4796 καὶ
2570 4743 2631 4795 τὸ
2655 4743 3044 4812 μοναστήριον.
3075 4735 3213 4795 Εἶτα
3242 4740 3514 4810 βαπτίσας
3544 4741 3743 4803 αὐτοὺς

2169 4836 2344 4887 ἐκεῖσε
2367 4834 2462 4888 καὶ
2492 4834 2807 4896 τελειώσας,
2841 4833 2936 4885 καὶ
2971 4833 3185 4902 ἡμέραν
3213 4831 3451 4902 ἑϐδόμην
3477 4833 3661 4895 αὐτοῖς
3688 4834 3745 4898 ἐξ

2171 4925 2380 4979 ἐκείνου
2409 4925 2816 4994 συνδιατρίψας,
2844 4924 2906 4977 τὸ
2947 4926 3091 4994 μετὰ
3131 4923 3371 4990 πολλῶν,
3398 4924 3498 4977 ούκ
3527 4923 3610 4975 ἐτι
3643 4940 3744 4991 φο·-

2172 5016 2334 5085 ρητὸν
2384 5015 2533 5086 αύτῷ
2587 5015 2803 5084 ἔκρινεν
2844 5026 2871 5056 ει
2894 5031 2908 5047 ο
2944 5013 3084 5069 ἀλλὰ
3120 5015 3220 5084 τῆς
3272 5015 3526 5085 ἡσυχίας,
3553 5014 3741 5086 ὥσπε(

2170 5108 2405 5177 ἔφημεν,
2431 5108 2721 5177 ἀπλήστως
2754 5108 2916 5178 ἐρῶν,
2938 5107 3075 5178 πρὸς
3107 5107 3206 5177 τὴν
3230 5107 3563 5178 συνήθηκαὶ
3582 5108 3745 5163 πάλιν

2172 5197 2451 5250 ἐπάνεισιν
2483 5199 2580 5267 ἐρη
2592 5196 2741 5266 μίαν.

2247 5285 2368 5340 AZ'.
2407 5286 2465 5339 ὐ
2523 5287 2730 5356 Πέτρος
2773 5286 2867 5340 οὖν
2896 5285 3071 5351 οὕτως
3116 5288 3279 5342 αὐτὸν
3308 5287 3539 5357 άστεγόν
3570 5306 3627 5341 τε
3650 5290 3761 5343 καῖ’

2172 5379 2377 5448 ἄπορον
2405 5378 2498 5430 ἐπὶ
2537 5378 2635 5448 τῆς
2662 5377 2900 5448 ἐρημίας
2930 5376 3058 5432 ἰδὼν
3091 5379 3423 5451 καθήμενον,
3453 5379 3550 5435 καὶ
3577 5381 3744 5451 χάρι-

2170 5487 2268 5534 τας
2300 5470 2489 5539 ὥσπερ
2516 5469 2666 5540 αὐτῷ
2702 5469 2955 5539 μεγάλων
2996 5470 3224 5542 μετρίας
3273 5472 3591 5541 ἀντιδιδοὺς,
3648 5473 3742 5526 τοῦ
3778 5504 3781 5509 ι

1789 5582 1876 5637 VA
1888 5581 2023 5637 [ΗΑΒ
2064 5578 2472 5639 LECTIONES.

553 5676 663 5747 u_al.
694 5675 1041 5747 ebréxvmset
1066 5676 1349 5747 ἐντέχνως.
1430 5686 1453 5713 ν
1488 5676 1557 5729 al.
1603 5677 1791 5747 καλῆς.

491 5752 515 5778 ι
548 5743 617 5819 al.
650 5743 852 5811 κρίνειν
883 5745 1077 5808 εδοξε-ι.

1870 5685 1893 5713 ι
1916 5676 1984 5730 al.
2023 5673 2209 5729 πόθου.
2290 5681 2318 5719 1'
2354 5670 2425 5725 al.
2461 5671 2563 5725 ins.
2609 5672 2853 5741 ἀγωγὴν,
2885 5672 3067 5743 κοινὴν
3089 5673 3183 5727 καὶ
3208 5676 3328 5745 τήν,

3411 5690 3431 5715 ε
3461 5682 3527 5739 al.
3555 5682 3738 5739 αὐτόν·
