4144 6422
409 375 521 442 625

1681 378 1859 440 Vl'l‘A
1901 380 1959 439 Si
2000 381 2409 444 EUTHYMlI-.

3569 385 3676 449 626

405 468 812 563 βαπτίσματος,
847 489 1011 560 φημὶ,
1047 490 1142 545 καὶ
1179 490 1277 563 τῆς
1312 491 1587 562 σωτηρίας
1614 531 1628 557 ,
1672 492 1993 564 οἰκοδόμους

2097 496 2263 552 veluti
2301 497 2550 553 referens
2586 498 2838 569 gratiam,
2871 497 3296 554 aediﬁcatoribus
3327 496 3513 552 multis
3541 513 3678 553 mer-

405 584 503 640 ἐπὶ
537 580 721 653 μισθῷ
775 581 1008 652 συχνοὺς
1033 583 1063 622 1³
1097 582 1636 654 μετακαλεσάμενος,
1693 584 1900 639 λάκκον
1934 586 1993 638 ἐν

403 674 484 746 τῷ
531 675 722 745 κήπῳ,
768 671 942 742 μέγαν
981 689 1040 725 τε
1074 673 1169 726 καὶ
1201 673 1461 744 δίστομον
1486 672 1780 745 ἀνορύσσει
1801 689 1814 703 ·
1844 674 1995 737 ὅστις

403 769 500 823 xa't
535 770 619 827 είς
648 766 811 837 δεῦρο
855 766 938 820 ἔτι
985 765 1308 838 ὁρώμενόςο
1347 771 1496 822 ἐστιν
1517 783 1531 798 ·
1564 767 1903 838 ἀρτοποιεῖόν
1934 784 1994 820 τε

402 861 557 937 παρὰ
595 859 677 931 τῷ
714 858 905 929 λάκκῳ
955 858 1255 929 οἰκοδομεῖ,
1310 860 1406 913 καὶ
1438 860 1565 930 τρία
1598 859 1677 929 τῷ
1732 858 1994 930 Εύθυμίῳ

403 954 597 1009 κελλία
653 950 1092 1014 κατασκευάζει·
1153 951 1358 1021 μεταξὺ
1419 952 1475 1005 δὲ
1506 952 1686 1005 αὒτῶν
1712 952 1803 1004 καὶ
1845 949 1994 1005 οἷκον

400 1047 703 1117 εὐκτήριον
747 1044 1061 1113 ἀνεγείρει·
1104 1043 1249 1097 ὥστε
1292 1045 1521 1116 μηδενὸς
1556 1046 1663 1098 τῶν
1693 1047 1772 1109 εἰς
1804 1044 1994 1115 χρείαν

400 1139 593 1195 ἐπιδεᾶ
618 1135 980 1190 καθίστασθαι
1005 1137 1097 1190 τὸν
1121 1135 1415 1206 Εὐθύμιον.

474 1229 603 1286 AH’.
664 1230 739 1283 Τδ
782 1228 969 1299 μέντοι
1028 1229 1137 1283 τῶν
1182 1227 1508 1300 Ἀγαρηνῶν
1569 1230 1795 1299 πλῆθος,
1853 1232 1992 1302 ὅπερ

403 1322 498 1376 ὑπ’
532 1318 721 1385 αὐτοῦ,
745 1317 1000 1388 καθάπερ
1039 1316 1211 1388 ἔφθην
1244 1318 1435 1383 εἰπὼν,
1488 1318 1841 1383 Mantinea,
1906 1320 1993 1372 πί-

401 1430 515 1466 νειν
546 1412 635 1471 ἀεὶ
657 1411 902 1481 νάματος
938 1409 1203 1479 ἠδυτάτου
1226 1408 1544 1473 ποθοῦντες,
1578 1410 1716 1481 ὅπερ
1750 1412 1782 1481 ἡ
1818 1410 1989 1465 Εὐθυ-

409 1501 536 1571 μίου
565 1499 786 1568 γλῶττα
816 1497 1072 1567 φανερῶς
1104 1493 1196 1568 ἦν,
1235 1498 1336 1552 οὐκ
1357 1497 1437 1551 ἔτι
1473 1498 1594 1552 οὐδὲ
1629 1502 1825 1570 μικρὸν
1868 1502 1993 1553 ἀπο-

422 1592 614 1659 στῆναι
655 1592 904 1661 ἠνείχετο
931 1589 981 1655 ει,
1037 1590 1175 1644 ἀλλά
1208 1590 1430 1662 θερμῶς
1463 1592 1594 1662 παρ’
1630 1590 1779 1661 αὐτῷ
1809 1590 1991 1662 μένειν

422 1684 610 1745 ἐδεῖτο,
654 1682 986 1752 καὶ-τρυφὴν
1018 1680 1184 1735 αὐτοῦ
1232 1682 1327 1734 καὶ
1360 1682 1506 1753 ζωῆς
1539 1681 1687 1752 ὕδωρ
1719 1683 1992 1737 ποιεῖσθαι

328 1828 333 1833 ,
416 1776 544 1837 τοὺς
559 1773 757 1843 λόγους.
775 1773 833 1828 Ὀ
851 1773 929 1836 δὲ,
948 1773 1360 1845 ἀπερίσπαστον
1374 1774 1554 1844 ἑαυτῷ
1570 1776 1631 1829 τὸ
1647 1776 1747 1845 τῆς
1759 1775 1991 1845 ἡσυχίας

2094 589 2226 644 cede
2279 589 2578 656 arcessitis,
2646 606 2899 662 magnam
2955 591 3253 647 cisternam
3331 589 3441 646 duo
3474 589 3680 645 haben-
3738 596 3741 599 ‘

2098 688 2207 736 tem
2239 681 2378 736 ostia
2410 681 2549 737 fodit
2582 683 2637 737 in
2666 682 2828 738 horto
2852 723 2868 748 ,
2903 698 3024 753 qua:
3058 684 3114 738 in
3143 683 3475 738 hodiernum
3504 696 3679 751 usque

2099 769 2246 823 diem
2282 770 2527 825 cernitur
2561 769 2816 839 fossaque
2851 782 3136 837 remanet;
3178 769 3247 824 ad
3277 784 3440 840 quam
3481 768 3676 823 cister-

2099 874 2226 915 nam
2261 861 2496 917 mdillcat
2525 861 2767 933 paniﬁcii
2796 860 3087 928 oﬂiciuam,
3117 869 3172 916 et
3204 861 3368 917 cellas
3401 872 3511 915 tres
3539 875 3677 916 con-

2098 953 2266 1008 struit
2309 954 2647 1025 Euthymio;
2704 954 2848 1007 inter
2886 968 2981 1008 cas
3030 962 3213 1008 autem
3266 952 3470 1007 excitat
3513 951 3678 1006 etiam

2095 1043 2395 1098 oratorium
2422 1061 2437 1098 :
2475 1044 2614 1099 adeo
2643 1053 2703 1098 ut
2732 1043 2936 1099 nullius
2984 1057 3178 1098 eorum
3200 1081 3216 1107 ,
3261 1057 3383 1112 quae
3412 1042 3480 1096 ad
3520 1057 3679 1096 usum

2094 1137 2465 1190 necessarium
2489 1135 2861 1207 pertinebant,
2897 1143 3084 1206 egeret
3107 1133 3463 1206 Euthymius.
3745 1131 3749 1135 ’

2168 1226 2459 1283 XXXVIII.
2503 1228 2883 1298 Agarenorum
2912 1242 3046 1283 vero
3089 1225 3405 1288 multitudo,
3448 1239 3588 1295 quae,
3624 1233 3683 1278 ut

2094 1318 2245 1387 prius
2280 1319 2412 1381 dixi,
2433 1318 2535 1372 fuit
2560 1319 2628 1373 ab
2655 1333 2723 1373 eo
2743 1316 3036 1387 baptizata,
3063 1332 3093 1372 e
3118 1316 3446 1371 suavissimo
3475 1314 3681 1368 ﬂuento

2097 1396 2315 1478 semper
2368 1409 2555 1465 bibere
2609 1409 2976 1474 desiderans,
3029 1408 3178 1478 quod
3228 1407 3447 1478 quidem
3495 1415 3683 1477 aperte

2094 1509 2214 1555 erat
2266 1500 2450 1572 lingua
2481 1500 2781 1571 Euthymii,
2840 1515 2954 1555 non
3005 1499 3242 1570 amplius
3274 1514 3345 1554 ne
3394 1498 3681 1553 minimum

2095 1591 2319 1662 quidem
2365 1592 2435 1646 ab
2486 1606 2554 1646 eo
2584 1591 2869 1646 disre-‘ere
2932 1590 3280 1656 sustinebat;
3336 1591 3430 1645 sed
3482 1590 3683 1645 ac-iter

2095 1681 2425 1751 precabatur
2453 1691 2513 1736 ut
2547 1681 2693 1751 apud
2724 1681 2900 1751 ipsum
2923 1688 3190 1745 maneret,
3214 1682 3443 1751 ejusque
3475 1695 3683 1736 sermo-

2098 1790 2197 1830 nes
2235 1774 2462 1829 haberet
2486 1789 2586 1844 pro
2617 1774 2831 1829 deliciis
2862 1778 2918 1828 et
2956 1764 3095 1845 aqua
3137 1772 3284 1828 vitm.
3346 1773 3439 1827 Ille
3474 1782 3678 1837 autem,

411 1866 573 1920 καλὸν
597 1866 899 1937 συντηρῶν,
917 1868 1047 1938 τῇδε
1080 1867 1178 1939 μὲν
1198 1867 1395 1930 αὐτοὺς
1424 1868 1524 1920 οὐκ
1563 1869 1628 1942 ἐᾷ
1652 1868 1983 1941 διατρίϐειν·

2097 1868 2189 1937 qui
2221 1866 2324 1921 sibi
2360 1866 2717 1922 conservabat
2741 1866 3074 1921 indivulsum
3102 1864 3303 1934 quietis
3326 1866 3558 1928 bonum,
3581 1880 3679 1919 eos

406 1958 642 2027 ἑτέρωσε
688 1956 745 2009 δὲ
776 1954 1023 2025 ἀγαγὼν,
1094 1956 1186 2009 καὶ
1223 1956 1352 2010 ναὺν
1398 1955 1585 2020 αὐτοῖς
1629 1957 1726 2009 καὶ
1784 1955 1987 2027 σκηνὰς

407 2047 595 2117 κύκλῳ
618 2046 952 2117 διαχαράξας
994 2045 1132 2117 (ἔστι
1162 2046 1217 2098 δὲ
1252 2046 1280 2099 ὁ
1313 2045 1481 2109 τόπος
1516 2044 1722 2115 μεταξὺ
1763 2047 1875 2099 τῶν
1896 2047 1989 2100 δύο

403 2138 890 2210 φροντιστηρίων),
915 2136 1210 2208 δείμασθαι
1260 2136 1462 2201 αὐτοὺς
1492 2149 1516 2176 θ
1546 2136 1689 2191 κατὰ
1715 2138 1776 2190 τὸ
1803 2141 1990 2208 σχῆμα

400 2232 506 2299 τῆς
524 2231 795 2300 γραμμῆς
824 2230 918 2283 καὶ
954 2229 1016 2282 τὸ
1050 2228 1307 2300 μέγεθος,
1332 2230 1427 2282 καὶ
1462 2228 1650 2299 μένειν
1685 2231 1742 2283 ὲν
1772 2228 1986 2293 αὐτοῖς(

400 2326 761 2395 ἐπισκήπτει.
788 2316 865 2376 Οὖ
885 2322 951 2394 δὴ
981 2322 1078 2376 καὶ
1096 2322 1520 2393 οίκοδομήσασιν
1551 2323 1765 2387 ἑαυτοῖς
1787 2324 1987 2390 οἰκίας,

401 2416 497 2468 καὶ
530 2418 612 2479 είς
675 2415 737 2467 τὸ
770 2413 899 2484 ἑξῆς
955 2413 1308 2485 εὐπαρέδρως
1362 2414 1851 2486 διαμεμενηκόσιν,
1889 2417 1990 2469 ὲπ-

399 2507 601 2573 εφοίτα
643 2505 886 2576 συνεχῶς
908 2505 938 2558 ὁ
971 2505 1148 2574 μέγας
1180 2505 1478 2576 Εὐθύμιος,
1514 2507 1605 2560 καὶ
1634 2508 1782 2571 ὅπως
1823 2504 1988 2578 εἶχον,

400 2599 493 2652 ἀεὶ
525 2599 920 2653 ἐπεσκέπτετο.
956 2597 1113 2669 ’ῌδει
1145 2598 1258 2669 γὰρ
1309 2591 1420 2651 οἷον
1464 2597 1766 2652 κάντεῦθεν
1809 2599 1991 2670 ἑαυτῷ

404 2690 623 2762 ¹πορίζει
660 2689 722 2742 τὸ
762 2688 978 2760 κέρδος.
1023 2688 1136 2743 Καὶ
1161 2690 1222 2742 οὐ
1275 2690 1547 2762 πρότερον
1577 2691 1793 2760 ἀπέστη
1828 2691 1992 2746 τοῦτο

397 2780 598 2844 ποιῶν,
630 2780 736 2843 ἕως
761 2778 1006 2851 ὲκάθηρέ
1047 2796 1106 2832 τε
1137 2779 1232 2833 καὶ
1259 2779 1471 2852 ἤσκησε
1491 2772 1592 2857 τὰς
1622 2779 1847 2833 ἐκείνων
1883 2778 1991 2849 ψυ-

397 2872 529 2944 χὰς,
564 2873 660 2925 καὶ
715 2871 822 2925 ὑπὸ
854 2869 1213 2942 πρεσϐυτέρῳ
1247 2870 1341 2925 κοιλ⁸
1370 2872 1641 2935 διακόνοις
1697 2870 1992 2925 τάττεσθαι

399 2963 842 3036 παρεσκεύασεν.
876 2963 1042 3015 ’Ὥστε
1089 2963 1369 3035 διαμένειν
1419 2964 1537 3018 ἐκεῖ
1565 2963 1845 3035 ἔστερξαν,
1894 2964 1993 3036 οὐχ

400 3056 460 3111 οἱ
481 3057 749 3128 πρότεροι
785 3055 812 3096 ε
839 3054 1254 3125 βαπτισθέντες,
1295 3054 1436 3109 ἀλλὰ
1460 3055 1558 3108 καὶ
1596 3054 1784 3108 πολλοὶ
1815 3055 1993 3127 ἕτεροι

2093 1962 2314 2032 quidem
2349 1977 2459 2016 non
2495 1961 2627 2016 sinit
2651 1961 2743 2015 hic
2768 1960 3018 2028 versari;
3051 1959 3148 2016 sed
3183 1960 3293 2014 alio
3317 1975 3414 2014 eos
3451 1961 3678 2020 ducens,

2094 2065 2219 2105 cum
2250 2049 2510 2120 templum
2547 2058 2603 2104 et
2633 2048 2986 2109 tabernacula
3031 2046 3112 2103 eis
3166 2046 3687 2119 circumscripsissd

2095 2143 2200 2212 (est
2224 2151 2405 2197 autem
2428 2144 2585 2198 locus
2614 2142 2757 2198 inter
2782 2143 2893 2197 duo
2928 2139 3478 2212 monasteria),jussit
3501 2148 3560 2195 ut
3584 2154 3685 2193 ex-

2096 2235 2473 2304 struantjuxta
2498 2234 2882 2305 descriptionis
2904 2215 3130 2305 ﬁguram
3151 2242 3205 2289 et
3223 2231 3681 2303 magnitudinem,

2096 2337 2257 2397 atque
2280 2327 2415 2382 inibi
2447 2326 2719 2382 habitent.
2763 2325 2884 2392 Quo
2908 2325 3128 2396 quidem
3160 2325 3214 2379 in
3246 2325 3369 2379 loco
3398 2333 3682 2394 postquam

2095 2418 2201 2474 sibi
2234 2416 2576 2473 aediﬁcarunt
2607 2417 2799 2473 domos
2821 2460 2834 2483 ,
2880 2424 2935 2471 et
2960 2416 3016 2470 in
3042 2415 3123 2471 eis
3154 2413 3414 2483 deinceps
3461 2410 3685 2468 as~idue

2095 2517 2554 2582 perseverarunt,
2604 2508 2922 2579 frequenter
2967 2522 3196 2579 magnus
3243 2504 3684 2563 ventitabatEuv

2098 2603 2375 2675 thymius;
2421 2610 2479 2658 et
2514 2596 2976 2673 quemadmodum
3012 2616 3072 2656 se
3110 2600 3382 2655 baberent
3405 2641 3419 2665 ,
3467 2613 3686 2668 semper

2095 2695 2324 2750 visebat.
2363 2694 2583 2750 Sciebat
2605 2694 2750 2749 enim
2779 2701 3043 2764 quantum
3071 2708 3141 2748 ex
3162 2708 3227 2747 eo
3248 2691 3385 2747 lucri
3407 2691 3509 2748 sibi
3531 2706 3683 2758 com-

2094 2795 2331 2858 pararet.
2364 2785 2477 2840 Nec
2502 2786 2655 2853 prius
2676 2775 2889 2839 destitit
2912 2784 3016 2838 hoc
3040 2782 3239 2846 facere,
3264 2782 3442 2836 donec
3469 2781 3685 2835 illorum

2095 2877 2304 2931 animas
2320 2874 2570 2945 purgavit
2598 2882 2655 2928 et
2679 2872 2942 2937 exercuit,
2966 2871 3262 2942 elfecitque
3285 2878 3344 2925 ut
3367 2870 3685 2941 presbyters

2096 2981 2160 3021 ac
2199 2964 2447 3020 diaconis
2499 2964 2808 3019 subcssent.
2870 2960 3238 3029 Quamobrbm
3285 2961 3396 3017 illic
3432 2961 3687 3017 lubenter

2097 3066 2423 3113 manserunt
2446 3098 2460 3119 ,
2518 3073 2626 3111 non
2659 3055 2695 3113 ii
2724 3056 2825 3110 soli
2872 3056 2965 3125 qui
3002 3055 3223 3111 fuerant
3254 3054 3466 3125 priores
3494 3054 3688 3124 bapti-

400 3147 516 3201 τῶν
551 3145 901 3216 καθεκάστην
933 3145 1271 3216 προσιόντων
1321 3143 1474 3216 αὑτῷ
1517 3146 1610 3198 καὶ
1657 3144 1991 3217 βαπτιζομέ-

2098 3148 2239 3216 zati,
2292 3149 2386 3205 sed
2418 3148 2581 3203 etiam
2613 3146 2772 3201 multi
2818 3147 2908 3201 alii
2962 3163 3028 3199 ex
3088 3145 3158 3201 iis
3208 3146 3300 3216 qui
3328 3145 3574 3216 quotidie
3617 3145 3685 3199 ad

400 3257 532 3294 νων.

472 3330 600 3387 ΛΘ’.
655 3331 843 3396 Οὕτως
876 3330 971 3385 οὖν
1016 3330 1227 3403 σφόδρα
1276 3330 1702 3403 πληθυνομένφν
1739 3331 1849 3385 τῶν
1891 3331 1991 3402 τῆς

405 3425 591 3497 ’Δγαρ
616 3423 770 3493 υἱῶν,
802 3423 897 3478 καὶ
921 3424 1000 3488 είς
1028 3423 1129 3496 τὴν
1151 3423 1325 3495 ἀληθῆ
1355 3422 1642 3493 εὐγένειαν
1665 3440 1992 3494 μεταποιου-

402 3517 609 3588 μένων,
641 3518 722 3581 είς
752 3515 1041 3586 διαφόρους
1071 3532 1132 3569 τε
1158 3513 1582 3587 πλατυνομένων
1613 3513 1992 3587 παρεμϐολὰς,

400 3611 619 3680 πέμπει
647 3607 786 3680 πρὸς
822 3608 1181 3662 ἰουϐενάλιον
1243 3608 1335 3663 τδν
1371 3608 1722 3681 πατριάρχην
1762 3607 1995 3679 Ἱεροσο-

402 3700 594 3770 λύμων
625 3701 654 3753 ό
689 3700 833 3763 θεῖος
861 3699 1135 3771 Εὑθύμιος
1170 3699 1469 3753 ἐπίσκοπον
1515 3698 1701 3761 αὐτοῖς
1734 3715 1857 3753 τινα
1888 3715 1996 3770 χει-

414 3790 770 3862 ροτονηθῆναι
787 3789 991 3861 ζητῶν.
1018 3791 1129 3845 Καὶ
1150 3790 1233 3856 ὃς,
1261 3789 1470 3862 Πέτρον
1491 3788 1642 3860 αὐτῷ
1663 3785 1756 3843 τὸν
1781 3790 1996 3861 πατέρα

415 3882 747 3953 Τερέβωνος,
782 3883 1138 3951 ἀποστέλλει,
1201 3875 1290 3937 οἷα
1328 3880 1637 3954 προστῆναι
1667 3897 1728 3934 τε
1779 3880 1992 3951 ψυχῶν,

422 3974 520 4027 καὶ
544 3974 798 4048 όδηγῆσαι
826 3974 963 4043 πρὸς
994 3974 1293 4047 σωτηρίαν,
1325 3973 1528 4038 ἱκανῶς
1549 3972 1763 4044 ἔχοντα.
1788 3966 1996 4042 Πέτρος

421 4064 520 4136 μὲν
539 4065 630 4120 οὖν
660 4066 837 4131 οὕτως
871 4067 902 4109 ιι
932 4067 1230 4131 ἐπίσκοπος
1260 4065 1368 4120 τῶν
1401 4064 1767 4137 παρεμϐολῶν
1796 4066 1853 4118 ὲν
1888 4065 1999 4121 Πα-

416 4156 660 4229 λαιστίνῃ
694 4158 915 4230 πρῶτος
937 4158 1349 4229 χειροτονεῖται.
1368 4156 1434 4224 Ἦ
1453 4154 1511 4208 δὲ
1534 4154 1645 4208 τῶν
1667 4144 2019 4224 Σαρακηνῶν

412 4249 658 4318 πληθὺς,
713 4248 806 4305 ἴσα
875 4250 972 4304 καὶ
1026 4247 1288 4315 ποταμῶν
1366 4245 1635 4319 ῥεύμασιν
1682 4246 1997 4299 ἀνεννάωνί

2020 3210 2063 3269 c
2095 3256 2221 3299 eum
2250 3240 2546 3296 veniebant
2575 3238 3101 3310 cbbaptizabantur.

2166 3333 2412 3389 XXXIX.
2453 3333 2589 3389 Cum
2623 3348 2752 3406 ergo
2784 3348 2954 3402 usque
2990 3330 3129 3386 adeo
3196 3329 3688 3400 multiplicarertur

2097 3428 2192 3486 ﬁlii
2226 3430 2434 3501 Agaraa,
2471 3436 2529 3483 et.
2549 3414 2613 3481 ad
2650 3442 2832 3481 veram
2865 3426 3288 3480 traducerentur
3318 3422 3685 3487 nobilitatum,

2098 3523 2265 3594 inque
2308 3521 2520 3578 diversa
2558 3526 2941 3576 excrescerent
2986 3524 3203 3582 castra,
3255 3514 3425 3570 mittit
3473 3513 3689 3569 divinus

2099 3614 2427 3686 Euthymius
2463 3612 2529 3667 ad
2563 3610 2883 3665 Iuvenalem
2918 3608 3421 3679 Hierosolymorum
3455 3605 3688 3675 patriar-

2099 3702 2390 3774 cltam,(40)
2410 3700 2698 3772 postulans
2723 3707 2782 3754 ut
2798 3699 2878 3752 eis
2894 3697 3248 3752 ordinaretur
3268 3715 3281 3745 ι
3300 3696 3574 3764 ρίεροριιε.
3594 3694 3689 3747 llle

2101 3807 2235 3851 vero
2260 3791 2331 3846 ad
2361 3804 2486 3845 eum
2524 3789 2690 3843 mittit
2723 3787 2942 3842 Petrum
2974 3793 3183 3856 patrem
3212 3783 3544 3853 Terebonis,
3596 3792 3685 3837 ut-

2100 3893 2227 3957 pote
2261 3884 2520 3939 idoneum
2544 3881 2636 3952 qui
2671 3878 3263 3951 praeossetanimabus,
3282 3892 3484 3947 easque
3517 3877 3689 3931 dedu.

2100 3986 2250 4035 ceret
2271 3977 2336 4032 ad
2350 3976 2509 4031 saluti
2531 3990 2604 4028 ιη.
2620 3973 2910 4043 Sicitaque
2937 3973 3135 4028 Petrus
3158 3971 3449 4041 episcopus
3469 3969 3688 4026 Castro-

2104 4083 2226 4124 rum
2257 4066 2371 4137 (41)
2398 4066 2453 4120 in
2504 4064 2792 4119 Palaestina
2817 4063 3029 4134 primus
3048 4063 3360 4118 ordinatur.
3384 4060 3690 4121 Saraceuo»

2104 4175 2228 4214 rum
2259 4167 2440 4212 autem
2475 4154 2795 4221 multitudo,
2845 4169 2959 4208 non
2989 4168 3148 4209 secus
3176 4169 3239 4209 ac
3265 4154 3553 4209 ﬂuviorum
3589 4168 3686 4222 pe-

2107 4244 2360 4307 rennium
2390 4250 2615 4311 ﬂuenta,
2641 4247 2930 4314 atlluebat;
2962 4258 3018 4301 et
3044 4247 3139 4316 qui
3162 4263 3311 4302 nunc
3336 4245 3689 4312 accedebant,

408 4338 673 4411 ὲπέρῤει’
709 4341 804 4394 καὶ
833 4340 884 4394 οἱ
908 4339 1005 4396 νῦν
1039 4340 1382 4412 προσιόντες,
1418 4339 1532 4401 τοῖς
1565 4337 1993 4407 φθάσασιπροσ-

2108 4343 2507 4413 adjiciebantur
2539 4339 2857 4410 prioribus;
2890 4340 3037 4411 iique
3063 4354 3253 4394 omnis
3278 4338 3476 4409 signati
3507 4342 3692 4409 s’gna-

408 4432 656 4487 ετίθεντο
676 4449 690 4464 ·
725 4434 822 4487 καὶ
848 4425 997 4487 οὗτοι
1045 4431 1248 4495 πάντες
1278 4434 1347 4502 τῇ
1400 4428 1654 4502 σφραγῖδι
1683 4429 1777 4483 τοῦ
1808 4428 1993 4500 βαπτί-

2109 4416 2234 4490 οιιιο
2258 4433 2555 4504 baptismi,
2606 4435 3145 4488 connumerabantur
3183 4446 3305 4485 cum
3339 4446 3501 4502 grege
3529 4429 3691 4485 Chri-

409 4540 623 4596 σματος
659 4523 1073 4595 σημειούμενοι,
1128 4526 1196 4596 τῇ
1231 4524 1339 4577 τῶν
1400 4523 1747 4595 Χριστιανῶν
1779 4522 1993 4594 ποίμνῃ

2109 4530 2430 4584 stiauorum.
2488 4527 2600 4585 Sed
2622 4526 2690 4582 de
2731 4526 2818 4582 his
2866 4526 3087 4598 quidem
3133 4540 3197 4580 ea
3242 4539 3363 4594 qua:
3390 4523 3532 4578 dicta
3563 4533 3694 4578 sunt

410 4616 873 4688 συνηριθμοῦντο.
916 4617 1079 4671 Ἀλλά
1124 4615 1254 4687 περὶ
1300 4616 1400 4686 μὲν
1434 4615 1661 4682 τούτων,
1692 4614 1905 4686 ἀπόχρη
1934 4616 1993 4669 τὰ

2109 4622 2407 4678 sufﬁciunt.
2469 4620 2639 4676 Nobis
2684 4635 2814 4675 vero
2843 4621 3103 4690 deinceps
3142 4634 3207 4674 eo
3242 4617 3569 4688 conferenda
3607 4626 3693 4674 ιει

409 4710 708 4779 εἰρημένα.
743 4711 906 4783 Ἦμίν
936 4711 993 4764 δὲ
1050 4710 1241 4765 λοιπὸν
1272 4709 1361 4764 ἐπ’
1396 4712 1585 4763 ἐκεῖνα
1605 4709 1681 4779 τῷ
1713 4707 1858 4779 λόγῳ
1902 4707 2002 4779 βα-

407 4801 644 4866 διπέον,
670 4802 792 4857 ὅθεν
821 4803 996 4857 ταῦτα
1023 4804 1201 4857 εἰπεῖν
1232 4801 1525 4872 ἐξέϐημεν.

484 4894 574 4947 Μ’.
618 4896 734 4947 Οὐκ
768 4891 883 4966 εἶχε
931 4895 1162 4965 γνώμης
1208 4897 1237 4948 ὁ
1288 4894 1466 4965 μέγας
1525 4892 1820 4963 Εὐθύμιος,
1878 4891 2001 4963 οὒτε

411 4984 685 5039 κοινόϐιον
723 4987 856 5056 περὶ
880 4988 974 5038 τὸν
1008 4987 1176 5039 τόπον
1200 4987 1429 5049 ἐκεῖνον,
1471 4982 1598 5037 οὔτε
1627 4982 1841 5055 λαύραν
1859 4983 1999 5048 ὅλως

413 5075 813 5146 συστήσασθαι.
843 5078 943 5133 Διά
975 5076 1148 5132 ταῦτα
1179 5079 1273 5132 καὶ
1294 5078 1458 5149 ἡνίκα
1492 5077 1635 5140 τινὲς
1669 5075 1802 5146 πρὸς
1835 5075 2000 5130 αὐτὸν

2108 4714 2305 4777 oratio,
2340 4712 2485 4768 unde
2515 4713 2583 4768 ad
2611 4712 2726 4767 haec
2753 4711 2984 4769 dicenda
3013 4711 3241 4784 ἀίει-ιεεὶ
3276 4725 3489 4766 sumus.

2181 4889 2292 4944 XL.
2332 4890 2455 4946 Non
2504 4889 2740 4945 habebat
2788 4906 3019 4962 magnus
3042 4891 3367 4964 Euthymius
3394 4891 3450 4946 in
3484 4892 3690 4957 animo,

2110 4997 2214 5038 nec
2268 4980 2616 5045 coenobium,
2646 4980 2760 5037 ‘ncc
2791 4983 2999 5037 lauram
3052 4983 3276 5038 omnino
3309 4998 3375 5039 eo
3416 4983 3519 5039 loci
3560 4998 3697 5039 con-

2108 5082 2341 5130 struere.
2383 5076 2558 5143 Atque
2588 5082 2879 5145 propterea
2912 5076 3128 5145 quotics
3159 5076 3325 5148 aliqui
3352 5076 3419 5137 ad
3443 5092 3569 5131 eum
3602 5092 3695 5140 ve,

1659 5168 1894 5226 VARIIE
1952 5168 2363 5226 LECTIONES.

487 5269 518 5342 ὶξ
548 5270 621 5323 al.
654 5269 836 5342 συχνῷ
873 5265 1029 5342 οἶμαι
1059 5272 1231 5342 τόπῳ.
1282 5282 1338 5335 ,σε
1374 5272 1447 5326 al.
1474 5267 1884 5340 ὀρωρυγμένος.
1958 5267 1986 5307 ά
2024 5267 2107 5333 ιιι.
2143 5267 2312 5322 inser.
2356 5264 2543 5320 αὑτοῦ.
2630 5277 2653 5305 ο
2684 5267 2753 5320 al.
2786 5267 2975 5330 αὐτάς.

410 5335 756 5412 πρότερον.”
789 5335 818 5378 ιί
855 5335 1141 5407 ειΙ.ὀῖ›τος.
1181 5335 1194 5342 ’
1227 5344 1241 5382 ί
1277 5342 1346 5397 al.
1382 5335 1636 5404 ἁεινᾶως.

3065 5267 3083 5306 ί
3120 5268 3190 5321 al.
3236 5268 3449 5332 αὐταῖς.
3566 5269 3593 5308 ⁸
3620 5269 3690 5322 al.

1616 5432 1808 5491 JOAN.
1852 5432 2197 5490 BOLLANDI
2237 5430 2472 5487 NOTAE.

490 5528 604 5615 (ἐρ)
634 5528 710 5585 De
733 5529 884 5586 obitu
920 5529 1040 5600 ejus
1059 5539 1115 5586 et
1133 5539 1374 5600 tempore
1407 5530 1835 5602 patriarchatus,
1867 5530 2007 5586 infra

416 5618 472 5655 n.
505 5601 600 5655 96.

489 5670 1158 5743 (ll)_Graeceé1ticxomg
1186 5671 1295 5726 τῶν
1314 5672 1700 5743 παρεμϐολῶν.
1737 5674 1853 5739 Otto
1890 5691 1979 5725 tuo

415 5741 500 5812 do;
546 5741 869 5808 subscripsit
931 5743 1142 5812 synodo
1220 5741 1510 5812 Ephes’ina:
1564 5762 1653 5798 an.
1717 5746 1818 5797 Cll.
1877 5745 2001 5806 43L

418 5810 637 5883 Πέτρος
653 5810 1038 5883 Παρεμϐολῆς,
1061 5810 1350 5883 cpiscopus
1375 5816 1673 5883 Copiarum,
1707 5826 1975 5869 castrzune

2121 5534 2406 5591 laliumtm,
2437 5540 2529 5583 aut
2556 5526 2934 5581 tentoriorum.
2963 5521 3096 5576 Vide
3133 5538 3253 5589 qum
3294 5528 3359 5578 de
3391 5526 3696 5581 Saraceno-

2122 5620 2239 5656 rum
2278 5604 2521 5656 tuoribus
2554 5599 2620 5651 14
2647 5595 2873 5649 Jannar.
2910 5612 2937 5646 ιι
2981 5595 3039 5647 S.
3070 5594 3187 5645 Nilo
3221 5597 3470 5647 dicumtur
3518 5599 3569 5647 in
3618 5598 3697 5648 lii-

2115 5674 2279 5727 storin
2324 5673 2488 5727 cgndis
2534 5668 2756 5721 Patrqu
2808 5664 3161 5725 Sinaitarum.
3203 5695 3273 5705 --
3312 5665 3463 5718 Alius
3500 5666 3696 5720 Petrus

2114 5743 2538 5810 episcopus.th
2570 5734 2942 5810 Παρεμϐολῶν
2970 5735 3289 5800 ειιιιειηοίνείι
3316 5736 3544 5790 concilio
3570 5735 3698 5791 lliu-

2114 5805 2503 5883 rnsnlyiuitauo
2539 5805 2669 5864 anni
2710 5808 2831 5861 556.
2867 5805 3227 5861 Cernemus.
