2072 3200
252 169 303 202 631

875 171 1016 202 MENSIS
1040 171 1268 202 JANUARIUS.

1829 167 1883 199 632

252 235 339 258 mero,
368 227 400 254 ad
415 228 561 255 Jordanem
577 236 591 254 a
615 232 707 255 sancta
731 228 839 255 civitate
861 227 1042 257 descendens.

1097 227 1180 262 δάν-ην
1192 228 1246 254 ἀπὸ
1258 227 1305 261 τῆς
1320 227 1401 260 ἁγίας
1419 226 1522 258 πόλεως
1541 225 1699 256 κατιοῦσαν.
1712 225 1835 252 ὲκκλῖναί
1852 234 1883 251 τε

253 273 364 300 dextera
380 274 413 301 de
430 274 528 300 itinere
543 274 703 305 declinaret,
720 274 833 308 perinde
845 282 876 300 ac
896 273 986 307 aliquo
1002 272 1043 300 eis

251 320 323 346 viam
339 325 487 354 prweunte.
501 324 528 346 et
539 319 571 346 ad
586 319 690 346 lauram
705 319 777 346 illam
802 319 945 346 accederet
958 328 963 351 ;
992 320 1043 345 hoc

252 366 347 396 etiam,
363 370 392 392 ut
404 365 533 397 arbitror,
559 365 700 400 sapienter
716 366 878 400 disponente
893 365 1042 391 Providen-

254 412 301 442 tia,
317 418 371 444 quo
389 418 484 445 magna
497 410 583 444 patris
594 411 681 438 virtus
696 411 785 437 adltue
796 410 895 437 clarior
904 410 1041 437 evaderet.

252 461 326 489 Quos
340 458 435 485 videns
453 465 568 493 magnus
585 457 631 484 illc
644 465 676 484 eo
696 457 755 484 luci‘
770 456 923 487 divertisse,
939 461 968 482 ut
984 463 1014 483 se
1028 464 1043 482 a

253 506 345 532 laboro
363 504 468 532 itineris
489 504 688 539 aliquantisper
701 507 876 534 recrearent,
899 507 979 530 vocat
991 502 1043 529 Do-

252 551 407 582 mitianum,
427 551 471 578 cui
489 550 664 577 commiserat
680 550 763 577 Iaurte
783 557 874 576 reium
897 549 1042 583 dispensa-

252 598 366 628 tionem,
391 602 472 631 atqne
484 597 562 632 jubet
576 601 605 624 ut
620 596 659 623 eis
677 604 799 623 mensam
815 601 943 630 apponat.
973 595 1042 623 Cum

251 642 275 669 is
291 647 383 669 autent
400 642 533 676 obiiceret
549 646 705 677 egestatem.
720 645 746 668 et
763 641 952 675 respondisset
966 648 995 667 se
1009 647 1043 667 ne

254 688 334 715 unius
349 688 460 722 quidem
477 687 530 715 diei
545 686 657 714 fratrum
675 687 776 714 habere
798 687 958 714 alimentum
971 707 978 719 ,
998 686 1043 713 ille

251 741 283 761 eo
295 734 381 761 fretus
397 734 443 768 qui
456 733 550 764 ,viduaa
566 733 708 767 copiosum
730 733 827 760 cﬂ'udit
840 733 1040 760 nutrimentum

251 783 360 814 propter
370 779 564 806 abundantiam
578 779 655 806 bona:
667 779 726 813 ejus
738 778 886 805 voluntatis
895 779 905 794 ³
920 777 1043 812 praecipit

253 823 407 851 Domitiano
421 824 460 851 ire
476 824 510 850 ad
527 824 679 858 panarium.
702 822 836 857 lntelliges
846 822 931 852 enim.
943 821 1041 856 inquit.

253 870 319 904 quid
337 870 387 897 sibi
403 869 512 904 quidem
528 870 613 896 velint
628 869 755 896 humanae
771 868 962 904 cogitationes,
978 866 1042 902 quid

254 923 319 943 vero
332 915 424 943 divina
440 915 527 950 possit
541 915 626 949 gratia
642 919 741 950 praeter
758 913 916 949 opinionem
934 912 1043 948 dispen-

253 970 313 989 sare
332 970 364 989 ac
379 962 533 997 providere.

289 1006 380 1035 XLIV.
403 1006 435 1034 Et
456 1007 500 1034 ille
524 1007 624 1034 cedens
647 1007 750 1038 statim,
781 1011 808 1033 et
838 1006 982 1039 accedens,
1000 1005 1010 1040 (
1025 1013 1042 1032 ο

254 1052 445 1079 inenarrabilia
456 1056 512 1083 tua,
524 1052 646 1085 Christe,
662 1052 791 1079 miracula
802 1052 820 1086 l)
832 1051 938 1079 invenit
952 1051 1043 1078 divina

253 1098 369 1132 quadam
381 1102 408 1125 et
419 1098 542 1133 sapiente
551 1097 732 1132 providentia,
743 1098 830 1125 aedem
844 1097 960 1132 panibus
975 1096 1043 1123 adeo

253 1145 375 1179 plenam,
392 1148 419 1172 ut
437 1152 473 1171 ne
498 1144 577 1171 facile
599 1144 709 1179 quidem
732 1148 805 1171 esset
825 1151 923 1178 parum
937 1142 1043 1177 aperire

253 1191 366 1223 ostium,
383 1182 552 1224 prohibitum
567 1198 665 1224 nempe
685 1189 859 1217 multitudine
877 1189 949 1215 intus
971 1187 1043 1222 posi-

255 1240 355 1261 torum.
371 1234 480 1261 Vocatis
495 1242 560 1268 ergo
573 1233 635 1261 aliis
651 1233 790 1265 fratribus,
807 1236 835 1259 et
852 1239 947 1259 eorum
959 1238 1044 1265 opera

208 1301 211 1303 .
253 1287 349 1307 everso
362 1280 442 1312 ostio,
456 1279 532 1306 videt
550 1286 583 1307 ea
606 1286 666 1314 quae
681 1282 758 1305 erant
776 1277 860 1308 intus,
885 1277 1043 1304 innumera-

254 1326 334 1352 bilem
351 1324 450 1360 panum
468 1325 688 1355 multitudinem;
710 1323 744 1350 ad
758 1322 817 1350 haec
831 1322 898 1355 vini,
920 1322 1041 1357 inquam,

253 1377 281 1398 et
294 1372 345 1399 olei
368 1372 506 1406 ingentem
524 1370 640 1405 copiam,
657 1374 739 1403 atque
753 1368 866 1395 omnino
878 1368 1044 1395 convenien-

254 1423 307 1444 tem
324 1418 464 1453 Euthytnii
480 1417 508 1444 in
523 1416 612 1444 dando
627 1414 847 1450 magnificentiae.

288 1463 368 1490 XLV.
389 1462 452 1490 Haec
468 1468 497 1490 ut
527 1461 594 1489 vidit
620 1460 801 1492 Domitianus,
824 1462 924 1489 divinae
948 1462 1043 1497 gratia:

253 1510 441 1544 operationem
455 1507 620 1542 intelligens,
636 1507 761 1542 procedit
779 1508 811 1535 ad
835 1508 918 1542 pedes
939 1508 1042 1543 magni,

1096 274 1146 309 τῆς
1161 273 1221 300 όδοῢ
1250 273 1334 309 δεξιᾷ,
1353 273 1478 307 καθάπερ
1501 273 1574 311 τινὸς
1603 272 1694 303 αὐτοῖς
1709 272 1759 306 τῆς
1774 272 1888 306 πορείας

1097 319 1318 354 προηγουμένου,
1338 319 1385 346 καὶ
1399 321 1440 351 εἰς
1456 320 1506 355 τὴν
1520 320 1625 354 λαύραν
1641 319 1750 354 ἐκείνην
1766 327 1888 353 παραγε-

1094 365 1188 391 νέσθαι
1199 373 1206 380 ⁸
1223 366 1272 400 τῆς
1286 366 1418 401 Προνοίας
1430 365 1507 400 οἰμαι
1522 367 1569 392 καὶ
1580 365 1659 392 τοῦτο
1674 364 1765 399 σοφῶς
1775 366 1870 391 οἰκονο
1880 379 1886 385 -

1097 411 1211 446 μούσης,
1243 394 1317 438 ὥστε¹
1342 412 1391 446 τὴν
1408 394 1531 447 μεγάλην
1554 411 1602 437 τοῦ
1636 394 1898 445 ΙΙατρος-ἀρετὴν,Ι

1095 457 1289 492 λαμπροτέραν
1305 457 1344 483 ἔτι
1361 457 1541 491 καταστῆναι.
1552 456 1605 487 Οὓς
1624 456 1687 482 ἰδὼν
1699 457 1713 485 ὁ
1730 456 1816 490 μέγας
1828 456 1889 482 ἐκεῖ

1095 503 1312 536 καταλύσαντας,
1328 503 1398 530 ὥστε
1412 503 1458 529 τὸν
1472 503 1504 528 ἐκ
1519 503 1568 536 τῆς
1582 502 1642 529 ὁδοῦ
1659 501 1743 528 κόπον
1761 501 1848 536 βραχύ
1860 510 1887 527 τι

1094 549 1287 580 διαναπαῦσαι,
1312 549 1390 575 καλεῖ
1405 549 1578 583 Δομετιανὸν,
1604 548 1758 581 οἰκονομεῖν
1782 547 1817 573 τὰ
1837 546 1888 581 τῆς

1094 594 1198 631 λαύρας
1216 594 1261 621 ὑπ’
1276 594 1359 621 αὑτοῦ
1373 594 1644 629 προκεχειρισμένον,
1661 593 1709 620 καὶ
1723 592 1888 628 παραθεῖναι

1095 640 1204 672 τούτοις
1217 641 1356 675 τράπεζαν
1370 640 1543 674 ἐπαγγέλλει.
1557 640 1610 666 Τοῦ
1619 639 1647 666 δὲ
1660 638 1885 674 προϐαλλομένου

1094 687 1144 722 τὴν
1169 686 1283 718 ἔνδειαν,
1302 685 1349 712 καὶ
1370 686 1407 717 ὼς
1431 685 1492 712 οὐδὲ
1513 684 1562 720 τὴν
1587 685 1726 719 ἐφήμερον
1755 682 1811 718 ἔχοι
1831 682 1887 709 τῶν

1095 733 1217 767 ἀδελφῶν
1234 732 1337 767 τροφὴν
1350 731 1584 767 ἀποκριναμένου,
1603 729 1712 765 θαρρῶν
1729 729 1832 760 ἐκεῖνος
1847 728 1887 763 τῷ

1095 779 1143 806 καὶ
1157 779 1230 814 χ’ήρᾳ
1254 777 1357 813 τροφὴν
1375 777 1508 803 πλουσίαν
1522 777 1557 803 δι’
1575 775 1707 811 ἀφθονίαν
1730 775 1887 809 πηγάσαντι

1096 824 1295 860 προαιρέσεως,
1312 823 1481 857 πορευθῆναι
1498 822 1573 858 παρὰ
1588 822 1618 848 τὸ
1632 821 1850 857 ἀρτοφυλακείον
1864 823 1886 834 ιιι

1096 870 1246 897 ἐντέλλεται
1259 868 1426 904 Δομετιανῷ,
1439 868 1505 903 Εἴσῃ
1522 868 1576 903 γὰρ
1591 867 1653 902 ἔφη,
1669 867 1695 893 τί
1719 867 1768 902 μὲν
1781 866 1887 901 ἀνθρὼ-

1096 925 1168 942 πινοι
1195 915 1337 950 βούλονται
1352 914 1491 949 λογισμοὶ,
1510 913 1537 940 τί
1552 913 1580 940 δέ
1594 913 1654 940 θεία
1670 912 1784 939 δύναται
1807 911 1887 946 χάρις

1095 961 1258 995 παραδόξως
1274 961 1439 995 οἰκονομεῖν.

1130 1006 1195 1034 MA’.
1209 1007 1263 1033 Καὶ
1282 1006 1311 1038 ὃς
1323 1006 1398 1040 εἰξας
1414 1006 1496 1037 εὐθὺς
1513 1006 1560 1032 καὶ
1574 1005 1796 1041 παραγενόμενος
1808 1012 1816 1018 ·
1833 1004 1887 1030 τῶν

1094 1053 1298 1087 ἀνεκδιηγήτων
1312 1062 1370 1085 σου,
1380 1052 1493 1087 Χριστὲ.
1505 1051 1679 1087 θαυμασίων,
1690 1051 1813 1085 εὑρίσκει
1826 1050 1887 1085 θείᾳ

1094 1096 1148 1125 τινὶ
1165 1098 1212 1125 καὶ
1236 1100 1305 1134 σοφῇ
1322 1099 1438 1134 προνοίᾳ
1447 1098 1496 1134 τὴν
1514 1099 1602 1125 οἰκίαν
1621 1097 1707 1128 οὕτως
1730 1097 1820 1132 ἄρτων
1837 1104 1887 1131 με-

1096 1145 1173 1181 στὴν,
1189 1145 1227 1177 ὡς
1247 1145 1376 1180 μηδὲςτὴν
1392 1145 1477 1180 θύραν
1496 1144 1593 1179 μικρόν
1608 1152 1634 1170 τι
1649 1143 1812 1178 παρανοὶξαι
1839 1142 1888 1177 ῥᾴ-

1095 1191 1152 1218 διον
1165 1190 1206 1222 ὃν,
1231 1190 1270 1225 τῷ
1287 1190 1385 1225 πλήθει
1404 1190 1459 1216 τῶν
1475 1190 1548 1216 ἔνδον
1568 1189 1779 1223 ἁνειργομένην.
1798 1188 1888 1214 Καλέ-

1096 1245 1144 1267 σας
1160 1236 1248 1263 τοίνυν
1260 1237 1307 1262 καὶ
1321 1235 1418 1267 ἄλλους
1436 1235 1492 1261 τῶν
1509 1234 1642 1269 ἀδελφῶν,
1663 1234 1711 1260 καὶ
1724 1234 1774 1267 τὴν
1798 1233 1887 1267 θυραν

1095 1282 1144 1309 σὺν
1174 1281 1270 1311 αὐτοῖς.
1294 1279 1461 1315 ἀνατρέψας,
1478 1280 1528 1315 δρᾷ
1545 1279 1578 1305 τὰ
1602 1278 1686 1310 ἔνδον,
1705 1277 1843 1313 ἀμύθητόν
1860 1286 1888 1303 τι

1094 1326 1196 1361 πλῆθος
1212 1325 1319 1361 ἄρτων·
1334 1325 1406 1351 οἴνου
1429 1333 1469 1356 τε,
1485 1324 1567 1358 φημὶ,
1596 1322 1644 1350 καὶ
1672 1322 1763 1349 ἐλαίου
1786 1321 1887 1356 πολλὴν

1094 1373 1237 1408 ἀφθονίαν,
1258 1371 1306 1398 καὶ
1321 1371 1454 1405 ἀνάλογον
1468 1372 1502 1406 τῇ
1528 1369 1593 1405 περί
1607 1369 1637 1396 τὸ
1657 1368 1758 1395 διδόναι
1777 1368 1888 1399 πάντως

1095 1419 1232 1454 Εὖθυμίου
1248 1417 1401 1453 φιλοτιμίᾳ.
1857 1436 1862 1447 ,

1129 1466 1200 1493 ME’.
1213 1464 1307 1492 Ταῦτα
1321 1463 1485 1499 Δομετιανὸς
1501 1462 1573 1494 ἰδὼν,
1586 1461 1633 1488 καὶ
1647 1463 1697 1497 τῆς
1717 1461 1791 1492 θείας
1806 1460 1888 1495 χάρι-

1094 1521 1140 1543 τος
1154 1511 1301 1547 συμϐαλὼν
1312 1511 1362 1545 τὴν
1373 1510 1527 1545 ἐνέργειαν,
1547 1509 1643 1535 πίπτει
1662 1508 1731 1543 πρὸς
1755 1508 1810 1539 τοῖς
1825 1507 1888 1533 ποσὶ

256 1554 363 1581 veniam
376 1553 463 1589 petiit,
476 1557 503 1579 et
514 1552 654 1586 parcitalis
665 1552 760 1579 sordes
770 1553 927 1580 vehementi
942 1560 1043 1588 repen-

1096 1559 1141 1585 τοῦ
1160 1557 1290 1593 μεγάλου,
1320 1556 1488 1590 συγγνώμην
1518 1554 1614 1586 αἰτῶν,
1632 1554 1680 1580 καὶ
1708 1553 1889 1588 μικρολογίας

253 1601 295 1628 dit
312 1599 482 1635 paenitentia.
500 1598 547 1625 Ille
562 1605 628 1625 vero
642 1606 703 1625 cum
723 1598 877 1626 Domitiano
897 1600 1043 1635 benignam

253 1651 281 1674 et
309 1649 428 1672 mentem
447 1649 474 1671 et
490 1652 601 1672 manum
628 1645 804 1679 perrexisset,
830 1642 975 1679 ipsumque
988 1645 1044 1672 ele-

254 1695 356 1722 vasset,
374 1697 390 1717 o
406 1689 453 1721 fili,
472 1690 570 1724 inquit,
586 1691 631 1725 qui
642 1691 755 1717 seminat
772 1690 800 1716 in
812 1690 1042 1724 benedictionibus,

253 1740 281 1764 in
299 1736 522 1763 benedictionibus
536 1741 560 1763 et
576 1741 653 1763 metet
667 1736 689 1764 ⁸.
705 1736 756 1768 Qui
773 1744 836 1772 ergo
852 1736 1045 1764 accedentibus

253 1790 400 1810 commune
423 1787 523 1809 tectum
542 1782 665 1817 praebent
684 1786 712 1809 et
735 1783 785 1814 sal,
812 1782 968 1810 nescientes
992 1782 1044 1810 sibi

254 1828 344 1863 potius
371 1833 530 1862 comparant
552 1828 692 1863 copiosam
714 1828 973 1863 suppeditationem,
994 1836 1045 1856 nec

254 1880 359 1901 tantum
385 1874 451 1901 dant
475 1879 609 1909 quantum
636 1874 784 1909 accipiunt.
803 1874 882 1908 Quod
904 1875 1015 1910 quidem
1030 1883 1044 1902 a

254 1921 332 1949 vobis
349 1924 460 1956 quoque
477 1921 641 1948 servandum
657 1926 708 1952 est,
726 1921 840 1954 fratres,
856 1921 879 1948 si
903 1921 959 1949 Deo
978 1921 1046 1949 estis

253 1967 442 2003 gratificatnri,
462 1971 490 1994 et
506 1967 623 2002 plurima
638 1975 730 1994 rerum
752 1967 968 2001 necessariarum
980 1974 1046 2002 sup-
1058 1971 1064 1977 ‘

254 2013 423 2051 peditatitme
434 2021 544 2048 semper
553 2013 730 2048 abundaturi.
742 2013 811 2041 llinc
822 2014 956 2042 bonorum
968 2021 1045 2042 acer-

254 2068 315 2093 vus,
331 2064 361 2086 ut
381 2059 469 2092 aiunt,
491 2060 624 2092 constitit,
640 2067 739 2095 resque
754 2060 836 2087 laura:
848 2065 991 2095 coeperunt
1005 2061 1046 2088 vi-

254 2114 318 2141 gere
327 2113 358 2132 ae
371 2105 523 2132 eXuberare
532 2114 538 2131 ε
548 2105 658 2140 quando
669 2105 779 2140 quidem
789 2105 905 2132 fratrum
914 2113 1047 2133 numerus

254 2152 287 2179 ad
302 2151 497 2186 quinquaginta
511 2152 646 2186 pervenit,
666 2156 694 2179 et
706 2151 858 2187 unicuique
870 2160 966 2179 eorum
979 2152 1047 2180 cella

254 2196 306 2223 fuit
323 2196 472 2229 aedificata;
487 2200 569 2230 atque
585 2203 661 2224 sacra
677 2196 805 2231 mysteria
826 2197 950 2232 quotidie
985 2205 1047 2232 per-

253 2244 414 2279 agebantur.
573 2236 575 2239 ’

291 2289 382 2317 XLVI.
405 2289 489 2317 Porro
513 2289 536 2316 is
559 2288 603 2316 cui
627 2289 730 2317 credita
756 2288 845 2317 fuerat
866 2289 1044 2324 dispensatio.

254 2336 319 2363 dum
334 2336 444 2371 cogitat.
459 2336 492 2363 ad
509 2340 612 2363 tantam
628 2335 743 2364 fratrum
760 2336 962 2363 multitudinem
975 2336 1046 2363 mul—

256 2387 283 2410 to
299 2381 381 2409 etiam
398 2381 449 2408 sibi
465 2389 535 2417 opus
555 2381 614 2409 fore
636 2381 801 2413 ministerio,
823 2381 913 2408 mttlos
937 2389 1046 2416 quoque

253 2428 363 2463 paravit
377 2428 470 2455 laurie.
492 2428 556 2454 Erat
582 2431 672 2454 autem
690 2427 800 2461 quidam
823 2427 850 2453 in
875 2434 906 2454 ea
928 2427 1045 2454 Asianus

254 2480 362 2506 genere,
378 2473 487 2500 nomine
497 2472 660 2503 Auxentius,
673 2472 719 2506 qui
732 2476 789 2498 erat
801 2475 880 2506 aptus
900 2472 934 2499 ad
956 2473 1045 2499 mulo-

257 2527 315 2545 rum
328 2518 521 2545 ministerium.
535 2519 561 2546 ls
574 2525 639 2553 ergo
654 2517 688 2544 ab
705 2517 756 2544 hoe
767 2525 910 2545 meonomo
925 2523 1043 2554 rogatus,

255 2569 283 2590 ut
300 2563 371 2590 illam
388 2563 481 2590 subire
497 2563 761 2592 administrationem
781 2562 935 2597 differebat,
949 2569 976 2591 et
989 2571 1044 2591 non

254 2610 409 2638 obediebat.
428 2609 481 2637 Sed
497 2618 558 2637 cum
575 2618 617 2638 res
634 2615 709 2637 esset
724 2610 758 2637 ad
777 2618 856 2637 usum
879 2611 1042 2638 necessaria.

255 2655 387 2683 .loatmem
403 2660 430 2682 et
444 2655 588 2690 Cyrionem
602 2656 777 2691 presbyteros
793 2664 886 2684 secum
906 2657 1044 2692 accipiens

254 2708 424 2733 ceconomus,
447 2701 545 2728 iterum
571 2709 631 2728 cum
664 2701 697 2729 iis
724 2702 838 2737 rogabat
865 2702 1042 2730 Auxentium.

289 2761 298 2776 ³
313 2760 346 2790 Ill
361 2760 426 2795 Reg.
445 2769 510 2793 xvn,
530 2762 556 2788 5.
595 2761 605 2776 ’⁵
620 2760 642 2788 ll
662 2761 724 2789 Cor.
742 2762 814 2795 tx,6.

1096 1604 1246 1635 ἀντιδιδοὺς
1276 1603 1420 1638 μετανοίας
1452 1602 1618 1637 θερμότητα.
1633 1601 1767 1631 Κάκεῖνος
1785 1599 1888 1634 εὐμενῆ

1095 1660 1125 1678 τε
1145 1650 1303 1687 Δομετιανῷ
1319 1650 1366 1676 καὶ
1388 1649 1501 1684 γνώμην
1519 1648 1566 1674 καὶ
1595 1648 1675 1682 χεῖρα
1702 1646 1810 1682 ὀρέξας,
1840 1645 1889 1671 καὶ

1096 1698 1178 1725 αὑτὸν
1192 1697 1361 1731 ἀναστήσας,
1373 1693 1410 1721 Ὠ
1436 1695 1544 1726 τέκνον,
1562 1693 1615 1728 εφη
1628 1713 1634 1724 .
1649 1694 1664 1719 ὁ
1681 1692 1815 1725 σπείρων
1843 1691 1890 1717 ἐπ’

1095 1744 1257 1778 εὐλογίαις,
1268 1742 1314 1768 ἐπ’
1325 1741 1476 1775 εὐλογίαις
1483 1740 1531 1767 καὶ
1541 1740 1664 1774 θερίσει.
1676 1739 1707 1765 Ol.
1719 1738 1783 1772 γοῦν
1795 1737 1890 1772 κοινὴν

1095 1792 1152 1822 τοῖς
1166 1789 1297 1824 παριοῦσι
1313 1788 1364 1823 τὴν
1379 1787 1481 1822 στέγην
1497 1787 1618 1818 καὶτοὺς
1635 1785 1702 1817 ἃλας
1717 1784 1889 1818 ποιούμενοι,

1096 1834 1258 1861 λανθάνουσι
1269 1832 1368 1867 δαψιλῆ
1387 1832 1487 1866 μᾶλλον
1502 1832 1608 1862 ἑαυτοῖς
1621 1829 1829 1866 περιποιοῦντες
1839 1828 1890 1864 τὴν

1097 1880 1240 1916 χορηγίαν,
1256 1881 1303 1906 καὶ
1321 1878 1358 1914 μὴ
1375 1878 1503 1905 τοσοῦτον
1519 1877 1635 1908 διδόντες
1652 1877 1715 1903 ὅσον
1726 1875 1887 1910 λαμϐάνου-

1098 1935 1150 1953 σιν.
1164 1926 1253 1961 Ὅπερ
1266 1924 1376 1958 ἀδελφοὶ
1390 1924 1438 1950 καὶ
1456 1924 1521 1958 ὑμῖν
1534 1922 1696 1957 φυλακτέον,
1722 1922 1746 1948 εἰ
1764 1921 1889 1955 μέλλοιτε

1097 1973 1144 1998 καὶ
1163 1971 1222 2006 Θεῷ
1237 1971 1409 2006 χαρίζεσθαι,
1424 1970 1472 1997 καὶ
1485 1969 1569 2004 πολλῇ
1582 1969 1697 1996 πάντοτε
1711 1972 1725 1986 ¹¹
1738 1969 1826 2003 κομᾷν
1835 1968 1890 1994 τῶν

1097 2018 1255 2052 ἀναγκαίων
1272 2018 1304 2052 τῇ
1329 2016 1458 2052 χορηγίᾳ.
1481 2015 1622 2042 Ἐντεῦθεν
1649 2015 1758 2049 ἀγαθῶν
1790 2013 1888 2049 σωρὸς,

1097 2064 1128 2090 τὺ
1140 2063 1187 2090 τοῦ
1203 2063 1295 2097 λόγου,
1317 2062 1444 2097 συνέστη,
1461 2062 1509 2088 καὶ
1523 2062 1557 2088 τὰ
1569 2062 1619 2096 τῆς
1634 2061 1739 2096 λαύρας
1763 2060 1890 2094 εὐθηνεῖν

1098 2110 1199 2145 ἤρχετο
1211 2109 1258 2135 καὶ
1276 2109 1316 2139 εἰς
1326 2108 1429 2142 πλῆθος
1445 2107 1611 2134 ἐπιδιδόναι·
1628 2108 1674 2133 ὅτε
1695 2106 1750 2133 τῶν
1767 2105 1890 2140 ἀδελφῶν

1099 2155 1224 2190 ἀριθμὸς,
1242 2155 1280 2186 εἰς
1299 2147 1470 2188 πεντήκοντα
1500 2153 1643 2188 περιέστη,
1662 2153 1770 2188 ἑκάστῳ
1787 2161 1816 2178 τε
1839 2152 1889 2178 αὺ-

1098 2199 1152 2226 τῶν
1166 2199 1272 2226 κελλίον
1285 2198 1448 2234 ᾠκοδομήθη
1462 2207 1469 2214 ·
1495 2199 1542 2225 καὶ
1554 2198 1589 2224 τὰ
1608 2199 1657 2233 τῆς
1678 2199 1753 2233 ἰερᾶς
1767 2197 1891 2224 καθεκά-

1064 2239 1084 2266 Ῑ)
1101 2255 1168 2280 στην
1183 2246 1300 2272 ἐτελεῖτο
1322 2245 1530 2280 μυσταγωγίας.

1135 2293 1211 2326 tuq'.
1234 2292 1348 2318 Ἐννοῶν
1375 2291 1403 2317 δὲ
1426 2293 1440 2318 ό
1453 2292 1502 2327 τὴν
1519 2291 1678 2326 οἰκονομίαν
1694 2284 1888 2325 ἐγχειρισθεὶς,

1099 2339 1139 2365 ὅτι
1155 2339 1223 2374 πρὸς
1246 2338 1318 2364 οὕτω
1336 2337 1403 2364 πολὺ
1424 2337 1479 2364 τῶν
1506 2337 1630 2371 ἀδελφῶν
1654 2337 1767 2372 πλῆθος,
1788 2335 1889 2370 πολλῆς

1098 2384 1231 2419 αὐτῷκαὶ
1244 2383 1396 2418 ὑπηρεσίας
1407 2382 1508 2418 δεήσει,
1521 2383 1728 2418 προσεκτήσατο
1743 2382 1775 2416 τῇ
1787 2380 1887 2416 λαύρα,

1098 2430 1145 2457 καὶ
1160 2429 1299 2464 ἡμιόνους.
1313 2426 1367 2455 Ἦν
1382 2429 1410 2456 δέ
1432 2438 1474 2461 τις
1486 2429 1514 2455 ἐν
1530 2429 1598 2464 αὐτῇ
1614 2428 1643 2454 τὺ
1658 2428 1736 2462 γένος
1753 2426 1888 2458 Ἀσιανδς,

1101 2476 1150 2509 τὴν
1168 2475 1265 2509 κλῆσιν
1280 2474 1435 2506 Λύξέντιος,
1465 2474 1629 2509 ἐπιτηδείως
1662 2473 1732 2508 ἔχων
1757 2472 1826 2507 πρὸς
1839 2472 1890 2507 τὴν

1099 2520 1153 2546 τῶν
1181 2519 1300 2554 ἡμιόνων
1327 2518 1477 2545 διακονίαν.
1495 2515 1579 2549 Οὗτος
1602 2516 1648 2544 οὖν
1675 2518 1729 2543 ὑπὸ
1746 2517 1823 2544 τοῦδε
1842 2516 1888 2543 τοῦ

1098 2566 1241 2600 οἰκονόμου
1256 2564 1517 2600 παρακαλούμενος,
1545 2564 1615 2590 ὥστε
1644 2564 1693 2599 τὴν
1715 2563 1889 2598 λειτουργίαν

1099 2611 1226 2638 ὑπελθεῖν
1242 2610 1356 2646 ταύτην,
1387 2609 1551 2637 ἀνεϐάλλετο
1578 2609 1624 2636 καὶ
1654 2609 1704 2644 οὐχ
1734 2608 1886 2643 ὑπήκουεν.

1103 2657 1266 2692 Ἀναγκαίου
1281 2657 1309 2683 δὲ
1335 2656 1380 2683 καὶ
1392 2652 1530 2691 χρησίμου
1545 2655 1592 2681 τοῦ
1621 2655 1784 2690 πράγματος
1801 2654 1888 2685 ὄντος,

1097 2702 1265 2739 παραλαϐὼν
1280 2704 1327 2730 καὶ
1350 2702 1478 2737 Ἰωάννην
1494 2701 1555 2736 μεθ’
1571 2702 1668 2728 ἑαυτοῦ
1695 2701 1743 2728 καὶ
1758 2700 1890 2735 Κυρίωνιι

885 2822 1003 2854 VARle
1020 2823 1224 2852 LECTIONES.

291 2883 310 2897 ιη
324 2878 349 2904 al
376 2877 584 2911 ἁρτοφυλέικιον.
637 2885 650 2899 ιι
667 2880 702 2908 al.
721 2880 865 2909 πάντοθεν.
