4144 6422
462 341 572 405 635

1734 344 2024 407 MENSIS
2059 344 2523 408 JANUARIUS.

3624 353 3737 419 636

463 454 512 509 is
560 467 690 508 vero
753 453 802 509 ei
859 454 1042 510 statim
1102 456 1405 526 ignovisset
1435 457 1471 528 .(
1495 458 1676 514 anima
1729 463 1877 516 enim
1932 475 2055 531 qua:

2163 459 2314 514 τοῦτο
2339 460 2398 515 δὲ
2430 460 2525 514 καὶ
2552 459 2688 530 πρὸς
2731 458 2792 512 τὸ
2808 459 3014 531 ιμέλλον
3046 460 3370 531 ἀσφάλειαν.
3396 462 3504 517 Τοῦ
3541 464 3597 517 δὲ
3641 469 3735 522 καὶ

466 544 554 599 vix
584 546 800 601 tandem
836 547 901 601 ad
934 548 1071 602 iram
1101 563 1364 605 conversa
1391 549 1604 617 fuerat,
1637 553 1911 623 quomodo
1940 568 2051 607 non

358 637 363 642 ”
465 639 660 692 fuisset
709 649 955 708 prompte
1005 656 1233 695 cursura
1270 642 1338 695 ad
1400 644 1935 700 commiserationem
1981 646 2050 715 ?),

465 738 522 782 et
576 729 817 783 futurum
877 739 1091 800 tempus
1121 749 1218 804 per
1246 734 1570 827 orationem.
1611 737 2049 802 communiisset,

466 822 557 877 ille
584 838 706 875 cum
743 822 1018 892 voluptate
1044 834 1099 879 et
1147 824 1315 879 animi
1352 822 1632 881 alacritate
1671 826 1901 896 suscipit
1933 842 2055 881 mu-

467 915 640 965 lorum
670 913 1055 970 ministerium.
1088 915 1180 971 Sic
1200 916 1487 987 disciplina
1518 918 1730 972 Domini
1761 920 1804 983 ",
1838 929 1899 977 ut
1928 934 2052 974 cum

468 1007 649 1062 dEvina
692 1007 974 1079 scriptura
1006 1011 1196 1080 loquar
1230 1052 1244 1078 ,
1277 1021 1331 1067 et
1364 1028 1521 1067 aures
1555 1014 1766 1083 aperit;
1796 1026 1854 1068 ct
1891 1014 2055 1084 plane

469 1100 655 1169 adjicit
704 1101 1141 1171 intelligentiam.
1193 1103 1263 1158 Et
1313 1105 1407 1175 qui
1440 1113 1733 1175 antequam
1780 1104 2053 1175 deprime-

470 1200 623 1243 retur
648 1191 980 1261 humilisque
1021 1193 1362 1258 redderetur,
1393 1196 1754 1251 contumaciae
1772 1205 2054 1266 peccatum

472 1280 786 1344 admiserat.
830 1291 953 1350 post
990 1283 1404 1353 depressionem
1460 1287 1936 1357 humilitatemque
1990 1302 2055 1341 ex

472 1372 755 1443 disciplina
806 1383 984 1429 ortam
1028 1414 1044 1439 ,
1107 1375 1363 1447 cognitus
1406 1377 1512 1433 fuit
1554 1379 1629 1433 ad
1686 1379 2055 1434 obedientiam

471 1474 778 1534 promptus.
797 1466 925 1523 llaec
941 1467 1074 1521 mihi
1090 1469 1419 1524 anachoreta
1439 1469 1701 1541 Cyriacus
1716 1470 1827 1544 (57)
1850 1472 1941 1527 ille
1963 1473 2057 1543 qui

474 1554 544 1608 ab
596 1554 821 1610 ineunte
850 1556 1070 1626 quidem
1096 1566 1257 1614 aetate
1287 1570 1479 1616 tonsus
1517 1562 1697 1618 fuerat
1723 1562 1780 1628 in
1805 1564 2058 1619 coenobio

473 1645 896 1717 Euthymii(58),
917 1658 1202 1720 postquam
1221 1661 1405 1707 autem
1421 1668 1546 1709 cum
1570 1653 1688 1723 ejus
1710 1654 2060 1727 (59)'succes-

473 1739 693 1793 soribus
710 1739 843 1795 satis
877 1740 1038 1813 longo
1065 1750 1310 1813 tempore
1335 1753 1483 1800 esset
1512 1755 1786 1809 versatus,
1812 1763 2060 1802 omnem-

2155 555 2483 623 συγγνόντος
2509 553 2711 617 εὐθέως
2739 552 2889 625 αὐτῷ
2920 554 2993 627 (ἡ
3056 555 3167 625 γὰρ
3194 556 3330 627 πρὸς
3384 557 3553 629 ὀργὴν
3599 575 3735 630 τρα-

2153 646 2315 697 πετσα
2345 642 2497 713 μόλις
2523 643 2689 714 ψυχὴ,
2735 643 2852 707 πῶς
2895 646 2994 698 οὐκ
3045 645 3263 715 ἔμελλεν
3314 648 3546 717 ἑτοίμως
3603 651 3738 719 δρα-

2157 735 2278 803 μεῖν
2338 735 2419 797 είς
2470 735 2817 805 συμπάθειαν
2843 737 2908 800 ;),
2943 738 3040 787 καὶ
3085 736 3148 789 τὸ
3208 737 3403 805 μέλλον
3444 738 3511 791 δι’
3569 740 3736 808 εύχῆς

2154 825 2622 894 άσφαλισαμένου.
2658 827 2778 895 μεθ’
2827 827 3022 897 ἡδονῆς
3053 827 3261 892 ἐκεῖνος
3302 829 3397 881 καὶ
3426 828 3735 899 προθυμίας

2152 917 2253 986 τὴν
2295 918 2406 970 τῶν
2460 919 2706 988 ἡμιόνων
2759 920 3068 988 ἀναιρεῖται
3133 921 3430 975 διακονίαν.
3468 922 3655 985 Οὕτως
3696 925 3735 991 ﬂ

2155 1008 2395 1063 παιδεία
2449 1010 2694 1077 Κυρίου,
2764 1012 2910 1065 κατὰ
2950 1013 3051 1080 τὴν
3098 1012 3246 1065 θείαν
3293 1013 3459 1080 φάναι
3488 1014 3734 1083 Γραφὴν,

2153 1100 2361 1169 ἀνάγει
2390 1118 2455 1154 τε
2500 1101 2572 1155 τὰ
2610 1097 2752 1169 ὦτα,
2805 1104 2900 1156 καὶ
2927 1103 3062 1167 ςνοῠν
3089 1103 3336 1175 άκριόῶς
3382 1107 3734 1175 προστίθησι.

2158 1192 2267 1245 Καὶ
2301 1195 2330 1245 ὁ
2353 1193 2460 1264 πρὸ
2488 1193 2581 1247 τοῦ
2603 1195 3007 1264 ταπεινωθῆναι
3058 1199 3157 1266 τὴν
3217 1196 3504 1249 ἀπείθειαν
3556 1197 3739 1267 πλημ-

2159 1283 2418 1354 μελήσας,
2452 1284 2591 1354 μετὰ
2614 1284 2713 1356 τὴν
2742 1286 2805 1338 ὲκ
2829 1284 3077 1347 παιδείας
3111 1285 3467 1348 ταπείνωσιν,
3518 1285 3739 1355 ἕτοιμος

2158 1374 2293 1445 πρὸς
2339 1377 2587 1447 ὓπακοὴν
2630 1377 2978 1447 ἑγνωρίζετο.
3026 1376 3214 1430 Ταῦτά
3263 1379 3404 1447 μοιὸ
3455 1380 3740 1447 ἀναχωρη-

2155 1467 2257 1535 τὴς
2306 1467 2584 1538 Κυριακδς
2633 1468 2935 1539 διηγήσατο
2958 1507 2974 1533 ,
3011 1468 3290 1538 Κυριακὸς
3319 1470 3547 1532 ἐκεῖνος,
3575 1468 3634 1530 ὃς
3674 1470 3740 1520 ὲκ

2158 1559 2280 1613 νέου
2343 1561 2441 1630 μὶν
2483 1559 2562 1632 τῷ
2583 1561 2678 1615 τοῦ
2715 1562 2954 1633 μεγάλου
3001 1561 3282 1630 Εὐθυμίου
3342 1559 3740 1629 ἐναπεκείρατο

2159 1652 2430 1723 κοινοὸίῳ,
2464 1656 2576 1716 τοῖς
2620 1654 2829 1707 ἐκείνου
2876 1654 2932 1706 δὲ
2979 1653 3243 1724 διαδόχοις
3286 1654 3478 1724 χρόνον
3555 1654 3742 1706 ἱκανὸν

2165 1745 2584 1815 συγγενόμενος,
2615 1746 2709 1797 καὶ
2738 1747 2923 1798 πᾶσαν
2974 1745 3120 1816 παρ’
3168 1745 3349 1799 αὐτῶν
3404 1747 3499 1798 τοῦ
3548 1743 3742 1813 άνδρὺς

472 1845 580 1898 que
605 1830 672 1884 ab
696 1830 775 1884 eis
801 1831 902 1885 viri
932 1841 987 1887 et
1026 1835 1501 1903 exercitationem,
1540 1847 1596 1893 et
1619 1838 1742 1894 vitae
1790 1839 2056 1894 rationem

2163 1807 2415 1904 ἀσκήσω.
2436 1851 2495 1887 τε
2519 1807 2611 1887 καὶ
2643 1834 2919 1887 πολιτείαν
2946 1807 3083 1906 πρὸς
3119 1834 3407 1905 ἀκρίϐειαν
3438 1807 3740 1904 ⁴ἐκμαθὼν,

474 1928 727 1975 accurate
748 1919 1049 1987 didicisset,
1072 1934 1263 1993 postea
1294 1925 1349 1979 in
1374 1925 1528 1980 laura
1543 1921 1747 1983 veteris
1767 1926 1923 1984 Sucaa
1941 1927 2054 1999 (60)

475 2011 819 2082 septuaginta
837 2012 947 2083 (Gl)
966 2013 1081 2069 fere
1094 2016 1219 2070 totis
1234 2016 1398 2071 annis
1415 2031 1474 2071 se
1492 2019 1759 2084 exercuit,
1779 2020 1929 2074 omni
1949 2018 2058 2075 vir-

477 2110 593 2154 tute
624 2116 688 2155 ac
719 2101 961 2182 honesta:
992 2104 1113 2159 vitae
1137 2106 1414 2175 praeclaris
1434 2105 1590 2163 factis
1612 2108 1903 2163 admodum
1934 2108 2060 2164 illu-

475 2196 623 2251 stris.

550 2288 735 2341 XIJX.
779 2290 841 2344 Et
862 2291 994 2346 illud
1014 2298 1197 2346 autem
1228 2294 1347 2364 ipse
1372 2294 1503 2349 mihi
1535 2296 1740 2361 retulit,
1776 2296 1920 2365 quod
1947 2297 2057 2351 duo

478 2396 542 2433 ex
575 2382 851 2444 fratribus,
878 2383 1028 2438 Maro
1057 2394 1113 2438 et
1142 2386 1459 2449 Clematius,
1493 2388 1559 2442 ad
1577 2389 1950 2444 austeritatem
1973 2390 2055 2443 vi.

478 2481 546 2525 tu:
585 2488 649 2526 ac
706 2473 1005 2546 disciplina:
1049 2479 1313 2535 in'laura
1353 2482 1654 2536 observatas
1720 2482 2055 2548 fatiscentes,

479 2559 622 2617 inter
648 2579 707 2619 se
757 2580 1156 2635 convenerunt,
1187 2580 1248 2625 ut
1305 2571 1455 2625 illinc
1493 2571 1802 2629 clanculum
1851 2573 2055 2644 elluge-

480 2660 623 2721 rent,
653 2664 708 2710 et
757 2673 817 2713 se
844 2669 1008 2716 noctu
1035 2660 1218 2715 furtim
1248 2662 1616 2732 subriperent.
1642 2666 1769 2721 Haec
1825 2667 1902 2722 illi
1933 2669 2057 2737 qui-

481 2743 604 2798 dem
656 2751 931 2804 communi
976 2766 1248 2814 consensu
1288 2754 1652 2824 loquebantur
1693 2767 1749 2813 et
1804 2761 1946 2829 apud
1999 2774 2058 2814 se

485 2836 825 2906 cogitabant:
858 2841 953 2895 sed
1003 2841 1093 2910 qui
1122 2851 1333 2898 secreta
1358 2846 1554 2916 aperit,
1582 2856 1639 2901 et
1686 2848 1752 2904 iis
1788 2850 1883 2919 qui
1929 2858 2061 2905 sunt

482 2926 736 2997 dedicati,
778 2932 910 2985 dicit
942 2948 1040 3002 per
1093 2931 1328 2992 Isaiam:
1367 2935 1493 2991 Non
1524 2940 1623 2993 erit
1680 2941 1774 2995 tibi
1827 2942 2059 3011 amplius

480 3020 561 3074 sol
590 3022 643 3074 in
689 3021 855 3075 lucem
888 3023 1012 3088 diei,
1042 3040 1204 3089 neque
1238 3035 1383 3081 ortus
1415 3027 1554 3083 luna
1584 3029 1908 3086 illuminabit
1964 3033 2060 3088 tibi

484 3120 725 3175 nectent;
765 3112 855 3164 sed
905 3114 1004 3166 erit
1041 3114 1135 3168 tibi
1184 3114 1440 3171 Dominus
1481 3118 1575 3171 lua;
1626 3122 1947 3189 sempiterna
1975 3122 1998 3155 ⁸
2041 3141 2054 3177 :

483 3201 601 3270 ipse
630 3203 730 3254 hoc
759 3216 977 3272 quoque
1019 3204 1373 3262 manifestum
1414 3207 1545 3263 facit
1572 3209 1776 3266 famulo
1800 3227 1919 3268 suo.
1955 3210 2061 3267 Fa-

484 3291 560 3345 cit
606 3301 786 3345 autcin
828 3292 933 3348 hoc
980 3306 1162 3366 pacto.
1195 3297 1257 3352 In
1302 3299 1487 3369 quiete
1512 3301 1658 3354 enim
1708 3302 1924 3374 degenti
1972 3298 2067 3360 ali-

484 3380 703 3448 quando
753 3382 880 3438 huic
913 3400 1109 3457 magno
1139 3395 1193 3441 et
1222 3388 1530 3444 admirabili
1580 3390 1874 3463 Euthymio
1914 3394 2066 3450 visus

484 3478 570 3524 est
619 3472 887 3544 malignus
946 3475 1154 3532 Maroni
1212 3488 1267 3534 et
1318 3480 1583 3537 Clematio
1617 3523 1633 3547 ,
1695 3493 1948 3555 tanquam
1993 3487 2065 3541 ob

486 3564 673 3618 oculos
704 3576 892 3623 sancto
921 3571 1324 3639 assistentibus,
1368 3574 1585 3629 frenum
1621 3576 1849 3648 injicere
1874 3619 1889 3644 ,
1940 3594 2064 3635 eos-

484 3669 590 3722 que
619 3654 672 3708 in
702 3656 952 3726 laqueum
986 3660 1200 3717 trahere
1230 3665 1631 3736 gravissimum.

561 3834 621 3891 ἰ..
664 3836 713 3893 ls
736 3855 866 3896 vero
885 3842 1067 3897 statim
1107 3844 1404 3902 intellectis
1432 3847 1669 3913 insidiis,
1700 3849 1930 3905 arcessit
1961 3849 2069 3904 ira-

486 3934 598 3982 tres
634 3926 908 3985 Maronem
943 3942 997 3987 et
1042 3933 1390 4002 Clematium,
1421 3953 1627 4005 eosque
1675 3940 1946 4006 hortatur,
1971 3941 2070 3996 ad-

487 4028 694 4085 monet,
724 4032 893 4093 rogat,
920 4024 1097 4087 docet,
1134 4027 1448 4097 alloquitur,
1484 4039 1541 4084 et
1575 4030 1840 4099 prolixam
1864 4032 2068 4086 oratio-

488 4127 613 4167 nem
638 4115 801 4170 habet
826 4117 890 4171 de
942 4118 1250 4185 tolerantia,
1303 4121 1562 4192 quodque
1590 4138 1730 4192 opus
1760 4124 1834 4178 sit
1866 4124 2071 4193 ubique

488 4206 720 4276 plurima
759 4211 1003 4264 custodia
1030 4225 1085 4265 et
1135 4214 1411 4270 cautione.
1441 4215 1648 4270 Deinde
1675 4216 1729 4269 iu
1760 4218 2068 4287 exemplum

491 4300 571 4353 eis
608 4300 827 4356 adducit
865 4304 1134 4359 Adamum
1169 4315 1220 4360 et
1255 4305 1496 4375 lolium;
1550 4308 1703 4363 illum
1738 4310 1959 4379 quidem
2013 4311 2070 4366 in

491 4393 745 4461 paradiso
777 4396 1014 4450 mandati
1053 4397 1394 4459 violatorem.
1435 4401 1586 4456 hunc
1607 4417 1737 4463 vero
1762 4403 2068 4474 omnigenus

2163 1922 2391 1993 ὕστερον
2453 1925 2590 1994 πρὸς
2657 1926 2724 1993 τῇ
2807 1923 2988 1993 λαύρα
3063 1921 3159 1975 τοῦ
3243 1920 3479 1974 παλαιοῦ
3561 1921 3743 1973 Σουκᾶ

2163 2017 2294 2085 παρ’
2326 2016 2481 2078 ὅλους
2509 1999 2883 2085 ἐϐδομήκοντα
2910 2014 3094 2086 σχεδὸν
3128 2014 3439 2077 ’ἐνιαυτοὺς
3472 2013 3739 2083 ἤσκησεν,

2163 2110 2331 2180 ἀρετῇ
2385 2108 2533 2180 πάσῃ
2596 2108 2689 2161 καὶ
2742 2107 2858 2179 βίου
2882 2105 3081 2178 σεμνοῦ
3132 2105 3553 2179 κατορθώμασιν
3618 2109 3744 2160 ὲπι-

2165 2199 2352 2269 φανῶς
2386 2198 2544 2253 διαλά
2550 2198 2718 2268 μψας.

2233 2292 2629 2346 ΜΘ’.·Κάκεῖνο
2652 2291 2710 2344 δέ
2748 2308 2838 2361 μοι
2864 2291 2893 2346 ὁ
2935 2290 3097 2353 αὐτὸς
3122 2290 3449 2361 διηγήσατο,
3508 2289 3590 2342 ὅτι
3646 2288 3742 2342 δύο

2162 2382 2309 2447 τινὲς
2335 2382 2445 2435 τῶν
2477 2381 2746 2451 ἀδελφῶν,
2779 2382 2986 2452 Μάρων
3023 2398 3082 2434 τε
3111 2382 3207 2434 καὶ⁵
3232 2380 3570 2449 κλημάτιος,
3606 2379 3743 2449 πρὸς

2163 2475 2226 2525 τὸ
2253 2474 2427 2544 τραχὺ
2456 2473 2559 2541 τῆς
2591 2472 2733 2525 κατά
2756 2471 2855 2542 τὴν
2892 2470 3101 2541 λαύραν
3130 2469 3353 2539 ἀγωγῆς
3392 2469 3487 2521 καὶ
3531 2467 3743 2538 διαίτης

2164 2564 2664 2636 ἀπαγορεύσαντες,
2683 2563 2955 2632 συνθήκας
2979 2561 3161 2614 ἔθεντο
3185 2560 3319 2630 πρὸς
3339 2558 3621 2629 ἀλλήλους,
3639 2559 3739 2611 λα-

2166 2657 2366 2728 θραίως
2393 2657 2601 2710 ἐκεῖθεν
2638 2658 2919 2725 ἐκφυγεῖν,
2961 2655 3055 2708 καὶ
3084 2653 3190 2708 ὑπὸ
3219 2653 3390 2706 νύκτα
3419 2652 3615 2721 κλέψαι
3643 2650 3741 2721 τὴν

2164 2751 2529 2820 ἀναχώρησιν.
2565 2748 2751 2803 Ταῦτα
2794 2749 2846 2802 οἱ
2873 2748 2972 2818 μὲν
2995 2744 3443 2814 ὲκοινολογοῦντο
3470 2744 3568 2797 καὶ
3615 2742 3741 2796 καθ’

2165 2842 2391 2906 ἑαυτοὺς
2430 2841 2808 2895 διεσκέπτοντο
2832 2854 2846 2869 ⁸
2880 2839 2994 2894 ἀλλ’
3030 2841 3058 2893 ὁ
3088 2836 3489 2892 ἀνακαλύπτων
3547 2833 3741 2905 βαθέα,

2165 2934 2261 2986 καὶ
2311 2936 2424 2996 τοῖς
2452 2931 2827 3002 ἀνακειμένοις
2863 2930 3013 3001 αὐτῷ
3047 2929 3137 2983 διά
3192 2927 3416 2982 Ἡσαΐου
3478 2925 3732 2991 φάσκων,

2165 3026 2249 3080 ὅτι
2283 3027 2408 3081 Οὐκ
2462 3026 2636 3080 ἔσται
2668 3041 2770 3079 σοι
2817 3025 2905 3078 ἔτι
2932 3026 2965 3078 δ
2993 3023 3171 3093 ἥλιος
3210 3023 3298 3087 είς
3342 3020 3470 3090 φῶς
3495 3017 3743 3088 ἡμέρας,

2166 3118 2307 3173 οὐδὲ
2386 3112 2669 3189 ἀνατολὴ
2693 3115 2969 3183 σελήνης
3030 3113 3238 3184 φωτιεῖ
3293 3128 3395 3167 σοι
3468 3110 3588 3176 τὴν
3634 3109 3743 3163 γύ-

2164 3225 2298 3272 κτα,
2367 3208 2507 3262 ἀλλ’
2576 3207 2751 3261 ἔσται
2804 3222 2904 3260 σοι
2975 3204 3193 3273 Κύριος
3283 3200 3410 3269 φῶς
3462 3197 3737 3251 ald)er:

2164 3298 2327 3362 αὐτὸς
2348 3296 2572 3367 ἔκδηλον
2594 3298 2688 3351 καὶ
2703 3296 2863 3350 τοῦτο
2882 3297 3029 3348 ποιεῖ
3055 3293 3134 3364 τῷ
3196 3292 3311 3346 olus
3320 3290 3383 3361 ίῳ
3430 3289 3741 3360 θεράποντι.

2166 3393 2319 3446 ﬂata!
2339 3390 2396 3445 δὲ
2442 3388 2569 3445 ὧδε.
2631 3389 2993 3459 Ἦσυχάζοντι
3024 3387 3134 3457 γάρ
3190 3400 3323 3438 ποτε
3380 3382 3463 3454 τῷ
3515 3380 3740 3451 μεγάλῳ

2163 3483 2340 3553 τούτῳ
2371 3482 2465 3535 καὶ
2494 3478 2793 3551 θαυμαστῷ
2837 3476 3137 3547 Εὑθυμίῳρ
3177 3474 3340 3546 ἐῴκει
3401 3470 3629 3544 Μάρωνί
3688 3487 3791 3541 τε,

2167 3575 2262 3629 καὶ
2292 3572 2596 3642 Κληματίῳ
2627 3569 2844 3642 χαλινὸν
2875 3568 3134 3640 ὲμὸαλεῖν
3159 3568 3187 3620 ὁ
3214 3566 3475 3637 πονηρδς,
3495 3564 3751 3645 καθάπερ

2173 3669 2264 3723 ὑπ’
2298 3665 2614 3736 ὀφθαλμοὺς
2648 3663 2725 3729 τῷ
2778 3662 2919 3733 ἁγίῳ
2968 3658 3405 3731 παρισταμένοις
3438 3664 3480 3722 ',
3527 3655 3621 3709 καὶ
3669 3656 3751 3717 εἰς

2169 3760 2372 3827 παγίδα
2416 3758 2645 3820 ,τούτους
2667 3756 2849 3809 ἕλκειν
2875 3753 3290 3825 χαλεπωτάτην.

2248 3849 2330 3906 Ν.
2390 3850 2448 3903 '0
2490 3848 2566 3911 δὲ,
2609 3844 2902 3916 συμϐαλὼν
2928 3843 3088 3906 εὐθὺς
3118 3842 3217 3913 τὴν
3241 3839 3552 3909 ἐπιϐουλὴν,
3589 3853 3756 3909 μετα-

2169 3945 2417 4000 καλεῖται
2436 3943 2563 4006 τοὺς
2594 3939 2879 4009 ἀδελφοὺς,
2900 3938 3144 4007 Μάρωνα
3159 3935 3255 3989 καὶ
3272 3935 3388 4003 Κλη
3396 3932 3756 4003 μάτιον,παρ-

2170 4039 2335 4094 αινῶν
2386 4035 2904 4103 αὑτοῖς,νουθετῶν,
2934 4029 3295 4102 παρακαλῶν,
3315 4026 3603 4089 διδάσκων,
3630 4022 3754 4075 δια-

2172 4129 2486 4199 λεγόμενος.
2506 4126 2749 4198 μακροὺς
2770 4125 2897 4194 περὶ
2919 4120 3195 4192 ὑπομονῆς
3209 4119 3511 4174 ἀποτείνων
3538 4115 3752 4183 λόγους.

2176 4223 2271 4277 καὶ
2298 4223 2383 4276 ὅτι
2414 4219 2617 4290 πολλῆς
2658 4216 2936 4288 πανταχοῦ
2968 4214 3216 4283 φυλακῆς
3257 4211 3415 4282 χρεία
3440 4210 3533 4263 καὶ
3574 4208 3755 4276 ἀσφα-

2173 4314 2342 4376 λείας·
2372 4307 2491 4364 εῐτα
2513 4314 2610 4363 καὶ
2634 4309 2728 4363 τὸν
2749 4307 2923 4377 Ἀδὰμ
2936 4308 3117 4369 αὐτοῖς
3138 4305 3445 4374 ὑπόδειγμα
3468 4301 3751 4372 παράγων,

2178 4407 2274 4460 καὶ
2300 4405 2390 4459 τὸν
2427 4403 2571 4466 Ἰὼὸ,
2592 4404 2683 4456 τὸν
2719 4402 2818 4473 μὲν
2845 4404 2903 4455 ιν
2936 4399 3246 4470 παραδείσῳ
3272 4398 3369 4469 τὴν
3392 4396 3611 4466 ἐντολὴν
3627 4394 3757 4448 ἀθε-

490 4485 753 4552 virtutis,
815 4488 868 4542 in
924 4491 1266 4560 sterquilinio
1313 4493 1826 4549 demonstratorem.
1885 4495 2059 4565 Nequt

2178 4499 2439 4566 τήσαντα,
2467 4495 2557 4549 τδν
2583 4494 2638 4547 δὲ
2675 4493 2772 4549 καὶ⁵
2804 4495 2913 4547 πᾶν
2938 4492 3139 4562 ἀρετῆς
3173 4486 3312 4549 εἶδος
3372 4490 3465 4543 ἐπὶ
3521 4486 3756 4557 κοπρίας

493 4579 614 4639 hac
631 4585 1074 4652 praetermittens,
1096 4589 1241 4657 quod
1271 4598 1489 4659 oportet
1513 4592 1844 4646 monachum
1866 4607 2072 4663 nequa-

565 4698 585 4730 ⁷
607 4697 712 4753 lsa.
743 4716 794 4762 ι..
827 4700 879 4754 5.
995 4700 1018 4732 ⁸
1052 4701 1135 4756 lsa
1167 4719 1253 4769 ωε,
1282 4703 1369 4758 l9.

554 4868 576 4899 τ
605 4859 676 4914 al.
722 4866 1188 4947 παρισταμένους.
1288 4872 1312 4903 ⁸
1341 4865 1412 4920 al.
1449 4843 1887 4937 ἐπιδειξάμενον.

2177 4589 2599 4660 ἀποδειξάμενον
2628 4599 2695 4641 ιτ
2748 4585 2870 4641 οὐδὲ
2905 4587 3046 4641 αὑτά
3108 4583 3484 4656 παραλείπων,
3547 4582 3629 4635 ὅτι
3679 4581 3762 4633 δεῖ

1793 4772 1880 4827 VA
1889 4775 2033 4829 R1113
2071 4771 2476 4829 LECTIONES.

1703 4958 1901 5015 JOAN.
1939 4958 2280 5015 BOLLANDI
2316 4957 2551 5014 NUTIE.

572 5068 684 5139 (57)
729 5069 884 5137 Des.
920 5071 1170 5142 Cyriaco,
1208 5075 1321 5128 sive
1363 5071 1641 5140 Quiriaco,
1670 5085 1850 5129 actum
1894 5086 1979 5131 est
2021 5077 2074 5130 in

387 5183 398 5196 .
497 5142 902 5217 p_rolegoin_._n.
954 5143 1136 5217 9.1)}:
1166 5147 1283 5210 ejus
1316 5157 1474 5199 aetate
1514 5162 1663 5199 num.
1706 5145 1774 5200 12
1824 5156 1881 5200 et
1920 5163 2074 5217 seqq.

539 5158 798 5209 rowgom.
847 5158 902 5195 Il.
954 5158 1007 5196 υ.
1060 5158 1136 5196 ue
1166 5158 1283 5210 ejus
1316 5162 1360 5199 ιιι

497 5158 676 5267 gitana
709 5211 957 5266 dabimus
978 5212 1047 5269 29
1086 5214 1362 5281 Septemb.

573 5281 687 5353 (58)
728 5282 811 5356 Ali
846 5284 962 5351 ipso
994 5282 1051 5337 S.
1092 5281 1418 5356 Entliymio;
1449 5304 1468 5336 ι
1501 5286 1654 5356 cujus
1684 5285 1853 5341 beata:
1885 5302 2077 5342 manus

500 5367 734 5426 sacrum
767 5353 883 5426 ejus
922 5367 1080 5426 caput
1123 5353 1446 5422 tetigerunt,
1493 5353 1656 5410 simul
1696 5357 1913 5426 quidem
1952 5372 2075 5411 eum

500 5422 808 5477 monastieo
865 5423 1151 5477 induentes
1197 5426 1405 5489 habitu,
1448 5437 1504 5479 et
1552 5429 1604 5479 in
1654 5422 1777 5481 eum
1815 5436 2081 5481 vocantes

501 5493 807 5548 uberiorem
844 5492 1078 5569 Spiritus
1092 5497 1483 5564 operationem.
1523 5516 1541 5547 ι
1570 5498 1704 5551 Acta
1738 5498 1875 5569 ejus.
1908 5500 1965 5551 id
2000 5497 2080 5551 fa-

501 5571 659 5614 ctuni-
677 5577 818 5617 anno
842 5564 943 5619 Ch.
976 5563 1099 5619 465.

574 5631 771 5706 (59)_A_
798 5632 864 5706 8ᾇ
890 5634 1195 5706 Euthymio,
1226 5637 1370 5705 quod
1399 5636 1658 5691 imberbis
1690 5646 1853 5703 esset,
1880 5636 2080 5690 missus

508 5700 606 5751 fut
650 5702 714 5775 ad
739 5701 798 5775 §_.
827 5700 1169 5775 Gerasiinum
1196 5721 1211 5757 :
1244 5700 1278 5758 a
1311 5706 1465 5775 cujus
1490 5708 1638 5762 obitu
1674 5700 1847 5762 rediit
1866 5708 1932 5759 ad
1963 5706 2080 5759 lan-

512 5781 624 5819 runt
658 5769 715 5823 S.
747 5771 1021 5842 Euthymii
1060 5788 1205 5831 anno
1263 5769 1395 5845 475,
1434 5778 1743 5850 mansitque
1774 5777 1896 5833 istic
1927 5777 2081 5832 annis

2174 5075 2565 5154 io‘utinnejus
2596 5073 2745 5127 Actis
2775 5071 3008 5154 legitur.“
3042 5141 3055 5154 θ
3226 5143 3238 5154 _
3412 5143 3424 5154 _
3449 5139 3481 5154 κ

2242 5146 2359 5215 (60)
2401 5141 2562 5201 Πάθη
2588 5156 2766 5198 actum
2801 5159 2951 5196 num.
2974 5142 3009 5196 2
3042 5141 3095 5195 in
3121 5143 3329 5215 proleg.
3360 5141 3577 5197 additur
3606 5149 3760 5194 vete-

2176 5213 2262 5271 ris
2286 5213 2354 5269 oli
2389 5216 2618 5271 Lauram
2645 5230 2858 5273 novam,
2882 5228 2987 5266 non
3020 5216 3206 5280 procul
3243 5213 3367 5265 inde
3389 5221 3757 5266 exstructam.

2247 5285 2362 5356 (6|)
2406 5287 2466 5339 lli
2509 5286 2849 5356 septuaginta
2884 5283 3008 5356 anni
3054 5293 3345 5356 censentur
3383 5297 3411 5356 a
3449 5281 3763 5356 discesstqe

2177 5348 2513 5413 monasterio
2655 5348 2987 5422 Euthymii:
3032 5368 3061 5405 e
3100 5353 3298 5419 quibus
3340 5351 3669 5422 ministravit
3692 5349 3762 5404 59

2177 5443 2349 5482 armos
2395 5429 2444 5478 in
2478 5427 2627 5479 l‘anra
2665 5421 2853 5489 Silere;
2891 5421 2957 5474 l0
2990 5428 3251 5490 transegit
3290 5425 3340 5475 in
3372 5421 3762 5475 solitudinibus

2178 5497 2372 5563 partim
2400 5495 2670 5570 Nalttplta,
2693 5495 2885 5570 partim
2917 5492 3069 5570 lluba
3092 5508 3107 5550 ;
3131 5492 3160 5543 7
3197 5493 3758 5570 ιιιειιιείιῇιιξιιεειειηις

2177 5562 2280 5622 5i"
2303 5562 2559 5643 Spelunca
2586 5565 2644 5618 ὃ.
2682 5563 3033 5643 ιϐιιιιτίιοιιὶες
3062 5572 3115 5642 et
3138 5565 3377 5643 rursusl}
3401 5562 3719 5643 inHSusacitn
3742 5576 3759 5625 ;

2177 5652 2240 5691 ac
2269 5631 2481 5692 tandem
2510 5635 2545 5689 2
2566 5635 2726 5689 annis
2756 5631 3044 5688 transactis
3070 5631 3123 5685 in
3152 5645 3309 5689 antro
3334 5633 3393 5688 ὃ.
3423 5631 3757 5697 Charitonis,

2180 5707 2336 5764 obiit.
2381 5708 2455 5762 Ita
2489 5708 2606 5777 ejus
2635 5707 2794 5761 Acta.
