4144 6424
468 345 581 412 637

1752 351 1931 413 νιΤΑ
1968 353 2029 418 8.
2070 354 2473 419 EUTHYMII.

3629 361 3736 425 638

470 457 566 511 τὸν
591 451 830 527 μοναχδν
861 452 1244 525 ἁπαράδεκτον
1272 451 1411 509 εἶναι
1444 457 1552 509 τῶν
1604 461 1669 511 ὲκ
1693 458 1788 511 τοῦ
1816 460 2033 532 πονηροὲ

2162 480 2325 532 quam
2355 466 2644 522 admittere
2671 468 3029 538 cogitationes
3063 484 3092 521 a
3145 470 3382 541 maligno
3426 484 3730 544 suggeslas,

471 546 775 618 λογισμῶν,
807 545 913 600 κᾶν
934 546 1112 616 λύπην
1160 550 1391 613 ἐκεῖνος,
1425 550 1533 603 κᾶν
1576 555 1755 620 μῖσος,
1787 552 1893 605 κᾶν
1918 555 2055 622 ἀκη-

466 640 588 695 δίαν
613 640 657 702 ί,
675 638 777 692 κᾶν
801 638 1029 708 ἑτέρωθι
1047 639 1348 709 μετάϐασιν
1367 641 1653 705 ύποὸάλοι,
1674 644 1809 712 μηδὲ
1830 644 1930 713 τὴν
1958 645 2058 714 ἁρ-

466 732 571 802 χὴν
603 729 754 798 αὐτῷ
787 722 1029 799 μηδύλως
1063 718 1165 802 τὴν
1198 726 1697 801 διάνοιανγόινιένιιι⁹
1746 734 1884 786 ἀλλὰ
1928 733 2046 785 δια-

469 821 770 892 κροιύεσθαι
797 821 973 875 ταῦτα
992 824 1086 875 καὶ
1105 823 1445 879 ἀπωθεῖσθαι
1471 827 1619 896 πάσῃ
1637 826 1809 897 χειρί·
1842 826 2053 895 μήποτε

466 913 608 983 λάθῃ
637 911 729 965 διά
793 912 1078 981 μεθοδείας
1113 914 1474 979 ὑποσκελίσας
1525 918 1693 987 ἡμᾶς,
1726 921 1819 971 καί
1849 919 2052 989 πτῶμα

467 1004 631 1074 ῥίψας
657 1001 911 1072 δακρύων
945 1003 1112 1068 ἄξιον.
1148 1004 1210 1056 Εἰ
1241 1004 1296 1057 δέ
1322 1023 1405 1069 τις
1440 1007 1675 1061 ἐνταῦθα
1704 1010 1867 1078 τυχὸν
1922 1012 2053 1080 άρε-

460 1095 563 1165 τὴν
617 1093 857 1160 ἀσκῆσαι
920 1093 995 1165 μὴ
1047 1093 1283 1161 δύναιτο,
1337 1096 1412 1167 μὴ
1459 1098 1751 1169 νομιζέτω,
1812 1099 2048 1170 ἀλλαχοῦ

464 1185 731 1254 μεταϐὰς,
770 1186 902 1256 ῥᾷον
956 1186 1300 1257 κατορθῶσαι
1336 1190 1397 1241 τὸ
1449 1191 1904 1263 σπουδαζόμενον.
1972 1194 2048 1246 Οὐ

464 1276 579 1347 γάρ
603 1278 754 1348 παρὰ
782 1276 881 1348 τὴν
918 1276 1014 1329 τοῦ
1070 1278 1238 1332 τόπου
1314 1281 1498 1348 φύσιν,
1549 1282 1684 1336 ἀλλὰ
1748 1283 1898 1355 παρά
1950 1284 2048 1356 τὴν

468 1368 679 1423 οἰκείαν
737 1368 897 1439 ἡμῶν
946 1370 1266 1441 προαίρεσιν
1308 1375 1339 1441 ὴ
1401 1372 1495 1426 τοῦ
1538 1373 1746 1443 ἀγαθοῦ
1790 1375 2044 1445 ἐργασία.

466 1460 803 1514 Τοῦναντίον
859 1459 960 1529 μὲν
984 1461 1077 1515 οὖν
1123 1464 1217 1516 καὶ
1274 1464 1539 1537 σφαλερὸν
1568 1466 1726 1520 τοῦτο
1778 1469 1889 1531 τοῖς
1949 1484 2048 1535 μο-

452 1552 672 1621 ιναχοῖς,
714 1550 1067 1615 καὶ-ἀτόνους
1100 1554 1299 1618 αὐτοὺς
1333 1556 1427 1608 καὶ
1484 1556 1698 1627 ἀρετῶν
1749 1558 2047 1629 ἀκάρπους

479 1642 647 1691 ποιεῖν
663 1638 970 1708 δυνάμενον.
1024 1638 1177 1693 Ἐπεὶ
1214 1643 1350 1713 μηδὲ
1403 1643 1573 1713 φυτὸν
1598 1639 1710 1699 οἷόν
1736 1661 1795 1697 τε
1839 1661 2046 1716 καρπο-

480 1734 682 1799 φορεῖν,
719 1730 957 1800 συνεχῶς
988 1732 1513 1803 μεταφυτευόμενον.

2159 555 2273 609 sive
2324 556 2412 611 ille
2456 558 2751 623 tristitiam,
2789 560 2904 614 sive
2931 560 3138 626 odium,
3181 561 3296 615 sive
3322 563 3561 628 aedium,
3617 566 3732 619 sive

2160 644 2214 699 in
2264 646 2428 701 alium
2474 648 2654 702 locum
2685 650 3065 719 migrationem
3122 653 3402 720 subjiciat,
3435 662 3617 708 etnec
3663 656 3732 708 ab

2158 736 2314 790 initio
2342 736 2392 791 ei
2428 738 2653 792 omnino
2708 751 2945 794 mentem
2976 743 3311 809 permittere,
3344 745 3439 798 sed
3479 744 3581 798 ista
3614 745 3736 813 reji-

2157 841 2302 890 cere,
2335 834 2514 896 .atque
2550 837 2660 881 tota
2718 844 2882 883 manu
2910 832 3197 899 repellere,
3236 848 3304 887 ue
3336 832 3475 887 forte
3506 848 3607 888 nos
3650 834 3731 887 la-

2156 921 2337 967 tenter
2370 931 2467 984 per
2488 915 2730 971 fraudem
2770 921 3103 988 supplantet,
3135 929 3190 975 et
3234 922 3286 975 iu
3316 938 3499 977 casum
3538 923 3731 992 praeci-

2154 1007 2294 1075 pitet
2321 1007 2743 1079 lacrymabilem.
2785 1010 2841 1064 Si
2872 1012 2996 1080 quis
3036 1014 3349 1074 autemhic
3389 1014 3568 1068 forsan
3617 1030 3729 1068 non

2153 1098 2321 1167 possit
2352 1098 2604 1154 virtutem
2659 1116 2937 1167 exercere,
3002 1119 3071 1159 ne
3102 1104 3394 1168 existimet,
3428 1106 3574 1174 quod
3620 1106 3728 1160 alio

2154 1188 2444 1255 transiens,
2484 1190 2696 1247 facilius
2726 1195 2922 1262 poterit
2957 1204 3141 1263 optata
3173 1195 3316 1248 bono
3347 1198 3586 1264 exsequi.
3610 1196 3729 1249 Non

2150 1278 2295 1331 enim
2317 1294 2382 1332 ex
2412 1279 2515 1334 loci
2551 1290 2766 1347 natura,
2816 1282 2911 1336 sed
2946 1299 3012 1336 ex
3034 1283 3206 1336 libero
3229 1284 3398 1337 nostri
3423 1284 3588 1337 animi
3642 1285 3728 1336 in-

2150 1368 2343 1422 stituto
2368 1369 2495 1424 boni
2521 1371 2767 1439 procedit
2790 1374 3055 1442 operatio.
3083 1374 3287 1428 Contra
3316 1390 3443 1428 vero
3470 1375 3573 1428 hoc
3610 1390 3728 1428 mo-

2144 1459 2339 1513 ‘nachis
2391 1460 2784 1530 periculosum,
2835 1464 3087 1533 quodque
3136 1472 3315 1533 potest
3358 1480 3454 1519 eos
3499 1464 3727 1520 reddere

2146 1549 2446 1606 imbecillos
2502 1552 2879 1622 virtutumque
2927 1554 3316 1609 infructuosos.
3367 1555 3726 1624 Quandoqui-

2146 1639 2269 1693 dem
2328 1656 2429 1696 nec
2456 1641 2636 1710 planta
2684 1653 2863 1715 potest
2896 1643 3039 1700 ferre
3073 1645 3302 1711 fructus,
3336 1662 3458 1717 quae
3507 1648 3724 1701 assidue

2148 1732 2593 1801 transplantatur.
3337 1759 3357 1784 ·.

531 1819 658 1878 NA'.
690 1821 832 1893 Πρὸς
865 1822 1085 1875 πλείονα
1111 1823 1169 1877 δὲ
1213 1825 1323 1876 τῶν
1362 1826 1671 1896 εἰρημένων
1704 1827 1914 1887 πίστιν,
1942 1826 2033 1878 καί

2214 1820 2300 1876 Ll.
2346 1823 2426 1877 Ad
2455 1824 2713 1894 majorem
2755 1840 2886 1880 vero
2912 1825 3181 1881 dictorum
3216 1825 3398 1894 ﬁdem,
3430 1829 3593 1884 etiam
3644 1830 3723 1886 eis

465 1927 628 1964 τινων
674 1912 947 1985 γερόντων
1005 1913 1189 1976 αὐτοῖς
1235 1914 1549 1983 Αἰγυπτίων
1616 1916 1835 1988 ἐπεξῄει
1871 1928 1899 1956 ιι
1958 1916 2040 1969 δι-

464 2005 676 2074 ήγημα.
709 2004 934 2074 Ἔλεγεν
964 1999 1079 2069 οὖν,
1109 2004 1183 2069 ὡς
1211 2000 1278 2077 ἦν
1307 2024 1389 2070 τις
1410 2007 1637 2077 ἀδελφὸς
1666 2010 1723 2061 ὲν
1759 2007 2037 2077 Αἰγύπτῳ,

461 2097 520 2147 ἑν
545 2095 797 2166 κοινοϐίῳ
830 2096 938 2148 τινὶ⁵
966 2095 1294 2166 καθήμενος,
1331 2097 1389 2161 ὃς
1437 2100 1675 2170 συνεχῶς
1729 2101 1809 2163 είς
1868 2099 2041 2169 θυμὸν

466 2188 856 2257 ὲκφερδμενος,
886 2188 1144 2258 ἠγριοῦτο
1176 2190 1270 2243 καὶ
1296 2188 1642 2260 ἐταράττετο,
1672 2192 1766 2243 καὶ
1813 2191 2039 2263 πικρίας

456 2278 522 2329 τὸ
586 2276 765 2347 ’στόμα
816 2279 910 2331 καὶ
967 2279 1136 2350 ὀργῆς
1187 2279 1523 2351 ἐπίμπλατο.
1570 2282 1823 2340 Λαϐοὖσα
1860 2282 1918 2336 δέ
1955 2300 2040 2345 τις

458 2368 620 2420 αὑτὸν
653 2368 1000 2437 μεταμέλεια,
1048 2369 1123 2433 ὼς
1145 2368 1230 2440 εἴη
1261 2370 1350 2423 διὰ
1392 2370 1487 2425 τοῦ
1518 2372 1690 2443 θυμοῦ
1732 2374 1889 2427 τοῦδε
1942 2373 2037 2427 καὶ

457 2456 559 2525 τῆς
590 2457 727 2526 πρὸς
753 2456 851 2527 τὴν
877 2458 1120 2529 ταραχὴν
1140 2460 1389 2523 εὐκολίας
1423 2461 1600 2531 ἑαυτῷ
1644 2462 1916 2530 πολεμῶν,
1944 2461 2036 2515 καὶ

457 2547 512 2599 εί
529 2564 629 2599 που
655 2563 707 2599 τι
728 2548 823 2599 καὶ
851 2547 1013 2601 καλὸν
1041 2547 1143 2619 ἤδη
1176 2549 1390 2616 φθάσας
1425 2552 1714 2621 ἐκτήσατο,
1747 2553 1843 2605 καὶ
1879 2552 2037 2606 τοῦτο

456 2638 865 2707 προσαπολλὺς,
951 2639 1127 2691 πείθει
1200 2638 1294 2692 τοῦ
1334 2642 1627 2694 .κοινοϐἰου
1685 2641 2036 2713 ἀναχωρῆσαι

463 2729 560 2781 καὶ
597 2728 759 2797 μόνον
786 2727 851 2796 δὴ
885 2729 980 2781 καὶ
1028 2729 1164 2782 καθ’
1185 2729 1378 2802 ἑαυτὸν
1432 2730 1650 2803 ἡσύχως
1703 2732 1986 2787 διαϐιῶναι
2016 2749 2031 2764 ο

454 2816 551 2869 ἅτε
610 2816 781 2869 πολλά
831 2818 932 2894 τῆς
982 2818 1221 2888 ἐρημίας
1273 2822 1412 2892 πρὸς
1458 2824 1699 2893 γαλήνην
1742 2822 1893 2894 αὐτῷ
1940 2825 2034 2879 καὶ

452 2907 754 2979 ἀταραξίαν
811 2910 1151 2981 συνάρασθαι
1197 2912 1522 2985 δυναμένης.
1551 2917 1738 2986 ’ᾯετο
1786 2916 1914 2987 γὰρ,
1957 2917 2032 2982 ὡς

452 3000 561 3069 ἄρα
593 3000 821 3068 μηδενὸς
852 3002 1076 3067 ὑπόντος
1119 3005 1254 3075 πρὸς
1281 3005 1341 3059 ὃν
1370 3006 1436 3059 ἂν
1460 3008 1555 3060 καὶ
1586 3007 1889 3079 θυμωθείη,
1938 3010 2032 3064 καὶ

452 3089 572 3142 καθ’
624 3083 685 3144 οὗ
710 3089 778 3144 ἂν
824 3096 889 3162 τῇ
938 3094 1075 3166 ὀργῇ
1109 3097 1392 3167 χρήσαιτο,
1426 3096 1787 3169 σϐεσθήσεται
1815 3101 2033 3164 πάντως
2058 3132 2100 3191 c

456 3180 647 3252 ἡρέμα
674 3182 736 3234 τδ
791 3182 961 3236 δεινὸν
994 3186 1170 3239 ἐκεῖνο
1231 3189 1326 3253 καὶ
1364 3186 1597 3254 ὀξύτατα
1655 3192 2030 3262 ἀναπτόμενον

448 3272 544 3325 τοῦ
577 3272 750 3341 θυμοῦ
783 3274 915 3343 πῦρ,
953 3278 1048 3331 καὶ
1081 3278 1143 3331 τὸ
1179 3279 1366 3333 λοιπὸν
1413 3280 1626 3353 ἥμερος
1659 3284 1822 3349 αὐτὸς
1875 3282 2028 3342 ἔσται

449 3366 547 3419 καὶ
571 3365 812 3437 γαλήνης
863 3368 1043 3440 πάσης
1092 3372 1184 3423 καὶ
1210 3365 1440 3443 ἡσυχίας
1473 3384 1494 3413 '
1561 3378 1778 3446 μεστός.
1844 3379 2028 3436 Ταῦτα

448 3457 811 3528 λογισάμενον
839 3459 1064 3534 ἐκεῖνον,
1097 3463 1157 3515 τὸ
1186 3463 1312 3533 ἑξῆς
1344 3465 1657 3522 ἀποστάντα
1685 3469 1779 3523 τοῦ
1840 3488 2018 3526 κοινο-

446 3547 591 3613 6ίου,
658 3548 819 3619 μόνον
850 3551 936 3618 ἐφ’
976 3552 1206 3623 ἡσυχίας
1267 3553 1509 3624 διάγειν·
1569 3558 1664 3612 καί
1696 3577 1825 3614 ποτε
1880 3560 2026 3617 κατά

442 3640 639 3713 χρείαν
669 3640 813 3703 τινὰ,
848 3642 910 3695 τὸ
940 3645 1200 3717 ποτήριον
1233 3646 1625 3720 ὑποπλήσαντα
1676 3649 1895 3719 ὓδατος,
1932 3654 2026 3709 καί

443 3750 497 3786 τι
526 3733 725 3804 μικρὸν
755 3735 885 3789 αὐτὸ
929 3735 1065 3807 πρὸς
1128 3737 1207 3808 τῷ
1258 3738 1443 3809 ἐδάφει
1502 3739 1803 3813 θελήσαντα
1833 3746 2025 3799 ’κατα-

455 3824 646 3891 θεῖναι,
684 3827 851 3900 τέχνῃ
885 3829 992 3880 τινὶ
1031 3828 1125 3882 τοῦ
1159 3831 1393 3901 πονηροῦ
1440 3830 1612 3887 τοῦτο,
1648 3837 2026 3907 περιστραφῆ-

459 3931 550 3966 ναι
576 3932 589 3945 ·
620 3919 752 3989 ὅπερ
792 3920 891 3989 οὐχ
923 3917 1090 3984 ἅπαξ,
1129 3919 1267 3975 ἀλλὰ
1294 3924 1389 3976 καὶ
1410 3922 1492 3986 δὶς
1516 3923 1717 3995 ἐφεξῆς
1776 3928 1870 3980 καὶ
1902 3927 2023 3996 τρὶς

458 4006 681 4074 γεγονὸς,
737 4009 1056 4080 θυμωθῆναί
1083 4028 1141 4064 τε
1166 4012 1258 4066 τὸν
1294 4011 1543 4082 ἀδελφὺν,
1598 4014 1692 4067 καὶ
1734 4015 1884 4085 ἥττω
1922 4016 2021 4085 τῆς

450 4096 540 4149 τοῦ
567 4097 740 4169 θυμοῦ
780 4100 959 4171 ῥύμης
991 4102 1301 4173 γενόμενον,
1327 4102 1403 4167 ὡς
1427 4099 1575 4173 εῐχεν
1600 4103 1762 4166 εὐθὺς
1806 4105 1889 4167 είς
1916 4105 2020 4176 γῆν

444 4192 793 4257 κατενεγκεῖν
824 4192 884 4245 τὸ
912 4193 1192 4264 ποτήριον,
1223 4193 1318 4247 καὶ
1358 4194 1517 4249 τοῦτο
1566 4195 1854 4267 συντρίψαι
1873 4214 1888 4228 ·
1923 4196 2015 4250 καὶ

436 4279 581 4333 οὕτω
612 4282 796 4353 πολλῷ
834 4283 1055 4354 μείζονα
1096 4284 1176 4357 τῷ
1205 4284 1382 4358 ἐχθρῷ
1402 4286 1620 4352 πάντως
1639 4288 1732 4343 καὶ
1758 4286 2019 4360 θερμότευ-

438 4390 533 4443 ρον
561 4374 796 4444 ὀφλῆσαι
840 4376 933 4430 τὸν
964 4377 1201 4447 γέλωτα.

2142 1910 2453 1982 proferebat
2477 1913 2835 1983 quorumdam
2882 1931 3073 1970 senum
3128 1916 3503 1987 Egyptiorum
3540 1920 3720 1974 histo-

2141 2002 2274 2057 riam
2291 2005 2332 2055 ⁹.
2366 2002 2561 2058 Aiebat
2586 2019 2747 2075 ergo:
2784 2004 2907 2059 Fuit
2930 2007 3229 2061 nonnullus
3261 2007 3431 2064 frater
3468 2010 3520 2063 in
3552 2008 3721 2081 Egy-

2139 2103 2234 2163 pto
2259 2093 2394 2166 (62),
2436 2095 2488 2148 in
2521 2098 2753 2165 quodam
2786 2097 3038 2151 coenobio
3058 2098 3307 2154 residens
3334 2117 3349 2165 ;
3374 2101 3465 2169 qui
3494 2101 3717 2156 adiram

2140 2185 2398 2240 continue
2451 2194 2659 2256 raptus,
2709 2188 3136 2257 exasperabatur
3166 2199 3221 2245 et
3272 2191 3612 2257 turbabatur,
3665 2204 3721 2249 et

2138 2277 2436 2331 acerbitate
2466 2290 2529 2332 ac
2562 2277 2934 2348 indignatione
2965 2296 3026 2334 os
3058 2281 3176 2350 ejus
3211 2282 3556 2350 implebatur.
3583 2283 3718 2339 Cum

2138 2380 2263 2419 eum
2307 2373 2489 2419 autem
2542 2368 2789 2435 quaedam
2837 2368 3100 2424 subiisset
3148 2371 3520 2440 poenitentia,
3572 2374 3717 2442 quod

2137 2463 2363 2530 pr0pter
2410 2457 2550 2511 hanc
2606 2459 2741 2511 iram
2796 2466 2851 2513 et
2910 2461 3339 2530 perturbationis
3400 2463 3716 2519 facilitatem

2137 2558 2323 2599 secum
2371 2544 2570 2599 bellum
2612 2556 2844 2616 gereret,
2875 2555 2948 2601 ‘et
2993 2550 3036 2601 si
3088 2551 3219 2618 quid
3267 2551 3394 2605 boni
3434 2552 3543 2629 jam
3593 2564 3718 2608 ante

2136 2635 2497 2704 acquisiisset,
2530 2636 2583 2689 id
2625 2652 2842 2706 quoque
2876 2640 3132 2707 perderet
3161 2659 3175 2706 ;
3215 2644 3506 2711 persuadet
3535 2645 3604 2706 ei,
3661 2654 3719 2700 ut

2136 2727 2415 2783 recederet
2443 2743 2472 2781 a
2495 2728 2765 2795 coenobio,
2811 2729 3068 2800 solusque
3110 2749 3207 2801 per
3236 2750 3295 2788 se
3333 2736 3537 2792 viveret
3562 2738 3718 2805 quie-

2136 2827 2260 2884 tus;
2326 2826 2515 2886 utpote
2544 2818 2689 2887 quod
2730 2819 2967 2874 solitudo
2998 2823 3227 2876 multum
3273 2834 3457 2893 posset
3486 2826 3534 2880 ei
3582 2842 3717 2880 con-

2133 2909 2334 2964 ducere
2361 2909 2428 2963 ad
2483 2910 2933 2979 tranquillitatem
2966 2921 3021 2966 et
3048 2914 3470 2981 perturbationis
3531 2918 3715 2971 vacui-

2136 3011 2321 3058 tatem.
2353 3003 2713 3059 Existimabat
2743 3004 2889 3059 enim
2949 3004 3118 3075 quod,
3167 3005 3212 3059 si
3250 3006 3432 3061 nullus
3466 3009 3715 3065 subesset

2134 3093 2221 3149 cui
2253 3095 2600 3161 irasceretur,
2635 3103 2690 3149 ct
2722 3095 2775 3149 in
2812 3110 2973 3165 quem
3013 3103 3262 3151 uteretur
3316 3098 3711 3169 indignatione,

2138 3186 2364 3242 omnino
2392 3185 2598 3241 sensim
2626 3188 3069 3260 exstingueretur
3096 3189 3393 3247 vehemens
3428 3191 3516 3246 ille
3541 3202 3594 3247 et
3630 3194 3710 3247 ci-

2130 3276 2339 3332 tissime
2362 3276 2596 3348 flagrans
2630 3279 2769 3350 ignis
2814 3281 3111 3336 iracundia:
3143 3297 3159 3345 ;
3194 3280 3522 3352 futurusque
3569 3294 3714 3339 esset

2130 3367 2387 3437 deinceps
2418 3368 2533 3439 ipse
2566 3370 2729 3435 mitis,
2750 3373 3021 3442 omnique.
3044 3372 3439 3453 tranquillitate
3473 3384 3524 3430 et
3558 3370 3713 3445 quic-

2131 3466 2184 3514 te
2233 3458 2446 3529 plenus.
2479 3458 2604 3517 ch
2657 3461 2745 3517 ille
2776 3471 3059 3533 reputans,
3090 3466 3342 3521 discessit
3374 3467 3631 3536 deinceps
3680 3485 3710 3522 a

2129 3551 2397 3617 coenobio,
2427 3560 2487 3606 et
2516 3552 2811 3609 solitariam
2840 3555 3002 3609 vitam
3035 3565 3118 3612 est
3148 3557 3428 3627 amplexus
3458 3577 3469 3612 :
3504 3569 3559 3613 et
3584 3576 3707 3613 cum

2127 3640 2442 3711 aliquando,
2478 3652 2700 3712 propter
2729 3659 2885 3698 usum
2936 3645 3229 3715 quemdam
3266 3663 3403 3717 aqua
3432 3648 3710 3717 implesset

2126 3731 2381 3802 poculum
2403 3731 2538 3802 (65),
2565 3733 2727 3803 idque
2749 3734 3177 3805 voluissctzhumi
3195 3738 3586 3808 aliquantisper
3613 3741 3709 3794 de-

2126 3839 2361 3895 ponere,
2381 3827 2649 3880 nonnulla
2682 3827 2904 3899 maligni
2936 3828 3123 3882 arteid
3146 3842 3396 3884 eversum
3426 3839 3529 3884 est.
3550 3831 3704 3896 Quod

2123 3915 2340 3985 quidem
2372 3916 2464 3970 ubi
2492 3931 2600 3971 non
2637 3918 2803 3971 semel
2834 3927 3066 3978 tantum.
3106 3920 3199 3974 sed
3229 3920 3389 3974 etiam
3422 3920 3503 3975 bis
3534 3931 3585 3974 ct
3619 3932 3701 3975 ter

2123 4006 2383 4076 deinceps
2416 4007 2728 4072 aetidisset,
2779 4016 2891 4061 tum
2933 4007 3104 4062 iratus
3151 4019 3235 4063 est
3269 4008 3455 4069 frater.
3493 4018 3604 4063 tum
3636 4011 3706 4065 ab

2123 4097 2219 4153 ira:
2245 4096 2451 4168 impetu
2500 4098 2767 4162 devictus,
2828 4099 3009 4154 statim
3035 4101 3108 4154 ita
3142 4109 3202 4155 ut
3253 4101 3505 4167 habebat,
3554 4104 3706 4157 humi

2122 4186 2354 4259 projecit
2382 4189 2654 4258 poculum,
2689 4188 2930 4260 illudque
2952 4192 3222 4264 confregit
3250 4211 3264 4248 :
3293 4206 3453 4265 atque
3484 4197 3560 4251 sic
3583 4212 3705 4251 om-

2120 4279 2254 4333 nino
2277 4277 2572 4333 ludibrium
2615 4280 2787 4336 multo
2838 4281 3015 4351 maius
3049 4284 3340 4354 acriusque
3372 4284 3700 4341 debuit'ini-

2119 4381 2282 4422 muco.
3536 4386 3542 4391 ’

508 4463 641 4522 NB'.
674 4467 816 4537 Πρὸς
836 4467 1010 4522 ταῦτα
1036 4470 1171 4540 γελᾷ
1206 4468 1308 4540 μὲν
1348 4471 1378 4523 ὁ
1424 4469 1761 4543 Κλημάτιος,
1794 4471 2012 4547 διαθερ-

2190 4460 2302 4514 LII.
2344 4461 2424 4516 Ad
2449 4462 2566 4517 haec
2600 4462 2737 4517 ridet
2783 4463 2998 4533 quidem
3031 4462 3347 4530 Clematius,
3405 4484 3501 4537 per
3536 4469 3700 4524 urba-

436 4558 670 4626 μανθεὶς
735 4557 835 4629 τὴν
889 4557 1067 4629 ψυχὴν
1130 4559 1206 4628 τῷ
1266 4559 1467 4631 ἀστείῳ
1516 4560 1611 4615 τοῦ
1658 4560 2019 4634 διηγήματοςο

439 4647 696 4718 προσχὼν
738 4648 795 4702 δὲ
835 4648 866 4702 δ
910 4648 1053 4716 θεῖος
1100 4645 1627 4721 Εὑθύμιος,⁷Ηπου,
1670 4652 1857 4721 φησὶν,
1915 4655 2021 4708 ὑπό

436 4753 609 4805 τινος,
639 4739 853 4808 ἀδελφὲ,
886 4740 1126 4812 πονηροῦ
1155 4742 1252 4796 καὶ
1290 4741 1356 4795 σὺ
1389 4741 1705 4814 κεκίνησαι,
1739 4742 2013 4812 δαίμονος,

433 4830 520 4882 ὅτι
568 4832 676 4882 καί
740 4832 903 4903 γελᾷς
942 4831 1116 4896 οὕτως
1166 4832 1542 4904 ἀναισχύντως
1607 4835 1701 4887 καὶ
1749 4835 1958 4903 ίταμῶς
1994 4853 2010 4902 ;

432 4919 558 4974 δέον
605 4921 894 4991 ὀδύρεσθαι
923 4923 1019 4977 καὶ
1061 4923 1303 4995 θρηνεῖν,
1338 4924 1437 4995 τὴν
1485 4924 1697 4978 ἐκεῖθεν
1725 4925 2010 4996 παράκληο

436 5026 543 5074 σιν,
575 5010 955 5083 ἐκδεχόμενον,
987 5016 1145 5084 εἴπερ
1165 5013 1374 5085 ἀληθής
1400 5018 1548 5069 ἐστιν
1571 5017 1599 5068 ὁ
1619 5016 1740 5069 τότε
1767 5016 2006 5069 δικάσων

432 5101 589 5171 ἡμῖν,
624 5106 926 5174 μακαρίους
971 5106 1070 5176 μὲν
1122 5106 1249 5169 τοὺς
1298 5107 1392 5160 νῦν
1432 5105 1765 5179 πενθοῦντας
1806 5109 2011 5183 ἀποκα-

428 5194 539 5247 λῶν
578 5196 727 5267 (Ὅτι
763 5211 812 5263 ι,
850 5200 1004 5269 φησὶ,
1037 5198 1670 5270 παρακληθήσονται),
1707 5199 1927 5263 ἀθλίους
1949 5200 2008 5255 δὲ

2122 4552 2349 4607 nitatem
2412 4554 2741 4609 narrationis
2790 4554 3147 4612 iucalcfactus
3209 4559 3408 4612 animo.
3477 4558 3700 4617 Divinus

2119 4658 2249 4699 vero
2274 4643 2597 4716 Euthymius
2632 4660 2690 4700 re
2720 4645 3102 4702 animadversa
3154 4665 3168 4702 :
3204 4649 3482 4719 Nunquid,
3514 4651 3609 4717 ait,
3639 4663 3698 4707 tu

2114 4731 2351 4808 quoque,
2393 4739 2584 4806 frater,
2638 4747 2819 4795 motus
2865 4754 2927 4795 es
2960 4756 2990 4794 a
3022 4740 3168 4795 malo
3206 4742 3388 4813 aliquo
3422 4742 3691 4809 daemone,

2114 4832 2258 4900 quod
2288 4833 2426 4887 adeo
2481 4833 2852 4889 inverecunde
2876 4842 2934 4890 et
2976 4835 3324 4905 impudenter
3348 4837 3537 4892 rides?
3569 4852 3704 4894 cum

2116 4935 2393 4995 oporteret
2421 4926 2551 4982 ﬂere
2578 4936 2635 4983 et
2688 4927 2997 4997 lamentari,
3032 4929 3343 4984 suasionem
3369 4930 3495 4984 inde
3542 4945 3697 4985 sum-

2114 5026 2262 5087 ptam
2301 5018 2659 5085 admittendo,
2687 5017 2734 5073 si
2764 5033 2925 5074 verax
2953 5020 3060 5086 est,
3093 5019 3186 5090 qui
3211 5016 3341 5075 tunc
3361 5026 3549 5074 noster
3590 5019 3696 5075 erit

2107 5109 2297 5180 judex,
2348 5110 2477 5164 dum
2510 5110 2699 5167 beatos
2746 5111 2968 5182 quidem
2998 5112 3230 5182 appellat
3274 5125 3368 5168 eos
3393 5111 3484 5181 qui
3541 5126 3698 5166 nunc

2113 5202 2342 5274 lugent;
2390 5204 2536 5274 quia,
2587 5203 2789 5275 inquit,
2837 5204 3267 5263 consolationem
3309 5205 3580 5276 accipient
3607 5203 3694 5270 ὀἱ

498 5290 521 5323 ’
545 5288 680 5347 Vita:
710 5290 861 5347 Patr.
893 5308 976 5359 ιιι,
1007 5293 1115 5360 98;
1146 5311 1200 5357 ν,
1237 5311 1331 5361 vn,
1363 5296 1453 5351 53.
1534 5296 1580 5328 ¹⁰
1609 5295 1800 5351 Matth.
1836 5313 1890 5356 ν.
1923 5296 1997 5362 5;

2134 5312 2165 5353 ξ.
2206 5315 2282 5363 vt,
2313 5299 2406 5354 25.

1034 5479 1042 5486 ,
1746 5406 1980 5464 ΥΑΒΙᾹΞ
2021 5409 2425 5471 LECTIONES.

503 5494 525 5527 ι
551 5490 621 5546 al.
666 5491 904 5547 άδικίαν.
981 5506 1010 5534 ιι
1041 5495 1112 5551 al.
1144 5495 1319 5565 βίους.
1398 5507 1424 5533 ν
1453 5498 1522 5552 al.
1549 5497 1807 5568 ἠρεμίας.
1888 5512 1913 5539 ι
1945 5499 2017 5553 al.
2048 5501 2218 5556 inser.
2248 5502 2425 5555 αὐτοί.

464 5577 477 5596 ⁸
1631 5591 1822 5648 JOAN.
1864 5592 2206 5649 BOLLANN
2246 5593 2476 5651 NOTAE.

493 5676 605 5745 (62)
647 5679 889 5734 Narrant
938 5681 991 5736 id
1032 5682 1084 5736 in
1142 5684 1279 5740 Vitis
1338 5685 1560 5741 Patrum
1612 5686 1862 5742 Rul‘tlnus
1912 5699 2002 5744 aut

422 5747 668 5812 quisquis
699 5751 824 5814 eius
858 5751 977 5808 libri
1009 5760 1199 5810 auctor
1225 5765 1328 5821 est,
1356 5754 1446 5810 lib.
1485 5758 1541 5817 5.
1575 5774 1629 5813 ιι.
1662 5758 1729 5814 98
1762 5770 1815 5813 et
1846 5759 1995 5815 l’ela-

2112 5708 2145 5761 κ
2170 5709 2231 5745 υς
2260 5693 2351 5747 lib.
2386 5693 2441 5758 5,
2468 5693 2614 5747 libel.
2646 5676 2740 5761 is,
2774 5693 2985 5750 [1.235.

2180 5762 2288 5833 (63)
2331 5762 2577 5834 Pelagius
2608 5764 2945 5829 satriaculam,
2977 5761 3225 5839 Bullinus
3255 5779 3365 5819 vas.
