4144 6416
488 337 601 407 639
1735 342 2021 406 MENSIS
2051 345 2075 407 J

2176 346 2508 409 lUARIUS.
3649 345 3758 409 640

480 452 713 508 miseros
759 458 943 509 autem
988 464 1082 507 eos
1113 450 1206 521 qui
1239 449 1441 517 rident,
1492 449 1706 522 sibique
1742 467 1853 508 non
1895 462 2071 510 atten-

2176 456 2304 520 τοὺς
2344 455 2618 526 γελῶντας
2661 454 2759 509 καὶ
2782 455 2998 521 ἑαυτοῖς
3040 455 3116 528 μὴ
3146 456 3534 529 προσέχοντας·
3579 456 3757 523 ἄλλως

482 542 638 597 dunt.
671 541 1021 612 Carteroquin
1073 548 1262 611 aperta
1292 541 1511 597 inscitia
1543 550 1627 598 est
1681 552 1737 599 et
1768 544 2072 616 disciplina:

2178 566 2238 602 τε
2273 549 2331 603 δὲ
2365 551 2461 604 καὶ
2493 548 2821 604 ἀπαιδευσία
2860 549 3062 619 σαφὴς,
3112 548 3172 603 τὸ
3208 549 3300 603 τὸν
3336 548 3569 621 μοναχὸν
3613 550 3759 620 πέρα

481 634 724 699 violatio,
751 633 1082 688 monachum
1135 632 1277 686 ultra
1310 632 1745 701 mediocritatem
1784 635 1952 705 loqui,
1978 642 2075 689 aut

2176 639 2270 694 τοῦ
2304 640 2528 713 μετρίου
2571 641 2776 707 λαλεῖν,
2815 640 3010 712 ἢπρὸς
3056 640 3235 695 ὁτιοῦν
3268 641 3568 705 κινεῖσθαι.
3621 642 3745 714 ἦτε

481 726 549 779 ad
580 724 870 795 quodlibet
922 723 1153 788 moveri,
1187 723 1275 778 vel
1309 724 1475 779 etiam
1517 725 1772 781 ﬁduciam
1827 742 2069 782 sumere.

482 817 669 871 Patres
700 816 844 870 enim
877 815 1160 870 ﬁduciam»
1192 817 1472 887 appellant
1526 819 1591 885 “,
1629 819 1874 874 omnium
1910 819 2070 890 plane

481 906 739 961 vitiorum
765 914 1023 961 matrem.

552 1001 681 1071 L‘lll.
710 1015 806 1072 His
843 1017 1063 1088 quidem
1090 1019 1271 1076 verbis
1303 1020 1395 1076 ille
1416 1036 1539 1076 cum
1581 1022 1918 1093 increpasset
1945 1022 2068 1079 Cle-

480 1109 732 1174 matium,
765 1109 1044 1178 ingressus
1074 1119 1158 1167 est
1206 1111 1264 1166 in
1303 1112 1495 1167 cellam
1535 1113 1876 1169 interiorem.
1932 1114 2069 1169 Eum

482 1215 614 1255 vero
642 1215 673 1254 e
727 1201 954 1272 vestigio
1002 1211 1288 1272 persecuta
1314 1213 1399 1259 est
1431 1205 1564 1260 ultio
1595 1223 1610 1273 ;
1647 1222 1961 1276 pronusque
2012 1206 2067 1261 in

484 1297 684 1343 terram
718 1291 943 1356 cadens,
977 1293 1284 1363 agitabatur
1314 1303 1551 1351 tremore
1583 1306 1639 1351 et
1662 1298 1887 1352 horrore
1915 1307 2069 1354 tene-

482 1378 663 1433 batur.
701 1379 888 1451 Itaque
928 1382 1271 1439 Domitianus
1300 1386 1381 1440 sic
1415 1386 1693 1455 jacentem
1724 1390 1916 1444 videns
1945 1389 2069 1445 Cic-,-

483 1471 735 1535 matium,
760 1480 814 1525 et
836 1473 997 1527 simul
1020 1475 1240 1544 quidem
1277 1475 1550 1549 Euthymii
1593 1481 2067 1537 mansuetudinem

482 1572 539 1615 et
569 1563 945 1619 austeritatem
1000 1566 1320 1635 admiratus,
1355 1584 1465 1639 quo
1501 1570 1664 1626 modo
1682 1573 1890 1642 optime
1920 1574 1974 1628 in
2002 1590 2069 1630 eo

482 1664 666 1708 essent
695 1665 1089 1726 contemperat,
1131 1668 1187 1714 et
1214 1661 1378 1716 simul
1407 1662 1570 1717 etiam
1621 1662 1844 1719 fratrem
1873 1666 1944 1721 ob
1972 1684 2068 1722 ca-

484 1745 784 1802 lamitatetn
820 1749 1134 1816 miseratus,
1175 1763 1470 1825 congregat
1523 1754 1737 1826 aliquos
1789 1773 1853 1812 ex
1889 1758 2069 1813 Patri-

481 1837 604 1901 bus,
631 1854 732 1907 pro
764 1838 856 1894 illo
881 1840 1303 1907 intercessuros,
1327 1861 1531 1915 eosque
1561 1862 1669 1902 una
1700 1862 1823 1903 cum
1851 1849 2071 1908 Marone

484 1930 782 1985 introducit
808 1932 874 1986 ad
922 1933 1295 2009 Euthymium.
1335 1936 1428 1991 Ille
1474 1947 1681 2007 autem,
1717 1956 1842 1996 cum
1874 1954 2070 2015 suopte

483 2019 703 2088 ingenio
772 2022 1050 2091 placabilis
1104 2062 1120 2088 ,
1172 2035 1288 2080 tum
1342 2027 1558 2083 illorum
1618 2030 2069 2091 intercessionem

485 2114 711 2170 minime
759 2117 1090 2187 despiciens,
1135 2136 1261 2176 cum
1302 2122 1383 2177 eis
1430 2126 1641 2181 accedit
1677 2129 1743 2182 ail
1793 2129 2068 2200 jacentem

484 2204 834 2275 Clematium,
891 2211 1051 2281 eique
1086 2213 1371 2269 horrorem
1404 2218 1700 2299 exstinguit
1750 2221 1905 2293 signo
1944 2239 2072 2279 cru-

484 2298 583 2362 cis,
634 2309 692 2354 et
742 2301 926 2356 statim
987 2303 1133 2358 sistit
1182 2298 1504 2375 tremorem,
1555 2320 1720 2380 atque
1775 2313 2071 2382 perfectam

486 2391 693 2459 pnebet
746 2408 777 2447 a
818 2394 1010 2449 morbo
1065 2395 1480 2456 liberationem:
1543 2403 1774 2459 dicens:
1837 2406 2074 2464 Attende

485 2484 584 2539 tibi
640 2485 740 2553 ipsi
793 2486 859 2541 de
914 2497 1155 2557 caetero,
1211 2501 1266 2547 et
1294 2493 1405 2548 noli
1456 2505 1810 2552 contemnere
1854 2498 2072 2555 Patrum

485 2572 762 2629 doctrinas
798 2586 853 2631 et
883 2578 1307 2637 admonitiones.
1364 2581 1471 2639 Sed
1503 2585 1718 2642 eﬂicerc
1751 2596 1896 2645 totus
1937 2605 2073 2646 ocu-

485 2663 592 2730 lus,
622 2665 845 2722 sicutde
860 2667 1193 2728 Cherubinis
1223 2675 1538 2745 accepimus
1564 2678 1628 2745 ¹²,
1656 2670 1891 2749 teipsum
1923 2685 2071 2738 omni

486 2774 553 2811 ex
588 2769 740 2828 parte
783 2762 1263 2835 circumspiciens,
1317 2779 1378 2823 ut
1432 2770 1527 2839 qui
1555 2785 1774 2842 semper
1820 2782 2072 2832 transeas

487 2851 543 2905 in
565 2853 747 2908 medio
824 2855 1165 2926 laqueorum.
1242 2857 1371 2915 Ilaec
1431 2860 1524 2916 ubi
1586 2862 1850 2919 suasisset
1908 2873 2073 2936 atque

487 2947 850 3018 suggessisset
877 2949 1166 3017 Clematio,
1216 2953 1448 3023 ejusque
1484 2954 1732 3026 exemplo
1756 2957 1891 3013 alios
1913 2956 2074 3013 fecis-

489 3046 573 3090 set
601 3038 899 3106 cautiores,
933 3041 1116 3096 virum
1146 3042 1378 3099 dimittit
1411 3040 1467 3099 in
1498 3059 1654 3115 pace.
1684 3046 1790 3102 Sed
1831 3047 1937 3105 hoc
1952 3048 2075 3120 qui-

2179 733 2287 802 μὴν
2322 732 2419 786 καὶ
2460 731 2960 804 παρρησιάζεσθαι.
2994 732 3226 805 Μητέρα
3280 730 3390 803 γὰρ
3423 732 3474 786 οἱ
3507 732 3752 804 Πατέρες

2134 878 2142 886 ,
2173 823 2275 893 τὴν
2314 824 2629 897 παρρησίαν
2658 823 2875 879 πάντων
2901 824 3144 896 ἀτεχνῶς
3181 824 3290 878 τῶν
3321 823 3510 879 παθῶν
3557 824 3757 896 ὀνομά-

2175 917 2348 983 ζουσι.
3766 908 3781 996 l

2243 1025 2370 1081 Nl”.
2412 1026 2597 1082 Ταῦτα
2650 1029 2680 1082 ὁ
2738 1027 2838 1099 μὲν
2897 1028 3235 1098 ἐπιτιμήσας
3300 1027 3378 1097 τῷ
3430 1028 3753 1101 Κληματίῳ,

2173 1119 2254 1182 είς
2299 1119 2361 1172 τὸ
2408 1121 2683 1192 ἐνδότερον
2742 1120 2958 1191 εἰσῆλθε
3011 1120 3246 1175 κελλίον.
3316 1120 3420 1173 Τὸν
3475 1120 3532 1173 δὲ
3562 1121 3594 1191 ἡ
3629 1120 3757 1191 δίκη

2175 1212 2495 1280 παραπὸδας
2551 1211 2770 1283 μητῂει,
2826 1212 2920 1266 καὶ
2982 1212 3196 1284 πρηνὴς
3238 1213 3330 1265 ἐπὶ
3391 1212 3496 1283 γῆς
3549 1212 3755 1278 πεσὼν,

2174 1302 2347 1373 κλόνῳ
2384 1319 2443 1355 τε
2472 1304 2721 1371 ἐδονεῖτο,
2772 1302 2862 1357 καὶ
2916 1305 3087 1376 φρίκῃ
3135 1304 3429 1376 συνείχετο.
3488 1308 3758 1375 Δομετια-

2173 1394 2261 1458 νὸς
2318 1394 2412 1448 οὖν
2457 1394 2706 1466 κείμενον
2748 1395 2921 1460 οὕτως
2977 1394 3101 1450 ίδὼν
3129 1397 3221 1450 τὸν
3270 1397 3609 1467 Κλημάτιον,
3657 1398 3758 1451 κα)⁸

2174 1485 2289 1554 ἅμα
2320 1486 2419 1554 μὲν
2467 1485 2528 1538 τὸ
2557 1486 2755 1557 πρᾶον,
2800 1488 2918 1556 ἅμα
2972 1487 3030 1540 δὲ
3065 1487 3160 1542 καὶ
3201 1489 3263 1542 τὸ
3325 1489 3595 1567 αύστηρὸν
3651 1491 3760 1567 Εύιτ

2174 1575 2369 1646 θυμίου
2423 1576 2736 1648 θαυμάσας,
2795 1578 2943 1643 ὅπως
2991 1579 3190 1650 ἄριστα
3238 1562 3557 1653 κεκραμένα
3621 1562 3755 1651 παρἐ

2174 1667 2323 1739 αὐτῷ
2378 1664 2470 1740 ἦν,
2521 1670 2638 1741 ἅμα
2693 1669 2749 1723 δὲ
2822 1671 2916 1726 καὶ
2974 1670 3066 1724 τὸν
3118 1670 3347 1741 ἀδελφὸν
3396 1673 3491 1726 τοῦ
3547 1673 3759 1738 πάθους

2170 1760 2466 1831 οἰκτείρας,
2504 1761 2724 1831 συνάγει
2753 1763 2906 1827 τινάς
2938 1762 3049 1817 τῶν
3092 1764 3352 1838 Πατέρων
3391 1762 3533 1835 ὑπὲρ
3582 1762 3757 1817 αὐτοῦ

2173 1851 2471 1922 πρεσϐείαν
2493 1838 2908 1924 ποιησομένους,
2928 1856 3026 1907 καὶ
3046 1852 3275 1917 τούτους
3306 1854 3520 1922 εἰσάγει
3551 1856 3648 1908 σὺν
3674 1853 3758 1924 τῷ

2169 1943 2396 2013 Μάρωνι
2425 1943 2561 2013 πρὸς
2599 1943 2889 2015 Εύθύμιον.
2951 1945 3019 2000 '0
3076 1945 3133 1998 δὲ
3182 1944 3512 1999 καὶόῐκοθεν
3571 1947 3760 2001 εύῒλα-

2170 2051 2260 2098 τος
2283 2034 2496 2113 ὢνριαὶ
2510 2036 2612 2105 τὴν
2643 2037 2866 2091 ἐκείνων
2894 2037 3192 2109 πρεσϐείαν
3215 2038 3315 2092 οὐκ
3340 2037 3642 2109 ἀτιμάζων,
3665 2040 3764 2107 ἑφ-

2175 2127 2387 2181 ίσταται
2412 2129 2508 2182 σὺν
2536 2129 2719 2193 αὐτοῖς
2736 2128 2974 2200 κειμένῳ
2991 2128 3070 2200 τῷ
3096 2129 3419 2201 Κληματίῳ,
3446 2132 3538 2185 καὶ
3563 2132 3670 2203 τήν
3695 2149 3760 2185 τε

2174 2218 2377 2289 φρίκην
2426 2219 2708 2274 σϐέννυσιν
2753 2219 2927 2291 αὐτῷ,
2979 2220 3074 2275 τοῦ
3114 2222 3349 2293 σταυροῦ
3377 2222 3456 2294 τῷ
3522 2220 3759 2295 σημείῳ,

2173 2310 2269 2363 καὶ
2301 2310 2391 2363 τὸν
2410 2310 2610 2365 ’κλόνον
2644 2310 2808 2375 εὐθὺς
2852 2311 3059 2382 ἵστησι,
3111 2312 3207 2366 καὶ
3254 2312 3357 2383 τὴν
3434 2314 3762 2386 ἀπαλλαγὴν

2172 2400 2267 2453 τοῦ
2325 2401 2531 2467 πάθους
2601 2402 2817 2475 ὲντελῆ’
2872 2406 3102 2475 παρέχει
3139 2419 3155 2436 ⁶
3230 2405 3473 2475 Πρόσεχε
3543 2406 3759 2477 σεαυτῷ

2173 2492 2381 2562 λοιπὸν,
2410 2495 2677 2564 ἐπειπὼν,
2725 2498 2820 2550 καὶ
2856 2495 2932 2567 μὴ
2965 2496 3287 2567 περιφρόνει
3320 2496 3580 2568 Πατέρων
3606 2498 3759 2552 διδα-

2175 2586 2402 2652 σκαλίας
2471 2588 2606 2660 μηδὲ
2681 2587 2996 2657 ὑποθήκας·
3053 2585 3191 2640 ἀλλὰ
3242 2587 3402 2667 γενοῦ
3472 2587 3753 2657 ὀφθαλμὸς

2174 2679 2316 2743 ὅλος,
2351 2674 2439 2733 οἷα
2474 2680 2603 2747 περὶ
2640 2679 2752 2733 τῶν
2813 2678 3096 2750 Χερουϐὶμ
3139 2677 3453 2749 ἠκούσαμεν
3478 2694 3493 2709 ·
3552 2679 3755 2733 πάντο-

2176 2772 2270 2827 θεν
2327 2771 2680 2843 περισκοπῶν
2710 2764 2923 2836 ἐαυτδν,
2949 2771 3025 2834 ὡς
3073 2771 3131 2823 ἐν
3182 2770 3333 2841 μέσῳ
3376 2770 3622 2838 παγίδων
3666 2771 3758 2825 ἀεὶ

2174 2865 2539 2925 διαϐαίνοντα,
2574 2860 2800 2916 τοιαῦτα
2828 2862 2906 2933 τῷ
2946 2863 3247 2935 Κληματίῳ
3278 2863 3616 2936 παραινέσας
3660 2860 3760 2919 καὶ

2177 2955 2417 3019 ὑποθεὶς,
2452 2955 2548 3009 καὶ
2570 2952 2648 3024 τῷ
2677 2954 2811 3007 κατ’
2845 2954 3009 3009 αὐτὸν
3062 2954 3422 3023 ὑποδείγματι
3468 2956 3596 3018 τοὺς
3665 2955 3765 3009 ἄλ.

2177 3047 2303 3111 λους
2332 3044 2795 3115 ἀσφαλισάμενος,
2828 3045 3102 3120 ὲνείρήνῃ
3164 3043 3390 3098 ἀπολύει
3411 3044 3504 3099 τὸν
3564 3044 3761 3115 ἄνδρα.

489 3128 613 3183 dein
668 3140 752 3185 est
779 3131 1072 3213 ejusmodi;
1129 3132 1251 3189 Non
1280 3134 1463 3190 minus
1499 3151 1627 3192 vero
1665 3145 1771 3204 est,
1825 3137 1882 3194 id
1929 3140 2075 3211 quod

2181 3137 2329 3207 Πλὴν
2357 3135 2497 3189 ἀλλὰ
2534 3136 2695 3190 τοῦτο
2730 3136 2831 3207 μὲν
2858 3134 3125 3190 τοιοῦτον.
3180 3134 3292 3206 Οὐχ
3340 3129 3505 3207 ἦττον
3548 3134 3605 3187 δὲ
3660 3134 3762 3187 καὶ

491 3223 761 3292 sequitur,
789 3225 835 3279 si
866 3240 977 3280 non
1008 3206 1082 3282 sit
1109 3226 1283 3283 multo
1313 3229 1493 3300 majus
1518 3238 1575 3285 et
1602 3230 1933 3301 praeclarius.

561 3399 698 3457 LIV.
739 3401 877 3457 Cum
927 3419 1124 3483 magna
1156 3413 1212 3460 et
1244 3408 1584 3464 occumenica
1612 3409 1853 3481 synodus
1876 3409 2076 3481 Ephesi

496 3502 627 3581 tunc
650 3494 886 3565 primum
904 3508 1352 3570 congregaretur,
1379 3500 1651 3571 Synodius
1676 3502 1812 3575 (64),
1833 3502 1927 3573 qui
1953 3517 2098 3563 cum.

497 3586 693 3643 Acacio
717 3588 894 3645 fuerat
912 3591 1172 3662 magister
1193 3592 1358 3663 hujus
1382 3595 1565 3665 magni
1593 3596 1867 3667 Euthymii
1899 3596 2081 3650 adhuc

495 3678 671 3748 pueri,
716 3678 770 3735 in
800 3678 1144 3737 Palaestinam
1181 3682 1250 3738 ad
1275 3683 1554 3740 adoranda
1588 3685 1704 3739 loca
1747 3684 2080 3740 venerabilia

494 3770 801 3839 profectus,
834 3773 1046 3829 accedit
1070 3773 1236 3829 etiam
1264 3775 1331 3830 ad
1354 3776 1587 3840 lauram,
1624 3775 2081 3846 quinquagesimo

496 3871 550 3917 et
586 3871 781 3933 quarto
835 3881 981 3922 anno
1036 3866 1212 3923 astatis
1268 3869 1452 3940 magni
1491 3868 1768 3939 Euthymii
1816 3886 1830 3936 ;
1877 3869 2079 3939 partim

495 3966 556 4011 ut
597 3958 747 4012 illum
800 3959 978 4029 ipsum
1033 3960 1385 4034 Euthymium
1436 3961 1637 4017 viseret
1674 4002 1688 4025 ,
1755 3964 1954 4033 partim
2022 3972 2082 4020 ut

495 4049 758 4105 salutaret
783 4054 1143 4110 consobrinos
1192 4071 1344 4122 suos,
1379 4056 1742 4127 Stephanum,
1780 4055 2079 4125 Andream,

495 4148 552 4193 et
589 4141 876 4200 Gaianum.
904 4145 1108 4202 Videris
1149 4147 1315 4218 igitur
1343 4146 1719 4219 Euthymium,
1756 4150 1806 4204 ei
1836 4150 2082 4204 narravit

498 4230 566 4286 de
598 4232 917 4302 impiissima
961 4237 1155 4293 haeresi
1186 4236 1441 4303 Nestorii,
1472 4237 1566 4308 qui
1598 4238 1806 4293 nefarie
1840 4238 1894 4309 (ο
1919 4237 2083 4309 justi-

499 4322 633 4388 titia,
662 4332 718 4379 et
738 4329 1081 4384 sacerdotum
1120 4328 1297 4399 pudor
1327 4329 1366 4398 l)
1404 4329 1559 4383 brevi
1584 4337 1838 4398 tempore
1878 4344 2082 4398 praese-

498 4415 579 4470 dit
596 4404 706 4489 (6'5)
724 4419 1222 4492 constantinopoli,
1239 4421 1591 4492 profanisque
1610 4422 1725 4477 suis
1741 4407 2082 4492 et‘corruptis

2182 3229 2242 3282 τὸ
2272 3226 2495 3299 ἑφεξῆς,
2524 3229 2574 3281 ει
2631 3226 2707 3299 μὴ
2762 3226 2857 3281 καὶ
2917 3225 3053 3280 πολὺ
3105 3223 3293 3296 μεῖζον
3381 3227 3478 3279 καὶ
3555 3224 3741 3295 χαριέ-

2181 3336 2394 3389 στερον.
3493 3382 3497 3387 ,

2250 3411 2377 3465 ΝΔ⁹.
2426 3411 2587 3482 Ἀρτι
2613 3412 2714 3481 τῆς
2761 3409 3007 3481 μεγάλης
3041 3412 3098 3464 ὲν
3122 3409 3317 3481 Ειρέσῳ
3352 3410 3447 3462 καὶ
3508 3409 3765 3478 οἰκούμε-

2183 3502 2345 3573 νικῆς
2383 3501 2602 3556 συνόδου
2655 3500 2874 3572 πρῶτον
2914 3500 3423 3571 συγκροτουμένης,
3506 3499 3764 3562 Συνόδιος

2178 3596 2207 3649 ὁ
2278 3595 2374 3648 σὺν
2436 3591 2673 3665 Ἀκακίῳ
2728 3592 3048 3655 διδάσκαλος
3112 3590 3208 3645 τοῦ
3274 3591 3511 3662 μεγάλου
3567 3591 3764 3643 τούτου

2182 3686 2459 3758 Εύθυμίου
2524 3685 2604 3740 ἔτι
2652 3685 2845 3748 παιδὸς
2924 3684 3077 3750 ὄντος
3136 3684 3526 3755 γεγενημένος,
3617 3681 3766 3735 κατὰ

2180 3779 2552 3850 προσκύνησιν
2582 3779 2690 3831 τῶν
2721 3776 3034 3847 σεϐασμίων
3083 3776 3146 3847 δὴ
3205 3775 3387 3830 τόπων
3434 3776 3514 3837 είς
3549 3772 3772 3827 Παλαι-

2182 3872 2368 3942 στίνην
2414 3856 2604 3934 ἐλθὼν,
2655 3869 2751 3924 καὶ
2811 3869 2891 3933 είς
2939 3869 3037 3939 τὴν
3089 3867 3295 3938 λαύραν
3353 3866 3603 3937 τετάρτῳ
3660 3865 3769 3935 τῆς

2183 3961 2463 4033 Εὐθυμίου
2493 3961 2588 4016 τοῦ
2638 3960 2876 4033 μεγάλου
2934 3960 3152 4032 ἡλικίας
3207 3959 3317 4013 ἔτει
3361 3960 3455 4013 καὶ
3494 3974 3764 4027 πεντηκοι-

2184 4056 2294 4125 στῷ
2312 4054 2698 4127 παραγίνεται·
2720 4050 2879 4107 τοῦτο
2904 4054 3003 4125 μὲν
3025 4050 3189 4118 αὐτον
3214 4052 3424 4105 ἐκεῖνον
3452 4049 3771 4120 ἱστορήσων

2182 4147 2476 4216 Εὑθύμιον,
2534 4144 2694 4198 τοῦτο
2737 4144 2794 4198 δὲ
2844 4144 2939 4197 καὶ
3003 4143 3131 4205 τοὺς
3208 4142 3444 4204 οἰκείους
3485 4140 3767 4208 ἀνεψιοὺς,

2183 4238 2475 4308 Στέφανον,
2503 4235 2782 4308 Ἀνδρέαν,
2811 4234 2908 4289 καὶ
2932 4233 3165 4288 Γαῖανὸν
3190 4232 3598 4304 ἀσπασόμενος.
3616 4229 3773 4286 ’ἰδὼν

2182 4328 2274 4383 οὖν
2298 4328 2388 4382 τὸν
2416 4326 2711 4397 Εὑθύμιον,
2747 4326 2987 4397 διηγεῖτο
3024 4325 3123 4397 μὲν
3176 4323 3326 4394 αύτῷ
3354 4322 3423 4376 τὰ
3463 4324 3606 4376 κατὰ
3666 4320 3772 4390 τὴν

2184 4420 2558 4492 ἁσεϐεστάτην
2612 4419 2825 4491 αἵρεσιν
2884 4418 3207 4490 Νεστορίου,
3273 4416 3366 4471 τοῦ
3421 4417 3652 4478 ἀνοσίως
3700 4414 3773 4483 (ὦ

495 4510 840 4581 dogmatibus
895 4525 1067 4570 totum
1113 4514 1228 4569 fere
1271 4516 1458 4569 orbem
1493 4524 1651 4571 terra:
1706 4516 2075 4571 conturbavit.

2182 4516 2306 4587 δίκη
2336 4516 2431 4568 καὶ
2461 4515 2652 4585 ἱερέων
2709 4513 2930 4584 αἰδώςί)
2967 4513 3149 4582 ὀλίγον
3191 4512 3382 4583 δήτινα
3427 4496 3620 4583 χρόνον
3664 4512 3772 4581 τῆς

498 4602 765 4672 Exposuit
789 4607 954 4662 etiam
967 4609 1016 4663 ei
1039 4607 1324 4678 de.Cyrillo
1339 4608 1452 4679 (66)
1474 4609 1847 4664 Alexandrino
1872 4619 1929 4665 et
1945 4608 2083 4665 Aca-

497 4701 582 4753 cio
598 4700 710 4771 (67)
731 4701 1095 4769 Melitenensi,
1115 4702 1580 4772 quemadmodum
1600 4703 1881 4759 ardentem
1902 4702 2080 4758 zelum

497 4790 823 4847 cxbibercnt
868 4809 965 4863 pro
1014 4792 1121 4848 ﬁde
1157 4793 1497 4858 orthodoxa,
1542 4804 1597 4850 et
1635 4796 1779 4865 quod
1836 4810 2083 4852 (ecume-

574 4963 614 4996 ¹¹
640 4964 753 5036 T.I,
788 4985 844 5039 p.
874 4968 999 5037 575,
1031 4968 1098 5024 A.
1126 4966 1186 5023 Β.
1268 4969 1311 5000 ¹²
1332 4969 1530 5026 Ezccb.
1584 4988 1635 5035 κ,
1670 4936 1758 5026 l2.

2133 4656 2148 4672 ,
2194 4607 2832 4672 Κωνσταντινουπόλεως
2862 4605 3315 4680 προκαθίσαντος,
3350 4606 3573 4668 καὶτοῖς
3601 4602 3771 4673 βεϐή-

2183 4702 2296 4781 λοις
2344 4700 2509 4755 αὐτοῦ
2558 4700 2792 4770 δόγμασι
2847 4699 2943 4753 καὶ
2993 4698 3410 4771 διεφθαρμένοις
3434 4697 3533 4768 τὴν
3587 4697 3771 4750 οἰκου-

2190 4794 2355 4866 μένην
2388 4795 2567 4849 πᾶσαν
2600 4793 2788 4863 σχεδὸν
2837 4790 3303 4862 συνταράξαντος.
3376 4788 3654 4859 Ἐξηγείτο
3710 4786 3769 4843 δὲ

1724 5120 1920 5179 JOAN.
1960 5121 2303 5178 BOLLANDI
2332 5122 2560 5180 NOTAE.

572 5276 686 5347 (64)
711 5275 902 5349 llabita
935 5276 1170 5348 synodus
1198 5279 1472 5349 Eplieiua
1500 5295 1527 5331 a
1549 5280 1620 5332 ‘22
1659 5278 1802 5332 Junii
1841 5293 1929 5331 an.
1956 5279 2082 5333 451.

574 5349 686 5417 (155)
723 5347 1085 5402 Consecratus
1115 5360 1216 5413 est,
1245 5347 1474 5404 testibus
1498 5349 1810 5402 Marcellino
1838 5349 1889 5401 in
1911 5349 2084 5403 Chro-

504 5418 649 5480 nico,
685 5417 911 5489 Socrate
942 5419 1032 5489 lib.
1069 5420 1192 5484 7,0.
1223 5421 1295 5476 29
1330 5422 1584 5489 aliisque,
1612 5419 1789 5474 Felice
1816 5429 1871 5472 et
1903 5417 2084 5473 Tuum

504 5501 679 5559 Cossﬂ
709 5504 798 5542 an.
822 5488 922 5544 Ch.
949 5488 1076 5556 42‘8,
1100 5489 1165 5543 ιν
1201 5491 1280 5544 Id.
1316 5491 1488 5559 Apiil.

576 5557 690 5630 (fili)
736 5559 810 5630 De
840 5562 896 5614 S.
933 5558 1135 5630 Cyrillo
1164 5557 1386 5630 agemus
1436 5560 1506 5614 98
1538 5559 1760 5616 Januar.
1795 5559 1884 5614 ubi
1928 5559 2080 5628 plura

507 5624 573 5677 de.
603 5624 922 5682 Nestoriana
959 5624 1168 5686 haeresi.

582 5696 692 5763 ec?)
732 5696 962 5754 Sanctus
992 5700 1077 5756 hic
1103 5701 1406 5771 appellatur
1430 5716 1457 5755 a
1483 5700 1716 5757 Baronio
1745 5702 1794 5755 iu
1826 5701 2076 5756 Anualib.

2193 5280 2252 5334 In
2285 5279 2446 5333 nullis
2469 5289 2646 5332 tamen
2685 5276 3082 5349 Martyrologiis
3103 5277 3220 5345 ejus
3248 5293 3444 5332 nomen
3471 5277 3574 5332 huc
3599 5291 3771 5348 usque

2189 5350 2510 5417 reperimus.
2560 5349 2688 5414 Ejus
2740 5348 2889 5403 zelus
2942 5348 3014 5419 iu,
3047 5349 3257 5418 synodo
3311 5348 3545 5419 egregie
3576 5351 3765 5415 eluxit,

2186 5421 2419 5472 maxime
2441 5420 2705 5473 concione
2734 5419 2926 5487 spiritu
2969 5418 3122 5485 plena
3160 5433 3342 5474 coram
3383 5418 3635 5472 Patribus
3667 5421 3768 5472 lia-

2184 5490 2317 5551 bita,
2349 5491 2399 5541 in
2431 5505 2534 5557 qua
2583 5489 2732 5543 brevi
2772 5488 2940 5543 atl‘oie
2982 5502 3168 5555 pacem
3206 5488 3551 5545 vaticinatus.
3572 5505 3769 5543 omnes

2189 5560 2538 5623 reviviscere,
2565 5574 2778 5612 sumere
2816 5560 3049 5623 animos,
3083 5559 3402 5628 crigercque
3450 5562 3769 5627 langurntes

2185 5630 2348 5691 vires,
2374 5641 2454 5683 cst
2480 5627 3004 5701 llUl‘laIUS:_C0llSlllc
3026 5630 3162 5683 Acta
3194 5627 3515 5701 Eplicsinaa
3542 5630 3767 5685 l’cltauo

2184 5711 2367 5754 nostro
2396 5703 2534 5755 edita
2569 5708 2698 5754 tom.
2728 5698 2814 5767 VI,
2841 5714 2959 5768 cap.
3000 5701 3085 5753 ll.
