4144 6420
416 377 524 446 641

1698 383 1873 443 Vl'l‘A
1915 383 1973 442 S.
2005 377 2424 444 iEUTHYMlI.

3579 393 3686 457 642

2616 450 2647 472 ο

360 526 373 577 η
416 491 569 562 αὐτῷ
632 484 728 545 καὶ
780 489 909 560 περὶ
956 487 1222 560 Κυρίλλου
1250 488 1344 543 τοῦ
1414 490 1841 563 Ἀλεξανδρείας,
1905 490 1991 545 καὶ

2101 489 2223 544 nica
2252 490 2491 561 synodus
2518 502 2665 548 esset
2695 509 2821 551 mox
2848 498 3053 568 Ephesi
3076 500 3452 571 congreganda
3494 501 3684 556 adver-

411 584 509 640 τοῦ
541 583 860 653 Μελιτηνῆς
895 583 1178 652 ’Δκακίου,
1212 584 1359 648 ὅπως
1399 600 1458 637 τε
1489 584 1695 656 θερμὶν
1731 586 1872 655 ὑπὲρ
1897 586 1994 654 τῆς

409 675 727 746 όρθοδοξίας
756 684 786 724 γ
842 675 1149 747 εἰσφέροιεν
1216 676 1379 746 ζῆλον
1412 692 1427 707 ·
1484 679 1579 731 καὶ
1651 678 1734 732 ὅτι
1812 677 1996 747 μέλλοι

408 768 537 822 ὅσον
575 767 792 821 οὐδέπω
819 768 914 821 καλ¹
978 766 1334 838 οἰκουμενικὴ
1376 767 1594 832 σύνοδος
1645 770 1704 822 έν
1785 767 1996 839 Ἐφέσῳ

410 860 560 915 κατᾶ
587 859 683 914 τοῦ
714 859 1011 924 δυσσεϐοῦς
1032 860 1241 913 ἐκείνου
1274 860 1738 933 συγκροτηθῆναι.
1766 861 1995 915 Τούτων

408 946 507 1004 οὖν
538 949 681 1004 οὕτω
714 948 868 1020 παρὰ
910 949 1005 1002 τοῦ
1036 948 1287 1018 Συνοδίου
1330 948 1649 1019 λεχθέντων,
1699 951 1842 1022 ἥσθη
1899 951 1996 1022 τὴν

386 1040 594 1112 ,ψυχὴν
628 1042 656 1092 ό
684 1040 996 1110 Εὐθύμιος,
1040 1039 1268 1093 τοιαῦτα
1300 1041 1431 1110 περὶ
1491 1041 1749 1095 Ἀκακίου
1781 1041 1993 1112 μαθὼν,

410 1125 565 1200 ᾧτινι
622 1134 754 1195 παῖς
805 1131 882 1199 ὢν
934 1130 1146 1200 ἐφοίτα,
1194 1131 1290 1185 καὶ
1325 1133 1413 1201 ὑφ’
1441 1126 1487 1200 ᾧ
1529 1134 1628 1204 τὴν
1654 1132 1762 1186 τῶν
1812 1150 1995 1205 γραμ-

416 1224 608 1293 μάτων
635 1223 873 1294 ἄσκησιν
903 1222 1238 1277 ὲπαιδεύετο.
1275 1224 1507 1277 Ἔπειτα
1567 1212 1752 1295 μέντοι
1808 1241 1997 1279 συντα-

413 1316 650 1385 ξὲμενος
678 1314 830 1384 αὺτῷ
879 1316 975 1368 καλ⁴
1022 1315 1292 1380 Συνόδιος,
1345 1317 1571 1387 ἀπαίρει
1632 1321 1733 1389 τῆς
1778 1317 1997 1391 λαύρας

414 1407 688 1475 Στέφανον
714 1405 1048 1478 παραλαϐὼν
1070 1405 1160 1459 τὸν
1187 1406 1426 1477 ἀνεψιὸν,
1480 1410 1562 1470 εἰς
1590 1407 1690 1478 τὴν
1714 1408 1877 1477 ἀγίαν
1932 1426 1994 1462 τε

418 1498 592 1553 ἄνεισι
623 1498 803 1563 πόλιν,
859 1498 950 1552 καὶ
1003 1498 1180 1552 πείθει
1215 1499 1307 1552 τὸν
1331 1499 1429 1569 τὴν
1478 1498 1657 1569 ἀρχὴν
1705 1502 1806 1570 τῆς
1874 1499 1995 1553 κατ’

2102 596 2200 636 sus
2234 582 2385 636 illum
2435 582 2682 653 impium.
2715 587 2808 643 llis
2853 604 2983 660 ergo
3015 591 3095 647 sic
3144 591 3307 647 dictis
3357 606 3385 645 ιι
3420 590 3683 663 Synodio,

2103 672 2288 727 animo
2346 673 2560 729 laetatus
2625 687 2711 732 est
2768 680 3121 751 Euthymius,
3176 681 3302 736 talia
3347 682 3567 738 discens
3618 684 3687 738 de

2103 767 2337 834 Acacio,
2384 769 2452 824 ad
2481 784 2644 839 quem
2690 787 2828 842 puer
2854 776 3176 842 ventitabat,
3203 785 3258 831 et
3279 792 3309 831 a
3347 791 3458 847 quo
3505 777 3688 832 fuerat

2103 858 2387 915 institutus
2420 861 2475 915 in
2499 863 2759 919 exercitio
2793 864 3117 922 litterarum.
3156 868 3364 924 Deinde
3402 884 3534 924 vero
3559 883 3685 923 cum

2101 952 2152 1007 ei
2182 953 2534 1010 valedixisset
2560 955 2853 1028 Synodius,
2875 959 3105 1015 discedit
3126 975 3157 1015 e
3178 960 3356 1026 laura,
3399 976 3686 1018 assumens

2093 1045 2434 1114 Stephanum
2464 1049 2882 1115 consobrinum,
2907 1060 2961 1105 et
2985 1051 3101 1106 abit
3130 1050 3186 1105 in
3211 1061 3456 1107 sanctam
3487 1052 3686 1107 civita-

2092 1141 2224 1197 tem,
2253 1147 2413 1205 atque
2443 1139 2735 1207 persuadet
2765 1140 2815 1195 ei
2843 1140 2959 1214 (68)
2993 1142 3082 1197 cui
3123 1142 3414 1198 commissa
3440 1152 3558 1197 erat
3584 1141 3687 1197 Ec-

2091 1225 2276 1281 clesire
2303 1228 2448 1284 illius
2474 1231 2815 1302 gubernatio,
2846 1240 2908 1288 ut
2937 1232 3279 1305 Stephanum
3320 1244 3604 1305 c‘ooptaret
3626 1233 3682 1287 in
3747 1273 3751 1278 .

2092 1330 2384 1371 numerum
2419 1333 2644 1374 suorum
2673 1320 3048 1377 diaconorum.
3085 1323 3180 1379 llle
3205 1331 3389 1378 autem
3429 1337 3537 1378 una
3558 1336 3683 1376 cum

2093 1424 2159 1463 eo
2188 1411 2406 1466 ordinat
2438 1427 2657 1483 quoque
2682 1413 2936 1470 Cosmam
2960 1406 3430 1487 Cappadocem,et
3465 1427 3676 1471 utrum~

2093 1517 2202 1571 que
2230 1503 2400 1558 refert
2423 1505 2477 1558 in
2514 1506 2871 1561 diaconorum
2907 1508 3160 1564 chorum.

431 1569 599 1659 αὒτὴν
621 1588 920 1658 ἐκκλησίας
948 1589 1407 1660 πεπιστευμένον,
1442 1589 1854 1661 συναριθμῆσαι
1911 1592 2008 1643 καὶ
2040 1569 2319 1660 Στέφανον
2348 1596 2461 1658 τοῖς
2508 1595 2602 1650 ὑπ’
2635 1596 2784 1668 αὐτῷ
2810 1596 3100 1661 διακόνοις.
3155 1597 3213 1652 'O
3269 1598 3329 1652 δὲ
3394 1599 3491 1652 σὺν
3530 1599 3682 1671 αὑτῷ

436 1682 530 1735 καὶ
549 1682 761 1752 Κοσμᾶν
781 1682 878 1735 τὸν
903 1682 1276 1753 Καππαδόκην
1290 1687 1606 1754 χειροτονεῖ,
1632 1674 1725 1738 καὶ
1743 1684 1820 1755 τῷ
1843 1683 1991 1756 χορῷ
2028 1685 2375 1757 ἀμφοτέρους
2402 1687 2513 1742 τῶν
2555 1690 2821 1745 διακόνων
2847 1690 3226 1760 ἑγκαταλέγει.

495 1775 619 1831 NE'.
681 1776 1108 1848 ’Δθροιζομένων
1155 1777 1213 1830 δὲ
1264 1779 1403 1849 πρὸς
1450 1779 1550 1850 τὴν
1606 1779 1828 1834 σύνοδον
1888 1781 1991 1852 ἤδη

420 1867 530 1921 τῶν
583 1867 861 1940 πανταχοῦ
927 1870 1265 1937 ἐπισκόπων,
1332 1871 1427 1925 καὶ
1487 1871 1793 1943 μελλόντων
1868 1873 1994 1927 ὅσον

413 1959 570 2014 οὔπω
619 1960 714 2014 καὶ
766 1960 878 2014 τῶν
934 1962 1052 2031 τῆς
1090 1960 1459 2033 Παλαιστίνης
1513 1963 1631 2017 ἐκεῖ
1691 1963 1991 2032 συνελθεῖν,

413 2053 721 2109 ἐντέλλεται
745 2057 772 2109 ό
809 2054 980 2125 μέγας
1011 2054 1286 2127 Εὐθύμιος
1311 2057 1507 2128 Πέτρῳ
1527 2056 1605 2128 τῷ
1656 2058 1765 2114 τῶν
1816 2059 1993 2129 Σαρα-

410 2145 596 2216 κηνῶν
642 2146 948 2217 ὲπισκόπῳ,
977 2146 1234 2219 Κυρίλλῳ
1290 2147 1369 2219 τῷ
1436 2148 1846 2222 Ἀλεξανδρείας
1892 2151 1988 2204 καὶ

423 2235 670 2305 ’Δκακίῳ
693 2236 771 2307 τῷ
808 2236 1122 2309 Μελιτηνῆς
1157 2238 1568 2309 προστίθεσθαι,
1599 2239 1697 2294 καὶ¹
1723 2241 1869 2314 ἆπερ
1916 2241 1990 2297 ’ἂν

409 2326 645 2389 ἐκείνοις
673 2326 842 2390 δοκεῖ,
871 2325 1046 2382 ταῦτα
1075 2330 1171 2382 καὶ
1202 2329 1353 2401 αὐτῷ
1382 2331 1683 2387 συνδοκεῖν,
1718 2333 1990 2396 Κάκεῖνος

410 2415 515 2486 τῆς
544 2416 764 2469 συνόδου
796 2415 1164 2488 τελεσθείσης,
1214 2414 1389 2498 αὖθις.
1407 2418 1544 2492 πρὸς
1576 2419 1668 2473 τὸν
1702 2410 1989 2492 Ἐύθύμιον

410 2508 790 2579 ἀναστρέψας,
840 2508 1018 2563 πάντα
1051 2509 1364 2581 καταμέρος
1394 2510 1545 2583 αὐτῷ
1565 2511 1834 2584 διηγεῖται
1887 2515 1989 2568 ὅσα

416 2616 479 2653 τε
508 2599 857 2674 συμϐέϐηκεν
882 2600 970 2652 ἐπ’
1009 2600 1200 2671 αὐτῆς,
1254 2601 1350 2655 καὶ
1394 2602 1516 2656 ὅποι
1546 2612 1570 2640 ⁸
1643 2604 1984 2677 κεχώρηκεν.

420 2693 485 2746 Ὅ
545 2692 602 2746 δὲ
660 2694 729 2747 τά
770 2710 830 2747 τε
880 2692 1015 2747 ἄλλα
1065 2693 1174 2748 τῶν
1234 2695 1538 2764 γεγονότων
1592 2696 1696 2749 ὑπὸ
1724 2696 1837 2750 τῶν
1886 2697 1990 2769 τῆς

408 2781 708 2854 Ἀνατολῆς
744 2782 1058 2837 ἐπισκόπων
1090 2780 1298 2854 μαθὼν,
1324 2784 1417 2837 καὶ
1471 2784 1553 2838 ὅτι
1582 2787 1611 2839 ὁ
1638 2785 1739 2856 τῆς
1780 2787 1989 2840 Ἀντιό-

410 2889 510 2942 χου
546 2884 574 2914 ι
606 2869 891 2943 προεστὼς
977 2871 1235 2944 Ἰωάννης
1296 2873 1576 2944 όρθόδοξος
1627 2874 1727 2939 ὢν,
1772 2879 1885 2940 τοῖς
1920 2878 1993 2930 τὰ

411 2964 708 3035 Νεστορίου
739 2963 1017 3035 φρονοῦσι,
1047 2964 1118 3019 τά
1141 2966 1303 3036 ὃμοια
1358 2969 1579 3036 φρονεῖν
1636 2969 2013 3084 σύναπὴχθτ,

411 3056 553 3084 1.2-...
586 3056 683 3084 Α..
713 3073 782 3084 υ..
796 3056 941 3084 ..ξι-ι.
961 3054 1169 3084 ι-ὶ.ε.,..
1199 3057 1346 3084 :-...3

408 3056 556 3128 λύπῃ
586 3056 683 3128 τὴν
713 3056 941 3138 καρδίαν
960 3054 1172 3128 ἐπλήγη
1198 3057 1372 3128 δεινῇ.

479 3147 625 3216 NG’.
652 3149 741 3220 Τῷ
762 3149 862 3220 ἴσῳ
889 3151 946 3203 δὲ
973 3150 1135 3205 πάθει
1164 3152 1258 3205 καὶ
1288 3150 1493 3220 Δόμνος
1522 3151 1550 3203 ό
1604 3151 1814 3204 ἐκείνου
1854 3169 1990 3205 κατ-

407 3242 607 3313 εσχέθη
634 3241 877 3312 ἀνεψιός.
926 3244 1215 3314 Τοιγάρτοι
1274 3242 1371 3296 ml.
1421 3242 1641 3313 δοθῆναι
1698 3244 1846 3314 αύτῷ
1891 3244 1989 3316 τὴν

406 3337 466 3388 ὲν
508 3335 811 3406 Ἀντιοχείᾳ
846 3335 1073 3393 κάθοδον
1120 3336 1290 3389 ἐδεῖτο
1323 3334 1623 3407 Εύθυμίου,
1670 3334 1810 3389 ὥστε
1855 3337 1990 3390 ὑπο-

407 3422 763 3477 σκελισθέντα
821 3423 913 3475 τὸν
971 3422 1113 3476 θεῖον
1159 3422 1473 3487 ἀναλαϐεῖν,
1532 3423 1645 3476 καὶ.
1690 3416 1804 3474 οἷον
1885 3421 1986 3493 ἤδη
2018 3445 2062 3504 C

405 3507 674 3584 πὶείμενονν
689 3512 1015 3583 ἀνορθῶσαι.
1047 3513 1159 3566 Καὶ
1210 3511 1270 3575 ὃς
1314 3512 1415 3566 οὐκ
1443 3512 1661 3582 ἀσφαλῆ
1687 3512 1784 3582 τὴν
1811 3513 1990 3564 ἐκεῖσε

402 3606 592 3678 ἄφιξιν
646 3604 931 3676 προειδὼς,
962 3605 1099 3659 ἀλλὰ
1144 3605 1242 3660 καὶ
1266 3605 1554 3676 ἀλυσιτελῆ
1595 3604 1795 3675 μᾶλλον
1839 3604 1989 3676 αύτῷ

405 3700 504 3753 καὶ
524 3698 867 3769 ἀσύμφορον,
898 3696 1132 3763 Οὔκουν,
1167 3693 1212 3753 ὦ
1245 3698 1457 3760 τέκνον,
1523 3698 1713 3767 φησιν,
1764 3698 1824 3750 ού
1876 3697 1984 3769 χρή

412 3807 472 3842 σε
496 3793 596 3861 τῆς
666 3790 876 3860 λαύρας
927 3788 1305 3861 ὑποχωρῆσαι.
1383 3787 1521 3842 Οὔτε
1601 3789 1710 3859 γὰρ
1777 3789 1986 3853 ἐκεῖνος

416 3881 585 3934 δεῖται
607 3881 709 3951 τῆς
737 3881 839 3952 σῆς
875 3881 1211 3952 παρουσίας·
1249 3879 1367 3933 ἀλλ’
1401 3879 1452 3931 εἰ
1501 3879 1595 3932 καὶ
1662 3878 1834 3949 βραχὺ
1887 3881 1986 3950 τῆς

422 3969 603 4037 ὑγιοῦς
634 3972 873 4037 ἐξέκλινε
900 3972 1160 4035 πίστεως,
1193 3970 1310 4025 ἀλλ’
1345 3971 1372 4024 ὅ
1401 3986 1463 4039 γε
1491 3970 1624 4033 Θεὸς
1640 3971 1740 4039 τὴν
1770 3969 1985 4024 ἐκείνου

422 4060 632 4129 κιρδίαν
660 4060 817 4124 εἰδὼς
879 4059 1058 4131 ὀρθῶς
1120 4059 1371 4130 ἔχουσαν,
1443 4059 1606 4122 αὐτὸς
1667 4058 1989 4129 ἐπιστρέψει

411 4150 588 4215 αὐτὸν,
627 4152 724 4205 καὶ
756 4139 895 4222 ’πρὸς
928 4150 990 4204 τδ
1017 4146 1076 4205 εὖ
1106 4150 1230 4222 ἕχον
1278 4149 1490 4214 ἀνάξει.
1544 4150 1653 4203 Καὶ
1715 4150 1779 4202 σὺ
1828 4148 1907 4215 δὲ,
1939 4142 1984 4201 ὦ

408 4244 625 4308 τέκνον,
656 4245 707 4296 εί
738 4243 837 4313 μὲν
868 4237 912 4312 ᾧ
951 4243 1190 4313 ἐκλήθης
1236 4226 1390 4312 τόπῴ
1434 4243 1492 4295 ὲν
1548 4241 1723 4310 τούτῳ
1772 4242 1864 4295 καὶ
1904 4243 1986 4305 είς

399 4334 555 4396 τέλος
584 4334 901 4404 ὑπομενεῖς,
957 4333 1289 4403 προκόπτων
1343 4330 1465 4404 ἔσῃ,
1521 4331 1616 4384 καὶ
1646 4328 1977 4403 δοξασθήσῃ,

397 4429 563 4495 δόξαν
603 4428 669 4497 δὴ
715 4428 815 4497 τὴν
838 4427 1032 4498 ιάληθῆ
1057 4427 1154 4481 καὶ
1193 4424 1336 4479 κατὰ
1386 4424 1520 4478 Θεὸν
1555 4425 1650 4476 καὶ
1701 4423 1973 4494 μηδέποτε

396 4523 821 4577 διαπίπτουσαν.
878 4522 940 4575 Εἰ
985 4522 1043 4574 δὲ
1087 4520 1292 4574 τούτων
1341 4518 1646 4589 ἀμελήσας,
1704 4518 1797 4570 καὶ
1856 4514 1985 4580 τοὺς

397 4617 500 4686 τῆς
551 4614 831 4684 ὑπομονῆς
885 4613 1180 4684 λογισμοὺς
1242 4612 1538 4682 ἀτιμάσας,
1607 4610 1708 4679 τῆς
1771 4608 1982 4679 λαύρας

2172 1782 2283 1836 LV.
2335 1782 2504 1838 Porro
2548 1800 2673 1840 eum
2723 1786 2837 1856 jam
2903 1798 3365 1858 congregarentur
3438 1788 3679 1858 undique

2099 1875 2338 1946 episcopi
2355 1876 2420 1930 ad
2440 1877 2732 1947 synodum,
2754 1892 2990 1948 moxque
3015 1878 3143 1935 illuc
3168 1879 3489 1933 conventuri
3510 1880 3677 1934 etiam

2098 1971 2287 2019 essent
2323 1965 2563 2034 episcopi
2596 1964 2902 2021 Palaestinae
2924 1964 3060 2037 (69),
3084 1966 3304 2021 mandat
3325 1981 3552 2037 magnus
3568 1968 3676 2021 Eu-

2093 2054 2337 2126 thymius
2358 2054 2519 2111 Petro
2546 2038 2806 2127 episcopo
2831 2055 3375 2128 (70)Saracenorum,
3400 2068 3459 2111 ut
3478 2057 3677 2127 adjun-

2091 2154 2244 2216 εει-ει
2260 2161 2319 2202 se
2334 2147 2398 2202 ad
2417 2147 2677 2218 Cyrillum
2699 2150 2779 2218 (7|
2791 2157 2811 2218 )
2832 2148 3177 2205 Alexandriae
3187 2156 3243 2204 et
3257 2148 3512 2205 Acacium
3528 2148 3679 2207 Meli-

2093 2247 2270 2306 tenes,
2294 2247 2351 2294 et
2373 2254 2494 2309 quae
2522 2240 2573 2295 ei
2605 2239 2904 2308 videretur,
2930 2255 2997 2296 ea
3026 2255 3244 2312 quoque
3272 2242 3673 2311 comprobaret.

2089 2329 2266 2402 Atque
2277 2331 2366 2387 ille
2386 2339 2605 2402 peracta
2623 2334 2828 2404 synodo
2857 2332 3200 2388 reversus-ad
3227 2332 3597 2404 Euthymium,
3623 2332 3675 2388 ei

2090 2424 2275 2479 omnia
2314 2425 2631 2496 singulatim
2661 2424 2919 2480 edisserit
2949 2440 3071 2495 quae
3091 2424 3146 2478 in
3171 2440 3235 2480 ea
3265 2433 3583 2493 evenerant,
3620 2434 3678 2481 et

2093 2531 2335 2586 quonam
2361 2519 2749 2587 processerint.
2783 2518 2836 2573 ls
2862 2527 3045 2581 autem
3071 2528 3363 2590 postquam
3388 2520 3493 2574 alia
3523 2534 3671 2590 quo-

2090 2620 2198 2676 que
2236 2607 2443 2671 didicit,
2490 2624 2613 2678 quae
2653 2608 2913 2664 nimirum
2987 2610 3056 2664 ab
3102 2610 3378 2681 episcopis
3435 2610 3676 2667 Orientis

2090 2694 2231 2751 facta
2255 2695 2493 2765 fuerant,
2510 2698 2761 2768 quodque
2776 2697 3035 2765 Joannes,
3054 2699 3168 2770 (72)
3191 2700 3284 2771 qui
3314 2710 3545 2771 praeerat
3560 2703 3675 2756 An-

2092 2786 2330 2854 tiochizc,
2360 2788 2462 2844 etsi
2527 2789 2887 2853 orthodoxus,
2921 2790 3180 2845 inductus
3224 2798 3411 2861 tamen.
3456 2790 3670 2860 fuisset,

2089 2882 2153 2929 ut
2203 2878 2396 2931 eadem
2460 2878 2690 2933 sentiret
2710 2894 2835 2933 curn
2868 2878 3104 2934 Nestorii
3146 2879 3259 2951 (75)
3279 2882 3669 2950 sectatoribus,

2090 2966 2238 3036 gravi
2298 2966 2405 3021 fuit
2434 2966 2653 3022 tristitia
2684 2982 2779 3022 cor
2809 2967 2930 3039 ejus
2956 2968 3285 3026 sauciatum.

2160 3138 2299 3194 LVI.
2335 3140 2541 3196 Eodem
2582 3141 2747 3197 modo
2789 3142 3021 3198 aﬂectus
3050 3143 3155 3200 fuit
3212 3146 3376 3202 etiam
3419 3147 3666 3207 Domnus

2089 3230 2315 3288 Joannis
2338 3235 2541 3289 sororis
2571 3234 2734 3290 ﬁlius.
2763 3235 3028 3300 Quocirca
3065 3238 3271 3308 rogavit
3300 3238 3671 3312 Euthymium,

2092 3329 2152 3375 ut
2177 3321 2228 3376 ei
2259 3321 2660 3391 permitteretur
2684 3325 2764 3378 ire
2798 3324 3163 3389 Antiochiam,
3193 3342 3301 3397 quo
3352 3330 3671 3399 supplanta-

2095 3422 2210 3466 tum
2228 3413 2556 3468 avunculum
2582 3414 2918 3478 restitueret,
2941 3416 3164 3488 jamque
3196 3419 3350 3474 velut
3392 3421 3670 3490 jacentem

2090 3505 2344 3576 erigeret.
2374 3505 2465 3561 Ille
2521 3516 2725 3574 autem,
2750 3509 3058 3578 praevidens
3085 3525 3194 3566 non
3254 3511 3499 3569 futurum
3544 3514 3671 3571 illuc

2088 3607 2266 3654 tutum
2295 3600 2614 3668 adventum,
2645 3601 2740 3656 sed
2765 3602 2817 3657 ei
2842 3604 3029 3672 potius
3074 3604 3324 3660 inutilem
3354 3617 3412 3662 et
3459 3607 3673 3664 incom-

2084 3692 2307 3746 modum
2347 3708 2360 3744 :
2394 3692 2773 3763 Nequaquam,
2795 3694 2996 3764 inquit,
3029 3710 3064 3750 ο
3088 3696 3316 3760 ﬁli,non
3347 3707 3566 3768 oportet
3599 3701 3662 3756 ἰο

2083 3795 2112 3834 a
2149 3780 2298 3834 laura
2329 3782 2612 3837 recedere.
2635 3782 2827 3851 Neque
2860 3783 3009 3837 enim
3053 3783 3147 3840 ille
3178 3793 3272 3840 tua
3317 3801 3458 3856 opus
3502 3788 3669 3843 habet

2086 3873 2415 3942 prmsentia;
2445 3873 2539 3927 sed
2589 3881 2645 3928 et
2674 3873 2719 3928 si
2749 3872 3032 3943 paululum
3053 3890 3084 3928 a
3106 3888 3241 3930 sana
3281 3869 3388 3931 ﬁde
3428 3878 3669 3933 declina-

2083 3961 2180 4026 vit,
2200 3960 2342 4016 Deus
2370 3973 2572 4028 tamen,
2600 3963 2694 4033 qui
2724 3962 2880 4018 nevit
2906 3978 3001 4018 cor
3026 3963 3172 4019 illius
3189 3974 3339 4021 recte
3360 3979 3421 4022 se
3440 3968 3665 4032 habere,

2085 4053 2202 4120 ipse
2224 4062 2507 4107 convertet
2532 4052 2734 4123 ipsum,
2766 4055 3099 4124 reducetque
3131 4055 3199 4110 ad
3239 4056 3467 4111 bonum.
3503 4058 3570 4112 Et
3610 4067 3667 4113 tu

2084 4159 2322 4215 quoque,
2351 4159 2385 4199 ο
2406 4144 2503 4211 ﬁli,
2531 4145 2576 4200 si
2607 4145 2830 4215 quidem
2861 4147 2919 4200 in
2944 4161 3053 4217 quo
3076 4158 3303 4202 vocatus
3331 4163 3393 4203 es
3420 4151 3559 4217 loco,
3606 4151 3664 4205 in

2081 4250 2148 4290 eo
2174 4250 2347 4304 usque
2400 4233 2466 4288 ad
2492 4234 2657 4289 ﬁnem
2691 4236 3082 4305 permanseris,
3133 4235 3414 4306 proﬁcies,
3447 4245 3503 4292 et
3546 4237 3664 4309 glo-

2083 4327 2214 4381 riam
2230 4327 2601 4397 consequeris,
2625 4328 2850 4398 gleriam
2868 4343 3066 4398 nempe
3090 4343 3272 4383 veram
3291 4338 3347 4383 et
3370 4330 3669 4385 secundum

2093 4418 2283 4481 Deum,
2309 4433 2538 4489 quaeque
2560 4434 2838 4488 nunquam
2891 4420 3109 4475 excidit.
3137 4420 3293 4486 Quod
3325 4420 3369 4474 si
3429 4421 3544 4475 haec
3571 4437 3670 4476 ne-

2089 4510 2341 4580 glexeris,
2371 4520 2422 4564 et
2446 4512 2774 4581 contemptis
2800 4513 3220 4581 perseverantia:
3250 4512 3670 4581 cogitationibus

2090 4619 2121 4658 c
2173 4604 2328 4657 laura
2378 4604 2661 4659 discedere
2733 4604 3049 4675 tentaveris,
3105 4604 3380 4660 obtinebis
3445 4605 3667 4675 quidem

1720 4722 1959 4780 VARle
2001 4721 2412 4778 LECTIONES.

477 4827 510 4866 1
537 4820 842 4885 εὐσεϐείας.
923 4831 944 4858 ι
973 4821 1043 4875 al.
1067 4820 1224 4874 ὅπου.
1302 4830 1328 4859 α
1360 4818 1434 4873 al.
1478 4817 1818 4888 Ἀντιοχέων.

1601 4910 1793 4968 JOAN.
1827 4906 2167 4965 BOLLANDI
2207 4907 2439 4964 NOTAE.

471 5007 585 5079 (68)
619 5005 644 5079 ,1
652 5006 889 5079 uvenali.

2000 4999 2054 5057 D
2081 4999 2199 5066 ejus
2234 5001 2286 5052 in
2306 4999 2513 5070 synodo
2542 4997 2750 5065 prolata
2786 4995 3060 5070 indicant:
3100 5015 3119 5049 ι
3154 4997 3284 5070 Ego,
3318 4998 3512 5068 inquit,
3538 5001 3663 5060 huic

469 5065 586 5148 (69}
624 5076 959 5151 Nicephorus
1004 5074 1249 5151 lih.__M,
1294 5089 1412 5151 cap.
1446 5074 1577 5151 βό.-
1605 5071 1800 5151 Quinta
1850 5079 1970 5151 post
2076 5065 2360 5149 sententia}
2384 5069 2511 5151 (qua
2541 5065 3024 5151 synoduslNicmua
3064 5065 3413 5151 probatiatnr)
3450 5087 3533 5151 ure
3570 5091 3661 5151 su:

398 5136 869 5208 Pentecosten'die
896 5142 1172 5199 Iuvenalis
1214 5136 1670 5199 eum'Palmstinis
1699 5136 1972 5210 episcopis
2075 5140 2217 5191 cium
2266 5136 2548 5210 ascribo,
2608 5136 2998 5204 epistulamque
3078 5136 3262 5206 Cyrilh
3331 5136 3661 5196 sanctissimi

396 5221 566 5276 venit.
594 5216 797 5283 Quibus
823 5216 893 5269 ita
921 5215 1388 5283 convenientibus,
1416 5213 1645 5268 celebris
1669 5223 1724 5266 et
1743 5209 1972 5277 magnus
2074 5209 2563 5283 sacratissimiqne,
2596 5218 2653 5258 ιιι
2686 5221 2805 5283 quae
2831 5215 3035 5259 reetam
3066 5209 3316 5283 pia_tnque
3343 5210 3645 5283 doctrinam

396 5293 486 5346 ille
528 5282 851 5356 Euthymius
917 5282 1529 5356 PetrorhSaracenorum
1566 5283 1823 5356 episcopo
1863 5282 1970 5356 ab-

389 5359 545 5416 eunti
574 5348 852 5426 prze'cepit.
877 5364 935 5408 ut
968 5353 1148 5425 Cyrilli
1179 5352 1531 5426 Alexandrini
1568 5348 1619 5406 et
1642 5350 1825 5426 Acacii
1860 5348 1972 5404 Me-

2074 5280 2373 5339 cuntineat,
2412 5279 2571 5332 laudo
2599 5285 2650 5329 et
2691 5276 2880 5340 probo,
2926 5292 2945 5325 ι
2984 5291 3100 5342 par.
3133 5277 3190 5337 2,
3220 5287 3328 5330 act.
3361 5280 3409 5331 l.

2145 5349 2258 5419 (7'2)
2301 5348 2549 5402 Scltisuut
2606 5344 2860 5419 conﬂavit
2890 5382 2905 5406 ,
2943 5346 3408 5419 conciliubuloﬁ?)
3446 5348 3658 5414 episco-

393 5416 674 5489 litencl'isi,
705 5416 928 5480 omnino
958 5416 1281 5478 sententiam
1317 5431 1656 5492 sequeretur,
1690 5421 1972 5476 columnas
2071 5416 2264 5487 porum
2288 5427 2494 5492 contm_
2515 5416 2776 5492 synodum
2798 5417 3292 5487 congregato.Acta
3318 5417 3477 5486 hujus
3498 5419 3659 5473 simul

390 5513 446 5554 et
473 5497 694 5562 fastigia
733 5506 895 5550 rectae
923 5493 1047 5548 lidei
1080 5508 1173 5549 eos
1211 5507 1334 5548 esse
1366 5500 1619 5548 testatus.

465 5569 583 5642 (79)
609 5559 724 5620 "llic
750 5580 876 5642 cum
900 5565 1075 5642 tribus
1099 5564 1220 5620 aliis
1251 5561 1522 5635 episcopis
1545 5579 1574 5617 a
1601 5561 1816 5642 §ynodo
1839 5559 1970 5616 mis-

391 5632 488 5695 sus
523 5632 699 5692 fuerat
733 5636 801 5689 ad
829 5633 1164 5702 Nestorium,
1194 5647 1249 5690 ut
1273 5632 1395 5691 cum
1432 5649 1499 5687 ue
1539 5648 1568 5686 a
1609 5632 1811 5702 Synodi
1843 5645 1969 5702 con-

391 5725 551 5764 sessu
599 5708 793 5761 abesse
835 5704 1014 5767 vellet,
1074 5716 1342 5771 moneret,
1392 5713 1449 5759 ut
1492 5701 1686 5772 legitur
1739 5715 1855 5770 par.
1914 5701 1967 5766 1,

395 5780 591 5921 ἶἻῆίί).
616 5845 794 5915 Quam
828 5857 979 5903 tenax
1016 5848 1130 5917 ejus
1164 5846 1351 5902 moniti
1396 5845 1590 5911 fuerit,
1638 5845 1751 5898 lucc
1810 5842 1970 5898 verba

2071 5486 2193 5542 cum
2221 5489 2427 5558 synodo
2453 5486 2726 5557 Ephesina
2749 5486 2986 5539 eXstant.

2142 5555 2262 5628 (73}
2300 5555 2514 5635 Eodem
2561 5564 3098 5635 a_uuo__congregata
3175 5555 3368 5635 iterum
3448 5558 3655 5635 synodo

2072 5624 2351 5681 dainn'avit
2407 5627 2660 5683 hmresim
2718 5624 3140 5687 Nestorianam,
3206 5627 3388 5683 missis
3456 5624 3655 5683 litteris

2080 5699 2365 5821 sAyinodicgs.
2381 5699 2449 5751 ad
2469 5697 2960 5768 Rom.pontiliccm
2988 5694 3203 5750 Sixtum
3232 5695 3298 5751 111
3322 5708 3377 5753 et
3397 5696 3656 5769 Cyrillum

2148 5784 2305 5821 exant
2326 5783 2524 5821 riuum.

2148 5783 2524 5826 exanurinum.
