4144 6426
493 366 602 433 643

1735 350 2023 415 MENSIS
2058 350 2512 414 IANUARIUS.

3648 348 3755 413 ειι

494 478 811 552 dignitatem
850 482 903 531 et
933 472 1295 545 principatum
1320 446 1571 522 avunculi
1600 462 1853 532 tui(74);
1888 475 2077 552 verum

2186 461 2487 531 ἀποστῆναι
2549 459 2809 531 πειράσῃ,
2862 459 2961 529 τῆς
3017 458 3114 530 μὲν
3166 457 3262 511 τοῦ
3305 456 3451 512 θείου
3509 456 3604 510 τοῦ
3655 457 3751 512 σοῦ

500 551 694 625 rursus
712 567 809 623 tibi
847 565 1129 621 auferetur
1155 578 1185 616 a
1212 557 1488 628 malist75)
1519 566 1572 611 et
1604 551 2089 625 praestigiatoribus

500 661 837 722 hominibus,
892 669 1016 721 cum
1076 666 1175 724 per
1223 652 1345 706 illos
1399 648 1555 719 prius
1610 646 1869 700 seductus
1913 643 2084 698 fueris

499 751 858 825 ignoratione.
886 748 1063 815 Atque
1087 737 1205 798 hate
1246 740 1466 812 quidem
1488 746 1711 793 sanctus
1736 735 2074 806 Euthymius.

568 919 728 978 LVII.
755 922 827 976 At
854 921 1098 976 Domnus
1123 919 1191 975 de
1220 917 1371 973 hisce
1396 914 1667 970 mandatis
1693 928 1802 967 non
1838 911 2075 966 multum

500 1017 787 1081 sollicitus,
817 1013 1190 1085 proﬁciscitur
1211 1009 1585 1070 Antiochiam,
1610 1021 1790 1076 neque
1818 1005 1936 1061 vale
1991 1004 2080 1060 di-

500 1123 629 1162 cens
650 1114 861 1169 sancto,
892 1118 1070 1172 neque
1101 1101 1212 1156 ullo
1233 1100 1394 1154 modo
1435 1098 1486 1152 ei
1532 1112 1693 1153 suum
1750 1095 2064 1164 signiﬁcans

501 1211 797 1252 recessum.
830 1197 966 1250 Cum
1019 1193 1129 1248 illic
1166 1206 1294 1247 vero
1346 1189 1561 1252 fuisset,
1617 1187 1804 1243 omnia
1847 1203 1969 1258 quae
2010 1186 2080 1242 ab

504 1286 792 1358 Euthymio
818 1284 1072 1357 praedicta
1123 1283 1358 1346 fuerant,
1391 1280 1646 1336 effectum
1682 1289 1812 1335 sunt
1860 1278 2076 1334 sortita.

502 1382 571 1435 Et
605 1381 694 1435 ille
722 1394 914 1449 magna
941 1378 1139 1432 ductus
1167 1375 1513 1446 postmodum
1548 1374 1896 1444 pmnitentia,
1930 1373 2076 1442 quod

502 1487 610 1524 non
637 1470 957 1534 obediisset,
990 1468 1056 1521 ad
1086 1467 1270 1536 ipsqu
1318 1466 1630 1530 revertitur,
1679 1464 1830 1534 gravi
1895 1463 2082 1520 dolore

501 1561 800 1616 visceribus
821 1559 1117 1622 cruciatus,
1142 1566 1198 1611 et
1226 1572 1412 1611 amare
1439 1557 1678 1625 plorans.
1704 1556 1874 1610 Porro
1921 1554 2086 1611 Juve-

502 1652 640 1705 nalis
663 1651 999 1720 Stephanum
1021 1647 1428 1714 MelitenetLietn
1455 1648 1670 1702 ordinat
1715 1645 1943 1700 Jamniae
1963 1646 2076 1717 (76)

502 1743 816 1812 episcopum
851 1758 866 1807 ;
922 1740 1174 1797 Cosmam
1222 1756 1351 1794 vero
1403 1740 1780 1810 Cappadocem
1819 1737 1982 1794 refert
2023 1738 2077 1793 in

500 1835 743 1888 ordinem
773 1835 1238 1905 presbyterorum,
1278 1834 1439 1902 eique
1474 1848 1666 1889 cruces
1692 1832 1855 1888 tradit
1897 1841 2081 1888 custo-

501 1926 748 1980 diendas.

572 2015 902 2072 LVlIlJiaec
923 2030 1140 2085 quoque
1172 2016 1238 2070 de
1271 2015 1365 2071 illo
1413 2016 1583 2070 relata
1626 2024 1755 2070 sunt
1808 2016 2078 2071 monacho

500 2105 728 2174 (Iyriaco
769 2103 838 2156 ab
881 2103 1122 2157 hominis
1158 2101 1519 2157 familiaribus
1542 2113 1596 2157 et
1636 2104 2078 2171 successoribus;

503 2193 662 2245 nobis
689 2201 870 2245 autem
909 2190 1173 2262 Cyriacus
1210 2191 1422 2262 singula
1455 2192 1748 2262 patefecit;
1792 2194 1935 2263 quod
1984 2209 2081 2249 ne-

503 2301 593 2338 mo
619 2300 743 2339 eum
771 2299 1007 2353 unquam
1036 2285 1233 2339 viderit
1265 2287 1665 2351 comedentem,
1704 2286 1808 2341 nisi
1842 2286 2080 2341 Sabbato

505 2385 599 2432 aut
630 2377 1031 2439 dieDominica,
1053 2392 1163 2431 non
1193 2393 1315 2431 cum
1338 2377 1607 2446 aliquibus
1646 2378 2079 2448 colloquentem,

505 2469 821 2523 nullatenus
852 2484 975 2523 cum
1006 2484 1279 2539 quoquam
1310 2471 1779 2540 congredientem.
1813 2471 1921 2525 nisi
1944 2470 2083 2525 forte

512 2572 642 2611 usus
698 2557 893 2625 aliquis
945 2558 1254 2613 necessario
1323 2574 1676 2630 congressum
1746 2563 2077 2629 postularet;

510 2662 787 2716 nunquam
823 2662 987 2716 super
1008 2647 1151 2723 latus
1179 2647 1571 2716 dormientem,
1632 2649 1724 2705 sed
1766 2665 1918 2705 nunc
1958 2651 2083 2721 qni-

509 2738 632 2792 dcm
681 2739 963 2792 sedentem
1032 2754 1336 2808 parumque
1405 2740 1580 2794 oculis
1665 2742 2083 2806 connivenlom,

508 2848 657 2888 nunc
718 2848 846 2887 vero
880 2831 1089 2896 funem,
1130 2834 1219 2903 qui
1260 2835 1315 2888 in
1369 2837 1602 2905 quodam
1646 2838 1795 2892 cellae
1821 2839 2020 2909 angulo
2055 2855 2085 2893 a

512 2930 653 2976 tecto
685 2923 1045 2992 dependebat,
1076 2924 1341 2979 ambabus
1374 2934 1648 2980 tenentem
1674 2930 1945 2989 manibus,
1974 2929 2083 2983 sic-

509 3029 613 3084 que
659 3013 914 3068 nonnihil
957 3015 1131 3069 somni
1172 3016 1451 3070 moderate
1492 3016 1891 3088 degustantcm,
1952 3019 2085 3074 illud

512 3106 650 3160 forte
692 3106 873 3176 magni
902 3106 1140 3171 Arsenii,
1174 3108 1284 3176 (77)
1309 3107 1581 3163 dicentem
1613 3110 1715 3179 ipsi
1743 3129 1755 3165 :
1787 3112 2087 3178 Adesdum,

510 3214 669 3253 serve
720 3213 955 3269 nequam
993 3200 1060 3253 “'.
1087 3199 1451 3255 Alfirmabant
1506 3203 1651 3257 enim
1694 3219 1823 3257 eum
1877 3220 2096 3274 quoque

511 3290 681 3362 fuisse
736 3290 1106 3343 :emulatorem
1161 3289 1408 3353 Arscnii;
1457 3291 1694 3355 Arsenii,
1725 3292 1968 3361 inquam,
1993 3294 2086 3363 qui

512 3390 741 3450 paterno
756 3380 990 3449 quodam
1017 3379 1179 3434 modo
1205 3380 1456 3436 educavit
1475 3390 1529 3436 et
1553 3383 1788 3437 instituit
1806 3384 2094 3439 Arcadium

508 3481 568 3528 et
611 3473 909 3527 Honorium
965 3473 1348 3542 imperatores,
1394 3473 1629 3543 ideoque
1657 3475 1832 3529 Patris
1858 3474 2099 3546 appella;

515 3565 661 3618 tione
698 3580 728 3618 a
764 3563 971 3619 sanctis
1007 3578 1207 3635 nempe
1242 3564 1495 3619 Patribus
1526 3573 1609 3619 est
1644 3567 2094 3637 cognominatus;

515 3664 701 3727 postea
771 3667 953 3712 autem
993 3656 1155 3711 etiam
1214 3657 1265 3710 in
1307 3656 1601 3713 solitudine
1632 3656 1850 3730 Egypti
1899 3660 2096 3714 claruit

514 3748 827 3803 virtutibus.

585 3838 721 3893 LIX.
769 3840 926 3894 ilunc
966 3853 1096 3911 ergo
1169 3838 1580 3910 diligentissime
1599 3843 1953 3898 aemulabatur
1990 3842 2096 3896 Eu-

518 3931 776 4000 thymius,
801 3942 855 3985 et
887 3932 1171 3986 monachis
1201 3948 1267 3986 ex
1305 3931 1539 4004 [Egypto
1580 3935 1949 4002 venientibus,
1997 3937 2094 3991 de-

514 4037 623 4091 que
650 4022 769 4089 ejus
788 4022 1004 4077 vivendi
1033 4023 1244 4078 ratione
1271 4023 1480 4093 aliquid
1529 4025 1922 4093 relerentibus,
1969 4029 2094 4083 ani-

518 4127 667 4163 mum
695 4110 849 4164 ~.alde
886 4112 1136 4167 lubenter
1154 4114 1450 4169 adhibebat
1474 4133 1489 4181 ;
1517 4125 1573 4170 et
1609 4118 1806 4173 anima:
1857 4135 1970 4173 sua:
2002 4134 2095 4174 ve-

519 4199 616 4252 luti
674 4200 871 4256 tabulis
930 4202 1073 4257 bona
1106 4203 1252 4259 illius
1298 4206 1523 4262 curabat
1555 4208 1888 4271 inscribere;
1930 4219 2093 4280 atque

516 4290 639 4356 ejus
670 4289 931 4358 quietem,
968 4291 1352 4359 humilitatem,
1405 4297 1682 4350 silentium
1741 4298 2087 4353 imitabatur:

519 4389 895 4452 praﬂereaque
949 4382 1179 4439 vestitus
1227 4385 1515 4449 vilitatem,
1561 4387 1767 4442 ventris
1815 4388 2094 4444 abstinen-

2180 553 2358 622 ἀρχῆς
2397 551 2674 624 ἐγκρατὴς
2713 551 2812 623 έσῃ
2834 568 2848 582 '
2882 550 3022 622 πλὴν
3055 550 3454 622 ἀφαιρήσονται
3505 565 3564 602 σε
3588 548 3752 603 πάλιν

2179 643 2351 715 αὐτὴν
2390 646 2621 715 πονηροὶ
2643 646 2740 699 καὶ
2769 645 2962 713 γόητες
3027 643 3329 712 ἄνθρωποι,
3367 642 3562 712 ἀγνοίᾳ
3615 641 3754 712 πρό-

2178 751 2337 805 τερον
2366 736 2596 800 ἐκείνοις
2625 735 3060 807 συναπαχθέντα,
3092 733 3186 788 καὶ
3214 732 3388 787 ταῦτα
3447 731 3548 803 μὲν
3600 734 3630 786 ὁ
3690 734 3753 785 ὲν

2179 826 2353 894 ἁγίοις
2384 825 2676 896 Εὑθύμιος.

2247 918 2373 971 NZ'.
2415 920 2476 973 '0
2506 920 2710 990 Δόμνος
2754 918 2813 972 δὲ
2847 916 3020 989 μικρά
3078 916 3186 971 τῶν
3234 915 3490 972 τοιούτων
3525 913 3755 969 ἐντολῶν

2179 1012 2494 1081 φροντίσας,
2528 1011 2757 1083 ἀπαίρει
2791 996 2945 1078 πρὸς
2976 1008 3333 1080 Ἀντιόχειαν,
3384 1007 3519 1078 μηδὲ
3559 1022 3757 1082 συντα-

2179 1101 2411 1172 ξάμενος
2437 1100 2516 1172 τῷ
2542 1102 2704 1173 ἁγίῳ,
2736 1101 2862 1172 μηδ’
2901 1099 3153 1155 ὁπωσοῦν
3181 1099 3330 1170 αὐτῷ
3372 1100 3623 1171 σημάνας
3656 1097 3757 1169 τὴν

2178 1192 2551 1265 ἀναχώρησιν.
2614 1195 2823 1247 Ἐκείσε
2868 1193 3051 1264 μέντοι
3090 1179 3390 1263 γενομένῳ,
3429 1192 3609 1245 πάντα
3657 1191 3758 1244 ὅσα

2173 1287 2303 1355 παρ’
2353 1285 2557 1356 αὺτῷιι
2592 1284 2952 1357 προερρήθη,
3010 1282 3187 1338 ταῦτα
3231 1283 3296 1354 δὴ
3344 1282 3440 1337 καὶ
3489 1284 3569 1346 είς
3595 1282 3760 1353 ἔργον

2175 1372 2357 1446 ἐξέόη.
2416 1377 2685 1440 Κακεῖνος
2748 1376 2949 1444 πολλὴν
2995 1375 3212 1445 ὑπέχων
3259 1374 3483 1445 ὕστερον
3541 1372 3634 1425 ἐπὶ
3687 1372 3755 1442 τῇ

2175 1468 2432 1537 παρακοῇ
2501 1465 2901 1537 μεταμέλειαν,
2955 1465 3201 1518 ἐπάνεισι
3253 1463 3390 1534 πρὸς
3447 1462 3631 1524 αὐτὸν,
3688 1462 3759 1516 τὰ

2181 1557 2468 1627 σπλάγχνα
2504 1557 2945 1628 σπαραττόμενος
2998 1555 3145 1627 μάλα
3173 1554 3385 1623 δεινῶς,
3436 1555 3531 1607 καὶ
3559 1552 3759 1622 πικρὸν

2178 1649 2531 1720 ὀδυρόμενος.
2588 1648 2940 1710 Ἰουϐενάλιος
2975 1648 3031 1701 δὲ
3059 1646 3153 1701 τδν
3185 1647 3251 1700 ὲκ
3288 1644 3596 1715 Μελιτηνῆς
3629 1643 3763 1696 Στέ-

2183 1757 2352 1813 φανον
2386 1742 2684 1794 ἐπίσκοπον
2723 1739 2999 1810 Ἰαμνείας
3038 1750 3062 1778 ο
3097 1740 3413 1810 χειροτονεῖ,
3451 1737 3679 1807 Κοσμᾶν
3701 1734 3761 1787 δὲ

2185 1836 2277 1889 τὸν
2300 1833 2674 1903 Καππαδόκην
2704 1831 2781 1903 τῷ
2807 1831 2993 1902 κλήρῳ
3020 1831 3129 1886 τῶν
3152 1828 3542 1901 πρεσϐυτέρων
3569 1826 3761 1899 ἐγκρί-

2188 1944 2289 1988 νει,
2315 1925 2410 1979 καὶ
2446 1924 2545 1995 τὴν
2576 1925 2822 1995 φυλακὴν
2853 1923 3001 1994 αὐτῷ
3026 1922 3136 1976 τῶν
3169 1921 3421 1991 σταυρῶν
3450 1918 3757 1989 ἀνατίθησι.

2256 2016 2389 2073 NH'.
2446 2018 2555 2071 Καὶ
2601 2015 2862 2089 ταῦτα-δὲ
2895 2015 2974 2085 τῷ
3015 2013 3236 2085 μοναχῷ
3287 2009 3552 2082 Κυριακῷ
3609 2008 3763 2081 παρὰ

2184 2109 2294 2163 τῶν
2318 2108 2410 2162 τοῦ
2440 2108 2632 2179 ἀνδρὸς
2653 2107 2925 2177 ὀμιλητῶν
2951 2123 3011 2161 τε
3040 2107 3135 2160 καὶ
3159 2105 3421 2175 διαδόχων
3441 2101 3569 2172 περὶ
3595 2098 3761 2155 αὑτοῦ

2187 2200 2475 2271 ἀπηγγέλη
2502 2217 2514 2231 ·
2554 2201 2686 2271 ἡμῖν
2729 2198 2786 2251 δὲ
2831 2197 3109 2269 Κυριακὺς
3149 2196 3358 2251 ἕκαστα
3388 2194 3713 2264 διεσάφησεν
3744 2205 3761 2222 ⁸

2186 2294 2261 2357 ὡς
2290 2293 2569 2354 οὐδέποτε,
2601 2290 2876 2345 Σαὸδάτου
2920 2292 3086 2360 χωρὶς
3115 2288 3148 2359 ἦ
3177 2289 3481 2360 Κυριακῆς.
3516 2283 3766 2338 ἐσθίοντα

2186 2387 2375 2441 τοῦτον
2407 2383 2506 2437 ἴδοι
2539 2400 2643 2446 τις.
2680 2384 2740 2436 οὑ
2780 2381 3147 2435 συλλαλοῦντά
3186 2396 3349 2446 τισιν,
3388 2374 3638 2445 οὐδαμῶς
3676 2377 3763 2428 ὲνο

2194 2477 2553 2548 τυγχάνοντα,
2602 2472 2743 2544 πλὴν
2778 2474 2827 2526 εἰ
2881 2473 3063 2543 μήπου
3115 2472 3272 2543 χρεία
3316 2486 3400 2532 τις
3451 2464 3766 2559 ἀναγκαίως

2189 2567 2289 2639 τὴν
2321 2563 2613 2636 συντυχίαν
2670 2562 2867 2635 ἀπῄτει
2893 2578 2910 2593 ⁶
2947 2563 3047 2616 οὐκ
3097 2563 3188 2615 ἐπὶ
3220 2560 3457 2628 πλευρᾶς
3506 2557 3763 2609 οὐδέποτε

2191 2657 2624 2729 καθευδήσαντα,
2660 2655 2796 2711 ἀλλὰ
2841 2655 2937 2709 νῦν
2970 2654 3069 2726 μὲν
3098 2652 3403 2723 καθήμενον
3444 2649 3537 2705 καὶ
3589 2646 3763 2718 μικρά.

2189 2751 2316 2814 τοὺς
2348 2748 2664 2819 ὀφθαλμοὺς
2708 2746 3030 2817 ἐπιμύοντα,
3081 2743 3178 2799 νῦν
3228 2744 3287 2798 δὲ
3339 2742 3572 2813 σχοινίου
3629 2737 3769 2809 πρός

2190 2854 2301 2890 τινι
2352 2838 2447 2891 τοῦ
2493 2836 2705 2891 κελλίου
2738 2836 2909 2906 γωνίᾳ
2938 2835 3037 2905 τῆς
3082 2833 3281 2904 στέγης
3331 2828 3766 2901 ὲκκρεμαμένου,

2198 2928 2541 2999 ρμφοτέραις
2590 2927 2780 2998 χερσὶν
2826 2926 3146 2996 ὲξεχὸμενον
3195 2922 3259 2987 ἀ,
3303 2920 3399 2975 καὶ
3439 2920 3582 2972 οὕτω
3625 2915 3773 2978 τινὸς

2236 3036 2366 3073 πνου
2427 3019 2671 3089 μετρίως
2734 3016 3225 3089 παραγενόμενον,
3273 3013 3334 3067 τὸ
3386 3011 3480 3065 τοῦ
3538 3007 3772 3080 μεγάλου

2122 3142 2166 3200 α
2196 3109 2357 3182 τυχδν
2401 3110 2704 3181 ’Λρσενίου,
2744 3107 3096 3200 Δεῦρο,καπὲ
3142 3104 3328 3200 δοῦλε,
3380 3103 3513 3200 προς
3534 3102 3774 3200 μὲῗιεῖνρν

2202 3201 2688 3271 ὲπιφθεγγόμενον.
2748 3199 3157 3254 Διεϐεϐαιοῦντο
3210 3196 3320 3268 γὰρ
3381 3195 3475 3249 κοιλ¹
3529 3192 3775 3261 ζηλωτὴν

2209 3295 2372 3347 αὐτὸν
2424 3293 2704 3363 Ἀρσενίου
2741 3292 3073 3363 γεγενῆσθαι
3101 3306 3116 3321 ’
3160 3288 3460 3362 Ἀρσενίου,
3498 3286 3661 3357 φημὶ,
3678 3282 3775 3338 τοῦ
3867 3300 3875 3309 ·

2203 3386 2406 3456 τρόπον
2447 3385 2569 3450 τινά
2597 3384 2881 3453 πατρικὸν,
2927 3382 3210 3455 ’Δρκάδιον
3240 3381 3332 3433 καὶ
3371 3380 3626 3448 Ὁνώριον
3649 3377 3778 3438 τοὺς

2207 3477 2447 3548 βασιλεῖς
2479 3476 2821 3546 θρεψαμένου
2848 3492 2905 3528 τε
2934 3475 3027 3529 καὶ
3056 3469 3526 3542 παιδευσαμένου,.
3558 3470 3649 3522 καὶ
3688 3465 3780 3519 διὰ

2205 3569 2363 3622 τοῦτο
2395 3570 2459 3639 τῇ
2506 3569 2600 3621 τοῦ
2636 3568 2848 3638 Πατρδς
2882 3568 2986 3621 ὑπὸ
3026 3567 3134 3622 τῶν
3175 3565 3343 3635 ἁγίων
3377 3561 3574 3634 δηλαδὴ
3600 3559 3767 3614 Hate-

2208 3677 2318 3731 ρων
2377 3658 2761 3730 ἐπικληθέντος
2805 3658 3151 3731 προσηγορίᾳ
3175 3674 3189 3689 ·
3233 3656 3458 3725 ὕστερον
3493 3654 3549 3707 δὲ
3578 3655 3677 3707 κάν
3707 3655 3778 3724 τῇ

2092 3792 2107 3806 .
2208 3753 2345 3821 πρὸς
2387 3751 2662 3818 Αἴγυπτον
2695 3753 2885 3824 ἐρήμῳ
2926 3754 3047 3815 ταῖς
3096 3751 3317 3820 ἀρεταῖς
3357 3745 3775 3816 διαλάμψαντος.

2275 3842 2403 3896 ΝΘ’.
2429 3842 2630 3896 Τοῦτον
2663 3839 2758 3897 οῦν
2779 3844 2975 3914 ἐζήλου
3002 3843 3123 3896 λίαν
3147 3840 3399 3913 ἐμμελῶς
3428 3841 3455 3892 ὁ
3484 3836 3779 3906 Εὐθύμιοςο

2210 3935 2444 3998 καὶτοῖς
2473 3936 2583 3988 άπὸ
2606 3936 2706 4006 τῆς
2738 3937 3017 4007 Αἰγύπτου
3048 3935 3272 4005 φοιτῶσι
3297 3933 3568 4004 μοναχοῖς,
3600 3929 3694 3982 καί
3726 3945 3782 3981 τι

2209 4028 2340 4099 περὶ
2368 4029 2465 4094 τῆς
2503 4028 2780 4092 πολιτείας
2806 4030 2904 4099 τῆς
2932 4027 3143 4082 ἐκείνου
3172 4025 3567 4097 διηγουμένοις,
3608 4022 3783 4092 ἡδέως

2206 4119 2347 4189 ἄγαν
2377 4124 2634 4192 προσεῖχε
2658 4121 2749 4175 τὸν
2779 4122 2903 4174 νοῦν
2932 4136 2946 4149 ·
2971 4121 3064 4174 καὶ
3088 4121 3201 4181 τοῖς
3221 4116 3437 4184 πίναξιν
3467 4116 3655 4184 ὤσπερ
3679 4112 3783 4179 τῆς

2207 4209 2404 4261 ἑαυτοῦ
2473 4210 2654 4280 ψυχῆς
2718 4211 3094 4282 μεταγράφειν
3153 4209 3380 4263 ἔσπευδε
3444 4211 3512 4262 τὰ
3569 4208 3781 4260 ἐκείνου

2210 4299 2354 4353 καλά
2376 4316 2390 4331 ·
2425 4300 2526 4370 τὴν
2553 4302 2786 4372 ἡσυχίαν
2843 4318 2903 4356 τε
2957 4303 3052 4356 καὶ
3096 4303 3197 4372 τὴν
3245 4302 3577 4356 ταπείνωσιν
3609 4312 3656 4364 ε,
3685 4303 3785 4353 καὶ

2203 4393 2304 4463 τὴν
2365 4393 2530 4448 αὐτοῦ
2575 4395 2784 4465 σιωπὴν
2824 4394 3114 4465 ἐμιμεῖτοο
3154 4392 3291 4464 πρὸς
3338 4393 3395 4447 δὲ
3439 4393 3534 4447 καὶ
3580 4390 3639 4445 τὸ
3685 4394 3783 4446 τοῦ

523 4472 675 4536 tiam,
704 4482 758 4527 et
786 4473 1115 4544 vigilantiam
1171 4477 1637 4547 sobrietatemque
1699 4478 1753 4533 in
1805 4480 2084 4550 omnibus;

2204 4484 2505 4556 ἐνδύματος
2560 4487 2799 4554 εὐτελὲς,
2849 4488 2943 4541 καὶ
2991 4487 3052 4540 τὺ
3102 4488 3230 4557 περὶ
3266 4486 3365 4556 τὴν
3413 4486 3653 4556 γαστέρα
3689 4489 3782 4554 ὲγ-

525 4565 740 4631 Arseni,
770 4567 1130 4637 propterquid
1152 4582 1406 4638 egressus
1446 4569 1718 4638 es?juxta
1761 4572 1968 4626 dictum
2024 4574 2093 4628 il-

601 4676 645 4709 “
684 4676 817 4732 Vitae
845 4676 1089 4744 Patrum,
1123 4679 1190 4745 V,
1221 4697 1295 4747 ιν,
1318 4681 1378 4743 2;
1407 4688 1447 4734 t.
1475 4679 1514 4745 Ι,
1538 4696 1591 4749 p.
1619 4680 1723 4734 356
1755 4683 1821 4737 A.

600 4881 630 4921 ³³
652 4880 722 4951 al.
747 4881 975 4951 ὅσαπερ.
1058 4892 1087 4951 οῗ
1124 4883 1195 4935 al.
1224 4880 1499 4951 [Ιαμνίας.

1577 4880 1605 4920 ἀ
1640 4883 1712 4936 al.
1742 4884 2093 4957 ἀνεχόμενον.

538 4951 604 5017 Λ;
645 4950 775 5005 Vitae
801 4949 1023 5005 Patrum
1050 4950 1116 5017 ν,
1166 4949 1282 5015 XV,
1312 4954 1364 5005 9.

2192 4578 2420 4645 κρατὲς,
2473 4579 2568 4633 καὶ
2596 4578 2656 4633 τὸ
2687 4578 3050 4650 προσεκτικὺν
3098 4576 3288 4643 αὐτοῦ,
3318 4579 3594 4648 πανταχοῦ
3633 4577 3653 4617 ί
3687 4581 3783 4633 καὶ

1786 4792 2023 4849 VARUE
2082 4796 2486 4858 LECTIONES.

2196 4902 2217 4922 °
2245 4892 2319 4947 al.
2362 4895 2886 4968 ταπεινοφροσύνην.
2997 4895 3015 4936 ί
3046 4897 3203 4953 abest
3224 4897 3295 4953 ab
3316 4896 3387 4951 al.
3451 4906 3490 4953 t.
3520 4896 3562 4962 1,
3587 4913 3622 4967 p
3675 4898 3783 4950 370

1735 5044 1929 5100 JOAN.
1972 5046 2315 5105 BOLLANDI
2350 5050 2584 5111 NOTAS.

599 5135 710 5203 (74)
750 5134 1021 5190 Soccessit
1056 5135 1247 5188 Joanni
1280 5137 1544 5192 avunculo
1564 5139 1818 5195 defuncto
1838 5141 2097 5201 Domnus.

527 5206 775 5260 Interfuit
801 5207 1006 5276 synodo
1039 5205 1319 5274 Ephesii“?
1362 5211 1682 5274 reprohatze,
1716 5225 1806 5264 an.
1838 5211 1938 5265 Ch.
1974 5213 2097 5275 “9.

530 5291 713 5353 mense
737 5276 999 5353 Augusto.
1038 5276 1221 5330 Annos
1279 5277 1430 5353 illi_8
1467 5280 1709 5349 assignat
1766 5278 2104 5351 Nicephorns

530 5350 580 5399 in
612 5348 909 5399 Chronico.

603 5416 713 5486 (75)
754 5414 1048 5490 Damnatus
1076 5412 1178 5467 fuit
1208 5413 1436 5490 indicta
1453 5422 1656 5489 synodo
1678 5431 1733 5475 et
1762 5422 2099 5490 patriarcha-

528 5483 650 5556 tum
673 5486 835 5556 cessit
862 5483 1114 5556 Maximo,
1145 5486 1282 5551 quod
1316 5488 1443 5543 facti
1481 5483 1776 5556 pmnitens'
1802 5506 1956 5545 suum
2006 5506 2100 5545 rc-

528 5554 771 5627 petiisset
795 5553 961 5627 deleri
996 5554 1437 5623 chirographum,
1471 5553 1577 5627 quo
1602 5557 1842 5614 Flaviani
1889 5570 1943 5614 et
1988 5560 2098 5614 Eu—

528 5624 685 5693 sebii,
703 5624 1102 5693 damnationem
1130 5635 1255 5676 ante
1290 5624 1566 5693 probarat.

602 5692 715 5770 (16)
765 5691 1102 5770 Lipomanus
1144 5691 1422 5770 et_Surius
1453 5697 1719 5770 Ismeniae,
1771 5714 2095 5770 perperam;

536 5760 730 5814 melius
758 5772 943 5829 postea
976 5761 1174 5830 saepius
1201 5760 1437 5832 Jamnia,
1491 5768 1572 5820 ah.
1604 5771 1683 5823 eis
1705 5760 2000 5839 'eipréssa.
2022 5760 2098 5824 ita

2210 5148 2301 5223 hic
2333 5164 2436 5223 ms.
2483 5150 2755 5223 Graecum,
2807 5161 2969 5223 atque
3012 5151 3092 5223 sic
3133 5150 3438 5223 Stephanus
3500 5156 3789 5222 cpiscopus

2208 5218 2435 5293 Jainnize
2462 5220 2661 5293 saepius
2715 5218 2913 5293 [θεηιῂ
2953 5222 3007 5293 in
3045 5220 3196 5276 Actis
3230 5218 3438 5293 'synodi
3492 5218 3789 5277 Cliah-e‘uo-

2210 5290 2413 5362 nensis,
2444 5291 2529 5342 cui
2566 5289 2828 5362 interfuit.
2861 5289 3197 5362 Est_Jamnia
3227 5289 3419 5347 civitas
3459 5295 3788 5362 episcopalis

2211 5359 2313 5411 sub
2348 5360 2630 5427 metropoli
2671 5358 2920 5414 Caesarea
2953 5359 3272 5427 Palaestinae,
3309 5364 3375 5415 ad
3421 5358 3570 5416 mare
3622 5362 3788 5415 Μιεύὶ-

2212 5436 2543 5499 terraneum,
2601 5444 2768 5498 prape
2800 5428 3030 5499 Joppen,
3091 5432 3144 5483 in
3195 5433 3335 5484 tribu
3385 5431 3519 5486 Dan.
3552 5431 3789 5486 Consule

2205 5496 2410 5571 ibidem
2443 5496 2850 5552 Atli‘icltOtiliullt
2872 5496 2936 5554 ἰί.
2965 5500 3058 5571 733.
3094 5499 3232 5554 Hinc
3267 5501 3439 5571 liquet
3464 5518 3571 5557 non
3605 5510 3791 5571 poste-
3894 5549 3901 5556 .

2208 5566 2446 5641 rioribus
2478 5576 2685 5641 tantum
2733 5570 3084 5639 temporibus,
3123 5573 3266 5641 quod
3304 5566 3395 5625 ille
3431 5566 3786 5638 existimavit,

2208 5634 2388 5710 fuisse
2412 5637 2464 5710 in
2494 5650 2568 5710 ea_
2581 5639 2715 5710 urbe
2741 5634 3079 5710 episcopum.

2282 5703 2396 5776 (77)
2431 5706 2503 5761 De
2536 5705 2593 5760 S.
2633 5703 2867 5765 Arsenio
2904 5703 3152 5777 pluribus
3182 5724 3407 5781 agemus
3434 5709 3501 5768 19
3528 5710 3678 5770 Julii.
