4144 6486
407 389 518 453 645

1681 384 1857 445 νιΤΑ
1896 385 1958 446 S.
1999 384 2405 446 EUTHYMII.

3559 393 3668 455 646

406 499 707 571 νηφάλιον⁹
759 494 1001 565 ’Ᾱρσένιε
1037 534 1053 558 ,
1084 492 1150 547 δι’
1197 492 1226 547 ὃ
1279 491 1543 562 ὲξῆλθες;
1601 492 1745 547 κατὰ
1792 491 1854 545 τὸ
1902 492 1984 544 ὑπ

2097 490 2223 547 lius.
2244 491 2738 563 Compunctionem
2762 500 2945 551 autem
2968 509 3078 566 quo
3094 495 3294 551 modo?
3325 496 3453 553 item
3492 501 3665 574 lacry-

406 586 624 642 ἐκείνου
665 584 977 652 λεγόμενον.
1010 582 1121 653 Τὴν
1156 580 1214 635 δὲ
1245 579 1558 647 κατάνυξιν,
1594 581 1750 648 πῶς;
1800 582 1882 635 Τὰ
1932 580 1990 657 δε

404 677 644 746 δάκρυα,
676 675 776 737 τὰς
816 672 1126 741 παννύχους
1158 689 1218 725 τε
1257 673 1586 743 ἀγρυπνίας,
1619 672 1715 726 καὶ
1754 672 1817 727 τὸ
1866 671 1990 741 φιλ-

405 770 617 837 έρημον
661 765 863 829 έκεῖνο,
905 762 999 815 καὶ
1027 761 1271 833 ἀκριϐῶς
1297 761 1530 831 ἄμικτον
1563 778 1577 792 ο
1612 762 1674 815 τὸ
1707 760 1989 831 συμπαθὲς

407 860 544 928 πρὲς
591 856 825 919 τούτοις,
877 854 937 907 τὸ
966 854 1305 924 εύδιάκριτον
1335 856 1383 918 Β,
1433 853 1495 907 τὺ
1546 855 1628 915 εἰς
1682 853 1990 923 προσευχὴν

409 948 695 1021 πρόθυμόν
720 963 781 998 τε
808 946 902 999 καὶ
936 944 1174 1008 εὔτονον,
1205 946 1302 998 καὶ
1325 943 1423 1014 τὴν
1451 942 1898 1013 ὑπερϐάλλουσαν
1930 944 1988 995 ιν

405 1044 542 1095 πᾶσι
589 1038 687 1091 τοῦ
736 1037 929 1105 ἀνδρὸς
970 1037 1307 1107 καρτερίαν;
1346 1030 1473 1107 Ἀρ*
1502 1030 1595 1088 οὖν
1627 1034 1727 1105 τὴν
1775 1034 1986 1088 ἐκείνου

404 1130 686 1185 πολιτείαν
709 1128 852 1182 οὕτω
880 1143 1238 1197 μιμουμενος,
1261 1127 1382 1195 οὐχι.
1399 1126 1500 1181 καὶ
1522 1125 1631 1178 τῶν
1654 1124 1865 1178 ἐκείνου
1887 1142 1989 1195 χα-

406 1222 695 1294 ρισμάτων
725 1219 948 1288 γέγονεν
976 1218 1126 1285 ἄξιος
1155 1236 1171 1286 ;
1205 1218 1238 1289 ἢ
1267 1218 1455 1286 γέγονε
1486 1218 1606 1288 μὲν,
1635 1219 1697 1271 οὖ
1711 1217 1821 1271 τῶν
1857 1217 1988 1270 ῐσων

398 1314 496 1379 δέ;
531 1311 833 1380 Οὑμενοῦν,
889 1310 1004 1364 ἀλλ’
1038 1310 1185 1362 ἔστιν
1232 1305 1314 1372 οἷς
1378 1310 1544 1362 αὑτὸν
1603 1309 1697 1362 καὶ
1747 1308 1989 1379 ἀτεχνῶς

403 1402 731 1473 ὑπερέϐαλε.
788 1401 935 1472 Πλὴν
995 1400 1132 1453 ἀλλὰ
1162 1400 1273 1452 τῶν
1304 1399 1479 1453 ἄλλων
1525 1399 1664 1463 τέως
1701 1399 1983 1469 ἀφέμενοι,

400 1496 552 1558 ὅπως
598 1495 725 1564 περὶ
779 1492 892 1545 τῶν
935 1491 1237 1562 μελλόντων
1267 1491 1530 1560 ὲγίνωσκέ
1587 1508 1648 1544 τε
1701 1491 1797 1544 καὶ
1846 1498 1985 1560 προ·

404 1586 656 1656 ηγόρευε,
682 1584 930 1655 δείξομεν
959 1582 1284 1654 φιλαλήθως.

490 1675 563 1730 Ξ.
612 1675 883 1746 Ἐγλίχετο
928 1674 1176 1743 σφοδρῶς
1206 1674 1309 1741 τῆς
1351 1672 1514 1734 αὐτοῦ
1547 1672 1676 1736 θέας
1723 1673 1985 1736 Ἀναστά-

422 1784 553 1831 σιος,
575 1767 601 1818 ό
623 1768 720 1818 τῶν
750 1764 916 1835 ἱερῶν
948 1763 1160 1818 σκευῶν
1190 1765 1290 1835 τῆς
1315 1764 1473 1831 ἁγίας
1507 1763 1853 1828 ἀναστάσεως
1884 1781 1985 1817 πε-

2094 598 2230 647 mas,
2261 593 2564 641 nocturnas
2588 585 3053 657 pervigilationes,
3099 588 3251 642 illum
3285 604 3528 646 amorem
3574 609 3666 647 so-

2084 673 2335 729 litudinis
2379 684 2743 745 exactumque
2776 693 2807 730 a
2845 666 3069 737 cunctis
3102 693 3414 745 recessum;
3451 680 3519 734 ad
3551 680 3667 736 haec

2090 765 2647 834 commiserationem,
2697 768 3046 824 discernendi
3085 771 3216 837 vim,
3248 771 3302 826 in
3346 773 3666 843 precatione

2088 855 2431 911 alacritatem
2465 865 2521 912 et
2563 858 2952 924 constantiam,
2993 860 3511 933 praecellentemque
3560 866 3665 919 viri

2089 944 2234 999 circa
2270 946 2455 1000 omnia
2504 945 2919 1002 fortitudinem?
2964 948 3103 1002 Num
3135 960 3342 1013 autem,
3401 967 3525 1006 cum
3585 951 3667 1007 sic

2085 1037 2235 1093 illius
2254 1038 2567 1094 imitaretur
2589 1041 2713 1095 vitae
2747 1041 3080 1107 institutum,
3111 1056 3221 1095 non
3264 1042 3427 1096 etiam
3469 1043 3665 1112 dignus

2084 1127 2190 1182 fuit
2222 1129 2367 1184 illius
2391 1129 2855 1186 charismatibus‘?
2898 1141 2994 1186 aut
3022 1131 3127 1186 fuit
3163 1131 3400 1202 quidem,
3430 1141 3488 1187 at
3556 1147 3664 1189 ncn

2087 1219 2350 1288 paribus?
2393 1220 2751 1291 Nequaquam
2806 1224 2952 1278 :sed
3000 1234 3129 1278 sunt
3188 1224 3244 1277 in
3286 1223 3490 1294 quibus
3541 1239 3665 1278 eum

2085 1308 2311 1365 omnino
2349 1311 2648 1380 superavit.
2683 1311 3076 1368 Verumtamen:
3099 1313 3222 1368 aliis
3249 1314 3472 1369 interim
3501 1314 3670 1370 omis-
3750 1298 3753 1305 ’

2083 1398 2178 1463 sis,
2210 1401 2667 1469 quemadmodum
2710 1400 2893 1456 futura
2955 1403 3273 1473 cognoverit
3305 1412 3360 1458 et
3397 1405 3670 1473 praedixe-

2089 1490 2179 1561 rit,
2215 1491 2454 1547 veridice
2478 1492 2855 1548 ostendemus.

2159 1666 2270 1743 LX.
2310 1667 2446 1722 Eum
2508 1668 2697 1724 videre
2736 1669 2895 1724 valde
2945 1670 3291 1727 desiderabat
3321 1673 3663 1741 Anastasius,

2083 1762 2241 1830 cujus
2269 1761 2390 1816 ﬁdei
2423 1762 2628 1817 credita
2659 1771 2779 1817 erat
2807 1764 3053 1818 custodia
3088 1780 3370 1837 sacrorum
3393 1783 3657 1824 vasorum

412 1860 770 1926 πιστευμένος
799 1859 897 1926 τὴν
931 1856 1201 1927 φυλακὴν,
1228 1856 1648 1926 χωρεπίσκοπός
1677 1873 1737 1909 τε
1767 1855 1864 1921 ὢν,
1895 1856 1984 1911 καὶ

2093 1859 2293 1906 sanctte
2350 1850 3265 1925 ltesnrrectionis,chorepiscopus
3294 1856 3483 1919 etiam,
3530 1873 3664 1912 san-

406 1949 663 2019 φοιτητὴς
716 1950 833 2020 ἃμα
900 1949 993 2003 καὶ
1044 1948 1290 2019 ζηλωτὴς
1340 1949 1729 2019 Πασσαρίωνος
1781 1948 1876 2002 τοῦ
1923 1949 1983 2000 ἐν

403 2040 581 2107 ἁγίοις
634 2040 1026 2108 γεγενημένος.
1076 2034 1249 2092 Πόθον
1299 2035 1391 2093 οὖν
1445 2039 1687 2091 τοιοῦτον
1738 2038 1838 2107 τῆς
1886 2033 1983 2092 τοῦ

396 2131 593 2202 ἀνδρὸς
619 2132 830 2202 τρέφων
881 2130 1075 2199 ὂψεως,
1102 2129 1273 2199 Φείδῳ
1300 2146 1357 2182 τε
1389 2129 1467 2200 τῷ
1515 2129 1799 2198 ὲπισκόπῳ
1838 2129 1984 2182 Ἰόπ-

401 2239 514 2293 πης
539 2223 565 2262 Ιι
595 2224 687 2275 καὶ
717 2222 909 2291 Κοσμᾷ
940 2220 1019 2292 τῷ
1046 2220 1476 2291 σταυροφύλακι,
1509 2220 1610 2289 τὴν
1631 2218 1801 2290 καλὴν
1840 2220 1986 2271 ἐκείσ-

396 2324 497 2374 νην
556 2308 854 2377 ἐπιθυμίαν
899 2307 1172 2361 κοινοῦται
1201 2324 1214 2337 ο
1247 2310 1342 2361 καὶ
1369 2307 1592 2371 τούτους
1632 2307 1986 2379 παραλαϐὼν,

400 2398 540 2452 ἀλλὰ
587 2400 678 2450 καὶ
711 2401 894 2451 Φεῖδον
944 2399 1131 2469 ἕτερον
1174 2399 1268 2451 τὸν
1293 2397 1388 2451 τοῦ
1429 2397 1728 2452 ἐπισκόπου
1759 2398 1981 2467 ἔκγονον

397 2491 589 2543 Φείδου
631 2491 772 2560 (νέος
803 2491 860 2543 δὲ
898 2487 964 2561 ἦν
991 2488 1146 2554 οὗτος
1178 2490 1258 2543 ἔτι
1297 2487 1315 2529 ί
1364 2490 1462 2560 τὴν
1500 2489 1735 2561 ἠλικίαν,
1772 2491 1865 2543 καὶ¹
1902 2490 1982 2561 τῷ

393 2586 507 2635 τῶν
532 2584 895 2651 ἀναγνωστῶν
922 2575 1069 2653 χορῷ
1100 2583 1660 2655 συγκατειλεγμένος·
1690 2585 1747 2645 ὃς
1790 2601 1853 2652 γε
1884 2584 1984 2655 δή-

396 2691 504 2725 που
540 2674 822 2727 καὶταῦτα
850 2673 929 2744 τῷ
958 2675 1174 2745 μοναχῷ
1200 2675 1464 2746 Κυριακῷ
1495 2674 1866 2745 παραδεδώκει
1894 2678 1989 2730 καὶ

394 2764 749 2836 διηγήσατο),
766 2766 991 2836 ἀπαίρει
1023 2768 1118 2819 σὺν
1149 2767 1333 2829 αὐτοῖς
1357 2766 1493 2837 πρὸς
1513 2767 1603 2820 τὸν
1624 2768 1796 2837 μέγαν
1812 2767 1989 2821 Εὐθύ-

399 2873 548 2926 μιον.
590 2857 676 2920 Ὠς
709 2857 764 2909 δὲ
793 2856 1020 2925 πλησίον
1060 2857 1159 2928 ήδη
1189 2857 1290 2927 τῆς
1319 2857 1527 2930 λαύρας
1557 2858 1825 2927 ἐγένοντο,
1873 2861 1989 2922 τοῖς

400 2948 502 3018 μὲν
542 2947 742 3013 ἄλλοις,
787 2946 943 3001 οὔπω
987 2947 1414 3013 καταλαϐόντες,
1471 2947 1677 3019 ἄδηλοι,
1726 2947 1987 3019 Εὑθυμίῳ

395 3037 458 3089 δὲ
512 3039 736 3108 φανεροὶ
780 3032 924 3110 ἦσαν
970 3039 1297 3110 ἀποῤῥήτως
1342 3038 1448 3092 ὑπὸ
1495 3037 1589 3113 τού
1642 3039 1981 3110 Πνεύματος.

401 3129 655 3194 Καλέσας
684 3126 778 3183 οὖν
807 3130 970 3195 εὐθὺς
1028 3130 1121 3184 τὸν
1161 3131 1260 3203 τῆς
1292 3129 1502 3204 λαύρας
1530 3132 1814 3203 οἰκονόμον
1844 3132 1988 3202 Χρύ-

400 3238 622 3287 σιππον,
661 3222 912 3294 Εύτρεπῆ
936 3239 1017 3276 σοι
1046 3223 1114 3278 τὰ
1134 3223 1269 3295 πρὸς
1291 3223 1556 3295 ὑποδοχὴν
1581 3224 1742 3289 ἔστω,
1769 3225 1932 3294 φησίν
1966 3241 1980 3256 ·

398 3314 510 3368 ἰδοὺ
546 3315 655 3386 γὰρ
694 3314 814 3385 ἅμα
861 3315 937 3384 τῷ
965 3315 1180 3386 ἁδελφῷ
1202 3316 1281 3384 τῷ
1315 3314 1395 3385 σῷ
1430 3317 1526 3369 καὶ
1556 3317 1584 3369 ό
1634 3316 1980 3389 πατριάρχης

393 3406 530 3477 παρ’
559 3408 704 3477 ⁴ἡμᾶς
733 3406 974 3478 ἔρχεται.
1007 3434 1017 3441 -

462 3497 589 3551 SA'.
630 3498 766 3569 Ἤδη
815 3498 870 3550 δὲ
910 3499 1001 3551 καὶ
1030 3496 1208 3551 αὐτῶν
1251 3486 1725 3569 παραγεγονότων,
1775 3496 1980 3569 θεωρίᾳ

390 3590 501 3643 τινὶ
549 3588 802 3660 θειοτέρα
850 3591 1080 3660 κάτοχος
1135 3589 1376 3658 γεγονὼς
1422 3590 1450 3640 ὁ
1505 3590 1700 3659 μέγας,
1756 3583 1844 3642 οἷα
1887 3589 1982 3643 καὶ

402 3681 797 3752 Ἱεροσολύμων
826 3682 1140 3753 πατριάρχῃ
1171 3681 1367 3751 ὡμίλει
1412 3681 1490 3752 τῷ
1521 3680 1858 3751 Ἀναστασίῳ
1884 3680 1979 3733 καὶ

391 3774 692 3841 διελέγετο.
756 3772 819 3825 οι
883 3773 984 3844 μέν
1040 3769 1134 3827 οὖν
1185 3774 1477 3844 παρόντες,
1534 3774 1592 3825 ὲν
1659 3763 1899 3841 θαύματι
1956 3769 1969 3821 i

400 3868 604 3930 πάντες
631 3864 775 3940 ἦσαν
807 3882 821 3896 °
861 3867 1188 3939 Χρύσιππος
1225 3868 1283 3921 δὲ
1337 3869 1431 3922 καὶ
1463 3868 1624 3930 αὐτὸς
1659 3867 1974 3931 ἐκπλαγεὶς,

406 3959 509 4010 καὶ
553 3960 676 4028 πρὸς
724 3959 817 4024 οὖς
856 3959 1131 4030 ἐπικύψας
1180 3960 1258 4032 τῷ
1313 3958 1591 4031 Εὑθυμίῳ,
1622 3957 1760 4011 Ἀλλ’
1809 3958 1908 4028 οὐχ
1953 3960 1980 4010 ὁ

411 4053 768 4123 πατριάρχης,
828 4052 1091 4122 σεϐάσμιε
1128 4053 1345 4122 Πάτερ,
1409 4051 1563 4122 φησὶ,
1614 4049 1746 4123 παρ’
1803 4052 1975 4120 ἡμῖν·

409 4144 510 4197 eat
546 4144 715 4213 φύλαξ
766 4146 875 4198 τῶν
928 4146 1103 4216 ἱερῶν,
1148 4145 1358 4198 σκευῶν
1400 4144 1774 4210 Ἀναστάσιος,
1816 4143 1981 4212 Ὁρᾷς

403 4239 545 4302 ὅπως
582 4239 695 4308 ἄρα
746 4239 840 4290 καὶ
894 4237 1193 4309 περιϐολῆς
1252 4237 1413 4307 Extat;
1458 4235 1639 4300 δείξας
1688 4234 1856 4288 αὐτοῦ
1911 4234 1980 4287 τὰ

394 4331 592 4402 ἱμάτια
616 4344 632 4359 ⁸
673 4329 905 4400 λαμπρὰ
929 4330 985 4382 δὲ
1024 4328 1197 4382 ταῦτα
1240 4329 1334 4380 καὶ
1360 4327 1563 4398 σηρικὰ
1589 4323 1730 4398 ἦσαν
1758 4341 1774 4356 ·
1807 4325 1973 4396 ἆπερ,

393 4422 930 4495 φησὶ,πατριόιρχην
974 4421 1365 4491 Ἱεροσολύμων
1404 4420 1737 4486 ὲνδεδῦσθαι,
1779 4421 1980 4491 ἣκιστα

388 4515 641 4585 θεμιτόν.
686 4515 983 4588 ,Ἐπισχὼν
1033 4513 1089 4567 δέ
1150 4530 1271 4565 τινα
1317 4512 1507 4583 χρόνον
1545 4513 1574 4565 ό
1634 4513 1834 4582 γέρων,

387 4609 586 4677 ὥσπερ
638 4609 696 4660 ὲν
739 4606 932 4660 ἑαυτοῦ
962 4607 989 4646 ιι
1013 4605 1325 4675 γενόμενος,
1344 4605 1506 4659 Ἀλλὰ
1537 4605 1825 4658 πίστευσόν
1872 4622 1985 4674 μοι,

386 4701 610 4762 τέκνον,
672 4700 827 4770 φησὶ,
901 4698 1104 4771 λευκὴν
1188 4697 1352 4751 αὑτὸν
1403 4699 1484 4760 εἰς
1536 4697 1656 4750 τόδε
1723 4697 1815 4749 καὶ
1874 4696 1994 4749 οἵαν

383 4791 547 4854 εἰκὸς
583 4791 933 4863 πατριάρχην
969 4789 1161 4860 στολὴν
1193 4787 1586 4841 ὲπενδεδῦσθαι
1623 4786 1667 4850 ι,
1722 4784 1991 4858 φοροῦντα

389 4885 589 4956 εὼρων
615 4899 629 4912 °
679 4884 774 4938 καὶ
826 4877 1087 4952 οἷμαιῶς
1129 4880 1230 4934 οὐκ
1255 4881 1552 4951 ἠπάτημαι
1577 4897 1593 4913 ο
1626 4878 1742 4934 ἀλλ’
1771 4878 1799 4932 δ
1850 4896 1990 4950 προ-

394 4977 542 5045 έγνω
575 4975 732 5041 Θεὸς,
766 4974 862 5029 καὶ
910 4977 991 5038 είς
1044 4974 1220 5043 πέρας
1248 4972 1408 5038 ἄξει·
1438 4964 1843 5041 ἀμεταμέλητα
1878 4969 1986 5038 γὰρ

395 5067 563 5121 αὐτοῦ
596 5067 664 5121 τὰ
703 5066 1038 5140 χαρίσματα.
1093 5066 1152 5119 ’0
1193 5065 1292 5136 μὲν
1320 5060 1616 5119 οὖννταῦτα
1649 5065 1740 5118 ἐπὶ
1770 5063 1985 5118 πολλῶν

476 5189 520 5221 ⁸⁸
545 5188 705 5253 liom,
728 5202 805 5248 at,
824 5185 918 5240 '29.

2082 1942 2264 2012 ctique
2281 1942 2626 1997 Passarionis
2655 1943 2819 1996 simul
2848 1942 3154 2013 discipulus
3183 1954 3238 2000 et
3258 1945 3667 2004 imitator.Cum

2083 2050 2215 2105 ergo
2268 2036 2372 2089 hoc
2394 2034 2731 2089 desiderium
2753 2034 2969 2091 videndi
3007 2017 3248 2091 hominis
3276 2038 3332 2092 in
3377 2054 3448 2094 se-
3470 2040 3667 2106 aleret,

2082 2121 2217 2182 Fido
2233 2134 2250 2197 ί
2256 2127 2345 2196 78)
2365 2125 2564 2197 Joppes
2586 2126 2697 2198 (79)
2719 2130 2999 2199 episcopo,
3019 2129 3297 2186 etCosmae
3320 2147 3544 2187 crucum
3574 2148 3670 2188 cu-

2081 2222 2219 2277 stodi
2240 2222 2519 2291 pulchram
2537 2221 2685 2275 illam
2710 2223 3081 2277 communicat
3096 2223 3446 2293 'cupiditatem
3468 2242 3480 2277 :
3505 2237 3669 2294 atque

2079 2330 2172 2368 eos
2197 2328 2480 2369 assumens
2502 2313 2800 2383 quinetiam
2828 2313 3019 2368 Fidum
3037 2313 3147 2385 (80)
3170 2316 3398 2370 alterum
3424 2317 3668 2387 episcopi

2079 2404 2196 2459 Fidi
2227 2413 2481 2474 nepotem
2503 2403 2644 2472 (erat
2668 2410 2853 2457 autem
2886 2403 2932 2458 is
2949 2404 3126 2459 adhuc
3153 2413 3315 2460 aetate
3339 2406 3578 2476 juvenis,
3611 2414 3670 2462 et

2082 2497 2135 2550 in
2163 2497 2389 2551 chorum
2409 2496 2674 2551 lectorum
2733 2505 3052 2566 cooptatus;
3090 2496 3180 2566 qui
3224 2498 3389 2553 etiam
3441 2498 3667 2570 Cyriaco

2090 2589 2358 2644 monacho
2378 2587 2498 2643 haec
2554 2587 2779 2643 tradidit
2802 2597 2859 2643 et
2880 2588 3146 2657 narravit)
3175 2603 3298 2644 cum
3330 2589 3415 2644 eis
3446 2590 3668 2660 proﬁci-

2083 2681 2255 2734 scitur
2278 2680 2347 2734 atl
2376 2694 2632 2750 magnum
2698 2668 3074 2749 Euthymium.
3106 2678 3183 2735 Ut
3217 2690 3398 2735 autem
3435 2680 3661 2737 fuertmt

2075 2770 2189 2840 jam
2247 2769 2692 2839 propelauram,
2739 2769 2863 2823 aliis
2922 2769 3143 2839 quidem
3220 2769 3367 2839 quod
3422 2770 3666 2825 nondum

2080 2863 2478 2932 pervenissent,
2509 2860 2706 2916 occulti
2732 2868 2908 2923 erant,
2937 2868 2993 2913 at
3023 2859 3311 2930 Euthymio
3358 2859 3665 2926 manifesti,

2087 2966 2290 3006 arcano
2338 2949 2572 3021 quodam
2603 2949 2786 3014 modo,
2820 2964 2916 3018 per
2934 2949 3219 3018 Spiritum.
3246 2946 3431 3017 Itaque
3470 2956 3667 3004 vocato

2088 3044 2269 3099 statim
2318 3042 2486 3097 laurae
2558 3053 2843 3097 (economo
2906 3040 3245 3112 Chrysippo:
3275 3039 3417 3102 Sint,
3467 3041 3665 3109 inquit,

2086 3134 2179 3189 tibi
2202 3143 2386 3203 parata
2409 3147 2529 3202 quae
2564 3131 2634 3186 ad
2656 3132 3064 3200 susceptionem
3090 3129 3448 3200 requiruntur
3473 3147 3488 3183 :
3536 3145 3665 3185 ecce

2013 3205 2057 3264 ε
2090 3225 2235 3279 enim
2263 3224 2425 3280 simul
2458 3237 2583 3279 cum
2602 3220 2768 3277 fratre
2797 3220 2986 3276 tuo‘ad
3017 3235 3118 3276 nos
3137 3221 3290 3276 venit
3319 3221 3652 3291 patriarcha.

2156 3491 2293 3547 LXI.
2356 3480 2496 3545 Cinn
2526 3489 2638 3559 jam
2673 3498 2856 3543 autem
2894 3487 2996 3557 ipsi
3021 3485 3367 3542 advenissent
3400 3485 3669 3542 diviniora

2060 3584 2312 3654 quadam
2341 3580 2801 3649 contemplatione
2833 3578 2918 3633 vir
2946 3593 3175 3649 magnus
3205 3586 3513 3648 correptus.
3541 3592 3667 3633 cum

2083 3676 2369 3731 Anastasio
2432 3675 2624 3746 agebat
2712 3681 2768 3727 et
2801 3672 3211 3742 colloquebatur
3251 3679 3506 3740 tanquam
3540 3683 3665 3724 cum

2084 3767 2396 3840 patriarcha
2428 3764 2947 3835 Hierosolymorum.
2973 3762 3076 3829 Qui
3105 3777 3235 3832 ergo
3284 3761 3515 3817 aderant
3558 3760 3669 3815 mi-

2084 3863 2343 3916 rabantur
2401 3858 2614 3922 cuncti;
2669 3856 3003 3926 Chrysippus
3071 3868 3204 3909 vero
3278 3854 3397 3924 ipse
3449 3866 3669 3922 quoque

2083 3949 2512 4019 obstupefactus,
2539 3955 2593 4001 et
2622 3947 2688 4001 ad
2731 3960 2917 3998 aurem
2946 3960 3006 3999 se
3043 3943 3317 3999 inclinans
3364 3940 3669 4013 Euthymii,

2085 4042 2190 4096 Sed
2220 4056 2326 4094 non
2359 4048 2460 4095 est.
2502 4038 2702 4106 inquit,
2763 4036 2911 4105 apud
2953 4050 3054 4089 nos
3098 4033 3442 4099 Patriarcha,
3498 4047 3672 4088 vene-

2088 4134 2254 4189 rande
2282 4133 2471 4195 Pater;
2530 4140 2584 4184 at
2606 4144 2882 4184 sacrorum
2916 4142 3169 4181 vasorum
3206 4134 3391 4181 custos
3424 4126 3663 4180 Anasta-

2084 4229 2216 4284 sius.
2249 4226 2413 4280 Vides
2441 4240 2549 4294 quo
2574 4223 2736 4276 modo
2758 4220 2999 4276 ‘vestitus
3027 4220 3136 4275 sit?
3181 4219 3481 4275 ostendens
3535 4218 3665 4289 ejus

2087 4328 2298 4384 vestes;
2324 4333 2444 4388 quae
2477 4324 2636 4371 erant
2666 4313 2966 4384 splendidae
2996 4320 3052 4367 et
3083 4311 3344 4376 sericem;
3392 4311 3671 4381 qualibus,

2090 4415 2286 4487 inquit,
2322 4412 2548 4467 minime
2578 4410 2660 4465 fas
2692 4416 2777 4463 est
2822 4406 3373 4478 l‘lierosolymitanum
3433 4403 3668 4474 patriar-

1885 4512 1979 4565 καὶ
2012 4549 2056 4568 ..,
2084 4506 2243 4560 cham
2275 4502 2445 4556 indui.
2470 4501 2625 4554 Tunc
2656 4513 2751 4568 per
2778 4496 2997 4567 aliquod
3026 4504 3243 4566 tempus
3290 4509 3349 4549 se
3395 4488 3658 4563 repressit

2089 4612 2275 4661 senex,
2304 4603 2360 4650 et
2387 4594 2532 4649 velut
2555 4591 2621 4646 ad
2666 4606 2723 4645 se
2753 4604 3029 4653 reversus,
3088 4590 3163 4641 ait
3203 4604 3218 4640 :
3270 4585 3470 4640 Verum
3523 4585 3663 4639 mihi

2086 4690 2269 4753 crede,
2314 4686 2410 4751 Illi,
2440 4687 2589 4739 hunc
2618 4682 2727 4737 vidi
2760 4682 3047 4750 hucusque
3093 4678 3323 4732 candida
3356 4684 3504 4731 veste
3522 4677 3667 4731 ami-

2085 4790 2254 4845 ctum,
2287 4789 2344 4835 et
2389 4778 2535 4850 quali
2600 4773 2921 4846 superindui
2974 4773 3132 4827 decet
3160 4769 3560 4841 patriarcham;
3612 4777 3669 4823 et

2084 4873 2337 4929 existimo
2372 4886 2460 4926 me
2483 4883 2594 4923 non
2639 4881 2758 4921 esse
2814 4861 3257 4934 deceptum;sed
3311 4860 3463 4930 quod
3518 4859 3668 4913 Deus

2083 4964 2372 5037 praescivit,
2398 4963 2448 5017 id
2479 4961 2545 5015 ad
2578 4960 2737 5014 linem
2766 4957 3019 5012 deducet.
3058 4954 3196 5008 Sunt
3222 4952 3367 5007 enim
3394 4951 3514 5017 ejus
3565 4940 3673 5005 do;

2084 5076 2154 5115 na
2186 5059 2307 5112 sine
2329 5054 2654 5128 poenitentia
2688 5051 2752 5104 ιδ.
2794 5049 2888 5104 llle
2931 5048 3097 5120 igitur
3123 5045 3243 5101 hate
3289 5043 3430 5100 dixit
3479 5041 3670 5097 multis

1689 5271 1925 5328 VABIE
1961 5267 2367 5326 LECTIONES.

472 5376 503 5417 ³
529 5378 602 5430 al.
630 5371 994 5444 διακριτικὸν.
1071 5369 1099 5407 ι·
1129 5367 1201 5423 al.
1240 5365 1446 5436 Ἰόπης.
1534 5365 1552 5404 ί
1581 5365 1739 5447 abest
1768 5365 1870 5419 ab.
1897 5364 1970 5418 al.
2046 5361 2059 5413 i
2104 5362 2176 5417 al.
2211 5359 2474 5429 θαύμασι.
2554 5357 2581 5395 ιι
2606 5354 2678 5409 al.
2708 5353 2908 5426 ἐαυτῷ.
2992 5349 3012 5392 ι
3047 5350 3121 5406 al.
3163 5346 3587 5403 ἐπενδύσασθαι.

1595 5474 1788 5532 ιοΑΝ.
1831 5473 2174 5530 BOLLANDI
2216 5470 2444 5526 ΝΟΤᾸΞ.

482 5578 705 5649 ξ78)Ηῑ‹ε
760 5576 965 5641 Phidus
1019 5573 1343 5642 subscripsit
1400 5569 1635 5627 concilio
1704 5567 1978 5638 Ephesino

392 5650 486 5707 an.
524 5652 626 5705 Ch.
657 5650 784 5704 451.
858 5660 861 5663 ‘

468 5723 580 5791 (79)
617 5721 688 5774 De
720 5727 878 5790 portu
908 5715 1011 5791 hoc
1051 5713 1360 5791 Palmsting
1405 5711 1701 5791 etiamnum
1747 5708 1973 5791 celebri,

392 5779 508 5865 agit
562 5779 822 5862 pluribus
898 5785 1248 5851 Quaresmius
1306 5781 1399 5837 lib.
1452 5780 1521 5847 4,
1578 5780 1877 5850 pereginat.
1914 5779 1978 5843 t,

2091 5567 2383 5709 faféOi).De
2407 5636 2512 5691 hoc
2542 5632 2706 5709 ‘inl'ra
2758 5631 2979 5709 saepius,
3016 5627 3359 5708 potissimum
3412 5625 3672 5709 cap._29.

2089 5695 2291 5765 Factus
2321 5705 2644 5763 esttandem
2689 5695 3064 5758 urbis-Doron
3109 5698 3416 5768 episcopus,
3460 5695 3514 5751 tt.
3546 5695 3676 5752 ην.
