4144 6416
496 353 602 418 637

1744 349 2030 411 MENSIS
2064 348 2523 412 JANUARIUS.

3656 346 3766 412 648

502 462 888 527 audientibus;
949 468 1111 531 alque
1164 466 1494 516 consecutus
1536 457 1642 513 fuit
1687 472 1869 517 rerum
1931 473 2095 514 even-

2214 458 2370 527 ῑήπου
2395 458 2505 513 τῶν
2526 459 2835 513 ἀκουόντων
2860 458 3032 531 ἔφησε
3060 475 3074 491 ·
3116 458 3209 513 καὶ
3239 459 3273 530 ἠ
3322 457 3417 512 ἐπὶ
3465 458 3573 514 τῶν
3629 479 3771 530 πρα-

503 565 611 610 tus.

573 643 731 699 LXII.
768 642 1020 699 Terebon
1047 641 1154 720 ille,
1185 644 1282 712 qui
1322 650 1443 697 erat
1490 656 1693 713 genere
1754 641 2101 706 Saracenus,.

500 752 625 793 cum
650 751 818 791 uxore
848 732 1101 790 habitans
1138 734 1334 797 sterili,
1375 749 1485 789 non
1538 733 1795 806 gignebat
1837 733 2080 799 liberos;

503 827 650 897 quod
703 827 752 880 ei
810 826 977 881 vitam
1027 825 1304 882 efficiebat
1344 826 1575 881 minime
1603 826 1843 891 vitalem,
1873 833 2100 894 eratque

502 934 666 974 causa
697 917 903 972 doloris
953 917 1267 972 nullatenus
1291 916 1614 973 tolerabilis.
1635 915 1712 971 Ae
1735 915 1886 971 cedit
1913 914 2096 985 itaque

505 1009 799 1079 aliquando
827 1014 954 1063 cum
978 1023 1150 1063 uxore
1174 1008 1241 1064 ad
1281 1008 1660 1073 admirabilem
1708 1006 2084 1077 Euthymium,

518 1114 739 1172 rogans,
769 1100 1102 1169 supplicans,
1128 1100 1259 1174 quid
1282 1114 1391 1154 non
1419 1098 1627 1154 faciens
1650 1113 1715 1152 ex
1737 1097 1803 1152 iis
1823 1111 1945 1166 quae
1958 1109 2088 1166 pos-

508 1200 638 1246 sunt
669 1191 889 1245 trahere
911 1189 977 1244 ad
1032 1189 1483 1254 miscricordiam,
1516 1198 1577 1242 ut
1602 1188 1649 1242 is
1681 1196 1889 1242 naturae
1928 1184 2084 1240 defe-

510 1294 631 1338 ctus
656 1282 985 1348 solveretur,
1009 1290 1066 1335 et
1094 1281 1397 1351 aperiretur
1434 1288 1625 1334 uterus
1655 1279 1721 1334 ad
1750 1278 2095 1349 pariendum.

513 1373 609 1428 Ille
633 1381 818 1427 autem
876 1386 999 1426 cum
1043 1379 1127 1441 ter
1147 1370 1227 1425 eis
1283 1370 1563 1440 iniecisset
1617 1368 1832 1440 signum
1891 1369 2093 1434 erucis,

512 1466 823 1532 deindeque
873 1464 1157 1545 lapideum.
1172 1462 1323 1516 illum
1364 1470 1612 1517 ventrem
1633 1460 2094 1531 tetigisset:Abi-

2124 606 2127 609 .
2188 551 2415 621 γμάτων
2444 551 2670 617 ἔκϐασις
2701 552 3062 624 ἠκολούθησε.

2258 641 2376 695 EB’.
2419 642 2673 713 Τερέϐων
2701 644 2930 706 ἐκεῖνος,
2952 643 3013 707 δς
3038 639 3109 716 ἦν
3132 643 3193 697 τὸ
3221 644 3381 714 γένος
3425 644 3767 715 Σαρακηνδς.

2193 736 2384 808 στείρα
2420 740 2643 807 γυναικὶ
2674 738 2962 804 συνοικῶν,
3001 738 3211 793 παίδων
3248 739 3442 809 ἄγονος
3488 734 3557 810 ἦν
3588 755 3604 771 ·
3634 740 3773 810 ὅπερ

2196 828 2428 882 ἀϐίωτον
2483 828 2634 899 αύτῷ
2690 827 2783 882 τὸν
2830 827 2945 898 βίον
2993 829 3193 893 ἐποίει,
3239 832 3332 883 καὶ
3383 829 3563 899 λύπης
3595 829 3772 883 αἴτιον

2195 912 2265 988 ἦν
2294 917 2498 989 ἥκιστα
2539 917 2801 989 φορητῆς.
2854 917 3110 987 Πρόσεισι
3151 918 3331 972 τοίνυν
3382 918 3520 987 μετά
3550 918 3652 988 τῆς
3679 930 3776 987 γυό

2197 1009 2382 1073 ναικός
2442 1025 2579 1062 ποτε
2634 1007 2713 1078 τῷ
2759 1007 3058 1079 θαυμαστῷ
3112 1008 3391 1080 Εύθυμίῳ,
3449 1009 3769 1078 ἀντιϐολῶν,

2198 1101 2480 1166 ἱκετεύων,
2517 1100 2570 1155 τί
2616 1101 2690 1171 μὴ
2745 1101 2917 1154 ποιῶν
2948 1100 3058 1154 τῶν
3102 1102 3418 1172 δυναμένων
3468 1102 3648 1157 ἐλκειν
3696 1105 3780 1167 είς

2197 1195 2371 1258 ἔλεον,
2399 1194 2541 1248 ὥστε
2569 1194 2799 1263 λυθῆναι
2836 1195 2937 1263 τὴν
2974 1195 3039 1248 ἐκ
3060 1194 3161 1264 τῆς
3190 1194 3405 1264 φύσεως
3438 1195 3689 1265 πήρωσιν
3724 1203 3777 1257 ιι,

2200 1285 2299 1340 καὶ
2352 1286 2489 1358 πρὸς
2534 1286 2731 1348 ὠδίνας
2768 1287 2907 1357 αὐτῇ
2946 1296 2986 1317 ³³
3037 1288 3132 1340 καὶ
3184 1287 3377 1349 τόκους
3408 1288 3509 1358 τὴν
3565 1289 3781 1358 μήτραν

2201 1377 2565 1446 διανοιγῆναι.
2607 1376 2665 1429 '0
2693 1376 2750 1430 δὲ
2805 1363 2993 1448 τρίτον
3045 1378 3229 1442 αὐτοῖς
3283 1378 3345 1431 τὸ
3392 1377 3485 1431 τοῦ
3543 1378 3779 1448 σταυροῦ

2203 1470 2429 1539 σημεῖον
2459 1466 2758 1531 ἐπιϐαλὼν,
2816 1463 2935 1521 εἶτα
2984 1470 3081 1521 καὶ
3119 1468 3221 1539 τῆς
3265 1467 3521 1533 λιθώδους
3568 1469 3784 1539 ἐκείνης

511 1562 585 1619 te,
607 1554 799 1624 inquit,
836 1553 938 1608 laeti
981 1553 1035 1606 in
1102 1551 1352 1607 Domino.
1382 1551 1433 1607 Is
1454 1551 1653 1621 quippe
1677 1551 1832 1607 vobis
1850 1550 2100 1606 concedit

2214 1561 2432 1631 γαστρὸς
2453 1559 2753 1629 ἁψάμενος,
2775 1560 2990 1621 ’Λπιτε,
3007 1575 3163 1629 φησι,
3179 1559 3460 1629 χαίροντες
3487 1561 3544 1613 ἐν
3568 1560 3781 1631 Κυρίῳ.

511 1655 572 1721 ιιι
601 1645 899 1700 cernamini
932 1645 1098 1699 trium
1120 1644 1418 1699 liberorum
1450 1652 1725 1713 parentes.
1760 1643 1948 1713 Itaque
2011 1642 2089 1696 illi

2214 1651 2393 1704 δίδωσι
2428 1653 2537 1721 γάρ
2566 1643 2727 1712 οὗτος.
2766 1650 2895 1721 ὑμῖν
2959 1650 3127 1722 τριῶν
3172 1652 3376 1705 παίδων
3411 1649 3643 1720 ὀφθῆναι
3679 1669 3788 1704 πα-

513 1737 567 1789 ἰιι
591 1750 842 1790 sermone
880 1742 1140 1805 tanquam
1171 1734 1228 1788 in
1255 1749 1312 1787 re
1335 1734 1450 1804 ipsa
1476 1733 1806 1789 collocantes
1839 1733 2093 1788 ﬁduciam

2214 1744 2403 1814 ιέρας.ί
2418 1744 2643 1797 Ἐκεῖνοι
2682 1742 2781 1812 μὲν
2809 1738 2902 1796 οὖν
2938 1742 3128 1813 ὥσπερ
3159 1741 3338 1813 ἔργῳ,
3366 1741 3445 1813 τῷ
3474 1742 3618 1813 λόγῳ
3650 1742 3788 1814 θαῤ-

514 1828 741 1883 domum
798 1814 1103 1891 redierunt,
1134 1827 1322 1882 animo
1343 1826 1531 1881 Ia'titia
1562 1826 1744 1896 pleno.
1782 1824 1901 1879 Jam
1919 1835 2101 1880 autem

2214 1810 2493 1908 pﬁvaawsc,
2553 1810 2736 1889 οἶκαδε
2788 1810 3121 1906 ἀνεχώρουν,
3180 1810 3427 1905 έμσιτλεῳ⁷
3452 1834 3553 1907 τὴν
3591 1810 3786 1906 Ἵψυχίὴν
3834 1876 3846 1887 .

514 1928 571 1974 et
606 1928 793 1991 partus
815 1930 1029 1990 tempus
1059 1920 1374 1974 advenerat.
1406 1919 1472 1972 Et
1496 1918 1673 1988 primo
1690 1916 1909 1986 quidem
1957 1918 2102 1987 parit

2214 1930 2417 2001 ἡδονῆς.
2445 1927 2584 1997 Ἤδη
2617 1928 2674 1982 δέ
2696 1928 2791 1982 κοιλ⁵
2816 1927 2845 1979 ὁ
2869 1926 2977 1980 τῶν
3005 1926 3210 1980 ὠδίνων
3232 1927 3422 1998 καιρὸς
3448 1928 3784 1999 ἐφειστήκει.

515 2012 739 2069 Petrum
768 2010 1082 2080 quemdam,
1113 2002 1328 2079 patrem
1385 2008 1709 2073 Terebonis,
1759 2009 1850 2078 qui
1892 2009 2102 2080 Euthy-

514 2103 609 2161 mii
645 2102 928 2173 discipulis
959 2102 1076 2157 bzec
1102 2117 1229 2157 vere
1264 2110 1320 2155 et
1340 2108 1530 2169 aperte
1563 2100 1826 2155 narravit.
1888 2100 2085 2156 Postea

516 2200 700 2247 autem
739 2192 913 2247 multo
959 2200 1201 2261 tempore
1244 2189 1556 2259 interiecto,
1612 2206 1774 2245 verax
1825 2191 2100 2263 Euthymii

518 2284 870 2355 promissum,
895 2282 1032 2338 alios
1065 2296 1283 2352 quoquo
1308 2280 1447 2336 duos
1471 2279 1666 2338 fratres
1712 2282 1946 2352 praebuit
1994 2283 2101 2339 Te-

519 2375 734 2431 reboni.

597 2571 791 2630 LXIII.
822 2571 1017 2626 Frater
1046 2578 1166 2626 erat
1212 2570 1265 2625 in
1314 2570 1488 2636 laura,
1539 2569 1822 2627 Romanus
1880 2587 2102 2643 genere,

521 2663 748 2718 nomine
799 2662 1153 2737 jEmilianus,
1182 2661 1276 2732 qui
1308 2660 1508 2717 bonam
1558 2662 1724 2718 vitam
1768 2665 2099 2730 sectabatur,

523 2763 574 2811 et
615 2754 929 2825 praeclaram
991 2754 1409 2823 temperantiam
1437 2754 1523 2809 vel
1575 2753 1813 2809 maxime
1867 2769 1934 2809 ex
1984 2756 2103 2826 ipsa

524 2844 806 2914 amplexus
851 2843 1029 2898 fuerat
1052 2842 1439 2898 adolescentia:
1485 2840 1621 2896 lluic
1649 2851 1815 2898 noctu
1867 2842 2108 2914 aliquan-

525 2936 615 3000 do,
650 2949 774 2989 cum
822 2942 970 2989 esset
999 2932 1315 2987 Dominicus
1344 2933 1479 2995 dies,
1512 2932 1771 2989 Inimicus
1828 2948 1894 2989 ex
1941 2950 2106 2990 carne

526 3025 730 3082 bellum
758 3039 921 3096 grave
957 3023 1276 3079 commovit.
1305 3022 1407 3078 Cui
1458 3037 1519 3077 se
1572 3033 1836 3093 perpetuo
1883 3026 2107 3081 restitu-

528 3136 646 3175 rum
681 3120 1003 3189 desperans,
1058 3119 1226 3174 cessit
1250 3119 1363 3188 jam
1414 3126 1472 3173 et
1507 3117 1923 3188 cogitationibus
1980 3135 2107 3176 suc-

528 3211 737 3266 cubuit.
767 3212 904 3265 Cum
930 3210 1003 3264 ita
1032 3224 1093 3265 se
1131 3209 1377 3273 haberet,
1410 3216 1572 3278 atque
1604 3210 1673 3264 ab
1707 3224 1772 3264 ea
1826 3213 2113 3280 perturba-

532 3300 680 3355 tione
734 3298 1119 3362 obsideretur,
1152 3310 1312 3351 mane
1338 3296 1398 3349 ﬁt
1419 3294 1613 3350 obvius
1643 3304 1851 3362 sancto,
1882 3296 2121 3352 venienti

533 3391 601 3446 ad
627 3390 872 3460 synaxim
908 3406 921 3442 :
958 3396 1121 3459 atque
1150 3403 1218 3443 ex
1248 3402 1315 3442 eo
1346 3395 1486 3441 teter
1517 3387 1742 3457 quidam
1762 3387 1900 3455 odor
1927 3389 2112 3444 exibat

530 3482 623 3552 qui
650 3496 868 3553 gravem
902 3480 1047 3534 illam
1069 3478 1237 3533 animi
1260 3478 1721 3549 perturbationem
1767 3494 1965 3551 magno
2013 3480 2111 3535 de-

531 3577 794 3633 clarabat.
819 3576 1006 3647 Itaque
1038 3576 1298 3632 odoratus
1354 3574 1574 3630 divinus
1636 3574 1980 3646 Euthymius,
2030 3575 2117 3629 in~

533 3669 792 3739 siiliisque
814 3668 1066 3740 cognitis,
1098 3668 1345 3740 increpat
1377 3668 1576 3722 malum
1612 3667 1916 3723 daemonem
1946 3684 2112 3724 vexa-

534 3769 732 3816 torem.
760 3758 827 3812 Et
853 3758 1037 3815 statim
1070 3757 1241 3813 frater
1293 3758 1512 3829 quidem
1551 3758 1706 3813 humi
1751 3757 1969 3828 iacebat
2023 3774 2120 3814 su-

537 3852 719 3922 pinus,
740 3851 980 3922 seipsum
1006 3849 1320 3907 convellens
1374 3859 1431 3905 et
1487 3850 1720 3922 agitans,
1762 3865 2120 3921 spumamque

537 3957 632 3998 ore
665 3956 963 4009 exspuens.

607 4069 795 4126 LXIV.
826 4073 908 4128 Ad
924 4088 1051 4127 eum
1082 4081 1270 4127 autem
1297 4073 1455 4127 multi
1485 4088 1707 4143 quoque
1731 4085 2125 4130 convenerunt

540 4162 814 4218 monachi.
838 4162 1013 4217 Jussit
1041 4163 1225 4233 itaque
1241 4179 1469 4235 magnus
1488 4164 1813 4233 Euthymius
1836 4164 2016 4220 afferri
2040 4167 2124 4221 lu-

541 4266 687 4317 men,
705 4267 772 4306 eo
793 4250 938 4321 qubd
973 4251 1129 4306 locus
1151 4261 1300 4307 esset
1326 4237 1594 4307 obscurus
1616 4262 1779 4323 atque
1804 4255 2126 4312 tenebrosus

539 4351 596 4396 et
629 4342 705 4395 ait
731 4340 835 4395 illis
862 4359 874 4394 :
905 4340 1099 4396 Videto
1121 4340 1342 4396 fratrem
1378 4342 1511 4410 (8|),
1556 4358 1589 4398 ο
1616 4343 1824 4412 Patres,
1850 4346 2125 4415 quomodo

541 4431 682 4502 quia
702 4445 869 4503 puero
892 4431 945 4484 in
966 4431 1165 4486 virtute
1180 4431 1335 4498 vixit,
1356 4443 1412 4488 et
1435 4434 1809 4503 temperantia:
1820 4451 2003 4491 curam
2029 4436 2130 4490 ba-

545 4524 682 4586 butt,
721 4538 870 4576 nunc
894 4522 1038 4591 quod
1089 4538 1321 4591 paucum
1360 4524 1591 4579 cesserit
1634 4526 1950 4581 carnalibus
1977 4529 2129 4597 Cogi-

543 4619 1002 4689 tationibus‘lacet
1020 4620 1274 4674 omnibus
1292 4620 1451 4674 nobis
1481 4621 1728 4692 lacrymis
1747 4621 1969 4691 dignum
2004 4628 2147 4690 spe-‘

540 4711 833 4766 ctaculum.
865 4709 1045 4775 Quare
1071 4711 1222 4765 omni
1248 4711 1491 4767 custodia
1520 4712 1811 4781 unicuique
1836 4712 2127 4767 servanda.

543 4811 629 4856 est
667 4816 821 4856 mens
867 4816 987 4867 sua,
1026 4815 1098 4854 ne
1135 4816 1235 4894 nos
1267 4786 1353 4856 vel
1384 4817 1482 4871 per
1509 4802 1853 4883 phantasiam
1884 4802 2119 4871 aliquam

542 4895 775 4948 latenter
800 4893 951 4947 fallat
974 4892 1250 4958 inimicus,
1278 4902 1334 4948 et
1359 4893 1411 4945 in
1443 4892 1771 4961 perditionis
1799 4893 2119 4947 barathrum

542 4984 868 5053 praecipitet.
904 4982 1041 5038 Nam
1086 4984 1133 5039 si
1171 4984 1404 5039 absurda
1443 4983 1709 5051 quaepiam
1747 4983 2003 5053 cogitatio
2037 4984 2123 5038 in-

545 5075 745 5131 vaserit
780 5089 903 5139 nos,
950 5074 1017 5128 ad
1063 5082 1279 5143 turpem
1315 5072 1662 5141 cupiditatem
1703 5071 1988 5142 instigans,
2021 5088 2123 5129 nos

546 5180 677 5219 vero
716 5165 901 5219 statim
935 5164 1003 5219 ab
1032 5164 1190 5218 initio
1221 5177 1343 5218 eam
1371 5162 1649 5217 debellare
1687 5176 1796 5216 non
1828 5163 2123 5216 contenda-

546 5257 804 5324 mus,sed
849 5257 999 5311 velut
1046 5254 1260 5326 placide
1314 5254 1371 5309 in
1436 5253 1680 5308 animum
1741 5252 2117 5318 admittamus,

2201 2025 2311 2077 Kal.
2356 2022 2550 2093 πρῶτα
2606 2023 2703 2093 μὲν
2754 2022 2929 2076 τίκτει
2976 2021 3183 2092 Πέτρον
3238 2021 3381 2085 τινὰ,
3432 2019 3525 2074 τὸν
3573 2020 3790 2092 πατέρα

2202 2114 2535 2186 Τερέϐωνος,
2591 2113 2650 2177 ὃς
2680 2113 2791 2185 ἄρα
2863 2116 2977 2177 τοῖς
3009 2112 3295 2184 ὁμιληταῖς
3328 2111 3626 2183 Εύθυμίου,
3666 2112 3792 2181 φιλ·

2202 2206 2420 2276 αλήθως
2450 2204 2624 2260 ταῦτα
2650 2205 2746 2259 καὶ
2769 2204 2954 2273 σαφῶς
2982 2204 3301 2276 διηγήσατο.
3333 2204 3542 2275 Χρόνου
3570 2204 3625 2257 δὲ
3654 2202 3793 2275 μετά

2199 2297 2373 2351 ταῦτα
2425 2295 2624 2368 συχνοῦ
2665 2296 3089 2364 διαγενομένου,
3149 2297 3182 2367 ἡ
3229 2295 3463 2366 ἀψευδὴς
3516 2294 3790 2365 Εὐθυμίου

2202 2388 2513 2457 ὑπόσχεσις,
2546 2387 2644 2440 καὶ
2682 2387 2810 2450 τοὺς
2837 2386 3030 2449 ἄλλους
3073 2385 3167 2438 δύο
3190 2385 3269 2456 τῷ
3299 2384 3575 2454 Τερέϐωνι
3621 2383 3778 2437 ἀδελ-

2202 2474 2334 2543 φοὺς
2358 2475 2640 2544 παρεῖχεν.

2273 2585 2391 2639 El".
2430 2584 2682 2653 Ἀδελφὸς
2706 2580 2772 2653 ἦν
2806 2584 2863 2637 ἐν
2890 2586 2954 2656 τῇ
2983 2584 3184 2656 λαύρα,
3219 2584 3490 2656 Ῥωμαῖος
3525 2585 3582 2639 τὸ
3609 2587 3791 2656 γένος,

2201 2676 2518 2747 Αἰμιλιανὸς
2567 2676 2666 2747 τὴν
2723 2675 2938 2745 κλῆσιν,
2995 2676 3109 2747 βίον
3162 2693 3221 2729 τε
3267 2678 3513 2748 χρηστὸν
3567 2676 3794 2747 μετιὼν,

2203 2770 2299 2824 καὶ
2333 2768 2693 2839 σωφροσύνην
2742 2768 2818 2833 ὡς
2878 2768 3112 2839 μάλιστα
3150 2768 3249 2840 τὴν
3301 2769 3477 2838 καλὴν
3527 2768 3587 2834 ἐξ
3624 2771 3799 2842 αὐτῆς

2203 2861 2456 2931 νεότητος
2484 2860 2894 2930 ἀσπασάμενος.
2921 2858 3110 2931 Τούτῳ
3149 2860 3342 2925 νυκτός
3372 2877 3503 2913 ποτε
3549 2861 3796 2930 διαγενο-

2209 2954 2378 3025 μένης
2429 2953 2735 3024 Κυριακῆς,
2772 2953 3008 3022 χαλεπὸν
3039 2954 3105 3006 ἐκ
3148 2952 3247 3025 τῆς
3287 2952 3487 3024 σαρκὸς
3517 2956 3545 3007 6
3604 2953 3799 3025 ἐχθρὸς

2204 3045 2466 3115 κεκίνηκε
2500 3044 2757 3114 πόλεμον.
2790 3044 2933 3115 Πρὸς
2961 3044 3021 3098 δν
3064 3044 3313 3114 ἀντέχειν
3362 3046 3443 3108 είς
3496 3045 3649 3108 τέλος
3688 3047 3797 3099 ἀπ-

2137 3170 2179 3225 C
2211 3135 2539 3209 αγορεύσας,
2562 3135 2791 3190 ἐνεδίδου
2834 3133 2936 3206 ἤδη
2965 3135 3059 3188 xa‘t
3083 3137 3196 3199 τοῖς
3218 3135 3499 3206 λογισμοῖς
3548 3137 3797 3189 ὑποκατ-

2221 3228 2482 3283 εκλίνετο.
2550 3226 2739 3289 Οὕτως
2765 3225 2926 3296 ἔχων,
2959 3227 3053 3279 καὶ
3076 3226 3183 3279 ὑπὸ
3211 3226 3307 3280 τοῦ
3333 3226 3540 3289 πάθους
3581 3226 3802 3296 πολιορ-

2223 3317 2512 3389 κούμενος,
2566 3317 2890 3387 ἐντυγχάνει
2946 3317 3077 3387 περὶ
3125 3316 3216 3371 τὸν
3274 3316 3469 3388 ὄρθρον
3523 3318 3803 3389 ἐρχομένῳ

2225 3411 2364 3483 πρὸς
2394 3408 2493 3481 τὴν
2529 3409 2748 3474 σύναξιν
2776 3407 2855 3479 τῷ
2885 3407 3029 3479 ἁγίῳ
3062 3425 3077 3440 ο
3109 3409 3203 3463 καί
3236 3427 3320 3472 τις
3348 3408 3407 3474 ἐξ
3439 3410 3604 3463 αὐτοῦ
3636 3426 3804 3478 προσο

2224 3501 2418 3555 έϐαλλε
2439 3501 2695 3566 δυσωδία,
2727 3501 2787 3554 τδ
2812 3500 3046 3572 χαλεπὸν
3076 3502 3253 3555 ἐκεῖνο
3278 3500 3447 3565 πάθος
3474 3501 3551 3572 τῷ
3582 3501 3804 3577 μεγάλῳ

2223 3590 2478 3662 δηλοῦσα.
2523 3592 2882 3662 Ὀσφρανθεὶς
2923 3588 3018 3646 οὖν
3043 3592 3213 3662 αὐτῆς
3261 3593 3290 3646 6
3327 3592 3469 3657 θεῖος
3509 3592 3805 3662 Εύθύμιος,

2226 3685 2323 3737 καὶ
2355 3684 2519 3752 γνοὺς
2563 3684 2661 3753 τὴν
2689 3683 3007 3755 ἐπιϐουλὴν,
3057 3686 3289 3756 ἐπιτιμᾷ
3342 3684 3417 3755 τῷ
3446 3685 3808 3756 διενοχλοῦντι

2229 3772 2451 3845 πονηρῷ
2495 3773 2733 3844 δαίμονι.
2764 3773 2876 3827 Καὶ
2906 3773 3268 3844 παραχρῆμα’
3320 3772 3508 3837 ὕπτιος
3564 3775 3663 3844 μὲν
3713 3774 3809 3827 ἐπὶ

2230 3864 2326 3919 τοῦ
2365 3865 2595 3934 ἐδάφους
2646 3867 2674 3919 6
2712 3865 2935 3935 ἀδελφὸς
2978 3865 3176 3931 ἔκειτο,
3229 3866 3557 3936 σπαράττων
3612 3866 3808 3919 ἐαυτὸν

2231 3960 2324 4012 καὶ⁸
2360 3957 2587 4024 κλονῶν,
2616 3959 2712 4012 καὶ
2739 3958 2913 4028 ἀφρὸν
2945 3957 3197 4011 ἐκπτύων
3230 3956 3325 4010 τοῦ
3351 3956 3635 4027 στόματος.

2301 4069 2420 4125 ΞΔ’.
2477 4069 2753 4140 Συνῄεσαν
2805 4068 2864 4123 δέ
2914 4069 3010 4123 καὶ
3045 4069 3230 4122 πολλοὶ
3258 4071 3367 4123 τῶν
3428 4069 3686 4139 μοναχῶν·
3719 4069 3810 4123 ἐπ’

2232 4164 2402 4233 αὐτῷ.
2430 4161 2551 4225 Φῶς
2576 4161 2755 4217 τοίνυν
2783 4164 2810 4215 6
2843 4161 3017 4232 μέγας
3048 4160 3319 4232 Εὐθύμιος
3372 4161 3655 4232 ἐνεχθῆναι
3712 4179 3810 4213 κε-

2230 4254 2451 4317 λεύσας,
2512 4253 2602 4305 διὰ
2659 4252 2719 4306 τὺ
2781 4253 2877 4317 καὶ
2924 4252 3015 4306 τὸν
3060 4254 3224 4306 τόπον
3255 4250 3396 4307 εἶναι
3444 4254 3657 4326 ζοφώδη
3715 4257 3811 4308 καὶ

2232 4343 2454 4413 ἀφεγγῆ
2482 4358 2496 4372 ·
2525 4342 2720 4414 Ὀρᾶτε
2750 4342 2841 4397 τὸν
2870 4343 3121 4413 ἀδελφὸν,
3152 4337 3477 4415 ὦΠατέρες,
3510 4347 3641 4416 φησὶ
3672 4347 3809 4413 πρὸς

2235 4437 2454 4498 αὐτοὺς,
2488 4434 2636 4498 ὅπως
2663 4436 2719 4487 ἐν
2743 4436 2912 4506 ἀρετῇ
2944 4433 3053 4499 ζῶν
3077 4436 3141 4487 ἐκ
3165 4436 3373 4501 παιδὸς,
3401 4439 3495 4490 καὶ
3527 4450 3812 4508 σωφροσύ-

2237 4545 2335 4598 νης
2366 4526 2819 4596 ἐπιμελούμενος,
2850 4527 2947 4580 νῦν
2975 4527 3065 4581 διὰ
3098 4527 3158 4581 τὸ
3211 4528 3407 4600 μικρὸν
3430 4521 3668 4582 ἐνδοῦναι
3698 4535 3810 4591 τοῖς

2235 4622 2334 4690 τῆς
2390 4618 2592 4690 σαρκὸς
2622 4619 2901 4689 λογισμοῖς
2925 4629 2968 4685 ο,
3020 4622 3199 4674 κεῖται
3253 4623 3417 4674 πᾶσιν
3466 4623 3596 4692 ἡμῖν
3630 4623 3809 4691 θέαμα

2237 4710 2449 4781 θρήνων
2475 4709 2624 4776 ἄξιον
2645 4725 2659 4739 ⁶
2684 4709 2765 4763 διὸ
2798 4710 2948 4782 πάσῃ
2968 4710 3181 4783 φυλακῇ
3207 4712 3304 4781 τὴν
3327 4711 3567 4765 διάνοιαν
3592 4712 3809 4782 ἑκάστῳ

2235 4800 2333 4870 τὴν
2356 4799 2553 4853 ἐαυτοῦ
2586 4801 2877 4871 τηρητέον,
2912 4802 2986 4872 μὴ
3013 4801 3153 4872 λάθῃ
3192 4803 3285 4855 καὶ
3307 4803 3395 4856 διὰ
3417 4805 3719 4873 φαντασίας
3743 4806 3805 4875 δή

2232 4892 2606 4961 τινος-κλέψας
2636 4894 2783 4962 ἡμᾶς
2810 4895 2839 4947 6
2859 4893 3073 4965 ἐχθρὸς,
3099 4897 3193 4948 καὶ
3220 4896 3301 4959 εἰς
3326 4898 3385 4949 τὸ
3414 4898 3510 4967 τῆς
3534 4896 3808 4961 ἀπωλείας

2235 4983 2562 5052 καταγαγὼν
2613 4984 2908 5055 βάραθρον.
2947 4986 3065 5040 Κᾶν
3116 4988 3225 5059 γὰρ
3277 4989 3477 5052 ἄτοπός
3539 5006 3623 5053 τις
3675 4992 3806 5059 ἡμῖν

2235 5076 2527 5146 ἐγγένηται
2565 5076 2827 5146 λογισμὸς
2873 5078 2950 5142 εἰς
3002 5079 3296 5150 ἐπιθυμίαν
3342 5080 3637 5134 ἀκόλαστον
3683 5082 3806 5151 ἐρε-

2229 5167 2416 5230 θίζων.
2445 5170 2607 5237 ἡμεῖς
2637 5168 2695 5222 δὲ
2724 5171 2799 5238 μὴ
2828 5171 2925 5240 τὴν
2965 5170 3188 5243 πρώτην
3218 5174 3380 5237 εὐθὺς
3410 5174 3801 5246 ἐκπολεμωθῆ-

2227 5276 2315 5312 ναι
2346 5258 2522 5327 τούτῳ
2555 5260 2969 5331 σπουδάσωμεν,
3014 5262 3126 5315 ἀλλ’
3169 5257 3282 5319 οἷον
3314 5263 3558 5337 εὐμενῶς
3582 5276 3610 5317 P
3638 5266 3801 5329 αὐτὸν

1829 5398 2066 5473 vitam;
2109 5399 2512 5456 LEC'I‘IONES.
2538 5383 2563 5404 ⁹

664 5524 703 5547 ³·
737 5518 808 5571 al.
843 5516 1153 5589 στείρωσιν.
1231 5524 1261 5553 ιι
1286 5515 1359 5571 al.
1392 5514 1582 5585 αὐτὴν.
1660 5521 1687 5552 ο
1725 5514 1798 5569 al.
1829 5514 2078 5570 πάθεσιν.

2215 5517 2287 5571 al.
2321 5516 2551 5586 εὐμενὲς
2587 5528 2644 5572 et
2669 5517 2949 5589 εὐμαρῶς.

1774 5631 1970 5689 JOAN.
2007 5633 2351 5691 BOLLANDI
2387 5635 2622 5696 ΝΟΤᾸΕ.

638 5742 747 5811 (8|)
785 5746 1074 5814 Sequentia
1100 5750 1292 5806 desunt
1324 5749 1379 5805 in
1408 5749 1704 5820 Lipomano
1726 5761 1781 5807 et
1821 5751 2004 5809 Sui-io.
2059 5754 2133 5809 Ex
2176 5756 2371 5813 Graeco
2402 5772 2504 5813 ms.
2535 5772 2564 5811 a
2602 5758 2760 5815 nobis
2798 5758 3028 5815 inserta.
