4144 6444
349 373 464 440 649

1642 344 1822 431 νιτΑ
1863 366 1923 426 s.
1962 362 2378 430 summu.

3545 352 3657 418 650

351 493 421 563 τῇ
444 485 661 559 διανοίᾳ
696 482 1160 558 πραδεξὼμεθα,
1213 481 1482 550 οὐμενοῦν
1538 480 1819 552 ἐλεύθεροι
1849 497 1954 533 κα-

2068 487 2406 546 nequaquam
2495 472 2706 530 erimus
2773 487 2805 527 a
2890 479 3120 543 peccato
3186 471 3495 534 immunes;
3562 486 3659 525 ve-

352 581 482 644 κίας
529 574 796 648 ἐσόμεθα,
835 564 973 629 ἀλλᾶ
1008 573 1104 643 καὶ
1135 572 1354 644 σώματι
1408 572 1485 644 μὴ
1534 569 1954 643 πλησιάζοντες,

349 672 431 739 ὥς
463 667 904 738 πεπορνευκότες
941 667 1086 721 κατὰ
1124 665 1369 721 διάνοιαν
1405 662 1811 736 κριθησόμεθα.

429 760 557 818 EE’.
596 758 850 832 Ἐπεξῄει
896 759 955 813 δέ
1012 775 1066 812 τι
1097 759 1194 812 καὶ
1234 755 1479 811 τοιοῦτον
1530 756 1733 819 αὐτοῖς⁴
1772 753 1957 824 Ὅπερ

351 856 508 929 ἐμοὶ,
535 855 696 926 φησι,
718 852 830 907 τῶν
860 851 1178 921 Αἰγυπτίων
1205 850 1350 914 τινὲς
1377 848 1652 920 γερόντων
1698 848 1832 903 ποτὲ
1872 848 1954 902 δι-

352 944 665 1017 ηγήσαντο.
716 937 829 996 Ἦν
873 959 959 1006 τις
997 943 1056 995 έν
1102 940 1279 1005 πόλει,
1321 939 1440 1010 βίου
1477 939 1578 1011 μὲν
1611 936 1766 1010 παρὰ
1815 941 1952 992 πᾶσι

352 1035 679 1108 θαυμαποῦ
710 1034 1094 1107 νομιζόμενος,
1127 1033 1224 1088 καὶ
1247 1032 1450 1104 πολλὴν
1479 1032 1642 1103 δῆθεν
1665 1032 1803 1102 πρὸς
1825 1032 1959 1085 Θεὸν

352 1130 675 1201 πλουτήσας
700 1127 804 1198 τὴν
841 1126 1176 1197 οίκειότηταο
1200 1124 1385 1179 πυκνὰ
1406 1123 1465 1178 δὲ
1502 1126 1625 1188 ταῖς
1670 1123 1957 1194 ἀληθείαις

352 1221 717 1295 παροργίζων
747 1218 911 1275 αὑτὸν
941 1221 999 1273 ὲν
1023 1218 1102 1291 τῷ
1125 1216 1357 1289 κρυπτῷ
1395 1217 1663 1289 κινήματι
1696 1217 1797 1287 τῆς
1822 1234 1889 1270 κα
1899 1233 1958 1286 ρ-
1986 1227 1990 1233 ’

352 1316 498 1379 δίας,
536 1314 627 1369 διὰ
672 1312 774 1383 τῆς
818 1312 958 1382 πρὸς
996 1311 1124 1374 τοὺς
1164 1311 1407 1382 φαύλους
1460 1309 1761 1379 λογισμοὺς
1814 1309 1956 1381 τάχα

359 1405 837 1478 συγκαταθέσεως*
870 1403 1013 1458 ὥστε
1044 1403 1150 1459 κᾶν
1187 1402 1263 1475 μὴ
1284 1402 1363 1475 τῷ
1396 1402 1569 1475 ἔργῳ,
1598 1401 1716 1458 ἁλλ’
1744 1397 1839 1457 οὖν
1887 1406 1955 1474 τῇ

358 1480 571 1570 διανοίᾳ
608 1496 812 1569 ῥᾳδίως
837 1494 1206 1569 πλημμελεῖν.
1241 1493 1450 1565 Βαρείᾳ
1498 1492 1633 1564 γοῦν
1659 1495 1688 1549 6
1714 1493 1955 1557 τοιοῦτός

368 1594 502 1641 ποτε
524 1589 663 1656 νόσῳ
709 1583 1051 1657 περιπεσὼν,
1087 1584 1217 1655 περὶ
1249 1585 1348 1649 τὰς
1393 1585 1632 1656 ἐσχάτας
1681 1585 1957 1646 ἀναπνοὰς

376 1673 470 1750 ἢν,
512 1680 605 1732 καὶ
636 1679 731 1751 ἢδη
794 1677 955 1748 πρὸς
995 1676 1228 1732 θάνατον
1298 1676 1550 1733 ἔϐλεπεν.
1600 1675 1865 1749 Ὀδυρμδς
1900 1677 1960 1731 δὲ

384 1773 595 1841 κατεῖχε
625 1769 724 1842 τὴν
756 1769 936 1837 πόλιν,
986 1770 1083 1824 καὶ
1126 1769 1315 1841 ἡλικία
1359 1771 1511 1824 πᾶσα
1545 1769 1828 1825 ὲκόπτετοο
1864 1770 1959 1824 καὶ

2067 583 2190 623 rum
2241 567 2375 624 licet
2425 581 2659 637 corpore
2715 581 2825 621 non
2883 564 3305 638 conjungamur,
3360 571 3544 619 tamen
3601 571 3669 618 ut

2068 657 2254 713 animo
2282 656 2537 712 fornicati
2570 656 2960 728 judicabimur.

2141 747 2306 804 LXV.
2348 749 2546 804 Narrat
2581 748 2780 803 deinde
2827 747 2898 802 iis
2937 746 3044 802 tale
3084 745 3217 815 quid
3243 783 3258 808 .
3306 745 3451 815 quod
3497 743 3655 811 mihi,

2069 840 2272 911 inquit,
2331 839 2646 894 retulerunt
2697 837 3003 907 aliquando!
3025 836 3246 906 quidam
3292 836 3529 908 Aigyptii
3572 850 3662 891 se-

2070 949 2172 989 nes
2193 932 2332 1006 (82).
2372 931 2505 988 Erat
2535 931 2733 1002 aliquis
2764 931 2820 985 in
2855 930 3097 996 civitate,
3125 931 3249 985 vita:
3267 929 3488 1000 quidem
3513 929 3659 1000 apud

2070 1042 2265 1083 omnes
2284 1026 2620 1081 admirandae
2655 1024 2896 1091 habitus,
2937 1023 3093 1095 quasi
3123 1024 3357 1095 plurima
3390 1039 3515 1078 cum
3549 1023 3662 1080 Deo

2068 1120 2438 1176 familiaritate
2450 1120 2688 1183 ditatus;
2706 1133 2897 1174 revera
2909 1129 3095 1173 autem
3129 1117 3440 1186 frequenter
3451 1131 3576 1171 eun;
3590 1115 3662 1171 ad

2067 1211 2207 1265 iram
2236 1225 2540 1282 provocans
2569 1211 2625 1265 in
2652 1210 2870 1266 occulto
2903 1208 3086 1265 cordis
3115 1218 3288 1274 motu,
3322 1216 3548 1279 propter
3576 1209 3660 1262 ei-

2071 1310 2187 1366 tum
2215 1296 2402 1373 pravis
2429 1301 2857 1374 cogitationibus
2885 1316 3210 1365 assensum;
3246 1301 3382 1355 adeo
3408 1307 3467 1355 ut
3490 1314 3668 1370 quan-

2065 1410 2230 1466 quam
2261 1410 2373 1451 non
2404 1410 2606 1467 opere,
2646 1404 2703 1451 at
2743 1395 3077 1466 cogitatione
3106 1394 3267 1451 facile
3296 1402 3571 1465 peccaret.
3612 1395 3664 1449 Is

2064 1490 2251 1560 itaque
2297 1489 2448 1560 gravi
2501 1489 2723 1545 tandem
2765 1490 2960 1545 morbo
3000 1496 3313 1557 correptus,
3355 1488 3411 1541 iu
3452 1486 3662 1543 ultimis

2069 1580 2196 1635 vitae
2236 1580 2497 1636 halitibus
2535 1580 2873 1645 versabatur,
2904 1580 3126 1650 jamque
3164 1578 3230 1634 ad
3263 1587 3493 1633 mortem
3538 1593 3663 1647 spe-

2068 1671 2271 1727 ctabat.
2302 1670 2509 1728 Urbem
2535 1686 2666 1728 vero
2699 1671 2924 1726 tenebat
2955 1669 3332 1741 comploratio,
3371 1668 3664 1739 omnisque

2068 1775 2202 1820 tetas
2233 1764 2562 1836 plangebat;
2598 1763 2784 1820 cuncti
2818 1774 2947 1820 ante
2984 1763 3184 1828 virum,
3226 1762 3272 1818 si
3303 1761 3423 1818 fieri
3452 1764 3660 1833 posset,

373 1862 468 1917 τοῦ
493 1862 704 1934 ἀνδρὸς,
731 1862 893 1933 εἴπερ
915 1857 1026 1915 οἷον
1063 1878 1147 1926 τε,
1179 1861 1717 1934 προαναρπασθῆναι
1754 1862 1959 1926 πάντες

2070 1865 2251 1912 morte
2289 1855 2468 1927 abripi
2523 1856 2877 1927 exoptabant,
2928 1855 3103 1911 satius
3151 1855 3254 1910 rati
3304 1855 3409 1911 hoc
3451 1844 3659 1922 subire,

361 1954 693 2028 ὲπηύχοντο,
721 1955 933 2026 βέλτιον
954 1954 1252 2027 ἡγούμενοι
1276 1954 1436 2011 τοῦτο
1462 1955 1679 2022 παθεῖν,
1703 1955 1737 2028 ἢ
1764 1954 1960 2029 ἀνδρὸς

359 2047 507 2101 οὕτω
537 2046 627 2102 διὰ
672 2048 857 2118 πάσης
916 2047 1185 2119 ᾀδομένου
1218 2047 1470 2126 γλώττης
1535 2048 1636 2120 τὴν
1688 2047 1993 2119 ἐκδημίαν.

362 2139 520 2193 ἰδεῖν.
561 2139 685 2193 Τῶν
718 2139 1049 2210 διορατικῶν
1084 2138 1143 2192 δέ
1188 2157 1275 2204 τις
1324 2139 1380 2193 ὲν
1416 2138 1660 2210 τοσούτῳ
1706 2141 1775 2211 τῇ
1809 2138 1965 2193 πόλει

358 2231 723 2304 παραϐαλὼν,
750 2234 844 2286 καῖ⁵
865 2232 928 2286 τὺ
956 2232 1104 2305 βαρὺ
1133 2232 1296 2287 τοῦτο
1325 2231 1422 2287 καὶ
1449 2232 1735 2303 πάνδημον
1767 2232 1965 2297 πένθος

354 2321 528 2395 ὀρῶν·
562 2320 756 2375 ἔπειτα
813 2323 908 2375 καὶ
941 2327 1002 2376 τὸ
1045 2321 1253 2392 πλῆθος
1281 2322 1499 2377 ἁκούων
1545 2324 1666 2394 μετ’
1703 2323 1962 2394 οἰμωγῆς

357 2413 574 2466 ικεῖνον
611 2411 788 2476 οὕτως
832 2412 1294 2484 ἀνακλαιόμρνον·
1336 2413 1396 2468 Ὀ
1432 2414 1715 2485 Ἀγιοςίό
1743 2415 1969 2485 Πατήρί

355 2505 392 2559 6
420 2505 608 2577 σωτὴρ
639 2506 668 2558 6
697 2504 1003 2579 ἡμέτεροςι
1029 2501 1092 2562 οὗ
1116 2509 1183 2579 τῇ
1227 2505 1494 2580 πρεσϐείᾳ
1515 2518 1545 2559 (ι
1578 2508 1779 2573 πάντες
1799 2506 1971 2579 ἐσμὲν

358 2594 689 2666 σωζόμενοι·
727 2597 859 2650 ποία
892 2596 1081 2651 λοιπον
1106 2598 1240 2669 ἡμῖν
1267 2596 1421 2652 ἔσται
1449 2599 1729 2670 σωτηρίας
1764 2599 1920 2679 ἐλπίς
1948 2618 1965 2669 ;

358 2687 500 2742 ποία
552 2688 694 2760 μετὰ
757 2687 952 2744 τοῦτον
1001 2690 1316 2769 ασφάλειας
1353 2688 1542 2745 Ταῦτα
1600 2693 1628 2746 ὀ
1661 2692 1970 2763 διορατικδς

357 2780 579 2844 ἐκεῖνος
607 2779 748 2852 ἀνὴρ
771 2778 896 2835 ίδών
924 2798 983 2835 τε
1018 2782 1110 2835 καὶ
1133 2783 1399 2850 ἀκούσας,
1421 2782 1589 2856 ἀπῄει
1617 2784 1759 2855 μετὰ
1791 2801 1966 2838 σπου·

356 2869 464 2941 δῆς
493 2870 841 2940 παρ’.αὑτδν,
879 2870 1051 2942 εὐχῆς
1084 2870 1385 2943 ἀξιωθῇναί
1419 2889 1564 2937 τινος
1602 2875 1694 2928 καὶ
1725 2874 1976 2944 εὐλογίας

361 2962 856 3033 καππειγόμενος.
906 2962 1060 3017 Ἐπεὶ
1084 2964 1141 3017 δὲ
1171 2964 1272 3034 ἤδη
1324 2965 1422 3018 καὶ
1472 2965 1706 3035 πλησίον
1745 2961 1836 3037 ἦν,
1868 2967 1973 3038 ὁρᾷ

369 3053 471 3125 μὲν
493 3055 620 3116 τοὺς
644 3053 1070 3125 λαμπροτάτους
1098 3055 1207 3108 τῶν
1235 3054 1495 3129 πολιτῶν,
1526 3058 1631 3129 ὁρᾷ
1649 3057 1705 3110 δὲ
1735 3057 1828 3110 τὸν
1857 3056 1969 3111 τῶν

368 3144 568 3216 ἱερέων
590 3144 817 3217 κλῆρον,
864 3146 1002 3217 πρὸς
1054 3146 1111 3199 δὲ
1157 3147 1252 3202 καὶ
1291 3126 1463 3201 ἀὐτὴν
1495 3126 1966 3202 τίινὲπίσκοπον.

2065 1963 2231 2019 quam
2276 1947 2516 2003 hominis
2564 1950 2644 2003 sic
2698 1963 2794 2019 per
2837 1963 3057 2004 omnem
3108 1947 3351 2020 linguam
3398 1947 3664 2004 celebrati

2067 2056 2300 2097 cernere
2336 2055 2649 2096 excessum.
2697 2038 2911 2095 Interea
2954 2023 3178 2111 quidam
3229 2041 3480 2113 egregius
3524 2055 3664 2096 con-

2067 2122 2364 2204 templator
2400 2133 2588 2189 urbem
2622 2132 2921 2205 ingressus,
2953 2143 3009 2189 et
3033 2132 3224 2189 videns
3255 2149 3475 2205 gravem
3506 2134 3663 2190 illum

2068 2224 2465 2295 publicumque
2512 2223 2757 2290 luctum;
2811 2222 3043 2280 audiens
3074 2222 3277 2279 deinde
3305 2234 3361 2280 et
3392 2225 3661 2296 p0pulum

2020 2358 2039 2379 κ
2067 2330 2194 2370 cum
2224 2313 2430 2385 ejulatu
2465 2315 2539 2370 ita
2570 2315 2644 2370 de'
2667 2328 2735 2369 eo
2752 2296 3153 2370 lamentantem
3186 2332 3199 2368 :
3243 2313 3289 2370 Ο
3325 2314 3597 2372 Sanctus!
3626 2330 3662 2372 ο

2069 2405 2265 2462 Pater!
2296 2421 2332 2461 ο
2367 2416 2619 2463 servator
2642 2407 2868 2462 noster!
2909 2406 3069 2483 cujus
3096 2406 3162 2463 ad
3199 2407 3371 2463 Deum
3404 2408 3667 2480 depreca-

2068 2497 2221 2555 tione
2264 2498 2511 2554 salvandi
2552 2513 2745 2555 sumus
2775 2498 2962 2554 cuncti
3007 2515 3023 2554 :
3073 2514 3195 2570 qua:
3234 2498 3394 2556 nobis
3434 2501 3669 2572 posthac

2069 2592 2175 2649 erit
2202 2591 2397 2648 salutis
2421 2591 2583 2664 spes?
2609 2606 2863 2663 quaenam
2890 2600 3016 2663 post
3042 2592 3190 2647 hunc
3210 2593 3511 2649 securitas?
3540 2590 3668 2650 Haec

2068 2683 2154 2740 vir
2192 2683 2284 2740 ille
2324 2683 2788 2754 contemplativus
2818 2683 3014 2739 videns
3045 2693 3103 2739 et
3134 2684 3386 2751 audiens,
3428 2686 3497 2741 ad
3533 2702 3667 2744 eum

2069 2773 2263 2831 sedulo
2287 2775 2484 2847 pergit,
2509 2774 2846 2844 precationis
2874 2784 2967 2829 aut
2998 2773 3404 2831 benedictionis
3431 2777 3665 2848 alicujus

2070 2870 2476 2941 consequendte
2507 2884 2672 2926 causa
2702 2884 3027 2940 properans.
3072 2868 3146 2947 Ut
3178 2884 3311 2925 vero
3343 2871 3458 2940 jam
3493 2886 3667 2942 prope

2070 2963 2196 3030 fuit,
2223 2963 2403 3019 cernit
2425 2962 2649 3034 quidem
2674 2962 2879 3017 civium
2910 2961 3265 3025 clarissimos,
3291 2962 3471 3018 cernit
3497 2964 3663 3020 etiam

2068 3055 2415 3111 sacerdotum
2443 3055 2676 3121 clerum,
2711 3064 3087 3126 prmtereaque
3117 3055 3297 3125 ipsum
3320 3055 3665 3127 episcopum,

2071 3148 2164 3219 qui
2196 3148 2345 3204 faces
2376 3149 2635 3203 manibus
2661 3147 2968 3219 gestabant,
3003 3156 3057 3202 et
3097 3147 3344 3218 corporis
3375 3147 3665 3205 deductio-

363 3237 663 3308 λαμπάδας
687 3235 777 3305 δια
808 3237 991 3310 χειρὸς
1018 3237 1272 3310 ἔχοντας,
1302 3239 1392 3292 καὶ
1445 3239 1547 3311 τὴν
1586 3238 1683 3293 τοῦ
1712 3241 1966 3309 σώματος

2072 3256 2200 3296 nem
2225 3240 2627 3312 exsequiasque
2657 3240 3138 3312 prestolabantur.
3173 3238 3380 3296 Deinde
3410 3240 3663 3298 submota

366 3327 718 3399 προπομπὴν
783 3327 1179 3399 ἀναμένοντας.
1249 3322 1386 3383 Εἶτα
1454 3329 1854 3400 παρωσάμενος
1907 3327 1968 3383 τὸ

366 3420 607 3492 πλῆθος,
644 3421 744 3475 καὶ
785 3420 923 3492 πρὸς
973 3421 1069 3475 τὸν
1117 3409 1687 3492 κείμενονέίσελθὼν,
1721 3423 1968 3494 εὑρίσκει

367 3513 473 3584 μὲν
502 3511 668 3565 αὐτὸν
704 3510 886 3582 ὀλίγον
916 3512 999 3565 ἔτι
1026 3513 1357 3583 ἐμπνέοντα*
1393 3513 1585 3585 βλέπει
1613 3514 1671 3569 δέ
1699 3531 1754 3568 τι
1787 3515 1969 3585 θέαμα

366 3605 645 3677 κρυπτοῖς
672 3602 1001 3676 ὀφθαλμοῖς,
1033 3604 1128 3659 καὶ
1168 3605 1300 3659 ίδεῖν
1329 3604 1584 3677 φοϐερὸν,
1619 3608 1717 3662 καὶ
1736 3607 1969 3661 ἀκοῦσαι

367 3693 628 3767 δακρύων
652 3694 826 3762 ἄξιον.
866 3696 1070 3750 Ἐδόκει
1099 3696 1210 3769 γάρ
1239 3714 1324 3763 τις
1357 3697 1510 3770 αὑτῷ
1545 3698 1775 3771 πύρινον
1800 3693 1914 3753 οἷον
1944 3708 1967 3736 ι

368 3788 682 3860 τριόδοντα,
740 3789 822 3852 είς
887 3789 985 3860 τὴν
1035 3790 1249 3843 ἐκείνου
1299 3791 1552 3845 καθιέναι
1590 3790 1842 3858 καρδίαν,
1873 3791 1971 3844 καὶ

380 3877 480 3948 τὴν
502 3880 699 3952 ψυχὴν,
727 3879 831 3950 φεῦ
853 3881 866 3933 l
889 3878 1082 3951 βιαίως
1102 3881 1314 3934 ἐκεῖθεν
1341 3883 1436 3936 καὶ
1456 3881 1671 3953 πικρῶς
1692 3883 1968 3953 ἁνασπᾴν·

389 3969 578 4024 ἒπειτα
595 3975 686 4027 καὶ
739 3973 925 4043 φωνῆς
963 3971 1171 4027 ἄνωθεν
1200 3974 1446 4039 ἀκούειν,
1485 3977 1582 4028 Ὃν
1611 3974 1815 4047 τρόπον
1863 3975 1966 4028 οὐκ

391 4063 655 4118 ἀνέπαυσε
689 4082 782 4135 με,
819 4064 1108 4137 λεγούσης,
1164 4067 1195 4137 ἡ
1241 4066 1388 4138 ψυχὴ
1431 4066 1573 4139 αὕτη
1631 4066 1798 4138 μόνην
1820 4066 1973 4121 οὐδε-

386 4153 515 4223 μίαν
572 4154 810 4226 ὴμέραν,
870 4154 961 4207 τὸν
1005 4156 1170 4209 αὐτὸν
1223 4157 1399 4227 δήπου
1451 4144 1652 4228 τρόπον
1715 4157 1852 4230 μηδὲ
1905 4159 1969 4212 σὺ

311 4310 318 4317 ε
378 4246 564 4317 παύσῃ
596 4246 924 4316 σπαράττων
956 4246 1128 4319 αὐτὴν
1156 4250 1250 4301 κέ).
1277 4248 1523 4320 σφοδρῶς
1550 4249 1725 4303 ἕλκων
1754 4250 1849 4303 καὶ
1875 4266 1970 4303 τι-

376 4337 758 4406 μωρούμενοςη

445 4429 587 4498 ΞΕΤ.
627 4430 811 4484 Ταῦτα
836 4422 973 4501 πρὸς
1007 4433 1134 4497 τοὺς
1160 4432 1435 4504 παρόντας
1455 4433 1565 4488 τῶν
1588 4434 1835 4506 ἀδελφῶν
1863 4436 1968 4489 Εὐ-

370 4519 574 4592 θύμιος
605 4523 906 4594 διεξῆλθεν·
933 4520 1052 4579 εἶτα
1077 4525 1173 4578 καὶ
1191 4529 1567 4596 παραινέσεως
1596 4520 1722 4598 ἑξῆς
1742 4528 1967 4598 ἥπτετο,

369 4615 777 4685 προσεκτικοὺς
807 4617 1005 4679 αὐτοὺς
1030 4612 1172 4670 εἶναι
1194 4615 1289 4670 καὶ
1313 4618 1393 4681 είς
1420 4618 1507 4671 ἀεὶ
1525 4618 1808 4689 εὐτρεπεῖς
1841 4620 1969 4690 περὶ

370 4708 483 4776 τὴν
530 4707 626 4775 τῆς
655 4706 836 4779 ψυχῆς
883 4710 1062 4775 ἔξοδον
1114 4709 1968 4781 προμηθούμενοςο-Αἰμιλιανὸς,

372 4796 584 4864 λέγων,
616 4792 766 4863 οὗτος
790 4799 919 4870 ὑμῖν
952 4797 1255 4867 ὑπόδειγμα
1278 4799 1440 4853 ἔστω·
1472 4800 1532 4853 ὃν
1565 4801 1663 4853 καὶ
1692 4801 1783 4855 διέι
1814 4802 1973 4855 τοῦτο

374 4888 604 4951 πάντως
623 4892 651 4943 6
679 4891 810 4955 Θεὸς
844 4894 1116 4962 περιεῖδεν
1148 4892 1396 4972 αἰσχρῶς
1420 4894 1624 4948 οὑτωσὶ
1651 4896 1745 4948 καὶ
1769 4895 1972 4959 ἀθλίως

374 4982 439 5033 ὲν
463 4984 577 5044 τοῖς
614 4984 874 5039 ἁπάντων
905 4984 1062 5057 ὑμῶν
1109 4985 1411 5057 ὀφθαλμοῖς
1446 4987 1551 5040 ὑπὸ
1596 4985 1690 5040 τοῦ
1718 4987 1820 5059 τῆς
1851 4989 1973 5057 φιλ-

376 5073 596 5142 ηδονίας
635 5079 1080 5150 κατεργασθῆναι
1122 5080 1326 5152 πικροῦ
1380 5081 1658 5151 δαίμονος,
1711 5082 1777 5135 ἵν’
1811 5082 1970 5136 αὐτοὶ

375 5168 611 5241 γένησθε
644 5170 909 5242 βελτίους,
938 5173 1034 5228 καὶ
1077 5175 1187 5230 ἀπὸ
1239 5174 1338 5246 τῆς
1375 5177 1456 5239 είς
1502 5173 1665 5229 αὐτὸν
1697 5174 1968 5246 τιμωρίας

377 5261 539 5328 ὑμεῖς
575 5263 895 5334 κερδάνητε.
936 5263 1100 5319 Ἀλλὰ
1142 5263 1254 5335 γὰρ
1301 5263 1607 5334 δεηθῶμεν,
1664 5265 1820 5335 φησὶ,
1873 5264 1970 5317 τοῦ

372 5352 540 5420 Θεοῦ,
577 5356 676 5424 τῆς
708 5358 964 5427 τοιαύτης
1004 5353 1304 5428 ὲπιόουλῆς
1357 5356 1618 5427 ἀνεθῆναι
1646 5357 1736 5408 τὶν
1781 5355 1968 5427 ἄνδρα.

2071 3334 2253 3400 turba,
2281 3341 2339 3388 et
2371 3334 2437 3388 ad
2475 3333 2752 3408 jacentem
2785 3330 3088 3404 ingressus,
3120 3319 3332 3389 invenit
3362 3347 3489 3388 eum
3526 3348 3665 3404 pau-

2071 3427 2184 3483 lum
2219 3427 2399 3484 adhuc
2431 3427 2765 3497 spirantem;
2805 3420 2958 3481 vidét
2989 3434 3173 3481 autem
3209 3425 3446 3481 internis
3476 3426 3667 3482 occul-

2074 3519 2253 3589 tisque
2280 3519 2456 3575 oculis
2498 3508 2872 3589 spectaculum
2905 3517 3202 3588 quoddam,
3242 3526 3299 3573 et
3328 3519 3448 3573 visu
3489 3517 3669 3573 horri-

2071 3611 2235 3675 dum,
2275 3619 2333 3665 et
2387 3608 2581 3666 auditu
2629 3607 3006 3681 lacrymabile.
3060 3607 3360 3664 Videbatur
3400 3609 3545 3664 enim
3589 3609 3662 3676 ei,

2071 3709 2220 3775 quod
2247 3701 2471 3774 quidam
2522 3701 2744 3774 igneum
2786 3701 2940 3757 velut
2986 3700 3278 3756 tridentem
3328 3699 3386 3755 in
3428 3700 3669 3757 hominis

2074 3795 2222 3853 illius
2258 3810 2357 3850 cor
2405 3793 2757 3857 demitteret,
2808 3802 2975 3862 atque
3016 3793 3147 3849 inde
3181 3794 3421 3848 animam
3465 3791 3594 3862 (be'u
3621 3794 3662 3861 ι)

2071 3884 2341 3941 violenter
2379 3882 2785 3954 crudeliterque
2827 3882 3128 3953 evelleret;
3177 3884 3432 3955 quodque
3472 3896 3664 3955 postea

2071 3975 2288 4033 audiret
2321 3975 2544 4032 ccelitus
2579 3990 2790 4040 vocem,
2824 3974 3099 4031 dicentem
3136 3991 3151 4028 :
3188 3975 3665 4041 Quemadmodum

2071 4069 2256 4127 anima
2298 4069 2417 4125 haec
2449 4083 2521 4125 ne
2551 4069 2694 4125 diem
2735 4069 2957 4140 quidem
3007 4086 3178 4127 unum
3215 4087 3304 4126 me
3340 4073 3468 4127 sivit
3506 4072 3666 4142 quie-

2072 4175 2249 4227 scere,
2288 4160 2360 4217 ita
2391 4174 2499 4216 nec
2543 4168 2601 4215 tu
2636 4174 2819 4218 cesses
2860 4162 3008 4216 illam
3037 4163 3325 4228 dilanare,
3367 4164 3668 4220 crudeliter

2073 4252 2411 4323 discerpere,
2449 4251 2740 4308 tormentis
2768 4251 3008 4310 allicere.

2146 4433 2332 4492 LXVI.
2398 4434 2526 4493 Haec
2591 4438 2958 4508 praesentibus
3023 4439 3282 4493 fratribus
3340 4436 3666 4509 Eutltymius

2075 4532 2354 4588 enarravit
2385 4549 2399 4586 :
2443 4531 2645 4587 deinde
2684 4546 2814 4587 vero
2851 4547 3079 4587 monere
3101 4546 3197 4586 eos
3218 4532 3403 4600 capit,
3425 4531 3668 4586 suadens

2079 4633 2140 4679 ut
2163 4621 2355 4678 attenti
2376 4629 2562 4677 essent
2586 4636 2915 4691 semperque
2939 4622 3007 4677 ad
3034 4622 3234 4677 anima:
3252 4635 3535 4676 excessum
3564 4637 3666 4692 pa-

2071 4714 2199 4775 rati.
2260 4712 2453 4768 dicens
2487 4727 2503 4765 :
2546 4709 2881 4766 Emilianus
2914 4711 3032 4767 iste
3069 4712 3226 4767 vobis
3265 4711 3517 4782 exemplo
3553 4711 3665 4777 sit;

2069 4822 2232 4878 quem
2280 4803 2403 4860 ideo
2443 4803 2603 4874 plane
2638 4805 2893 4874 permisit
2925 4803 3071 4859 Deus
3114 4803 3189 4859 ita
3224 4802 3370 4859 foede
3401 4813 3459 4859 et
3495 4804 3667 4860 mise-

2069 4898 2316 4959 rabiliter
2361 4897 2419 4951 in
2466 4897 2713 4955 omnium
2751 4898 2996 4952 vestrum
3032 4896 3207 4952 oculis
3240 4912 3272 4952 ιι
3303 4911 3450 4953 saevo
3484 4897 3667 4967 impu-

2071 4990 2275 5047 dicitiae
2302 4991 2559 5045 daemone
2578 4988 2838 5059 opprimi,
2867 4999 2927 5044 ut
2944 5001 3044 5044 vos
3069 4988 3380 5045 elliciarnini
3410 4990 3666 5045 meliores

2070 5089 2237 5152 atque
2263 5095 2332 5136 ex
2361 5080 2485 5151 ejus
2510 5080 2783 5150 supplicio
2812 5080 3025 5136 lucrum
3053 5081 3363 5151 reportetis.
3395 5081 3466 5136 At
3492 5080 3664 5148 enim,

2073 5170 2272 5247 inquit,
2320 5169 2493 5226 Deum
2527 5186 2774 5238 oremus,
2815 5178 2874 5226 ut
2906 5172 2954 5227 is
2981 5171 3064 5225 vir
3094 5186 3126 5227 a
3159 5170 3359 5226 talibus
3399 5170 3658 5226 liberetur

2074 5265 2314 5323 insidiis.
2340 5267 2410 5323 Et
2434 5266 2527 5321 ille
2559 5265 2782 5339 quidem
2816 5268 3000 5323 statim
3037 5282 3137 5337 pro
3168 5265 3336 5320 fratre
3359 5272 3445 5319 est
3470 5280 3664 5334 preca~

2079 5370 2187 5416 tus.
2223 5356 2399 5421 Totus
2432 5374 2565 5415 vero
2596 5359 2886 5416 confestim
2918 5361 3071 5415 locus
3098 5367 3238 5413 tetrn
3271 5358 3441 5412 odore
3469 5345 3667 5428 plenus

1672 5471 1910 5529 VARUE
1947 5475 2359 5534 LECTIONES.

452 5578 481 5619 «ι
518 5568 594 5624 al.
636 5567 744 5624 ins.
778 5570 914 5636 πρὸς
943 5553 1101 5623 Θεόν.
1188 5579 1208 5608 τ
1242 5570 1313 5623 al.
1356 5570 1430 5634 ὡς
1454 5566 1564 5624 οἷόν
1586 5587 1668 5625 τε.

924 5746 931 5755 ,
1549 5666 1742 5724 JOAN.
1783 5668 2123 5727 BOLLANDI
2181 5668 2414 5727 nom

452 5762 569 5832 (εξ)
609 5762 735 5837 Haec
771 5779 879 5817 non
912 5763 962 5818 in
992 5762 1251 5836 zEgypIo,
1273 5766 1368 5820 sed
1398 5764 1541 5836 apud
1562 5765 1618 5821 S.
1646 5763 1998 5836 Eutbytnium
2038 5775 2261 5837 peracta
2286 5774 2541 5822 asserunt
2569 5762 2770 5820 Montes
2811 5774 2864 5820 et
2899 5761 3234 5833 Nicephorus
3265 5772 3428 5832 supra
3455 5761 3663 5832 proleg.

377 5834 693 5891 n.6etll.

708 5928 980 5991 Parion.
1016 5927 1130 5990 Gn.
1159 5928 1378 5991 CXIV.

3304 5922 3384 5986 21
