4144 6406
440 395 451 407 ο
482 344 597 429 650'

482 570 708 642 gulatim
766 573 1112 629 consideravi
1150 575 1372 637 omnia:
1418 580 1516 636 sed
1555 585 1700 653 quod
1763 588 1960 643 attinet
2000 589 2071 644 ad

485 665 769 727 decretum
801 666 869 720 ab
893 664 974 743 eis
1011 667 1346 738 expositum,
1381 686 1486 726 non
1534 689 1756 744 possum
1788 694 1909 749 quae
1936 680 2073 735 defi-

480 761 594 817 nita
624 769 753 815 sunt
783 763 1212 832 reprehendere.
1244 762 1449 822 Statuit
1474 769 1621 824 enim
1674 770 1789 842 ipsa
1829 790 2067 844 quoque,

474 854 629 925 aequi
659 855 986 910 sententiam
1016 865 1381 913 trecentorum
1405 859 1593 916 decem
1625 871 1678 916 et
1712 871 1836 918 octo
1863 875 2074 922 sancto-

475 963 600 1018 rum
635 948 859 1005 Patrum
891 948 983 1021 qui
1005 948 1198 1005 Nicaeae
1226 963 1636 1023 convenerunt;
1659 965 1713 1010 et
1734 958 1924 1013 suadet
1951 975 2073 1014 am-

473 1042 637 1112 plecti
655 1043 922 1114 synodum
949 1054 1169 1099 centum
1195 1054 1250 1100 et
1270 1047 1660 1119 quinquaginta
1686 1049 2073 1107 Patrum'Con-

474 1137 830 1208 stantinopoli
861 1149 1321 1211 eongrcgatorum
1345 1159 1361 1208 ;
1389 1152 1445 1197 et
1476 1143 1632 1215 jubet
1654 1160 1749 1200 eos
1788 1146 1941 1215 sequi
1977 1147 2072 1217 qui

473 1227 679 1300 Ephesi
731 1240 1114 1287 convenerunt
1139 1232 1405 1290 adversus
1438 1235 1665 1306 impium
1714 1237 2070 1306 Nestorium;

475 1320 740 1392 Cyrillum
776 1333 958 1379 autem
992 1325 1441 1392 Alexandrinum,
1470 1338 1530 1383 ut
1559 1329 1805 1399 ejusdem
1846 1341 2073 1387 senten-

475 1413 586 1479 tiae,
625 1415 881 1468 associat.
925 1424 980 1470 et
1015 1425 1176 1474 rectm
1221 1417 1344 1472 fidei
1392 1419 1711 1491 magistrum
1749 1423 2072 1491 proﬁtetur;

476 1502 786 1574 Deiparam,
807 1516 1055 1560 sanetam
1081 1507 1359 1578 Virginem
1391 1509 1563 1565 libera
1585 1511 1769 1580 lingua
1802 1514 2070 1579 nominat,

475 1602 532 1648 et
564 1595 904 1665 unigenitum
938 1595 1031 1651 Dei
1066 1596 1259 1652 Filium
1293 1614 1359 1655 ex
1385 1614 1449 1655 ea
1483 1609 1674 1656 natum
1702 1618 1826 1659 esse
1854 1605 2074 1671 asserit;

1734 378 2020 443 MENSIS
2047 340 2509 465 “summa.

481 480 615 546 Qua:
628 477 698 533 ah
727 493 789 533 ea
815 478 1033 550 quidem
1057 481 1262 553 synodo
1292 494 1421 539 sunt
1450 496 1674 557 statuta,
1698 494 1940 567 n'ondum
1966 495 2073 551 sin-

2182 502 2279 570 τῆς
2309 501 2567 573 τοιαύτης
2616 501 2838 555 συνόδου
2902 503 3360 576 δογματισθέντα,
3397 506 3570 572 οὔπω,
3612 512 3769 580 φησὶν

2174 593 2489 663 καταμέρος
2542 594 2897 667 ἐπέσκεμμαι
2952 599 3149 652 πάνταο
3189 598 3328 670 πλὴν
3379 600 3504 654 ὅσον
3540 604 3634 655 ἐπὶ
3692 601 3772 672 τῷ

2173 685 2307 754 παρ’
2331 684 2514 739 αὐτῶν
2541 686 2820 740 ἐκτεθέντι
2842 689 2975 759 ὅρῳ,
3003 690 3105 744 οὐκ
3129 691 3239 761 ἐχω
3271 692 3380 746 τῶν
3430 693 3772 764 δεδογμένων

2172 776 2555 832 ἐπιλαϐέσθαι.
2603 778 2796 832 Τά.τε
2835 780 2945 850 γὰρ
2982 781 3092 835 τῶν
3141 784 3470 850 τριακοσίων
3495 785 3632 839 δέκα
3673 788 3769 840 καὶ

2173 868 2320 924 ὀκτὼ
2353 867 2524 938 ἁγίων
2564 871 2825 939 Πατέρων
2872 872 2981 925 τῶν
3015 873 3158 928 κατὰ
3189 874 3428 930 Νίκαιαν
3482 878 3767 934 συνελθόν.

2171 978 2304 1027 των,
2361 962 2457 1014 καὶ
2504 961 2642 1032 αὐτὴ
2693 961 2936 1029 δοξάζειν
2996 964 3300 1034 νομοθετεῖ·
3335 967 3435 1038 τήν
3467 985 3528 1021 τε
3550 970 3660 1023 τῶν
3712 972 3773 1025 ἐν

2175 1044 2756 1106 Κωνσταντινουπόλει
2807 1055 3152 1124 πεντήκοντα
3210 1057 3347 1128 πρὸς
3399 1062 3514 1124 τοῖς
3574 1060 3771 1116 ἑκατὸν

2177 1142 2396 1197 σύνοδον
2446 1143 2791 1209 ἀσπάζεσθαι
2849 1150 3125 1216 παραινεῖ,
3170 1148 3269 1203 καὶ
3309 1152 3423 1213 τοῖς
3451 1153 3510 1204 ἐν
3558 1152 3772 1226 Ἐφέσῳ

2176 1236 2322 1290 κατὰ
2376 1236 2676 1311 Ιζίεστορίου
2713 1235 3030 1291 συνελθοῦσι
3070 1239 3162 1293 τοῦ
3212 1240 3513 1306 δυσσεϐοῦς
3546 1242 3774 1297 ἀκολου-

2178 1328 2291 1383 θεῖν
2313 1329 2624 1400 ἐπιτρέπεν
2667 1329 2935 1401 Κύριλλον
2985 1330 3044 1384 δὲ
3089 1332 3180 1386 τὸν
3228 1333 3658 1406 Ἀλεξανδρείας,
3694 1336 3772 1400 ὡς

2176 1420 2431 1491 ὁμόδοξον
2480 1421 2837 1492 ἐταιρίζεται,
2870 1421 2963 1475 καὶ
2998 1422 3099 1492 τῆς
3149 1422 3320 1494 ὀρθῆς
3365 1426 3602 1488 πίστεως
3626 1426 3776 1481 διδά-

2180 1514 2381 1567 σκαλον
2439 1514 2781 1582 ἀνομολογεῖ·
2823 1514 3087 1567 Θεοτόκον
3125 1514 3225 1586 τὴν
3257 1516 3420 1585 ἁγίαν
3470 1517 3770 1589 Παρθένον,

2180 1606 2442 1677 ἐλευθέρᾳ
2507 1606 2723 1677 γλώττῃ
2785 1606 3168 1677 κατονομάζει,
3228 1611 3448 1664 καὶτὸν
3503 1612 3771 1687 μονογενῆ

3650 398 3761 462 θὸθ
3843 406 3848 413 “

475 1686 598 1741 sine
627 1695 872 1757 tempore
909 1689 1131 1759 quidem
1174 1698 1231 1745 et
1279 1691 1401 1747 sine
1440 1707 1672 1764 corpore
1700 1711 1769 1751 ex
1805 1696 1988 1763 Patre,
2019 1697 2073 1752 in

2179 1698 2275 1752 τοῦ
2324 1698 2459 1752 Θεοῦ
2509 1698 2660 1761 Υἱὸν,
2689 1690 2763 1763 ἐξ
2799 1700 2970 1768 αὐτῆς
3014 1701 3348 1772 γεννηθέντα
3390 1704 3408 1744 i
3454 1686 3772 1774 πρεσϐεύειο

476 1785 723 1848 tempore
745 1789 1011 1835 autemet
1030 1782 1331 1838 secundum
1355 1799 1575 1840 carnem
1598 1802 1662 1842 ex
1686 1797 1883 1857 matre;
1906 1805 2073 1845 unum

2180 1788 2427 1859 ἀχρόνως
2483 1787 2584 1857 μὲν
2632 1789 2728 1841 καὶ
2775 1789 3084 1860 ἀσωμάτως
3127 1792 3192 1844 ἐκ
3240 1792 3336 1846 τοῦ
3384 1794 3618 1866 Πατρὸς,
3666 1796 3776 1850 ὑπὸ

474 1845 843 1947 (Ξὴτίειυῐη,ε
877 1874 1040 1929 nobis
1082 1874 1395 1944 ineonfuse,
1441 1878 1875 1945 immutabiliter,
1938 1882 2073 1939 (ita

2179 1845 2372 1953 χρόνον
2396 1845 2452 1934 δὲ
2481 1845 2576 1934 καὶ
2604 1872 2747 1934 κατὰ
2775 1845 2957 1953 σάρκα
2993 1845 3188 1954 ἔοι-τῆς
3222 1845 3774 1959 Μητρὶ-ξ·

475 1964 828 2031 divisionem,
858 1967 911 2022 in
944 1958 1154 2027 duabus
1183 1974 1398 2029 naturis
1438 1976 1746 2046 cognitum;
1777 1986 1830 2033 et
1854 1989 2073 2052 prepth

2181 1972 2307 2026 στὸν
2366 1972 2520 2041 ἡμῖν,
2573 1970 2919 2042 ἀσυγχύτως,
2977 1958 3777 2059 ἀτρέπτως...ἀδιαιρέτως,γέν

479 2072 580 2113 eos
619 2059 710 2128 qui
746 2060 955 2116 audent
1007 2067 1302 2133 quamdam
1349 2066 1639 2122 admittere
1665 2063 1989 2126 divisionem
2024 2071 2073 2128 in

2179 2064 2296 2118 δυσ-ἰ
2349 2065 2467 2127 ταῖς
2504 2063 2701 2133 φύσεσι
2750 2062 3176 2135 γνωριζόμενοψ
3218 2065 3307 2119 διά
3353 2083 3415 2120 τε
3471 2067 3599 2131 τοὺς
3630 2067 3775 2121 διαί-

478 2148 850 2219 inexplicabili
881 2169 1195 2226 arcanaque
1232 2157 1457 2217 unione.
1495 2174 1616 2228 quae
1649 2162 1951 2218 secundum
1980 2163 2073 2236 by-

2181 2155 2332 2227 ρεσίν
2377 2173 2498 2209 τινα
2552 2155 2871 2226 τολμῶντας
2927 2155 3021 2209 ἐπὶ
3071 2158 3172 2227 τῆς
3211 2157 3332 2212 καθ’
3375 2158 3775 2240 ὑπόπασινΙέν

475 2240 739 2319 postasim
768 2255 866 2297 seu
905 2232 1200 2314 personam
1229 2246 1365 2302 facta
1390 2257 1472 2303 est
1502 2248 1557 2303 in
1587 2258 1766 2317 utero,
1794 2260 1849 2306 et
1873 2254 1968 2309 eos
1983 2232 2073 2325 qui

2180 2252 2246 2320 τῇ
2313 2249 2501 2320 μήτρᾳ
2553 2251 2931 2320 γεγενημένης
2984 2250 3269 2320 ἀφράστου
3325 2250 3420 2304 καὶ
3454 2234 3771 2323 ἀπορρήτου

472 2345 576 2399 per
605 2333 1026 2390 conversionem
1059 2337 1252 2392 dicunt
1280 2353 1504 2393 carnem
1532 2340 1734 2396 factum
1759 2359 1879 2399 esse
1904 2345 2072 2400 Deum

474 2412 715 2478 Verbum
737 2464 752 2487 ,
779 2441 1112 2498 carnemque
1152 2422 1431 2500 Unigeni'ti
1472 2442 1728 2488 asserunt
1758 2450 1880 2490 esse
1925 2443 2073 2492 c‘ou-

476 2516 891 2575 substantialem
909 2520 1216 2589 divinitati;
1242 2531 1296 2578 et
1313 2524 1514 2594 alioqui
1539 2536 1761 2598 prepter
1789 2544 1885 2585 eos
1907 2530 2070 2585 etiam

446 2609 564 2679 .qui
601 2627 712 2667 non
746 2614 1078 2670 confitentur
1123 2616 1384 2672 unionem
1440 2619 1838 2690 hypostaticam
1900 2623 2070 2681 Verbi

476 2717 603 2759 cum
658 2695 860 2771 carne,
898 2716 976 2783 at
1045 2710 1486 2767 commistionem
1533 2723 1591 2769 et
1651 2715 2070 2783 confusionem;

478 2796 681 2853 deinde
711 2809 775 2855 et
796 2801 1420 2860 consubstantiationem
1464 2806 1630 2878 impie
1669 2825 1733 2865 ac
1763 2812 2073 2883 prodigiose

363 2948 370 2954 ,
476 2890 768 2956 afﬁrmant,
822 2892 914 2963 qui
964 2895 1184 2964 quidem
1231 2896 1536 2955 divinitatis
1591 2909 1648 2956 et
1691 2904 1873 2959 carnis
1907 2906 2065 2960 aiunt

476 2996 644 3037 unam
673 2980 845 3038 fuisse
876 2972 1165 3053 naturam;
1198 2987 1336 3043 adeo
1362 2996 1423 3043 ut
1448 2988 1492 3044 si
1516 2999 1834 3060 spectentur
1855 3009 1976 3063 quae
2002 2995 2071 3050 ab

476 3074 588 3129 illis
617 3086 818 3143 praeter
838 3072 1108 3133 rationem
1135 3078 1280 3135 dicta
1317 3089 1469 3146 sunt,
1503 3097 1615 3136 non
1642 3085 1811 3154 possit
1838 3086 2073 3156 amplius

2177 2334 2461 2406 ἐνώσεως,
2519 2343 2614 2395 καὶ
2670 2344 2797 2407 τοὺς
2831 2342 2973 2397 κατὰ
3025 2346 3234 2416 τροπὴν
3279 2345 3534 2414 λέγοντας
3589 2346 3774 2414 σάρκα

2176 2433 2508 2506 γεγενῆσθαι
2533 2433 2625 2487 τὸν
2667 2434 2764 2487 τοῦ
2798 2433 2935 2487 Θεοῦ
2970 2435 3165 2503 Λόγον,
3199 2436 3293 2490 καὶ
3326 2435 3425 2508 τὴν
3475 2436 3571 2490 τοῦ
3597 2438 3776 2491 Μονο-

2174 2525 2367 2594 γενοῦς
2399 2526 2579 2596 σάρκα
2630 2524 2922 2596 όμοούσιον
2948 2527 3047 2597 τῆς
3098 2527 3354 2599 θεότητος
3400 2528 3776 2597 ἀποφαινομέ-

2126 2666 2129 2669 .
2176 2635 2319 2680 νουςο
2357 2617 2534 2680 ἄλλως
2566 2634 2623 2671 τε
2655 2616 2734 2684 δέ,
2768 2619 2863 2671 καὶ
2890 2617 3116 2681 διὰτοὺς
3139 2618 3214 2690 μὴ
3246 2620 3442 2673 ἕνωσιν
3469 2617 3562 2672 τοῦ
3593 2618 3771 2687 Λόγου

2175 2705 2299 2760 καθ’
2327 2705 2627 2761 ὑπόστασιν
2658 2706 2795 2777 πρὸς
2830 2706 2926 2778 τὴν
2962 2706 3143 2780 σάρκα
3171 2707 3597 2778 ὁμολογοῦντας,
3630 2705 3772 2759 ἀλλὰ

2177 2796 2496 2868 σύμφυρσίν
2534 2813 2594 2850 τε
2658 2797 2754 2850 καὶ
2795 2797 3079 2868 σύγχυσιν·
3119 2792 3241 2852 εἶτα
3271 2798 3365 2852 καὶ
3410 2796 3775 2851 συνουσίωσιν

2176 2890 2390 2953 ἀσεϐῶς
2422 2888 2908 2960 τερατευομένους·
2937 2889 3134 2954 οἵτινες
3163 2891 3264 2962 τήν
3286 2908 3346 2944 τε
3384 2890 3483 2961 τῆς
3513 2889 3775 2961 θεότητος

2177 2986 2270 3037 καῖ
2310 2980 2408 3053 τὴν
2440 2981 2543 3052 τῆς
2574 2981 2778 3053 σαρκὸς
2809 2980 2997 3051 φύσιν,
3034 2982 3164 3053 μίαν
3216 2981 3547 3053 γεγενῆσθαί
3581 2997 3771 3051 φασινο

2175 3075 2251 3138 ὡς
2290 3074 2497 3146 μηκέτι
2543 3073 2805 3127 δύνασθαι
2866 3074 3008 3129 κατὰ
3036 3076 3106 3130 τὰ
3168 3075 3259 3144 ὑπ’
3294 3075 3521 3129 ἐκείνων
3559 3074 3775 3143 ἀλόγως

476 3163 710 3230 servari,
755 3179 858 3220 nec
885 3166 944 3221 id
964 3168 1115 3239 quod
1172 3176 1258 3224 est
1305 3169 1511 3226 Christi
1569 3173 1818 3243 patibile,
1845 3186 2073 3246 propter

2179 3168 2472 3239 εἰρημένα.
2528 3168 2667 3239 μήτε
2722 3165 2785 3219 τὸ
2842 3167 3087 3237 παθητὸν
3120 3166 3215 3221 τοῦ
3263 3165 3504 3239 Χριστοῦ
3569 3165 3661 3220 διὰ
3712 3166 3776 3219 τὸ

477 3255 938 3324 impatibilitatem
968 3258 1290 3326 divinitatis,
1324 3274 1503 3334 neque
1526 3264 1579 3320 id
1607 3264 1752 3336 quod
1782 3275 1867 3321 est
1894 3264 2073 3337 iiiipa.

478 3347 652 3411 tibile,
687 3359 915 3419 propter
938 3351 1321 3427 patibilitatem
1353 3354 1525 3426 ipsius
1562 3373 1779 3413 rursum
1823 3358 2075 3416 humani-

476 3442 627 3497 tatis.
664 3442 824 3499 Juxta
866 3444 1015 3500 hunc
1070 3445 1255 3516 itaque
1291 3457 1458 3505 rectae
1499 3451 1785 3506 sententiae
1822 3468 2071 3524 scopum.

478 3533 634 3599 illud,
667 3534 729 3590 In
766 3534 974 3601 duabus
1004 3538 1231 3603 naturis,
1261 3537 1485 3612 decreto
1532 3540 1775 3596 additum
1809 3553 1891 3601 est
1921 3552 1959 3597 a'
1988 3560 2076 3616 sy-

479 3626 657 3693 nodo;
692 3642 802 3682 non
831 3637 1089 3700 tanquam
1117 3645 1367 3686 seorsum
1390 3640 1555 3702 atque
1578 3649 1677 3704 per
1703 3644 1886 3704 partes
1912 3635 2073 3690 Chri-

479 3727 624 3775 stum
652 3720 968 3786 exhibente,
1002 3721 1098 3777 sed
1128 3723 1426 3780 confitente
1459 3727 1708 3781 eumdem
1738 3727 1791 3782 in
1821 3735 2075 3799 utroque,

479 3821 538 3868 et
561 3820 859 3884 utrumque
893 3813 948 3868 in
978 3815 1196 3870 eodem.

553 3903 789 3961 LXXVI.
842 3904 970 3962 Haec
1015 3918 1384 3979 persequente
1440 3912 1751 3984 Euthymio,
1819 3914 2076 3971 laudabat

479 3998 700 4067 quidem
724 4000 1070 4070 Elpidius,ct
1090 4000 1363 4058 fatebatur
1393 4015 1539 4060 recte
1563 4007 1758 4062 habrre
1789 4024 1908 4078 quae
1927 3998 2079 4064 dicta

479 4090 720 4154 fuerant,
743 4092 959 4147 etiamsi
980 4109 1087 4147 non
1113 4097 1405 4151 recesserit
1428 4112 1457 4151 a
1479 4099 1865 4155 communione
1891 4099 2077 4156 Theo-

482 4183 644 4247 dosii,
669 4184 963 4255 statimque
988 4186 1230 4241 ostendit
1252 4180 1639 4245 mutationem.
1666 4190 1961 4247 Gerontius
1979 4208 2075 4247 au-

481 4284 591 4332 tem
619 4277 874 4332 manebat
904 4277 957 4332 in
998 4278 1189 4334 eadem
1225 4281 1520 4336 sententia.
1548 4282 1615 4336 Et
1642 4284 1721 4339 sic
1748 4285 1954 4347 reversi
1985 4287 2076 4341 in-

481 4377 566 4426 ter
586 4383 646 4425 se
673 4369 1080 4436 dissentientes,
1102 4370 1411 4428 Theodosio
1439 4391 1697 4446 responsa
1722 4378 2072 4434 annuntiant.

484 4460 697 4526 Quibus
719 4461 809 4517 ille
830 4462 1061 4530 auditis,
1085 4466 1346 4535 quoniam
1370 4466 1424 4522 in
1448 4468 1737 4525 Palaestina
1755 4470 1866 4541 jam
1892 4472 2076 4528 omnia

2181 3253 2390 3324 ἀπαθὲς
2416 3259 2515 3329 τῆς
2548 3258 2825 3330 θεότητος,
2864 3260 3004 3331 μήτε
3040 3259 3101 3314 τὸ
3137 3260 3346 3339 ἀπαθὲς
3385 3259 3654 3337 σῴζεσθαι
3682 3260 3774 3314 διὰ

2180 3353 2243 3406 τὸ
2281 3352 2523 3424 παθητὸν
2559 3351 2726 3407 αὐτοῦ
2763 3353 2926 3417 πάλιν
2972 3352 3072 3421 τῆς
3105 3353 3546 3425 ἅνθρωπότητος.
3612 3354 3777 3409 Κατὰ

2180 3444 2370 3497 τοῦτον
2396 3443 2577 3497 τοίνυν
2633 3443 2723 3497 τὸν
2767 3444 2868 3513 τῆς
2905 3443 3072 3515 ὀρθῆς
3109 3443 3350 3509 διανοίας
3408 3444 3633 3510 σκοπὸν,
3686 3443 3773 3509 τὸ,

2192 3535 2298 3589 Ἐν
2319 3535 2460 3589 δυσί
2493 3535 2782 3605 φύσεσιν,
2813 3534 2919 3588 ὑπὸ
2949 3535 3055 3606 ’τῆς
3099 3537 3320 3591 συνόδου
3357 3537 3437 3607 τῷ
3465 3537 3578 3610 ὅρῳ
3605 3552 3779 3608 προσ-

2180 3626 2441 3680 τέθειταιο
2483 3626 2585 3698 οὐχ
2618 3624 2692 3689 ὡς
2735 3624 2843 3697 ίδίᾳ
2904 3625 3001 3679 καὶ⁸
3046 3627 3323 3699 ἀναμέρος
3375 3625 3467 3681 τὸν
3535 3625 3780 3698 Χριστὸν

2182 3719 2585 3791 γνωριζούσης,
2650 3718 2786 3774 ἀλλὰ
2834 3717 2926 3772 τὸν
2958 3719 3123 3773 αὑτὸν
3164 3720 3222 3774 ἐν
3253 3720 3500 3793 ἐκατέρῳ
3532 3719 3785 3793 διομολο-

2182 3814 2390 3885 γούσης
2423 3814 2519 3867 καὶ
2552 3815 2611 3867 ἐν
2640 3813 2822 3884 ταυτῷ
2852 3812 2913 3868 τὸ
2952 3814 3233 3884 ἑκάτερον.
3392 3879 3403 3888 υ

2258 3908 2396 3974 οςυ.
2438 3904 2628 3960 Ταῦτα
2665 3904 2761 3959 τοῦ
2791 3904 3068 3976 Εὐθυμίου
3103 3906 3416 3973 διεξιόντος,
3451 3907 3479 3960 ό
3516 3904 3785 3976 μὲν,Ἐλ-

2186 3996 2364 4062 πίδιος
2393 3993 2607 4069 ἐπῄνει,
2666 3996 2765 4050 καὶ
2818 3994 2999 4066 ὀρθῶς
3037 3995 3182 4067 ἔχειν
3223 3995 3496 4067 ὡμολόγει
3525 3994 3596 4050 τὰ
3624 3996 3786 4066 sim-

2189 4092 2348 4163 μένα,
2387 4091 2436 4143 εί
2467 4090 2565 4144 καὶ
2598 4088 2812 4161 μὴτῆς
2872 4088 3157 4142 Θεοδοσίου
3196 4089 3483 4153 κοινωνίας
3535 4089 3779 4159 ἀπέστη,

2184 4186 2281 4238 καὶ
2318 4182 2417 4253 τὴν
2455 4180 2758 4252 μεταϐολὴν
2791 4180 2954 4245 εὐθὺς
2984 4180 3317 4245 ἐπεδείξατο.
3375 4180 3433 4234 '0
3486 4179 3544 4234 δέ
3581 4180 3786 4249 Γερόν-

2184 4295 2298 4341 τιος
2329 4276 2422 4329 ἐπὶ
2442 4273 2736 4351 τῆςθαύτῆς
2769 4273 2931 4345 ἔμενε
2970 4272 3219 4344 γνώμης.
3256 4274 3365 4327 Καὶ
3393 4272 3569 4338 οὕτως
3598 4272 3786 4346 ἀσύμ-

2187 4384 2357 4435 φωνοι
2410 4365 2663 4436 ἀλλήλοις
2715 4364 3128 4432 ἐπανελθόντες,
3171 4365 3581 4434 ἀπαγγέλλουσι
3647 4365 3783 4419 Θεο-

2186 4460 2348 4530 δοσίῳ
2372 4458 2474 4523 τὰς
2513 4457 2858 4530 ἀποκρίσεις.
2895 4457 3165 4521 Ἀκούσας
3202 4458 3260 4511 δὲ
3287 4457 3494 4511 τούτων
3543 4458 3781 4524 ἐκεῖνος,

482 4552 786 4617 obtinebat,
817 4555 994 4626 majus
1021 4557 1317 4639 adhibebat
1336 4559 1597 4628 studium,
1625 4569 1684 4616 ut
1708 4535 1833 4617 eum
1859 4578 2073 4634 quoque

2184 4552 2306 4608 ἐπεὶ
2334 4552 2556 4607 πάντων
2592 4551 2869 4622 ἐγκρατὴς
2919 4551 3024 4622 ήδη
3063 4550 3173 4604 τῶν
3218 4550 3361 4604 κατὰ
3401 4550 3783 4622 Παλαιστίνην

485 4644 542 4700 In
579 4660 733 4719 suam
781 4662 1001 4704 nassam
1056 4651 1327 4718 traheret;
1362 4667 1668 4724 magnoque
1699 4655 1919 4710 assidue
1949 4665 2073 4711 ten-

481 4739 649 4794 debat
706 4739 955 4810 laqueos,
988 4810 993 4815 η
1032 4742 1238 4813 ubique
1283 4743 1569 4800 illecebras
1625 4746 1956 4801 occultabat.
2010 4744 2078 4801 Et

480 4830 728 4902 quotidie
748 4833 960 4903 aliquos
982 4835 1048 4890 ad
1073 4850 1201 4890 eum
1229 4836 1609 4904 submittebat,
1632 4837 1724 4908 qui
1748 4838 1891 4892 bona
1921 4838 2063 4894 scili-

480 4932 568 4979 cet
593 4925 891 4981 suaderent
934 4935 991 4982 et
1019 4927 1202 4996 utilia:
1233 4937 1296 4983 ut
1327 4927 1636 4985 discederet
1664 4929 1885 5000 quidem
1916 4930 1984 4985 ab
2008 4930 2075 4986 iis

480 5032 603 5085 qitze
657 5026 830 5086 recte,
877 5028 957 5086 et,
990 5028 1051 5075 ut
1092 5020 1205 5077 Deo
1258 5022 1460 5093 placet,
1500 5022 1603 5077 sibi
1642 5022 1764 5078 'visa
1820 5022 2075 5090 fuerant;

480 5108 792 5167 Theodosio
833 5122 1023 5169 autem
1063 5116 1448 5179 assentiretur,
1484 5115 1741 5186 illiusque
1782 5116 2080 5188 amplecte-

481 5212 638 5260 retur
666 5205 1134 5263 communionem.
1170 5207 1264 5262 llle
1312 5224 1445 5263 vero
1491 5208 1842 5274 quolidianos
1887 5224 2078 5265 eorum

489 5294 761 5371 adventus
809 5310 952 5368 aegre
981 5305 1037 5353 et
1059 5298 1215 5367 gravi
1265 5297 1450 5352 animo
1507 5297 1713 5364 ferens,
1754 5300 1886 5370 quid
1931 5301 2085 5370 agit?

480 5382 617 5442 Cum
641 5402 835 5443 omnes
856 5388 1058 5459 quibus
1082 5399 1311 5459 prmcrat
1333 5388 1534 5446 fratres
1555 5401 1932 5456 eonvocasset,
1955 5407 2085 5448 cau-

487 5477 803 5548 tioucmque
833 5480 1065 5535 multam
1112 5480 1193 5536 eis
1219 5481 1586 5554 praecepisset,
1611 5491 1672 5538 ut
1719 5484 1871 5540 nullo
1916 5485 2078 5540 modo

482 5569 768 5635 cederent,
801 5586 907 5628 nec
934 5572 1341 5630 assentirentur
1383 5591 1564 5646 pravae
1603 5576 1898 5633 Theodosii
1944 5592 2073 5632 scn-

412 5678 427 5687 ν
489 5663 699 5732 lentiae;
734 5665 830 5721 sed
859 5667 1043 5736 potius
1077 5667 1149 5724 ita
1190 5669 1549 5727 sentientium
1577 5686 1671 5727 ora
1695 5672 2069 5739 ohstruerent,

2184 4645 2431 4712 ἐγένετο,
2473 4642 2683 4697 πλείονι
2710 4645 2777 4715 τῇ
2816 4643 3020 4714 σπουδῇ
3065 4643 3289 4720 ἐχρῆτο,
3315 4643 3612 4723 καὶμύτὸν
3643 4643 3781 4697 είσω

2184 4738 2285 4808 τῆς
2326 4735 2536 4801 οἰκείας
2569 4737 2816 4808 σαγήνης
2871 4736 3076 4790 λαϐεῖν·
3123 4736 3220 4790 καὶ
3272 4735 3508 4804 παγίδας
3536 4735 3776 4808 ἔκρυπτε

2183 4833 2261 4904 τῷ
2294 4831 2516 4904 μεγάλῳ
2545 4832 2823 4904 πανταχοῦ
2866 4832 2962 4885 καὶ
2991 4831 3239 4885 δελέατα.
3293 4831 3406 4886 Καί
3434 4849 3586 4896 τινας
3625 4830 3778 4902 αύτῷ

2183 4924 2374 4989 καθίει,
2434 4923 2559 4979 καθ’
2587 4922 2828 4995 ἐκόιστην
2884 4922 3124 4995 ἡμέραν,
3154 4921 3204 4976 οἳ
3250 4921 3321 4976 τὰ
3370 4923 3585 4995 χρηστὰ
3616 4922 3778 4995 δῆθεν

2178 5017 2329 5088 αὐτῷ
2356 5018 2463 5072 καὶ.
2479 5016 2734 5087 λυσιτελῆ
2753 5015 3162 5082 συνεϐούλευον,
3197 5020 3504 5089 ἀποστῆναι
3539 5020 3640 5092 μὲν
3665 5017 3776 5073 τῶν

2181 5110 2365 5178 καλῶς
2393 5111 2488 5165 καὶ
2511 5110 2587 5175 ὡς
2613 5108 2735 5180 Θεῷ
2766 5108 2922 5179 φίλον
2945 5109 3094 5182 αὐτῷ
3119 5110 3483 5183 δεδογμένων,
3507 5112 3778 5183 Θεοδοσίῳ

2180 5206 2238 5261 δὲ
2270 5204 2581 5266 συνθέσθαι.
2602 5204 2697 5258 καὶ
2713 5203 2814 5276 τὴν
2845 5205 3057 5259 ἐκείνου
3084 5205 3370 5260 κοινωνίαν
3399 5206 3771 5261 ἀσπάσασθαι.

2195 5299 2254 5352 ὐ
2279 5298 2335 5351 δὲ
2363 5298 2465 5360 τὰς
2500 5296 2881 5367 καθημερινὰς
2913 5298 3139 5352 ἐκείνων
3173 5295 3562 5369 προσελεύσεις
3584 5298 3775 5370 δυσχε-

2188 5392 2389 5465 ραίνων
2423 5391 2520 5446 καὶ
2564 5391 2960 5464 βαρυνόμενος.
2990 5390 3043 5444 τί
3078 5393 3226 5445 ποιεῖ
3254 5407 3269 5459 ;
3328 5392 3457 5456 τοὺς
3488 5392 3581 5445 ὑπ’
3610 5391 3774 5444 αὑτὸν

2186 5486 2449 5555 ἀδελφοὺς
2482 5483 2734 5549 ἅπαντας
2796 5484 3164 5554 συγκαλέσας,
3204 5484 3300 5539 καὶ
3355 5484 3557 5553 πολλὴν
3588 5483 3774 5546 αὐτοῖς

2185 5579 2491 5647 ἀσφάλειαν
2557 5576 2967 5649 παραγγείλας,
3026 5576 3123 5631 τοῦ
3174 5577 3445 5649 μηδαμῶς
3501 5578 3769 5631 ἐνδοῦναι.

2185 5668 2315 5739 μηδέ
2359 5667 2645 5723 συνθέσθαι
2698 5670 2764 5739 τῇ
2798 5666 2893 5721 τοῦ
2953 5665 3238 5721 Θεοδοσίου
3293 5664 3602 5737 κακοδοξίᾳ·
3648 5661 3770 5717 ἀλλ’

1816 5764 2051 5821 VARUS
2095 5763 2500 5838 LECTIONES.

566 5845 578 5884 ⁵
607 5848 679 5900 al.
714 5852 1066 5926 γεννηθῆναι.
