4144 6420
513 347 622 412 663

1727 356 1783 414 Μ
1793 353 2012 415 ENSIS
2062 352 2143 413 JA
2154 350 2523 419 NUARIUS.

3682 355 3792 419 664

575 461 815 518 LXXIX.
845 463 1033 536 Neque
1067 466 1172 522 buc
1211 481 1409 532 sonum,
1438 468 1535 523 sed
1576 469 1677 524 ista
1703 479 1922 544 quoque
1951 466 2088 522 mibi

2190 449 2196 458 D
2267 471 2388 527 09'.
2423 475 2496 526 Οὐ
2538 476 2699 545 μόνον
2737 475 2816 542 δὲ,
2849 475 2986 530 ἀλλά
3021 474 3114 528 καὶ
3155 471 3330 527 ταῦτα
3379 469 3506 543 περὶ
3549 470 3791 540 Γαϐριη-

504 556 690 613 retulit
730 557 799 613 de
849 557 1144 623 Gabrielio,
1195 562 1342 631 quod
1410 572 1558 619 esset
1614 563 1835 633 quidem
1896 569 2092 618 natura

501 649 812 714 eunuchus,
843 659 961 718 post
993 649 1184 720 viginti
1220 667 1346 707 vero
1376 663 1431 708 et
1457 655 1699 724 quinque
1730 668 1904 709 annos
1934 667 2093 708 acce-

501 741 668 796 debat
699 750 832 796 tunc
863 741 1101 811 primum
1132 745 1198 797 ad
1253 746 1493 816 synaxim
1532 745 1783 801 fratrum.
1819 744 2090 800 Praeterea

501 836 610 890 hoc
653 835 816 888 etiam
846 835 981 889 mihi
1017 851 1047 889 a
1083 835 1337 892 Patribus
1371 839 1746 894 renuntiatum
1782 847 1883 896 est.
1919 852 1950 894 a
1980 839 2093 893 Deo

500 927 688 981 datum
720 926 891 983 fuisse
919 929 1236 1002 Euthymio,
1262 940 1322 986 ut
1345 932 1590 986 internas
1617 933 1781 988 animi
1815 941 1995 987 motus
2024 947 2092 986 ex

499 1029 725 1090 aspectu
777 1030 1025 1083 externo.
1080 1023 1247 1078 veluti
1300 1040 1400 1095 per
1456 1025 1731 1096 quoddam
1782 1025 2089 1095 speculum,

499 1111 866 1183 intelligeret,
907 1123 962 1169 et
1018 1122 1269 1169 accurate
1301 1125 1486 1186 posset
1541 1131 1910 1188 cognoscere,
1966 1130 2090 1170 cum

499 1204 828 1275 quibusnam
861 1206 1121 1261 nimirum
1156 1209 1386 1278 quisque
1415 1208 1725 1264 decertaret
1750 1208 2093 1280 cogitationi-

499 1297 625 1362 bus,
657 1307 713 1353 et
735 1313 1002 1369 quasnam
1051 1299 1272 1370 quidem
1332 1310 1636 1371 superaret,
1687 1317 1716 1356 a
1761 1290 2091 1371 quibusnam

500 1405 632 1447 vero
657 1406 755 1462 per
792 1392 1090 1464 malignum
1117 1395 1450 1449 vinceretur.

573 1483 786 1539 LXXX.
851 1485 1019 1540 Aiunt
1069 1501 1289 1557 quoque
1349 1487 1502 1542 illum
1544 1486 1838 1557 aliquando
1887 1485 2093 1542 dixisse

498 1575 825 1645 quibusdam
878 1577 1163 1641 fratribus,
1197 1579 1289 1649 qui
1323 1594 1448 1634 cum
1506 1595 1573 1634 eo
1627 1594 1874 1635 seorsum
1901 1595 2091 1635 versa-

499 1667 720 1736 bantur,
744 1669 890 1739 quod
915 1685 1058 1741 saepe
1082 1669 1292 1727 videret
1323 1671 1619 1727 terribilem
1647 1673 1964 1743 angelorum
2006 1672 2092 1728 vi-

498 1756 732 1823 sionem,
772 1774 881 1813 una
932 1774 1119 1815 secum
1176 1761 1633 1830 ministrantium,
1676 1769 1731 1818 et
1767 1778 1920 1818 sacra
1960 1779 2090 1834 per-

495 1851 802 1922 agentium;
823 1851 1077 1922 quodque
1105 1852 1158 1906 in
1191 1851 1457 1908 Dominici
1483 1855 1731 1922 corporis
1751 1855 2085 1926 sumptione,

495 1943 712 2012 aliquos
745 1943 966 2010 quidem
1015 1960 1082 1999 ex
1134 1947 1524 2004 accedentibus
1567 1958 1819 2004 cerneret
1855 1951 1923 2005 ab
1973 1951 2088 2022 ipsa

495 2034 818 2098 illuminari,
843 2035 1058 2105 aliquos
1077 2044 1260 2091 autem
1292 2037 1441 2093 velut
1467 2039 1774 2105 obscurari,
1803 2051 2090 2113 morteque

493 2125 634 2180 allici
655 2167 670 2193 ,
703 2127 1019 2198 quicunque
1057 2128 1268 2184 scilicet
1296 2129 1501 2201 indigni
1525 2140 1683 2186 erant
1714 2146 1779 2187 eo
1805 2132 2009 2189 lumine
2036 2141 2092 2188 et

495 2219 810 2289 splendore.
844 2219 1212 2286 Quamobrem
1247 2236 1358 2275 non
1403 2223 1654 2279 cessabat
1684 2223 1959 2280 testiﬁcari
1987 2226 2092 2280 fra-

495 2310 692 2374 tribus,
753 2311 995 2381 illudque
1051 2313 1299 2384 Apostoli
1367 2315 1574 2385 optime
1660 2316 1978 2384 admonere,
2032 2328 2092 2373 ut

493 2403 873 2472 unusquisque
929 2404 1178 2459 attendat
1225 2413 1281 2461 et
1331 2405 1574 2475 seipsum
1631 2408 1842 2478 probet,
1901 2409 2088 2480 sicque

493 2511 619 2550 cum
657 2503 894 2550 tremore
915 2505 1094 2552 sumat
1120 2513 1314 2567 panem
1341 2508 1396 2554 et
1430 2499 1657 2555 calicem
1675 2501 1757 2567 ¹⁷;
1793 2517 1916 2556 cum
1948 2501 2089 2556 bene

498 2587 638 2643 sciat
671 2588 716 2644 is
739 2587 831 2658 qui
863 2588 1094 2655 accedit,
1126 2589 1272 2660 quod
1301 2590 1573 2661 judicium
1604 2591 1708 2648 sibi
1766 2595 2006 2648 comedit
2035 2603 2090 2648 et

494 2677 654 2743 bibit,
686 2677 779 2748 qui
835 2681 1284 2735 communionem
1333 2680 1555 2753 indigne
1607 2682 1755 2738 facit.
1791 2683 2087 2754 Propterea

492 2771 697 2842 quippe
722 2770 904 2828 statim
937 2788 1002 2827 ac
1031 2772 1268 2842 primum
1314 2773 1420 2830 boc
1448 2774 1777 2830 sacriﬁcium
1810 2775 1970 2832 offert
2003 2792 2090 2832 sa-

493 2863 1156 2929 cerdos,'multitudinem
1203 2865 1372 2921 veluti
1418 2868 1734 2937 prazmunit,
1763 2869 2090 2924 cautiorem-

492 2969 600 3024 que
632 2954 831 3022 reddit,
856 2952 1079 3010 Sursum
1113 2955 1401 3012 habeamus
1429 2959 1610 3027 corda,
1634 2959 1716 3014 eis
1745 2959 2085 3028 acclamans;

493 3055 827 3118 acceptaque
859 3049 928 3103 ab
959 3047 1068 3104 illis
1099 3049 1468 3120 promissione
1489 3094 1502 3120 ,
1539 3050 1612 3108 ita
1669 3051 1834 3108 audet
1887 3053 2087 3109 oﬂerre

492 3140 826 3196 oblationem
837 3181 851 3196 .

566 3231 804 3288 LXXXI.
835 3231 953 3300 Qua
989 3234 1152 3290 etiam
1190 3245 1433 3307 peracta,
1469 3237 1559 3294 ille
1600 3237 1801 3295 iterum
1836 3239 2092 3296 manibus

495 3325 550 3378 in
581 3325 780 3379 caelum
812 3325 1064 3392 sublatis,
1098 3335 1157 3382 et
1203 3329 1357 3398 quasi
1385 3330 1682 3386 ostendens
1714 3332 2090 3402 dispensatum

494 3431 596 3486 pro
621 3423 805 3470 nostra
838 3416 1012 3471 salute
1034 3418 1372 3489 mysterium,
1397 3419 1543 3476 clara
1571 3437 1704 3500 voce
1733 3425 1811 3478 sic
1840 3438 2090 3494 pronun-

496 3509 624 3564 tiat:
658 3505 859 3564 Sancta
882 3511 1120 3565 sanctis:
1142 3510 1370 3580 perinde
1394 3527 1459 3567 ac
1479 3513 1524 3570 si
1543 3513 1743 3570 dixerit
1770 3515 2039 3586 quispiam
2073 3534 2086 3570 :

493 3600 951 3672 Quandoquidem
981 3617 1084 3673 ego
1116 3605 1284 3659 homo
1340 3619 1486 3672 sum,
1538 3607 1737 3662 similia
1768 3625 1832 3665 ac
1864 3626 1959 3665 vos
1995 3626 2091 3681 pa-

495 3696 659 3764 tiens,
695 3697 955 3769 ignorans
990 3698 1428 3772 uniuscujusque
1481 3701 1537 3757 in
1591 3703 1703 3758 vita
1746 3720 1933 3776 opera,
1965 3706 2089 3762 ideo

491 3796 621 3845 ante
652 3799 931 3846 contestor
958 3803 1168 3861 aperte,
1205 3801 1260 3847 et
1317 3793 1461 3850 hanc
1509 3795 1890 3864 probationem
1937 3813 2088 3853 com-

495 3899 718 3938 munem
770 3885 1013 3956 suggessi
1067 3891 1263 3940 vestra:
1313 3887 1710 3943 conscientiae:
1745 3887 1802 3944 Si
1843 3891 1966 3961 quis
2018 3893 2087 3947 ab

494 3977 712 4044 injuriae
738 3978 1123 4034 recordatione
1148 3978 1234 4034 vel
1264 3978 1414 4045 odio,
1447 3981 1493 4035 si
1524 3981 1650 4051 quis
1679 3983 1747 4038 ab
1774 3983 1978 4040 invidia
2003 3987 2084 4041 vel

495 4069 574 4122 ira
624 4069 708 4123 vel
734 4071 990 4140 superbia
1021 4081 1214 4142 captus
1253 4072 1458 4142 fuerit;
1502 4077 1546 4130 si
1583 4076 1705 4145 quis
1736 4092 1764 4130 a
1793 4070 2116 4152 maledicto:

494 4169 591 4214 aut
630 4160 775 4232 turpi
831 4163 1045 4231 loquela
1102 4171 1198 4217 aut
1248 4180 1413 4234 prava
1486 4166 1784 4236 cupiditate
1832 4178 1926 4224 aut
1977 4172 2084 4225 alio

495 4252 731 4322 quodam
762 4252 892 4307 vitio
922 4254 1087 4310 fuerit
1120 4266 1426 4328 correptus,
1458 4267 1719 4314 attractus
1747 4277 1840 4328 per
1861 4264 2086 4319 malitia:

493 4345 838 4410 inventorem,
873 4361 940 4401 ne
972 4347 1124 4417 prius
1155 4349 1403 4414 accedat,
1451 4365 1613 4420 quam
1665 4369 1763 4422 per
1805 4355 2083 4424 pmnitcn-

413 4485 419 4490 .
493 4436 624 4490 tiam
651 4450 982 4510 expurgatus
1027 4439 1193 4495 fuerit
1221 4456 1250 4496 a
1285 4442 1511 4498 scelere.
1556 4436 1689 4499 Nam
1725 4457 1909 4523 sancta
1944 4448 2080 4515 haec,

2200 563 2317 617 λίου
2369 583 2459 635 μοι
2496 567 2721 639 διεξῄει,
2765 569 2841 628 ὠς
2881 569 2966 634 εἴη
3005 567 3106 638 μὲν
3151 565 3409 635 εὐνοῦχος
3452 565 3516 618 ὲκ
3551 563 3790 633 φύσεως,

2198 658 2506 728 παραϐάλοι
2533 659 2590 714 δὲ
2624 663 2743 715 τότε
2777 663 2994 734 πρῶτον
3025 661 3114 715 6ιά
3148 661 3308 712 πέντε
3339 661 3431 712 καὶ
3458 660 3630 712 εἴκοσι
3665 659 3794 726 χρό-

2196 767 2304 804 νων
2328 753 2393 822 τῇ
2411 752 2520 805 τῶν
2536 753 2782 823 ἀδελφῶν
2809 754 3048 820 συνάξει.
3072 754 3194 807 Ἔτι
3217 753 3313 805 καὶ
3337 749 3493 805 τοῦτό
3520 767 3611 821 μοι
3639 767 3714 803 πα
3724 749 3792 820 ρὰ

2196 841 2308 896 τῶν
2363 845 2628 915 Πατέρων
2676 847 2992 918 ἀπηγγέλη,
3077 845 3216 917 πρὸς
3263 844 3401 898 Θεοῦ
3457 843 3677 913 δοθῆναι
3714 842 3793 914 τῷ

2195 920 2475 1009 Εὐθυμίῳ,
2517 938 2660 992 ὥστε
2687 939 2789 1003 τὰς
2823 937 2974 992 ἔνδον
3005 937 3106 1006 τῆς
3137 937 3321 1008 ψυχῆς
3374 937 3648 1005 κινήσεις,
3681 933 3791 986 ἀπὸ

2195 1030 2293 1102 τῆς
2327 1032 2487 1096 ἒκτδς
2529 1033 2728 1104 ὅψεως,
2767 1033 2933 1088 οἱονεὶ
2974 1033 3066 1087 διά
3110 1049 3257 1095 τινος
3289 1031 3584 1102 ἐσόπτρου,
3620 1046 3792 1082 κατα-

2196 1127 2362 1190 νοεῖν,
2405 1126 2504 1180 καὶ
2537 1127 2786 1199 ἀκριϐῶς
2821 1127 2968 1198 ἔχειν
2999 1125 3223 1191 εἰδέναι,
3256 1123 3397 1178 τίσιν
3425 1124 3532 1194 ἄρα
3572 1121 3793 1176 παλαίει

2194 1215 2479 1289 λογισμοῖς
2505 1219 2756 1284 ἕκαστος,
2799 1220 2896 1273 καὶ
2927 1219 3057 1272 οἵων
3106 1218 3206 1288 μὲν
3254 1216 3622 1300 περιγίνεται,
3655 1215 3787 1268 οἴων

2194 1307 2252 1363 δὲ
2283 1303 2462 1380 ἥττών
2495 1311 2600 1365 ὑπὸ
2629 1310 2722 1365 τοῦ
2755 1309 2994 1384 πονηροῦ
3024 1309 3254 1379 γίνεται.
3343 1312 3348 1317 ”
3639 1325 3642 1328 '

2267 1483 2349 1540 11'.
2383 1485 2520 1538 Φασὶ
2549 1486 2606 1540 δὲ
2627 1484 2792 1540 αὑτὸν
2837 1485 2933 1540 καί
2963 1503 3095 1540 ποτε
3137 1486 3276 1558 πρός
3315 1470 3468 1548 τινας
3491 1484 3601 1538 τῶν
3634 1483 3790 1538 ἀδελ-

2195 1576 2314 1645 φῶν
2343 1578 2668 1649 καταμόνας
2697 1579 2850 1650 αὐτῷ
2883 1579 3149 1641 συνόντας
3178 1580 3378 1642 εἰπεῖν,
3426 1577 3504 1641 ὡς
3546 1576 3652 1648 ἄρα
3694 1594 3792 1646 φο-
3840 1582 3842 1584 ’

2195 1665 2365 1737 ϐεράν
2404 1668 2504 1722 ῐδοι
2544 1667 2810 1733 πολλάκις
2854 1669 2978 1739 ὄψιν
3027 1669 3300 1738 ἀγγέλων,
3345 1652 3791 1736 συλλειτουργοῦὶ

2197 1774 2296 1811 σαν
2318 1755 2337 1796 ι
2358 1758 2510 1828 αὐτῷ
2553 1761 2651 1812 καὶ
2690 1761 2801 1814 τῶν
2833 1761 2997 1832 ἱερῶν
3041 1744 3430 1830 ἐφαπτομένην
3454 1767 3495 1797 ω
3521 1775 3536 1791 ·
3571 1759 3667 1812 καὶ
3710 1757 3788 1820 ὡς

2193 1849 2252 1902 ὲν
2279 1852 2345 1921 τῇ
2375 1848 2472 1903 τοῦ
2508 1851 2841 1906 Δεσποτικοῦ
2869 1846 3120 1923 σώματος
3153 1851 3482 1922 μεταλήψει,
3509 1850 3662 1914 τινὰς
3689 1849 3790 1920 μὲν

2191 1939 2303 1994 τῶν
2350 1941 2688 2012 προσιόντων
2719 1943 3127 2012 φωτιζομένους
3168 1943 3261 1996 ὑπ’
3298 1941 3475 2012 αὐτῆς
3509 1937 3678 2012 ὁρῴη,
3708 1956 3791 1994 τι·

2193 2028 2291 2097 νὰς
2317 2030 2376 2085 δὲ
2418 2024 2530 2085 οἷον
2573 2033 3037 2105 ἀμαυρουμένους
3080 2033 3174 2086 καὶ
3199 2033 3640 2104 νεκρουμένους·
3667 2032 3788 2084 ὅσοι

2190 2123 2436 2196 δηλονότι
2483 2124 2720 2193 ἀναξίως
2757 2122 2906 2196 εἰχον
2955 2125 3051 2180 τοῦ
3110 2125 3289 2197 φωτὸς
3321 2125 3534 2180 ἐκείνου
3563 2125 3656 2179 καὶ
3687 2124 3789 2194 τῆς

2193 2215 2604 2288 λαμπρότητος.
2640 2217 2734 2271 Διὸ
2769 2218 2862 2272 καὶ
2902 2221 3015 2282 τοῖς
3044 2219 3298 2288 ἀδελφοῖς
3327 2219 3431 2273 οὐκ
3470 2217 3638 2288 ἔληγε
3665 2217 3786 2271 δια-

2197 2311 2634 2382 μαρτυρόμενος,
2674 2311 2769 2364 καὶ
2790 2312 2851 2366 τὺ
2883 2311 2978 2365 τοῦ
3011 2311 3339 2382 Ἀποστόλου
3361 2310 3562 2382 ἄριστα
3590 2324 3790 2378 παραι-

2192 2399 2322 2465 νῶν,
2361 2402 2655 2472 προσέχειν
2680 2401 2937 2464 ἓκαστον,
2962 2403 3056 2456 καὶ
3091 2403 3288 2455 ἑαυτὸν
3317 2401 3658 2471 δοκιμάζειν,
3692 2403 3788 2456 καὶ

2191 2493 2336 2549 οὕτω
2364 2495 2612 2566 φρικτῶς
2640 2495 2737 2550 τοῦ
2775 2496 2942 2566 ἄρτου
2965 2512 3026 2548 τε
3066 2496 3164 2549 καὶ
3194 2495 3288 2548 τοῦ
3327 2494 3590 2564 ποτηρίου
3623 2511 3790 2563 μετα-

2191 2586 2494 2658 λαμϐάνειν
2514 2605 2526 2619 ·
2567 2583 2627 2641 εὗ
2665 2587 2844 2641 εἰδότα
2875 2587 2967 2640 τὸν
2999 2588 3462 2658 προσερχόμενον,
3493 2586 3577 2639 ὅτι
3611 2588 3788 2656 κρῖμα

2146 2681 2153 2688 ’
2193 2679 2376 2749 ἑαυτῷ
2406 2679 2579 2733 ἐσθίει
2608 2681 2704 2732 καὶ
2727 2679 2892 2745 πίνει,
2923 2678 3158 2743 ἀναξίως
3192 2678 3518 2746 ποιούμενος
3557 2678 3658 2758 τὴν
3689 2694 3788 2747 με-

2191 2772 2446 2843 τάληψιν.
2484 2771 2756 2826 Διάτοῦτο
2778 2773 2891 2842 γὰρ
2924 2773 3018 2825 καὶ
3048 2771 3148 2840 τὴν
3169 2770 3391 2841 πρώτην
3414 2770 3578 2829 εὐθὺς
3614 2786 3790 2838 προσ-

2193 2866 2345 2936 άγων
2379 2867 2538 2939 τήνδε
2609 2867 2710 2936 τὴν
2748 2865 2943 2920 θυσίαν
2976 2865 3005 2917 ὁ
3045 2865 3246 2935 ἱερεὺς,
3282 2864 3446 2944 οἱονεὶ
3472 2863 3533 2915 τὸ
3578 2861 3790 2930 πλῆθος

2194 2958 2694 3030 προασφαλίζεται,
2735 2959 2894 3012 Ἀνω
2931 2957 3178 3028 σχῶμεν
3225 2957 3332 3023 τὰς
3383 2955 3657 3025 καρδίας,
3693 2954 3793 3008 αὑ-

2191 3053 2305 3116 τοῖς
2331 3052 2648 3123 ὲπιφωνῶν·
2683 3051 2779 3107 καὶ
2822 3051 2924 3120 τὴν
2976 3051 3110 3120 παρ’
3157 3048 3385 3102 ἐκείνων
3436 3045 3618 3101 λαϐὼν
3649 3045 3786 3100 ὑπό-

2111 3162 2159 3226 C
2194 3164 2403 3219 σχεσιν,
2437 3147 2582 3202 οὕτω
2606 3147 2705 3217 τὴν
2734 3144 3107 3218 προσαγωγὴν
3131 3143 3329 3216 θαῤῥεῖ
3351 3142 3450 3211 τῆς
3477 3140 3786 3212 ἀναφορᾶς.

2268 3240 2402 3297 HA'.
2438 3234 2550 3304 Ἦς
2580 3239 2676 3295 καὶ
2717 3238 3193 3307 συντελεσθείσης,
3228 3237 3327 3300 τάς
3357 3237 3546 3306 χεῖρας
3581 3235 3793 3297 ἐκεῖνος

2197 3332 2362 3388 πάλιν
2400 3335 2480 3397 είς
2537 3332 2768 3404 οὐρανὸν
2823 3329 3148 3394 ἀνατείνων,
3209 3329 3302 3383 καὶ⁵
3359 3327 3552 3398 ὥσπερ
3604 3326 3794 3392 αὐτοῖς

2195 3425 2522 3488 ὑποδεικνὺς
2565 3423 2625 3478 τὸ
2657 3423 3020 3495 οίκονομηθὲν
3047 3423 3145 3494 τῆς
3174 3421 3454 3492 σωτηρίας
3487 3421 3651 3492 χάριν
3684 3419 3794 3489 τῆς

2193 3520 2480 3591 ἡμετέρας
2511 3518 2841 3590 μυστήριον,
2881 3515 3022 3589 μετά
3065 3515 3328 3586 λαμπρᾶς
3355 3513 3499 3568 οὕτω
3529 3512 3664 3584 φησὶ
3689 3513 3793 3582 τῆς

2195 3612 2412 3684 φωνῆς’
2456 3611 2535 3666 Τὰ
2577 3611 2717 3680 ἅγια
2752 3610 2879 3678 τοῖς
2931 3609 3160 3678 ἁγίοις·
3224 3606 3299 3670 ὥς
3351 3607 3418 3661 ἂν
3473 3607 3618 3660 εῐποι
3665 3622 3790 3669 τις·

2210 3703 2550 3775 Ἐπειδὴπερ
2579 3701 2689 3770 ἐγὼ
2717 3701 3004 3771 ἄνθρωπος
3029 3696 3370 3767 ὁμοιοπαθὴς
3400 3697 3550 3768 ὑμῖν,
3575 3695 3794 3764 ἀγνοῶν

2191 3795 2259 3851 τὰ
2282 3795 2500 3866 ἑκάστῳ
2533 3793 2872 3866 βεϐιωμένα,
2903 3793 2991 3848 διὰ
3011 3792 3169 3846 τοῦτο
3195 3790 3258 3862 δὴ
3293 3789 3546 3860 φανερῶς
3565 3788 3796 3860 προδια-

2195 3887 2569 3960 μαρτύρομαι,
2594 3889 2689 3942 καὶ
2710 3887 2892 3940 κοινὸν
2909 3886 2968 3939 τὸ
2988 3885 3234 3955 δοκίμιον
3253 3881 3415 3938 τοῦτο
3435 3881 3511 3952 τῷ
3536 3882 3796 3953 ὑμετέρῳ

2193 3980 2465 4034 συνειδότι
2494 3979 2742 4049 καθῆκαο
2777 3979 2842 4032 Εῐ
2865 3995 2950 4042 τις
2977 3977 3082 4031 ὑπὸ
3112 3973 3538 4047 μνησικακίαςῆ
3572 3974 3793 4044 μίσους,

2190 4072 2243 4123 ετ
2270 4087 2354 4134 τις
2385 4070 2488 4123 ὑπὸ
2507 4069 2703 4141 φθόνου
2733 4069 2766 4140 ἢ
2791 4065 3016 4140 ὀργῆςῆ
3043 4067 3420 4138 ὑπερηφανίας
3442 4065 3605 4131 ἑάλω,
3632 4066 3686 4118 εί
3705 4081 3796 4126 τις

2189 4161 2296 4216 ὑπὸ
2320 4157 2587 4234 λοιδορίας
2616 4161 2649 4233 ἢ
2672 4161 3052 4233 αἰσχρολογίας
3079 4161 3110 4230 ἢ
3142 4163 3344 4214 ἀτόπου
3364 4159 3680 4231 ἐπιθυμίας,
3708 4157 3795 4211 εί-

2189 4273 2248 4310 τε
2276 4256 2422 4319 τινὺς
2467 4243 2656 4326 ἐτέρου
2701 4255 2909 4318 πάθους
2951 4254 3382 4328 κατείληπταιιι,
3411 4253 3487 4324 μὴ
3519 4254 3794 4323 πρότερον

2190 4349 2454 4419 προσίτω,
2497 4350 2628 4419 πρὶν
2653 4347 2720 4400 ἂν
2749 4347 2838 4401 διὰ
2873 4347 3161 4417 μετανοίας
3190 4346 3507 4418 ἐκκαθαρθῇ
3537 4344 3631 4398 τοῦ
3658 4345 3794 4415 μιά-

2188 4459 2415 4514 σματος.
2435 4440 2517 4495 Τὰ
2536 4442 2643 4512 γὰρ
2659 4442 2794 4510 ἅγια
2811 4441 3006 4506 ταῦτα,
3028 4441 3214 4510 φησὶν,
3233 4440 3352 4510 οὐχὶ
3371 4443 3481 4503 τοῖς
3509 4438 3788 4511 βεϐήλοις,

494 4529 693 4599 inquit,
740 4547 849 4585 non
905 4533 1173 4602 profanis,
1210 4535 1305 4590 sed
1339 4537 1544 4592 sanctis
1575 4516 1924 4596 exhibentur.
1953 4541 2086 4608 Qui-

2191 4537 2328 4592 ἀλλά
2357 4539 2468 4600 τοῖς
2495 4537 2672 4606 ἀγίοις
2691 4538 2919 4592 ἀνεῖται.
2941 4536 3094 4588 Ὅσοι
3117 4531 3408 4604 τοιγαροῦν
3437 4532 3691 4603 θαρρεῖτε
3707 4529 3794 4602 τῷ

492 4636 708 4689 cunque
753 4638 885 4695 ergo
916 4636 1110 4682 vestra:
1146 4628 1421 4686 confiditis
1447 4633 1817 4697 conscientiae.
1850 4637 1916 4692 ad
1958 4654 2084 4694 eum

493 4715 758 4780 accedite,
789 4725 844 4771 et
873 4717 1284 4791 illumineminj,
1315 4739 1416 4790 nec
1461 4727 1629 4781 vestri
1662 4729 1845 4784 vultus
1879 4733 2087 4802 pudore

492 4800 818 4860 adiciantur.
859 4805 965 4862 Sed
999 4810 1186 4865 nescio
1219 4828 1330 4883 quo
1372 4815 1535 4870 modo
1565 4817 1796 4875 dulcedo
1825 4800 2088 4880 doctrinae

495 4895 801 4968 Euthymii,
834 4916 921 4956 me
973 4903 1056 4958 vel
1093 4905 1368 4962 nolentem
1405 4923 1713 4977 assumens,
1773 4917 2087 4984 praeceden-

495 4983 626 5038 lium
655 4986 870 5058 abrupit
898 4996 1371 5061 consequentiam,
1399 5006 1453 5050 et
1504 5009 1712 5054 tantum
1755 4983 1861 5056 non
1887 5005 2082 5059 conlu-

492 5077 702 5131 sionem
740 5081 972 5148 peperit.
1015 5079 1202 5152 Itaque
1255 5102 1483 5143 necesse
1511 5099 1595 5144 est
1645 5099 1704 5144 ut
1759 5109 1852 5147 vos
1888 5110 2080 5149 narra-

493 5185 696 5226 mnem
732 5189 923 5229 rursus
956 5177 1224 5232 revocetis
1256 5178 1308 5231 in
1345 5181 1687 5238 memoriam.

563 5263 824 5319 LXXXII.
856 5266 1026 5336 Capta
1059 5283 1192 5339 ergo
1231 5269 1356 5334 fuit,
1390 5283 1449 5337 ut
1471 5273 1583 5343 jam
1612 5285 1741 5331 ante
1775 5277 2079 5332 declaravi-

491 5373 632 5422 mus,
685 5358 916 5428 improbi
958 5357 1252 5416 Theodosii
1292 5364 1499 5434 laqueis
1529 5367 1684 5422 beata
1736 5367 1995 5438 Eudocia,
2028 5384 2085 5429 et

487 5463 516 5500 a
546 5449 813 5504 catholica
839 5452 1231 5509 communione
1271 5455 1539 5523 discessit.
1584 5470 1746 5530 atque
1778 5462 1845 5517 de
1883 5475 2081 5522 caetero

559 5562 599 5591 ”
635 5561 654 5620 1
685 5561 811 5616 Cor.
850 5580 927 5628 χι,
961 5563 1055 5631 28,
1083 5565 1173 5621 29.

2193 4635 2482 4704 συνειδότι,
2538 4635 2869 4706 προσέλθετε
2917 4633 3056 4705 πρὸς
3116 4632 3280 4686 αὑτὸν
3312 4631 3407 4684 καὶ
3440 4627 3784 4700 φωτίσθητε,

2191 4728 2287 4782 καὶ
2337 4728 2407 4781 τά
2460 4727 2732 4796 πρόσωπα
2786 4726 2940 4797 ὑμῶν
2974 4727 3035 4779 οῦ
3072 4723 3149 4796 μὴ
3198 4723 3597 4793 καταισχυνθῇ.
3642 4720 3789 4774 Ἀλλ’

2191 4820 2293 4874 οῦκ
2321 4815 2418 4873 οἷδ’
2451 4819 2651 4890 ὅπωςὴ
2682 4819 2962 4888 γλυκύτης
2995 4835 3062 4887 με
3095 4819 3193 4886 τῆς
3223 4814 3499 4886 Εὑθυμίου
3527 4814 3793 4868 διδασκα-

2191 4902 2318 4975 λίας
2347 4910 2751 4983 παραλαϐοῦσα
2799 4910 2895 4964 καὶ
2933 4909 3009 4980 μὴ
3053 4907 3402 4979 βουλόμενον,
3437 4905 3655 4976 διέκοψε
3685 4905 3790 4975 τὴν

2191 5003 2517 5059 ἀκολουθίαν
2547 5003 2657 5056 τῶν
2701 4988 3111 5074 προλαϐόντων,
3168 4999 3263 5054 καὶ
3304 4999 3568 5070 σύγχυσιν
3596 4997 3786 5067 ὀλίγου

2191 5097 2302 5150 δεῖν
2333 5096 2715 5168 ἐνειργάσατο.
2756 5092 2970 5148 Οὐκοῦν
3013 5092 3231 5162 ἀνάγκη
3282 5093 3378 5146 καὶ
3425 5091 3587 5147 πάλιν
3637 5091 3788 5162 ὑμᾶς

2188 5187 2505 5256 ἀναμνῆσαι
2540 5187 2634 5240 τοῦ
2666 5187 3031 5256 διηγήματος.

2261 5281 2387 5348 llB’.
2427 5279 2584 5332 Ἧλω
2632 5278 2730 5349 μὲν
2768 5275 2884 5339 οῦν,
2917 5276 3131 5346 ὡςῆδη
3163 5274 3474 5344 φθάσαντες
3509 5272 3785 5344 ἐδηλώσα-

2192 5389 2312 5443 μεν,
2338 5373 2456 5436 ταῖς
2494 5369 2782 5424 Θεοδοσίου
2817 5368 2912 5423 τοῦ
2964 5367 3243 5439 μοχθηροῦ
3289 5369 3494 5436 πάγαις
3530 5368 3564 5436 ἡ
3604 5383 3784 5435 μακα-

2189 5470 2329 5541 ρῖτις
2353 5465 2612 5531 Εῦδοκία,
2649 5465 2743 5518 καὶ
2781 5468 2879 5536 τῆς
2908 5463 3206 5533 καθολικῆς
3250 5461 3538 5524 κοινωνίας
3570 5461 3778 5531 διέστη,

1771 5671 2009 5728 νΑΠΙᾸΞ
2055 5673 2464 5742 LECTIONES.

497 5812 630 5874 ρεες.

564 5743 579 5824 ξ
627 5747 678 5800 al
741 5748 1316 5824 συλλειτουργοῦντων.
1396 5772 1432 5801 πι
1464 5761 1534 5814 al.
1579 5767 2103 5837 συνεφαπτομένων.

2186 5779 2211 5806 ι·
2243 5769 2312 5822 al.
2341 5767 2466 5823 add.
2532 5766 2634 5818 ὑπὸ
2679 5765 2770 5818 τοῦ
2817 5765 2912 5836 τῆς
2971 5764 3165 5830 κακίας
3201 5762 3497 5836 ὲφευρετοῦ
3526 5775 3776 5832 παρασυο
