4144 6424
484 328 596 395 679

1763 316 2047 381 MENSIS
2075 316 2536 381 JANUARIUS.

3670 309 3781 374 680

487 439 740 509 Cumque
781 435 1078 507 aliquando
1127 437 1375 492 venisset
1405 434 1471 490 ad
1522 449 1644 489 eam
1703 433 2082 505 spectandam,

2197 430 2244 483 se
2285 430 2428 484 κατά
2472 429 2602 482 θέαν
2648 425 2817 481 αὐτοῦ
2861 425 3169 496 ἀφιγμένη,
3212 423 3316 495 δρᾷ
3345 421 3443 493 τὴν
3501 420 3780 491 Εὖθυμίου
3810 481 3831 495 I

496 531 647 586 videt
678 532 885 584 lauram
912 529 1192 600 Euthymii
1221 530 1455 599 positam
1478 528 1531 582 in
1564 528 1745 583 media
1770 528 2087 591 solitudine,

492 630 550 677 et
578 620 1044 691 quemadmodum
1075 619 1227 675 cella:
1254 619 1486 673 fratrum
1517 627 1676 699 erant
1709 632 1738 672 a
1765 633 1824 673 se
1856 617 2091 671 invicem

494 716 791 783 sejunctas;
814 722 978 781 alque
1001 711 1133 766 illud
1150 710 1448 781 Scriptum
1464 711 1725 766 meditata
1752 728 1765 764 :
1782 708 1952 775 Quam
1972 708 2092 778 pul-

492 807 828 861 clmvdomus
842 814 960 859 tua:
988 804 1174 870 Iacob,
1194 804 1536 864 tabernacula
1575 813 1691 866 tua,
1718 802 1976 857 Israel"!
2010 801 2089 853 in-

493 898 671 967 deque
702 899 1059 953 vehementer
1088 898 1273 952 animo
1303 907 1653 967 compuncta,
1689 896 1832 950 illico
1863 895 1930 949 ad
1962 909 2087 949 eum

499 990 671 1045 mittit
691 988 1051 1053 Gabrielium,
1074 1005 1272 1062 rogans
1295 999 1357 1043 ut
1374 989 1475 1044 sibi
1499 988 1910 1059 permitteretur
1938 1001 2093 1040 accc-

499 1082 651 1146 dere,
684 1083 939 1153 illiusque
970 1083 1074 1137 frui
1105 1097 1362 1137 sermone
1378 1091 1428 1136 et
1456 1081 1701 1136 doctrina
1730 1098 1745 1135 :
1778 1078 1938 1134 simul
1963 1093 2091 1133 vero

497 1174 748 1229 habebat
788 1176 841 1228 in
874 1174 1064 1230 animo
1091 1178 1256 1228 ἔδω-ιιι
1288 1174 1477 1243 illique
1531 1173 1811 1243 assignare
1859 1169 2086 1232 reditus,

495 1282 615 1321 eam
647 1268 720 1321 ob
747 1282 994 1334 causam,
1048 1277 1108 1321 ut
1141 1266 1405 1322 fratribus
1455 1266 1526 1325 de
1563 1274 1765 1319 caetero
1816 1262 2091 1317 sufﬁciens

494 1365 737 1413 exstaret
774 1345 960 1413 rerum
993 1358 1428 1413 necessariarum
1452 1355 1837 1427 suppeditatiq.

565 1541 753 1597 XCIX.
786 1543 880 1598 llle
910 1557 1044 1599 vero
1060 1557 1180 1597 eam
1206 1543 1360 1613 prius
1383 1541 1472 1597 his
1527 1542 1715 1598 verbis
1754 1543 2046 1614 compellat
2072 1561 2085 1598 :

493 1633 666 1689 Morte
696 1634 764 1689 ad
797 1634 942 1689 fores
996 1645 1197 1696 stante,
1257 1649 1376 1698 cur,
1427 1649 1460 1688 ο
1503 1633 1633 1698 filia,
1667 1635 1898 1690 sollicita
1930 1652 1990 1691 es
2035 1648 2090 1693 et

488 1725 818 1782 distraheris
847 1728 997 1781 circa
1022 1725 1302 1797 plurima?
1329 1726 1422 1779 Illa
1463 1726 1641 1781 solum
1675 1727 1770 1782 tibi
1819 1728 1930 1792 sint
1988 1744 2085 1799 pa-

496 1830 637 1884 rata,
700 1835 824 1889 quae
861 1819 931 1873 ad
993 1835 1281 1874 excessum
1341 1834 1408 1874 ex
1466 1820 1570 1875 huc
1607 1821 1718 1874 vita
1781 1824 2079 1892 pertinent.
2122 1806 2164 1858 Β

498 1911 682 1966 Nostri
715 1920 897 1975 autem
932 1926 1003 1967 ne
1051 1912 1394 1978 memineris,
1450 1923 1715 1980 quantum
1766 1916 1833 1967 ad
1877 1914 2088 1969 reditus

496 2004 638 2058 ullos
673 2014 769 2059 aut
805 2003 1088 2073 pecunias,
1127 2008 1221 2059 scd
1256 2005 1548 2060 recordare
1572 2021 1759 2060 coram
1806 2007 2086 2062 communi

499 2094 751 2162 Domino,
779 2098 872 2152 ubi
898 2113 1035 2152 sane
1062 2106 1115 2152 te
1140 2100 1322 2168 potius
1345 2088 1524 2154 nostri
1558 2100 1876 2156 meminisse
1905 2109 2090 2169 postu-

499 2190 692 2244 lamus.
722 2188 817 2244 His
843 2190 934 2243 illa
974 2190 1199 2257 auditis,
1245 2191 1489 2246 animant
1551 2192 1787 2247 divisum
1855 2191 2092 2246 habebat

498 2280 553 2333 in
586 2280 752 2334 hasce
780 2280 919 2335 duas
948 2280 1285 2349 all‘ectiones,
1354 2283 1772 2338 admirationem
1829 2294 1883 2338 et
1920 2282 2091 2337 tristi-

502 2371 679 2427 tiam:
718 2372 849 2427 illud
884 2371 1126 2441 quidem,
1162 2376 1344 2444 magnl
1404 2374 1651 2430 tribuens
1713 2374 2088 2443 przescientiar,

498 2472 557 2518 et
584 2464 1046 2534 quemadmodum
1074 2481 1139 2520 ea
1170 2482 1293 2535 qua:
1319 2466 1387 2521 de
1421 2466 1514 2520 illo
1572 2467 1688 2537 ipsa
1754 2467 1940 2521 animo
1973 2467 2090 2539 agi-

501 2557 669 2623 tabat,
701 2557 749 2613 is
784 2557 944 2630 longe
984 2557 1512 2628 antejnteiligeret;
1564 2558 1675 2613 hoc
1704 2573 1859 2623 vero,
1884 2560 2029 2633 quod
2061 2577 2089 2613 a

498 2664 598 2705 sua
659 2665 758 2721 spe
804 2666 868 2707 ea
928 2651 984 2706 in
1045 2666 1105 2705 re
1156 2649 1470 2706 excidisset.
1541 2650 1770 2707 Volebat
1819 2652 1966 2707 enim
2040 2655 2088 2709 ei

497 2742 766 2813 pecunias
798 2741 1185 2813 redituumque
1229 2741 1536 2797 subsidium
1576 2742 1913 2814 relinquere,
1948 2743 2094 2800 sicut

494 2833 763 2888 diximus.
798 2831 937 2888 Hinc
963 2831 1105 2886 venit
1134 2831 1203 2885 ad
1237 2838 1486 2886 sanctam
1515 2831 1790 2887 civitatem
1819 2851 1832 2887 :
1860 2848 2092 2904 cumque

499 2925 856 2981 Anastasium
901 2923 1270 2995 patriarcham
1300 2924 1697 2990 arcessivisset,
1738 2941 1802 2981 ac
1839 2926 1887 2980 ei
1924 2941 2094 2997 expo-

500 3019 705 3074 suisset
736 3031 915 3087 quaea
970 3017 1159 3071 divino
1214 3015 1507 3088 Euthymio
1562 3018 1828 3083 audierat,
1875 3021 2089 3088 gemina

2190 522 2401 593 λαύραν
2421 523 2481 574 ἐν
2511 521 2706 592 ἐρήμῳ
2738 520 2878 591 μέσῃ
2910 518 3288 589 διακειμένην,
3317 520 3467 580 ὅπως
3494 535 3555 572 τε
3589 517 3658 571 τὰ
3672 518 3784 571 τῶν

2191 613 2439 681 ἀδελφῶν
2477 613 2670 666 κελλία
2721 612 2817 667 ἀπ’
2865 612 3117 682 ἀλλήλων
3172 608 3316 683 ἦσαν
3379 611 3783 681 ἀπῳκισμέναο

2192 706 2292 759 καὶ
2323 706 2386 759 τὸ
2413 705 2693 776 Γραφικδν
2741 708 2920 760 ἐκεῖνο
2967 705 3306 776 λογισαμένη
3331 721 3345 735 ·
3389 705 3486 771 Ὠς
3523 704 3700 760 καλοὶ
3729 707 3787 760 ot

2191 795 2346 854 οἶκοι
2388 800 2609 863 Ἰακὼϐ,
2652 800 2714 853 αἰ
2770 799 2997 867 σκηναί
3036 814 3177 863 σου,
3236 791 3511 866 ’Ic'fa'ﬁd!
3538 798 3790 869 σφοδρῶς

2190 908 2251 945 τε
2279 892 2378 964 τὴν
2404 892 2582 963 ψυχὴν
2612 891 2864 945 ἐντεῦθεν
2892 894 3280 959 κατανυγεῖσα,
3307 892 3515 961 πέμπει
3545 891 3788 963 Γαύριή-

2191 985 2306 1039 λιον
2338 986 2500 1049 εὐθὺς
2554 985 2691 1055 πρὸς
2737 984 2922 1047 αὐτὸν,
2972 985 3202 1056 δεομένη
3259 987 3633 1056 ἐπιτραπῆναι
3689 987 3787 1039 καὶ

2193 1078 2333 1149 αὐτῇ
2371 1076 2693 1149 προσελθεῖν
2731 1075 2881 1147 αὐτῷ
2900 1078 2945 1142 Β,
2984 1079 3081 1129 καὶ
3113 1076 3290 1145 λόγων
3336 1076 3645 1133 ἀπολαῦσαι
3673 1077 3787 1131 τῶν

2193 1172 2406 1227 ἐκε.νου
2457 1175 2550 1227 καὶ
2576 1174 2674 1244 τῆς
2704 1173 3060 1235 διδασκαλίας
3085 1191 3096 1203 ·
3123 1173 3260 1244 ὁμοῦ
3291 1175 3346 1229 δέ
3377 1176 3472 1228 καὶ
3502 1193 3787 1245 προσαεπο⁴

2192 1265 2376 1333 νεῖμαι
2418 1266 2484 1335 τῇ
2525 1279 2584 1316 τε
2626 1262 2805 1334 λαύρα
2838 1264 2929 1315 καὶ
2964 1263 3114 1335 αὐτῷ
3155 1265 3487 1336 προσόδους,
3526 1268 3618 1320 ἐπὶ
3659 1267 3787 1322 νοῦν

2193 1352 2308 1423 εἶχε
2330 1370 2344 1385 ο
2375 1356 2469 1407 καὶ
2516 1357 2549 1424 ή
2593 1356 2765 1421 αίτία,
2800 1354 2943 1409 ὥστε
2991 1340 3332 1428 διαρκῆ’τοῖς
3363 1358 3615 1428 ἀδελφοῖς
3644 1356 3787 1414 εἷναι

2193 1446 2289 1499 τοῦ
2321 1447 2513 1500 λοιποῦ
2547 1448 2657 1501 τῶν
2689 1449 3007 1518 ἀναγκαίων
3030 1450 3128 1520 τὴν
3155 1452 3442 1521 χορηγίαν.
3526 1502 3530 1509 .

2263 1538 2378 1606 ἦθ’,
2423 1540 2482 1592 Ὀ
2502 1539 2577 1603 δέ,
2608 1534 2998 1611 προανάφωνεῖ
3026 1544 3165 1613 αὐτῇ
3195 1559 3208 1571 ·
3228 1544 3353 1597 Ἐπὶ
3386 1543 3580 1615 θύραις
3616 1542 3787 1616 οὕσης

2190 1630 2292 1702 τῆς
2322 1632 2604 1701 τελευτῆς,
2637 1634 2689 1686 τί
2721 1632 3056 1702 φροντίζεις,
3093 1633 3291 1701 λέγων,
3332 1628 3378 1688 ὧ
3426 1634 3636 1701 τέκνον,
3689 1638 3786 1689 καὶ

2194 1725 2543 1791 περισπᾶσαι
2595 1724 2726 1796 περὶ
2758 1724 2958 1792 πολλά;
3008 1726 3224 1779 Ἐκεῖνά
3264 1743 3348 1780 σοι
3382 1728 3543 1797 μόνον
3594 1728 3787 1797 εὑτρε-

2192 1814 2270 1884 πῆ
2301 1814 2567 1882 γενέσθω,
2589 1817 2658 1866 τὰ
2692 1816 2827 1885 πρὸς
2851 1816 2949 1887 τὴν
2970 1817 3066 1885 τῆς
3095 1816 3241 1889 ζωῆς
3261 1817 3551 1891 ἐκδημίαν.
3595 1819 3786 1889 Ἦμῶν

2190 1906 2245 1961 δὲ
2274 1907 2348 1978 μὴ
2380 1908 2473 1961 ἐπὶ
2508 1907 2795 1979 προσόδοις
2847 1910 2959 1962 τισὶ
3003 1910 3270 1981 μνησθῇς,
3301 1910 3437 1983 μηδέ
3476 1913 3784 1983 χρήμασιν,

2193 1999 2308 2053 ἀλλ’
2336 2001 2427 2052 ἐπὶ
2450 2000 2545 2052 τοῦ
2574 1999 2756 2053 κοινοῦ
2788 2000 3080 2077 μνήσθητι
3104 2005 3558 2069 Δεσπότου,ὃπου
3591 2006 3657 2078 δὴ
3685 2008 3784 2062 καὶ

2194 2091 2503 2163 μνησθῆναί
2525 2109 2583 2145 σε
2617 2093 2819 2162 μᾶλλον
2856 2096 2888 2165 ή
2899 2094 3018 2164 μῶν
3047 2094 3330 2167 ἀξιοῦμεν.
3360 2097 3581 2152 Τούτων
3617 2098 3787 2151 ἀκού-

2193 2202 2354 2248 σασα,
2390 2186 2514 2238 δυσὶ
2561 2187 2761 2240 πάθεσι
2795 2187 3028 2253 τούτοις,
3065 2188 3330 2261 ἐκπλήξει
3369 2192 3466 2245 καὶ
3508 2191 3654 2264 λύπῃ
3684 2193 3785 2264 τὴν

2189 2277 2368 2350 ψυχὴν
2407 2279 2702 2350 ἐμερίζετο
2727 2296 2740 2311 ·
2780 2280 2843 2335 τὸ
2877 2281 2996 2352 μὲν,
3033 2285 3099 2353 τῇ
3128 2284 3440 2353 προγνώσει
3470 2284 3564 2339 τοῦ
3606 2288 3784 2355 μεγά-

2192 2368 2286 2422 λου
2311 2368 2550 2435 διδοῦσα,
2583 2372 2679 2424 καὶ
2708 2370 2859 2435 ὅπως
2891 2372 3040 2442 ἆπερ
3060 2371 3201 2445 αῦτη
3232 2374 3375 2428 κατά
3396 2375 3532 2428 ’νοῦν
3550 2377 3783 2431 ἐσκόπει

2194 2460 2323 2529 περὶ
2349 2459 2538 2524 αὑτοῦ,
2573 2462 2860 2532 πόρρωθεν
2894 2464 3105 2526 ἐκεῖνος
3131 2463 3336 2541 συνίειῂ
3367 2463 3429 2517 τὸ
3455 2464 3531 2527 δὲ,
3565 2466 3655 2519 διὰ
3683 2468 3785 2538 τὴν

2191 2553 2302 2607 τῶν
2329 2553 2419 2607 ἐπ’
2446 2552 2597 2624 αὐτῷ
2620 2553 2851 2607 ἐλπίδων
2879 2555 3200 2626 ἀποτυχίαν.
3242 2556 3533 2611 Ἦδούλετο
3556 2558 3662 2629 γὰρ
3687 2561 3785 2614 καὶ

2193 2645 2456 2716 χρήματα
2484 2647 2581 2701 καὶ
2605 2645 2867 2718 ἀφορμὰς
2910 2648 3061 2719 αὐτῷ
3106 2650 3391 2719 προσόδων
3438 2652 3788 2720 καταλιπεῖν,

2192 2737 2384 2811 ῶσπερ
2426 2737 2665 2813 ἔφημεν.
2712 2740 2996 2794 Ἐντεῦθεν
3027 2741 3165 2812 πρὸς
3192 2742 3293 2811 τὴν
3320 2743 3488 2811 ἁγίαν
3519 2744 3786 2812 ἀφικνεῖ-

2191 2850 2280 2888 ται
2312 2834 2468 2888 πόλιν
2488 2850 2503 2865 ·
2545 2833 2902 2907 ’Δναστάσιόν
2930 2851 2991 2888 τε
3048 2836 3524 2907 μεταστειλαμένη
3552 2836 3644 2890 τὸν
3679 2854 3790 2891 πα-

2192 2929 2485 3002 τριάρχην,
2536 2927 2629 2981 καὶ
2662 2926 2700 2983 ἃ
2743 2928 2899 3000 παρὰ
2944 2926 3041 2981 τοῦ
3101 2928 3248 2982 θείου
3299 2928 3578 2998 Εὐθυμίου
3621 2916 3788 3000 μάθοι

2198 3020 2332 3087 πρὸς
2364 3017 2556 3071 τοῦτον
2608 3018 3017 3091 διασαφήσασα,
3041 3019 3250 3090 ἁδελφὰ
3274 3022 3339 3091 τῇ
3367 3021 3611 3093 προτέρᾳ
3642 3020 3786 3090 γνὼ-

500 3111 671 3181 priori
693 3110 983 3167 sententi-ac.
1012 3109 1160 3164 fecit.
1190 3112 1267 3165 Ac
1316 3111 1495 3180 primo
1543 3112 1763 3181 quidem
1829 3111 2089 3182 Stephani

2201 3126 2278 3184 μη
2313 3110 2510 3165 ἐποίει.
2555 3110 2666 3165 Καὶ
2692 3112 2887 3181 πρῶτα
2946 3110 3044 3182 μὲν
3094 3111 3186 3166 τὸν
3247 3114 3342 3166 ἐπὶ
3398 3113 3656 3184 Στεφάνῳ
3708 3114 3789 3185 τῷ

502 3203 916 3278 protomartyris
987 3202 1191 3258 Christi
1235 3205 1521 3274 templum,
1557 3205 1797 3260 nondum
1819 3205 1967 3259 omni
2025 3221 2088 3260 ex

2203 3203 2637 3277 πρωτομάρτυρι
2673 3205 2768 3257 τοῦ
2797 3203 3038 3275 Χριστοῦ
3075 3205 3204 3259 ναὸν
3238 3204 3550 3269 ἐλλειπῶςιι
3581 3205 3663 3259 ἔτι
3686 3205 3790 3276 τῆς

501 3307 659 3369 parte
692 3305 1067 3350 conszructnm
1104 3296 1243 3366 (Η),
1272 3296 1914 3367 dedicatquintodecimo
1938 3312 2093 3352 men-

503 3393 582 3447 sis
602 3390 851 3445 Januarii
875 3407 889 3445 :
916 3390 1115 3445 deinde
1140 3391 1186 3445 ei
1215 3391 1419 3445 tributo
1446 3390 1617 3444 multo
1644 3388 1845 3457 reditu,
1866 3390 2095 3461 ejusque

501 3466 635 3536 cura
702 3482 991 3536 commissi
1049 3481 1348 3545 Gabrielio,
1386 3475 1591 3551 'ncque
1652 3481 1785 3537 alias
1862 3481 2097 3553 neglexit

503 3574 786 3638 ecclesias,
842 3582 1110 3644 quotquot
1185 3573 1254 3628 ab
1313 3574 1429 3643 ipsa
1502 3573 1783 3630 aediﬁcatae
1837 3574 2094 3640 fuerant;

504 3666 601 3720 sed
657 3664 776 3720 illas
837 3680 1059 3736 quoque
1125 3665 1418 3737 diligenter
1476 3680 1676 3737 magno
1733 3681 1856 3721 cum
1912 3667 2098 3721 labore

504 3756 716 3818 obibat.
757 3757 1045 3823 dedicans,
1074 3766 1131 3812 et
1156 3758 1529 3813 sufficientem
1584 3758 1823 3818 reditum
1883 3759 2098 3813 unicui-

2199 3299 2548 3367 κατασκευῆς
2581 3292 2796 3368 ἔχοντα,
2831 3298 3061 3370 πέμπτη
3105 3298 3410 3367 ἐγκαινίζει
3446 3300 3543 3353 καὶ
3583 3300 3793 3372 δεκάτῃ

2202 3389 2372 3459 μηνὸς
2402 3389 2759 3461 ’1ανουαρίου.
2822 3386 2958 3444 Εἶτα
3007 3392 3103 3445 καὶ
3153 3391 3355 3465 πολλὴν
3409 3392 3560 3464 αύτῷ
3613 3394 3791 3465 πρόσ-

2199 3482 2319 3535 οδον
2341 3482 2708 3552 ἀπονείμασα,
2733 3484 2839 3557 ,καὶ
2864 3482 2963 3554 τὴν
2995 3482 3127 3556 περὶ
3157 3485 3325 3540 αὐτὸν
3360 3487 3621 3559 πρόνοιαν
3658 3490 3793 3543 ἁνα-

2201 3570 2358 3624 θεῖσα
2408 3571 2745 3644 Γαὸριηλίῳ,
2794 3572 2919 3626 οὐδὲ
2964 3571 3075 3626 τῶν
3131 3574 3309 3629 ἄλλων
3344 3575 3540 3648 ἡμέλει
3590 3577 3799 3651 ἐκκλη-

2201 3664 2355 3729 σιῶν,
2382 3663 2505 3717 ὅσαι
2542 3664 2672 3737 παρ’
2717 3665 2889 3736 αὐτῆς
2919 3653 3272 3739 ᾠκοδόμηντο
3296 3685 3311 3700 ⁶
3342 3669 3481 3725 ἀλλὰ
3499 3672 3595 3725 καὶ
3617 3658 3795 3737 αὑτὰς

2202 3757 2538 3829 περιήρχετο
2588 3758 2786 3830 κομιδῇ
2820 3756 3576 3839 φιλοπόνως,ῖέγκαινίζουσά
3603 3780 3664 3817 τε
3696 3767 3798 3818 καὶ

501 3865 611 3922 que
656 3851 983 3906 attribuens.
1031 3849 1151 3905 Jam
1206 3866 1339 3907 vero
1388 3858 1628 3922 quatuor
1673 3853 1954 3908 mensibus
1976 3863 2097 3924 post

2198 3849 2298 3920 τὴν
2325 3850 2611 3925 ἀρκοῦσαν
2643 3851 2851 3923 ἑκάστη
2884 3852 3148 3924 πρόσοδον
3178 3852 3538 3925 ἀφορίζουσα.
3592 3856 3801 3911 Τεσσά-
3848 3916 3857 3921 ,

504 3940 907 3996 dedicationem
936 3941 1248 4009 transactis,
1300 3950 1357 3998 et
1416 3941 1538 4012 ipsa
1584 3942 1882 3999 humanam
1931 3945 2095 4000 vitam

507 4031 846 4103 relinquens,
878 4032 1099 4088 excedit
1125 4033 1195 4088 ad
1224 4032 1515 4090 Dominum
1534 4034 1670 4109 (l2).

574 4206 641 4266 C.
668 4208 856 4284 Longo
883 4221 1065 4268 autem
1096 4222 1223 4284 post
1242 4223 1509 4285 tempore,
1544 4230 1668 4272 cum
1704 4226 1848 4273 esset
1893 4218 2099 4290 Euthy-

506 4304 653 4359 mius
680 4304 794 4375 jam
834 4305 1129 4376 nonaginta
1147 4321 1322 4362 annos
1350 4316 1536 4377 natus,
1571 4307 1626 4362 in
1655 4324 1873 4380 gravem
1907 4310 2095 4365 incidit

505 4396 917 4467 aegrotationem
955 4408 1181 4454 sanctus
1216 4397 1589 4466 Thcoctistus,
1643 4401 1890 4472 adeoque
1937 4403 2098 4456 morti

2204 3957 2312 4014 ρων
2339 3942 2397 3994 δὲ
2424 3942 2530 4013 ἤδη
2566 3943 2757 4015 μηνῶν
2792 3944 2935 4016 μετὰ
2962 3946 3057 3999 τὸν
3082 3946 3445 4016 ἐγκαινισμὸν
3489 3940 3799 4019 παρελθόν-

2200 4049 2332 4098 των,
2359 4032 2455 4085 κοιλ⁵
2482 4032 2624 4102 αὑτὴ
2648 4032 2741 4105 τὸν
2770 4031 3114 4105 ἀνθρώπινον
3143 4034 3449 4089 ἐκλιποῦσα
3486 4032 3625 4105 βίον,
3655 4035 3797 4106 πρὸς

2205 4123 2415 4195 Κύριον
2446 4124 2696 4195 ἐκδημεῖ.
3773 4132 3781 4139 “

2275 4216 2349 4271 Ρ¹.
2383 4217 2538 4271 Μετὰ
2576 4217 2761 4287 μέντοι
2791 4217 2989 4287 συχνὸν
3016 4215 3078 4282 ἐξ
3107 4218 3324 4273 ἐκείνου
3355 4219 3550 4291 χρόνον
3604 4198 3793 4288 ἐνενή-

2204 4328 2370 4365 κοντα
2398 4310 2492 4364 τοῦ
2522 4309 2798 4382 Εὑθυμίου
2828 4311 2930 4382 ἢδη
2952 4315 3237 4382 γεγονότος
3280 4315 3564 4387 ἐνιαυτῶν,
3598 4313 3798 4386 βαρείᾳ

2210 4401 2535 4472 περιπίπτει
2583 4402 2723 4472 νόσῳ
2777 4404 2916 4455 καὶό
2966 4406 3025 4456 ἐν
3060 4404 3241 4472 ἁγίοις
3293 4404 3641 4470 Θεόκτιστος,
3698 4407 3797 4459 καὶ

510 4490 784 4555 vicinam,
855 4500 915 4545 ut
976 4491 1313 4562 signiﬁcaret
1372 4508 1431 4547 se
1481 4502 1605 4546 mox
1653 4507 1773 4547 esse
1836 4494 2087 4548 decessu-

2201 4493 2426 4547 τοσοῦτο
2477 4495 2797 4566 γείτονούσῃ
2856 4496 3094 4567 θανάτῳ,
3153 4496 3294 4551 ὥστε
3352 4500 3447 4553 καὶ
3476 4499 3640 4553 αὐτὸν
3669 4499 3795 4553 ὅσον

508 4598 667 4648 rum;
700 4585 791 4652 qui
812 4584 923 4654 jam
968 4586 1034 4640 ad
1065 4586 1553 4655 profundissimam
1588 4597 1926 4641 senectutem
1974 4602 2099 4655 per—

508 4677 772 4741 venisset,
811 4679 1117 4747 plennsque
1163 4678 1434 4735 evasisset
1468 4679 1585 4749 ipse
1635 4679 1802 4733 etiam
1831 4679 2099 4732 humano-

511 4783 634 4823 rum
688 4770 923 4825 tlicrum.
977 4770 1216 4827 Veniens
1261 4787 1393 4842 ergo
1474 4773 1543 4826 ad
1630 4787 1753 4826 eum
1810 4772 2128 4826 visendum'

512 4876 743 4933 magnus
808 4864 1171 4936 Euthymius,
1234 4865 1478 4935 adeoque
1523 4865 1825 4935 periculose
1897 4864 2099 4919 habere

512 4952 768 5016 intuitus,
824 4958 1020 5012 statuit
1092 4971 1296 5027 pauens
1347 4957 1467 5011 dies
1506 4972 1632 5011 cum
1702 4957 1793 5011 illo
1853 4972 2097 5024 manere,
2149 4998 2156 5004 .

513 5051 574 5095 ut
601 5052 789 5097 sancti
819 5044 940 5114 ejus
973 5046 1155 5098 anima
1199 5046 1313 5116 jam
1344 5047 1411 5100 ad
1447 5046 1618 5101 Deum
1662 5047 1930 5117 profecta,
1981 5049 2100 5117 ipse
2139 5064 2149 5074 ·

509 5128 656 5198 iusta
710 5137 925 5204 corpori
982 5136 1207 5203 faceret,
1284 5148 1593 5210 cunctaque
1645 5156 1768 5210 quae
1813 5156 1934 5196 mos
1994 5150 2098 5207 est,

585 5253 632 5286 ³³
652 5249 817 5308 Num.
855 5268 1007 5316 utv,
1043 5253 1098 5308 5.

2210 4586 2367 4641 οὔπω
2400 4588 2711 4656 προσάγειν
2762 4588 2983 4659 ἐδήλουο
3050 4589 3330 4659 βαθύτατα
3378 4593 3480 4663 ἢδη
3520 4594 3791 4662 γηράσας,

2209 4678 2305 4731 καὶ
2376 4678 2591 4750 πλήρης
2640 4680 2996 4764 ἡμερῶνκαὶ
3059 4682 3222 4745 αὐτὸς
3275 4682 3385 4736 τῶν
3437 4684 3795 4755 ἀνθρωπίνων

2207 4773 2518 4849 γενόμενος.
2561 4772 2860 4827 Κατελθὼν
2884 4774 3067 4827 τοίνυν
3108 4775 3540 4845 ἐπισκεψόμενος
3571 4777 3732 4829 αὑτὸν
3766 4777 3794 4827 ὁ

2215 4865 2387 4935 μέγας
2422 4864 2718 4934 Εὑθύμιος,
2744 4867 2838 4918 καὶ
2867 4863 3039 4928 οὕτως
3066 4866 3424 4931 ἐπικινδύνως
3454 4867 3646 4938 ἔχοντα
3671 4870 3797 4920 05a.-

2213 4955 2474 5024 σάμενος,
2526 4954 2667 5021 ἔγνω
2709 4956 2803 5008 καὶ
2857 4954 3121 5026 βραχείας
3157 4957 3308 5027 αὐτῷ
3374 4975 3529 5021 τινας
3581 4958 3797 5030 ἡμέρας

2213 5050 2671 5119 συμπαραμεῖναι
2696 5060 2710 5076 °
2753 5045 2829 5110 ὡς
2861 5048 2927 5100 ἂν
2958 5046 3057 5119 ήδη
3094 5049 3231 5117 πρὸς
3268 5049 3475 5120 Κύριον
3501 5049 3599 5120 τῆς
3633 5050 3795 5114 ἁγίας

2210 5140 2558 5211 ἐκδημούσης
2586 5138 2787 5210 ψυχῆς,
2823 5140 2986 5205 αὐτὸς
3014 5141 3092 5203 τῶ
3119 5141 3332 5212 σώματι
3353 5146 3423 5196 τὰ
3463 5140 3796 5213 νομιζόμενα

1823 5362 2055 5418 VARle
2097 5363 2502 5421 LECTlONES.

589 5462 614 5501 ⁸
643 5461 796 5516 abest
822 5460 892 5514 ab
932 5458 1003 5513 al.
1095 5457 1121 5498 h
1162 5456 1230 5510 al.
1262 5454 1518 5519 ἐλλιπῶς.

1747 5547 1941 5603 JOAN.
1989 5549 2255 5603 BOLLAN
2268 5550 2327 5604 |)l
2370 5550 2600 5609 NOTAS.

592 5648 705 5717 (41)
737 5665 755 5697 ι
784 5645 1032 5714 Amplttnt
1055 5647 1213 5710 adeo,
1239 5654 1297 5698 nl
1319 5645 1502 5700 decem
1530 5643 1696 5717 millia
1718 5649 2105 5717 ttionachurttm

522 5714 753 5771 cx'mnm
781 5730 963 5771 rretno
993 5718 1044 5770 in
1080 5733 1145 5770 eo
1168 5717 1538 5770 convenerint.
1584 5733 1600 5765 ι
1639 5714 1756 5768 Vita
1790 5716 1848 5768 S.
1888 5717 2063 5770 Sibae.

597 5787 708 5855 (ιε)
752 5788 907 5841 Anno
932 5785 962 5839 4
990 5786 1202 5857 imperii
1233 5784 1477 5855 ;l.eonis,
1507 5785 1715 5843 Christi
1750 5786 1873 5851 460,
1917 5800 2102 5843 ntcnsc

2219 5646 2378 5772 Matio.
2407 5649 2679 5719 Sepelitur
2721 5652 2772 5704 in
2810 5652 3007 5721 templo
3047 5651 3104 5706 S.
3149 5652 3428 5721 Stephani.
3460 5651 3801 5723 Nicrphorus

2219 5732 2262 5771 ει
2337 5735 2572 5772 manus.

2213 5735 2262 5771 et
2290 5735 2572 5788 nvagrtns.
