4144 6402
402 351 515 419 681

1647 353 1820 415 VlTA
1857 362 1919 417 δ.
1959 355 2364 419 EUTHYMII.

3560 368 3669 432 682

402 460 802 535 λειτουργήσῃ,
851 461 947 515 καὶ
983 460 1128 531 ειπερ
1157 457 1279 525 ἔθος
1330 460 1419 513 ἐπ’
1452 461 1602 533 αὐτῷ
1629 463 1807 519 πάντα
1839 464 1981 536 πλη-

2100 468 2142 520 Ln
2154 481 2222 521 eo
2243 466 2514 537 impleret.
2529 466 2669 525 cum
2692 483 2823 525 vero
2845 470 3154 542 patriarcha
3167 472 3507 545 cognovisset
3525 481 3668 547 apud

406 556 581 631 ρώσῃ.
601 552 766 614 Γνοὺς
795 552 852 605 δὲ
878 550 977 622 τὴν
1003 552 1276 622 Εύθυμίου
1305 552 1454 625 παρὰ
1480 553 1787 626 Θεοκτίστῳ
1819 573 1986 627 προσ-

402 648 622 719 εδρείαν
670 647 700 699 δ
746 643 1116 715 πατριάρχης,
1178 643 1270 699 καὶ
1325 645 1603 717 πρόφασιν
1666 646 1825 700 τοῦτο
1884 647 1986 717 τῆς

402 740 545 810 πρὸς
573 734 740 791 αὐτὸν
762 735 1002 806 ἀφίξεως
1039 737 1140 789 οὐκ
1168 734 1398 808 ἄκαιρον
1429 731 1571 790 εἶναι
1603 732 1854 808 νομίσας,
1879 738 1984 809 ήδη

401 830 499 886 τοῦ
538 829 845 901 μακαρίτου
862 828 1190 883 Θεοκτίστου
1227 829 1363 902 πρὸς
1393 830 1527 884 Θεὸν
1553 831 1985 902 ἐκδημήσαντος,

401 921 598 994 τρίτην
641 922 861 991 ἔχοντος
886 922 1006 975 τότε
1052 920 1147 974 τοῦ
1194 922 1572 994 Σεπτεμῦρίου
1626 925 1815 996 μηνὸς,
1848 924 1988 979 κάτ-

406 1033 515 1070 εισι
545 1016 677 1087 παρ’
722 1014 907 1079 αὑτὸν,
942 1013 1041 1067 καὶ
1070 1016 1226 1085 κοινῇ
1261 1015 1359 1086 τῆς
1392 1014 1486 1070 τοῦ
1522 1015 1777 1086 λειψάνου
1809 1018 1987 1087 ταφῆς

406 1107 500 1161 ὕπ’
535 1104 716 1159 αὐτῶν
743 1105 1052 1173 γεγονυίας.
1996 1182 1999 1185 ν

473 1199 599 1252 PA'.
636 1197 868 1250 Ἔπειτα
900 1196 994 1250 καὶ
1032 1195 1067 1251 ἃ
1104 1196 1242 1269 πρὸς
1281 1196 1553 1270 Εύθύμιον
1580 1201 1609 1254 6
1634 1200 1834 1272 θερμὸς
1865 1203 1986 1255 ἐκέ-

405 1288 532 1343 λευε
581 1288 769 1355 πόθος,
802 1290 831 1341 6
867 1289 1214 1360 πατριάρχης
1268 1289 1479 1343 ἐποίειο
1516 1293 1610 1346 καὶ
1660 1293 1830 1363 ἡδέως
1879 1293 1988 1346 τῶν

406 1382 572 1453 ἱερῶν
597 1380 808 1436 ἐκείνου
838 1381 1041 1453 χειρῶν
1072 1381 1393 1452 λαϐόμενος,
1424 1383 1520 1438 καὶ
1550 1384 1743 1448 αὑταῖς
1771 1385 1847 1449 ὡς
1875 1382 1987 1456 εἶχε

406 1471 747 1543 περιχυθεὶς,
787 1471 1070 1542 ἠσπάζετό
1114 1489 1174 1526 τε
1216 1473 1461 1545 θερμῶς,
1517 1477 1614 1529 καὶ
1663 1476 1832 1530 πόθου
1877 1481 1987 1540 τοῖς

411 1566 719 1634 ἀσπασμοῖς
753 1563 981 1631 ἐπέλεγε
1012 1565 1235 1635 ῥήματα
1255 1581 1269 1596 ·
1312 1566 1407 1619 Ἐκ
1439 1566 1636 1621 πολλοῦ
1677 1569 1789 1622 τῶν
1818 1568 1989 1638 ἁγίων

416 1655 524 1723 ἐγὼ
546 1654 752 1708 τούτων
779 1654 1092 1725 ἐπεθύμουν
1123 1655 1357 1727 χειρῶν·
1394 1659 1489 1712 καὶ
1522 1660 1629 1713 ἰδοὺ
1655 1660 1990 1732 πεπλήρωκὲ

415 1763 503 1817 μοι
534 1747 633 1818 τὴν
672 1746 862 1816 ἔφεσιν
889 1747 918 1799 6
940 1747 1094 1811 Θεός.
1134 1749 1297 1803 Ἀλλὰ
1316 1749 1509 1821 δέομαί
1548 1766 1665 1816 σου,
1693 1752 1841 1823 τίμιε
1877 1754 1991 1807 Πά-

2092 556 2469 614 Theoctistum
2502 560 2745 616 assidere
2808 560 3183 634 Euthymium,
3245 564 3412 636 idque
3473 568 3669 623 existi-

2091 652 2297 707 masset
2324 652 2669 708 occasionem
2699 670 2823 710 esse
2846 671 2955 711 non
2991 657 3416 727 inepportunam
3447 660 3513 714 ad
3540 678 3669 716 eum

2091 744 2370 810 veniendi,
2402 746 2515 816 jam
2555 746 2715 801 beato
2744 746 3064 803 Thcoctisto
3087 750 3153 805 ad
3182 751 3353 807 Deum
3395 755 3663 823 profecto,

2092 836 2250 890 tertia
2280 836 2366 891 die
2392 838 2601 893 mensis
2635 836 3335 913 Septembris(45),accedit
3355 847 3424 901 ad
3448 863 3597 912 eum,
3615 858 3672 903 et

2091 926 2460 983 communiter
2490 928 2604 1002 (44)
2630 929 2699 984 ab
2721 928 2789 984 iis
2818 929 2959 984 facta
2980 940 3064 987 est
3091 934 3338 1004 corporis
3366 939 3667 1008 sepultura.

2162 1194 2243 1251 CI.
2331 1197 2540 1254 Deinde
2611 1215 2733 1271 quae
2767 1215 2897 1274 erga
2968 1202 3321 1274 Euthymium
3374 1204 3674 1263 vehemens

2086 1288 2317 1356 jnbebat
2380 1290 2739 1359 desiderium,
2795 1294 2924 1350 fecit
2952 1296 3298 1366 patriarcha;
3352 1306 3407 1354 et
3435 1300 3675 1356 suaviter

2091 1376 2263 1431 sacris
2287 1376 2433 1435 illius
2460 1381 2713 1437 manibus
2764 1383 3075 1453 prehensis,
3133 1386 3348 1457 eisque,
3395 1389 3474 1444 uti
3534 1400 3673 1457 erat,

2091 1462 2477 1535 circumfusus,
2561 1478 2675 1523 tum
2744 1470 3165 1528 deosculabatur
3217 1476 3500 1544 ardenter,
3558 1487 3676 1535 tum

2093 1552 2239 1609 inter
2269 1559 2457 1612 oscula
2487 1567 2541 1613 et
2571 1562 2856 1632 amplexus
2880 1565 3043 1618 verba
3077 1572 3283 1622 amoris
3313 1569 3630 1638 proferebat
3657 1591 3671 1626 :

2092 1648 2306 1705 Iamdiu
2328 1651 2396 1705 ab
2419 1652 2547 1708 hinc
2575 1670 2674 1725 ego
2708 1665 2925 1713 sanctas
2973 1658 3074 1713 has
3122 1675 3316 1716 manus
3342 1662 3625 1732 cupiebam
3655 1680 3677 1720 :

2095 1748 2150 1793 et
2182 1754 2309 1795 ecce
2341 1758 2522 1797 meum
2550 1744 2697 1800 Deus
2733 1746 2981 1815 implevit
3019 1749 3378 1807 desiderium.
3411 1752 3518 1809 Sed
3544 1769 3676 1826 mgo

403 1856 524 1909 τερ,
540 1817 638 1894 καὶ
662 1839 867 1912 σφόδρα
885 1839 1096 1910 δέομαι⁸
1125 1841 1316 1910 πρῶτα
1340 1817 1440 1912 μὲν
1462 1843 1723 1914 εύχεσθαι
1751 1817 1830 1916 τῷ
1846 1845 1985 1916 Θεῷ,

2100 1837 2167 1895 te,
2230 1835 2537 1889 venerande
2595 1834 2791 1905 Pater,
2855 1846 2911 1893 et
2975 1840 3131 1896 valde
3207 1857 3379 1915 rogo;
3434 1817 3674 1916 primunt

399 1933 503 1996 τὰς
514 1933 613 1995 σὰς
631 1930 718 1985 ἐπ’
737 1932 861 2003 ἐμοὶ
884 1934 1240 2005 προρρήσεις,
1254 1934 1344 1989 διὰ
1358 1934 1548 2001 τέλους
1567 1938 1990 2010 πντηρηθῆναγ

401 2023 597 2078 ἔπειτα
611 2024 667 2078 δὲ
687 2026 783 2079 καὶ
804 2026 1037 2095 γράφειν
1072 2044 1162 2097 μοι
1198 2028 1440 2099 συνεχῶς
1474 2030 1601 2101 περὶ
1628 2030 1738 2085 τῶν
1769 2031 1992 2086 δοκούν-

396 2133 534 2186 των,
561 2119 662 2172 ὅσα
689 2119 783 2173 καλ⁵
800 2119 1008 2174 τέκνων
1031 2117 1049 2158 ί
1082 2120 1247 2192 νόμος
1271 2121 1669 2180 διακελεύεται.
1702 2125 1890 2180 Ταῦτα
1916 2127 1993 2198 τῷ

402 2209 666 2281 Εὑθυμίῳ
680 2209 801 2264 λίαν
831 2211 1078 2282 εὐμενῶς
1108 2212 1302 2284 ὡμίλει
1323 2214 1420 2268 καὶ
1447 2214 1737 2285 διελέγετο,
1773 2219 1866 2272 καὶ
1894 2220 1995 2274 ὅσα

401 2300 571 2373 ἕτερα
608 2305 639 2356 6
687 2303 879 2374 καιρός
911 2320 970 2356 τε
1003 2305 1203 2376 ἀπῄτει
1231 2306 1326 2360 καὶ
1360 2306 1449 2360 διὰ
1484 2308 1697 2379 μακροῦ
1733 2312 1994 2383 συντυχία

402 2390 499 2444 τοῦ
536 2391 727 2463 ἀνδρὸς
760 2392 1200 2465 ὑπεμίμνησκεν.
1243 2396 1305 2450 Ὀ
1329 2396 1407 2463 δὲ,
1436 2400 1576 2469 μετὰ
1599 2399 1699 2470 τῆς
1727 2400 1995 2472 συνήθους

402 2480 625 2551 ἐκείνης
646 2483 972 2548 ἐπιεικείας,
1005 2483 1177 2538 Τοῦτο
1207 2485 1408 2556 μᾶλλον
1441 2487 1553 2558 ἐγὼ
1574 2488 1727 2561 παρὰ
1760 2489 1862 2560 τῆς
1894 2491 1995 2560 σῆς

403 2572 673 2644 αἰτοῦμαι
707 2576 1111 2646 μακαριότητος
1141 2577 1504 2650 ἀπεκρίνατο’
1530 2579 1590 2633 τὸ
1613 2583 1672 2636 ὲν
1706 2585 1830 2646 ταῖς
1857 2585 1993 2655 πρὸς

404 2663 504 2717 τον
534 2663 668 2718 Θεὸν
695 2667 1016 2737 πρεσδείαις
1044 2684 1139 2720 σου
1160 2668 1257 2721 καὶ
1280 2668 1456 2734 λιταῖς
1476 2673 1572 2725 καὶ
1609 2671 1757 2743 ἡμᾶς
1781 2674 1996 2727 κεῖσθαί

411 2774 500 2810 σοι
541 2756 629 2811 διὰ
679 2759 921 2830 μνήμης.
991 2760 1261 2824 Κάκεῖνος
1300 2762 1608 2831 ὑπολαϐὼν,
1639 2762 1715 2818 Οὔ
1788 2782 1894 2831 τοι,
1949 2758 1995 2819 ὧ

409 2848 636 2918 Πάτερ,
704 2851 912 2920 φησὶν,
968 2851 1222 2923 οὐδαμῶς
1291 2857 1683 2927 παραχωρήσω
1749 2875 1832 2911 σοι
1897 2856 1993 2912 τοῦ

407 2944 731 3013 αἰτήματος.
771 2941 943 2997 Τοῦτο
997 2945 1108 3015 γὰρ
1163 2946 1274 3016 ἐγὼ
1305 2948 1457 3019 παρὰ
1509 2947 1604 3001 σοῦ
1650 2948 1868 3020 πρῶτος
1899 2949 1996 3004 λα-

408 3033 529 3087 ϐεῖν
562 3034 881 3100 ἀξιῶοὲπεὶ
906 3036 1002 3089 καὶ
1035 3038 1382 3110 πεπείραμαι
1417 3039 1600 3104 καλῶς
1639 3039 1742 3111 ήδη
1781 3041 1881 3109 τῆς
1940 3042 1997 3094 ὲν

408 3127 497 3179 eoi.
543 3124 654 3179 τῶν
708 3125 870 3181 θείων
924 3129 1284 3199 χαρισμάτων
1334 3130 1613 3201 ἐνεργείας
1646 3132 1843 3203 κομιδῇ
1902 3131 1997 3184 καὶ

403 3218 715 3289 δυνάμεως.
750 3218 860 3271 Καὶ
891 3217 950 3284 ὃς
975 3221 1199 3292 ὁμαλῶς
1237 3222 1378 3292 ἄγαν
1402 3223 1496 3276 καὶ
1528 3223 1743 3295 πράως,
1770 3224 1993 3295 Συγχὼ-

408 3327 602 3382 ρησον,
631 3311 785 3382 τίμια
827 3312 1034 3385 Πάτερ,
1069 3313 1175 3386 ἔφη
1196 3332 1211 3348 ο
1236 3315 1623 3388 παρακλήθητι
1653 3315 1709 3371 δὲ
1740 3319 1995 3390 πρόνοιαν

408 3402 620 3472 μᾶλλον
649 3401 746 3455 τοῦ
789 3404 1057 3475 παρόντος
1108 3406 1479 3478 μοναστηρίου
1525 3405 1687 3478 χάριν
1741 3408 1882 3478 ιμήν
1934 3424 1995 3460 τε

406 3496 502 3547 καὶ
521 3492 643 3564 σήν,
676 3494 772 3546 καὶ
791 3494 974 3549 αὐτῶν
1002 3494 1058 3548 δὲ
1092 3496 1204 3550 τῶν
1229 3496 1483 3567 ἀδελφῶν
1513 3497 1678 3553 ἕνεκα
1703 3497 1994 3561 ποιεῖσθαι,

408 3588 504 3640 καὶ
534 3585 798 3658 κήδεσθαι
844 3589 938 3642 καὶ
970 3588 1164 3656 αὑτοῦ,
1200 3588 1394 3660 ῶσπερ
1443 3589 1613 3654 είκός.
1648 3590 1793 3663 Πρὸς
1824 3590 1997 3645 ταῦτα

408 3680 439 3731 6
471 3678 840 3751 πατριάρχης,
864 3681 979 3735 Καὶ
1012 3680 1366 3747 Θεοκτίστου,
1391 3683 1578 3753 φησὶν,
1607 3682 1689 3735 ἔτι
1718 3684 1999 3754 περιόντος

407 3769 506 3823 τοῦ
523 3772 581 3825 ὲν
602 3771 803 3840 ἁγίοις,
828 3773 893 3825 σὺ
922 3768 990 3845 ἧς
1017 3776 1047 3828 6
1072 3772 1176 3844 τῆς
1208 3773 1418 3845 ἐρήμου
1460 3773 1668 3845 ταύτης
1694 3772 1997 3845 προεστὼς,

421 3863 518 3913 καὶ
562 3863 717 3917 πόλιν
753 3865 926 3938 αὐτὴν
964 3865 1046 3937 τῷ
1077 3866 1189 3919 τῶν
1243 3865 1599 3920 ἐνοικούντων
1653 3864 1850 3937 πλήθει
1903 3865 2000 3917 καὶ

426 3955 494 4023 τῇ
532 3954 687 4029 ἀρετῇ
718 3958 980 4029 κομῶσαν
1013 3958 1327 4025 ἀποδείξας,
1358 3959 1456 4013 καὶ⁸
1493 3958 1662 4029 ἄλλην
1687 3956 1809 4010 τινὰ
1831 3954 2001 4008 καθά-

420 4062 531 4119 περ
570 4047 922 4123 Ἰερουσαλὴμ
958 4050 1039 4122 τῷ
1073 4050 1299 4122 Χριστῷ
1351 4050 1741 4121 παραστήσας
1774 4048 1866 4101 καὶ
1903 4046 2000 4101 νῦν

417 4140 584 4197 πάλιν
626 4142 841 4197 ἐκείνου
886 4143 978 4198 τὸν
1010 4143 1126 4214 βίον
1172 4143 1534 4215 ἀμείψαντος,
1578 4143 1661 4197 σοὶ
1700 4141 1767 4196 τά
1801 4139 1999 4194 σαυτοῦ

410 4231 827 4289 καταλείπεται.
873 4234 936 4289 Ὀ
965 4233 1067 4306 μὲν
1107 4233 1203 4289 οὖν
1236 4234 1410 4289 ταῦτα
1450 4233 1645 4302 εἰπὼν,
1682 4234 1774 4288 καὶ
1805 4249 2000 4288 συντα-

410 4325 653 4396 ξάμενος
680 4325 759 4397 τῷ
787 4327 954 4397 ἁγίῳ,
982 4328 1121 4399 πρὸς
1161 4327 1263 4391 τὰς
1305 4328 1511 4391 οἰκείας
1545 4322 1701 4391 αὖθις
1729 4325 2000 4397 ἐπανῆλθε

404 4418 724 4489 διατριϐάς.

2094 1925 2413 1995 quidem,’ut
2443 1926 2615 1983 Deum
2643 1930 2904 1999 preceris,
2933 1934 3245 1991 conservari
3265 1935 3321 1990 in
3350 1946 3674 2008 perpetuum

2096 2029 2218 2076 tuas
2245 2022 2311 2077 de
2335 2038 2421 2078 me
2456 2024 2839 2094 praedictiones
2865 2044 2879 2094 ;
2909 2026 3108 2085 deinde
3162 2039 3223 2086 ut
3282 2032 3446 2087 etiam
3476 2034 3545 2090 ad
3584 2050 3675 2090 me

2095 2113 2316 2169 assidue
2354 2114 2565 2172 scribas
2595 2116 2663 2172 de
2701 2117 2770 2172 iis
2799 2134 2921 2188 quae
2948 2119 3304 2190 videbuntur,
3338 2139 3676 2197 quaecunque

2098 2204 2336 2261 ﬁliorum
2366 2208 2452 2262 lex
2481 2208 2756 2280 praecipit.
2787 2210 2916 2267 Haec
2940 2229 3064 2267 cum
3097 2212 3393 2286 Euthymio
3440 2218 3679 2291 benigne

2097 2297 2391 2354 admodum
2475 2301 2892 2371 colloquebatur
2936 2315 2992 2360 et
3051 2305 3376 2375 disserebat,
3426 2320 3484 2364 et
3527 2326 3679 2381 quae-

2097 2402 2316 2460 cunque
2362 2391 2469 2446 alia
2500 2400 2597 2447 aut
2624 2394 2841 2450 occasio
2872 2396 3202 2466 postulabat,
3259 2407 3356 2454 aut
3404 2409 3528 2471 post
3555 2403 3679 2458 lon-

2097 2494 2223 2549 gum
2275 2488 2491 2551 tempus
2551 2497 2679 2537 cum
2726 2484 2844 2539 viro
2894 2487 3210 2556 congressio
3261 2493 3552 2547 revocabat
3622 2494 3679 2549 in

2097 2572 2438 2628 meritoriam.
2473 2574 2524 2629 Is
2552 2590 2684 2631 vero
2724 2593 2846 2631 tum
2889 2578 3047 2634 solita
3091 2579 3178 2635 illa
3235 2583 3537 2639 modestia:
3566 2584 3682 2642 Hoc

2098 2677 2197 2735 ego
2231 2665 2431 2734 potius,
2456 2668 2758 2737 respondit,
2812 2680 2938 2739 peto
2985 2686 3013 2725 a
3048 2680 3139 2726 tua
3193 2673 3552 2741 beatitudine,
3622 2689 3683 2733 ut

2099 2754 2154 2807 in
2176 2755 2284 2811 tuis
2306 2756 2373 2810 ad
2403 2757 2574 2811 Deum
2599 2758 3087 2816 intercessionibus
3104 2770 3161 2817 et
3185 2765 3683 2833 supplicationibus

2100 2862 2201 2902 nos
2226 2863 2446 2919 quoque
2481 2850 2535 2903 in
2564 2851 2829 2907 memoria
2858 2853 3084 2909 habeas.
3111 2855 3179 2910 Et
3206 2856 3296 2911 ille
3358 2859 3638 2928 excipiens
3663 2878 3679 2916 :

2100 2935 2475 3008 Nequaquam.
2503 2939 2702 3011 inquit,
2730 2956 2764 2997 ο
2792 2942 2979 3011 Pater,
3012 2945 3326 3002 nullatenus
3360 2949 3454 3004 tibi
3482 2964 3684 3006 conce-

2100 3030 2223 3084 dam
2254 3031 2594 3101 petitionem.
2614 3032 2730 3089 Hoc
2756 3034 2904 3089 enim
2931 3050 3031 3107 ego
3063 3047 3176 3092 uta
3210 3047 3262 3093 te
3292 3040 3501 3110 primus
3536 3043 3683 3098 acci-

2102 3121 2246 3203 piam
2270 3139 2426 3196 rogo:
2461 3126 2663 3196 quippe
2693 3129 2786 3199 qui
2811 3129 2925 3200 jam
2970 3131 3228 3201 praeclare
3262 3133 3364 3189 sim
3426 3146 3683 3206 expertus

2098 3198 2404 3270 divinorum
2444 3198 2860 3285 charismatum,
2910 3234 3032 3289 quae
3086 3220 3142 3275 in
3185 3230 3237 3276 te
3297 3224 3522 3279 omnino
3577 3235 3682 3293 est,

2099 3308 2475 3377 operationem
2499 3315 2554 3363 et
2580 3309 2860 3365 virtutem.
2920 3309 3062 3366 Tum
3109 3313 3198 3368 ille
3229 3315 3443 3385 placide
3485 3318 3681 3375 admo—

2100 3400 2229 3454 dum
2277 3409 2333 3457 et
2389 3401 2584 3457 leniter
2631 3402 2707 3457 ait
2746 3402 3062 3473 :Concede,
3124 3409 3437 3463 venerande
3480 3410 3682 3479 Pater;

2100 3508 2324 3548 exorare
2347 3508 2479 3550 vero
2509 3502 2569 3549 ut
2585 3494 2767 3566 potius
2798 3483 3083 3567 praesentis
3109 3501 3448 3567 monasterii,
3480 3517 3601 3557 mea
3631 3516 3685 3559 et

2101 3593 2193 3640 tua
2238 3601 2401 3641 causa
2452 3596 2506 3642 et
2563 3596 2789 3658 propter
2837 3588 2986 3658 ipsos
3020 3589 3681 3667 fratres,providentiam

2103 3676 2329 3739 habeas,
2372 3676 2601 3747 ejusque
2628 3692 2817 3733 curam
2842 3694 3020 3749 geras,
3050 3687 3111 3734 ut
3143 3696 3242 3751 par
3296 3692 3399 3736 est.
3454 3683 3535 3738 Ad
3568 3685 3684 3740 lnec

2103 3766 2448 3837 patriarcha:
2498 3767 2698 3833 Etiam,
2734 3767 2928 3837 inquit,
2959 3779 3150 3824 sancto
3171 3770 3485 3827 Theoctisto
3504 3774 3684 3830 adhuc

2101 3860 2415 3929 superstite,
2480 3866 2537 3913 tu
2593 3860 2718 3915 huic
2773 3859 3037 3931 praefuisti
3086 3862 3387 3930 solitudini,
3450 3880 3682 3937 eamque

2100 3952 2330 4007 ell'ecisti
2353 3953 2626 4007 civitatem
2658 3953 2927 4025 insignem
2989 3953 3341 4011 multitudine
3380 3972 3445 4011 ac
3479 3958 3683 4015 virtute

2103 4047 2427 4108 incolarum,
2500 4055 2555 4101 et
2629 4047 2779 4101 velut
2826 4047 2990 4101 aliam
3025 4048 3316 4118 quamdam
3380 4050 3682 4108 Jerusalem

2104 4138 2325 4194 Christo
2353 4138 2653 4193 cahibuisti
2682 4155 2695 4205 ;
2733 4147 2788 4193 ct
2821 4155 2971 4195 nunc
3004 4156 3194 4197 rursus
3240 4156 3362 4196 cum
3394 4143 3482 4199 ille
3508 4160 3537 4199 e
3574 4146 3686 4202 vita

2105 4229 2375 4303 migravit,
2418 4229 2513 4284 tibi
2540 4238 2630 4284 tua
2674 4228 3077 4299 relinquuntur.
3128 4230 3225 4286 His
3264 4230 3447 4302 itaque
3502 4233 3682 4299 dictis,

2105 4337 2229 4378 cum
2261 4329 2452 4378 sancto
2496 4318 2860 4389 valefecisset,
2893 4337 3148 4378 reversus
3170 4328 3255 4376 est
3300 4322 3368 4378 ad
3416 4340 3567 4380 suam
3593 4327 3689 4381 ha-

2103 4415 2444 4470 bitationem.

489 4512 616 4565 PB'.
647 4512 920 4585 Εὐθύμιος
959 4515 1017 4569 δὲ
1060 4516 1089 4568 6
1139 4515 1331 4585 μέγας,
1368 4515 1549 4588 Μάριν
1582 4514 1675 4568 τὸν
1702 4530 1795 4567 του
1830 4511 1995 4584 Τερέ-

2181 4505 2296 4562 Cll.
2323 4507 2392 4561 At
2411 4520 2639 4576 magnus
2659 4504 2986 4579 Euthymius
3008 4516 3290 4577 postquam
3309 4506 3495 4563 Marim
3520 4508 3687 4564 'l‘ere-

411 4605 591 4668 6ωνος
624 4604 788 4673 θεῖον,
824 4608 1130 4679 φιλαρέτως
1166 4608 1367 4674 ξῶντα,
1395 4608 1491 4662 καὶ
1525 4607 1624 4679 τὴν
1659 4606 1873 4677 ἡλικίαν
1897 4606 2001 4678 ήδη

414 4702 758 4770 προήκοντα,
792 4700 1098 4772 ἡγούμενον
1151 4699 1254 4769 τῆς
1300 4700 1468 4770 μονῆς
1520 4700 1891 4768 καταστήσας,
1922 4700 2004 4760 εἰς

413 4788 522 4861 τὴν
550 4791 759 4845 οίκείαν
791 4792 885 4844 καὶ
934 4788 1097 4855 αὐτὸς
1120 4791 1330 4863 λαύραν
1360 4792 1632 4844 ἐπάνεισι.
1663 4788 1770 4842 Τοῦ
1797 4787 1875 4853 δὲ,
1910 4789 2003 4842 δύο

411 4884 483 4953 τῇ
525 4882 625 4952 τῆς
662 4883 834 4953 μονῆς
863 4883 1177 4955 προστασίᾳ
1224 4883 1450 4954 χρόνους
1492 4878 1851 4944 ὲπιὸιοῦντος,
1883 4873 2003 4931 εἶτα

410 4974 512 5027 καὶ
546 4974 715 5030 αὐτοῦ
749 4976 840 5027 τὸν
874 4975 990 5047 βίον
1025 4973 1488 5048 μεταλλάξαντος,
1522 4970 1800 5031 κατελθὼν
1849 4966 2004 5032 αὖθις

409 5069 444 5121 6
479 5066 677 5137 μέγας,
712 5068 770 5121 τὸ
802 5068 900 5139 μὲν
928 5069 1075 5140 ἱερὸν
1096 5068 1290 5122 τούτου
1327 5066 1510 5137 σῶμα,
1544 5066 1603 5120 ὲν
1624 5067 1689 5136 τῇ
1717 5062 1812 5117 τοῦ
1837 5062 2011 5133 μεγά-

411 5160 512 5214 λου
544 5160 873 5215 Θεοκτίστου
911 5161 1054 5233 θήκῃ
1087 5160 1352 5231 θεοφιλῶς
1386 5157 1773 5214 κατατίθεταιο
1803 5154 2008 5225 Λογγί-

2112 4600 2274 4655 bonis
2294 4599 2646 4662 avunculum,
2670 4613 2737 4653 ex
2775 4598 2993 4655 virtutis
3028 4600 3209 4670 regula
3235 4600 3508 4655 viventem
3546 4600 3684 4671 (45').

2107 4694 2330 4765 jamque
2383 4700 2541 4746 aetate
2593 4699 2933 4760 provectum,
3007 4691 3321 4746 monasterii
3370 4692 3687 4761 praefectum

2113 4785 2512 4850 constituisset,
2535 4781 2824 4838 revertitur
2841 4783 2956 4852 ipse
2975 4796 3189 4852 quoque
3207 4781 3262 4836 in
3282 4798 3436 4838 suam
3457 4785 3688 4839 lauratn.

2113 4878 2247 4933 Cum
2282 4878 2327 4932 is
2374 4891 2500 4931 vero
2537 4875 2592 4929 in
2622 4872 2937 4927 monasterii
2974 4872 3296 4941 prml'eetura
3340 4874 3478 4930 duos
3516 4892 3692 4930 annos

2121 4968 2360 5034 vixisset,
2381 4981 2445 5021 ac
2465 4964 2666 5019 deinde
2686 4978 2716 5016 e
2740 4962 2846 5017 vita
2882 4964 3173 5033 migrasset
3195 4964 3332 5036 (46),
3352 4966 3692 5021 descendens

2116 5076 2307 5116 rursus
2355 5072 2607 5128 magnus,
2640 5071 2855 5111 sacrum
2923 5056 3143 5125 quidem
3214 5058 3332 5128 ejus
3380 5074 3600 5129 corpus,
3638 5060 3690 5114 in

2121 5152 2299 5225 magni
2331 5148 2631 5206 Theoctisti
2663 5150 2819 5203 theca
2843 5146 2929 5218 pie
2952 5148 3215 5219 deponit;
3246 5148 3461 5204 cuidam
3509 5160 3691 5205 autun

1690 5297 1928 5354 VARUS
1968 5292 2259 5350 LECTIUN
2269 5292 2370 5347 ES.

488 5400 512 5445 ί
538 5398 612 5458 al.
641 5401 838 5472 τέκνῳ.

1616 5481 1811 5537 JOAN.
1854 5480 2200 5537 BOLLANDI
2237 5479 2470 5536 NOTAE.

513 5636 603 5707 45)
643 5633 749 5707 An.
782 5629 882 5707 tib.
918 5626 1047 5707 667,
1078 5624 1146 5680 ad
1181 5624 1328 5679 illum
1376 5623 1516 5707 diem
1551 5621 1717 5707 deueo
1752 5636 2000 5707 agemus.

516 5696 608 5776 M’)
639 5723 658 5756 ι
688 5699 1008 5779 Ευιιιὶωίυε
1034 5696 1818 5779 SumJnagna‘liono‘rilicet:tia
1850 5708 2004 5762 sepe-

411 5763 537 5839 livit
571 5763 771 5845 corpus
796 5763 935 5840 ejus.
975 5787 994 5819 ι
1029 5766 1261 5836 Cyrillus
1294 5765 1344 5817 in
1379 5763 1497 5818 Vita
1529 5765 1581 5819 S.
1614 5763 1790 5816 Silne.
1825 5781 1843 5812 ι

757 5866 1024 5925 ΡΑτιιοι..
1070 5864 1184 5922 Gtt.
1233 5857 1451 5949 CXIV.

2112 5692 2142 5745 ά
2183 5621 2296 5690 (45)
2345 5639 2363 5671 ι
2401 5619 2591 5675 hiat-im
2620 5621 2839 5691 dignum
2884 5629 2939 5678 et
2970 5621 3298 5688 mirabilem,
3325 5639 3343 5674 ι
3378 5621 3428 5677 in
3448 5621 3571 5681 Vita
3606 5644 3668 5685 ea

2145 5706 2255 5745 erit.

2145 5706 2255 5745 ειη.

2188 5762 2298 5833 (46)
2340 5764 2442 5817 An.
2479 5762 2581 5819 Ch.
2611 5761 2735 5819 469.

3234 5858 3314 5916 2'2.
