4144 6422
494 338 605 403 683

1733 327 2021 388 MENSIS
2061 326 2535 389 IANUARIUS.

3660 319 3768 385 68d

490 448 731 520 Longino
764 443 897 517 (I7),
922 440 1039 497 viro
1072 446 1295 511 propter
1320 436 1486 492 vitam
1509 436 1668 492 laude
1700 436 1885 509 digno,
1920 453 2078 493 com~

2189 456 2260 510 νῳ
2284 440 2340 493 δέ
2373 455 2476 491 τινι
2507 437 2808 509 ἀξιεπαίνῳ
2845 407 2937 491 τὸν
2967 435 3081 508 βίον
3135 433 3310 506 ἀνδρὶ,
3345 431 3446 506 τὴν
3472 433 3567 505 τῆς
3599 437 3769 506 μονῆς

488 540 857 596 mittitcuram
883 532 1219 589 monasterii.

560 630 695 688 CIII.
728 625 919 682 Statim
943 634 1127 680 autem
1154 631 1281 694 post
1309 621 1490 693 magni
1510 621 1812 677 Theoctisti
1839 622 2075 690 obitum,

488 737 617 778 cum
642 716 921 789 Olympius
946 712 1296 785 Scythopolis
1325 712 1619 783 episcopus
1634 712 1800 767 vitam
1818 712 2077 782 reliquis-

489 822 593 878 set,
623 810 852 867 Cosmas
877 805 1099 876 quidem
1127 812 1314 860 custos
1344 803 1522 858 crucis
1549 818 1649 873 pro
1673 803 1767 857 illo
1793 802 2078 858 ordinatur

483 906 782 975 cpiscopus
801 899 1137 972 ;Chrysippo
1160 905 1342 952 autem
1366 896 1610 953 custodis
1627 897 1807 952 crucis
1821 896 2076 950 commit-

484 1001 624 1051 titur
657 993 1062 1059 ministerium;
1095 1005 1277 1060 neque
1331 989 1423 1044 hic
1473 989 1759 1045 excidente
1800 986 2080 1058 Euthymii

488 1085 868 1158 praedictione.
927 1082 1135 1137 Verum
1185 1082 1381 1136 beatus
1417 1079 1667 1147 Cosmas,
1724 1095 1850 1135 cum
1935 1088 2081 1134 totos

492 1176 713 1246 triginta
750 1188 926 1229 annos
958 1172 1016 1227 in
1048 1187 1114 1227 eo
1155 1169 1441 1241 principali
1476 1185 1704 1225 munere
1747 1170 2082 1241 permansis-

490 1273 595 1329 set,
614 1262 828 1334 magnis
858 1261 913 1315 in
943 1258 1181 1314 secunda
1212 1257 1630 1313 Palmsiinorum
1658 1258 1770 1329 (48)
1801 1257 2081 1328 provincia

490 1350 928 1407 claruitmeritis.
952 1350 1023 1403 At
1042 1347 1398 1417 Chrysippus,
1421 1347 1511 1416 qui
1536 1354 1657 1401 erat
1689 1346 1837 1401 illius
1863 1360 2080 1416 quoque

492 1445 683 1511 frater,
714 1442 812 1497 ubi
855 1439 1148 1495 duodecim
1197 1451 1376 1493 annos
1430 1436 1656 1492 obiisset
1713 1436 2080 1492 ministerium

491 1534 865 1593 custodienda
896 1532 1099 1598 crucis,
1138 1530 1360 1600 scriptis
1393 1529 1600 1585 relictis
1623 1529 1739 1600 (49)
1771 1539 1826 1585 et
1850 1546 2082 1586 numero

496 1627 702 1691 multis,
765 1633 822 1680 et
885 1624 956 1679 ob
1023 1621 1409 1678 tractationem
1501 1621 1889 1689 Iaudabilibus,
1971 1625 2081 1678 vita

490 1718 728 1774 excedit.
758 1716 965 1771 IIorum
993 1730 1124 1769 vero
1145 1713 1315 1768 frater
1336 1712 1665 1779 Gabrielius,
1685 1714 1989 1786 presbyter,
2022 1723 2084 1771 ut

491 1812 656 1882 paulo
702 1818 830 1865 ante
862 1808 1069 1864 dictum
1104 1814 1210 1871 est,
1274 1814 1331 1860 et
1375 1805 1694 1860 monasterii
1748 1785 1860 1876 per
1894 1805 2085 1876 viginti
2112 1785 2161 1846 Β

490 1912 728 1977 quatuor
767 1916 943 1957 annos
976 1898 1291 1971 praefectus,
1328 1906 1516 1968 postea
1537 1896 1703 1953 breve
1757 1898 1863 1954 sibi
1919 1897 2089 1954 aediﬁ-

490 1996 641 2053 cavit
682 1993 1083 2050 monasterium
1116 1991 1169 2045 in
1204 1991 1341 2047 valle
1403 1990 1736 2046 venerabilis
1785 1992 1975 2062 templi
2018 1993 2087 2048 ad

497 2089 793 2155 orientem,
833 2085 982 2156 quod
1033 2084 1260 2139 nomine
1310 2082 1527 2138 Sanctae
1575 2083 1929 2140 Ascensionis
1972 2084 2085 2157 (50)

488 2182 765 2237 donatum
802 2178 1010 2245 fuerat;
1035 2176 1125 2231 ubi
1160 2176 1229 2231 ad
1246 2175 1607 2231 imitationem
1628 2175 1927 2248 Euthymii,
1964 2186 2087 2248 post

498 2274 814 2329 divinorum
838 2267 1325 2340 Theophaniorum
1353 2276 1608 2323 octavum
1633 2267 1780 2323 diem
1802 2262 2095 2335 secedens,’

498 2380 678 2436 usque
769 2362 840 2418 ad
906 2361 1109 2417 festum
1165 2360 1476 2415 Palmarum
1547 2360 1887 2415 morabatur.
1949 2358 2087 2415 Cum

499 2466 687 2511 autem
707 2462 856 2509 esset
885 2451 1131 2507 discendi
1166 2450 1423 2521 cupidus,
1462 2448 1658 2505 habuit
1686 2466 1905 2521 quoque
1933 2450 2089 2521 inge-

503 2547 657 2602 nium
692 2545 743 2601 ei
788 2558 947 2614 opem
981 2544 1184 2598 ferens.
1231 2541 1389 2597 Unde
1438 2549 1493 2596 et
1551 2540 1785 2612 linguam
1828 2541 1895 2596 ad
1938 2540 2089 2597 Grae-

501 2652 696 2693 corum
745 2650 1082 2702 sermonem,
1151 2633 1639 2703 Romanorumque
1714 2640 1772 2686 et
1818 2634 2085 2705 Syrorum

503 2729 817 2786 exercebat.
836 2728 1064 2783 Moritur
1084 2734 1270 2781 autem
1294 2724 1630 2795 octogesimo
1665 2726 1843 2781 aetatis
1865 2741 2011 2780 anno
2031 2727 2087 2782 in

502 2821 839 2878 monasterio
862 2838 875 2875 :
901 2829 957 2877 et
978 2820 1090 2875 illic
1112 2819 1171 2874 Iit
1191 2819 1310 2873 viro
1340 2817 1655 2887 sepulcrum
1678 2817 1814 2889 (5i),
1840 2818 1896 2872 in
1919 2819 2090 2889 signis

502 2914 757 2971 maximis
796 2914 1015 2969 illustri.
1049 2911 1227 2981 Atque
1256 2925 1321 2964 ea
1358 2925 1480 2979 quae
1501 2909 1723 2979 quidem
1780 2912 1848 2966 ad
1882 2911 2089 2982 Euthy-

500 3008 595 3061 mii
636 3003 1261 3077 pertinentdiscipulos,
1295 3001 1612 3073 hujusmodi
1638 3012 1787 3072 sunt,
1842 3018 1907 3060 ae.
1965 3005 2090 3061 talis

506 3098 803 3170 unicuique
835 3096 1029 3168 obtigit
1066 3108 1236 3149 mors.

575 3285 709 3342 CIV.
755 3282 870 3355 Ego
898 3296 1028 3337 vero
1070 3282 1136 3337 ad
1170 3298 1233 3337 ea
1282 3299 1403 3355 quae
1429 3293 1842 3357 consequuntur
1885 3301 1953 3344 ex
1989 3286 2090 3342 viri

505 3387 654 3432 recte
697 3374 860 3430 factis
899 3380 1165 3428 revertor.
1194 3372 1331 3429 Nam
1381 3376 1501 3432 haec
1544 3392 1762 3448 quoque
1798 3377 1931 3433 mihi
1967 3393 2090 3434 cum

502 3471 627 3526 aliis
668 3467 908 3524 Joannes
938 3465 1217 3522 solitarius
1246 3477 1301 3523 et
1336 3468 1647 3539 episcopus,
1694 3478 1751 3525 et
1784 3470 2093 3527 Thalelaeus

504 3561 792 3632 presbyter
822 3569 1207 3614 narraveruut.
1239 3559 1474 3615 Aiebant
1502 3561 1672 3629 enim,
1696 3564 1839 3631 quod
1872 3577 2094 3619 versan-

507 3653 653 3707 tibus
671 3650 964 3721 aliquando
994 3649 1125 3719 ipsis
1154 3650 1206 3705 in
1228 3652 1546 3719 solitudine,
1575 3640 1871 3710 occurrens
1901 3654 2093 3711 beatus

508 3750 681 3806 Sabas
715 3749 1146 3819 colloquebatur,
1180 3743 1391 3818 dicens,
1427 3753 1570 3822 quod
1601 3766 1725 3807 cum
1752 3753 1930 3808 adhuc
1949 3761 2095 3809 esset

511 3846 562 3895 in
611 3841 889 3908 cmnobio,
939 3842 1276 3899 ascendisset
1315 3853 1438 3912 post
1472 3852 1722 3900 mortem
1772 3842 2091 3911 Theoctisti,

506 3933 667 3988 simul
685 3949 805 3988 cum
833 3931 1075 4001 Longino
1103 3934 1417 3991 monasterii
1441 3936 1729 4005 praeposito
1745 3936 1812 3991 ad
1839 3952 2093 4009 maguum

512 4021 889 4094 Eulbyutium.
929 4024 1152 4093 Aliquot
1182 4032 1363 4079 autem
1403 4024 1523 4081 dies
1561 4027 1760 4081 morati
1803 4026 1945 4082 circa
1979 4027 2095 4082 Ru-

510 4117 613 4171 bau
645 4131 750 4170 una
789 4131 912 4171 cum
943 4116 1225 4188 Martyrio
1248 4126 1304 4172 et
1332 4117 1470 4184 Elia,
1510 4130 1701 4174 sancto
1728 4120 1894 4175 etiam
1922 4118 2096 4175 Gera-

504 4208 646 4262 siuto
677 4205 962 4261 nobiscum
1010 4217 1286 4273 versante,
1323 4210 1603 4278 quoniam,
1635 4210 1834 4281 inquit,
1883 4210 2095 4268 alacres

514 4314 742 4370 magnus
768 4314 853 4353 me
875 4308 930 4355 et
959 4300 1327 4356 Domitianum
1356 4302 1857 4374 videbatﬁutroque
1881 4319 2095 4360 assum-

512 4402 625 4459 pto,
676 4391 944 4447 transibat
976 4407 1072 4463 per
1108 4393 1423 4450 interiorem
1451 4395 1798 4452 solitudinem
1834 4397 1970 4468 (52).
2016 4398 2099 4452 Ci-

2184 532 2443 604 πρόνοιαν
2468 530 2784 603 ἐγχειρίζει.

2252 623 2374 677 PI".
2413 623 2744 687 Καταπόδας
2775 622 2832 676 δὲ
2862 622 2962 693 τῆς
2996 620 3326 676 Θεοκτίστου
3357 618 3620 689 τελευτῆς
3672 618 3769 672 τοῦ

2186 713 2447 785 μεγάλου,
2483 715 2578 767 καὶ
2617 712 2918 784 Ὀλυμπίου
2982 710 3077 764 τού
3108 710 3499 774 Σκυθοπόλεως
3542 707 3770 762 ἐπισκό-

2183 823 2287 860 που
2336 806 2431 861 τὸν
2469 807 2584 878 βίον
2637 805 3024 871 ἀπολιπόντος,
3060 804 3292 874 Κοσμᾶς
3335 802 3437 874 μὲν
3473 802 3503 855 6
3533 817 3768 871 σταυρο-

2184 898 2362 969 φύλαξ
2411 899 2712 962 ἐπίσκοπος
2759 898 2874 952 ἀντ’
2909 896 3122 950 ἐκείνου
3161 897 3551 968 χειροτονεῖται
3574 911 3590 928 ο
3622 892 3774 964 Χρύ-

2186 1006 2389 1054 σιππος
2418 990 2499 1055 δέ,
2522 990 2623 1061 τὴν
2652 988 2748 1044 τοῦ
2779 987 3223 1058 σταυροφύλακος
3254 986 3623 1058 ἐγχειρίζεται
3661 985 3774 1037 λεια

2182 1082 2444 1152 τουργίαν
2468 1098 2483 1114 ‘
2526 1083 2652 1153 μηδ’
2683 1080 2923 1136 ἐνταῦθα
2955 1080 3322 1150 διαπεσούσης
3362 1081 3463 1150 τῆς
3495 1077 3773 1148 Εὐθυμίου

2183 1175 2568 1247 προρρήσεως.
2608 1174 2750 1227 Ἀλλ’
2784 1176 2812 1227 6
2849 1174 2949 1245 μὲν
2980 1173 3290 1246 μακαρίτης
3333 1173 3585 1242 Κοσμᾶς,
3619 1171 3775 1242 τριά-

2184 1284 2352 1322 κοντα
2410 1267 2566 1331 ὅλους
2628 1268 2911 1329 ἐνιαυτοὺς
2963 1267 3056 1320 ἐπὶ
3089 1267 3192 1331 τῆς
3221 1265 3401 1338 ἀρχῆς
3453 1265 3768 1335 διαμείνας,

2189 1358 2447 1431 μεγάλοις
2494 1359 2552 1413 ἐν
2590 1362 2659 1431 τῇ
2704 1359 2936 1432 δευτέρᾳ
2957 1358 3068 1413 τῶν
3108 1358 3487 1414 ΙΙαλαιστινῶν
3521 1356 3773 1428 ἐπαρχίᾳ

2184 1451 2447 1522 διέλαμψε
2476 1450 2890 1523 κατορθώμασι.
2922 1450 3251 1522 Χρύσιππος
3281 1450 3359 1516 δέ,
3390 1448 3449 1513 ὃς
3478 1449 3576 1503 καὶ
3613 1447 3774 1503 ἁδελ-

2186 1543 2284 1613 φὸς
2311 1539 2379 1615 ἦν
2420 1544 2654 1612 ἐκείνου,
2682 1543 2991 1598 δωδέκατον
3024 1545 3093 1614 τῇ
3125 1541 3220 1596 τοῦ
3282 1542 3518 1614 σταυροῦ
3552 1543 3770 1611 φυλακῇ

2185 1636 2378 1708 χρόνον
2409 1637 2761 1708 διακονήσας,
2803 1636 2895 1690 ἐπὶ
2925 1636 3326 1707 συγγράμμασι
3369 1635 3428 1688 τό
3473 1651 3534 1687 τε
3568 1633 3774 1702 πλῆθος

2189 1728 2404 1791 πολλοῖς
2431 1729 2527 1781 καὶ
2568 1728 2669 1798 τὴν
2713 1727 3105 1798 πραγματείαν
3145 1728 3475 1791 ἐπαινετοῖς,
3510 1723 3774 1779 καταλύει

2187 1821 2280 1876 τὸν
2338 1820 2473 1892 βίον.
2522 1820 2581 1875 Ὀ
2616 1822 2716 1892 μέν
2749 1838 2835 1874 τοι
2884 1820 3094 1875 τούτων
3145 1820 3377 1889 ἀδελφὸς
3424 1817 3772 1890 Γαϐριήλιος,

2189 1910 2585 1983 πρεσϐύτερος,
2625 1909 2883 1981 καθάπερ
2920 1910 3101 1982 μικρῷ
3149 1910 3388 1983 πρόσθεν
3415 1910 3653 1980 εἴρηται,
3679 1905 3778 1961 καὶ

2188 2003 2497 2076 ἡγούμενος
2524 2003 2776 2074 τετάρτῳ
2807 2003 2902 2057 ἐπὶ
2930 2006 3043 2065 τοῖς
3076 2002 3284 2057 εἴκοσιν
3313 2001 3426 2055 ἔτει
3469 1997 3778 2071 γεγενημέ-

2188 2111 2301 2158 νος,
2331 2093 2508 2166 βραχύ
2541 2111 2597 2148 τι
2631 2093 3053 2165 φροντιστήριον
3087 2093 3147 2146 ἐν
3176 2094 3243 2165 τῇ
3290 2090 3427 2161 πρὸς
3456 2090 3532 2144 ἐω
3570 2086 3780 2143 κοιλάδι

2186 2182 2284 2238 τοῦ
2318 2184 2620 2255 σεὸασμίου
2673 2183 2827 2250 ναοῦ,
2859 2182 2918 2247 ὃς
2962 2182 3079 2237 ἀπὸ
3116 2182 3219 2250 τῆς
3270 2181 3460 2251 Ἀγίας
3489 2180 3778 2250 ὠνόμαστο

2201 2276 2571 2349 Ἀναλήψεως,
2619 2277 2875 2348 ἐδείματο
2924 2274 3137 2346 ἐαυτῷ·
3169 2267 3232 2329 οὗ
3264 2273 3330 2345 δὴ
3371 2273 3511 2344 μετά
3558 2271 3779 2342 ὀγδόην,

2192 2370 2333 2425 κατὰ
2368 2370 2604 2441 μίμησιν
2638 2368 2937 2439 Εὑθυμίου,
2961 2367 3073 2420 τῶν
3106 2366 3268 2421 θείων
3299 2364 3616 2434 Θεοφανίων
3638 2364 3778 2434 ἡμέ-

2191 2480 2294 2536 ραν
2320 2461 2644 2534 ἀναχωρῶν,
2679 2461 2786 2522 ἐως
2822 2461 2923 2529 τῆς
2969 2459 3079 2514 τῶν
3117 2458 3297 2512 Βαῖων
3334 2457 3603 2527 διέτριϐεν
3658 2458 3782 2526 ἐορ-

2188 2556 2310 2626 τῆς.
2338 2553 2647 2626 Φιλομαθὴς
2672 2553 2729 2606 δὲ
2753 2552 2851 2621 ὣν,
2883 2547 2996 2623 εἶχε
3027 2551 3124 2605 καὶ
3153 2551 3253 2622 τὴν
3283 2549 3445 2619 φύσιν
3473 2548 3625 2619 αὐτῷ
3653 2565 3780 2602 συν-

2189 2647 2508 2719 αιρομένην.
2554 2646 2745 2701 Ἔνθεν
2777 2663 2860 2699 τοι
2914 2645 3009 2698 καὶ
3034 2643 3131 2715 τὴν
3154 2642 3404 2712 γλῶτταν
3428 2640 3566 2712 πρός
3587 2658 3647 2694 τε
3676 2639 3779 2709 τὴν

2203 2739 2472 2808 Ἐλλήνων
2516 2738 2700 2810 φωνὴν
2730 2736 2825 2791 καὶ
2874 2736 2972 2809 τὴν
3000 2736 3111 2790 τῶν
3149 2733 3438 2805 Ῥωμαίων
3470 2731 3564 2787 καὶ
3590 2729 3780 2801 Σύρων

2192 2829 2424 2901 ἤσκητο.
2464 2829 2709 2902 Τελευτᾷ
2738 2829 2797 2882 δὲ
2825 2824 3169 2897 ὀγδοηκοστῷ
3198 2826 3296 2895 τῆς
3327 2823 3547 2896 ἡλικίας
3577 2821 3687 2874 ἔτει
3722 2822 3782 2874 ἐν

2191 2922 2270 2994 τῷ
2313 2922 2701 2994 μοναστηρίῳο
2743 2919 2840 2975 καὶ
2877 2920 3052 2990 τάφος
3085 2919 3204 2972 ἐκεῖ
3247 2919 3325 2987 τῷ
3355 2915 3510 2985 ἀνδρὶ
3545 2915 3778 2983 γίνεται,

2196 3017 2291 3071 ἐπὶ
2326 3017 2579 3088 σημείοις
2619 3014 2900 3085 λάμψαντι
2951 3012 3252 3084 μεγίστοις.
3295 3010 3377 3065 Τὰ
3416 3010 3515 3080 μὲν
3564 3010 3626 3080 δὴ
3671 3010 3781 3063 τῶν

2117 3137 2162 3199 C
2199 3110 2457 3182 μαθητῶν
2495 3109 2775 3179 Εὐθυμίου
2812 3106 3059 3170 τοιαῦτα,
3092 3106 3191 3159 καὶ
3236 3105 3496 3175 τοιαύτης
3548 3102 3779 3163 ἕκαστος

2194 3203 2353 3272 ἔτυχε
2384 3203 2479 3256 καὶ
2503 3202 2604 3274 τῆς
2628 3200 2909 3271 τελευτῆς.

2263 3295 2382 3348 ΡΔ’.
2427 3292 2569 3362 Ἐγὼ
2596 3292 2654 3347 δὲ
2684 3292 2822 3372 πρὸς
2851 3292 2920 3347 τά
2948 3291 3076 3363 ἑξῆς
3104 3290 3214 3345 τῶν
3242 3289 3337 3344 τοῦ
3364 3286 3558 3360 ἀνδρὸς
3584 3301 3787 3355 κατορ-

2195 3386 2466 3458 θωμάτων
2509 3386 2794 3457 ἐπάνειμι.
2835 3384 2949 3439 Καὶ
2984 3384 3161 3439 ταῦτα
3197 3383 3309 3455 γάρ
3354 3399 3446 3453 μοι
3493 3379 3634 3452 μετὰ
3673 3379 3785 3432 τῶν

2194 3479 2391 3544 ἄλλων,
2430 3478 2683 3550 Ἰωάννης
2708 3496 2767 3533 τε
2799 3479 2827 3531 ό
2858 3476 3172 3549 ήσυχαστὴς
3203 3476 3299 3531 καὶ
3328 3475 3653 3538 ἐπίσκοπος,
3686 3469 3785 3525 καὶ

2195 3570 2490 3634 Θαλέλαιος
2514 3570 2542 3622 6
2569 3568 2945 3642 πρεσϐύτερος
2967 3569 3322 3640 διηγήσαντο.
3345 3567 3623 3635 ’Έφασκον
3649 3563 3783 3633 γὰρ,

2196 3665 2271 3730 ὡς
2310 3664 2418 3736 ἄρα
2452 3662 2789 3734 διατρίϐουσί
2823 3678 2956 3716 ποτε
2994 3662 3180 3725 αὐτοῖς
3216 3660 3312 3714 ἐπὶ
3344 3661 3445 3729 τῆς
3482 3658 3719 3729 ἐρήμου.
3757 3657 3787 3709 ό

2199 3758 2510 3831 μακαρίτης
2540 3756 2721 3820 Σάϐας
2751 3754 2993 3828 ἐντυχὼν
3017 3755 3269 3827 διωμίλει
3294 3772 3309 3787 ⁸
3334 3752 3692 3819 Ἐτι,λὲγων,
3727 3753 3790 3804 ἐν

2194 3849 2273 3919 τῷ
2303 3846 2555 3918 κοινοϐίῳ
2582 3845 2681 3914 ὢν,
2708 3846 2925 3902 ἀνέλθοι
2957 3846 3097 3918 μετὰ
3119 3846 3219 3918 τὴν
3244 3845 3571 3901 Θεοκτίστου
3598 3841 3786 3897 τελευ-

2195 3940 2316 4011 τὴν,
2341 3942 2457 4012 ἃμα
2483 3940 2732 4010 Λογγίνῳ
2758 3940 2836 4011 τῷ
2865 3939 3158 4011 ἡγουμένῳ
3189 3939 3328 4011 πρὸς
3354 3939 3447 3993 τὸν
3477 3938 3651 4010 μέγαν
3681 3938 3786 3990 Εὑ-

2198 4033 2425 4103 θύμιον.
2453 4034 2699 4104 Ἡμέρας
2737 4033 2796 4086 δέ
2830 4049 2985 4095 τινας
3025 4033 3156 4102 περὶ
3195 4032 3286 4085 τὸν
3314 4030 3542 4085 Ῥουϐἄν
3577 4029 3789 4098 διατρί-

2195 4126 2422 4196 ψαντες,
2463 4126 2581 4197 ἅμα
2618 4127 2732 4189 τοῖς
2776 4125 2908 4195 περὶ
2950 4124 3268 4197 Μαρτύριον
3305 4125 3402 4178 καὶ
3433 4123 3663 4186 Ἠλίαν,
3687 4120 3786 4175 καὶ

2196 4219 2505 4289 Γερασίμου
2548 4217 2642 4271 τοῦ
2686 4219 2746 4272 ἐν
2792 4218 2971 4287 ἁγίοις
3015 4217 3401 4290 συμπαρόντος
3441 4219 3599 4286 ἡμῖν,
3639 4215 3783 4277 ἐπεὶ,

2199 4309 2357 4381 φησὶ,
2399 4309 2714 4380 προθύμους
2758 4311 2786 4362 6
2828 4310 3021 4380 μέγας,
3067 4310 3170 4380 ἐμέ
3211 4326 3271 4362 τε
3316 4310 3411 4363 καὶ
3455 4306 3787 4378 Δομετιανὸν

2200 4394 2378 4472 ἐώρα,
2421 4401 2757 4470 παραλαϐὼν
2794 4402 3177 4473 ἀμφοτέρους,
3228 4402 3316 4455 διὰ
3354 4402 3455 4471 τῆς
3503 4401 3785 4470 ἐγδοτέρας

511 4484 612 4536 bus
633 4489 812 4537 autem
838 4481 996 4537 nobis
1014 4490 1170 4536 erant
1210 4483 1421 4539 radices
1448 4485 1866 4556 meleagrorum.
1892 4487 2089 4542 Deinde

2199 4494 2407 4563 ἐρήμου
2447 4493 2721 4564 διήρχετο.
2753 4494 2941 4565 Τροφὴ
2981 4493 3041 4547 δὲ
3081 4490 3223 4566 ἦσαν
3258 4496 3411 4565 ἡμῖν,
3447 4494 3505 4547 αἱ
3542 4494 3649 4546 τῶν
3689 4510 3790 4563 με-

509 4573 861 4643 pervenimus
895 4574 960 4627 ad
991 4573 1280 4643 quamdam
1314 4583 1515 4630 terram
1547 4577 1835 4633 admodum
1865 4580 2098 4634 horren-

2197 4582 2474 4655 λεάγρωνὶ
2525 4586 2696 4656 ῥίζαι.
2721 4582 2856 4641 Εἶτα
2899 4586 3391 4659 καταλαμϐάνομεν
3414 4603 3537 4641 τινα
3564 4589 3668 4657 γῆν
3692 4587 3788 4639 ἀν·

1802 4688 2041 4747 νΑῐιιΑε
2070 4692 2479 4752 LECTIONES.

592 4780 610 4830 t
643 4779 717 4834 aI.
755 4778 1125 4849 μελεαγρίων.
1157 4777 1261 4833 Int.
1302 4779 1709 4851 melagriorum.

1690 4892 1887 4949 JOAN.
1928 4896 2277 4955 BOLI.ANDI
2319 4901 2552 4958 ΝΟΤᾹΞ.

589 4987 706 5070 (47)
744 4986 877 5070 Ejus
904 4985 1123 5070 mentio
1157 4986 1520 5070 Iitftiammin
1549 4985 1667 5069 Vita
1710 4985 2012 5070 "Saba:
2054 5000 2109 5043 et

516 5054 952 5126 Quiriaci.’Huic
978 5054 1196 5119 Paulus,
1228 5056 1303 5110 illi
1336 5055 1591 5126 suﬂectus
1613 5056 1796 5126 junior
1832 5057 2102 5114 Terehon.

585 5128 699 5200 (48)
741 5126 1092 5200 Scythopolis
1145 5129 1396 5200 secundae
1446 5124 1750 5180 Palaestinte
1790 5126 2103 5200 Metropoli-

517 5194 639 5251 tana
676 5194 854 5268 sedes,
906 5196 1093 5268 prima:
1139 5194 1387 5251 Cmsarea
1419 5211 1433 5248 :
1463 5206 1694 5265 utraque
1725 5198 1824 5253 sub
1869 5194 2101 5268 patriar-

516 5272 677 5324 r-hatu
722 5266 1236 5335 Ilierosolymitano.
1870 5266 1880 5268 ‘
1990 5308 1997 5313 .

587 5338 703 5409 (49)
741 5336 920 5409 Pauca
951 5350 1014 5409 ea
1053 5336 1135 5409 Itis
1160 5343 1576 5409 supersunttac
1616 5337 1791 5409 primo
1822 5335 1982 5409 hujus
2013 5350 2094 5393 est

514 5404 695 5463 sermo
736 5408 803 5461 dc
835 5407 1177 5460 sanctissima
1207 5404 1375 5460 Maria
1404 5405 1652 5473 Deipara,
1682 5422 1709 5459 a
1741 5404 1947 5461 Joanne
1969 5408 2094 5464 Pico

515 5478 833 5540 I’arisicnsi,
866 5491 970 5529 una
1000 5490 1121 5529 cum
1151 5476 1273 5530 aliis
1307 5476 1505 5538 editus,
1538 5485 1594 5530 et
1634 5478 1870 5531 insertus
1895 5478 2092 5532 Biblio—

516 5555 686 5601 thecae
719 5546 818 5601 SS.
856 5545 962 5600 PP.
1003 5547 1175 5600 tribus
1215 5547 1542 5600 editionibus
1577 5545 1997 5611 Parisiensibus,
2038 5557 2093 5603 et

515 5616 821 5673 Coloniensi
847 5632 862 5683 ;
903 5617 996 5671 sed
1019 5616 1200 5671 saeculi
1232 5617 1284 5672 6.
1318 5631 1431 5681 nar.
1454 5617 1510 5683 2,
1535 5618 1676 5684 quod
1702 5626 1831 5672 aetas
1858 5619 2093 5672 nescire-

522 5687 915 5756 IIII"._S€CIIIItI0
958 5685 1115 5752 hujus
1148 5697 1228 5740 est
1271 5688 1562 5741 Lucontion
1608 5689 1975 5756 conscriptum
2027 5687 2093 5743 de

415 5777 421 5783 ο
523 5754 579 5802 S.
625 5753 908 5810 Theodoro
944 5766 1203 5825 martyre,
1247 5756 1299 5811 in
1350 5773 1457 5828 quo
1485 5760 1689 5813 mentio
1736 5753 2088 5814 est'Luciani

2207 4997 2530 5066 presbyteri,
2569 4998 2652 5048 cui
2689 4995 2973 5060 Gamaliel,
3009 5012 3117 5066 quo
3149 4998 3203 5051 in
3239 4997 3357 5053 loco
3391 4997 3623 5053 laterent
3658 5015 3786 5055 cor—

2206 5065 2473 5137 poraSS.
2524 5065 3128 5137 Stephani,Nicodemi,
3167 5069 3336 5137 ipsius
3366 5068 3695 5124 Gaumliclis
3733 5081 3787 5126 ct

2200 5134 2361 5209 Abibi
2389 5135 2505 5200 lilii,
2544 5136 2801 5209 revelnvit
2831 5152 2920 5209 an.
2951 5136 3077 5209 415.
3107 5134 3432 5209 Ιηιοίιοινιηη
3460 5141 3783 5209 martyrium

2201 5207 2269 5328 ab
2317 5220 2383 5259 eo
2428 5207 2818 5328 igrltscriptum.
2860 5206 3094 5263 Consule
3128 5209 3182 5263 iu
3230 5208 3408 5264 Photii
3455 5206 3783 5264 bibliotheca

2226 5290 2398 5328 menta
2540 5316 2553 5328 .

2203 5285 2398 5329 tntema
2432 5285 2553 5329 HI.

2263 5344 2387 5420 _(5_0)
2427 5343 2699 5420 Palladius
2742 5346 3032 5420 in_histrir.
3068 5348 3327 5405 Lausiaca
3361 5364 3481 5420 cap.
3512 5351 3636 5415 104,
3671 5366 3790 5405 mc-

2205 5414 2363 5490 minit
2387 5435 2404 5466 ι
2429 5417 2790 5490 oratoriorum
2809 5417 2860 5471 in
2882 5417 3091 5490 (_)|iveto
3111 5425 3162 5473 in
3198 5420 3333 5475 colle
3356 5414 3782 5490 Assumptionis,

2202 5486 2346 5567 unde
2372 5486 2614 5567 ascendit
2634 5485 2812 5542 Jesus.
2839 5507 2858 5539 ι
2882 5488 2977 5544 Est
3004 5500 3188 5545 autem
3207 5491 3271 5545 ad
3290 5485 3776 5548 orientem'sanctae

2201 5565 2458 5611 ctvttatis.

2274 5626 2385 5697 (5|)
2430 5627 2502 5681 De
2532 5642 2597 5683 co
2619 5643 2844 5697 agemus
2871 5630 2942 5685 26
2974 5629 3239 5686 Januarii.

2277 5697 2390 5769 (5‘2)
2429 5700 2724 5769 Sequeutta
2752 5709 3047 5757 narrantur
3074 5703 3314 5759 etiamin
3347 5701 3462 5760 Vita
3508 5702 3564 5759 S.
3607 5702 3782 5758 Sabm,
