4144 6424
509 354 618 418 [85

1766 354 1945 415 νιΤΑ
1984 352 2044 412 3.
2086 355 2427 416 EUTHYMI
2447 358 2487 415 ί.

3652 366 3759 429 686

507 469 712 537 ἠμεεον
730 465 820 517 Eni.
833 464 965 517 πολὺ
984 464 1076 517 καὶ
1094 462 1262 533 ξηράν
1279 464 1369 517 καὶ
1386 464 1621 535 ἀτεχνῶς
1638 462 1863 534 ἄνυδρον
1877 503 1890 516 .
1912 463 2081 528 Ἔγω-

2196 469 2324 527 tem,
2379 464 2688 533 siccamque
2733 477 2786 522 ct
2827 469 3052 524 omnino
3096 485 3247 539 aqum
3289 480 3586 541 expertem.
3654 476 3763 545 Ego

506 574 571 628 τε
608 552 702 609 οὖν
735 555 1012 628 ἀσυνήθης
1044 554 1121 608 ὣν
1155 554 1470 610 παντάπασι
1503 554 1611 608 τῶν
1647 556 1706 607 ὲν
1740 554 1933 628 ἐρήμῳ
1967 554 2083 607 δια-

503 646 742 718 τριϐῶν,
769 646 911 717 δίψει
937 663 997 700 τε
1033 645 1313 717 συσχεθεὶς
1344 645 1690 731 σφοδροτάτῳ
1711 684 1727 711 ,
1759 644 2085 717 λειποψυχίᾳ

501 762 562 797 τε
600 743 948 814 συνειχόμην,
983 742 1077 797 καὶ
1114 742 1238 796 οὐδὲ
1272 742 1399 805 τοὺς
1440 740 1605 804 πόδας
1640 737 1788 812 εἶχον
1823 739 1905 795 ἔτι
1948 741 2086 812 πρὸς

637 833 865 905 πορείαν
893 832 1227 903 δυναμένους
1268 832 1596 903 ὑπηρετεῖν.
1628 831 1992 901 Ἐπιστρέψας
2027 831 2086 885 δέ

503 943 666 997 φησιν
695 926 723 977 ό
761 924 935 994 μέγας
966 923 1265 992 Εὑθύμιος,
1300 926 1395 979 καὶ
1424 922 1596 986 οὕτως
1631 922 1949 977 ἐκλείποντα
1981 923 2085 994 ήδη

503 1018 597 1072 καὶ
624 1019 968 1087 άπειρηκότα
996 1033 1062 1086 με
1092 1018 1450 1087 θεασάμενος,
1477 1014 1648 1068 ἔπαθε
1670 1014 1769 1085 τὴν
1793 1013 1971 1086 ψυχὴν
1997 1015 2083 1068 ἐπ’

499 1110 517 1159 ὲ
533 1107 626 1179 μοί
647 1124 660 1138 ο
689 1108 783 1162 καὶ
816 1108 1010 1179 μικρὸν
1030 1109 1123 1178 ἀφ’
1143 1108 1301 1178 ἡμῶν
1320 1108 1564 1174 διαστὰς,
1590 1107 1684 1160 καὶ
1709 1109 1778 1177 τῇ
1810 1109 1880 1178 γῇ
1913 1123 2083 1178 προσ-

500 1200 825 1254 καταϐαλὼν
852 1201 1074 1269 ἑαυτὸν,
1097 1198 1330 1271 ηὔχετο,
1355 1200 1560 1269 Κύριε,
1588 1198 1796 1269 λέγων,
1826 1199 1914 1262 δὸς
1939 1198 2082 1271 ὕδωρ

498 1290 559 1341 ὲν
587 1294 658 1362 γῇ
687 1289 921 1362 διψώσῃ,
949 1289 1048 1362 τὴν
1076 1289 1171 1344 τοῦ
1198 1290 1429 1361 ἀδελφοῦ
1458 1290 1620 1361 δίψαν
1649 1290 1977 1361 παραμυθού
1987 1306 2083 1360 με-

499 1397 589 1432 νον
610 1380 657 1433 li.
694 1382 806 1435 Καὶ
842 1382 978 1452 μετά
1010 1380 1111 1451 τὴν
1142 1378 1307 1451 εὐχὴν
1339 1380 1610 1444 ἀναστὰς,
1647 1378 2081 1449 ἐπιλαμϐάνεται

498 1470 596 1524 τοῦ
630 1472 914 1541 σκαφείου,
941 1463 986 1540 ᾧ
1013 1471 1112 1534 τὰς
1136 1471 1245 1525 τῶν
1273 1468 1513 1540 βοτανῶν
1538 1470 1898 1539 ὲκτέμνοντες
1925 1472 2082 1542 ῥίζας

497 1564 705 1636 τροφὴν
732 1565 1084 1634 ἐποιούμεθα,
1111 1565 1204 1619 καὶ
1229 1565 1419 1619 κόπτει
1451 1564 1623 1637 βραχὺ
1651 1565 1712 1618 τὸ
1739 1564 1958 1632 ἔδαφος,
1986 1566 2081 1617 καὶ⁸

506 1655 662 1718 εὐθὺς
701 1655 846 1727 ὕδωρ
878 1657 987 1710 ἀπὸ
1015 1656 1114 1726 τῆς
1149 1657 1255 1726 γῆς
1290 1657 1615 1711 ἀναδίδοται.
1649 1651 1784 1710 Εἶτα
1820 1656 1978 1709 καλεί
2012 1673 2080 1727 με

500 1745 637 1817 πρὸς
665 1745 882 1813 ἑαυτὸν,
909 1748 1002 1802 καὶ
1027 1747 1371 1801 ὑποδείκνυσι
1394 1747 1455 1800 τὸ
1482 1745 1646 1818 ὕδωρ,
1674 1746 1766 1800 καὶ
1796 1748 1938 1800 πιεῖν
1962 1748 2081 1799 ἐπι-

2192 553 2373 625 itaquc
2404 557 2493 625 qui
2521 558 2679 626 plane
2713 574 2861 615 cram
2896 562 3201 618 inassuetus
3241 565 3763 624 commorationihus

2190 646 2241 700 in
2297 647 2533 714 deserto,
2579 650 3053 708 vehementissima
3115 654 3208 710 siti
3262 666 3569 726 correptus,
3628 660 3763 715 deli-

2191 738 2379 810 quium
2420 742 2586 796 animi
2628 742 2896 812 patiebar,
2926 751 2981 799 et
3011 761 3112 802 nec
3139 747 3304 816 pedes
3340 747 3606 806 habebam
3648 768 3762 806 am-

2188 830 2333 900 plius
2364 833 2428 887 ad
2459 832 2670 889 itineris
2711 835 3234 895 administrationem
3267 840 3495 898 validos.
3518 842 3762 899 Conver-

2188 934 2280 975 sus
2304 935 2453 986 vero,
2484 922 2677 993 inquit,
2707 940 2932 996 magnus
2958 927 3302 999 Euthymius,
3340 946 3532 1001 meque
3552 934 3631 990 sic
3650 932 3762 1003 jam

2189 1010 2531 1067 deiicientem
2576 1024 2630 1069 et
2671 1014 2899 1070 fractum
2938 1017 3186 1083 intuitus,
3224 1035 3342 1075 mea
3371 1036 3531 1077 causa
3577 1025 3761 1081 animo

2188 1113 2494 1160 commoms
2543 1118 2661 1178 est;
2718 1126 2952 1182 cumque
2992 1126 3051 1167 sc
3086 1112 3359 1182 paululum
3396 1130 3425 1170 a
3468 1118 3624 1174 nobis
3670 1135 3761 1175 se-

2181 1197 2469 1268 junxisset.
2518 1208 2574 1256 et
2611 1202 2679 1256 ad
2723 1211 2924 1259 terram
2971 1205 3376 1274 prostravisset,
3423 1210 3636 1275 orabat,
3672 1212 3758 1266 di-

2188 1303 2316 1346 cens
2349 1307 2364 1343 :
2398 1292 2643 1360 Domine,
2677 1293 2743 1348 da
2779 1308 2976 1364 aquam
3006 1296 3058 1350 in
3094 1304 3239 1352 terra
3272 1299 3498 1365 sitienti,
3524 1300 3593 1356 ad
3618 1301 3764 1358 sola-

2189 1378 2319 1433 tium
2375 1379 2706 1436 ali‘erendum
2746 1381 2935 1440 fratris
2977 1385 3090 1440 siti.
3123 1384 3191 1440 Et
3232 1396 3356 1458 post
3401 1403 3594 1458 preces
3634 1407 3761 1447 sur-

2186 1484 2339 1541 gens,
2374 1472 2733 1541 apprehendit
2774 1473 3035 1544 ligonem,
3068 1492 3178 1547 quo
3217 1479 3427 1537 radices
3469 1480 3761 1539 herbarum

2185 1560 2638 1617 exscindebamu’s
2707 1564 2772 1618 ad
2838 1566 3137 1635 parandum
3203 1567 3359 1623 nobis
3435 1570 3649 1637 cibum,
3707 1584 3765 1627 et

2184 1645 2357 1701 solum
2382 1663 2571 1716 parum
2599 1650 2814 1718 scindit,
2855 1653 3150 1722 statimque
3176 1670 3316 1725 aqua
3341 1671 3371 1713 e
3401 1668 3543 1714 terra
3576 1672 3762 1718 scatu-

2184 1738 2275 1792 rit.
2308 1736 2499 1795 Postea
2533 1751 2689 1796 vocat
2723 1758 2809 1799 me
2834 1745 2900 1798 ad
2927 1759 3006 1810 se,
3039 1748 3276 1801 ostendit
3314 1764 3534 1818 aquam,
3583 1763 3637 1809 et
3674 1755 3763 1810 bi-

495 1838 712 1907 τρέπει.
742 1840 892 1893 Πιὼν
919 1840 1131 1907 τοίνυν,
1160 1839 1256 1894 καὶ
1280 1838 1342 1894 τὸ
1370 1838 1591 1907 συνέχον
1615 1837 1707 1891 τοῦ
1734 1837 1921 1907 δίψους
1945 1839 2081 1891 ἀπο-

2191 1829 2320 1883 here
2354 1830 2640 1898 permittit.
2683 1831 2881 1889 Bibens
2920 1834 3106 1906 igitur,
3139 1846 3193 1892 et
3222 1838 3311 1893 siti
3340 1813 3457 1909 qum
3484 1813 3766 1911 premebat

496 1928 677 1982 ϐαλὼν
702 1928 748 1996 ι,
781 1931 1164 2002 ηὐχαρίστησα
1195 1930 1273 2003 τῷ
1307 1928 1629 2002 παραδόξως
1661 1928 1753 1985 διὰ
1785 1929 1895 1983 τῶν
1914 1928 2077 1983 αὑτοῦ

501 2021 855 2091 θεραπόντων
875 2026 941 2076 τὰ
958 2024 1188 2077 τοιαῦτα
1219 2022 1723 2093 θαυματουργοῦντι
1753 2019 1893 2092 Θεῷ.

568 2115 690 2169 ΡΕ’.
730 2114 917 2178 Οὕτως
962 2115 1139 2187 ἔχοντι
1186 2115 1322 2187 πρὸς
1362 2114 1452 2168 τὸν
1487 2114 1621 2168 Θεὸν
1657 2113 1972 2186 παρρησίας
2001 2112 2081 2185 τῷ

495 2205 778 2277 Εὐθυμίῳ,
820 2205 916 2260 καὶ
958 2205 1228 2277 τοσαύτην
1265 2205 1471 2260 ἀνωθεν
1511 2206 1943 2276 ὲπισπασαμένῳ
1980 2208 2082 2277 τὴν

497 2297 660 2368 χάριν
685 2298 779 2351 τοῦ
805 2297 1142 2367 Πνεύματος,
1168 2296 1289 2350 οὐδὲ
1311 2299 1410 2368 τῆς
1440 2297 1626 2368 κοινῆς
1654 2295 1803 2367 αὐτῷ
1825 2299 2082 2371 τελευτῆς

494 2391 524 2439 ὁ
551 2388 745 2458 καιρὸς
774 2389 1088 2460 ἀπεκρύϐη,
1114 2388 1235 2442 οὐδὲ
1264 2389 1366 2444 ὅσα
1393 2387 1534 2442 κατά
1558 2390 1657 2459 τὴν
1682 2388 1845 2442 αὐτοῦ
1871 2389 2080 2463 λαύραν

497 2478 824 2549 συμϐαίνειν
857 2479 1113 2550 ἔμελλεν·
1151 2480 1226 2544 ὡς
1264 2482 1315 2534 οἱ
1353 2480 1486 2533 θεῖοι
1514 2480 1757 2553 Πατέρες
1798 2474 1945 2537 οὗτοι
1985 2485 2079 2538 καὶ

498 2574 631 2642 περὶ
663 2573 845 2626 αὐτῶν
875 2574 1002 2644 ἐμοὶ
1032 2574 1386 2646 διηγήσαντο.
1417 2575 1555 2628 Φασὶ
1589 2575 1699 2646 γάρ
1730 2576 1924 2651 ὀγδόην
1953 2579 2075 2632 τότε

500 2664 642 2734 μετά
660 2666 730 2718 τὰ
761 2665 917 2735 φῶτα
946 2666 1182 2738 ἡμέραν,
1206 2667 1330 2721 καθ’
1347 2668 1415 2739 ἢν
1440 2668 1590 2741 αὐτῷ
1626 2669 1857 2741 σύνηθες
1890 2666 1958 2742 ἦν
1985 2673 2078 2725 ἐπὶ

496 2756 598 2826 τὴν
640 2756 925 2830 ἑνδοτέραν
969 2759 1229 2829 ἀπαίρειν
1275 2759 1507 2831 ἔρημον,
1557 2761 1915 2835 συνήλθομεν,
1965 2764 2077 2817 οἵτε

499 2848 826 2919 προπέμψαι
861 2849 1168 2921 μέλλοντες,
1197 2853 1292 2907 καὶ
1319 2854 1434 2907 ὅσοι
1460 2855 1783 2925 κοινωνῆσαι
1811 2854 1872 2909 τὸ
1901 2857 2080 2928 παρά·

505 2955 612 2990 παν
647 2939 799 3013 αὐτῷ
839 2942 941 3012 τῆς
985 2943 1295 3014 ἀποδημίας
1338 2943 1653 3013 ἠϐούλοντο.
1695 2945 1784 2998 Ἐν
1821 2940 1903 3010 οἷς
1930 2958 1970 2987 ω
2012 2948 2079 3002 ἂν

496 3027 641 3102 ἦσαν
661 3035 709 3087 oi
738 3038 865 3106 περὶ
893 3038 1210 3110 Μαρτύριον
1233 3040 1327 3091 καὶ
1353 3037 1562 3095 Ἠλίαν.
1595 3041 1809 3111 Ἐπειδὴ
1840 3041 1896 3094 δὲ
1925 3039 2078 3093 οὐδὲν

497 3127 775 3197 εὖπρεπὲς
796 3136 823 3165 η
851 3123 1030 3200 εὗρον,
1059 3131 1211 3185 οὐδὲν
1236 3131 1474 3203 ἕτοιμον,
1497 3132 1618 3186 οὐδὲ
1648 3134 1923 3204 προσῆκον
1947 3136 2077 3187 ἀνα·
2106 3164 2151 3226 C

498 3221 763 3290 χωρήσει,
793 3221 909 3275 ἀλλ’
934 3223 1321 3296 ἀπαράσκευον
1352 3223 1491 3287 ὅλως
1518 3224 1610 3278 τὸν
1643 3226 1814 3297 ἄνδρα
1846 3226 2080 3280 κατέλαο

495 3310 615 3372 ϐσν,
638 3312 1001 3367 ἐπυνθάνοντο
1018 3316 1067 3368 εί
1089 3314 1165 3387 μὴ
1183 3314 1373 3387 αὔριον
1389 3322 1414 3350 ο
1428 3313 1667 3371 ἀπιέναι.
1685 3316 1744 3370 '0
1777 3316 1834 3369 δὲ
1870 3317 2079 3383 Πᾶσαν,

496 3402 630 3472 ἔφη,
649 3402 749 3474 τὴν
766 3404 1035 3476 ἑϐδομάδα
1075 3407 1370 3478 συνέσομαι
1399 3407 1529 3478 ὑμῖν
1559 3410 1617 3461 ἐν
1646 3411 1712 3479 τῇ
1743 3407 1949 3480 λαύρα,
1986 3409 2083 3463 καὶ

494 3496 593 3549 τοῦ
607 3497 888 3552 Σαϐϐάτω
908 3498 1089 3569 μέσων
1113 3499 1342 3566 νυκτῶν,
1361 3500 1456 3571 ἀφ’
1476 3501 1504 3553 ὑ
1514 3500 1632 3570 μῶν
1645 3500 2077 3571 χωρισθήσομαι.

496 3586 674 3641 Τοῦτο
703 3588 761 3641 δὲ
790 3585 912 3642 εἷπε
931 3630 947 3657 ,
977 3590 1279 3662 τηνικαῦτα
1308 3589 1566 3662 τελευτᾷν
1588 3601 1617 3641 P
1663 3590 2078 3662 προσημαίνων.

572 3679 712 3748 PG’.
755 3680 923 3755 Τρίτῃ
961 3682 1091 3751 γοῦν
1129 3682 1190 3737 τὺ
1226 3682 1366 3753 μετά
1396 3683 1572 3738 ταῦτα
1606 3684 1822 3756 ἡμέρᾳ,
1857 3686 1951 3738 καὶ
1982 3684 2082 3754 τῆς

512 3769 802 3824 Ἀντωνίου
844 3772 948 3843 ήδη
986 3772 1081 3827 τοῦ
1123 3773 1267 3828 θείου
1310 3775 1505 3847 ἑορτῆς
1546 3773 2080 3843 ἐπιστάσηςηάγρυ-

508 3863 660 3916 πνὶαν
683 3865 772 3918 διὰ
796 3867 977 3936 πάσης
999 3867 1097 3935 τῆς
1119 3869 1311 3931 νυκτὸς
1335 3868 1392 3921 ὲν
1412 3867 1489 3938 τῷ
1509 3865 1621 3937 ναῷ
1646 3866 2076 3939 παραγγέλλεις.

517 3955 624 4006 Καὶ
646 3956 746 4011 τῶν
775 3959 1107 4030 νυκτερινῶν
1137 3958 1323 4030 ὓμνων
1354 3960 1541 4024 αὐτοῖς
1576 3961 1805 4014 ἐκείνων
1832 3959 2080 4013 συντελε-

514 4046 760 4115 σθέντων,
800 4050 928 4114 τοὺς
975 4052 1382 4126 πρεσϐυτέρους
1430 4054 1488 4107 ὲν
1524 4052 1602 4123 τῷ
1642 4050 1937 4121 διακονικῷ
1983 4068 2080 4104 κα-

504 4140 748 4213 λουμένῳ
778 4143 1147 4214 παραλαϐὼν,
1180 4145 1407 4208 Οὐκέτι,
1441 4144 1638 4215 φησὶν,
1670 4143 1890 4212 ἀδελφοὶ
1911 4185 1924 4208 ,
1961 4142 2078 4213 μεθ’

503 4231 659 4300 ὑμῶν
690 4234 999 4302 ἀγρυπνίαν
1028 4235 1341 4289 διατελέσω.
1374 4235 1550 4289 Καλεῖ
1584 4236 1694 4306 γάρ
1734 4251 1802 4306 με
1836 4235 1935 4306 ἤδη
1970 4235 2081 4289 άπὸ

498 4322 603 4389 τῆς
637 4323 918 4395 παρούσης
952 4325 1099 4398 ζωῆς
1131 4326 1159 4378 ὁ
1189 4326 1343 4391 Θεός.
1381 4325 1541 4380 Ἀλλά
1574 4325 1669 4380 νῦν
1706 4327 1805 4395 μὲν
1835 4327 2079 4393 ἐξελθόν-

498 4433 593 4479 τες
615 4458 630 4481 ,
664 4419 931 4474 καλέσατέ
963 4439 1054 4490 μοι
1083 4419 1410 4492 Δομετιανόν
1428 4435 1442 4449 ⁸
1483 4417 1650 4472 ἕωθεν
1678 4418 1736 4472 δὲ
1765 4419 1872 4472 τῶν
1906 4417 2081 4472 Πατέ-

2189 1917 2433 1988 depulsa,
2466 1923 2669 1990 gratias
2710 1924 2793 1995 egi
2828 1924 2937 1981 Deo
2968 1929 3058 1997 qui
3091 1939 3288 1998 praeter
3313 1931 3622 2001 opinionem
3662 1951 3763 2006 per

2190 2024 2378 2067 servos
2405 2028 2534 2069 suos
2567 2014 2695 2070 talia
2725 2016 2835 2071 edit
2860 2019 3143 2078 miracula.

2260 2101 2369 2157 CV.
2405 2103 2538 2159 Cum
2578 2106 2718 2161 hanc
2741 2107 2968 2165 haberet
3000 2112 3139 2181 apud
3170 2111 3337 2170 Deum
3380 2114 3627 2185 ﬁduciam
3652 2119 3763 2175 Eu-

2193 2195 2447 2270 thymiusq
2474 2205 2787 2269 tantamque
2835 2201 3070 2271 Spiritus
3110 2206 3341 2273 gratiam
3386 2221 3622 2278 superne
3673 2221 3763 2265 at-

2192 2290 2465 2355 traxisset,
2510 2304 2576 2346 ne
2605 2294 2909 2348 communis
2948 2294 3167 2365 quidem
3226 2298 3413 2356 mortis
3452 2302 3502 2356 ei
3549 2311 3761 2375 tempus

2189 2389 2275 2433 est
2295 2381 2691 2448 absconditum,
2724 2399 2823 2439 nec
2851 2400 3187 2457 quzecunque
3231 2402 3489 2447 eventura
3519 2405 3675 2451 erant
3706 2398 3759 2451 in

2189 2470 2310 2540 ejus
2337 2471 2519 2539 laura;
2560 2475 2701 2530 sicut
2727 2475 2892 2533 divini
2920 2479 2973 2534 bi
3003 2480 3198 2537 Patres
3227 2484 3294 2537 de
3318 2484 3384 2539 iis
3415 2485 3544 2540 mihi
3574 2502 3767 2542 narra-

2187 2573 2405 2619 verunt.
2428 2564 2808 2639 Aiuntquippe
2828 2572 2968 2639 quod
2991 2583 3183 2628 octavo
3208 2574 3319 2643 (55)
3348 2585 3474 2631 tunc
3505 2579 3593 2634 die
3640 2590 3765 2648 post

2188 2652 2389 2709 festum
2446 2657 2732 2725 luminum,
2790 2654 3008 2730 quando
3073 2664 3285 2720 solebat
3328 2667 3394 2720 ad
3446 2666 3761 2724 interiorem

2188 2748 2463 2817 proficisci
2500 2752 2870 2819 solitudinem,
2918 2758 3293 2821 convenimus,
3328 2766 3440 2813 tum
3480 2761 3574 2829 qui
3608 2772 3765 2816 erant

2187 2843 2492 2909 deducturi,
2509 2855 2617 2898 tum
2643 2846 2951 2916 quicunque
2975 2848 3093 2917 ejus
3111 2851 3557 2921 peregrinationis
3579 2856 3761 2910 omni-

2188 2948 2259 2987 no
2302 2935 2553 2990 volebaut
2595 2952 2719 2992 esse
2760 2939 2929 3007 socii;
2979 2955 3116 3010 quos
3159 2943 3301 2998 inter
3339 2951 3498 2998 erant
3556 2944 3763 3019 Marty-

2188 3024 2299 3080 rius
2341 3037 2395 3082 et
2435 3028 2594 3082 Elias.
2632 3027 2899 3094 Quoniam
2926 3045 3054 3086 vero
3090 3033 3227 3088 nihil
3256 3045 3505 3104 paratum
3538 3036 3763 3094 invene-

2189 3127 2336 3183 runt,
2372 3117 2502 3171 nihil
2532 3129 2861 3188 promptum,
2895 3135 2994 3176 nec
3020 3123 3259 3178 secessui
3284 3126 3635 3192 conveniens,
3668 3129 3764 3183 sed

2187 3211 2360 3265 virum
2400 3209 2736 3266 oﬂenderunt
2769 3210 2926 3281 plane
2958 3213 3306 3282 imparatum,
3334 3216 3599 3274 sciscitati
3630 3227 3764 3273 sunt

2185 3319 2252 3359 an
2295 3319 2399 3357 non
2432 3312 2574 3359 esset
2597 3319 2720 3359 cras
2749 3304 3016 3363 abiturus.
3048 3306 3138 3363 Ille
3170 3322 3298 3364 vero
3326 3324 3341 3362 :
3374 3307 3532 3375 Tota,
3560 3309 3758 3382 inquit,

2187 3395 2524 3451 hebdomade
2555 3411 2650 3453 ero
2694 3398 2970 3454 vobiscum
3003 3399 3054 3454 in
3089 3400 3260 3469 laura,
3302 3409 3358 3457 et
3388 3400 3615 3458 Sabbati
3652 3418 3764 3459 me-

2186 3488 2272 3543 dia
2333 3498 2510 3554 nocte,
2562 3505 2591 3544 a
2644 3492 2796 3546 vobis
2834 3494 3152 3563 separabor.
3210 3493 3324 3551 lloc
3369 3504 3554 3553 autem
3601 3497 3759 3565 dixit,

2186 3580 2609 3652 prmsigniﬁcans
2648 3598 2708 3639 se
2744 3594 2870 3640 tunc
2898 3600 3019 3640 esse
3048 3587 3398 3643 moriturum.

2253 3670 2388 3727 CV1.
2451 3674 2637 3744 Itaque
2686 3677 2845 3730 tertio
2889 3686 3012 3745 post
3052 3677 3167 3733 haec
3223 3679 3330 3743 die,
3381 3680 3493 3750 jam
3551 3684 3760 3737 adven-

2185 3770 2335 3818 tante
2381 3765 2548 3818 divini
2592 3765 2812 3819 Antonii
2849 3765 3007 3833 fcsto,
3047 3769 3303 3836 praecepit
3340 3776 3399 3823 ut
3449 3785 3547 3840 per
3588 3779 3757 3826 totam

2187 3865 2402 3910 noctem
2457 3856 2742 3926 vigilarent
2809 3857 2862 3909 in
2914 3858 3132 3927 templo.
3192 3859 3259 3914 Et
3316 3863 3598 3919 nocturnis
3652 3861 3760 3920 illis

2183 3950 2398 4021 hymnis
2429 3965 2526 4019 per
2550 3965 2642 4005 eos
2665 3950 2919 4019 peractis,
2950 3966 3074 4005 cum
3105 3953 3492 4021 assumpsisset
3521 3959 3754 4028 presby-

2185 4051 2331 4095 teros
2365 4039 2417 4094 in
2454 4054 2520 4095 eo
2543 4040 2685 4109 quod
2712 4036 3057 4094 diaconicum
3105 4040 3454 4110 appellatur:
3494 4041 3609 4098 Non
3637 4059 3762 4099 am-

2186 4132 2348 4204 plius,
2398 4132 2594 4201 inquit,
2638 4131 2859 4196 fratres,
2914 4131 3199 4188 vobiscum
3233 4132 3453 4205 vigilias
3480 4150 3755 4209 peragam.

2185 4224 2268 4280 Me
2301 4223 2444 4279 enim
2475 4222 2585 4294 jam
2617 4232 2770 4277 vocat
2795 4222 2938 4278 Dens
2970 4238 2999 4276 a
3028 4223 3135 4277 vita
3168 4225 3445 4294 praesenti.
3479 4223 3585 4282 Sed
3615 4242 3759 4283 nunc

2184 4314 2401 4387 quidem
2433 4315 2661 4384 egressi,
2689 4314 2955 4371 arcessite
2982 4314 3111 4369 mihi
3143 4316 3509 4373 Domitianum
3547 4334 3562 4371 :
3595 4334 3757 4375 mane

2186 4418 2365 4462 autem
2408 4416 2550 4463 totus
2589 4404 2811 4459 Patrum
2851 4414 3027 4461 coetus
3071 4407 3381 4462 conveniat.
3418 4406 3591 4461 Simul
3630 4423 3760 4479 ergo

502 4525 614 4579 ρων
654 4510 801 4565 ἅπαν
834 4513 895 4565 τὸ
932 4512 1185 4583 σύστημα
1222 4509 1546 4565 συνελθέτω.
1569 4509 1721 4581 ’Δμα
1760 4509 1893 4579 γοῦν
1933 4508 2078 4580 πρωῒ

2187 4500 2371 4554 cuncti
2409 4514 2568 4554 mane
2605 4498 2671 4552 ad
2704 4513 2826 4552 eum
2867 4496 3110 4552 studiose
3153 4497 3549 4554 conﬂuxerunt.
3582 4500 3759 4569 Atque

501 4599 792 4671 συνέρρεον
828 4602 965 4672 μετά
1008 4602 1246 4672 σπουδῆς
1287 4600 1525 4665 ἅπαντες
1570 4600 1706 4671 πρὸς
1749 4599 1934 4652 αὐτόν.
1971 4598 2080 4651 Καὶ

504 4694 700 4762 μικρὸν
727 4694 989 4767 ἐπισχὼν,
1022 4694 1226 4765 ἤρξατο
1256 4693 1393 4765 πρὸς
1426 4694 1626 4757 αὐτοὺς
1654 4692 1816 4760 λόγου
1844 4690 2075 4746 τοιοῦδε

573 4786 688 4841 PZ'.
707 4787 951 4859 Πατέρες
974 4790 1120 4857 ἐμοὶ,
1137 4786 1462 4855 καῖἁδελφοὶ
1483 4785 1761 4855 ἀγαπητοὶ
1778 4785 1836 4837 ἐν
1859 4783 2072 4853 Κυρίῳ,

500 4876 596 4928 καὶ
624 4876 791 4933 τέκνα
812 4896 826 4911 ·
874 4879 984 4948 ἐγὼ
1020 4879 1118 4949 μὲν
1150 4879 1456 4951 πορεύομαι
1498 4877 1598 4948 ἠδη
1628 4876 1728 4945 τὴν
1761 4875 2076 4928 τελευταίαν

498 4967 619 5020 ὁδὸν
651 4968 758 5022 τῶν
793 4971 1048 5042 πατέρων
1081 4986 1205 5041 μου.
1244 4969 1421 5039 ’Υμᾶς
1464 4967 1521 5020 δὲ
1562 4965 1668 5037 χρὴ
1701 4964 1761 5017 τὸ
1801 4964 1938 5034 πρὸς
1975 4960 2077 5031 ἐμὲ

501 5057 746 5130 φίλτρον,
774 5060 862 5123 διά
886 5061 985 5131 τῆς
1011 5061 1117 5114 τῶν
1143 5059 1372 5114 ἐντολῶν
1397 5058 1563 5111 τῶνδε
1592 5053 1839 5125 φυλακῆς
1870 5051 2078 5105 ἐπιδεί-

2186 4592 2276 4647 ubi
2308 4606 2367 4646 se
2398 4606 2589 4661 parum
2627 4589 2917 4653 continuit,
2951 4589 3117 4654 coepit
3155 4588 3297 4644 hunc
3336 4589 3402 4645 ad
3433 4604 3526 4646 eos
3556 4589 3759 4647 habere

2181 4697 2489 4738 sermonem
2529 4699 2543 4735 ζ

2254 4773 2415 4828 CVII.
2461 4773 2648 4827 Patres
2678 4770 2779 4824 mei
2809 4778 2866 4825 et
2894 4767 3092 4824 fratres
3120 4768 3305 4826 dilecti
3332 4769 3388 4825 in
3425 4769 3672 4837 Domino,
3705 4781 3761 4827 et

2187 4864 2279 4918 ﬁlii
2306 4880 2322 4929 ;
2348 4878 2447 4933 ego
2471 4862 2689 4932 quidem
2716 4860 2828 4931 jam
2853 4869 3179 4928 postremam
3208 4860 3350 4914 viam
3378 4874 3621 4917 meorum
3651 4861 3759 4916 Pa-

2182 4965 2326 5010 trum
2374 4954 2667 5023 ingredior.
2699 4952 2810 5008 Vos
2851 4961 3030 5006 autem
3064 4960 3276 5022 oportet
3309 4961 3549 5007 vestrum
3578 4951 3631 5006 in
3673 4965 3759 5007 me

2186 5062 2425 5102 amorem
2487 5061 2581 5115 per
2631 5045 2826 5099 horum
2882 5054 3277 5113 praeceptorum
3320 5043 3756 5098 observationem

500 5148 718 5216 ξασθαι.
746 5147 848 5206 Ὧν
892 5151 1321 5226 προηγουμένως
1366 5150 1516 5203 ἐστὶν
1560 5149 1593 5218 ἡ
1637 5146 1847 5239 ἀγάπη,
1894 5141 2081 5239 σύνδε-

2187 5140 2493 5195 ostendere.
2542 5136 2690 5191 Inter
2733 5152 2855 5205 qua:
2896 5135 3167 5206 praecipue
3208 5144 3291 5191 est
3332 5134 3593 5202 cbaritas,
3636 5148 3756 5204 quae

503 5259 640 5313 σμος
680 5242 817 5301 οὖσα
849 5224 949 5318 τῆς
981 5224 1089 5301 τῶν
1126 5243 1336 5316 ἀρετῶν
1374 5241 1733 5311 τελειότητος.
1755 5238 1933 5307 Ὅπερ
1970 5233 2079 5305 γάρ

2187 5229 2457 5285 vinculum
2514 5237 2600 5283 est
2650 5227 2912 5282 virtutum
2964 5225 3391 5296 perfectionis“.
3434 5225 3567 5280 Nam
3616 5224 3760 5295 quod

577 5344 624 5376 “
651 5343 857 5399 Coloss.
883 5359 968 5408 ιιι»,
1008 5341 1095 5395 li.
1775 5398 2016 5456 VARUS
2040 5389 2445 5452 LECTIONES.

576 5509 701 5563 kal.
734 5504 1248 5579 παραμυθούμενος.
1355 5501 1374 5540 ι
1416 5501 1485 5579 al.
1535 5498 1629 5579 τού
1675 5497 1992 5579 συνέχοντος
2035 5493 2221 5579 δίψους
2278 5493 2609 5556 ἀνενεγκων.

500 5582 527 5612 '
561 5595 632 5635 an
660 5563 828 5634 inser:
856 5563 1044 5649 μέλλῃ.
1070 5563 1082 5575 ’
1119 5585 1148 5625 r
1175 5563 1245 5628 al.
1279 5574 1376 5644 τὴν
1398 5570 1676 5641 τελευτήν.
1752 5578 1779 5618 ει
1807 5563 1881 5620 al.
1907 5563 2302 5636 παραγγείλας.

1704 5660 1898 5720 JOAN.
1938 5655 2214 5717 BOLLAN
2221 5658 2283 5713 οι
2317 5655 2554 5713 NOTAE}.

575 5766 699 5859 es).
711 5765 984 5859 Esaias:
997 5761 1540 5859 333309921'392‘239.3
1564 5754 2032 5859 ἓξὲξ..ξὲἓέτέ
2040 5753 2084 5859 11‘
2189 5749 2350 5859 Elii.“
2366 5751 2625 5859 milia“)...
2643 5740 3395 5859 ίνλὶεἱὶίεθὲῗὲἔεῖθὲἓὲῗίνἔίἒξὲθ
3413 5737 3766 5859 είῗθἪξὶὲὶὶἒῗῐ

505 5806 875 5903 Ηὶῖεἶίιιῖανίὶἶ,
888 5806 1539 5902 'Zi'iiifiih's'ziiﬁiSE55;“?
1566 5806 2014 5883 consuetudinem
2045 5839 2075 5877 a
2189 5806 2330 5890 quod
2366 5821 2526 5876 tertio
2558 5818 2625 5875 ab
2657 5818 2758 5873 hoc
2789 5815 2875 5870 die
2907 5812 3071 5869 fuerit
3102 5809 3370 5868 festivitas
3413 5806 3472 5863 S.
3521 5806 3763 5860 Antonii.

2713 5495 2751 5517 ἰ
2785 5485 2943 5539 abest
2993 5483 3062 5537 ab
3106 5483 3178 5538 al.
3279 5492 3308 5521 η
3336 5482 3405 5536 al.
3467 5477 3761 5550 εὐπρεπές.
