4144 6398
459 370 566 434 687

1711 361 1996 424 MENSIS
2029 360 2494 425 JANUAR‘EUS.

3631 361 3740 428 638

452 485 536 544 sal
562 479 708 553 pani,
751 477 854 534 hoc
883 474 1174 532 virtutibus
1209 471 1498 530 charitas:
1537 486 1636 528 nec
1673 474 1792 530 sine
1821 489 1884 530 ea
1925 472 2043 530 ﬁeri

2150 474 2198 527 ol
2235 472 2363 538 ἅλες
2393 472 2472 544 τῷ
2504 472 2678 546 ἀρτῳ,
2711 471 2870 526 τοῦτο
2899 474 3020 536 ταῖς
3054 472 3280 546 ἀρεταῖς
3314 473 3348 546 ή
3380 472 3574 548 ἀγάπη
3597 493 3612 508 ·
3649 481 3744 532 καὶ

457 584 657 648 potest,
704 581 764 628 ut
799 569 978 626 virtus
1015 575 1174 638 prout
1218 574 1436 637 oportet
1471 577 1621 621 recte
1663 575 2036 624 exerceatur:

453 663 893 740 quandoquidem
934 661 1188 716 universa
1244 659 1416 714 virtus
1463 672 1560 728 per
1601 658 1928 713 charitatem
1985 665 2042 712 et

453 757 817 814 humilitatem
856 751 1012 806 firma
1067 759 1124 806 et
1165 748 1376 805 stabilis
1415 748 1783 820 cognoscitur.
1825 747 2040 804 Etenim

454 849 740 906 humilitas
771 845 992 916 quidem
1028 844 1180 900 novit
1199 857 1327 899 eum
1359 842 1448 914 qui
1483 842 1574 896 illa
1603 843 1792 910 utitur,
1827 842 1893 897 ad
1923 841 2042 898 cul-

453 959 575 999 men
606 951 753 998 recte
804 939 1076 994 factorum
1129 935 1434 992 extollere:
1479 935 1718 992 charitas
1753 949 1883 990 vero
1924 943 2040 988 tuto

450 1036 718 1101 continet,
762 1047 941 1104 neque
989 1031 1122 1087 sinit
1159 1044 1224 1085 ea
1273 1044 1340 1085 ex
1383 1027 1672 1084 altitudine
1715 1026 1930 1082 cadere.
1969 1025 2040 1080 At

453 1125 628 1195 major
675 1133 760 1180 est
803 1123 1044 1178 charitas
1091 1119 1396 1176 humilitate
1446 1135 1460 1173 :
1511 1119 1654 1190 quod
1677 1128 1734 1174 et
1779 1128 1928 1188 patet
1971 1133 2039 1173 ex

451 1221 570 1287 ipso
613 1216 834 1273 Domini
881 1215 1272 1284 Creatorisque
1317 1212 1588 1282 exemplo.
1641 1209 1778 1266 Nam
1814 1220 2041 1282 propter

451 1325 606 1366 suam
639 1311 694 1366 in
729 1324 828 1366 nos
857 1309 1184 1364 charitatem
1207 1308 1446 1376 seipsum
1480 1314 1677 1376 sponte
1706 1306 2038 1373 humiliavit,

448 1415 506 1458 et
539 1403 718 1458 factus
745 1409 832 1456 est
863 1399 1020 1470 juxta
1071 1413 1188 1454 nos.
1243 1394 1472 1466 Oportet
1515 1411 1645 1465 ergo
1683 1396 1734 1452 ei
1774 1405 2042 1468 perpetuo

450 1493 726 1558 conIIteri,
757 1501 813 1548 et
842 1493 1075 1562 hymnos
1106 1488 1323 1544 oﬂ‘erre.
1357 1485 1481 1542 Ilaec
1507 1486 1776 1557 siquidem
1813 1487 2040 1556 praacla-

453 1599 573 1639 rum
615 1592 699 1639 est
737 1597 768 1638 a
797 1579 1014 1637 cunctis
1050 1577 1362 1634 hominibus
1411 1578 1638 1633 omnino
1684 1579 1968 1646 exerceri;
2010 1594 2040 1632 a

449 1675 609 1734 nobis
646 1683 830 1731 autem
865 1681 992 1728 ante
1023 1681 1277 1738 caeteros,
1317 1679 1428 1726 tum
1465 1681 1690 1742 propter
1729 1680 1885 1742 pacta
1915 1687 2040 1728 cum

448 1787 536 1836 eo,
595 1777 708 1824 tum
754 1767 880 1836 quia
924 1765 993 1820 ab
1035 1765 1186 1819 omni
1235 1765 1660 1820 conturbatione
1703 1763 2042 1834 negotiisque

2147 563 2318 634 χωρὶς
2347 561 2521 632 αὐτῆς
2552 561 2759 635 ἀρετὴν
2787 561 2863 627 ὡς
2893 563 3000 636 χρὴ
3033 563 3382 637 κατορθῶσαι
3416 567 3701 640 ἀμήχανον
3725 585 3740 600 °

2149 654 2274 708 ἐπεὶ
2299 655 2396 707 καλ⁵
2423 653 2598 726 ἀρετὴ
2625 655 2776 708 πᾶσα
2798 697 2814 721 ,
2839 655 2908 709 δι’
2931 655 3152 726 ἀγάπης
3185 657 3282 711 καὶ
3305 674 3572 728 ταπεινοφ
3583 660 3744 729 ροσύ-

2149 761 2248 816 νης
2279 745 2474 817 βεϐαία
2501 745 2852 818 γνωρίζεται.
2881 747 2946 802 Ἦ
2976 748 3076 819 μὲν
3107 747 3217 821 γάρ
3243 755 3742 823 ταπεινοφροσύνη,

2151 837 2288 909 πρὸς
2313 836 2444 908 ὕψος
2469 834 2578 891 οἶδε
2604 839 3052 910 κατορθωμάτων
3075 843 3301 911 ἀνάγειν
3323 843 3416 896 τὸν
3439 845 3702 914 μετιόντα
3725 861 3739 876 ⁸

2149 929 2184 1000 ή
2225 928 2284 982 δὲ
2323 929 2551 1000 ἀγάπη,
2594 930 2809 1001 συνέχει
2848 947 2908 984 τε
2953 933 3250 1000 ἀσφαλῶς,
3295 935 3392 988 καὶ
3431 933 3530 989 τοῦ
3574 933 3745 1005 ὕψους

2149 1025 2362 1080 ἐκείνου
2395 1027 2674 1081 διαπεσεῖν
2703 1027 2804 1080 οὐκ
2836 1027 2921 1099 ἐᾷ.
2955 1026 3175 1093 Μείζων
3200 1038 3222 1066 ι’
3253 1029 3312 1084 δὲ
3345 1031 3379 1100 ὴ
3414 1030 3604 1102 ἀγάπη
3637 1030 3742 1100 τῆς

2148 1119 2688 1194 ταπεινοφροσύνηςο
2745 1121 2883 1192 ὅπερ
2938 1121 3035 1176 καὶ
3089 1123 3184 1177 ἀπ’
3214 1121 3383 1177 αὐτοῦ
3437 1122 3598 1193 δῆλον
3647 1121 3745 1177 τοῦ

2149 1213 2294 1268 κατὰ
2330 1213 2424 1267 τὸν
2465 1214 2748 1287 Δεσπότην
2788 1213 2885 1267 καὶ⁷
2925 1215 3272 1286 Δημιουργὸν
3313 1215 3744 1287 ὑποδείγματος.

2148 1307 2250 1364 Διά
2285 1308 2397 1380 γὰρ
2434 1307 2533 1380 τὴν
2571 1307 2711 1377 πρὸς
2750 1307 2900 1378 ἡμᾶς
2937 1306 3158 1377 ἀγάπην
3196 1307 3565 1361 ἐταπείνωσεν
3603 1309 3747 1362 ἑκὼν

2151 1401 2374 1468 ἑαυτὸν,
2404 1401 2502 1455 καὶ
2535 1399 2656 1454 καθ’
2681 1400 2834 1471 ἡμᾶς
2868 1399 3084 1468 γέγονε.
3115 1396 3240 1470 Χρὴ
3272 1392 3366 1453 οὖν
3395 1397 3746 1468 ἐξομολογεῖ-

2151 1488 2277 1542 σθαι
2334 1486 2512 1559 τούτῳ
2567 1485 2906 1552 διαπαντὸς,
2965 1487 3062 1540 καὶ
3120 1484 3326 1557 ὕμνους
3381 1487 3742 1558 προσφέρειν.

2151 1579 2338 1632 Ταῦτα
2371 1579 2472 1650 μὲν
2497 1577 2604 1648 γὰρ
2632 1577 2728 1632 καὶ
2755 1577 2966 1641 πάντας
2993 1577 3314 1649 ἀνθρώπους
3345 1579 3534 1646 ἅπλῶς
3563 1582 3748 1652 μετιέ-

2149 1686 2239 1724 ναι
2283 1671 2479 1725 καλόν²
2527 1670 2634 1740 πρὸ
2674 1669 2731 1722 δὲ
2777 1669 2996 1723 πάντων
3031 1671 3199 1741 ἡμᾶς,
3243 1670 3333 1725 διά
3369 1689 3429 1726 τε
3470 1671 3568 1736 τάς
3607 1673 3746 1745 πρὸς

2151 1763 2313 1840 αὐτὸν
2337 1762 2632 1835 συνθήκας.
2655 1763 2750 1818 καὶ
2777 1764 2860 1817 ὅτι
2893 1761 3212 1834 συγχύσεως
3237 1764 3458 1834 άπάσης
3483 1767 3577 1820 καὶ
3605 1783 3746 1838 πρα-

449 1855 999 1922 saecularibuSIiberi,
1015 1855 1182 1910 vitam
1207 1864 1450 1911 nostram
1489 1855 1713 1910 minime
1729 1856 2043 1912 distractam

2151 1856 2378 1926 γμάτων
2405 1855 2825 1926 ἀπηλλαγμένοι
2852 1853 3144 1927 βιωτικῶν,
3175 1855 3590 1922 ἀπερίσπαστον
3617 1858 3748 1928 ἄγο-

451 1948 685 2015 agimus,
727 1945 939 2016 solique
991 1941 1237 1999 solitarie
1294 1944 1629 2000 attendimus
1674 1945 1832 2002 nobis
1885 1943 2044 2015 ipsis.

451 2035 684 2108 Semper
717 2025 1011 2102 debemus,
1056 2033 1280 2102 fratres,
1320 2035 1641 2106 corporibus
1668 2044 1723 2092 et
1760 2036 2047 2095 animabus

448 2128 588 2184 casti
611 2143 771 2197 esse;
809 2142 1026 2184 necnon
1059 2135 1379 2184 consuetam
1411 2127 1466 2182 in
1499 2127 1802 2200 synaxibus
1840 2129 2046 2200 glorifi-

448 2219 746 2286 cationem,
795 2217 1066 2289 nobisque
1111 2231 1143 2272 a
1183 2215 1456 2289 principio
1504 2217 1739 2288 desuper
1787 2219 2045 2276 traditam

451 2313 718 2385 regulam,
783 2313 934 2368 omni
987 2311 1236 2368 custodia
1285 2324 1633 2368 conservare.
1685 2310 1886 2366 Eorum
1951 2313 2044 2384 qui

450 2407 786 2478 aIIliguntur,
823 2418 954 2460 cura
995 2413 1082 2459 est
1114 2402 1356 2472 gerenda
1401 2416 1502 2474 pro
1550 2402 1781 2457 viribus.
1827 2401 1928 2470 Qui
1976 2419 2044 2460 ex

451 2501 712 2555 fratribus
741 2496 1070 2553 colluctatur
1106 2509 1230 2550 cum
1251 2495 1516 2564 improbis
1539 2495 1983 2567 cogitationibus,
2011 2510 2042 2550 a

451 2593 606 2649 vobis
649 2604 867 2662 semper
906 2589 1292 2655 conﬁrmetur,
1323 2597 1378 2642 et
1407 2597 1669 2659 perpetua
1704 2587 1919 2644 fruatur
1946 2589 2044 2645 ad-

451 2685 774 2749 monitione,
825 2681 1098 2748 doctrina,
1160 2681 1568 2750 preceptione;
1616 2695 1684 2736 ne
1727 2680 2044 2752 imprudens

449 2777 716 2849 paulatim
751 2774 1152 2846 supplantetur,
1173 2772 1359 2844 gravis
1392 2771 1550 2827 ruina
1586 2771 1802 2828 diabolo
1837 2771 2040 2830 factus.

453 2873 569 2928 Hoc
621 2883 838 2940 quoque
893 2867 1144 2924 ultimum
1198 2866 1354 2922 vobis
1408 2865 1630 2936 impono
1683 2866 2038 2934 mandatum;

452 2962 744 3032 Nunquam
785 2959 954 3032 janua
985 2956 1316 3014 ochudatur
1365 2955 1806 3022 advenientibus,
1835 2957 1932 3012 sed
1967 2957 2040 3013 sit

451 3069 672 3128 semper
697 3063 884 3126 aperta
915 3051 1090 3108 cuivis
1113 3051 1334 3116 viatori,
1366 3059 1422 3106 et
1451 3049 1602 3106 velut
1639 3051 1706 3105 ad
1729 3050 2040 3122 susceptio-

453 3163 580 3204 nem
609 3144 959 3218 paratissima
989 3161 1003 3198 :
1038 3141 1340 3213 quinetiam
1365 3142 1541 3211 ipsum
1569 3151 1768 3197 tectum
1791 3141 1948 3198 vobis
1969 3142 2036 3198 sit

453 3251 745 3294 commune
763 3232 1082 3306 hospitibus
1124 3242 1290 3301 atque
1327 3231 1738 3286 transeuntibus
1776 3246 1793 3284 :
1829 3246 2040 3287 necnon

455 3349 520 3388 ea
545 3339 684 3404 quaz‘
699 3327 937 3394 habetis,
974 3323 1261 3396 egentibus
1296 3332 1672 3395 proponantur
1713 3325 2044 3380 communia.

457 3428 550 3482 Sic
573 3425 724 3482 enim
745 3421 1027 3496 copiosam
1058 3419 1558 3492 suppeditationem
1589 3417 1810 3476 coalitus
1848 3433 2045 3475 conse-

457 3519 722 3593 qttemini.

527 3611 711 3670 CVIII.
749 3609 876 3668 Haec
905 3608 998 3666 ubi
1027 3608 1108 3665 eis
1143 3607 1382 3680 injunxit
1408 3623 1424 3676 ;
1452 3615 1644 3676 postea
1665 3603 2044 3674 interrogavit,

458 3719 751 3776 quemnam
775 3703 980 3759 vellent
1007 3700 1138 3772 ipsis
1165 3712 1402 3772 praeesse
1430 3707 1486 3754 et
1518 3697 1812 3768 imperare.
1844 3695 1924 3750 Illi
1951 3710 2046 3749 au-

461 3813 568 3854 tetn
591 3797 739 3854 velut
757 3810 825 3851 ex
853 3802 1140 3864 compacto
1169 3805 1362 3847 omnes
1396 3787 1796 3858 responderunt
1820 3804 1834 3842 :
1858 3785 2046 3840 Domi--

463 3895 690 3948 tianum.
727 3887 780 3946 Is
811 3901 940 3944 vero
975 3905 990 3942 :
1029 3888 1102 3940 At
1140 3883 1270 3948 hoc,
1311 3882 1512 3952 inquit,
1550 3880 1668 3936 ﬁeri
1708 3895 1815 3935 non
1844 3887 2040 3950 potest.

460 3984 800 4040 Domitianus
839 3980 984 4036 enim
1035 3993 1142 4033 non
1177 3977 1266 4030 hic
1301 3975 1476 4044 .longo
1516 3983 1760 4044 tempore
1797 3983 1921 4043 post
1960 3985 2048 4027 me

460 4074 744 4142 manebit;
777 4071 872 4126 sed
903 4069 1140 4141 septimo
1169 4066 1344 4123 solum
1379 4066 1466 4120 die
1501 4071 1800 4130 transacto,
1841 4063 2048 4135 postri-

459 4169 550 4223 die
577 4181 665 4223 me
698 4171 978 4236 sequetur.
1010 4160 1123 4216 Hoc
1157 4173 1349 4215 omnes
1399 4157 1494 4228 qui
1533 4157 1763 4212 aderant
1790 4156 2048 4225 obstupe-

459 4258 611 4323 fecit,
655 4257 794 4312 adeo
839 4261 1030 4324 aperte
1057 4260 1113 4305 et
1143 4250 1372 4304 Iidenter
1399 4249 1625 4303 dictum.
1655 4246 1828 4301 Simul
1868 4247 2050 4315 itaque

461 4367 560 4423 spe
586 4349 654 4405 de
693 4345 1004 4402 Domitiano
1037 4343 1260 4408 amissa,
1295 4337 1468 4394 Eliam
1501 4338 1792 4410 quemdam
1835 4349 2046 4410 petunt,

460 4438 742 4496 inferioris
809 4432 1126 4491 monasterii
1180 4444 1550 4492 ceconomum,
1603 4427 2046 4484 Jerichuntinum

2152 1963 2254 2018 μεν
2286 1945 2446 2018 ἡμῶν
2470 1948 2571 2016 τὴν
2601 1944 2770 2018 ζωὴν,
2805 1946 2904 2000 καὶ
2937 1946 3088 2018 μόνοι
3122 1947 3442 2018 καταμόνας
3474 1949 3744 2022 προσέχο-

2151 2057 2254 2111 μεν
2289 2041 2523 2104 ἑαυτοῖς.
2562 2039 2874 2110 Ἂγνιστέον
2906 2040 3042 2110 ἡμῖν
3065 2049 3087 2078 ³
3123 2041 3211 2094 ἀεὶ
3244 2043 3340 2095 καὶ
3377 2041 3610 2114 σώματα
3649 2044 3746 2098 καὶ

2146 2132 2349 2204 ψυχὰς,
2383 2133 2604 2205 ἀδελφοί
2629 2149 2642 2164 ο
2676 2133 2773 2189 καὶ
2805 2131 2905 2202 τὴν
2937 2131 3149 2204 συνήθη
3191 2135 3324 2206 περὶ
3354 2133 3455 2199 τὰς
3493 2134 3745 2201 συνάξεις

2147 2223 2486 2294 δοξολογίαν,
2529 2222 2626 2277 καὶ
2655 2221 2747 2276 τὸν
2777 2221 2988 2278 ἀνωθεν
3013 2224 3150 2294 ἡμῖν
3181 2224 3616 2296 παραδεδομένον
3647 2243 3746 2280 κα-

2147 2315 2301 2383 νόνα,
2335 2316 2488 2389 πάσῃ
2520 2313 2739 2386 φυλακῇ
2771 2313 3067 2385 τηρητέον.
3096 2314 3219 2368 Τῶν
3249 2316 3308 2368 έν
3338 2314 3606 2386 θλίψεσιν,
3639 2319 3740 2390 ὅση

2145 2406 2378 2478 δύναμις
2408 2406 2792 2476 ἐπιμελητέον.
2827 2405 2889 2459 '0
2918 2405 3202 2476 λογισμοῖς
3231 2407 3459 2473 ἀτόποις
3486 2427 3744 2480 προσπα-

2144 2498 2311 2553 λαίων
2345 2499 2456 2552 τῶν
2493 2499 2765 2568 ἀδελφῶν,
2798 2497 3186 2568 ἀσφαλιζέσθω
3226 2499 3382 2569 ὑμῶν
3406 2501 3424 2536 ί
3460 2502 3616 2566 aet“,
3647 2504 3744 2556 καὶ

2147 2587 2526 2660 παραινέσεως
2562 2588 2888 2642 ἀπολαυέτω
2927 2588 3216 2656 διηνεκοῦς
3256 2591 3352 2644 καὶ
3385 2590 3743 2656 διδασκαλίας

2145 2681 2241 2736 καὶ
2267 2680 2548 2752 ὑποθήκης
2567 2697 2583 2712 ο
2627 2681 2703 2751 μὴ
2731 2680 2871 2751 λάθῃ
2900 2683 3042 2735 κατά
3072 2681 3270 2752 μικρὸν
3299 2681 3740 2748 ὑποσκελισθεὶς,

2143 2776 2239 2830 καὶ
2265 2773 2468 2845 πτῶμα
2495 2774 2732 2845 χαλεπὸν
2758 2772 2836 2844 τῷ
2861 2773 3096 2845 διαϐόλῳ
3123 2773 3441 2845 γενόμενος.
3475 2777 3586 2829 Καὶ
3610 2775 3745 2830 ταύ-

2143 2885 2246 2940 την
2271 2867 2330 2922 δὲ
2357 2865 2676 2922 τελευταίαν
2703 2866 2832 2938 ὑμῖν
2859 2867 3080 2938 ἐντολὴν
3105 2867 3424 2938 ἐπιτίθημι*
3461 2868 3520 2922 '0
3551 2868 3740 2923 πυλὼν

2147 2961 2418 3032 μηδέποτε
2440 2962 2554 3024 τοῖς
2577 2957 2870 3031 παριοῦσιν
2886 2968 2914 2998 τ
2939 2959 3376 3026 ἀποκεκλείσθω,
3402 2958 3518 3014 ἀλλ’
3539 2962 3748 3014 ἀναπει-

2145 3053 2425 3119 πταμένος
2451 3052 2538 3106 ἀεὶ
2566 3051 2730 3106 παντὶ
2759 3050 2913 3125 ὁδίτῃ
2941 3053 3221 3122 παρέστω,
3246 3053 3341 3106 καὶ
3366 3047 3478 3107 οἷον
3502 3054 3581 3118 εἰς
3615 3053 3748 3108 ὑπο-

2146 3145 2308 3218 δοχὴν
2329 3143 2686 3216 ἑτοιμότατος
2710 3158 2726 3174 θ
2765 3142 2858 3196 καὶ
2887 3141 3026 3214 αὑτὴ
3054 3142 3112 3196 δὲ
3142 3143 3273 3214 ὑμῖν
3298 3146 3332 3216 ἡ
3364 3143 3556 3216 στέγη,
3590 3145 3746 3216 κοινὴ

2146 3239 2261 3301 τοῖς
2297 3235 2468 3302 ξένοις
2505 3235 2603 3290 καὶ
2641 3232 3038 3306 παροδεύουσιν
3069 3235 3186 3307 ῆτω
3212 3251 3226 3265 ·
3261 3236 3420 3290 κοινά
3456 3235 3514 3290 δὲ
3554 3237 3648 3290 καὶ
3677 3252 3748 3290 τα

2147 3329 2278 3383 ὄντα
2305 3329 2419 3390 τοῖς
2449 3326 2726 3398 δεομένοις
2760 3325 3098 3396 προκείσθω.
3151 3327 3308 3382 Οὕτω
3340 3328 3450 3401 γάρ
3481 3327 3548 3383 ἂν
3573 3329 3745 3400 ἀφθό-

2149 3440 2242 3478 νου
2273 3423 2370 3495 τῆς
2397 3422 2664 3495 χορηγίας
2691 3421 2901 3477 ἀνωθεν
2932 3419 3284 3478 ἀπολαύοιτε.

2217 3603 2346 3658 PH'.
2389 3601 2575 3656 Ταῦτα
2604 3603 2742 3676 πρὸς
2767 3603 2968 3668 αὐτοὺς
2995 3603 3310 3676 ἐπισκήψας
3330 3621 3344 3638 ·
3381 3601 3522 3671 εἶτα,
3558 3605 3652 3660 καὶ
3687 3605 3748 3661 ὃν

2151 3695 2427 3768 βούλοιντο
2464 3695 2797 3768 ἀφηγεῖσθαί
2831 3713 2892 3748 τε
2931 3695 3114 3751 αὐτῶν
3149 3699 3244 3751 καὶ
3281 3697 3472 3771 ἄρχειν
3509 3699 3749 3754 ἀνεπυν-

2151 3788 2360 3842 θάνετο.
2394 3789 2456 3841 Οἱ
2486 3787 2543 3841 δὲ
2575 3787 2830 3858 καθάπερ
2857 3788 2964 3842 ὑπὸ
2996 3788 3308 3860 συνθήματι
3331 3803 3358 3830 ι
3389 3789 3614 3856 πάντες,
3645 3791 3748 3844 Δο-

2155 3881 2408 3951 μετιανὸν
2437 3881 2829 3953 ἀπεκρίναντο.
2861 3883 2974 3936 Καὶ
3003 3881 3265 3949 ὃς,Ἀλλά
3293 3883 3450 3938 τούτο
3483 3885 3581 3954 μὲν
3613 3883 3748 3938 ἁδύ·-

2149 3991 2332 4041 νατον,
2370 3973 2500 4045 ἔφη.
2539 3975 2868 4046 Δομετιανὸς
2908 3975 3019 4047 γὰρ
3062 3975 3248 4030 οὐκέτι
3289 3977 3408 4046 μετ’
3435 3977 3536 4048 ἐμὲ
3575 3977 3746 4033 πολὺν

2151 4066 2390 4120 ἐνταῦθα
2427 4068 2691 4138 ὑπομενεῖ
2719 4067 2912 4138 χρόνον
2938 4083 2952 4098 ’
2987 4067 3103 4120 ἀλλ’
3130 4067 3368 4140 ἑϐδόμην
3398 4069 3570 4140 μόνην
3602 4071 3746 4140 ἡμέ-

2157 4174 2256 4229 ραν
2306 4157 2610 4227 διαγαγὼν,
2661 4157 2762 4228 τῆς
2809 4158 3162 4230 ύστεραίαςι
3216 4160 3576 4232 ἀκολουθήσει
3627 4180 3744 4232 μοι.

2153 4249 2324 4302 Τοῦτο
2376 4250 2586 4312 πάντας
2635 4247 2899 4320 ἐξέπληξε
2953 4251 3080 4314 τοὺς
3135 4251 3443 4324 παρόντας,
3493 4254 3746 4324 φανερῶς

2151 4337 2296 4392 οὕτω
2351 4337 2446 4391 καὶ
2477 4340 3082 4410 ’πεπαρρησιασμένως
3139 4341 3349 4413 λεχθέν.
3390 4344 3745 4414 ’Δπογνόντες

2151 4429 2470 4504 δὀὖνῦμως
2491 4431 2846 4502 Δομετιανοῦ,
2866 4432 3051 4486 Ἠλίαν
3075 4433 3289 4488 αίτοῦσί
3315 4453 3438 4490 τινα
3466 4437 3564 4506 τῆς
3591 4437 3744 4492 κάτω

461 4544 680 4603 genere.
706 4527 789 4582 Ad
819 4542 942 4582 eum
967 4539 1097 4594 ergo
1123 4524 1308 4579 statim
1335 4535 1632 4577 conversus
1663 4537 1914 4592 magnus,
1940 4520 2043 4576 Ec-

2156 4525 2322 4596 μονῆς
2356 4525 2660 4594 οἰκονόμον,
2696 4525 2758 4578 τὸ
2789 4524 2945 4592 γένος
2981 4525 3412 4598 Ἱεριχούντειον.
3445 4530 3747 4603 Ἐπιστρα-

461 4640 548 4690 ce,
578 4621 776 4692 inquit,
801 4634 993 4678 omnes
1025 4616 1216 4672 Patres
1242 4623 1294 4670 te
1318 4614 1422 4670 sibi
1458 4624 1736 4683 pastorem
1773 4623 1828 4668 et
1853 4610 2046 4682 praefe-

434 4697 612 4773 cctum
641 4715 870 4786 eligunt.
897 4711 983 4765 .Tu
1009 4723 1136 4765 vero
1153 4707 1298 4762 vide.
1331 4715 1390 4770 ut
1424 4706 1522 4761 tibi
1551 4706 1654 4775 ipsi
1682 4708 1954 4772 attendas,
1991 4715 2048 4758 et

462 4809 559 4866 toti
591 4806 765 4877 gregi.
810 4801 1038 4874 Oportet
1086 4809 1270 4856 autem
1315 4811 1370 4854 te
1409 4800 1512 4854 hoc
1534 4798 1700 4852 etiam
1733 4796 1878 4851 scire
1921 4807 2047 4852 ante

461 4903 594 4966 alia,
631 4898 774 4970 quod
802 4899 910 4952 Deo
939 4899 1117 4950 visunt
1155 4893 1248 4957 sit,
1285 4893 1427 4948 haud
1461 4891 1532 4946 ita
1561 4891 1652 4944 diu
1704 4889 1902 4944 abhinc
1931 4889 2048 4943 Iau-

461 5009 580 5048 rarn
608 4991 751 5046 hanc
784 4998 998 5044 vertere
1037 4988 1090 5041 in
1131 4983 1462 5041 coenobium.
1506 4983 1773 5053 Deinceps
1805 4995 1962 5048 vero,
1991 4991 2048 5038 et

464 5085 681 5140 ubinam
711 5080 974 5138 aediﬁcari
1003 5077 1343 5142 coenobium,
1377 5084 1432 5131 et
1475 5077 1749 5145 quomodo
1787 5075 2049 5132 constitui

463 5185 767 5249 oporteret,
804 5175 934 5229 item
967 5172 1034 5226 de
1059 5169 1332 5239 hostiituin
1358 5166 1700 5238 exceptione,
1725 5167 2046 5236 psalmodia,

459 5272 640 5328 studio
688 5271 742 5325 in
795 5267 978 5340 regula
1021 5263 1351 5330 adhibendo,
1399 5261 1658 5332 praecepit
1693 5260 1846 5328 Eliae,
1888 5271 1943 5318 et
1980 5263 2048 5317 de

461 5382 570 5421 non
593 5363 928 5436 negligendis
959 5357 1241 5418 fratribus,
1269 5355 1504 5410 maxime
1530 5355 1597 5408 iis
1624 5355 1713 5424 qui
1744 5364 2045 5423 gravantur

459 5458 644 5525 pravis
702 5451 1146 5526 cogitationibus.
1201 5448 1408 5504 Deinde
1467 5447 1570 5501 hoc
1612 5455 1897 5517 postremo
1965 5449 2043 5501 ait

459 5549 710 5604 omnibus
751 5545 845 5601 :Si
867 5544 1103 5615 aliquam
1136 5541 1436 5597 invenerim
1465 5540 1535 5595 ad
1570 5538 1736 5594 Deum
1768 5539 2043 5608 tiduciam,

2153 4617 2270 4688 φεὶς
2303 4611 2396 4669 οὖν
2419 4615 2582 4679 εὐθὺς
2612 4616 2746 4687 πρὸς
2779 4617 2940 4672 αὐτὸν
2965 4619 2993 4671 ὁ
3025 4620 3221 4690 μέγας,
3239 4619 3398 4686 Ἰδοὺ,
3424 4623 3579 4694 φησὶ,
3601 4625 3743 4676 πάν-

2150 4725 2240 4772 τες
2267 4710 2316 4760 οἱ
2346 4707 2589 4778 Πατέρες
2615 4707 2852 4779 ποιμένα
2878 4727 2937 4762 σε
2961 4710 3114 4764 αὐτοὶ
3140 4711 3355 4777 ἑαυτοῖς
3381 4716 3473 4767 καὶ
3501 4715 3745 4786 προστά-

2151 4819 2250 4872 την
2269 4799 2618 4872 ψηφίζονται.
2647 4801 2758 4854 Σὺκ
2787 4801 2843 4855 δὲ
2869 4803 3018 4867 ὅπως
3047 4803 3227 4875 ἑαυτῷ
3252 4821 3312 4858 τε
3346 4807 3620 4879 προσέχῃς
3649 4809 3744 4863 καὶ

2153 4892 2319 4947 παντὶ
2344 4892 2422 4964 τῷ
2449 4892 2686 4964 ποιμνίῳ
2700 4905 2748 4946 α.
2778 4893 2870 4946 Δεῖ
2895 4893 2950 4948 δέ
2980 4912 3039 4948 σε
3071 4896 3166 4950 καὶ
3189 4895 3350 4950 τοῦτο
3377 4899 3484 4968 πρὸ
3510 4899 3619 4952 τῶν
3649 4901 3746 4955 ἄλ-

2153 4985 2262 5038 λων
2299 4985 2522 5049 εἰδέναι,
2569 4985 2652 5038 ὃτι
2694 4985 2964 5040 κοινόόιον
3002 4987 3262 5056 γενέσθαι
3305 4990 3512 5061 ταύτην
3550 4993 3612 5046 οὐ
3655 4993 3746 5049 διὰ

2155 5079 2369 5150 μακροῦ
2402 5077 2501 5148 τὴν
2533 5075 2742 5148 λαύραν
2777 5077 3072 5150 εὐδόκησεν
3103 5080 3132 5133 ὁ
3165 5080 3323 5145 Θεός.
3363 5081 3522 5152 Ἑξῆς
3557 5083 3613 5136 δὲ
3649 5087 3745 5139 κα)⁸

2151 5171 2286 5224 ὅπου
2314 5169 2374 5222 τὸ
2405 5169 2674 5222 κοινόόιον
2702 5169 3148 5242 οἰκοδομηθῆναι,
3177 5172 3272 5226 καὶ
3299 5175 3451 5237 ὅπως
3480 5177 3746 5244 συστῆναι

2150 5261 2283 5326 δέοι,
2317 5260 2447 5332 περὶ
2475 5261 2575 5332 τῆς
2606 5259 2912 5334 ξενοδοχίαις
2945 5279 3003 5316 τε
3035 5267 3129 5318 καὶ
3161 5265 3486 5336 ψαλμῳδίας
3519 5270 3616 5322 καὶ
3643 5273 3745 5342 τῆς

2153 5356 2234 5418 είς
2269 5354 2362 5408 τὸν
2405 5353 2608 5408 κανόνα
2653 5357 2914 5428 σπουδῆς,
2957 5356 3278 5428 ἐπέσκηπτε
3316 5359 3395 5432 τῷ
3429 5361 3608 5435 Ἢλίᾳ,
3649 5365 3746 5418 καὶ

2151 5447 2246 5500 τοῦ
2281 5449 2355 5518 μὴ
2385 5447 2494 5501 τῶν
2526 5446 2772 5516 ἀδελφῶν
2803 5449 3053 5520 ἀμελεῖν,
3083 5453 3177 5505 καὶ
3205 5453 3412 5509 τούτων
3441 5456 3604 5510 πλέον
3633 5456 3744 5512 τῶν

2151 5540 2432 5613 λογισμοῖς
2477 5541 2704 5606 ἀτόποις
2751 5541 3164 5615 βαρυνομένων.
3193 5546 3429 5602 Ἔπειτα
3468 5550 3564 5604 καὶ
3607 5549 3747 5622 πρὸς

1783 5655 2023 5712 ἾΑΒΙίΕ
2048 5657 2348 5714 LECTION
2357 5658 2461 5715 ES.

540 5758 662 5826 'ral.
702 5754 905 5823 μεῖζον.
984 5767 1006 5796 ⁸
1038 5755 1108 5811 al.
1143 5757 1297 5826 ὑμῖν.
1380 5757 1398 5792 ί
1441 5755 1513 5810 al.
1549 5753 1800 5826 ins.t'>(p’,
1830 5757 1902 5810 aI.
1941 5756 2092 5826 ὑμῖν.

469 5829 498 5874 τ
541 5825 613 5878 al.
643 5827 714 5898 τῇ
736 5827 1018 5896 ὑστεραίᾳ.
1107 5837 1129 5864 κ
1162 5825 1230 5882 al.
1278 5827 1380 5882 σοί.
1461 5839 1485 5868 α
1520 5825 1589 5880 al.
1619 5825 1743 5881 add.
1780 5825 2024 5900 μελήσει.

2193 5767 2221 5797 ιι
2263 5756 2336 5812 al.
2375 5756 2584 5813 αὐτῶν.
2678 5757 2800 5817 Val.
2829 5759 3120 5832 παροῦσιν.
3204 5764 3328 5820 ‘al.
3371 5764 3740 5836 συνθήματος.
