4144 6424
414 513 517 581 591

1654 508 1939 572 MENSIS
1977 505 2446 570 JANUARIUS.

3587 505 3692 567 092

414 637 695 697 stuporem
735 626 1039 681 adducebat
1082 623 1420 680 continuatio
1468 624 1879 678 miraculorum.
1921 620 1997 671 Ex

2107 619 2341 690 έπληττε
2373 621 2430 675 δὲ
2463 621 2670 686 πάντας
2700 622 2733 692 ἡ
2762 620 2872 674 τῶν
2907 618 3203 687 θαυμάτων
3236 616 3508 688 συνέχεια.
3548 615 3695 686 Πλή-

418 736 690 776 cont-ursu
727 720 893 789 igitur
924 718 1291 774 multitudinis
1329 732 1499 787 prope
1528 715 1779 781 infinitae,
1813 712 1997 783 prohi-

415 813 646 868 bebatur
677 826 896 866 sacrum
933 809 1067 866 illud
1102 824 1301 878 corpus
1332 826 1360 863 a
1401 809 1702 877 sepultura,
1737 820 1858 861 cum
1887 804 1998 872 jam

2106 712 2230 775 θους
2273 708 2367 766 οὖν
2402 714 2635 786 ἀπείρου
2677 712 2873 784 κομιδῇ
2908 709 3335 783 συνδραμόντος,
3381 708 3601 781 εἴργετο
3632 708 3695 761 rb

2105 806 2254 877 ἱερὸν
2279 807 2458 862 ἐκεῖνο
2487 807 2646 878 σῶμα
2676 807 2878 878 ταφῆς,
2914 806 3017 876 ήδη
3050 804 3144 858 καὶ
3181 804 3377 874 ἐνάτης
3416 801 3566 872 ῶρας
3596 818 3695 854 κα-

416 914 562 960 esset
584 905 720 959 hora
747 919 921 971 nona;
948 904 1121 958 donec
1146 900 1366 967 milites,
1400 910 1459 955 ut
1486 900 1565 956 eis
1588 900 1800 969 jussum
1825 896 1998 951 fuerat

2104 899 2481 971 ταλαόούσηςο
2529 901 2635 965 ἕως
2685 902 2734 955 oi
2767 898 3141 970 στρατιῶται,
3182 895 3477 950 κελευσθὲν
3510 894 3696 956 αὐτοῖς

415 1015 446 1052 a
478 997 818 1067 patriarcha,
852 997 1181 1051 submovent
1222 993 1647 1048 multitudinem.
1684 989 1751 1043 Et
1797 988 1878 1042 sic
1909 988 2000 1040 vix

413 1091 633 1144 tandem
691 1090 854 1145 datur
896 1090 1073 1144 aditus
1113 1086 1315 1143 divinis
1358 1083 1635 1149 Patribus,
1679 1090 1737 1135 ut
1785 1078 1999 1148 corpori

417 1181 518 1245 illi,
553 1185 700 1252 quod
727 1182 862 1237 adeo
898 1180 1274 1237 decertaverat
1313 1177 1593 1244 multaque
1624 1186 1847 1243 passum
1886 1169 2002 1223 fue-

419 1283 522 1341 rat,
542 1275 689 1345 juSIa
714 1282 1058 1346 peragerent,
1087 1273 1246 1341 idque
1278 1285 1402 1325 cum
1434 1266 1650 1337 hymnis
1674 1264 2003 1320 convenien-

415 1366 563 1422 tibus
603 1366 657 1421 in
693 1365 944 1435 locupleti
983 1367 1318 1435 deponerent
1353 1361 1550 1415 loculo.
1613 1358 1759 1411 Sane
1782 1355 2000 1426 quidem

415 1460 630 1515 cunctis
653 1459 809 1514 dolor
832 1459 898 1513 de
920 1457 1220 1513 amissione
1244 1452 1543 1525 Euthymii,
1570 1450 1859 1505 multarum
1884 1457 2004 1502 erat

412 1566 575 1607 causa
623 1550 1022 1622 lacrymarum;
1065 1550 1161 1605 sed
1193 1547 1513 1619 Martyrium
1547 1553 1603 1599 et
1637 1542 1808 1597 Eliam
1846 1541 2003 1610 longe

413 1644 671 1713 tangebat
700 1642 1116 1707 vehementius,
1152 1650 1317 1709 atque
1347 1639 1505 1695 valde
1553 1635 1865 1706 plorabant.
1898 1632 2004 1688 Vc-

412 1751 531 1790 rum
572 1734 693 1791 illos
733 1735 952 1806 quidem
995 1735 1312 1791 consolatus
1353 1729 1665 1803 patriarcha
1702 1742 1797 1798 per
1831 1726 2004 1796 Chry-

411 1827 625 1897 sippum
671 1826 853 1882 crucis
900 1826 1207 1891 custodem,
1242 1832 1296 1880 et
1346 1821 1603 1893 congruis
1646 1834 1779 1874 usus
1808 1817 2003 1872 admo-

411 1920 734 1986 nitiouibus,
777 1920 1030 1976 hortatus
1092 1928 1179 1974 est
1235 1928 1295 1973 ut
1340 1914 1689 1986 frequentius
1751 1914 1818 1966 ad
1875 1924 1999 1965 eum

422 2013 766 2069 accederent.
796 2013 991 2069 Fidum
1023 2022 1203 2069 autem
1229 2012 1519 2066 diaconum
1553 2010 1606 2062 in
1647 2006 1801 2062 lanra
1839 2003 2004 2059 relin-

419 2122 618 2176 quens,
653 2106 701 2161 ei
732 2106 1037 2163 aedificandi
1062 2104 1354 2163 committit
1389 2100 1705 2172 negotium;
1733 2109 2008 2153 reversus-

410 2215 517 2269 que
546 2199 597 2254 in
624 2210 869 2257 sanctam
902 2200 1205 2265 civitatem,
1236 2197 1405 2252 mittit
1429 2195 1495 2250 ad
1529 2208 1666 2263 opus
1694 2190 1920 2263 opiﬁces
1949 2198 2006 2244 et

414 2292 723 2356 materiam,
746 2307 855 2362 quo
881 2293 1056 2348 beatas
1085 2290 1191 2346 illae
1219 2286 1503 2360 Euthymii
1529 2284 1772 2356 reliquiae
1800 2284 1852 2338 in
1878 2290 2005 2352 apto

323 2400 330 2406 ·
411 2389 466 2437 et
488 2384 836 2439 convenienti
868 2382 987 2439 loco
1016 2385 1441 2455 deponerentur.

481 2563 616 2620 CXI.
645 2564 987 2620 Domitianus
1012 2578 1145 2620 vero
1166 2602 1183 2629 ,
1238 2565 1418 2634 magni
1462 2575 1690 2632 magnus
1721 2573 1915 2615 revera
1950 2567 2005 2613 et

411 2672 707 2729 germanus
734 2656 1054 2727 discipulus,
1076 2664 1263 2727 utpote
1281 2655 1396 2724 ejus
1415 2656 1540 2709 vita:
1570 2653 1813 2709 imitator
1838 2666 2001 2707 accu-

415 2756 744 2818 ratissimus,
772 2755 861 2823 qui
890 2753 1179 2824 plusquam
1207 2753 1603 2823 quinquaginta
1626 2765 1798 2806 annos
1814 2756 2003 2804 sancto

411 2845 681 2909 inserviil;
716 2860 822 2899 non
853 2844 1083 2899 recessit
1107 2857 1140 2898 a
1172 2844 1314 2907 loco,
1347 2841 1443 2897 sed
1475 2841 1777 2911 permansit
1804 2841 1870 2894 ad
1906 2853 1998 2894 se-

412 2938 681 3004 pulcrum,
732 2951 905 3008 usque
937 2936 993 2991 in
1040 2936 1184 2992 diem
1234 2935 1522 3004 postmodo
1565 2942 1812 2998 sextum;
1843 2930 2001 3002 quasi

410 3032 710 3086 arbitratus
760 3046 867 3086 non
899 3044 1022 3085 esse
1067 3029 1172 3084 sibi
1204 3028 1499 3085 vivendum
1538 3030 1606 3083 de
1636 3035 1858 3093 cmtero,
1903 3040 2002 3080 nec

2105 994 2209 1048 ὑπὸ
2249 994 2343 1048 τοῦ
2392 994 2762 1067 πατριάρχου,
2810 993 2874 1047 rb
2925 992 3132 1062 πλῆθος
3186 987 3540 1043 άποσοδοῦσι.
3585 986 3696 1040 Καὶ

2107 1085 2267 1157 μόλις
2297 1086 2440 1140 οὕτω
2474 1086 2605 1155 γοῦν
2656 1088 2769 1150 τοῖς
2818 1085 2986 1149 θείοις
3034 1082 3338 1154 Πατράσιν,
3387 1076 3703 1152 ήπαράδοί

2106 1196 2191 1243 σις
2218 1181 2245 1220 h
2284 1180 2511 1246 δίδοται,
2545 1180 2687 1236 ὥστε
2728 1180 2807 1253 τῷ
2844 1180 3124 1251 ἀθλητικῷ
3163 1177 3361 1248 ἐκείνῳ
3394 1176 3491 1230 καὶ
3530 1176 3697 1230 πολυ-

2107 1274 2271 1328 παθεῖ
2302 1273 2515 1346 σώματι
2542 1274 2612 1328 τὰ
2635 1273 3007 1345 νενομισμένα
3032 1271 3270 1336 τελέσαι,
3299 1268 3397 1323 καὶ
3425 1267 3563 1340 μετά
3586 1267 3697 1322 τῶν

2106 1368 2502 1439 προπηδώντων
2542 1367 2730 1438 ὓμνων
2765 1367 2915 1438 αύτῷ
2949 1368 2994 1429 ἱ,
3027 1368 3093 1437 τῇ
3133 1362 3489 1435 πολυπλούτῳ
3523 1380 3698 1416 κατα-

2106 1459 2297 1515 θέσθαι
2328 1459 2494 1531 σορῷ.
2544 1461 2689 1515 Πᾶσι
2721 1461 2819 1532 μὲν
2853 1460 2947 1514 οὖν
2978 1460 3040 1514 rb
3071 1458 3244 1522 πάθος
3285 1458 3388 1527 τῆς
3419 1456 3695 1526 Εὐθυμίου

2108 1555 2447 1626 στερήσεως,
2479 1553 2695 1608 πολλῶν
2744 1554 2998 1625 δακρύων
3029 1553 3205 1607 αἴτιον
3239 1547 3308 1624 ἦν
3329 1564 3343 1580 ·
3373 1550 3696 1622 Μαρτυρίου

2105 1645 2163 1699 δὲ
2195 1644 2290 1699 καὶ
2331 1647 2485 1701 Ἠλία
2540 1646 2636 1700 καὶ
2670 1645 3021 1718 ἰσχυρότερον
3064 1642 3248 1715 πολλῷ
3293 1641 3572 1703 καθίκετο,
3600 1638 3699 1693 καὶ

2109 1740 2356 1811 σφοδρῶς
2388 1739 2608 1792 ἔκλαιον
2629 1756 2643 1770 ο
2674 1737 2793 1791 ἀλλ’
2825 1736 3073 1800 ἐκείνους
3108 1735 3207 1806 μὲν
3243 1734 3643 1806 παρηγορήσας
3671 1733 3700 1784 6

2107 1831 2478 1903 πατριάρχης,
2503 1830 2593 1883 διά
2621 1830 2952 1899 Χρυσίππου
2980 1827 3075 1881 τοῦ
3098 1824 3568 1897 σταυροφύλακος,
3603 1822 3699 1876 καὶ

2107 1925 2176 1979 τά
2236 1925 2423 1978 εἰκότα
2473 1921 2889 1993 παρακαλέσας,
2948 1919 3284 1990 πυκνότερον
3324 1915 3702 1986 παραϐάλλειν

2110 2017 2261 2084 αύτῷ
2296 2016 2697 2087 προετρέψατο.
2744 2014 2933 2068 Φεῖδον
2979 2013 3037 2067 δὲ
3087 2013 3169 2074 είς
3202 2013 3303 2081 τήν
3347 2009 3560 2080 λαύραν
3608 2007 3702 2061 τὸν

2108 2109 2358 2164 διάκονον
2415 2105 2829 2169 καταλελοιπὼς
2871 2109 2918 2172 l,
2979 2105 3313 2175 ἐπισκήπτει
3360 2100 3512 2172 αύτῷ
3570 2099 3702 2168 περὶ

2108 2204 2208 2273 τῆς
2232 2202 2260 2241 ιι
2294 2200 2613 2269 οἰκοδομῆς·
2649 2199 2745 2253 καὶ
2799 2200 2882 2262 είς
2930 2197 3032 2269 τὴν
3074 2196 3239 2266 ἁγίαν
3272 2194 3430 2247 πόλιν
3473 2190 3704 2245 επανελ-

2109 2294 2239 2361 θὼν,
2270 2293 2526 2364 τεχνίτας
2556 2293 2694 2364 πρὸς
2728 2293 2788 2346 rb
2810 2291 2972 2362 ἔργον
3001 2290 3093 2345 καὶ
3123 2287 3259 2360 ὓλην
3289 2284 3711 2353 ἐξαποστέλλει,

2108 2386 2251 2441 ὥστε
2307 2385 2368 2439 rb
2422 2385 2695 2456 μακάριον
2743 2384 2920 2437 ἐκεῖνο
2971 2380 3068 2435 τοῦ
3116 2378 3394 2449 Εὐθυμίου
3444 2378 3701 2447 λείψανον

2108 2479 2167 2532 ἐν
2197 2472 2257 2531 εὖ
2284 2475 2461 2547 ἔχοντι
2490 2476 2585 2529 καὶ¹
2617 2472 2912 2543 ἐπιτηδείῳ
2945 2469 3317 2538 κατατεθῆναι
3341 2468 3518 2539 τόπῳ.

2110 2636 2116 2642 _
2179 2566 2331 2625 PIA'.
2390 2564 2719 2637 Δομετιανὸς
2752 2564 2808 2617 δὲ
2848 2566 2876 2616 6
2904 2560 3000 2615 τοῦ
3040 2560 3278 2632 μεγάλου
3312 2558 3486 2628 μέγας
3526 2556 3696 2621 ὅντως

2107 2662 2206 2715 καὶ
2233 2660 2459 2730 γνήσιος
2497 2655 2768 2727 μαθητὴς,
2810 2652 2905 2706 ἅτε
2931 2651 2997 2723 δή
3037 2650 3135 2705 καὶ
3165 2649 3260 2704 τοῦ
3303 2648 3421 2720 βίου
3449 2647 3696 2720 μιμητὴς

2106 2751 2528 2823 ἀκριϐέστατος,
2565 2746 2709 2815 ὑπὲρ
2745 2745 2811 2798 τὰ
2844 2744 3190 2815 πεντήκοντα
3222 2742 3305 2814 τῷ
3336 2741 3482 2813 ἁγίῳ
3510 2740 3700 2795 διακο-

2105 2846 2416 2917 νησάμενος
2449 2840 2568 2912 ἔτη,
2610 2839 2711 2893 οὐκ
2757 2837 2972 2909 ἀπέστη
3009 2835 3104 2890 τοῦ
3138 2835 3329 2902 τόπου,
3365 2833 3505 2888 ἀλλά
3551 2849 3697 2905 παρ-

2106 2939 2290 3009 έμεινε
2344 2938 2410 3006 τῇ
2459 2933 2637 3005 σορῷ,
2692 2932 2855 3004 μέχρι
2907 2930 3097 2985 λοιπὸν
3150 2931 3321 3001 ἒκτης
3379 2928 3440 2994 ἐξ
3483 2926 3696 2982 ἐκείνου

2107 3030 2352 3102 ἡμέραςο
2379 3027 2570 3097 ὥσπερ
2613 3026 2675 3080 ού
2724 3025 2918 3096 βιωτὸν
2960 3023 3110 3095 αὐτῷ
3151 3024 3211 3078 τὸ
3259 3022 3446 3077 λοιπὸν
3480 3022 3694 3094 κρίνας,

411 3122 691 3179 ferendum
739 3120 963 3176 omnino
1011 3129 1070 3176 ut
1106 3124 1250 3176 hane
1297 3121 1476 3174 lucem
1537 3119 1829 3190 aspiceret.
1862 3117 1998 3171 Cum

2104 3121 2224 3175 οὐδὲ
2255 3119 2414 3173 τοῦτο
2451 3118 2516 3191 δὴ
2546 3119 2607 3174 τὸ
2639 3116 2757 3186 φῶς
2804 3118 2941 3190 όρᾷν
2970 3115 3201 3171 ἀνεκτὸν
3231 3116 3389 3180 ὅλως.
3441 3119 3699 3183 Διαγενο-

412 3214 672 3282 septimus
704 3228 887 3269 autem
911 3212 1023 3280 jam
1060 3212 1178 3269 dies
1203 3212 1537 3281 advenisset,
1565 3212 1617 3268 el
1649 3223 1809 3267 noctu
1836 3225 1998 3279 appa-

2109 3216 2278 3288 μένης
2306 3213 2363 3267 δὲ
2389 3213 2492 3284 ήδη
2515 3214 2615 3283 τῆς
2643 3211 2901 3283 ἑϐδόμης,
2928 3210 3273 3280 ἐπιφαίνεται
3298 3207 3447 3279 αὐτῷ
3471 3207 3699 3279 φαιδρὸς

412 3317 496 3363 ret
531 3307 656 3361 laeto
699 3306 850 3360 vultu
914 3305 1262 3377 Euthymius,
1305 3306 1464 3372 Veni,
1496 3306 1717 3372 dicens,
1768 3303 1862 3359 tibi
1899 3317 1994 3373 pa-

2104 3307 2200 3377 τήν
2234 3305 2357 3377 όψιν
2386 3304 2579 3368 νυκτὸς
2610 3304 2639 3356 ὁ
2671 3300 2968 3373 Εὐθύμιος,
2998 3301 3191 3373 Δεῦρο,
3228 3300 3424 3370 λέγων,
3452 3298 3698 3352 ἀπολαύ-

412 3410 528 3453 rata
556 3398 727 3470 gloria
763 3397 1050 3455 fruiturus.
1089 3396 1230 3454 Ecce
1259 3399 1429 3461 enim,
1462 3398 1658 3469 inquit,
1685 3396 1829 3452 Deus
1863 3410 1999 3450 con»

409 3493 595 3556 cessit,
631 3502 687 3547 ut
709 3492 1014 3549 communis
1040 3492 1195 3548 nobis
1222 3492 1286 3546 sit
1314 3492 1403 3547 hic
1423 3504 1642 3562 quoque
1664 3487 1995 3558 permansio.

411 3587 536 3642 llaec
568 3585 933 3651 Domitianus,
966 3599 1089 3640 cum
1126 3585 1363 3640 venisset
1403 3585 1471 3639 ad
1507 3582 1779 3655 synaxim,
1815 3581 2000 3635 fratri-

411 3685 509 3736 lms
556 3682 849 3736 annuntiat
883 3698 895 3734 :
931 3682 1119 3753 sicque
1152 3683 1268 3751 ipse
1309 3682 1474 3735 etiam
1513 3682 1565 3733 iu
1595 3678 1792 3751 gaudio
1822 3687 1877 3735 et
1911 3678 1999 3733 fu-

414 3783 662 3835 turorum
689 3774 953 3831 bonorum
986 3790 1105 3846 spe,
1138 3774 1305 3873 vitam
1339 3773 1620 3841 relinquit.

480 3952 644 4010 CXII.
678 3953 748 4009 At
784 3955 1050 4010 diaconus
1088 3954 1279 4021 Fidus,
1305 3953 1472 4008 multa
1504 3967 1793 4022 operarum
1833 3969 1996 4008 manu

409 4046 658 4108 collecta,
689 4062 989 4118 magnoque
1013 4047 1261 4102 adhibito
1292 4047 1494 4113 studio,
1533 4045 1848 4116 speluncam
1878 4062 1999 4116 quae

290 4141 294 4149 '
407 4140 464 4196 in
521 4140 793 4209 principio
844 4143 1019 4196 tenuit
1069 4141 1257 4210 quiete
1307 4149 1559 4212 agentem
1618 4140 1993 4211 Euthymium.

407 4232 576 4287 sedem
609 4232 1030 4301 pulcherrimam
1059 4241 1115 4289 et
1146 4233 1440 4287 maximam
1464 4231 1660 4299 eﬂicit;
1697 4233 1853 4303 cujus
1871 4248 1996 4288 cum

408 4320 646 4376 medium
680 4322 1028 4377 attribuisset
1075 4322 1249 4376 theca:
1279 4320 1462 4391 magni
1502 4320 1702 4391 Patris,
1738 4337 1803 4377 ex
1848 4333 1997 4378 utra-

405 4429 511 4484 que
547 4423 704 4483 parte
741 4414 986 4471 elaborat
1014 4415 1200 4469 thecas
1234 4418 1702 4484 presbyterorum,
1747 4416 1998 4487 hegume-

407 4521 601 4561 norum
626 4521 720 4561 seu
744 4507 1097 4563 monasteriis
1120 4506 1528 4575 praefectorum,
1550 4508 1999 4582 reliquorumque

408 4608 721 4654 sanctorum
759 4599 1063 4655 hominmn.
1107 4598 1405 4669 Postquam
1447 4616 1578 4656 vero
1608 4603 1719 4673 jam
1752 4605 1997 4675 perfecta

2104 3414 2214 3454 σων
2246 3399 2346 3470 τῆς
2400 3395 2813 3468 ήτοιμασμένης
2842 3410 2924 3446 σοι
2950 3391 3127 3464 δόξης.
3173 3391 3307 3445 Ἰδοὺ
3346 3390 3457 3460 γὰρ
3508 3389 3699 3460 ἐχαρί-

2102 3507 2255 3557 σατο,
2279 3491 2467 3562 φησὶν,
2487 3488 2663 3553 ὀΘεὸς
2691 3488 2877 3559 κοινήν
2915 3488 3051 3558 ήμῖν
3078 3481 3219 3539 εἶναι
3249 3484 3344 3537 καὶ
3370 3483 3471 3554 τήν
3505 3480 3699 3537 ενταῦ-

2101 3585 2170 3639 θα
2199 3584 2499 3655 διαγωγήν.
2549 3582 2735 3635 Ταῦτα
2788 3584 2817 3635 ὁ
2848 3577 3178 3650 Δομετιανὸς
3222 3578 3302 3640 εἰς
3332 3575 3432 3647 τὴν
3476 3573 3699 3638 σύναξιν

2101 3673 2294 3740 ἐλθὼν,
2325 3677 2437 3739 τοῖς
2462 3672 2713 3743 ἀδελφοῖς
2736 3669 3104 3740 ἀπαγγέλλει·
3140 3668 3233 3722 καὶ
3261 3666 3436 3731 οὕτως
3462 3668 3521 3719 ὲν
3550 3667 3698 3737 χαρᾷ

2102 3767 2201 3821 καὶ
2256 3766 2420 3831 αὐτὸς
2460 3768 2555 3820 καὶ
2606 3769 2673 3837 τῇ
2721 3764 2831 3819 τῶν
2875 3763 3182 3836 μελλόντων
3220 3759 3446 3830 ἀγαθῶν
3493 3759 3695 3825 ἐλπίδι,

2101 3860 2425 3915 καταλείπει
2455 3860 2547 3914 τὸν
2579 3859 2715 3930 βίον.

2173 3950 2322 4008 PlB'.
2360 3952 2497 4021 ’Όγε
2537 3952 2645 4023 μὴν
2670 3951 2918 4013 διάκονος
2935 3949 3143 4014 Φεῖδος,
3175 3950 3338 4020 χεῖρα
3369 3946 3573 4019 συχνήν
3600 3947 3697 3999 καὶ

2101 4045 2304 4117 πολλὴν
2321 4047 2403 4100 ὄτι
2431 4043 2863 4114 συνεισενεγκὼν
2882 4043 2981 4113 τὴν
3004 4041 3267 4113 σπουδὴν,
3286 4041 3347 4095 rb
3380 4038 3648 4111 σπήλαιον
3668 4039 3696 4093 6

2101 4141 2255 4214 παρά
2275 4142 2375 4213 τήν
2404 4142 2585 4213 ἀρχὴν
2610 4138 2958 4211 ἡσυχάζοντα
2983 4132 3096 4208 εἶχε
3120 4137 3214 4191 τὸν
3234 4135 3510 4206 Εὐθύμιον
3542 4133 3585 4201 1,
3614 4136 3697 4198 είς

2100 4230 2251 4290 οἷκον
2291 4233 2579 4288 κάλλιστόν
2609 4250 2670 4286 τε
2717 4232 2812 4286 καὶ
2849 4231 3111 4303 μέγιστον
3165 4228 3493 4300 ἀπαρτίζειο
3522 4220 3583 4283 οὗ
3633 4227 3696 4281 rb

2105 4328 2435 4398 μεσαίτατον
2462 4330 2527 4398 τῇ
2554 4328 2698 4397 θήκῃ
2724 4323 2819 4378 τοῦ
2851 4323 3090 4394 μεγάλου
3122 4323 3337 4395 Πατρδς
3363 4324 3692 4394 ἀπονείμας,

2101 4424 2234 4493 παρ’
2264 4421 2505 4492 ἑκάτερα
2555 4417 2951 4489 πρεσὸυτέρων
2998 4434 3058 4470 τε
3095 4418 3189 4471 καὶ
3221 4417 3549 4489 ἡγουμένων
3600 4418 3697 4469 καὶ

2100 4513 2309 4568 λοιπῶν
2363 4512 2527 4567 ὁσίων
2582 4510 2796 4583 ἀνδρῶν
2845 4508 3129 4579 φιλο-πονεῖ
3178 4509 3377 4580 θήκας.
3434 4508 3590 4562 Ἐπεὶ
3639 4507 3698 4560 δὲ

2101 4608 2281 4662 πάντα
2303 4606 2407 4677 ἤδη
2438 4606 2767 4677 ἀπήρτιστο,
2803 4604 2904 4675 τήν
2936 4602 3239 4674 μέλλουσαν
3274 4601 3588 4657 ἐπικεῖσθαι
3616 4599 3698 4669 τῷ

405 4690 639 4747 fuissent
670 4693 875 4758 omnia,
927 4692 1188 4758 tabulam,
1227 4710 1349 4763 qua:
1379 4704 1499 4750 erat
1530 4699 1782 4765 sepulcro
1815 4698 1991 4769 impo-

2104 4701 2262 4771 τάφῳ
2303 4699 2512 4765 πλάκα,
2570 4699 2665 4751 καὶ
2725 4699 2826 4769 τὴν
2888 4698 3141 4769 ἀργυρᾶν
3196 4694 3411 4767 χώνην,
3471 4696 3564 4749 καὶ
3598 4692 3699 4762 τὴν

403 4786 607 4851 nenda,
640 4794 695 4842 et
731 4793 1049 4858 argenteam
1085 4803 1302 4855 urnam,
1336 4792 1393 4844 et
1440 4791 1735 4858 cancellos,
1772 4803 1999 4848 caetera-

402 4892 509 4947 que
546 4879 745 4949 quibus
774 4878 953 4934 solent
982 4881 1181 4950 templa
1219 4883 1500 4949 exornari,
1543 4886 1852 4953 patriarcha
1888 4894 1998 4940 sta-

403 4969 500 5023 tim
537 4984 569 5025 e
600 4968 1001 5041 Hierosolymis
1044 4972 1251 5030 mittit:
1299 4975 1498 5030 deinde
1529 4976 1620 5031 ille
1669 4976 1785 5045 ipse
1829 4978 1993 5033 etiam

402 5062 685 5118 descendit
720 5064 786 5118 ad
817 5063 1064 5133 lauram;
1102 5083 1336 5139 eumque
1379 5055 1627 5124 sanetum
1674 5070 1803 5125 illud
1848 5072 1994 5126 beati

401 5172 602 5224 corpus
629 5174 750 5213 cum
794 5158 1137 5228 lampadibus
1177 5173 1234 5217 et
1264 5162 1487 5232 psalmis
1514 5164 1836 5219 credidisset
1862 5180 1993 5235 pro-

401 5250 535 5319 priis
568 5252 839 5321 manibus,
864 5255 1126 5309 transfert
1151 5257 1216 5309 ad
1251 5258 1421 5311 aedem
1458 5271 1620 5326 quam
1652 5257 1768 5326 ipse
1800 5273 1990 5312 recen-

401 5356 482 5398 tcr
525 5343 704 5399 fuerat
751 5345 1083 5413 fabricatus,
1136 5358 1189 5404 et
1234 5349 1287 5403 iu
1336 5364 1498 5403 sacro
1544 5350 1725 5404 loculo
1767 5352 1992 5421 deponit

2102 4795 2381 4865 κιγκλίδα,
2408 4793 2505 4848 καὶ
2537 4793 2605 4848 τά
2643 4791 2781 4847 ἄλλα
2821 4793 2924 4846 ὅσα
2957 4792 3050 4846 τὸν
3086 4791 3212 4845 ναὸν
3242 4786 3353 4844 οἶδε
3387 4791 3639 4861 κοσμεῖν,
3668 4789 3697 4840 6

2102 4889 2455 4959 πατριάρχης
2500 4886 2609 4941 ἀπὸ
2672 4885 3067 4957 Ἰεροσολύμων
3112 4884 3278 4949 εὐθὺς
3333 4882 3693 4939 ἀποστέλλει·

2101 4981 2296 5036 ἔπειτα
2328 4981 2423 5034 καὶ
2457 4979 2622 5044 αὐτὸς
2665 4980 2874 5043 ἐκεῖνος
2904 4979 3123 5033 κάτεισι
3158 4978 3293 5050 πρὸς
3322 4977 3423 5049 τὴν
3448 4975 3657 5048 λαύραν
3679 4994 3692 5007 ·

2100 5077 2196 5131 καὶ
2227 5073 2290 5128 τό
2319 5091 2379 5127 τε
2413 5072 2570 5142 ἅγιον
2597 5075 2775 5128 ἐκεῖνο
2803 5072 2964 5145 σῶμα
2994 5072 3088 5127 τοῦ
3126 5072 3378 5143 μάκαρος
3419 5071 3526 5125 ὑπὸ
3552 5070 3695 5142 λαμ-

2101 5166 2237 5220 πάσι
2284 5164 2381 5218 καὶ
2415 5163 2651 5235 ψαλμοῖς
2682 5165 2874 5234 χερσὶν
2918 5164 3081 5228 ἰδίαις
3112 5162 3435 5227 πιστεύσας,
3466 5163 3603 5234 πρὸς
3631 5162 3692 5215 δν

2100 5259 2264 5323 αὐτὸς
2300 5256 2631 5329 ἐνεούργησε
2668 5257 2968 5329 μεταφέρει
2996 5252 3282 5322 οἷκον,κα“ι
3309 5259 3378 5329 τῇ
3408 5256 3529 5327 ἱερᾷ
3552 5257 3697 5330 θήκῃ

2099 5348 2367 5422 ἀσφαλῶς
2390 5350 2747 5405 κατατίθεται
2769 5368 2780 5379 ·
2806 5353 2882 5415 ὡς
2909 5350 3109 5421 μηκέτι
3133 5350 3540 5423 παρανοιγῆναί
3563 5369 3698 5404 ποτε

400 5447 545 5502 tute;
580 5448 639 5492 ut
682 5455 961 5510 nunquam
997 5453 1177 5509 posset
1213 5441 1445 5509 amplius
1475 5443 1697 5512 aperiri,
1739 5460 1837 5499 nec
1879 5445 1986 5499 ulla

2104 5443 2381 5507 δύνασθαι,
2417 5444 2555 5514 μηδέ
2605 5460 2658 5495 τι
2699 5442 2898 5514 μικρὸν
2929 5442 3141 5496 ἐκεῖθεν
3172 5443 3543 5515 ύφαιρεθῆναι
3598 5442 3693 5496 τοῦ

398 5527 483 5581 vel
507 5543 671 5596 parva
699 5530 825 5584 hinc
842 5532 1047 5584 auferri
1078 5531 1432 5600 reliquiarum
1467 5532 1566 5585 viri
1590 5535 1787 5601 portio.
1816 5533 1986 5589 Porro

400 5619 654 5687 imposita
686 5623 866 5677 tabula
904 5639 1099 5677 urnam
1132 5625 1365 5694 desuper
1396 5628 1549 5696 quasi
1577 5630 1644 5682 ad
1680 5640 1871 5696 pectus
1898 5629 1992 5685 de-

399 5711 535 5781 ﬁgit.
571 5712 649 5768 Ea
685 5732 814 5771 vero
858 5719 925 5772 ab
961 5717 1053 5774 illo
1091 5730 1336 5791 tempore
1371 5724 1420 5776 iu
1462 5723 1784 5778 hodiernum
1821 5740 1991 5793 usque

2100 5538 2296 5610 ἀνδρὸς
2342 5537 2616 5608 λείψανον.
2671 5537 2913 5602 Ἑπιθεὶς
2947 5538 3047 5607 μέν
3077 5555 3161 5591 τοι
3193 5539 3294 5609 τὴν
3335 5537 3543 5603 πλάκα,
3594 5539 3697 5602 τὴν

2099 5631 2281 5703 χώνην
2321 5630 2529 5685 ἄνωθεν
2564 5631 2735 5702 αὐτῆς
2773 5631 2849 5695 ὡς
2883 5631 3017 5702 πρδς
3051 5630 3131 5701 τῷ
3170 5632 3358 5704 στήθει
3393 5632 3692 5703 πήγνυσιν.

2111 5725 2177 5779 Ἡ
2208 5724 2266 5777 δὲ
2319 5723 2692 5789 παντοδαπαῖς
2740 5724 2801 5789 ἐξ
2845 5725 3055 5778 ἐκείνου
3115 5726 3211 5781 καὶ
3249 5727 3329 5790 είς
3389 5724 3543 5798 τήνδε
3597 5725 3699 5794 τὴν

1694 5863 1928 5923 ΥΑΠΙᾸΞ
1974 5865 2377 5925 LECTIONES.

497 5982 529 6020 Β
562 5986 630 6035 al.
668 5983 917 6053 πάροδος.
1033 5993 1047 6032 ί
1086 5993 1153 6048 al.
1195 5996 1347 6053 αὑτό.
1449 5995 1460 6050 ἱ
1498 6000 1565 6054 al.
1615 6004 1987 6073 καταστήσας.

2070 6004 2093 6044 ¹ι
2130 6002 2196 6057 al.
2227 6000 2333 6056 ius.
2373 6001 2457 6056 τό.
2545 5999 2557 6039 ῖ
2598 5999 2667 6054 al.
2705 6001 3069 6059 it-serJleiov.
