4144 6416
475 531 584 595 633

1747 533 1923 595 VITA
1955 532 2016 592 S.
2063 531 2475 595 EUTHYMII.

3636 527 3756 593 604“

477 642 700 713 ἡμέραν
733 643 845 706 τοῖς
898 641 1109 706 πιστῶς
1144 638 1434 712 προσιοῦσι
1466 637 1721 710 δωρεῖται
1754 641 1873 702 ταῖς
1901 638 2061 709 χάρι-

2179 644 2312 700 diem
2354 644 2421 700 ad
2449 657 2610 700 omne
2640 642 2940 715 gratiarum
2969 659 3141 717 genus
3183 644 3624 718 consequendum
3652 649 3743 701 do-

478 751 587 789 aw.
632 733 693 788 '0
726 734 827 805 μὲν
855 733 997 788 οὕτω
1028 730 1299 804 λαμπρῶς
1329 730 1471 784 κατὰ
1498 731 1599 800 τὴν
1628 728 1861 801 ἑϐδόμην
1884 730 2064 784 Μαΐου

475 826 578 897 τὴν
596 826 692 880 τοῦ
716 826 971 897 λειψάνου
1003 825 1302 899 μετάθεσιν
1330 823 1730 904 ἐργασάμενος,
1749 822 2067 894 Μαρτύριον

481 918 608 989 μεθ’
652 919 851 973 ἑαυτοῦ
889 920 986 973 καὶ¹
1020 917 1207 973 Ἠλίαν
1251 913 1613 989 παραλαϐὼν,
1644 917 1727 979 είς
1775 913 1874 986 τὴν
1906 913 2068 983 ἁγίαν

478 1014 574 1065 καὶ
605 1007 767 1075 αὖθις
792 1012 1045 1066 ἐπάνεισι
1075 1010 1232 1064 πόλιν
1252 1027 1266 1043 ·
1305 1008 1401 1062 καὶ
1435 1007 1850 1078 πρεσϐυτέρους
1870 1008 2069 1071 αὐτοὺς

480 1105 806 1175 χειροτονεῖ,
834 1103 933 1157 καὶ
964 1103 1041 1173 τῷ
1062 1102 1164 1172 τῆς
1198 1101 1362 1171 ἁγίας
1395 1101 1751 1165 ἀναστάσεως
1776 1099 2068 1168 καταλέγει

481 1196 692 1265 κλήρῳ.
720 1195 834 1249 Καὶ
866 1193 1043 1247 ταῦτα
1079 1194 1179 1264 μὲν
1207 1192 1402 1257 οὕτως.

554 1283 697 1339 PII‘.
736 1284 881 1356 Ὥρα
918 1285 977 1339 δὲ
1035 1284 1223 1339 λοιπὸν
1267 1286 1452 1337 ὲκεϊνα
1489 1283 1807 1351 διεξελθεῖν,
1836 1283 1960 1338 ὅθεν
1989 1284 2071 1347 εἰς

480 1376 752 1431 κοινόϐιον
775 1375 873 1431 καὶ
898 1378 1099 1448 ὅπωςή
1127 1375 1402 1448 Εὐθυμίου
1429 1376 1609 1447 λαύρα
1637 1375 2068 1448 μετεσκευάσθη.

480 1467 697 1538 Μικρὸν
726 1466 784 1521 δὲ
844 1466 1055 1523 ἄνωθεν
1085 1468 1178 1523 τὸν
1221 1467 1383 1538 λόγον
1412 1468 1713 1536 ἀναγκαῖον
1755 1467 2068 1532 ἀναλαϐεῖν,

481 1558 554 1612 ἶν’
584 1558 733 1613 οὕτω
773 1557 966 1629 σαφῶς
1005 1557 1239 1630 ἔχουσαν
1272 1557 1633 1631 ποιησώμεθα
1664 1558 1765 1631 τὴν
1797 1560 2069 1630 διήγησιν.

2170 745 2333 791 natur
2363 737 2430 793 iis
2461 736 2554 807 qui
2595 751 2716 793 cum
2759 737 2862 792 fide
2908 738 3192 794 accedunt.
3226 740 3404 810 Atque
3450 739 3497 794 is
3542 738 3632 794 ubi
3667 738 3747 795 sic

2168 828 2453 898 splendide
2476 828 2698 885 fecisset
2727 828 3081 900 reliquiarum
3115 831 3529 887 translationem
3576 834 3746 900 septi-

2171 937 2258 979 Ino
2282 920 2430 987 Maii,
2458 921 2774 994 Martyrium
2796 931 2852 979 et
2882 922 3051 977 Eliam
3076 938 3261 979 secum
3297 939 3603 989 assumens,
3630 939 3750 978 rur-

2171 1025 2267 1066 sus
2316 1012 2367 1066 in
2417 1020 2660 1067 sanctam
2714 1013 2988 1068 civitatem
3046 1014 3375 1081 revertitur;
3434 1024 3596 1083 atque
3654 1028 3751 1069 eos

2171 1104 2386 1159 ordinat
2404 1105 2773 1175 presbyteros,
2790 1112 2844 1159 et
2867 1105 3034 1161 refert
3051 1105 3101 1159 in
3120 1104 3439 1173 Catalogum
3462 1106 3591 1161 cIeri
3614 1105 3754 1160 San-

2172 1205 2270 1252 ctae
2283 1196 2742 1252 Resurrectionis.
2767 1197 2835 1252 Et
2856 1198 2972 1253 hmc
2997 1197 3215 1268 quidem
3243 1201 3309 1251 ad
3338 1197 3485 1251 hunc
3511 1197 3753 1250 modum.

2243 1287 2426 1345 CXIII.
2454 1288 2649 1344 Restat
2680 1305 2825 1344 nunc
2851 1298 2911 1344 ut
2942 1289 3029 1343 illa
3074 1304 3489 1361 persequamur,
3536 1287 3677 1341 unde
3704 1296 3759 1341 et

2173 1395 2280 1451 quo
2309 1381 2465 1436 modo
2490 1379 2768 1451 Euthymii
2800 1379 2951 1435 Iaura
2992 1388 3352 1436 transmutata
3380 1381 3453 1435 sit
3487 1379 3541 1434 in
3575 1394 3760 1435 Cinnae

2172 1473 2343 1531 bium.
2381 1474 2488 1529 Sed
2524 1487 2749 1529 necesse
2795 1482 2885 1529 est
2928 1473 3231 1529 orationem
3267 1473 3430 1544 paqu
3459 1472 3623 1527 altius
3669 1486 3758 1526 re-

2174 1576 2380 1637 petere,
2405 1574 2463 1619 ut
2487 1563 2566 1619 sic
2587 1563 2880 1619 dilucidam
2901 1563 3166 1621 faciamus
3187 1564 3580 1619 narrationem.
3601 1565 3774 1618 Anno«

490 1651 685 1714 Ἐτους
713 1649 816 1722 ήδη
838 1648 1057 1721 πρώτου
1094 1650 1231 1720 μετά
1257 1649 1355 1722 τὴν
1383 1649 1663 1721 Εὑθυμίου
1698 1649 1793 1703 τού
1827 1649 2067 1720 μεγάλου

2179 1658 2282 1728 iam
2328 1657 2504 1725 primo
2549 1663 2673 1726 post
2714 1663 2948 1710 mortem
2998 1656 3181 1724 magni
3227 1652 3505 1727 Euthymii
3550 1653 3756 1721 elapso.

484 1743 744 1814 τελευτὴν
779 1744 1178 1813 διαγεγονότος,
1230 1745 1385 1799 Λέων
1419 1746 1448 1799 ὁ
1484 1745 1658 1815 μέγας
1689 1746 1786 1799 xui.
1826 1745 2072 1815 φιλόχρι-

488 1852 613 1899 στος
646 1833 923 1905 βασιλεὺς,
952 1835 1216 1890 καταλύει
1243 1837 1336 1890 τὸν
1364 1836 1498 1908 βίον,
1527 1838 1733 1890 Λέοντα
1755 1836 1848 1890 τὸν
1873 1839 2073 1891 οἰκεῖον

487 1927 716 1994 ἔκγονον
751 1927 834 1980 ἔτι
867 1929 1067 1999 κομιδῇ
1097 1930 1295 1998 νήπιον
1325 1928 1476 1995 ὄντα,
1507 1929 1752 1999 διάδοχον
1782 1930 1881 2000 τῆς
1919 1929 2075 2000 βασι-

484 2013 636 2078 λείας
679 2016 1021 2072 καταλιπών.
1070 2018 1256 2085 Τόνδε,
1312 2018 1487 2092 βραχύ
1535 2036 1588 2074 τι
1641 2020 1961 2075 ὲπιϐιούντα
2004 2022 2070 2090 τῇ

490 2107 764 2179 βασιλεία,
796 2109 985 2180 Ζήνων
1012 2110 1040 2163 ὁ
1074 2110 1257 2182 πατὴρ
1282 2111 1612 2182 διαδέχεται.
1656 2111 1798 2166 Ἀλλ’
1821 2113 1849 2167 ὁ
1882 2111 1981 2183 μὲν
2004 2110 2075 2177 ,ἐξ

485 2197 785 2270 ἐπιϐουλῆς
823 2199 1153 2256 Βασιλίσκου
1204 2201 1351 2267 τινδς
1384 2205 1496 2269 τοῖς
1528 2202 1820 2275 βασιλείοις
1867 2205 2076 2273 ἐπιπη-

487 2293 773 2363 δήσαντος,
804 2295 1000 2364 φεύγει
1033 2296 1172 2364 πρὸς
1213 2295 1510 2367 Ἰσαυρίαν.
1535 2295 1859 2360 Βασιλίσκος
1888 2294 1946 2349 δὲ
1973 2294 2076 2367 τὴν

489 2383 669 2453 ἀρχὴν
694 2382 1004 2456 κατασχὼν,
1042 2383 1365 2454 Ἐγκύκλιον
1392 2383 1534 2440 κατά
1563 2385 1662 2455 τῆς
1691 2387 1750 2440 ὲν
1768 2385 2074 2456 Χαλκηδόνι

488 2475 644 2540 θείας
681 2477 901 2531 συνόδου
930 2479 1167 2533 ποιεῖται
1190 2495 1205 2511 ο
1229 2470 1275 2546 ᾧ
1303 2478 1368 2550 δὴ
1395 2478 1571 2533 καὶτὸ
1599 2477 1950 2550 περιλειφθὲν
1971 2476 2077 2531 άνὰ

484 2567 590 2638 τὴν
623 2568 789 2636 ἁγίαν
823 2568 979 2622 πόλιν
1031 2568 1142 2623 τῶν
1186 2569 1560 2642 ’Δποσχιστῶν
1592 2572 1758 2649 μέρος
1797 2572 2075 2644 ἐπερειδό-

494 2676 671 2730 μενοι,
702 2665 798 2716 καὶ
822 2661 1108 2733 Γερόντιόν
1137 2678 1261 2716 τινα
1286 2662 1369 2726 είς
1401 2663 1838 2735 ἀρχιμανδρίτην
1866 2662 2077 2719 ἑαυτῶν

492 2754 967 2826 προστησάμενοι,
1006 2753 1180 2809 πολλὰ
1213 2754 1356 2808 κατὰ
1386 2757 1487 2825 τῆς
1524 2754 1853 2827 Ἐκκλησίας
1883 2771 2079 2809 νεωτε-

492 2846 726 2917 ρίζουσι,
750 2846 846 2899 καὶ
872 2845 1027 2899 οὐδὲν
1056 2845 1206 2917 ἥττω
1236 2847 1345 2900 τῶν
1371 2847 1478 2901 ὑπὸ
1503 2847 1788 2901 Θεοδοσίου
1814 2846 2079 2917 πρότερον

487 2936 892 3007 τολμηθέντων.
923 2937 1167 3009 Πέμπτῳ
1191 2937 1251 2992 δὲ
1289 2937 1429 3008 μετὰ
1457 2940 1630 2992 ταῦτα
1657 2936 1910 3008 ἐνιαυτῷ,
1946 2937 2077 3008 θνή-

494 3047 617 3084 σκει
673 3030 774 3100 μὲν
812 3030 1168 3095 Ἀναστάσιος
1208 3032 1238 3085 ό
1291 3031 1642 3103 πατριάρχης
1665 3040 1730 3098 ιη,
1767 3029 2077 3102 ἀρχομένου

491 3123 596 3194 ἥδη
640 3122 812 3194 μηνὸς
852 3123 1215 3195 Ἰαννουαρίου
1239 3140 1255 3157 υ
1288 3124 1478 3195 Ζήνων
1505 3123 1564 3177 δὲ
1602 3125 1703 3191 τῆς
1729 3122 1911 3193 φυγῆς
1945 3124 2081 3176 ἁνα-

497 3215 765 3284 στρέψας,
798 3215 1075 3288 χειροῦται
1103 3216 1202 3288 μὲν
1229 3216 1321 3272 τὸν
1343 3216 1690 3283 Ιῖασιλίσκον,
1718 3215 1966 3286 ἐγκρατῆ
1999 3213 2081 3267 ἔτι

2176 1748 2287 1805 Leo
2319 1747 2546 1817 Magnus
2587 1755 2643 1803 et
2675 1746 2879 1804 Christi
2909 1762 3096 1803 amans
3150 1746 3445 1817 imperator
3486 1747 3699 1801 excedit
3731 1761 3760 1800 e

2178 1841 2284 1895 vita
2307 1838 2445 1911 (6i),
2467 1853 2784 1895 successore
2808 1838 3019 1909 imperii
3041 1838 3233 1894 relicto
3249 1836 3429 1915 Leone
3449 1846 3643 1908 nepote
3660 1852 3760 1890 suo

2177 1948 2400 2001 prorsus
2417 1931 2625 1986 infante
2643 1930 2781 2003 (ϐξ).
2797 1931 2857 1985 Ei
2881 1938 3085 1995 autem,
3106 1938 3389 1999 postquam
3415 1945 3607 1999 parum
3623 1929 3761 1983 vixit

2178 2023 2231 2076 in
2250 2021 2481 2090 imperio
2503 2018 2641 2092 (6'5),
2659 2020 2905 2075 succedit
2921 2027 3073 2090 pater
3085 2019 3251 2075 Zeno.
3280 2017 3387 2076 Sed
3405 2020 3497 2073 ille
3514 2019 3755 2088 quidem,

2176 2128 2299 2169 cum
2332 2111 2626 2167 Basiliscus
2656 2112 2876 2183 quidam
2915 2126 2981 2167 ex
3019 2112 3230 2167 insidiis
3259 2111 3553 2167 invasisset
3586 2110 3760 2180 impc-

2177 2205 2343 2270 rium,
2363 2203 2565 2274 fugitin
2586 2203 2848 2259 Isauriam
2869 2202 3003 2275 (θαι).
3020 2200 3089 2257 At
3107 2201 3403 2258 Basiliscus
3420 2201 3647 2273 imperio
3663 2214 3760 2270 po-

2175 2298 2333 2365 titus,
2366 2295 2707 2367 encyclicum
2740 2295 2870 2352 facit
2900 2295 3163 2350 adversus
3218 2293 3461 2349 divinam
3495 2292 3760 2365 synodum

2176 2386 2708 2450 Chalcedonensem;
2759 2401 2869 2457 quo
2910 2384 3130 2456 quidem
3168 2384 3353 2440 nitens
3398 2398 3520 2454 quae
3551 2382 3775 2451 reliqua

2177 2486 2299 2536 erat
2339 2478 2394 2534 in
2435 2487 2627 2535 sancta
2677 2478 2900 2534 civitate
2938 2478 3391 2549 Aposchistarum
3440 2492 3588 2547 pars,
3641 2491 3767 2530 cum

2177 2571 2492 2636 Gerontium
2512 2571 2919 2643 quemdamsibi
2939 2568 3437 2642 praefecissent(65)
3457 2569 3767 2624 archiman-

2179 2666 2399 2731 dritam,
2425 2667 2594 2720 multa
2626 2665 2680 2720 in
2711 2663 3011 2720 Ecclesiam
3036 2664 3280 2732 innovat,
3315 2676 3416 2717 nec
3449 2661 3658 2716 minora
3699 2659 3766 2713 iis

2179 2774 2298 2829 quae
2319 2767 2477 2814 antea
2506 2773 2674 2814 ausus
2695 2756 2873 2813 fuerat
2894 2756 3260 2814 Theodosius.
3286 2756 3554 2812 Caeterum
3574 2754 3767 2824 quinto

2179 2860 2303 2920 post
2330 2851 2447 2905 haec
2470 2864 2614 2905 anno
2639 2848 2775 2920 (66),
2812 2850 3046 2905 moritur
3074 2849 3295 2919 quidem
3319 2846 3645 2902 Anastasius
3672 2860 3767 2913 pa-

2182 2940 2441 3006 triarcha,
2456 2940 2568 3012 jam
2590 2940 2885 3010 incipiente
2906 2955 3093 2996 mense
3106 2938 3395 3005 Januario;
3419 2937 3566 2993 Zeno
3584 2948 3782 2991 autem.

2183 3048 2434 3090 reversus
2461 3048 2491 3087 a
2522 3031 2665 3105 fuga,
2695 3032 2864 3089 vincit
2892 3032 3238 3100 Basiliscum,
3268 3032 3358 3102 qui
3390 3032 3568 3087 adhuc
3594 3029 3768 3100 impe-

2183 3126 2324 3180 rium
2384 3126 2640 3191 tenebat,
2698 3138 3000 3196 rursusque
3056 3132 3345 3195 recuperat
3400 3121 3767 3194 principatum

2183 3233 2343 3287 quem
2379 3217 2636 3272 amiserat
2662 3216 2797 3289 (67).
2820 3217 2887 3272 Et
2906 3218 3017 3273 sedi
3053 3215 3561 3287 llierosolymitanw
3578 3229 3769 3269 succe-

493 3309 595 3377 τῆς
630 3303 912 3378 βασιλείας
958 3310 1300 3382 ὑπάρχοντα,
1333 3309 1635 3364 άνακτᾶται
1684 3308 1740 3362 δὲ
1772 3307 1939 3361 πάλιν
1981 3305 2076 3376 τὴν

2185 3307 2262 3361 dit
2290 3305 2606 3379 Martyrius,
2653 3308 2741 3364 ille
2759 3324 2787 3363 a
2814 3323 2900 3363 me
2925 3307 3179 3378 superius
3200 3321 3344 3376 saepe
3389 3313 3727 3361 memoratus
3752 3323 3767 3369 ;

495 3402 674 3474 ἀρχὴν
705 3401 774 3472 ἢν
804 3402 1059 3458 ἀπέθετο.
1092 3403 1202 3457 Καὶ
1228 3402 1534 3473 διαδέχεται
1579 3401 1672 3455 τὸν
1705 3400 1893 3473 θρόνον
1919 3400 2083 3469 Μαρ-

496 3494 707 3564 τύριος,
732 3493 761 3547 ὃ
785 3494 897 3548 ἄνω
926 3513 1016 3566 μοι
1045 3496 1144 3550 τοῦ
1172 3495 1334 3563 λόγου
1366 3494 1625 3557 πολλάκις
1652 3490 2049 3563 μημονευθεὶς
2068 3507 2083 3522 ο

2186 3399 2278 3466 qui
2326 3401 2393 3453 ad
2429 3400 2606 3468 ipsum
2653 3398 3038 3471 imperatorem
3087 3398 3364 3453 Zenonem
3402 3404 3459 3452 et
3513 3398 3770 3451 Acacium

2186 3488 2863 3562 Constantinopolitanum
2913 3492 3230 3561 episcopum
3283 3490 3479 3547 scribit
3519 3491 3585 3544 de
3627 3488 3771 3557 Apo-

496 3581 555 3645 δς
586 3581 740 3654 αὐτῷ
803 3600 864 3637 τε
908 3584 986 3657 τῷ
1036 3584 1250 3655 βασιλεῖ
1282 3585 1533 3655 Ζήνωνι,
1590 3583 1688 3636 καὶ
1732 3579 1973 3652 Ἀκακίῳ
2009 3578 2076 3651 τιῖ

2189 3582 2438 3645 schistis,
2489 3596 2791 3651 eorumque
2841 3581 3182 3651 blasphemia
3222 3581 3519 3635 etvitanda
3545 3577 3771 3642 haeresi;

502 3675 1163 3743 Κωνσταντινουπόλεως,
1191 3676 1260 3730 τὰ
1289 3676 1419 3748 περὶ
1445 3674 1556 3729 τῶν
1590 3673 1966 3744 Ἀποσχιστῶν
1997 3674 2076 3727 κα¹

2192 3685 2354 3744 atque
2386 3673 2524 3729 Fido
2552 3676 2783 3730 diacono
2814 3674 3013 3728 litteris
3044 3673 3280 3738 traditis,
3307 3688 3414 3727 non
3447 3684 3620 3739 pauca
3656 3669 3775 3723 viro

504 3763 603 3832 τῆς
626 3764 850 3819 ἐκείνων
887 3765 1242 3837 βλασφημίας
1272 3768 1366 3819 καὶ
1399 3762 1643 3835 φευκτῆς
1670 3763 1937 3836 αἱρέσεως
1971 3764 2094 3816 ὲπι-

2196 3778 2292 3819 ore
2315 3764 2477 3819 etiam
2503 3763 2730 3818 dicenda
2772 3763 3015 3819 mandat.

514 3854 746 3910 στέλλει·
810 3856 909 3910 καὶ
962 3856 1135 3928 Φείδῳ
1185 3855 1257 3911 τὰ
1298 3855 1606 3933 γράμματα
1649 3853 1966 3926 ἐγχειρίσας
2011 3853 2091 3925 τῷ
2128 3847 2382 3925 διακόνὶι),
2446 3856 2547 3912 οὐκ
2572 3854 2730 3924 ὀλίγα
2760 3854 2946 3907 εἰπεῖν.
2969 3853 3049 3925 τῷ
3081 3850 3237 3923 ἀνδρὶ
3272 3851 3367 3906 καὶ
3405 3850 3494 3905 διά
3530 3848 3791 3920 γλώττηςΓ

517 3946 827 4003 ἐντέλλεται.

580 4037 717 4093 PIA'.
759 4039 820 4092 '0
846 4037 903 4092 δὲ
931 4040 1032 4110 τὴν
1069 4037 1295 4110 Ἰόππην
1324 4045 1355 4075 ιι
1379 4033 1726 4100 καταλαϐὼν,
1765 4036 1861 4090 καὶ
1895 4035 2082 4090 πλοίου

505 4133 651 4196 τινὸς
689 4132 1046 4203 καταίροντος
1090 4132 1171 4196 είς
1212 4129 1486 4203 Κορύκιον
1507 4130 1530 4162 ⁰
1559 4128 1780 4196 ἐπιϐὰς,
1811 4129 1935 4183 ἐπεὶ
1961 4129 2084 4184 κατ’

504 4225 637 4279 αὐτὸ
680 4226 784 4297 ἠδη
815 4225 876 4279 τδ
920 4224 1259 4295 Παρθενικὺν
1312 4224 1533 4292 ἐγένετο
1561 4222 1821 4291 πέλαγος,
1852 4222 2086 4292 χειμῶνι

2266 4031 2451 4090 CXIV.
2499 4031 2595 4088 Ille
2625 4038 2807 4087 autem
2839 4043 2963 4086 cum
3000 4027 3207 4099 Juppen
3239 4025 3574 4097 pervenisset
3599 4033 3655 4078 et
3683 4039 3778 4077 na-

2195 4126 2395 4198 vigium
2451 4124 2788 4180 ascendisset
2831 4121 2979 4191 quod
3018 4117 3474 4191 proficiscebatur
3516 4116 3569 4170 in
3604 4113 3780 4190 Cory-

2193 4221 2337 4276 cium
2364 4218 2501 4291 (68),
2526 4217 2616 4272 tibi
2641 4216 2752 4286 jam
2777 4215 2879 4271 fuit
2905 4215 2959 4269 in
2980 4213 3099 4284 ipso
3119 4212 3255 4267 mari
3275 4209 3605 4265 Parthenico
3637 4209 3776 4279 (69).

506 4314 731 4385 μεγάλῳ
760 4314 856 4369 καὶ
900 4314 1133 4368 κλύδωνι
1174 4311 1475 4384 συντυχὼν,
1519 4313 1694 4383 μέσης
1745 4312 1939 4376 νυκτὸς
1979 4313 2076 4381 ὐφ-

2195 4314 2247 4368 in
2274 4326 2524 4383 magnam
2546 4309 2793 4365 incidens
2813 4305 3105 4377 procellam
3125 4313 3182 4362 et
3200 4310 3603 4374 tempestatem,
3630 4302 3776 4371 pati—

2197 4415 2205 4418 -
2404 4405 2434 4418 ..
2597 4413 2608 4418 -
2778 4400 2800 4418 ..
2837 4417 2846 4418 ,
2974 4415 3001 4418 ,-
3050 4398 3259 4418 ημηη
3279 4395 3752 4418 ,ιω-,Μυκη

507 4406 724 4460 ίσταται
755 4407 817 4460 τὸ
841 4406 1126 4475 ναυάγιον.
1161 4404 1577 4475 Καταδυόμενος
1608 4406 1667 4460 δὲ
1699 4406 1824 4476 ήδη,
1847 4407 1942 4459 καὶ
1972 4406 2081 4460 οὐδ’

502 4498 755 4552 ὁπωσοῦν
777 4498 972 4552 ἑαυτὸν
993 4497 1277 4569 ὑπερέχων
1302 4507 1329 4546 P
1348 4496 1441 4550 τοῦ
1464 4495 1755 4562 κλύδωνος,
1774 4497 1891 4551 ἀλλ’
1910 4495 2084 4560 οὕτως

505 4589 614 4643 ὑπὸ
639 4589 792 4661 μέσῳ
818 4589 1049 4659 πελάγει
1076 4591 1172 4644 καὶ
1202 4588 1441 4659 ἀσαφείᾳ
1470 4587 1665 4651 νυκτὸς
1686 4588 2082 4659 ἀπολλύμενος,

507 4681 653 4752 ξύλῳ
683 4682 793 4736 τινὶ
828 4683 895 4735 ὲκ
952 4681 1289 4755 παραλόγου,
1342 4680 1545 4751 μᾶλλον
1594 4679 1653 4733 δὲ
1694 4678 1832 4733 Θεοῦ
1882 4679 2084 4745 δόντος,

509 4774 934 4847 περιτυγχάνει⁸
970 4775 1067 4829 καὶ
1097 4773 1511 4846 άπονηξάμενος
1541 4770 1638 4826 ἐπὶ
1665 4771 1881 4837 τούτου,
1911 4771 2005 4826 καί
2033 4788 2086 4825 τι

2192 4415 2280 4462 tur
2298 4405 2470 4460 media
2488 4413 2646 4460 nocte
2665 4400 3032 4472 naufragium.
3048 4398 3297 4468 Cumque
3305 4395 3778 4467 jamdemergere-

2183 4507 2290 4564 tur,
2319 4512 2417 4553 nec
2441 4511 2501 4551 se
2529 4510 2693 4566 supra
2713 4493 2911 4550 ﬂuctus
2940 4491 3436 4563 quomodocunque
3475 4483 3779 4539 attolleret.

2183 4589 2276 4644 sed
2310 4588 2388 4643 sic
2428 4589 2482 4642 in
2519 4586 2701 4642 medio
2736 4586 2899 4653 mari,
2929 4584 3216 4652 noctisque
3258 4577 3597 4634 obscuritate
3642 4576 3783 4645 peri;

2188 4692 2291 4748 ret,
2320 4681 2385 4746 ,in
2435 4681 2708 4750 quoddam
2758 4680 2987 4750 lignum.
3031 4693 3095 4732 ex
3146 4672 3450 4742 inopinato,
3502 4668 3614 4724 imo
3647 4681 3778 4721 vero

2192 4772 2301 4827 Deo
2326 4772 2511 4838 dante,
2539 4772 2806 4837 incurrit;
2842 4787 2963 4825 cum
3007 4785 3114 4839 quo
3150 4776 3405 4828 enatans,
3467 4758 3783 4833 paululumt

1779 4865 2013 4920 VARIIE
2053 4865 2463 4923 LECTIONES.

580 4971 622 5000 ω
651 4960 725 5016 aI.
747 4960 875 5017 add.
917 4959 1330 5031 Ἱεροσολύμων.
1405 4968 1435 4997 ﬁ
1462 4959 1536 5015 al.
1576 4957 1777 5029 Ἰόπην.

1857 4963 1881 4990 °
1916 4956 1989 5011 aI.
2021 4956 2331 5028 Κωρύκιον.
2408 4968 2436 5007 P
2456 4956 2528 5012 al.
2556 4957 2932 5028 ὑπερανέχων.

1717 5051 1910 5109 JOAN.
1952 5050 2292 5109 BOLLANDI
2328 5052 2561 5112 ΝΟΤᾸΒ.

604 5144 693 5202 6|)
733 5144 837 5202 An.
861 5145 962 5201 Ch.
992 5145 1119 5211 474,
1150 5159 1341 5202 mense
1363 5144 1644 5200 Januario.

602 5216 695 5277 6‘2)
733 5215 812 5269 Ex
841 5215 948 5271 filia
985 5217 1245 5282 Ariadna,
1278 5225 1442 5286 nupta
1468 5214 1698 5272 Zenoni.

582 5287 696 5355 (65)
738 5286 1014 5342 Mcnsihus
1044 5288 1134 5341 l0.

589 5356 698 5427 (64)
738 5358 840 5411 An.
869 5355 971 5412 Ch.
994 5356 1120 5412 476.
1163 5356 1364 5411 Basilio
1394 5365 1447 5410 et
1476 5358 1703 5427 Armate
1729 5369 1900 5419 coss.,
1925 5363 1985 5407 ut
2023 5367 2089 5406 ex

511 5427 774 5498 Simplicii
807 5442 957 5497 papa:
980 5426 1207 5498 epistola
1243 5427 1531 5497 colligitur,
1561 5426 1643 5482 his
1671 5426 1793 5480 data
1842 5439 1987 5479 coss.
2013 5438 2088 5484 Iv,

514 5496 595 5551 Id.
627 5495 879 5562 Ianuar”
911 5495 1028 5566 qua
1057 5497 1332 5552 Zenonem
1370 5495 1423 5550 ut
1451 5513 1548 5565 pro
1584 5498 1911 5566 imperatore
1945 5507 2093 5566 quaa-

516 5568 640 5638 ὁποι
669 5580 873 5638 ageret,
908 5563 1158 5623 hortatur
1188 5585 1202 5621 :
1232 5581 1333 5622 nec
1357 5563 1601 5637 diu'post
1636 5563 1797 5623 isthic
1827 5563 2102 5627 substitit,

519 5644 577 5691 ut
594 5636 661 5707 ex
688 5636 861 5693 reditu
886 5639 1116 5707 patebit.

2162 5146 2165 5149 λ
2269 5144 2380 5217 (67)
2423 5143 2549 5217 Post
2566 5144 2637 5217 29
2661 5153 3079 5217 inepses,_qitani
3101 5135 3307 5217 eiectus
3324 5139 3460 5217 erat,
3483 5129 3777 5217 nttradunt

2196 5201 2431 5283 Cy‘rill'us
2476 5216 2526 5269 in
2568 5214 2686 5268 Vita
2727 5212 2787 5266 S.
2830 5201 3010 5283 Saliae,
3057 5218 3109 5261 et
3129 5201 3328 5259 'Victor
3370 5201 3779 5283 Tunnunensis-

2200 5271 2512 5354 Simplicius
2552 5298 2686 5354 papa
2725 5283 2793 5354 de
2822 5273 3052 5354 imperio
3090 5283 3408 5344 recuperato
3434 5271 3784 5354 congratiila'

2201 5338 2661 5423 turngt-noni'ViI
2697 5338 3046 5423 IdusOI-tob.
3085 5338 3236 5417 post'
3260 5338 3600 5400 consulatum
3628 5338 3782 5395 Basio

2198 5418 2751 5494 liscietArn’tutiap.
2786 5421 2885 5494 Ch.
2917 5418 3123 5494 πλη
3170 5486 3182 5494 _
3284 5481 3338 5494 η,
3410 5480 3424 5494 ,
3521 5479 3536 5494 ,

2267 5497 2379 5567 (68)
2408 5492 2650 5567 (Corycus
2688 5492 3009 5567 Ptoletnmo.
3045 5486 3246 5567 Plinio,
3283 5480 3654 5567 Strabonino.
3680 5480 3785 5567 ρετ

2194 5558 2370 5629 labro,
2394 5558 2595 5621 Ciliciae
2615 5563 2869 5634 oppiduni
2893 5577 2906 5625 ;
2933 5558 3221 5634 Corycium
3243 5558 3699 5634 promontorium,
3728 5560 3786 5608 et

2197 5637 2251 5690 in
2293 5651 2360 5691 eo
2399 5646 2614 5691 antrum
2662 5632 2981 5704 Corycium,
3037 5630 3092 5684 in
3139 5643 3246 5698 quo
3298 5630 3540 5695 optimus
3583 5636 3784 5679 crocus

588 5705 703 5778 (65)
740 5705 1268 5777 Pseudoepiscripum
1328 5715 1517 5778 contra
1584 5706 1971 5770 Anastasium,
2039 5712 2099 5758 ut
2198 5708 2461 5778 nascitur.

516 5778 657 5833 bene
685 5779 919 5831 advertit
942 5778 1209 5832 Baronius
1236 5793 1325 5831 an.
1351 5777 1477 5839 476,
1500 5794 1648 5832 nunt.
1681 5778 1775 5831 Μ.
1942 5839 1949 5845 ι

589 5846 707 5919 (6ίῆ
742 5847 875 5919 Post
898 5859 1127 5919 mortem
1164 5848 1220 5902 S'.
1251 5848 1524 5919 Euthymii
1558 5864 1646 5902 an.
1677 5846 1780 5903 Ch.
1802 5844 2088 5919 4,77,49qu

517 5912 827 5986 praefuisset
857 5917 924 5970 l8
952 5931 1143 5981 annos,
1180 5928 1239 5971 nt
1268 5912 1468 5975 dicitur
1512 5919 1565 5974 in
1614 5917 1882 5977 Chronico
1936 5912 2093 5970 Nice-

522 5987 698 6057 phori,
724 5997 778 6044 et
806 5986 1017 6059 aliquot
1039 6002 1270 6046 menses.

2271 5776 2381 5844 (69)
2423 5775 2538 5829 Imo
2595 5771 3018 5836 Parthenicum,
3074 5784 3169 5824 seu
3225 5764 3579 5844 Parthenium
3634 5777 3785 5844 mare

2202 5834 2475 5900 Macrobio
2509 5846 2539 5897 7
2582 5844 2828 5906 Saturn.,
2873 5849 2959 5895 est
2999 5834 3124 5910 pars
3167 5839 3334 5894 maris
3374 5834 3784 5897 Mediterranei,

2201 5918 2343 5987 quod
2375 5915 2557 5973 Asiam
2585 5915 2936 5991 Africamque
2960 5909 3225 5965 interluit.
