  <div class='ocr_page' id='page_1' title='image "/cluster/home/n/w/nwhite01/storage/ocr_20150623/114:no.1/coo.31924054870187/355.png"; bbox 0 0 4144 6424; ppageno 0'>
   <div class='ocr_carea' id='block_1_1' title="bbox 444 479 555 543">
    <p class='ocr_par' dir='ltr' id='par_1_1' title="bbox 444 479 555 543">
     <span class='ocr_line' id='line_1_1' title="bbox 444 479 555 543; baseline -0.018 -4"><span class='ocrx_word' id='word_1_1' title='bbox 444 479 555 543; x_wconf 47' lang='lat' dir='ltr'><strong>iiii?)</strong></span> 
     </span>
    </p>
   </div>
   <div class='ocr_carea' id='block_1_2' title="bbox 1683 481 2472 549">
    <p class='ocr_par' dir='ltr' id='par_1_2' title="bbox 1683 481 2472 549">
     <span class='ocr_line' id='line_1_2' title="bbox 1683 481 2472 549; baseline 0.004 -5"><span class='ocrx_word' id='word_1_2' title='bbox 1683 481 1975 547; x_wconf 75' lang='lat' dir='ltr'><strong>MENSIS</strong></span> <span class='ocrx_word' id='word_1_3' title='bbox 2013 486 2472 549; x_wconf 72' lang='lat' dir='ltr'><strong>JANUARIUS.</strong></span> 
     </span>
    </p>
   </div>
   <div class='ocr_carea' id='block_1_3' title="bbox 3602 478 3711 543">
    <p class='ocr_par' dir='ltr' id='par_1_3' title="bbox 3602 478 3711 543">
     <span class='ocr_line' id='line_1_3' title="bbox 3602 478 3711 543; baseline 0.018 -2"><span class='ocrx_word' id='word_1_4' title='bbox 3602 478 3711 543; x_wconf 73' lang='lat'><strong>696</strong></span> 
     </span>
    </p>
   </div>
   <div class='ocr_carea' id='block_1_4' title="bbox 450 594 2030 671">
    <p class='ocr_par' dir='ltr' id='par_1_4' title="bbox 450 594 2025 662">
     <span class='ocr_line' id='line_1_4' title="bbox 450 594 2025 662; baseline 0.007 -17"><span class='ocrx_word' id='word_1_5' title='bbox 450 610 556 661; x_wconf 82' lang='lat' dir='ltr'><strong>que</strong></span> <span class='ocrx_word' id='word_1_6' title='bbox 587 608 651 648; x_wconf 83' lang='lat' dir='ltr'><strong>ex</strong></span> <span class='ocrx_word' id='word_1_7' title='bbox 692 602 836 648; x_wconf 90' lang='lat' dir='ltr'><strong>tanta</strong></span> <span class='ocrx_word' id='word_1_8' title='bbox 881 594 1191 649; x_wconf 86' lang='lat' dir='ltr'><strong>calamitate</strong></span> <span class='ocrx_word' id='word_1_9' title='bbox 1238 605 1545 662; x_wconf 87' lang='lat' dir='ltr'><strong>recreatus,</strong></span> <span class='ocrx_word' id='word_1_10' title='bbox 1582 598 1636 652; x_wconf 93' lang='lat' dir='ltr'><strong>in</strong></span> <span class='ocrx_word' id='word_1_11' title='bbox 1691 600 2025 656; x_wconf 83' lang='lat' dir='ltr'><strong>recordatio—</strong></span> 
     </span>
    </p>
   </div>
   <div class='ocr_carea' id='block_1_5' title="bbox 2135 594 3710 671">
    <p class='ocr_par' dir='ltr' id='par_1_5' title="bbox 2135 595 3710 671">
     <span class='ocr_line' id='line_1_5' title="bbox 2135 595 3710 671; baseline -0.005 -18"><span class='ocrx_word' id='word_1_12' title='bbox 2135 600 2328 671; x_wconf 81' lang='grc' dir='ltr'>μικρὸν</span> <span class='ocrx_word' id='word_1_13' title='bbox 2372 601 2437 653; x_wconf 87' lang='grc' dir='ltr'><strong>ἐκ</strong></span> <span class='ocrx_word' id='word_1_14' title='bbox 2490 596 2825 667; x_wconf 81' lang='grc' dir='ltr'><strong>τηλικαύτης</strong></span> <span class='ocrx_word' id='word_1_15' title='bbox 2879 595 3190 665; x_wconf 86' lang='grc' dir='ltr'>ἀνενεγκὼν</span> <span class='ocrx_word' id='word_1_16' title='bbox 3249 610 3570 665; x_wconf 82' lang='grc' dir='ltr'>συμφορας,</span> <span class='ocrx_word' id='word_1_17' title='bbox 3630 597 3710 655; x_wconf 76' lang='lat' dir='ltr'><strong>si;</strong></span> 
     </span>
    </p>
   </div>
   <div class='ocr_carea' id='block_1_6' title="bbox 453 682 2027 757">
    <p class='ocr_par' dir='ltr' id='par_1_6' title="bbox 453 682 2027 757">
     <span class='ocr_line' id='line_1_6' title="bbox 453 682 2027 757; baseline 0.003 -20"><span class='ocrx_word' id='word_1_18' title='bbox 453 700 574 738; x_wconf 78' lang='lat' dir='ltr'><strong>nem</strong></span> <span class='ocrx_word' id='word_1_19' title='bbox 628 684 773 739; x_wconf 86' lang='lat' dir='ltr'><strong>venit</strong></span> <span class='ocrx_word' id='word_1_20' title='bbox 817 682 1157 739; x_wconf 75' lang='lat' dir='ltr'><strong>admirabilis</strong></span> <span class='ocrx_word' id='word_1_21' title='bbox 1202 682 1477 757; x_wconf 76' lang='lat' dir='ltr'><strong>Enthymii</strong></span> <span class='ocrx_word' id='word_1_22' title='bbox 1521 702 1535 739; x_wconf 90' lang='lat'><strong>:</strong></span> <span class='ocrx_word' id='word_1_23' title='bbox 1575 694 1629 741; x_wconf 88' lang='lat' dir='ltr'><strong>et</strong></span> <span class='ocrx_word' id='word_1_24' title='bbox 1664 687 1848 742; x_wconf 89' lang='lat' dir='ltr'><strong>statim</strong></span> <span class='ocrx_word' id='word_1_25' title='bbox 1880 687 2027 743; x_wconf 91' lang='lat' dir='ltr'><strong>illum</strong></span> 
     </span>
    </p>
   </div>
   <div class='ocr_carea' id='block_1_7' title="bbox 451 774 2028 844">
    <p class='ocr_par' dir='ltr' id='par_1_7' title="bbox 451 774 2028 844">
     <span class='ocr_line' id='line_1_7' title="bbox 451 774 2028 844; baseline 0.003 -15"><span class='ocrx_word' id='word_1_26' title='bbox 451 777 712 831; x_wconf 76' lang='lat' dir='ltr'><strong>adversus</strong></span> <span class='ocrx_word' id='word_1_27' title='bbox 746 774 1051 844; x_wconf 88' lang='lat' dir='ltr'><strong>periculum</strong></span> <span class='ocrx_word' id='word_1_28' title='bbox 1079 776 1459 832; x_wconf 79' lang='lat' dir='ltr'><strong>auxiliatorem</strong></span> <span class='ocrx_word' id='word_1_29' title='bbox 1495 777 1804 844; x_wconf 77' lang='lat' dir='ltr'><strong>invocabat,</strong></span> <span class='ocrx_word' id='word_1_30' title='bbox 1831 788 1886 833; x_wconf 88' lang='lat' dir='ltr'><strong>et</strong></span> <span class='ocrx_word' id='word_1_31' title='bbox 1910 795 2028 834; x_wconf 92' lang='lat' dir='ltr'><strong>am-</strong></span> 
     </span>
    </p>
   </div>
   <div class='ocr_carea' id='block_1_8' title="bbox 447 867 2029 941">
    <p class='ocr_par' dir='ltr' id='par_1_8' title="bbox 447 867 2029 941">
     <span class='ocr_line' id='line_1_8' title="bbox 447 867 2029 941; baseline 0.002 -19"><span class='ocrx_word' id='word_1_32' title='bbox 447 867 544 923; x_wconf 88' lang='lat' dir='ltr'><strong>bas</strong></span> <span class='ocrx_word' id='word_1_33' title='bbox 567 869 615 923; x_wconf 89' lang='lat' dir='ltr'><strong>ei</strong></span> <span class='ocrx_word' id='word_1_34' title='bbox 646 868 897 924; x_wconf 85' lang='lat' dir='ltr'><strong>tendebat</strong></span> <span class='ocrx_word' id='word_1_35' title='bbox 922 883 1140 938; x_wconf 90' lang='lat' dir='ltr'><strong>manus,</strong></span> <span class='ocrx_word' id='word_1_36' title='bbox 1176 869 1426 939; x_wconf 87' lang='lat' dir='ltr'><strong>illiusque</strong></span> <span class='ocrx_word' id='word_1_37' title='bbox 1457 886 1652 926; x_wconf 86' lang='lat' dir='ltr'><strong>nomen</strong></span> <span class='ocrx_word' id='word_1_38' title='bbox 1686 885 1830 941; x_wconf 69' lang='lat' dir='ltr'><strong>saepe</strong></span> <span class='ocrx_word' id='word_1_39' title='bbox 1861 871 2029 925; x_wconf 90' lang='lat' dir='ltr'><strong>incla-</strong></span> 
     </span>
    </p>
   </div>
   <div class='ocr_carea' id='block_1_9' title="bbox 449 959 2030 1033">
    <p class='ocr_par' dir='ltr' id='par_1_9' title="bbox 449 959 2030 1033">
     <span class='ocr_line' id='line_1_9' title="bbox 449 959 2030 1033; baseline 0.001 -19"><span class='ocrx_word' id='word_1_40' title='bbox 449 959 655 1017; x_wconf 89' lang='lat' dir='ltr'><strong>mabat.</strong></span> <span class='ocrx_word' id='word_1_41' title='bbox 709 959 802 1015; x_wconf 89' lang='lat' dir='ltr'><strong>Sic</strong></span> <span class='ocrx_word' id='word_1_42' title='bbox 855 975 987 1033; x_wconf 81' lang='lat' dir='ltr'><strong>ergo</strong></span> <span class='ocrx_word' id='word_1_43' title='bbox 1033 962 1082 1017; x_wconf 89' lang='lat' dir='ltr'><strong>ei</strong></span> <span class='ocrx_word' id='word_1_44' title='bbox 1143 961 1436 1026; x_wconf 90' lang='lat' dir='ltr'><strong>laboranti,</strong></span> <span class='ocrx_word' id='word_1_45' title='bbox 1498 972 1723 1032; x_wconf 85' lang='lat' dir='ltr'><strong>apparet</strong></span> <span class='ocrx_word' id='word_1_46' title='bbox 1778 962 2030 1017; x_wconf 86' lang='lat' dir='ltr'><strong>alicunde</strong></span> 
     </span>
    </p>
   </div>
   <div class='ocr_carea' id='block_1_10' title="bbox 446 1049 2031 1122">
    <p class='ocr_par' dir='ltr' id='par_1_10' title="bbox 446 1049 2031 1122">
     <span class='ocr_line' id='line_1_10' title="bbox 446 1049 2031 1122; baseline 0.001 -19"><span class='ocrx_word' id='word_1_47' title='bbox 446 1065 678 1119; x_wconf 82' lang='lat' dir='ltr'><strong>magnus</strong></span> <span class='ocrx_word' id='word_1_48' title='bbox 697 1049 1047 1122; x_wconf 87' lang='lat' dir='ltr'><strong>Enthymius,</strong></span> <span class='ocrx_word' id='word_1_49' title='bbox 1078 1054 1352 1110; x_wconf 87' lang='lat' dir='ltr'><strong>transiens</strong></span> <span class='ocrx_word' id='word_1_50' title='bbox 1375 1069 1471 1122; x_wconf 90' lang='lat' dir='ltr'><strong>per</strong></span> <span class='ocrx_word' id='word_1_51' title='bbox 1497 1064 1733 1119; x_wconf 88' lang='lat' dir='ltr'><strong>mare,et</strong></span> <span class='ocrx_word' id='word_1_52' title='bbox 1755 1068 1917 1122; x_wconf 82' lang='lat' dir='ltr'><strong>super</strong></span> <span class='ocrx_word' id='word_1_53' title='bbox 1935 1051 2031 1105; x_wconf 85' lang='lat' dir='ltr'><strong>llu-</strong></span> 
     </span>
    </p>
   </div>
   <div class='ocr_carea' id='block_1_11' title="bbox 445 1145 2027 1217">
    <p class='ocr_par' dir='ltr' id='par_1_11' title="bbox 445 1145 2027 1217">
     <span class='ocr_line' id='line_1_11' title="bbox 445 1145 2027 1217; baseline 0.001 -18"><span class='ocrx_word' id='word_1_54' title='bbox 445 1154 566 1200; x_wconf 88' lang='lat' dir='ltr'><strong>ctus</strong></span> <span class='ocrx_word' id='word_1_55' title='bbox 600 1159 792 1201; x_wconf 88' lang='lat' dir='ltr'><strong>secure</strong></span> <span class='ocrx_word' id='word_1_56' title='bbox 820 1147 1104 1206; x_wconf 86' lang='lat' dir='ltr'><strong>incedens.</strong></span> <span class='ocrx_word' id='word_1_57' title='bbox 1149 1148 1249 1215; x_wconf 85' lang='lat' dir='ltr'><strong>Qui</strong></span> <span class='ocrx_word' id='word_1_58' title='bbox 1268 1145 1459 1203; x_wconf 87' lang='lat' dir='ltr'><strong>Fidum</strong></span> <span class='ocrx_word' id='word_1_59' title='bbox 1482 1156 1706 1217; x_wconf 89' lang='lat' dir='ltr'><strong>repente</strong></span> <span class='ocrx_word' id='word_1_60' title='bbox 1730 1147 2027 1213; x_wconf 84' lang='lat' dir='ltr'><strong>videntem,</strong></span> 
     </span>
    </p>
   </div>
   <div class='ocr_carea' id='block_1_12' title="bbox 446 1238 2028 1310">
    <p class='ocr_par' dir='ltr' id='par_1_12' title="bbox 446 1238 2028 1310">
     <span class='ocr_line' id='line_1_12' title="bbox 446 1238 2028 1310; baseline 0.002 -18"><span class='ocrx_word' id='word_1_61' title='bbox 446 1239 500 1293; x_wconf 92' lang='lat' dir='ltr'><strong>in</strong></span> <span class='ocrx_word' id='word_1_62' title='bbox 547 1238 964 1296; x_wconf 86' lang='lat' dir='ltr'><strong>admirationem</strong></span> <span class='ocrx_word' id='word_1_63' title='bbox 1010 1242 1232 1310; x_wconf 86' lang='lat' dir='ltr'><strong>conjicit</strong></span> <span class='ocrx_word' id='word_1_64' title='bbox 1269 1258 1284 1296; x_wconf 92' lang='lat'><strong>:</strong></span> <span class='ocrx_word' id='word_1_65' title='bbox 1327 1242 1421 1296; x_wconf 89' lang='lat' dir='ltr'><strong>sed</strong></span> <span class='ocrx_word' id='word_1_66' title='bbox 1452 1256 1574 1295; x_wconf 90' lang='lat' dir='ltr'><strong>eum</strong></span> <span class='ocrx_word' id='word_1_67' title='bbox 1615 1255 1806 1296; x_wconf 89' lang='lat' dir='ltr'><strong>rursus</strong></span> <span class='ocrx_word' id='word_1_68' title='bbox 1839 1240 2028 1295; x_wconf 89' lang='lat' dir='ltr'><strong>volens</strong></span> 
     </span>
    </p>
   </div>
   <div class='ocr_carea' id='block_1_13' title="bbox 444 1328 2026 1400">
    <p class='ocr_par' dir='ltr' id='par_1_13' title="bbox 444 1328 2026 1400">
     <span class='ocr_line' id='line_1_13' title="bbox 444 1328 2026 1400; baseline 0.001 -18"><span class='ocrx_word' id='word_1_69' title='bbox 444 1328 514 1383; x_wconf 89' lang='lat' dir='ltr'><strong>ab</strong></span> <span class='ocrx_word' id='word_1_70' title='bbox 566 1344 774 1400; x_wconf 80' lang='lat' dir='ltr'><strong>angore</strong></span> <span class='ocrx_word' id='word_1_71' title='bbox 825 1340 879 1385; x_wconf 89' lang='lat' dir='ltr'><strong>et</strong></span> <span class='ocrx_word' id='word_1_72' title='bbox 925 1342 1071 1386; x_wconf 90' lang='lat' dir='ltr'><strong>metu</strong></span> <span class='ocrx_word' id='word_1_73' title='bbox 1126 1331 1308 1386; x_wconf 89' lang='lat' dir='ltr'><strong>statim</strong></span> <span class='ocrx_word' id='word_1_74' title='bbox 1365 1329 1624 1392; x_wconf 83' lang='lat' dir='ltr'><strong>liberare.</strong></span> <span class='ocrx_word' id='word_1_75' title='bbox 1665 1338 1921 1385; x_wconf 90' lang='lat' dir='ltr'><strong>consueta</strong></span> <span class='ocrx_word' id='word_1_76' title='bbox 1951 1329 2026 1383; x_wconf 88' lang='lat' dir='ltr'><strong>ttti</strong></span> 
     </span>
    </p>
   </div>
   <div class='ocr_carea' id='block_1_14' title="bbox 442 1418 2028 1492">
    <p class='ocr_par' dir='ltr' id='par_1_14' title="bbox 442 1418 2028 1492">
     <span class='ocr_line' id='line_1_14' title="bbox 442 1418 2028 1492; baseline 0.002 -18"><span class='ocrx_word' id='word_1_77' title='bbox 442 1418 679 1477; x_wconf 65' lang='lat' dir='ltr'><strong>faciebat</strong></span> <span class='ocrx_word' id='word_1_78' title='bbox 710 1422 860 1491; x_wconf 88' lang='lat' dir='ltr'><strong>prius</strong></span> <span class='ocrx_word' id='word_1_79' title='bbox 888 1421 1214 1478; x_wconf 83' lang='lat' dir='ltr'><strong>allocutione</strong></span> <span class='ocrx_word' id='word_1_80' title='bbox 1248 1437 1265 1476; x_wconf 94' lang='lat'><strong>:</strong></span> <span class='ocrx_word' id='word_1_81' title='bbox 1293 1421 1649 1492; x_wconf 87' lang='lat' dir='ltr'><strong>Noli,inquit,</strong></span> <span class='ocrx_word' id='word_1_82' title='bbox 1674 1423 1902 1489; x_wconf 88' lang='lat' dir='ltr'><strong>timere;</strong></span> <span class='ocrx_word' id='word_1_83' title='bbox 1929 1437 2028 1492; x_wconf 80' lang='lat' dir='ltr'><strong>ego</strong></span> 
     </span>
    </p>
   </div>
   <div class='ocr_carea' id='block_1_15' title="bbox 446 1512 2028 1588">
    <p class='ocr_par' dir='ltr' id='par_1_15' title="bbox 446 1512 2028 1588">
     <span class='ocr_line' id='line_1_15' title="bbox 446 1512 2028 1588; baseline -0.001 -18"><span class='ocrx_word' id='word_1_84' title='bbox 446 1529 564 1570; x_wconf 83' lang='lat' dir='ltr'><strong>sum</strong></span> <span class='ocrx_word' id='word_1_85' title='bbox 594 1515 918 1588; x_wconf 85' lang='lat' dir='ltr'><strong>Euthymius</strong></span> <span class='ocrx_word' id='word_1_86' title='bbox 965 1531 1156 1571; x_wconf 92' lang='lat' dir='ltr'><strong>servus</strong></span> <span class='ocrx_word' id='word_1_87' title='bbox 1195 1516 1285 1571; x_wconf 88' lang='lat' dir='ltr'><strong>Dei</strong></span> <span class='ocrx_word' id='word_1_88' title='bbox 1320 1529 1336 1569; x_wconf 88' lang='lat'><strong>:</strong></span> <span class='ocrx_word' id='word_1_89' title='bbox 1369 1517 1513 1571; x_wconf 90' lang='lat' dir='ltr'><strong>scias</strong></span> <span class='ocrx_word' id='word_1_90' title='bbox 1553 1523 1764 1581; x_wconf 87' lang='lat' dir='ltr'><strong>autem,</strong></span> <span class='ocrx_word' id='word_1_91' title='bbox 1801 1514 1896 1568; x_wconf 90' lang='lat' dir='ltr'><strong>tibi</strong></span> <span class='ocrx_word' id='word_1_92' title='bbox 1932 1512 2028 1569; x_wconf 81' lang='lat' dir='ltr'><strong>bo-</strong></span> 
     </span>
    </p>
   </div>
   <div class='ocr_carea' id='block_1_16' title="bbox 445 1604 2025 1676">
    <p class='ocr_par' dir='ltr' id='par_1_16' title="bbox 445 1604 2025 1676">
     <span class='ocr_line' id='line_1_16' title="bbox 445 1604 2025 1676; baseline 0 -19"><span class='ocrx_word' id='word_1_93' title='bbox 445 1621 574 1659; x_wconf 90' lang='lat' dir='ltr'><strong>num</strong></span> <span class='ocrx_word' id='word_1_94' title='bbox 630 1621 733 1661; x_wconf 92' lang='lat' dir='ltr'><strong>non</strong></span> <span class='ocrx_word' id='word_1_95' title='bbox 787 1622 908 1663; x_wconf 88' lang='lat' dir='ltr'><strong>esse</strong></span> <span class='ocrx_word' id='word_1_96' title='bbox 942 1606 1047 1663; x_wconf 85' lang='lat' dir='ltr'><strong>hoc</strong></span> <span class='ocrx_word' id='word_1_97' title='bbox 1083 1607 1186 1663; x_wconf 86' lang='lat' dir='ltr'><strong>iter</strong></span> <span class='ocrx_word' id='word_1_98' title='bbox 1217 1608 1269 1662; x_wconf 92' lang='lat' dir='ltr'><strong>in</strong></span> <span class='ocrx_word' id='word_1_99' title='bbox 1314 1616 1609 1676; x_wconf 87' lang='lat' dir='ltr'><strong>conspectu</strong></span> <span class='ocrx_word' id='word_1_100' title='bbox 1657 1604 1776 1662; x_wconf 90' lang='lat' dir='ltr'><strong>Dei.</strong></span> <span class='ocrx_word' id='word_1_101' title='bbox 1809 1604 2025 1659; x_wconf 88' lang='lat' dir='ltr'><strong>Nullam</strong></span> 
     </span>
    </p>
   </div>
   <div class='ocr_carea' id='block_1_17' title="bbox 442 1696 2029 1765">
    <p class='ocr_par' dir='ltr' id='par_1_17' title="bbox 442 1696 2029 1765">
     <span class='ocr_line' id='line_1_17' title="bbox 442 1696 2029 1765; baseline 0.003 -14"><span class='ocrx_word' id='word_1_102' title='bbox 442 1698 587 1751; x_wconf 89' lang='lat' dir='ltr'><strong>enim</strong></span> <span class='ocrx_word' id='word_1_103' title='bbox 625 1697 814 1754; x_wconf 84' lang='lat' dir='ltr'><strong>aﬂ‘eret</strong></span> <span class='ocrx_word' id='word_1_104' title='bbox 866 1699 1155 1755; x_wconf 78' lang='lat' dir='ltr'><strong>utilitatem</strong></span> <span class='ocrx_word' id='word_1_105' title='bbox 1211 1700 1375 1754; x_wconf 87' lang='lat' dir='ltr'><strong>matri</strong></span> <span class='ocrx_word' id='word_1_106' title='bbox 1431 1698 1826 1755; x_wconf 87' lang='lat' dir='ltr'><strong>Ecclesiarum.</strong></span> <span class='ocrx_word' id='word_1_107' title='bbox 1884 1696 2029 1765; x_wconf 79' lang='lat' dir='ltr'><strong>Qua-</strong></span> 
     </span>
    </p>
   </div>
   <div class='ocr_carea' id='block_1_18' title="bbox 440 1790 2028 1861">
    <p class='ocr_par' dir='ltr' id='par_1_18' title="bbox 440 1790 2028 1861">
     <span class='ocr_line' id='line_1_18' title="bbox 440 1790 2028 1861; baseline 0.003 -21"><span class='ocrx_word' id='word_1_108' title='bbox 440 1796 662 1857; x_wconf 89' lang='lat' dir='ltr'><strong>propter</strong></span> <span class='ocrx_word' id='word_1_109' title='bbox 684 1798 899 1859; x_wconf 92' lang='lat' dir='ltr'><strong>oportet</strong></span> <span class='ocrx_word' id='word_1_110' title='bbox 930 1799 980 1844; x_wconf 88' lang='lat' dir='ltr'><strong>te</strong></span> <span class='ocrx_word' id='word_1_111' title='bbox 1003 1790 1201 1846; x_wconf 85' lang='lat' dir='ltr'><strong>reverti</strong></span> <span class='ocrx_word' id='word_1_112' title='bbox 1232 1791 1296 1845; x_wconf 84' lang='lat' dir='ltr'><strong>ad</strong></span> <span class='ocrx_word' id='word_1_113' title='bbox 1328 1806 1451 1846; x_wconf 91' lang='lat' dir='ltr'><strong>eum</strong></span> <span class='ocrx_word' id='word_1_114' title='bbox 1475 1791 1565 1861; x_wconf 94' lang='lat' dir='ltr'><strong>qui</strong></span> <span class='ocrx_word' id='word_1_115' title='bbox 1598 1799 1648 1846; x_wconf 94' lang='lat' dir='ltr'><strong>te</strong></span> <span class='ocrx_word' id='word_1_116' title='bbox 1677 1791 1845 1855; x_wconf 89' lang='lat' dir='ltr'><strong>misit,</strong></span> <span class='ocrx_word' id='word_1_117' title='bbox 1867 1793 2028 1858; x_wconf 86' lang='lat' dir='ltr'><strong>eique</strong></span> 
     </span>
    </p>
   </div>
   <div class='ocr_carea' id='block_1_19' title="bbox 444 1879 2025 1943">
    <p class='ocr_par' dir='ltr' id='par_1_19' title="bbox 444 1879 2025 1943">
     <span class='ocr_line' id='line_1_19' title="bbox 444 1879 2025 1943; baseline 0.001 -13"><span class='ocrx_word' id='word_1_118' title='bbox 444 1894 566 1932; x_wconf 88' lang='lat' dir='ltr'><strong>meo</strong></span> <span class='ocrx_word' id='word_1_119' title='bbox 597 1880 819 1935; x_wconf 88' lang='lat' dir='ltr'><strong>nomine</strong></span> <span class='ocrx_word' id='word_1_120' title='bbox 846 1881 1191 1943; x_wconf 87' lang='lat' dir='ltr'><strong>denuntiare.</strong></span> <span class='ocrx_word' id='word_1_121' title='bbox 1233 1897 1300 1937; x_wconf 92' lang='lat' dir='ltr'><strong>ue</strong></span> <span class='ocrx_word' id='word_1_122' title='bbox 1344 1882 1416 1938; x_wconf 86' lang='lat' dir='ltr'><strong>sit</strong></span> <span class='ocrx_word' id='word_1_123' title='bbox 1449 1881 1723 1937; x_wconf 80' lang='lat' dir='ltr'><strong>ullatenus</strong></span> <span class='ocrx_word' id='word_1_124' title='bbox 1757 1879 2025 1935; x_wconf 90' lang='lat' dir='ltr'><strong>sollicitus</strong></span> 
     </span>
    </p>
   </div>
   <div class='ocr_carea' id='block_1_20' title="bbox 442 1970 2023 2044">
    <p class='ocr_par' dir='ltr' id='par_1_20' title="bbox 442 1970 2023 2044">
     <span class='ocr_line' id='line_1_20' title="bbox 442 1970 2023 2044; baseline 0.002 -23"><span class='ocrx_word' id='word_1_125' title='bbox 442 1972 512 2025; x_wconf 91' lang='lat' dir='ltr'><strong>de</strong></span> <span class='ocrx_word' id='word_1_126' title='bbox 540 1970 908 2042; x_wconf 73' lang='lat' dir='ltr'><strong>disiunctione</strong></span> <span class='ocrx_word' id='word_1_127' title='bbox 953 1973 1443 2044; x_wconf 85' lang='lat' dir='ltr'><strong>Aposcbistarum;</strong></span> <span class='ocrx_word' id='word_1_128' title='bbox 1483 1988 1591 2030; x_wconf 81' lang='lat' dir='ltr'><strong>non</strong></span> <span class='ocrx_word' id='word_1_129' title='bbox 1625 1974 1772 2026; x_wconf 89' lang='lat' dir='ltr'><strong>enim</strong></span> <span class='ocrx_word' id='word_1_130' title='bbox 1805 1972 1895 2027; x_wconf 91' lang='lat' dir='ltr'><strong>diu</strong></span> <span class='ocrx_word' id='word_1_131' title='bbox 1926 1970 2023 2025; x_wconf 86' lang='lat' dir='ltr'><strong>ab-</strong></span> 
     </span>
    </p>
   </div>
   <div class='ocr_carea' id='block_1_21' title="bbox 443 2061 2024 2135">
    <p class='ocr_par' dir='ltr' id='par_1_21' title="bbox 443 2061 2024 2135">
     <span class='ocr_line' id='line_1_21' title="bbox 443 2061 2024 2135; baseline 0.001 -18"><span class='ocrx_word' id='word_1_132' title='bbox 443 2061 592 2131; x_wconf 88' lang='lat' dir='ltr'><strong>hinc,</strong></span> <span class='ocrx_word' id='word_1_133' title='bbox 642 2065 737 2118; x_wconf 82' lang='lat' dir='ltr'><strong>sed</strong></span> <span class='ocrx_word' id='word_1_134' title='bbox 781 2065 881 2120; x_wconf 92' lang='lat' dir='ltr'><strong>sub</strong></span> <span class='ocrx_word' id='word_1_135' title='bbox 911 2065 1028 2135; x_wconf 86' lang='lat' dir='ltr'><strong>ejus</strong></span> <span class='ocrx_word' id='word_1_136' title='bbox 1053 2066 1369 2135; x_wconf 81' lang='lat' dir='ltr'><strong>pontificatu</strong></span> <span class='ocrx_word' id='word_1_137' title='bbox 1415 2067 1521 2121; x_wconf 90' lang='lat' dir='ltr'><strong>erit</strong></span> <span class='ocrx_word' id='word_1_138' title='bbox 1565 2064 1714 2129; x_wconf 75' lang='lat' dir='ltr'><strong>uuie,</strong></span> <span class='ocrx_word' id='word_1_139' title='bbox 1747 2074 1803 2119; x_wconf 87' lang='lat' dir='ltr'><strong>et</strong></span> <span class='ocrx_word' id='word_1_140' title='bbox 1833 2078 2024 2119; x_wconf 89' lang='lat' dir='ltr'><strong>omnes</strong></span> 
     </span>
    </p>
   </div>
   <div class='ocr_carea' id='block_1_22' title="bbox 448 2152 2027 2227">
    <p class='ocr_par' dir='ltr' id='par_1_22' title="bbox 448 2152 2027 2227">
     <span class='ocr_line' id='line_1_22' title="bbox 448 2152 2027 2227; baseline 0.002 -22"><span class='ocrx_word' id='word_1_141' title='bbox 448 2152 923 2225; x_wconf 88' lang='lat' dir='ltr'><strong>llicrosolymitani</strong></span> <span class='ocrx_word' id='word_1_142' title='bbox 967 2157 1094 2212; x_wconf 74' lang='lat' dir='ltr'><strong>fient</strong></span> <span class='ocrx_word' id='word_1_143' title='bbox 1119 2172 1258 2212; x_wconf 87' lang='lat' dir='ltr'><strong>unus</strong></span> <span class='ocrx_word' id='word_1_144' title='bbox 1283 2173 1437 2227; x_wconf 81' lang='lat' dir='ltr'><strong>grex,</strong></span> <span class='ocrx_word' id='word_1_145' title='bbox 1473 2167 1635 2225; x_wconf 87' lang='lat' dir='ltr'><strong>atque</strong></span> <span class='ocrx_word' id='word_1_146' title='bbox 1664 2156 1762 2211; x_wconf 81' lang='lat' dir='ltr'><strong>sub</strong></span> <span class='ocrx_word' id='word_1_147' title='bbox 1794 2170 1901 2212; x_wconf 90' lang='lat' dir='ltr'><strong>uno</strong></span> <span class='ocrx_word' id='word_1_148' title='bbox 1930 2168 2027 2224; x_wconf 88' lang='lat' dir='ltr'><strong>pa-</strong></span> 
     </span>
    </p>
   </div>
   <div class='ocr_carea' id='block_1_23' title="bbox 444 2244 2022 2315">
    <p class='ocr_par' dir='ltr' id='par_1_23' title="bbox 444 2244 2022 2315">
     <span class='ocr_line' id='line_1_23' title="bbox 444 2244 2022 2315; baseline 0.001 -17"><span class='ocrx_word' id='word_1_149' title='bbox 444 2255 614 2299; x_wconf 91' lang='lat' dir='ltr'><strong>store.</strong></span> <span class='ocrx_word' id='word_1_150' title='bbox 649 2244 725 2300; x_wconf 87' lang='lat' dir='ltr'><strong>Te</strong></span> <span class='ocrx_word' id='word_1_151' title='bbox 754 2257 933 2302; x_wconf 90' lang='lat' dir='ltr'><strong>autem</strong></span> <span class='ocrx_word' id='word_1_152' title='bbox 965 2257 1178 2315; x_wconf 86' lang='lat' dir='ltr'><strong>oportet</strong></span> <span class='ocrx_word' id='word_1_153' title='bbox 1214 2247 1401 2302; x_wconf 88' lang='lat' dir='ltr'><strong>venire</strong></span> <span class='ocrx_word' id='word_1_154' title='bbox 1452 2248 1518 2301; x_wconf 91' lang='lat' dir='ltr'><strong>ad</strong></span> <span class='ocrx_word' id='word_1_155' title='bbox 1564 2261 1739 2301; x_wconf 92' lang='lat' dir='ltr'><strong>meam</strong></span> <span class='ocrx_word' id='word_1_156' title='bbox 1770 2246 2022 2314; x_wconf 81' lang='lat' dir='ltr'><strong>lauram;</strong></span> 
     </span>
    </p>
   </div>
   <div class='ocr_carea' id='block_1_24' title="bbox 445 2336 2027 2408">
    <p class='ocr_par' dir='ltr' id='par_1_24' title="bbox 445 2336 2027 2408">
     <span class='ocr_line' id='line_1_24' title="bbox 445 2336 2027 2408; baseline 0.001 -19"><span class='ocrx_word' id='word_1_157' title='bbox 445 2345 500 2390; x_wconf 85' lang='lat' dir='ltr'><strong>et</strong></span> <span class='ocrx_word' id='word_1_158' title='bbox 541 2337 768 2393; x_wconf 79' lang='lat' dir='ltr'><strong>fratrum</strong></span> <span class='ocrx_word' id='word_1_159' title='bbox 818 2340 1035 2408; x_wconf 86' lang='lat' dir='ltr'><strong>quidem</strong></span> <span class='ocrx_word' id='word_1_160' title='bbox 1085 2340 1254 2395; x_wconf 87' lang='lat' dir='ltr'><strong>cellas</strong></span> <span class='ocrx_word' id='word_1_161' title='bbox 1298 2339 1515 2393; x_wconf 88' lang='lat' dir='ltr'><strong>diruere</strong></span> <span class='ocrx_word' id='word_1_162' title='bbox 1548 2338 1614 2391; x_wconf 85' lang='lat' dir='ltr'><strong>ab</strong></span> <span class='ocrx_word' id='word_1_163' title='bbox 1664 2337 1798 2404; x_wconf 81' lang='lat' dir='ltr'><strong>ipsis</strong></span> <span class='ocrx_word' id='word_1_164' title='bbox 1837 2336 2027 2391; x_wconf 82' lang='lat' dir='ltr'><strong>funda-</strong></span> 
     </span>
    </p>
   </div>
   <div class='ocr_carea' id='block_1_25' title="bbox 445 2431 2023 2502">
    <p class='ocr_par' dir='ltr' id='par_1_25' title="bbox 445 2431 2023 2502">
     <span class='ocr_line' id='line_1_25' title="bbox 445 2431 2023 2502; baseline -0.003 -12"><span class='ocrx_word' id='word_1_165' title='bbox 445 2438 669 2502; x_wconf 79' lang='lat' dir='ltr'><strong>mentis,</strong></span> <span class='ocrx_word' id='word_1_166' title='bbox 693 2435 1004 2490; x_wconf 70' lang='lat' dir='ltr'><strong>cmnobium</strong></span> <span class='ocrx_word' id='word_1_167' title='bbox 1035 2450 1166 2490; x_wconf 88' lang='lat' dir='ltr'><strong>vero</strong></span> <span class='ocrx_word' id='word_1_168' title='bbox 1197 2434 1529 2489; x_wconf 67' lang='lat' dir='ltr'><strong>reaedilicare</strong></span> <span class='ocrx_word' id='word_1_169' title='bbox 1560 2431 1692 2497; x_wconf 92' lang='lat' dir='ltr'><strong>illic,</strong></span> <span class='ocrx_word' id='word_1_170' title='bbox 1727 2431 1819 2487; x_wconf 88' lang='lat' dir='ltr'><strong>ubi</strong></span> <span class='ocrx_word' id='word_1_171' title='bbox 1845 2446 2023 2487; x_wconf 90' lang='lat' dir='ltr'><strong>meum</strong></span> 
     </span>
    </p>
   </div>
   <div class='ocr_carea' id='block_1_26' title="bbox 449 2522 2022 2594">
    <p class='ocr_par' dir='ltr' id='par_1_26' title="bbox 449 2522 2022 2594">
     <span class='ocr_line' id='line_1_26' title="bbox 449 2522 2022 2594; baseline -0.005 -9"><span class='ocrx_word' id='word_1_172' title='bbox 449 2529 725 2585; x_wconf 81' lang='lat' dir='ltr'><strong>acditicasti</strong></span> <span class='ocrx_word' id='word_1_173' title='bbox 750 2527 1147 2583; x_wconf 73' lang='lat' dir='ltr'><strong>cmmcterium.</strong></span> <span class='ocrx_word' id='word_1_174' title='bbox 1176 2524 1379 2581; x_wconf 76' lang='lat' dir='ltr'><strong>Locum</strong></span> <span class='ocrx_word' id='word_1_175' title='bbox 1411 2525 1555 2580; x_wconf 91' lang='lat' dir='ltr'><strong>enim</strong></span> <span class='ocrx_word' id='word_1_176' title='bbox 1582 2523 1692 2581; x_wconf 91' lang='lat' dir='ltr'><strong>Deo</strong></span> <span class='ocrx_word' id='word_1_177' title='bbox 1714 2522 1890 2594; x_wconf 88' lang='lat' dir='ltr'><strong>placet</strong></span> <span class='ocrx_word' id='word_1_178' title='bbox 1917 2537 2022 2578; x_wconf 94' lang='lat' dir='ltr'><strong>non</strong></span> 
     </span>
    </p>
   </div>
   <div class='ocr_carea' id='block_1_27' title="bbox 449 2616 1529 2690">
    <p class='ocr_par' dir='ltr' id='par_1_27' title="bbox 449 2616 1529 2690">
     <span class='ocr_line' id='line_1_27' title="bbox 449 2616 1529 2690; baseline -0.009 -12"><span class='ocrx_word' id='word_1_179' title='bbox 449 2627 657 2679; x_wconf 81' lang='lat' dir='ltr'><strong>laurum</strong></span> <span class='ocrx_word' id='word_1_180' title='bbox 688 2635 830 2689; x_wconf 87' lang='lat' dir='ltr'><strong>esse,</strong></span> <span class='ocrx_word' id='word_1_181' title='bbox 862 2619 955 2676; x_wconf 87' lang='lat' dir='ltr'><strong>sed</strong></span> <span class='ocrx_word' id='word_1_182' title='bbox 984 2619 1165 2690; x_wconf 89' lang='lat' dir='ltr'><strong>potius</strong></span> <span class='ocrx_word' id='word_1_183' title='bbox 1200 2616 1529 2673; x_wconf 88' lang='lat' dir='ltr'><strong>coenobium.</strong></span> 
     </span>
    </p>
   </div>
   <div class='ocr_carea' id='block_1_28' title="bbox 525 2880 2023 2957">
    <p class='ocr_par' dir='ltr' id='par_1_28' title="bbox 525 2880 2023 2957">
     <span class='ocr_line' id='line_1_28' title="bbox 525 2880 2023 2957; baseline -0.007 -15"><span class='ocrx_word' id='word_1_184' title='bbox 525 2884 687 2943; x_wconf 84' lang='lat' dir='ltr'><strong>CXV.</strong></span> <span class='ocrx_word' id='word_1_185' title='bbox 719 2887 848 2943; x_wconf 75' lang='lat' dir='ltr'><strong>Haec</strong></span> <span class='ocrx_word' id='word_1_186' title='bbox 877 2885 969 2944; x_wconf 89' lang='lat' dir='ltr'><strong>ille</strong></span> <span class='ocrx_word' id='word_1_187' title='bbox 1004 2885 1225 2957; x_wconf 89' lang='lat' dir='ltr'><strong>quidem</strong></span> <span class='ocrx_word' id='word_1_188' title='bbox 1260 2884 1483 2940; x_wconf 89' lang='lat' dir='ltr'><strong>mandat</strong></span> <span class='ocrx_word' id='word_1_189' title='bbox 1513 2880 1670 2949; x_wconf 82' lang='lat' dir='ltr'><strong>Fido,</strong></span> <span class='ocrx_word' id='word_1_190' title='bbox 1695 2890 1749 2937; x_wconf 92' lang='lat' dir='ltr'><strong>et</strong></span> <span class='ocrx_word' id='word_1_191' title='bbox 1774 2893 1870 2936; x_wconf 88' lang='lat' dir='ltr'><strong>suo</strong></span> <span class='ocrx_word' id='word_1_192' title='bbox 1901 2893 2023 2934; x_wconf 90' lang='lat' dir='ltr'><strong>eum</strong></span> 
     </span>
    </p>
   </div>
   <div class='ocr_carea' id='block_1_29' title="bbox 450 2966 2022 3058">
    <p class='ocr_par' dir='ltr' id='par_1_29' title="bbox 450 2966 2022 3058">
     <span class='ocr_line' id='line_1_29' title="bbox 450 2966 2022 3058; baseline -0.009 -16"><span class='ocrx_word' id='word_1_193' title='bbox 450 2984 615 3058; x_wconf 87' lang='lat' dir='ltr'><strong>pallio</strong></span> <span class='ocrx_word' id='word_1_194' title='bbox 650 2983 846 3037; x_wconf 76' lang='lat' dir='ltr'><strong>induit.</strong></span> <span class='ocrx_word' id='word_1_195' title='bbox 874 2983 921 3038; x_wconf 94' lang='lat' dir='ltr'><strong>Is</strong></span> <span class='ocrx_word' id='word_1_196' title='bbox 954 2966 1082 3036; x_wconf 87' lang='lat' dir='ltr'><strong>vero</strong></span> <span class='ocrx_word' id='word_1_197' title='bbox 1113 2994 1329 3045; x_wconf 82' lang='lat' dir='ltr'><strong>revera,</strong></span> <span class='ocrx_word' id='word_1_198' title='bbox 1355 2994 1461 3033; x_wconf 90' lang='lat' dir='ltr'><strong>non</strong></span> <span class='ocrx_word' id='word_1_199' title='bbox 1503 2977 1555 3033; x_wconf 91' lang='lat' dir='ltr'><strong>in</strong></span> <span class='ocrx_word' id='word_1_200' title='bbox 1590 2974 1797 3032; x_wconf 89' lang='lat' dir='ltr'><strong>somnis</strong></span> <span class='ocrx_word' id='word_1_201' title='bbox 1837 2972 2022 3029; x_wconf 84' lang='lat' dir='ltr'><strong>confe-</strong></span> 
     </span>
    </p>
   </div>
   <div class='ocr_carea' id='block_1_30' title="bbox 451 3061 2029 3144">
    <p class='ocr_par' dir='ltr' id='par_1_30' title="bbox 451 3061 2029 3144">
     <span class='ocr_line' id='line_1_30' title="bbox 451 3061 2029 3144; baseline -0.011 -12"><span class='ocrx_word' id='word_1_202' title='bbox 451 3079 580 3132; x_wconf 84' lang='lat' dir='ltr'><strong>stim</strong></span> <span class='ocrx_word' id='word_1_203' title='bbox 621 3076 902 3144; x_wconf 89' lang='lat' dir='ltr'><strong>abreptus,</strong></span> <span class='ocrx_word' id='word_1_204' title='bbox 936 3086 1043 3126; x_wconf 93' lang='lat' dir='ltr'><strong>non</strong></span> <span class='ocrx_word' id='word_1_205' title='bbox 1077 3070 1332 3128; x_wconf 83' lang='lat' dir='ltr'><strong>dissimili</strong></span> <span class='ocrx_word' id='word_1_206' title='bbox 1370 3067 1554 3122; x_wconf 82' lang='lat' dir='ltr'><strong>forsan</strong></span> <span class='ocrx_word' id='word_1_207' title='bbox 1582 3066 1741 3121; x_wconf 90' lang='lat' dir='ltr'><strong>modo</strong></span> <span class='ocrx_word' id='word_1_208' title='bbox 1783 3078 1847 3118; x_wconf 90' lang='lat' dir='ltr'><strong>ac</strong></span> <span class='ocrx_word' id='word_1_209' title='bbox 1884 3061 2029 3116; x_wconf 81' lang='lat' dir='ltr'><strong>Aba-</strong></span> 
     </span>
    </p>
   </div>
   <div class='ocr_carea' id='block_1_31' title="bbox 451 3156 2026 3234">
    <p class='ocr_par' dir='ltr' id='par_1_31' title="bbox 451 3156 2026 3234">
     <span class='ocr_line' id='line_1_31' title="bbox 451 3156 2026 3234; baseline -0.009 -11"><span class='ocrx_word' id='word_1_210' title='bbox 451 3185 571 3234; x_wconf 88' lang='lat' dir='ltr'><strong>cuc,</strong></span> <span class='ocrx_word' id='word_1_211' title='bbox 595 3166 754 3222; x_wconf 79' lang='lat' dir='ltr'><strong>facile</strong></span> <span class='ocrx_word' id='word_1_212' title='bbox 782 3165 855 3219; x_wconf 89' lang='lat' dir='ltr'><strong>ita</strong></span> <span class='ocrx_word' id='word_1_213' title='bbox 879 3173 934 3220; x_wconf 90' lang='lat' dir='ltr'><strong>et</strong></span> <span class='ocrx_word' id='word_1_214' title='bbox 968 3174 1246 3220; x_wconf 88' lang='lat' dir='ltr'><strong>momento</strong></span> <span class='ocrx_word' id='word_1_215' title='bbox 1272 3160 1533 3230; x_wconf 87' lang='lat' dir='ltr'><strong>temporis</strong></span> <span class='ocrx_word' id='word_1_216' title='bbox 1568 3159 1814 3214; x_wconf 89' lang='lat' dir='ltr'><strong>redditur</strong></span> <span class='ocrx_word' id='word_1_217' title='bbox 1840 3156 2026 3225; x_wconf 91' lang='lat' dir='ltr'><strong>littori;</strong></span> 
     </span>
    </p>
   </div>
   <div class='ocr_carea' id='block_1_32' title="bbox 451 3249 2030 3323">
    <p class='ocr_par' dir='ltr' id='par_1_32' title="bbox 451 3249 2030 3323">
     <span class='ocr_line' id='line_1_32' title="bbox 451 3249 2030 3323; baseline -0.006 -8"><span class='ocrx_word' id='word_1_218' title='bbox 451 3272 504 3315; x_wconf 87' lang='lat' dir='ltr'><strong>et</strong></span> <span class='ocrx_word' id='word_1_219' title='bbox 542 3259 689 3314; x_wconf 80' lang='lat' dir='ltr'><strong>velut</strong></span> <span class='ocrx_word' id='word_1_220' title='bbox 722 3274 752 3314; x_wconf 93' lang='lat' dir='ltr'><strong>e</strong></span> <span class='ocrx_word' id='word_1_221' title='bbox 781 3273 970 3312; x_wconf 89' lang='lat' dir='ltr'><strong>somno</strong></span> <span class='ocrx_word' id='word_1_222' title='bbox 995 3256 1265 3312; x_wconf 83' lang='lat' dir='ltr'><strong>excitatus</strong></span> <span class='ocrx_word' id='word_1_223' title='bbox 1315 3254 1370 3323; x_wconf 93' lang='grc' dir='ltr'>(ο</span> <span class='ocrx_word' id='word_1_224' title='bbox 1399 3252 1635 3306; x_wconf 79' lang='lat' dir='ltr'><strong>divinam</strong></span> <span class='ocrx_word' id='word_1_225' title='bbox 1662 3249 2030 3320; x_wconf 79' lang='lat' dir='ltr'><strong>dispensatio-</strong></span> 
     </span>
    </p>
   </div>
   <div class='ocr_carea' id='block_1_33' title="bbox 454 3343 2032 3421">
    <p class='ocr_par' dir='ltr' id='par_1_33' title="bbox 454 3343 2032 3421">
     <span class='ocr_line' id='line_1_33' title="bbox 454 3343 2032 3421; baseline -0.008 -13"><span class='ocrx_word' id='word_1_226' title='bbox 454 3367 575 3408; x_wconf 85' lang='lat' dir='ltr'><strong>nem</strong></span> <span class='ocrx_word' id='word_1_227' title='bbox 594 3353 660 3421; x_wconf 89' lang='grc' dir='ltr'>ι),</span> <span class='ocrx_word' id='word_1_228' title='bbox 681 3353 732 3405; x_wconf 88' lang='lat' dir='ltr'><strong>in</strong></span> <span class='ocrx_word' id='word_1_229' title='bbox 756 3359 939 3404; x_wconf 86' lang='lat' dir='ltr'><strong>sancta</strong></span> <span class='ocrx_word' id='word_1_230' title='bbox 961 3348 1236 3402; x_wconf 81' lang='lat' dir='ltr'><strong>invenitur</strong></span> <span class='ocrx_word' id='word_1_231' title='bbox 1256 3346 1497 3400; x_wconf 88' lang='lat' dir='ltr'><strong>civitate.</strong></span> <span class='ocrx_word' id='word_1_232' title='bbox 1517 3343 1607 3397; x_wconf 87' lang='lat' dir='ltr'><strong>Sic</strong></span> <span class='ocrx_word' id='word_1_233' title='bbox 1631 3350 1810 3396; x_wconf 88' lang='lat' dir='ltr'><strong>autem</strong></span> <span class='ocrx_word' id='word_1_234' title='bbox 1835 3354 2032 3411; x_wconf 70' lang='lat' dir='ltr'><strong>praeter</strong></span> 
     </span>
    </p>
   </div>
   <div class='ocr_carea' id='block_1_34' title="bbox 449 3428 2025 3510">
    <p class='ocr_par' dir='ltr' id='par_1_34' title="bbox 449 3428 2025 3510">
     <span class='ocr_line' id='line_1_34' title="bbox 449 3428 2025 3510; baseline -0.011 -13"><span class='ocrx_word' id='word_1_235' title='bbox 449 3443 761 3510; x_wconf 87' lang='lat' dir='ltr'><strong>opinionem</strong></span> <span class='ocrx_word' id='word_1_236' title='bbox 811 3439 864 3492; x_wconf 88' lang='lat' dir='ltr'><strong>in</strong></span> <span class='ocrx_word' id='word_1_237' title='bbox 906 3437 1064 3491; x_wconf 89' lang='lat' dir='ltr'><strong>domo</strong></span> <span class='ocrx_word' id='word_1_238' title='bbox 1114 3442 1497 3495; x_wconf 85' lang='lat' dir='ltr'><strong>conservatus,</strong></span> <span class='ocrx_word' id='word_1_239' title='bbox 1540 3430 1762 3500; x_wconf 76' lang='lat' dir='ltr'><strong>deponit</strong></span> <span class='ocrx_word' id='word_1_240' title='bbox 1808 3428 2025 3497; x_wconf 85' lang='lat' dir='ltr'><strong>quidem</strong></span> 
     </span>
    </p>
   </div>
   <div class='ocr_carea' id='block_1_35' title="bbox 451 3519 2026 3597">
    <p class='ocr_par' dir='ltr' id='par_1_35' title="bbox 451 3519 2026 3597">
     <span class='ocr_line' id='line_1_35' title="bbox 451 3519 2026 3597; baseline -0.01 -9"><span class='ocrx_word' id='word_1_241' title='bbox 451 3534 696 3588; x_wconf 87' lang='lat' dir='ltr'><strong>divinum</strong></span> <span class='ocrx_word' id='word_1_242' title='bbox 731 3531 859 3586; x_wconf 88' lang='lat' dir='ltr'><strong>illud</strong></span> <span class='ocrx_word' id='word_1_243' title='bbox 896 3526 1172 3597; x_wconf 83' lang='lat' dir='ltr'><strong>Eutltymii</strong></span> <span class='ocrx_word' id='word_1_244' title='bbox 1217 3524 1462 3594; x_wconf 85' lang='lat' dir='ltr'><strong>pallium,</strong></span> <span class='ocrx_word' id='word_1_245' title='bbox 1496 3523 1638 3592; x_wconf 89' lang='lat' dir='ltr'><strong>quod</strong></span> <span class='ocrx_word' id='word_1_246' title='bbox 1668 3521 1926 3577; x_wconf 80' lang='lat' dir='ltr'><strong>ellecerat</strong></span> <span class='ocrx_word' id='word_1_247' title='bbox 1953 3519 2026 3573; x_wconf 92' lang='lat' dir='ltr'><strong>uti</strong></span> 
     </span>
    </p>
   </div>
   <div class='ocr_carea' id='block_1_36' title="bbox 457 3620 2026 3701">
    <p class='ocr_par' dir='ltr' id='par_1_36' title="bbox 457 3620 2026 3701">
     <span class='ocr_line' id='line_1_36' title="bbox 457 3620 2026 3701; baseline -0.007 -16"><span class='ocrx_word' id='word_1_248' title='bbox 457 3639 662 3687; x_wconf 89' lang='lat' dir='ltr'><strong>tantum</strong></span> <span class='ocrx_word' id='word_1_249' title='bbox 685 3627 909 3701; x_wconf 79' lang='lat' dir='ltr'><strong>pelagus</strong></span> <span class='ocrx_word' id='word_1_250' title='bbox 931 3642 1108 3697; x_wconf 84' lang='lat' dir='ltr'><strong>penna</strong></span> <span class='ocrx_word' id='word_1_251' title='bbox 1136 3625 1301 3681; x_wconf 86' lang='lat' dir='ltr'><strong>cit&#39;ius</strong></span> <span class='ocrx_word' id='word_1_252' title='bbox 1330 3625 1607 3693; x_wconf 88' lang='lat' dir='ltr'><strong>tutiusque</strong></span> <span class='ocrx_word' id='word_1_253' title='bbox 1636 3620 2026 3685; x_wconf 85' lang='lat' dir='ltr'><strong>transvolaret;</strong></span> 
     </span>
    </p>
   </div>
   <div class='ocr_carea' id='block_1_37' title="bbox 454 3715 2033 3786">
    <p class='ocr_par' dir='ltr' id='par_1_37' title="bbox 454 3715 2033 3786">
     <span class='ocr_line' id='line_1_37' title="bbox 454 3715 2033 3786; baseline -0.007 -8"><span class='ocrx_word' id='word_1_254' title='bbox 454 3730 717 3779; x_wconf 73' lang='lat' dir='ltr'><strong>consueta</strong></span> <span class='ocrx_word' id='word_1_255' title='bbox 759 3732 939 3777; x_wconf 85' lang='lat' dir='ltr'><strong>autem</strong></span> <span class='ocrx_word' id='word_1_256' title='bbox 976 3720 1218 3775; x_wconf 91' lang='lat' dir='ltr'><strong>induitur</strong></span> <span class='ocrx_word' id='word_1_257' title='bbox 1242 3728 1410 3774; x_wconf 89' lang='lat' dir='ltr'><strong>veste.</strong></span> <span class='ocrx_word' id='word_1_258' title='bbox 1443 3720 1509 3771; x_wconf 79' lang='lat' dir='ltr'><strong>At</strong></span> <span class='ocrx_word' id='word_1_259' title='bbox 1537 3717 1665 3771; x_wconf 91' lang='lat' dir='ltr'><strong>illud</strong></span> <span class='ocrx_word' id='word_1_260' title='bbox 1708 3715 1825 3786; x_wconf 88' lang='lat' dir='ltr'><strong>(sed</strong></span> <span class='ocrx_word' id='word_1_261' title='bbox 1858 3723 2033 3769; x_wconf 87' lang='lat' dir='ltr'><strong>atten-</strong></span> 
     </span>
    </p>
   </div>
   <div class='ocr_carea' id='block_1_38' title="bbox 456 3805 2029 3869">
    <p class='ocr_par' dir='ltr' id='par_1_38' title="bbox 456 3805 2029 3869">
     <span class='ocr_line' id='line_1_38' title="bbox 456 3805 2029 3869; baseline -0.007 0"><span class='ocrx_word' id='word_1_262' title='bbox 456 3814 693 3869; x_wconf 85' lang='lat' dir='ltr'><strong>tlendum</strong></span> <span class='ocrx_word' id='word_1_263' title='bbox 719 3822 845 3869; x_wconf 86' lang='lat' dir='ltr'><strong>est:</strong></span> <span class='ocrx_word' id='word_1_264' title='bbox 876 3826 1000 3864; x_wconf 89' lang='lat' dir='ltr'><strong>nam</strong></span> <span class='ocrx_word' id='word_1_265' title='bbox 1036 3811 1303 3866; x_wconf 89' lang='lat' dir='ltr'><strong>miraculo</strong></span> <span class='ocrx_word' id='word_1_266' title='bbox 1329 3808 1675 3865; x_wconf 83' lang='lat' dir='ltr'><strong>connectitur</strong></span> <span class='ocrx_word' id='word_1_267' title='bbox 1707 3805 2029 3862; x_wconf 81' lang='lat' dir='ltr'><strong>miraculum</strong></span> 
     </span>
    </p>
   </div>
   <div class='ocr_carea' id='block_1_39' title="bbox 454 3900 2030 3975">
    <p class='ocr_par' dir='ltr' id='par_1_39' title="bbox 454 3900 2030 3975">
     <span class='ocr_line' id='line_1_39' title="bbox 454 3900 2030 3975; baseline -0.006 -15"><span class='ocrx_word' id='word_1_268' title='bbox 454 3915 744 3975; x_wconf 79' lang='lat' dir='ltr'><strong>cognatum</strong></span> <span class='ocrx_word' id='word_1_269' title='bbox 779 3903 944 3959; x_wconf 90' lang='lat' dir='ltr'><strong>veluti</strong></span> <span class='ocrx_word' id='word_1_270' title='bbox 974 3909 1029 3959; x_wconf 90' lang='lat' dir='ltr'><strong>et</strong></span> <span class='ocrx_word' id='word_1_271' title='bbox 1057 3902 1366 3973; x_wconf 90' lang='lat' dir='ltr'><strong>consimile)</strong></span> <span class='ocrx_word' id='word_1_272' title='bbox 1389 3902 1541 3973; x_wconf 88' lang='lat' dir='ltr'><strong>quasi</strong></span> <span class='ocrx_word' id='word_1_273' title='bbox 1567 3903 1636 3956; x_wconf 88' lang='lat' dir='ltr'><strong>ab</strong></span> <span class='ocrx_word' id='word_1_274' title='bbox 1664 3900 1842 3969; x_wconf 89' lang='lat' dir='ltr'><strong>aliqua</strong></span> <span class='ocrx_word' id='word_1_275' title='bbox 1869 3914 2030 3952; x_wconf 90' lang='lat' dir='ltr'><strong>manu</strong></span> 
     </span>
    </p>
   </div>
   <div class='ocr_carea' id='block_1_40' title="bbox 455 3992 2034 4067">
    <p class='ocr_par' dir='ltr' id='par_1_40' title="bbox 455 3992 2034 4067">
     <span class='ocr_line' id='line_1_40' title="bbox 455 3992 2034 4067; baseline -0.003 -19"><span class='ocrx_word' id='word_1_276' title='bbox 455 4000 760 4067; x_wconf 83' lang='lat' dir='ltr'><strong>abreptum,</strong></span> <span class='ocrx_word' id='word_1_277' title='bbox 812 4010 843 4051; x_wconf 92' lang='lat' dir='ltr'><strong>e</strong></span> <span class='ocrx_word' id='word_1_278' title='bbox 881 3996 1058 4051; x_wconf 88' lang='lat' dir='ltr'><strong>medio</strong></span> <span class='ocrx_word' id='word_1_279' title='bbox 1099 3996 1371 4050; x_wconf 86' lang='lat' dir='ltr'><strong>sublatum</strong></span> <span class='ocrx_word' id='word_1_280' title='bbox 1411 3993 1708 4049; x_wconf 87' lang='lat' dir='ltr'><strong>evanescit.</strong></span> <span class='ocrx_word' id='word_1_281' title='bbox 1761 3992 2034 4046; x_wconf 79' lang='lat' dir='ltr'><strong>Reversus</strong></span> 
     </span>
    </p>
   </div>
   <div class='ocr_carea' id='block_1_41' title="bbox 455 4083 2031 4158">
    <p class='ocr_par' dir='ltr' id='par_1_41' title="bbox 455 4083 2031 4158">
     <span class='ocr_line' id='line_1_41' title="bbox 455 4083 2031 4158; baseline -0.003 -17"><span class='ocrx_word' id='word_1_282' title='bbox 455 4091 639 4158; x_wconf 84' lang='lat' dir='ltr'><strong>itaque</strong></span> <span class='ocrx_word' id='word_1_283' title='bbox 666 4088 730 4141; x_wconf 90' lang='lat' dir='ltr'><strong>ad</strong></span> <span class='ocrx_word' id='word_1_284' title='bbox 755 4103 814 4142; x_wconf 85' lang='lat' dir='ltr'><strong>se</strong></span> <span class='ocrx_word' id='word_1_285' title='bbox 836 4087 1024 4152; x_wconf 89' lang='lat' dir='ltr'><strong>Fidus,</strong></span> <span class='ocrx_word' id='word_1_286' title='bbox 1049 4103 1171 4143; x_wconf 91' lang='lat' dir='ltr'><strong>cum</strong></span> <span class='ocrx_word' id='word_1_287' title='bbox 1198 4084 1804 4155; x_wconf 82' lang='lat' dir='ltr'><strong>considerassetqualcs</strong></span> <span class='ocrx_word' id='word_1_288' title='bbox 1831 4083 1883 4137; x_wconf 91' lang='lat' dir='ltr'><strong>in</strong></span> <span class='ocrx_word' id='word_1_289' title='bbox 1909 4098 2031 4137; x_wconf 90' lang='lat' dir='ltr'><strong>eum</strong></span> 
     </span>
    </p>
   </div>
   <div class='ocr_carea' id='block_1_42' title="bbox 456 4175 2033 4245">
    <p class='ocr_par' dir='ltr' id='par_1_42' title="bbox 456 4175 2033 4245">
     <span class='ocr_line' id='line_1_42' title="bbox 456 4175 2033 4245; baseline -0.004 -10"><span class='ocrx_word' id='word_1_290' title='bbox 456 4180 797 4236; x_wconf 86' lang='lat' dir='ltr'><strong>ealamitates</strong></span> <span class='ocrx_word' id='word_1_291' title='bbox 823 4181 1197 4245; x_wconf 85' lang='lat' dir='ltr'><strong>advenissent,</strong></span> <span class='ocrx_word' id='word_1_292' title='bbox 1218 4180 1410 4241; x_wconf 88' lang='lat' dir='ltr'><strong>undas,</strong></span> <span class='ocrx_word' id='word_1_293' title='bbox 1441 4178 1635 4233; x_wconf 76' lang='lat' dir='ltr'><strong>[luctus</strong></span> <span class='ocrx_word' id='word_1_294' title='bbox 1663 4175 2033 4230; x_wconf 86' lang='lat' dir='ltr'><strong>vehementis-</strong></span> 
     </span>
    </p>
   </div>
   <div class='ocr_carea' id='block_1_43' title="bbox 458 4262 2037 4342">
    <p class='ocr_par' dir='ltr' id='par_1_43' title="bbox 458 4262 2037 4342">
     <span class='ocr_line' id='line_1_43' title="bbox 458 4262 2037 4342; baseline -0.003 -15"><span class='ocrx_word' id='word_1_295' title='bbox 458 4262 651 4339; x_wconf 60' lang='lat' dir='ltr'><strong>situos,</strong></span> <span class='ocrx_word' id='word_1_296' title='bbox 687 4281 927 4339; x_wconf 89' lang='lat' dir='ltr'><strong>noctem,</strong></span> <span class='ocrx_word' id='word_1_297' title='bbox 964 4272 1426 4342; x_wconf 86' lang='lat' dir='ltr'><strong>desperationem,</strong></span> <span class='ocrx_word' id='word_1_298' title='bbox 1465 4279 1776 4339; x_wconf 63' lang='lat' dir='ltr'><strong>caaleraque</strong></span> <span class='ocrx_word' id='word_1_299' title='bbox 1800 4278 2037 4339; x_wconf 88' lang='lat' dir='ltr'><strong>tempes-</strong></span> 
     </span>
    </p>
   </div>
   <div class='ocr_carea' id='block_1_44' title="bbox 459 4364 2039 4435">
    <p class='ocr_par' dir='ltr' id='par_1_44' title="bbox 459 4364 2039 4435">
     <span class='ocr_line' id='line_1_44' title="bbox 459 4364 2039 4435; baseline -0.003 -17"><span class='ocrx_word' id='word_1_300' title='bbox 459 4367 588 4419; x_wconf 86' lang='lat' dir='ltr'><strong>tatis</strong></span> <span class='ocrx_word' id='word_1_301' title='bbox 615 4364 774 4434; x_wconf 80' lang='lat' dir='ltr'><strong>hujus</strong></span> <span class='ocrx_word' id='word_1_302' title='bbox 821 4366 996 4431; x_wconf 86' lang='lat' dir='ltr'><strong>mala;</strong></span> <span class='ocrx_word' id='word_1_303' title='bbox 1044 4366 1238 4420; x_wconf 91' lang='lat' dir='ltr'><strong>deinde</strong></span> <span class='ocrx_word' id='word_1_304' title='bbox 1274 4380 1400 4420; x_wconf 87' lang='lat' dir='ltr'><strong>vero</strong></span> <span class='ocrx_word' id='word_1_305' title='bbox 1441 4364 1778 4435; x_wconf 80' lang='lat' dir='ltr'><strong>repentinam</strong></span> <span class='ocrx_word' id='word_1_306' title='bbox 1817 4364 2039 4431; x_wconf 84' lang='lat' dir='ltr'><strong>inexpu-</strong></span> 
     </span>
    </p>
   </div>
   <div class='ocr_carea' id='block_1_45' title="bbox 460 4457 2035 4529">
    <p class='ocr_par' dir='ltr' id='par_1_45' title="bbox 460 4457 2035 4529">
     <span class='ocr_line' id='line_1_45' title="bbox 460 4457 2035 4529; baseline -0.004 -15"><span class='ocrx_word' id='word_1_307' title='bbox 460 4460 692 4529; x_wconf 74' lang='lat' dir='ltr'><strong>gnabilis</strong></span> <span class='ocrx_word' id='word_1_308' title='bbox 772 4460 931 4515; x_wconf 89' lang='lat' dir='ltr'><strong>istius</strong></span> <span class='ocrx_word' id='word_1_309' title='bbox 1006 4474 1262 4513; x_wconf 68' lang='lat' dir='ltr'><strong>aerumnae</strong></span> <span class='ocrx_word' id='word_1_310' title='bbox 1329 4457 1695 4521; x_wconf 89' lang='lat' dir='ltr'><strong>solutionem,</strong></span> <span class='ocrx_word' id='word_1_311' title='bbox 1778 4469 2035 4525; x_wconf 78' lang='lat' dir='ltr'><strong>magnum</strong></span> 
     </span>
    </p>
   </div>
   <div class='ocr_carea' id='block_1_46' title="bbox 459 4545 2037 4624">
    <p class='ocr_par' dir='ltr' id='par_1_46' title="bbox 459 4545 2037 4624">
     <span class='ocr_line' id='line_1_46' title="bbox 459 4545 2037 4624; baseline -0.006 -16"><span class='ocrx_word' id='word_1_312' title='bbox 459 4552 806 4624; x_wconf 80' lang='lat' dir='ltr'><strong>Euthymium</strong></span> <span class='ocrx_word' id='word_1_313' title='bbox 853 4568 866 4605; x_wconf 91' lang='lat'><strong>:</strong></span> <span class='ocrx_word' id='word_1_314' title='bbox 906 4561 960 4606; x_wconf 91' lang='lat' dir='ltr'><strong>et</strong></span> <span class='ocrx_word' id='word_1_315' title='bbox 989 4549 1443 4620; x_wconf 89' lang='lat' dir='ltr'><strong>quemadmodum</strong></span> <span class='ocrx_word' id='word_1_316' title='bbox 1471 4564 1597 4604; x_wconf 90' lang='lat' dir='ltr'><strong>cum</strong></span> <span class='ocrx_word' id='word_1_317' title='bbox 1644 4547 1756 4616; x_wconf 83' lang='lat' dir='ltr'><strong>jam</strong></span> <span class='ocrx_word' id='word_1_318' title='bbox 1788 4545 2037 4601; x_wconf 78' lang='lat' dir='ltr'><strong>defessus</strong></span> 
     </span>
    </p>
   </div>
   <div class='ocr_carea' id='block_1_47' title="bbox 2132 686 3712 765">
    <p class='ocr_par' dir='ltr' id='par_1_47' title="bbox 2132 686 3712 765">
     <span class='ocr_line' id='line_1_47' title="bbox 2132 686 3712 765; baseline -0.006 -18"><span class='ocrx_word' id='word_1_319' title='bbox 2132 694 2441 764; x_wconf 74' lang='grc' dir='ltr'><strong>ὑπόμνησιν</strong></span> <span class='ocrx_word' id='word_1_320' title='bbox 2489 689 2623 765; x_wconf 80' lang='grc' dir='ltr'>ἦλθε</span> <span class='ocrx_word' id='word_1_321' title='bbox 2661 692 2757 746; x_wconf 93' lang='grc' dir='ltr'><strong>τοῦ</strong></span> <span class='ocrx_word' id='word_1_322' title='bbox 2798 690 3113 763; x_wconf 81' lang='grc' dir='ltr'><strong>θαυμαστοῦ</strong></span> <span class='ocrx_word' id='word_1_323' title='bbox 3147 687 3421 759; x_wconf 85' lang='grc' dir='ltr'>Εὐθυμίου</span> <span class='ocrx_word' id='word_1_324' title='bbox 3444 703 3456 715; x_wconf 91' lang='grc'><strong>·</strong></span> <span class='ocrx_word' id='word_1_325' title='bbox 3492 688 3586 741; x_wconf 73' lang='grc' dir='ltr'>καὶ</span> <span class='ocrx_word' id='word_1_326' title='bbox 3615 686 3712 739; x_wconf 83' lang='grc' dir='ltr'>αύ-</span> 
     </span>
    </p>
   </div>
   <div class='ocr_carea' id='block_1_48' title="bbox 2130 780 3711 857">
    <p class='ocr_par' dir='ltr' id='par_1_48' title="bbox 2130 780 3711 857">
     <span class='ocr_line' id='line_1_48' title="bbox 2130 780 3711 857; baseline -0.006 -18"><span class='ocrx_word' id='word_1_327' title='bbox 2130 785 2260 839; x_wconf 83' lang='grc' dir='ltr'><strong>τίκα</strong></span> <span class='ocrx_word' id='word_1_328' title='bbox 2317 785 2511 857; x_wconf 81' lang='grc' dir='ltr'>βοηθδν</span> <span class='ocrx_word' id='word_1_329' title='bbox 2541 787 2751 840; x_wconf 86' lang='grc' dir='ltr'>ἐκεῖνον</span> <span class='ocrx_word' id='word_1_330' title='bbox 2781 782 2926 839; x_wconf 86' lang='grc' dir='ltr'><strong>κατά</strong></span> <span class='ocrx_word' id='word_1_331' title='bbox 2957 783 3053 837; x_wconf 88' lang='grc' dir='ltr'><strong>τοῦ</strong></span> <span class='ocrx_word' id='word_1_332' title='bbox 3088 781 3338 837; x_wconf 84' lang='grc' dir='ltr'><strong>κινδύνου</strong></span> <span class='ocrx_word' id='word_1_333' title='bbox 3378 780 3588 846; x_wconf 83' lang='grc' dir='ltr'>ἐκάλει,</span> <span class='ocrx_word' id='word_1_334' title='bbox 3617 780 3711 834; x_wconf 79' lang='grc' dir='ltr'><strong>καί</strong></span> 
     </span>
    </p>
   </div>
   <div class='ocr_carea' id='block_1_49' title="bbox 2131 870 3712 949">
    <p class='ocr_par' dir='ltr' id='par_1_49' title="bbox 2131 870 3712 949">
     <span class='ocr_line' id='line_1_49' title="bbox 2131 870 3712 949; baseline -0.006 -18"><span class='ocrx_word' id='word_1_335' title='bbox 2131 877 2451 949; x_wconf 80' lang='grc' dir='ltr'><strong>ἀμφοτέρας</strong></span> <span class='ocrx_word' id='word_1_336' title='bbox 2496 877 2674 948; x_wconf 78' lang='grc' dir='ltr'>ὤρεγε</span> <span class='ocrx_word' id='word_1_337' title='bbox 2722 879 2912 948; x_wconf 83' lang='grc' dir='ltr'>χεῖρας</span> <span class='ocrx_word' id='word_1_338' title='bbox 2969 873 3139 943; x_wconf 80' lang='grc' dir='ltr'>αὐτῷ,</span> <span class='ocrx_word' id='word_1_339' title='bbox 3178 874 3276 927; x_wconf 76' lang='grc' dir='ltr'>καὶ</span> <span class='ocrx_word' id='word_1_340' title='bbox 3334 873 3396 926; x_wconf 79' lang='grc' dir='ltr'><strong>τὸ</strong></span> <span class='ocrx_word' id='word_1_341' title='bbox 3427 872 3600 941; x_wconf 75' lang='grc' dir='ltr'>δνομα</span> <span class='ocrx_word' id='word_1_342' title='bbox 3649 870 3712 923; x_wconf 72' lang='grc' dir='ltr'>τὸ</span> 
     </span>
    </p>
   </div>
   <div class='ocr_carea' id='block_1_50' title="bbox 2131 957 3708 1034">
    <p class='ocr_par' dir='ltr' id='par_1_50' title="bbox 2131 957 3708 1034">
     <span class='ocr_line' id='line_1_50' title="bbox 2131 957 3708 1034; baseline -0.005 -12"><span class='ocrx_word' id='word_1_343' title='bbox 2131 970 2344 1024; x_wconf 83' lang='grc' dir='ltr'>ἐκείνου</span> <span class='ocrx_word' id='word_1_344' title='bbox 2373 970 2634 1034; x_wconf 83' lang='grc' dir='ltr'><strong>πολλάκις</strong></span> <span class='ocrx_word' id='word_1_345' title='bbox 2669 968 2956 1023; x_wconf 76' lang='grc' dir='ltr'>ἐπεϐοᾶτο.</span> <span class='ocrx_word' id='word_1_346' title='bbox 2990 966 3175 1029; x_wconf 81' lang='grc' dir='ltr'><strong>Οὕτως</strong></span> <span class='ocrx_word' id='word_1_347' title='bbox 3201 957 3295 1020; x_wconf 72' lang='grc' dir='ltr'><strong>οὖν</strong></span> <span class='ocrx_word' id='word_1_348' title='bbox 3322 964 3576 1034; x_wconf 85' lang='grc' dir='ltr'>πονήρως</span> <span class='ocrx_word' id='word_1_349' title='bbox 3605 961 3708 1016; x_wconf 80' lang='grc' dir='ltr'><strong>αὐ-</strong></span> 
     </span>
    </p>
   </div>
   <div class='ocr_carea' id='block_1_51' title="bbox 2130 1052 3709 1132">
    <p class='ocr_par' dir='ltr' id='par_1_51' title="bbox 2130 1052 3709 1132">
     <span class='ocr_line' id='line_1_51' title="bbox 2130 1052 3709 1132; baseline -0.005 -18"><span class='ocrx_word' id='word_1_350' title='bbox 2130 1059 2207 1130; x_wconf 85' lang='grc' dir='ltr'>τῷ</span> <span class='ocrx_word' id='word_1_351' title='bbox 2262 1060 2477 1132; x_wconf 75' lang='grc' dir='ltr'>ἔχοντι,</span> <span class='ocrx_word' id='word_1_352' title='bbox 2530 1058 2875 1129; x_wconf 80' lang='grc' dir='ltr'>ἐπιφαίνεταί</span> <span class='ocrx_word' id='word_1_353' title='bbox 2929 1057 3091 1111; x_wconf 87' lang='grc' dir='ltr'>ποθεν</span> <span class='ocrx_word' id='word_1_354' title='bbox 3124 1057 3153 1109; x_wconf 99' lang='lat'><strong>6</strong></span> <span class='ocrx_word' id='word_1_355' title='bbox 3199 1055 3373 1127; x_wconf 81' lang='grc' dir='ltr'><strong>μέγας</strong></span> <span class='ocrx_word' id='word_1_356' title='bbox 3411 1052 3709 1124; x_wconf 83' lang='grc' dir='ltr'>Εὐθύμιος,</span> 
     </span>
    </p>
   </div>
   <div class='ocr_carea' id='block_1_52' title="bbox 2130 1145 3712 1222">
    <p class='ocr_par' dir='ltr' id='par_1_52' title="bbox 2130 1145 3712 1222">
     <span class='ocr_line' id='line_1_52' title="bbox 2130 1145 3712 1222; baseline -0.004 -18"><span class='ocrx_word' id='word_1_357' title='bbox 2130 1150 2282 1205; x_wconf 85' lang='grc' dir='ltr'>διῖὼν</span> <span class='ocrx_word' id='word_1_358' title='bbox 2316 1153 2408 1206; x_wconf 74' lang='grc' dir='ltr'><strong>ἐπὶ</strong></span> <span class='ocrx_word' id='word_1_359' title='bbox 2446 1152 2547 1222; x_wconf 81' lang='grc' dir='ltr'><strong>τῆς</strong></span> <span class='ocrx_word' id='word_1_360' title='bbox 2575 1151 2874 1221; x_wconf 85' lang='grc' dir='ltr'><strong>θαλάσσης,</strong></span> <span class='ocrx_word' id='word_1_361' title='bbox 2904 1150 2999 1204; x_wconf 74' lang='grc' dir='ltr'><strong>καὶ</strong></span> <span class='ocrx_word' id='word_1_362' title='bbox 3029 1147 3212 1212; x_wconf 82' lang='grc' dir='ltr'>αὐτοῖς</span> <span class='ocrx_word' id='word_1_363' title='bbox 3241 1148 3300 1202; x_wconf 82' lang='grc' dir='ltr'>δὲ</span> <span class='ocrx_word' id='word_1_364' title='bbox 3326 1149 3438 1210; x_wconf 82' lang='grc' dir='ltr'>τοῖς</span> <span class='ocrx_word' id='word_1_365' title='bbox 3466 1145 3712 1217; x_wconf 83' lang='grc' dir='ltr'><strong>κύμασιν</strong></span> 
     </span>
    </p>
   </div>
   <div class='ocr_carea' id='block_1_53' title="bbox 2130 1238 3708 1313">
    <p class='ocr_par' dir='ltr' id='par_1_53' title="bbox 2130 1238 3708 1313">
     <span class='ocr_line' id='line_1_53' title="bbox 2130 1238 3708 1313; baseline -0.004 -17"><span class='ocrx_word' id='word_1_366' title='bbox 2130 1243 2391 1313; x_wconf 85' lang='grc' dir='ltr'>ἀσφαλῶς</span> <span class='ocrx_word' id='word_1_367' title='bbox 2447 1242 2943 1313; x_wconf 75' lang='grc' dir='ltr'>ἐπιπορευόμενοςο</span> <span class='ocrx_word' id='word_1_368' title='bbox 2996 1240 3175 1294; x_wconf 88' lang='grc' dir='ltr'>ἰδόντα</span> <span class='ocrx_word' id='word_1_369' title='bbox 3223 1239 3282 1294; x_wconf 80' lang='grc' dir='ltr'>δὲ</span> <span class='ocrx_word' id='word_1_370' title='bbox 3340 1238 3577 1307; x_wconf 84' lang='grc' dir='ltr'>ἀθρόον,</span> <span class='ocrx_word' id='word_1_371' title='bbox 3629 1239 3708 1299; x_wconf 83' lang='grc' dir='ltr'><strong>εἰς</strong></span> 
     </span>
    </p>
   </div>
   <div class='ocr_carea' id='block_1_54' title="bbox 2130 1330 3708 1407">
    <p class='ocr_par' dir='ltr' id='par_1_54' title="bbox 2130 1330 3708 1407">
     <span class='ocr_line' id='line_1_54' title="bbox 2130 1330 3708 1407; baseline -0.003 -20"><span class='ocrx_word' id='word_1_372' title='bbox 2130 1334 2394 1407; x_wconf 79' lang='grc' dir='ltr'>ἔκπληξιν</span> <span class='ocrx_word' id='word_1_373' title='bbox 2416 1335 2678 1405; x_wconf 75' lang='grc' dir='ltr'>ἐμὸάλλει</span> <span class='ocrx_word' id='word_1_374' title='bbox 2695 1334 2787 1388; x_wconf 68' lang='grc' dir='ltr'>τὴν</span> <span class='ocrx_word' id='word_1_375' title='bbox 2802 1334 2986 1388; x_wconf 77' lang='grc' dir='ltr'>Φεῖδον</span> <span class='ocrx_word' id='word_1_376' title='bbox 3008 1350 3022 1364; x_wconf 91' lang='grc'><strong>·</strong></span> <span class='ocrx_word' id='word_1_377' title='bbox 3040 1333 3137 1386; x_wconf 70' lang='grc' dir='ltr'>καὶ</span> <span class='ocrx_word' id='word_1_378' title='bbox 3161 1332 3261 1402; x_wconf 83' lang='grc' dir='ltr'>τῆς</span> <span class='ocrx_word' id='word_1_379' title='bbox 3283 1330 3522 1400; x_wconf 83' lang='grc' dir='ltr'>ἀγωνίας</span> <span class='ocrx_word' id='word_1_380' title='bbox 3544 1330 3708 1384; x_wconf 87' lang='grc' dir='ltr'>πάλιν</span> 
     </span>
    </p>
   </div>
   <div class='ocr_carea' id='block_1_55' title="bbox 2129 1421 3708 1493">
    <p class='ocr_par' dir='ltr' id='par_1_55' title="bbox 2129 1421 3708 1493">
     <span class='ocr_line' id='line_1_55' title="bbox 2129 1421 3708 1493; baseline -0.004 -12"><span class='ocrx_word' id='word_1_381' title='bbox 2129 1427 2292 1491; x_wconf 80' lang='grc' dir='ltr'>εὐθὺς</span> <span class='ocrx_word' id='word_1_382' title='bbox 2327 1426 2423 1480; x_wconf 78' lang='grc' dir='ltr'>καὶ</span> <span class='ocrx_word' id='word_1_383' title='bbox 2453 1426 2550 1480; x_wconf 85' lang='grc' dir='ltr'><strong>τοῦ</strong></span> <span class='ocrx_word' id='word_1_384' title='bbox 2584 1427 2739 1492; x_wconf 84' lang='grc' dir='ltr'>δέους</span> <span class='ocrx_word' id='word_1_385' title='bbox 2763 1426 2929 1482; x_wconf 78' lang='grc' dir='ltr'>αὑτὸν</span> <span class='ocrx_word' id='word_1_386' title='bbox 2953 1422 3223 1479; x_wconf 86' lang='grc' dir='ltr'>ἀπολῦσαι</span> <span class='ocrx_word' id='word_1_387' title='bbox 3261 1421 3610 1493; x_wconf 83' lang='grc' dir='ltr'>βουλόμενος,</span> <span class='ocrx_word' id='word_1_388' title='bbox 3638 1422 3708 1490; x_wconf 82' lang='grc' dir='ltr'>τῇ</span> 
     </span>
    </p>
   </div>
   <div class='ocr_carea' id='block_1_56' title="bbox 2131 1512 3707 1592">
    <p class='ocr_par' dir='ltr' id='par_1_56' title="bbox 2131 1512 3707 1592">
     <span class='ocr_line' id='line_1_56' title="bbox 2131 1512 3707 1592; baseline -0.006 -17"><span class='ocrx_word' id='word_1_389' title='bbox 2131 1520 2355 1592; x_wconf 80' lang='grc' dir='ltr'>συνήθει</span> <span class='ocrx_word' id='word_1_390' title='bbox 2405 1521 2481 1583; x_wconf 87' lang='grc' dir='ltr'>ὡς</span> <span class='ocrx_word' id='word_1_391' title='bbox 2522 1516 2637 1592; x_wconf 70' lang='grc' dir='ltr'>εἶχε</span> <span class='ocrx_word' id='word_1_392' title='bbox 2669 1521 2762 1574; x_wconf 75' lang='grc' dir='ltr'>καὶ</span> <span class='ocrx_word' id='word_1_393' title='bbox 2792 1520 3055 1590; x_wconf 83' lang='grc' dir='ltr'>πρότερον</span> <span class='ocrx_word' id='word_1_394' title='bbox 3095 1516 3352 1584; x_wconf 81' lang='grc' dir='ltr'>ἐντεύξει,</span> <span class='ocrx_word' id='word_1_395' title='bbox 3385 1515 3478 1587; x_wconf 77' lang='grc' dir='ltr'><strong>Μὴ</strong></span> <span class='ocrx_word' id='word_1_396' title='bbox 3515 1512 3707 1584; x_wconf 79' lang='grc' dir='ltr'>φοϐοῦ,</span> 
     </span>
    </p>
   </div>
   <div class='ocr_carea' id='block_1_57' title="bbox 2128 1605 3708 1684">
    <p class='ocr_par' dir='ltr' id='par_1_57' title="bbox 2128 1605 3708 1684">
     <span class='ocr_line' id='line_1_57' title="bbox 2128 1605 3708 1684; baseline -0.005 -18"><span class='ocrx_word' id='word_1_397' title='bbox 2128 1612 2241 1684; x_wconf 84' lang='grc' dir='ltr'><strong>ἐγώ</strong></span> <span class='ocrx_word' id='word_1_398' title='bbox 2266 1614 2384 1683; x_wconf 87' lang='grc' dir='ltr'>εἰμι</span> <span class='ocrx_word' id='word_1_399' title='bbox 2416 1611 2693 1680; x_wconf 80' lang='grc' dir='ltr'>Εὐθύμιος</span> <span class='ocrx_word' id='word_1_400' title='bbox 2715 1613 2743 1666; x_wconf 84' lang='lat'><strong>6</strong></span> <span class='ocrx_word' id='word_1_401' title='bbox 2780 1610 2876 1664; x_wconf 82' lang='grc' dir='ltr'><strong>τοῦ</strong></span> <span class='ocrx_word' id='word_1_402' title='bbox 2898 1608 3032 1663; x_wconf 84' lang='grc' dir='ltr'>Θεοῦ</span> <span class='ocrx_word' id='word_1_403' title='bbox 3063 1609 3264 1674; x_wconf 80' lang='grc' dir='ltr'>δοῦλος,</span> <span class='ocrx_word' id='word_1_404' title='bbox 3299 1606 3440 1678; x_wconf 75' lang='grc' dir='ltr'>ἔφη·</span> <span class='ocrx_word' id='word_1_405' title='bbox 3472 1605 3708 1675; x_wconf 81' lang='grc' dir='ltr'>γίνωσκε</span> 
     </span>
    </p>
   </div>
   <div class='ocr_carea' id='block_1_58' title="bbox 2127 1697 3706 1774">
    <p class='ocr_par' dir='ltr' id='par_1_58' title="bbox 2127 1697 3706 1774">
     <span class='ocr_line' id='line_1_58' title="bbox 2127 1697 3706 1774; baseline -0.005 -14"><span class='ocrx_word' id='word_1_406' title='bbox 2127 1708 2184 1761; x_wconf 80' lang='grc' dir='ltr'><strong>δὲ</strong></span> <span class='ocrx_word' id='word_1_407' title='bbox 2215 1706 2291 1770; x_wconf 86' lang='grc' dir='ltr'>ὡς</span> <span class='ocrx_word' id='word_1_408' title='bbox 2317 1706 2420 1759; x_wconf 85' lang='grc' dir='ltr'><strong>οὐκ</strong></span> <span class='ocrx_word' id='word_1_409' title='bbox 2454 1704 2649 1759; x_wconf 87' lang='grc' dir='ltr'>ἀστεία</span> <span class='ocrx_word' id='word_1_410' title='bbox 2673 1721 2756 1758; x_wconf 90' lang='grc' dir='ltr'><strong>σοι</strong></span> <span class='ocrx_word' id='word_1_411' title='bbox 2785 1704 2819 1774; x_wconf 84' lang='grc' dir='ltr'><strong>ή</strong></span> <span class='ocrx_word' id='word_1_412' title='bbox 2848 1702 2965 1766; x_wconf 75' lang='grc' dir='ltr'>ὁδὸς</span> <span class='ocrx_word' id='word_1_413' title='bbox 2995 1701 3134 1774; x_wconf 80' lang='grc' dir='ltr'>αὕτη</span> <span class='ocrx_word' id='word_1_414' title='bbox 3161 1698 3393 1755; x_wconf 85' lang='grc' dir='ltr'>ἐνώπιον</span> <span class='ocrx_word' id='word_1_415' title='bbox 3426 1697 3518 1752; x_wconf 89' lang='grc' dir='ltr'><strong>τοῦ</strong></span> <span class='ocrx_word' id='word_1_416' title='bbox 3547 1697 3706 1752; x_wconf 88' lang='grc' dir='ltr'>Θεοῦ.</span> 
     </span>
    </p>
   </div>
   <div class='ocr_carea' id='block_1_59' title="bbox 2128 1788 3793 1871">
    <p class='ocr_par' dir='ltr' id='par_1_59' title="bbox 2128 1788 3793 1871">
     <span class='ocr_line' id='line_1_59' title="bbox 2128 1788 3793 1871; baseline -0.006 -18"><span class='ocrx_word' id='word_1_417' title='bbox 2128 1800 2263 1854; x_wconf 62' lang='lat' dir='ltr'><strong>osse</strong></span> <span class='ocrx_word' id='word_1_418' title='bbox 2310 1800 2421 1871; x_wconf 78' lang='grc' dir='ltr'><strong>γὰρ</strong></span> <span class='ocrx_word' id='word_1_419' title='bbox 2453 1798 2641 1868; x_wconf 78' lang='grc' dir='ltr'>δνησίν</span> <span class='ocrx_word' id='word_1_420' title='bbox 2672 1814 2795 1850; x_wconf 89' lang='grc' dir='ltr'>τινα</span> <span class='ocrx_word' id='word_1_421' title='bbox 2845 1795 2982 1849; x_wconf 76' lang='grc' dir='ltr'>οἴσει</span> <span class='ocrx_word' id='word_1_422' title='bbox 3010 1797 3075 1866; x_wconf 79' lang='grc' dir='ltr'>τῇ</span> <span class='ocrx_word' id='word_1_423' title='bbox 3112 1792 3282 1865; x_wconf 85' lang='grc' dir='ltr'>μητρί</span> <span class='ocrx_word' id='word_1_424' title='bbox 3325 1792 3436 1845; x_wconf 88' lang='grc' dir='ltr'><strong>τῶν</strong></span> <span class='ocrx_word' id='word_1_425' title='bbox 3475 1788 3709 1859; x_wconf 85' lang='grc' dir='ltr'>Ἔκκλη-</span> <span class='ocrx_word' id='word_1_426' title='bbox 3788 1827 3793 1831; x_wconf 61' lang='grc' dir='ltr'><strong><em>ς</em></strong></span> 
     </span>
    </p>
   </div>
   <div class='ocr_carea' id='block_1_60' title="bbox 2131 1881 3711 1960">
    <p class='ocr_par' dir='ltr' id='par_1_60' title="bbox 2131 1881 3711 1960">
     <span class='ocr_line' id='line_1_60' title="bbox 2131 1881 3711 1960; baseline -0.007 -15"><span class='ocrx_word' id='word_1_427' title='bbox 2131 1891 2284 1947; x_wconf 84' lang='grc' dir='ltr'>σιῶν.</span> <span class='ocrx_word' id='word_1_428' title='bbox 2318 1892 2417 1946; x_wconf 82' lang='grc' dir='ltr'><strong>Διὰ</strong></span> <span class='ocrx_word' id='word_1_429' title='bbox 2463 1890 2638 1946; x_wconf 84' lang='grc' dir='ltr'>ταῦτα</span> <span class='ocrx_word' id='word_1_430' title='bbox 2678 1886 3033 1960; x_wconf 74' lang='grc' dir='ltr'>ἐπιστρέφειν</span> <span class='ocrx_word' id='word_1_431' title='bbox 3065 1904 3124 1939; x_wconf 90' lang='grc' dir='ltr'><strong>σε</strong></span> <span class='ocrx_word' id='word_1_432' title='bbox 3163 1886 3247 1938; x_wconf 86' lang='grc' dir='ltr'>δεῖ</span> <span class='ocrx_word' id='word_1_433' title='bbox 3274 1883 3413 1955; x_wconf 81' lang='grc' dir='ltr'>πρὸς</span> <span class='ocrx_word' id='word_1_434' title='bbox 3439 1881 3532 1935; x_wconf 79' lang='grc' dir='ltr'>τὸν</span> <span class='ocrx_word' id='word_1_435' title='bbox 3574 1883 3711 1936; x_wconf 85' lang='grc' dir='ltr'>ἀπο-</span> 
     </span>
    </p>
   </div>
   <div class='ocr_carea' id='block_1_61' title="bbox 2128 1969 3708 2050">
    <p class='ocr_par' dir='ltr' id='par_1_61' title="bbox 2128 1969 3708 2050">
     <span class='ocr_line' id='line_1_61' title="bbox 2128 1969 3708 2050; baseline -0.008 -13"><span class='ocrx_word' id='word_1_436' title='bbox 2128 1982 2417 2037; x_wconf 89' lang='grc' dir='ltr'>στείλαντά</span> <span class='ocrx_word' id='word_1_437' title='bbox 2450 1998 2532 2046; x_wconf 89' lang='grc' dir='ltr'><strong>σε,</strong></span> <span class='ocrx_word' id='word_1_438' title='bbox 2579 1979 2676 2034; x_wconf 75' lang='grc' dir='ltr'>καὶ</span> <span class='ocrx_word' id='word_1_439' title='bbox 2706 1978 3030 2050; x_wconf 77' lang='grc' dir='ltr'>παρεγγυᾷν</span> <span class='ocrx_word' id='word_1_440' title='bbox 3063 1972 3212 2046; x_wconf 81' lang='grc' dir='ltr'>αὐτῷ</span> <span class='ocrx_word' id='word_1_441' title='bbox 3256 1973 3387 2043; x_wconf 88' lang='grc' dir='ltr'>παρ’</span> <span class='ocrx_word' id='word_1_442' title='bbox 3432 1970 3591 2043; x_wconf 84' lang='grc' dir='ltr'>ἐμοῦ,</span> <span class='ocrx_word' id='word_1_443' title='bbox 3633 1969 3708 2040; x_wconf 83' lang='grc' dir='ltr'>μὴ</span> 
     </span>
    </p>
   </div>
   <div class='ocr_carea' id='block_1_62' title="bbox 2131 2062 3709 2148">
    <p class='ocr_par' dir='ltr' id='par_1_62' title="bbox 2131 2062 3709 2148">
     <span class='ocr_line' id='line_1_62' title="bbox 2131 2062 3709 2148; baseline -0.01 -18"><span class='ocrx_word' id='word_1_444' title='bbox 2131 2076 2404 2148; x_wconf 84' lang='grc' dir='ltr'>μεριμνᾷν</span> <span class='ocrx_word' id='word_1_445' title='bbox 2439 2073 2606 2145; x_wconf 84' lang='grc' dir='ltr'>μηδὲν</span> <span class='ocrx_word' id='word_1_446' title='bbox 2635 2072 2766 2143; x_wconf 85' lang='grc' dir='ltr'><strong>περί</strong></span> <span class='ocrx_word' id='word_1_447' title='bbox 2793 2070 2895 2139; x_wconf 84' lang='grc' dir='ltr'>τῆς</span> <span class='ocrx_word' id='word_1_448' title='bbox 2928 2067 3039 2122; x_wconf 87' lang='grc' dir='ltr'><strong>τῶν</strong></span> <span class='ocrx_word' id='word_1_449' title='bbox 3077 2064 3451 2137; x_wconf 81' lang='grc' dir='ltr'>’Δποσχιστῶν</span> <span class='ocrx_word' id='word_1_450' title='bbox 3481 2062 3709 2118; x_wconf 84' lang='grc' dir='ltr'>διαστά-</span> 
     </span>
    </p>
   </div>
   <div class='ocr_carea' id='block_1_63' title="bbox 2129 2155 3709 2235">
    <p class='ocr_par' dir='ltr' id='par_1_63' title="bbox 2129 2155 3709 2235">
     <span class='ocr_line' id='line_1_63' title="bbox 2129 2155 3709 2235; baseline -0.011 -13"><span class='ocrx_word' id='word_1_451' title='bbox 2129 2186 2270 2232; x_wconf 86' lang='grc' dir='ltr'>σεως</span> <span class='ocrx_word' id='word_1_452' title='bbox 2290 2184 2303 2197; x_wconf 84' lang='grc'><strong>·</strong></span> <span class='ocrx_word' id='word_1_453' title='bbox 2335 2169 2436 2221; x_wconf 79' lang='grc' dir='ltr'><strong>οὐκ</strong></span> <span class='ocrx_word' id='word_1_454' title='bbox 2470 2168 2551 2229; x_wconf 82' lang='grc' dir='ltr'><strong>εἰς</strong></span> <span class='ocrx_word' id='word_1_455' title='bbox 2586 2163 2807 2235; x_wconf 83' lang='grc' dir='ltr'>μακρὰν</span> <span class='ocrx_word' id='word_1_456' title='bbox 2841 2162 2973 2232; x_wconf 83' lang='grc' dir='ltr'>γὰρ.</span> <span class='ocrx_word' id='word_1_457' title='bbox 3005 2158 3121 2215; x_wconf 78' lang='grc' dir='ltr'>ἀλλ’</span> <span class='ocrx_word' id='word_1_458' title='bbox 3152 2158 3246 2212; x_wconf 55' lang='grc' dir='ltr'><strong>ἐπὶ⁸</strong></span> <span class='ocrx_word' id='word_1_459' title='bbox 3265 2158 3362 2228; x_wconf 84' lang='grc' dir='ltr'>τῆς</span> <span class='ocrx_word' id='word_1_460' title='bbox 3390 2155 3491 2225; x_wconf 84' lang='grc' dir='ltr'>σῆς</span> <span class='ocrx_word' id='word_1_461' title='bbox 3520 2155 3709 2225; x_wconf 85' lang='grc' dir='ltr'>ίεραρ-</span> 
     </span>
    </p>
   </div>
   <div class='ocr_carea' id='block_1_64' title="bbox 2127 2246 3710 2330">
    <p class='ocr_par' dir='ltr' id='par_1_64' title="bbox 2127 2246 3710 2330">
     <span class='ocr_line' id='line_1_64' title="bbox 2127 2246 3710 2330; baseline -0.01 -18"><span class='ocrx_word' id='word_1_462' title='bbox 2127 2259 2251 2330; x_wconf 84' lang='grc' dir='ltr'>χίας</span> <span class='ocrx_word' id='word_1_463' title='bbox 2281 2258 2436 2312; x_wconf 74' lang='grc' dir='ltr'>ἔσται</span> <span class='ocrx_word' id='word_1_464' title='bbox 2467 2258 2500 2323; x_wconf 85' lang='grc' dir='ltr'>ἠ</span> <span class='ocrx_word' id='word_1_465' title='bbox 2539 2257 2756 2321; x_wconf 78' lang='grc' dir='ltr'>ἐνωσις,</span> <span class='ocrx_word' id='word_1_466' title='bbox 2790 2255 2886 2308; x_wconf 74' lang='grc' dir='ltr'><strong>καὶ</strong></span> <span class='ocrx_word' id='word_1_467' title='bbox 2915 2253 3017 2324; x_wconf 85' lang='grc' dir='ltr'>μία</span> <span class='ocrx_word' id='word_1_468' title='bbox 3056 2249 3263 2322; x_wconf 88' lang='grc' dir='ltr'>ποίμνη</span> <span class='ocrx_word' id='word_1_469' title='bbox 3311 2248 3515 2311; x_wconf 88' lang='grc' dir='ltr'>πάντες</span> <span class='ocrx_word' id='word_1_470' title='bbox 3561 2246 3608 2299; x_wconf 88' lang='grc' dir='ltr'><strong>οἰ</strong></span> <span class='ocrx_word' id='word_1_471' title='bbox 3650 2246 3710 2297; x_wconf 85' lang='grc' dir='ltr'><strong>ἐν</strong></span> 
     </span>
    </p>
   </div>
   <div class='ocr_carea' id='block_1_65' title="bbox 2139 2332 3713 2422">
    <p class='ocr_par' dir='ltr' id='par_1_65' title="bbox 2139 2332 3713 2422">
     <span class='ocr_line' id='line_1_65' title="bbox 2139 2332 3713 2422; baseline -0.011 -16"><span class='ocrx_word' id='word_1_472' title='bbox 2139 2350 2558 2422; x_wconf 87' lang='grc' dir='ltr'>Ἰεροσολύμοις,</span> <span class='ocrx_word' id='word_1_473' title='bbox 2593 2348 2691 2401; x_wconf 75' lang='grc' dir='ltr'>καὶ</span> <span class='ocrx_word' id='word_1_474' title='bbox 2721 2346 2812 2416; x_wconf 84' lang='grc' dir='ltr'>ὑφ’</span> <span class='ocrx_word' id='word_1_475' title='bbox 2859 2346 2943 2399; x_wconf 77' lang='grc' dir='ltr'>ἐνὶ</span> <span class='ocrx_word' id='word_1_476' title='bbox 2990 2342 3211 2413; x_wconf 81' lang='grc' dir='ltr'>ποιμένι</span> <span class='ocrx_word' id='word_1_477' title='bbox 3261 2341 3605 2410; x_wconf 87' lang='grc' dir='ltr'>γενήσονται.</span> <span class='ocrx_word' id='word_1_478' title='bbox 3642 2332 3713 2389; x_wconf 73' lang='grc' dir='ltr'><strong>Σέ</strong></span> 
     </span>
    </p>
   </div>
   <div class='ocr_carea' id='block_1_66' title="bbox 2125 2427 3714 2513">
    <p class='ocr_par' dir='ltr' id='par_1_66' title="bbox 2125 2427 3714 2513">
     <span class='ocr_line' id='line_1_66' title="bbox 2125 2427 3714 2513; baseline -0.011 -16"><span class='ocrx_word' id='word_1_479' title='bbox 2125 2443 2185 2499; x_wconf 84' lang='grc' dir='ltr'><strong>δέ</strong></span> <span class='ocrx_word' id='word_1_480' title='bbox 2228 2442 2364 2513; x_wconf 84' lang='grc' dir='ltr'>πρὸς</span> <span class='ocrx_word' id='word_1_481' title='bbox 2395 2442 2494 2509; x_wconf 81' lang='grc' dir='ltr'><strong>τὴν</strong></span> <span class='ocrx_word' id='word_1_482' title='bbox 2528 2439 2669 2510; x_wconf 84' lang='grc' dir='ltr'>ἐμὴν</span> <span class='ocrx_word' id='word_1_483' title='bbox 2715 2435 3010 2506; x_wconf 80' lang='grc' dir='ltr'>ἀφικέσθαι</span> <span class='ocrx_word' id='word_1_484' title='bbox 3049 2432 3260 2504; x_wconf 82' lang='grc' dir='ltr'>λαύραν</span> <span class='ocrx_word' id='word_1_485' title='bbox 3310 2431 3453 2501; x_wconf 76' lang='grc' dir='ltr'>χρήο</span> <span class='ocrx_word' id='word_1_486' title='bbox 3504 2428 3598 2482; x_wconf 80' lang='grc' dir='ltr'><strong>καὶ</strong></span> <span class='ocrx_word' id='word_1_487' title='bbox 3642 2427 3714 2481; x_wconf 80' lang='grc' dir='ltr'><strong>τὰ</strong></span> 
     </span>
    </p>
   </div>
   <div class='ocr_carea' id='block_1_67' title="bbox 2129 2516 3707 2604">
    <p class='ocr_par' dir='ltr' id='par_1_67' title="bbox 2129 2516 3707 2604">
     <span class='ocr_line' id='line_1_67' title="bbox 2129 2516 3707 2604; baseline -0.014 -15"><span class='ocrx_word' id='word_1_488' title='bbox 2129 2534 2230 2604; x_wconf 78' lang='grc' dir='ltr'>μὲν</span> <span class='ocrx_word' id='word_1_489' title='bbox 2256 2531 2444 2586; x_wconf 88' lang='grc' dir='ltr'>κελλία</span> <span class='ocrx_word' id='word_1_490' title='bbox 2470 2530 2577 2583; x_wconf 85' lang='grc' dir='ltr'><strong>τῶν</strong></span> <span class='ocrx_word' id='word_1_491' title='bbox 2607 2527 2872 2596; x_wconf 82' lang='grc' dir='ltr'>ἀδελφῶν,</span> <span class='ocrx_word' id='word_1_492' title='bbox 2895 2527 2960 2579; x_wconf 84' lang='grc' dir='ltr'><strong>ἐκ</strong></span> <span class='ocrx_word' id='word_1_493' title='bbox 2985 2523 3201 2595; x_wconf 85' lang='grc' dir='ltr'>βάθρων</span> <span class='ocrx_word' id='word_1_494' title='bbox 3230 2521 3413 2576; x_wconf 85' lang='grc' dir='ltr'>αὐτῶν</span> <span class='ocrx_word' id='word_1_495' title='bbox 3438 2516 3707 2580; x_wconf 77' lang='grc' dir='ltr'>καθελεῖν,</span> 
     </span>
    </p>
   </div>
   <div class='ocr_carea' id='block_1_68' title="bbox 2127 2609 3708 2690">
    <p class='ocr_par' dir='ltr' id='par_1_68' title="bbox 2127 2609 3708 2690">
     <span class='ocr_line' id='line_1_68' title="bbox 2127 2609 3708 2690; baseline -0.012 -10"><span class='ocrx_word' id='word_1_496' title='bbox 2127 2623 2398 2680; x_wconf 81' lang='grc' dir='ltr'>κοινόὸιον</span> <span class='ocrx_word' id='word_1_497' title='bbox 2428 2622 2485 2677; x_wconf 83' lang='grc' dir='ltr'>δὲ</span> <span class='ocrx_word' id='word_1_498' title='bbox 2511 2618 2962 2690; x_wconf 75' lang='grc' dir='ltr'>ἀνοικοδομῆσαι,</span> <span class='ocrx_word' id='word_1_499' title='bbox 2989 2619 3047 2672; x_wconf 85' lang='grc' dir='ltr'><strong>ἐν</strong></span> <span class='ocrx_word' id='word_1_500' title='bbox 3079 2610 3123 2683; x_wconf 82' lang='grc' dir='ltr'>ᾧ</span> <span class='ocrx_word' id='word_1_501' title='bbox 3152 2614 3213 2669; x_wconf 80' lang='grc' dir='ltr'><strong>τὸ</strong></span> <span class='ocrx_word' id='word_1_502' title='bbox 3243 2612 3378 2684; x_wconf 76' lang='grc' dir='ltr'>ἐμὸν</span> <span class='ocrx_word' id='word_1_503' title='bbox 3421 2609 3708 2683; x_wconf 79' lang='grc' dir='ltr'>ᾠκοδόμη-</span> 
     </span>
    </p>
   </div>
   <div class='ocr_carea' id='block_1_69' title="bbox 2130 2699 3709 2786">
    <p class='ocr_par' dir='ltr' id='par_1_69' title="bbox 2130 2699 3709 2786">
     <span class='ocr_line' id='line_1_69' title="bbox 2130 2699 3709 2786; baseline -0.012 -15"><span class='ocrx_word' id='word_1_504' title='bbox 2130 2734 2228 2780; x_wconf 91' lang='grc' dir='ltr'><strong>σας</strong></span> <span class='ocrx_word' id='word_1_505' title='bbox 2274 2714 2657 2786; x_wconf 86' lang='grc' dir='ltr'>κοιμητήριον.</span> <span class='ocrx_word' id='word_1_506' title='bbox 2692 2710 2829 2764; x_wconf 79' lang='grc' dir='ltr'>Οὐδὲ</span> <span class='ocrx_word' id='word_1_507' title='bbox 2863 2708 2971 2781; x_wconf 84' lang='grc' dir='ltr'><strong>γὰρ</strong></span> <span class='ocrx_word' id='word_1_508' title='bbox 3000 2706 3230 2777; x_wconf 90' lang='grc' dir='ltr'>λαύραν,</span> <span class='ocrx_word' id='word_1_509' title='bbox 3264 2701 3401 2758; x_wconf 87' lang='grc' dir='ltr'><strong>ἀλλά</strong></span> <span class='ocrx_word' id='word_1_510' title='bbox 3441 2699 3709 2755; x_wconf 78' lang='grc' dir='ltr'>κοινόϐιον</span> 
     </span>
    </p>
   </div>
   <div class='ocr_carea' id='block_1_70' title="bbox 2132 2797 3304 2882">
    <p class='ocr_par' dir='ltr' id='par_1_70' title="bbox 2132 2797 3304 2882">
     <span class='ocr_line' id='line_1_70' title="bbox 2132 2797 3304 2882; baseline -0.009 -19"><span class='ocrx_word' id='word_1_511' title='bbox 2132 2807 2335 2882; x_wconf 85' lang='grc' dir='ltr'>μᾶλλον</span> <span class='ocrx_word' id='word_1_512' title='bbox 2366 2802 2507 2860; x_wconf 80' lang='grc' dir='ltr'>εἰναι</span> <span class='ocrx_word' id='word_1_513' title='bbox 2533 2804 2626 2858; x_wconf 80' lang='grc' dir='ltr'><strong>τὸν</strong></span> <span class='ocrx_word' id='word_1_514' title='bbox 2655 2802 2844 2866; x_wconf 88' lang='grc' dir='ltr'>τόπον,</span> <span class='ocrx_word' id='word_1_515' title='bbox 2879 2800 2959 2871; x_wconf 83' lang='grc' dir='ltr'>τῷ</span> <span class='ocrx_word' id='word_1_516' title='bbox 2990 2797 3111 2870; x_wconf 84' lang='grc' dir='ltr'><strong>Θεῷ</strong></span> <span class='ocrx_word' id='word_1_517' title='bbox 3137 2798 3304 2853; x_wconf 83' lang='grc' dir='ltr'>δοκεῖ.</span> 
     </span>
    </p>
   </div>
   <div class='ocr_carea' id='block_1_71' title="bbox 2199 2884 3714 2968">
    <p class='ocr_par' dir='ltr' id='par_1_71' title="bbox 2199 2884 3714 2968">
     <span class='ocr_line' id='line_1_71' title="bbox 2199 2884 3714 2968; baseline -0.013 -12"><span class='ocrx_word' id='word_1_518' title='bbox 2199 2900 2351 2955; x_wconf 84' lang='grc' dir='ltr'>ΡΙΕ¹.</span> <span class='ocrx_word' id='word_1_519' title='bbox 2383 2898 2572 2954; x_wconf 86' lang='grc' dir='ltr'>Ταῦτα</span> <span class='ocrx_word' id='word_1_520' title='bbox 2601 2899 2629 2951; x_wconf 91' lang='lat'><strong>6</strong></span> <span class='ocrx_word' id='word_1_521' title='bbox 2668 2896 2766 2968; x_wconf 85' lang='grc' dir='ltr'>μὲν</span> <span class='ocrx_word' id='word_1_522' title='bbox 2810 2894 3147 2962; x_wconf 76' lang='grc' dir='ltr'>ἐπισκήπτει</span> <span class='ocrx_word' id='word_1_523' title='bbox 3175 2889 3253 2961; x_wconf 81' lang='grc' dir='ltr'>τῷ</span> <span class='ocrx_word' id='word_1_524' title='bbox 3279 2888 3472 2958; x_wconf 84' lang='grc' dir='ltr'>Φείδῳ,</span> <span class='ocrx_word' id='word_1_525' title='bbox 3501 2886 3598 2940; x_wconf 70' lang='grc' dir='ltr'>καὶ</span> <span class='ocrx_word' id='word_1_526' title='bbox 3633 2884 3714 2954; x_wconf 82' lang='grc' dir='ltr'>τῷ</span> 
     </span>
    </p>
   </div>
   <div class='ocr_carea' id='block_1_72' title="bbox 2131 2978 3716 3065">
    <p class='ocr_par' dir='ltr' id='par_1_72' title="bbox 2131 2978 3716 3065">
     <span class='ocr_line' id='line_1_72' title="bbox 2131 2978 3716 3065; baseline -0.011 -16"><span class='ocrx_word' id='word_1_527' title='bbox 2131 2994 2345 3065; x_wconf 85' lang='grc' dir='ltr'>παλλίῳ</span> <span class='ocrx_word' id='word_1_528' title='bbox 2374 2991 2538 3047; x_wconf 81' lang='grc' dir='ltr'>αὐτὸν</span> <span class='ocrx_word' id='word_1_529' title='bbox 2569 2990 2646 3061; x_wconf 87' lang='grc' dir='ltr'>τῷ</span> <span class='ocrx_word' id='word_1_530' title='bbox 2672 2988 2865 3043; x_wconf 87' lang='grc' dir='ltr'>ἐαυτοῦ</span> <span class='ocrx_word' id='word_1_531' title='bbox 2886 2985 3224 3057; x_wconf 81' lang='grc' dir='ltr'>περιϐάλλει.</span> <span class='ocrx_word' id='word_1_532' title='bbox 3261 2983 3320 3036; x_wconf 84' lang='grc'><strong>’0</strong></span> <span class='ocrx_word' id='word_1_533' title='bbox 3349 2980 3406 3035; x_wconf 84' lang='grc' dir='ltr'><strong>δέ</strong></span> <span class='ocrx_word' id='word_1_534' title='bbox 3436 2978 3586 3049; x_wconf 78' lang='grc' dir='ltr'>ῦπαρ</span> <span class='ocrx_word' id='word_1_535' title='bbox 3614 2980 3716 3032; x_wconf 82' lang='grc' dir='ltr'><strong>οὐκ</strong></span> 
     </span>
    </p>
   </div>
   <div class='ocr_carea' id='block_1_73' title="bbox 2130 3070 3717 3159">
    <p class='ocr_par' dir='ltr' id='par_1_73' title="bbox 2130 3070 3717 3159">
     <span class='ocr_line' id='line_1_73' title="bbox 2130 3070 3717 3159; baseline -0.013 -16"><span class='ocrx_word' id='word_1_536' title='bbox 2130 3090 2264 3159; x_wconf 80' lang='grc' dir='ltr'>δναρ</span> <span class='ocrx_word' id='word_1_537' title='bbox 2288 3087 2631 3159; x_wconf 86' lang='grc' dir='ltr'>παραχρῆμα</span> <span class='ocrx_word' id='word_1_538' title='bbox 2653 3078 3163 3153; x_wconf 74' lang='grc' dir='ltr'>ἀναρπασθε¹ις,ούκ</span> <span class='ocrx_word' id='word_1_539' title='bbox 3185 3072 3453 3145; x_wconf 87' lang='grc' dir='ltr'>ἀνομοίως</span> <span class='ocrx_word' id='word_1_540' title='bbox 3476 3070 3617 3142; x_wconf 82' lang='grc' dir='ltr'>τάχα</span> <span class='ocrx_word' id='word_1_541' title='bbox 3637 3070 3717 3141; x_wconf 81' lang='grc' dir='ltr'>τῷ</span> 
     </span>
    </p>
   </div>
   <div class='ocr_carea' id='block_1_74' title="bbox 2143 3160 3718 3252">
    <p class='ocr_par' dir='ltr' id='par_1_74' title="bbox 2143 3160 3718 3252">
     <span class='ocr_line' id='line_1_74' title="bbox 2143 3160 3718 3252; baseline -0.016 -16"><span class='ocrx_word' id='word_1_542' title='bbox 2143 3179 2492 3252; x_wconf 77' lang='grc' dir='ltr'>Ἀμδακοὺμ,</span> <span class='ocrx_word' id='word_1_543' title='bbox 2516 3176 2646 3249; x_wconf 80' lang='grc' dir='ltr'>ῥᾷον</span> <span class='ocrx_word' id='word_1_544' title='bbox 2671 3172 2817 3228; x_wconf 74' lang='grc' dir='ltr'>οὕτω</span> <span class='ocrx_word' id='word_1_545' title='bbox 2843 3171 2937 3226; x_wconf 75' lang='grc' dir='ltr'>καὶ</span> <span class='ocrx_word' id='word_1_546' title='bbox 2969 3166 3174 3241; x_wconf 79' lang='grc' dir='ltr'>ἀκαρῆ,</span> <span class='ocrx_word' id='word_1_547' title='bbox 3211 3165 3288 3235; x_wconf 82' lang='grc' dir='ltr'>τῷ</span> <span class='ocrx_word' id='word_1_548' title='bbox 3317 3161 3550 3232; x_wconf 85' lang='grc' dir='ltr'>αἰγιαλῷ</span> <span class='ocrx_word' id='word_1_549' title='bbox 3586 3160 3718 3213; x_wconf 89' lang='grc' dir='ltr'>δίδο-</span> 
     </span>
    </p>
   </div>
   <div class='ocr_carea' id='block_1_75' title="bbox 2135 3252 3715 3329">
    <p class='ocr_par' dir='ltr' id='par_1_75' title="bbox 2135 3252 3715 3329">
     <span class='ocr_line' id='line_1_75' title="bbox 2135 3252 3715 3329; baseline -0.016 -1"><span class='ocrx_word' id='word_1_550' title='bbox 2135 3289 2244 3329; x_wconf 88' lang='grc' dir='ltr'>ται·</span> <span class='ocrx_word' id='word_1_551' title='bbox 2260 3272 2352 3326; x_wconf 71' lang='lat' dir='ltr'><strong>ml.</strong></span> <span class='ocrx_word' id='word_1_552' title='bbox 2371 3265 2482 3324; x_wconf 68' lang='grc' dir='ltr'>οἷον</span> <span class='ocrx_word' id='word_1_553' title='bbox 2499 3267 2593 3321; x_wconf 88' lang='grc' dir='ltr'><strong>τοῦ</strong></span> <span class='ocrx_word' id='word_1_554' title='bbox 2613 3266 2782 3320; x_wconf 69' lang='grc' dir='ltr'>ὕπνου</span> <span class='ocrx_word' id='word_1_555' title='bbox 2798 3262 3090 3324; x_wconf 86' lang='grc' dir='ltr'>διαναστάς</span> <span class='ocrx_word' id='word_1_556' title='bbox 3109 3257 3174 3327; x_wconf 83' lang='grc' dir='ltr'><strong>(ὣ</strong></span> <span class='ocrx_word' id='word_1_557' title='bbox 3187 3256 3337 3320; x_wconf 81' lang='grc' dir='ltr'>θείας</span> <span class='ocrx_word' id='word_1_558' title='bbox 3354 3252 3715 3324; x_wconf 67' lang='grc' dir='ltr'>οἰκονομίσςί)</span> 
     </span>
    </p>
   </div>
   <div class='ocr_carea' id='block_1_76' title="bbox 2135 3345 3717 3433">
    <p class='ocr_par' dir='ltr' id='par_1_76' title="bbox 2135 3345 3717 3433">
     <span class='ocr_line' id='line_1_76' title="bbox 2135 3345 3717 3433; baseline -0.013 -15"><span class='ocrx_word' id='word_1_559' title='bbox 2135 3367 2228 3418; x_wconf 73' lang='grc' dir='ltr'>ἐπὶ</span> <span class='ocrx_word' id='word_1_560' title='bbox 2257 3364 2355 3433; x_wconf 85' lang='grc' dir='ltr'>τῆς</span> <span class='ocrx_word' id='word_1_561' title='bbox 2378 3361 2539 3429; x_wconf 86' lang='grc' dir='ltr'>ἁγίας</span> <span class='ocrx_word' id='word_1_562' title='bbox 2559 3359 2875 3429; x_wconf 83' lang='grc' dir='ltr'>εὑρίσκεται</span> <span class='ocrx_word' id='word_1_563' title='bbox 2894 3350 3290 3416; x_wconf 79' lang='grc' dir='ltr'>πόλειι›ς.οῦτω</span> <span class='ocrx_word' id='word_1_564' title='bbox 3315 3350 3369 3403; x_wconf 83' lang='grc' dir='ltr'>δὲ</span> <span class='ocrx_word' id='word_1_565' title='bbox 3396 3345 3717 3420; x_wconf 77' lang='grc' dir='ltr'>παραδόξως</span> 
     </span>
    </p>
   </div>
   <div class='ocr_carea' id='block_1_77' title="bbox 2135 3436 3719 3524">
    <p class='ocr_par' dir='ltr' id='par_1_77' title="bbox 2135 3436 3719 3524">
     <span class='ocr_line' id='line_1_77' title="bbox 2135 3436 3719 3524; baseline -0.012 -14"><span class='ocrx_word' id='word_1_566' title='bbox 2135 3474 2159 3510; x_wconf 88' lang='grc' dir='ltr'><strong>ε</strong></span> <span class='ocrx_word' id='word_1_567' title='bbox 2169 3457 2215 3518; x_wconf 87' lang='grc' dir='ltr'><strong>ἰς</strong></span> <span class='ocrx_word' id='word_1_568' title='bbox 2232 3454 2330 3524; x_wconf 83' lang='grc' dir='ltr'><strong>τὴν</strong></span> <span class='ocrx_word' id='word_1_569' title='bbox 2345 3452 2521 3506; x_wconf 88' lang='grc' dir='ltr'>οἰκίαν</span> <span class='ocrx_word' id='word_1_570' title='bbox 2534 3448 2855 3510; x_wconf 73' lang='grc' dir='ltr'>ἀνασωθεὶς,</span> <span class='ocrx_word' id='word_1_571' title='bbox 2869 3444 3184 3501; x_wconf 84' lang='grc' dir='ltr'>ἀποτίθεται</span> <span class='ocrx_word' id='word_1_572' title='bbox 3204 3442 3302 3511; x_wconf 77' lang='grc' dir='ltr'><strong>μὲν</strong></span> <span class='ocrx_word' id='word_1_573' title='bbox 3314 3442 3373 3493; x_wconf 81' lang='grc' dir='ltr'><strong>τὸ</strong></span> <span class='ocrx_word' id='word_1_574' title='bbox 3385 3436 3526 3494; x_wconf 78' lang='grc' dir='ltr'>θεῖον</span> <span class='ocrx_word' id='word_1_575' title='bbox 3542 3438 3719 3492; x_wconf 72' lang='grc' dir='ltr'>ἐκεῖνο</span> 
     </span>
    </p>
   </div>
   <div class='ocr_carea' id='block_1_78' title="bbox 2133 3529 3720 3613">
    <p class='ocr_par' dir='ltr' id='par_1_78' title="bbox 2133 3529 3720 3613">
     <span class='ocr_line' id='line_1_78' title="bbox 2133 3529 3720 3613; baseline -0.01 -15"><span class='ocrx_word' id='word_1_576' title='bbox 2133 3544 2230 3598; x_wconf 86' lang='grc' dir='ltr'><strong>τοῦ</strong></span> <span class='ocrx_word' id='word_1_577' title='bbox 2257 3542 2535 3613; x_wconf 77' lang='grc' dir='ltr'>Εὐθυμίου</span> <span class='ocrx_word' id='word_1_578' title='bbox 2562 3537 2807 3602; x_wconf 81' lang='grc' dir='ltr'>παλλίον,</span> <span class='ocrx_word' id='word_1_579' title='bbox 2836 3536 2864 3590; x_wconf 83' lang='grc' dir='ltr'>ὃ</span> <span class='ocrx_word' id='word_1_580' title='bbox 2890 3533 3090 3607; x_wconf 87' lang='grc' dir='ltr'>πτεροῦ</span> <span class='ocrx_word' id='word_1_581' title='bbox 3119 3533 3320 3604; x_wconf 85' lang='grc' dir='ltr'>μᾶλλον</span> <span class='ocrx_word' id='word_1_582' title='bbox 3345 3530 3577 3600; x_wconf 82' lang='grc' dir='ltr'>πέλαγος</span> <span class='ocrx_word' id='word_1_583' title='bbox 3600 3529 3720 3583; x_wconf 79' lang='grc' dir='ltr'>δια-</span> 
     </span>
    </p>
   </div>
   <div class='ocr_carea' id='block_1_79' title="bbox 2138 3623 3721 3706">
    <p class='ocr_par' dir='ltr' id='par_1_79' title="bbox 2138 3623 3721 3706">
     <span class='ocr_line' id='line_1_79' title="bbox 2138 3623 3721 3706; baseline -0.01 -16"><span class='ocrx_word' id='word_1_584' title='bbox 2138 3637 2341 3706; x_wconf 80' lang='grc' dir='ltr'>πτῆναι</span> <span class='ocrx_word' id='word_1_585' title='bbox 2375 3632 2651 3697; x_wconf 89' lang='grc' dir='ltr'>τοσοῦτον,</span> <span class='ocrx_word' id='word_1_586' title='bbox 2684 3628 2940 3699; x_wconf 78' lang='grc' dir='ltr'>ὀξύτερόν</span> <span class='ocrx_word' id='word_1_587' title='bbox 2969 3645 3029 3681; x_wconf 91' lang='grc' dir='ltr'><strong>τε</strong></span> <span class='ocrx_word' id='word_1_588' title='bbox 3060 3628 3154 3680; x_wconf 73' lang='grc' dir='ltr'>καὶ</span> <span class='ocrx_word' id='word_1_589' title='bbox 3185 3623 3593 3694; x_wconf 84' lang='grc' dir='ltr'>ἀσφαλέστερον</span> <span class='ocrx_word' id='word_1_590' title='bbox 3619 3625 3721 3675; x_wconf 81' lang='grc' dir='ltr'>αὑ-</span> 
     </span>
    </p>
   </div>
   <div class='ocr_carea' id='block_1_80' title="bbox 2137 3714 3722 3797">
    <p class='ocr_par' dir='ltr' id='par_1_80' title="bbox 2137 3714 3722 3797">
     <span class='ocr_line' id='line_1_80' title="bbox 2137 3714 3722 3797; baseline -0.009 -16"><span class='ocrx_word' id='word_1_591' title='bbox 2137 3727 2228 3781; x_wconf 83' lang='grc' dir='ltr'><strong>τὸν</strong></span> <span class='ocrx_word' id='word_1_592' title='bbox 2255 3723 2661 3797; x_wconf 81' lang='grc' dir='ltr'>παρεσκεύασε,</span> <span class='ocrx_word' id='word_1_593' title='bbox 2695 3721 2792 3792; x_wconf 84' lang='grc' dir='ltr'><strong>τὴν</strong></span> <span class='ocrx_word' id='word_1_594' title='bbox 2836 3718 3043 3790; x_wconf 83' lang='grc' dir='ltr'>συνήθη</span> <span class='ocrx_word' id='word_1_595' title='bbox 3077 3718 3133 3771; x_wconf 81' lang='grc' dir='ltr'>δὲ</span> <span class='ocrx_word' id='word_1_596' title='bbox 3169 3716 3359 3788; x_wconf 82' lang='grc' dir='ltr'>στολὴν</span> <span class='ocrx_word' id='word_1_597' title='bbox 3397 3714 3722 3787; x_wconf 80' lang='grc' dir='ltr'>περιϐάλλε-</span> 
     </span>
    </p>
   </div>
   <div class='ocr_carea' id='block_1_81' title="bbox 2137 3808 3722 3885">
    <p class='ocr_par' dir='ltr' id='par_1_81' title="bbox 2137 3808 3722 3885">
     <span class='ocr_line' id='line_1_81' title="bbox 2137 3808 3722 3885; baseline -0.009 -11"><span class='ocrx_word' id='word_1_598' title='bbox 2137 3837 2248 3874; x_wconf 87' lang='grc' dir='ltr'>ται.</span> <span class='ocrx_word' id='word_1_599' title='bbox 2285 3819 2490 3871; x_wconf 86' lang='grc' dir='ltr'>Ἐκεῖνο</span> <span class='ocrx_word' id='word_1_600' title='bbox 2513 3817 2590 3870; x_wconf 76' lang='grc' dir='ltr'>δέ’</span> <span class='ocrx_word' id='word_1_601' title='bbox 2626 3814 2762 3870; x_wconf 78' lang='grc' dir='ltr'>ἀλλὰ</span> <span class='ocrx_word' id='word_1_602' title='bbox 2786 3812 3120 3885; x_wconf 82' lang='grc' dir='ltr'>προσεκτέον</span> <span class='ocrx_word' id='word_1_603' title='bbox 3141 3828 3155 3841; x_wconf 74' lang='grc'><strong>⁸</strong></span> <span class='ocrx_word' id='word_1_604' title='bbox 3189 3808 3473 3867; x_wconf 82' lang='grc' dir='ltr'>ἀκολουθεῖ</span> <span class='ocrx_word' id='word_1_605' title='bbox 3497 3808 3607 3878; x_wconf 82' lang='grc' dir='ltr'>γὰρ</span> <span class='ocrx_word' id='word_1_606' title='bbox 3640 3808 3722 3878; x_wconf 84' lang='grc' dir='ltr'>τῷ</span> 
     </span>
    </p>
   </div>
   <div class='ocr_carea' id='block_1_82' title="bbox 2142 3899 3718 3980">
    <p class='ocr_par' dir='ltr' id='par_1_82' title="bbox 2142 3899 3718 3980">
     <span class='ocr_line' id='line_1_82' title="bbox 2142 3899 3718 3980; baseline -0.009 -15"><span class='ocrx_word' id='word_1_607' title='bbox 2142 3911 2385 3980; x_wconf 85' lang='grc' dir='ltr'>θαύματι</span> <span class='ocrx_word' id='word_1_608' title='bbox 2438 3908 2624 3978; x_wconf 75' lang='grc' dir='ltr'>θαῦμα</span> <span class='ocrx_word' id='word_1_609' title='bbox 2676 3906 2939 3976; x_wconf 71' lang='grc' dir='ltr'>συγγενὲς</span> <span class='ocrx_word' id='word_1_610' title='bbox 2986 3903 3099 3958; x_wconf 83' lang='grc' dir='ltr'>οἷον</span> <span class='ocrx_word' id='word_1_611' title='bbox 3148 3903 3245 3955; x_wconf 76' lang='grc' dir='ltr'><strong>καί.</strong></span> <span class='ocrx_word' id='word_1_612' title='bbox 3298 3899 3718 3971; x_wconf 83' lang='grc' dir='ltr'>παραπλήσιον·</span> 
     </span>
    </p>
   </div>
   <div class='ocr_carea' id='block_1_83' title="bbox 2141 3989 3719 4074">
    <p class='ocr_par' dir='ltr' id='par_1_83' title="bbox 2141 3989 3719 4074">
     <span class='ocr_line' id='line_1_83' title="bbox 2141 3989 3719 4074; baseline -0.011 -15"><span class='ocrx_word' id='word_1_613' title='bbox 2141 4003 2397 4074; x_wconf 80' lang='grc' dir='ltr'>καθάπερ</span> <span class='ocrx_word' id='word_1_614' title='bbox 2423 4000 2529 4055; x_wconf 86' lang='grc' dir='ltr'>ύπὸ</span> <span class='ocrx_word' id='word_1_615' title='bbox 2553 4017 2695 4063; x_wconf 81' lang='grc' dir='ltr'>τινος</span> <span class='ocrx_word' id='word_1_616' title='bbox 2715 3997 3050 4069; x_wconf 76' lang='grc' dir='ltr'>διαρπασθὲν</span> <span class='ocrx_word' id='word_1_617' title='bbox 3074 3995 3277 4067; x_wconf 76' lang='grc' dir='ltr'>χειρὸς,</span> <span class='ocrx_word' id='word_1_618' title='bbox 3303 3993 3504 4062; x_wconf 82' lang='grc' dir='ltr'>ἀφανὲς</span> <span class='ocrx_word' id='word_1_619' title='bbox 3531 3993 3596 4044; x_wconf 90' lang='grc' dir='ltr'><strong>ἐκ</strong></span> <span class='ocrx_word' id='word_1_620' title='bbox 3625 3989 3719 4043; x_wconf 87' lang='grc' dir='ltr'><strong>τοῦ</strong></span> 
     </span>
    </p>
   </div>
   <div class='ocr_carea' id='block_1_84' title="bbox 2144 4086 3722 4174">
    <p class='ocr_par' dir='ltr' id='par_1_84' title="bbox 2144 4086 3722 4169">
     <span class='ocr_line' id='line_1_84' title="bbox 2144 4086 3722 4169; baseline -0.009 -15"><span class='ocrx_word' id='word_1_621' title='bbox 2144 4101 2310 4169; x_wconf 89' lang='grc' dir='ltr'>μέσου</span> <span class='ocrx_word' id='word_1_622' title='bbox 2338 4099 2575 4166; x_wconf 83' lang='grc' dir='ltr'>γίνεται.</span> <span class='ocrx_word' id='word_1_623' title='bbox 2617 4091 2961 4148; x_wconf 84' lang='grc' dir='ltr'>Ἐπανελθὼν</span> <span class='ocrx_word' id='word_1_624' title='bbox 3001 4089 3291 4160; x_wconf 79' lang='grc' dir='ltr'>τοιγαροῦν</span> <span class='ocrx_word' id='word_1_625' title='bbox 3337 4092 3417 4152; x_wconf 83' lang='grc' dir='ltr'><strong>εἰς</strong></span> <span class='ocrx_word' id='word_1_626' title='bbox 3468 4086 3661 4141; x_wconf 67' lang='grc' dir='ltr'>ἐαυτὸν</span> <span class='ocrx_word' id='word_1_627' title='bbox 3693 4086 3722 4140; x_wconf 91' lang='lat'><strong>6</strong></span> 
     </span>
    </p>
   </div>
   <div class='ocr_carea' id='block_1_85' title="bbox 2138 4181 3719 4258">
    <p class='ocr_par' dir='ltr' id='par_1_85' title="bbox 2138 4181 3719 4258">
     <span class='ocr_line' id='line_1_85' title="bbox 2138 4181 3719 4258; baseline -0.006 -12"><span class='ocrx_word' id='word_1_628' title='bbox 2138 4192 2342 4258; x_wconf 84' lang='grc' dir='ltr'>Φείδος,</span> <span class='ocrx_word' id='word_1_629' title='bbox 2379 4191 2475 4243; x_wconf 75' lang='grc' dir='ltr'><strong>καὶ</strong></span> <span class='ocrx_word' id='word_1_630' title='bbox 2501 4184 2590 4243; x_wconf 78' lang='grc' dir='ltr'>οἷα</span> <span class='ocrx_word' id='word_1_631' title='bbox 2623 4185 2923 4242; x_wconf 81' lang='grc' dir='ltr'>καταλάϐοι</span> <span class='ocrx_word' id='word_1_632' title='bbox 2954 4182 3120 4237; x_wconf 79' lang='grc' dir='ltr'>αὑτὸν</span> <span class='ocrx_word' id='word_1_633' title='bbox 3153 4182 3303 4236; x_wconf 85' lang='grc' dir='ltr'>δεινὰ</span> <span class='ocrx_word' id='word_1_634' title='bbox 3337 4181 3719 4253; x_wconf 79' lang='grc' dir='ltr'>λογισάμενος,</span> 
     </span>
    </p>
   </div>
   <div class='ocr_carea' id='block_1_86' title="bbox 2140 4275 3719 4350">
    <p class='ocr_par' dir='ltr' id='par_1_86' title="bbox 2140 4275 3719 4350">
     <span class='ocr_line' id='line_1_86' title="bbox 2140 4275 3719 4350; baseline -0.008 -11"><span class='ocrx_word' id='word_1_635' title='bbox 2140 4285 2232 4339; x_wconf 71' lang='grc' dir='ltr'><strong>τὸν</strong></span> <span class='ocrx_word' id='word_1_636' title='bbox 2264 4283 2534 4348; x_wconf 86' lang='grc' dir='ltr'>κλύδωνα,</span> <span class='ocrx_word' id='word_1_637' title='bbox 2568 4283 2666 4343; x_wconf 82' lang='grc' dir='ltr'>τὰς</span> <span class='ocrx_word' id='word_1_638' title='bbox 2700 4277 3019 4350; x_wconf 83' lang='grc' dir='ltr'>τρικυμίας,</span> <span class='ocrx_word' id='word_1_639' title='bbox 3064 4276 3161 4346; x_wconf 86' lang='grc' dir='ltr'>τὴν</span> <span class='ocrx_word' id='word_1_640' title='bbox 3214 4275 3407 4342; x_wconf 88' lang='grc' dir='ltr'>νύκτα,</span> <span class='ocrx_word' id='word_1_641' title='bbox 3442 4275 3542 4347; x_wconf 86' lang='grc' dir='ltr'><strong>τὴν</strong></span> <span class='ocrx_word' id='word_1_642' title='bbox 3583 4275 3719 4328; x_wconf 79' lang='grc' dir='ltr'>ἀπό-</span> 
     </span>
    </p>
   </div>
   <div class='ocr_carea' id='block_1_87' title="bbox 2140 4366 3723 4443">
    <p class='ocr_par' dir='ltr' id='par_1_87' title="bbox 2140 4366 3723 4443">
     <span class='ocr_line' id='line_1_87' title="bbox 2140 4366 3723 4443; baseline -0.005 -14"><span class='ocrx_word' id='word_1_643' title='bbox 2140 4393 2366 4443; x_wconf 89' lang='grc' dir='ltr'>γνωσιν,</span> <span class='ocrx_word' id='word_1_644' title='bbox 2398 4373 2492 4427; x_wconf 82' lang='grc' dir='ltr'><strong>καί</strong></span> <span class='ocrx_word' id='word_1_645' title='bbox 2516 4374 2617 4428; x_wconf 77' lang='grc' dir='ltr'>ὅσα</span> <span class='ocrx_word' id='word_1_646' title='bbox 2642 4371 2736 4425; x_wconf 89' lang='grc' dir='ltr'><strong>τοῦ</strong></span> <span class='ocrx_word' id='word_1_647' title='bbox 2771 4369 3040 4441; x_wconf 86' lang='grc' dir='ltr'>χειμῶνος</span> <span class='ocrx_word' id='word_1_648' title='bbox 3072 4366 3264 4421; x_wconf 87' lang='grc' dir='ltr'>τούτου</span> <span class='ocrx_word' id='word_1_649' title='bbox 3308 4367 3456 4421; x_wconf 88' lang='grc' dir='ltr'>κακά</span> <span class='ocrx_word' id='word_1_650' title='bbox 3479 4381 3493 4396; x_wconf 77' lang='grc'><strong><em>⁸</em></strong></span> <span class='ocrx_word' id='word_1_651' title='bbox 3529 4367 3723 4421; x_wconf 78' lang='grc' dir='ltr'>ἔπειτα</span> 
     </span>
    </p>
   </div>
   <div class='ocr_carea' id='block_1_88' title="bbox 2139 4458 3722 4539">
    <p class='ocr_par' dir='ltr' id='par_1_88' title="bbox 2139 4458 3722 4539">
     <span class='ocr_line' id='line_1_88' title="bbox 2139 4458 3722 4539; baseline -0.007 -18"><span class='ocrx_word' id='word_1_652' title='bbox 2139 4469 2240 4539; x_wconf 70' lang='grc' dir='ltr'><strong>τὴν</strong></span> <span class='ocrx_word' id='word_1_653' title='bbox 2262 4468 2465 4539; x_wconf 80' lang='grc' dir='ltr'>ἀθρόαν</span> <span class='ocrx_word' id='word_1_654' title='bbox 2491 4467 2590 4534; x_wconf 78' lang='grc' dir='ltr'>τῆς</span> <span class='ocrx_word' id='word_1_655' title='bbox 2623 4465 2838 4536; x_wconf 80' lang='grc' dir='ltr'>ἀμάχου</span> <span class='ocrx_word' id='word_1_656' title='bbox 2870 4462 3073 4533; x_wconf 80' lang='grc' dir='ltr'>ταύτης</span> <span class='ocrx_word' id='word_1_657' title='bbox 3107 4462 3395 4532; x_wconf 82' lang='grc' dir='ltr'>συμφορᾶς</span> <span class='ocrx_word' id='word_1_658' title='bbox 3426 4459 3598 4524; x_wconf 89' lang='grc' dir='ltr'>λύσιν,</span> <span class='ocrx_word' id='word_1_659' title='bbox 3630 4458 3722 4513; x_wconf 71' lang='grc' dir='ltr'><strong>τὸν</strong></span> 
     </span>
    </p>
   </div>
   <div class='ocr_carea' id='block_1_89' title="bbox 2146 4551 3723 4627">
    <p class='ocr_par' dir='ltr' id='par_1_89' title="bbox 2146 4551 3723 4627">
     <span class='ocr_line' id='line_1_89' title="bbox 2146 4551 3723 4627; baseline -0.004 -16"><span class='ocrx_word' id='word_1_660' title='bbox 2146 4562 2322 4626; x_wconf 81' lang='grc' dir='ltr'>μέγαν</span> <span class='ocrx_word' id='word_1_661' title='bbox 2351 4555 2626 4627; x_wconf 85' lang='grc' dir='ltr'>Εὐθύμιον</span> <span class='ocrx_word' id='word_1_662' title='bbox 2650 4571 2664 4587; x_wconf 77' lang='grc' dir='ltr'><strong><em>ο</em></strong></span> <span class='ocrx_word' id='word_1_663' title='bbox 2708 4555 2804 4609; x_wconf 77' lang='grc' dir='ltr'><strong>καί</strong></span> <span class='ocrx_word' id='word_1_664' title='bbox 2841 4554 2990 4616; x_wconf 83' lang='grc' dir='ltr'>ὅπως</span> <span class='ocrx_word' id='word_1_665' title='bbox 3026 4552 3470 4624; x_wconf 87' lang='grc' dir='ltr'>άπαγορεύσαντι</span> <span class='ocrx_word' id='word_1_666' title='bbox 3497 4551 3599 4622; x_wconf 77' lang='grc' dir='ltr'><strong>ήδη</strong></span> <span class='ocrx_word' id='word_1_667' title='bbox 3628 4551 3723 4605; x_wconf 72' lang='grc' dir='ltr'>καὶ</span> 
     </span>
    </p>
   </div>
   <div class='ocr_carea' id='block_1_90' title="bbox 460 4641 2030 4719">
    <p class='ocr_par' dir='ltr' id='par_1_90' title="bbox 460 4641 2030 4711">
     <span class='ocr_line' id='line_1_90' title="bbox 460 4641 2030 4711; baseline -0.006 -12"><span class='ocrx_word' id='word_1_668' title='bbox 460 4646 772 4701; x_wconf 75' lang='lat' dir='ltr'><strong>concideret</strong></span> <span class='ocrx_word' id='word_1_669' title='bbox 800 4645 1005 4707; x_wconf 75' lang='lat' dir='ltr'><strong>animo.</strong></span> <span class='ocrx_word' id='word_1_670' title='bbox 1037 4655 1091 4697; x_wconf 88' lang='lat' dir='ltr'><strong>et</strong></span> <span class='ocrx_word' id='word_1_671' title='bbox 1121 4643 1359 4711; x_wconf 73' lang='lat' dir='ltr'><strong>graviter</strong></span> <span class='ocrx_word' id='word_1_672' title='bbox 1378 4641 1760 4707; x_wconf 75' lang='lat' dir='ltr'><strong>suifocaretnr,</strong></span> <span class='ocrx_word' id='word_1_673' title='bbox 1792 4647 2030 4708; x_wconf 83' lang='lat' dir='ltr'><strong>apparet,</strong></span> 
     </span>
    </p>
   </div>
   <div class='ocr_carea' id='block_1_91' title="bbox 2135 4641 3723 4719">
    <p class='ocr_par' dir='ltr' id='par_1_91' title="bbox 2146 4643 3723 4719">
     <span class='ocr_line' id='line_1_91' title="bbox 2146 4643 3723 4719; baseline -0.004 -17"><span class='ocrx_word' id='word_1_674' title='bbox 2146 4650 2571 4719; x_wconf 84' lang='grc' dir='ltr'>ἀποπνιγομένῳ</span> <span class='ocrx_word' id='word_1_675' title='bbox 2631 4647 2842 4712; x_wconf 86' lang='grc' dir='ltr'>δεινῶς,</span> <span class='ocrx_word' id='word_1_676' title='bbox 2886 4645 3238 4714; x_wconf 81' lang='grc' dir='ltr'>ἐπιφαίνεται</span> <span class='ocrx_word' id='word_1_677' title='bbox 3288 4643 3535 4709; x_wconf 80' lang='grc' dir='ltr'>πεζεύων</span> <span class='ocrx_word' id='word_1_678' title='bbox 3582 4643 3723 4719; x_wconf 78' lang='grc' dir='ltr'><strong>κατά</strong></span> 
     </span>
    </p>
   </div>
   <div class='ocr_carea' id='block_1_92' title="bbox 457 4732 2032 4809">
    <p class='ocr_par' dir='ltr' id='par_1_92' title="bbox 457 4732 2032 4809">
     <span class='ocr_line' id='line_1_92' title="bbox 457 4732 2032 4809; baseline -0.006 -17"><span class='ocrx_word' id='word_1_679' title='bbox 457 4739 681 4809; x_wconf 86' lang='lat' dir='ltr'><strong>pedibus</strong></span> <span class='ocrx_word' id='word_1_680' title='bbox 729 4752 826 4807; x_wconf 85' lang='lat' dir='ltr'><strong>per</strong></span> <span class='ocrx_word' id='word_1_681' title='bbox 875 4737 1073 4790; x_wconf 86' lang='lat' dir='ltr'><strong>ﬂuctus</strong></span> <span class='ocrx_word' id='word_1_682' title='bbox 1125 4734 1408 4806; x_wconf 86' lang='lat' dir='ltr'><strong>incedens,</strong></span> <span class='ocrx_word' id='word_1_683' title='bbox 1469 4748 1534 4788; x_wconf 93' lang='lat' dir='ltr'><strong>ac</strong></span> <span class='ocrx_word' id='word_1_684' title='bbox 1599 4732 1763 4809; x_wconf 89' lang='lat' dir='ltr'><strong>veluti</strong></span> <span class='ocrx_word' id='word_1_685' title='bbox 1814 4745 2032 4784; x_wconf 89' lang='lat' dir='ltr'><strong>manum</strong></span> 
     </span>
    </p>
   </div>
   <div class='ocr_carea' id='block_1_93' title="bbox 458 4808 2033 4899">
    <p class='ocr_par' dir='ltr' id='par_1_93' title="bbox 458 4808 2033 4899">
     <span class='ocr_line' id='line_1_93' title="bbox 458 4808 2033 4899; baseline -0.004 -18"><span class='ocrx_word' id='word_1_686' title='bbox 458 4829 764 4899; x_wconf 80' lang='lat' dir='ltr'><strong>porrigens,</strong></span> <span class='ocrx_word' id='word_1_687' title='bbox 800 4828 1029 4883; x_wconf 83' lang='lat' dir='ltr'><strong>hilarem</strong></span> <span class='ocrx_word' id='word_1_688' title='bbox 1071 4828 1287 4897; x_wconf 83' lang='lat' dir='ltr'><strong>penitus</strong></span> <span class='ocrx_word' id='word_1_689' title='bbox 1320 4825 1466 4881; x_wconf 86' lang='lat' dir='ltr'><strong>illam</strong></span> <span class='ocrx_word' id='word_1_690' title='bbox 1496 4808 1778 4879; x_wconf 38' lang='lat' dir='ltr'><strong>faciem&#39;et</strong></span> <span class='ocrx_word' id='word_1_691' title='bbox 1817 4836 2033 4885; x_wconf 74' lang='lat' dir='ltr'><strong>vocem,</strong></span> 
     </span>
    </p>
   </div>
   <div class='ocr_carea' id='block_1_94' title="bbox 459 4914 2037 4991">
    <p class='ocr_par' dir='ltr' id='par_1_94' title="bbox 459 4914 2037 4991">
     <span class='ocr_line' id='line_1_94' title="bbox 459 4914 2037 4991; baseline -0.005 -16"><span class='ocrx_word' id='word_1_692' title='bbox 459 4932 621 4991; x_wconf 89' lang='lat' dir='ltr'><strong>atque</strong></span> <span class='ocrx_word' id='word_1_693' title='bbox 646 4920 754 4989; x_wconf 83' lang='lat' dir='ltr'><strong>iam</strong></span> <span class='ocrx_word' id='word_1_694' title='bbox 787 4919 930 4974; x_wconf 88' lang='lat' dir='ltr'><strong>dicta</strong></span> <span class='ocrx_word' id='word_1_695' title='bbox 964 4919 1226 4973; x_wconf 90' lang='lat' dir='ltr'><strong>mandans</strong></span> <span class='ocrx_word' id='word_1_696' title='bbox 1259 4918 1329 4984; x_wconf 90' lang='lat' dir='ltr'><strong>ei,</strong></span> <span class='ocrx_word' id='word_1_697' title='bbox 1380 4917 1706 4985; x_wconf 86' lang='lat' dir='ltr'><strong>tandemque</strong></span> <span class='ocrx_word' id='word_1_698' title='bbox 1734 4914 1900 4984; x_wconf 88' lang='lat' dir='ltr'><strong>pallio</strong></span> <span class='ocrx_word' id='word_1_699' title='bbox 1929 4915 2037 4969; x_wconf 88' lang='lat' dir='ltr'><strong>cir-</strong></span> 
     </span>
    </p>
   </div>
   <div class='ocr_carea' id='block_1_95' title="bbox 460 5007 2037 5077">
    <p class='ocr_par' dir='ltr' id='par_1_95' title="bbox 460 5007 2037 5077">
     <span class='ocr_line' id='line_1_95' title="bbox 460 5007 2037 5077; baseline -0.003 -12"><span class='ocrx_word' id='word_1_700' title='bbox 460 5013 744 5077; x_wconf 79' lang='lat' dir='ltr'><strong>cumdans,</strong></span> <span class='ocrx_word' id='word_1_701' title='bbox 788 5021 844 5065; x_wconf 88' lang='lat' dir='ltr'><strong>et</strong></span> <span class='ocrx_word' id='word_1_702' title='bbox 890 5010 1267 5066; x_wconf 88' lang='lat' dir='ltr'><strong>transmittens</strong></span> <span class='ocrx_word' id='word_1_703' title='bbox 1311 5009 1486 5065; x_wconf 89' lang='lat' dir='ltr'><strong>instar</strong></span> <span class='ocrx_word' id='word_1_704' title='bbox 1523 5008 1646 5063; x_wconf 89' lang='lat' dir='ltr'><strong>alati</strong></span> <span class='ocrx_word' id='word_1_705' title='bbox 1692 5007 1747 5063; x_wconf 83' lang='lat' dir='ltr'><strong>in</strong></span> <span class='ocrx_word' id='word_1_706' title='bbox 1777 5022 1904 5062; x_wconf 88' lang='lat' dir='ltr'><strong>aere</strong></span> <span class='ocrx_word' id='word_1_707' title='bbox 1942 5022 2037 5075; x_wconf 90' lang='lat' dir='ltr'><strong>per</strong></span> 
     </span>
    </p>
   </div>
   <div class='ocr_carea' id='block_1_96' title="bbox 462 5097 2053 5168">
    <p class='ocr_par' dir='ltr' id='par_1_96' title="bbox 462 5097 2053 5168">
     <span class='ocr_line' id='line_1_96' title="bbox 462 5097 2053 5168; baseline -0.003 -10"><span class='ocrx_word' id='word_1_708' title='bbox 462 5114 672 5160; x_wconf 86' lang='lat' dir='ltr'><strong>tantum</strong></span> <span class='ocrx_word' id='word_1_709' title='bbox 715 5118 889 5168; x_wconf 88' lang='lat' dir='ltr'><strong>mare,</strong></span> <span class='ocrx_word' id='word_1_710' title='bbox 929 5110 986 5156; x_wconf 87' lang='lat' dir='ltr'><strong>et</strong></span> <span class='ocrx_word' id='word_1_711' title='bbox 1016 5101 1160 5157; x_wconf 92' lang='lat' dir='ltr'><strong>domi</strong></span> <span class='ocrx_word' id='word_1_712' title='bbox 1201 5115 1313 5156; x_wconf 67' lang='lat' dir='ltr'><strong>suae</strong></span> <span class='ocrx_word' id='word_1_713' title='bbox 1359 5100 1591 5154; x_wconf 85' lang='lat' dir='ltr'><strong>reddens</strong></span> <span class='ocrx_word' id='word_1_714' title='bbox 1630 5097 2053 5153; x_wconf 88' lang='lat' dir='ltr'><strong>insensibiliter.-</strong></span> 
     </span>
    </p>
   </div>
   <div class='ocr_carea' id='block_1_97' title="bbox 465 5191 2039 5265">
    <p class='ocr_par' dir='ltr' id='par_1_97' title="bbox 465 5191 2039 5265">
     <span class='ocr_line' id='line_1_97' title="bbox 465 5191 2039 5265; baseline -0.003 -14"><span class='ocrx_word' id='word_1_715' title='bbox 465 5197 588 5251; x_wconf 74' lang='lat' dir='ltr'><strong>llaec</strong></span> <span class='ocrx_word' id='word_1_716' title='bbox 616 5212 740 5251; x_wconf 92' lang='lat' dir='ltr'><strong>cum</strong></span> <span class='ocrx_word' id='word_1_717' title='bbox 790 5194 933 5265; x_wconf 88' lang='lat' dir='ltr'><strong>apud</strong></span> <span class='ocrx_word' id='word_1_718' title='bbox 977 5209 1037 5250; x_wconf 87' lang='lat' dir='ltr'><strong>se</strong></span> <span class='ocrx_word' id='word_1_719' title='bbox 1088 5194 1483 5249; x_wconf 85' lang='lat' dir='ltr'><strong>considerasset</strong></span> <span class='ocrx_word' id='word_1_720' title='bbox 1518 5191 1704 5255; x_wconf 85' lang='lat' dir='ltr'><strong>Fidus,</strong></span> <span class='ocrx_word' id='word_1_721' title='bbox 1752 5192 1887 5246; x_wconf 83' lang='lat' dir='ltr'><strong>istas</strong></span> <span class='ocrx_word' id='word_1_722' title='bbox 1917 5206 2039 5246; x_wconf 91' lang='lat' dir='ltr'><strong>cum</strong></span> 
     </span>
    </p>
   </div>
   <div class='ocr_carea' id='block_1_98' title="bbox 465 5282 2039 5361">
    <p class='ocr_par' dir='ltr' id='par_1_98' title="bbox 465 5282 2039 5361">
     <span class='ocr_line' id='line_1_98' title="bbox 465 5282 2039 5361; baseline -0.004 -17"><span class='ocrx_word' id='word_1_723' title='bbox 465 5304 659 5361; x_wconf 78' lang='lat' dir='ltr'><strong>magna</strong></span> <span class='ocrx_word' id='word_1_724' title='bbox 685 5288 1043 5343; x_wconf 87' lang='lat' dir='ltr'><strong>admiratione</strong></span> <span class='ocrx_word' id='word_1_725' title='bbox 1068 5286 1252 5340; x_wconf 90' lang='lat' dir='ltr'><strong>emisit</strong></span> <span class='ocrx_word' id='word_1_726' title='bbox 1285 5299 1444 5340; x_wconf 84' lang='lat' dir='ltr'><strong>voces</strong></span> <span class='ocrx_word' id='word_1_727' title='bbox 1474 5301 1489 5339; x_wconf 90' lang='lat'><strong>:</strong></span> <span class='ocrx_word' id='word_1_728' title='bbox 1522 5282 1677 5339; x_wconf 85' lang='lat' dir='ltr'><strong>Nunc</strong></span> <span class='ocrx_word' id='word_1_729' title='bbox 1704 5284 1827 5338; x_wconf 91' lang='lat' dir='ltr'><strong>novi</strong></span> <span class='ocrx_word' id='word_1_730' title='bbox 1854 5299 2039 5339; x_wconf 85' lang='lat' dir='ltr'><strong>verum</strong></span> 
     </span>
    </p>
   </div>
   <div class='ocr_carea' id='block_1_99' title="bbox 462 5375 2039 5449">
    <p class='ocr_par' dir='ltr' id='par_1_99' title="bbox 462 5375 2039 5449">
     <span class='ocr_line' id='line_1_99' title="bbox 462 5375 2039 5449; baseline -0.007 -14"><span class='ocrx_word' id='word_1_731' title='bbox 462 5395 584 5435; x_wconf 89' lang='lat' dir='ltr'><strong>esse</strong></span> <span class='ocrx_word' id='word_1_732' title='bbox 605 5387 659 5433; x_wconf 85' lang='lat' dir='ltr'><strong>et</strong></span> <span class='ocrx_word' id='word_1_733' title='bbox 681 5393 996 5449; x_wconf 77' lang='lat' dir='ltr'><strong>germanum</strong></span> <span class='ocrx_word' id='word_1_734' title='bbox 1021 5376 1114 5431; x_wconf 91' lang='lat' dir='ltr'><strong>Dei</strong></span> <span class='ocrx_word' id='word_1_735' title='bbox 1140 5390 1354 5430; x_wconf 89' lang='lat' dir='ltr'><strong>servum</strong></span> <span class='ocrx_word' id='word_1_736' title='bbox 1386 5391 1638 5444; x_wconf 84' lang='lat' dir='ltr'><strong>magnum</strong></span> <span class='ocrx_word' id='word_1_737' title='bbox 1670 5375 2039 5445; x_wconf 79' lang='lat' dir='ltr'><strong>Enthytniutn,</strong></span> 
     </span>
    </p>
   </div>
   <div class='ocr_carea' id='block_1_100' title="bbox 468 5468 1831 5542">
    <p class='ocr_par' dir='ltr' id='par_1_100' title="bbox 468 5468 1831 5542">
     <span class='ocr_line' id='line_1_100' title="bbox 468 5468 1831 5542; baseline -0.003 -17"><span class='ocrx_word' id='word_1_738' title='bbox 468 5472 534 5525; x_wconf 84' lang='lat' dir='ltr'><strong>ab</strong></span> <span class='ocrx_word' id='word_1_739' title='bbox 564 5486 737 5542; x_wconf 88' lang='lat' dir='ltr'><strong>coque</strong></span> <span class='ocrx_word' id='word_1_740' title='bbox 774 5472 996 5527; x_wconf 87' lang='lat' dir='ltr'><strong>missum</strong></span> <span class='ocrx_word' id='word_1_741' title='bbox 1030 5470 1288 5526; x_wconf 83' lang='lat' dir='ltr'><strong>liberasse</strong></span> <span class='ocrx_word' id='word_1_742' title='bbox 1321 5484 1405 5523; x_wconf 90' lang='lat' dir='ltr'><strong>me</strong></span> <span class='ocrx_word' id='word_1_743' title='bbox 1441 5486 1467 5521; x_wconf 90' lang='lat' dir='ltr'><strong>a</strong></span> <span class='ocrx_word' id='word_1_744' title='bbox 1501 5468 1831 5523; x_wconf 88' lang='lat' dir='ltr'><strong>calamitate.</strong></span> 
     </span>
    </p>
   </div>
   <div class='ocr_carea' id='block_1_101' title="bbox 538 5559 2043 5631">
    <p class='ocr_par' dir='ltr' id='par_1_101' title="bbox 538 5559 2043 5631">
     <span class='ocr_line' id='line_1_101' title="bbox 538 5559 2043 5631; baseline -0.004 -13"><span class='ocrx_word' id='word_1_745' title='bbox 538 5561 723 5618; x_wconf 78' lang='lat' dir='ltr'><strong>CXVI.</strong></span> <span class='ocrx_word' id='word_1_746' title='bbox 783 5562 1047 5631; x_wconf 84' lang='lat' dir='ltr'><strong>Deinceps</strong></span> <span class='ocrx_word' id='word_1_747' title='bbox 1110 5571 1290 5615; x_wconf 88' lang='lat' dir='ltr'><strong>autem</strong></span> <span class='ocrx_word' id='word_1_748' title='bbox 1352 5560 1467 5614; x_wconf 81' lang='lat' dir='ltr'><strong>haec</strong></span> <span class='ocrx_word' id='word_1_749' title='bbox 1528 5574 1746 5629; x_wconf 86' lang='lat' dir='ltr'><strong>quoque</strong></span> <span class='ocrx_word' id='word_1_750' title='bbox 1801 5559 2043 5614; x_wconf 84' lang='lat' dir='ltr'><strong>narravit</strong></span> 
     </span>
    </p>
   </div>
   <div class='ocr_carea' id='block_1_102' title="bbox 471 5650 2040 5715">
    <p class='ocr_par' dir='ltr' id='par_1_102' title="bbox 471 5650 2040 5715">
     <span class='ocr_line' id='line_1_102' title="bbox 471 5650 2040 5715; baseline -0.002 -7"><span class='ocrx_word' id='word_1_751' title='bbox 471 5655 653 5709; x_wconf 88' lang='lat' dir='ltr'><strong>tnatri.</strong></span> <span class='ocrx_word' id='word_1_752' title='bbox 706 5654 798 5708; x_wconf 83' lang='lat' dir='ltr'><strong>Illa</strong></span> <span class='ocrx_word' id='word_1_753' title='bbox 847 5669 979 5709; x_wconf 75' lang='lat' dir='ltr'><strong>vero</strong></span> <span class='ocrx_word' id='word_1_754' title='bbox 1011 5653 1091 5709; x_wconf 88' lang='lat' dir='ltr'><strong>eis</strong></span> <span class='ocrx_word' id='word_1_755' title='bbox 1120 5668 1308 5707; x_wconf 88' lang='lat' dir='ltr'><strong>aurem</strong></span> <span class='ocrx_word' id='word_1_756' title='bbox 1334 5651 1562 5706; x_wconf 89' lang='lat' dir='ltr'><strong>libenter</strong></span> <span class='ocrx_word' id='word_1_757' title='bbox 1587 5650 2040 5715; x_wconf 87' lang='lat' dir='ltr'><strong>accommodans;</strong></span> 
     </span>
    </p>
   </div>
   <div class='ocr_carea' id='block_1_103' title="bbox 475 5742 2039 5812">
    <p class='ocr_par' dir='ltr' id='par_1_103' title="bbox 475 5742 2039 5812">
     <span class='ocr_line' id='line_1_103' title="bbox 475 5742 2039 5812; baseline -0.001 -14"><span class='ocrx_word' id='word_1_758' title='bbox 475 5746 685 5800; x_wconf 72' lang='lat' dir='ltr'><strong>innabat</strong></span> <span class='ocrx_word' id='word_1_759' title='bbox 713 5746 856 5800; x_wconf 91' lang='lat' dir='ltr'><strong>enim</strong></span> <span class='ocrx_word' id='word_1_760' title='bbox 883 5762 989 5802; x_wconf 89' lang='lat' dir='ltr'><strong>non</strong></span> <span class='ocrx_word' id='word_1_761' title='bbox 1022 5747 1190 5802; x_wconf 79' lang='lat' dir='ltr'><strong>ﬁlium</strong></span> <span class='ocrx_word' id='word_1_762' title='bbox 1224 5748 1507 5809; x_wconf 80' lang='lat' dir='ltr'><strong>duntaxat,</strong></span> <span class='ocrx_word' id='word_1_763' title='bbox 1536 5744 1628 5800; x_wconf 91' lang='lat' dir='ltr'><strong>sed</strong></span> <span class='ocrx_word' id='word_1_764' title='bbox 1655 5745 1815 5800; x_wconf 87' lang='lat' dir='ltr'><strong>etiam</strong></span> <span class='ocrx_word' id='word_1_765' title='bbox 1839 5742 2039 5812; x_wconf 82' lang='lat' dir='ltr'><strong>Deum;</strong></span> 
     </span>
    </p>
   </div>
   <div class='ocr_carea' id='block_1_104' title="bbox 2146 4715 3724 4811">
    <p class='ocr_par' dir='ltr' id='par_1_104' title="bbox 2146 4715 3724 4811">
     <span class='ocr_line' id='line_1_104' title="bbox 2146 4715 3724 4811; baseline -0.006 -17"><span class='ocrx_word' id='word_1_766' title='bbox 2146 4715 2435 4811; x_wconf 50' lang='grc' dir='ltr'>κυμάτων,</span> <span class='ocrx_word' id='word_1_767' title='bbox 2467 4715 2563 4793; x_wconf 69' lang='grc' dir='ltr'><strong>καί</strong></span> <span class='ocrx_word' id='word_1_768' title='bbox 2595 4738 2760 4792; x_wconf 80' lang='grc' dir='ltr'>οἱονεὶ</span> <span class='ocrx_word' id='word_1_769' title='bbox 2789 4739 2949 4808; x_wconf 82' lang='grc' dir='ltr'>χεῖρα</span> <span class='ocrx_word' id='word_1_770' title='bbox 2979 4735 3324 4807; x_wconf 81' lang='grc' dir='ltr'>ὀρέγων-τὴν</span> <span class='ocrx_word' id='word_1_771' title='bbox 3357 4734 3550 4806; x_wconf 82' lang='grc' dir='ltr'>ἱλαράν</span> <span class='ocrx_word' id='word_1_772' title='bbox 3580 4715 3724 4787; x_wconf 77' lang='grc' dir='ltr'>ἐκεί-</span> 
     </span>
    </p>
   </div>
   <div class='ocr_carea' id='block_1_105' title="bbox 2145 4827 3724 4902">
    <p class='ocr_par' dir='ltr' id='par_1_105' title="bbox 2145 4827 3724 4902">
     <span class='ocr_line' id='line_1_105' title="bbox 2145 4827 3724 4902; baseline -0.004 -16"><span class='ocrx_word' id='word_1_773' title='bbox 2145 4848 2244 4902; x_wconf 91' lang='grc' dir='ltr'><strong>νην</strong></span> <span class='ocrx_word' id='word_1_774' title='bbox 2268 4831 2361 4885; x_wconf 76' lang='grc' dir='ltr'><strong>καὶ</strong></span> <span class='ocrx_word' id='word_1_775' title='bbox 2400 4830 2523 4901; x_wconf 73' lang='grc' dir='ltr'>ὄψιν</span> <span class='ocrx_word' id='word_1_776' title='bbox 2553 4829 2797 4900; x_wconf 82' lang='grc' dir='ltr'>ἀτεχνῶς</span> <span class='ocrx_word' id='word_1_777' title='bbox 2843 4829 2941 4882; x_wconf 74' lang='grc' dir='ltr'>καὶ</span> <span class='ocrx_word' id='word_1_778' title='bbox 2973 4828 3176 4900; x_wconf 82' lang='grc' dir='ltr'>φωνὴν,</span> <span class='ocrx_word' id='word_1_779' title='bbox 3211 4828 3304 4882; x_wconf 69' lang='grc' dir='ltr'><strong>καὶ</strong></span> <span class='ocrx_word' id='word_1_780' title='bbox 3341 4828 3409 4881; x_wconf 88' lang='grc' dir='ltr'><strong>τά</strong></span> <span class='ocrx_word' id='word_1_781' title='bbox 3459 4827 3724 4899; x_wconf 88' lang='grc' dir='ltr'>εἰρημένα</span> 
     </span>
    </p>
   </div>
   <div class='ocr_carea' id='block_1_106' title="bbox 2146 4919 3723 4994">
    <p class='ocr_par' dir='ltr' id='par_1_106' title="bbox 2146 4919 3723 4994">
     <span class='ocr_line' id='line_1_106' title="bbox 2146 4919 3723 4994; baseline -0.003 -17"><span class='ocrx_word' id='word_1_782' title='bbox 2146 4923 2503 4994; x_wconf 78' lang='grc' dir='ltr'>ἐπισκήπτων</span> <span class='ocrx_word' id='word_1_783' title='bbox 2530 4922 2700 4992; x_wconf 80' lang='grc' dir='ltr'>αύτῷ,</span> <span class='ocrx_word' id='word_1_784' title='bbox 2727 4921 2822 4974; x_wconf 79' lang='grc' dir='ltr'>καὶ</span> <span class='ocrx_word' id='word_1_785' title='bbox 2857 4920 3013 4983; x_wconf 87' lang='grc' dir='ltr'>τέλος</span> <span class='ocrx_word' id='word_1_786' title='bbox 3041 4919 3104 4973; x_wconf 83' lang='grc' dir='ltr'>τὸ</span> <span class='ocrx_word' id='word_1_787' title='bbox 3141 4919 3365 4973; x_wconf 85' lang='grc' dir='ltr'>παλλίον</span> <span class='ocrx_word' id='word_1_788' title='bbox 3398 4919 3723 4990; x_wconf 73' lang='grc' dir='ltr'>περιτιθεὶς,</span> 
     </span>
    </p>
   </div>
   <div class='ocr_carea' id='block_1_107' title="bbox 2145 5007 3727 5080">
    <p class='ocr_par' dir='ltr' id='par_1_107' title="bbox 2145 5007 3727 5080">
     <span class='ocr_line' id='line_1_107' title="bbox 2145 5007 3727 5080; baseline -0.003 -15"><span class='ocrx_word' id='word_1_789' title='bbox 2145 5013 2238 5066; x_wconf 82' lang='grc' dir='ltr'><strong>καί</strong></span> <span class='ocrx_word' id='word_1_790' title='bbox 2264 5012 2501 5080; x_wconf 84' lang='grc' dir='ltr'>πέλαγος</span> <span class='ocrx_word' id='word_1_791' title='bbox 2525 5009 2781 5064; x_wconf 86' lang='grc' dir='ltr'>τοσοῦτον</span> <span class='ocrx_word' id='word_1_792' title='bbox 2814 5009 3124 5079; x_wconf 82' lang='grc' dir='ltr'>ὑπόπτερον</span> <span class='ocrx_word' id='word_1_793' title='bbox 3153 5008 3343 5079; x_wconf 80' lang='grc' dir='ltr'>ὥσπερ</span> <span class='ocrx_word' id='word_1_794' title='bbox 3368 5009 3569 5078; x_wconf 89' lang='grc' dir='ltr'>ἀερίως</span> <span class='ocrx_word' id='word_1_795' title='bbox 3612 5007 3727 5062; x_wconf 88' lang='grc' dir='ltr'>δια-</span> 
     </span>
    </p>
   </div>
   <div class='ocr_carea' id='block_1_108' title="bbox 2145 5098 3726 5172">
    <p class='ocr_par' dir='ltr' id='par_1_108' title="bbox 2145 5098 3726 5172">
     <span class='ocr_line' id='line_1_108' title="bbox 2145 5098 3726 5172; baseline -0.003 -15"><span class='ocrx_word' id='word_1_796' title='bbox 2145 5103 2410 5171; x_wconf 75' lang='grc' dir='ltr'>ϐιϐάζων,</span> <span class='ocrx_word' id='word_1_797' title='bbox 2460 5101 2555 5156; x_wconf 74' lang='grc' dir='ltr'>καὶ</span> <span class='ocrx_word' id='word_1_798' title='bbox 2590 5101 2667 5172; x_wconf 83' lang='grc' dir='ltr'>τῷ</span> <span class='ocrx_word' id='word_1_799' title='bbox 2696 5100 2831 5172; x_wconf 76' lang='grc' dir='ltr'>οἴκῳ</span> <span class='ocrx_word' id='word_1_800' title='bbox 2870 5100 3292 5170; x_wconf 87' lang='grc' dir='ltr'>ἀνεπαισθήτως</span> <span class='ocrx_word' id='word_1_801' title='bbox 3327 5099 3615 5163; x_wconf 80' lang='grc' dir='ltr'>ἀποδιδοὺς</span> <span class='ocrx_word' id='word_1_802' title='bbox 3647 5098 3726 5169; x_wconf 85' lang='grc' dir='ltr'>τῷ</span> 
     </span>
    </p>
   </div>
   <div class='ocr_carea' id='block_1_109' title="bbox 2144 5190 3723 5266">
    <p class='ocr_par' dir='ltr' id='par_1_109' title="bbox 2144 5190 3723 5266">
     <span class='ocr_line' id='line_1_109' title="bbox 2144 5190 3723 5266; baseline -0.003 -17"><span class='ocrx_word' id='word_1_803' title='bbox 2144 5196 2352 5266; x_wconf 81' lang='grc' dir='ltr'>οἰκείῳ.</span> <span class='ocrx_word' id='word_1_804' title='bbox 2392 5193 2581 5248; x_wconf 89' lang='grc' dir='ltr'>Ταῦτα</span> <span class='ocrx_word' id='word_1_805' title='bbox 2632 5193 2994 5263; x_wconf 83' lang='grc' dir='ltr'>λογισάμενος</span> <span class='ocrx_word' id='word_1_806' title='bbox 3036 5192 3160 5247; x_wconf 89' lang='grc' dir='ltr'>καθ’</span> <span class='ocrx_word' id='word_1_807' title='bbox 3200 5190 3394 5245; x_wconf 72' lang='grc' dir='ltr'>ἑαυτὸν</span> <span class='ocrx_word' id='word_1_808' title='bbox 3441 5193 3471 5244; x_wconf 91' lang='lat'><strong>6</strong></span> <span class='ocrx_word' id='word_1_809' title='bbox 3519 5191 3723 5255; x_wconf 81' lang='grc' dir='ltr'>Φεϊδος,</span> 
     </span>
    </p>
   </div>
   <div class='ocr_carea' id='block_1_110' title="bbox 2144 5276 3726 5354">
    <p class='ocr_par' dir='ltr' id='par_1_110' title="bbox 2144 5276 3726 5354">
     <span class='ocr_line' id='line_1_110' title="bbox 2144 5276 3726 5354; baseline -0.003 -16"><span class='ocrx_word' id='word_1_810' title='bbox 2144 5285 2364 5348; x_wconf 85' lang='grc' dir='ltr'>ἐκείνας</span> <span class='ocrx_word' id='word_1_811' title='bbox 2386 5284 2568 5354; x_wconf 86' lang='grc' dir='ltr'>ἀφῆκε</span> <span class='ocrx_word' id='word_1_812' title='bbox 2595 5284 2712 5353; x_wconf 87' lang='grc' dir='ltr'>μετ’</span> <span class='ocrx_word' id='word_1_813' title='bbox 2736 5280 3052 5354; x_wconf 81' lang='grc' dir='ltr'>ἐκπλήξεως</span> <span class='ocrx_word' id='word_1_814' title='bbox 3073 5292 3101 5332; x_wconf 78' lang='grc' dir='ltr'><strong>ιι</strong></span> <span class='ocrx_word' id='word_1_815' title='bbox 3119 5281 3218 5345; x_wconf 84' lang='grc' dir='ltr'><strong>τὰς</strong></span> <span class='ocrx_word' id='word_1_816' title='bbox 3242 5280 3447 5349; x_wconf 85' lang='grc' dir='ltr'>φωνάς·</span> <span class='ocrx_word' id='word_1_817' title='bbox 3472 5280 3588 5335; x_wconf 85' lang='grc' dir='ltr'><strong>Νῦν</strong></span> <span class='ocrx_word' id='word_1_818' title='bbox 3611 5276 3726 5334; x_wconf 75' lang='grc' dir='ltr'>οἰδα</span> 
     </span>
    </p>
   </div>
   <div class='ocr_carea' id='block_1_111' title="bbox 2144 5371 3728 5447">
    <p class='ocr_par' dir='ltr' id='par_1_111' title="bbox 2144 5371 3728 5447">
     <span class='ocr_line' id='line_1_111' title="bbox 2144 5371 3728 5447; baseline -0.004 -16"><span class='ocrx_word' id='word_1_819' title='bbox 2144 5379 2228 5432; x_wconf 82' lang='grc' dir='ltr'>ὅτι</span> <span class='ocrx_word' id='word_1_820' title='bbox 2266 5379 2490 5447; x_wconf 90' lang='grc' dir='ltr'>γνήσιος</span> <span class='ocrx_word' id='word_1_821' title='bbox 2533 5375 2670 5429; x_wconf 86' lang='grc' dir='ltr'>Θεοῦ</span> <span class='ocrx_word' id='word_1_822' title='bbox 2702 5375 2958 5445; x_wconf 86' lang='grc' dir='ltr'>θεράπων</span> <span class='ocrx_word' id='word_1_823' title='bbox 2997 5376 3025 5427; x_wconf 87' lang='grc' dir='ltr'>ὁ</span> <span class='ocrx_word' id='word_1_824' title='bbox 3068 5374 3242 5444; x_wconf 86' lang='grc' dir='ltr'>μέγας</span> <span class='ocrx_word' id='word_1_825' title='bbox 3295 5371 3593 5443; x_wconf 80' lang='grc' dir='ltr'>Εὐθύμιος,</span> <span class='ocrx_word' id='word_1_826' title='bbox 3633 5375 3728 5426; x_wconf 71' lang='grc' dir='ltr'>καὶ</span> 
     </span>
    </p>
   </div>
   <div class='ocr_carea' id='block_1_112' title="bbox 2146 5466 3618 5540">
    <p class='ocr_par' dir='ltr' id='par_1_112' title="bbox 2146 5466 3618 5540">
     <span class='ocr_line' id='line_1_112' title="bbox 2146 5466 3618 5540; baseline -0.005 -16"><span class='ocrx_word' id='word_1_827' title='bbox 2146 5471 2279 5540; x_wconf 84' lang='grc' dir='ltr'>παρ’</span> <span class='ocrx_word' id='word_1_828' title='bbox 2308 5469 2475 5522; x_wconf 82' lang='grc' dir='ltr'>αὐτοῦ</span> <span class='ocrx_word' id='word_1_829' title='bbox 2508 5467 2805 5538; x_wconf 57' lang='grc' dir='ltr'>πεμφθεὶς,</span> <span class='ocrx_word' id='word_1_830' title='bbox 2831 5466 3067 5532; x_wconf 74' lang='grc' dir='ltr'>ἐξείλετό</span> <span class='ocrx_word' id='word_1_831' title='bbox 3097 5483 3163 5537; x_wconf 88' lang='grc' dir='ltr'><strong>με</strong></span> <span class='ocrx_word' id='word_1_832' title='bbox 3186 5466 3284 5535; x_wconf 84' lang='grc' dir='ltr'>τῆς</span> <span class='ocrx_word' id='word_1_833' title='bbox 3311 5468 3618 5536; x_wconf 77' lang='grc' dir='ltr'>συμφορᾶς.</span> 
     </span>
    </p>
   </div>
   <div class='ocr_carea' id='block_1_113' title="bbox 2218 5555 3725 5630">
    <p class='ocr_par' dir='ltr' id='par_1_113' title="bbox 2218 5555 3725 5630">
     <span class='ocr_line' id='line_1_113' title="bbox 2218 5555 3725 5630; baseline -0.005 -16"><span class='ocrx_word' id='word_1_834' title='bbox 2218 5559 2359 5614; x_wconf 83' lang='grc' dir='ltr'>Ρ1Σ’.</span> <span class='ocrx_word' id='word_1_835' title='bbox 2416 5559 2577 5627; x_wconf 80' lang='grc' dir='ltr'>Ἑξῆς</span> <span class='ocrx_word' id='word_1_836' title='bbox 2605 5560 2662 5613; x_wconf 82' lang='grc' dir='ltr'>δὲ</span> <span class='ocrx_word' id='word_1_837' title='bbox 2708 5560 2803 5613; x_wconf 80' lang='grc' dir='ltr'>καὶ</span> <span class='ocrx_word' id='word_1_838' title='bbox 2840 5562 2906 5630; x_wconf 81' lang='grc' dir='ltr'>τῇ</span> <span class='ocrx_word' id='word_1_839' title='bbox 2957 5559 3126 5629; x_wconf 73' lang='grc' dir='ltr'>μητρὶ</span> <span class='ocrx_word' id='word_1_840' title='bbox 3152 5558 3393 5627; x_wconf 79' lang='grc' dir='ltr'>διηγεῖτο</span> <span class='ocrx_word' id='word_1_841' title='bbox 3425 5555 3621 5609; x_wconf 87' lang='grc' dir='ltr'>ταῦτα.</span> <span class='ocrx_word' id='word_1_842' title='bbox 3662 5555 3725 5606; x_wconf 84' lang='grc' dir='ltr'><strong>Ἦ</strong></span> 
     </span>
    </p>
   </div>
   <div class='ocr_carea' id='block_1_114' title="bbox 2146 5645 3724 5722">
    <p class='ocr_par' dir='ltr' id='par_1_114' title="bbox 2146 5645 3724 5722">
     <span class='ocr_line' id='line_1_114' title="bbox 2146 5645 3724 5722; baseline -0.006 -15"><span class='ocrx_word' id='word_1_843' title='bbox 2146 5653 2203 5707; x_wconf 79' lang='grc' dir='ltr'><strong>δὲ</strong></span> <span class='ocrx_word' id='word_1_844' title='bbox 2232 5654 2292 5707; x_wconf 66' lang='grc' dir='ltr'>τὺ</span> <span class='ocrx_word' id='word_1_845' title='bbox 2316 5648 2410 5717; x_wconf 81' lang='grc' dir='ltr'><strong>οῦς</strong></span> <span class='ocrx_word' id='word_1_846' title='bbox 2440 5654 2620 5717; x_wconf 80' lang='grc' dir='ltr'>αὐτοῖς</span> <span class='ocrx_word' id='word_1_847' title='bbox 2650 5652 2824 5722; x_wconf 83' lang='grc' dir='ltr'>ήδέως</span> <span class='ocrx_word' id='word_1_848' title='bbox 2853 5651 3132 5721; x_wconf 84' lang='grc' dir='ltr'>ὑπέχουσα</span> <span class='ocrx_word' id='word_1_849' title='bbox 3165 5666 3181 5682; x_wconf 87' lang='grc'><strong>·</strong></span> <span class='ocrx_word' id='word_1_850' title='bbox 3211 5650 3386 5719; x_wconf 78' lang='grc' dir='ltr'>ἐφίλει</span> <span class='ocrx_word' id='word_1_851' title='bbox 3418 5649 3522 5720; x_wconf 83' lang='grc' dir='ltr'>γὰρ</span> <span class='ocrx_word' id='word_1_852' title='bbox 3551 5649 3611 5700; x_wconf 81' lang='grc' dir='ltr'><strong>ού</strong></span> <span class='ocrx_word' id='word_1_853' title='bbox 3636 5645 3724 5700; x_wconf 79' lang='grc' dir='ltr'><strong>τὸν</strong></span> 
     </span>
    </p>
   </div>
   <div class='ocr_carea' id='block_1_115' title="bbox 2149 5737 3722 5815">
    <p class='ocr_par' dir='ltr' id='par_1_115' title="bbox 2149 5737 3722 5815">
     <span class='ocr_line' id='line_1_115' title="bbox 2149 5737 3722 5815; baseline -0.006 -18"><span class='ocrx_word' id='word_1_854' title='bbox 2149 5746 2262 5797; x_wconf 86' lang='grc' dir='ltr'>υἰὸν</span> <span class='ocrx_word' id='word_1_855' title='bbox 2292 5745 2475 5815; x_wconf 78' lang='grc' dir='ltr'>μόνον,</span> <span class='ocrx_word' id='word_1_856' title='bbox 2522 5744 2657 5799; x_wconf 72' lang='grc' dir='ltr'>ἀλλὰ</span> <span class='ocrx_word' id='word_1_857' title='bbox 2700 5744 2794 5798; x_wconf 73' lang='grc' dir='ltr'><strong>καὶ</strong></span> <span class='ocrx_word' id='word_1_858' title='bbox 2830 5742 2918 5796; x_wconf 71' lang='grc' dir='ltr'><strong>τὸν</strong></span> <span class='ocrx_word' id='word_1_859' title='bbox 2948 5742 3082 5798; x_wconf 85' lang='grc' dir='ltr'>Θέον</span> <span class='ocrx_word' id='word_1_860' title='bbox 3111 5759 3122 5773; x_wconf 90' lang='grc'><strong>·</strong></span> <span class='ocrx_word' id='word_1_861' title='bbox 3163 5742 3258 5797; x_wconf 80' lang='grc' dir='ltr'><strong>καί</strong></span> <span class='ocrx_word' id='word_1_862' title='bbox 3304 5741 3395 5796; x_wconf 81' lang='grc' dir='ltr'><strong>διά</strong></span> <span class='ocrx_word' id='word_1_863' title='bbox 3434 5740 3603 5795; x_wconf 73' lang='grc' dir='ltr'>ταῦτα</span> <span class='ocrx_word' id='word_1_864' title='bbox 3630 5737 3722 5791; x_wconf 82' lang='grc' dir='ltr'><strong>τοῦ</strong></span> 
     </span>
    </p>
   </div>
   <div class='ocr_carea' id='block_1_116' title="bbox 1763 5838 2454 5895">
    <p class='ocr_par' dir='ltr' id='par_1_116' title="bbox 1763 5838 2454 5895">
     <span class='ocr_line' id='line_1_116' title="bbox 1763 5838 2454 5895; baseline -0.004 0"><span class='ocrx_word' id='word_1_865' title='bbox 1763 5838 1999 5895; x_wconf 62' lang='grc' dir='ltr'>γιιιιιιε</span> <span class='ocrx_word' id='word_1_866' title='bbox 2049 5838 2454 5894; x_wconf 66' lang='lat' dir='ltr'><strong>LECTlONES.</strong></span> 
     </span>
    </p>
   </div>
   <div class='ocr_carea' id='block_1_117' title="bbox 542 5927 1231 6004">
    <p class='ocr_par' dir='ltr' id='par_1_117' title="bbox 542 5927 1231 6004">
     <span class='ocr_line' id='line_1_117' title="bbox 542 5927 1231 6004; baseline 0.02 -30"><span class='ocrx_word' id='word_1_867' title='bbox 542 5933 573 5974; x_wconf 65' lang='grc' dir='ltr'>εἰ</span> <span class='ocrx_word' id='word_1_868' title='bbox 611 5927 679 5980; x_wconf 79' lang='lat' dir='ltr'><strong>al.</strong></span> <span class='ocrx_word' id='word_1_869' title='bbox 715 5933 851 5992; x_wconf 71' lang='grc' dir='ltr'>μετὰ</span> <span class='ocrx_word' id='word_1_870' title='bbox 886 5934 1078 6003; x_wconf 69' lang='grc' dir='ltr'>πολλῆς</span> <span class='ocrx_word' id='word_1_871' title='bbox 1114 5935 1231 6004; x_wconf 78' lang='grc' dir='ltr'>τῆς.</span> 
     </span>
    </p>
   </div>
  </div>
