4144 6404
481 492 591 563 69¹1

1768 500 1945 562 VITA
1993 499 2053 559 S.
2096 497 2511 566 EUTHYMII.

3670 502 3780 565 698

482 607 751 673 σώζοντύς
772 620 834 663 τε
858 607 954 664 καὶ
978 608 1077 664 τοῦ
1105 607 1416 681 σωζομένου
1454 610 1520 680 τῇ
1551 610 1806 682 διηγήσει
1842 610 2073 681 μάλιστα

2183 621 2237 666 et
2270 626 2561 684 prepterea
2599 620 2710 668 tum
2729 614 3002 670 servantis
3033 621 3148 669 tum
3179 612 3380 669 servati
3412 612 3652 669 maxime
3681 616 3774 669 de-

483 699 746 773 ἡδομένη,
774 699 871 754 καί
891 718 995 754 που
1023 700 1121 754 καὶ⁸
1140 700 1351 771 δάκρυα
1382 700 1491 753 τῶν
1516 700 1813 770 ὀφθαλμῶν
1839 699 2081 754 ἀποστά-

484 796 674 861 ςουσα,
691 794 966 865 ἐκπλῆσαι
992 794 1209 850 ἅπαντα
1229 795 1306 866 τῷ
1325 794 1428 867 υἱῷ
1448 794 1857 849 συνεϐούλευεν.
1887 793 2081 848 Ἐπει-

482 907 554 944 τα
587 889 687 959 μέν
720 905 806 943 τοι
838 890 934 943 καὶ⁵
964 889 1104 959 πρδς
1132 888 1224 942 τὸν
1263 888 1612 959 πατριάρχην
1644 887 1861 953 διαϐὰς,
1898 889 2083 958 ἀπήγ-

482 980 631 1048 γειλε
660 979 755 1034 καὶ
780 976 931 1049 αύτῷ
956 978 1133 1031 πάντα
1162 981 1191 1032 6
1210 979 1417 1041 Φεῖδος.
1448 979 1723 1041 Κάκεῖνος
1744 977 1884 1047 ἄγαν
1914 993 2082 1031 κατα-

483 1072 714 1139 πλαγεὶς
734 1068 812 1141 τῷ
828 1069 1128 1141 παραλόγῳ
1152 1067 1245 1123 τοῦ
1263 1070 1626 1141 διηγήματος,
1640 1066 1719 1124 Ἦ
1743 1071 1849 1141 μὴν
1864 1068 2081 1140 προφή-

479 1180 584 1233 της
614 1161 709 1217 τοῦ
755 1160 916 1226 Θεοῦ,
971 1156 1146 1227 εἶπεν,
1177 1163 1207 1215 ό
1243 1162 1418 1231 μέγας
1453 1160 1745 1231 Εὑθύμιος,
1781 1161 1875 1215 καὶ
1911 1160 2080 1232 πολλὴ

483 1256 581 1310 καὶ
609 1255 815 1325 ἄφατος
848 1254 1000 1325 αύτῷ
1025 1255 1162 1325 πρὸς
1210 1256 1418 1309 ἐκεῖνον
1450 1256 1484 1327 ἡ
1512 1254 1796 1327 παρρησία
1816 1271 1829 1284 ·
1856 1254 1926 1308 τὰ
1969 1255 2080 1325 γὰρ

483 1350 616 1421 περὶ
651 1349 754 1415 τῆς
782 1347 1013 1418 λαύρας,
1044 1349 1138 1402 καὶ
1171 1346 1277 1401 ύπδ
1324 1349 1491 1402 πᾶσιν
1517 1350 1651 1418 ἡμῖν
1683 1348 1918 1418 μάρτυσι
1945 1365 2082 1418 προ--

482 1440 755 1512 ηγόρευσε
814 1440 1027 1511 μέλλων
1070 1440 1130 1493 ὲν
1186 1440 1414 1512 Χριστῷ
1466 1438 1827 1496 τελειοῦσθαι,
1889 1440 2079 1495 Ταῦτα

481 1534 677 1598 εἰπὼν,
703 1534 992 1606 ἐπιτρέπει
1019 1535 1098 1605 τῷ
1126 1534 1298 1605 Φείδῳ
1333 1533 1429 1587 καὶ
1456 1532 1620 1596 αὐτὸς
1648 1531 1747 1604 τὴν
1765 1530 1861 1586 τοῦ
1895 1549 2076 1586 κοινο-

480 1626 604 1680 ϐίου
660 1625 955 1697 οἰκοδομήν
983 1640 998 1654 ·
1036 1626 1132 1679 καὶ
1191 1624 1292 1696 τὴν
1349 1625 1530 1677 ἐκεῖσε
1577 1622 1806 1678 κάθοδον
1859 1622 2079 1677 δίδωσιν

482 1715 638 1786 αύτῷ
670 1732 686 1747 ·
721 1714 1196 1786 ἐπαγγειλάμενος
1224 1715 1340 1786 ἅμα
1372 1714 1470 1769 καὶ
1512 1713 1730 1779 ἑαυτὸν,
1756 1714 1919 1768 παντὶ⁵
1955 1712 2078 1767 σθέ-

481 1825 567 1862 νει
602 1807 698 1862 τοῦ
724 1807 890 1880 ἔργου
926 1807 1396 1878 συνεφαψόμενον.

553 1902 679 1957 PIZ'
718 1903 895 1974 Χεῖρα
933 1900 1118 1956 τοίνυν
1161 1901 1363 1973 πολλὴν
1396 1903 1425 1955 6
1453 1901 1638 1966 Φεῖδος
1681 1898 1975 1971 ὑπηρετῶν
2012 1911 2072 1952 τε

482 1996 580 2049 καὶ
609 1994 929 2065 οἰκοδόμων,
962 1992 1191 2047 καὶτῶν
1223 1993 1543 2066 μηχανικῶν
1577 1994 1672 2047 ἕνα
1709 1990 2069 2064 παραλαϐὼν,

484 2088 731 2142 κάτεισιν
760 2088 840 2151 εἰς
879 2085 976 2158 τὴν
999 2084 1228 2157 λαύραν’
1252 2086 1346 2140 καὶ
1377 2085 1438 2140 τὸ
1481 2084 1750 2139 κοινόϐιον
1783 2084 2074 2154 οἰκοδομή-

486 2197 607 2243 σας,
644 2178 741 2234 καὶ
791 2178 1035 2250 φραγμῷ
1073 2178 1263 2248 κύκλῳ
1293 2178 1388 2232 καὶ
1432 2177 1622 2247 τειχίῳ
1666 2175 1979 2249 περιλαϐών
2011 2185 2071 2231 τ.

482 2273 576 2325 τὸν
608 2271 706 2343 μὲν
738 2272 968 2325 παλαιὸν
999 2272 1147 2336 ναδν,
1180 2273 1262 2335 εἰς
1289 2271 1610 2343 ἀριστήριον
1633 2272 1657 2300 ⁵
1682 2273 1795 2334 τοῖς
1824 2269 2074 2338 ἀδελφοῖς

482 2364 774 2436 ἀπονέμει,
801 2363 995 2437 ἕτερον
1020 2364 1078 2418 δὲ
1102 2364 1364 2436 ὑπεράνω
1391 2363 1512 2417 νέον
1540 2363 1835 2431 οἰκοδομεῖ.
1857 2362 2074 2434 Πύργον

480 2461 538 2516 δὲ
565 2460 661 2514 τοῦ
689 2458 962 2515 κοινοσίου
992 2459 1162 2525 ἔνδον,
1197 2457 1360 2512 οἱονεί
1392 2474 1446 2510 τι
1474 2458 1576 2529 τῆς
1605 2457 1815 2529 ἐρήμου
1840 2454 2026 2528 ἔρυμα
2050 2454 2071 2492 ί

482 2556 668 2625 πάσης
699 2553 1022 2627 περιφανῶς
1060 2553 1336 2623 ἀνεγείρει
1359 2566 1376 2582 ⁸
1424 2552 1522 2606 καὶ
1565 2550 1710 2605 κατὰ
1740 2549 1905 2621 μέσον
1941 2548 2075 2604 αὐτὸ

479 2649 779 2704 ἁποτὰττει
802 2649 864 2704 τὸ
907 2648 1291 2719 κοιμητήριον.
1331 2646 1446 2718 Τὴν
1498 2644 1557 2700 δὲ
1592 2644 1688 2699 τοῦ
1727 2645 1895 2699 τόπου
1927 2643 2075 2698 θέσιν

480 2744 584 2813 ἐφ’
677 2742 740 2795 τὸ
775 2740 923 2812 ἱερὸν
949 2738 1110 2794 τοῦτο
1158 2739 1432 2794 κοινόόιον
1462 2740 1702 2811 ἵδρυται,
1746 2737 1808 2793 εὖ
1833 2755 1893 2792 τε
1925 2736 2076 2810 ὥρας

480 2835 714 2907 ἔχουσαν
756 2833 845 2888 διὰ
879 2831 1083 2904 πολλὴν
1120 2831 1456 2903 ὁμαλότητα,
1491 2833 1588 2886 καὶ
1640 2831 1897 2902 μοναχοῖς
1935 2829 2076 2899 πρὸς

481 2930 716 2998 ἄσκησιν
742 2925 907 2980 οὖσαν
929 2923 1265 2995 ἐπιτηδείαν,
1299 2923 1380 2976 δι’
1406 2922 1587 2994 ἀέρων
1609 2922 1711 2993 οὐχ
1751 2921 1953 2993 ἥκιστα
1978 2920 2073 2974 εύ·

481 3018 719 3091 κρασίαν
773 3016 894 3072 καθ’
923 3018 1048 3070 ὅσον
1071 3010 1184 3071 οἶόν
1229 3033 1289 3082 τε
1312 3013 1600 3086 διαγράφω
1633 3014 1710 3085 τῷ
1737 3013 1901 3085 λόγῳ.

549 3109 709 3166 PIH’.
732 3110 889 3163 Ἐστι
920 3125 1005 3173 τις
1033 3107 1196 3176 λόφος
1224 3106 1568 3178 βραχύτατος
1599 3106 1802 3178 μεταξὺ
1835 3107 1930 3162 δύο
1960 3126 2075 3164 κοι-

478 3201 655 3258 λάδων
673 3201 734 3267 ἐξ
752 3199 1026 3256 ἀνατολῶν
1044 3201 1139 3255 καὶ
1153 3199 1360 3253 δύσεων
1372 3210 1402 3238 ιι
1421 3197 1717 3253 συνιουσῶν
1734 3197 1920 3269 ἠρέμα
1938 3201 2075 3270 πρὸς

474 3296 539 3349 τδ
552 3295 706 3358 αὐτὸ,
744 3295 838 3348 καὶ¹
865 3294 1127 3365 ἀλλήλαις
1149 3292 1295 3348 κατὰ
1313 3291 1376 3346 τὸ
1404 3292 1579 3347 νότιον
1601 3291 2067 3361 ὲπιμιγνυμένων.

477 3387 563 3441 Τὰ
610 3385 798 3455 μέντοι
842 3384 981 3457 πρὸς
1014 3384 1219 3455 βορρᾶν
1255 3382 1422 3437 αὐτοῦ
1483 3384 1787 3455 διήπλωται
1841 3381 2072 3454 λαμπρὰ

477 3475 672 3539 πεδιὰς
724 3475 819 3527 ἐπὶ
864 3475 1014 3546 τρισὶ
1066 3472 1304 3545 μάλιστα
1342 3474 1626 3544 κεχυμένη
1692 3473 1950 3538 σταδίοις,
1982 3469 2072 3527 οἶα

478 3571 618 3642 πρὸς
672 3569 869 3640 ⁴ἡδονὴν
923 3568 1186 3623 κάλλιστα
1235 3569 1332 3622 καὶ
1390 3566 1584 3639 τέρψιν
1648 3566 2069 3638 ὲπινενοημένη.

478 3664 705 3735 Διαρρεῖ
729 3661 787 3716 δὲ
816 3662 903 3716 διὰ
935 3662 1109 3731 μέσης
1137 3660 1311 3730 αὐτῆς
1342 3662 1371 3714 6
1416 3659 1743 3732 χείμαρρος,
1773 3658 1981 3714 ἄνωθεν
2006 3661 2072 3713 ὲκ

478 3757 573 3811 τοῦ
602 3756 739 3829 πρὸς
787 3756 1057 3819 ἀνατολὰς
1092 3754 1285 3826 βουνοῦ
1328 3751 1555 3818 κατιὼν,
1592 3753 1689 3807 καὶ
1724 3752 1914 3825 ῶσπερ
1987 3769 2074 3816 τις

488 3853 628 3923 ζώνη
681 3850 764 3923 τῷ
809 3853 963 3920 τόπῳ
1000 3847 1307 3917 γινόμενος.
1342 3845 1486 3917 Πρὸς
1520 3845 1658 3915 αὐτῇ
1686 3860 1750 3912 γε
1782 3844 1890 3915 μὴν
1916 3846 1982 3915 τῇ
2009 3860 2071 3898 τε

494 3944 583 3996 τοῦ
608 3943 767 4014 λόφου
803 3940 940 4011 πρὸς
961 3940 1023 3994 τὸ
1058 3938 1240 3992 πεδίον
1269 3935 1562 4001 ἐπικλίσει,
1600 3936 1695 3988 καὶ
1724 3937 1789 4006 τῇ
1824 3935 1921 3988 σὺν
1951 3933 2073 4006 ὥρᾳ

485 4035 685 4088 τούτων
735 4031 881 4105 μίξει
939 4029 1037 4085 καὶ
1093 4031 1329 4099 συναφῇ,
1363 4027 1453 4081 ὅτε
1496 4025 1706 4096 πύργος
1749 4024 2069 4094 ἀνέστηκεν,

483 4120 595 4179 οἷόν
617 4142 699 4188 τις
728 4122 947 4194 κορυφὴ
967 4121 1063 4175 καὶ
1090 4118 1409 4191 ἀκρόπολις.
1435 4117 1545 4171 Καὶ
1577 4116 1668 4169 τὸν
1697 4114 1910 4185 πύργον
1942 4116 2072 4187 ἑξῆς

476 4218 509 4285 ἡ
544 4216 682 4289 πρὸς
730 4214 792 4268 τὸ
840 4212 1021 4266 πεδίον
1079 4210 1387 4279 διαδέχεται
1434 4207 1580 4279 πύλη
1618 4208 2073 4281 παραπέμπουσα

476 4310 606 4373 τούς
634 4308 878 4375 ἐξιόντας
925 4304 1042 4377 μεθ’
1069 4302 1285 4374 ἡδονῆς,
1319 4300 1572 4374 καθάπερ
1600 4303 1710 4357 ἀπό
1738 4319 1884 4366 τινος
1915 4318 2073 4373 περι·

476 4401 637 4470 ωπῆς
689 4400 805 4460 τοῖς
855 4395 1041 4459 καλοῖς
1071 4394 1304 4457 ἐκείνοις
1355 4393 1457 4462 τῆς
1505 4394 1757 4458 πεδιάδος
1802 4393 2073 4464 θεάμασιν

477 4493 909 4556 ἐπικύπτοντας.
951 4489 1116 4545 Ἀλλὰ
1145 4488 1196 4542 τί
1230 4489 1295 4543 ἄν
1326 4505 1413 4553 τις
1447 4487 1549 4560 τὴν
1577 4488 1673 4543 τοῦ
1701 4489 1872 4544 τόπου
1897 4505 2073 4543 κατα-

474 4590 615 4661 λέγῃ
639 4586 802 4658 φύσιν
830 4605 841 4614 ·
869 4587 1023 4648 ὅπως
1058 4584 1156 4653 μὲν
1185 4581 1395 4653 ἥμερός
1421 4599 1479 4635 τε
1517 4582 1609 4635 καὶ
1638 4581 1845 4651 εὔγεως
1877 4591 1904 4619 τ
1930 4599 1945 4614 ο
1975 4582 2074 4652 οἵῳ

478 4682 537 4736 δὲ
567 4681 645 4753 τῷ
698 4680 841 4750 ὑπὲρ
888 4677 1135 4748 κεφαλῆς
1184 4677 1313 4747 ἀέρι
1366 4674 1654 4745 κέκραται,
1708 4673 1805 4727 καὶ
1848 4671 1974 4725 οὔτε
2004 4675 2072 4743 τῇ

479 4776 661 4846 θέρμῃ
690 4773 901 4827 πλείονι
933 4771 1033 4842 τῆς
1071 4770 1286 4841 χρείας,
1317 4767 1444 4822 οὔτε
1474 4766 1553 4837 τῷ
1582 4766 1746 4836 ψύχει
1778 4765 2068 4837 κέχρηται,

476 4868 609 4923 ἀλλ’
655 4865 987 4937 ἀμφοτέρων
1033 4862 1115 4917 τὰ.
1150 4861 1424 4915 λυποῦντα
1464 4859 1675 4929 φυγὼν,
1707 4860 1805 4928 τὴν
1834 4858 2070 4913 ἑκάστου

478 4961 702 5015 πλουτεῖ
751 4958 1048 5029 μεσότητα,
1106 4956 1202 5008 καὶ
1252 4953 1368 5007 ἔστι
1400 4951 1509 5006 τῶν
1562 4952 1659 5022 μὲν
1710 4951 2069 5024 ψυχροτέρων

478 5053 832 5125 θερμότερος,
863 5049 975 5102 τῶν
1003 5047 1061 5102 δὲ
1083 5045 1432 5118 θερμοτέρων
1458 5046 1650 5116 ἡρέμα
1681 5044 1845 5098 πάλιν
1861 5044 2071 5116 ψυχρό-

475 5163 657 5217 τερος,
712 5141 1030 5205 ἀκολούθως
1092 5157 1153 5193 τε
1201 5139 1310 5192 τῶν
1360 5138 1482 5191 λίαν
1520 5138 1705 5209 ὑγρῶν
1757 5137 2071 5209 ξηρότεροςο

476 5240 574 5294 καὶ
602 5237 714 5292 τῶν
746 5237 1003 5308 ἀμέτρως
1031 5231 1213 5305 ξηρῶν
1251 5231 1565 5302 ὑγρότερος,
1603 5229 1742 5301 μετὰ
1766 5231 1866 5302 τῆς
1895 5231 2074 5301 ἁρμο-

477 5329 679 5397 ζούσης
703 5329 790 5399 ἐφ’
819 5327 1027 5382 ἕκαστα
1061 5323 1428 5395 συμμετρίας.

549 5418 713 5477 ΡΙΘ’.
749 5421 863 5492 Τῆς
886 5419 1018 5489 γοῦν
1040 5417 1298 5495 τοιαύτης
1322 5416 1451 5486 ὅλης
1489 5415 1585 5471 τοῦ
1616 5415 1889 5472 κοινοϐίου
1914 5419 2067 5473 οἱκο-

476 5512 651 5583 δομῆς
687 5510 805 5582 ἃμα
836 5510 932 5565 καὶ
971 5507 1293 5579 εὐκοσμίας,
1324 5507 1385 5560 ού
1440 5507 1603 5563 πλέον
1636 5508 1669 5580 ἢ
1719 5508 1891 5581 τριῶν
1929 5508 2069 5565 ἑτῶν

476 5602 765 5675 δεηθείσης
792 5602 880 5657 διὰ
910 5600 1116 5672 πολλὴν
1142 5601 1301 5671 χεῖρα
1335 5598 1432 5653 καὶ
1461 5597 1713 5653 σύντονον
1733 5599 2063 5671 ὑπουργίαν,

478 5696 775 5762 ἠϐούλοντο
832 5696 934 5766 μὲν
976 5696 1025 5748 οἱ
1074 5694 1209 5749 θεῖοι
1246 5694 1493 5765 Πατέρες
1539 5694 1740 5747 ἐκεῖνοι
1798 5695 1939 5765 μετὰ
1970 5696 2070 5767 τῆς

476 5784 649 5859 ἄλλης
696 5783 1118 5856 διακοσμήσεως
1146 5802 1205 5840 τε
1256 5787 1351 5839 καὶ⁸
1398 5781 1619 5855 τέχνης,
1657 5784 1954 5841 ἀποδοῦναι
2000 5793 2068 5862 τῇ

2186 708 2385 761 lectata
2443 705 2637 771 relatu,
2692 715 2857 775 atque
2902 708 3067 762 etiam
3118 707 3393 777 Iacrymas
3441 706 3778 776 profundens

2184 815 2249 854 ex
2301 799 2491 866 oculis,
2543 799 2816 855 consuluit
2868 799 2979 854 lilio
3030 811 3229 856 cuncta
3285 788 3557 869 impleret.
3604 797 3776 853 Porro

2182 891 2458 946 transiens
2505 899 2694 965 postea
2729 890 2799 945 ad
2839 890 3236 959 patriarcham,
3263 892 3312 946 ei
3343 904 3559 959 quoque
3591 890 3776 943 omnia

2183 983 2522 1038 renuntiavit
2570 981 2758 1038 Fidus.
2813 980 2880 1036 Et
2933 982 3023 1036 ille
3071 982 3422 1036 vehementer
3475 981 3777 1037 admiratus

2184 1078 2552 1133 narrationem
2601 1076 2858 1147 Opinione
2905 1076 3209 1141 majorem:
3253 1075 3527 1138 Profecto,
3575 1074 3773 1141 inquit,

2184 1164 2278 1221 Dei
2313 1167 2575 1236 propheta
2605 1177 2692 1223 est
2733 1181 2965 1235 magnus
2996 1165 3350 1235 Entbymius,
3389 1179 3692 1233 magnaque
3719 1174 3776 1217 et

2184 1257 2477 1314 ineffabilia
2503 1267 2587 1315 est
2614 1258 2662 1314 ei
2699 1258 2842 1327 apud
2894 1257 3044 1312 illum
3080 1256 3277 1311 ﬁducia
3312 1273 3328 1311 :
3365 1271 3491 1324 qua:
3530 1255 3674 1310 enim
3705 1254 3774 1309 ad

2181 1351 2391 1407 lauram
2440 1357 2710 1420 spectant,
2741 1363 2803 1402 ea
2833 1363 3018 1403 coram
3052 1348 3213 1403 nobis
3257 1347 3511 1401 omnibus
3545 1346 3774 1401 testibus

2180 1443 2453 1514 praedixit,
2480 1443 2593 1513 jam
2642 1442 2696 1496 in
2726 1441 2948 1497 Christo
2990 1456 3086 1509 per
3116 1450 3346 1496 mortem
3378 1454 3774 1496 consumman-

2179 1541 2303 1593 dus.
2345 1537 2442 1593 His
2476 1536 2664 1600 dictis,
2703 1537 2819 1605 ipse
2867 1536 3031 1590 etiam
3070 1533 3208 1589 Fido
3249 1533 3548 1590 committit
3590 1546 3777 1589 emno-

2180 1629 2254 1683 bii
2283 1627 2730 1692 aediﬁcationem;
2763 1626 3125 1695 conceditque
3152 1625 3201 1679 ei
3235 1632 3296 1677 ut
3330 1624 3425 1680 illo
3456 1623 3773 1691 proﬁcisca-

2180 1730 2300 1789 tur;
2327 1721 2486 1777 simul
2515 1720 2795 1791 professus
2817 1734 2875 1775 se
2893 1733 3108 1790 quoque
3130 1718 3385 1774 omnibus
3402 1717 3611 1773 viribus
3635 1732 3773 1788 opus

2179 1835 2249 1873 IIII
2258 1834 2284 1872 8
2318 1834 2442 1873 esse
2471 1833 2497 1871 8
2506 1831 2876 1888 ggressurttm.

2248 1910 2459 1968 CXVII.
2488 1910 2655 1965 Fides
2683 1910 2888 1979 itaque,
2915 1914 3135 1978 accepta
3167 1919 3361 1976 magna
3390 1919 3551 1960 manu
3580 1903 3773 1960 minis-

2181 2013 2388 2059 trorum
2436 2009 2494 2057 et
2518 2010 2876 2065 structorum,
2906 2013 3031 2054 cum
3066 2013 3175 2053 uno
3207 2012 3274 2051 ex
3309 1994 3644 2051 mechanicis
3674 2009 3770 2050 seu

2178 2095 2518 2161 architectis,
2547 2093 2829 2148 descendit
2856 2091 2909 2146 in
2937 2091 3149 2146 lauram
3183 2105 3199 2143 :
3229 2102 3462 2157 cumque
3499 2086 3771 2141 aedificas-

2177 2198 2261 2245 set
2298 2187 2631 2252 ctenobium,
2688 2192 2955 2254 septoque
3004 2192 3059 2237 et
3104 2196 3263 2236 muro
3301 2180 3357 2235 in
3407 2181 3594 2234 orbem
3626 2186 3775 2235 esset

2178 2279 2531 2351 complexus,
2580 2285 2739 2332 vetus
2775 2276 2997 2347 quidem
3039 2273 3296 2343 templum
3362 2272 3613 2327 attribuit
3660 2270 3772 2325 trav

2180 2375 2355 2430 tribus
2389 2367 2837 2429 ad‘cmnaculum
2869 2386 2887 2425 :
2931 2368 3077 2423 aliud
3109 2375 3291 2421 autem
3341 2364 3600 2434 templum
3638 2364 3772 2419 aedi-

2180 2469 2307 2524 licat
2368 2468 2644 2537 superius.
2706 2464 2854 2519 Inter
2908 2461 3220 2518 ctenobium
3281 2474 3435 2524 vero,
3493 2458 3775 2528 splendide

2178 2562 2383 2618 excitat
2411 2560 2632 2622 turrim,
2664 2557 2814 2614 velut
2856 2555 3133 2625 quoddam
3163 2554 3330 2609 totius
3367 2553 3537 2608 eremi
3574 2566 3774 2622 propu-

2178 2650 2505 2721 gnaculum;
2557 2659 2613 2705 et
2661 2648 2716 2703 in
2768 2646 2955 2702 medio
2992 2645 3314 2701 cmmeterio
3343 2643 3593 2699 collocat.
3640 2642 3771 2698 Loci

2177 2759 2311 2800 vero
2334 2743 2661 2813 posituram.
2689 2739 2745 2795 in
2775 2753 2880 2809 qua
2916 2738 3022 2793 hoc
3046 2751 3262 2792 sacrum
3290 2744 3665 2792 constructum
3688 2745 3774 2789 est

2179 2835 2512 2899 emnobium,
2541 2841 2596 2888 et
2625 2831 2910 2902 pulchram
2940 2829 3130 2886 multa!
3150 2826 3481 2899 aqualitatis
3505 2842 3694 2889 causa,
3715 2839 3774 2881 et

2178 2927 2465 2983 monachis
2487 2925 2553 2981 ad
2572 2923 2894 2980 exercitium
2920 2931 3105 2991 aptam
3123 2930 3349 2991 propter
3369 2920 3513 2974 aeris
3533 2918 3774 2973 maxime

2178 3016 2656 3088 temperationem,
2692 3012 2940 3070 oratione
2962 3012 3270 3067 describam
3299 3024 3397 3081 pro
3427 3008 3659 3064 viribus.

2249 3109 2481 3168 CXVIII.
2508 3111 2605 3165 Est
2635 3109 2855 3180 quidam
2884 3106 3042 3163 collis
3076 3105 3434 3160 brevissimus
3463 3104 3607 3159 inter
3634 3104 3773 3158 duas

2180 3208 2349 3264 valles
2369 3222 2434 3263 ex
2459 3205 2675 3261 oriente
2695 3213 2751 3260 et
2784 3202 3071 3259 occidente
3099 3198 3259 3256 simul
3284 3198 3540 3269 paulatim
3569 3213 3775 3254 coeun-

2098 3326 2148 3390 ο
2181 3311 2287 3369 tes,
2321 3309 2376 3357 et
2412 3302 2478 3355 ad
2508 3308 2754 3355 austrum
2786 3297 2934 3353 inter
2969 3312 3030 3353 se
3052 3295 3392 3390 commistas.
3433 3293 3516 3349 Ad
3547 3292 3770 3349 boream

2182 3398 2363 3450 autem
2398 3400 2548 3463 patet
2581 3390 2951 3462 pulcherrima
2994 3387 3171 3458 campi
3218 3385 3500 3455 planities,
3554 3399 3675 3453 qua;
3706 3384 3773 3437 ad

2182 3485 2284 3540 tria
2325 3481 2502 3539 stadia
2548 3483 2789 3537 maxime
2825 3479 3186 3546 dill‘unditur,
3224 3477 3379 3548 quasi
3418 3478 3485 3531 ad
3520 3475 3775 3546 volupta-

2181 3586 2291 3633 tem
2321 3587 2375 3632 et
2408 3576 2830 3631 delectationem
2862 3574 3069 3645 optime
3113 3582 3262 3627 esset
3313 3572 3639 3640 excogitata.
3672 3568 3776 3625 Per

2180 3683 2300 3724 eam
2331 3681 2466 3723 vero
2489 3666 2727 3721 mediam
2764 3671 2983 3720 torrens
3014 3662 3255 3734 perﬂuit,
3287 3662 3523 3732 desuper
3545 3662 3776 3717 descen-

2180 3764 2313 3819 dens
2342 3775 2408 3817 cx
2442 3759 2581 3818 colle
2609 3760 2702 3830 qui
2728 3768 2813 3816 est
2847 3760 2915 3814 ad
2945 3759 3239 3823 orientem,
3273 3758 3439 3827 tltqne
3465 3757 3585 3813 loco
3609 3758 3775 3814 veluti

2179 3853 2426 3925 quedam
2459 3866 2619 3908 zona.
2653 3850 2714 3906 In
2744 3853 2862 3922 ipsa
2891 3863 3060 3920 porro
3087 3848 3240 3904 collis
3271 3850 3325 3903 in
3352 3848 3635 3919 planitiem
3689 3850 3777 3903 in-

2182 3946 2502 4011 clinatione,
2549 3958 2852 4013 eorumque
2900 3942 3136 4013 eleganti
3172 3942 3403 3998 mistura
3446 3952 3503 3997 et
3548 3941 3775 4009 conjun-

2182 4041 2385 4107 ctione,
2414 4039 2665 4110 exsurgit
2699 4037 2892 4104 turris,
2922 4036 3077 4107 quasi
3095 4043 3286 4092 vertex
3317 4045 3371 4091 et
3403 4051 3523 4091 arx.
3555 4035 3773 4090 Turrim

2183 4135 2441 4205 deinceps
2471 4132 2828 4203 consequitur
2875 4145 3070 4187 versus
3105 4130 3383 4200 planitiem
3422 4139 3578 4200 porta
3602 4168 3617 4196 ,
3653 4145 3776 4199 qua:

2182 4245 2305 4285 cum
2336 4227 2616 4298 voluptate
2651 4225 2969 4281 transmittit
2996 4239 3090 4280 eos
3128 4224 3222 4295 qui
3252 4233 3479 4288 exeunt,
3520 4234 3771 4294 tanquam

2181 4333 2209 4373 a
2247 4318 2474 4389 rpecula
2509 4316 2686 4386 aliqua
2735 4316 3100 4383 despicientes
3135 4314 3363 4384 pulchra
3396 4305 3492 4367 illa:
3530 4313 3772 4383 planitiei

2181 4410 2517 4480 spectacula.
2568 4408 2771 4464 Verum
2825 4408 2957 4478 quid
3018 4407 3121 4462 loci
3182 4415 3434 4460 naturam
3493 4416 3776 4460 recenseat

2184 4502 2417 4573 aliquis?
2435 4500 2721 4568 Quomodo
2747 4499 3071 4569 estquidem
3103 4498 3252 4552 mitis
3282 4505 3337 4551 et
3365 4495 3559 4550 fertilis
3584 4513 3600 4562 ;
3624 4497 3771 4564 quali

2186 4605 2366 4651 autem
2396 4610 2560 4665 super
2583 4602 2747 4664 caput
2780 4607 2909 4647 aere
2944 4599 3411 4659 contemperetur,
3446 4600 3500 4644 et
3536 4604 3635 4644 nec
3659 4605 3775 4644 ma-

2100 4686 2154 4747 D
2178 4689 2299 4758 jore
2330 4703 2496 4757 quam
2542 4700 2680 4757 opus
2726 4685 2801 4741 sit
2829 4683 3032 4749 calore,
3072 4696 3175 4738 nec
3206 4681 3407 4752 frigore
3435 4691 3640 4744 utatur.
3678 4683 3773 4736 sed

2181 4797 2247 4836 ex
2276 4779 2545 4835 ambobus
2586 4793 2650 4834 ea
2681 4792 2802 4847 qua:
2847 4776 3071 4833 molesta
3097 4784 3226 4830 sunt
3268 4773 3554 4846 cﬂugiens,
3588 4775 3776 4831 unius-

2180 4874 2446 4943 cujusque
2476 4871 2679 4927 ditetur
2713 4869 2913 4934 medio,
2945 4868 3127 4936 sitque
3155 4865 3529 4938 frigidioribus
3555 4866 3771 4936 quidem

2181 4963 2431 5029 calidior,
2465 4961 2821 5017 calidioribus
2845 4969 3025 5014 autem
3049 4974 3239 5013 rursus
3261 4957 3466 5013 sensim
3498 4957 3772 5029 frigidior,

2178 5062 2234 5108 et
2265 5062 2666 5123 consequenter
2696 5050 2854 5106 valde
2883 5048 3125 5105 humidis
3158 5048 3379 5116 siccior,
3413 5057 3469 5104 et
3506 5050 3774 5105 immode-

2182 5157 2300 5202 rate
2339 5148 2503 5203 siccis
2547 5145 2849 5211 humidior,
2889 5157 3013 5200 cum
3043 5156 3110 5199 eo
3140 5142 3236 5212 qui
3264 5142 3495 5215 singulis
3519 5143 3775 5199 convenit

2178 5253 2521 5294 commensu.

2251 5424 2443 5483 CXIX.
2509 5425 2644 5483 Cum
2697 5425 2883 5495 itaque
2942 5421 3255 5494 huiusmodi
3302 5432 3473 5478 totum
3533 5419 3769 5477 cmuobii

2179 5517 2468 5573 aedilicium
2504 5515 2667 5572 simul
2695 5524 2752 5573 et
2778 5525 3160 5571 ornamentum
3191 5531 3297 5571 non
3326 5529 3464 5584 opus
3491 5513 3773 5569 habuisset

2181 5611 2466 5680 plusquam
2504 5609 2678 5665 tribus
2708 5610 2884 5669 annis.
2918 5607 2989 5662 ob
3019 5607 3217 5661 multas
3245 5619 3440 5661 manus
3470 5605 3772 5658 intensum-

2180 5717 2286 5771 que
2317 5701 2705 5766 ministerium,
2733 5699 2987 5755 volebant
3015 5697 3231 5767 quidem
3257 5695 3424 5751 divini
3450 5694 3523 5751 illi
3556 5692 3771 5760 Patres,

2183 5812 2304 5854 cum
2331 5793 2438 5847 alio
2467 5804 2661 5846 ornatu
2699 5802 2753 5845 et
2784 5790 3022 5846 artiﬁcio
3054 5788 3454 5846 dedicationem
3479 5788 3644 5844 etiam
3675 5801 3771 5841 ec-

1774 5896 2014 5955 νΑιιιιΕ
2047 5897 2460 5957 LECTIONES.

553 5993 578 6025 ¹’
611 5985 681 6041 al.
722 5982 1055 6055 περιϐαὶὼν.
1156 5999 1175 6027 ι
1202 5988 1272 6042 al,
1313 5986 1725 6060 ἀριςττὸτὴρεον.

1832 5990 1848 6028 ¹
1885 5993 1954 6049 al.
1987 5994 2245 6066 ἔρεισμα.
2327 6001 2352 6031 υ
2392 5991 2459 6047 aI.
2505 5988 2731 6051 δύσεως.

2811 5994 2836 6021 τ
2867 5983 2939 6039 ul.
2983 5980 3230 6051 αὔγειος.
