4144 6404
436 476 546 540 699

1687 478 1970 538 MENSIS
2010 476 2471 537 JANUARIUS.

3599 474 3708 542 700

443 584 628 641 closiaz
675 583 949 650 tribuere;
996 596 1092 637 eos
1139 592 1318 636 autem
1367 584 1591 638 arcebat
1637 599 1827 639 rursus
1872 598 2017 653 aquae

2126 580 2431 653 Ἐκκλησία
2464 599 2557 637 και
2587 598 2656 639 τα
2695 585 2951 655 ἐγκαίνια
2975 560 3005 617 θ’
3026 582 3180 659 εῐργε
3207 587 3266 642 δὲ
3316 587 3478 642 πάλιν
3504 588 3705 657 αὐτοὺς

434 677 690 746 penuria.
725 674 857 728 Nam
884 675 935 728 in
962 675 1050 729 illa
1081 674 1373 730 solitudine
1393 675 1530 746 pluit
1575 684 1782 731 tantum
1818 678 2014 732 hieme.

433 772 565 837 Quae
594 768 848 839 quoniam
877 766 1090 838 majore
1123 782 1187 822 ex
1221 778 1375 836 parte
1412 767 1588 823 fuerat
1627 783 1781 837 aquae
1821 783 2020 838 expers

433 873 489 918 et
512 864 683 927 sicca,
724 877 820 917 eos
850 868 989 932 aqua
1022 862 1319 929 defecerat,
1351 863 1586 917 maxime
1613 863 1759 918 circa
1794 878 2016 918 vernam

431 957 884 1021 conversionem;
930 956 1033 1012 nisi
1080 955 1222 1012 forte
1262 957 1315 1011 in
1359 958 1615 1012 concavis
1656 959 2018 1012 cisternarum

431 1051 805 1104 consisterent
847 1050 1043 1119 aliqua:
1080 1051 1269 1106 imbris
1313 1052 1505 1106 breves
1554 1052 1826 1122 reliquiae;
1874 1052 2017 1121 quod

432 1141 652 1209 quidem
681 1156 777 1196 eos
817 1141 882 1196 ad
928 1142 1141 1196 consilii
1189 1142 1429 1211 inopiam
1477 1143 1777 1211 redigebat,
1825 1152 1883 1196 ut
1925 1143 2016 1211 qui

435 1232 864 1288 inexorabilibus
903 1241 1282 1301 premerentur
1321 1241 1530 1286 natura:
1578 1232 2012 1287 necessitatibus.

432 1325 620 1394 Itaque
654 1326 799 1381 Elias
827 1326 1148 1396 praepositus
1163 1334 1217 1381 et
1243 1326 1505 1380 diaconus
1525 1325 1693 1381 Fidus
1709 1325 2018 1396 significant

433 1418 680 1490 Longino
708 1419 982 1474 inferioris
1001 1418 1318 1473 monasterii
1346 1416 1460 1489 (70)
1489 1416 1764 1486 praefecto,
1781 1427 1831 1472 et
1853 1416 2017 1471 Paulo

434 1512 725 1579 praeposito
763 1512 1074 1570 monasterii
1098 1510 1340 1583 Martyrii
1372 1511 1507 1583 (7|),
1553 1520 1613 1566 ut
1655 1525 1753 1581 per
1772 1510 2017 1580 iumenta

438 1618 532 1659 eos
560 1605 820 1674 adjuvent
847 1606 914 1659 ad
940 1619 1136 1675 aquam
1164 1618 1232 1659 ex
1265 1604 1458 1660 Pharis
1489 1603 1943 1659 transferendam.

504 1778 668 1834 CXX.
701 1778 960 1849 Sequenti
994 1795 1126 1850 ergo
1154 1789 1334 1845 nocte,
1365 1780 1571 1849 paratis
1601 1779 1670 1834 iis
1702 1779 1846 1835 circa
1874 1779 2015 1834 dilu-

429 1873 609 1926 culum
636 1874 703 1926 ad
737 1874 861 1939 iter,
891 1874 1112 1943 jamque
1154 1874 1498 1942 congregatis
1524 1872 1809 1942 iumentis,
1847 1888 2015 1940 appa-

432 1974 514 2017 ret
546 1975 712 2019 nocte
741 1938 1036 2019 illabeato
1060 1963 1188 2020 Elia:
1220 1938 1451 2034 magnus
1484 1938 1844 2036 Euthymins:
1877 1938 2016 2031 Quid
2049 1938 2089 1994 Β

431 2054 534 2110 huc
564 2056 668 2110 sibi
707 2056 842 2122 vult,
874 2071 1096 2126 rogans.
1128 2058 1274 2125 quod
1309 2056 1469 2111 hodie
1495 2055 1738 2125 iumenta
1785 2073 2016 2127 congre-

429 2149 608 2219 getlsf
650 2148 785 2205 Cum
826 2151 871 2203 is
918 2164 1051 2204 vero
1098 2148 1479 2218 respondisset
1520 2168 1532 2205 :
1584 2147 1657 2204 Ut
1700 2165 1896 2220 aquam
1949 2165 2015 2207 ex

431 2244 626 2299 Pharis
659 2243 971 2308 alferamus,
1007 2258 1075 2299 eo
1106 2244 1247 2312 quod
1280 2258 1380 2299 nos
1412 2259 1555 2299 nunc
1598 2246 1826 2301 omnino
1865 2247 2017 2302 defe-

430 2340 564 2392 cerit
585 2379 601 2402 ,
631 2337 933 2407 increpavit
955 2336 1066 2403 ille,
1090 2337 1279 2392 dicens
1304 2356 1317 2392 :
1342 2336 1568 2394 Modica:
1592 2339 1712 2393 fidei
1742 2339 2015 2406 homines,

435 2443 672 2497 quanam
700 2429 768 2483 de
797 2443 962 2483 causa
995 2427 1162 2483 Deum
1193 2444 1300 2483 non
1336 2432 1544 2498 precati
1587 2431 1760 2487 estis?
1799 2431 1937 2487 Num
1974 2434 2020 2488 is

431 2519 524 2588 qui
566 2534 597 2574 e
631 2528 904 2590 praerupta
953 2527 1107 2589 petra
1155 2520 1559 2576 inobedientem
1604 2525 1808 2592 potavit
1849 2539 2019 2594 popu-

430 2612 566 2677 ium,
600 2621 655 2667 et
684 2626 884 2681 aquam
925 2626 993 2666 ex
1020 2611 1159 2667 asini
1193 2611 1409 2667 maxilla
1445 2612 1692 2669 Samsoni
1729 2616 2018 2685 aliquando

429 2701 562 2759 fecit
594 2703 884 2771 scaturire,
923 2720 1029 2761 non
1065 2706 1267 2774 poterit
1305 2705 1458 2761 vobis
1495 2723 1711 2776 quoque
1749 2711 1815 2763 ad
1859 2726 2016 2765 usum

430 2795 804 2864 suppeditare,
839 2798 1136 2854 dummodo
1186 2815 1311 2856 cum
1361 2801 1465 2857 fide
1513 2800 1754 2858 offeratis
1796 2802 2018 2871 petitio-

434 2900 553 2939 ueni
573 2885 598 2939 τ
622 2887 825 2941 Deinde
852 2888 932 2943 eis
960 2888 1124 2942 etiam
1153 2892 1428 2958 prohibuit
1455 2892 1559 2946 iter
1591 2892 1660 2947 ad
1694 2891 1925 2954 Pharas,
1962 2901 2020 2948 ul

432 2978 654 3033 minime
691 2982 1083 3036 necessarium.
1135 2983 1289 3053 Aqua
1338 2983 1481 3039 enim
1528 2984 1681 3040 vobis
1716 2984 2019 3053 implebun-

430 3077 541 3133 tur,
567 3069 766 3140 inquit,
797 3072 881 3126 vel
915 3076 1165 3132 maximae
1197 3076 1471 3145 cisternae,
1507 3092 1576 3132 ne
1605 3077 1776 3133 tribus
1799 3078 2017 3148 quidem

426 3159 578 3217 boris
600 3167 952 3233 exspectatis.

501 3331 690 3388 CXXI.
749 3333 1031 3396 Excitatus
1077 3355 1108 3396 e
1153 3356 1347 3399 somno
1397 3344 1466 3399 ad
1515 3343 1776 3399 visionem
1823 3344 2015 3400 beatus

429 3425 595 3491 Elias,
633 3431 931 3500 statimque
978 3448 1038 3488 ea
1086 3435 1223 3489 Fido
1276 3444 1332 3491 et
1382 3436 1612 3505 reliquis
1666 3437 2015 3502 adnuntiata,

422 3519 666 3589 jumenta
694 3524 911 3592 quidem
940 3541 968 3580 a
1000 3529 1284 3597 proposito
1315 3527 1478 3582 solvit
1508 3528 1812 3583 ministerio
1838 3546 1851 3583 :
1890 3545 2014 3583 cum

426 3625 532 3665 nox
564 3622 745 3669 autem
766 3613 881 3684 jam
924 3617 1253 3683 trausiisset,
1284 3625 1339 3672 et
1375 3617 1460 3672 sol
1501 3632 1718 3673 omnem
1757 3628 2014 3688 quantam

423 3704 574 3760 videt
601 3714 802 3761 terram
831 3709 1109 3763 radiorum
1141 3709 1441 3765 illustraret
1466 3710 1686 3780 jaculis,
1717 3712 1889 3768 nubes
1918 3712 2017 3768 ali-

423 3798 602 3853 cunde
627 3814 808 3855 aerem
864 3800 1046 3856 subito
1086 3802 1366 3871 complexa
1398 3803 1649 3860 coenobio
1697 3807 2015 3861 incumben-

425 3893 556 3954 tem,
591 3890 771 3958 erupit
815 3889 1065 3959 protinus
1094 3893 1146 3946 in
1189 3893 1460 3963 pluviam;
1498 3904 1553 3949 et
1580 3896 1763 3951 omnia
1794 3896 2011 3965 quidem

422 3977 784 4035 circumcirca
814 3980 990 4036 simile
1032 3984 1210 4039 adhuc
1241 3987 1501 4054 puniebat
1544 3986 1814 4057 ﬂagellum
1849 3989 2013 4045 sicci-

426 4067 590 4134 tatis;
631 4069 665 4123 ii
709 4080 891 4124 autem
941 4072 1039 4127 soli
1083 4074 1176 4143 qui
1228 4086 1389 4132 erant
1439 4078 1493 4133 in
1544 4081 1819 4147 emnobio,
1875 4096 2013 4150 aqua

424 4167 625 4230 praeter
656 4161 964 4228 opinionem
1002 4163 1358 4237 fruebantur;
1394 4172 1618 4239 perinde
1647 4187 1710 4225 ac
1741 4172 1784 4226 si
1815 4172 2014 4242 aliquis

422 4249 659 4320 pluviam
708 4252 1248 4326 circumscripsisset,
1306 4276 1623 4330 rursusque.
1653 4278 1757 4318 non
1809 4264 2013 4317 sineret.

427 4341 654 4396 ulterius
683 4347 955 4413 progredi.
985 4348 1276 4418 Postquam
1302 4363 1482 4407 autem
1511 4352 1763 4408 cisterna:
1793 4355 2013 4410 fuerunt

422 4447 562 4502 aqua
591 4435 783 4504 plenae,
832 4452 932 4492 nec
979 4439 1014 4492 ii
1051 4441 1284 4510 amplius
1318 4443 1632 4513 indigebant
1670 4444 1939 4501 imbribus
1980 4461 2011 4501 e

421 4525 583 4593 coelo,
617 4527 800 4582 statim
831 4530 1001 4587 nubes
1036 4531 1299 4600 dissipata
1339 4544 1441 4601 est,
1478 4543 1532 4590 et
1574 4537 1867 4592 vehemens
1907 4536 2011 4590 im-

2121 676 2154 744 ἡ
2187 674 2281 726 τοῦ
2343 673 2535 740 ὕδατος
2586 678 2802 743 σπάνις.
2861 678 3056 735 ’Υεται
3103 679 3207 750 μὲν
3264 679 3376 751 γὰρ
3431 683 3465 753 ἠ
3496 681 3705 754 ἔρημος

2120 765 2303 834 ἐκείνη
2336 765 2499 835 μόνου
2527 769 2816 838 χειμῶνος.
2848 770 3052 825 Τούτου
3080 770 3138 825 δὲ
3181 771 3414 844 ἀνύδρου
3442 773 3504 829 τὸ
3543 775 3711 828 πλέον

2121 858 2217 910 καί¹
2248 857 2412 929 ξηροῦ
2445 860 2855 931 διαγενομένου,
2883 862 3217 917 ἐπιλελοίπει
3245 864 3307 919 τὸ
3335 864 3482 935 ὕδωρ
3508 866 3708 930 αὐτοὺς

2119 948 2249 1017 περὶ
2274 949 2482 1021 τροπάς
2519 951 2755 1020 μάλιστα
2799 951 2900 1016 τὰς
2948 954 3172 1023 ἐαρινάς
3200 971 3213 984 ·
3266 955 3408 1026 πλὴν
3442 956 3490 1008 εί
3522 956 3706 1024 μήπου

2118 1040 2227 1110 ἄρα
2259 1043 2316 1093 ἐν
2337 1044 2449 1105 τοῖς
2480 1042 2684 1106 κοίλοις
2713 1042 2824 1097 τῶν
2849 1044 3070 1098 λάκκων
3097 1046 3432 1118 συνεστηκὸς
3454 1042 3523 1119 ἧν
3551 1046 3708 1100 ὑετοῦ

2116 1149 2172 1185 τι
2200 1132 2373 1203 βραχὺ
2398 1133 2674 1204 λείψανον·
2705 1136 2845 1207 ὅπερ
2870 1138 3069 1202 αὐτοὺς
3119 1140 3200 1203 είς
3227 1140 3542 1210 ἀμηχανίαν
3573 1139 3709 1193 καθ-

2122 1220 2244 1288 ίστη
2276 1225 2398 1286 ταῖς
2433 1225 2833 1296 ἀπαραιτήτοις
2878 1227 3150 1296 ἀνάγκαις
3201 1228 3560 1297 πιεζομένους
3609 1230 3709 1299 τῆς

2119 1314 2354 1383 φύσεως.
2388 1315 2609 1386 Ἀμέλει
2632 1320 2728 1371 καὶ
2747 1317 3001 1388 δηλοῦσιν
3029 1321 3079 1373 οί
3108 1320 3239 1390 περὶ
3262 1321 3352 1374 τὸν
3372 1320 3704 1390 ἡγούμενον.

2118 1407 2309 1461 Ἦλίαν
2331 1408 2534 1463 καὶτὸν
2565 1410 2816 1465 διάκονον
2840 1411 3026 1465 Φεῖδον
3054 1413 3305 1483 Λογγίνῳ
3328 1413 3406 1483 τῷ
3436 1412 3536 1484 τῆς
3558 1413 3713 1467 κάτω

2121 1500 2310 1569 μονῆς,
2339 1501 2437 1554 καὶ
2466 1501 2665 1572 Παύλῳ
2686 1502 2764 1573 τῷ
2784 1503 2883 1573 τῆς
2904 1504 2996 1558 τοῦ
3026 1506 3348 1577 Μαρτυρίου
3381 1505 3707 1577 προεστῶτι,

2120 1593 2460 1662 συνάρασθαι
2497 1594 2586 1647 διὰ
2618 1594 2729 1648 τῶν
2759 1595 3075 1665 ὑποζυγίων
3106 1598 3290 1662 αὑτοῖς
3318 1598 3455 1669 πρὸς
3488 1598 3588 1668 τὴν
3611 1596 3715 1650 τοῦ

2119 1681 2309 1747 ὓδατος
2336 1687 2446 1739 ἀπὸ
2481 1686 2675 1757 Φαρῶν
2705 1700 2734 1729 κ
2769 1688 3161 1760 μετακομιδήν.

2189 1778 2321 1830 PK'.
2350 1778 2461 1847 Τῆς
2482 1773 2575 1831 οὖν
2603 1780 2865 1849 ἐπιούσης
2888 1781 3014 1850 άρτι
3043 1780 3240 1845 νυκτὸς
3265 1780 3328 1833 τὺ
3354 1781 3484 1850 περὶ
3511 1780 3711 1855 ὄρθρον

2119 1866 2564 1937 έτοιμαξομένοις
2605 1868 2743 1941 πρὸς
2771 1870 2873 1940 τὴν
2915 1869 3161 1941 πορείαν,
3228 1872 3322 1924 καὶ
3366 1870 3476 1925 τῶν
3510 1871 3713 1935 ὑποζυ-

2117 1958 2253 2026 γίων
2280 1959 2465 2021 αὐτοῖς
2504 1958 2604 2028 ἤδη
2652 1959 3177 2030 συναθροισθέντων,
3211 1962 3564 2031 ἐπιφαίνεται
3608 1961 3711 2030 τῆς

2120 2047 2312 2110 νυκτὸς
2348 2049 2566 2118 ἐκείνης
2625 2050 2785 2123 Ἠλίᾳ⁸
2814 2050 2894 2121 τῷ
2939 2052 3220 2124 μακαρίτῃ
3264 2054 3294 2106 ὁ
3327 2052 3501 2123 μέγας
3536 2050 3712 2105 Εὐθύ-

2122 2156 2243 2210 μιος
2270 2156 2284 2173 ο
2313 2139 2367 2192 τί
2404 2138 2656 2208 βούλεται
2690 2143 2878 2206 αὐτοῖς
2921 2144 3167 2215 σήμερον
3198 2143 3623 2214 πυνθανόμενος,
3673 2144 3709 2214 ἡ

2117 2230 2227 2284 τῶν
2257 2232 2571 2304 ὑποζυγίων
2632 2237 2928 2307 συναγωγή
2953 2252 2967 2266 ·
3000 2236 3095 2291 τοῦ
3139 2237 3219 2301 δὲ,
3259 2235 3329 2290 δι’
3359 2237 3553 2301 ὓδατος
3600 2235 3710 2290 ἀπὸ

2116 2322 2311 2395 Φαρῶν
2344 2326 2715 2397 μετακομιδὴν
2746 2328 3214 2399 ἀποκριναμένου,
3245 2328 3334 2381 διὰ
3359 2328 3421 2381 τὸ
3444 2327 3711 2399 παράπαν

2117 2419 2211 2474 νῦν
2233 2421 2379 2491 ἡμᾶς
2405 2420 2811 2475 ἐπιλελοιπέναι
2845 2438 2859 2452 ·
2892 2421 3228 2493 ἐπετίμησεν
3256 2422 3488 2483 ἐκεῖνος,
3510 2420 3704 2474 εἰπών’

2118 2511 2509 2580 Ὀλιγόπιστοι,
2538 2513 2663 2566 ὅτου
2690 2512 2748 2566 δὲ
2773 2512 2935 2584 χάριν
2955 2514 3028 2583 μὴ
3050 2512 3306 2582 ἐδεήθητε
3329 2512 3422 2564 τοῦ
3444 2510 3604 2577 Θεοῦ;
3629 2513 3706 2582 μὴ

2116 2603 2226 2674 γάρ
2246 2605 2273 2657 ὁ
2304 2603 2364 2668 ἐξ
2384 2604 2693 2675 ἁκροτόμου
2717 2604 2922 2674 πέτρας
2943 2601 3272 2657 ἀπειθοῦντα
3298 2602 3525 2664 ποτίσας
3553 2601 3704 2665 λαὸν,

2116 2695 2211 2747 καὶ
2243 2693 2385 2766 ὕδωρ
2416 2693 2522 2747 ὑπὸ
2553 2702 2582 2743 γ
2612 2693 2862 2761 σιαγόνος
2890 2693 3013 2746 ὄνου
3039 2691 3238 2762 βλύσας
3268 2691 3404 2745 ποτέ
3440 2690 3520 2761 τῷ
3554 2690 3707 2759 Σαμ-

2116 2785 2255 2857 ψὼν,
2287 2787 2486 2858 ἀπορεῖ
2514 2786 2609 2839 καὶ
2647 2786 2785 2856 πρὸς
2827 2784 2924 2856 τὴν
2977 2784 3171 2857 χρείαν
3227 2784 3323 2837 καὶ
3355 2783 3484 2853 ὑμῖν
3517 2784 3709 2853 ἐπιχο-

2121 2864 2349 2949 ρηγεῖν,
2374 2880 2423 2931 εί
2463 2877 2644 2931 πίστει
2682 2877 2843 2948 μόνον
2895 2875 2993 2947 τὴν
3041 2875 3259 2946 αἴτησιν
3306 2875 3707 2943 είσενέγκητε;

2118 2967 2271 3038 Εἶτα,
2319 2971 2414 3025 καὶ
2434 2970 2535 3041 τὴν
2587 2970 2683 3024 ἐπὶ
2711 2970 2895 3039 Φαρᾶς
2922 2978 2945 3005 ι
2989 2968 3105 3022 ὁδὸν
3167 2966 3244 3029 ὡς
3276 2967 3377 3020 ούκ
3411 2964 3713 3035 ἀναγκαίαν

2118 3064 2303 3126 αὐτοῖς
2358 3061 2692 3134 ἀπηγόρευε.
2749 3058 3165 3130 Πλησθὴσονται
3240 3059 3349 3128 γὰρ
3383 3057 3532 3127 ὑμῖν,
3581 3056 3709 3124 ἔφη,

2123 3150 2259 3223 μηδέ
2303 3152 2495 3223 τρίτην
2545 3153 2940 3224 περιμέναντες
2985 3150 3159 3222 ὥραν,
3190 3151 3241 3204 oi
3280 3148 3530 3220 μέγιστοι
3600 3147 3711 3201 τῶν

2123 3243 2343 3298 λάκκων
2376 3243 2589 3307 ὓδατος.

2191 3337 2366 3388 PKA'.
2400 3334 2752 3397 Διυπνισθεὶς
2810 3333 2867 3386 δὲ
2897 3333 3034 3403 πρὸς
3057 3333 3155 3403 τὴν
3186 3331 3308 3402 ὄψιν
3337 3333 3365 3386 ὁ
3401 3330 3714 3404 μακαρίτης

2132 3423 2341 3489 Ἠλίας,
2383 3424 2479 3477 κα)⁸
2526 3423 2698 3494 Φείδῳ
2729 3422 2933 3491 ταύτην
2981 3422 3144 3486 εὐθὺς
3198 3423 3294 3476 καὶ
3336 3424 3448 3486 τοῖς
3508 3422 3713 3485 λοιποῖς

2118 3515 2482 3585 ἀπαγγείλας,
2516 3516 2585 3570 τὰ
2612 3518 2710 3586 μὲν
2742 3515 3034 3583 ὑποζύγια,
3064 3520 3163 3588 τῆς
3187 3515 3561 3587 προκειμένης
3599 3516 3711 3568 άπ-

2118 3606 2241 3660 έλυε
2264 3605 2610 3676 λειτουργίας
2633 3622 2646 3635 ’
2677 3605 2804 3676 ἄρτι
2823 3606 2879 3659 δὲ
2899 3605 3094 3669 νυκτὸς
3110 3605 3426 3677 οἰχομένης,
3448 3606 3540 3657 καὶ
3560 3605 3713 3673 ἡλίου

2119 3700 2302 3753 πᾶσαν
2342 3699 2475 3770 ὅσην
2506 3700 2609 3771 ὁρᾷ
2639 3698 2745 3770 γῆν
2779 3701 2901 3762 ταῖς
2930 3699 3039 3752 τῶν
3072 3700 3308 3753 ἀκτίνων
3328 3696 3513 3769 βολαῖς
3544 3715 3717 3754 κατα-

2116 3793 2449 3863 λάμποντος,
2485 3793 2685 3866 νεφέλη
2734 3793 2899 3848 ποθὲν
2938 3796 3281 3866 περισχοῦσα
3309 3797 3401 3851 τὸν
3431 3796 3573 3868 ὑπὲρ
3618 3794 3716 3849 τοῦ

2118 3887 2388 3941 κοινοὸίου
2419 3886 2620 3957 αἴφνης
2663 3886 2823 3959 ἀέρα,
2857 3888 2937 3951 είς
2974 3887 3128 3942 ὑετὸν
3179 3889 3341 3953 εὐθὺς
3390 3889 3665 3962 ἐξερράγη
3699 3904 3713 3919 ⁸

2116 3978 2208 4031 καὶ
2254 3976 2323 4030 τά
2352 3976 2450 4046 μὲν
2477 3976 2660 4043 κύκλῳ
2693 3976 2891 4039 πάντα,
2923 3977 2955 4046 ἡ
2980 3977 3141 4045 ὁμοία
3171 3979 3265 4032 καὶ
3286 3979 3366 4032 ἔτι
3390 3983 3491 4051 τῆς
3527 3982 3706 4051 ἀνομ-

2115 4067 2272 4137 ὁρίας
2299 4067 2527 4131 ἐκόλαζε
2549 4067 2777 4137 μάστιξ·
2808 4068 2858 4121 οί
2886 4068 2943 4120 δὲ
2972 4069 3123 4140 ἐντῷ
3140 4070 3393 4143 κοινοϐίῳ
3415 4074 3568 4142 μόνοι
3614 4071 3712 4126 τοῦ

2116 4157 2309 4220 ὓδατος
2366 4157 2688 4229 παραδόξως
2740 4157 3014 4211 ἀπέλαυον
3047 4174 3063 4190 ·
3119 4160 3372 4231 καθάπερ
3424 4162 3570 4226 τινὸς
3620 4162 3713 4217 τὶν

2114 4252 2270 4305 ὑετὸν
2302 4248 2767 4321 περιγράψαντας,
2804 4250 2900 4302 καὶ
2941 4252 3253 4322 περαιτέρω
3300 4253 3463 4308 πάλιν
3514 4254 3714 4325 προελ-

2112 4343 2228 4398 θεῖν
2256 4343 2356 4397 οὑκ
2386 4344 2603 4405 ἐῶντος.
2642 4342 2800 4395 Ἐπεὶ
2839 4342 2897 4396 δὲ
2950 4344 3061 4398 οἵτε
3089 4344 3286 4399 λάκκοι
3327 4346 3519 4417 μεστοὶ
3548 4348 3712 4416 γεγό-

2112 4454 2267 4491 νασιν
2323 4434 2535 4499 ὓδατος,
2597 4435 2691 4487 καὶ
2754 4435 2938 4489 οὐκέτι
2995 4437 3157 4506 χρεία
3207 4438 3313 4491 τῶν
3370 4438 3430 4504 ἐξ
3476 4439 3708 4509 οὐρα.νοῦ

2112 4528 2334 4600 ὄμϐρων
2377 4527 2583 4592 αὐτοῖς,
2613 4526 2826 4597 διέσχεν
2862 4527 3069 4592 εὐθέως
3098 4528 3160 4582 τὸ
3193 4530 3356 4598 νέφος
3385 4530 3484 4584 καὶ
3514 4532 3545 4601 ἡ
3575 4548 3710 4599 σφο-

420 4617 600 4673 brium
627 4620 866 4687 procella
891 4623 958 4678 ad
980 4625 1329 4681 serenitatem
1361 4626 1556 4682 iterum
1593 4629 1810 4684 redacta
1846 4627 1970 4684 fuit.

2117 4622 2213 4693 δρά
2239 4620 2492 4690 καταιγὶς
2533 4618 2642 4674 τῶν
2679 4618 2924 4691 ὄμϐρων,
2957 4623 3037 4686 εἰς
3072 4621 3291 4693 αἰθρίαν
3349 4620 3508 4688 αὖθις
3568 4623 3709 4676 καθ-
3739 4648 3749 4655 -

491 4795 706 4852 CXXII.
747 4797 881 4853 Cum
919 4815 1048 4857 vero
1073 4770 1394 4858 miraculum
1416 4803 1571 4861 brevi
1602 4812 1773 4859 totam
1812 4819 2006 4875 perva-

2131 4731 2312 4769 στατο.

2131 4733 2162 4769 σ
2197 4731 2312 4769 ατο.

2109 4717 2356 4861 ιῖδΚΒἏ
2416 4803 2526 4859 Τοῦ
2586 4804 2867 4877 θαύματος
2926 4806 2985 4859 δὲ
3043 4805 3144 4875 τὴν
3199 4805 3409 4878 ἔρημον
3453 4809 3513 4862 ἐν
3543 4808 3711 4879 ὀλίγῳ

420 4887 585 4943 sisset
617 4889 989 4959 solitudinem,
1020 4904 1185 4964 atque
1214 4897 1281 4951 ad
1315 4897 1490 4966 ipsqu
1525 4897 1690 4952 etiam
1731 4896 2007 4964 archiepi-

2117 4902 2287 4954 πᾶσαν
2327 4897 2750 4970 περιλαϐόντος,
2793 4898 2889 4953 καὶ
2934 4900 3017 4963 είς
3069 4898 3234 4953 αὐτὸν
3291 4900 3351 4953 δὲ
3412 4889 3506 4955 τὸν
3556 4904 3711 4971 ἀρχι-

420 4992 643 5047 scopum
673 4978 990 5051 Martyrium
1019 4985 1129 5054 jam
1162 4988 1521 5056 pervenisset,
1560 4988 1892 5043 descendens
1918 4989 2009 5043 ille

2117 4992 2407 5047 ιπίσκοπον
2471 4989 2792 5061 Μαρτύριον
2857 4990 2960 5062 ἤδη
3043 4991 3354 5056 διαϐάντος.
3431 4993 3711 5047 κατελθὼν

420 5068 543 5123 cum
583 5071 750 5126 multa
789 5088 968 5129 rerum
1001 5074 1271 5132 afﬂuentia
1315 5078 1381 5131 ad
1411 5079 1742 5144 cmuobium,
1776 5080 2005 5149 praecla-

2117 5084 2317 5146 ἐκεῖνος
2349 5081 2491 5151 μετά
2544 5081 2751 5152 πολλῆς
2783 5082 2881 5136 καὶ
2930 5083 3220 5152 δαψιλείας
3251 5086 3389 5157 πρὸς
3422 5084 3482 5138 τὸ
3533 5086 3709 5140 κοινό-

421 5176 537 5214 ram
574 5162 689 5231 agit
730 5166 985 5232 synaxim
1033 5177 1089 5223 et
1128 5169 1390 5239 vigiliam,
1421 5184 1545 5223 cum
1578 5171 1764 5225 multis
1793 5171 2004 5242 lampa-

2117 5176 2248 5242 διον,
2291 5175 2555 5245 λαμπρὰν
2628 5175 2728 5245 μὲν
2795 5176 2921 5244 ἄγει
2980 5176 3083 5247 τὴν
3154 5176 3377 5244 σύναξιν
3451 5178 3548 5232 καὶ
3609 5178 3711 5247 τὴν

420 5253 579 5309 dibus
606 5264 661 5310 et
699 5256 1003 5326 sumtibus;
1035 5261 1129 5315 sed
1163 5271 1218 5316 et
1247 5260 1585 5330 splendidam
1629 5264 2005 5333 magnificam-

2117 5267 2445 5339 ἀγρυπνίαν,
2515 5265 2619 5319 ὑπὸ
2680 5266 2903 5331 πολλαῖς
2958 5267 3208 5334 λαμπάσι
3265 5269 3361 5324 καὶ
3402 5270 3710 5341 θυμιάμασι

415 5363 520 5419 que
582 5350 715 5407 facit
788 5353 1225 5424 dedicationem;
1292 5356 1572 5426 deponens
1649 5358 1751 5413 sub
1838 5358 1998 5412 altari

2117 5360 2394 5429 φιλότιμον
2444 5357 2503 5411 δὲ
2534 5358 2647 5427 ,καὶ
2686 5359 2953 5432 πολυτελῆ
2987 5361 3079 5416 τὸν
3114 5362 3473 5433 ὲγκαινισμδν
3520 5362 3665 5415 ποιεῖ
3688 5378 3704 5396 ·

1766 5471 2005 5527 νΑῐιιέΕ
2044 5472 2463 5529 LECTIONES.

485 5568 514 5597 ³
546 5561 617 5617 al.
646 5563 832 5636 Φαράν
862 5574 918 5620 et
946 5564 1140 5638 Φαρὼν
1171 5575 1227 5622 et
1260 5566 1419 5623 infra.
1497 5575 1527 5616 ἵ
1557 5568 1629 5624 al.
1661 5568 1792 5622 ἀπό.
1873 5578 1896 5605 ⁸
1929 5569 2002 5624 al.
2029 5569 2216 5641 Φαράς
2247 5578 2303 5626 et
2327 5568 2543 5640 Φαράν.

1655 5681 1851 5741 JOAN.
1889 5685 2237 5742 BOLLANDI
2269 5685 2497 5742 ΝΟΤᾸΕ.

765 5781 961 5853 petisti.
1091 5845 1103 5853 _
1148 5847 1196 5853 __
1274 5847 1307 5853 _
1391 5848 1404 5853 _
1744 5851 1752 5853 _
2112 5782 2298 5836 dosius
2321 5781 2709 5853 emnobiarcha
2747 5782 2801 5835 in
2837 5781 3101 5852 regimine
3146 5783 3481 5853 reliquorum
3516 5797 3708 5838 cmun—

461 5834 983 5919 ul?l)PaU;iarchm,
1019 5845 1104 5899 cui
1144 5847 1231 5919 hic
1274 5847 1475 5903 Paulus
1521 5851 1800 5916 successit,
1845 5865 2004 5915 quem
2113 5834 2415 5914 biorum,a
2444 5834 2705 5906 Salustio,
2732 5834 3703 5919 patriarcha7maritimidoﬂauitﬂt-

432 5900 534 5955 tibi
555 5907 873 5975 secundum,
904 5900 999 5967 seu
1025 5900 1800 5988 ροειιι]υἱοί-έώζῇειιόειάᾷίὲῖ

494 5766 608 5829 (70)
640 5769 961 5827 Theoctisti.
