4144 6404
390 505 494 573 ’101

393 708 635 803 1ἶρόόου,
673 713 769 767 καὶ
790 712 1164 788 ’Δνδρονίκου,
1188 722 1295 776 ὑπὸ
1320 724 1383 779 τὸ
1409 708 1805 803 θυσιαστήριον·
1822 708 1993 790 καταέ

394 800 645 872 θέμενος
675 802 917 877 ἑϐδόμην
942 808 1066 863 τότε
1097 810 1193 864 τοῦ
1220 813 1400 870 Μαίου
1436 800 1749 889 ἐπέχοντος,
1789 824 1849 888 ὃς
1890 827 1991 898 ἤδη

387 894 703 960 δωδέκατος
757 899 898 968 μετὰ
932 900 1035 971 τὴν
1082 902 1362 977 Εὐθυμίου
1421 910 1681 985 τελευτὴν
1743 894 1991 983 ἐνιαυτὸς

388 988 615 1058 περιῆν.
649 989 865 1061 Χρόνου
906 992 964 1047 δέ
995 1010 1144 1060 τινος
1189 997 1512 1068 διελθόντος,
1571 1006 1713 1059 καὶὸ
1742 1007 1990 1075 διάκονος

386 1080 573 1143 Φεῖδος
613 1081 717 1150 τῆς
759 1083 974 1148 πόλεως
1033 1087 1234 1159 Δώρων
1284 1089 1429 1146 οὕτω
1479 1094 1846 1171 καλουμένης,
1892 1102 1991 1174 τὴν

388 1170 708 1242 ἐπισκοπὴν
738 1173 1130 1245 ἐγχειρίζεται.

465 1266 644 1319 PKI".
676 1266 820 1320 Ἀλλ’
850 1269 1088 1326 ἐνταῦθά
1126 1290 1197 1343 με
1222 1272 1320 1330 τοῦ
1362 1275 1527 1347 λόγου
1575 1281 1893 1353 γενόμενον,
1928 1285 1990 1338 τὸ

388 1357 519 1427 περὶ
550 1358 662 1412 τῶν
704 1358 1086 1433 ’Δποσχιστῶν
1117 1367 1297 1422 ἐκεῖνο
1330 1369 1643 1442 εἰσέρχεται
1670 1390 1683 1404 ·
1719 1374 1748 1428 δ
1778 1375 1843 1448 δὴ
1896 1379 1991 1431 καὶ

387 1450 524 1504 αὐτὸ
566 1450 728 1522 λόγου
790 1453 943 1520 ἄξιον
983 1454 1129 1514 εἶναί
1174 1477 1267 1530 μοι
1317 1461 1467 1517 δοκεῖ
1511 1465 1831 1535 προσθεῖναι
1877 1471 1991 1533 τοῖς

385 1544 707 1614 εἰρημένοις
745 1564 759 1579 ’
785 1547 864 1612 ὡς
898 1549 963 1604 ἂν
987 1551 1388 1625 ἐναργέστερον
1418 1555 1673 1612 ἐντεῦθεν
1706 1561 1739 1630 ἡ
1767 1562 1861 1613 ἐπὶ
1888 1562 1989 1632 τῆς

393 1637 675 1710 θαλάσσης
702 1642 979 1713 Εὐθυμίου
1024 1645 1120 1700 τοῦ
1154 1645 1302 1700 θείου
1346 1650 1657 1721 προφητεία
1688 1652 1985 1728 διαδειχθῇ.

396 1731 533 1801 Ἤδη
578 1732 679 1802 μὲν
718 1734 829 1806 γὰρ
856 1737 887 1790 ό
943 1738 1293 1809 πατριάρχης
1335 1740 1658 1814 Μαρτύριος
1702 1748 1768 1817 τῇ
1810 1762 1990 1818 παρα-

386 1820 527 1892 δόξῳ
571 1824 874 1891 πιστεύσας
919 1827 1160 1902 ὀπτασίᾳ
1202 1830 1300 1885 τοῦ
1338 1832 1551 1900 Φείδου,
1585 1836 1680 1890 καὶ
1727 1831 1808 1902 οἷς
1839 1839 1990 1910 αὑτῷ

385 1913 484 1968 ἐπὶ
519 1915 626 1970 ποῦ
665 1917 942 1987 πελάγους
969 1921 999 1973 ό
1035 1921 1217 1990 μέγας
1264 1923 1510 1995 προέιρη,
1564 1926 1667 1999 τῆς
1717 1930 1988 2001 περὶτῶν

387 2004 777 2078 Ἀποσχιστῶν
793 2009 1003 2065 τούτων
1016 2012 1483 2086 φροντίῶςξάνῆκε
1503 2019 1631 2081 τοὺς
1664 2018 1982 2091 λογισμούς.
2013 2019 2061 2079 Β

380 2100 598 2170 Χρόνος
654 2101 713 2156 δὲ
770 2103 833 2157 οὐ
887 2104 1058 2167 πολὺς
1089 2106 1151 2157 ὲν
1191 2104 1297 2178 τῷ-
1324 2108 1499 2179 μέσῳ,
1527 2110 1648 2167 ,καὶ
1679 2110 1872 2185 ὥσπερ
1923 2116 1990 2169 ὲκ

380 2193 536 2258 τινὸς
581 2195 867 2267 θειοτέρας
920 2196 1233 2270 ἐπισκοπῆς
1284 2201 1634 2272 Μαρκιανὸς,
1685 2197 1748 2259 οὗ
1804 2206 1988 2277 μικρῷ

385 2286 629 2357 πρόσθεν
684 2289 990 2361 ἐμνήσθην,
1029 2291 1279 2362 κινηθεὶς
1331 2292 1432 2365 τὴν
1467 2294 1668 2367 ψυχὴν,
1726 2299 1989 2367 συγκαλεῖ

382 2378 598 2443 πάντας
639 2381 841 2445 αὐτοὺς
875 2382 933 2437 ὲν
976 2382 1056 2454 τῷ
1089 2384 1183 2438 ὑπ’
1211 2385 1382 2440 αὐτοῦ
1433 2389 1692 2443 συστάντι
1726 2393 1858 2463 περὶ
1884 2390 1984 2463 τὴν

380 2471 551 2538 ἁγίαν
570 2471 821 2545 Βηθλεὲμ
845 2475 1102 2547 κοινοσίῳ
1123 2491 1137 2507 ⁸
1169 2477 1267 2531 καὶ
1288 2479 1452 2548 λόγου
1484 2479 1818 2552 ἀρξάμενος,
1838 2483 1987 2548 Ἕως

379 2565 542 2633 πότε,
586 2567 777 2637 φησὶν,
811 2566 1033 2637 ἀδελφοὶ
1073 2570 1169 2622 καὶ
1191 2570 1454 2643 Πατὲρες,
1488 2575 1569 2637 εἰς
1601 2573 1745 2646 μέρη
1775 2575 1837 2630 τὺ
1883 2577 1987 2649 τῆς

396 2657 718 2730 Εκκλησίας
779 2658 945 2730 σῶμα
1008 2658 1429 2734 φιλονεικοῦμεν
1492 2664 1776 2736 διατεμεῖν
1807 2683 1823 2701 ο
1888 2671 1986 2724 καὶ

374 2752 564 2806 ταῦτα
600 2753 740 2824 μηδὲ
771 2753 930 2824 δῆλον
981 2756 1139 2826 ἡμῖν,
1193 2756 1249 2811 τί
1278 2758 1342 2811 τὸ
1374 2757 1583 2814 τέλειον
1623 2760 1840 2834 θέλημα
1886 2765 1983 2818 τοῦ

373 2849 540 2912 Θεοῦ,
576 2849 714 2904 ἀλλὰ
744 2850 1030 2922 λογισμοῖς
1058 2851 1237 2917 οὕτως
1258 2852 1410 2917 ἰδίοις
1434 2854 1496 2908 τὸ
1546 2856 1783 2927 πρᾶγμα
1813 2873 1985 2911 κατα-

376 2940 763 3007 πιστεύοντες.
796 2942 1106 3016 Τοιγαροῦν
1137 2945 1405 2999 σκεπτέον
1438 2949 1597 3019 ἡμῖν,
1631 2949 1845 3020 μήποτε
1879 2950 1982 3022 τὴν

376 3033 600 3088 εὐθείαν
626 3036 864 3106 οἰόμενοι
893 3045 914 3067 ⁸
934 3035 1164 3099 ὁδεύειν,
1194 3038 1435 3103 ἀνοδίαις
1468 3040 1713 3113 συμϐαίη
1737 3060 1980 3115 περιπε-

378 3131 516 3182 σεῖν.
543 3129 831 3199 Aeriain
855 3132 967 3202 γὰρ
991 3131 1323 3201 ἀνθρώπων
1353 3133 1568 3200 δειλοὶ,
1597 3139 1666 3192 τὰ
1697 3140 1815 3212 ίερά
1846 3157 1980 3211 φασι

370 3224 554 3292 λόγια.
593 3224 706 3278 Καὶ
754 3224 802 3277 εί
858 3224 1028 3288 δοκεῖ,
1082 3224 1162 3294 τῷ
1204 3227 1551 3300 ἀποστολικῷ
1599 3230 1795 3302 ἐκείνῳ
1852 3234 1983 3287 ἁκο-

373 3315 722 3381 ).ουθοῦντες,
748 3316 844 3370 καὶ
887 3315 962 3380 ὡς
992 3316 1357 3387 ὑποδείγματι
1387 3321 1685 3392 χρώμενοι,
1722 3322 1979 3394 βάλωμεν

376 3410 620 3480 κλήρους
665 3409 759 3461 ἐπὶ
792 3406 1090 3480 προσώπου
1147 3406 1259 3464 τῶν
1302 3412 1620 3468 ἐπισκόπων
1650 3433 1708 3470 τε
1734 3417 1827 3471 καὶ
1867 3417 1977 3474 τῶν

378 3501 661 3573 μοναχῶν.
691 3500 795 3555 κᾶν
834 3500 937 3573 μὲν
989 3504 1018 3555 ό
1050 3502 1359 3574 κλῆροςὲπὶ
1381 3506 1507 3569 τοὺς
1527 3508 1792 3577 μοναχοὺς
1808 3507 1973 3575 ἔλθοι,

374 3594 639 3665 ἐμμένειν
665 3593 746 3647 δεῖ
769 3594 987 3658 πάντως
1013 3594 1098 3664 ἐφ’
1127 3590 1209 3658 οἷς
1257 3595 1358 3668 ἠδη
1393 3597 1487 3652 καὶ
1520 3597 1614 3651 νῦν
1647 3599 1883 3670 μένομέν
1913 3618 1972 3654 τε

374 3688 473 3741 καί
506 3686 811 3757 στέργομεν
835 3702 849 3716 ·
882 3686 932 3738 εἰ
976 3685 1034 3740 δὲ
1081 3688 1176 3740 ἐπὶ
1225 3688 1352 3753 τοὺς
1384 3690 1740 3757 ἐπισκόπους,
1788 3693 1973 3757 αὐτοῖς

380 3780 675 3832 κοινωνεῖν.
706 3777 927 3849 Ταύτην
985 3778 1391 3848 εἰσενεγκόντος
1431 3783 1530 3853 τὴν
1557 3783 1783 3856 γνώμην
1814 3787 1972 3857 Μαρ-

389 3871 593 3935 κιανοῦ,
620 3870 793 3935 οὐδεὶς
817 3867 886 3942 ἦν
907 3870 1013 3924 τῶν
1043 3872 1328 3951 παρόντων
1362 3874 1512 3938 ὅστις
1569 3876 1670 3928 οὐκ
1728 3876 1972 3930 ἐπαινῶν

386 3958 477 4033 ἦν.
513 3961 775 4032 Βληθέντα
804 3963 1096 4034 τοιγαροῦν
1121 3964 1210 4019 τὸν
1234 3964 1456 4035 κλῆρον,
1487 3965 1536 4018 οἱ
1566 3966 1665 4036 μὲν
1700 3968 1923 4038 μοναχοὶ
1943 3967 1971 4007 ιι

378 4053 570 4109 τοῦτον
592 4050 741 4125 εἶχον
767 4071 783 4089 ·
817 4056 1020 4119 πάντες
1046 4054 1102 4108 δὲ
1133 4056 1316 4119 αὐτοῖς
1350 4056 1511 4120 εὐθὺς
1535 4057 1874 4126 ἐκοινώνουν,
1895 4058 1970 4123 ὡς

373 4147 443 4198 ἐκ
471 4145 608 4200 Θεοῦ
638 4146 700 4200 τὺ
746 4149 980 4219 πρᾶγμα
1032 4146 1278 4213 γνωσθὲν
1310 4148 1657 4219 νομίσαντες*
1691 4150 1830 4223 πλὴν
1875 4153 1970 4205 Γεο

374 4241 591 4312 ροντίου
628 4241 791 4311 μόνου
831 4244 925 4296 καὶ
970 4242 1280 4312 Ῥωμανοῦ.
1320 4244 1417 4297 καὶ
1469 4246 1672 4312 πάντες
1711 4247 1970 4319 φέροντες

367 4332 604 4397 ἑαυτοὺς
631 4334 934 4404 παρέχουσι
984 4335 1050 4405 τῇ
1081 4333 1180 4402 τῆς
1228 4332 1559 4405 Ἐκκλησίας
1609 4337 1820 4404 ἑνώσει,
1870 4341 1969 4394 καὶ

364 4427 607 4498 γνησίαν
637 4426 806 4496 αὐτῆς
838 4438 860 4466 ι
898 4426 996 4480 καὶ
1044 4424 1338 4496 ἀκίϐδηλον
1389 4427 1484 4480 τοῦ
1520 4426 1710 4484 λοιποῦ
1748 4432 1968 4488 ποιοῦν-

361 4538 462 4574 ται
491 4519 592 4589 τὴν
612 4518 920 4573 κοινωνίαν.

444 4612 621 4665 PKA'.
661 4610 857 4676 Καλῶς
895 4612 954 4666 δὲ
984 4611 1180 4675 αὐτοὺς
1210 4612 1239 4665 ὁ
1288 4612 1637 4686 πατριάρχης
1668 4619 1763 4671 καὶ
1792 4619 1868 4684 ὡς
1899 4620 1966 4674 ἂν

361 4702 553 4765 εἴποις
584 4702 644 4754 οὐ
688 4703 848 4772 χερσὶ
897 4702 1061 4774 μόνον
1116 4702 1361 4768 ὑπτίαις,
1409 4705 1546 4759 ἀλλὰ
1598 4709 1694 4762 καὶ
1734 4711 1964 4783 καρδίας

1666 535 1848 597 νιΤΑ
1888 540 1949 600 S.
1988 540 2396 613 EUTHYMII.

599 620 725 675 τινὰ
745 622 916 726 .ιιῖι’ςινΔ
936 631 1297 726 μαρτυρικῶν
1350 633 1643 726 λειψάνων,
1707 645 1983 718 Ταράχου,
2014 648 2064 709 Α
2092 670 2162 726 qu

1991 4755 2046 4814 D

3581 571 3690 635 702

2172 659 2355 716 asciam
2379 674 2562 732 partes
2585 667 2931 735 reliquiarum
2955 684 3251 744 martyrum
3273 677 3507 736 Tarachi
3543 686 3685 757 (72),

2098 751 2282 817 Probi,
2311 765 2366 809 et
2389 757 2684 814 Andronici
2707 779 2722 827 ;
2747 764 2978 831 septimo
3000 770 3202 825 mensis
3222 773 3377 839 Maii,
3402 751 3687 847 anuoviain

2096 846 2416 903 duodecimo
2442 849 2553 922 (73)
2580 864 2704 921 post
2724 856 2999 927 Euthymii
3020 872 3269 918 mortem.
3299 865 3434 920 Cum
3462 846 3684 935 aliquod

2095 953 2277 996 autem
2318 954 2529 1013 tempus
2582 950 2914 1014 transiisset,
2961 953 3227 1011 diaconus
3268 975 3485 1030 quoque
3521 961 3690 1021 Fidus

2094 1032 2293 1104 accipit
2319 1036 2694 1110 episcOpatum
2724 1042 2962 1100 civitatis
2990 1060 3111 1116 quae
3140 1060 3363 1105 vocatur
3382 1053 3522 1109 Dora
3547 1054 3687 1127 (74).

2161 1303 2399 1362 CXXIII.
2444 1305 2550 1362 Sed
2593 1323 2679 1365 me
2722 1324 2847 1366 cum
2889 1312 2943 1367 in
2992 1314 3138 1370 hunc
3182 1316 3364 1372 locum
3413 1323 3682 1387 venerim,

2091 1397 2239 1452 subit
2306 1399 2615 1455 recordatio
2706 1404 2908 1472 negotii
2988 1406 3479 1477 Aposchistarum;
3544 1418 3687 1482 quod

2089 1490 2268 1559 ipsum
2305 1492 2467 1545 etiam
2508 1503 2567 1547 ut
2605 1495 2953 1551 memorabile
2977 1498 3108 1552 mihi
3142 1500 3360 1556 videtur
3380 1519 3504 1557 esse
3526 1504 3688 1561 dictis

2090 1583 2493 1653 adjungendum
2519 1602 2536 1651 ;
2564 1595 2624 1639 ut
2653 1586 2958 1642 evidentius
2988 1588 3120 1643 hinc
3160 1594 3484 1647 ostendatur
3514 1596 3686 1651 divini

2089 1674 2364 1748 Euthymii
2393 1679 2675 1747 prophetia
2701 1679 2792 1734 illa
2818 1681 2871 1736 in
2896 1682 3059 1737 mari.
3085 1683 3296 1740 Etenim
3318 1687 3429 1757 jam
3450 1689 3686 1753 patriar-

2089 1770 2189 1825 cha
2222 1771 2543 1841 Martyrius,
2577 1772 2735 1829 tidem
2771 1778 3017 1832 tribuens
3060 1778 3394 1835 admiranda:
3434 1781 3552 1836 Fidi
3596 1783 3684 1835 vi-

2088 1862 2254 1928 sioni,
2288 1873 2342 1917 et
2374 1864 2441 1921 iis
2470 1881 2591 1936 quae
2620 1867 2671 1921 ei
2706 1868 2758 1922 in
2784 1871 2920 1925 mari
2954 1871 3206 1941 prtedixit
3232 1888 3481 1942 magnus,
3508 1876 3573 1929 de
3600 1875 3685 1930 his

2089 1955 2434 2025 Aposchistis
2468 1960 2757 2015 remiserat
2791 1976 2981 2017 curam
3012 1974 3069 2019 et
3105 1966 3517 2034 cogitationem.
3567 1968 3685 2022 Non

2092 2048 2325 2101 multum
2359 2060 2540 2104 autem
2577 2053 2837 2121 temporis
2871 2055 3206 2123 intercessit,
3239 2065 3294 2112 et
3330 2058 3475 2113 velut
3502 2074 3569 2114 ex
3601 2062 3686 2114 di~

2091 2140 2299 2196 viniore
2324 2142 2559 2214 quadam
2591 2145 2926 2211 visitatione,
2953 2146 3285 2215 Marcianus,
3315 2151 3471 2219 cujus
3522 2152 3686 2223 paulo

2090 2242 2219 2286 ante
2258 2234 2502 2302 memini,
2544 2236 2727 2291 anima
2772 2249 3103 2307 commotus,
3139 2256 3328 2298 omnes
3360 2244 3509 2314 ipsos
3552 2260 3685 2300 con-

2087 2333 2251 2379 vocat
2294 2325 2347 2379 in
2392 2327 2650 2383 coenobio
2702 2332 2847 2399 quod
2899 2343 3289 2391 construxerat
3328 2336 3396 2391 ad
3437 2347 3681 2392 sanctam

2088 2416 2402 2484 Bethleem,
2449 2428 2508 2474 et
2557 2420 2707 2491 loqui
2752 2410 3063 2495 incipiens:
3115 2425 3435 2496 Quousque,
3483 2428 3684 2499 inquit,

2089 2509 2289 2566 fratres
2329 2522 2383 2567 et
2428 2511 2646 2581 Patres,
2678 2517 3059 2573 contendimus
3084 2533 3286 2589 corpus
3315 2519 3574 2577 Ecclesiae
3606 2524 3687 2578 di-

2088 2603 2272 2659 videre
2306 2602 2359 2658 iu
2385 2613 2569 2673 partes
2588 2647 2604 2673 ,
2643 2606 2807 2677 idque
2836 2622 2959 2663 cum
2992 2625 3091 2665 nec
3118 2610 3275 2668 nobis
3305 2613 3523 2682 quidem
3555 2630 3687 2669 cou-

2086 2705 2217 2761 stet,
2263 2712 2386 2767 quae
2429 2698 2502 2752 sit
2552 2702 2769 2754 tandem
2821 2700 3074 2758 voluntas
3121 2703 3242 2769 Dei,
3290 2706 3388 2759 sed
3440 2721 3554 2760 rem
3603 2707 3688 2762 sic

2085 2790 2322 2857 propriis
2361 2791 2651 2846 credamus
2702 2792 3156 2862 cogitationibus?
3202 2794 3298 2850 Est
3345 2812 3478 2868 ergo
3528 2800 3686 2853 nobis

2085 2879 2567 2950 considerandum,
2617 2898 2685 2938 ne
2733 2882 2874 2938 forte
2925 2883 3052 2939 dum
3097 2886 3479 2942 existimamus
3537 2903 3683 2944 recta

2085 2971 2169 3024 via
2207 2971 2441 3041 ingredi,
2478 2973 2532 3027 in
2568 2975 2691 3028 avia
2722 2975 3002 3046 contingat
3028 2976 3289 3032 incidere.
3325 2976 3683 3047 Cogitationes

2083 3059 2220 3112 enim
2251 3061 2525 3115 hominum
2552 3063 2776 3127 timida,
2809 3078 2968 3121 sacra
2997 3066 3150 3121 aiunt
3176 3066 3405 3138 Eloquia
3436 3070 3502 3124 ³⁵.
3540 3070 3606 3124 Et
3632 3073 3679 3125 si

2084 3148 2282 3217 placet,
2314 3151 2442 3207 illud
2474 3154 2831 3222 apostolicum
2863 3168 3180 3227 sequentes,
3212 3160 3467 3230 velutque
3495 3178 3684 3217 exem-

2084 3243 2229 3314 plum
2263 3247 2698 3315 assumentes",
2745 3247 3017 3318 iaciamus
3069 3262 3251 3308 sortes
3300 3256 3402 3321 sub
3445 3271 3683 3325 persona

2083 3339 2465 3409 episcoporum
2514 3351 2569 3395 et
2603 3343 3042 3399 monachorum:
3088 3355 3143 3400 et
3193 3345 3238 3400 si
3290 3362 3410 3403 sors
3457 3350 3680 3418 quidem

2085 3431 2294 3485 venerit
2325 3431 2392 3486 ad
2444 3434 2768 3502 monachos,
2800 3445 3019 3504 oportet
3057 3437 3285 3493 omnino
3325 3454 3686 3508 perseverare

2085 3522 2141 3577 in
2182 3523 2250 3580 iis
2288 3524 2485 3593 quibus
2518 3527 2801 3597 hucusque
2828 3543 3110 3583 manemus
3142 3539 3198 3585 et
3229 3534 3633 3602 acquiescimus
3662 3552 3679 3590 :

2083 3619 2166 3672 sin
2213 3627 2397 3673 autem
2439 3620 2507 3675 ad
2556 3621 2864 3690 episcopos,
2910 3637 3032 3677 cum
3074 3622 3207 3691 ipsis
3246 3627 3679 3682 communicare.

2084 3707 2233 3763 lianc
2250 3710 2337 3764 ubi
2359 3713 2682 3764 sententiam
2708 3710 2980 3765 intulisset
3004 3710 3312 3769 Marcianus
3339 3714 3473 3784 (75),
3500 3717 3681 3774 nullos

2080 3810 2198 3856 erat
2222 3814 2291 3853 ex
2315 3799 2643 3864 astantibus,
2678 3799 2769 3870 qui
2803 3815 2913 3854 non
2953 3800 3222 3859 laudaret.
3254 3802 3461 3859 Jactam
3496 3808 3679 3876 itaque

2080 3905 2305 3959 sortem,
2336 3892 2643 3947 habuerunt
2669 3892 2939 3962 episcopi;
2983 3892 3050 3947 iis
3103 3908 3231 3948 vero
3266 3897 3452 3952 statim
3488 3913 3680 3953 etunes

2080 3985 2575 4050 communicarunt,
2607 4000 2721 4038 rem
2751 3993 3010 4053 tauquam
3066 4000 3095 4039 a
3130 3986 3242 4042 Deo
3272 3987 3549 4043 decretam
3584 4005 3676 4042 ar-

2080 4078 2304 4144 bitrati;
2363 4086 2561 4147 praeter
2609 4074 2936 4131 Gerontium
2992 4075 3167 4132 solum
3232 4088 3287 4133 et
3347 4078 3673 4134 Romanum.

2078 4170 2257 4241 Atque
2314 4183 2506 4226 omnes
2559 4168 2833 4223 adducunt
2885 4182 2944 4222 se
3003 4183 3066 4223 ac
3122 4170 3366 4238 praebent
3422 4170 3678 4225 Ecclesiae

2080 4263 2289 4328 unioui,
2314 4270 2369 4315 et
2393 4275 2707 4333 germanam
2730 4261 3115 4333 sinceramque
3140 4262 3206 4317 de
3237 4272 3436 4321 caetero
3467 4263 3675 4318 iaciunt

2079 4372 2201 4413 cum
2233 4370 2295 4411 ea
2325 4354 2787 4410 communionem.

2147 4621 2381 4679 CXXIV.
2407 4620 2722 4675 Patriarcha
2751 4634 2880 4675 vero
2912 4621 3136 4690 pulchre
3168 4619 3310 4684 illos,
3334 4628 3410 4687 et,
3439 4628 3496 4673 ut
3524 4620 3671 4677 dixe-

2080 4715 2175 4780 ris,
2206 4730 2314 4768 non
2346 4713 2520 4767 solum
2559 4711 2769 4781 supinis
2802 4712 3074 4776 manibus,
3103 4710 3198 4765 sed
3231 4722 3285 4766 et
3324 4711 3509 4765 cordis
3536 4712 3682 4766 δῖοί--

365 4793 600 4857 κόλποις
652 4791 970 4865 δεξάμενος,
1028 4794 1293 4868 λαμπρὰν
1343 4793 1467 4867 ἄγει
1519 4799 1613 4853 καὶ⁵
1675 4802 1963 4875 πάνδημον

2086 4810 2176 4864 bus
2200 4806 2501 4878 excipiens,
2537 4804 2879 4874 splendidum
2921 4804 3031 4876 agit
3059 4814 3113 4859 et
3136 4803 3414 4875 publicum
3445 4801 3670 4885 festum.

443 4956 640 5029 “Sap.
682 4973 759 5028 ιι,
808 4958 897 5015 14.
972 4958 1017 4993 ⁸⁷
1042 4959 1162 5014 Act.
1196 4958 1350 5025 1,26.

1669 5084 1906 5140 VARle
1953 5085 2357 5144 LECTIONES.

440 5206 466 5234 ι
500 5193 573 5249 al.
612 5193 905 5265 οἰομένοις.
984 5192 1013 5232 δ
1049 5191 1121 5247 al.
1154 5191 1466 5249 ἐπίσκοποι.

1550 5208 1571 5236 ε
1611 5198 1680 5251 al.
1708 5200 1900 5264 αὐτοῖς
1930 5210 1987 5256 et
2017 5202 2257 5263 ἑαυτοῖς.

1555 5311 1747 5368 JOAN.
1791 5313 2141 5372 BOLLANDI
2180 5313 2411 5372 NOTAE.

443 5428 558 5499 (72)
592 5428 901 5499 Ροεείίευιιι
929 5426 1423 5499 subibiocletiano
1449 5427 1606 5483 Tarsi
1650 5430 1702 5485 in
1751 5429 1967 5487 Cilicia.

361 5501 446 5556 De
475 5497 558 5555 eis
586 5504 697 5568 agit
722 5498 1002 5568 Martyrol.
1040 5498 1273 5554 Roman.
1300 5498 1360 5553 11
1393 5497 1589 5555 Octob.

590 5572 700 5651 ρει.
724 5569 981 5651 0112⁸481.
1020 5640 1059 5651 _
1198 5639 1214 5651 Δ
1253 5640 1264 5651 _
1424 5648 1433 5651 Δ
1582 5640 1593 5651 .
1638 5640 1648 5651 ·

440 5639 556 5713 (Ἠ)
590 5641 794 5713 Dorou,
816 5640 980 5704 Dura,
1020 5639 1354 5713 Dor,_Ador,
1385 5648 1515 5705 etc.,
1546 5640 1743 5696 civitas
1796 5644 1967 5697 mari-

2071 5432 2272 5487 horreo
2315 5431 2651 5486 frumentum
2699 5441 2765 5480 ex
2816 5425 2976 5480 unico
3018 5439 3189 5491 grano
3243 5424 3502 5479 divinitus
3555 5439 3660 5479 una

2070 5512 2230 5558 nocte
2280 5501 2566 5556 admodum
2609 5497 2943 5560 duplicatum
2996 5494 3187 5560 fuisse,
3233 5495 3436 5549 dictum
3480 5504 3565 5548 est
3611 5496 3663 5549 in

2065 5571 2190 5627 Vita
2228 5568 2631 5632 S.’l‘heodo.:.ii,
2668 5568 2729 5621 11
2777 5564 3023 5619 Januarii
3075 5581 3226 5620 num.
3273 5565 3336 5619 61
3384 5566 3560 5620 (162.
3604 5564 3662 5619 lu

2071 5640 2194 5697 Vita
2237 5648 2295 5697 5.
2335 5642 2491 5697 Sabm
2536 5640 2739 5693 dicitur
2789 5646 3015 5692 sanctus
3061 5636 3229 5690 abbas
3280 5647 3334 5690 et
3378 5638 3461 5688 vir
3508 5637 3664 5701 longe

366 5705 872 5776 lima,'undecinm,
907 5719 1023 5774 aut,
1049 5719 1107 5763 ut
1132 5711 1218 5764 alii
1262 5710 1472 5774 volunt,
1507 5725 1649 5781 nono
1704 5713 1965 5769 milliario
2067 5715 2305 5780 optimus
2334 5730 2348 5777 ;
2385 5713 2477 5781 qui
2511 5711 2718 5781 visione
2752 5707 2957 5781 cmlesti
2994 5705 3471 5781 ntonittts__l'uerat,
3515 5716 3571 5759 ut
3598 5708 3636 5781 β
3746 5719 3751 5725 ‘

365 5802 394 5834 a
459 5785 713 5838 thsarca
770 5782 1089 5841 Paiamtinm,
1145 5782 1494 5848 pergentibus
1544 5779 1957 5840 l‘tulemaidem.

366 5853 656 5925 Legendus
684 5851 1064 5925 Adtichomius
1099 5852 1155 5925 iu
1184 5852 1325 5906 tribu
1358 5849 1635 5906 .‘ilauasscs
1671 5854 1806 5909 citra
1834 5852 1960 5910 Jor-

367 5922 564 5978 tlanem
591 5937 713 5989 cap.
738 5922 831 5979 26.

440 5994 553 6062 (ἷὸ)
598 5993 854 6050 Summus
889 5993 965 6049 \ir
990 6000 1174 6064 postea
1218 5992 1524 6049 Marcianus
1558 5991 1675 6061 fuit,
1705 5994 1758 6050 in
1797 5995 1952 6068 cujus

2074 5776 2233 5838 Saliae
2272 5776 2341 5839 de
2384 5776 2712 5835 necessariis
2768 5778 3096 5848 provideret.
3144 5776 3290 5831 Obiit
3337 5777 3663 5848 universalis

2071 5852 2514 5908 Archimandrita
2553 5847 2795 5904 omnium
2845 5849 3303 5901 tuonastcrim'unt
3353 5865 3379 5899 a
3423 5847 3662 5902 Sdustin

2064 5923 2384 5979 'Patriarclta
2431 5920 2783 5987 constitutus,
2838 5920 2925 5975 cui
2974 5918 3187 5976 sum-c'i
3239 5916 3338 5974 SS.
3394 5915 3566 5974 Sabas
3605 5927 3657 5971 ct

2068 5994 2427 6052 Theodosius.
