4144 6420
467 498 576 567 703

1723 494 2012 556 MENSIS
2052 493 2384 556 JANUAR]
2402 494 2517 554 US.

3646 495 3759 561 70E

468 614 738 671 Prmclare
780 612 924 669 enim
954 609 1246 665 admodum
1297 608 1505 663 civitati
1544 616 1794 663 exortum
1836 615 1921 662 est
1962 606 2057 660 bo-
2090 653 2094 662 λ

2194 606 2381 677 ορτήν.
2422 578 2696 659 Ἀνέτειλε
2731 604 2843 676 γὰρ
2864 608 2930 676 τῇ
2971 607 3127 662 πόλει
3151 607 3213 663 τὸ
3251 608 3354 680 τῆς
3386 609 3619 681 εἰρήνης
3651 629 3758 666 κα-

470 724 601 764 num
646 706 831 777 pacis;
868 714 923 759 et
954 703 1149 758 lanata)
1184 710 1310 757 sunt
1346 702 1541 771 plateae
1568 701 1893 761 Jerusalem,
1924 697 2065 752 Deo-

471 817 579 872 que
605 816 704 870 per
739 798 920 853 omnia
959 797 1131 868 gloria
1176 794 1532 851 offerebatur.
1578 796 1646 849 At
1690 793 1985 849 Gerontius
2015 799 2070 847 et

473 893 785 957 Romanus,
815 890 907 945 ille
937 889 1155 958 quidem
1192 895 1482 958 postquam
1507 886 1869 956 quadraginta
1903 883 2068 955 quiu-

474 998 580 1055 que
625 997 802 1037 annos
839 983 1153 1051 praefuisset
1195 982 1368 1035 beata:
1412 979 1654 1034 Melaniae
1695 977 2066 1043 monasteriis,

472 1078 566 1132 hic
591 1092 720 1131 vero
746 1077 799 1129 in
826 1075 1174 1131 Tliecoorum
1200 1077 1346 1139 vico,
1374 1083 1432 1128 ut
1460 1074 1575 1144 jam
1612 1087 1776 1142 supra
1808 1071 2069 1136 diximus,

473 1170 870 1226 monasterium
916 1171 1349 1234 construxisset,
1385 1168 1583 1222 deinde
1621 1182 1689 1221 ex
1731 1164 1863 1234 ipsis
1904 1165 2070 1220 etiam

478 1265 712 1331 turpiter
766 1270 993 1332 propter
1058 1263 1370 1331 dogmatum
1436 1258 1769 1327 impietatem
1836 1256 2068 1327 expulsi,

479 1357 608 1410 mali
637 1354 777 1410 male
807 1355 913 1409 huc
934 1364 989 1409 et
1014 1353 1142 1409 illuc
1170 1355 1491 1408 oberrantes
1516 1351 1792 1406 obierunt.
1828 1348 1932 1405 Sed
1957 1350 2073 1407 hinc

477 1448 700 1519 quidem
728 1446 875 1503 facta
907 1456 1035 1503 sunt.
1067 1448 1401 1517 temporibus
1425 1444 1680 1504 Zenonis.

549 1704 764 1761 CXXV.
782 1704 1153 1776 Sequentibus
1165 1720 1296 1762 vero
1308 1706 1614 1773 annis,eum
1629 1705 1947 1762 Anastasius
1960 1703 2050 1777 (76
2056 1719 2075 1777 )

480 1812 606 1870 post
632 1801 808 1869 ipsum
840 1801 1144 1871 accepisset
1167 1800 1474 1869 imperium,
1496 1800 1721 1855 Barbari
1748 1797 1861 1872 (77)
1897 1799 2076 1854 incur-

482 1892 641 1947 sione
661 1892 823 1959 facta,
856 1905 911 1949 et
942 1908 1137 1963 magna
1160 1893 1476 1949 solitudinis
1499 1901 1653 1962 parte
1671 1892 1994 1963 depopulata
2024 1899 2076 1947 et

486 1993 719 2051 vastata,
737 1994 1049 2041 everterunt
1069 1987 1182 2055 ipsa
1198 2000 1415 2055 quoque
1429 1985 1805 2055 Agarenorum
1824 1985 2078 2038 taberna-
2111 1963 2153 2020 Β

483 2078 630 2143 cula,
661 2094 782 2149 quae
802 2094 908 2134 non
940 2080 1015 2135 ita
1045 2079 1256 2149 pridem
1286 2081 1367 2135 eis
1395 2094 1626 2147 magnus
1654 2078 1851 2134 ﬁxerat
1876 2079 2080 2150 Euthy-

489 2174 651 2229 mius.
687 2173 895 2230 Deinde
939 2175 1132 2229 horum
1178 2174 1509 2243 insigniores
1542 2173 1649 2228 alia
1693 2173 1797 2229 sibi
1841 2173 2085 2229 excitant

487 2268 639 2323 circa
700 2268 1097 2324 monasterium
1150 2264 1393 2337 Martyrii
1440 2265 1716 2331 monachi,
1765 2275 1821 2321 et
1881 2265 2079 2334 templa

490 2361 733 2429 erigunt.
763 2361 833 2415 At
867 2358 1121 2425 Barbari,
1159 2358 1399 2414 secunda
1429 2358 1482 2413 in
1519 2372 1614 2414 eos
1644 2359 1839 2413 iterum
1872 2359 1954 2415 usi
1988 2374 2085 2413 ex-

489 2453 767 2523 peditione
788 2494 803 2520 ,
832 2452 972 2508 alios
1002 2453 1220 2521 quidem
1265 2452 1605 2518 interimunt,
1642 2450 1777 2507 alios
1818 2466 1950 2506 vero
1984 2452 2083 2506 ab-

490 2552 699 2601 ducunt
725 2547 994 2616 captivos,
1031 2545 1245 2613 aliquos
1273 2553 1452 2598 autem
1485 2544 1539 2599 in
1570 2544 1674 2599 alia
1708 2544 1905 2614 Oppida
1937 2560 2086 2600 com-

491 2637 718 2706 pellunt,
751 2651 945 2707 nempe
973 2651 1068 2690 eos
1097 2636 1186 2705 qui
1217 2651 1285 2691 ex
1322 2636 1605 2706 inepinato
1635 2639 1948 2707 superiores
1984 2640 2088 2693 huc

491 2731 739 2799 periculo
771 2743 1018 2792 evasere,
1055 2746 1177 2784 cum
1215 2744 1411 2800 magna
1461 2737 1517 2783 et
1563 2730 1855 2785 admodum
1906 2731 2088 2801 gravis

494 2824 605 2881 illic
631 2823 824 2879 fuisset
845 2823 961 2878 haec
989 2820 1355 2878 Barbarorum
1392 2821 1657 2879 incursio.

564 3011 802 3070 CXXVI.
848 3011 1117 3069 Caeterum
1150 3010 1344 3067 beatus
1372 3009 1540 3079 Elias,
1574 3012 1667 3081 qui
1697 3020 1844 3068 recte
1878 3011 2088 3084 Euthy-

495 3105 591 3161 mii
622 3106 814 3160 ovibus
841 3110 1096 3174 praeerat,
1132 3112 1422 3173 postquam
1458 3102 1588 3157 totis
1620 3102 1840 3173 triginta
1879 3114 1935 3159 et
1967 3113 2091 3158 octo

497 3196 654 3252 anuis
691 3196 954 3252 tenuisset
991 3195 1309 3250 monasterii
1362 3193 1764 3263 praefecturam,
1811 3193 2091 3263 multaque

495 3287 756 3358 praclara
798 3298 853 3343 et
898 3287 1114 3357 egregia
1163 3287 1218 3341 in
1272 3300 1333 3340 ea
1382 3284 1604 3341 fecisset
1654 3299 1844 3354 opera,
1877 3294 1931 3339 et
1970 3300 2089 3339 ma-
2118 3316 2164 3374 α

500 3396 666 3451 gnum
697 3380 778 3435 sui
819 3395 1062 3435 amorem
1108 3378 1423 3448 reliquisset
1452 3376 1716 3433 fratribus
1738 3377 1970 3444 cunctis,
1999 3378 2091 3447 qui

502 3476 555 3527 in
589 3474 669 3529 eis
690 3475 833 3543 viget
858 3488 1033 3543 usque
1060 3472 1113 3527 in
1163 3470 1485 3525 hodiernum
1533 3470 1700 3535 diem,
1737 3471 1852 3540 ipse
1882 3483 2097 3539 quoque

504 3565 643 3623 felici
672 3568 737 3621 ad
760 3568 1045 3622 Dominum
1065 3564 1280 3620 excedit
1297 3563 1636 3634 profectione
1656 3563 1794 3634 (78).
1817 3560 1953 3617 Cum
1974 3561 2097 3631 qui-

500 3664 625 3718 dam
652 3669 832 3716 autem
860 3660 1099 3731 Symeon
1130 3657 1454 3728 Apamensis
1471 3664 1593 3728 post
1612 3656 1762 3711 illum
1790 3655 2098 3724 accepisset

503 3756 955 3825 gubernationem
1003 3752 1139 3827 (79),
1186 3761 1408 3822 tresque
1459 3759 1666 3804 tantum
1709 3750 1764 3804 in
1811 3763 1876 3805 ea
1924 3762 2099 3803 annos

504 3849 753 3913 vixisset,
772 3846 1084 3915 Stephanus
1099 3845 1278 3900 Arabs
1294 3857 1515 3914 genere,
1534 3857 1821 3898 successor
1835 3840 1955 3907 ejus
1967 3855 2100 3896 cono

506 3942 783 4005 stituitur;
837 3940 929 4009 qui
969 3947 1183 3993 mortuo
1244 3936 1416 3992 fratre
1477 3934 1765 4005 Proc0pio,
1811 3943 2101 3991 sexcentos

506 4048 702 4091 aureos
735 4049 805 4089 ex
832 4033 992 4089 bonis
1018 4032 1264 4103 paternis
1299 4031 1488 4088 tribuit
1520 4028 1880 4087 monasterio.

579 4299 840 4359 CXXVII.
892 4299 1008 4355 Sub
1060 4297 1252 4354 eadem
1307 4297 1472 4379 etiam
1528 4306 1774 4368 tempora
1834 4297 2104 4356 Caesarius

511 4397 732 4465 quidam
762 4391 1156 4455 An‘tiochenus,
1181 4390 1272 4461 qui
1316 4391 1369 4445 in
1408 4390 1659 4447 civilibus
1696 4392 2105 4461 magistratibus

511 4503 655 4559 saepe
680 4487 880 4543 bonam
915 4493 1034 4541 erat
1059 4492 1342 4539 assecutus
1371 4483 1860 4552 existimationem,
1884 4500 2009 4541 eum
2036 4486 2103 4540 ad

513 4589 757 4637 sanctam
787 4579 1030 4634 venisset
1080 4577 1381 4643 civitatem,
1421 4586 1478 4633 et
1515 4577 1651 4634 satis
1691 4578 1913 4651 longqu
1958 4584 2107 4636 esset

515 4682 729 4743 tempus
771 4671 880 4728 illic
924 4680 1195 4736 moratus,
1227 4669 1421 4725 incidit
1462 4670 1514 4724 in
1564 4672 1815 4742 corporis
1854 4672 2101 4727 morbum
2139 4666 2181 4722 D

515 4766 918 4839 gravissimum.
946 4765 1213 4833 Quoniam
1242 4778 1371 4818 vero
1397 4763 1585 4819 deerat
1611 4779 1805 4819 manus
1836 4764 2101 4832 curatrix,

514 4869 570 4914 ct
597 4875 815 4915 omnem
845 4858 1067 4914 morbus
1089 4856 1381 4928 superabat
1404 4855 1749 4911 tolerantiam
1779 4858 2106 4913 amicorum-

515 4966 622 5021 que
649 4950 1103 5016 consolationem,
1139 4963 1248 5003 uon
1291 4948 1498 5002 habens
1531 4947 1623 5001 ille
1666 4945 1923 5014 quidnam
1956 4948 2109 5002 dein-

514 5058 647 5114 ceps
675 5043 774 5097 sibi
803 5041 1109 5107 adhiberet,
1135 5039 1381 5111 confugit
1418 5039 1485 5093 ad
1517 5037 1829 5107 sepulcrum
1866 5039 2110 5093 admira-

516 5137 641 5193 bilis
665 5136 945 5209 Euthymii
972 5154 986 5191 :
1018 5146 1074 5191 et
1107 5134 1252 5205 quod
1279 5133 1429 5189 illinc
1460 5141 1582 5188 erat
1606 5131 1809 5200 oleum,
1836 5131 1896 5186 fit
1928 5134 2108 5187 statim

2170 695 2260 748 λὸν
2318 696 2525 767 σφόδρα
2556 695 2771 760 καλῶς·
2828 700 2925 752 καὶ
2984 701 3040 752 αἱ
3077 697 3331 755 πλατεῖαι
3401 700 3763 775 Ἰερουσαλὴμ

2171 787 2591 858 ηύφράνθησαν,
2632 788 2728 842 καὶ
2749 786 2885 854 Θεὸς
2909 784 2977 861 ἦν
3014 789 3105 844 διὰ
3130 791 3350 847 πάντων
3373 792 3765 866 δοξολογούμεο

2171 896 2282 943 νος.
2352 879 2640 949 Γερόντιος
2701 881 2888 951 μέντοι
2935 883 3029 936 καὶ
3069 883 3378 954 Ῥωμανδς,
3423 888 3452 940 6
3484 886 3585 958 μὲν
3618 888 3769 958 πέμ-

2173 989 2308 1025 πτον
2342 972 2436 1025 ἐπὶ
2457 975 2568 1036 τοῖς
2596 974 3012 1045 τεσσαράκοντα
3039 975 3182 1042 ἔτος,
3213 977 3323 1033 τῶν
3354 978 3458 1050 τῆς
3483 981 3769 1051 μακαρίας

2172 1066 2428 1139 Μελάνης
2486 1069 2869 1139 μοναστηρίων
2922 1072 3381 1143 ἀφηγησάμενος,
3415 1077 3444 1129 6
3493 1075 3551 1130 δὲ
3584 1078 3644 1131 ἐν
3698 1080 3769 1147 τῇ

2173 1159 2430 1226 Θεκώων,
2454 1162 2530 1226 ώς
2553 1160 2665 1214 ἄνω
2690 1162 2785 1216 τοῦ
2808 1163 2970 1233 λόγου
2996 1165 3309 1235 φθάσαντες
3342 1168 3557 1239 ἔφημεν
3577 1167 3628 1237 ἀ,
3668 1187 3772 1241 μο-

2175 1256 2472 1328 ναστὴριον
2504 1259 2955 1332 συστησάμενος’
3011 1256 3130 1314 εἷτα
3189 1262 3287 1316 καὶ
3334 1262 3519 1317 αὐτῶν
3560 1264 3774 1318 ἀπελαο

2177 1350 2368 1414 θέντες
2402 1352 2669 1423 αἰσχρῶς,
2713 1353 2803 1409 διὰ
2832 1353 2933 1425 τὴν
2963 1354 3073 1409 τῶν
3117 1355 3459 1426 δεδογμένων
3488 1357 3773 1420 άσέσειαν.

2176 1444 2342 1499 κακοὶ
2385 1444 2575 1509 κακῶς
2625 1446 2753 1517 τῇδε
2809 1446 3038 1500 κάκεῖσε
3094 1448 3409 1519 περιιόντες
3461 1448 3775 1520 ἀπῴχοντο.

2191 1533 2355 1588 Ἀλλὰ
2374 1536 2550 1590 ταῦτα
2586 1536 2686 1608 μὲν
2716 1536 2814 1591 ἐπὶ
2842 1536 2954 1592 τῶν
2988 1537 3085 1592 τοῦ
3123 1539 3373 1611 Ζήνωνος
3405 1540 3614 1613 καιρῶν
3645 1542 3775 1611 ἐγε-

2178 1626 2351 1695 γόνει.

2250 1719 2426 1774 PKE'.
2481 1720 2607 1783 Τοῖς
2638 1720 2684 1774 δ’
2741 1720 2868 1791 ἑξῆς
2911 1723 3205 1788 ἐνιαυτοῖς,
3250 1722 3607 1782 Ἀναστασίου
3653 1729 3782 1799 μετ⁹

2182 1813 2346 1866 αὑτὸν
2379 1812 2479 1883 τὴν
2515 1813 2798 1881 βασιλείαν
2830 1816 3266 1886 παραλαϐόντος,
3299 1818 3697 1891 ἐπιδραμόντες
3726 1821 3783 1875 οῖ

2182 1904 2480 1975 Βάρὸαροι,
2530 1906 2626 1959 καὶ
2656 1906 2860 1978 πολλὴν
2886 1908 2989 1978 τῆς
3022 1909 3237 1981 ἐρήμου
3272 1909 3561 1981 κείραντες
3594 1928 3654 1965 τε
3684 1912 3786 1966 καὶ

2181 1999 2589 2070 λωϐησάμενοι,
2638 2001 3087 2072 κατεστρέψαντο
3137 2003 3236 2057 καὶ
3292 2003 3466 2068 αὐτὰς
3522 2004 3622 2068 τὰς
3670 2004 3785 2060 τῶν

2197 2092 2518 2164 Ἀγαρηνῶν
2566 2092 2798 2163 σκηνάς,
2854 2093 2921 2156 ἃς
2977 2096 3007 2149 6
3060 2095 3236 2166 μέγας
3286 2097 3470 2162 αὐτοῖς
3511 2099 3788 2169 Εὐθύμιος

2187 2184 2381 2257 πρώην
2422 2184 2738 2256 πηξάμενος
2769 2181 2863 2257 ἦν.
2902 2187 3137 2244 Ἔπειτα
3181 2192 3232 2244 οῖ
3278 2191 3379 2260 μὲν
3421 2191 3628 2246 τούτων
3659 2192 3783 2247 ἐπι-

2187 2279 2536 2349 φανέστεροι,
2577 2278 2778 2351 ἐτέρας
2826 2282 3044 2346 ἑαυτοῖς
3084 2283 3349 2339 άνιστῶσι
3394 2284 3529 2358 περὶ
3564 2288 3632 2358 τῇ
3686 2285 3786 2340 τοῦ

2191 2369 2430 2441 μοναχοῦ
2469 2372 2793 2444 Μαρτυρίου
2832 2377 2994 2445 μονῇ,
3031 2376 3129 2430 καὶ
3175 2377 3338 2441 ναοὺς
3378 2378 3787 2451 ἀνεγείρουσιν.

2188 2462 2251 2515 Oi
2281 2462 2339 2515 δὲ
2377 2460 2659 2536 Βάρϐαροι
2692 2464 2923 2538 δευτέρᾳ
2967 2467 3060 2521 καὶ
3097 2467 3257 2531 αὖθις
3286 2469 3464 2540 ἐφόδῳ
3495 2471 3792 2542 χρησάμε-

2188 2569 2291 2620 νοι,
2319 2555 2448 2619 τοὺς
2480 2554 2582 2625 μὲν
2609 2557 2924 2628 ἀναιροῦσι,
2974 2559 3102 2623 τοὺς
3126 2559 3184 2614 δέ
3210 2562 3550 2630 κατάγουσιν
3578 2566 3793 2634 αἰχμα-

2188 2640 2416 2710 λώτους,
2437 2645 2567 2710 τοὺς
2594 2646 2652 2699 δὲ
2682 2648 2780 2703 καὶ
2804 2649 2886 2713 εἰς
2915 2648 3113 2719 ἐτέρας
3153 2650 3542 2705 συνελαύνουσι
3565 2652 3793 2723 κώμας,

2191 2738 2307 2793 ὅσοι
2348 2737 2665 2810 κρείττονες
2696 2740 2762 2795 ἐκ
2792 2741 3124 2815 παραδόξου,
3173 2742 3271 2797 τοῦ
3308 2744 3559 2799 κινδύνου
3595 2745 3795 2800 τούτου

2199 2829 2569 2902 κατέστησαν,
2604 2832 2851 2903 μεγάλης
2893 2834 3104 2906 σφόδρα
3135 2837 3228 2889 καὶ
3266 2836 3515 2907 χαλεπῆς
3550 2837 3649 2907 τῆς
3689 2855 3799 2893 κα·-

2190 2921 2469 2994 ταδρομῆς
2501 2921 2709 2994 ταύτης
2735 2924 2847 2979 τῶν
2880 2925 3186 2995 Βαρσάρων
3216 2928 3335 2980 ἐκεῖ
3358 2926 3682 2998 γενομένης.

2271 3012 2459 3082 PBG'.
2498 3015 2557 3070 Ὀ
2589 3016 2775 3086 μέντοι
2809 3018 3127 3087 μακαρίτης
3175 3019 3359 3082 Ἠλίας
3384 3021 3414 3072 6
3462 3019 3641 3083 καλῶς
3683 3036 3797 3074 των

2198 3105 2480 3177 Εὐθυμίου
2507 3108 2801 3178 προϐάτων
2848 3108 3224 3180 ἡγεμονεύων,
3250 3112 3309 3164 ἐν
3339 3109 3487 3164 ὀκτὼ
3505 3112 3619 3175 τοῖς
3648 3111 3801 3175 ὅλοις

2197 3193 2467 3258 ἐνιαυτοῖς
2521 3194 2619 3248 καὶ
2654 3194 2959 3266 τριάκοντα
2981 3196 3082 3266 τὴν
3115 3196 3220 3266 τῆς
3259 3198 3426 3268 μονῆς
3457 3197 3801 3270 προστασίαν

2197 3284 2589 3357 ἐγχειρισθεὶς,
2631 3286 2728 3341 καὶ
2785 3286 2959 3341 πολλὰ
2994 3287 3096 3355 μιν
3143 3290 3371 3357 γενναῖα
3418 3291 3515 3344 καὶ
3564 3291 3803 3361 λαμπρὰ

2199 3375 2322 3429 κατ’
2362 3376 2536 3446 αὐτὴν
2586 3377 3020 3448 ἀποδειξάμενος
3082 3379 3242 3449 ἔργα,
3279 3381 3417 3435 πολὺ
3449 3382 3509 3436 δὲ
3548 3384 3643 3436 καὶ
3674 3381 3803 3452 φίλ-

2198 3484 2326 3539 τρον
2360 3470 2495 3522 πᾶσι
2521 3470 2634 3534 τοῖς
2665 3469 2921 3538 ἀδελφοῖς
2954 3470 3052 3523 καὶ
3101 3471 3185 3534 εἰς
3223 3470 3306 3524 ἔτι
3340 3473 3435 3526 καῖ⁵
3482 3473 3580 3528 νῦν
3613 3473 3806 3538 αὐτοῖς

2200 3564 2517 3635 ἐνακμάςον
2547 3564 2888 3630 καταλιπὼν,
2934 3566 3035 3635 τὴν
3071 3565 3352 3639 μακαρίαν
3392 3569 3532 3639 πρὸς
3568 3568 3660 3622 τὸν
3709 3568 3805 3622 δε-

2201 3657 2410 3728 σπότην
2466 3657 2565 3711 καὶ
2611 3657 2777 3722 αὐτὸς
2825 3658 3059 3729 ἐκδημεῖ
3108 3659 3362 3729 πορείαν.
3414 3660 3643 3731 Συμεὼν
3675 3669 3699 3699 ο
3745 3661 3810 3715 δέ

2201 3767 2349 3816 τινος
2389 3750 2684 3821 Ἀπαμέως
2717 3751 2818 3823 τὴν
2862 3750 3042 3823 ἀρχὴν
3102 3751 3223 3822 μετ’
3255 3753 3467 3807 ἐκεῖνον
3500 3752 3811 3824 ἐκδεξαμέ-

2203 3860 2319 3909 νου,
2353 3842 2452 3897 καὶ
2480 3844 2664 3914 τρίτον
2695 3843 2833 3914 αὐτῇ
2864 3844 3024 3914 μόνον
3055 3841 3397 3909 ἐπιϐιοῦντος
3429 3841 3475 3907 ἲ,
3508 3845 3809 3915 Στέφανος,

2207 3934 2397 4006 Ἀραψ
2427 3934 2490 3989 τὸ
2535 3934 2716 4003 γένος,
2774 3934 3020 4005 διάδοχος
3082 3935 3297 3989 ἐκείνου
3347 3935 3712 3991 καθίσταταιο
3748 3937 3812 4004 ὃς

2205 4026 2660 4099 τετελευτηκότος
2690 4026 2839 4097 αὐτῷ
2874 4026 2974 4081 τοῦ
3028 4026 3263 4097 ἀδελφοῦ
3301 4029 3641 4100 Προκοπίου,
3683 4029 3812 4096 ἐξα-

2207 4121 2429 4185 κοσίους
2489 4122 2554 4174 ἐκ
2583 4109 2694 4175 τῶν
2729 4118 3003 4191 πατρῴων
3032 4120 3272 4191 χρυσοῦς
3308 4123 3377 4193 τῇ
3429 4124 3566 4195 μονῇ
3613 4123 3812 4176 ἀπονέ-

2210 4232 2324 4285 μει.

2277 4304 2452 4362 ΡΚΖ’.
2488 4304 2628 4358 Ύπδ
2665 4303 2723 4357 δέ
2777 4304 2906 4368 τοὺς
2947 4304 3147 4368 αὐτοὺς
3188 4305 3437 4376 χρόνους,
3464 4306 3559 4360 καὶ
3598 4305 3811 4360 Καισά-

2210 4398 2326 4470 ριός
2361 4414 2446 4461 τις
2494 4397 2825 4467 Ἀντιοχεὺς,
2872 4397 2929 4449 ἐν
2963 4398 3273 4460 πολιτικαῖς
3314 4398 3513 4469 ἀρχαῖς
3546 4398 3811 4461 πολλάκις

2208 4489 2597 4561 εὐδοκιμήσας,
2642 4492 2723 4556 εἰς
2776 4489 2876 4561 τὴν
2913 4490 3075 4557 ἁγίαν
3115 4491 3270 4544 πόλιν
3311 4490 3666 4562 παραϐαλὼν,
3716 4496 3810 4547 καὶ

2208 4583 2404 4655 χρόνον
2428 4583 2611 4637 ἐκεῖσε
2650 4584 3013 4656 κατασχεθεὶς
3054 4585 3261 4650 ἱκανὸν,
3302 4586 3468 4640 πάθει
3500 4588 3609 4640 τινὶ
3657 4604 3813 4658 περι-

2212 4677 2407 4730 πίπτει
2441 4675 2768 4746 σωματικῷ,
2825 4675 3032 4747 σφόδρα
3078 4675 3324 4748 χαλεπῷ.
3364 4676 3520 4730 Ἐπεὶ
3551 4676 3610 4730 δὲ
3651 4676 3810 4731 τοῦτο

2212 4763 2398 4836 χειρὸς
2446 4763 2647 4835 ἠπόρει
2713 4764 3151 4835 θεραπευούσης,
3197 4767 3496 4838 καρτερίας
3523 4784 3582 4820 τε
3628 4768 3809 4839 πάσης

2214 4855 2312 4908 καὶ
2344 4855 2445 4925 τῆς
2476 4856 2541 4910 ἐκ
2568 4854 2737 4924 φίλων
2778 4855 3139 4926 παραμυθίας
3191 4851 3261 4928 ἦν
3294 4857 3670 4929 ἰσχυρότερον,
3712 4860 3811 4911 οὐκ

2216 4948 2356 5018 έχων
2389 4948 2487 5001 ὅτι
2513 4948 2781 5019 χρήσαιτο
2831 4947 3017 5001 λοιπὸν
3074 4948 3278 5019 ἐαυτῷ,
3330 4950 3483 5021 παρὰ
3509 4950 3601 5004 τὸν
3642 4951 3813 5022 τάφον

2217 5038 2561 5108 καταφεύγει
2590 5038 2686 5092 τοῦ
2729 5039 3054 5112 θαυμαστοῦ
3092 5041 3372 5113 Εὐθυμίου
3395 5059 3409 5074 ·
3447 5043 3633 5097 καὶτὸ
3670 5045 3812 5097 ἐκεῖ-

2222 5134 2314 5187 θεν
2346 5133 2550 5199 ἔλαιον,
2590 5134 2884 5207 ἀπαλλαγὴ
2914 5134 3010 5189 τοῦ
3059 5135 3267 5199 πάθους
3304 5136 3469 5201 εὐθὺς
3498 5138 3578 5210 τῷ
3607 5138 3817 5210 ἀνθρώ.

1841 5272 2079 5329 νΑιιιιΕ
2120 5274 2419 5331 LECTION
2428 5274 2531 5330 ES.

584 5389 612 5431 ά
640 5391 712 5447 al.
747 5389 1124 5465 ἐδηλώσαμεν.
1206 5400 1229 5429 ⁸
1261 5389 1332 5449 al.
1372 5388 1681 5460 Συμεῶνος.
1765 5389 1786 5430 ί
1826 5391 1899 5448 al.
1933 5391 2104 5447 inser.
2139 5392 2284 5456 ἔτος.

1752 5528 1948 5587 JOAN.
1994 5529 2265 5587 BOLLAN
2274 5530 2338 5584 Dl
2370 5529 2605 5587 NUT/E.

593 5672 708 5741 (76)
748 5671 974 5741 Olybrio
1029 5675 1146 5730 solo
1193 5672 1419 5732 consule
1477 5689 1569 5730 an.
1624 5672 1749 5729 491.
1805 5671 2109 5730 [indictione

527 5755 639 5802 11v.
697 5747 751 5798 in
781 5744 904 5799 Vita
930 5744 990 5800 S.
1015 5744 1193 5801 Saliae.

601 5812 1118 5886 (77)'Ifbeopl1aties
1171 5818 1269 5872 lib.
1314 5830 1406 5877 xv,
1455 5831 1577 5886 cap.
1632 5815 1700 5871 l0
1753 5816 1922 5870 refert
1967 5831 2111 5870 anno

529 5879 800 5935 Anastasii
843 5879 925 5935 H‘
950 5882 1345 5940 Saracenorum
1389 5879 1670 5943 incursum
1731 5886 1783 5939 in
1813 5886 2108 5946 Phoenicen

530 5954 587 5998 et
615 5946 830 6016 Syriam
863 5966 1050 6010 rursus
1085 5955 1204 6025 (seu
1232 5957 1473 6013 secunda
1506 5959 1643 6025 vice)
1678 5958 1928 6014 cllectum
1966 5971 2109 6014 esse.

2215 5672 2371 5730 Prior
2411 5676 2527 5730 haec
2588 5672 2823 5744 irruptio
2868 5683 2996 5731 ante
3044 5684 3273 5730 mortem
3329 5674 3458 5731 Elia:
3529 5672 3819 5745 hcgumcni

2220 5747 2436 5799 videtur
2459 5746 2777 5813 contigisse.

2284 5818 2396 5888 (78)
2441 5820 2541 5871 Att.
2570 5816 2671 5888 Cll.
2710 5816 2831 5870 5H.

2289 5887 2403 5957 (79')
2447 5889 2549 5942 Au.
2574 5887 2701 5942 su.
