4144 6422
433 321 542 386 709

1661 312 1840 374 VlTA
1883 311 1947 371 S.
2017 308 2435 371 EUTHYMII.

3619 304 3728 371 710

432 443 496 493 τὸ
522 436 797 509 νεκρῶδες
819 434 1035 507 ἔχοντα,
1070 436 1136 507 τῇ
1171 436 1242 507 γῇ
1281 431 1632 489 καταϐάλλει.
1664 427 2022 500 Λαζαριώται

2138 428 2347 484 rariotae
2379 442 2503 483 cum
2537 427 2878 484 transeundo
2938 425 3512 496 advenissent,sicque
3529 426 3729 481 misere

432 529 489 582 δέ
513 544 661 591 τινες
713 528 779 581 ὲκ
807 525 905 581 τοῦ
944 527 1291 598 παρήκοντος
1333 522 1677 587 ἐπιστάντες,
1715 522 1809 574 καὶ
1850 519 2025 583 οὕτως

432 619 774 693 ἐρριμμένον
831 618 1033 682 ἀθλίως
1081 618 1337 691 εὑρόντες
1384 617 1481 671 καὶ
1530 616 1702 686 χαμαὶ
1745 613 2024 682 κείμενον,

432 713 888 785 ἀναλαμϐάνουσι
925 730 986 767 τε
1038 712 1134 766 καῖ¹
1183 714 1264 777 είς
1290 711 1353 766 τὸ
1386 710 1528 765 κατὰ
1553 709 1653 780 τὴν
1677 706 1839 777 ἁγίαν
1870 704 2028 759 πόλιν

434 808 786 879 νοσοκομείον
822 806 1164 877 κομίζουσιν.

504 900 677 957 PM".
725 900 939 957 Ἐκεῖσε
1000 902 1184 956 τοίνυν
1232 903 1328 957 ἐπὶ
1373 902 1510 957 πολὺ
1551 899 1843 970 κείμενος,
1893 895 2026 967 δναρ

433 994 540 1065 ὁρᾷ
581 1010 704 1047 τινα
733 992 1052 1064 πρεσϐύτην
1078 992 1227 1064 αὑτῷ
1250 993 1671 1064 χαλεπαίνοντα,
1709 990 1830 1055 καὶ,
1868 988 2029 1043 Ἀναπι

437 1085 634 1157 στῆναί
673 1102 735 1138 σε
760 1085 940 1149 ἄλλως
970 1086 1071 1139 οὐκ
1123 1084 1227 1153 ἔνι,
1271 1087 1520 1155 λέγοντα,
1564 1087 1613 1138 εί
1669 1083 1745 1156 μὴ
1776 1082 1836 1136 τὸ
1861 1082 2027 1151 ὑφαι-

438 1180 599 1253 ρεθὲν
622 1179 814 1251 χρῆμα
843 1180 1112 1251 πρότερον
1149 1182 1218 1251 τῇ
1258 1180 1356 1233 τοῦ
1397 1179 1674 1250 Εὑθυμίου
1723 1179 1858 1250 μονῇ
1894 1178 2027 1230 ἀπο-

433 1271 602 1344 δῲης.
659 1271 1178 1343 Μεταστειλάμενος
1220 1271 1314 1327 οὖν
1354 1272 1566 1326 ἐκεῖθεν
1606 1270 1698 1324 τὸν
1730 1268 2023 1338 πανδοχέα,

433 1366 538 1435 τήν
568 1382 629 1417 τε
653 1364 864 1436 κλοπὴν
889 1365 1168 1436 ὁμολογεῖ,
1193 1366 1290 1420 καὶ
1319 1365 1412 1419 τὸν
1442 1364 1594 1419 δόλον
1625 1361 2026 1424 ἀνακαλύπτει,

438 1456 540 1511 καὶ
572 1458 673 1529 τὴν
702 1457 1093 1529 κρυπτομένην
1130 1457 1270 1522 τέως
1299 1456 1484 1512 αἰτίαν
1510 1457 1613 1527 τῆς
1636 1458 1703 1510 ἐκ
1727 1454 1821 1510 τοῦ
1860 1470 2029 1526 μονα-

440 1548 668 1619 στηρίου
720 1550 1128 1620 ἀναχωρήσεως
1168 1546 1486 1618 δημοσιεύει
1540 1548 1637 1600 καὶ
1679 1546 1819 1616 φωτὶ
1868 1545 2027 1598 δεδω-

438 1655 523 1692 σιν
555 1638 815 1708 ἀληθείας
843 1655 856 1669 °
893 1640 1044 1704 ὅπως
1088 1656 1150 1692 τε
1182 1638 1289 1692 ὑπὸ
1318 1637 1452 1707 λίθῳ
1476 1637 1585 1691 τινὶ
1616 1635 1912 1690 κατάθοιτο
1936 1633 2028 1687 τὸν

2135 528 2464 589 prostratum
2484 519 2834 590 reperissent,
2859 526 2915 574 et
2942 519 3090 576 humi
3114 518 3407 590 iacentem,
3430 518 3725 584 accipiunt,

2136 620 2304 683 atque
2332 611 2584 669 deferunt
2613 612 2670 668 in
2705 613 3082 668 nosocomium
3122 623 3329 668 sancta:
3358 611 3618 667 civitatis.

2207 898 2498 956 CXXXIII.
2552 899 2688 955 Dum
2733 897 2842 955 illic
2894 898 3081 969 itaque
3125 897 3218 954 diu
3258 898 3424 968 jacet,
3478 897 3629 952 videt
3668 898 3723 953 in

2136 991 2344 1049 somnis
2371 992 2662 1059 quemdam
2691 1004 2875 1044 senem
2908 989 2957 1044 ei
2987 998 3428 1054 succensentem,
3462 996 3517 1042 et
3539 988 3726 1042 dicen-

2134 1090 2248 1140 tem
2282 1103 2297 1139 :
2327 1082 2449 1140 Non
2477 1083 2637 1139 aliter
2682 1083 2776 1139 tibi
2817 1082 2946 1138 licet
2987 1095 3235 1153 surgere,
3272 1081 3379 1135 nisi
3420 1090 3725 1149 surreptam

2135 1176 2427 1247 pecuniam
2455 1176 2650 1233 reddas
2672 1177 2823 1244 prius
2852 1173 3127 1247 Euthymii
3157 1173 3511 1229 monasterio.
3546 1173 3727 1237 Quare

2137 1271 2405 1327 arcessito
2427 1270 2623 1325 exinde
2647 1267 2943 1324 Pandocbii
2969 1266 3247 1337 praefecto,
3286 1274 3397 1319 tum
3435 1264 3729 1320 conﬁtetur

2136 1363 2365 1431 furtum,
2395 1374 2508 1417 tum
2535 1362 2716 1417 dolum
2744 1361 2940 1430 aperit,
2984 1368 3096 1413 tmn
3149 1374 3373 1413 causam
3409 1372 3660 1412 recessus
3695 1370 3726 1409 e

2138 1457 2469 1513 monasterio
2533 1464 2660 1511 tunc
2690 1455 2961 1510 occultam
3018 1452 3268 1522 propalat
3312 1451 3630 1521 proferlque
3671 1452 3724 1505 in

2137 1549 2311 1605 lucem
2339 1549 2619 1613 veritatis,
2656 1558 2713 1604 et
2745 1548 3198 1617 quemadmodum
3240 1546 3342 1600 sub
3375 1547 3610 1613 quodam
3646 1546 3728 1598 la-

2138 1642 2262 1711 pide
2302 1657 2495 1696 aurum
2526 1642 2878 1711 deposuerit,
2905 1649 3071 1709 utque
3104 1654 3253 1704 eum,
3289 1653 3433 1706 saepe
3460 1639 3726 1692 acceden-

432 1729 662 1799 χρυσὸν,
700 1732 796 1784 καὶ
827 1729 979 1794 ὅπως
1021 1729 1186 1784 αὐτὸν
1221 1728 1597 1800 προσόαλόντα
1632 1727 1895 1790 πολλάκις
1933 1726 2028 1780 καὶ

2142 1743 2249 1788 tum
2285 1743 2700 1803 tentantemquc
2727 1731 2964 1795 auferre,
2996 1732 3172 1801 primo
3223 1731 3443 1801 quidem
3476 1743 3724 1797 serpens,

433 1820 727 1876 ἀνελέσθαι
756 1821 1124 1892 πειρώμενον,
1151 1823 1346 1893 πρῶτα
1391 1822 1490 1892 μὲν
1519 1819 1665 1890 δφις,
1709 1819 1939 1889 φοϐερὸς
1969 1816 2030 1873 τὸ

2138 1838 2243 1881 tam
2272 1826 2643 1897 magnitudine
2684 1839 2846 1893 quam
2895 1833 3115 1894 aspectu
3144 1821 3527 1885 formidabilis,
3563 1835 3595 1874 e
3642 1818 3725 1873 la-

438 1912 675 1987 μέγεθος
718 1911 852 1965 αὐτὸ
901 1911 999 1965 καὶ
1046 1911 1107 1965 τὸ
1159 1908 1325 1978 εἶδος,
1383 1910 1693 1983 ἐξερπύσας
1734 1909 1830 1963 τοῦ
1880 1909 2030 1962 λίθου

436 2002 762 2075 παραδόξως
791 2003 1097 2074 ἀπήλασεν,
1122 2002 1316 2059 ἔπειτα
1338 2004 1395 2057 δέ
1433 2005 1517 2068 τίς
1546 2004 1713 2058 ποθεν
1742 2003 1834 2056 καὶ
1866 2000 2031 2058 δύνα-

438 2113 535 2165 μις
559 2096 1012 2159 ἐπιωταπτᾶσα,
1042 2095 1186 2150 οὕτω
1213 2095 1495 2167 διέθηκεν.

505 2184 674 2242 ΡΛΔ’.
702 2186 890 2240 Ταῦτα
927 2185 1193 2257 μαθόντες
1223 2186 1275 2239 οἱ
1311 2188 1440 2258 περὶ
1461 2186 1554 2240 τὸν
1574 2184 1879 2256 ἡγούμενον
1910 2182 2030 2237 Θω-

436 2281 549 2349 μᾶν
581 2279 677 2334 καὶ
714 2279 993 2346 Λεόντιον,
1027 2279 1353 2351 ἁνὲρχονται
1388 2279 1530 2350 πρὸς
1556 2280 1654 2350 τὴν
1678 2278 1840 2345 ἁγίαν
1875 2276 2031 2330 πόλιν

434 2371 622 2439 εὐθὺς,
653 2371 749 2426 καί
774 2388 881 2426 τινι
912 2371 1119 2443 φορείῳ
1146 2372 1238 2424 τὸν
1264 2370 1520 2425 Θεόδοτον
1552 2371 1860 2435 ἐπιθέντες,
1887 2369 2030 2424 ὥστε

440 2464 717 2531 ὅποδεῖξαι
749 2463 842 2517 τὸν
872 2463 1037 2518 τόπον
1069 2463 1277 2531 αὐτοῖς,
1312 2464 1403 2534 ὑφ’
1450 2463 1510 2518 δν
1561 2465 1590 2517 ό
1636 2463 1840 2534 χρυσὸς
1898 2460 2033 2533 κρύ-

438 2568 647 2619 πτοιτο,
677 2551 993 2624 εὑρίσκουσι
1030 2552 1130 2624 μὲν
1165 2552 1331 2608 αὑτὸν
1360 2552 1467 2607 ὑπὸ
1493 2553 1571 2626 τῷ
1593 2553 1726 2621 λίθῳ
1743 2552 1993 2623 κείμενον
2013 2565 2029 2582 °

434 2648 464 2700 ό
493 2646 553 2701 δὲ
584 2647 816 2718 φρικτὺς
835 2647 1046 2712 ἐκεῖνος
1084 2647 1261 2717 φύλαξ
1289 2647 1374 2720 (ὣ
1404 2648 1498 2703 τοῦ
1536 2647 1816 2718 θαύματος
1837 2648 1903 2718 l),
1941 2647 2034 2701 ού-

430 2739 613 2812 ὂαμοῦ
634 2755 647 2769 '
686 2740 945 2812 καθάπερ
986 2742 1101 2804 τοῖς
1127 2740 1405 2812 ἀληθινοῖς
1431 2742 1725 2807 δεσπόταις
1753 2743 1906 2808 εἴξας
1934 2741 2031 2797 τοῦ

435 2831 742 2903 θησαυροῦ.
798 2832 1013 2888 Αὐτίκα
1055 2832 1210 2902 γοῦν,
1250 2834 1300 2887 οἱ
1332 2834 1432 2905 μὲν
1458 2835 1587 2898 τοὺς
1619 2835 1853 2908 χρυσοῦς
1879 2838 2035 2891 ἀναι-

443 2924 691 2998 ροῦνται,
742 2925 916 2997 μικρὰ
956 2925 1067 2980 τῶν
1100 2926 1206 2979 ὑπὸ
1253 2926 1511 2981 Θεοδότου
1544 2927 1646 2997 ἤδη
1693 2927 2034 2997 δαπανηθέν-

433 3036 547 3073 των
582 3018 975 3089 φροντίσαντες
997 3034 1013 3048 ·
1056 3018 1219 3081 αὐτὸς
1249 3017 1327 3086 δὲ,
1361 3018 1548 3074 κακῶν
1577 3014 1649 3091 ἦν
1694 3020 1913 3091 ἀπαθὴς
1938 3021 2033 3074 καὶ

436 3111 610 3182 ὑγιῶς
636 3110 778 3182 ἔχων
807 3111 901 3164 τοῦ
928 3111 1203 3181 σώματος.

507 3202 684 3260 ΡΛΕ¹.
716 3191 820 3259 Τὸν
852 3205 951 3276 μὲν
981 3200 1076 3259 οὖν
1122 3205 1328 3276 Θωμᾶν
1369 3205 1558 3275 ὄγδοον
1587 3205 1708 3271 ἔτος
1732 3206 1831 3276 τῆς
1859 3206 2034 3260 Εὐθυ-

440 3301 572 3372 μίου
626 3299 797 3369 μονῆς
848 3297 1225 3369 ἡγησάμενον,
1286 3299 1519 3372 πέμπτῃ
1560 3299 1654 3352 ἐπὶ
1698 3300 1813 3361 τοῖς
1857 3298 2034 3352 εἴκοσι

434 3389 536 3446 τοῦ
569 3388 820 3460 Μαρτίου
873 3391 1067 3462 μηνὸς,
1116 3389 1508 3462 ἑϐδομηκοστῷ
1542 3392 1680 3462 μετὰ
1717 3390 1817 3462 τὴν
1863 3390 2037 3444 Εὐθυ-

440 3483 572 3552 μίου
602 3481 872 3552 ἐκδημίαν
906 3479 1161 3552 ἐνιαυτῷ,
1198 3480 1601 3553 φιλανθρώπως
1630 3481 1659 3522 1
1690 3484 1718 3537 ό
1753 3482 2035 3573 Δεσπότης

438 3577 551 3630 τῶν
576 3573 708 3647 τῇδε
747 3572 1165 3646 μετακαλεῖται.
1191 3574 1447 3637 Λεόντιος
1476 3573 1533 3628 δὲ
1584 3576 1705 3645 μετ’
1734 3574 1899 3630 αὑτὸν
1938 3572 2036 3646 τῆν

439 3668 543 3736 τῆς
566 3667 735 3739 μονῆς
762 3666 1102 3738 προστασίαν
1147 3666 1574 3737 παραλαμϐάνει
1599 3682 1614 3698 ·
1654 3666 1747 3736 ὑφ’
1773 3661 1835 3721 οὗ
1882 3669 1978 3721 καὶ
2007 3669 2038 3722 ό

441 3761 630 3832 γραφῇ
652 3760 831 3815 ταῦτα
862 3758 1144 3831 παραδοὺς
1181 3758 1316 3828 ἐγὼ,
1353 3758 1435 3830 τῷ
1463 3759 1575 3814 τῶν
1618 3758 1865 3828 ἀδελφῶν
1888 3758 2036 3831 χορῷ

449 3852 550 3922 τῆς
588 3853 849 3924 τοιαύτης
895 3851 1137 3929 ποίμνης
1184 3851 1658 3924 ὲγκαταλέγομαι.
1710 3854 1780 3906 Ἃ
1810 3853 1910 3925 μὲν
1944 3851 2036 3908 οὖν

456 3945 585 4015 περὶ
611 3944 698 3999 τοῦ
732 3933 999 4017 θεοφόρου
1028 3944 1225 4000 τούτου
1255 3945 1352 3998 καὶ
1391 3943 1711 4017 θαυμαστοῦ
1758 3944 2037 4015 Εὑθυμίου

454 4038 504 4089 οἱ
549 4037 790 4110 Πατὲρες
834 4037 1164 4110 διηγήσαντό
1217 4054 1332 4108 μοι,
1378 4037 1522 4092 κατὰ
1563 4038 1654 4092 τδν
1695 4036 1838 4093 θεῖον
1872 4037 2037 4108 φάναι

444 4131 630 4199 Δαὸὶδ,
681 4133 805 4186 Οὐκ
857 4130 1184 4200 ἀπέκρυψα
1231 4131 1351 4187 ἀπὸ
1384 4129 1506 4186 τῶν
1559 4132 1787 4187 τέκνων
1837 4130 2041 4187 αὐτῶν

440 4227 532 4292 εἰς
566 4226 783 4294 γενεὰν
822 4224 1054 4293 ἑτέραν.
1096 4226 1191 4278 Δεῖ
1218 4224 1276 4277 δὲ
1311 4225 1534 4288 πάντως
1566 4225 1661 4281 καὶ
1686 4226 1757 4280 τὰ
1783 4226 1872 4279 ἐπ’
1903 4223 2038 4294 ἐμοῦ

440 4319 709 4388 γεγονότα
739 4318 818 4390 μὴ
849 4318 1101 4390 παριδεῖν
1126 4334 1141 4351 ο
1174 4318 1285 4373 τῶν
1313 4318 1788 4390 εὐεργετηθέντων
1820 4318 1903 4373 ἔτι
1940 4335 2041 4372 πε·-

442 4412 699 4479 ριόντων,
735 4410 833 4465 καὶ
879 4412 993 4475 τοῖς
1048 4412 1450 4482 πραττομένοις
1495 4410 1680 4474 αὐτοῖς
1735 4410 2037 4482 παρόντων,

2136 1920 2260 1990 pide
2303 1934 2624 1989 prorepens,
2654 1917 3052 1973 admirabiliter
3095 1916 3467 1985 inopinantem
3498 1911 3724 1982 expule-

2133 2013 2243 2078 rit;
2276 2013 2475 2067 deinde
2503 2026 2631 2067 vero
2675 2012 2923 2082 quaedam
2952 2009 3127 2065 virtus
3160 1996 3413 2063 alicunde
3438 2005 3725 2070 advolans,

2136 2105 2218 2161 sic
2259 2104 2525 2159 alfecerit.

2205 2194 2495 2251 CXXXIV.
2540 2194 2636 2251 llis
2664 2192 2962 2264 compertis
3016 2190 3340 2263 praepositus
3400 2190 3640 2244 Thomas
3672 2196 3729 2242 et

2136 2287 2415 2355 Leontius,
2473 2290 2778 2343 ascendunt
2819 2287 3006 2342 statim
3045 2288 3110 2340 ad
3131 2295 3376 2341 sanctam
3424 2285 3728 2347 civitatem,

2134 2384 2270 2438 etin
2302 2382 2536 2452 quodam
2574 2382 2827 2437 vehiculo
2866 2381 3213 2435 Theodotum
3273 2379 3634 2448 imponentcs,
3671 2384 3732 2429 ut

2134 2474 2216 2529 eis
2242 2475 2554 2529 ostenderet
2602 2474 2778 2529 locum
2814 2474 2915 2529 sub
2947 2490 3055 2544 quo
3098 2488 3290 2527 aurum
3322 2471 3563 2526 abditum
3588 2479 3727 2534 erat,

2136 2566 2267 2621 illud
2287 2566 2506 2637 quidem
2543 2567 2832 2621 inveniunt
2853 2570 2955 2622 sub
2983 2565 3160 2636 lapide
3192 2564 3464 2633 positum;
3498 2562 3731 2616 horren-

2136 2662 2237 2715 dus
2284 2670 2466 2715 autem
2525 2659 2616 2715 ille
2665 2669 2853 2715 custos
2911 2658 2966 2730 (ο
3015 2652 3396 2725 miraculum!)
3454 2668 3725 2720 nusquam

2136 2753 2359 2819 aderat;
2395 2761 2455 2806 ut
2491 2755 2582 2822 qui
2607 2752 2770 2807 veluti
2798 2752 2945 2807 veris
2979 2749 3218 2806 dominis
3246 2749 3508 2802 thesauro
3536 2744 3733 2799 cessis-

2137 2856 2240 2901 set.
2285 2844 2482 2901 Statim
2531 2859 2661 2915 ergo
2702 2844 2781 2899 illi
2833 2845 3051 2914 quidem
3111 2841 3307 2898 tollunt
3358 2853 3576 2903 aureos,
3620 2852 3728 2891 non

2139 2936 2367 2991 multum
2394 2936 2610 2991 solliciti
2639 2935 2786 2991 deiis
2800 2935 2892 3005 qui
2911 2949 2942 2988 a
2969 2933 3253 2989 Theodoto
3280 2931 3584 2999 consumpti
3612 2929 3730 2983 fue-

2138 3038 2297 3097 rant;
2332 3030 2447 3098 ipse
2476 3042 2625 3095 vero,
2663 3026 3052 3098 nihilamplius
3084 3024 3211 3080 mali
3237 3023 3537 3091 sentiebat,
3563 3037 3729 3078 sano-

2062 3143 2106 3199 ρ
2138 3136 2245 3191 que
2276 3130 2397 3174 erat
2420 3134 2672 3188 corpore.

2210 3210 2478 3268 CXXXV.
2516 3211 2688 3267 Porro
2720 3208 3012 3277 Thomam,
3040 3207 3131 3278 qui
3169 3216 3294 3264 octo
3328 3219 3501 3261 annos
3530 3203 3732 3275 Euthy-

2138 3306 2234 3359 mii
2270 3305 2562 3376 prmfuerat
2587 3303 2945 3369 monasterio,
2973 3300 3238 3357 vicesimo
3287 3300 3480 3370 quinto
3522 3300 3730 3353 mensis

2137 3399 2342 3465 Martii,
2379 3413 2524 3453 anno
2570 3407 2690 3469 post
2735 3395 3010 3468 Euthymii
3058 3409 3125 3450 ex
3154 3393 3258 3448 hac
3286 3394 3393 3448 vita
3423 3393 3728 3449 discessum

2137 3491 2539 3562 septuagesimo
2556 3490 2692 3562 (85),
2734 3492 3032 3545 clementer
3065 3488 3325 3542 Dominus
3350 3485 3479 3541 hinc
3512 3493 3730 3540 evocat.

2138 3584 2397 3641 Leontius
2426 3595 2605 3640 autem
2639 3593 2760 3655 post
2785 3599 2909 3638 eum
2942 3583 3167 3651 suscipit
3197 3582 3579 3652 praefecturam
3606 3596 3729 3635 mo-

2139 3678 2405 3745 nasterii;
2438 3676 2469 3731 ὲ
2500 3692 2608 3747 quo
2635 3692 2760 3747 ego,
2804 3677 2897 3746 qui
2930 3675 3046 3730 haec
3076 3674 3294 3741 scriptis
3337 3672 3610 3737 mandavi,
3645 3685 3732 3726 re-

2142 3770 2688 3842 ferorin_catalogum
2709 3767 2826 3841 (86)
2846 3777 3159 3835 cmtumque
3171 3766 3402 3820 fratrum
3433 3764 3581 3818 illius
3609 3777 3731 3834 gre-

2139 3862 2241 3932 gis.
2269 3861 2400 3928 Qua:
2435 3859 2599 3931 igitur
2627 3859 2694 3914 de
2725 3860 2828 3913 hoc
2857 3856 3119 3913 divinitus
3142 3853 3392 3911 aﬂlatoet
3420 3852 3728 3909 admirabili

2141 3952 2430 4025 Euthymio
2462 3953 2654 4009 Patres
2698 3951 2836 4007 mihi
2877 3956 3265 4016 narraverunt,
3298 3956 3358 4002 ut
3389 3961 3513 4003 cum
3546 3945 3734 4001 divino

2145 4045 2348 4102 Davide
2372 4046 2564 4117 loquar
2595 4061 2610 4099 :
2652 4043 2778 4099 Non
2817 4042 3077 4098 occultavi
3114 4058 3148 4096 α
3172 4042 3301 4112 ﬁliis
3350 4056 3532 4096 eorum
3558 4040 3613 4093 in
3638 4056 3730 4108 ge-

2143 4141 2418 4195 neratione
2433 4138 2601 4194 altera
2618 4139 2685 4196 ”.
2719 4138 2945 4209 Oportet
2988 4147 3170 4191 autem
3217 4136 3450 4192 omnino
3470 4146 3537 4189 ea
3565 4134 3731 4188 etiam

2142 4248 2265 4304 quae
2291 4249 2412 4291 meo
2435 4243 2677 4304 tempore
2705 4239 3024 4294 evenerunt,
3069 4245 3175 4285 non
3211 4230 3532 4301 despicere;
3562 4225 3733 4281 bene-

2144 4329 2267 4385 licio
2291 4326 2504 4383 allectis
2556 4327 2737 4381 adhuc
2784 4324 3201 4396 superstitibus,
3250 4333 3306 4378 et
3344 4323 3410 4377 ad
3456 4321 3573 4392 ipsa
3614 4335 3735 4389 qua:

2146 4421 2281 4475 ﬁunt
2306 4420 2692 4490 praesentibus,
2720 4420 3111 4490 propriumque
3168 4415 3426 4471 intuitum
3457 4428 3557 4483 pro
3598 4423 3787 4468 testam

444 4505 544 4556 καὶ
597 4502 698 4573 τὴν
750 4502 960 4558 οἰκείαν
1016 4502 1140 4573 ὅφιν
1170 4505 1426 4575 μάρτυρα
1467 4504 1862 4575 κεκτημένων·
1901 4503 2032 4559 ἀλλὰ

2147 4514 2514 4581 habentibus;
2550 4514 2644 4568 sed
2677 4521 2733 4567 et
2769 4526 2890 4566 cum
2924 4511 2978 4565 in
3012 4487 3336 4565 hodiernum
3381 4520 3552 4576 usque
3589 4505 3730 4561 diem

441 4597 546 4649 καὶ
591 4596 673 4659 εἰς
726 4595 808 4649 ἔτι
859 4595 971 4650 τῶν
1030 4596 1358 4668 παραδόξων
1407 4595 1613 4651 τούτων
1662 4594 1979 4667 θαυμασίως
2014 4593 2036 4635 1

447 4687 866 4757 ἐνεργουμένων
886 4704 900 4719 ·
959 4686 997 4742 ἃ
1039 4688 1138 4742 καὶ
1185 4686 1372 4750 πίστις
1402 4686 1523 4739 ἐστὶ
1554 4684 1662 4738 τῶν
1693 4684 2041 4755 φθασάντων,

2148 4606 2417 4678 ejusmodi
2447 4606 2691 4677 prodigia
2716 4604 3042 4659 mirabiliter
3070 4602 3333 4667 edantur;
3366 4613 3488 4669 quae
3521 4608 3577 4654 et
3606 4608 3733 4653 sunt

2144 4697 2575 4767 praecedentium
2619 4693 2889 4764 probatio,
2951 4699 3006 4745 et
3026 4689 3323 4760 perfectum
3367 4687 3731 4758 signaculum,

447 4782 550 4833 καὶ
578 4783 820 4851 σφραγὶς
849 4781 1109 4854 ἀκριϐὴς,
1160 4778 1257 4835 τοῦ
1286 4778 1455 4851 μηδὲν
1485 4778 1622 4843 ὅλως
1643 4779 1775 4848 περὶ
1818 4777 2032 4832 ὲκείνωι

2146 4790 2291 4860 quod
2318 4791 2384 4845 de
2414 4787 2522 4843 illis
2552 4786 2687 4842 nihil
2711 4787 2785 4841 sit
2814 4784 3040 4841 omnino
3068 4781 3448 4839 dubitandum.

448 4874 898 4945 διαμφιὸἁλλειν.

526 4965 712 5034 PAG’.
736 4967 890 5021 Ἔτει
911 4963 1207 5037 τοιγαροῦν
1238 4962 1611 5035 ἐξκαιδεκάτῳ
1631 4963 1731 5034 τῆς
1763 4962 2047 5034 βασιλείας

526 5085 571 5118 ³⁹
607 5085 751 5143 Psal.
787 5101 993 5156 Lxxvn,
1033 5086 1089 5142 4.

2220 4966 2508 5025 CXXXVI.
2544 4967 2699 5021 Anno
2729 4964 2913 5034 itaque
2941 4961 3153 5017 decimo
3190 4967 3346 5015 sexto
3381 4957 3494 5028 (87)
3519 4955 3739 5026 imperii

1748 5182 1984 5241 ἾΑΒΙΑΕ
2015 5183 2429 5244 ιΕαΤιοΝΕε..

531 5302 559 5341 ¹ί
588 5301 691 5358 int.
719 5304 1134 5375 Φιλάνθρωπος.
1217 5300 1233 5341 ι
1266 5302 1339 5357 al.
1374 5300 1718 5372 θαυμασίων.

1688 5418 1883 5476 JOAN.
1927 5419 2276 5477 BOLLANDI
2305 5416 2538 5474 NOTE.

529 5517 646 5576 (85)
684 5518 786 5573 An.
815 5517 917 5572 Ch.
949 5517 1075 5572 542.

2146 5527 2237 5567 an.
2276 5511 2377 5566 Ch.
2421 5511 2528 5565 545
2563 5508 2815 5577 contigit,
2854 5506 2946 5578 qui
2977 5503 3248 5578 secundus
3285 5511 3371 5557 est
3405 5499 3738 5572 prafccturar

529 5574 643 5659 (865
670 5589 796 5644 Haec
850 5590 1039 5643 eadem
1075 5585 1262 5659 refert,
1297 5586 1491 5659 citato
1514 5585 1616 5640 boc
1656 5583 1798 5659 loco,
1834 5581 1889 5659 in
1913 5578 2047 5659 ⁸ᾎῘίιει
2148 5582 2384 5659 Lemn-ii:
2422 5580 2557 5659 Vide
2584 5574 3243 5659 lfrolégomena‘tm'nt.§.

460 5651 778 5715 SfJoannis
825 5659 1147 5719 Silentiarii,
1176 5657 1264 5710 ubi
1304 5654 1656 5711 indictionem
1699 5654 1783 5720 Vl,
1821 5651 2050 5706 additet

2220 5653 2330 5724 (87)
2358 5651 2470 5724 lmo
2504 5652 2713 5724 decimo
2746 5642 3139 5724 terti0._Retl_iit
3271 5642 3739 5724 Sabasconstan-

462 5714 667 5785 annum
704 5730 884 5783 mtatis
919 5727 979 5782 S.
1012 5714 1237 5783 Joannis
1258 5726 1348 5792 90,
1387 5738 1626 5779 mensem
1683 5714 1904 5783 Julium,
1938 5736 2049 5791 quo
2152 5714 2373 5791 tin‘opoli
2427 5723 2479 5792 in
2547 5722 2892 5792 Palaestinam
2947 5720 2998 5792 in
3054 5716 3387 5792 Sg’ptetnbri,
3444 5714 3731 5792 imlictt‘nnf

462 5782 532 5857 id
571 5800 631 5854 S.
661 5782 935 5871 Euthsmii
956 5782 1348 5855 monasterium
1370 5796 1704 5866 vcnit;quod
1739 5782 2050 5849 necessario
2152 5782 2291 5850 nona
2320 5807 2410 5847 an.
2454 5791 2555 5847 Cb.
2587 5792 2718 5846 550.
2755 5782 3146 5860 Hierosolymis
3194 5786 3495 5843 Caesaream
3523 5782 3723 5851 proli-ti
3756 5842 3761 5849 _
