4144 6424
408 374 514 441 711

1661 348 1947 411 MENSIS
1983 341 2443 408 JANUARIUS.

3563 322 3671 390 712

404 488 670 553 Zenonis,
696 481 1084 540 monachorum
1100 490 1222 531 cum
1236 468 1593 540 suscepissem
1614 464 1880 531 habitum,
1902 479 1996 519 ve-

2123 461 2350 532 ῐήνωνος
2372 440 2470 529 (α),
2494 454 2554 508 τὸ
2573 451 2681 507 τῶν
2711 447 2963 522 μοναχῶν
2991 442 3237 500 ὑπελθὼν
3261 440 3471 513 σχῆμα,
3500 437 3677 493 δεινόν

408 532 670 553 ..νηυηηη
1006 532 1013 534 _
1040 532 1047 533 ,
1398 532 1413 540 _

408 580 758 648 hemeutique
784 586 1055 646 pungerer
1073 566 1261 624 aculeo
1282 563 1484 618 amoris
1517 561 1712 632 quieta:
1742 560 1886 624 vita',
1914 572 1978 612 ac

2123 571 2148 607 ε
2165 552 2397 624 ἡσυχίας
2415 548 2620 602 ὠδίνων
2635 544 2837 617 ἔρωτα,
2862 541 2958 595 καὶ
2972 540 3070 610 τὴν
3089 537 3293 610 ἔρημον
3325 534 3546 603 οίκῆσαι
3576 532 3675 585 καὶ

404 625 979 746 εοειίτειιιΊίρείζειίοηι
1000 661 1247 717 habitare
1265 659 1316 711 in
1338 654 1650 717 solitudine,
1672 649 1980 721 quaerebam

2123 645 2251 725 ,ύτὺς
2305 643 2466 714 ὲρῶν,
2524 638 2881 710 εὐπρόσωπον
2923 632 3099 695 ἄλλως
3139 627 3395 700 ἀφορμὴν
3422 625 3672 696 ἐζήτουν,

2123 736 2129 746 .
2344 735 2358 746 ι
2640 733 2662 746 τ
2767 729 2813 746 η
2881 743 2894 746 -
2916 724 3016 746 -31.
3042 722 3094 746 ex
3138 721 3330 746 1-1-..-
3402 717 3671 746 1-.....”ls

407 770 687 820 honestam
717 758 958 828 alioquin
987 753 1354 813 occasionem,
1396 746 1455 800 ut
1499 746 1550 800 id
1596 755 1979 811 consequerer.

406 855 562 909 Nulla
590 867 717 906 vero
753 850 856 903 alia
886 848 1129 910 inventa,
1181 853 1292 910 prae
1332 851 1417 891 me
1450 835 1543 888 tuli
1584 847 1777 902 magno
1815 829 1986 885 teneri

408 962 497 1001 me
523 943 797 999 desiderio
822 952 952 1008 erga
1003 931 1401 990 dedicationem
1432 926 1690 980 Ecclesiae
1727 921 1985 977 Hieroso-

410 1038 709 1110 lymitanat,
750 1041 807 1088 et
845 1029 978 1101 petii
1024 1026 1299 1081 licentiam
1339 1020 1467 1075 illuc
1504 1016 1689 1073 eundi.
1723 1012 1988 1068 Dimissus

411 1103 579 1197 igitur
609 1140 637 1177 a
673 1121 989 1193 praeposito,
1031 1115 1123 1170 ubi
1162 1113 1273 1182 jam
1305 1126 1335 1164 a
1369 1106 1652 1174 metropoli
1691 1103 1989 1197 Scythopo:

413 1189 706 1272 litanorum
752 1189 903 1267 eram
961 1209 1324 1266 discessurus,
1369 1197 1680 1252 mandatum
1714 1196 1815 1250 hoc
1858 1189 1991 1246 mihi

413 1310 507 1364 dat
537 1318 731 1368 mater,
773 1312 833 1357 ut
867 1300 1088 1355 nihilex
1121 1294 1283 1350 rebus
1322 1290 1389 1344 ad
1432 1290 1671 1343 auirnam
1712 1284 1992 1356 pertinen-

417 1402 585 1465 tibus,
628 1398 834 1465 absque
868 1389 1239 1447 admonitione
1277 1396 1330 1442 et
1362 1383 1590 1441 consilio
1614 1377 1842 1434 Joannis
1865 1375 1996 1430 soll—

2095 722 2238 790 ὥστε
2266 735 2459 787 τούτου
2508 733 2713 801 τυχεῖν.
2767 724 3016 798 ’Δπορῶν
3037 722 3096 776 δὲ
3136 721 3353 792 ἑτέρας,
3402 717 3673 787 ἐσκηπτό-

2098 846 2204 900 μην
2237 838 2278 867 ιιι
2310 824 2605 895 ἐπιθυμίαν
2636 821 2759 877 τινὰ
2782 819 2876 874 τοῦ
2906 818 3006 887 τῆς
3022 812 3414 887 Ἰεροσολύμων
3436 810 3676 880 Ἐκκλη-

2096 922 2216 984 σίας
2257 910 2648 987 έγκάινισμοῦ,
2684 915 2780 968 καὶ
2826 912 2924 982 τὴν
2987 911 3163 962 ἐκεῖσε
3216 905 3442 960 κάθοδον
3492 903 3679 975 ᾔτουν.

2110 1011 2425 1072 Ἀπολυθεὶς
2461 1004 2556 1063 οὖν
2611 1006 2765 1077 παρὰ
2813 1003 2907 1057 τοῦ
2939 999 3374 1072 καθηγουμένου,
3411 996 3532 1049 ἐπεὶ
3581 994 3683 1065 τῆς

2098 1100 2512 1158 Σκυθοπολιτῶν
2562 1099 2666 1170 ήδη
2699 1095 3086 1169 μητροπόλεως
3124 1090 3382 1161 ἀπαίρειν
3430 1085 3682 1158 ἔμελλον,

2100 1195 2322 1267 ἐντολήν
2373 1210 2466 1265 μοι
2496 1191 2702 1262 ταύτην
2752 1192 2785 1261 ή
2818 1190 3002 1260 μήτηρ
3059 1184 3263 1250 δίδωσι,
3305 1180 3442 1253 μηδὲ
3467 1179 3578 1233 τῶν
3603 1180 3686 1242 είς

2098 1287 2276 1358 ψυχὴν
2302 1286 2567 1356 ἡκόντων,
2598 1284 2726 1338 ἄνευ
2776 1280 2880 1350 τῆς
2938 1277 3192 1333 Ἰωάννου
3222 1276 3318 1329 τοῦ
3370 1271 3684 1345 ήσυχαστοῦ

2102 1379 2380 1449 ὑποθήκης
2408 1377 2504 1430 καὶ
2535 1373 2844 1446 συμϐουλῆς
2874 1370 3086 1425 οἴκοθεν
3114 1366 3536 1438 διαπράξασθαι*
3563 1366 3688 1435 Μή-

419 1494 564 1559 tarii,
602 1505 669 1545 ex
700 1502 785 1541 me
816 1486 1052 1540 facerem
1084 1498 1097 1535 :
1130 1479 1209 1535 Ne
1254 1479 1416 1543 forte,
1463 1474 1655 1544 inquit,
1694 1470 1877 1527 statim
1928 1467 1997 1521 ab

2123 1488 2255 1535 τοτε,
2285 1467 2443 1538 φησὶ,
2470 1468 2565 1521 καὶ
2590 1469 2653 1519 ὲκ
2686 1465 2989 1536 προοιμίων
3018 1461 3179 1523 εὐθὺς
3204 1459 3373 1532 λάθῃς
3405 1456 3596 1511 ἑαυτὸν
3618 1459 3687 1527 τῇ

421 1586 572 1639 initio
607 1579 920 1648 imprudens
963 1572 1253 1629 abducaris
1296 1570 1348 1623 iu
1380 1581 1628 1623 errorem
1658 1561 1995 1648 Origenistaf

2123 1564 2211 1615 τῶν
2231 1558 2653 1634 ’Βριγενιαστῶν
2688 1567 2718 1596 ιι
2748 1556 2929 1627 ἀπάτῃ
2960 1552 3343 1622 συναπαχθείς.
3392 1551 3691 1619 Γενόμενος

418 1692 558 1733 rum.
590 1674 777 1741 Itaque
823 1678 1109 1739 postquam
1143 1664 1410 1719 venissem
1440 1663 1494 1715 in
1534 1667 1779 1714 sanctam
1810 1636 1999 1709 civita-

2123 1652 2284 1706 τοίνυν
2327 1651 2469 1705 κατὰ
2498 1651 2597 1719 τὴν
2643 1648 2807 1718 ἁγίαν
2842 1646 3020 1712 πόλιν,
3052 1644 3148 1698 καὶ
3170 1643 3553 1714 προσκυνήσας
3590 1639 3692 1709 μὲν

421 1778 550 1831 tem,
579 1774 635 1820 et
661 1777 814 1818 sacra
846 1761 965 1814 loca
1004 1757 1346 1818 adorassem,
1391 1753 1444 1806 in
1490 1750 1689 1821 quibus
1733 1745 2001 1803 salutares

2123 1748 2233 1809 τοὺς
2281 1746 2464 1815 ἱεροὺς
2503 1745 2723 1829 τόπους,
2766 1742 2830 1794 ὲν
2878 1733 2957 1803 οἷς
2989 1738 3089 1801 τὰς
3122 1736 3420 1806 σωτηρίους
3451 1732 3517 1787 δι’
3544 1732 3694 1804 ἡμᾶς

420 1862 541 1916 illas
568 1857 825 1914 Dominus
860 1858 1079 1921 propter
1106 1862 1204 1903 nos
1229 1858 1411 1900 moras
1442 1842 1645 1907 traxit;
1682 1847 1845 1908 atque
1872 1837 2004 1891 ado-

2123 1838 2323 1900 ὲκείνας
2350 1839 2378 1889 6
2399 1821 2677 1906 Δεσπότης
2701 1834 2937 1886 ἐποιεῖτο
2965 1827 3267 1900 διατριϐάς
3307 1825 3695 1896 προσκυνήσας

423 1966 630 2007 rassem
656 1947 859 2018 pariter
897 1942 1097 1996 divinae
1137 1937 1318 1993 crucis
1355 1937 1593 2007 lignum;
1622 1930 1817 1987 deinde
1836 1930 1904 1982 ad
1935 1929 2010 1983 vi-

2123 1933 2166 1985 ιε
2200 1931 2381 1986 καὶτὸ
2433 1928 2529 1982 τοῦ
2581 1926 2735 2003 θείου,
2775 1925 3010 1995 σταυροῦ
3059 1921 3234 1988 ξύλον·
3280 1916 3401 1973 εἶτα
3434 1917 3697 1972 διαϐαίνω

426 2057 547 2098 rum
574 2009 793 2094 transeo
828 2032 966 2108 (88).
998 2032 1049 2087 ls
1090 2037 1294 2094 autem,
1321 2038 1432 2083 tum
1460 2027 1564 2081 alia
1592 2026 1684 2081 dat
1711 2022 1937 2079 consilia
1958 2030 2013 2077 et

2123 2025 2211 2078 καὶ
2252 2022 2390 2093 πρὸς
2421 2021 2514 2074 τὸν
2543 2018 2733 2089 ἄνδρα.
2799 2017 2858 2070 '0
2890 2016 2969 2081 δὲ,
3024 2016 3118 2068 καὶ
3148 2013 3284 2066 ἄλλα
3329 2012 3428 2082 μὲν
3458 2009 3699 2080 συμϐου-

428 2131 654 2193 mauita,
677 2138 787 2181 tum
805 2097 1019 2181 demum
1034 2124 1138 2178 hoc
1159 2120 1290 2175 mihi
1314 2118 1554 2189 pra-cipit
1573 2136 1587 2173 :
1608 2117 1666 2172 Si
1692 2117 1795 2183 vis,
1813 2114 2011 2183 inquit,

2123 2113 2262 2167 λεύει
2311 2111 2407 2164 καὶ
2438 2108 2776 2173 ὑποτίθεται,
2822 2104 3133 2158 τελευταῖον
3179 2101 3236 2155 δέ
3270 2117 3359 2171 μοι
3393 2099 3487 2154 καὶ
3537 2097 3701 2152 τοῦτο

428 2223 608 2279 salvus
639 2234 785 2283 esse,
815 2218 951 2271 vade
982 2219 1049 2270 ad
1077 2213 1252 2283 magni
1284 2209 1562 2282 Euthymii
1599 2208 2010 2272 monasterium,

429 2327 487 2371 et
519 2317 570 2369 in
601 2329 665 2368 eo
700 2311 905 2365 habita.
947 2307 1041 2361 llis
1068 2320 1168 2375 ego
1204 2304 1427 2369 auditis,
1445 2301 1602 2357 venio
1628 2315 1725 2370 per
1759 2299 2013 2354 solitudi-

434 2422 557 2461 nem
592 2418 756 2472 quaru
793 2398 1059 2455 citissime
1086 2399 1155 2450 ad
1183 2394 1496 2460 Jordauem,
1537 2401 1592 2446 et
1616 2392 1752 2447 satis
1797 2390 2016 2460 longum

436 2508 648 2565 tempus
680 2508 803 2548 cum
852 2489 1106 2545 Patribus
1150 2489 1239 2557 qui
1272 2486 1383 2540 illic
1409 2491 1567 2539 erant
1600 2492 1846 2538 versatus
1881 2481 2017 2552 (89),

435 2588 585 2641 circa
604 2598 841 2639 mensem
861 2579 1060 2636 Iulium
1080 2580 1133 2634 in
1152 2578 1331 2649 magni
1355 2577 1497 2632 illius
1515 2575 1723 2631 delatus
1741 2588 2018 2631 monaste—

440 2682 603 2743 rium,
630 2685 913 2747 susceptus
939 2672 1035 2728 I‘ui.
1056 2670 1228 2727 Porro
1255 2670 1514 2725 Leontius
1539 2677 1680 2737 erat,
1704 2669 1790 2723 cui
1817 2679 1942 2723 tunc
1970 2676 2023 2722 et

438 2770 768 2839 suscipiendi
828 2782 958 2823 cura
1009 2774 1066 2822 et
1099 2762 1418 2820 monasterii
1465 2762 1789 2833 praefectura
1848 2762 2024 2816 fuerat

439 2865 749 2920 commissa.

511 2954 827 3013 CXXXVII.
859 2956 971 3012 Illic
997 2970 1128 3026 ergo
1153 2968 1520 3017 commorans,
1550 2951 1710 3008 video
1737 2964 1802 3005 ea
1837 2955 2028 3004 aestate

441 3052 727 3121 quemdam
758 3064 960 3122 genere
1008 3049 1254 3116 Cilicem,
1289 3049 1477 3104 habitu
1514 3045 1861 3107 monachum,
1888 3040 2030 3095 Pau-

2116 2206 2449 2274 ἐπισκήπτει
2470 2219 2485 2234 ·
2519 2202 2618 2266 ὡς,
2661 2199 2836 2269 Εἴπερ
2865 2197 3043 2269 βούλει
3072 2195 3334 2266 σωθῆναι,
3361 2193 3548 2263 φησὶν,
3580 2190 3701 2245 ἐλθὲ

2116 2299 2268 2370 παρὰ
2293 2298 2392 2368 τὴν
2426 2293 2703 2365 Εὐθυμίου
2743 2291 2838 2345 τοῦ
2881 2290 3116 2361 μεγάλου
3148 2287 3336 2359 μονὴν,
3372 2286 3468 2340 καὶ
3495 2283 3701 2355 ταύτην

2116 2392 2361 2462 οἴκητον.
2417 2386 2637 2441 Τούτων
2698 2384 2942 2446 ἀκούσας
2993 2379 3126 2451 ἐγὼ,
3180 2382 3411 2450 ἔρχομαι
3464 2377 3551 2431 διὰ
3602 2377 3703 2447 τῆς

2119 2484 2326 2553 ἐρήμου
2343 2479 2443 2548 τὴν
2472 2477 2742 2548 ταχίστην
2767 2474 2921 2546 παρὰ
2948 2473 3040 2527 τὸν
3062 2471 3355 2543 Ἰορδάνην,
3387 2468 3482 2521 καὶ
3511 2467 3703 2538 χρόνον

2125 2577 2311 2631 ἱκανὸν
2336 2578 2448 2639 τοῖς
2478 2574 2658 2626 ἐκεῖσε
2684 2565 3116 2641 προσδιατρίψας
3146 2562 3412 2631 Πατράσι,
3443 2559 3568 2629 περί
3595 2574 3701 2610 που

2120 2671 2212 2724 τὸν
2231 2667 2453 2722 Ἰούλιον
2472 2668 2622 2737 μῆνα
2660 2665 2728 2734 τῇ
2755 2661 2850 2715 τοῦ
2883 2660 3119 2729 μεγάλου
3142 2658 3276 2727 μονῇ
3300 2649 3699 2724 προσενεχθεὶς,

2125 2763 2467 2833 είσεδέχθην,
2504 2759 2758 2819 Λεόντιος
2801 2755 2858 2809 δὲ
2888 2750 2958 2827 ἦν
2987 2754 3017 2805 6
3058 2753 3152 2806 καὶ
3183 2751 3282 2821 τὴν
3317 2742 3581 2815 ὑποδοχὴν
3607 2743 3707 2797 καὶ

2124 2856 2224 2927 τὴν
2247 2857 2345 2925 τῆς
2376 2854 2542 2925 μονῆς
2576 2847 2912 2922 προστασίαν
2947 2843 3249 2916 τηνικαῦτα
3284 2837 3675 2908 πεποιημένος.

2199 2945 2367 3001 ΡΛΖ’.
2410 2944 2558 2999 Ἐκεῖ
2590 2937 2880 3011 τοιγαροῦν
2912 2936 3226 3010 διατρίϐων,
3262 2932 3374 3005 ὁρῶ
3436 2946 3561 2983 τινα
3613 2925 3712 2980 τοῦ

2134 3038 2300 3095 αὑτοῦ
2334 3037 2561 3109 θέρους,
2581 3034 2781 3088 Κίλικα
2815 3031 2875 3085 τὸ
2921 3030 3098 3100 γένος,
3128 3027 3188 3081 τὸ
3240 3024 3429 3096 σχῆμα
3458 3018 3712 3093 μοναχὸν,

442 3145 553 3199 lum
585 3146 826 3208 nomine,
861 3160 927 3199 ex
952 3142 1194 3214 Martyrii
1257 3138 1595 3196 monasterio
1637 3133 1963 3206 profectum,
1996 3147 2019 3185 a

2136 3136 2356 3191 Παῦλον
2385 3134 2583 3204 ὄνομα,
2631 3130 2732 3201 τῆς
2766 3127 2859 3184 τοῦ
2896 3122 3213 3196 Μαρτυρίου
3261 3118 3433 3231 μονῆς
3473 3115 3716 3231 ἐξορμεῖὲί

443 3228 586 3286 rualo
614 3230 845 3298 quidem
880 3231 1073 3300 spiritu
1116 3238 1454 3299 correptum,
1482 3243 1511 3282 a
1540 3223 1895 3281 familiaribus
1929 3237 2025 3276 au-

447 3332 556 3375 tcrn
588 3321 880 3376 adductum
919 3321 988 3375 ad
1044 3329 1455 3376 monumentum
1502 3317 1797 3388 Euthymii.
1844 3314 2028 3370 Posito

447 3414 612 3483 igitur
642 3410 913 3467 monacho
964 3412 1033 3467 ad
1069 3412 1282 3466 thecam
1331 3408 1708 3479 reliquiarum,
1759 3419 2029 3475 apparens

447 3504 612 3574 paulo
639 3513 762 3574 post
806 3517 1034 3573 magnus
1068 3504 1248 3558 media
1297 3512 1459 3556 nocte
1506 3498 1659 3568 fugat
1707 3498 2028 3552 daemonem.

449 3598 518 3654 Et
549 3598 653 3655 hoc
687 3596 1055 3652 testimonium
1097 3595 1396 3651 curationis
1447 3603 1681 3648 certum.
1728 3588 1862 3643 Nam
1907 3602 2030 3643 eum

452 3693 573 3761 ipsa
620 3699 783 3745 nocte
835 3689 1075 3744 venisset
1124 3686 1326 3742 Paulus
1386 3685 1471 3756 ad,
1520 3684 1709 3737 horam
1757 3691 2036 3736 nocturnae

454 3780 794 3853 psaltnodiae,
821 3781 880 3833 Iit
912 3794 1049 3834 unus
1099 3792 1169 3833 ex
1199 3778 1267 3832 iis
1294 3776 1387 3848 qui
1424 3776 1714 3840 canebant,
1753 3783 1807 3828 et
1850 3785 2036 3827 coram

457 3872 710 3929 erunibus
749 3870 907 3927 nobis
941 3885 1001 3926 se
1030 3885 1065 3925 a
1098 3868 1210 3924 Deo
1239 3878 1487 3925 curatum
1532 3867 1697 3923 Iniss'e
1726 3864 2034 3935 proﬁtetur.

458 3966 633 4032 Quam
663 3979 777 4021 rem
803 3964 893 4019 ubi
928 3972 1313 4032 compererunt
1343 3962 1434 4032 qui
1475 3961 1529 4016 in
1567 3959 1814 4030 Martyrii
1854 3970 2042 4013 mena»

457 4058 628 4112 sterio
656 4064 836 4120 erant,
861 4056 1103 4120 veniunt,
1131 4066 1190 4108 ut;
1220 4069 1345 4109 eum
1381 4055 1436 4108 in
1467 4068 1622 4108 suum
1648 4050 2039 4106 monasterium

463 4148 747 4201 reducant.
794 4146 865 4198 At
906 4145 994 4199 ille
1032 4144 1220 4201 volens
1273 4158 1334 4200 se
1383 4154 1596 4215 gratum
1643 4143 1956 4206 ostendere,
1986 4148 2042 4196 et

464 4243 605 4312 apud
648 4255 706 4295 se
747 4240 1113 4310 conscriptam
1164 4238 1390 4309 gratiam
1445 4252 1795 4305 conservans,
1846 4235 2045 4292 mansit

464 4332 719 4398 deinceps
748 4329 801 4383 in
835 4330 1107 4396 coenobio,
1139 4329 1423 4398 omnisque
1444 4328 1644 4384 laboris
1669 4338 1727 4384 et
1754 4325 2043 4382 ministerii

465 4421 840 4493 alacerlanc
886 4422 1069 4477 animo
1127 4435 1251 4477 eum
1307 4419 1569 4477 fratribus
1612 4434 1672 4476 se
1723 4418 2041 4490 participem

467 4514 615 4569 fecit.

539 4691 870 4749 CXXXVIII.
906 4693 1212 4763 Aliquando
1256 4692 1423 4763 igitur
1462 4691 1781 4761 colligentes
1820 4691 2049 4747 alimen-

469 4794 580 4839 tum
610 4787 662 4839 in
692 4786 1012 4852 solitudine;
1054 4786 1107 4841 id
1136 4800 1264 4840 vero
1300 4793 1438 4848 erat,
1480 4798 1601 4854 quae
1632 4782 1810 4839 solent
1855 4785 2051 4854 appel-

2135 3228 2314 3290 θέντα,
2350 3201 2628 3292 πνεύματι
2683 3218 2783 3290 μὲν
2841 3213 3063 3287 πονηρῷ
3095 3210 3469 3281 συνεχόμενον,
3501 3205 3606 3258 ὑπὸ
3658 3201 3719 3257 δὲ

2132 3316 2240 3371 τῶν
2296 3312 2625 3384 ἐπιτηδείων
2676 3308 2756 3378 τῷ
2784 3306 2878 3361 τοῦ
2928 3304 3205 3375 Εὑθυμίου
3246 3300 3494 3371 μνήματι
3541 3310 3722 3366 προσ-

2136 3408 2241 3475 αγό
2251 3422 2430 3477 μενον.
2456 3405 2500 3457 Τ
2504 3404 2716 3465 εθέντος
2741 3400 2920 3454 τοίνυν
2938 3398 3032 3451 τοῦ
3066 3392 3300 3467 μοναχοῦ
3332 3389 3483 3462 παρὰ
3510 3391 3575 3460 τῇ
3620 3386 3719 3442 τοῦ

2132 3499 2389 3577 Bird;de
2422 3496 2588 3568 θήκῃ,
2618 3492 2877 3562 ἱποφθεὶς
2907 3491 3024 3563 μετ’
3053 3489 3237 3556 ὀλίγον
3264 3490 3292 3540 6
3322 3485 3497 3556 μέγας
3531 3482 3720 3551 μέσων

2138 3576 2351 3648 νυκτῶν
2375 3591 2467 3645 τὸν
2494 3589 2725 3659 δαίμονα
2756 3585 3071 3640 ἀπελαύνει.
3098 3582 3207 3637 Καὶ
3226 3580 3385 3634 τοῦτο
3418 3576 3722 3648 μαρτύριον

2139 3687 2237 3756 τῆς
2271 3686 2469 3746 ἰάσεως
2506 3679 2761 3751 ἀψευδές.
2816 3677 2998 3748 Αὐτῆς
3037 3675 3145 3753 γὰρ
3173 3672 3368 3734 νυκτὸς
3415 3666 3657 3725 ἀνελθὼν
3696 3669 3726 3721 6

2141 3777 2354 3841 Παῦλος
2382 3775 2535 3846 παρὰ
2565 3774 2666 3845 τήν
2697 3774 2797 3843 τῆς
2826 3769 3150 3842 νυκτερινῆς
3182 3764 3502 3836 ψαλμῳδίας
3547 3760 3723 3832 ὥραν,

2138 3866 2221 3935 εἷς
2245 3886 2307 3923 τε
2339 3869 2450 3922 τῶν
2488 3865 2725 3939 ᾀδόντων
2761 3865 2993 3936 γίνεται,
3027 3861 3120 3916 καὶ
3176 3858 3262 3929 ἐφ’
3296 3857 3452 3928 ήμῶν
3505 3858 3731 3909 πάντων

2141 3959 2263 4030 Θεῷ
2299 3960 2400 4029 τὴν
2434 3959 2581 4012 ἴασιν
2614 3954 3035 4026 ὲξομολογεῖται.
3059 3951 3364 4013 -Μαθόντες
3418 3947 3510 4001 οὖν
3546 3947 3597 3999 οί
3627 3948 3731 4016 τῆς

2141 4052 2237 4106 τοῦ
2277 4050 2593 4122 Μαρτυρίου
2630 4048 2799 4120 μονῆς
2825 4047 2887 4101 τὸ
2914 4044 3302 4115 γεγενημένον,
3334 4041 3561 4113 ἣκουσιν
3584 4037 3729 4092 ὥστε

2143 4143 2235 4199 τδν
2271 4141 2484 4197 Παῦλον
2529 4142 2610 4203 είς
2653 4139 2751 4210 τὴν
2784 4139 2992 4192 οίκείαν
3035 4132 3192 4200 αὖθις
3232 4133 3400 4205 μονὴν
3446 4134 3732 4198 ἐπαναγα-

2145 4240 2286 4308 γεῖν.
2352 4235 2498 4290 Ἀλλ’
2551 4236 2789 4300 ἐκεῖνος,
2828 4230 3126 4302 εὐγνώμων
3182 4227 3494 4283 δείκνυσθαι
3537 4223 3730 4295 βουλό-

2151 4347 2334 4401 μενος,
2365 4327 2719 4399 ἀναγραπτόν
2749 4343 2808 4379 τε
2863 4326 2962 4395 τὴν
2993 4323 3155 4395 χάριν
3203 4319 3333 4391 παρ’
3377 4318 3553 4387 ἑαυτῷ
3604 4334 3735 4371 συν-

2147 4423 2352 4494 τηρῶν,
2385 4421 2545 4492 ἔμενε
2575 4419 2635 4473 τὸ
2660 4418 2845 4472 λοιπὸν
2879 4418 2937 4469 ὲν
2968 4416 3044 4487 τῷ
3067 4413 3338 4483 κοινοόίῳ,
3373 4414 3469 4466 καὶ
3524 4409 3732 4472 παντὸς

2067 4508 2123 4571 D
2148 4514 2316 4567 πόνου
2347 4515 2442 4567 καὶ
2467 4506 2935 4582 λειτουργήματος
2964 4509 3062 4561 σὺν
3091 4505 3376 4578 προθυμίᾳ
3418 4502 3566 4573 πάσῃ
3617 4503 3735 4565 τοῖς

2150 4604 2399 4675 ᾲδελφοῖς
2436 4601 2733 4658 ἐκοινώνει.

2220 4694 2397 4753 ΡΛΗ’.
2439 4696 2579 4748 [lore
2619 4696 2751 4764 γοῦν
2783 4693 3134 4763 συλλέγοντες
3192 4694 3353 4764 ἡμεῖς
3387 4688 3597 4760 τροφὴν
3642 4687 3738 4740 ἐπὶ

2156 4788 2254 4858 τῆς
2282 4787 2512 4858 ἐρήμου·
2538 4787 2575 4857 ή
2606 4786 2663 4840 δὲ
2693 4780 2785 4857 ἦν,
2817 4783 2856 4839 ἃ
2889 4783 3152 4856 μανούθια
3177 4784 3404 4856 σύνηθες
3426 4780 3735 4852 ὀνομάζεινο

1783 4890 1787 4905 '
1810 4881 2045 4939 νΑιιιιΕ
2073 4882 2483 4942 LECTIONES.

539 4987 580 5010 ἰ
606 4980 677 5035 al.
701 4952 1067 5050 ὲσκεπτόμην.
1144 4985 1171 5013 η
1198 4975 1273 5030 al.
1310 4976 1798 5045 Ὠριγενειαστῶν.

1684 5070 1880 5127 JOAN.
1916 5072 2261 5129 BOLLANDI
2298 5074 2540 5131 NOTAE.

470 5165 662 5229 scitur,
692 5162 822 5217 hinc
861 5160 1254 5233 Scythopolim.
1296 5157 1559 5230 Cyrillum
1609 5174 1833 5229 puerum
1873 5162 2053 5233 disci-

472 5236 655 5304 pulum
691 5235 805 5304 sibi
829 5231 1095 5304 acquirit,
1127 5231 1281 5299 cujus
1309 5240 1471 5304 caput
1499 5232 1838 5304 metropolita
1872 5231 2055 5287 Theo-

472 5300 655 5358 ilosius
685 5303 913 5355 tondens
942 5303 991 5353 in
1022 5303 1195 5370 primo
1236 5300 1607 5354 ecclesiastico
1654 5305 1819 5369 gradu
1851 5304 2058 5357 consti-

476 5375 595 5427 tuit.
625 5372 785 5425 Redit
833 5370 1005 5425 Sabas
1049 5372 1112 5423 ad
1158 5374 1387 5433 lanram,
1446 5382 1501 5423 et
1541 5373 1751 5425 modico
1815 5382 2057 5441 tempore

474 5444 546 5497 ibi
575 5450 850 5497 transacto
892 5441 1213 5495 inﬁrmitate
1263 5443 1513 5494 detentus
1554 5452 1657 5505 est,
1693 5458 1760 5496 ex
1793 5458 1895 5507 qua
1923 5444 2058 5496 obiit

474 5515 770 5567 indictione
820 5514 1048 5576 decima,
1113 5512 1146 5565 5
1191 5512 1503 5565 Decembris
1549 5527 1638 5564 an.
1679 5512 1779 5567 Ch.
1806 5513 1932 5566 551.
1975 5516 2057 5565 Ab

476 5584 770 5638 indictione
793 5599 919 5652 ergo
943 5598 1108 5649 nona,
1138 5583 1204 5635 ad
1235 5594 1550 5650 sequentem
1582 5594 1792 5637 sextam
1838 5583 2056 5635 nonnisi

2161 5165 2404 5220 decimus
2428 5165 2619 5219 tertius
2643 5163 2926 5219 labebatur
2950 5161 3297 5230 annus;nisi
3349 5170 3474 5217 ante
3527 5160 3738 5215 dicatur

2161 5236 2403 5289 habitum
2437 5237 2795 5289 ruonastieum
2834 5234 3131 5302 accepisse,
3171 5232 3445 5303 quodille
3490 5231 3637 5288 locus
3684 5233 3739 5285 in

2160 5306 2268 5357 vita
2296 5303 2353 5357 S.
2374 5304 2532 5358 Sabae
2561 5319 2703 5374 aegre
2722 5314 2779 5357 ut
2808 5304 3145 5370 suspicentur
3170 5302 3454 5374 permittit.

2235 5376 2347 5435 (88)
2375 5374 2429 5425 ln
2465 5376 2668 5427 lanrant
2705 5375 2764 5429 S.
2791 5375 2967 5428 Satbze.

2238 5444 2349 5515 (89)
2376 5444 2723 5515 Potissimum
2757 5460 2878 5498 cmn
2903 5462 2922 5494 ι
2959 5441 3212 5515 Seniculo
3245 5457 3470 5515 monaco
3490 5442 3541 5496 in
3571 5457 3740 5496 xeno-

2174 5513 2601 5584 dmdnioahbatis
2624 5513 2921 5584 Enthymii,
2954 5532 2972 5565 ι
3008 5513 3318 5583 Scyllmpoli
3341 5528 3405 5566 ex
3445 5515 3740 5568 monitione

2166 5583 2223 5638 S.
2259 5582 2485 5638 Joannis
2515 5587 2568 5638 in
2602 5582 2794 5639 somno
2820 5584 2871 5638 ei
2901 5585 3064 5639 facta.
3086 5582 3151 5637 lu
3184 5584 3341 5652 hujus
3374 5583 3511 5639 Vita.

542 5696 615 5765 (ξι)
647 5693 987 5765 ΪΙοιζστινιανοῦ
1012 5696 1375 5747 emendandum
1399 5698 1604 5761 afﬁrmo,
1632 5712 1728 5748 nec
1751 5698 2044 5762 probatione
2080 5706 2159 5751 cst
2191 5714 2342 5764 opus;
2384 5715 2584 5765 prorsus
2614 5707 2785 5754 tamen
2826 5703 3048 5754 videndae
3077 5704 3188 5753 alia
3224 5702 3473 5753 editiones
3499 5716 3612 5765 qua:
3661 5698 3746 5755 hic

476 5756 686 5813 variant.
717 5756 1023 5807 COTELERIUS.
