4144 6420
394 400 510 466 ’113

1678 396 1850 456 YlTA
1897 395 1956 454 S.
2000 394 2406 454 EUTHYMII.

3569 404 3679 469 714

410 509 690 581 ’Πρόμεθα
749 509 842 563 τὸν
902 509 1108 562 Παῦλον
1165 507 1257 560 ἐπὶ
1303 509 1365 578 τῇ
1419 507 1652 579 συλλογῇ
1687 509 1780 561 καὶ
1817 507 1981 560 αὑτὸν

2090 509 2201 561 lare
2227 507 2502 560 manuthia
2525 507 2668 576 (90);
2699 510 2750 564 in
2772 511 3075 581 colligendo
3098 490 3408 584 rogavimus
3429 516 3680 577 Paulum.

377 604 666 676 έπαρόντα,
713 603 797 656 ὅτι
866 619 926 655 τε
958 601 1150 665 πάθος,
1179 600 1273 654 καὶ
1307 599 1430 653 ὅθεν
1476 601 1557 662 εἰς
1609 599 1670 652 τὸ
1721 599 1988 654 κοινόϐιον

394 699 565 762 ἔλθοι,
595 697 693 751 καλ⁸
718 696 839 760 οἵας
875 694 1028 766 παρά
1053 697 1120 764 τῇ
1155 692 1250 746 τοῦ
1281 691 1539 762 λειψάνου
1581 691 1724 761 θήκῃ
1749 690 1990 743 ἁπολαύο

397 808 482 845 σοι
514 789 614 858 τῆς
645 785 966 860 θεραπείας.
1031 785 1142 838 Καὶ
1182 785 1346 848 αὐτὸς
1389 782 1635 854 συνήθως
1689 784 1822 854 ἡμῖν
1848 782 1988 850 ἔχων

394 885 524 954 ιἤδη,
572 882 665 934 καὶ
698 881 865 952 μηδὲν
895 879 1050 942 εἰδὼς
1075 878 1144 932 τά
1171 895 1236 948 γε
1266 877 1402 948 πρὸς
1426 877 1574 947 ἡμᾶς
1605 876 1984 946 ὑποκρίνεθαι,

395 974 651 1046 φανερῶς
691 973 912 1026 ἅπαντα
960 971 1183 1042 διεξῄει.
1244 967 1388 1036 Ἐγὼ
1439 967 1738 1034 διακονίαν,
1789 967 1989 1034 λέγων,

395 1070 457 1119 ὲν
505 1069 572 1136 τῇ
609 1065 702 1118 τοῦ
733 1063 1051 1135 Μαρτυρίου
1107 1064 1242 1132 μονῇ
1274 1060 1608 1124 πιστευθεὶς,
1642 1058 1987 1130 φιλοχρημα-

394 1155 520 1218 τίας
555 1156 656 1207 οὐκ
689 1150 787 1207 οἷδ’
831 1154 979 1214 ὅπως
1012 1153 1188 1206 ἑάλων
1239 1153 1425 1224 ἔρωτι.
1474 1150 1698 1222 Ἐπειδὴ
1741 1150 1798 1202 δὲ
1855 1149 1991 1219 ἠπό-

395 1265 531 1318 ρουν
570 1249 664 1300 καί
694 1247 794 1299 οὐκ
839 1243 984 1316 εἶχον
1011 1245 1134 1300 ὅθεν
1165 1246 1232 1299 ἂν
1267 1245 1388 1298 οὐδὲ
1415 1245 1667 1315 δραχμὴν
1697 1245 1985 1314 κτήσαιμι,

396 1339 584 1394 ἒννοιά
633 1355 724 1410 μοι
761 1339 994 1406 γίνεται,
1050 1337 1160 1390 τῶν
1212 1338 1374 1406 ἱερῶν
1428 1336 1643 1390 σκευῶν
1691 1335 1986 1405 ὑφελέσθαι

394 1433 542 1496 τινὰ,
573 1431 779 1484 τούτων
803 1447 862 1483 τε
884 1431 1118 1484 ἕκαστον
1137 1429 1302 1500 τιμῆς
1332 1428 1650 1494 ἀποδόσθαι,
1671 1428 1767 1480 καὶ
1794 1427 1988 1496 κτῆσιν

394 1526 624 1597 ἐμαυτῷ
647 1542 768 1578 τινα
790 1523 936 1578 τόνδε
978 1523 1069 1576 τὸν
1086 1523 1287 1594 τρόπον
1317 1521 1798 1593 περιποιήσασθαι.
1833 1519 1988 1572 Ἐπεὶ

395 1616 494 1674 οὖν
519 1617 761 1690 ἡττήθην
787 1617 956 1670 τῶνδε
1009 1617 1116 1670 τῶν
1149 1614 1402 1686 πονηρῶν
1426 1614 1726 1684 λογισμῶν,
1762 1612 1858 1667 καὶ
1896 1613 1987 1666 τὸν

408 1713 505 1768 τοῦ
543 1712 680 1765 Θεοῦ
709 1711 873 1780 φόϐον
903 1709 1307 1780 ἀπεσεισάμην,
1344 1706 1681 1779 ὑφαιροῦμαι
1714 1707 1813 1768 τὰς
1841 1705 1988 1767 κλεῖς

397 1810 466 1860 ἐκ
495 1804 591 1859 τοῦ
636 1802 1052 1873 θυσιαστηρίουο
1103 1802 1192 1854 καὶ
1217 1798 1489 1864 διανοίξας
1521 1797 1653 1852 ἔνθα
1683 1797 1791 1850 τῶν
1822 1795 1986 1866 ἱερῶν

2093 597 2188 667 qui
2235 598 2352 668 ipse
2391 599 2554 653 etiam
2607 600 2818 670 aderat,
2866 604 3128 674 quidnam
3171 606 3220 663 ei
3263 609 3577 678 accidisset,
3627 623 3686 668 et

2093 705 2262 758 quare
2292 691 2528 745 venissat
2554 693 2604 745 in
2630 697 2966 763 cceuobium,
3003 699 3333 770 qualemque
3365 713 3514 758 esset
3545 719 3680 760 con-

2091 792 2313 835 secutus
2364 783 2702 838 curationem
2768 787 2836 840 ad
2893 788 3106 843 thecam
3175 791 3550 863 reliquiarum.
3617 795 3685 852 Et

2093 872 2230 942 ipse,
2269 874 2383 943 jam
2427 875 2708 930 nobiscum
2746 877 3089 938 familiariter
3128 901 3315 954 agens,
3361 903 3459 944 nec
3491 889 3681 946 valens

2092 967 2232 1032 apud
2259 981 2357 1021 nos
2389 967 2687 1037 quidquam
2725 969 3096 1039 dissimulare,
3140 978 3320 1032 omnia
3363 990 3552 1050 aperte
3594 998 3681 1037 re-

2092 1059 2305 1112 censuit
2355 1059 2545 1115 dicens
2576 1078 2588 1115 :
2616 1061 2749 1132 Ego,
2785 1077 2910 1118 cum
2961 1067 3224 1124 diaconiae
3265 1085 3360 1126 seu
3393 1073 3680 1142 dispensa-

2094 1147 2259 1204 tionis
2300 1165 2494 1206 munus
2539 1153 2591 1206 io
2638 1152 2885 1226 Martyrii
2939 1160 3270 1216 monasterio
3319 1167 3678 1234 accepissem,

2093 1240 2337 1295 avaritiae
2355 1243 2538 1299 nescio
2570 1249 2846 1315 quomodo
2871 1259 3062 1320 captus
3085 1251 3158 1307 fui
3186 1255 3504 1324 cupiditate.
3539 1257 3678 1325 Quia

2094 1346 2225 1387 vero
2257 1333 2413 1403 inops
2445 1351 2619 1405 eram,
2655 1355 2752 1395 nec
2778 1343 3043 1399 habebam
3073 1347 3214 1403 unde
3246 1349 3329 1404 vel
3363 1351 3680 1408 drachmam

2093 1423 2456 1492 acquirerem,
2477 1427 2769 1484 venitmihi
2793 1431 2847 1485 in
2866 1443 3129 1501 mentem,
3147 1451 3213 1490 ex
3235 1441 3408 1494 sacris
3425 1441 3682 1496 vasisali-

2092 1514 2234 1582 quod
2247 1515 2586 1584 surripereet
2600 1523 3021 1594 unumquodque
3032 1540 3218 1580 eorum
3231 1529 3408 1597 pretio
3423 1531 3680 1596 vendere,

2093 1613 2259 1673 atque
2293 1609 2359 1660 ad
2381 1623 2507 1662 eum
2536 1612 2753 1666 modum
2799 1613 3035 1683 aliquam
3077 1617 3208 1671 mihi
3242 1633 3437 1686 parare
3463 1636 3683 1690 posses—

2091 1695 2321 1750 sionem.
2360 1695 2652 1768 Postquam
2689 1717 2817 1773 ergo
2863 1705 3040 1760 victus
3071 1705 3148 1762 fui
3190 1708 3258 1763 ab
3302 1709 3387 1764 his
3418 1711 3681 1781 improbis

2092 1789 2538 1860 cogitationibus,
2580 1793 2938 1864 timoremque
2978 1796 3072 1854 Dei
3121 1803 3359 1868 excussi,
3408 1804 3677 1862 subtraho

401 1897 613 1952 σκευῶν
647 1898 680 1966 η
708 1895 993 1960 ἀπόθεσις,
1032 1893 1239 1946 τούτων
1270 1893 1340 1945 τὰ
1373 1891 1473 1962 μὲν
1525 1891 1850 1962 κακούργως
1874 1891 1989 1942 ὲνο-

2095 1883 2278 1940 claves
2327 1900 2392 1938 cx
2455 1885 2647 1953 altari;
2699 1898 2754 1941 et
2799 1899 2988 1957 aperto
3033 1890 3150 1946 loco
3195 1893 3246 1946 in
3293 1909 3401 1963 quo
3439 1897 3674 1967 reposita

400 1991 720 2062 σφισάμην,
773 1989 842 2040 τὰ
898 1987 955 2040 δὲ
1006 1987 1101 2040 καὶ
1155 1986 1336 2050 ἀλλοις
1391 1984 1674 2056 ὀλιγώρως
1717 1984 1982 2051 διένειμα.

399 2081 540 2138 Εἶτα
595 2085 695 2155 τὴν
741 2080 1022 2136 διακονίαν
1049 2080 1392 2143 οὲκτελέσας
1447 2079 1687 2146 ὲκείνην,
1731 2078 1830 2140 τὰς
1887 2077 1987 2147 μὲν

398 2178 553 2240 κλεῖς
579 2175 900 2244 ἀποδίδωμι,
925 2173 1107 2243 φέρων
1133 2171 1288 2234 αὖθις
1318 2171 1396 2241 τῷ
1413 2171 1808 2240 θυσιαστηρίῳ.
1843 2170 1988 2240 Τρα-

401 2270 528 2332 πεὶς
570 2269 628 2321 δὲ
679 2267 820 2336 μετᾶ
856 2283 1019 2318 τινων
1067 2263 1314 2333 ἀδελφῶν
1343 2264 1438 2316 ἐπὶ
1491 2261 1730 2326 δεῖπνον,
1789 2262 1987 2323 καὶείς

399 2361 567 2432 κόρον
599 2360 746 2413 οἴνου
783 2356 945 2422 πιὼν,
1001 2356 1096 2408 ἐπὶ
1133 2356 1230 2426 τῆς
1264 2355 1554 2426 στρωμνῆς
1585 2354 1768 2416 ἅθλιος
1818 2369 1988 2406 κατα-

400 2450 682 2520 κλίνομαι.
715 2450 823 2502 Καὶ
871 2448 1070 2502 αὐτίκα
1093 2447 1191 2517 ,δὴ
1240 2448 1348 2508 πᾶς
1381 2445 1677 2508 ἀκολασίας
1725 2443 1988 2514 λογισμὸς

398 2541 727 2612 καταχεῖταί
785 2558 886 2612 μου
915 2543 1015 2610 τῆς
1068 2541 1270 2608 ψυχῆς,
1311 2537 1504 2608 ὥσπερ
1536 2539 1624 2589 ἐπ’
1651 2537 1786 2590 αὐτὸ
1820 2535 1984 2588 τοῦτο

401 2635 629 2688 πάντων
679 2650 770 2703 μοι
826 2631 1267 2702 συνδραμόντων.
1312 2628 1452 2698 Ἐγὼ
1501 2629 1556 2682 δὲ
1608 2628 1706 2699 τὴν
1747 2628 1987 2681 διάνοιαν

398 2727 514 2781 ὑπὸ
563 2731 658 2798 τῆς
696 2725 867 2798 μέθης
932 2725 1015 2777 ἔτι
1061 2723 1482 2794 διεφθαρμένος,
1530 2722 1704 2794 ἡδέως
1747 2721 1987 2796 ἐμαυτὸν

394 2824 517 2884 τοῖς
549 2819 830 2888 λογισμοῖς
853 2818 1065 2880 τούτοις
1091 2817 1270 2886 ἀνῆκα
1289 2831 1304 2844 ·
1331 2815 1423 2868 καί
1457 2831 1524 2885 με
1548 2812 1983 2884 παραλαϐόντες,

395 2912 547 2966 οὕτω
573 2909 854 2978 διέθηκαν,
885 2907 958 2971 ὡς
975 2907 1070 2962 καὶ
1090 2907 1348 2977 γυναικὸς
1379 2906 1733 2960 αἰσθάνεσθαι
1765 2921 1986 2975 συμπα-

398 3004 628 3079 ρούσης,
648 3004 744 3057 καὶ
767 3002 905 3072 αὐτῇ
940 2999 1363 3056 συνανακεῖσθαι
1392 2998 1587 3052 δοκεῖν.

475 3160 648 3218 ΡΔΘ’.
687 3164 878 3231 ’Ἄφνω
906 3154 999 3214 οὖν
1036 3159 1365 3232 προσϐάλλει
1406 3176 1496 3230 μοι
1519 3159 1676 3228 νέφος
1709 3157 1984 3211 σκοτεινόν

395 3277 454 3313 τι
485 3259 579 3312 καὶ
629 3255 905 3327 ἀλαμπὲς·
939 3253 1000 3306 τὸ
1050 3230 1106 3306 si
1159 3248 1228 3325 ἦν
1260 3251 1382 3323 ἀρα-
1421 3254 1450 3306 ό
1495 3252 1844 3324 ἐπιπηδήσας
1893 3269 1983 3321 μοι
2011 3230 2054 3288 C

398 3351 602 3426 μιαρὸς
634 3348 866 3419 δαίμων·
899 3346 989 3415 ὑφ’
1021 3339 1084 3399 οὗ
1113 3343 1422 3417 χειρωθεὶς,
1457 3343 1647 3415 ὥσπερ
1681 3345 1786 3397 ὑπὸ
1813 3353 1842 3394 P
1868 3344 1978 3396 τῶν

397 3443 684 3514 πολεμίων
733 3438 962 3510 ληφθεὶς
989 3437 1355 3507 αἰχμάλωτος,
1406 3435 1599 3506 ἔμεινα
1637 3436 1852 3506 χρόνον·
1893 3435 1985 3489 ὑπ’

395 3537 571 3593 αὑτοῦ
606 3535 796 3607 συχνὸν
823 3533 1256 3606 τιμωρούμενος,
1287 3535 1379 3588 καὶ
1403 3533 1457 3586 τί
1492 3531 1567 3602 μὴ
1599 3533 1824 3602 πάσχων
1876 3531 2029 3588 τῶν.

395 3629 682 3703 χαλεπῶν.
717 3628 827 3682 Ποῦ
852 3628 963 3698 γὰρ
993 3627 1058 3680 ἂν
1103 3627 1198 3680 καὶ
1228 3627 1388 3697 κόρον
1425 3626 1577 3680 λάϐοι
1611 3625 1854 3688 τοιοῦτος
1892 3626 1985 3695 ἑχ-

399 3723 533 3793 θρδς
564 3719 659 3774 τοῦ
693 3720 879 3783 κακῶς
907 3720 1060 3791 δρᾷν,
1091 3718 1311 3773 ἐπειδὰν
1359 3717 1507 3785 ἀταξ
1537 3717 1724 3788 κύριος
1762 3718 1987 3788 γένηται

402 3817 610 3869 τοῦτον
643 3816 774 3884 ape;
805 3831 820 3880 ;
854 3814 955 3874 ἕως
985 3809 1168 3865 οἶκτόν
1225 3829 1326 3881 μου
1365 3811 1621 3874 λαϐόντες
1666 3812 1715 3863 οἱ
1745 3811 1986 3879 ἀδελφοὶ,

410 3908 750 3978 ἀναιροῦνταί
779 3923 872 3977 με,
905 3906 1002 3958 καὶ
1047 3907 1199 3976 παρά
1233 3903 1332 3976 τὴν
1362 3903 1454 3956 τοῦ
1493 3903 1649 3972 ἁγίου
1700 3903 1986 3972 κομίζουσι

413 3999 610 4069 θήκην.
647 4002 781 4070 Παρ’
817 4000 954 4070 αύτῇ
1011 3999 1189 4052 τοίνυν
1243 3995 1440 4060 τεθεὶς,
1492 3997 1588 4050 καὶ
1644 3996 1988 4067 παραχρῆμα

406 4090 522 4147 οἷον
551 4093 873 4162 ἀνενεγκὼν,
910 4094 1003 4145 καὶ
1034 4094 1094 4144 ὲν
1132 4089 1353 4161 ἐμαυτῷ
1389 4090 1701 4158 γενόμενος,
1755 4089 1988 4160 ἐδεόμην

402 4182 546 4253 μετά
570 4181 786 4252 θερμῶν
812 4181 920 4234 τῶν
951 4181 1224 4251 δακρύων,
1259 4179 1405 4232 ἐλεόν
1431 4196 1533 4249 μου
1556 4180 1676 4233 τινὰ
1698 4180 1789 4232 τὸν
1811 4180 1988 4248 μέγαν

398 4273 616 4338 λαϐεῖν,
671 4273 769 4328 κοιλ⁵
820 4274 920 4340 τῆς
979 4273 1243 4344 ἐπηρείας
1284 4289 1352 4342 με
1378 4271 1584 4344 ταύτης
1632 4272 1724 4324 τοῦ
1789 4271 1986 4343 μιαροῦ

396 4368 662 4438 δαίμονος
703 4367 1050 4432 ἀπαλλάξαι·
1091 4367 1184 4420 καὶ
1227 4367 1604 4438 προσεκείμην
1625 4367 1718 4434 ἀφ’
1749 4368 1988 4437 ἑσπέρας

397 4462 578 4530 αὐτῆς
620 4461 887 4532 λιπαρῶν,
945 4459 1042 4514 καὶ
1091 4459 1192 4513 οὐκ
1239 4460 1412 4514 ἀνίειν
1443 4459 1714 4528 δεόμενος.
1760 4459 1898 4529 Ἤδη
1929 4461 1988 4513 δὲ

2091 1987 2252 2031 erant
2273 1993 2398 2033 vasa
2424 1993 2602 2043 sacra,
2630 1995 2692 2034 ea
2723 1983 2919 2052 partim
2947 1983 3079 2038 mihi
3107 1985 3372 2041 scelerate
3396 1991 3676 2057 usurpavi.

2089 2070 2288 2136 partim
2331 2071 2454 2126 aliis
2494 2075 2848 2144 contemptim
2896 2075 3174 2132 distribui.
3204 2077 3412 2134 Deinde
3448 2091 3676 2156 peracto
3763 2105 3768 2110 ·

2090 2159 2184 2214 illo
2211 2161 2503 2218 ministerii
2540 2163 2739 2232 ofﬁcio,
2774 2165 2958 2221 claves
2988 2169 3210 2238 quidem
3255 2171 3448 2244 reddo,
3485 2187 3677 2228 rursus

2089 2253 2158 2308 ad
2177 2270 2326 2309 aram
2359 2255 2564 2311 ferens.
2603 2257 2916 2316 Conversus
2949 2271 3129 2318 autem
3179 2278 3303 2318 cum
3347 2265 3673 2333 quibusdam

2090 2345 2350 2403 fratribus
2381 2349 2449 2404 ad
2468 2365 2703 2417 omnem,
2739 2367 2862 2406 cum
2893 2355 3079 2409 vinum
3117 2355 3184 2409 ad
3223 2357 3542 2413 satietatem
3579 2359 3670 2414 bi-

2089 2437 2316 2504 bissem,
2362 2441 2416 2496 in
2447 2446 2641 2510 jstrato
2692 2445 2954 2500 recumbo
3002 2446 3190 2502 miser.
3239 2445 3502 2504 Protinus
3543 2463 3676 2505 vero

2090 2537 2288 2584 cuncta
2311 2531 2549 2587 libidinis
2587 2532 2845 2602 cogitatio
2875 2534 2930 2589 in
2968 2551 3144 2592 meam
3198 2537 3522 2594 diﬂ'unditur
3556 2545 3675 2596 ani-

2091 2635 2256 2685 mam,
2288 2623 2513 2692 perinde
2541 2639 2604 2678 ac
2631 2625 2677 2680 si
2699 2626 2767 2679 ad
2789 2626 2840 2680 id
2870 2627 3045 2697 ipsum
3075 2630 3261 2685 omnia
3286 2632 3415 2686 mihi
3441 2647 3678 2688 concur-

2089 2714 2310 2771 rissent.
2344 2715 2456 2787 Ego
2498 2727 2703 2783 autem,
2747 2719 2904 2788 cujus
2944 2721 3162 2777 animus
3191 2733 3312 2778 erat
3339 2726 3520 2782 adhuc
3551 2743 3678 2783 cor-

2089 2817 2327 2878 ruptusa
2365 2809 2704 2874 temulentis,
2737 2824 2826 2865 me
2850 2811 3082 2868 libenter
3112 2816 3309 2870 tradidi
3336 2817 3424 2872 bis
3459 2821 3672 2890 cogita-

2091 2898 2360 2966 tionibus;
2387 2914 2510 2970 quae
2542 2913 2630 2954 me
2667 2911 3004 2972 assumptum
3053 2905 3133 2958 sic
3177 2903 3496 2970 atl'ecerunt,
3528 2919 3587 2963 ut
3619 2922 3676 2965 et

2088 2992 2304 3046 viderer
2333 2994 2537 3049 sentire
2573 2993 2830 3050 feminam
2875 3011 2997 3067 qua:
3037 3011 3142 3052 una
3181 3013 3392 3055 mecum
3430 3012 3595 3070 esset,
3618 3017 3676 3059 et

2087 3099 2208 3139 cum
2236 3100 2297 3140 ea
2337 3101 2439 3140 una
2470 3086 2677 3156 jacere.

2161 3171 2453 3229 CXXXIX.
2484 3176 2676 3232 Subito
2705 3179 2870 3250 igitur
2885 3181 3197 3239 meinvadit
3224 3188 3472 3255 quaedam
3505 3190 3676 3246 nubrs

2092 3267 2375 3324 tenebrosa
2403 3279 2460 3324 et
2485 3269 2719 3326 obscura
2751 3291 2767 3328 :
2797 3286 2860 3326 ea
2903 3286 3069 3342 porro
3115 3285 3236 3331 erat
3272 3281 3364 3349 qui
3395 3280 3450 3336 in
3486 3297 3572 3338 me
3602 3286 3669 3339 ir-

2091 3368 2276 3413 ruerat
2305 3359 2548 3430 impurus
2569 3361 2820 3427 daemon;
2869 3377 2899 3416 a
2946 3379 3055 3434 quo
3094 3365 3363 3434 devictus,
3413 3381 3673 3442 tanquam

2087 3451 2157 3506 ab
2187 3449 2436 3506 hostibus
2453 3453 2698 3521 captivus
2730 3451 2927 3518 factus,
2961 3457 3135 3510 mansi
3165 3472 3260 3526 per
3281 3458 3501 3532 longum
3535 3473 3676 3518 tem-

2089 3559 2190 3615 pus
2218 3543 2288 3598 ab
2317 3559 2382 3598 eo
2402 3545 2698 3610 cruciatus,
2721 3554 2775 3599 et
2805 3545 2936 3616 quid
2963 3561 3068 3600 non
3093 3562 3258 3617 grave
3292 3565 3505 3620 passus.
3537 3553 3673 3610 Ubi-

2091 3650 2216 3689 nam
2251 3635 2398 3690 enim
2434 3637 2744 3691 satietatem
2799 3637 2939 3691 male
2979 3637 3208 3694 faciendi
3244 3645 3452 3713 ceperit
3481 3646 3674 3716 hujus-

2091 3728 2236 3781 modi
2262 3727 2538 3790 inimicus,
2588 3729 2804 3796 quando
2850 3729 3017 3783 semel
3050 3731 3301 3789 habuerit
3347 3746 3667 3804 potestatem

2090 3817 2321 3872 faciendi
2348 3819 2487 3872 hoc?
2521 3819 2700 3874 Donec
2727 3817 2926 3874 fratres
2947 3821 3094 3876 ducti
3125 3826 3229 3878 mei
3271 3827 3668 3896 misericordia.

2089 3911 2283 3966 tollunt
2305 3925 2409 3976 me,
2446 3920 2500 3964 et
2531 3910 2598 3964 ad
2621 3912 2793 3964 sancti
2819 3925 3039 3981 capsam
3069 3913 3365 3974 adducunt.
3393 3920 3579 3991 Itaque
3601 3928 3668 3978 ad

2091 4003 2238 4056 illam
2272 4002 2499 4070 positus,
2535 4003 2718 4058 statim
2768 4003 2914 4059 velut
2956 4017 3234 4062 recreatus
3275 4021 3332 4064 et
3375 4013 3428 4066 in
3464 4030 3551 4069 me
3588 4032 3672 4070 re-

2090 4109 2304 4158 versus,
2351 4096 2572 4149 orabam
2629 4109 2751 4149 cum
2799 4095 3285 4172 calidislacrymis,
3340 4114 3399 4157 ut
3445 4121 3676 4178 magnus

2092 4188 2195 4241 mei
2232 4186 2575 4256 aliquatenus
2599 4187 2968 4254 misereretur,
3007 4205 3201 4260 meque
3238 4195 3308 4248 ab
3341 4195 3442 4250 hac
3473 4198 3672 4270 impuri

2091 4279 2352 4334 dmuonis
2390 4269 2648 4334 liberaret
2683 4281 2971 4336 vexatione
3007 4293 3104 4338 :et
3134 4299 3162 4338 a
3193 4301 3420 4357 vespera
3461 4269 3678 4347 iilaad—

2087 4369 2337 4438 jacebam
2370 4369 2701 4439 supplicans,
2738 4386 2838 4425 nec
2881 4373 3304 4432 intermittebam
3341 4395 3518 4435 orare.
3552 4381 3672 4438 Jam

2090 4476 2222 4516 vero
2253 4462 2398 4516 circa
2429 4461 2662 4516 mediam
2701 4473 2914 4519 noctem
2947 4465 3174 4521 videbar
3207 4471 3337 4525 mihi
3379 4477 3582 4530 versari
3617 4477 3671 4530 in

398 4556 539 4625 περὶ
579 4553 642 4606 τὸ
693 4553 1020 4626 μεσαίτατον
1072 4551 1176 4620 τῆς
1213 4550 1429 4613 νυκτὸς,
1486 4550 1660 4604 ἐδόκει
1703 4568 1795 4620 μοι
1837 4554 1989 4622 παρά

2090 4554 2325 4622 quodam
2352 4551 2468 4608 loco
2485 4553 2668 4609 divino
2696 4563 2750 4608 et
2791 4554 3130 4623 admirabili;
3161 4561 3314 4627 cujus
3344 4564 3668 4632 posituram,

395 4665 514 4700 τινι
560 4647 860 4716 διατρίϐειν
912 4645 1064 4716 τόπῳ
1113 4644 1244 4715 θείῳ
1298 4644 1392 4698 καὶ
1443 4642 1764 4714 θαυμαστῷ·
1793 4640 1854 4698 οὗ
1885 4645 1985 4715 τὴν

397 4741 582 4806 θέσιν,
611 4742 672 4793 τδ
701 4739 930 4804 κάλλος,
984 4738 1082 4808 τὴν
1134 4737 1315 4808 χάριν,
1373 4733 1588 4800 εὔξαιτο
1641 4735 1741 4804 μὲν
1794 4736 1859 4788 ἄν
1900 4754 1984 4801 τις

2095 4645 2579 4716 pulchritudinem,
2620 4645 2875 4714 gratiam,
2916 4650 3186 4713 optaverit
3224 4651 3442 4718 quidem
3488 4655 3674 4712 videre

2093 4739 2386 4808 quispiam,
2406 4736 2501 4792 sed
2531 4737 2710 4792 verbis
2733 4752 3072 4808 nequaquam
3103 4743 3305 4809 poterit
3335 4745 3668 4814 exprimere.

1778 4849 2018 4908 VARIE
2051 4849 2460 4908 LECTlONES.

481 4962 505 4986 υ
531 4951 604 5006 al.
636 4948 924 5024 διανομήν.
997 4957 1028 5000 ι’
1057 4947 1127 5005 al.
1166 4946 1270 5001 ὑπό
1301 4964 1418 5004 του.
1495 4955 1522 4997 tt
1543 4947 1616 5003 al.
1644 4947 1757 5002 τοῦ.

1725 5046 1921 5104 JOAN.
1960 5047 2301 5106 BOLLANDI
2333 5045 2567 5103 NOTAE}.

479 5147 592 5219 (90)
619 5145 794 5201 Lubet
809 5145 874 5201 de
902 5161 1034 5219 voce
1065 5146 1194 5219 hac,
1213 5159 1476 5219 nusquam
1508 5146 1826 5219 alihi_nobis
1856 5149 1979 5215 qui-

401 5214 528 5276 dem
577 5214 810 5280 notata,
867 5217 1136 5271 eruditum
1172 5216 1395 5268 Adriani
1423 5214 1681 5271 Crommii
1734 5214 1974 5288 (utrique

401 5300 652 5346 nostrum
703 5301 920 5356 δειξγει·
967 5303 1090 5340 cum
1138 5289 1343 5357 honore
1397 5288 1737 5352 nominandi,
1792 5303 1822 5342 a
1869 5304 1976 5357 quo

400 5361 579 5418 sacris
601 5357 821 5412 Litteris
848 5357 1270 5426 theologicisque
1293 5356 1593 5426 disciplinis
1612 5373 1800 5412 sumus
1832 5356 1982 5413 insti-

404 5432 536 5499 tuti)
554 5430 929 5495 conjecturam
958 5424 1229 5499 apponere
1255 5443 1268 5479 :
1294 5424 1626 5499 tExistimo,
1655 5429 1852 5495 inquit,
1877 5429 1982 5484 lle-

400 5497 604 5558 hraiam
627 5513 750 5553 esse
779 5513 964 5552 vocem
987 5514 1001 5561 ;
1028 5510 1080 5549 et
1101 5498 1180 5551 sic
1202 5497 1542 5550 scribendam
1570 5506 1755 5557 vnn-ID
1775 5509 1984 5552 manat-

393 5577 485 5645 ;‘u,
511 5573 562 5625 id
585 5581 688 5633 est,
717 5579 920 5645 partes,
953 5570 1067 5645 sive
1099 5569 1392 5645 portiones,
1431 5567 1545 5630 Dei,
1577 5569 1690 5621 sive
1721 5573 1985 5645 inemptas

394 5637 593 5708 aapes,
621 5654 845 5709 quasex
875 5638 965 5690 Dei
991 5638 1253 5709 beneficio
1281 5637 1332 5688 in
1358 5638 1664 5709 desertos:
1695 5637 1985 5696 arboribus

394 5707 488 5769 vel
529 5707 713 5766 herbis
759 5708 1030 5778 legebant.
1071 5708 1276 5762 Similis
1315 5721 1417 5760 vox
1447 5719 1530 5761 est
1563 5707 1810 5762 Estheris
1840 5726 1902 5773 ιι,
1927 5727 1978 5764 v.

392 5786 431 5839 9
463 5785 516 5836 in
540 5781 791 5842 Hebraeo,
819 5776 908 5830 ubi
941 5776 1156 5832 Estheri
1198 5778 1453 5849 dicuntur
1473 5778 1608 5832 dat-.e
1628 5790 1804 5846 partes
1843 5783 1976 5849 ejus.

397 5854 543 5910 μευ,
576 5859 786 5912 τρι-ωε)
833 5851 1111 5914 portiones
1162 5848 1301 5915 ejus,
1333 5849 1448 5904 sive
1480 5865 1566 5907 res
1601 5853 1649 5905 ei
1678 5853 1745 5905 ad
1775 5848 1977 5908 victum

646 5945 918 6007 PATROL.
951 5943 1066 6004 Gtt.
1107 5944 1310 6006 CXIV.

2088 5157 2146 5221 et
2165 5147 2371 5203 cultum
2396 5144 2868 5221 necessariae._Sed
2888 5146 2958 5201 ibi
2978 5146 3258 5221 mlitterae
3273 5148 3460 5203 tinales
3488 5151 3672 5221 plura-

2084 5220 2189 5274 lem
2247 5232 2531 5271 numerum
2587 5227 2644 5289 et
2684 5215 2909 5289 simsum
2983 5219 3298 5289 femininum
3337 5215 3668 5289 signiﬁcant.

2086 5289 2274 5343 Posset
2296 5289 2457 5341 etiam
2495 5301 2558 5339 ex
2600 5284 2864 5358 iiebraica
2892 5296 2946 5341 et
2985 5287 3170 5358 Graeca
3221 5303 3343 5342 esse
3373 5284 3672 5358 composita

2089 5359 2277 5421 dictio,
2311 5367 2370 5428 ut
2397 5425 2411 5428 Α
2429 5357 2702 5428 μανονθεα
2735 5359 2807 5411 sit
2838 5358 2991 5426 quasi
3017 5357 3193 5428 μάννα
3226 5358 3472 5425 ἑωθινόν,
3500 5357 3564 5412 ιιι
3604 5366 3676 5416 sit

2090 5429 2282 5482 allusio
2303 5425 2518 5498 adMan
2558 5429 2674 5481 sive
2701 5425 2898 5481 manna
2927 5425 3300 5493 Hebraeorum,
3328 5433 3470 5498 quod
3503 5429 3685 5485 Exodi

2093 5515 2208 5558 xvn.
2241 5514 2292 5553 v.
2323 5496 2416 5564 2|,
2452 5507 2508 5551 et
2535 5498 2780 5564 Sapient.
2811 5513 2924 5562 xw,
2959 5515 3011 5552 v.
3034 5499 3125 5564 28,
3155 5509 3280 5552 ante
3312 5496 3492 5553 ortum
3545 5501 3678 5556 solis

2094 5569 2455 5638 colligendum
2493 5579 2642 5639 erat.
2695 5565 3040 5639 vocaturque
3095 5572 3266 5639 ipsum
3321 5586 3466 5629 man.
3517 5573 3672 5639 quasi

2093 5637 2335 5711 pars’vel
2363 5637 2709 5711 portio,qu:e
2739 5638 2870 5707 ipsis
2913 5654 2942 5692 a
2983 5637 3390 5704 Deo—dabatur,
3445 5652 3501 5694 et
3535 5637 3677 5696 'sine

2092 5710 2277 5763 labore
2303 5710 2743 5780 comparabatur,
2781 5723 3106 5780 quanquam
3125 5712 3372 5780 etAaliam
3403 5712 3675 5780 etymolo-

2092 5783 2234 5849 giam
2264 5781 2356 5830 dat
2389 5788 2570 5849 noster
2590 5777 2860 5847 lnterpres
2882 5795 2943 5830 ex
2974 5777 3136 5832 LXX.
3164 5778 3334 5835 Exod.
3366 5777 3477 5840 ιιι-ιζ
3508 5797 3558 5836 v.
3587 5781 3674 5848 15,

2091 5846 2148 5905 iit
2175 5861 2252 5910 an
2278 5859 2372 5910 i'i'D
2402 5846 2660 5914 Manlian,
2692 5846 2762 5904 sit
2795 5851 2945 5918 quasi
2974 5858 3149 5939 rex“
3174 5849 3313 5912 Quid
3352 5853 3490 5907 hoc?
3525 5871 3545 5904 ι

3183 5945 3263 6006 23
