4116 6396
491 363 605 432 715

1735 366 2022 428 MENSIS
2060 365 2521 429 IANUARIUS.

3685 364 3798 428 716

497 485 629 540 Milli
663 475 1228 556 quoque'videbatur
1283 480 1437 550 nigra
1497 481 1745 550 qumdam
1798 479 2010 536 cuculla
2048 489 2101 534 et

2211 481 2357 550 ἰδεῖν,
2385 483 2531 553 λόγῳ
2556 481 2611 536 δὲ
2635 480 2861 544 δυνατὸς
2883 481 3056 535 εἰπεῖν
3085 480 3338 551 οὑδαμῶς
3373 479 3544 534 ἔσται.
3603 479 3798 552 Ἔῴκει

500 579 660 649 plena
695 576 894 632 vellere
930 574 1093 645 capiti
1124 589 1246 630 meo
1275 588 1396 630 esse
1427 573 1677 644 imposita
1711 593 1723 628 :
1759 572 1888 628 illud
1915 583 2098 628 autem

502 671 675 725 vellus
723 669 778 740 (ο
826 669 1092 723 malorum
1135 666 1396 737 depulsor
1445 681 1604 722 serve
1659 665 1750 720 Dei
1782 663 2096 737 Eutbyrni!)

501 764 644 820 absit
681 773 740 818 ut
765 762 886 819 ullis
920 763 1043 818 aliis
1093 763 1420 834 imponatur.
1456 759 1592 816 Nam
1629 763 1956 817 intrinsecus
1978 760 2100 831 qui-

465 841 472 846 ’
502 859 624 910 (lem
651 855 770 912 loco
805 855 982 911 mollis
1004 854 1164 920 lanae,
1187 862 1379 909 ornata
1411 865 1528 908 erat
1549 854 1746 926 spinis,
1776 853 1953 924 iisque
1989 867 2098 908 non

505 948 886 1004 tolerabilibus
921 949 1111 1018 utique
1143 958 1198 1004 et
1232 947 1618 1011 mediocribus,
1661 947 1759 1003 sed
1803 960 1923 1014 qua:
1961 944 2100 1000 scri-

501 1044 817 1116 ptoriorum
848 1043 1342 1100 instrumentorum
1367 1040 1605 1095 stimulis
1642 1037 2015 1110 magnitudine
2037 1051 2102 1091 ac

501 1137 844 1210 longitudine
863 1145 1020 1192 erant
1057 1135 1304 1200 similes;
1339 1143 1503 1204 caput
1524 1141 1706 1188 autem
1734 1147 1914 1187 meum
1942 1130 2101 1186 valde

504 1229 804 1300 pungebat,
841 1241 1020 1298 neque
1058 1227 1284 1281 omnino
1323 1225 1476 1279 biare
1521 1223 1742 1278 sinebat
1787 1231 1882 1277 aut
1937 1221 2104 1292 respi-

503 1338 651 1380 rare.

573 1415 733 1472 CXL.
764 1413 942 1468 Tanto
977 1412 1146 1483 igitur
1185 1409 1333 1466 malo
1365 1424 1612 1480 pressus,
1641 1408 1823 1485 lingua
1860 1405 1991 1461 mibi
2022 1404 2102 1458 vi-

503 1510 672 1564 debar
706 1521 927 1565 versare
963 1519 1160 1560 nomen
1195 1502 1505 1574 Eutltymii,
1555 1515 1790 1570 eumque
1829 1494 2105 1554 orare.'Et

503 1603 600 1660 ille
632 1603 819 1657 Statim
878 1597 1012 1654 mibi
1059 1606 1311 1668 apparet,
1356 1595 1526 1651 multa
1584 1594 1704 1648 luce
1748 1591 2104 1648 circumcirca

504 1693 808 1764 refulgens,
839 1689 966 1761 pilis
1011 1705 1205 1754 canus,
1258 1699 1403 1744 teres
1447 1697 1695 1757 aspectu,
1737 1684 1880 1740 laetis
1906 1679 2101 1748 oculis,

502 1793 710 1840 statura
745 1783 952 1850 brevis,
987 1780 1256 1852 promissa
1306 1780 1497 1842 barba,
1554 1779 1707 1849 nigro
1759 1775 1923 1848 pallio
1961 1775 2102 1828 ami-

502 1886 645 1944 ctus,
690 1884 745 1930 et
781 1874 1038 1930 baculum
1073 1887 1237 1926 manu
1291 1880 1481 1926 tenens
1515 1885 1528 1922 :
1565 1877 1728 1938 atque
1757 1869 1822 1922 ad
1855 1883 1941 1923 me
1977 1867 2053 1921 ait
2085 1885 2098 1920 :

502 1972 752 2040 Quanam
777 1983 835 2024 re
875 1967 969 2022 tibi
991 1979 1130 2036 opus
1165 1963 1286 2018 est?
1341 1961 1484 2029 Quid
1519 1969 1701 2016 autem
1751 1960 1836 2015 vis
1887 1959 1982 2014 tibi
2019 1956 2102 2012 fa-

500 2063 692 2120 ciam!
727 2059 866 2117 Cum
913 2066 1096 2112 autem
1143 2071 1245 2126 ego
1287 2053 1751 2110 subtremebunde
1798 2065 1863 2106 ac
1913 2051 2104 2106 timide

502 2151 908 2224 respondissent
942 2164 958 2201 :
995 2147 1259 2204 Miserere
1291 2158 1428 2199 meae
1467 2140 1818 2208 calamitatis,
1843 2149 1898 2196 et
1929 2155 1958 2194 a
1987 2155 2103 2196 mo-

504 2247 648 2304 lesto
691 2245 796 2301 hoc
837 2257 926 2299 me
960 2241 1128 2296 libera
1179 2240 1458 2304 daemone,
1513 2236 1604 2292 ille
1655 2233 1930 2292 austerius
1958 2234 2104 2290 exci-

505 2339 664 2409 piens
709 2353 726 2390 :
769 2335 878 2392 Sed
933 2344 1092 2390 estne
1163 2331 1280 2396 tibi,
1323 2331 1520 2400 inquit,
1569 2342 1893 2398 persuasum
1930 2341 1996 2382 ex
2037 2325 2104 2381 iis

505 2444 628 2503 quae
675 2427 814 2483 ﬁunt
840 2423 974 2480 nihil
998 2435 1160 2492 posse
1190 2420 1360 2476 Deum
1397 2419 1606 2476 latere?
1635 2417 1884 2474 Didicisti
1911 2430 2008 2487 per
2038 2430 2102 2470 ea

509 2537 632 2596 quae
667 2533 862 2590 passus
898 2530 982 2583 es,
1030 2523 1296 2586 quantum
1341 2511 1542 2566 malum
1579 2511 1672 2576 sit,
1704 2525 1790 2566 res
1819 2507 2101 2575 Ecclesiae,

505 2623 604 2669 attt
623 2611 806 2682 potius
831 2607 928 2664 Dei
973 2605 1272 2674 despicere,
1306 2611 1359 2658 et
1393 2609 1554 2673 prout
1599 2617 1764 2657 casus
1811 2598 1998 2655 tulerit
2021 2609 2100 2653 te-

507 2719 662 2762 mere
689 2698 1060 2774 profuutlere?
1094 2696 1250 2753 Sicut
1280 2696 1428 2752 enim
1466 2709 1647 2751 rerum
1681 2693 1942 2750 Ecclesiis
1975 2707 2104 2748 con-

507 2805 852 2854 secratarum
913 2791 1091 2864 gratia
1137 2797 1328 2860 aperte
1381 2788 1580 2842 transit
1615 2787 1682 2840 ad
1733 2787 1946 2850 Deum;
1989 2783 2105 2852 ipse

509 2899 693 2946 autem
709 2902 904 2944 rursus
931 2885 1084 2942 novit
1103 2899 1168 2938 ex
1202 2881 1314 2937 alto
1335 2880 1580 2952 praebere
1607 2877 2102 2933 remunerationes:

509 2985 586 3040 ita
609 2992 662 3038 et
688 2981 780 3052 qui
811 2981 893 3036 eis
943 2979 1085 3034 male
1115 2984 1367 3042 utuntur,
1415 2987 1522 3028 non
1575 2972 1627 3026 in
1670 2971 1859 3033 alium,
1906 2968 1999 3024 sed
2051 2968 2102 3022 in

511 3077 664 3132 illum
689 3074 866 3144 ipsum
897 3079 1020 3127 sunt
1047 3065 1453 3132 contumeliosi,
1509 3065 1670 3135 eique
1719 3077 1910 3133 poenas
1952 3066 2106 3116 luunt

511 3169 760 3226 meritas.
794 3163 932 3220 Nam
964 3165 1010 3218 si
1041 3162 1172 3218 olim
1211 3159 1453 3215 Ananias
1480 3172 1604 3212 eum
1634 3171 1827 3220 uxore,
1854 3153 1998 3224 quod
2035 3168 2101 3208 ex

512 3264 581 3318 iis
605 3276 726 3332 quae
753 3259 856 3330 ipsi
885 3256 1196 3312 obtulerant
1245 3250 1664 3320 surripuissent,
1707 3257 1888 3302 tantas
1933 3248 2101 3302 dede-

513 3363 642 3410 runt
675 3365 890 3423 pinnas,
918 3359 980 3404 ut
1008 3348 1126 3418 ipso
1165 3361 1268 3400 una
1296 3343 1350 3398 in
1384 3343 1530 3396 furto
1573 3340 1760 3396 statim
1827 3353 2106 3393 moreren-

517 3459 626 3510 tur,
654 3456 951 3514 quamnam
990 3439 1176 3507 utique
1237 3433 1450 3490 veniam
1491 3440 1878 3500 consequetur,
1908 3429 2000 3499 qui
2039 3443 2105 3483 ne

2201 575 2258 628 δέ
2287 592 2378 645 μοι
2410 575 2506 629 καὶ
2537 574 2854 630 κουκούλιόν
2891 591 2942 627 τι
2991 574 3162 644 μέλαν
3206 576 3300 627 καὶ
3357 571 3561 644 μαλλοῦ
3589 574 3800 644 πλῆρες

2204 668 2516 722 ὲπικεῖσθαί
2549 686 2652 738 μου
2677 671 2743 740 τῇ
2772 667 2987 739 κεφαλῇ
3010 683 3024 698 ⁸
3073 670 3102 722 6
3129 667 3186 721 δὲ
3221 666 3422 738 μαλλὺς
3447 665 3597 737 αὐτῷ
3641 665 3798 739 (ἀλε-

2203 761 2400 826 ξίκακε
2433 762 2675 834 θεράπον
2703 761 2840 817 Θεοῦ
2869 750 3148 832 Εύθύμιε)
3193 761 3328 832 μηδὲ
3359 759 3570 832 ἑτέροις
3607 761 3798 813 ἐπιτε-

2205 853 2669 926 θῆνωμηδαμῶς
2703 853 3168 925 γένοιτο.Ἐκόμα
3209 857 3310 924 μὲν
3337 853 3446 922 γὰρ
3474 857 3542 907 τά
3575 853 3724 906 ἔνδον
3748 862 3794 916 τ,

2205 947 2472 1011 ἀκάνθαις
2502 949 2626 1002 ἀντὶ
2659 948 2913 1019 μα).ῶν¹¹,
2948 947 3042 1001 καὶ
3071 946 3302 1009 ταύταις
3328 947 3390 1000 ού
3424 947 3696 1016 φορηταῖς
3729 945 3796 1015 δή

2203 1053 2316 1089 τισι
2360 1039 2453 1090 καὶ
2486 1039 2764 1110 μετρίαις,
2798 1039 2938 1094 ἀλλά
2969 1041 3086 1103 τοῖς
3113 1039 3225 1092 τῶν
3253 1038 3547 1110 γραφικῶν
3573 1041 3592 1076 ι
3627 1039 3800 1108 ἐργα-

2203 1129 2367 1184 λείων
2399 1130 2651 1203 κέντροις
2701 1132 2760 1185 τό
2802 1149 2862 1186 τε
2909 1131 3145 1203 μέγεθος
3186 1131 3284 1186 καὶ
3319 1131 3380 1186 τὸ
3417 1135 3593 1203 μῆκος
3618 1148 3800 1201 παρα-

2206 1219 2500 1292 πλησίαιςο
2565 1222 2774 1278 ἐκέντει
2806 1224 2864 1278 δέ
2921 1242 3024 1294 μου
3073 1224 3322 1295 σφοδρῶς
3369 1223 3470 1295 τὴν
3526 1223 3796 1294 κεφαλὴν,

2205 1310 2305 1364 καὶ
2337 1310 2460 1364 οὑδὲ
2488 1311 2698 1382 χαίνειν
2725 1311 2862 1376 ὅλως
2897 1314 3019 1368 οὐδὲ
3053 1315 3317 1369 ἀναπνεῖν
3345 1313 3668 1385 συνεχώρει.

2275 1401 2412 1458 PM'.
2460 1403 2701 1475 Τοιούτῳ
2745 1406 3037 1478 τοιγαροῦν
3103 1406 3262 1476 κακῷ
3323 1406 3668 1476 πιεζόμενος,
3708 1404 3798 1459 διὰ

2208 1493 2456 1566 γλώττης
2505 1496 2761 1568 στρέφειν
2794 1500 2856 1551 τὸ
2890 1497 2986 1552 τοῦ
3021 1498 3300 1570 Εὐθυμίου
3337 1499 3530 1566 δνομα,
3567 1500 3662 1552 καὶ
3686 1498 3802 1552 δεῖ·

2209 1588 2337 1642 σθαι
2364 1587 2530 1642 αὑτοῦ
2569 1589 2810 1643 ἐδόκουν.
2839 1590 2950 1642 Καὶ
2995 1590 3074 1655 ὃς,
3108 1589 3270 1655 εὐθὺς
3303 1577 3652 1660 ἐπιφαίνεταί
3683 1608 3800 1660 μοι,

2210 1680 2395 1753 πολλῷ
2421 1681 2504 1754 τῷ
2530 1683 2672 1750 φωτὶ
2703 1681 2891 1755 κύκλῳ
2921 1683 3427 1756 περιλαμπόμενος,
3484 1685 3669 1748 πολιὸς
3699 1686 3802 1756 τὴν

2207 1774 2393 1846 τρίχα,
2433 1775 2767 1846 στρογγύλος
2816 1777 2916 1846 τὴν
2956 1776 3103 1846 ὄψιν,
3149 1777 3377 1848 φαιδρὸς
3419 1779 3546 1841 τοὺς
3594 1779 3803 1848 ὀφθαλ-

2209 1868 2314 1938 μοὺ
2329 1887 2366 1934 ς,
2389 1868 2489 1940 τὴν
2514 1869 2735 1939 ἡλικίαν
2764 1868 2991 1941 βραχὺς,
3035 1869 3209 1940 βαθὺς
3235 1871 3328 1924 τὸν
3355 1870 3621 1940 πώγωνα,
3661 1888 3804 1942 μαν-

2204 1959 2339 2014 δύαν
2375 1960 2584 2032 μέλανα
2620 1963 3041 2033 περικείμενος,
3073 1963 3270 2035 ῥάϐδον
3296 1980 3354 2016 τε
3393 1965 3458 2034 τῇ
3486 1963 3634 2034 χειρὶ
3663 1981 3801 2017 κατ-

2209 2052 2350 2124 έχων
2371 2069 2385 2084 ’
2419 2052 2514 2106 καὶ
2550 2055 2717 2107 ’Ότου
2763 2053 2883 2129 δέῃ,
2917 2054 3054 2126 πρός
3116 2054 3184 2124 μέ
3235 2054 3502 2126 φησιλΤί
3530 2054 3586 2108 δὲ
3619 2053 3802 2125 βούλει

2207 2146 2420 2216 ποιήσω
2456 2161 2570 2211 σοις
2613 2146 2781 2217 Ἐμοῦ
2830 2147 2890 2199 δὲ
2939 2145 3254 2218 ὑπότρομόν
3301 2163 3357 2200 τι
3402 2147 3497 2200 καὶ
3549 2147 3802 2218 περιδεὲς

2206 2238 2676 2310 ἀποκριναμένου,
2717 2241 2986 2310 οἰκτεῖραι
3039 2239 3134 2293 τοῦ
3170 2239 3396 2307 πάθους,
3451 2242 3544 2295 καὶ
3571 2241 3666 2294 τοῦ
3703 2259 3804 2312 χα-

2206 2331 2374 2386 λεποῦ
2404 2332 2596 2386 τούτου
2632 2333 2888 2402 δαίμονος
2919 2333 3230 2400 ἀπαλλάξαι
3255 2351 3326 2404 με
3349 2349 3364 2364 ⁸
3393 2335 3803 2407 αὐστηρότερον

2209 2425 2422 2489 ἐκεῖνος
2457 2425 2750 2479 ὑπολαϐὼν
2773 2467 2787 2494 ,
2825 2427 2898 2480 Σὺ
2931 2426 2989 2480 δὲ
3023 2425 3140 2480 ἀλλ’
3167 2426 3452 2498 ἐπείσθης,
3491 2429 3680 2497 φησίν,
3715 2429 3802 2482 ὅτι

2205 2518 2317 2571 τῶν
2387 2518 2693 2588 γινομένων
2741 2518 2898 2573 οὐδὲν
2952 2519 3046 2574 τὸν
3099 2519 3233 2576 Θεὸν
3285 2520 3472 2574 λαθεῖν
3527 2519 3801 2587 δυνατόν;

2215 2607 2460 2678 Ἔμαθες
2515 2609 2574 2675 ἐξ
2622 2603 2698 2664 ὧν
2751 2609 2955 2674 ἔπαθες
2997 2611 3185 2682 ἡλίκον
3215 2611 3284 2664 τά
3307 2613 3406 2682 τῆς
3445 2611 3804 2682 Ἐκκλησίαξ,

2213 2698 2417 2768 μᾶλλον
2447 2699 2504 2751 δὲ
2549 2698 2614 2752 τὰ
2672 2698 2765 2752 τοῦ
2796 2697 2933 2752 Θεοῦ
2966 2703 3324 2772 περιφρονεῖν
3357 2700 3550 2764 κακὸν,
3591 2699 3687 2752 καὶ
3724 2698 3803 2762 ὡς

2209 2793 2276 2847 ἂν
2311 2791 2408 2846 καὶ
2431 2793 2586 2864 τύχοι
2614 2792 2907 2864 προΐεσθαι
2929 2793 3176 2865 ;’Ὢσπερ
3200 2793 3311 2864 γὰρ
3344 2795 3376 2864 ὴ
3401 2795 3512 2845 τῶν
3539 2792 3801 2860 ἁφοσιόυ-

2213 2885 2392 2955 μένων
2419 2888 2543 2948 ταῖς
2576 2885 2930 2957 Ἐκκλησίαις
2962 2887 3153 2956 χάρις,
3190 2886 3332 2957 πρὸς
3369 2884 3505 2938 Θεὸν
3540 2883 3806 2954 ἄντικρυς

2209 2979 2510 3034 διαϐαίνει·
2566 2981 2659 3033 καὶ
2706 2979 2867 3041 αὑτὸς
2917 2979 2975 3032 δὲ
3023 2979 3188 3033 πάλιν
3221 2979 3430 3032 ἄνωθεν
3461 2973 3571 3032 οἶδε
3614 2995 3803 3048 παρα-

2215 3071 2366 3140 σχεῖν
2401 3071 2500 3132 τάς
2538 3069 2836 3134 ἀντιδόσεις
2858 3087 2872 3102 ·
2908 3070 3054 3123 οὑτω
3083 3070 3147 3142 δὴ
3179 3070 3272 3124 καὶ
3308 3071 3355 3124 οἱ
3391 3070 3584 3134 κακῶς
3617 3072 3805 3133 αὑτοῖς

2213 3163 2569 3234 κεχρημένοι,
2598 3163 2698 3216 οὑκ
2730 3165 2810 3226 είς
2839 3163 3020 3230 ἄλλον,
3075 3163 3190 3218 ἀλλ’
3249 3164 3332 3226 είς
3383 3162 3549 3217 αὑτὸν
3589 3163 3808 3216 ἐκεῖνον

2211 3255 2632 3328 ἐμπαροινοῦσι,
2670 3257 2766 3310 καὶ
2793 3257 2891 3328 τὴν
2927 3257 3085 3324 ἀξίαν
3109 3256 3262 3329 αὑτῷ
3289 3256 3448 3328 δίκην
3483 3257 3805 3329 ὑπέχουσιν.

2209 3349 2274 3401 Ei
2310 3348 2418 3415 γάρ
2448 3349 2476 3400 6
2517 3347 2770 3410 ’Λνανίας
2806 3348 2976 3402 πάλαι
3023 3347 3160 3418 μετά
3193 3349 3293 3418 τῆς
3324 3348 3606 3418 γυναικὸς,
3637 3347 3698 3414 ἐξ
3725 3342 3806 3402 ὧν

2211 3439 2366 3493 αὐτοὶ
2394 3441 2783 3510 προσήνεγκαν
2820 3440 3184 3512 ὑφελόμενοι,
3231 3441 3567 3511 τηλικαύτην
3613 3441 3807 3494 ἔδοσαν

513 3538 705 3594 alienae
734 3535 951 3604 quidem
1003 3533 1084 3586 sic
1135 3527 1314 3597 parcit
1353 3524 1710 3582 oblationi“?
1745 3522 1967 3586 Verum,
2019 3521 2101 3574 in-

2210 3532 2504 3602 τιμωρίαν,
2535 3531 2612 3596 ὡς
2639 3534 2778 3604 αὐτῇ
2815 3535 2916 3588 σῦν
2957 3537 3070 3604 ὃμα
3103 3537 3169 3606 τῇ
3203 3534 3378 3607 κλοπῇ
3408 3535 3805 3603 ἐπαποθανεῖν,

516 3631 656 3699 quit,
681 3628 724 3682 si
763 3637 978 3697 pactum
1027 3629 1354 3678 conventum
1393 3619 1610 3682 feceris,
1647 3626 1698 3672 te
1731 3631 1836 3671 non
1873 3616 2104 3683 amplius

515 3715 684 3780 rebus
727 3719 900 3777 sacris
948 3716 1181 3785 injustas
1227 3727 1421 3768 manus
1468 3711 1866 3772 immissurum,
1915 3721 2019 3760 nec
2049 3707 2101 3759 in

515 3815 784 3872 malarum
845 3809 1240 3882 cogitationum
1295 3804 1628 3860 adntissione
1675 3802 2099 3864 luxuriaturum,

517 3921 588 3975 te,
617 3906 815 3978 inquit,
847 3901 1222 3960 consolabitur
1251 3898 1416 3964 Deus,
1456 3904 1512 3951 et
1560 3895 1798 3951 sanabit.
1833 3890 1928 3946 Est
1957 3893 2100 3947 enim

516 4000 789 4070 benignus
833 4005 886 4052 et
929 3996 1191 4060 clemens,
1235 3999 1291 4046 et
1321 4005 1432 4046 non
1464 3987 1576 4044 vult
1602 3998 1828 4044 mortem
1854 3995 2102 4056 peccato-

516 4094 618 4152 ris.
655 4099 716 4145 ut
739 4087 922 4144 divina
955 4087 1148 4140 docent
1174 4079 1473 4150 eloquia“,
1503 4079 1646 4134 sicut
1667 4087 1724 4131 ut
1752 4083 2104 4132 convertatur

517 4187 637 4256 ipse
682 4191 738 4237 et
787 4180 952 4234 vivat.
987 4173 1434 4244 Quandoquidem
1483 4171 1578 4224 tibi
1631 4171 1752 4224 ideo
1804 4176 2103 4224 evenerunt

518 4273 828 4346 prmsentia,
873 4268 1016 4340 quod
1076 4280 1258 4321 rerum
1314 4276 1593 4318 sacrarum
1655 4259 1958 4315 ministerio
2009 4273 2102 4315 ac-

516 4379 696 4440 cepto,
728 4379 835 4421 non
865 4374 1044 4416 tamen
1077 4360 1310 4428 teipsum
1347 4358 1456 4411 Deo
1489 4353 1822 4410 conservasti
1868 4351 2103 4416 fidelem,

515 4464 610 4515 sed
642 4456 825 4514 statim
859 4454 926 4507 ad
957 4450 1138 4506 dolum
1167 4446 1480 4514 furtumque
1515 4443 1838 4514 respexisti;
1868 4452 2099 4503 metens.

2211 3625 2372 3690 ποίας
2432 3627 2542 3696 ἄρα
2591 3625 2844 3692 τεύξεται
2878 3627 3232 3703 συγγνώμης,
3276 3630 3304 3681 ό
3342 3627 3478 3698 μηδὲ
3511 3628 3809 3714 ἀλλοτρίας

2209 3715 2356 3770 οὕτω
2419 3718 2738 3787 προσφορᾶς
2765 3717 3112 3786 φειδόμενοςς
3158 3717 3298 3770 Ἀλλ’
3319 3725 3347 3756 ιι
3383 3720 3430 3772 εἰ
3457 3719 3634 3784 δίδως,
3667 3719 3805 3790 ἔφη,

2213 3809 2510 3880 συνθήκας,
2567 3813 2766 3880 μηκέτι
2797 3813 2989 3884 χεῖρας
3025 3812 3283 3876 ἀδίκους*
3315 3813 3484 3882 ἱεροῖς
3515 3811 3807 3865 ἐπιϐαλεῖν

2211 3901 2525 3972 πράγμασι,
2587 3904 2726 3974 μήτε
2786 3904 2892 3974 μὴν
2932 3904 3212 3974 λογισμῶν
3259 3904 3480 3972 φαύλων
3513 3904 3803 3978 παραδοχῇ

2210 3993 2688 4066 καθηδυπαθῆσαι,
2737 3996 3176 4068 παρακαλεῖται,
3231 3997 3418 4068 φησὶν,
3451 3997 3478 4050 ὁ
3513 3997 3665 4063 Θεὸς,
3706 3999 3806 4051 καὶ

2213 4088 2471 4142 ίᾶταίσε.
2507 4087 2896 4160 Φιλάνθρωπος
2951 4089 3091 4159 γάρ·
3147 4089 3243 4142 καὶ¹
3297 4087 3358 4142 οὑ
3415 4088 3669 4160 βούλεται
3707 4090 3804 4142 τὸν

2212 4181 2444 4234 θάνατον
2472 4180 2562 4233 τοῦ
2594 4179 2955 4250 ἀμαρτωλοῦ,
3058 4181 3151 4234 καὶ
3186 4183 3254 4234 τὰ
3289 4182 3407 4236 θεῖα
3436 4182 3682 4236 διδάσκει
3706 4183 3807 4236 Λό-

2212 4290 2342 4340 για,
2375 4273 2448 4336 ὡς
2483 4272 2544 4326 τὸ
2571 4272 2900 4342 ἐπιστρέψαι
2931 4274 3026 4326 καὶ
3059 4274 3158 4344 ζῇν
3189 4273 3374 4328 αὐτόν.
3402 4275 3556 4326 Ἐπεὶ
3590 4273 3686 4327 καὶ
3712 4273 3806 4326 (id:

2213 4365 2370 4418 τοῦτό
2402 4383 2483 4417 σοι
2506 4365 2574 4416 τὰ
2608 4365 2852 4434 παρόντα
2881 4365 3104 4434 συνέϐη,
3145 4365 3225 4418 ὅτι
3262 4365 3605 4436 πραγμάτων
3635 4365 3805 4436 ἱερῶν

2211 4459 2489 4512 διακονίαν
2552 4458 2942 4528 ἐγχειρισθεὶς,
2997 4457 3260 4529 οὐμενοῦν
3314 4459 3392 4530 τῷ
3437 4458 3556 4528 Θεῷ
3605 4460 3803 4512 πιστὸν

517 4560 580 4605 ut
615 4564 744 4604 vere
780 4547 981 4608 dicam,
1030 4541 1120 4596 ubi
1166 4554 1273 4594 non
1310 4536 1615 4602 seminasti,
1668 4544 1722 4590 et
1762 4548 2101 4605 congregans

2214 4553 2439 4607 σεαυτὸν
2467 4553 2764 4622 ὲφύλαξας,
2807 4553 2944 4608 ἀλλὰ
2975 4553 3112 4626 πρὸς
3145 4553 3297 4607 δόλον
3341 4553 3505 4620 εὐθὺς
3536 4557 3632 4608 καὶ
3675 4555 3806 4607 κλο-

516 4647 606 4699 ubi
645 4657 750 4698 non
789 4635 1120 4710 spat-sisti”.
1153 4633 1289 4688 Hinc
1307 4638 1485 4686 ortum
1514 4627 1702 4684 habuit
1732 4627 2014 4682 derelictio
2040 4629 2108 4684 ab

515 4735 771 4802 eo;ltine
801 4730 1036 4787 lnsultus
1078 4727 1262 4783 carnis
1290 4733 1367 4779 .et
1402 4721 1852 4792 intemperantia;
1897 4735 2104 4777 necnon

2211 4645 2322 4716 πὴν
2376 4644 2640 4715 ἕδλεψας⁹
2699 4645 2956 4718 θερίζων,
3006 4645 3225 4718 ἀληθῶς
3255 4647 3460 4713 εἰπεῖν,
3515 4649 3648 4700 ὅπου
3698 4647 3807 4700 οὑκ

2211 4737 2494 4807 ἔσπειρας,
2523 4736 2620 4789 καὶ
2649 4737 2901 4806 συνάγων
2939 4737 3066 4791 ὅθεν
3095 4737 3154 4790 ού
3206 4737 3618 4806 διεσκόρπισας.
3681 4727 3813 4807 ἐἰν-ξ

514 4798 697 4898 gravis
731 4824 819 4878 bic
848 4837 876 4875 ιι
909 4817 1244 4875 daemonibus
1269 4812 1490 4875 ﬂuetus,
1519 4811 1670 4876 binc,
1719 4809 1918 4879 inquit,
1963 4811 2015 4864 in
2051 4819 2101 4867 te

2209 4798 2402 4883 τεῦθεν
2427 4798 2626 4900 ἤλιταᾴ
2673 4798 2841 4883 αὑτοῦ
2888 4827 3318 4901 ἐγκατάλειψιςο
3365 4798 3620 4883 ἐντεῦθεν
3659 4829 3693 4900 ἡ
3735 4798 3813 4882 ὲκΙ

513 4917 817 4975 inundavit.

2221 4925 2324 4992 τῆς
2361 4921 2567 4992 σαρκὸς
2589 4921 2850 4993 ὲπήρεια,
2879 4924 2974 4976 καὶ
3001 4922 3302 4977 ἀκολασία⁴
3330 4922 3426 4978 καὶ
3449 4922 3512 4977 τὸ
3540 4921 3715 4976 δεινὸν
3742 4921 3802 4974 δὲ

517 5013 678 5068 τοῦτο
703 5013 857 5083 παρὰ
893 5010 1005 5065 τῶν
1034 5007 1310 5080 δαιμόνων
1354 5005 1672 5074 κλυδώνιον,
1719 5006 1971 5062 ἐντεῦθέν
2005 5030 2086 5068 σοι
2123 5018 2309 5089 φησιν,
2340 5018 2674 5088 ἐπεκύμηνε.

485 5112 499 5162 l
589 5106 774 5164 CXLI.
819 5103 914 5159 llis
949 5118 1049 5174 ego
1103 5101 1324 5166 auditis,
1378 5099 1428 5154 ei
1478 5097 1737 5168 polliceor
1791 5103 2098 5160 cautionem

482 5179 570 5258 ‘in
604 5209 904 5271 posterum.
957 5196 1023 5249 Et
1071 5205 1220 5261 tunc,
1257 5192 1454 5262 inquit,
1505 5206 1628 5246 cum
1671 5191 1724 5245 in
1769 5194 2097 5250 sceleratum

515 5293 817 5346 dmuonem
847 5285 1242 5349 infremuisset,
1281 5297 1553 5352 manuque
1585 5299 1762 5338 meam
1794 5288 2097 5355 apprelmn.

513 5384 684 5439 disset
715 5379 1010 5444 cucullum,
1044 5378 1129 5430 vix
1155 5385 1357 5430 etcum
1388 5375 1438 5429 vi
1465 5391 1583 5430 eam
1609 5375 1786 5431 aufert
1812 5394 1840 5432 e
1875 5382 2053 5449 capite
2085 5401 2100 5437 :

2281 5109 2498 5164 Τούτων
2521 5109 2762 5174 ἀκούσας
2784 5109 2912 5180 ἐγὼ,
2935 5111 3212 5184 συνθήκας
3257 5112 3394 5184 πρὸς
3425 5097 3588 5166 αὑτὸν
3616 5107 3808 5178 ποιοῦηῖ

2213 5216 2309 5270 μαι
2344 5201 2444 5270 τῆς
2481 5203 2560 5264 είς
2589 5201 2650 5255 τὸ
2686 5201 2872 5256 λοιπὸν
2907 5204 3176 5276 φυλακῆς.
3210 5206 3318 5260 Καὶ
3351 5209 3496 5272 τότε,
3540 5204 3694 5281 φησὶ,
3721 5205 3806 5273 τῷ,

2214 5293 2398 5364 μιαρῷ
2425 5293 2640 5365 δαίμονι
2688 5297 3200 5368 ἐμᾶριμησάμενος,
3237 5299 3330 5352 καὶ
3354 5298 3654 5369 λαϐόμενός
3693 5315 3797 5368 μου

2209 5388 2276 5456 τῇ
2305 5389 2451 5455 χειρὶ
2488 5387 2583 5439 τοῦ
2612 5389 2956 5454 κουκουλίου,
2989 5389 3142 5459 μόλις
3171 5389 3270 5460 μὲν
3290 5391 3424 5446 αὐτὸ
3447 5391 3552 5444 ’καὶ
3583 5391 3681 5444 σὺν
3706 5376 3807 5459 lan?!

591 5525 638 5557 to
674 5489 798 5578 Ᾰςι.
837 5537 892 5586 v,
927 5519 948 5572 l
991 5533 1144 5590 seqq.
1224 5518 1266 5550 “
1305 5515 1506 5572 Ezecb.
1541 5533 1700 5585 xvtn,
1728 5517 1818 5572 Ξῖ).
1897 5520 1941 5553 ⁸²
1970 5521 2316 5592 Mattb.xxv,
2344 5527 2436 5582 24.

1851 5654 2086 5715 YAlllAi
2143 5662 2553 5722 LECTIONES.

613 5801 638 5830 '
663 5793 820 5868 abest
850 5797 916 5850 ab
948 5797 1016 5878 al.
1099 5809 1130 5864 ι,
1151 5797 1220 5851 al.
1246 5793 1494 5865 μαλλῶν.
1579 5794 1597 5830 ί
1642 5793 1712 5848 al.
1745 5797 2050 5866 γναφικῶν.
2132 5814 2156 5842 υ
2181 5803 2250 5870 al.
2280 5786 2729 5877 ρταιροηξπλήν.
2805 5818 2833 5850 ν
2861 5809 2934 5865 al.
2964 5809 3187 5872 ἀδίκως.
