4116 6428
490 395 648 468 ἿΠ,

1773 407 1951 467 VITA
1990 409 2046 469 S.
2092 410 2495 471 EUTHYMII.

3659 413 3767 476 718

489 508 594 589 τῇς
621 508 863 579 κεφαλῆς
892 497 1236 583 ἀφαιρεῖται·
1266 511 1328 565 τὸ
1356 510 1413 567 δὲ
1445 512 1552 585 ἄρα
1584 514 1881 584 μετέϐαλεν
1914 517 2078 582 εὐθὺς

2190 519 2279 574 illa
2308 534 2438 574 vero
2471 518 2655 574 statim
2692 518 2926 574 mutavit
2957 519 3213 587 formam,
3250 529 3305 575 ct
3333 520 3463 576 mihi
3496 520 3549 575 in
3583 521 3767 576 Sancti

491 601 593 672 τὴν
617 600 853 670 μορφὴν,
898 601 992 654 καί
1028 601 1117 672 μοί
1148 619 1232 667 τις
1263 603 1323 657 ἐν
1349 605 1415 676 τῇ
1443 604 1540 658 τοῦ
1576 605 1736 675 ἁγίου
1763 607 1909 681 χειρὶ
1941 606 2076 680 βρα⁴

492 692 595 763 xii;
654 691 851 761 Αἰθίοψ
897 691 1079 765 ὡρᾶτο
1128 695 1264 764 πυρὶ
1318 696 1447 759 τοὺς
1495 695 1810 768 ὀφθαλμοὺς
1856 699 2074 770 ὅμοιος·

491 785 658 856 ὲῴκει
692 785 749 838 δέ
779 801 862 849 τις
889 787 994 859 πρὸ
1017 804 1126 842 των
1159 787 1337 843 ποδῶν
1361 774 1508 861 αὐτῷ
1536 792 1631 845 καὶ
1656 791 1847 865 βόθρος
1881 794 2076 866 κομιδῇ

497 877 802 949 βαθύτατος
827 878 1147 951 διωρύχθαι.
1185 882 1298 937 Καὶ
1322 883 1413 937 τὸν
1453 885 1552 955 μὲν
1597 886 1778 957 ἀφῆκε
1812 888 1955 942 κατὰ
1982 888 2077 942 τοῦ

497 969 696 1040 βόθρου
719 986 733 1000 ³
763 971 1097 1042 ἐπιστρέψας
1130 973 1188 1028 δὲ
1209 974 1349 1047 πρός
1381 992 1448 1046 με
1489 977 1675 1044 πάλιν,
1707 980 1885 1034 ἐκεῖνό
1915 997 2079 1052 φησιν

490 1061 522 1114 ὃ
555 1060 690 1133 πρὸς
713 1060 806 1117 τὸν
845 1064 1160 1133 παράλυτον
1190 1067 1218 1119 ό
1242 1067 1478 1136 Χριστός
1500 1085 1514 1099 ·
1554 1068 1670 1126 Ἴδε
1715 1070 1894 1141 ὑγιὴς
1918 1071 2081 1143 γέγο-

489 1167 627 1218 νας,
649 1150 867 1221 μηκέτι
922 1155 1245 1224 ἁμάρτανε,
1299 1158 1459 1214 ἀλλὰ
1513 1163 1780 1232 πρόσεχε
1817 1163 2077 1231 σεαυτῷ,

491 1243 597 1298 ινα
624 1243 708 1312 μὴ
737 1244 941 1314 χεῖρόν
968 1264 1024 1301 τι
1061 1260 1165 1302 σοι
1196 1248 1463 1319 γένηται.
1505 1252 1743 1319 ’Λνεθεὶς
1763 1254 1821 1310 δὲ
1851 1256 1946 1310 τοῦ
1978 1259 2084 1313 πά-

491 1333 624 1398 θους
660 1333 793 1403 ἐγὼ,
835 1337 929 1390 καὶ
959 1337 1301 1412 θερμοτέραν
1328 1342 1565 1409 ἀποδοὺς
1599 1344 1679 1417 τῷ
1709 1345 1830 1419 Θεῷ
1858 1347 1959 1420 τὴν
1992 1350 2081 1403 εὖ·

491 1427 810 1498 χαριστίαν,
849 1429 1068 1502 ἀπαθὴς
1092 1432 1152 1499 ἐξ
1204 1433 1417 1488 ἐκείνου
1450 1437 1544 1490 καὶ
1597 1441 1679 1502 είς
1715 1439 1878 1510 δεῦρο
1910 1441 2083 1496 κακοῦ

492 1517 698 1582 παντὸς
737 1523 1167 1593 συντετήρημαι.
1200 1525 1389 1580 Ταῦτα
1423 1528 1549 1599 ἐμοὶ
1578 1529 1673 1584 τοῦ
1722 1531 1937 1587 Παύλου
1962 1535 2084 1589 δια·

488 1610 859 1681 σαφήσαντος,
882 1612 1068 1685 κοινὴν
1083 1616 1194 1684 ἐγὼ
1214 1618 1349 1672 πᾶσι
1369 1621 1659 1690 παρέθηκα
1678 1623 1778 1694 τὴν
1801 1623 2079 1697 διήγησιν.

561 1701 741 1759 PMB’.
775 1706 942 1775 Πλὴν,
979 1708 1099 1762 ἀλλ’
1128 1711 1158 1762 ὁ
1209 1711 1367 1780 λόγος
1418 1715 1565 1786 ὁρμᾷ
1627 1733 1719 1786 μοι
1777 1717 1939 1772 πάλιν
1989 1720 2084 1773 καὶ

488 1791 699 1863 ἑτέροις
728 1794 979 1851 ἑστιᾶσαι
1005 1798 1106 1863 τὰς
1140 1799 1297 1870 ὑμῶν
1325 1801 1518 1867 ἀκοάς.
1552 1804 1880 1861 Παύσασθαι
1910 1807 2021 1880 γὰρ
2050 1811 2084 1881 ἡ

487 1884 602 1938 τῶν
627 1884 924 1957 θαυμάτων
959 1892 1211 1962 συνέχεια
1239 1895 1342 1947 οὐκ
1375 1895 1461 1965 ἐᾷ,
1492 1870 2084 1972 προκαλουμέη’μὲλξ
2116 1870 2161 1927 Β

490 1975 583 2028 λον
615 1977 702 2030 ἀεὶ
725 1977 816 2032 τὸν
840 1978 1018 2048 λόγον,
1054 1981 1148 2035 καὶ
1177 1984 1259 2046 είς
1281 1984 1343 2037 τὸ
1367 1992 1397 2021 κ
1428 1985 1616 2055 πρόσω
1647 1987 1852 2059 βαίνειν
1875 1992 2083 2062 προθυ-

494 2068 767 2141 μουμένη,
796 2071 1084 2142 κρείττονα
1126 2075 1256 2129 ὄντα
1299 2076 1397 2131 καὶ
1441 2079 1793 2152 χαριέστεροι,
1828 2081 2082 2156 καθάπερ

491 2157 635 2229 αὐτὴ
665 2160 803 2232 πρὸς
856 2163 1064 2234 ἑαυτὴν
1091 2165 1472 2237 ἁμιλλωμένη,
1501 2170 1596 2222 καὶ
1626 2172 1695 2225 τὰ
1741 2174 2083 2243 προλαϐόντα

492 2251 651 2320 νικᾷν
668 2247 781 2314 τοῖς
813 2252 1015 2323 ἑφεξῆς
1048 2254 1370 2325 βουλομένη.
1423 2255 1565 2322 Τοὺς
1601 2260 1710 2331 γὰρ
1729 2260 1822 2315 δύο
1845 2262 2085 2329 λάκκους

492 2337 588 2403 οὓς
614 2339 714 2411 τὴν
735 2341 912 2414 ἀρχὴν
933 2343 1092 2413 λόγος
1120 2344 1227 2399 ὑπὸ
1242 2347 1352 2400 τῶν
1374 2348 1722 2420 Ἀμορραίων
1737 2351 2080 2424 διορυγῆναι,

490 2431 616 2486 δυσὶ
659 2432 753 2488 τοῦ
820 2436 1088 2490 κοινοῦίου
1139 2438 1375 2503 σταδίοις
1419 2439 1809 2513 διεστηκότας,
1867 2448 2085 2502 ἀνανεοῖ

496 2524 600 2594 μὲν
630 2524 711 2579 ἔτι
738 2524 814 2579 ὣν
844 2528 986 2599 ὑπὲρ
1012 2529 1115 2597 γῆς
1144 2530 1173 2583 ό
1201 2531 1375 2601 μέγας
1395 2531 1694 2604 Εὑθύμιος,
1718 2536 1794 2600 ὡς
1817 2538 1918 2611 ἤδη
1950 2540 2084 2608 φθόι-

494 2632 688 2680 σαντες
726 2618 1101 2691 ἐδηλώσαμεν,
1135 2623 1232 2676 καὶ
1266 2623 1345 2694 τῷ
1371 2624 1467 2677 τοῦ
1500 2626 1688 2697 ἑτέρου
1720 2629 1953 2697 στόματι
1985 2632 2082 2686 θύ-

495 2725 601 2779 ραν
632 2709 796 2775 αὐτὺς
827 2710 1344 2786 ἐπιθεὶς,ἅπονέμει
1370 2716 1507 2786 πρὸς
1535 2717 1752 2788 ὑδρείαν
1783 2722 1848 2792 τῇ
1882 2720 2080 2795 λαύρα·

493 2802 711 2875 θατέρῳ
734 2803 791 2857 δὲ
824 2806 936 2868 τοῖς
966 2805 1058 2858 ὑπ’
1084 2806 1249 2860 αὑτοῦ
1284 2807 1662 2876 βαπτισθεῖτιν
1698 2812 2022 2885 Ἀγαρηνοῖς
2053 2824 2083 2863 γ

495 2894 663 2967 ῥητόν
690 2913 812 2949 τινα
840 2902 1166 2970 παραχωρεῖ
1208 2900 1421 2971 χρόνον.
1448 2900 1634 2966 Οὕτως
1663 2899 1758 2956 οὖν
1789 2905 1942 2977 αὐτῷ
1975 2907 2082 2961 τῶν

493 2988 716 3042 λάκκων
737 2990 993 3061 ἐχόντων,
1029 2991 1120 3045 καὶ
1158 2993 1251 3047 τοῦ
1281 2994 1382 3063 μὲν
1413 2997 1479 3065 τῇ
1506 2995 1703 3068 λαύρα,
1740 2997 1835 3051 τοῦ
1866 2998 1923 3051 δὲ
1969 3000 2085 3063 τοῖς

505 3077 834 3151 Ἀγαρηνοῖς
876 3081 1388 3154 ἀπονενεμημένου,
1417 3085 1590 3159 ξηρὰν
1618 3089 1712 3141 καὶ
1756 3086 1936 3153 ἄλλως
1982 3090 2083 3162 τὴν

2183 626 2345 667 manu
2399 612 2581 668 brevis
2623 613 2842 683 quidam
2890 613 3175 669 videbatur
3228 613 3523 685 Ethiops,
3592 616 3766 672 oculis

2185 706 2293 776 igni
2329 705 2524 760 similis
2562 724 2573 759 :
2611 708 2722 761 visa
2757 720 2974 776 quoque
3021 719 3106 762 est
3138 715 3266 761 ante
3300 707 3419 778 ejus
3463 706 3627 778 pedes
3655 707 3766 762 de-

2184 797 2330 853 fossa
2366 814 2489 854 esse
2514 796 2934 867 profundissima
2973 797 3151 853 fovea.
3184 799 3247 853 Et
3282 799 3430 854 illum
3459 801 3677 875 quidem
3714 800 3768 853 in

2186 891 2395 948 foveam
2442 891 2672 963 deiecit;
2712 891 2779 946 ad
2814 905 2901 945 me
2935 905 3064 945 vero
3109 891 3305 947 iterum
3347 907 3668 957 conversus,
3705 892 3770 964 il-

2183 984 2276 1038 lud
2304 984 2455 1051 dicit,
2489 983 2910 1055 qnod,Cbristus
2935 982 3238 1055 paralytico
3270 1002 3284 1037 :
3324 983 3458 1038 Ecce
3488 1001 3652 1039 sanus
3685 984 3771 1054 [a-

2185 1087 2301 1132 ctus
2334 1095 2410 1143 es,
2439 1078 2558 1147 jam
2605 1076 2716 1133 noli
2755 1092 2995 1144 peccare,
3042 1076 3137 1129 sed
3168 1076 3387 1130 attende
3421 1075 3517 1130 tibi
3548 1077 3676 1147 ipsi,
3711 1093 3772 1129 ne

2186 1171 2416 1226 deterius
2457 1170 2550 1224 tibi
2582 1170 2787 1240 aliquid
2817 1168 3086 1239 contingat
3116 1167 3257 1221 "-“.
3292 1167 3402 1238 Ego
3451 1181 3579 1223 vero
3612 1166 3681 1221 ab
3708 1182 3772 1223 ea

2186 1264 2496 1318 calamitate
2516 1263 2800 1325 liberatus,
2821 1272 2875 1316 et
2900 1259 3306 1316 ardentioribus
3338 1258 3448 1313 Deo
3475 1258 3614 1314 actis
3640 1273 3767 1328 gra-

2189 1357 2301 1422 tiis,
2335 1355 2403 1411 ab
2434 1353 2525 1410 illo
2571 1364 2815 1423 tempore
2858 1368 3033 1423 usque
3069 1357 3124 1407 in
3172 1351 3494 1406 hodiernum
3548 1364 3773 1405 conser-

2187 1459 2345 1502 vatus
2376 1462 2497 1501 sum
2530 1445 2711 1501 omnis
2738 1443 2865 1499 mali
2896 1458 3118 1513 expers.
3156 1441 3283 1497 Haec
3313 1456 3438 1496 cum
3476 1439 3610 1495 mibi
3639 1437 3778 1493 Pan-

2187 1537 2271 1592 lns
2302 1536 2682 1601 declaraverit,
2721 1548 3068 1589 communem
3105 1548 3208 1603 ego
3264 1531 3480 1586 cunctis
3510 1532 3775 1601 proposui

2198 1626 2594 1683 narrationem.

2257 1718 2467 1775 CXLII.
2513 1719 2712 1774 Verum
2749 1719 2894 1772 enim
2934 1731 3064 1773 vero
3110 1716 3242 1772 mibi
3294 1730 3484 1771 rursus
3534 1713 3776 1783 erumpit

2189 1812 2367 1868 oratio
2402 1812 2469 1866 ad
2501 1810 2804 1882 pascendas
2844 1812 3009 1865 rebus
3039 1808 3164 1864 aliis
3198 1822 3363 1863 aures
3391 1815 3622 1863 vestras.
3657 1805 3773 1862 Non

2188 1903 2323 1959 sinit
2367 1902 2512 1958 enim
2549 1915 2771 1957 cessare
2810 1900 3201 1955 miraculorum
3237 1899 3604 1964 continuatio,
3631 1914 3775 1954 sern-

2187 2010 2286 2065 per
2327 1994 2499 2066 magis
2547 2006 2852 2064 provocans
2889 1991 3215 2057 orationem,
3247 1999 3303 2046 et
3357 1989 3601 2061 gestiens
3649 2004 3776 2059 pro-

2188 2088 2338 2160 gredi
2364 2087 2429 2141 ad
2457 2086 2742 2152 ulteriora,
2769 2100 2889 2156 qua:
2913 2082 3298 2155 praestantiora
3325 2092 3454 2138 sunt
3482 2090 3538 2137 et
3573 2080 3775 2151 jucun-

2188 2183 2371 2250 diora;
2410 2180 2575 2236 veluti
2602 2180 2716 2249 ipsa
2743 2193 2931 2233 secum
2959 2185 3203 2243 certans,
3235 2177 3538 2244 volensque
3566 2188 3771 2244 praece-

2188 2273 2369 2330 dentia
2421 2274 2644 2329 vincere
2680 2271 3172 2341 consequentibus.
3219 2270 3364 2324 Duas
3403 2268 3547 2323 enim
3577 2268 3775 2322 cister-

2187 2381 2309 2434 nas,
2339 2380 2477 2436 quas
2511 2364 2655 2420 fama
2707 2373 2792 2419 est
2844 2363 2913 2417 ab
2953 2362 3111 2417 initio
3160 2361 3363 2417 fodisse
3406 2357 3772 2421 Amorrbaaos,

2188 2464 2407 2519 dissitas
2440 2461 2650 2516 duobus
2677 2459 2868 2514 stadiis
2906 2472 2936 2511 a
2986 2456 3260 2521 coenobio,
3298 2461 3527 2510 renovat
3550 2452 3770 2523 quidem

2193 2554 2372 2608 adhuc
2407 2553 2458 2607 in
2492 2562 2637 2607 terra
2684 2550 2871 2612 vivens
2917 2562 3150 2618 magnus
3179 2543 3527 2614 Eutbymius,
3560 2553 3621 2598 ut.
3661 2542 3774 2613 jam

2188 2658 2348 2705 antea
2379 2647 2806 2712 declaravimus,
2827 2654 2882 2699 et
2913 2657 3038 2699 cum
3067 2641 3297 2696 alterius
3317 2639 3398 2693 ori
3425 2637 3776 2708 imposuisset

2188 2738 2389 2795 ostium
2411 2781 2425 2804 ,
2468 2735 2659 2791 tribuit
2700 2735 2867 2788 taurae
2902 2733 2971 2787 ad
2999 2730 3377 2802 aquationem;
3415 2727 3642 2783 alteram
3677 2742 3775 2781 au-

2191 2842 2297 2885 tem
2318 2827 2587 2898 Agarenis
2616 2841 2753 2898 quos
2779 2825 3172 2893 baptizaverat,
3192 2827 3345 2878 certo
3369 2818 3618 2875 concedit
3643 2825 3777 2874 tem-

2188 2935 2340 2991 pore.
2384 2919 2462 2972 Ita
2497 2932 2629 2988 ergo
2655 2931 2715 2971 se
2746 2913 3078 2970 habentibus
3103 2911 3385 2977 cisternis,
3417 2919 3474 2965 et
3501 2924 3607 2964 una
3633 2907 3777 2963 Lau-

2191 3024 2284 3073 τω,
2320 3008 2489 3061 altera
2522 3003 2792 3075 Agarenis
2855 3002 3145 3069 attributa,
3195 2999 3546 3055 solitudinem
3602 2997 3773 3061 illam,

2189 3098 2429 3168 aliOqttin
2478 3098 2688 3151 aridam
2744 3103 2800 3150 et
2846 3095 3237 3164 propemodum
3273 3105 3427 3162 aqua:
3470 3097 3774 3158 expertem,

494 3168 707 3267 ξρημον
753 3171 970 3242 ἐκείνην
992 3171 1180 3240 οὖσαν,
1230 3177 1328 3228 καὶ
1361 3176 1561 3247 μικροῦ
1594 3195 1658 3247 γε
1691 3181 1804 3234 δεῖν
1833 3182 2082 3252 ἄνυδρον,

2194 3191 2389 3263 pluviae
2427 3190 2702 3243 invaserat
2743 3186 2995 3256 penuria.
3022 3183 3126 3251 Qui
3159 3183 3367 3238 Iauram
3404 3181 3591 3249 itaque
3619 3178 3776 3233 inco-

491 3261 768 3332 ἁνομὸρία
802 3266 1085 3337 κατέσχεν.
1142 3268 1204 3319 Οἱ
1231 3266 1363 3335 γοῦν
1411 3269 1508 3341 τῆς
1539 3270 1750 3341 λαύρας
1778 3274 2084 3339 δεδοικότες

2194 3261 2416 3344 lebant,
2473 3295 2629 3349 aquae
2683 3276 2842 3331 veriti
2894 3275 3135 3343 itioniam
3169 3313 3184 3337 ,
3242 3273 3497 3327 cisterna:
3558 3271 3775 3340 quidem

491 3355 597 3425 τὴν
626 3355 718 3410 τοῦ
756 3356 947 3422 ὕδατος
986 3358 1218 3424 ἔνδειαν,
1274 3362 1373 3434 τὴν
1410 3364 1510 3433 μὲν
1546 3366 1642 3419 τοῦ
1674 3366 1883 3422 λάκκου
1916 3369 2086 3439 θύραν

496 3448 606 3501 ὑπὸ
648 3449 825 3503 κλεισὶ
857 3454 954 3505 καὶ
973 3453 1190 3524 μοχλοῖς
1219 3454 1632 3522 ἀσραλίζονται.

569 3539 745 3594 PMI".
773 3541 893 3596 Τῶν
921 3543 975 3596 δὲ
1003 3544 1294 3616 φυλάρχων
1318 3546 1427 3600 τῶν
1449 3548 1557 3601 ὗπὸ
1573 3551 1638 3620 τῇ
1663 3550 1772 3603 τῶν
1800 3552 2087 3624 Ῥωμαίων

493 3634 641 3705 ἀρχῇ
677 3634 946 3705 κειμένων
989 3637 1190 3709 ’Λρέθα
1212 3639 1307 3692 καὶ
1340 3642 1649 3707 Ἀσουάδου,
1676 3644 1817 3698 ὅπλα
1839 3645 1961 3698 κατ’
1989 3645 2086 3699 ἀλ-

495 3726 677 3797 λήλων
703 3727 800 3781 καὶ
835 3728 1073 3799 πόλεμον
1109 3732 1424 3803 ἀραμένων,
1455 3733 1727 3804 πολλαχοῦ
1754 3736 1851 3805 τῆς
1876 3738 1972 3806 ὲρή
1983 3754 2084 3804 μου

499 3818 895 3891 διασπαρέντες
927 3824 975 3875 ot
1009 3821 1305 3895 Βάρδαροι,
1344 3827 1648 3897 χρημάτων
1694 3844 1754 3879 τε
1803 3829 2083 3897 ἁρπαγὰς,

509 3915 598 3966 κειλ⁸
617 3915 786 3969 οίκων
812 3916 1145 3990 ἀνατροπὰς,
1179 3920 1273 3972 καὶ
1299 3919 1432 3973 ἄλλα
1462 3920 1672 3991 ὅσαπερ
1700 3923 1757 3973 ἐν
1776 3923 1886 3983 τοῖς
1911 3922 2087 3974 τοιού-

510 4020 617 4070 τοις
644 4006 798 4077 βίαια
831 4010 923 4062 καὶ
952 4011 1254 4082 τυραννικὰ
1286 4011 1433 4081 φιλεῖ
1464 4012 1809 4083 συμϐαίνειν,
1842 4015 2083 4069 ἐποίουν.

505 4095 638 4151 Ποτὲ
671 4099 806 4167 γοῦν
836 4100 1167 4172 καθημένων
1196 4103 1357 4173 ἡμῶν
1380 4103 1487 4171 πρὸ
1510 4104 1608 4173 τῆς
1631 4104 1836 4157 εἰσόδου
1854 4105 1947 4158 τοῦ
1974 4123 2090 4159 κοι-

501 4188 701 4255 νοόίου,
737 4192 1136 4264 προσέρχονταί
1160 4212 1302 4260 τινες
1328 4197 1604 4268 Βάρόαροι
1627 4196 1720 4250 δύο
1739 4215 1751 4227 ·
1786 4200 2002 4270 προσῆν
2031 4200 2088 4252 δὲ

500 4284 688 4347 αὐτοῖς
730 4287 828 4340 καὶ
882 4289 1247 4358 Χριστιανὸς,
1298 4290 1550 4354 Θαλάϐας
1597 4290 1789 4361 ὄνομα,
1840 4291 1949 4346 τῶν
1986 4292 2089 4345 ὑπὸ

504 4375 778 4447 Εὐθυμίου
804 4378 971 4433 πάλαι
994 4378 1401 4450 βαπτισθέντων
1446 4384 1766 4455 Ἀγαρηνῶν
1818 4384 2090 4455 συγγενὴς

502 4464 602 4524 ὢν.
635 4468 775 4525 Ἕνα
797 4471 891 4525 τοῦ
916 4473 1118 4527 οἰκείου
1150 4474 1388 4543 πλήθους
1422 4476 1762 4546 ἐπαγόμενοι
1780 4478 2085 4549 Βάρόαρον,

2192 3375 2391 3432 ostium
2419 3372 2664 3427 clavibus
2694 3381 2748 3426 et
2776 3370 3029 3426 vectibus
3054 3366 3458 3423 communiunt.

2262 3534 2491 3610 CXLIII.
2535 3550 2671 3606 Cum
2696 3564 2824 3605 vero
2849 3551 3083 3604 tribuum
3117 3547 3356 3619 praefecti
3389 3545 3504 3619 (9|)
3532 3545 3776 3601 Romano

2190 3645 2421 3714 imperio
2451 3643 2684 3713 subjecti
2706 3643 2939 3696 Aretbas
2959 3651 3005 3697 et
3036 3641 3305 3705 Asuades,
3326 3650 3515 3694 contra
3549 3650 3608 3692 se
3639 3638 3777 3691 invi-

2191 3753 2309 3793 cem
2341 3749 2488 3790 arma
2513 3744 2568 3788 et
2604 3731 2804 3787 bellum
2849 3731 3247 3800 suscepissent,
3291 3744 3389 3798 per
3423 3728 3773 3783 solitudinem

2191 3842 2333 3898 saepe
2362 3826 2593 3896 dispersi
2643 3823 2895 3889 barbari,
2932 3832 2986 3878 et
3037 3822 3298 3892 pecunias
3342 3819 3694 3890 diripiebant.
3724 3829 3807 3872 et‘

2192 3922 2383 3976 domos
2412 3919 2762 3981 avertebant,
2798 3915 3013 3985 aliaque
3052 3913 3326 3968 faciebant
3348 3926 3468 3984 qua:
3499 3911 3552 3965 in
3586 3909 3777 3980 hujus.-

2193 4010 2338 4063 modi
2374 4009 2549 4064 solent
2582 4006 2901 4075 contingere
2947 4002 3188 4057 violenta
3248 4012 3413 4071 atque
3465 4000 3773 4072 tyrannica.

2192 4100 2501 4169 Aliquando
2531 4104 2672 4169 ergo
2704 4095 3024 4152 sedentibus
3055 4094 3212 4149 nobis
3248 4104 3375 4148 ante
3426 4092 3631 4147 aditum
3665 4106 3778 4145 rue-

2192 4194 2363 4259 nobii,
2397 4191 2665 4249 accedunt
2690 4190 2911 4261 quidam
2941 4189 3047 4243 duo
3078 4186 3332 4250 barbari;
3372 4202 3496 4242 cum
3526 4187 3607 4241 eis
3646 4200 3777 4240 vero

2194 4287 2384 4341 aderat
2452 4297 2668 4355 quoque
2730 4280 3103 4342 Christianus,
3182 4276 3456 4332 Thalabas
3529 4278 3773 4337 nomine.

2194 4389 2457 4451 cognatus
2517 4380 2895 4448 Agarenorum
2948 4376 3039 4444 qui
3092 4373 3313 4427 fuerant
3346 4370 3476 4425 olim
3513 4370 3772 4438 baptizati

2194 4473 2261 4526 ab
2289 4470 2612 4541 Eutbytnio;
2661 4469 2994 4523 adducentes
3025 4478 3190 4519 unum
3229 4478 3258 4517 e
3287 4475 3386 4515 sua
3423 4458 3776 4512 multitudine

505 4561 605 4614 καὶ
651 4562 810 4615 αὐτὸν
841 4563 1054 4634 δαίμονί
1095 4582 1203 4617 τινι
1246 4564 1468 4636 χαλεπῷ
1525 4568 1777 4636 κάτοχον.
1827 4568 1983 4620 Ἐπεὶ
2029 4567 2086 4621 δὲ

2197 4564 2512 4624 barbarum,
2546 4561 2637 4631 qui
2672 4561 2788 4630 ipse
2827 4560 2993 4614 etiam
3023 4571 3051 4611 a
3087 4556 3321 4624 quodam
3358 4566 3502 4607 saevo
3530 4550 3780 4605 daemone

503 4651 833 4721 προσῆλθον,
885 4653 1135 4726 ἐξηγεῖτο
1160 4655 1257 4724 τὴν
1288 4654 1468 4708 αἰτίαν
1500 4654 1528 4705 ό
1575 4653 1858 4717 Θαλάϐας·
1901 4654 1976 4717 ὡς
2003 4654 2092 4707 ἐλ-

505 4740 710 4797 θόντων
738 4747 867 4798 ποτὲ
888 4745 997 4799 τῶν
1026 4743 1329 4816 Βαρϐάρων
1373 4745 1522 4814 παρὰ
1551 4746 1651 4816 τὴν
1682 4745 1913 4816 λαύραν,
1948 4744 2088 4798 ὥστε

508 4833 727 4887 ποτίσαι
749 4836 847 4900 τὰς
871 4835 1083 4891 ἑαυτῶν
1105 4837 1410 4908 καμήλους,
1443 4837 1537 4891 καὶ
1550 4836 1629 4907 τῷ
1650 4836 1838 4907 λάκκῳ
1871 4836 1972 4907 τὴν
1999 4836 2094 4890 θέ-

509 4940 608 4994 ραν
632 4926 1061 4999 ἑπικεκλιμένην
1082 4928 1375 5000 εὑρόντων,
1407 4929 1435 4981 ὁ
1465 4927 1739 4998 δαιμονῶν
1771 4922 1929 4991 οὗτος
1965 4926 2092 4998 βαρ·

505 5015 881 5090 ϐαρικώτερον
912 5020 1176 5092 κινηθεὶς,
1194 5021 1292 5091 τὴν
1320 5021 1420 5093 μὲν
1449 5019 1583 5093 λίθῳ
1616 5020 1773 5092 βαρεῖ
1809 5020 2091 5090 κατακλᾷο

505 5106 696 5161 τοῦτον
722 5107 781 5162 δὲ
811 5108 1021 5180 δαίμων
1057 5111 1216 5175 εὐθὺς
1250 5111 1524 5166 ἀντιπαίει
1553 5111 1732 5182 πολλῷ
1759 5112 2061 5181 δεινότερον
2079 5128 2092 5141 ·

509 5199 607 5252 καὶ
646 5200 710 5254 τὸ
754 5200 940 5257 λοιπὸν
970 5203 1150 5258 ἔκειτο
1185 5207 1654 5277 σπαραττόμενος,
1697 5205 1791 5259 καὶ
1829 5203 2007 5275 ἀφροῦ
2037 5204 2097 5257 τὸ

511 5292 686 5363 στόμα
716 5294 1183 5368 ὑποπιπλάμενος.

582 5412 628 5445 ⁸³
654 5411 869 5468 “Joan.
914 5431 968 5479 v,
1001 5414 1086 5469 14.

2198 4655 2597 4725 possidebatnr.
2649 4653 2945 4721 Postquam
2993 4660 3174 4703 autem
3210 4654 3581 4708 accesserunt,
3613 4657 3781 4712 expo-

2197 4736 2310 4805 suit
2343 4763 2563 4804 causam
2602 4745 2912 4800 'fbalabas:
2966 4741 3103 4796 Cum
3162 4737 3455 4807 aliquando
3505 4735 3782 4789 venissent

2199 4840 2419 4895 barbari
2447 4839 2514 4893 ad
2559 4837 2793 4901 lauram,
2822 4843 2881 4888 ut
2914 4832 3252 4900 adaquarent
3280 4842 3407 4884 snas
3436 4826 3697 4888 camelos,
3728 4835 3783 4878 et

2199 4933 2451 4989 cisterna:
2474 4931 2797 4986 incumbens
2835 4925 3178 4982 invenissent
3207 4922 3432 4987 ostium,
3466 4919 3553 4974 hic
3583 4917 3785 4972 daemo-

2201 5024 2423 5088 niacus,
2452 5019 2756 5076 barbariori
2807 5017 2968 5072 modo
3018 5021 3351 5077 commotus,
3397 5008 3548 5081 gravi
3608 5006 3786 5076 lapide

2198 5115 2330 5183 illud
2365 5111 2694 5180 confringit;
2740 5124 2863 5165 eum
2907 5115 3094 5163 autem
3145 5104 3294 5160 illiro
3343 5100 3586 5157 vicissim
3628 5098 3787 5167 longe
3876 5170 3885 5179 ἱ

2199 5204 2420 5275 gravius
2469 5204 2597 5258 ferit
2635 5201 2880 5265 damon;
2941 5214 3007 5254 ac
3040 5196 3235 5253 deinde
3260 5194 3484 5267 iacebat
3521 5200 3698 5247 tortus
3731 5199 3788 5244 et

2203 5297 2558 5361 dilaceratus,
2585 5308 2755 5364 osque
2795 5293 3005 5348 habens
3035 5294 3225 5360 spuma
3265 5287 3567 5359 oppletum.

1806 5507 2042 5562 YARIA'I
2083 5502 2492 5561 LECTIONES.

586 5611 613 5641 ι
648 5599 719 5654 al.
743 5601 833 5656 τά.
908 5612 939 5651 .7
971 5600 1042 5656 al.
1078 5602 1443 5673 Σαρακηνοῖς.

1702 5687 1897 5745 JOAN.
1933 5687 2280 5746 BOLLANDI
2321 5689 2558 5748 ΝΟΤᾹΞ.

590 5790 707 5860 (ω)
743 5790 895 5844 Anno
916 5787 1208 5844 Iustiniani
1237 5786 1324 5850 19,
1345 5786 1475 5860 _Cbr.
1511 5787 1637 5848 545.
1665 5789 1886 5844 obsessa
1936 5787 2039 5842 fuit
2069 5805 2098 5843 a
2136 5788 2381 5848 Cbosroc
2409 5792 2625 5847 seniore
2660 5787 2883 5854 Edessa,
2950 5798 3056 5856 quo
3082 5791 3345 5852 tempore,
3403 5785 3495 5832 aut
3541 5774 3791 5848 proxime

516 5858 789 5932 Sequenti,
820 5860 919 5916 boc
944 5861 1140 5917 ducum
1175 5858 1488 5915 intestinum
1544 5860 1740 5917 bellum
1787 5860 2097 5928 contigerit.
