4116 6426
444 359 548 420 719

1552 323 1562 330 ’
1645 367 1929 430 MENSIS
1968 371 2430 434 JANIJARIUS.

3605 370 3714 435 720

512 473 742 528 CXLIV.
788 472 897 543 Ego
947 488 1076 527 vero
1133 475 1445 539 adveniens,
1479 484 1532 529 et
1586 476 1766 532 animo
1816 477 2002 533 fractus

2198 484 2372 540 ΡΜΔ¹⁸
2411 484 2625 553 Ἔγωγε
2675 481 2769 539 οὖν
2803 484 3038 557 παριὼν,
3073 485 3167 546 καὶ
3202 485 3301 557 τὴν
3329 479 3510 557 ψυχήν
3539 485 3715 550 οὕτως

419 569 572 638 quod
648 568 720 621 ita
775 582 833 622 se
889 565 1115 622 haberet
1164 567 1456 634 Barbarus,
1513 584 1616 623 una
1685 585 1808 624 cum
1883 572 2014 625 viris

432 676 553 715 eum
621 660 768 725 tollo,
831 670 882 714 et
941 660 1008 714 ad
1080 660 1268 715 Sancti
1333 675 1557 732 capsam
1629 663 1882 729 adduco;
1959 677 2017 719 ut

433 755 574 808 unde
629 752 860 809 afﬂictus
902 762 985 808 cst
1033 753 1370 818 Calamitate,
1413 755 1560 810 illinc
1595 757 1835 812 inveniat
1887 757 2014 811 mali

430 860 643 914 quoque
677 845 1156 899 medicamentum.
1184 845 1438 916 Ejusdem
1469 847 1611 900 enim
1635 857 1738 911 est,
1765 857 1818 904 et
1849 850 2014 903 casti-

429 949 558 1003 gare
590 942 810 1002 propter
839 933 1224 998 temeritatem,
1260 943 1315 988 et
1338 948 1531 988 curare
1555 950 1747 990 rursus
1781 949 1878 1004 per
1906 933 2014 987 cle-

429 1025 709 1079 mentiam.
744 1023 960 1078 Positus
993 1037 1124 1094 ergo
1153 1023 1218 1077 ad
1252 1022 1484 1079 loculum
1513 1023 1558 1078 is
1585 1025 1675 1093 qui
1713 1023 2010 1088 laborabat,

430 1131 552 1170 cum
599 1131 707 1170 non
748 1115 974 1170 multum
1013 1115 1272 1185 deinceps
1313 1126 1526 1184 tempus
1557 1116 1666 1170 illic
1699 1116 2009 1180 mansisset,

428 1208 762 1264 curationem
804 1207 1006 1263 invenit
1063 1209 1320 1278 majorem
1366 1223 1527 1277 quam
1583 1208 1847 1276 petierat;
1905 1223 2009 1262 non

427 1303 690 1358 liberatus
736 1302 1076 1357 solummodo
1120 1317 1149 1355 a
1204 1303 1343 1356 mala
1377 1301 1686 1366 affectione,
1717 1301 1811 1355 sed
1847 1302 2009 1355 etiam

426 1393 698 1448 diviniore
729 1393 934 1448 lumine
967 1392 1020 1446 in
1056 1393 1234 1447 anima
1259 1393 1624 1458 collustratus,
1650 1401 1703 1448 et
1735 1409 1840 1448 non
1869 1394 2009 1447 mul-

423 1487 492 1538 tis
527 1493 713 1552 postea
740 1486 929 1542 diebus
962 1487 1290 1558 baptizatus.

493 1575 703 1630 CXLV.
747 1575 1004 1644 Ejusdem
1053 1578 1217 1632 etiam
1265 1578 1522 1634 Thalabae
1574 1594 1637 1633 ex
1687 1577 1854 1634 fratre
1916 1588 2009 1634 aut

419 1681 608 1720 sorore
649 1667 852 1735 neptis,
905 1667 1168 1722 immundi
1209 1669 1472 1725 daemonis
1521 1671 1800 1726 dominatu
1857 1681 2008 1727 tene-

419 1760 600 1812 hatur.
646 1758 816 1828 Igitur
861 1759 974 1830 ipsa
1019 1775 1236 1831 quoque
1277 1763 1345 1817 ad
1390 1763 1741 1834 reliquiarum
1789 1764 2003 1818 thecam

419 1858 632 1916 portata
689 1865 754 1905 ex
810 1828 1050 1906 Lazario
1105 1828 1266 1924 (illic
1301 1828 1815 1924 quippe'habitabat
1859 1855 2003 1911 Tha-
2039 1828 2081 1886 Β

418 1942 614 2011 labas),
651 1943 853 1997 nullum
873 1945 1090 2014 quidem
1123 1945 1268 1999 aliud
1303 1947 1757 2001 medicamentum
1777 1948 2006 2015 exstitit,

419 2035 519 2089 nisi
555 2049 619 2089 ex
656 2033 816 2103 hujus
852 2035 1011 2090 loculi
1047 2037 1485 2092 sanctificatione
1527 2053 1620 2092 seu
1661 2055 1800 2108 aqua
1844 2040 2010 2095 benc-

418 2126 562 2178 dicta
595 2125 799 2192 iIIitus;
841 2125 955 2180 dies
985 2137 1164 2180 autem
1209 2143 1312 2180 non
1349 2127 1534 2196 plures
1571 2142 1732 2197 quam
1773 2137 1904 2190 tres,
1941 2128 2007 2182 ad

405 2217 716 2286 perfectam
774 2219 841 2271 ab
884 2217 1229 2288 opprimente
1286 2217 1665 2272 liberationem
1711 2219 2004 2272 sufﬁciunt.

490 2307 726 2364 CXLVI.
755 2309 892 2376 Quid
924 2324 1054 2364 vero
1077 2309 1280 2364 dixeris
1306 2309 1371 2364 de
1392 2309 1630 2381 Agareui
1654 2311 1837 2381 Argob
1864 2311 2006 2366 filio?

411 2407 523 2458 hoc
551 2403 695 2458 enim
728 2403 948 2457 nomine
979 2411 1135 2471 pater
1175 2403 1474 2457 vocabatur
1515 2419 1528 2455 :
1567 2403 1658 2472 qui
1693 2418 1788 2472 per
1813 2403 2004 2457 solitu-

416 2499 601 2552 dinem
649 2510 842 2568 greges
894 2510 1147 2567 pascens,
1181 2501 1316 2551 cum
1362 2497 1729 2551 exsecrandus
1779 2495 2000 2566 quidam

416 2593 624 2643 dmmon
677 2589 727 2642 in
770 2602 891 2642 eum
930 2588 1236 2652 insiliisset,
1286 2603 1392 2642 non
1447 2587 1621 2642 solum
1672 2596 1874 2651 mente,
1908 2585 2003 2640 sed

415 2681 579 2736 etiam
630 2691 853 2750 aspectu
888 2689 942 2734 et
972 2681 1146 2736 oculis
1179 2681 1442 2735 distortus
1471 2690 1741 2734 evaserat.
1782 2680 2002 2734 Delatus

416 2784 594 2830 autem
647 2775 762 2842 ipse
808 2788 1026 2844 quoque
1056 2775 1122 2828 ad
1159 2788 1376 2842 capsam
1424 2772 1798 2842 reliquiarum,
1853 2773 2001 2828 brevi

414 2869 638 2922 omnino
659 2867 910 2938 erigitur,
937 2877 990 2921 et
1015 2866 1196 2920 omnia
1219 2881 1316 2920 suo
1341 2865 1458 2922 loco
1483 2865 1734 2921 restituta
1768 2865 1998 2932 habens,

413 2961 554 3032 patri
587 2963 845 3016 redditur.

486 3052 741 3110 CXLVII.
785 3055 949 3110 Multa
986 3054 1107 3124 quis
1135 3062 1321 3124 posset
1349 3053 1660 3124 hujusmodi
1695 3063 1747 3110 et
1773 3069 2000 3110 numero

2121 579 2295 650 ἔχοντι
2323 578 2400 648 τῷ
2423 578 2696 650 Βαρόἁρῳ
2725 579 3098 645 ἐπικλασθεὶς,
3122 579 3457 651 ἀναιροῦμαι
3485 581 3582 634 σὺν
3597 584 3714 640 τοῖς

2117 671 2376 741 ἀνδράσιν
2409 671 2594 736 αὐτὸν,
2626 675 2720 724 καὶ
2757 674 2822 742 τῇ
2845 671 2938 725 τοῦ
2964 672 3123 738 ἁγίου
3147 671 3290 746 θήκῃ
3316 671 3580 742 προσάγω
3599 688 3612 703 ·
3643 672 3713 724 ἵν’

2117 762 2239 816 ὅθεν
2269 761 2478 831 ἐπλήγη
2511 765 2578 833 τῇ
2607 764 2882 834 συμφορᾷ,
2913 763 3120 816 ἐκεῖθεν
3145 762 3296 833 εὖροι
3325 764 3417 816 καὶ
3444 764 3506 816 τὸ
3537 764 3710 816 κακοῦ

2118 855 2429 925 φάρμακον.
2464 854 2571 908 Τοῦ
2603 855 2712 926 γάρ
2738 855 2926 920 αὑτοῦ,
2957 856 3052 908 καὶ
3083 855 3362 910 παιδεύειν
3395 856 3484 909 διὰ
3502 857 3706 928 θρασύ⁶

2115 964 2275 1017 τητα,
2313 949 2404 1001 καὶ
2440 948 2766 1018 θεραπεύειν
2799 947 2964 1002 πάλιν
3015 949 3104 1002 διὰ
3133 948 3575 1019 φιλανθρωπίαν.
3610 951 3710 1000 Τε-

2116 1041 2228 1104 θεὶς
2252 1035 2342 1094 οὖν
2368 1044 2394 1095 ό
2429 1042 2652 1111 πάσχων
2681 1042 2831 1112 παρὰ
2859 1044 2924 1109 τῇ
2963 1041 3125 1112 θήκῃ,
3155 1041 3251 1095 καὶ
3276 1042 3467 1110 χρόνον
3493 1040 3620 1110 ἑξῆς
3643 1041 3706 1093 οὗ

2116 1133 2284 1187 πολὺν
2316 1135 2688 1204 παραμείνας,
2727 1132 2974 1204 εὑρίσκει.
3013 1135 3112 1206 τὴν
3142 1135 3448 1207 θεραπείαν
3481 1135 3706 1204 μείζονα

2114 1226 2212 1296 τῆς
2260 1227 2564 1296 αίτήσεως’
2612 1227 2673 1279 οὐ
2728 1226 2824 1280 τοῦ
2883 1227 3091 1286 πάθους
3135 1228 3297 1296 μόνον
3346 1227 3703 1295 ἀπαλλαγεὶς,

2113 1317 2248 1372 ἀλλὰ
2271 1320 2364 1371 καὶ
2389 1307 2646 1390 θειοτέρῳ
2681 1320 2875 1388 φέγγει
2911 1319 3009 1390 τὴν
3039 1319 3218 1390 ψυχὴν
3250 1319 3702 1389 περιαυγασθείς,

2116 1408 2210 1462 καὶ
2235 1409 2470 1480 ἡμέραις
2497 1410 2556 1464 οὐ
2586 1409 2810 1472 πολλαῖς
2834 1408 3064 1480 ὕστερον
3095 1410 3524 1481 βαπτισὰμενος.

2185 1594 2361 1648 PME'.
2397 1592 2502 1647 Τοῦ
2525 1593 2582 1646 δὲ
2611 1591 2778 1646 αὐτοῦ
2807 1592 3030 1647 eamea
3061 1593 3152 1646 και
3185 1574 3541 1663 ἀδελφιδῆτις
3564 1594 3704 1647 an.

2112 1686 2296 1756 θάρτῳ
2326 1684 2598 1755 πνεύματι
2650 1685 3027 1754 κεκυρίευται.
3083 1685 3565 1755 Μετακομισθείσῃ
3589 1684 3700 1737 τοί-

2111 1797 2204 1832 νυν
2235 1777 2451 1834 ἀπὸτοῦ
2483 1778 2760 1847 Λαζαρίου
2787 1778 2882 1831 καὶ
2918 1778 3054 1848 αὐτῇ
3086 1777 3221 1849 πρὸς
3254 1778 3352 1849 τὴν
3373 1777 3468 1830 τοῦ
3507 1777 3700 1848 λειψά-

2117 1888 2208 1924 νου
2265 1870 2438 1941 θήκην
2461 1887 2474 1901 ·
2507 1869 2635 1939 τῇδε
2685 1868 2794 1938 γὰρ
2831 1869 2860 1921 ὁ
2888 1868 3140 1932 Θαλιάδας
3200 1867 3333 1939 ᾤκει
3356 1885 3370 1900 ·
3405 1869 3702 1941 φάρμακον

2119 1963 2217 2032 μὲν
2265 1961 2417 2014 οὐδὲν
2449 1961 2657 2030 ἕτερον,
2690 1958 2806 2012 ἀλλ’
2847 1959 2880 2029 ἢ
2927 1960 2987 2012 τὸ
3017 1961 3081 2013 ὲκ
3137 1961 3236 2030 τῆς
3289 1959 3451 2030 σοροῦ
3495 1959 3702 2028 ταύτης

2115 2054 2363 2123 ἁγίασμα
2403 2037 2861 2124 προσχριόμενονο
2914 2053 3122 2124 ἡμέραι
3173 2052 3230 2106 δὲ
3281 2052 3389 2104 τῶν
3417 2051 3586 2123 τριῶν
3640 2054 3699 2104 οὐ

2113 2143 2355 2209 πλείους,
2396 2143 2532 2213 πρὸς
2564 2142 2778 2196 τελείαν
2814 2142 3078 2213 ἀρκοῦσιν
3107 2142 3430 2210 ἀπαλλαγὴν
3460 2142 3552 2195 τοῦ
3590 2143 3704 2195 πιέ-

2111 2236 2315 2302 ζοντος.

2183 2329 2376 2396 PMG'.
2405 2327 2470 2381 Τί
2500 2328 2546 2381 δ’
2582 2327 2646 2381 ἂν
2675 2327 2743 2381 τὰ
2774 2328 2913 2381 κατὰ
2946 2327 3036 2381 τὸν
3081 2326 3386 2399 Ἀγαρηνοῦ
3421 2327 3586 2381 παῖδα
3621 2326 3701 2379 εἴ·

2110 2441 2234 2486 ποις
2290 2419 2547 2492 Ἀργώὸς
2603 2421 2762 2474 τοῦτο
2786 2420 2948 2490 γὰρό
2990 2420 3175 2491 πατὴρ
3224 2420 3508 2474 ἐκαλεῖτοο
3551 2420 3700 2481 ὅστις

2107 2513 2213 2568 ἀνὰ
2241 2513 2339 2584 τὴν
2374 2512 2578 2583 ἔρημον
2607 2513 2904 2582 θρέμματα
2932 2513 3136 2582 νέμων,
3188 2510 3388 2581 μιαροῦ
3412 2527 3558 2572 τινος
3587 2511 3701 2562 ἐπι-

2109 2606 2450 2675 πηδήσαντος
2499 2605 2648 2675 αὐτῷ
2680 2604 2957 2674 δαίμονος,
3005 2605 3064 2656 οὐ
3094 2605 3298 2674 φρένας
3337 2604 3518 2674 μόνον,
3561 2602 3698 2656 ἀλλὰ

2107 2698 2203 2750 καὶ
2228 2697 2350 2767 ὄψιν
2377 2695 2546 2767 αὐτὴν
2577 2699 2672 2751 καὶ
2701 2697 3014 2767 ὀφθαλμοὺς
3044 2697 3366 2765 διάστροφος
3399 2691 3488 2766 ἦν.
3522 2696 3698 2763 Προσ·

2106 2789 2348 2859 ενεχθεὶς
2376 2790 2432 2842 δὲ
2469 2790 2564 2843 καὶ
2591 2784 2747 2852 οὗτος
2778 2793 2842 2861 τῇ
2897 2790 2990 2844 τοῦ
3029 2789 3286 2858 λειψάνου
3314 2789 3480 2859 θήκῃ,
3519 2787 3698 2839 πάντα

2105 2881 2163 2936 ἐν
2190 2882 2385 2952 βραχεῖ
2411 2882 2758 2951 ἁνορθοῦται,
2790 2883 2886 2936 καὶ
2919 2883 3059 2936 κατὰ
3101 2879 3286 2952 χώραν
3316 2881 3527 2933 ἕκαστα
3558 2877 3698 2950 ἔχων

2104 2975 2180 3047 τῷ
2215 2976 2388 3048 πατρὶ
2409 2977 2745 3030 ἀποδίδοται.

2174 3067 2354 3124 ΡΜΖ¹.
2390 3069 2566 3123 Πολλά
2617 3087 2699 3133 τις
2737 3068 2803 3122 ἂν
2858 3069 2972 3138 ἔχοι
3030 3066 3259 3122 τοιαῦτα
3320 3067 3416 3119 καὶ
3463 3063 3700 3134 ἀριθμοῦ

413 3150 618 3219 majora
660 3163 970 3206 recensere.
1005 3149 1311 3216 Quamdam
1360 3151 1504 3204 enim
1545 3148 1845 3215 mulierem,
1880 3162 2000 3217 qua:

2107 3161 2390 3231 κρείττονα
2417 3161 2761 3231 καταλέγειν.
2788 3162 3014 3215 Γυναικὶ
3039 3161 3148 3232 γάρ
3166 3177 3270 3214 τινι
3286 3159 3538 3229 κατὰτὴν
3562 3157 3702 3229 Βητί-

412 3245 464 3296 in
500 3243 618 3299 vico
659 3243 1024 3298 Betabudison
1054 3259 1174 3298 cum
1207 3244 1402 3298 marito
1431 3243 1732 3306 habitabat,
1770 3240 1998 3295 meridie

412 3335 558 3389 domi
593 3335 884 3405 aliquando
933 3336 1236 3401 sedentem,
1283 3335 1467 3405 gravis
1501 3334 1708 3387 invadit
1745 3331 1994 3395 daemon;

409 3438 462 3482 et
494 3437 639 3484 totos
669 3428 886 3498 quidem
932 3444 1027 3483 sex
1058 3443 1271 3482 meuscs
1306 3442 1429 3481 cum
1475 3440 1535 3480 ea
1578 3423 1995 3488 collucta‘oatur,

410 3522 612 3576 marito
645 3532 826 3576 autem
857 3532 1033 3576 morte
1069 3520 1218 3575 omni
1244 3518 1583 3574 acerbiorem
1617 3515 1888 3571 efﬁciebat
1915 3515 1996 3570 vi-

410 3625 544 3668 tam.
570 3611 704 3669 Cum
740 3614 923 3683 itaque
954 3614 998 3667 is
1025 3628 1148 3667 eum
1186 3626 1371 3666 casum
1399 3608 1801 3665 intolerabilem
1836 3609 1998 3663 habe-

407 3717 512 3771 ret,
544 3721 644 3761 nec
673 3705 834 3759 ullam
865 3713 1049 3774 posset
1079 3702 1338 3758 molestiae
1387 3701 1632 3757 invenire
1667 3699 1995 3756 consolatio-

408 3814 551 3862 nem,
587 3798 870 3854 constituit
894 3799 960 3850 ad
985 3810 1240 3866 magnum
1267 3795 1581 3865 confugere.
1625 3795 1690 3848 Et
1715 3793 1996 3862 coniugem

407 3906 690 3947 assumens
709 3891 781 3944 ita
801 3890 983 3944 furore
1008 3888 1286 3958 percitam,
1313 3887 1596 3942 venitcum
1623 3903 1684 3942 ea
1714 3887 1779 3940 ad
1803 3902 1993 3940 mona-

407 3986 632 4039 srerium
658 3984 793 4054 (9"2.)
825 3982 1092 4048 Quoniam
1111 3997 1242 4036 vero
1273 3998 1378 4036 non
1402 3981 1525 4035 licet
1559 3981 1788 4036 introire
1804 3981 1995 4035 mulie-

408 4079 578 4142 ribus,
607 4077 885 4131 assidebat
935 4075 1022 4129 illa
1070 4075 1122 4129 in
1161 4076 1448 4140 vestibulo,
1495 4074 1700 4129 faciens
1735 4090 1853 4143 qum
1897 4089 1996 4144 po-

405 4179 570 4235 terat,
594 4169 804 4239 jejunio
833 4177 990 4221 utens
1013 4179 1066 4222 ct
1088 4168 1356 4232 oratione,
1384 4168 1721 4237 singulisque
1753 4168 1996 4235 vesperis

410 4263 604 4317 hibens
637 4276 702 4315 ex
736 4259 904 4314 thecae
937 4275 1075 4329 aqua
1105 4259 1472 4326 sanctificata,
1504 4275 1626 4315 cum
1661 4261 1780 4314 oleo
1817 4260 1995 4314 lucer-

399 4369 510 4410 hac.
544 4352 714 4407 Porro
749 4353 907 4406 tertia
947 4353 1302 4420 consequenti
1339 4363 1521 4416 nocte,
1556 4353 1604 4406 ci
1637 4367 1866 4421 magnus
1895 4368 1988 4420 ap-

397 4465 604 4519 parens
653 4448 974 4518 Euthymius
1018 4465 1030 4501 :
1074 4447 1237 4511 Ecce,
1289 4446 1484 4515 inquit,
1539 4461 1671 4500 sana
1721 4444 1864 4500 facta
1911 4462 1990 4510 es,

2104 3253 2407 3306 αϐουδισῶν
2451 3253 2645 3325 κώμην
2687 3253 2845 3325 ἀνδρὶ
2879 3251 3224 3324 συνοικούσῃ,
3266 3250 3615 3321 μεσημϐρίας
3643 3249 3703 3301 ἐν

2100 3343 2180 3414 τῷ
2209 3345 2341 3416 οἴκῳ
2365 3344 2496 3397 ποτὲ
2529 3344 2840 3416 καθημένη,
2875 3344 3112 3414 χαλεπὸς
3131 3343 3422 3398 ἐπιπίπτει
3449 3343 3660 3414 δαίμων
3683 3357 3700 3372 ο
3759 3392 3772 3403 ,

2101 3438 2197 3490 καὶ
2219 3437 2286 3505 τῇ
2322 3436 2420 3504 μὲν
2445 3436 2574 3504 παρ’
2607 3437 2765 3500 ὅλους
2791 3437 2932 3490 ἑπτὰ
2967 3436 3342 3508 προσεπάλαιε
3371 3435 3553 3505 μῆνας
3573 3449 3585 3461 ·
3621 3433 3700 3502 τῷ

2100 3527 2160 3580 δὲ
2186 3527 2342 3597 ἀνδρὶ
2370 3527 2706 3598 πικροτέραν
2759 3527 2992 3581 θανάτου
3041 3526 3246 3589 παντὸς
3281 3526 3574 3596 εἰργάζετο
3597 3525 3701 3594 τὴν

2102 3619 2272 3690 ζωήν.
2310 3619 2626 3689 Ἀφορήτως
2675 3616 2770 3673 οὖν
2805 3623 3014 3683 ἐκεῖνος
3072 3620 3212 3691 ἔχων
3262 3620 3358 3673 ἐπὶ
3392 3619 3472 3691 τῷ
3509 3619 3698 3683 πάθει,

2101 3715 2197 3770 καὶ
2220 3715 2476 3786 οὐδεμίαν
2512 3715 2813 3788 δυνάμενος
2847 3717 3031 3786 εὑρεῖν
3063 3716 3159 3770 τοῦ
3183 3714 3483 3778 λυποῦντος
3527 3731 3704 3784 παρα-

2100 3807 2303 3876 ψυχὴν,
2333 3806 2423 3860 ἐπὶ
2448 3805 2536 3858 τὸν
2564 3808 2741 3875 μέγαν
2771 3805 3299 3874 ἔγνω-καταφυγεῖν.
3336 3800 3446 3855 Καὶ
3465 3801 3566 3871 τὴν
3600 3799 3696 3852 σύ·

2104 3894 2267 3963 ζυγον
2299 3895 2442 3949 οὕτω
2487 3901 2798 3966 μεμηνυῖαν
2833 3893 3194 3967 παραλαϐὼν,
3243 3895 3558 3963 ἀφικνεῖται
3599 3893 3702 3946 σὺν

2104 3989 2244 4058 αὐτῇ
2279 3989 2413 4058 πρὸς
2444 3988 2504 4040 τὸ
2538 3991 2924 4060 μοναστήριον.
2968 3989 3122 4042 Ἐπεὶ
3159 3987 3215 4041 δὲ
3241 3988 3301 4040 οὐ
3361 3986 3569 4056 βάσιμα
3597 4003 3701 4052 Υυ⁴¹

2101 4081 2242 4146 ναιξι
2283 4081 2350 4134 τὰ
2408 4081 2577 4147 ἔνδον,
2614 4081 2953 4151 προσήδρευε
2984 4079 3060 4150 τῷ
3097 4079 3324 4143 πυλῶνι,
3370 4079 3438 4131 τὰ
3497 4078 3704 4130 δυνατὰ

2101 4173 2354 4237 ποιοῦσα,
2388 4176 2610 4245 νηστείᾳ
2656 4192 2714 4226 τε
2743 4176 2999 4244 χρωμένη
3031 4173 3126 4224 καὶ
3151 4174 3450 4242 προσευχῇ,
3483 4172 3574 4223 καὶ
3603 4171 3701 4222 τοῦ

2099 4268 2200 4336 τῆς
2232 4267 2407 4336 θήκης
2439 4268 2782 4336 ἁγιάσματος
2814 4267 3055 4334 ἑκάστης
3085 4265 3348 4335 ἑσπέρας,
3403 4264 3501 4316 σὺν
3532 4262 3700 4331 ἐλαίῳ

2100 4361 2197 4430 τῆς
2251 4361 2592 4430 φωταγωγοῦ
2646 4361 2895 4412 πίνουσα.
2950 4359 3124 4431 Τρίτῃ
3155 4358 3212 4410 δὲ
3246 4361 3310 4428 τῇ
3347 4358 3471 4427 ἑξῆς
3517 4357 3698 4420 νυκτὶ,

2103 4454 2391 4523 ἐπιφανεὶς
2417 4453 2552 4524 αὐτῇ
2571 4454 2598 4504 ὁ
2629 4452 2800 4522 μέγας
2821 4450 3116 4518 Εὑθύμιος,
3140 4451 3244 4504 Ἴδε
3267 4451 3427 4520 ὑγιὴς
3445 4449 3698 4517 γέγονας,

405 4543 542 4597 vade
575 4543 627 4596 in
675 4543 895 4595 domum
953 4550 1143 4594 tuam:
1183 4540 1484 4609 statimque
1522 4549 1574 4593 ct
1636 4541 1857 4593 morbus
1910 4550 1992 4593 cst

2107 4547 2363 4614 ἐπιλέγει,
2391 4546 2630 4617 πορεύου
2664 4547 2744 4608 εἰς
2771 4546 2862 4599 τὸν
2887 4543 3036 4598 οἶκόν
3077 4562 3196 4600 σου.
3229 4544 3342 4596 Καὶ
3374 4543 3408 4613 ἦ
3440 4559 3500 4595 τε
3545 4542 3702 4604 νόσος

405 4635 723 4698 dissolutus,
759 4644 814 4688 et
841 4635 1082 4688 cessavit
1115 4633 1348 4694 insania,
1408 4633 1737 4702 demuzuque
1801 4632 1996 4687 mulier

405 4729 602 4784 mentis
633 4743 854 4798 compos
897 4726 1207 4784 revertitur.
1253 4727 1336 4789 Ab
1375 4727 1467 4781 illo
1504 4737 1685 4782 autem
1726 4737 1990 4794 tempore,

403 4831 592 4891 utpote
625 4835 834 4875 memor
861 4820 1112 4874 beneficii
1141 4834 1168 4872 a
1207 4817 1409 4873 Sancto
1438 4821 1670 4888 accepti,
1697 4821 1993 4889 quotannis

404 4915 658 4970 veniebat
683 4912 750 4967 ad
776 4913 1188 4976 monasterium,
1208 4913 1495 4983 ipsumque
1525 4912 1688 4967 limen
1715 4923 1769 4966 et
1793 4911 1992 4978 solum,

403 5009 551 5076 quod
604 5016 688 5063 est
739 5017 868 5063 ante
909 5007 1238 5078 ingressum,
1270 5015 1328 5063 et
1360 5005 1636 5074 pulverem
1689 5003 1993 5074 complexa,

338 5093 369 5161 μ)
405 5100 691 5157 ardentius
733 5093 1104 5166 osculabatur,
1159 5110 1323 5169 atque
1369 5099 1569 5153 fratres
1616 5097 1882 5152 invitabat
1926 5101 1994 5153 ad

403 5191 744 5258 convivium,
759 5200 816 5248 et
832 5207 995 5262 quam
1019 5191 1414 5248 humanissime
1432 5197 1650 5258 poterat
1665 5189 1987 5258 accipiebat.

406 5287 474 5341 Et
501 5287 604 5344 hoc
649 5286 866 5356 quidem
902 5296 987 5343 est
1021 5284 1310 5357 ejusmodi,
1356 5283 1548 5352 sicque
1583 5298 1683 5341 nee
1722 5283 1997 5354 prioribus

405 5377 550 5433 cedit
584 5379 978 5447 magnitudine.

2101 4640 2264 4703 εὐθὺς
2293 4639 2546 4701 δελύετο,
2579 4641 2673 4692 καὶ
2719 4639 2787 4691 τὰ
2840 4642 2939 4709 τῆς
2978 4638 3174 4709 μανίας
3226 4636 3489 4690 ἐπαύετοο
3519 4633 3612 4687 καὶ
3663 4635 3696 4701 ή

2101 4733 2240 4804 γυνὴ
2273 4733 2567 4804 σωφρόνως
2599 4732 2818 4801 ἔχουσα,
2847 4733 3032 4786 οἴκαδε
3067 4729 3315 4800 ἐπανῄει.
3367 4729 3456 4794 Ἐξ
3488 4726 3699 4780 ἐκείνου

2101 4825 2159 4878 δὲ
2184 4824 2439 4896 καθάπερ
2466 4826 2999 4897 ἀπομνημονεύουσαι
3028 4827 3126 4896 τῆς
3164 4825 3385 4894 χάριτος
3427 4822 3504 4892 τῷ
3537 4819 3698 4889 ἁγίῳ,

2104 4919 2386 4986 ἁφικνεϊτό
2411 4936 2467 4972 τε
2498 4921 2636 4990 πρὸς
2665 4919 2724 4972 τὸ
2763 4920 3126 4989 μοναστήριον
3175 4915 3430 4987 ἐτησίως,
3466 4915 3562 4968 καὶ⁵
3600 4915 3701 4982 τὴν
3765 4969 3774 4976 ,

2098 5010 2263 5080 φλιὰν
2305 5010 2478 5080 αὐτὴν
2505 5011 2600 5064 καὶ
2629 5012 2691 5064 τὸ
2733 5011 2930 5079 ἔδαφος
2961 5009 3068 5081 πρὸ
3095 5009 3199 5079 τῆς
3224 5007 3456 5070 εἰσόδου,
3483 5005 3578 5058 καὶ
3602 5003 3701 5072 τὴν

2099 5102 2251 5158 κόνιν
2299 5102 2571 5174 φιλήματι
2625 5104 2946 5175 θερμοτέρῳ
2971 5101 3424 5173 περιεπτύσσετο,
3451 5097 3544 5152 καὶ
3571 5095 3701 5159 τοὺς

2100 5195 2365 5265 ἀδελφοὺς
2400 5195 2598 5262 εἱστία,
2630 5197 2726 5249 καὶ
2764 5195 2840 5258 ὡς
2867 5197 2900 5267 ἡ
2933 5188 3363 5265 δύναμις,εἴχεν
3404 5186 3695 5256 ἐδεξιοῦτο.

2099 5288 2211 5341 Καὶ
2244 5287 2402 5340 τοῦτο
2429 5287 2526 5358 μὲν
2550 5288 2615 5358 δὴ
2637 5287 2904 5343 τοιοῦτον.
2937 5288 3050 5340 Καὶ
3076 5287 3219 5340 οὕτω
3247 5283 3514 5357 μεγέθους
3539 5280 3700 5352 χάριν

2098 5382 2220 5435 οὐδὲ
2251 5392 2273 5418 ²
2296 5381 2405 5434 τῶν
2434 5380 2663 5435 κατόπιν
2690 5380 3146 5450 ἀπολειπόμενον.

1725 5473 1957 5529 VARUE
1992 5474 2399 5532 LECTIONITS.

477 5577 498 5604 ²
531 5569 606 5628 al.
635 5567 818 5623 οὐδέν.

1571 5665 1763 5720 JOAN.
1810 5664 2153 5722 BOLLANDI
2197 5666 2428 5722 NOTAE.

396 5807 402 5812 .
477 5759 588 5822 (9‘2)
622 5759 739 5813 Non
773 5759 937 5813 licere
972 5760 1180 5814 mulieri
1221 5761 1274 5814 in
1302 5762 1507 5815 laurum
1535 5763 1796 5816 accedere
1828 5761 1990 5816 tradit
2053 5762 2191 5817 idem
2229 5765 2278 5818 iu
2323 5763 2441 5818 Vita
2473 5763 2531 5819 S.
2595 5763 2822 5819 Joannis
2860 5762 3184 5819 Silentiarii.
3223 5761 3414 5816 Simile
3441 5759 3507 5815 de
3532 5773 3695 5814 man-

412 5821 504 5877 dra
526 5833 581 5879 ὃ.
615 5829 903 5896 Symeonis
935 5830 1142 5900 Stylitte
1173 5832 1204 5884 5
1228 5833 1345 5885 Jan.
1381 5842 1761 5887 memoratum.
