4116 6404
584 375 694 445 ’121

1921 369 2043 434 [TA
2078 370 2138 433 S.
2180 370 2599 436 EUTHYMIL

3770 365 3889 433 722

657 487 848 545 PMH’.
892 484 1104 541 Ἐκεῖνο
1143 484 1201 540 δὲ
1251 483 1346 540 καὶ
1375 482 1540 549 αὐτὸς
1565 482 1595 539 ὅ
1627 483 1726 555 τὴν
1755 480 2025 556 ἐπήρειάν
2047 483 2165 538 ὕπο·

2357 479 2643 540 CXLVlii.
2687 481 2825 538 illud
2865 486 3048 538 autem
3078 481 3125 538 is
3159 492 3380 553 quoque
3410 480 3503 553 qui
3535 479 3704 537 subiit
3735 481 3882 538 cala-

584 579 742 645 στὰς,
811 578 906 634 καὶ
959 577 1112 650 παρᾶ
1140 575 1219 649 τῷ
1250 576 1344 632 τοῦ
1389 576 1549 646 ἁγίου
1582 576 1738 647 τάφῳ
1768 576 2050 649 τρυγήσας
2081 574 2181 647 τὴν

580 670 906 743 θεραπείαν,
922 673 991 746 τῇ
1019 672 1155 743 μονῇ
1184 669 1266 724 ἔτι
1290 668 1517 742 περιὼν,
1538 670 1631 725 καὶ
1652 664 1733 734 εἷς
1758 669 1868 725 τῶν
1889 670 2019 743 παρ’
2040 670 2177 741 αὐτῇ

586 762 845 838 μοναχῶν
896 762 1007 830 ῶν,
1071 763 1247 836 οξκείᾳ
1276 761 1495 837 γλώττῃ
1524 762 1619 817 καὶ
1674 762 1829 834 φωνῇ
1882 763 2176 835 μαρτυρεῖ.

584 855 745 908 Ἔστι
774 854 883 924 γάρ
923 871 1008 918 τις
1057 853 1285 923 ἀδελφὸς
1316 854 1373 907 ὲν
1403 851 1480 924 τῷ
1520 853 1869 925 μοναστηρίῳ
1888 892 1906 917 ,
1938 852 1999 905 τὸ
2020 852 2180 920 γένος

580 945 853 1017 Γαλάτης,
888 945 990 1015 τὴν
1017 945 1210 1017 κλῆσιν
1254 945 1585 1016 Προκόπιος.
1646 938 1815 1009 Οὗτος
1846 942 1939 998 οὖν
1971 947 1999 998 ό
2035 944 2177 1015 Προ-

581 1035 797 1101 κόπιος,
846 1036 905 1089 ἔν
955 1035 1256 1098 πολιτικοῖς
1305 1034 1387 1088 ἔτι
1429 1034 1684 1107 θορύϐοις
1716 1036 1808 1089 καὶ
1849 1033 2175 1106 πράγμασιν

578 1127 682 1194 ὢν,
715 1127 937 1200 πονηρῷ
981 1129 1291 1199 κατεσχέθη
1322 1127 1630 1198 πνεύματι,
1681 1130 1776 1183 καὶ
1808 1128 1967 1182 τούτο
1999 1128 2176 1182 σύνοι-

576 1240 678 1276 κον
702 1218 817 1293 εἶχε
861 1222 1023 1293 μέχρι
1054 1220 1273 1289 πολλοῦ,
1301 1223 1552 1294 κρυφίως
1595 1222 1758 1277 αὑτὸν
1790 1221 2171 1292 ὲκδειματοῦν,

578 1318 678 1370 καὶ
703 1316 941 1387 ταράχου
973 1317 1042 1369 τα
1092 1315 1241 1369 ἔνδον
1285 1315 1560 1387 πληροῦν·
1606 1315 1798 1388 ὥσπερ
1847 1315 2008 1379 αὐτὸς
2050 1316 2174 1385 ἐμοὶ

575 1408 902 1477 διηγήσατο.
944 1408 1102 1462 Ἐπεὶ
1125 1407 1182 1462 δὲ
1207 1408 1298 1462 τὸν
1326 1410 1530 1479 κόσμον
1580 1409 1757 1463 λιπὼν
1787 1408 1864 1480 τῷ
1896 1424 2173 1479 μοναστη-

578 1497 683 1568 ρίῳ
736 1495 1140 1569 προσέδραμεν,
1186 1498 1471 1570 εἰσεδέχθη
1494 1516 1553 1552 τε
1605 1499 1755 1569 παρᾶ
1784 1498 1881 1567 τῆς
1924 1496 2172 1558 συνοδίας

571 1588 687 1641 τῶν
727 1588 995 1658 ἀδελφῶν,
1061 1588 1156 1643 κα)⁸
1202 1592 1268 1661 τῇ
1327 1590 1421 1643 τού
1474 1590 1728 1661 λειψάνου
1790 1587 2170 1661 προσεκύνησε

578 1680 743 1751 θήκῃ,
772 1680 835 1733 τὸ
857 1680 1098 1751 πονηρὸν
1120 1681 1285 1746 εύθὺς
1316 1682 1639 1753 ἀπηλέγχθη
1665 1681 1903 1753 πνεῦμα,
1932 1684 2009 1747 ὡς
2042 1683 2170 1739 σκό-

572 1789 666 1835 τος
692 1773 798 1825 ὐπδ
824 1772 1026 1842 φωτῆς,
1056 1773 1153 1827 καὶ
1206 1775 1287 1838 εἰς
1321 1775 1559 1845 ἐμφανὲς
1600 1776 1764 1847 ἤγετο
1784 1817 1799 1842 ,
1832 1779 1925 1830 καὶ
1958 1778 2170 1849 Προκό-

2286 575 2533 630 mitatem
2581 585 2638 631 et
2688 575 2757 630 ad
2794 573 2979 630 Sancti
3025 573 3338 646 sepulcrum
3373 573 3712 631 curationem
3752 588 3882 644 per.

2286 665 2450 734 cepit,
2485 664 2664 721 adhuc
2707 672 2989 736 superstes
3023 666 3078 721 in
3110 665 3464 733 monasterio,
3507 680 3647 721 unus
3691 681 3757 721 ex
3814 666 3883 721 iis

2284 755 2376 826 qui
2418 756 2471 811 in
2512 769 2579 811 eo
2607 765 2733 812 sunt
2766 757 3073 824 monachis,
3113 771 3208 812 sua
3241 757 3427 828 lingua
3483 766 3538 813 et
3565 771 3701 813 voce
3725 758 3881 814 testi-

2285 846 2503 901 ﬁcatur.
2539 844 2639 902 Est
2664 847 2809 903 enim
2834 847 3059 918 quidam
3097 846 3267 903 frater
3294 848 3348 903 in
3394 849 3749 915 monasterio,
3788 863 3882 918 ge-

2283 950 2415 993 nere
2440 936 2655 1004 Gaiata,
2685 936 2907 993 nomine
2930 936 3251 1008 Procopius.
3276 937 3376 992 Hic
3401 952 3532 1006 ergo
3551 939 3877 1007 Procopius.

2281 1044 2403 1085 cum
2424 1030 2603 1087 adhuc
2632 1031 2687 1085 in
2718 1030 2972 1086 civilibus
2996 1040 3322 1087 versaretur
3345 1032 3666 1089 tumultibus
3695 1042 3749 1088 et
3778 1048 3880 1087 ne-

2281 1121 2477 1191 gotiis,
2515 1130 2816 1190 occupatus
2867 1121 2972 1176 fuit
3006 1137 3036 1177 a
3088 1121 3282 1190 spiritu
3335 1136 3591 1191 nequam,
3641 1137 3878 1189 eumque

2279 1212 2371 1267 diu
2429 1212 2617 1267 habuit
2649 1213 2813 1268 simul
2861 1214 3221 1280 habitantem,
3271 1213 3489 1270 occulte
3538 1219 3863 1272 terrentem.

2278 1315 2333 1358 et
2378 1303 2709 1360 intrinsecus
2743 1304 3051 1374 opplentem
3108 1305 3371 1375 strepitu,
3402 1306 3552 1360 sicut
3590 1303 3708 1374 ipse
3742 1305 3875 1375 mitti

2279 1396 2549 1452 narravit.
2586 1396 2880 1466 Postquam
2927 1405 3108 1451 autem
3150 1397 3343 1451 relicto
3378 1395 3579 1451 smculo
3627 1396 3869 1451 occurrit

2279 1487 2348 1541 ad
2378 1487 2791 1552 monasterium,
2833 1495 2887 1541 et
2917 1501 2946 1541 a
2986 1498 3254 1543 conventu
3305 1487 3539 1542 fratrum
3583 1498 3875 1555 susceptus

2275 1588 2383 1643 est,
2414 1589 2578 1648 atque
2609 1579 2964 1649 reliquiarum
2997 1594 3219 1649 capsam
3245 1578 3513 1643 adoravit,
3538 1581 3721 1634 stat-im
3755 1580 3860 1647 spi-

2276 1671 2416 1726 ritus
2464 1668 2827 1740 nequam'est
2869 1672 3187 1738 convictus,
3228 1680 3508 1741 tamquam
3569 1673 3806 1727 tenebrae
3841 1689 3870 1727 a

2276 1759 2417 1825 luce,
2447 1769 2502 1815 et
2537 1761 2588 1815 in
2618 1770 2864 1831 apertum
2903 1760 3225 1831 productus,
3269 1770 3324 1815 et
3346 1760 3647 1829 Procopius
3681 1765 3872 1830 cogni-

574 1884 700 1931 πιος
741 1866 1015 1937 δαιμονῶν
1058 1866 1409 1939 ὲγνωρίζετο,
1467 1870 1644 1923 πάντα
1698 1869 1883 1924 ἐκεῖνα
1917 1848 2164 1942 πάσχων,

2274 1860 2360 1907 tus
2398 1861 2480 1909 est
2518 1867 2642 1908 esse
2673 1852 3064 1917 daemoniacus,
3117 1854 3298 1907 omnia
3344 1852 3436 1907 illa
3471 1853 3704 1923 patiens,
3752 1868 3870 1922 qua:

568 1960 674 2011 ὅσα
700 1960 810 2022 τοῖς
831 1957 1008 2022 οὕτως
1050 1958 1271 2030 ἔχουσιν
1318 1959 1443 2025 ίδια,
1477 1961 1820 2032 ῥησσόμενός
1863 1978 1922 2015 τε
1949 1962 2197 2029 δεινῶς,“

569 2052 667 2104 καὶ
690 2052 772 2114 είς
802 2052 905 2120 γῆν
956 2052 1489 2123 προσριπτούμενος,
1523 2053 1604 2107 ἔτι
1640 2054 2016 2126 δεσμούμενος
2063 2056 2164 2125 τὴν

569 2145 838 2213 γλῶτταν,
873 2145 967 2199 καὶ
1001 2146 1138 2217 μηδὲ
1193 2146 1443 2217 συνήθως
1473 2145 1813 2215 φθέγγεσθαι
1857 2148 2166 2221 συγχωρού·

571 2251 755 2305 μενος.
808 2236 1021 2307 Ὀνπερ
1043 2235 1108 2307 δὴ
1132 2237 1227 2291 καὶ
1251 2236 1419 2291 αὐτὸν
1472 2238 1500 2290 ὁ
1540 2237 1714 2308 μέγας
1744 2239 1910 2305 ἰᾶται,
1941 2240 2033 2293 καὶ
2067 2238 2163 2293 τοῦ

569 2327 775 2392 πάθους
807 2328 924 2399 ἅμα
972 2329 1065 2382 καὶ
1096 2329 1197 2398 τῆς
1249 2332 1450 2399 μανίας
1488 2332 1595 2385 καὶ
1640 2330 1750 2385 τῶν
1781 2332 1880 2403 τῆς
1914 2331 2163 2403 γλώττης

565 2422 786 2491 δεσμῶν
836 2421 1098 2476 ἀπολύει·
1133 2422 1277 2477 καθὰ
1315 2423 1409 2477 καὶ
1448 2425 1529 2487 είς
1558 2424 1719 2497 δεῦρο
1769 2424 1961 2496 παρὼν
1994 2428 2052 2480 ἐν
2093 2429 2160 2498 τῇ

571 2517 710 2586 μονῇ
743 2514 1021 2569 δείκνυται
1043 2532 1057 2546 ο
1091 2517 1192 2570 οὐκ
1226 2516 1453 2581 ἀπαθῶς
1482 2517 1644 2587 μόνον
1674 2517 1816 2589 ἔχων
1838 2520 1934 2573 καὶ
1967 2519 2159 2588 ὑγιῶς,

566 2610 706 2663 ἀλλὰ
742 2611 837 2665 καὶ
874 2610 1200 2683 σωφροσύνῃ
1231 2611 1378 2683 πάσῃ
1407 2612 1501 2665 καὶ
1532 2612 1783 2684 ὑπομονῇ
1812 2613 2160 2684 διαπρέπων,

568 2706 666 2756 καὶ
691 2703 779 2756 τὸν
807 2704 1043 2775 χρηστὸν
1069 2703 1243 2757 ἕλκων
1284 2705 1342 2757 ὲν
1370 2703 1543 2776 ταύτῃ
1573 2704 1665 2759 τοῦ
1723 2704 1962 2775 Χριστοῦ
1996 2703 2161 2775 ζυγὸν

571 2796 713 2850 κατὰ
740 2796 996 2868 δύναμιν.

636 2914 818 2969 PMB’.
848 2914 1071 2976 Τούτοις
1095 2912 1390 2967 ἀκόλουθον
1418 2913 1487 2967 τὰ
1519 2913 1659 2968 κατὰ
1677 2913 1767 2967 τὸν
1790 2914 2163 2981 ξενικὸνέκεῖο

562 3023 658 3059 νον
712 3005 1023 3073 διεξελθεῖν.
1084 3006 1434 3077 Καθημένοις
1465 3008 1575 3078 γάρ
1628 3024 1759 3062 ποτε
1804 3008 1942 3078 πρὸς
1970 3011 2037 3079 τῇ
2064 3007 2159 3061 τοῦ

567 3098 939 3168 μοναστηρίου
997 3097 1208 3167 εἰσόδῳ,
1273 3098 1367 3151 καί
1404 3116 1526 3152 τινα
1578 3098 1800 3169 μαλώαν
1836 3099 2022 3169 ἔχουσι
2071 3099 2161 3153 διὰ

565 3190 749 3263 χειρὸς
782 3191 878 3245 καὶ
921 3190 1280 3261 καθαίρουσιν
1301 3230 1315 3255 ,
1378 3190 1593 3245 ἔπεισιν
1642 3193 1776 3262 ἡμῖν
1812 3188 1968 3255 οὗτος
1995 3193 2160 3265 ῥοίζῳ
2189 3184 2229 3240 C

565 3278 815 3349 μεγάλῳ,
852 3279 946 3331 καὶ
970 3279 1246 3347 καταιγίδι
1280 3280 1704 3351 παραπλησίως,
1732 3281 1838 3335 ὑπὸ
1868 3280 1964 3336 τοῦ
1988 3299 2159 3353 πονη-

566 3371 665 3444 ροῦ
719 3371 1029 3443 πνεύματος
1079 3372 1437 3443 ἐλαυνόμενος
1458 3416 1474 3441 ,
1507 3372 1732 3444 κράζων
1753 3392 1811 3428 τε
1841 3374 2070 3447 λαμπρᾷ
2094 3380 2159 3448 τῇ

562 3469 752 3538 φωνῇ’
787 3464 853 3519 Τί
897 3466 1023 3537 ἐμοὶ
1045 3466 1139 3519 καὶ
1170 3465 1281 3531 σοὶ,
1303 3466 1397 3520 τοῦ
1430 3466 1566 3520 Θεοῦ
1598 3466 1838 3538 θεράπον
1880 3467 2157 3538 Εύθύμιε;

564 3558 673 3611 ποῦ
706 3574 773 3629 με
805 3558 903 3612 σὺν
935 3558 1026 3629 βίᾳ
1054 3558 1273 3625 Huic;
1317 3559 1419 3613 οὐκ
1471 3559 1670 3631 ἔξειμι.
1711 3562 1945 3616 Ἔπειτα
1980 3565 2160 3634 ῥίπτει

563 3651 675 3720 πρὸ
700 3650 808 3703 τῶν
856 3650 1039 3704 πυλῶν
1086 3650 1248 3704 αὐτὸν
1275 3651 1337 3705 τὸ
1387 3653 1625 3724 πονηρὸν
1658 3654 1899 3725 πνεῦμα,
1958 3657 2160 3726 πτῶμα

563 3746 679 3807 τοῖς
711 3742 913 3814 ὁρῶσιν
944 3742 1330 3797 ὲλεεινότατον.
1392 3743 1753 3809 Ἀναστάντες
1801 3741 1896 3799 οὖν
1940 3746 2038 3799 σὺν
2082 3745 2161 3817 τῷ

570 3835 802 3907 θυρωρῷ
830 3834 1069 3907 Βαόὑλᾳ,
1103 3836 1197 3890 καὶ
1227 3836 1379 3907 μόλις
1404 3836 1566 3891 αὐτὸν
1613 3837 1953 3907 ἀνελόμενοι,
2006 3839 2162 3910 παρὰ

574 3926 772 3999 τὴντοῦ
800 3927 1055 3998 λειψάνου
1081 3928 1258 3999 θήκην
1289 3929 1628 3998 κατάγομεν.
1663 3930 1721 3983 Ὀ
1746 3930 1804 3983 δὲ
1820 3930 1929 3984 τῶν
1956 3932 2159 4002 ὁμοίων

573 4023 663 4074 καὶ
688 4021 768 4076 ἔτι
816 4020 1011 4092 φωνῶν
1062 4019 1241 4092 εἴχετο
1264 4036 1277 4051 ο
1304 4022 1370 4073 Τί
1406 4020 1598 4092 βιαίως
1636 4021 1800 4088 οὕτω,
1856 4021 2015 4092 βοῶν,
2045 4024 2159 4078 δια-

569 4114 745 4169 σπειτὲ
778 4131 843 4184 με
868 4116 962 4168 καὶ
1001 4117 1375 4184 κατασύρετε;
1412 4114 1463 4167 τί
1497 4131 1565 4183 με
1595 4115 1732 4184 πρὸς
1768 4115 1860 4169 τὸν
1905 4117 2037 4187 ἐμὸν
2061 4134 2161 4169 πο-

563 4206 753 4277 λέμιον
788 4205 986 4274 ᾶγετε;
1018 4206 1071 4259 τί
1102 4205 1239 4275 πρὸς
1276 4206 1366 4259 τὸν
1400 4205 1593 4276 ἐχθρόν
1622 4223 1636 4271 ;
1680 4206 1733 4260 τί
1784 4207 1923 4278 πρὸς
1956 4208 2048 4260 τὸν
2071 4209 2160 4261 ἀεὶ

563 4299 1049 4369 καταπιμπρῶντὰ
1105 4315 1173 4369 με
1229 4298 1476 4369 σφοδρῶς
1526 4300 1746 4365 ἓλκετε;
1800 4301 1864 4352 Ὢ
1901 4300 2059 4369 βίαςί
2097 4301 2157 4353 ού

566 4391 909 4463 πορεύσομαι
947 4391 1069 4462 μεθ’
1100 4390 1275 4461 ὑμῶν,
1310 4391 1423 4444 ἀλλ’
1473 4391 1791 4462 ἐξέρχομαι,
1845 4394 1940 4445 καὶ
1997 4392 2158 4445 πλέον

2270 1954 2397 2001 sunt
2437 1944 2749 2001 hominibus
2801 1944 2876 1999 ita
2923 1942 3133 2000 aﬂ'eetis
3189 1945 3408 2015 propria
3438 1984 3452 2010 ,
3501 1953 3563 1999 ut
3599 1945 3692 2015 qui
3729 1959 3869 2000 sreve

2270 2037 2706 2107 disrumperetur
2735 2046 2791 2094 et
2845 2037 2995 2093 humi
3032 2036 3417 2109 projiceretur,
3458 2038 3645 2093 adhaec
3680 2036 3864 2107 lingua

2272 2128 2594 2195 vinciretur,
2636 2143 2738 2186 nec
2772 2130 3046 2187 sineretur
3101 2144 3203 2201 pro
3251 2144 3403 2186 more
3458 2131 3626 2200 loqui.
3693 2130 3863 2197 Quem

2269 2221 2444 2292 ipsum
2477 2236 2694 2293 quoque
2727 2238 2956 2293 magnus
2979 2231 3157 2291 sanat,
3187 2231 3242 2278 et
3277 2223 3350 2278 ab
3384 2222 3677 2278 aﬂ'ectione
3704 2221 3866 2276 simul

2268 2320 2321 2365 et
2361 2310 2599 2379 insania,
2649 2321 2704 2367 et
2756 2312 2956 2383 linguae
3009 2312 3242 2367 vinculis
3297 2312 3571 2379 exsolvit;
3624 2309 3764 2366 sicut
3811 2310 3873 2365 in

2269 2403 2596 2459 hodiernum
2622 2418 2796 2474 usque
2821 2404 2963 2460 diem
2989 2404 3298 2460 ostenditur
3324 2419 3562 2475 praesens
3587 2404 3640 2458 in
3673 2418 3864 2459 mona-

2266 2496 2466 2563 sterio;
2503 2509 2607 2551 non
2638 2496 2814 2553 solum
2841 2510 3010 2552 sanus
3043 2505 3099 2551 et
3130 2512 3159 2551 a
3190 2496 3332 2551 malo
3365 2496 3528 2563 liber,
3561 2495 3654 2551 sed
3695 2496 3858 2551 etiam

2266 2585 2414 2640 omni
2461 2586 2826 2656 temperantia
2866 2594 2921 2640 et
2964 2585 3255 2641 tolerantia
3315 2585 3569 2657 insignis,
3604 2592 3767 2656 atque
3803 2585 3865 2640 iu-

2265 2694 2333 2735 eo
2365 2679 2590 2734 trahens
2614 2692 2716 2746 pro
2752 2678 2961 2734 viribus
2991 2693 3161 2734 suave
3195 2678 3395 2735 Christi
3432 2677 3647 2749 iugum.

2336 2855 2569 2913 CXLIX.
2614 2855 2710 2911 liis
2740 2870 3079 2927 consequens
3139 2857 3306 2911 fuerit
3354 2870 3415 2911 ea
3450 2857 3704 2924 persequi
3739 2872 3860 2926 qum

2266 2948 2331 3003 ad
2367 2947 2531 3002 illum
2552 2947 2905 3017 peregrinum
2934 2954 3205 3017 spectant.
3230 2947 3560 3003 Sedentihus
3586 2948 3733 3003 enim
3757 2948 3862 3002 aii—

2264 3039 2483 3109 quantlo
2510 3038 2563 3093 in
2595 3038 2913 3094 monasterii
2943 3038 3217 3109 ingressu,
3249 3050 3305 3094 et
3337 3040 3570 3108 ligonem
3602 3039 3653 3093 in
3697 3054 3862 3095 manu

2264 3131 2613 3196 habentibus,
2663 3139 2828 3201 atque
2882 3130 3247 3202 purgantibus
3290 3130 3469 3195 nobis,
3515 3128 3736 3185 advenit
3774 3130 3865 3186 hic

2264 3238 2388 3279 cum
2424 3237 2621 3293 magno
2660 3224 2865 3294 impetu
2896 3231 2951 3279 et
2984 3222 3248 3287 stridore,
3284 3236 3348 3277 at:
3383 3223 3557 3278 instar
3583 3225 3859 3294 procellae,

2269 3328 2297 3368 a
2331 3314 2475 3368 malo
2496 3314 2689 3384 spiritu
2719 3322 2873 3369 actus
2895 3358 2910 3380 ,
2954 3323 3118 3384 atque
3144 3312 3291 3368 clara
3324 3326 3463 3369 voce
3493 3314 3814 3371 exclamans
3846 3333 3861 3369 :

2264 3403 2402 3469 Quid
2431 3404 2564 3458 mihi
2595 3411 2649 3459 et
2674 3404 2796 3469 tibi,
2826 3403 2916 3459 Dei
2954 3418 3113 3460 serve
3133 3402 3436 3475 Euthymi?
3469 3402 3590 3470 Quo
3620 3418 3705 3458 me
3735 3420 3859 3458 cum

2267 3495 2521 3553 violentia
2566 3494 2922 3552 trabisiNon
2945 3510 3105 3551 exeo.
3143 3496 3350 3551 Deinde
3384 3510 3508 3551 eum
3550 3505 3677 3551 ante
3712 3493 3861 3550 fores

2264 3586 2486 3659 proiicit
2532 3587 2760 3656 spiritus
2792 3601 3046 3656 nequam,
3103 3602 3231 3642 casu
3283 3584 3595 3641 videntibus
3627 3588 3864 3641 maxime

2266 3675 2591 3731 miserabili.
2636 3676 2939 3747 Surgentes
2988 3674 3154 3745 igitur
3197 3690 3318 3728 cum
3364 3674 3603 3742 ianitore
3635 3673 3865 3745 Babyla,

2264 3783 2385 3821 cum
2414 3768 2499 3821 vix
2528 3782 2649 3823 eum
2678 3766 3126 3832 sustulissemus,
3154 3766 3223 3821 ad
3262 3766 3616 3835 reliquiarum
3643 3780 3862 3834 capsam

2263 3858 2610 3914 deducimus.
2656 3858 2752 3913 Ille
2792 3866 2971 3913 autem
3022 3857 3201 3911 adhuc
3229 3857 3437 3912 similes
3482 3871 3648 3911 voces
3699 3871 3860 3911 usur-

2263 3952 2446 4019 pabat,
2487 3949 2733 4004 clamans
2778 3966 2792 4003 :
2829 3947 2943 4003 Cur
2968 3963 3054 4004 me
3089 3949 3169 4005 sic
3221 3949 3487 4004 violenter
3517 3948 3778 4004 divellitis
3802 3960 3857 4004 et

2264 4041 2615 4096 distrahitis?
2662 4040 2776 4095 Cur
2811 4055 2897 4096 me
2928 4040 3129 4095 ducitis
3159 4042 3226 4094 ad
3260 4041 3470 4095 hostem
3503 4039 3730 4093 meum?
3756 4038 3866 4093 Cur

2265 4133 2332 4188 ad
2364 4132 2690 4187 inimicum?
2728 4132 2841 4187 Cur
2884 4148 2970 4187 me
2996 4134 3062 4188 ad
3090 4147 3213 4188 eum
3242 4133 3595 4187 vehementer
3634 4131 3864 4195 trahitis,

2262 4227 2352 4295 qui
2379 4240 2461 4279 me
2484 4240 2703 4296 semper
2733 4225 3023 4280 incendit?
3057 4241 3089 4280 ο
3116 4226 3260 4278 vim!
3292 4240 3396 4279 non
3427 4225 3518 4279 ibo
3549 4225 3859 4286 vobiscum,

2262 4317 2355 4371 sed
2397 4318 2670 4388 egredior,
2725 4332 2911 4386 neque
2966 4317 3201 4386 amplius
3259 4318 3516 4372 manebo.
3572 4315 3862 4385 Postquam

2266 4426 2394 4465 vero
2445 4410 2510 4464 ad
2567 4409 2742 4480 ipsum
2805 4412 2982 4466 sancti
3037 4412 3344 4480 sepulcrum
3394 4423 3518 4463 cum
3575 4406 3862 4477 peregrino

562 4490 664 4541 οὐκ
695 4486 773 4540 ἔτι
803 4485 972 4556 μενῶ.
1012 4486 1163 4538 Ἐπεὶ
1190 4483 1245 4537 δὲ
1275 4484 1408 4556 πρὸς
1438 4483 1586 4555 αὐτῷ
1609 4484 1686 4555 τῷ
1703 4485 1796 4539 τοῦ
1821 4485 1978 4555 ἁγίου
2001 4487 2158 4557 τάφῳ

2274 4500 2502 4556 multum
2537 4501 2737 4557 defessi
2768 4503 3138 4572 pervenimus,
3168 4516 3290 4556 eum
3318 4514 3510 4556 rursus
3531 4498 3717 4568 dejicit
3751 4498 3860 4553 dte-

565 4583 667 4633 abv
699 4578 776 4650 τῷ
800 4577 996 4649 ξενικῷ
1022 4576 1192 4631 πολλὰ
1216 4578 1484 4648 καμόντες
1514 4578 1843 4647 γεγόναμεν,
1882 4577 2158 4632 καταϐάλ-

561 4673 648 4726 λει
670 4673 766 4726 καὶ
800 4671 965 4726 πάλιν
995 4670 1158 4724 αὑτὸν
1185 4671 1213 4723 ὁ
1236 4669 1470 4740 δαίμων,
1512 4669 1607 4723 καὶ
1639 4670 1819 4723 πᾶσαν
1846 4670 2061 4741 ἄφωνος
2100 4672 2157 4724 τὸ

567 4764 829 4837 παράπαν
879 4764 1094 4836 ἐκείνην
1137 4763 1238 4835 τὴν
1292 4763 1460 4817 νύκτα
1505 4762 1812 4832 διαγαγὼν,
1861 4765 2171 4837 σωφρονῶν,

563 4857 735 4912 ἔωθεν
752 4859 846 4912 καὶ
874 4858 1063 4930 νήφων
1083 4856 1389 4920 ἀνίσταται,
1421 4855 1542 4910 οὐδὲ
1577 4856 1750 4927 βραχὺ
1778 4856 2031 4926 λείψανον
2046 4857 2157 4911 τῶν

565 4954 848 5024 προτέρων
873 4952 1035 5024 ἔχων.
1055 4950 1509 5015 Συνεστιαθέντες
1532 4951 1713 5005 τοίνυν
1728 4950 1896 5020 αὐτῷ,
1910 4950 2161 5022 ἠρόμεθα

566 5045 773 5118 μεταξὺ
798 5048 897 5117 τῆς
929 5043 1235 5118 τραπέζης,
1262 5044 1315 5099 τί
1339 5045 1477 5114 ὅπερ
1499 5044 1627 5114 χθὲς
1662 5044 1845 5109 πάθοι,
1880 5045 1975 5098 καὶ
2008 5046 2155 5110 ὅπως

562 5138 802 5195 ἐνταῦθα
833 5139 1001 5204 ἔλθοι,
1049 5139 1143 5193 καὶ
1168 5137 1224 5189 τί
1277 5137 1386 5208 ἄρα
1417 5137 1638 5208 κράζων
1664 5132 1754 5207 ἦν.
1798 5136 1857 5191 '0
1881 5137 1939 5191 δὲ
1977 5138 2156 5192 πάντα

562 5236 751 5303 ἔλεγεν
775 5235 1011 5302 ἀγνοεῖν,
1049 5233 1143 5286 καὶ
1171 5230 1296 5286 οὔτε
1326 5231 1443 5294 πῶς
1462 5230 1629 5297 ἔλθοι,
1658 5229 1782 5284 οὔτε
1809 5229 1837 5283 ὃ
1866 5230 2065 5302 ἔκραζε
2095 5230 2157 5283 τὸ

564 5332 828 5398 παράπαν
853 5327 1072 5381 εἰδέναι.

636 5418 767 5479 PN'.
787 5420 973 5474 Ταῦτα
997 5418 1179 5473 τοίνυν
1205 5416 1434 5472 τοιαῦτα
1479 5417 1607 5471 ὄντα
1644 5418 1739 5471 καὶ
1766 5418 1961 5483 οὕτως,
1999 5418 2157 5472 οὐδε-

565 5511 698 5583 μίαν
748 5514 829 5575 είς
878 5510 1159 5580 θαύματος
1205 5509 1364 5577 λόγον
1401 5508 1713 5579 ὑπερϐολὴν
1758 5508 2152 5574 ἀπολείποντα,

568 5604 749 5669 μόνοις
771 5605 1054 5675 ὑποχωρεῖ
1079 5604 1193 5665 τοῖς
1226 5600 1365 5655 κατὰ
1398 5599 1497 5672 τὴν
1530 5599 1931 5671 Βηταγαόαίων
1961 5599 2156 5672 κώμην

568 5699 978 5768 γεγενημένοις,
1028 5696 1116 5766 ἐφ’
1162 5694 1196 5747 ἃ
1244 5695 1417 5765 δήπου
1466 5694 1558 5747 καὶ
1604 5696 1631 5747 ὁ
1658 5692 1815 5761 λόγος
1848 5694 1946 5765 τὴν
1979 5691 2156 5764 ὁρμὴν

560 5786 827 5858 ἔχειῘΗν
861 5789 970 5858 γάρ
998 5806 1080 5844 τις
1128 5791 1184 5840 ὲν
1224 5786 1297 5857 τῷ
1360 5786 1710 5858 μοναστηρίῳ
1757 5785 2153 5857 πρεσϐύτερος,

560 5883 660 5954 τῆς
694 5881 950 5951 τοιαύτης
991 5881 1321 5952 ὡρμημένος
1364 5879 1578 5951 κώμης,
1628 5879 1913 5950 Ἀχθαὸιος
1959 5878 2151 5951 ὄνομα,

2264 4605 2410 4656 mon,
2458 4601 2662 4647 etcum
2705 4602 2874 4647 totam
2922 4592 3070 4647 illam
3134 4605 3350 4646 noctem
3398 4599 3583 4645 mutus
3634 4589 3861 4644 omnino

2266 4682 2646 4753 transegisset,
2685 4698 2842 4739 mane
2872 4684 3049 4752 surgit
3081 4683 3398 4737 moderatus
3438 4689 3496 4737 et
3525 4695 3674 4736 same
3708 4695 3862 4736 men-

2264 4775 2353 4836 tis,
2389 4789 2456 4829 ne
2482 4775 2737 4829 minimas
2762 4774 2982 4843 quidem
3017 4775 3229 4831 habens
3277 4775 3520 4844 priorum
3566 4773 3851 4843 reliquias.

2263 4866 2448 4936 Itaque
2476 4882 2581 4921 una
2608 4881 2732 4922 eum
2766 4882 2831 4924 eo
2875 4867 3104 4938 epulati,
3135 4867 3280 4922 inter
3316 4867 3646 4922 coenaudum
3692 4868 3860 4921 inter-

2262 4958 2618 5029 rogavimus,
2655 4959 2915 5029 quidnam
2960 4968 3107 5015 esset
3154 4960 3297 5029 quod
3348 4958 3469 5015 beri
3531 4957 3856 5029 patiebatur,

2258 5061 2312 5103 et
2341 5052 2804 5119 quemadmodum
2836 5052 2942 5107 huc
2971 5051 3232 5109 venisset.
3270 5060 3325 5107 et
3357 5051 3622 5121 quidnam
3657 5051 3861 5105 clama-

2261 5153 2363 5198 ret.
2398 5142 2492 5197 llle
2525 5158 2660 5198 vero
2701 5152 2899 5200 cuncta
2933 5144 3148 5199 dicebat
3194 5156 3256 5195 se
3290 5143 3567 5213 ignorare,
3598 5148 3651 5197 et
3683 5153 3859 5209 neque

2260 5247 2367 5303 quo
2398 5235 2559 5289 modo
2589 5235 2848 5302 venisset,
2877 5250 3054 5306 neque
3083 5234 3214 5305 quid
3247 5234 3532 5301 clamaret,
3556 5246 3614 5288 se
3635 5232 3858 5289 omnino

2260 5323 2424 5379 scire.

2332 5413 2440 5469 CL.
2486 5413 2658 5470 Porro
2710 5417 2827 5473 haec
2883 5419 3010 5474 talia
3057 5434 3181 5474 cum
3218 5419 3349 5483 sint,
3408 5427 3570 5488 atque
3623 5415 3688 5470 ad
3732 5430 3854 5471 eum

2260 5509 2512 5574 modum,
2587 5510 2902 5581 nullamque
3000 5512 3321 5583 relinquant
3406 5512 3849 5579 exsuperantiam

2260 5602 2473 5656 ratione
2508 5602 2779 5669 miraculi,
2807 5604 2872 5659 iis
2920 5606 3054 5661 solis
3085 5604 3287 5660 cedunt
3340 5618 3463 5674 qua:
3511 5603 3859 5672 contigerunt

2262 5695 2313 5749 in
2342 5694 2464 5750 vico
2509 5695 2984 5767 Betagabmorum,
3028 5698 3249 5769 ad'quzn
3297 5697 3555 5753 nimirum
3598 5704 3856 5768 properat

2259 5788 2455 5843 oratio.
2482 5789 2702 5845 Scilicet
2724 5800 2845 5844 erat
2875 5789 3100 5861 quidam
3124 5791 3178 5845 in
3211 5791 3547 5844 monasterio
3565 5788 3854 5858 presbyter

2259 5895 2323 5936 ex
2363 5895 2425 5938 co
2458 5882 2577 5940 vico
2606 5891 2780 5955 prius,
2809 5884 3030 5942 nomine
3064 5882 3424 5947 Achthabius,
3471 5883 3557 5951 qui
3594 5881 3841 5950 quadra-
