4116 6428
1683 266 1710 300 I

287 363 400 428 7‘23
1534 356 1822 418 MENSlS
1857 355 2322 417 JANUARIUS.
3477 355 3630 420 72,.

291 474 440 544 ginta
491 471 734 542 quinque
783 483 956 526 annos
1006 468 1062 524 in
1115 481 1180 522 eo
1229 475 1536 538 peregerat,
1565 466 1912 536 Christique

2021 465 2238 536 πέμπτον
2263 467 2322 520 ἐν
2352 465 2500 536 αὐτῷ
2533 467 2669 538 πρὸς
2707 468 2820 530 τοῖς
2846 465 3267 540 τεσσαράκοντα
3313 466 3434 532 ἔτος
3461 467 3586 522 δια-

297 565 682 620 mandatorum
755 561 985 631 probum
1046 557 1372 630 'operarium
1427 561 1745 614 ostenderat
1807 571 1886 612 se.

297 657 432 712 Erat
464 667 646 711 autem
677 655 725 710 ei
756 665 973 723 quoque
997 649 1172 707 frater
1199 649 1475 722 generein
1507 665 1570 706 ea
1600 649 1724 705 villa
1761 648 1888 704 Bet-

296 750 637 823 agabaorum
664 745 802 818 (95),
821 759 944 818 qum
979 743 1047 801 ad
1067 743 1445 799 duodecimum
1467 741 1700 814 lapidem
1724 741 1892 796 distat

297 859 326 896 a
358 842 528 909 Gaza,
561 840 712 897 nulla
751 853 820 896 ex
853 847 1013 912 parte
1051 835 1262 894 faciens
1304 835 1505 892 similia
1557 843 1614 889 et
1656 843 1888 906 cognata

298 955 419 994 cum
463 937 656 1000 fratre,
687 932 966 989 Romanus
999 931 1098 1004 (ita
1127 930 1274 987 enim
1305 929 1661 996 vocabatur);
1691 927 1786 984 sed
1817 927 1892 980 vi-

298 1043 429 1084 vens
459 1025 694 1082 molliter
715 1034 774 1082 et
799 1023 1086 1082 dissolute.
1111 1023 1283 1095 Igitur
1299 1023 1544 1093 quidam,
1587 1019 1786 1075 invidia
1827 1019 1879 1073 in

305 1137 426 1178 cum
460 1122 658 1178 ductus
689 1119 763 1176 ob
802 1133 956 1190 opes,
989 1119 1225 1190 maligne
1269 1114 1654 1181 insidiabatur,
1688 1127 1889 1183 easque

300 1215 600 1270 conabatur
626 1211 864 1268 auferre.
890 1210 1024 1267 Cum
1069 1220 1248 1265 autem
1278 1224 1307 1262 a
1336 1223 1504 1278 θεορο
1548 1208 1886 1270 aberrasset,

302 1305 502 1360 deinde
534 1313 591 1360 et
625 1301 1022 1359 vehementiori
1075 1298 1294 1355 invidiae
1344 1297 1568 1352 stimulo
1609 1298 1887 1352 sauciatus

302 1406 468 1458 esset,
500 1395 650 1450 venit
672 1391 1166 1462 Eleutheropolim,
1192 1401 1248 1445 et
1275 1401 1464 1446 contra
1502 1404 1627 1444 eum
1655 1390 1889 1444 assumit

264 1488 590 1556 ~.\qllellldam
641 1486 1125 1555 praestigiatorem,
1180 1483 1413 1552 proximi
1469 1496 1666 1536 noxam
1720 1481 1891 1536 miser

283 1537 1221 1663 ξιξιξέιιῖὧιιῖιᾷἆξιηξ.Ᾱιιιιιθίιιᾉ
1251 1575 1470 1644 quidem
1496 1585 1656 1644 prout
1687 1575 1894 1630 sciebat

285 1667 357 1722 ‘et
409 1675 624 1736 poterat
678 1681 810 1720 usus
839 1675 922 1720 est
968 1665 1178 1720 artibus
1212 1666 1350 1720 suis.
1401 1665 1685 1720 Romanus
1741 1679 1890 1728 vero,

305 1771 362 1812 ut
408 1759 497 1825 qui
552 1756 1084 1850 nihilaprtnvidisset
1129 1770 1319 1811 eorum
1364 1771 1485 1826 qum
1544 1757 1896 1827 gerebantur,

1989 559 2240 623 τελέσας,
2283 559 2378 613 καὶ
2402 560 2510 612 τῶν
2538 557 2632 612 τοῦ
2665 557 2906 630 Χριστοῦ
2930 558 3164 614 ἐντολῶν
3192 557 3433 629 ἐργάτης
3452 561 3588 613 ἀνα-

1992 651 2228 722 δειχθεὶς
2283 651 2528 721 δόκιμος.
2581 651 2797 724 Προσῆν
2833 651 2891 706 δέ
2925 669 3009 715 τις
3047 649 3198 722 αὐτῷ
3235 651 3331 704 καὶ
3361 651 3592 722 ἀδελφός

1993 743 2138 798 κατά
2190 743 2348 813 γένος
2377 745 2436 797 ἐν
2475 745 2541 816 τῇ
2574 743 2996 815 Βηταγαὸαίων,
3050 743 3176 812 ἣτις
3217 743 3434 798 δώδεκα
3493 761 3592 814 ση-

1997 835 2172 906 μείοις
2204 833 2386 906 Γάζης
2420 835 2636 906 ἀπέχει,
2691 833 2848 890 οὐδὲν
2889 835 3053 904 ὃμοια
3077 834 3207 903 οὐδὲ,
3231 833 3473 904 συγγενῆ
3512 834 3593 905 τῷ

1991 928 2209 1000 ἀδελφῷ
2241 930 2518 1002 πράττων.
2555 933 2584 986 ὁ
2617 929 2906 1001 Ῥωμανὸς
2962 928 3129 1001 (οὕτω
3177 929 3286 1003 γὰρ
3310 931 3592 1000 ἐκαλεῖτο)

1991 1021 2129 1077 ἀλλὰ
2151 1022 2261 1088 ζῶν
2286 1023 2471 1094 ὑγρῶς
2502 1039 2561 1076 τε
2595 1023 2692 1076 καὶ
2715 1021 3042 1092 ἀνειμένως.
3070 1021 3363 1092 Βασκήνας
3385 1016 3480 1076 οὖν
3509 1038 3595 1086 τις

1993 1116 2143 1188 αὐτῷ
2163 1115 2264 1186 τῆς
2284 1115 2496 1181 οὐσίας,
2519 1115 2790 1185 ἐφήδρευε
2815 1113 3162 1182 κακούργως,
3181 1113 3274 1168 καὶ
3297 1113 3593 1183 ὑφελέσθαι

1994 1208 2164 1279 αὐτὴν
2197 1209 2478 1280 ἐπειρᾶτο.
2513 1205 2618 1260 Τοῦ
2654 1205 2859 1260 σκοποῦ
2885 1205 2942 1258 δὲ
2984 1204 3329 1276 διαμαρτὼν,
3357 1199 3477 1259 εἶτα
3500 1205 3596 1260 καὶ

1996 1300 2340 1372 σφοδροτέρῳ
2364 1299 2444 1370 τῷ
2469 1301 2568 1370 τῆς
2621 1298 2928 1370 βασκανίας
2960 1299 3175 1372 κέντρῳ
3226 1297 3482 1368 πληγεὶς.
3535 1300 3595 1351 ὲν

2006 1393 2450 1464 Ἐλευθεροπόλει
2497 1392 2750 1461 γίνεται,
2817 1392 2914 1446 καί
2979 1409 3102 1445 τινα
3159 1393 3593 1463 παραλαμϐάνει

1998 1486 2171 1555 γόητα
2196 1485 2318 1540 κατ’
2350 1483 2542 1548 αὐτοῦ,
2580 1483 2779 1537 πολλοῦ
2808 1484 2910 1554 τὴν
2943 1482 3040 1537 τοῦ
3070 1482 3300 1554 πλησίον
3335 1483 3541 1555 βλάϐην
3565 1485 3596 1538 ό

1997 1579 2228 1642 δείλαιος
2249 1578 2625 1648 ὠνησάμενος.
2668 1577 2730 1630 Ὀ
2760 1577 2858 1647 μέν
2881 1576 2974 1631 οὖν
2990 1575 3066 1640 ὡς
3092 1573 3206 1648 εἶχε
3224 1579 3347 1640 ταῖς
3377 1577 3596 1646 τέχναις

1999 1669 2225 1739 ἐχρῆτο.
2277 1667 2335 1721 '0
2401 1665 2681 1736 Ῥωμανὸς
2714 1665 2792 1732 δὲ,
2845 1661 2934 1721 οἷα
2964 1666 3076 1720 τῶν
3107 1667 3413 1738 γινομένων
3443 1666 3597 1720 οὐδὲν

2004 1759 2291 1831 προειδὼς,
2353 1761 2412 1812 ἐν
2442 1757 2600 1829 ἀγρῷ
2629 1759 2840 1828 διῆγεν,
2889 1757 3150 1828 οὐδεμίαν
3181 1759 3320 1824 ὅλως
3364 1759 3474 1812 τῶν
3501 1775 3604 1813 κα-

303 1849 539 1919 degebat
567 1850 621 1904 in
664 1827 818 1920 agro,
847 1851 1158 1904 nullatenus
1187 1864 1392 1904 cavens
1419 1848 1588 1919 ipsius
1609 1847 1896 1903 maleﬁcia.

2021 1827 2432 1926 ιουργουμένων
2481 1827 2632 1919 αθτῷ
2689 1827 2938 1921 φυλακὴν
2991 1827 3152 1922 ἔχων.
3221 1852 3331 1906 Καί
3381 1869 3488 1906 τινι
3540 1851 3604 1906 τὸ

305 1943 483 2010 Atque
511 1953 798 2013 correptus
829 1958 858 1998 a
900 1944 1134 2012 quodam
1167 1953 1393 1998 veterno
1424 1943 1674 2013 corporis
1735 1942 1900 2012 (quod

313 2037 456 2092 Deus
499 2051 755 2106 magnam
817 2036 1128 2092 socordiam
1180 2037 1627 2106 interrumperet,
1679 2035 1904 2106 ejusque

311 2112 550 2183 animam
581 2131 649 2183 ad
689 2129 1035 2184 sedulitatem
1085 2129 1393 2190 reduceret,
1426 2135 1492 2183 ac
1521 2126 1643 2182 ideo
1689 2125 1901 2196 permi-

311 2221 498 2288 sisset,
538 2231 592 2274 ut
627 2219 970 2289 aliquantum
996 2219 1308 2275 vinceretur
1343 2235 1371 2273 a
1405 2219 1622 2288 maligni
1659 2219 1902 2284 insidiis;

315 2314 771 2382 quemadmodum
797 2327 903 2368 non
927 2313 1096 2370 multo
1117 2321 1240 2384 post
1255 2311 1612 2370 declarabunt
1642 2325 1762 2382 quae
1779 2311 1907 2366 sub-

311 2402 657 2474 jungentur),
689 2404 910 2457 domum
932 2402 1188 2458 refertur.
1221 2403 1352 2458 Dein
1383 2402 1474 2458 ubi
1511 2401 1712 2458 malum
1743 2402 1906 2458 vehe-

317 2494 558 2550 mentius
597 2495 872 2562 incubuit;
917 2494 1007 2550 ille
1036 2495 1255 2566 quidem
1281 2494 1500 2564 iacebat
1546 2494 1906 2564 hydropicus,

321 2597 739 2658 extremamque
785 2597 1073 2658 acceperat
1105 2601 1172 2643 ex
1203 2597 1322 2642 arte
1347 2587 1678 2642 medicorum
1723 2586 1911 2656 deploo

325 2679 615 2746 rationem;
642 2679 830 2736 aﬂines
853 2689 1034 2736 autem
1059 2688 1115 2734 et
1131 2678 1292 2734 amici
1321 2679 1798 2736 circumsidebant.
1831 2678 1911 2732 ol-

332 2773 606 2841 timasque
639 2771 1007 2842 separatiouis
1035 2770 1306 2842 lacrymas
1337 2779 1561 2841 propter
1583 2784 1708 2826 eum
1743 2770 1910 2824 emit-

327 2863 539 2916 tebant.

397 2952 532 3010 CLI.
575 2952 669 3010 Sic
695 2953 859 3026 igitur
893 2954 1216 3026 gravissime
1239 2955 1467 3012 allectus
1521 2954 1632 3022 ille,
1689 2953 1914 3024 jamque

328 3045 504 3114 ipsam
535 3053 766 3102 mortem
811 3056 1160 3117 exspectans,
1213 3047 1303 3102 vix
1355 3045 1590 3101 diductis
1629 3045 1828 3110 oculis,
1862 3055 1918 3100 et

2008 1944 2166 2014 σῶμα
2192 1943 2368 2015 νάρκῃ
2393 1942 2622 2012 ληφθεὶς
2683 1941 2798 2014 (τοῦ
2849 1941 2986 1995 Θεοῦ
3031 1943 3094 1995 τὸ
3131 1942 3266 1996 πολὺ
3289 1943 3390 2013 τῆς
3429 1942 3606 2015 ῥᾳθυ-

2010 2036 2138 2104 μίας
2165 2036 2554 2104 ἐγκύπτοντος,
2601 2035 2696 2089 καὶ
2727 2035 2825 2106 τὴν
2857 2035 3023 2089 αὐτοῦ
3051 2036 3233 2106 ψυχὴν
3257 2037 3395 2107 πρὸς
3435 2053 3605 2090 σπου-

2005 2129 2103 2200 δὴν
2121 2129 2514 2198 ἐπανάγοντος,
2541 2115 2638 2183 καὶ
2667 2127 2756 2181 διὰ
2777 2128 2937 2182 τοῦτο
2967 2129 3354 2200 περιγενέσθαι
3383 2129 3554 2184 αὑτοῦ
3577 2141 3604 2171 α

2007 2221 2130 2284 ταῖς
2159 2222 2224 2276 ἐκ
2252 2221 2346 2274 τοῦ
2401 2220 2643 2291 πονηροῦ
2677 2219 2986 2290 μεθοδείαις
3027 2220 3204 2292 βραχύ
3234 2239 3290 2274 τι
3335 2239 3602 2293 παραχω-

2015 2313 2314 2384 ρήσαντοςο
2361 2313 2436 2376 ὡς
2465 2313 2527 2366 οὐ
2578 2311 2762 2382 πολλῷ
2809 2311 3040 2383 ὕστερον
3083 2311 3319 2383 δηλώσει
3351 2313 3423 2367 τὰ
3471 2315 3608 2367 ἐπα·

2010 2405 2263 2474 γόμενα),
2301 2404 2382 2476 τῷ
2414 2405 2551 2476 οἴκῳ
2605 2403 3027 2475 ἀνακομίζεται.
3075 2399 3212 2458 Εἶτα
3242 2405 3606 2476 σφοδρότερον

2011 2496 2106 2552 τοῦ
2130 2495 2304 2552 κακοῦ
2337 2496 2794 2567 κατασκήψαντος
2817 2513 2831 2527 ·
2889 2499 2918 2550 ὁ
2967 2497 3090 2566 μὲν,
3141 2497 3324 2552 ἔκειτο
3355 2497 3605 2568 ὑδεριῶν,

2014 2591 2109 2645 καὶ
2163 2590 2264 2662 τὴν
2295 2589 2535 2660 ἐσχάτην
2572 2592 2638 2644 ἐκ
2679 2590 2782 2660 τῆς
2815 2589 2926 2644 τῶν
2981 2589 3180 2660 ίατρῶν
3203 2591 3397 2661 τέχνης
3425 2589 3607 2644 λαϐὼν

2017 2683 2390 2753 ἀπαγόρευσιν
2410 2699 2424 2715 ο
2475 2684 2524 2736 οἱ
2560 2684 2932 2754 προσήκοντες
2959 2681 3016 2736 δὲ
3045 2681 3209 2735 αὐτὸν
3243 2683 3338 2735 καὶ
3382 2684 3432 2735 οἱ
3463 2681 3610 2751 φίλοι

2016 2774 2442 2846 περιεκάθηντο,
2491 2775 2554 2828 τὸ
2582 2775 2896 2828 τελευταῖον
2931 2773 3186 2842 ἀφιέντες
3217 2774 3304 2828 ἐπ’
3333 2773 3482 2846 αὖτῷ
3513 2773 3610 2828 τοῦ

2018 2867 2306 2940 χωρισμοῦ
2341 2869 2598 2939 δάκρυον.

2089 2961 2269 3016 ΡΝΑ⁹.
2322 2961 2510 3024 Οὕτως
2554 2955 2647 3014 οῦν
2699 2959 2982 3032 βαρύτατα
3045 2961 3188 3032 ἔχων
3241 2961 3471 3027 ἐκεῖνος,
3521 2957 3616 3010 καὶ

2019 3053 2191 3121 αὐτὴν
2229 3053 2332 3124 ἥδη
2361 3052 2459 3123 τὴν
2490 3051 2750 3123 τελευτὴν
2784 3053 3164 3124 ἐκδεχόμενος,
3193 3051 3348 3124 μόλις
3369 3052 3463 3106 καὶ
3491 3051 3618 3104 ὅσον

327 3150 435 3206 quo
458 3135 632 3191 solum
667 3137 831 3193 modo
858 3137 989 3207 quid
1033 3139 1264 3194 obscure
1321 3137 1496 3194 videri
1544 3146 1732 3209 queat,
1794 3145 1912 3191 orat

2021 3143 2262 3214 ἀμυδρόν
2285 3160 2338 3197 τι
2364 3144 2528 3212 μόνον
2559 3142 2688 3196 ἰδεῖν
2716 3141 2778 3197 τό
2809 3142 3035 3214 βλέμμα
3062 3144 3277 3215 διάρας,
3307 3142 3480 3197 δεῖται
3506 3141 3620 3196 τῶν

327 3243 425 3284 eos
453 3229 545 3299 qui
593 3231 845 3294 aderant,
884 3241 944 3286 ut
993 3231 1267 3301 paululum
1297 3233 1660 3288 secederent:
1692 3231 1918 3301 ipseque

329 3317 480 3378 solus
517 3322 758 3387 relictus,
783 3331 840 3377 et
872 3321 941 3378 ad
991 3324 1256 3392 parietem
1283 3337 1604 3389 conversus,
1654 3323 1800 3378 sicut
1834 3321 1923 3376 ille

333 3429 567 3484 magnus
609 3414 872 3470 Ezechias
897 3415 1191 3486 aliquando
1220 3415 1292 3480 ⁸⁵,
1337 3415 1462 3468 talia
1494 3415 1548 3470 in
1589 3413 1924 3470 contritione

332 3506 514 3560 cordis
573 3515 660 3562 est
711 3516 988 3576 precatus,
1010 3507 1166 3575 ,Deus
1221 3505 1506 3565 virtutum,
1550 3503 1642 3574 qui
1687 3504 1920 3559 dixisti:

333 3593 468 3649 Cum
513 3612 745 3652 reuersus
791 3597 1132 3668 ingemuerit,
1179 3607 1305 3650 tunc
1332 3595 1508 3650 salt-ua
1556 3596 1766 3662 eris";
1809 3596 1927 3664 ipse

337 3688 550 3759 respice
581 3703 746 3760 super
779 3703 886 3755 me,
924 3697 984 3744 et
1030 3689 1100 3741 ab
1142 3686 1264 3754 hac,
1295 3703 1414 3756 quae
1463 3703 1548 3742 me
1593 3687 1923 3757 comprimit,

337 3781 672 3838 necessitate
735 3789 792 3836 et
875 3779 1190 3836 calamitate
1210 3779 1382 3850 eripe.
1443 3777 1656 3834 Interea
1721 3788 1926 3840 autem,

338 3887 460 3925 cum
503 3871 554 3926 in
589 3880 829 3926 mentem
866 3870 915 3926 ei
955 3873 1216 3937 venisset,
1255 3885 1514 3942 magnum
1551 3871 1716 3924 etiam
1767 3884 1927 3925 voca-

339 3962 430 4018 bat
459 3963 804 4036 Eutbymium
855 3963 1115 4018 adversus
1164 3964 1436 4026 morbum,
1492 3963 1778 4030 virumque
1816 3961 1928 4017 Deo

340 4051 605 4108 oﬂ‘erebat
634 4053 1081 4118 intercessorem,
1108 4063 1273 4124 atque
1301 4069 1398 4123 per
1420 4055 1595 4124 ipsum
1621 4055 1842 4123 rogabat
1873 4062 1931 4106 ut

342 4148 512 4204 libera
523 4157 692 4202 retur.

415 4239 568 4296 CLII.
611 4239 806 4296 Postea
857 4240 1004 4296 velut
1053 4241 1106 4294 in
1143 4241 1343 4296 ecstasi
1391 4241 1740 4305 constitutus,
1788 4238 1927 4294 videt

347 4333 634 4400 quemdam
663 4330 862 4388 vestitu
897 4334 1254 4397 monachum,
1300 4333 1424 4402 pilis
1460 4347 1680 4403 canum,
1721 4333 1932 4388 adstan-

349 4439 456 4478 u-m
497 4435 554 4480 et
576 4426 842 4481 dicentem
870 4443 884 4480 :
914 4424 1054 4493 Quid
1087 4429 1169 4480 vis
1204 4426 1298 4481 tibi
1327 4406 1573 4480 faciam?
1609 4426 1674 4480 Et
1706 4425 1792 4480 ille
1821 4425 1935 4494 qui-

2027 3235 2312 3308 παρόντων
2343 3235 2668 3308 ἐκχωρῆσαι
2719 3234 2916 3304 μικρόν
2937 3252 2952 3266 ·
2996 3236 3092 3290 καὶ
3127 3235 3286 3306 μόνος
3340 3234 3502 3298 αὐτὸς
3531 3235 3621 3288 ἐπ’

2025 3327 2288 3397 ἐρημίαις
2311 3325 2722 3394 καταλειφθεὶς,
2751 3325 2848 3379 καὶ
2876 3323 3011 3396 πρὸς
3031 3325 3122 3380 τὸν
3143 3327 3322 3398 τοῖχον
3351 3327 3617 3394 ἐπιστρα·

2027 3419 2174 3488 φεὶς,
2209 3417 2465 3488 καθάπερ
2503 3417 2754 3480 Ἐζεκίας
2786 3419 2995 3482 ἐκεῖνος
3025 3416 3054 3467 ό
3098 3417 3276 3488 μέγας
3309 3416 3476 3482 ποτὲ,
3506 3433 3624 3470 τοι·

2026 3508 2168 3562 αῦτα
2197 3511 2254 3562 ἐν
2287 3507 2546 3576 συντριϐῇ
2581 3506 2812 3576 καρδίας
2847 3507 3224 3578 προσηύχετοο
3261 3507 3322 3561 ’0
3354 3507 3485 3572 Θεὸς
3513 3509 3624 3562 τῶν

2026 3599 2333 3670 δυνάμεων,
2361 3599 2390 3650 ό
2408 3598 2600 3662 εἰπὼν,
2623 3597 2810 3651 Ὅταν
2839 3598 3263 3668 ἀποστραφεὶς
3292 3599 3625 3668 στενάξῃς,

2030 3691 2164 3744 τότε
2191 3688 2468 3757 σωθήσῃ,
2530 3688 2693 3753 αὐτὸς
2725 3689 3021 3759 ἐπίϐλεψον
3086 3691 3176 3744 ἐπ’
3230 3691 3352 3760 ἐμὲ,
3387 3693 3482 3745 καὶ
3525 3694 3627 3758 τῆς

2033 3781 2366 3854 συνεχούσης
2403 3799 2471 3853 με
2528 3783 2732 3854 ταύτης
2776 3783 3025 3854 ἀνάγκης
3058 3784 3153 3836 γαὶ
3186 3783 3285 3853 τῆς
3337 3785 3628 3855 συμφορᾶς

2031 3875 2239 3942 ἐξελοῦ.
2290 3877 2378 3928 Ἐν
2407 3874 2649 3946 τοσούτῳ
2685 3875 2764 3941 δὲ,
2822 3877 2903 3939 εἰς
2937 3875 3063 3929 νοῦν
3091 3876 3242 3946 αὐτῷ
3300 3875 3544 3930 ἐπελθὼν
3577 3878 3627 3942 δ,

2036 3970 2130 4023 καὶ
2157 3969 2248 4021 τὸν
2283 3968 2457 4038 μέγαν
2503 3967 2784 4038 Εὑθύμιον
2835 3967 3026 4022 ἐκάλει
3074 3967 3218 4021 κατᾶ
3265 3967 3358 4020 τοῦ
3393 3969 3626 4033 πάθους,

2037 4062 2133 4116 καὶ
2175 4061 2405 4129 μεσίτην
2447 4061 2693 4132 προσῆγε
2725 4059 2820 4113 τὴν
2869 4060 3038 4130 ἄνδρα
3068 4057 3208 4130 Θεῷ,
3243 4059 3338 4112 καὶ
3359 4059 3428 4114 δι’
3457 4059 3627 4114 αὐτοῦ

2037 4152 2134 4224 τὴν
2157 4151 2478 4223 ἀπαλλαγὴν
2508 4150 2727 4221 ηὔχετο.
3160 4166 3171 4171 ·

2113 4242 2280 4298 ΡΝΒ⁰.
2316 4239 2450 4297 Εἶτα
2484 4242 2674 4314 ὥσπερ
2700 4243 2758 4294 ἐν
2777 4241 3032 4295 ἐκστάσει
3054 4241 3366 4314 γενόμενος,
3387 4244 3488 4313 ὁρᾷ
3508 4259 3632 4296 τινα
3712 4236 3724 4248 ”

2037 4336 2138 4402 τὴν
2170 4334 2364 4402 στολὴν
2407 4336 2662 4402 μοναχὸν,
2696 4332 2796 4402 τὴν
2827 4332 2991 4402 τρίχα
3035 4332 3250 4397 λευκὸν,
3307 4332 3629 4399 ἐπιστάντα,

2041 4427 2156 4492 καὶ,
2182 4425 2226 4477 Τ
2233 4427 2248 4476 ἱ
2275 4425 2454 4496 βούλει
2484 4425 2694 4494 ποιήσοι
2719 4441 2800 4477 σοι
2825 4441 2839 4487 ;
2867 4426 3114 4492 λέγοντα.
3156 4426 3268 4480 Καὶ
3297 4427 3325 4478 ὁ
3343 4427 3464 4496 μὲν,
3498 4425 3632 4492 δέει,

347 4520 492 4583 dem,
521 4529 690 4584 metu,
721 4519 917 4587 inquit,
947 4529 1000 4573 et
1033 4519 1227 4586 gaudio
1255 4519 1482 4584 divisus,
1525 4519 1881 4590 interrogavit

2041 4518 2327 4592 tpqsi,'_xa‘.
2363 4517 2520 4589 ἡδονῇ
2569 4518 2871 4588 μερισθεὶς,
2908 4518 3004 4582 Τίς
3045 4518 3154 4590 ἄρα
3177 4520 3241 4574 σὺ
3271 4514 3631 4584 εῐ,δέσποτα;

349 4611 484 4673 Quis
529 4619 584 4664 tu
637 4626 716 4677 es,
762 4611 1020 4666 domine?
1071 4612 1372 4682 Respondit
1423 4613 1468 4666 is
1522 4629 1536 4665 :
1583 4611 1932 4683 Eutluymitts,

351 4718 510 4772 ‘l’tem
570 4705 686 4774 ipse
735 4703 898 4761 modo
937 4705 1195 4760 vocabas.
1229 4703 1416 4773 Neque
1454 4705 1522 4759 ad
1572 4719 1748 4759 meum
1779 4717 1939 4771 aspe~

351 4806 502 4848 ctum
569 4795 864 4865 quidquam
929 4796 1314 4862 extimescas;
1351 4798 1444 4852 sed
1507 4797 1754 4858 videam,
1797 4795 1934 4858 inﬁt,

351 4887 480 4954 quid
510 4888 760 4957 patiaris,
814 4898 870 4944 et
901 4905 1150 4958 quamam
1199 4891 1447 4959 corporis
1488 4891 1563 4942 tui
1597 4903 1726 4960 pars
1761 4902 1939 4942 occu-

353 4991 511 5048 petnr
545 4981 872 5036 calamitate.
907 4982 1153 5052 Cumque
1185 4983 1274 5038 ille
1310 4990 1556 5037 ventrem
1589 4981 1938 5044 ostendisset,

356 5072 472 5138 ipse
499 5073 805 5140 cOnjunctis
833 5075 1016 5144 digitis
1050 5076 1163 5130 suis
1205 5083 1374 5138 recta,
1419 5075 1594 5141 iisque
1650 5089 1781 5128 usus
1823 5082 1943 5126 tan-

357 5181 518 5234 quam
558 5167 759 5235 gladio,
798 5169 997 5222 scindit
1045 5169 1310 5222 tutnidum
1349 5167 1484 5222 illud
1531 5168 1754 5231 ventris,
1801 5182 1942 5219 mor-

405 5285 478 5332 .“
508 5282 574 5337 IV
634 5285 768 5357 Reg.
831 5303 921 5354 xx,
962 5287 1018 5340 2.
1099 5285 1144 5316 ’⁵⁸
1179 5285 1280 5338 lsa.
1315 5301 1441 5348 xxx,
1472 5285 1556 5339 l5.

2045 4613 2230 4683 ἧρετο.
2269 4609 2378 4663 Καὶ
2400 4608 2480 4672 ὃς,
2521 4608 2816 4676 Εὐθύμιος,
2875 4609 3003 4681 ἔφη,
3038 4611 3096 4665 ὃν
3139 4610 3370 4681 ἔναγχος
3417 4610 3633 4676 ἐκάλεις

2047 4705 2115 4758 αὖ
2138 4703 2232 4765 .ὁς.
2268 4702 2378 4756 Καί
2415 4719 2514 4771 μου
2546 4703 2682 4772 πρὸς
2713 4703 2811 4772 τὴν
2839 4703 2962 4773 ὄψιν
2997 4703 3164 4774 μηδὲν
3213 4701 3632 4777 ἀποδειλιάσῃς’

2048 4795 2164 4850 ἀλλ’
2190 4793 2302 4860 ἴδω,
2337 4794 2524 4865 φησὶν,
2557 4794 2584 4847 ὃ
2611 4811 2661 4846 τι
2694 4795 2946 4864 πάσχεις,
2981 4798 3074 4848 καὶ
3109 4797 3163 4848 τί
3193 4813 3273 4850 σοι
3321 4795 3417 4850 τοῦ
3446 4793 3634 4862 σώμα-

2050 4903 2140 4950 τος
2173 4886 2441 4956 κέχρηται
2493 4886 2769 4956 συμφορᾷ.
2808 4884 2915 4938 Τοῦ
2962 4886 3040 4950 δὲ,
3105 4886 3206 4954 τὴν
3253 4887 3464 4940 κοιλίαν
3504 4885 3639 4939 ὑπο-

2051 4981 2348 5048 δείξαντος,
2391 4977 2656 5044 συζεύξας
2693 4980 2818 5042 τοὺς
2839 4979 3135 5042 δακτύλους
3160 4981 3324 5044 αὐτὸς
3354 4981 3435 5043 είς
3455 4977 3636 5050 ὀρθὸν,

2054 5078 2148 5128 καὶ
2201 5073 2407 5135 τούτοις
2445 5068 2531 5124 οἷα
2561 5072 2624 5141 δὴ
2654 5073 2745 5124 καὶ
2782 5070 2924 5142 ξίφει
2955 5075 3324 5144 χρησάμενος,
3361 5074 3550 5143 τέμνει
3577 5071 3639 5126 τὺ

2055 5164 2314 5236 Superi-2.0;
2352 5164 2449 5234 τῆς
2473 5163 2710 5232 γαστρὸς
2746 5165 2946 5229 ἐκεῖνο,
2979 5165 3073 5217 καὶ
3097 5167 3157 5219 τὸ
3187 5163 3363 5228 πάθος
3393 5161 3637 5235 ἐκκρίνει

1693 5399 1928 5454 νΑιιιΑί
1966 5395 2371 5453 ιιερτιοιςιςδ.

445 5507 470 5534 ⁸
494 5496 566 5550 al.
603 5497 789 5552 αὐτόν.
871 5497 901 5537 ι’
926 5497 997 5552 al.
1031 5496 1284 5550 ἐπελθόν.

1535 5605 1730 5662 ιοΑΝ.
1768 5602 2112 5661 BOLLANDI
2152 5600 2385 5657 NOTAE.

444 5722 560 5788 (93)
601 5723 679 5776 Au
727 5721 1030 5784 Tllaballta,
1078 5737 1172 5777 seu
1214 5722 1529 5783 Tltalnat‘lta,
1587 5696 1683 5774 aut
1715 5719 1948 5782 Talmsa,

386 5791 554 5858 patria
592 5793 651 5843 ς».
687 5792 1162 5860 Ililarionis,vicus
1193 5795 1409 5850 circiter
1442 5795 1679 5862 Quinque
1726 5791 1893 5846 millia
1923 5808 1948 5841 ιι

2233 5719 2481 5843 (Ιὶῗιοιιεῗ
2517 5718 2582 5774 de
2621 5733 2729 5789 quo
2772 5717 2826 5775 S.
2859 5715 3220 5786 Hieronymus
3265 5713 3320 5772 in
3369 5713 3485 5786 ejus
3533 5711 3640 5767 viz:

2067 5829 2095 5842 ..
2209 5799 2353 5844 t'ltn.

2067 5799 2124 5844 ΞΗ
2160 5799 2353 5845 Uctoh.
