4116 6406
443 351 555 417 ’125

1723 346 1901 408 VITA
1941 347 2006 408 S.
2046 345 2464 408 EUTHYMU.

3623 346 3737 413 7‘26

445 465 544 521 καὶ
576 457 810 532 δίαχέειο
831 456 1019 528 ἐξάγει
1057 473 1114 511 τε
1143 455 1244 528 τῆς
1270 455 1514 529 γαστρὸς
1545 455 1712 512 οἱονεὶ
1740 455 1977 512 πέταλόν
2002 475 2050 512 τι

2165 456 2460 527 bidumque
2501 457 2786 512 humorem
2839 456 3086 513 excernit
3114 465 3170 514 et
3211 458 3503 528 diﬁundit;
3533 476 3740 520 necnon

447 554 772 624 κατιττέρου
802 561 825 590 ε
855 547 1250 620 πεποιημένον,
1311 549 1668 622 χαρακτῆρας
1711 549 1835 621 έχον
1864 551 2039 616 τινας,

443 652 544 705 καὶ
571 644 729 701 τοῦτο
759 642 854 698 ἐπὶ
879 637 1160 714 τραπέζης
1176 640 1322 704 τινος
1349 640 1442 694 ὑπ’
1461 638 1588 710 ὄψιν
1617 639 1770 711 αὐτῷ
1796 639 2038 712 τίθησιν.

449 741 688 796 Ἔπειτα
721 737 820 792 καὶ
861 735 961 808 τὴν
991 733 1168 805 τομὴν
1197 734 1265 804 τῇ
1297 732 1448 804 χειρὶ
1509 732 1760 804 συνάψας
1790 734 1886 789 καὶ
1934 735 2042 788 ἀπ·

447 829 706 901 αλείψας,
768 825 1028 898 ἀκέραιον
1086 840 1147 878 τε
1208 823 1272 878 τὸ
1296 823 1461 896 μέρος
1489 825 1583 878 καὶ
1605 826 1758 896 ὑγιὲς
1791 825 2040 895 θέμενος,

445 926 596 980 ἅπαν
635 919 761 988 ἑξῆς
793 916 944 990 αὐτῷ
998 917 1292 985 καταλέγει
1318 917 1380 969 τδ
1408 916 1596 988 δρᾶμα
1618 935 1632 951 ·
1663 917 1762 988 τὴν
1814 917 1911 986 τῆς
1946 918 2043 970 οὐ.

445 1013 571 1077 σίας
606 1008 909 1081 βασκανίαν
928 1049 944 1074 ,
973 1005 1073 1078 τὴν
1099 1004 1194 1060 τοῦ
1224 1005 1422 1077 γόητος
1457 1005 1726 1077 μίσθωσιν
1747 1047 1760 1072 ,
1802 1007 1904 1078 τὴν
1933 1005 2043 1060 τῶν

442 1101 722 1174 δαιμόνων
765 1098 1078 1169 ἐπίκλησιν.
1134 1097 1250 1151 Οὐκ
1299 1095 1366 1151 ἂν
1399 1097 1458 1150 δέ
1509 1097 1664 1166 σοιδ,
1692 1099 1881 1170 φησιν,
1919 1096 2042 1150 οῦδέ

444 1195 626 1258 οὕτως
655 1194 711 1246 αί
739 1191 835 1246 τοῦ
869 1188 1067 1262 ἐχθροῦ
1104 1189 1482 1262 περιεγίνοντο
1515 1203 1538 1228 ε
1576 1191 1840 1260 μηχαναὶ,
1881 1191 1929 1242 εί
1966 1188 2042 1258 μὴ

447 1286 618 1348 αὐτὸς
643 1283 796 1353 αὖτῷ
855 1281 952 1345 τὰς
979 1281 1146 1343 λαϐὰς
1195 1282 1495 1352 παρέσχες.
1551 1283 1681 1336 Ἰδοὺ
1710 1283 1818 1353 γὰρ
1849 1283 1972 1345 ὅσος
2015 1283 2043 1333 6

449 1379 659 1451 μεταξὺ
690 1375 904 1448 χρόνος,
955 1373 1049 1427 καὶ
1097 1372 1222 1426 οὔτε
1261 1374 1338 1436 εἰς
1384 1374 1710 1444 Ἐκκλησίαν
1741 1374 1910 1442 ἔγνως
1942 1390 2044 1425 πα-

448 1469 729 1543 ραϐαλεῖν,
749 1465 876 1521 οὗτε
905 1469 1014 1529 τοῖς
1043 1467 1338 1536 ἀκράντοις
1359 1467 1676 1537 προσελθεῖν
1697 1466 2040 1537 μυστηρίοιςυ

450 1557 802 1629 ἀλλ’ἀμελῶς
833 1556 962 1627 ἔζης
994 1556 1086 1608 καὶ
1102 1555 1592 1627 ἀμερίμνως,τὸγε
1625 1557 1705 1618 είς
1736 1555 1832 1627 τὴν
1865 1555 2044 1625 ψυχὴν

455 1649 581 1723 ἧκον
613 1650 711 1720 τὴν
744 1649 866 1718 σήν.
917 1645 1071 1700 Ἐπεὶ
1111 1647 1292 1700 τοίνυν
1345 1647 1496 1700 ἔλεόν
1551 1665 1645 1702 σου
1675 1649 1976 1719 πεποίηκεν
2017 1649 2046 1699 6

452 1743 600 1808 θεὸς,
631 1740 725 1795 τοῦ
770 1739 959 1794 λοιποῦ
996 1739 1233 1810 πρόσεχε
1264 1739 1494 1810 σεαυτῷ,
1519 1741 1610 1793 καὶ
1641 1739 1836 1810 μηκέτι
1873 1737 2048 1810 μηδα-

452 1837 571 1908 μῶς
603 1835 798 1904 ἀμέλει
831 1833 928 1904 τῆς
960 1830 1154 1885 ἑαυτοῦ
1187 1832 1485 1902 σωτηρίας.

522 1923 698 1980 PNI".
755 1925 942 1979 Ταῦτα
995 1924 1120 1978 ἐπεὶ
1157 1926 1247 1978 τὸν
1304 1923 1584 1994 Ῥωμανδν
1628 1923 1858 1978 ἀκοῦσαι
1897 1924 1939 1993 τ,
1974 1925 2052 1978 δι·

455 2017 764 2087 αέαστῆναί
799 2034 858 2070 τε
917 2016 991 2080 ὡς
1027 2013 1171 2088 εἶχεν
1207 2017 1369 2080 εὐθὺς
1405 2017 1563 2084 ὑγιᾶ,
1591 2016 1685 2069 τοῦ
1717 2016 1882 2086 ὄγκου
1910 2017 2057 2088 αὐτῷ

450 2113 553 2182 ἤδη
599 2111 692 2164 τοῦ
748 2109 877 2180 περὶ
932 2110 1032 2178 τὴν
1090 2109 1340 2178 γαστέρα
1396 2107 1892 2173 διαπνευσθέντος·
1949 2113 2046 2163 καὶ

451 2202 872 2270 συγκαλέσαντα
940 2204 1066 2264 τοὺς
1120 2200 1499 2272 ἐπιτηδείους,
1560 2201 1660 2272 τὴν
1723 2203 2050 2256 ἐπιστασίαν

450 2296 638 2358 αὐτοῖς
663 2294 758 2348 τοῦ
787 2293 968 2362 ἁγίου,
1005 2295 1101 2348 καὶ
1141 2293 1240 2365 τὴν
1269 2293 1428 2364 ξένην
1459 2293 1678 2365 ἐκείνην
1705 2294 1793 2349 διὰ
1822 2297 1928 2349 τῶν
1959 2298 2054 2352 δα·

452 2385 670 2440 κτύλων
693 2387 890 2458 τομὴν,
926 2386 1020 2440 καὶ
1056 2387 1237 2440 πᾶσαν
1289 2385 1477 2448 ἁπλῶς
1527 2387 1860 2456 ἀπαγγεῖλαι
1904 2391 1928 2428 Β
1952 2389 2050 2460 τὴν

451 2479 609 2548 δίαινο
648 2477 841 2530 ἔπειτα
876 2477 932 2530 δέ
984 2477 1077 2532 καὶ
1117 2479 1194 2541 είς
1241 2478 1391 2549 ἡμᾶς
1433 2477 1706 2550 διαϐῆναι,
1741 2481 1832 2533 καὶ
1877 2480 1956 2550 τῷ
1989 2498 2048 2534 τε

451 2571 764 2630 προεστῶτι
801 2570 900 2642 τῆς
927 2571 1094 2642 μονῆς
1113 2571 1284 2624 ταῦτα
1315 2571 1410 2624 καὶ
1439 2569 1710 2642 ’Λχθαΰίῳ
1736 2570 1814 2642 τῷ
1831 2573 2047 2644 ἀδελφῷ

453 2664 554 2718 καὶ
592 2664 762 2716 πᾶσιν
788 2663 924 2733 ἡμῖν
949 2662 1344 2732 διηγήσασθαι.
1376 2661 1489 2733 Τὴν
1530 2663 1715 2729 μέντοι
1768 2664 1870 2733 τῆς
1918 2663 2053 2718 θαυ-

456 2751 798 2824 ματουργίας
816 2751 1053 2824 ἡμέραν,
1077 2751 1272 2823 ἑορτὴν
1303 2752 1397 2804 καὶ
1430 2754 1510 2815 είς
1559 2753 1677 2805 τόδε
1713 2752 1910 2823 χρόνου
1950 2752 2049 2823 τὴν

457 2845 729 2916 μεγίστην
769 2846 1028 2908 ποιεῖται,
1060 2845 1156 2897 καὶ
1184 2843 1254 2896 δι’
1290 2843 1446 2908 ἔτους
1486 2844 1814 2898 ἀποδίδωσιν
1855 2844 1934 2898 ἔτι
1971 2843 2049 2915 τῷ

456 2939 603 3008 ἁγίῳ
621 2937 720 3001 τὰς
741 2935 1000 3008 χάριτας.
1051 2934 1213 2989 Ἀλλά
1241 2935 1404 2988 τοῦτο
1436 2936 1537 3006 μὲν
1557 2935 1620 3006 δὴ
1642 2933 1907 2989 τοιοῦτον.

550 3026 720 3084 PNA'.
755 3031 819 3082 Ὃ
841 3028 897 3082 δέ
933 3046 1020 3099 μοι
1052 3027 1233 3097 λέγειν
1267 3027 1393 3096 ἑξῆς
1425 3030 1452 3082 6
1474 3028 1630 3096 λόγος
1663 3027 1938 3100 ὥρμηται,
1969 3027 2056 3081 δέ·

2144 563 2211 604 ex
2235 559 2427 604 ventre
2453 549 2634 604 educit
2665 549 2834 604 veluti
2864 547 3122 606 laminam
3143 552 3442 623 quamdam
3477 567 3508 609 e
3533 562 3736 611 stanno

2147 639 2369 708 factam,
2410 641 2760 698 characteres
2803 643 3069 713 quosdam
3137 644 3453 713 habentem,
3510 660 3740 718 eamque

2147 731 2200 787 in
2219 747 2408 790 mensa
2438 733 2661 804 subiicit
2690 733 2808 802 eius
2829 736 3026 792 oculis.
3051 735 3254 798 Deinde
3275 754 3402 795 cum
3439 742 3737 798 scissuram

2144 838 2309 878 manu
2364 823 2740 893 coniunxisset
2803 832 2970 896 atque
3014 825 3358 896 inunxisset,
3421 840 3745 902 partemque

2145 910 2418 968 ellecisset
2447 913 2773 969 incolumem
2810 923 2864 969 et
2900 927 3118 983 sanam,
3159 917 3415 989 deinceps
3461 920 3511 976 ei
3570 930 3743 977 totum

2147 1011 2331 1059 actum
2368 1002 2578 1072 refert;
2609 1017 2774 1076 Opum
2807 1005 3092 1072 invidiam,
3142 1009 3372 1064 maleﬁci
3409 1013 3736 1068 conductio-

2147 1107 2293 1158 nem,
2323 1094 2628 1149 dtemonum
2659 1097 3080 1151 invocationem.
3108 1097 3184 1153 Te
3214 1108 3394 1152 autem
3422 1115 3488 1155 ne
3517 1100 3598 1157 sic
3623 1102 3744 1172 qui-

2145 1185 2292 1250 dem,
2325 1187 2516 1254 inquit,
2553 1187 2814 1242 vicissent
2847 1187 3022 1242 hostis
3060 1189 3516 1255 machinationes,
3561 1192 3661 1247 nisi
3689 1194 3741 1248 ei

2147 1275 2263 1344 ipse
2287 1291 2480 1332 ansam
2503 1277 2852 1347 prtebuisses.
2892 1277 3032 1333 Ecce
3076 1281 3246 1345 enim,
3281 1289 3544 1350 quantum
3572 1282 3744 1337 inter—

2149 1369 2357 1438 lapsum
2389 1380 2473 1425 est
2503 1378 2736 1438 tempus,
2777 1379 2832 1425 et
2876 1385 3054 1440 neque
3102 1373 3167 1426 ad
3213 1373 3504 1428 ecclesiam
3556 1375 3747 1430 venire

2147 1461 2374 1526 curasti,
2415 1476 2514 1516 nec
2566 1462 2632 1514 ad
2680 1461 3005 1517 intemerata
3043 1463 3303 1519 accedere
3347 1476 3692 1522 sacramenta
3727 1483 3742 1519 :

2151 1552 2246 1607 sed
2291 1552 2471 1607 vixisti
2511 1552 2632 1608 sine
2663 1567 2794 1608 cura
2839 1561 2895 1608 et
2928 1553 3312 1622 sollicitudine,
3367 1567 3630 1626 quantum
3673 1559 3740 1612 ad

2152 1654 2299 1698 tuam
2334 1645 2571 1715 pertinet
2617 1644 2882 1724 animam.
2914 1643 3182 1711 Quoniam
3213 1661 3342 1716 ergo
3376 1648 3522 1703 Deus
3556 1655 3610 1703 te
3637 1650 3742 1703 tui-

2151 1749 2366 1793 seratus
2400 1746 2504 1805 est,
2542 1738 2608 1794 de
2650 1738 2860 1808 reliquo
2895 1739 3114 1795 attende
3147 1739 3241 1795 tibi
3289 1740 3410 1808 ipsi,
3437 1749 3492 1796 et
3523 1756 3589 1798 ne
3623 1757 3742 1796 am-

2077 1821 2126 1880 Β
2159 1829 2299 1901 plius
2328 1830 2598 1886 ullatenus
2641 1839 2787 1886 tuam
2827 1831 3058 1887 salutem
3106 1831 3364 1904 negligas.

2233 1921 2410 1978 CLlll.
2473 1922 2596 1978 llaec
2623 1922 2710 1978 ubi
2769 1923 3031 1980 audiissct
3083 1925 3395 1990 Romanas,
3446 1934 3500 1982 ct
3554 1927 3742 1981 statim

2158 2022 2318 2085 prout
2366 2027 2510 2080 erat,
2541 2015 2780 2070 surrexit
2817 2030 3014 2082 sanus,
3052 2023 3266 2071 tumore
3303 2018 3442 2071 uteri
3481 2015 3589 2086 jam
3615 2031 3743 2086 per-

2157 2108 2366 2176 spirato
2393 2125 2407 2175 ;
2439 2116 2493 2164 et
2523 2109 2839 2164 convocatis
2872 2109 2988 2163 suis
3029 2110 3380 2177 necessariis,
3422 2110 3505 2164 eis
3569 2111 3747 2165 sancti

2159 2201 2479 2268 adventum,
2508 2204 2812 2271 miramque
2844 2201 2987 2256 illam
3035 2216 3134 2272 per
3177 2204 3378 2272 digitos
3418 2203 3747 2268 sectionem,

2159 2301 2213 2348 et
2270 2302 2437 2348 totam
2491 2294 2740 2348 absolute
2789 2295 3129 2350 renuntiavit
3184 2294 3474 2350 visionem.
3539 2295 3744 2350 Deinde

2162 2396 2292 2438 vero
2329 2385 2396 2437 ad
2433 2397 2532 2439 nos
2566 2397 2788 2453 quoque
2817 2385 3053 2450 transiit,
3095 2385 3320 2454 haecque
3355 2385 3598 2440 narravit
3634 2395 3746 2439 tum

2161 2471 2418 2542 praefecto
2468 2475 2808 2542 monasterii,
2875 2485 2988 2529 tum
3041 2475 3350 2531 Achthabiu
3403 2476 3582 2540 fratri,
3635 2485 3747 2530 tum

2161 2565 2316 2620 nobis
2345 2565 2625 2620 omnibus.
2661 2564 2849 2636 Itaque
2894 2567 3037 2622 diem
3080 2568 3211 2622 editi
3251 2568 3531 2634 miraculi,
3571 2569 3748 2622 maxi-

2165 2671 2310 2710 mum
2349 2657 2631 2726 hucusque
2679 2656 2879 2712 festum
2923 2657 3076 2725 facit,
3124 2670 3178 2714 et
3227 2660 3523 2728 quotannis
3569 2661 3748 2716 adhuc

2164 2756 2353 2802 sancto
2385 2748 2496 2817 agit
2525 2747 2750 2816 gratias.
2779 2746 2885 2803 Sed
2918 2749 3017 2804 hoc
3050 2747 3268 2818 quidem
3299 2759 3379 2805 est
3412 2750 3744 2821 huiusmodi.

2233 3027 2414 3086 CLIV.
2455 3029 2608 3097 Quod
2657 3039 2836 3088 autem
2875 3033 2987 3100 jam
3039 3034 3222 3088 dicere
3275 3032 3589 3103 aggreditur
3627 3047 3748 3089 mea

452 3123 613 3177 δοικα
639 3121 714 3192 μὴ
740 3122 832 3174 καὶ
863 3119 1090 3176 ἄπιστον
1117 3120 1287 3188 δόξειε
1318 3122 1431 3181 τοῖς
1463 3119 1698 3186 πολλοῖς,
1721 3123 1818 3175 καὶ
1841 3121 2048 3193 ἣκιστα

2161 3123 2362 3188 oratio,
2403 3135 2600 3176 vereor
2633 3137 2702 3178 ne
2731 3123 2984 3178 videatur
3015 3122 3200 3179 multis
3237 3123 3578 3190 incredibile,
3615 3123 3745 3180 viri-

452 3212 538 3282 τῷ
563 3210 658 3265 τοῦ
681 3210 870 3284 ἀνδρὸς
896 3210 1015 3284 ἤθει
1044 3211 1139 3264 καὶ
1155 3214 1222 3283 τῇ
1255 3211 1586 3282 χρηστότητι
1613 3213 1820 3276 ἐοικὸςο
1856 3212 2052 3266 τοσαύ-

456 3321 562 3376 την
587 3301 902 3373 θερμότητα
929 3302 1072 3356 κατά
1110 3302 1216 3356 τῶν
1246 3301 1697 3372 ψευδορκούντων
1743 3305 1838 3358 καὶ
1891 3303 2052 3374 ζῆλον

455 3395 668 3466 ἀκριὸῆ
723 3395 1074 3466 παρίστησιν.
1121 3393 1276 3448 Ἐστι
1313 3395 1419 3466 γάρ
1450 3412 1536 3458 τις
1583 3394 1719 3468 πρὸς
1763 3395 2054 3468 ἀνίσχοντα

455 3489 611 3558 ἥλιον
639 3485 799 3558 κώμη
822 3486 922 3557 τῆς
953 3486 1160 3558 λαύρας
1190 3485 1386 3555 Φαρῶν
1411 3487 1461 3552 ιι,
1513 3486 1643 3540 δέκα
1683 3489 1920 3552 σταδίοις
1943 3490 2038 3542 ἅπ-

460 3580 686 3650 ἑχουσα,
743 3580 929 3650 Φαράν
975 3578 1176 3649 ὁμοίως
1241 3577 1336 3632 καὶ
1391 3579 1530 3651 αὐτὴ
1571 3579 1950 3652 ·καλουμένη·
1991 3581 2052 3636 οὐ

464 3669 883 3740 μεταλαϐοῦσα,
934 3666 1110 3742 οἶμαι,
1143 3671 1246 3741 τῆς
1285 3671 1624 3742 ἐπωνυμίας,
1665 3670 1784 3726 ἀλλ’
1812 3672 1951 3743 αὐτὴ
1985 3675 2052 3744 τῇ

461 3761 644 3834 λαύρα
673 3760 979 3831 μεταδοῦσα
1027 3760 1249 3832 μᾶλλον.
1301 3759 1467 3832 Ἀνὴρ
1519 3759 1578 3813 δέ
1627 3777 1710 3824 τις
1739 3759 1911 3830 ὄνομα
1941 3761 2056 3814 Κυ-

477 3855 656 3922 ριακὸς
708 3854 771 3906 ἐκ
818 3853 1022 3924 ταύτης
1077 3852 1424 3924 ὁρμώμενος,
1474 3850 1813 3922 θρεμμάτων
1851 3851 2056 3923 ποιμὴν

475 3938 575 4012 ἦν·
607 3945 695 3999 καὶ
725 3945 788 3998 τὸ
828 3945 1078 4016 ποίμνιον
1103 3942 1210 3999 ἀνά
1237 3942 1334 4008 τὰς
1365 3944 1604 4014 ἐρήμους
1620 3943 1802 4014 νέμων
1819 3943 2053 4010 ἐκείνας,

474 4037 784 4090 πιστεύεται
817 4037 968 4108 παρά
991 4053 1138 4100 τινος
1160 4036 1260 4106 τῆς
1277 4036 1449 4106 αὐτῆς
1474 4034 1806 4107 ὡρμημένου
1837 4035 2055 4108 κώμης,

470 4129 698 4200 πένητος
733 4129 826 4182 καὶ
856 4129 1022 4182 αὐτοῦ
1053 4169 1069 4195 ,
1121 4127 1254 4182 δέκα
1309 4127 1402 4182 τὸν
1452 4127 1690 4200 ἀριθμὸν
1747 4128 1841 4181 καὶ
1893 4127 2058 4200 ἕτερα

466 4221 790 4292 θρέμματα,
809 4219 949 4274 ὥστε
971 4221 1064 4274 καὶ
1086 4219 1226 4276 αὐτὰ
1250 4223 1360 4284 τοῖς
1384 4219 1580 4274 ἐαυτοῦ
1605 4219 2055 4290 συμποιμαίνειν.

468 4317 679 4386 Χρόνου
707 4315 762 4366 δὲ
805 4315 1008 4384 μεταξὺ
1043 4313 1452 4384 διαγενομένου,
1490 4314 1810 4386 κατειλήφει
1845 4313 1945 4385 μέν
1973 4331 2058 4378 τις

464 4407 844 4479 ἀπαραίτητος
899 4407 990 4460 τὸν
1036 4405 1243 4476 πένητα
1285 4406 1460 4476 χρεία.
1495 4405 1605 4459 Καὶ
1643 4406 1672 4457 6
1716 4406 1814 4476 μὲν
1845 4405 2058 4469 οὐδενὸς

2157 3229 2262 3285 que
2287 3213 2525 3270 moribus
2551 3223 2606 3270 et
2639 3213 2958 3286 benignitati
2991 3215 3214 3270 minime
3251 3230 3588 3286 congruum;
3625 3227 3747 3272 tan-

2159 3316 2272 3361 tum
2316 3307 2553 3362 ostendit
2591 3307 2840 3363 ardorem
2879 3306 3293 3379 perfectumque
3327 3307 3506 3362 zelum
3548 3317 3738 3363 contra

2159 3397 2430 3469 periuros.
2478 3399 2574 3454 Est
2609 3399 2754 3454 enim
2795 3399 3014 3468 quidam
3053 3399 3202 3454 vicus
3248 3400 3315 3454 ad
3351 3399 3520 3482 solem
3565 3399 3749 3454 orien-

2112 3513 2120 3519 -
2161 3499 2292 3561 tem,
2325 3506 2355 3546 a
2394 3490 2544 3546 laura
2589 3490 2894 3546 Pbararum
2927 3491 3138 3547 distans
3180 3493 3364 3548 decem
3407 3492 3603 3558 stadia,
3638 3495 3750 3562 ipse

2160 3581 2364 3650 pariter
2393 3580 2606 3636 Pharan
2637 3591 2900 3647 vocatus;
2940 3598 3045 3638 non
3076 3586 3218 3653 quod
3241 3582 3524 3656 (arbitror)
3550 3598 3752 3656 cogno-

2162 3687 2284 3727 men
2315 3673 2610 3742 acceperit,
2653 3673 2747 3728 sed
2789 3675 2969 3740 potius
2997 3675 3138 3743 quod
3182 3675 3299 3744 ipse
3341 3689 3501 3729 suum
3547 3689 3744 3730 nomen

2162 3763 2370 3818 dederit
2404 3763 2589 3819 laurte.
2623 3762 2792 3819 Porro
2817 3765 2904 3818 vir
2932 3765 3180 3836 quidam,
3211 3765 3428 3822 nomine
3456 3765 3742 3836 Cyriacus,

2161 3871 2227 3911 ex
2267 3871 2330 3910 eo
2371 3855 2490 3910 vico
2525 3861 2716 3922 ortus,
2752 3865 2872 3910 erat
2905 3856 3086 3928 gregis
3121 3866 3308 3924 pastor
3341 3875 3355 3912 :
3393 3871 3624 3928 cumque
3653 3873 3748 3928 per

2163 3948 2282 4004 illas
2318 3947 2643 4003 solitudines
2691 3963 2908 4018 gregem
2951 3959 3219 4020 pasceret,
3255 3963 3284 4002 a
3325 3950 3556 4019 quodam
3599 3949 3747 4021 ejus-

2163 4041 2284 4096 dem
2313 4039 2414 4096 vici
2447 4040 2688 4101 homine.
2717 4040 2834 4109 ipso
2853 4041 3018 4096 etiam
3049 4055 3309 4112 paupere,
3335 4041 3388 4096 in
3417 4041 3571 4096 fidem
3600 4043 3748 4096 acci-

2165 4134 2243 4204 pit
2267 4149 2396 4189 oves
2429 4133 2562 4188 alias
2604 4148 2830 4188 numero
2863 4134 3072 4200 decem,
3104 4149 3212 4204 quo
3249 4141 3303 4189 et
3332 4135 3454 4190 illas
3483 4149 3605 4188 cum
3635 4134 3748 4190 suis

2165 4236 2431 4298 pasceret.
2467 4226 2768 4296 luterlapso
2797 4233 2975 4282 autem
3002 4225 3282 4296 aliquanto
3309 4237 3575 4298 tempore,
3617 4242 3749 4297 pau-

2167 4333 2349 4388 perem
2399 4318 2605 4372 invadit
2635 4317 3009 4385 inexorabilis
3059 4317 3238 4389 aliqua
3279 4318 3598 4374 necessitas.
3647 4317 3750 4385 Qui

2167 4411 2385 4480 quidem
2427 4410 2684 4480 quoniam
2728 4409 2860 4462 nihil
2899 4409 3045 4463 aliud
3089 4409 3422 4480 possidebat,
3460 4409 3646 4463 statim
3681 4409 3748 4462 ad

468 4500 724 4570 εῦπορῶν
745 4497 953 4569 ἑτέρου,
987 4495 1198 4568 πρδςτδ
1228 4495 1401 4567 βραχὺ
1433 4497 1684 4566 ποίμνιον
1709 4495 1870 4559 εὒθὺς
1898 4498 2050 4550 ἀπεῖ·

2171 4518 2392 4572 parvum
2424 4515 2642 4572 gregem
2673 4502 2932 4570 respexit,
2973 4501 3232 4572 illumque
3271 4499 3504 4556 vendere
3531 4507 3750 4568 propter

463 4596 547 4656 δε,
587 4592 682 4646 καὶ
730 4591 977 4662 πωλῆσαι
1034 4589 1130 4643 καὶ
1165 4588 1297 4642 αὐτὸ
1329 4587 1418 4642 διὰ
1452 4590 1514 4642 τὸ
1539 4589 1634 4659 τῆς
1659 4588 1848 4659 χρείας
1883 4591 2058 4658 ἀναγ-

469 4687 626 4738 καῖον
681 4683 960 4753 ἠπείγετο.
1024 4679 1256 4752 Γνώμης
1302 4679 1382 4745 δὲ,
1429 4680 1506 4744 ὠς
1566 4680 1764 4746 ἔοικεν,
1792 4683 1819 4734 6
1851 4683 2060 4752 Κυρια-

471 4778 567 4840 κδς
603 4777 881 4848 μοχθηρᾶς
902 4775 999 4838 ὢν,
1023 4776 1119 4828 καὶ
1151 4773 1270 4826 οῦδὲ
1299 4771 1497 4844 μικροῦ
1529 4773 1752 4844 κέρδους
1781 4774 2058 4844 προτιθεὶς

467 4873 572 4942 τὴν
595 4869 874 4940 ἀλήθειαν,
899 4866 1044 4922 ὀκτὼ
1071 4867 1323 4922 ἀπεδίδου
1361 4868 1498 4936 μόνα
1527 4882 1541 4898 ο
1581 4867 1676 4918 καὶ
1707 4865 1944 4919 τοσαῦτα
1963 4865 2062 4918 λα-

470 4962 590 5013 ϐεῖν
616 4959 742 5030 παρ’
769 4957 935 5013 αὐτοῦ
971 4957 1068 5012 καὶ
1097 4959 1196 5028 τὴν
1225 4959 1404 5029 ἀρχὴν
1443 4958 1771 5028 ίσχυρίςετο.
1823 4955 1932 5009 Τοῦ
1979 4956 2058 5021 δὲ,

473 5051 573 5105 καὶ
607 5053 672 5106 τά
709 5053 874 5124 ἕτερα
906 5051 1002 5105 δύο
1053 5049 1582 5122 προσαπαιτοῦντος,
1610 5051 1635 5102 6
1667 5049 1948 5119 Κυριακδς
1978 5048 2066 5112 ἔξ-

471 5160 638 5214 αρνος
674 5138 740 5215 ἦν
762 5159 776 5173 ⁸
807 5143 902 5198 καὶ
935 5145 1014 5206 είς
1037 5141 1369 5212 φιλονεικίαν
1397 5141 1578 5204 αὐτοῖς
1603 5138 1797 5211 ἐχώρει
1823 5140 1883 5194 τὸ
1921 5142 2064 5210 πρᾶ-

471 5251 595 5304 γμα
617 5277 630 5300 ,
668 5237 762 5288 καὶ
785 5234 952 5306 ἄμφω
996 5233 1242 5304 σφοδρῶς
1274 5231 1618 5296 ἐστασίαζον.

550 5327 717 5381 ΡΝΕ’.
761 5327 1048 5398 Διαιτηταὶ
1079 5325 1134 5378 δέ
1163 5343 1309 5389 τινες
1351 5325 1535 5389 αὐτοῖς
1609 5324 1763 5396 μέσοι
1813 5325 2062 5398 παραλη-

475 5421 725 5490 φθέντες,
751 5421 914 5491 ὅρκον
941 5419 1017 5491 τῷ
1052 5419 1361 5490 βουλομένῳ
1389 5419 1679 5484 ἐπέθεσαν,
1713 5417 1852 5471 ὥστε
1888 5418 2061 5491 ταύτῃ

471 5514 832 5569 διαλύσασθαι
861 5514 958 5586 τὴν
983 5514 1118 5584 ἔριν.
1174 5513 1280 5568 Τοῦ
1310 5513 1592 5584 Κυριακοῦ
1647 5515 1828 5567 τοίνυν
1861 5513 2058 5585 ὀμόσαι

2167 4605 2469 4650 extremam
2517 4594 2899 4648 necessitatem
2932 4591 3244 4647 festinabat.
3284 4591 3353 4645 At
3396 4605 3524 4646 vero
3556 4583 3752 4661 Cyria-

2167 4701 2282 4749 cus,
2319 4687 2437 4758 qtti,
2469 4686 2544 4740 ιιιὶ
2571 4685 2845 4755 apparuit,
2876 4683 2998 4738 mali
3023 4683 3187 4738 animi
3214 4693 3354 4749 erat,
3380 4691 3433 4738 ct
3454 4697 3556 4738 nec
3585 4697 3750 4753 parvo

2167 4777 2386 4847 quidem
2417 4778 2569 4832 lucro
2611 4775 2934 4846 praeferebat
2970 4775 3272 4840 veritatem,
3301 4784 3427 4830 octo
3454 4775 3598 4829 solas
3627 4775 3752 4828 red—

2167 4871 2324 4933 didit,
2359 4876 2545 4938 totque
2569 4885 2627 4923 se
2656 4869 2722 4922 ab
2749 4883 2812 4922 eo
2833 4867 3098 4938 principio
3124 4865 3401 4934 accepisse
3425 4862 3746 4918 aliivmabat.

2163 4961 2296 5018 Cum
2327 4962 2372 5016 is
2406 4977 2534 5015 vero
2561 4959 2698 5013 duas
2730 4958 2866 5012 alias
2901 4957 3078 5012 adhuc
3113 4967 3338 5026 peteret,
3371 4954 3634 5027 Cyriacus
3661 4955 3747 5008 in-

2167 5053 2491 5116 liciabatur;
2523 5060 2690 5119 atque
2719 5063 2805 5104 res
2833 5049 2914 5104 eis
2942 5030 3195 5102 tendebat
3231 5047 3295 5100 ad
3321 5046 3746 5107 contentionem,

2166 5156 2219 5203 et
2247 5151 2407 5202 ambo
2434 5145 2786 5198 vehementer
2819 5140 3252 5197 altercabantur.

2238 5325 2391 5382 CLV.
2466 5323 2697 5392 Quidam
2772 5336 2901 5377 vero
2968 5318 3158 5376 arbitri
3231 5320 3386 5374 inter
3436 5329 3532 5372 eos
3582 5315 3748 5371 medii

2165 5417 2396 5488 cacepti,
2425 5413 2808 5486 jusjurandum
2838 5413 3080 5468 detulere
3130 5413 3179 5468 ei
3232 5412 3322 5482 qui
3355 5409 3552 5478 vellet,
3591 5417 3652 5464 ut
3684 5423 3750 5464 ea

2167 5514 2377 5568 ratione
2417 5509 2840 5566 controversiam
2867 5507 3206 5565 dirimerent.
3241 5506 3424 5586 Itaque
3467 5502 3612 5574 quod
3648 5501 3750 5571 Cy-

1754 5629 1990 5687 VARLE
2028 5629 2436 5688 LECTIUNES.

552 5734 573 5762 ε
609 5725 679 5778 al.
710 5725 1080 5794 xacmrs’pou,
1159 5725 1182 5765 ά
1209 5727 1278 5784 al.
1309 5743 1422 5781 σου.

471 5795 501 5836 1³
535 5795 606 5851 ιιι.
637 5795 821 5866 Φαράν
852 5805 906 5850 et
933 5793 1137 5864 Φαρῶν.

1503 5737 1545 5797 ,ο
1577 5725 1647 5780 al.
1707 5727 2105 5796 περιεγένοντο.

2222 5726 2240 5764 τ
2273 5726 2342 5782 al.
2397 5725 2567 5782 inscr.
2636 5723 2859 5797 συνέϐη.
2959 5721 3082 5778 ‘al.
3143 5721 3330 5786 αὐτοῖς
3393 5716 3748 5789 ἀπαγγέλλει.
