  <div class='ocr_page' id='page_1' title='image "/cluster/home/n/w/nwhite01/storage/ocr_20150623/114:no.1/coo.31924054870187/371.png"; bbox 0 0 4116 6420; ppageno 0'>
   <div class='ocr_carea' id='block_1_1' title="bbox 419 337 530 405">
    <p class='ocr_par' dir='ltr' id='par_1_1' title="bbox 419 337 530 405">
     <span class='ocr_line' id='line_1_1' title="bbox 419 337 530 405; baseline 0.054 -7"><span class='ocrx_word' id='word_1_1' title='bbox 419 337 530 405; x_wconf 77' lang='grc' dir='ltr'><strong>’ἷ2Ἰ</strong></span> 
     </span>
    </p>
   </div>
   <div class='ocr_carea' id='block_1_2' title="bbox 1650 323 2439 392">
    <p class='ocr_par' dir='ltr' id='par_1_2' title="bbox 1650 323 2439 392">
     <span class='ocr_line' id='line_1_2' title="bbox 1650 323 2439 392; baseline -0.004 -2"><span class='ocrx_word' id='word_1_2' title='bbox 1650 328 1937 392; x_wconf 75' lang='lat' dir='ltr'><strong>MENSIS</strong></span> <span class='ocrx_word' id='word_1_3' title='bbox 1972 323 2304 388; x_wconf 72' lang='lat' dir='ltr'><strong>IANUARI</strong></span> <span class='ocrx_word' id='word_1_4' title='bbox 2321 329 2439 390; x_wconf 82' lang='lat' dir='ltr'><strong>US.</strong></span> 
     </span>
    </p>
   </div>
   <div class='ocr_carea' id='block_1_3' title="bbox 3583 320 3691 389">
    <p class='ocr_par' dir='ltr' id='par_1_3' title="bbox 3583 320 3691 389">
     <span class='ocr_line' id='line_1_3' title="bbox 3583 320 3691 389; baseline -0.037 0"><span class='ocrx_word' id='word_1_5' title='bbox 3583 320 3691 389; x_wconf 73' lang='grc'><strong>728</strong></span> 
     </span>
    </p>
   </div>
   <div class='ocr_carea' id='block_1_4' title="bbox 414 430 1996 523">
    <p class='ocr_par' dir='ltr' id='par_1_4' title="bbox 414 438 1981 523">
     <span class='ocr_line' id='line_1_4' title="bbox 414 438 1981 523; baseline -0.013 -13"><span class='ocrx_word' id='word_1_6' title='bbox 414 457 594 510; x_wconf 85' lang='lat' dir='ltr'><strong>riacus</strong></span> <span class='ocrx_word' id='word_1_7' title='bbox 612 450 800 523; x_wconf 85' lang='lat' dir='ltr'><strong>jurare</strong></span> <span class='ocrx_word' id='word_1_8' title='bbox 829 445 1129 510; x_wconf 81' lang='lat' dir='ltr'><strong>statuisset,</strong></span> <span class='ocrx_word' id='word_1_9' title='bbox 1154 456 1357 516; x_wconf 80' lang='lat' dir='ltr'><strong>pauper</strong></span> <span class='ocrx_word' id='word_1_10' title='bbox 1377 440 1447 497; x_wconf 90' lang='lat' dir='ltr'><strong>ab</strong></span> <span class='ocrx_word' id='word_1_11' title='bbox 1469 454 1536 497; x_wconf 92' lang='lat' dir='ltr'><strong>eo</strong></span> <span class='ocrx_word' id='word_1_12' title='bbox 1553 439 1802 510; x_wconf 74' lang='lat' dir='ltr'><strong>exigebat</strong></span> <span class='ocrx_word' id='word_1_13' title='bbox 1823 438 1981 510; x_wconf 82' lang='lat' dir='ltr'><strong>jura-</strong></span> 
     </span>
    </p>
   </div>
   <div class='ocr_carea' id='block_1_5' title="bbox 2101 430 3687 523">
    <p class='ocr_par' dir='ltr' id='par_1_5' title="bbox 2101 430 3687 506">
     <span class='ocr_line' id='line_1_5' title="bbox 2101 430 3687 506; baseline 0 -21"><span class='ocrx_word' id='word_1_14' title='bbox 2101 435 2496 506; x_wconf 74' lang='grc' dir='ltr'><strong>προῃρημένου,</strong></span> <span class='ocrx_word' id='word_1_15' title='bbox 2525 434 2554 486; x_wconf 87' lang='grc' dir='ltr'>ὁ</span> <span class='ocrx_word' id='word_1_16' title='bbox 2580 433 2748 503; x_wconf 65' lang='grc' dir='ltr'>πένης</span> <span class='ocrx_word' id='word_1_17' title='bbox 2775 430 2917 486; x_wconf 79' lang='grc' dir='ltr'>κατᾶ</span> <span class='ocrx_word' id='word_1_18' title='bbox 2942 432 3039 504; x_wconf 82' lang='grc' dir='ltr'>τῆς</span> <span class='ocrx_word' id='word_1_19' title='bbox 3075 430 3169 485; x_wconf 76' lang='grc' dir='ltr'><strong>τοῦ</strong></span> <span class='ocrx_word' id='word_1_20' title='bbox 3198 430 3456 502; x_wconf 77' lang='grc' dir='ltr'>λειψάνου</span> <span class='ocrx_word' id='word_1_21' title='bbox 3484 430 3687 505; x_wconf 81' lang='grc' dir='ltr'>θήκης,</span> 
     </span>
    </p>
   </div>
   <div class='ocr_carea' id='block_1_6' title="bbox 416 533 1998 616">
    <p class='ocr_par' dir='ltr' id='par_1_6' title="bbox 416 533 1998 616">
     <span class='ocr_line' id='line_1_6' title="bbox 416 533 1998 616; baseline -0.009 -15"><span class='ocrx_word' id='word_1_22' title='bbox 416 557 659 602; x_wconf 74' lang='lat' dir='ltr'><strong>mentum</strong></span> <span class='ocrx_word' id='word_1_23' title='bbox 712 559 810 616; x_wconf 88' lang='lat' dir='ltr'><strong>per</strong></span> <span class='ocrx_word' id='word_1_24' title='bbox 862 556 1081 612; x_wconf 71' lang='lat' dir='ltr'><strong>causam</strong></span> <span class='ocrx_word' id='word_1_25' title='bbox 1132 537 1514 609; x_wconf 83' lang='lat' dir='ltr'><strong>reliquiarum,</strong></span> <span class='ocrx_word' id='word_1_26' title='bbox 1569 533 1754 603; x_wconf 79' lang='lat' dir='ltr'><strong>magni</strong></span> <span class='ocrx_word' id='word_1_27' title='bbox 1802 546 1998 601; x_wconf 84' lang='lat' dir='ltr'><strong>nempe</strong></span> 
     </span>
    </p>
   </div>
   <div class='ocr_carea' id='block_1_7' title="bbox 415 622 1996 711">
    <p class='ocr_par' dir='ltr' id='par_1_7' title="bbox 415 622 1996 711">
     <span class='ocr_line' id='line_1_7' title="bbox 415 622 1996 711; baseline -0.015 -15"><span class='ocrx_word' id='word_1_28' title='bbox 415 637 714 711; x_wconf 81' lang='lat' dir='ltr'><strong>Euthymii.</strong></span> <span class='ocrx_word' id='word_1_29' title='bbox 755 634 986 703; x_wconf 81' lang='lat' dir='ltr'><strong>Jamque</strong></span> <span class='ocrx_word' id='word_1_30' title='bbox 1011 632 1091 686; x_wconf 87' lang='lat' dir='ltr'><strong>eis</strong></span> <span class='ocrx_word' id='word_1_31' title='bbox 1119 630 1298 685; x_wconf 84' lang='lat' dir='ltr'><strong>fuerat</strong></span> <span class='ocrx_word' id='word_1_32' title='bbox 1321 634 1472 684; x_wconf 84' lang='lat' dir='ltr'><strong>certa</strong></span> <span class='ocrx_word' id='word_1_33' title='bbox 1504 624 1622 681; x_wconf 87' lang='lat' dir='ltr'><strong>dies</strong></span> <span class='ocrx_word' id='word_1_34' title='bbox 1649 622 1996 695; x_wconf 81' lang='lat' dir='ltr'><strong>praestituta;</strong></span> 
     </span>
    </p>
   </div>
   <div class='ocr_carea' id='block_1_8' title="bbox 414 713 1995 805">
    <p class='ocr_par' dir='ltr' id='par_1_8' title="bbox 414 713 1995 805">
     <span class='ocr_line' id='line_1_8' title="bbox 414 713 1995 805; baseline -0.015 -15"><span class='ocrx_word' id='word_1_35' title='bbox 414 743 471 791; x_wconf 86' lang='lat' dir='ltr'><strong>et</strong></span> <span class='ocrx_word' id='word_1_36' title='bbox 500 747 598 805; x_wconf 89' lang='lat' dir='ltr'><strong>per</strong></span> <span class='ocrx_word' id='word_1_37' title='bbox 636 730 784 787; x_wconf 82' lang='lat' dir='ltr'><strong>illam</strong></span> <span class='ocrx_word' id='word_1_38' title='bbox 819 729 992 800; x_wconf 88' lang='lat' dir='ltr'><strong>ipsam</strong></span> <span class='ocrx_word' id='word_1_39' title='bbox 1019 725 1310 797; x_wconf 78' lang='lat' dir='ltr'><strong>iuraturus</strong></span> <span class='ocrx_word' id='word_1_40' title='bbox 1336 718 1625 792; x_wconf 69' lang='lat' dir='ltr'><strong>(Syriacus,</strong></span> <span class='ocrx_word' id='word_1_41' title='bbox 1651 716 1761 772; x_wconf 91' lang='lat' dir='ltr'><strong>imo</strong></span> <span class='ocrx_word' id='word_1_42' title='bbox 1782 713 1995 805; x_wconf 82' lang='lat' dir='ltr'><strong>pejera-</strong></span> 
     </span>
    </p>
   </div>
   <div class='ocr_carea' id='block_1_9' title="bbox 330 801 1992 891">
    <p class='ocr_par' dir='ltr' id='par_1_9' title="bbox 330 801 1992 891">
     <span class='ocr_line' id='line_1_9' title="bbox 330 801 1992 891; baseline -0.016 -11"><span class='ocrx_word' id='word_1_43' title='bbox 330 850 331 853; x_wconf 53' lang='grc' dir='ltr'><strong>η</strong></span> <span class='ocrx_word' id='word_1_44' title='bbox 415 801 592 891; x_wconf 78' lang='lat' dir='ltr'><strong>turus,</strong></span> <span class='ocrx_word' id='word_1_45' title='bbox 619 817 988 877; x_wconf 86' lang='lat' dir='ltr'><strong>descendebat</strong></span> <span class='ocrx_word' id='word_1_46' title='bbox 1031 828 1157 870; x_wconf 89' lang='lat' dir='ltr'><strong>cum</strong></span> <span class='ocrx_word' id='word_1_47' title='bbox 1197 822 1433 881; x_wconf 78' lang='lat' dir='ltr'><strong>paupere</strong></span> <span class='ocrx_word' id='word_1_48' title='bbox 1466 805 1532 861; x_wconf 88' lang='lat' dir='ltr'><strong>ad</strong></span> <span class='ocrx_word' id='word_1_49' title='bbox 1574 801 1992 859; x_wconf 68' lang='lat' dir='ltr'><strong>monasterium.</strong></span> 
     </span>
    </p>
   </div>
   <div class='ocr_carea' id='block_1_10' title="bbox 412 895 1996 980">
    <p class='ocr_par' dir='ltr' id='par_1_10' title="bbox 412 895 1996 980">
     <span class='ocr_line' id='line_1_10' title="bbox 412 895 1996 980; baseline -0.017 -9"><span class='ocrx_word' id='word_1_50' title='bbox 412 917 547 973; x_wconf 78' lang='lat' dir='ltr'><strong>Cum</strong></span> <span class='ocrx_word' id='word_1_51' title='bbox 567 923 748 969; x_wconf 85' lang='lat' dir='ltr'><strong>autem</strong></span> <span class='ocrx_word' id='word_1_52' title='bbox 784 908 1017 980; x_wconf 80' lang='lat' dir='ltr'><strong>pedibus</strong></span> <span class='ocrx_word' id='word_1_53' title='bbox 1057 903 1375 959; x_wconf 85' lang='lat' dir='ltr'><strong>incederent</strong></span> <span class='ocrx_word' id='word_1_54' title='bbox 1412 912 1509 970; x_wconf 85' lang='lat' dir='ltr'><strong>per</strong></span> <span class='ocrx_word' id='word_1_55' title='bbox 1542 911 1663 951; x_wconf 89' lang='lat' dir='ltr'><strong>eam</strong></span> <span class='ocrx_word' id='word_1_56' title='bbox 1695 895 1836 949; x_wconf 84' lang='lat' dir='ltr'><strong>viam</strong></span> <span class='ocrx_word' id='word_1_57' title='bbox 1873 904 1996 961; x_wconf 86' lang='lat' dir='ltr'><strong>quae</strong></span> 
     </span>
    </p>
   </div>
   <div class='ocr_carea' id='block_1_11' title="bbox 412 982 1996 1062">
    <p class='ocr_par' dir='ltr' id='par_1_11' title="bbox 412 982 1996 1062">
     <span class='ocr_line' id='line_1_11' title="bbox 412 982 1996 1062; baseline -0.018 0"><span class='ocrx_word' id='word_1_58' title='bbox 412 1010 480 1062; x_wconf 81' lang='lat' dir='ltr'><strong>ab</strong></span> <span class='ocrx_word' id='word_1_59' title='bbox 504 1002 845 1061; x_wconf 82' lang='lat' dir='ltr'><strong>Hierusalem</strong></span> <span class='ocrx_word' id='word_1_60' title='bbox 876 999 983 1055; x_wconf 89' lang='lat' dir='ltr'><strong>fert</strong></span> <span class='ocrx_word' id='word_1_61' title='bbox 1008 998 1062 1052; x_wconf 88' lang='lat' dir='ltr'><strong>in</strong></span> <span class='ocrx_word' id='word_1_62' title='bbox 1096 993 1338 1058; x_wconf 68' lang='lat' dir='ltr'><strong>ierit-ho,</strong></span> <span class='ocrx_word' id='word_1_63' title='bbox 1366 1001 1423 1046; x_wconf 90' lang='lat' dir='ltr'><strong>et</strong></span> <span class='ocrx_word' id='word_1_64' title='bbox 1451 991 1563 1060; x_wconf 89' lang='lat' dir='ltr'><strong>jam</strong></span> <span class='ocrx_word' id='word_1_65' title='bbox 1593 988 1663 1043; x_wconf 87' lang='lat' dir='ltr'><strong>ab</strong></span> <span class='ocrx_word' id='word_1_66' title='bbox 1685 986 1818 1057; x_wconf 91' lang='lat' dir='ltr'><strong>ipsis</strong></span> <span class='ocrx_word' id='word_1_67' title='bbox 1847 982 1996 1037; x_wconf 82' lang='lat' dir='ltr'><strong>vide-</strong></span> 
     </span>
    </p>
   </div>
   <div class='ocr_carea' id='block_1_12' title="bbox 414 1080 1995 1156">
    <p class='ocr_par' dir='ltr' id='par_1_12' title="bbox 414 1080 1995 1156">
     <span class='ocr_line' id='line_1_12' title="bbox 414 1080 1995 1156; baseline -0.015 -3"><span class='ocrx_word' id='word_1_68' title='bbox 414 1109 565 1154; x_wconf 82' lang='lat' dir='ltr'><strong>retur</strong></span> <span class='ocrx_word' id='word_1_69' title='bbox 600 1093 1018 1156; x_wconf 83' lang='lat' dir='ltr'><strong>monasterium,</strong></span> <span class='ocrx_word' id='word_1_70' title='bbox 1058 1102 1294 1144; x_wconf 83' lang='lat' dir='ltr'><strong>cernens</strong></span> <span class='ocrx_word' id='word_1_71' title='bbox 1337 1098 1542 1154; x_wconf 87' lang='lat' dir='ltr'><strong>pauper</strong></span> <span class='ocrx_word' id='word_1_72' title='bbox 1586 1080 1875 1152; x_wconf 86' lang='lat' dir='ltr'><strong>Cyriacum</strong></span> <span class='ocrx_word' id='word_1_73' title='bbox 1910 1085 1995 1130; x_wconf 87' lang='lat' dir='ltr'><strong>to-</strong></span> 
     </span>
    </p>
   </div>
   <div class='ocr_carea' id='block_1_13' title="bbox 411 1169 1992 1260">
    <p class='ocr_par' dir='ltr' id='par_1_13' title="bbox 411 1169 1992 1260">
     <span class='ocr_line' id='line_1_13' title="bbox 411 1169 1992 1260; baseline -0.017 -15"><span class='ocrx_word' id='word_1_74' title='bbox 411 1203 522 1247; x_wconf 87' lang='lat' dir='ltr'><strong>tum</strong></span> <span class='ocrx_word' id='word_1_75' title='bbox 554 1188 798 1260; x_wconf 89' lang='lat' dir='ltr'><strong>perjurio</strong></span> <span class='ocrx_word' id='word_1_76' title='bbox 843 1184 1113 1246; x_wconf 84' lang='lat' dir='ltr'><strong>deditum,</strong></span> <span class='ocrx_word' id='word_1_77' title='bbox 1156 1189 1213 1234; x_wconf 92' lang='lat' dir='ltr'><strong>et</strong></span> <span class='ocrx_word' id='word_1_78' title='bbox 1250 1178 1397 1232; x_wconf 91' lang='lat' dir='ltr'><strong>velut</strong></span> <span class='ocrx_word' id='word_1_79' title='bbox 1436 1177 1489 1228; x_wconf 90' lang='lat' dir='ltr'><strong>in</strong></span> <span class='ocrx_word' id='word_1_80' title='bbox 1536 1186 1757 1229; x_wconf 88' lang='lat' dir='ltr'><strong>summa</strong></span> <span class='ocrx_word' id='word_1_81' title='bbox 1811 1169 1992 1239; x_wconf 77' lang='lat' dir='ltr'><strong>lingua</strong></span> 
     </span>
    </p>
   </div>
   <div class='ocr_carea' id='block_1_14' title="bbox 414 1260 1995 1348">
    <p class='ocr_par' dir='ltr' id='par_1_14' title="bbox 414 1260 1995 1348">
     <span class='ocr_line' id='line_1_14' title="bbox 414 1260 1995 1348; baseline -0.016 -11"><span class='ocrx_word' id='word_1_82' title='bbox 414 1284 706 1336; x_wconf 81' lang='lat' dir='ltr'><strong>habentem</strong></span> <span class='ocrx_word' id='word_1_83' title='bbox 731 1274 1139 1348; x_wconf 82' lang='lat' dir='ltr'><strong>jusjurandum,</strong></span> <span class='ocrx_word' id='word_1_84' title='bbox 1170 1270 1365 1323; x_wconf 87' lang='lat' dir='ltr'><strong>timore</strong></span> <span class='ocrx_word' id='word_1_85' title='bbox 1396 1265 1646 1327; x_wconf 74' lang='lat' dir='ltr'><strong>allectus,</strong></span> <span class='ocrx_word' id='word_1_86' title='bbox 1675 1260 1900 1332; x_wconf 87' lang='lat' dir='ltr'><strong>perinde</strong></span> <span class='ocrx_word' id='word_1_87' title='bbox 1930 1272 1995 1312; x_wconf 82' lang='lat' dir='ltr'><strong>ac</strong></span> 
     </span>
    </p>
   </div>
   <div class='ocr_carea' id='block_1_15' title="bbox 409 1349 1993 1443">
    <p class='ocr_par' dir='ltr' id='par_1_15' title="bbox 409 1349 1993 1443">
     <span class='ocr_line' id='line_1_15' title="bbox 409 1349 1993 1443; baseline -0.016 -14"><span class='ocrx_word' id='word_1_88' title='bbox 409 1377 457 1429; x_wconf 83' lang='lat' dir='ltr'><strong>si</strong></span> <span class='ocrx_word' id='word_1_89' title='bbox 488 1374 600 1443; x_wconf 89' lang='lat' dir='ltr'><strong>ipse</strong></span> <span class='ocrx_word' id='word_1_90' title='bbox 627 1370 912 1439; x_wconf 70' lang='lat' dir='ltr'><strong>iuraturus</strong></span> <span class='ocrx_word' id='word_1_91' title='bbox 944 1364 1158 1427; x_wconf 88' lang='lat' dir='ltr'><strong>fuisset,</strong></span> <span class='ocrx_word' id='word_1_92' title='bbox 1201 1367 1297 1412; x_wconf 92' lang='lat' dir='ltr'><strong>aut</strong></span> <span class='ocrx_word' id='word_1_93' title='bbox 1327 1357 1669 1428; x_wconf 83' lang='lat' dir='ltr'><strong>pejeraturus</strong></span> <span class='ocrx_word' id='word_1_94' title='bbox 1694 1372 1708 1407; x_wconf 82' lang='grc' dir='ltr'><strong>ι</strong></span> <span class='ocrx_word' id='word_1_95' title='bbox 1737 1351 1872 1420; x_wconf 74' lang='lat' dir='ltr'><strong>Age,</strong></span> <span class='ocrx_word' id='word_1_96' title='bbox 1906 1349 1993 1405; x_wconf 88' lang='lat' dir='ltr'><strong>iu-</strong></span> 
     </span>
    </p>
   </div>
   <div class='ocr_carea' id='block_1_16' title="bbox 364 1442 1993 1537">
    <p class='ocr_par' dir='ltr' id='par_1_16' title="bbox 364 1442 1993 1537">
     <span class='ocr_line' id='line_1_16' title="bbox 364 1442 1993 1537; baseline -0.014 -18"><span class='ocrx_word' id='word_1_97' title='bbox 364 1485 376 1537; x_wconf 57' lang='lat'><strong>;</strong></span> <span class='ocrx_word' id='word_1_98' title='bbox 409 1442 548 1534; x_wconf 80' lang='lat' dir='ltr'><strong>quit,</strong></span> <span class='ocrx_word' id='word_1_99' title='bbox 580 1465 774 1530; x_wconf 73' lang='lat' dir='ltr'><strong>frater,</strong></span> <span class='ocrx_word' id='word_1_100' title='bbox 803 1466 1161 1515; x_wconf 74' lang='lat' dir='ltr'><strong>revertamur.</strong></span> <span class='ocrx_word' id='word_1_101' title='bbox 1194 1449 1415 1507; x_wconf 86' lang='lat' dir='ltr'><strong>Sufﬁcit</strong></span> <span class='ocrx_word' id='word_1_102' title='bbox 1441 1448 1589 1503; x_wconf 89' lang='lat' dir='ltr'><strong>enim</strong></span> <span class='ocrx_word' id='word_1_103' title='bbox 1624 1447 1693 1501; x_wconf 87' lang='lat' dir='ltr'><strong>ad</strong></span> <span class='ocrx_word' id='word_1_104' title='bbox 1720 1445 1882 1500; x_wconf 79' lang='lat' dir='ltr'><strong>ﬁdem</strong></span> <span class='ocrx_word' id='word_1_105' title='bbox 1905 1442 1993 1497; x_wconf 83' lang='lat' dir='ltr'><strong>vel</strong></span> 
     </span>
    </p>
   </div>
   <div class='ocr_carea' id='block_1_17' title="bbox 409 1537 1995 1621">
    <p class='ocr_par' dir='ltr' id='par_1_17' title="bbox 409 1537 1995 1621">
     <span class='ocr_line' id='line_1_17' title="bbox 409 1537 1995 1621; baseline -0.013 -13"><span class='ocrx_word' id='word_1_106' title='bbox 409 1555 524 1610; x_wconf 66' lang='lat' dir='ltr'><strong>sola</strong></span> <span class='ocrx_word' id='word_1_107' title='bbox 553 1553 620 1608; x_wconf 90' lang='lat' dir='ltr'><strong>ad</strong></span> <span class='ocrx_word' id='word_1_108' title='bbox 651 1552 1023 1621; x_wconf 89' lang='lat' dir='ltr'><strong>jurameutum</strong></span> <span class='ocrx_word' id='word_1_109' title='bbox 1063 1540 1377 1614; x_wconf 88' lang='lat' dir='ltr'><strong>propensio,</strong></span> <span class='ocrx_word' id='word_1_110' title='bbox 1403 1553 1504 1593; x_wconf 88' lang='lat' dir='ltr'><strong>nec</strong></span> <span class='ocrx_word' id='word_1_111' title='bbox 1544 1537 1842 1607; x_wconf 87' lang='lat' dir='ltr'><strong>quidquam</strong></span> <span class='ocrx_word' id='word_1_112' title='bbox 1877 1549 1995 1589; x_wconf 85' lang='lat' dir='ltr'><strong>am-</strong></span> 
     </span>
    </p>
   </div>
   <div class='ocr_carea' id='block_1_18' title="bbox 409 1628 1992 1716">
    <p class='ocr_par' dir='ltr' id='par_1_18' title="bbox 409 1628 1992 1716">
     <span class='ocr_line' id='line_1_18' title="bbox 409 1628 1992 1716; baseline -0.012 -18"><span class='ocrx_word' id='word_1_113' title='bbox 409 1648 551 1716; x_wconf 73' lang='lat' dir='ltr'><strong>plius</strong></span> <span class='ocrx_word' id='word_1_114' title='bbox 582 1650 799 1715; x_wconf 89' lang='lat' dir='ltr'><strong>oportet</strong></span> <span class='ocrx_word' id='word_1_115' title='bbox 826 1637 1089 1709; x_wconf 81' lang='lat' dir='ltr'><strong>adjicere.</strong></span> <span class='ocrx_word' id='word_1_116' title='bbox 1125 1631 1227 1687; x_wconf 83' lang='lat' dir='ltr'><strong>His</strong></span> <span class='ocrx_word' id='word_1_117' title='bbox 1263 1630 1352 1686; x_wconf 90' lang='lat' dir='ltr'><strong>ille</strong></span> <span class='ocrx_word' id='word_1_118' title='bbox 1382 1629 1567 1695; x_wconf 90' lang='lat' dir='ltr'><strong>dictis,</strong></span> <span class='ocrx_word' id='word_1_119' title='bbox 1610 1628 1835 1696; x_wconf 70' lang='lat' dir='ltr'><strong>rogabat</strong></span> <span class='ocrx_word' id='word_1_120' title='bbox 1867 1640 1992 1680; x_wconf 86' lang='lat' dir='ltr'><strong>eum</strong></span> 
     </span>
    </p>
   </div>
   <div class='ocr_carea' id='block_1_19' title="bbox 409 1719 1990 1806">
    <p class='ocr_par' dir='ltr' id='par_1_19' title="bbox 409 1719 1990 1806">
     <span class='ocr_line' id='line_1_19' title="bbox 409 1719 1990 1806; baseline -0.013 -14"><span class='ocrx_word' id='word_1_121' title='bbox 409 1754 476 1794; x_wconf 87' lang='lat' dir='ltr'><strong>ne</strong></span> <span class='ocrx_word' id='word_1_122' title='bbox 503 1737 738 1806; x_wconf 89' lang='lat' dir='ltr'><strong>juraret.</strong></span> <span class='ocrx_word' id='word_1_123' title='bbox 764 1731 969 1790; x_wconf 81' lang='lat' dir='ltr'><strong>Contra</strong></span> <span class='ocrx_word' id='word_1_124' title='bbox 991 1729 1037 1784; x_wconf 89' lang='lat' dir='ltr'><strong>is</strong></span> <span class='ocrx_word' id='word_1_125' title='bbox 1062 1742 1168 1783; x_wconf 90' lang='lat' dir='ltr'><strong>non</strong></span> <span class='ocrx_word' id='word_1_126' title='bbox 1197 1723 1544 1789; x_wconf 85' lang='lat' dir='ltr'><strong>sustinebat;</strong></span> <span class='ocrx_word' id='word_1_127' title='bbox 1578 1721 1672 1777; x_wconf 88' lang='lat' dir='ltr'><strong>sed</strong></span> <span class='ocrx_word' id='word_1_128' title='bbox 1698 1720 1799 1775; x_wconf 86' lang='lat' dir='ltr'><strong>nisi</strong></span> <span class='ocrx_word' id='word_1_129' title='bbox 1825 1719 1990 1774; x_wconf 90' lang='lat' dir='ltr'><strong>etiam</strong></span> 
     </span>
    </p>
   </div>
   <div class='ocr_carea' id='block_1_20' title="bbox 407 1810 1989 1898">
    <p class='ocr_par' dir='ltr' id='par_1_20' title="bbox 407 1810 1989 1898">
     <span class='ocr_line' id='line_1_20' title="bbox 407 1810 1989 1898; baseline -0.014 -13"><span class='ocrx_word' id='word_1_130' title='bbox 407 1829 709 1898; x_wconf 84' lang='lat' dir='ltr'><strong>perjurium</strong></span> <span class='ocrx_word' id='word_1_131' title='bbox 763 1840 822 1881; x_wconf 90' lang='lat' dir='ltr'><strong>re</strong></span> <span class='ocrx_word' id='word_1_132' title='bbox 863 1824 981 1893; x_wconf 88' lang='lat' dir='ltr'><strong>ipsa</strong></span> <span class='ocrx_word' id='word_1_133' title='bbox 1020 1817 1332 1889; x_wconf 84' lang='lat' dir='ltr'><strong>perliceret,</strong></span> <span class='ocrx_word' id='word_1_134' title='bbox 1370 1828 1431 1870; x_wconf 93' lang='lat' dir='ltr'><strong>se</strong></span> <span class='ocrx_word' id='word_1_135' title='bbox 1464 1812 1637 1882; x_wconf 76' lang='lat' dir='ltr'><strong>magis</strong></span> <span class='ocrx_word' id='word_1_136' title='bbox 1677 1810 1831 1881; x_wconf 86' lang='lat' dir='ltr'><strong>quasi</strong></span> <span class='ocrx_word' id='word_1_137' title='bbox 1874 1824 1989 1865; x_wconf 89' lang='lat' dir='ltr'><strong>rem</strong></span> 
     </span>
    </p>
   </div>
   <div class='ocr_carea' id='block_1_21' title="bbox 407 1904 1992 1982">
    <p class='ocr_par' dir='ltr' id='par_1_21' title="bbox 407 1904 1992 1982">
     <span class='ocr_line' id='line_1_21' title="bbox 407 1904 1992 1982; baseline -0.013 -8"><span class='ocrx_word' id='word_1_138' title='bbox 407 1920 699 1977; x_wconf 83' lang='lat' dir='ltr'><strong>absurdam</strong></span> <span class='ocrx_word' id='word_1_139' title='bbox 729 1914 916 1971; x_wconf 88' lang='lat' dir='ltr'><strong>facere</strong></span> <span class='ocrx_word' id='word_1_140' title='bbox 947 1909 1199 1982; x_wconf 85' lang='lat' dir='ltr'><strong>putabat.</strong></span> <span class='ocrx_word' id='word_1_141' title='bbox 1224 1905 1523 1976; x_wconf 83' lang='lat' dir='ltr'><strong>Postquam</strong></span> <span class='ocrx_word' id='word_1_142' title='bbox 1556 1918 1689 1973; x_wconf 78' lang='lat' dir='ltr'><strong>ergo</strong></span> <span class='ocrx_word' id='word_1_143' title='bbox 1710 1904 1992 1972; x_wconf 81' lang='lat' dir='ltr'><strong>ingressus</strong></span> 
     </span>
    </p>
   </div>
   <div class='ocr_carea' id='block_1_22' title="bbox 408 1992 1994 2073">
    <p class='ocr_par' dir='ltr' id='par_1_22' title="bbox 408 1992 1994 2073">
     <span class='ocr_line' id='line_1_22' title="bbox 408 1992 1994 2073; baseline -0.015 -6"><span class='ocrx_word' id='word_1_144' title='bbox 408 2021 493 2068; x_wconf 86' lang='lat' dir='ltr'><strong>est</strong></span> <span class='ocrx_word' id='word_1_145' title='bbox 518 2005 941 2071; x_wconf 85' lang='lat' dir='ltr'><strong>monasterium,</strong></span> <span class='ocrx_word' id='word_1_146' title='bbox 964 2012 1241 2073; x_wconf 77' lang='lat' dir='ltr'><strong>gravnque</strong></span> <span class='ocrx_word' id='word_1_147' title='bbox 1265 1997 1397 2052; x_wconf 90' lang='lat' dir='ltr'><strong>illud</strong></span> <span class='ocrx_word' id='word_1_148' title='bbox 1432 1995 1701 2051; x_wconf 87' lang='lat' dir='ltr'><strong>adversus</strong></span> <span class='ocrx_word' id='word_1_149' title='bbox 1729 1992 1994 2064; x_wconf 88' lang='lat' dir='ltr'><strong>reliquia-</strong></span> 
     </span>
    </p>
   </div>
   <div class='ocr_carea' id='block_1_23' title="bbox 411 2082 1993 2167">
    <p class='ocr_par' dir='ltr' id='par_1_23' title="bbox 411 2082 1993 2167">
     <span class='ocr_line' id='line_1_23' title="bbox 411 2082 1993 2167; baseline -0.011 -12"><span class='ocrx_word' id='word_1_150' title='bbox 411 2118 530 2158; x_wconf 86' lang='lat' dir='ltr'><strong>rum</strong></span> <span class='ocrx_word' id='word_1_151' title='bbox 571 2101 786 2156; x_wconf 86' lang='lat' dir='ltr'><strong>thecam</strong></span> <span class='ocrx_word' id='word_1_152' title='bbox 821 2094 1176 2167; x_wconf 87' lang='lat' dir='ltr'><strong>perpetravit,</strong></span> <span class='ocrx_word' id='word_1_153' title='bbox 1210 2103 1267 2149; x_wconf 91' lang='lat' dir='ltr'><strong>et</strong></span> <span class='ocrx_word' id='word_1_154' title='bbox 1300 2088 1596 2162; x_wconf 90' lang='lat' dir='ltr'><strong>perjurium</strong></span> <span class='ocrx_word' id='word_1_155' title='bbox 1627 2084 1885 2156; x_wconf 79' lang='lat' dir='ltr'><strong>perduxit</strong></span> <span class='ocrx_word' id='word_1_156' title='bbox 1924 2082 1993 2138; x_wconf 87' lang='lat' dir='ltr'><strong>ad</strong></span> 
     </span>
    </p>
   </div>
   <div class='ocr_carea' id='block_1_24' title="bbox 409 2176 1992 2258">
    <p class='ocr_par' dir='ltr' id='par_1_24' title="bbox 409 2176 1992 2258">
     <span class='ocr_line' id='line_1_24' title="bbox 409 2176 1992 2258; baseline -0.014 -9"><span class='ocrx_word' id='word_1_157' title='bbox 409 2196 570 2249; x_wconf 82' lang='lat' dir='ltr'><strong>ﬁnem</strong></span> <span class='ocrx_word' id='word_1_158' title='bbox 610 2210 625 2246; x_wconf 91' lang='lat'><strong>:</strong></span> <span class='ocrx_word' id='word_1_159' title='bbox 658 2188 926 2258; x_wconf 70' lang='lat' dir='ltr'><strong>[nsipiens</strong></span> <span class='ocrx_word' id='word_1_160' title='bbox 965 2185 1077 2250; x_wconf 90' lang='lat' dir='ltr'><strong>ille,</strong></span> <span class='ocrx_word' id='word_1_161' title='bbox 1122 2190 1180 2239; x_wconf 91' lang='lat' dir='ltr'><strong>ut</strong></span> <span class='ocrx_word' id='word_1_162' title='bbox 1209 2197 1338 2238; x_wconf 82' lang='lat' dir='ltr'><strong>vere</strong></span> <span class='ocrx_word' id='word_1_163' title='bbox 1372 2188 1512 2244; x_wconf 87' lang='lat' dir='ltr'><strong>erat,</strong></span> <span class='ocrx_word' id='word_1_164' title='bbox 1547 2177 1683 2231; x_wconf 78' lang='lat' dir='ltr'><strong>dixit</strong></span> <span class='ocrx_word' id='word_1_165' title='bbox 1719 2178 1775 2230; x_wconf 88' lang='lat' dir='ltr'><strong>in</strong></span> <span class='ocrx_word' id='word_1_166' title='bbox 1798 2176 1992 2230; x_wconf 78' lang='lat' dir='ltr'><strong>corde:</strong></span> 
     </span>
    </p>
   </div>
   <div class='ocr_carea' id='block_1_25' title="bbox 412 2267 1997 2347">
    <p class='ocr_par' dir='ltr' id='par_1_25' title="bbox 412 2267 1997 2347">
     <span class='ocr_line' id='line_1_25' title="bbox 412 2267 1997 2347; baseline -0.012 -7"><span class='ocrx_word' id='word_1_167' title='bbox 412 2285 540 2339; x_wconf 79' lang='lat' dir='ltr'><strong>Non</strong></span> <span class='ocrx_word' id='word_1_168' title='bbox 571 2290 650 2337; x_wconf 74' lang='lat' dir='ltr'><strong>est</strong></span> <span class='ocrx_word' id='word_1_169' title='bbox 690 2279 831 2334; x_wconf 69' lang='lat' dir='ltr'><strong>Deus</strong></span> <span class='ocrx_word' id='word_1_170' title='bbox 859 2278 950 2345; x_wconf 63' lang='grc' dir='ltr'><strong>ιτς</strong></span> <span class='ocrx_word' id='word_1_171' title='bbox 978 2291 1075 2332; x_wconf 83' lang='lat' dir='ltr'><strong>seu</strong></span> <span class='ocrx_word' id='word_1_172' title='bbox 1117 2274 1298 2347; x_wconf 86' lang='lat' dir='ltr'><strong>potius</strong></span> <span class='ocrx_word' id='word_1_173' title='bbox 1334 2272 1452 2343; x_wconf 89' lang='lat' dir='ltr'><strong>ipse</strong></span> <span class='ocrx_word' id='word_1_174' title='bbox 1479 2270 1574 2327; x_wconf 90' lang='lat' dir='ltr'><strong>Dei</strong></span> <span class='ocrx_word' id='word_1_175' title='bbox 1605 2268 1807 2326; x_wconf 86' lang='lat' dir='ltr'><strong>oblitus</strong></span> <span class='ocrx_word' id='word_1_176' title='bbox 1827 2307 1846 2336; x_wconf 90' lang='lat'><strong>,</strong></span> <span class='ocrx_word' id='word_1_177' title='bbox 1881 2267 1997 2323; x_wconf 79' lang='lat' dir='ltr'><strong>exi-</strong></span> 
     </span>
    </p>
   </div>
   <div class='ocr_carea' id='block_1_26' title="bbox 409 2363 1535 2435">
    <p class='ocr_par' dir='ltr' id='par_1_26' title="bbox 409 2363 1535 2435">
     <span class='ocr_line' id='line_1_26' title="bbox 409 2363 1535 2435; baseline -0.013 -4"><span class='ocrx_word' id='word_1_178' title='bbox 409 2372 671 2431; x_wconf 85' lang='lat' dir='ltr'><strong>stimabat</strong></span> <span class='ocrx_word' id='word_1_179' title='bbox 701 2370 820 2426; x_wconf 81' lang='lat' dir='ltr'><strong>fore</strong></span> <span class='ocrx_word' id='word_1_180' title='bbox 839 2378 899 2423; x_wconf 92' lang='lat' dir='ltr'><strong>ut</strong></span> <span class='ocrx_word' id='word_1_181' title='bbox 929 2382 1052 2422; x_wconf 88' lang='lat' dir='ltr'><strong>eum</strong></span> <span class='ocrx_word' id='word_1_182' title='bbox 1081 2379 1297 2435; x_wconf 81' lang='lat' dir='ltr'><strong>quoque</strong></span> <span class='ocrx_word' id='word_1_183' title='bbox 1316 2363 1535 2419; x_wconf 85' lang='lat' dir='ltr'><strong>lateret.</strong></span> 
     </span>
    </p>
   </div>
   <div class='ocr_carea' id='block_1_27' title="bbox 484 2456 1996 2527">
    <p class='ocr_par' dir='ltr' id='par_1_27' title="bbox 484 2456 1996 2527">
     <span class='ocr_line' id='line_1_27' title="bbox 484 2456 1996 2527; baseline -0.009 -8"><span class='ocrx_word' id='word_1_184' title='bbox 484 2460 670 2520; x_wconf 81' lang='lat' dir='ltr'><strong>CLVI.</strong></span> <span class='ocrx_word' id='word_1_185' title='bbox 696 2459 766 2515; x_wconf 83' lang='lat' dir='ltr'><strong>Et</strong></span> <span class='ocrx_word' id='word_1_186' title='bbox 794 2458 1014 2514; x_wconf 89' lang='lat' dir='ltr'><strong>domum</strong></span> <span class='ocrx_word' id='word_1_187' title='bbox 1051 2456 1270 2527; x_wconf 90' lang='lat' dir='ltr'><strong>quidem</strong></span> <span class='ocrx_word' id='word_1_188' title='bbox 1299 2465 1428 2510; x_wconf 87' lang='lat' dir='ltr'><strong>tunc</strong></span> <span class='ocrx_word' id='word_1_189' title='bbox 1455 2461 1541 2508; x_wconf 88' lang='lat' dir='ltr'><strong>est</strong></span> <span class='ocrx_word' id='word_1_190' title='bbox 1570 2466 1843 2517; x_wconf 80' lang='lat' dir='ltr'><strong>reversus,</strong></span> <span class='ocrx_word' id='word_1_191' title='bbox 1872 2459 1996 2507; x_wconf 89' lang='lat' dir='ltr'><strong>tan-</strong></span> 
     </span>
    </p>
   </div>
   <div class='ocr_carea' id='block_1_28' title="bbox 410 2544 1996 2624">
    <p class='ocr_par' dir='ltr' id='par_1_28' title="bbox 410 2544 1996 2624">
     <span class='ocr_line' id='line_1_28' title="bbox 410 2544 1996 2624; baseline -0.008 -14"><span class='ocrx_word' id='word_1_192' title='bbox 410 2569 573 2624; x_wconf 87' lang='lat' dir='ltr'><strong>quam</strong></span> <span class='ocrx_word' id='word_1_193' title='bbox 598 2549 883 2610; x_wconf 89' lang='lat' dir='ltr'><strong>commoda</strong></span> <span class='ocrx_word' id='word_1_194' title='bbox 913 2548 1156 2613; x_wconf 83' lang='lat' dir='ltr'><strong>fortuna,</strong></span> <span class='ocrx_word' id='word_1_195' title='bbox 1189 2547 1341 2601; x_wconf 90' lang='lat' dir='ltr'><strong>lucro</strong></span> <span class='ocrx_word' id='word_1_196' title='bbox 1372 2560 1469 2617; x_wconf 89' lang='lat' dir='ltr'><strong>per</strong></span> <span class='ocrx_word' id='word_1_197' title='bbox 1494 2544 1793 2615; x_wconf 86' lang='lat' dir='ltr'><strong>perjurium</strong></span> <span class='ocrx_word' id='word_1_198' title='bbox 1829 2545 1996 2606; x_wconf 84' lang='lat' dir='ltr'><strong>facto,</strong></span> 
     </span>
    </p>
   </div>
   <div class='ocr_carea' id='block_1_29' title="bbox 409 2635 1999 2708">
    <p class='ocr_par' dir='ltr' id='par_1_29' title="bbox 409 2635 1999 2708">
     <span class='ocr_line' id='line_1_29' title="bbox 409 2635 1999 2708; baseline -0.008 -5"><span class='ocrx_word' id='word_1_199' title='bbox 409 2648 576 2703; x_wconf 78' lang='lat' dir='ltr'><strong>stulte</strong></span> <span class='ocrx_word' id='word_1_200' title='bbox 608 2644 786 2700; x_wconf 59' lang='lat' dir='ltr'><strong>laetus.</strong></span> <span class='ocrx_word' id='word_1_201' title='bbox 819 2640 1093 2698; x_wconf 81' lang='lat' dir='ltr'><strong>Postridie</strong></span> <span class='ocrx_word' id='word_1_202' title='bbox 1121 2649 1300 2693; x_wconf 88' lang='lat' dir='ltr'><strong>autem</strong></span> <span class='ocrx_word' id='word_1_203' title='bbox 1335 2636 1452 2708; x_wconf 88' lang='lat' dir='ltr'><strong>ipse</strong></span> <span class='ocrx_word' id='word_1_204' title='bbox 1482 2636 1705 2707; x_wconf 80' lang='lat' dir='ltr'><strong>quidem</strong></span> <span class='ocrx_word' id='word_1_205' title='bbox 1758 2636 1811 2690; x_wconf 88' lang='lat' dir='ltr'><strong>in</strong></span> <span class='ocrx_word' id='word_1_206' title='bbox 1857 2635 1999 2691; x_wconf 84' lang='lat' dir='ltr'><strong>lecto</strong></span> 
     </span>
    </p>
   </div>
   <div class='ocr_carea' id='block_1_30' title="bbox 403 2726 1998 2804">
    <p class='ocr_par' dir='ltr' id='par_1_30' title="bbox 403 2726 1998 2804">
     <span class='ocr_line' id='line_1_30' title="bbox 403 2726 1998 2804; baseline -0.006 -14"><span class='ocrx_word' id='word_1_207' title='bbox 403 2734 626 2804; x_wconf 67' lang='lat' dir='ltr'><strong>iacebat</strong></span> <span class='ocrx_word' id='word_1_208' title='bbox 652 2732 765 2803; x_wconf 88' lang='lat' dir='ltr'><strong>jam</strong></span> <span class='ocrx_word' id='word_1_209' title='bbox 792 2730 1023 2802; x_wconf 76' lang='lat' dir='ltr'><strong>vigilans</strong></span> <span class='ocrx_word' id='word_1_210' title='bbox 1054 2728 1200 2783; x_wconf 89' lang='lat' dir='ltr'><strong>circa</strong></span> <span class='ocrx_word' id='word_1_211' title='bbox 1231 2727 1462 2783; x_wconf 88' lang='lat' dir='ltr'><strong>mediam</strong></span> <span class='ocrx_word' id='word_1_212' title='bbox 1500 2735 1713 2782; x_wconf 81' lang='lat' dir='ltr'><strong>noctem</strong></span> <span class='ocrx_word' id='word_1_213' title='bbox 1749 2745 1763 2781; x_wconf 92' lang='lat'>:</span> <span class='ocrx_word' id='word_1_214' title='bbox 1790 2726 1839 2781; x_wconf 89' lang='lat' dir='ltr'><strong>ei</strong></span> <span class='ocrx_word' id='word_1_215' title='bbox 1871 2739 1998 2781; x_wconf 85' lang='lat' dir='ltr'><strong>vero</strong></span> 
     </span>
    </p>
   </div>
   <div class='ocr_carea' id='block_1_31' title="bbox 410 2818 1998 2891">
    <p class='ocr_par' dir='ltr' id='par_1_31' title="bbox 410 2818 1998 2891">
     <span class='ocr_line' id='line_1_31' title="bbox 410 2818 1998 2891; baseline -0.003 -12"><span class='ocrx_word' id='word_1_216' title='bbox 410 2826 706 2881; x_wconf 73' lang='lat' dir='ltr'><strong>videbatur</strong></span> <span class='ocrx_word' id='word_1_217' title='bbox 738 2864 754 2889; x_wconf 93' lang='lat'><strong>,</strong></span> <span class='ocrx_word' id='word_1_218' title='bbox 806 2823 951 2880; x_wconf 88' lang='lat' dir='ltr'><strong>ostio</strong></span> <span class='ocrx_word' id='word_1_219' title='bbox 996 2822 1192 2877; x_wconf 89' lang='lat' dir='ltr'><strong>domus</strong></span> <span class='ocrx_word' id='word_1_220' title='bbox 1236 2831 1431 2891; x_wconf 89' lang='lat' dir='ltr'><strong>sponte</strong></span> <span class='ocrx_word' id='word_1_221' title='bbox 1480 2826 1694 2889; x_wconf 90' lang='lat' dir='ltr'><strong>aperto,</strong></span> <span class='ocrx_word' id='word_1_222' title='bbox 1735 2818 1998 2874; x_wconf 83' lang='lat' dir='ltr'><strong>accedere</strong></span> 
     </span>
    </p>
   </div>
   <div class='ocr_carea' id='block_1_32' title="bbox 409 2910 1996 2987">
    <p class='ocr_par' dir='ltr' id='par_1_32' title="bbox 409 2910 1996 2987">
     <span class='ocr_line' id='line_1_32' title="bbox 409 2910 1996 2987; baseline -0.004 -14"><span class='ocrx_word' id='word_1_223' title='bbox 409 2933 575 2974; x_wconf 82' lang='lat' dir='ltr'><strong>senex</strong></span> <span class='ocrx_word' id='word_1_224' title='bbox 609 2916 845 2987; x_wconf 90' lang='lat' dir='ltr'><strong>quidam</strong></span> <span class='ocrx_word' id='word_1_225' title='bbox 888 2913 1189 2970; x_wconf 87' lang='lat' dir='ltr'><strong>monachus</strong></span> <span class='ocrx_word' id='word_1_226' title='bbox 1229 2926 1353 2969; x_wconf 92' lang='lat' dir='ltr'><strong>cum</strong></span> <span class='ocrx_word' id='word_1_227' title='bbox 1393 2911 1632 2985; x_wconf 88' lang='lat' dir='ltr'><strong>quinque</strong></span> <span class='ocrx_word' id='word_1_228' title='bbox 1664 2910 1996 2980; x_wconf 86' lang='lat' dir='ltr'><strong>junioribus,</strong></span> 
     </span>
    </p>
   </div>
   <div class='ocr_carea' id='block_1_33' title="bbox 415 3001 1996 3075">
    <p class='ocr_par' dir='ltr' id='par_1_33' title="bbox 415 3001 1996 3075">
     <span class='ocr_line' id='line_1_33' title="bbox 415 3001 1996 3075; baseline -0.004 -13"><span class='ocrx_word' id='word_1_229' title='bbox 415 3023 578 3063; x_wconf 87' lang='lat' dir='ltr'><strong>manu</strong></span> <span class='ocrx_word' id='word_1_230' title='bbox 611 3007 834 3062; x_wconf 77' lang='lat' dir='ltr'><strong>dextera</strong></span> <span class='ocrx_word' id='word_1_231' title='bbox 863 3004 1070 3075; x_wconf 69' lang='lat' dir='ltr'><strong>virgam</strong></span> <span class='ocrx_word' id='word_1_232' title='bbox 1096 3011 1312 3066; x_wconf 89' lang='lat' dir='ltr'><strong>tenens,</strong></span> <span class='ocrx_word' id='word_1_233' title='bbox 1346 3010 1403 3056; x_wconf 90' lang='lat' dir='ltr'><strong>et</strong></span> <span class='ocrx_word' id='word_1_234' title='bbox 1430 3001 1600 3056; x_wconf 91' lang='lat' dir='ltr'><strong>multa</strong></span> <span class='ocrx_word' id='word_1_235' title='bbox 1629 3002 1751 3057; x_wconf 91' lang='lat' dir='ltr'><strong>luce</strong></span> <span class='ocrx_word' id='word_1_236' title='bbox 1774 3001 1996 3057; x_wconf 89' lang='lat' dir='ltr'><strong>domum</strong></span> 
     </span>
    </p>
   </div>
   <div class='ocr_carea' id='block_1_34' title="bbox 2020 1770 2068 1829">
    <p class='ocr_par' dir='ltr' id='par_1_34' title="bbox 2020 1770 2068 1829">
     <span class='ocr_line' id='line_1_34' title="bbox 2020 1770 2068 1829; baseline 0 0"><span class='ocrx_word' id='word_1_237' title='bbox 2020 1770 2068 1829; x_wconf 90' lang='lat' dir='ltr'><strong>B</strong></span> 
     </span>
    </p>
   </div>
   <div class='ocr_carea' id='block_1_35' title="bbox 2097 522 3685 596">
    <p class='ocr_par' dir='ltr' id='par_1_35' title="bbox 2097 522 3685 596">
     <span class='ocr_line' id='line_1_35' title="bbox 2097 522 3685 596; baseline -0.003 -17"><span class='ocrx_word' id='word_1_238' title='bbox 2097 527 2193 579; x_wconf 81' lang='grc' dir='ltr'>τοῦ</span> <span class='ocrx_word' id='word_1_239' title='bbox 2230 526 2471 596; x_wconf 75' lang='grc' dir='ltr'><strong>μεγάλου</strong></span> <span class='ocrx_word' id='word_1_240' title='bbox 2517 524 2720 596; x_wconf 79' lang='grc' dir='ltr'>δηλαδὴ</span> <span class='ocrx_word' id='word_1_241' title='bbox 2767 522 3069 593; x_wconf 76' lang='grc' dir='ltr'>Εὐθυμίου,</span> <span class='ocrx_word' id='word_1_242' title='bbox 3109 522 3202 576; x_wconf 81' lang='grc' dir='ltr'>τὸν</span> <span class='ocrx_word' id='word_1_243' title='bbox 3248 523 3411 592; x_wconf 84' lang='grc' dir='ltr'>ὅρκον</span> <span class='ocrx_word' id='word_1_244' title='bbox 3461 523 3685 594; x_wconf 81' lang='grc' dir='ltr'><strong>ἀπῄτει.</strong></span> 
     </span>
    </p>
   </div>
   <div class='ocr_carea' id='block_1_36' title="bbox 2100 613 3689 688">
    <p class='ocr_par' dir='ltr' id='par_1_36' title="bbox 2100 613 3689 688">
     <span class='ocr_line' id='line_1_36' title="bbox 2100 613 3689 688; baseline -0.003 -17"><span class='ocrx_word' id='word_1_245' title='bbox 2100 619 2210 671; x_wconf 81' lang='grc' dir='ltr'><strong>Καί</strong></span> <span class='ocrx_word' id='word_1_246' title='bbox 2234 635 2318 683; x_wconf 91' lang='grc' dir='ltr'><strong>τις</strong></span> <span class='ocrx_word' id='word_1_247' title='bbox 2345 618 2532 681; x_wconf 82' lang='grc' dir='ltr'>αὐτοῖς</span> <span class='ocrx_word' id='word_1_248' title='bbox 2567 617 2754 688; x_wconf 77' lang='grc' dir='ltr'>ἡμέρα</span> <span class='ocrx_word' id='word_1_249' title='bbox 2785 617 2889 687; x_wconf 76' lang='grc' dir='ltr'><strong>ήδη</strong></span> <span class='ocrx_word' id='word_1_250' title='bbox 2916 613 3221 685; x_wconf 72' lang='grc' dir='ltr'>ἀφώριστο,</span> <span class='ocrx_word' id='word_1_251' title='bbox 3258 617 3352 668; x_wconf 75' lang='grc' dir='ltr'><strong>καὶ</strong></span> <span class='ocrx_word' id='word_1_252' title='bbox 3383 614 3689 686; x_wconf 80' lang='grc' dir='ltr'>ὀμούμενος</span> 
     </span>
    </p>
   </div>
   <div class='ocr_carea' id='block_1_37' title="bbox 2098 706 3689 781">
    <p class='ocr_par' dir='ltr' id='par_1_37' title="bbox 2098 706 3689 781">
     <span class='ocr_line' id='line_1_37' title="bbox 2098 706 3689 781; baseline -0.003 -16"><span class='ocrx_word' id='word_1_253' title='bbox 2098 711 2220 765; x_wconf 86' lang='grc' dir='ltr'>κατ’</span> <span class='ocrx_word' id='word_1_254' title='bbox 2246 710 2418 780; x_wconf 77' lang='grc' dir='ltr'>αὐτὴν</span> <span class='ocrx_word' id='word_1_255' title='bbox 2457 710 2677 781; x_wconf 77' lang='grc' dir='ltr'>ἐκείνην</span> <span class='ocrx_word' id='word_1_256' title='bbox 2717 711 2746 764; x_wconf 86' lang='grc' dir='ltr'>ὁ</span> <span class='ocrx_word' id='word_1_257' title='bbox 2790 707 3095 778; x_wconf 81' lang='grc' dir='ltr'>Κυριακὸς,</span> <span class='ocrx_word' id='word_1_258' title='bbox 3127 706 3161 778; x_wconf 80' lang='grc' dir='ltr'>ἢ</span> <span class='ocrx_word' id='word_1_259' title='bbox 3193 707 3397 778; x_wconf 77' lang='grc' dir='ltr'>μᾶλλον</span> <span class='ocrx_word' id='word_1_260' title='bbox 3424 707 3689 778; x_wconf 74' lang='grc' dir='ltr'>ἐπιορκή-</span> 
     </span>
    </p>
   </div>
   <div class='ocr_carea' id='block_1_38' title="bbox 2100 798 3684 873">
    <p class='ocr_par' dir='ltr' id='par_1_38' title="bbox 2100 798 3684 873">
     <span class='ocr_line' id='line_1_38' title="bbox 2100 798 3684 873; baseline -0.003 -17"><span class='ocrx_word' id='word_1_261' title='bbox 2100 819 2231 866; x_wconf 88' lang='grc' dir='ltr'>σων,</span> <span class='ocrx_word' id='word_1_262' title='bbox 2271 801 2465 873; x_wconf 80' lang='grc' dir='ltr'><strong>κατῄει</strong></span> <span class='ocrx_word' id='word_1_263' title='bbox 2491 799 2630 872; x_wconf 83' lang='grc' dir='ltr'>μετὰ</span> <span class='ocrx_word' id='word_1_264' title='bbox 2650 799 2747 854; x_wconf 72' lang='grc' dir='ltr'><strong>τοῦ</strong></span> <span class='ocrx_word' id='word_1_265' title='bbox 2777 801 3014 871; x_wconf 79' lang='grc' dir='ltr'><strong>πένητος</strong></span> <span class='ocrx_word' id='word_1_266' title='bbox 3045 799 3183 870; x_wconf 78' lang='grc' dir='ltr'>πρὸς</span> <span class='ocrx_word' id='word_1_267' title='bbox 3208 798 3271 852; x_wconf 80' lang='grc' dir='ltr'><strong>τὸ</strong></span> <span class='ocrx_word' id='word_1_268' title='bbox 3300 799 3684 870; x_wconf 84' lang='grc' dir='ltr'>μοναστήριον.</span> 
     </span>
    </p>
   </div>
   <div class='ocr_carea' id='block_1_39' title="bbox 2110 875 3689 964">
    <p class='ocr_par' dir='ltr' id='par_1_39' title="bbox 2110 875 3689 964">
     <span class='ocr_line' id='line_1_39' title="bbox 2110 875 3689 964; baseline 0.001 -19"><span class='ocrx_word' id='word_1_269' title='bbox 2110 893 2261 946; x_wconf 76' lang='grc' dir='ltr'>Ἐπεὶ</span> <span class='ocrx_word' id='word_1_270' title='bbox 2285 892 2341 946; x_wconf 83' lang='grc' dir='ltr'><strong>δὲ</strong></span> <span class='ocrx_word' id='word_1_271' title='bbox 2378 893 2478 964; x_wconf 81' lang='grc' dir='ltr'>τὴν</span> <span class='ocrx_word' id='word_1_272' title='bbox 2506 892 2615 946; x_wconf 77' lang='grc' dir='ltr'><strong>ἀπὸ</strong></span> <span class='ocrx_word' id='word_1_273' title='bbox 2653 875 3015 962; x_wconf 80' lang='grc' dir='ltr'>Ἰερουσαλὴμ</span> <span class='ocrx_word' id='word_1_274' title='bbox 3040 892 3124 953; x_wconf 77' lang='grc' dir='ltr'><strong>εἰς</strong></span> <span class='ocrx_word' id='word_1_275' title='bbox 3170 889 3381 963; x_wconf 86' lang='grc' dir='ltr'>Ίεριχὼ</span> <span class='ocrx_word' id='word_1_276' title='bbox 3412 891 3689 961; x_wconf 77' lang='grc' dir='ltr'>φέρουσαν</span> 
     </span>
    </p>
   </div>
   <div class='ocr_carea' id='block_1_40' title="bbox 2097 982 3688 1057">
    <p class='ocr_par' dir='ltr' id='par_1_40' title="bbox 2097 982 3688 1057">
     <span class='ocr_line' id='line_1_40' title="bbox 2097 982 3688 1057; baseline -0.001 -17"><span class='ocrx_word' id='word_1_277' title='bbox 2097 989 2157 1040; x_wconf 81' lang='grc' dir='ltr'>ὲν</span> <span class='ocrx_word' id='word_1_278' title='bbox 2185 986 2343 1040; x_wconf 78' lang='grc' dir='ltr'>ποσὶν</span> <span class='ocrx_word' id='word_1_279' title='bbox 2374 982 2543 1055; x_wconf 79' lang='grc' dir='ltr'>εἶχον,</span> <span class='ocrx_word' id='word_1_280' title='bbox 2593 985 2699 1057; x_wconf 74' lang='grc' dir='ltr'><strong>ἤδη</strong></span> <span class='ocrx_word' id='word_1_281' title='bbox 2732 985 2788 1037; x_wconf 79' lang='grc' dir='ltr'><strong>δὲ</strong></span> <span class='ocrx_word' id='word_1_282' title='bbox 2837 985 3020 1047; x_wconf 81' lang='grc' dir='ltr'>αὐτοῖς</span> <span class='ocrx_word' id='word_1_283' title='bbox 3076 985 3172 1039; x_wconf 77' lang='grc' dir='ltr'>καὶ</span> <span class='ocrx_word' id='word_1_284' title='bbox 3213 985 3275 1037; x_wconf 80' lang='grc' dir='ltr'>τὸ</span> <span class='ocrx_word' id='word_1_285' title='bbox 3322 986 3688 1055; x_wconf 83' lang='grc' dir='ltr'>μοναστήριον</span> 
     </span>
    </p>
   </div>
   <div class='ocr_carea' id='block_1_41' title="bbox 2097 1073 3685 1147">
    <p class='ocr_par' dir='ltr' id='par_1_41' title="bbox 2097 1073 3685 1147">
     <span class='ocr_line' id='line_1_41' title="bbox 2097 1073 3685 1147; baseline -0.002 -18"><span class='ocrx_word' id='word_1_286' title='bbox 2097 1078 2331 1147; x_wconf 82' lang='grc' dir='ltr'>ἑωρᾶτο,</span> <span class='ocrx_word' id='word_1_287' title='bbox 2361 1076 2482 1129; x_wconf 74' lang='grc' dir='ltr'>ἰδὼν</span> <span class='ocrx_word' id='word_1_288' title='bbox 2513 1074 2606 1130; x_wconf 71' lang='grc' dir='ltr'>τὸν</span> <span class='ocrx_word' id='word_1_289' title='bbox 2630 1075 2909 1147; x_wconf 75' lang='grc' dir='ltr'>κυριακὸν</span> <span class='ocrx_word' id='word_1_290' title='bbox 2934 1076 2962 1129; x_wconf 86' lang='grc' dir='ltr'>ὁ</span> <span class='ocrx_word' id='word_1_291' title='bbox 3005 1074 3175 1144; x_wconf 81' lang='grc' dir='ltr'>πένης</span> <span class='ocrx_word' id='word_1_292' title='bbox 3200 1073 3421 1128; x_wconf 72' lang='grc' dir='ltr'>ἔκδοτον</span> <span class='ocrx_word' id='word_1_293' title='bbox 3468 1075 3588 1128; x_wconf 86' lang='grc' dir='ltr'>ὅλον</span> <span class='ocrx_word' id='word_1_294' title='bbox 3617 1077 3685 1144; x_wconf 80' lang='grc' dir='ltr'>τῇ</span> 
     </span>
    </p>
   </div>
   <div class='ocr_carea' id='block_1_42' title="bbox 2097 1163 3688 1239">
    <p class='ocr_par' dir='ltr' id='par_1_42' title="bbox 2097 1163 3688 1239">
     <span class='ocr_line' id='line_1_42' title="bbox 2097 1163 3688 1239; baseline -0.003 -18"><span class='ocrx_word' id='word_1_295' title='bbox 2097 1167 2355 1239; x_wconf 72' lang='grc' dir='ltr'>ἐπιορκία</span> <span class='ocrx_word' id='word_1_296' title='bbox 2388 1166 2759 1236; x_wconf 78' lang='grc' dir='ltr'><strong>γεγενημένον</strong></span> <span class='ocrx_word' id='word_1_297' title='bbox 2788 1165 2832 1233; x_wconf 74' lang='grc' dir='ltr'>ι,</span> <span class='ocrx_word' id='word_1_298' title='bbox 2860 1166 2956 1218; x_wconf 75' lang='grc' dir='ltr'><strong>καὶ</strong></span> <span class='ocrx_word' id='word_1_299' title='bbox 2991 1164 3182 1236; x_wconf 86' lang='grc' dir='ltr'>ῶσπερ</span> <span class='ocrx_word' id='word_1_300' title='bbox 3207 1165 3295 1217; x_wconf 74' lang='grc' dir='ltr'><strong>ἐπ’</strong></span> <span class='ocrx_word' id='word_1_301' title='bbox 3318 1166 3495 1235; x_wconf 83' lang='grc' dir='ltr'>ἄκρας</span> <span class='ocrx_word' id='word_1_302' title='bbox 3514 1163 3688 1233; x_wconf 81' lang='grc' dir='ltr'>γλώτο</span> 
     </span>
    </p>
   </div>
   <div class='ocr_carea' id='block_1_43' title="bbox 2095 1256 3687 1332">
    <p class='ocr_par' dir='ltr' id='par_1_43' title="bbox 2095 1256 3687 1332">
     <span class='ocr_line' id='line_1_43' title="bbox 2095 1256 3687 1332; baseline -0.003 -19"><span class='ocrx_word' id='word_1_303' title='bbox 2095 1279 2197 1332; x_wconf 75' lang='grc' dir='ltr'>της</span> <span class='ocrx_word' id='word_1_304' title='bbox 2227 1261 2314 1313; x_wconf 76' lang='grc' dir='ltr'><strong>τὸν</strong></span> <span class='ocrx_word' id='word_1_305' title='bbox 2346 1262 2507 1330; x_wconf 77' lang='grc' dir='ltr'>ὅρκον</span> <span class='ocrx_word' id='word_1_306' title='bbox 2533 1259 2747 1330; x_wconf 74' lang='grc' dir='ltr'>ἔχοντα,</span> <span class='ocrx_word' id='word_1_307' title='bbox 2787 1259 2883 1312; x_wconf 67' lang='grc' dir='ltr'><strong>καὶ</strong></span> <span class='ocrx_word' id='word_1_308' title='bbox 2921 1259 3110 1320; x_wconf 78' lang='grc' dir='ltr'><strong>δείσας</strong></span> <span class='ocrx_word' id='word_1_309' title='bbox 3144 1256 3399 1325; x_wconf 80' lang='grc' dir='ltr'>καθάπερ</span> <span class='ocrx_word' id='word_1_310' title='bbox 3429 1256 3687 1324; x_wconf 80' lang='grc' dir='ltr'><strong>ὀμεῖσθαι</strong></span> 
     </span>
    </p>
   </div>
   <div class='ocr_carea' id='block_1_44' title="bbox 2100 1347 3686 1423">
    <p class='ocr_par' dir='ltr' id='par_1_44' title="bbox 2100 1347 3686 1423">
     <span class='ocr_line' id='line_1_44' title="bbox 2100 1347 3686 1423; baseline -0.003 -18"><span class='ocrx_word' id='word_1_311' title='bbox 2100 1352 2383 1423; x_wconf 84' lang='grc' dir='ltr'>μέλλωνῆ</span> <span class='ocrx_word' id='word_1_312' title='bbox 2430 1351 2785 1421; x_wconf 78' lang='grc' dir='ltr'><strong>ἐπιορκήσειν</strong></span> <span class='ocrx_word' id='word_1_313' title='bbox 2846 1349 3038 1415; x_wconf 78' lang='grc' dir='ltr'>αὐτὸς,</span> <span class='ocrx_word' id='word_1_314' title='bbox 3101 1350 3237 1417; x_wconf 82' lang='grc' dir='ltr'>Ἀγε</span> <span class='ocrx_word' id='word_1_315' title='bbox 3281 1348 3436 1419; x_wconf 79' lang='grc' dir='ltr'>δῆτα,</span> <span class='ocrx_word' id='word_1_316' title='bbox 3498 1347 3686 1417; x_wconf 77' lang='grc' dir='ltr'>φησὶν,</span> 
     </span>
    </p>
   </div>
   <div class='ocr_carea' id='block_1_45' title="bbox 2096 1441 3688 1515">
    <p class='ocr_par' dir='ltr' id='par_1_45' title="bbox 2096 1441 3688 1515">
     <span class='ocr_line' id='line_1_45' title="bbox 2096 1441 3688 1515; baseline -0.006 -14"><span class='ocrx_word' id='word_1_317' title='bbox 2096 1444 2552 1515; x_wconf 71' lang='grc' dir='ltr'>ἀναστρέψωμεν,</span> <span class='ocrx_word' id='word_1_318' title='bbox 2575 1446 2796 1513; x_wconf 73' lang='grc' dir='ltr'>ἀδελφέ.</span> <span class='ocrx_word' id='word_1_319' title='bbox 2842 1442 3027 1514; x_wconf 83' lang='grc' dir='ltr'>’ῐκανὴ</span> <span class='ocrx_word' id='word_1_320' title='bbox 3051 1442 3161 1514; x_wconf 75' lang='grc' dir='ltr'><strong>γὰρ</strong></span> <span class='ocrx_word' id='word_1_321' title='bbox 3187 1443 3267 1503; x_wconf 85' lang='grc' dir='ltr'>εἰς</span> <span class='ocrx_word' id='word_1_322' title='bbox 3316 1444 3329 1490; x_wconf 85' lang='lat' dir='ltr'><strong>l</strong></span> <span class='ocrx_word' id='word_1_323' title='bbox 3368 1441 3548 1494; x_wconf 67' lang='grc' dir='ltr'>πίςτιν</span> <span class='ocrx_word' id='word_1_324' title='bbox 3590 1441 3688 1491; x_wconf 79' lang='grc' dir='ltr'><strong>καὶ</strong></span> 
     </span>
    </p>
   </div>
   <div class='ocr_carea' id='block_1_46' title="bbox 2096 1531 3683 1609">
    <p class='ocr_par' dir='ltr' id='par_1_46' title="bbox 2096 1531 3683 1609">
     <span class='ocr_line' id='line_1_46' title="bbox 2096 1531 3683 1609; baseline -0.005 -19"><span class='ocrx_word' id='word_1_325' title='bbox 2096 1536 2236 1609; x_wconf 78' lang='grc' dir='ltr'>αὑτὴ</span> <span class='ocrx_word' id='word_1_326' title='bbox 2266 1537 2426 1608; x_wconf 78' lang='grc' dir='ltr'>μόνον</span> <span class='ocrx_word' id='word_1_327' title='bbox 2461 1539 2494 1606; x_wconf 88' lang='grc' dir='ltr'><strong>ἡ</strong></span> <span class='ocrx_word' id='word_1_328' title='bbox 2530 1536 2666 1607; x_wconf 74' lang='grc' dir='ltr'>πρὸς</span> <span class='ocrx_word' id='word_1_329' title='bbox 2695 1536 2785 1589; x_wconf 81' lang='grc' dir='ltr'><strong>τὸν</strong></span> <span class='ocrx_word' id='word_1_330' title='bbox 2815 1538 2976 1606; x_wconf 78' lang='grc' dir='ltr'>ὅρκον</span> <span class='ocrx_word' id='word_1_331' title='bbox 3010 1534 3178 1604; x_wconf 83' lang='grc' dir='ltr'>ὁρμὴ,</span> <span class='ocrx_word' id='word_1_332' title='bbox 3209 1532 3303 1585; x_wconf 63' lang='grc' dir='ltr'>καὶ</span> <span class='ocrx_word' id='word_1_333' title='bbox 3324 1533 3505 1585; x_wconf 86' lang='grc' dir='ltr'>πλεῖον</span> <span class='ocrx_word' id='word_1_334' title='bbox 3528 1531 3683 1584; x_wconf 81' lang='grc' dir='ltr'>οὐδὲν</span> 
     </span>
    </p>
   </div>
   <div class='ocr_carea' id='block_1_47' title="bbox 2095 1622 3685 1698">
    <p class='ocr_par' dir='ltr' id='par_1_47' title="bbox 2095 1622 3685 1698">
     <span class='ocr_line' id='line_1_47' title="bbox 2095 1622 3685 1698; baseline -0.004 -16"><span class='ocrx_word' id='word_1_335' title='bbox 2095 1630 2176 1683; x_wconf 83' lang='grc' dir='ltr'>δεῖ</span> <span class='ocrx_word' id='word_1_336' title='bbox 2201 1628 2572 1698; x_wconf 79' lang='grc' dir='ltr'><strong>προστιθέναι.</strong></span> <span class='ocrx_word' id='word_1_337' title='bbox 2621 1629 2806 1681; x_wconf 81' lang='grc' dir='ltr'>Ταῦτα</span> <span class='ocrx_word' id='word_1_338' title='bbox 2836 1630 2864 1682; x_wconf 88' lang='grc' dir='ltr'>ὁ</span> <span class='ocrx_word' id='word_1_339' title='bbox 2926 1627 3025 1697; x_wconf 83' lang='grc' dir='ltr'><strong>μὲν</strong></span> <span class='ocrx_word' id='word_1_340' title='bbox 3075 1624 3268 1686; x_wconf 81' lang='grc' dir='ltr'>εἰπὼν,</span> <span class='ocrx_word' id='word_1_341' title='bbox 3319 1624 3489 1677; x_wconf 83' lang='grc' dir='ltr'>ἐδεῖτο</span> <span class='ocrx_word' id='word_1_342' title='bbox 3516 1622 3685 1677; x_wconf 68' lang='grc' dir='ltr'>αὑτοῦ</span> 
     </span>
    </p>
   </div>
   <div class='ocr_carea' id='block_1_48' title="bbox 2101 1710 3688 1795">
    <p class='ocr_par' dir='ltr' id='par_1_48' title="bbox 2101 1710 3688 1795">
     <span class='ocr_line' id='line_1_48' title="bbox 2101 1710 3688 1795; baseline -0.006 -19"><span class='ocrx_word' id='word_1_343' title='bbox 2101 1724 2175 1795; x_wconf 82' lang='grc' dir='ltr'>μὴ</span> <span class='ocrx_word' id='word_1_344' title='bbox 2205 1722 2454 1794; x_wconf 78' lang='grc' dir='ltr'>ὀμνύναι.</span> <span class='ocrx_word' id='word_1_345' title='bbox 2510 1723 2568 1776; x_wconf 89' lang='grc' dir='ltr'><strong>Ὀ</strong></span> <span class='ocrx_word' id='word_1_346' title='bbox 2599 1722 2655 1775; x_wconf 79' lang='grc' dir='ltr'><strong>δὲ</strong></span> <span class='ocrx_word' id='word_1_347' title='bbox 2704 1721 2805 1776; x_wconf 73' lang='grc' dir='ltr'>οὐκ</span> <span class='ocrx_word' id='word_1_348' title='bbox 2824 1710 3074 1791; x_wconf 62' lang='grc' dir='ltr'>ἠνείχετο</span> <span class='ocrx_word' id='word_1_349' title='bbox 3094 1734 3108 1749; x_wconf 88' lang='grc'><strong>·</strong></span> <span class='ocrx_word' id='word_1_350' title='bbox 3140 1716 3258 1771; x_wconf 82' lang='grc' dir='ltr'>ἀλλ’</span> <span class='ocrx_word' id='word_1_351' title='bbox 3278 1717 3326 1769; x_wconf 79' lang='grc' dir='ltr'>εξ</span> <span class='ocrx_word' id='word_1_352' title='bbox 3360 1716 3434 1784; x_wconf 83' lang='grc' dir='ltr'>μὴ</span> <span class='ocrx_word' id='word_1_353' title='bbox 3465 1714 3558 1768; x_wconf 79' lang='grc' dir='ltr'><strong>καὶ</strong></span> <span class='ocrx_word' id='word_1_354' title='bbox 3585 1713 3688 1784; x_wconf 82' lang='grc' dir='ltr'>τὴν</span> 
     </span>
    </p>
   </div>
   <div class='ocr_carea' id='block_1_49' title="bbox 2096 1800 3686 1882">
    <p class='ocr_par' dir='ltr' id='par_1_49' title="bbox 2096 1800 3686 1882">
     <span class='ocr_line' id='line_1_49' title="bbox 2096 1800 3686 1882; baseline -0.008 -17"><span class='ocrx_word' id='word_1_355' title='bbox 2096 1812 2386 1881; x_wconf 80' lang='grc' dir='ltr'>ἐπιορκίαν</span> <span class='ocrx_word' id='word_1_356' title='bbox 2418 1812 2566 1882; x_wconf 83' lang='grc' dir='ltr'>ἔργῳ</span> <span class='ocrx_word' id='word_1_357' title='bbox 2603 1809 2902 1872; x_wconf 81' lang='grc' dir='ltr'>τελέσειεν,</span> <span class='ocrx_word' id='word_1_358' title='bbox 2938 1809 3012 1872; x_wconf 85' lang='grc' dir='ltr'>ὡς</span> <span class='ocrx_word' id='word_1_359' title='bbox 3043 1808 3221 1861; x_wconf 77' lang='grc' dir='ltr'>ἄτοπα</span> <span class='ocrx_word' id='word_1_360' title='bbox 3247 1805 3446 1876; x_wconf 81' lang='grc' dir='ltr'>μᾶλλον</span> <span class='ocrx_word' id='word_1_361' title='bbox 3465 1800 3686 1871; x_wconf 69' lang='grc' dir='ltr'>ἐνόμιζε</span> 
     </span>
    </p>
   </div>
   <div class='ocr_carea' id='block_1_50' title="bbox 2095 1894 3686 1974">
    <p class='ocr_par' dir='ltr' id='par_1_50' title="bbox 2095 1894 3686 1974">
     <span class='ocr_line' id='line_1_50' title="bbox 2095 1894 3686 1974; baseline -0.006 -20"><span class='ocrx_word' id='word_1_362' title='bbox 2095 1903 2251 1974; x_wconf 79' lang='grc' dir='ltr'>δρᾷν.</span> <span class='ocrx_word' id='word_1_363' title='bbox 2287 1903 2375 1967; x_wconf 83' lang='grc' dir='ltr'>Ὡς</span> <span class='ocrx_word' id='word_1_364' title='bbox 2405 1902 2500 1957; x_wconf 75' lang='grc' dir='ltr'><strong>οὖν</strong></span> <span class='ocrx_word' id='word_1_365' title='bbox 2547 1900 2764 1971; x_wconf 81' lang='grc' dir='ltr'>εἰσῆλθε</span> <span class='ocrx_word' id='word_1_366' title='bbox 2795 1901 2856 1954; x_wconf 78' lang='grc' dir='ltr'>τὸ</span> <span class='ocrx_word' id='word_1_367' title='bbox 2899 1897 3282 1970; x_wconf 87' lang='grc' dir='ltr'>μοναστήριον,</span> <span class='ocrx_word' id='word_1_368' title='bbox 3315 1894 3490 1950; x_wconf 76' lang='grc' dir='ltr'>καὶτὸ</span> <span class='ocrx_word' id='word_1_369' title='bbox 3513 1894 3686 1947; x_wconf 81' lang='grc' dir='ltr'>δεινὸν</span> 
     </span>
    </p>
   </div>
   <div class='ocr_carea' id='block_1_51' title="bbox 2097 1986 3689 2065">
    <p class='ocr_par' dir='ltr' id='par_1_51' title="bbox 2097 1986 3689 2065">
     <span class='ocr_line' id='line_1_51' title="bbox 2097 1986 3689 2065; baseline -0.008 -17"><span class='ocrx_word' id='word_1_370' title='bbox 2097 1997 2285 2050; x_wconf 79' lang='grc' dir='ltr'>ἐκεῖνο</span> <span class='ocrx_word' id='word_1_371' title='bbox 2312 1995 2455 2050; x_wconf 81' lang='grc' dir='ltr'>κατὰ</span> <span class='ocrx_word' id='word_1_372' title='bbox 2485 1995 2586 2065; x_wconf 82' lang='grc' dir='ltr'>τῆς</span> <span class='ocrx_word' id='word_1_373' title='bbox 2608 1992 2703 2046; x_wconf 79' lang='grc' dir='ltr'><strong>τοῦ</strong></span> <span class='ocrx_word' id='word_1_374' title='bbox 2742 1992 2998 2061; x_wconf 72' lang='grc' dir='ltr'>λειψάνου</span> <span class='ocrx_word' id='word_1_375' title='bbox 3045 1989 3221 2061; x_wconf 77' lang='grc' dir='ltr'>θήκης</span> <span class='ocrx_word' id='word_1_376' title='bbox 3269 1987 3558 2058; x_wconf 75' lang='grc' dir='ltr'>ἐτόλμησε,</span> <span class='ocrx_word' id='word_1_377' title='bbox 3591 1986 3689 2038; x_wconf 77' lang='grc' dir='ltr'>καὶ</span> 
     </span>
    </p>
   </div>
   <div class='ocr_carea' id='block_1_52' title="bbox 2096 2077 3686 2159">
    <p class='ocr_par' dir='ltr' id='par_1_52' title="bbox 2096 2077 3686 2159">
     <span class='ocr_line' id='line_1_52' title="bbox 2096 2077 3686 2159; baseline -0.007 -18"><span class='ocrx_word' id='word_1_378' title='bbox 2096 2088 2194 2159; x_wconf 84' lang='grc' dir='ltr'>τὴν</span> <span class='ocrx_word' id='word_1_379' title='bbox 2235 2087 2523 2156; x_wconf 73' lang='grc' dir='ltr'>ἐπιορκίαν</span> <span class='ocrx_word' id='word_1_380' title='bbox 2573 2088 2653 2147; x_wconf 82' lang='grc' dir='ltr'>εἰς</span> <span class='ocrx_word' id='word_1_381' title='bbox 2684 2085 2859 2154; x_wconf 77' lang='grc' dir='ltr'>πέρας</span> <span class='ocrx_word' id='word_1_382' title='bbox 2904 2085 3109 2153; x_wconf 72' lang='grc' dir='ltr'>ἤγαγεν</span> <span class='ocrx_word' id='word_1_383' title='bbox 3131 2097 3145 2113; x_wconf 69' lang='grc'><strong><em>⁸</em></strong></span> <span class='ocrx_word' id='word_1_384' title='bbox 3175 2082 3204 2134; x_wconf 86' lang='grc' dir='ltr'>ὁ</span> <span class='ocrx_word' id='word_1_385' title='bbox 3239 2081 3339 2150; x_wconf 81' lang='grc' dir='ltr'><strong>μὲν</strong></span> <span class='ocrx_word' id='word_1_386' title='bbox 3367 2079 3579 2149; x_wconf 63' lang='grc' dir='ltr'>ἄφρων</span> <span class='ocrx_word' id='word_1_387' title='bbox 3609 2077 3686 2140; x_wconf 86' lang='grc' dir='ltr'>ὡς</span> 
     </span>
    </p>
   </div>
   <div class='ocr_carea' id='block_1_53' title="bbox 2098 2171 3689 2251">
    <p class='ocr_par' dir='ltr' id='par_1_53' title="bbox 2098 2171 3689 2251">
     <span class='ocr_line' id='line_1_53' title="bbox 2098 2171 3689 2251; baseline -0.008 -16"><span class='ocrx_word' id='word_1_388' title='bbox 2098 2182 2313 2251; x_wconf 76' lang='grc' dir='ltr'>ἀληθῶς</span> <span class='ocrx_word' id='word_1_389' title='bbox 2344 2181 2441 2247; x_wconf 85' lang='grc' dir='ltr'><strong>ῶν,</strong></span> <span class='ocrx_word' id='word_1_390' title='bbox 2476 2175 2647 2233; x_wconf 79' lang='grc' dir='ltr'>εἶπεν</span> <span class='ocrx_word' id='word_1_391' title='bbox 2668 2179 2741 2231; x_wconf 81' lang='grc' dir='ltr'><strong>ἐν</strong></span> <span class='ocrx_word' id='word_1_392' title='bbox 2762 2176 3001 2243; x_wconf 78' lang='grc' dir='ltr'>καρδίᾳ,</span> <span class='ocrx_word' id='word_1_393' title='bbox 3033 2177 3155 2229; x_wconf 83' lang='grc' dir='ltr'><strong>Οὐκ</strong></span> <span class='ocrx_word' id='word_1_394' title='bbox 3181 2174 3314 2228; x_wconf 76' lang='grc' dir='ltr'>ἐστι</span> <span class='ocrx_word' id='word_1_395' title='bbox 3339 2173 3513 2238; x_wconf 85' lang='grc' dir='ltr'>Θεός⁶</span> <span class='ocrx_word' id='word_1_396' title='bbox 3549 2171 3689 2241; x_wconf 53' lang='grc' dir='ltr'>μᾶλά</span> 
     </span>
    </p>
   </div>
   <div class='ocr_carea' id='block_1_54' title="bbox 2098 2262 3685 2343">
    <p class='ocr_par' dir='ltr' id='par_1_54' title="bbox 2098 2262 3685 2343">
     <span class='ocr_line' id='line_1_54' title="bbox 2098 2262 3685 2343; baseline -0.008 -17"><span class='ocrx_word' id='word_1_397' title='bbox 2098 2273 2189 2326; x_wconf 93' lang='grc' dir='ltr'><strong>λον</strong></span> <span class='ocrx_word' id='word_1_398' title='bbox 2218 2273 2274 2326; x_wconf 78' lang='grc' dir='ltr'><strong>δὲ</strong></span> <span class='ocrx_word' id='word_1_399' title='bbox 2300 2271 2473 2343; x_wconf 80' lang='grc' dir='ltr'>λήθην</span> <span class='ocrx_word' id='word_1_400' title='bbox 2515 2268 2677 2333; x_wconf 77' lang='grc' dir='ltr'>αὐτὸς</span> <span class='ocrx_word' id='word_1_401' title='bbox 2705 2266 2886 2321; x_wconf 87' lang='grc' dir='ltr'>λαϐὼν</span> <span class='ocrx_word' id='word_1_402' title='bbox 2916 2266 3010 2320; x_wconf 81' lang='grc' dir='ltr'><strong>τοῦ</strong></span> <span class='ocrx_word' id='word_1_403' title='bbox 3039 2265 3198 2329; x_wconf 74' lang='grc' dir='ltr'>Θεοῦ,</span> <span class='ocrx_word' id='word_1_404' title='bbox 3233 2265 3421 2336; x_wconf 83' lang='grc' dir='ltr'>λήσειν</span> <span class='ocrx_word' id='word_1_405' title='bbox 3464 2262 3685 2333; x_wconf 71' lang='grc' dir='ltr'>ἐνόμιζε</span> 
     </span>
    </p>
   </div>
   <div class='ocr_carea' id='block_1_55' title="bbox 2098 2365 2403 2420">
    <p class='ocr_par' dir='ltr' id='par_1_55' title="bbox 2098 2365 2403 2420">
     <span class='ocr_line' id='line_1_55' title="bbox 2098 2365 2403 2420; baseline 0 -2"><span class='ocrx_word' id='word_1_406' title='bbox 2098 2367 2193 2420; x_wconf 75' lang='grc' dir='ltr'>καὶ</span> <span class='ocrx_word' id='word_1_407' title='bbox 2220 2365 2403 2419; x_wconf 81' lang='grc' dir='ltr'>αὐτόν.</span> 
     </span>
    </p>
   </div>
   <div class='ocr_carea' id='block_1_56' title="bbox 2171 2439 3685 2523">
    <p class='ocr_par' dir='ltr' id='par_1_56' title="bbox 2171 2439 3685 2523">
     <span class='ocr_line' id='line_1_56' title="bbox 2171 2439 3685 2523; baseline -0.011 -12"><span class='ocrx_word' id='word_1_408' title='bbox 2171 2457 2358 2523; x_wconf 70' lang='grc' dir='ltr'>ΡΝςν.</span> <span class='ocrx_word' id='word_1_409' title='bbox 2404 2455 2513 2509; x_wconf 78' lang='grc' dir='ltr'>Καὶ</span> <span class='ocrx_word' id='word_1_410' title='bbox 2536 2452 2715 2507; x_wconf 78' lang='grc' dir='ltr'>οἴκαδε</span> <span class='ocrx_word' id='word_1_411' title='bbox 2747 2450 2847 2521; x_wconf 79' lang='grc' dir='ltr'><strong>μὲν</strong></span> <span class='ocrx_word' id='word_1_412' title='bbox 2880 2445 3185 2520; x_wconf 74' lang='grc' dir='ltr'>τηνικαῦτα</span> <span class='ocrx_word' id='word_1_413' title='bbox 3213 2443 3479 2513; x_wconf 72' lang='grc' dir='ltr'>ἐπανῆκε,</span> <span class='ocrx_word' id='word_1_414' title='bbox 3511 2439 3685 2494; x_wconf 71' lang='grc' dir='ltr'>καθά-</span> 
     </span>
    </p>
   </div>
   <div class='ocr_carea' id='block_1_57' title="bbox 2101 2530 3684 2622">
    <p class='ocr_par' dir='ltr' id='par_1_57' title="bbox 2101 2530 3684 2622">
     <span class='ocr_line' id='line_1_57' title="bbox 2101 2530 3684 2622; baseline -0.015 -18"><span class='ocrx_word' id='word_1_415' title='bbox 2101 2568 2208 2622; x_wconf 76' lang='grc' dir='ltr'><strong>περ</strong></span> <span class='ocrx_word' id='word_1_416' title='bbox 2279 2545 2495 2619; x_wconf 76' lang='grc' dir='ltr'>ἑρμαίῳ</span> <span class='ocrx_word' id='word_1_417' title='bbox 2555 2545 2664 2598; x_wconf 76' lang='grc' dir='ltr'>τινὶ</span> <span class='ocrx_word' id='word_1_418' title='bbox 2730 2543 2810 2613; x_wconf 84' lang='grc' dir='ltr'>τῷ</span> <span class='ocrx_word' id='word_1_419' title='bbox 2868 2545 2934 2594; x_wconf 85' lang='grc' dir='ltr'>ἑκ</span> <span class='ocrx_word' id='word_1_420' title='bbox 3001 2540 3101 2609; x_wconf 74' lang='grc' dir='ltr'><strong>τῆς</strong></span> <span class='ocrx_word' id='word_1_421' title='bbox 3164 2534 3451 2606; x_wconf 79' lang='grc' dir='ltr'>ἐπιορκίας</span> <span class='ocrx_word' id='word_1_422' title='bbox 3502 2530 3684 2600; x_wconf 81' lang='grc' dir='ltr'>κέρδει</span> 
     </span>
    </p>
   </div>
   <div class='ocr_carea' id='block_1_58' title="bbox 2100 2620 3685 2713">
    <p class='ocr_par' dir='ltr' id='par_1_58' title="bbox 2100 2620 3685 2713">
     <span class='ocr_line' id='line_1_58' title="bbox 2100 2620 3685 2713; baseline -0.016 -16"><span class='ocrx_word' id='word_1_423' title='bbox 2100 2620 2342 2713; x_wconf 82' lang='grc' dir='ltr'><strong>ἀνοήτως</strong></span> <span class='ocrx_word' id='word_1_424' title='bbox 2372 2638 2652 2710; x_wconf 79' lang='grc' dir='ltr'>ἡδόμενος.</span> <span class='ocrx_word' id='word_1_425' title='bbox 2683 2635 2792 2703; x_wconf 81' lang='grc' dir='ltr'><strong>Τῆς</strong></span> <span class='ocrx_word' id='word_1_426' title='bbox 2824 2634 2882 2687; x_wconf 80' lang='grc' dir='ltr'><strong>δὲ</strong></span> <span class='ocrx_word' id='word_1_427' title='bbox 2917 2628 3232 2701; x_wconf 80' lang='grc' dir='ltr'>ὑστεραῐας,</span> <span class='ocrx_word' id='word_1_428' title='bbox 3267 2628 3295 2679; x_wconf 82' lang='grc' dir='ltr'><strong>ὁ</strong></span> <span class='ocrx_word' id='word_1_429' title='bbox 3333 2625 3430 2694; x_wconf 83' lang='grc' dir='ltr'>μὲν</span> <span class='ocrx_word' id='word_1_430' title='bbox 3465 2623 3556 2674; x_wconf 73' lang='grc' dir='ltr'>ἐπὶ</span> <span class='ocrx_word' id='word_1_431' title='bbox 3582 2620 3685 2687; x_wconf 76' lang='grc' dir='ltr'>τῆς</span> 
     </span>
    </p>
   </div>
   <div class='ocr_carea' id='block_1_59' title="bbox 2101 2708 3685 2801">
    <p class='ocr_par' dir='ltr' id='par_1_59' title="bbox 2101 2708 3685 2801">
     <span class='ocr_line' id='line_1_59' title="bbox 2101 2708 3685 2801; baseline -0.017 -14"><span class='ocrx_word' id='word_1_432' title='bbox 2101 2708 2286 2801; x_wconf 65' lang='grc' dir='ltr'>κλίνής</span> <span class='ocrx_word' id='word_1_433' title='bbox 2334 2708 2677 2797; x_wconf 16' lang='grc' dir='ltr'>περὶίμέσας</span> <span class='ocrx_word' id='word_1_434' title='bbox 2721 2724 2923 2784; x_wconf 71' lang='grc' dir='ltr'>νύκτας</span> <span class='ocrx_word' id='word_1_435' title='bbox 2985 2718 3087 2790; x_wconf 70' lang='grc' dir='ltr'><strong>ἤδη</strong></span> <span class='ocrx_word' id='word_1_436' title='bbox 3147 2712 3438 2787; x_wconf 76' lang='grc' dir='ltr'>γρηγορῶν</span> <span class='ocrx_word' id='word_1_437' title='bbox 3483 2708 3685 2761; x_wconf 69' lang='grc' dir='ltr'>ἔκειτο.</span> 
     </span>
    </p>
   </div>
   <div class='ocr_carea' id='block_1_60' title="bbox 2113 2797 3689 2888">
    <p class='ocr_par' dir='ltr' id='par_1_60' title="bbox 2113 2797 3689 2888">
     <span class='ocr_line' id='line_1_60' title="bbox 2113 2797 3689 2888; baseline -0.019 -9"><span class='ocrx_word' id='word_1_438' title='bbox 2113 2824 2320 2879; x_wconf 80' lang='grc' dir='ltr'>Ἐδόκει</span> <span class='ocrx_word' id='word_1_439' title='bbox 2345 2820 2402 2874; x_wconf 79' lang='grc' dir='ltr'><strong>δὲ</strong></span> <span class='ocrx_word' id='word_1_440' title='bbox 2428 2817 2577 2888; x_wconf 76' lang='grc' dir='ltr'>αὐτῷ</span> <span class='ocrx_word' id='word_1_441' title='bbox 2607 2816 2704 2887; x_wconf 69' lang='grc' dir='ltr'>τῆς</span> <span class='ocrx_word' id='word_1_442' title='bbox 2729 2814 2872 2867; x_wconf 86' lang='grc' dir='ltr'><strong>κατὰ</strong></span> <span class='ocrx_word' id='word_1_443' title='bbox 2907 2811 2998 2864; x_wconf 82' lang='grc' dir='ltr'><strong>τὸν</strong></span> <span class='ocrx_word' id='word_1_444' title='bbox 3036 2804 3186 2862; x_wconf 79' lang='grc' dir='ltr'>οἶκον</span> <span class='ocrx_word' id='word_1_445' title='bbox 3222 2804 3397 2873; x_wconf 82' lang='grc' dir='ltr'>πύλης</span> <span class='ocrx_word' id='word_1_446' title='bbox 3441 2797 3689 2867; x_wconf 75' lang='grc' dir='ltr'>αὐτομά-</span> 
     </span>
    </p>
   </div>
   <div class='ocr_carea' id='block_1_61' title="bbox 2099 2888 3689 2980">
    <p class='ocr_par' dir='ltr' id='par_1_61' title="bbox 2099 2888 3689 2980">
     <span class='ocr_line' id='line_1_61' title="bbox 2099 2888 3689 2980; baseline -0.021 -8"><span class='ocrx_word' id='word_1_447' title='bbox 2099 2933 2210 2979; x_wconf 84' lang='grc' dir='ltr'><strong>τως</strong></span> <span class='ocrx_word' id='word_1_448' title='bbox 2238 2912 2627 2980; x_wconf 72' lang='grc' dir='ltr'>διανοιγείσηε,</span> <span class='ocrx_word' id='word_1_449' title='bbox 2667 2904 2903 2977; x_wconf 83' lang='grc' dir='ltr'>γέροντά.</span> <span class='ocrx_word' id='word_1_450' title='bbox 2929 2919 3049 2956; x_wconf 87' lang='grc' dir='ltr'>τινα</span> <span class='ocrx_word' id='word_1_451' title='bbox 3080 2897 3313 2971; x_wconf 75' lang='grc' dir='ltr'>μοναχὸν</span> <span class='ocrx_word' id='word_1_452' title='bbox 3342 2893 3449 2947; x_wconf 84' lang='grc' dir='ltr'><strong>ὑπὸ</strong></span> <span class='ocrx_word' id='word_1_453' title='bbox 3486 2888 3689 2943; x_wconf 85' lang='grc' dir='ltr'>νεωτέ-</span> 
     </span>
    </p>
   </div>
   <div class='ocr_carea' id='block_1_62' title="bbox 2106 2981 3684 3080">
    <p class='ocr_par' dir='ltr' id='par_1_62' title="bbox 2106 2981 3684 3080">
     <span class='ocr_line' id='line_1_62' title="bbox 2106 2981 3684 3080; baseline -0.02 -19"><span class='ocrx_word' id='word_1_454' title='bbox 2106 3024 2220 3080; x_wconf 92' lang='grc' dir='ltr'>ροις</span> <span class='ocrx_word' id='word_1_455' title='bbox 2262 3004 2427 3058; x_wconf 85' lang='grc' dir='ltr'>πέντε</span> <span class='ocrx_word' id='word_1_456' title='bbox 2456 2998 2817 3070; x_wconf 88' lang='grc' dir='ltr'>παραϐαλεῖν·</span> <span class='ocrx_word' id='word_1_457' title='bbox 2853 2996 2918 3064; x_wconf 83' lang='grc' dir='ltr'>τῇ</span> <span class='ocrx_word' id='word_1_458' title='bbox 2949 2992 3047 3064; x_wconf 86' lang='grc' dir='ltr'><strong>μὲν</strong></span> <span class='ocrx_word' id='word_1_459' title='bbox 3070 2989 3217 3059; x_wconf 77' lang='grc' dir='ltr'>δεξιᾷ</span> <span class='ocrx_word' id='word_1_460' title='bbox 3250 2985 3442 3057; x_wconf 77' lang='grc' dir='ltr'>ῥάϐδον</span> <span class='ocrx_word' id='word_1_461' title='bbox 3472 2981 3684 3051; x_wconf 75' lang='grc' dir='ltr'>ἔχοντα·</span> 
     </span>
    </p>
   </div>
   <div class='ocr_carea' id='block_1_63' title="bbox 412 3072 1996 3176">
    <p class='ocr_par' dir='ltr' id='par_1_63' title="bbox 412 3092 1996 3165">
     <span class='ocr_line' id='line_1_63' title="bbox 412 3092 1996 3165; baseline -0.003 -13"><span class='ocrx_word' id='word_1_462' title='bbox 412 3097 769 3159; x_wconf 87' lang='lat' dir='ltr'><strong>collustrans,</strong></span> <span class='ocrx_word' id='word_1_463' title='bbox 798 3108 1032 3165; x_wconf 88' lang='lat' dir='ltr'><strong>eumque</strong></span> <span class='ocrx_word' id='word_1_464' title='bbox 1072 3093 1303 3149; x_wconf 84' lang='lat' dir='ltr'><strong>terribili</strong></span> <span class='ocrx_word' id='word_1_465' title='bbox 1339 3101 1561 3162; x_wconf 87' lang='lat' dir='ltr'><strong>aspectu</strong></span> <span class='ocrx_word' id='word_1_466' title='bbox 1609 3092 1852 3159; x_wconf 89' lang='lat' dir='ltr'><strong>intuens,</strong></span> <span class='ocrx_word' id='word_1_467' title='bbox 1882 3108 1996 3148; x_wconf 86' lang='lat' dir='ltr'><strong>au—</strong></span> 
     </span>
    </p>
   </div>
   <div class='ocr_carea' id='block_1_64' title="bbox 2101 3072 3690 3176">
    <p class='ocr_par' dir='ltr' id='par_1_64' title="bbox 2103 3072 3690 3169">
     <span class='ocr_line' id='line_1_64' title="bbox 2103 3072 3690 3169; baseline -0.021 -16"><span class='ocrx_word' id='word_1_468' title='bbox 2103 3099 2244 3169; x_wconf 73' lang='grc' dir='ltr'>φωτὶ</span> <span class='ocrx_word' id='word_1_469' title='bbox 2292 3096 2350 3149; x_wconf 82' lang='grc' dir='ltr'>δὲ</span> <span class='ocrx_word' id='word_1_470' title='bbox 2404 3094 2504 3164; x_wconf 78' lang='grc' dir='ltr'><strong>τὴν</strong></span> <span class='ocrx_word' id='word_1_471' title='bbox 2566 3088 2742 3143; x_wconf 76' lang='grc' dir='ltr'>οἰκίαν</span> <span class='ocrx_word' id='word_1_472' title='bbox 2803 3085 2986 3154; x_wconf 80' lang='grc' dir='ltr'>πολλῷ</span> <span class='ocrx_word' id='word_1_473' title='bbox 3041 3078 3494 3148; x_wconf 79' lang='grc' dir='ltr'>καταλάμποντα.</span> <span class='ocrx_word' id='word_1_474' title='bbox 3576 3072 3690 3123; x_wconf 71' lang='grc' dir='ltr'><strong>Καὶ</strong></span> 
     </span>
    </p>
   </div>
   <div class='ocr_carea' id='block_1_65' title="bbox 416 3182 1999 3252">
    <p class='ocr_par' dir='ltr' id='par_1_65' title="bbox 416 3182 1999 3252">
     <span class='ocr_line' id='line_1_65' title="bbox 416 3182 1999 3252; baseline -0.003 -9"><span class='ocrx_word' id='word_1_475' title='bbox 416 3197 565 3244; x_wconf 86' lang='lat' dir='ltr'><strong>stera</strong></span> <span class='ocrx_word' id='word_1_476' title='bbox 597 3201 728 3242; x_wconf 85' lang='lat' dir='ltr'><strong>voce</strong></span> <span class='ocrx_word' id='word_1_477' title='bbox 757 3185 939 3240; x_wconf 88' lang='lat' dir='ltr'><strong>dicere</strong></span> <span class='ocrx_word' id='word_1_478' title='bbox 967 3202 981 3239; x_wconf 91' lang='lat'><strong>:</strong></span> <span class='ocrx_word' id='word_1_479' title='bbox 1010 3183 1278 3250; x_wconf 81' lang='lat' dir='ltr'><strong>Quidnam</strong></span> <span class='ocrx_word' id='word_1_480' title='bbox 1318 3196 1471 3252; x_wconf 79' lang='lat' dir='ltr'><strong>ergo,</strong></span> <span class='ocrx_word' id='word_1_481' title='bbox 1512 3196 1546 3237; x_wconf 85' lang='grc' dir='ltr'>ο</span> <span class='ocrx_word' id='word_1_482' title='bbox 1583 3182 1801 3247; x_wconf 86' lang='lat' dir='ltr'><strong>stolide,</strong></span> <span class='ocrx_word' id='word_1_483' title='bbox 1833 3196 1999 3238; x_wconf 90' lang='lat' dir='ltr'><strong>ausus</strong></span> 
     </span>
    </p>
   </div>
   <div class='ocr_carea' id='block_1_66' title="bbox 411 3274 2002 3350">
    <p class='ocr_par' dir='ltr' id='par_1_66' title="bbox 411 3274 2002 3350">
     <span class='ocr_line' id='line_1_66' title="bbox 411 3274 2002 3350; baseline -0.003 -13"><span class='ocrx_word' id='word_1_484' title='bbox 411 3297 473 3337; x_wconf 86' lang='lat' dir='ltr'><strong>es</strong></span> <span class='ocrx_word' id='word_1_485' title='bbox 522 3280 581 3335; x_wconf 91' lang='lat' dir='ltr'><strong>in</strong></span> <span class='ocrx_word' id='word_1_486' title='bbox 633 3293 852 3350; x_wconf 86' lang='lat' dir='ltr'><strong>capsam</strong></span> <span class='ocrx_word' id='word_1_487' title='bbox 885 3275 1209 3347; x_wconf 84' lang='lat' dir='ltr'><strong>Entbymii?</strong></span> <span class='ocrx_word' id='word_1_488' title='bbox 1253 3274 1386 3329; x_wconf 84' lang='lat' dir='ltr'><strong>Eum</strong></span> <span class='ocrx_word' id='word_1_489' title='bbox 1421 3284 1636 3343; x_wconf 90' lang='lat' dir='ltr'><strong>autem,</strong></span> <span class='ocrx_word' id='word_1_490' title='bbox 1677 3290 1773 3331; x_wconf 91' lang='lat' dir='ltr'><strong>ore</strong></span> <span class='ocrx_word' id='word_1_491' title='bbox 1800 3276 2002 3332; x_wconf 88' lang='lat' dir='ltr'><strong>obstri-</strong></span> 
     </span>
    </p>
   </div>
   <div class='ocr_carea' id='block_1_67' title="bbox 411 3364 1999 3438">
    <p class='ocr_par' dir='ltr' id='par_1_67' title="bbox 411 3364 1999 3438">
     <span class='ocr_line' id='line_1_67' title="bbox 411 3364 1999 3438; baseline -0.003 -14"><span class='ocrx_word' id='word_1_492' title='bbox 411 3382 587 3432; x_wconf 89' lang='lat' dir='ltr'><strong>ctum,</strong></span> <span class='ocrx_word' id='word_1_493' title='bbox 620 3367 864 3438; x_wconf 85' lang='lat' dir='ltr'><strong>nihilque</strong></span> <span class='ocrx_word' id='word_1_494' title='bbox 896 3366 1141 3421; x_wconf 84' lang='lat' dir='ltr'><strong>invenire</strong></span> <span class='ocrx_word' id='word_1_495' title='bbox 1182 3364 1450 3421; x_wconf 88' lang='lat' dir='ltr'><strong>valentem</strong></span> <span class='ocrx_word' id='word_1_496' title='bbox 1485 3380 1585 3437; x_wconf 92' lang='lat' dir='ltr'><strong>pro</strong></span> <span class='ocrx_word' id='word_1_497' title='bbox 1624 3367 1999 3431; x_wconf 80' lang='lat' dir='ltr'><strong>excusatione,</strong></span> 
     </span>
    </p>
   </div>
   <div class='ocr_carea' id='block_1_68' title="bbox 412 3456 2001 3528">
    <p class='ocr_par' dir='ltr' id='par_1_68' title="bbox 412 3456 2001 3528">
     <span class='ocr_line' id='line_1_68' title="bbox 412 3456 2001 3528; baseline -0.002 -12"><span class='ocrx_word' id='word_1_498' title='bbox 412 3462 509 3517; x_wconf 86' lang='lat' dir='ltr'><strong>sed</strong></span> <span class='ocrx_word' id='word_1_499' title='bbox 555 3462 728 3516; x_wconf 89' lang='lat' dir='ltr'><strong>instar</strong></span> <span class='ocrx_word' id='word_1_500' title='bbox 769 3460 904 3514; x_wconf 91' lang='lat' dir='ltr'><strong>muti</strong></span> <span class='ocrx_word' id='word_1_501' title='bbox 950 3458 1131 3528; x_wconf 75' lang='lat' dir='ltr'><strong>lingua</strong></span> <span class='ocrx_word' id='word_1_502' title='bbox 1182 3456 1558 3528; x_wconf 67' lang='lat' dir='ltr'><strong>prmpeditum.</strong></span> <span class='ocrx_word' id='word_1_503' title='bbox 1599 3458 1785 3513; x_wconf 87' lang='lat' dir='ltr'><strong>statim</strong></span> <span class='ocrx_word' id='word_1_504' title='bbox 1835 3459 2001 3513; x_wconf 90' lang='lat' dir='ltr'><strong>tradi-</strong></span> 
     </span>
    </p>
   </div>
   <div class='ocr_carea' id='block_1_69' title="bbox 412 3549 2002 3621">
    <p class='ocr_par' dir='ltr' id='par_1_69' title="bbox 412 3549 2002 3621">
     <span class='ocr_line' id='line_1_69' title="bbox 412 3549 2002 3621; baseline -0.001 -15"><span class='ocrx_word' id='word_1_505' title='bbox 412 3554 562 3608; x_wconf 83' lang='lat' dir='ltr'><strong>disse</strong></span> <span class='ocrx_word' id='word_1_506' title='bbox 590 3551 659 3607; x_wconf 88' lang='lat' dir='ltr'><strong>iis</strong></span> <span class='ocrx_word' id='word_1_507' title='bbox 679 3551 771 3621; x_wconf 92' lang='lat' dir='ltr'><strong>qui</strong></span> <span class='ocrx_word' id='word_1_508' title='bbox 801 3551 948 3606; x_wconf 83' lang='lat' dir='ltr'><strong>circa</strong></span> <span class='ocrx_word' id='word_1_509' title='bbox 973 3565 1033 3605; x_wconf 90' lang='lat' dir='ltr'><strong>se</strong></span> <span class='ocrx_word' id='word_1_510' title='bbox 1055 3557 1215 3605; x_wconf 90' lang='lat' dir='ltr'><strong>erant</strong></span> <span class='ocrx_word' id='word_1_511' title='bbox 1231 3557 1285 3605; x_wconf 90' lang='lat' dir='ltr'><strong>et</strong></span> <span class='ocrx_word' id='word_1_512' title='bbox 1301 3549 1533 3620; x_wconf 89' lang='lat' dir='ltr'><strong>jussisse</strong></span> <span class='ocrx_word' id='word_1_513' title='bbox 1555 3549 1735 3619; x_wconf 90' lang='lat' dir='ltr'><strong>puniri</strong></span> <span class='ocrx_word' id='word_1_514' title='bbox 1764 3566 1780 3616; x_wconf 90' lang='lat'><strong>;</strong></span> <span class='ocrx_word' id='word_1_515' title='bbox 1802 3550 2002 3607; x_wconf 84' lang='lat' dir='ltr'><strong>deinde</strong></span> 
     </span>
    </p>
   </div>
   <div class='ocr_carea' id='block_1_70' title="bbox 414 3637 1999 3712">
    <p class='ocr_par' dir='ltr' id='par_1_70' title="bbox 414 3637 1999 3712">
     <span class='ocr_line' id='line_1_70' title="bbox 414 3637 1999 3712; baseline -0.003 -15"><span class='ocrx_word' id='word_1_516' title='bbox 414 3658 537 3697; x_wconf 82' lang='lat' dir='ltr'><strong>cum</strong></span> <span class='ocrx_word' id='word_1_517' title='bbox 563 3652 797 3712; x_wconf 86' lang='lat' dir='ltr'><strong>quatuor</strong></span> <span class='ocrx_word' id='word_1_518' title='bbox 827 3655 951 3694; x_wconf 86' lang='lat' dir='ltr'><strong>cum</strong></span> <span class='ocrx_word' id='word_1_519' title='bbox 995 3637 1405 3703; x_wconf 86' lang='lat' dir='ltr'><strong>distendissent,</strong></span> <span class='ocrx_word' id='word_1_520' title='bbox 1461 3638 1654 3709; x_wconf 87' lang='lat' dir='ltr'><strong>quinto</strong></span> <span class='ocrx_word' id='word_1_521' title='bbox 1701 3638 1906 3710; x_wconf 70' lang='lat' dir='ltr'><strong>virgam</strong></span> <span class='ocrx_word' id='word_1_522' title='bbox 1948 3640 1999 3693; x_wconf 93' lang='lat' dir='ltr'><strong>in</strong></span> 
     </span>
    </p>
   </div>
   <div class='ocr_carea' id='block_1_71' title="bbox 414 3732 2001 3797">
    <p class='ocr_par' dir='ltr' id='par_1_71' title="bbox 414 3732 2001 3797">
     <span class='ocr_line' id='line_1_71' title="bbox 414 3732 2001 3797; baseline 0.002 -10"><span class='ocrx_word' id='word_1_523' title='bbox 414 3748 637 3789; x_wconf 84' lang='lat' dir='ltr'><strong>manum</strong></span> <span class='ocrx_word' id='word_1_524' title='bbox 685 3732 998 3797; x_wconf 88' lang='lat' dir='ltr'><strong>tradidisse,</strong></span> <span class='ocrx_word' id='word_1_525' title='bbox 1042 3741 1099 3788; x_wconf 91' lang='lat' dir='ltr'><strong>et</strong></span> <span class='ocrx_word' id='word_1_526' title='bbox 1146 3732 1438 3788; x_wconf 87' lang='lat' dir='ltr'><strong>mandasse</strong></span> <span class='ocrx_word' id='word_1_527' title='bbox 1492 3741 1552 3787; x_wconf 92' lang='lat' dir='ltr'><strong>ut</strong></span> <span class='ocrx_word' id='word_1_528' title='bbox 1590 3732 1770 3788; x_wconf 85' lang='lat' dir='ltr'><strong>valide</strong></span> <span class='ocrx_word' id='word_1_529' title='bbox 1815 3735 2001 3790; x_wconf 79' lang='lat' dir='ltr'><strong>verbe-</strong></span> 
     </span>
    </p>
   </div>
   <div class='ocr_carea' id='block_1_72' title="bbox 413 3824 2002 3895">
    <p class='ocr_par' dir='ltr' id='par_1_72' title="bbox 413 3824 2002 3895">
     <span class='ocr_line' id='line_1_72' title="bbox 413 3824 2002 3895; baseline 0 -14"><span class='ocrx_word' id='word_1_530' title='bbox 413 3834 599 3894; x_wconf 79' lang='lat' dir='ltr'><strong>raret;</strong></span> <span class='ocrx_word' id='word_1_531' title='bbox 630 3840 697 3881; x_wconf 91' lang='lat' dir='ltr'><strong>ne</strong></span> <span class='ocrx_word' id='word_1_532' title='bbox 725 3833 870 3881; x_wconf 83' lang='lat' dir='ltr'><strong>esset</strong></span> <span class='ocrx_word' id='word_1_533' title='bbox 906 3824 1001 3880; x_wconf 85' lang='lat' dir='ltr'><strong>Dei</strong></span> <span class='ocrx_word' id='word_1_534' title='bbox 1042 3833 1407 3895; x_wconf 86' lang='lat' dir='ltr'><strong>contemptor,</strong></span> <span class='ocrx_word' id='word_1_535' title='bbox 1447 3838 1546 3880; x_wconf 89' lang='lat' dir='ltr'><strong>nec</strong></span> <span class='ocrx_word' id='word_1_536' title='bbox 1587 3825 1856 3895; x_wconf 62' lang='lat' dir='ltr'><strong>periurus,</strong></span> <span class='ocrx_word' id='word_1_537' title='bbox 1902 3843 2002 3882; x_wconf 87' lang='lat' dir='ltr'><strong>nec</strong></span> 
     </span>
    </p>
   </div>
   <div class='ocr_carea' id='block_1_73' title="bbox 412 3915 2003 3990">
    <p class='ocr_par' dir='ltr' id='par_1_73' title="bbox 412 3915 2003 3990">
     <span class='ocr_line' id='line_1_73' title="bbox 412 3915 2003 3990; baseline 0.002 -18"><span class='ocrx_word' id='word_1_538' title='bbox 412 3918 696 3973; x_wconf 82' lang='lat' dir='ltr'><strong>fraudator</strong></span> <span class='ocrx_word' id='word_1_539' title='bbox 751 3917 1077 3973; x_wconf 85' lang='lat' dir='ltr'><strong>alienorum.</strong></span> <span class='ocrx_word' id='word_1_540' title='bbox 1120 3915 1220 3972; x_wconf 87' lang='lat' dir='ltr'><strong>Ubi</strong></span> <span class='ocrx_word' id='word_1_541' title='bbox 1262 3931 1393 3972; x_wconf 86' lang='lat' dir='ltr'><strong>vero</strong></span> <span class='ocrx_word' id='word_1_542' title='bbox 1426 3916 1575 3972; x_wconf 85' lang='lat' dir='ltr'><strong>visus</strong></span> <span class='ocrx_word' id='word_1_543' title='bbox 1608 3925 1693 3972; x_wconf 91' lang='lat' dir='ltr'><strong>est</strong></span> <span class='ocrx_word' id='word_1_544' title='bbox 1725 3919 2003 3990; x_wconf 70' lang='lat' dir='ltr'><strong>acet-pisse</strong></span> 
     </span>
    </p>
   </div>
   <div class='ocr_carea' id='block_1_74' title="bbox 412 4008 2000 4081">
    <p class='ocr_par' dir='ltr' id='par_1_74' title="bbox 412 4008 2000 4081">
     <span class='ocr_line' id='line_1_74' title="bbox 412 4008 2000 4081; baseline 0 -15"><span class='ocrx_word' id='word_1_545' title='bbox 412 4011 547 4066; x_wconf 84' lang='lat' dir='ltr'><strong>satis</strong></span> <span class='ocrx_word' id='word_1_546' title='bbox 592 4010 898 4081; x_wconf 74' lang='lat' dir='ltr'><strong>plagarum,</strong></span> <span class='ocrx_word' id='word_1_547' title='bbox 935 4022 1184 4077; x_wconf 86' lang='lat' dir='ltr'><strong>repressa</strong></span> <span class='ocrx_word' id='word_1_548' title='bbox 1237 4024 1399 4063; x_wconf 90' lang='lat' dir='ltr'><strong>manu</strong></span> <span class='ocrx_word' id='word_1_549' title='bbox 1452 4008 1831 4073; x_wconf 87' lang='lat' dir='ltr'><strong>adolescentis,</strong></span> <span class='ocrx_word' id='word_1_550' title='bbox 1878 4026 2000 4067; x_wconf 90' lang='lat' dir='ltr'><strong>eum</strong></span> 
     </span>
    </p>
   </div>
   <div class='ocr_carea' id='block_1_75' title="bbox 415 4097 2005 4171">
    <p class='ocr_par' dir='ltr' id='par_1_75' title="bbox 415 4097 2005 4171">
     <span class='ocr_line' id='line_1_75' title="bbox 415 4097 2005 4171; baseline 0.003 -17"><span class='ocrx_word' id='word_1_551' title='bbox 415 4099 780 4171; x_wconf 84' lang='lat' dir='ltr'><strong>apprehendit</strong></span> <span class='ocrx_word' id='word_1_552' title='bbox 808 4098 1044 4168; x_wconf 84' lang='lat' dir='ltr'><strong>capillis,</strong></span> <span class='ocrx_word' id='word_1_553' title='bbox 1069 4104 1124 4152; x_wconf 87' lang='lat' dir='ltr'><strong>et</strong></span> <span class='ocrx_word' id='word_1_554' title='bbox 1162 4098 1237 4152; x_wconf 91' lang='lat' dir='ltr'><strong>ait</strong></span> <span class='ocrx_word' id='word_1_555' title='bbox 1275 4116 1288 4152; x_wconf 91' lang='lat'><strong>:</strong></span> <span class='ocrx_word' id='word_1_556' title='bbox 1324 4097 1461 4154; x_wconf 85' lang='lat' dir='ltr'><strong>Num</strong></span> <span class='ocrx_word' id='word_1_557' title='bbox 1483 4100 1649 4165; x_wconf 90' lang='lat' dir='ltr'><strong>nosti,</strong></span> <span class='ocrx_word' id='word_1_558' title='bbox 1675 4101 1857 4169; x_wconf 89' lang='lat' dir='ltr'><strong>impie,</strong></span> <span class='ocrx_word' id='word_1_559' title='bbox 1881 4117 2005 4159; x_wconf 86' lang='lat' dir='ltr'><strong>esse</strong></span> 
     </span>
    </p>
   </div>
   <div class='ocr_carea' id='block_1_76' title="bbox 414 4188 2005 4264">
    <p class='ocr_par' dir='ltr' id='par_1_76' title="bbox 414 4188 2005 4264">
     <span class='ocr_line' id='line_1_76' title="bbox 414 4188 2005 4264; baseline 0.004 -19"><span class='ocrx_word' id='word_1_560' title='bbox 414 4192 582 4247; x_wconf 90' lang='lat' dir='ltr'><strong>Deum</strong></span> <span class='ocrx_word' id='word_1_561' title='bbox 619 4232 634 4256; x_wconf 93' lang='lat'><strong>,</strong></span> <span class='ocrx_word' id='word_1_562' title='bbox 675 4191 766 4259; x_wconf 85' lang='lat' dir='ltr'><strong>qui</strong></span> <span class='ocrx_word' id='word_1_563' title='bbox 804 4189 933 4243; x_wconf 87' lang='lat' dir='ltr'><strong>talia</strong></span> <span class='ocrx_word' id='word_1_564' title='bbox 962 4189 1014 4243; x_wconf 89' lang='lat' dir='ltr'><strong>in</strong></span> <span class='ocrx_word' id='word_1_565' title='bbox 1060 4198 1204 4243; x_wconf 88' lang='lat' dir='ltr'><strong>terra</strong></span> <span class='ocrx_word' id='word_1_566' title='bbox 1246 4188 1486 4258; x_wconf 78' lang='lat' dir='ltr'><strong>iudicet?</strong></span> <span class='ocrx_word' id='word_1_567' title='bbox 1513 4188 1654 4246; x_wconf 89' lang='lat' dir='ltr'><strong>Ecce</strong></span> <span class='ocrx_word' id='word_1_568' title='bbox 1688 4193 1873 4264; x_wconf 89' lang='lat' dir='ltr'><strong>utique</strong></span> <span class='ocrx_word' id='word_1_569' title='bbox 1902 4196 2005 4252; x_wconf 90' lang='lat' dir='ltr'><strong>hac</strong></span> 
     </span>
    </p>
   </div>
   <div class='ocr_carea' id='block_1_77' title="bbox 425 4280 2004 4350">
    <p class='ocr_par' dir='ltr' id='par_1_77' title="bbox 425 4280 2004 4350">
     <span class='ocr_line' id='line_1_77' title="bbox 425 4280 2004 4350; baseline 0.003 -16"><span class='ocrx_word' id='word_1_570' title='bbox 425 4289 582 4336; x_wconf 88' lang='lat' dir='ltr'><strong>nocte</strong></span> <span class='ocrx_word' id='word_1_571' title='bbox 613 4280 852 4334; x_wconf 90' lang='lat' dir='ltr'><strong>animam</strong></span> <span class='ocrx_word' id='word_1_572' title='bbox 900 4287 1045 4332; x_wconf 90' lang='lat' dir='ltr'><strong>tuam</strong></span> <span class='ocrx_word' id='word_1_573' title='bbox 1080 4288 1333 4348; x_wconf 85' lang='lat' dir='ltr'><strong>repetunt</strong></span> <span class='ocrx_word' id='word_1_574' title='bbox 1377 4293 1406 4331; x_wconf 86' lang='lat' dir='ltr'><strong>a</strong></span> <span class='ocrx_word' id='word_1_575' title='bbox 1443 4286 1675 4350; x_wconf 78' lang='lat' dir='ltr'><strong>te;qua:</strong></span> <span class='ocrx_word' id='word_1_576' title='bbox 1722 4298 1850 4339; x_wconf 86' lang='lat' dir='ltr'><strong>vero</strong></span> <span class='ocrx_word' id='word_1_577' title='bbox 1900 4284 2004 4339; x_wconf 87' lang='lat' dir='ltr'><strong>im-</strong></span> 
     </span>
    </p>
   </div>
   <div class='ocr_carea' id='block_1_78' title="bbox 2105 3164 3688 3261">
    <p class='ocr_par' dir='ltr' id='par_1_78' title="bbox 2105 3164 3688 3261">
     <span class='ocr_line' id='line_1_78' title="bbox 2105 3164 3688 3261; baseline -0.016 -19"><span class='ocrx_word' id='word_1_578' title='bbox 2105 3164 2352 3261; x_wconf 61' lang='grc' dir='ltr'>βλοσυρῷ</span> <span class='ocrx_word' id='word_1_579' title='bbox 2407 3182 2545 3254; x_wconf 75' lang='grc' dir='ltr'>πρὸς</span> <span class='ocrx_word' id='word_1_580' title='bbox 2601 3178 2766 3233; x_wconf 76' lang='grc' dir='ltr'>αὑτὸν</span> <span class='ocrx_word' id='word_1_581' title='bbox 2820 3176 3120 3247; x_wconf 80' lang='grc' dir='ltr'>βλέμματι,</span> <span class='ocrx_word' id='word_1_582' title='bbox 3173 3170 3272 3224; x_wconf 77' lang='grc' dir='ltr'><strong>καὶ</strong></span> <span class='ocrx_word' id='word_1_583' title='bbox 3326 3164 3578 3235; x_wconf 79' lang='grc' dir='ltr'>αὑστηρᾷ</span> <span class='ocrx_word' id='word_1_584' title='bbox 3619 3164 3688 3231; x_wconf 80' lang='grc' dir='ltr'>τῇ</span> 
     </span>
    </p>
   </div>
   <div class='ocr_carea' id='block_1_79' title="bbox 2104 3252 3690 3350">
    <p class='ocr_par' dir='ltr' id='par_1_79' title="bbox 2104 3252 3690 3350">
     <span class='ocr_line' id='line_1_79' title="bbox 2104 3252 3690 3350; baseline -0.02 -15"><span class='ocrx_word' id='word_1_585' title='bbox 2104 3252 2289 3350; x_wconf 49' lang='lat' dir='ltr'><strong>ipsum,</strong></span> <span class='ocrx_word' id='word_1_586' title='bbox 2323 3252 2389 3330; x_wconf 61' lang='lat' dir='ltr'><strong>;l&#39;i</strong></span> <span class='ocrx_word' id='word_1_587' title='bbox 2425 3252 2555 3328; x_wconf 84' lang='grc' dir='ltr'>ποτε</span> <span class='ocrx_word' id='word_1_588' title='bbox 2583 3270 2712 3342; x_wconf 79' lang='grc' dir='ltr'>ἄρα,</span> <span class='ocrx_word' id='word_1_589' title='bbox 2753 3269 2941 3337; x_wconf 72' lang='grc' dir='ltr'>φάναι,</span> <span class='ocrx_word' id='word_1_590' title='bbox 2972 3265 3193 3335; x_wconf 80' lang='grc' dir='ltr'>μάταιε,</span> <span class='ocrx_word' id='word_1_591' title='bbox 3223 3259 3365 3315; x_wconf 77' lang='grc' dir='ltr'>κατὰ</span> <span class='ocrx_word' id='word_1_592' title='bbox 3386 3258 3486 3328; x_wconf 83' lang='grc' dir='ltr'><strong>τῆς</strong></span> <span class='ocrx_word' id='word_1_593' title='bbox 3517 3252 3690 3307; x_wconf 62' lang='lat' dir='ltr'><strong>Euen-</strong></span> 
     </span>
    </p>
   </div>
   <div class='ocr_carea' id='block_1_80' title="bbox 2107 3347 3689 3443">
    <p class='ocr_par' dir='ltr' id='par_1_80' title="bbox 2107 3347 3689 3443">
     <span class='ocr_line' id='line_1_80' title="bbox 2107 3347 3689 3443; baseline -0.017 -18"><span class='ocrx_word' id='word_1_594' title='bbox 2107 3347 2441 3443; x_wconf 33' lang='grc' dir='ltr'>μίου-θήκης</span> <span class='ocrx_word' id='word_1_595' title='bbox 2472 3364 2814 3434; x_wconf 62' lang='grc' dir='ltr'>τετόλμηκας</span> <span class='ocrx_word' id='word_1_596' title='bbox 2838 3377 2852 3425; x_wconf 91' lang='grc'>;</span> <span class='ocrx_word' id='word_1_597' title='bbox 2886 3359 2977 3412; x_wconf 72' lang='grc' dir='ltr'><strong>τὸν</strong></span> <span class='ocrx_word' id='word_1_598' title='bbox 3000 3357 3058 3410; x_wconf 79' lang='grc' dir='ltr'>δὲ</span> <span class='ocrx_word' id='word_1_599' title='bbox 3091 3352 3409 3426; x_wconf 77' lang='grc' dir='ltr'>φιμωθέντα</span> <span class='ocrx_word' id='word_1_600' title='bbox 3437 3349 3572 3412; x_wconf 83' lang='grc' dir='ltr'>ὅλως</span> <span class='ocrx_word' id='word_1_601' title='bbox 3593 3347 3689 3400; x_wconf 77' lang='grc' dir='ltr'>καὶ</span> 
     </span>
    </p>
   </div>
   <div class='ocr_carea' id='block_1_81' title="bbox 2107 3438 3689 3534">
    <p class='ocr_par' dir='ltr' id='par_1_81' title="bbox 2107 3438 3689 3534">
     <span class='ocr_line' id='line_1_81' title="bbox 2107 3438 3689 3534; baseline -0.015 -18"><span class='ocrx_word' id='word_1_602' title='bbox 2107 3438 2274 3534; x_wconf 59' lang='grc' dir='ltr'>μηδὲν</span> <span class='ocrx_word' id='word_1_603' title='bbox 2320 3438 2501 3530; x_wconf 80' lang='grc' dir='ltr'>εὑρεῖν</span> <span class='ocrx_word' id='word_1_604' title='bbox 2532 3456 2613 3520; x_wconf 78' lang='grc' dir='ltr'>εἰς</span> <span class='ocrx_word' id='word_1_605' title='bbox 2646 3453 2955 3521; x_wconf 78' lang='grc' dir='ltr'>ἀπολογίαν</span> <span class='ocrx_word' id='word_1_606' title='bbox 2986 3449 3310 3519; x_wconf 79' lang='grc' dir='ltr'>δυνάμενον,</span> <span class='ocrx_word' id='word_1_607' title='bbox 3351 3438 3689 3511; x_wconf 61' lang='grc' dir='ltr'>ὰλλὰοκωφῷ</span> 
     </span>
    </p>
   </div>
   <div class='ocr_carea' id='block_1_82' title="bbox 2105 3532 3689 3625">
    <p class='ocr_par' dir='ltr' id='par_1_82' title="bbox 2105 3532 3689 3625">
     <span class='ocr_line' id='line_1_82' title="bbox 2105 3532 3689 3625; baseline -0.015 -18"><span class='ocrx_word' id='word_1_608' title='bbox 2105 3550 2507 3625; x_wconf 73' lang='grc' dir='ltr'>παραπλησίως</span> <span class='ocrx_word' id='word_1_609' title='bbox 2538 3548 2637 3617; x_wconf 82' lang='grc' dir='ltr'>τὴν</span> <span class='ocrx_word' id='word_1_610' title='bbox 2696 3545 2952 3614; x_wconf 87' lang='grc' dir='ltr'>γλῶτταν</span> <span class='ocrx_word' id='word_1_611' title='bbox 2999 3537 3397 3609; x_wconf 78' lang='grc' dir='ltr'>πεπεδημένον,</span> <span class='ocrx_word' id='word_1_612' title='bbox 3440 3532 3689 3587; x_wconf 77' lang='grc' dir='ltr'>ἐκδοῦναι</span> 
     </span>
    </p>
   </div>
   <div class='ocr_carea' id='block_1_83' title="bbox 2104 3624 3685 3718">
    <p class='ocr_par' dir='ltr' id='par_1_83' title="bbox 2104 3624 3685 3718">
     <span class='ocr_line' id='line_1_83' title="bbox 2104 3624 3685 3718; baseline -0.016 -17"><span class='ocrx_word' id='word_1_613' title='bbox 2104 3651 2215 3711; x_wconf 82' lang='grc' dir='ltr'>τοῖς</span> <span class='ocrx_word' id='word_1_614' title='bbox 2244 3646 2370 3718; x_wconf 73' lang='grc' dir='ltr'>περὶ</span> <span class='ocrx_word' id='word_1_615' title='bbox 2393 3642 2554 3697; x_wconf 73' lang='grc' dir='ltr'>αὐτὸν</span> <span class='ocrx_word' id='word_1_616' title='bbox 2578 3639 2780 3702; x_wconf 78' lang='grc' dir='ltr'>εὐθέως</span> <span class='ocrx_word' id='word_1_617' title='bbox 2809 3633 3277 3706; x_wconf 78' lang='grc' dir='ltr'>έγκελευσάμενον</span> <span class='ocrx_word' id='word_1_618' title='bbox 3300 3624 3685 3699; x_wconf 83' lang='grc' dir='ltr'>τιμωρεῖσθαι·</span> 
     </span>
    </p>
   </div>
   <div class='ocr_carea' id='block_1_84' title="bbox 2105 3718 3691 3804">
    <p class='ocr_par' dir='ltr' id='par_1_84' title="bbox 2105 3718 3691 3804">
     <span class='ocr_line' id='line_1_84' title="bbox 2105 3718 3691 3804; baseline -0.017 -11"><span class='ocrx_word' id='word_1_619' title='bbox 2105 3734 2229 3793; x_wconf 72' lang='grc' dir='ltr'>εἶτα</span> <span class='ocrx_word' id='word_1_620' title='bbox 2260 3736 2369 3791; x_wconf 88' lang='grc' dir='ltr'><strong>τῶν</strong></span> <span class='ocrx_word' id='word_1_621' title='bbox 2398 3734 2680 3804; x_wconf 77' lang='grc' dir='ltr'>τεσσάρων</span> <span class='ocrx_word' id='word_1_622' title='bbox 2707 3728 3091 3785; x_wconf 83' lang='grc' dir='ltr'>διατεινάντων</span> <span class='ocrx_word' id='word_1_623' title='bbox 3124 3722 3307 3789; x_wconf 78' lang='grc' dir='ltr'>αὑτὸν,</span> <span class='ocrx_word' id='word_1_624' title='bbox 3340 3719 3417 3791; x_wconf 78' lang='grc' dir='ltr'>τῷ</span> <span class='ocrx_word' id='word_1_625' title='bbox 3448 3718 3691 3787; x_wconf 81' lang='grc' dir='ltr'>πέμπτῳ</span> 
     </span>
    </p>
   </div>
   <div class='ocr_carea' id='block_1_85' title="bbox 2105 3809 3690 3903">
    <p class='ocr_par' dir='ltr' id='par_1_85' title="bbox 2105 3809 3690 3903">
     <span class='ocr_line' id='line_1_85' title="bbox 2105 3809 3690 3903; baseline -0.016 -18"><span class='ocrx_word' id='word_1_626' title='bbox 2105 3830 2408 3903; x_wconf 55' lang='grc' dir='ltr'>ἐγχειρίσαι</span> <span class='ocrx_word' id='word_1_627' title='bbox 2469 3827 2570 3897; x_wconf 87' lang='grc' dir='ltr'><strong>τὴν</strong></span> <span class='ocrx_word' id='word_1_628' title='bbox 2636 3823 2877 3896; x_wconf 73' lang='grc' dir='ltr'>ῥάϐδον,</span> <span class='ocrx_word' id='word_1_629' title='bbox 2940 3819 3036 3873; x_wconf 75' lang='grc' dir='ltr'><strong>καὶ</strong></span> <span class='ocrx_word' id='word_1_630' title='bbox 3094 3817 3324 3870; x_wconf 82' lang='grc' dir='ltr'>τύπτειν</span> <span class='ocrx_word' id='word_1_631' title='bbox 3379 3809 3690 3881; x_wconf 76' lang='grc' dir='ltr'>ἐπισκῆψαι</span> 
     </span>
    </p>
   </div>
   <div class='ocr_carea' id='block_1_86' title="bbox 2108 3905 3691 3993">
    <p class='ocr_par' dir='ltr' id='par_1_86' title="bbox 2108 3905 3691 3993">
     <span class='ocr_line' id='line_1_86' title="bbox 2108 3905 3691 3993; baseline -0.015 -14"><span class='ocrx_word' id='word_1_632' title='bbox 2108 3923 2370 3993; x_wconf 79' lang='grc' dir='ltr'>σφοδρῶς·</span> <span class='ocrx_word' id='word_1_633' title='bbox 2400 3923 2473 3984; x_wconf 85' lang='grc' dir='ltr'>ὡς</span> <span class='ocrx_word' id='word_1_634' title='bbox 2506 3921 2573 3975; x_wconf 77' lang='grc' dir='ltr'>ἂν</span> <span class='ocrx_word' id='word_1_635' title='bbox 2600 3919 2676 3990; x_wconf 85' lang='grc' dir='ltr'>μὴ</span> <span class='ocrx_word' id='word_1_636' title='bbox 2700 3913 3119 3986; x_wconf 78' lang='grc' dir='ltr'>καταφρονητὴς</span> <span class='ocrx_word' id='word_1_637' title='bbox 3147 3908 3304 3973; x_wconf 79' lang='grc' dir='ltr'>Θεοῦ,</span> <span class='ocrx_word' id='word_1_638' title='bbox 3339 3907 3472 3979; x_wconf 79' lang='grc' dir='ltr'>μηδὲ</span> <span class='ocrx_word' id='word_1_639' title='bbox 3501 3905 3691 3974; x_wconf 77' lang='grc' dir='ltr'>ἐπίορ-</span> 
     </span>
    </p>
   </div>
   <div class='ocr_carea' id='block_1_87' title="bbox 2104 3996 3690 4087">
    <p class='ocr_par' dir='ltr' id='par_1_87' title="bbox 2104 3996 3690 4087">
     <span class='ocr_line' id='line_1_87' title="bbox 2104 3996 3690 4087; baseline -0.015 -15"><span class='ocrx_word' id='word_1_640' title='bbox 2104 4033 2236 4083; x_wconf 89' lang='grc' dir='ltr'>κος,</span> <span class='ocrx_word' id='word_1_641' title='bbox 2297 4014 2433 4087; x_wconf 64' lang='grc' dir='ltr'>μηδὲ</span> <span class='ocrx_word' id='word_1_642' title='bbox 2477 4009 2864 4081; x_wconf 79' lang='grc' dir='ltr'>ἀποστερητὴς</span> <span class='ocrx_word' id='word_1_643' title='bbox 2900 4005 2986 4076; x_wconf 76' lang='grc' dir='ltr'><strong>εἴη</strong></span> <span class='ocrx_word' id='word_1_644' title='bbox 3021 4005 3130 4057; x_wconf 89' lang='grc' dir='ltr'><strong>τῶν</strong></span> <span class='ocrx_word' id='word_1_645' title='bbox 3167 4001 3483 4071; x_wconf 81' lang='grc' dir='ltr'>ἀλλοτρίων.</span> <span class='ocrx_word' id='word_1_646' title='bbox 3532 3996 3690 4050; x_wconf 77' lang='grc' dir='ltr'>Ἐπεὶ</span> 
     </span>
    </p>
   </div>
   <div class='ocr_carea' id='block_1_88' title="bbox 2103 4089 3690 4173">
    <p class='ocr_par' dir='ltr' id='par_1_88' title="bbox 2103 4089 3690 4173">
     <span class='ocr_line' id='line_1_88' title="bbox 2103 4089 3690 4173; baseline -0.014 -10"><span class='ocrx_word' id='word_1_647' title='bbox 2103 4110 2162 4163; x_wconf 74' lang='grc' dir='ltr'><strong>δὲ</strong></span> <span class='ocrx_word' id='word_1_648' title='bbox 2195 4107 2396 4170; x_wconf 79' lang='grc' dir='ltr'>ἱκανῶς</span> <span class='ocrx_word' id='word_1_649' title='bbox 2457 4105 2567 4158; x_wconf 89' lang='grc' dir='ltr'><strong>τῶν</strong></span> <span class='ocrx_word' id='word_1_650' title='bbox 2615 4102 2843 4173; x_wconf 77' lang='grc' dir='ltr'>πληγῶν</span> <span class='ocrx_word' id='word_1_651' title='bbox 2897 4097 3042 4167; x_wconf 74' lang='grc' dir='ltr'>ἔχειν</span> <span class='ocrx_word' id='word_1_652' title='bbox 3099 4094 3294 4158; x_wconf 66' lang='grc' dir='ltr'>ἐδόκει,</span> <span class='ocrx_word' id='word_1_653' title='bbox 3351 4092 3558 4161; x_wconf 85' lang='grc' dir='ltr'>στήσας</span> <span class='ocrx_word' id='word_1_654' title='bbox 3587 4089 3690 4159; x_wconf 75' lang='grc' dir='ltr'><strong>τὴν</strong></span> 
     </span>
    </p>
   </div>
   <div class='ocr_carea' id='block_1_89' title="bbox 2106 4181 3684 4273">
    <p class='ocr_par' dir='ltr' id='par_1_89' title="bbox 2106 4181 3684 4273">
     <span class='ocr_line' id='line_1_89' title="bbox 2106 4181 3684 4273; baseline -0.013 -21"><span class='ocrx_word' id='word_1_655' title='bbox 2106 4203 2265 4273; x_wconf 83' lang='grc' dir='ltr'>χεῖρα</span> <span class='ocrx_word' id='word_1_656' title='bbox 2312 4198 2390 4270; x_wconf 80' lang='grc' dir='ltr'>τῷ</span> <span class='ocrx_word' id='word_1_657' title='bbox 2436 4197 2729 4265; x_wconf 85' lang='grc' dir='ltr'>νεανίσκῳ,</span> <span class='ocrx_word' id='word_1_658' title='bbox 2772 4193 3006 4247; x_wconf 74' lang='grc' dir='ltr'>ἅπτεται</span> <span class='ocrx_word' id='word_1_659' title='bbox 3063 4187 3230 4241; x_wconf 78' lang='grc' dir='ltr'>αὑτοῦ</span> <span class='ocrx_word' id='word_1_660' title='bbox 3291 4183 3401 4238; x_wconf 91' lang='grc' dir='ltr'><strong>τῶν</strong></span> <span class='ocrx_word' id='word_1_661' title='bbox 3456 4181 3684 4252; x_wconf 85' lang='grc' dir='ltr'>τριχῶν,</span> 
     </span>
    </p>
   </div>
   <div class='ocr_carea' id='block_1_90' title="bbox 2107 4272 3690 4362">
    <p class='ocr_par' dir='ltr' id='par_1_90' title="bbox 2107 4272 3690 4362">
     <span class='ocr_line' id='line_1_90' title="bbox 2107 4272 3690 4362; baseline -0.014 -15"><span class='ocrx_word' id='word_1_662' title='bbox 2107 4292 2201 4347; x_wconf 71' lang='grc' dir='ltr'><strong>καί</strong></span> <span class='ocrx_word' id='word_1_663' title='bbox 2226 4308 2408 4362; x_wconf 74' lang='grc' dir='ltr'>φησιν’</span> <span class='ocrx_word' id='word_1_664' title='bbox 2441 4291 2622 4343; x_wconf 81' lang='grc' dir='ltr'>Ἥπου</span> <span class='ocrx_word' id='word_1_665' title='bbox 2644 4287 2836 4355; x_wconf 77' lang='grc' dir='ltr'>ἔγνως,</span> <span class='ocrx_word' id='word_1_666' title='bbox 2858 4285 3061 4349; x_wconf 70' lang='grc' dir='ltr'>ἀνόσιε,</span> <span class='ocrx_word' id='word_1_667' title='bbox 3086 4281 3160 4344; x_wconf 78' lang='grc' dir='ltr'>ὡς</span> <span class='ocrx_word' id='word_1_668' title='bbox 3186 4280 3295 4350; x_wconf 84' lang='grc' dir='ltr'>ἄρα</span> <span class='ocrx_word' id='word_1_669' title='bbox 3314 4273 3594 4339; x_wconf 81' lang='grc' dir='ltr'>ἔστιΘεδς.</span> <span class='ocrx_word' id='word_1_670' title='bbox 3619 4272 3690 4325; x_wconf 79' lang='grc' dir='ltr'>τὰ</span> 
     </span>
    </p>
   </div>
   <div class='ocr_carea' id='block_1_91' title="bbox 413 4366 1996 4453">
    <p class='ocr_par' dir='ltr' id='par_1_91' title="bbox 413 4368 1996 4444">
     <span class='ocr_line' id='line_1_91' title="bbox 413 4368 1996 4444; baseline 0.003 -17"><span class='ocrx_word' id='word_1_671' title='bbox 413 4371 585 4444; x_wconf 85' lang='lat' dir='ltr'><strong>probe</strong></span> <span class='ocrx_word' id='word_1_672' title='bbox 611 4370 912 4435; x_wconf 85' lang='lat' dir='ltr'><strong>abstulisti,</strong></span> <span class='ocrx_word' id='word_1_673' title='bbox 947 4370 1102 4438; x_wconf 77' lang='lat' dir='ltr'><strong>cujus</strong></span> <span class='ocrx_word' id='word_1_674' title='bbox 1132 4377 1296 4424; x_wconf 87' lang='lat' dir='ltr'><strong>erunt</strong></span> <span class='ocrx_word' id='word_1_675' title='bbox 1325 4368 1371 4401; x_wconf 74' lang='lat'>”</span> <span class='ocrx_word' id='word_1_676' title='bbox 1395 4369 1419 4424; x_wconf 73' lang='grc' dir='ltr'><strong><em>Ἰ</em></strong></span> <span class='ocrx_word' id='word_1_677' title='bbox 1442 4369 1569 4426; x_wconf 82' lang='lat' dir='ltr'><strong>ideo</strong></span> <span class='ocrx_word' id='word_1_678' title='bbox 1605 4381 1784 4429; x_wconf 86' lang='lat' dir='ltr'><strong>autem</strong></span> <span class='ocrx_word' id='word_1_679' title='bbox 1825 4376 1920 4432; x_wconf 90' lang='lat' dir='ltr'><strong>tibi</strong></span> <span class='ocrx_word' id='word_1_680' title='bbox 1948 4386 1996 4431; x_wconf 88' lang='lat' dir='ltr'><strong>et</strong></span> 
     </span>
    </p>
   </div>
   <div class='ocr_carea' id='block_1_92' title="bbox 2101 4366 3688 4453">
    <p class='ocr_par' dir='ltr' id='par_1_92' title="bbox 2107 4366 3688 4453">
     <span class='ocr_line' id='line_1_92' title="bbox 2107 4366 3688 4453; baseline -0.013 -16"><span class='ocrx_word' id='word_1_681' title='bbox 2107 4383 2334 4438; x_wconf 71' lang='grc' dir='ltr'>τοιαῦτα</span> <span class='ocrx_word' id='word_1_682' title='bbox 2379 4382 2583 4453; x_wconf 80' lang='grc' dir='ltr'>κρίνων</span> <span class='ocrx_word' id='word_1_683' title='bbox 2615 4382 2671 4432; x_wconf 86' lang='grc' dir='ltr'>ὲν</span> <span class='ocrx_word' id='word_1_684' title='bbox 2700 4381 2808 4450; x_wconf 76' lang='grc' dir='ltr'><strong>γῇ;</strong></span> <span class='ocrx_word' id='word_1_685' title='bbox 2841 4379 2949 4431; x_wconf 64' lang='grc' dir='ltr'><strong>ἰδοῦ</strong></span> <span class='ocrx_word' id='word_1_686' title='bbox 2978 4377 3043 4447; x_wconf 80' lang='grc' dir='ltr'>δὴ</span> <span class='ocrx_word' id='word_1_687' title='bbox 3074 4373 3249 4445; x_wconf 78' lang='grc' dir='ltr'>ταύτῃ</span> <span class='ocrx_word' id='word_1_688' title='bbox 3295 4373 3362 4441; x_wconf 84' lang='grc' dir='ltr'>τῇ</span> <span class='ocrx_word' id='word_1_689' title='bbox 3409 4369 3564 4421; x_wconf 71' lang='grc' dir='ltr'>νυκτὶ</span> <span class='ocrx_word' id='word_1_690' title='bbox 3587 4366 3688 4436; x_wconf 69' lang='grc' dir='ltr'>τὴν</span> 
     </span>
    </p>
   </div>
   <div class='ocr_carea' id='block_1_93' title="bbox 415 4431 1996 4547">
    <p class='ocr_par' dir='ltr' id='par_1_93' title="bbox 415 4431 1996 4534">
     <span class='ocr_line' id='line_1_93' title="bbox 415 4431 1996 4534; baseline 0.003 -15"><span class='ocrx_word' id='word_1_691' title='bbox 415 4468 519 4521; x_wconf 89' lang='lat' dir='ltr'><strong>hoc</strong></span> <span class='ocrx_word' id='word_1_692' title='bbox 553 4465 736 4519; x_wconf 88' lang='lat' dir='ltr'><strong>intulit</strong></span> <span class='ocrx_word' id='word_1_693' title='bbox 764 4461 1114 4534; x_wconf 87' lang='lat' dir='ltr'><strong>supplicium,</strong></span> <span class='ocrx_word' id='word_1_694' title='bbox 1155 4473 1215 4517; x_wconf 93' lang='lat' dir='ltr'><strong>ut</strong></span> <span class='ocrx_word' id='word_1_695' title='bbox 1253 4476 1318 4517; x_wconf 74' lang='lat' dir='ltr'><strong>ex</strong></span> <span class='ocrx_word' id='word_1_696' title='bbox 1359 4477 1425 4517; x_wconf 93' lang='lat' dir='ltr'><strong>eo</strong></span> <span class='ocrx_word' id='word_1_697' title='bbox 1454 4463 1545 4518; x_wconf 90' lang='lat' dir='ltr'><strong>alii</strong></span> <span class='ocrx_word' id='word_1_698' title='bbox 1587 4466 1822 4522; x_wconf 89' lang='lat' dir='ltr'><strong>evadant</strong></span> <span class='ocrx_word' id='word_1_699' title='bbox 1877 4431 1996 4524; x_wconf 87' lang='lat' dir='ltr'><strong>me-</strong></span> 
     </span>
    </p>
   </div>
   <div class='ocr_carea' id='block_1_94' title="bbox 2101 4431 3690 4547">
    <p class='ocr_par' dir='ltr' id='par_1_94' title="bbox 2106 4431 3690 4547">
     <span class='ocr_line' id='line_1_94' title="bbox 2119 4431 3657 4453; baseline -0.002 -9"><span class='ocrx_word' id='word_1_700' title='bbox 2119 4431 2334 4438; x_wconf 53' lang='grc' dir='ltr'><strong><em>---ν--η</em></strong></span> <span class='ocrx_word' id='word_1_701' title='bbox 2619 4431 2628 4432; x_wconf 42' lang='grc' dir='ltr'><em>κ</em></span> <span class='ocrx_word' id='word_1_702' title='bbox 2713 4431 2808 4450; x_wconf 79' lang='lat'><strong>...,</strong></span> <span class='ocrx_word' id='word_1_703' title='bbox 3032 4431 3043 4447; x_wconf 93' lang='lat'><strong>.</strong></span> <span class='ocrx_word' id='word_1_704' title='bbox 3222 4431 3249 4445; x_wconf 92' lang='lat'><strong>..</strong></span> <span class='ocrx_word' id='word_1_705' title='bbox 3337 4431 3362 4441; x_wconf 92' lang='lat'><strong>..</strong></span> <span class='ocrx_word' id='word_1_706' title='bbox 3645 4431 3657 4436; x_wconf 78' lang='lat'><strong>-</strong></span> 
     </span>
     <span class='ocr_line' id='line_1_95' title="bbox 2106 4458 3690 4547; baseline -0.013 -17"><span class='ocrx_word' id='word_1_707' title='bbox 2106 4477 2288 4547; x_wconf 74' lang='grc' dir='ltr'>ψυχήν</span> <span class='ocrx_word' id='word_1_708' title='bbox 2319 4462 2410 4529; x_wconf 75' lang='grc' dir='ltr'><strong>σου</strong></span> <span class='ocrx_word' id='word_1_709' title='bbox 2435 4471 2760 4527; x_wconf 79' lang='grc' dir='ltr'>ἀπαιτοῦσιν</span> <span class='ocrx_word' id='word_1_710' title='bbox 2792 4470 2901 4525; x_wconf 64' lang='grc' dir='ltr'><strong>ἀπὸ</strong></span> <span class='ocrx_word' id='word_1_711' title='bbox 2949 4468 3064 4523; x_wconf 79' lang='grc' dir='ltr'>σοῦ·</span> <span class='ocrx_word' id='word_1_712' title='bbox 3094 4466 3128 4521; x_wconf 78' lang='grc' dir='ltr'>ἂ</span> <span class='ocrx_word' id='word_1_713' title='bbox 3159 4465 3216 4519; x_wconf 81' lang='grc' dir='ltr'><strong>δὲ</strong></span> <span class='ocrx_word' id='word_1_714' title='bbox 3247 4462 3430 4526; x_wconf 84' lang='grc' dir='ltr'>κακῶς</span> <span class='ocrx_word' id='word_1_715' title='bbox 3455 4458 3690 4516; x_wconf 83' lang='grc' dir='ltr'>ἀπεστέ-</span> 
     </span>
    </p>
   </div>
   <div class='ocr_carea' id='block_1_95' title="bbox 412 4554 1996 4630">
    <p class='ocr_par' dir='ltr' id='par_1_95' title="bbox 412 4554 1996 4630">
     <span class='ocr_line' id='line_1_96' title="bbox 412 4554 1996 4630; baseline 0.003 -18"><span class='ocrx_word' id='word_1_716' title='bbox 412 4558 607 4626; x_wconf 81' lang='lat' dir='ltr'><strong>liores,</strong></span> <span class='ocrx_word' id='word_1_717' title='bbox 645 4566 701 4613; x_wconf 86' lang='lat' dir='ltr'><strong>et</strong></span> <span class='ocrx_word' id='word_1_718' title='bbox 752 4555 979 4629; x_wconf 64' lang='lat' dir='ltr'><strong>periurii</strong></span> <span class='ocrx_word' id='word_1_719' title='bbox 1034 4554 1337 4625; x_wconf 84' lang='lat' dir='ltr'><strong>periculum</strong></span> <span class='ocrx_word' id='word_1_720' title='bbox 1390 4555 1620 4625; x_wconf 77' lang='lat' dir='ltr'><strong>fugiant,</strong></span> <span class='ocrx_word' id='word_1_721' title='bbox 1668 4574 1764 4614; x_wconf 87' lang='lat' dir='ltr'><strong>seu</strong></span> <span class='ocrx_word' id='word_1_722' title='bbox 1814 4562 1996 4630; x_wconf 88' lang='lat' dir='ltr'><strong>potius</strong></span> 
     </span>
    </p>
   </div>
   <div class='ocr_carea' id='block_1_96' title="bbox 416 4650 1988 4723">
    <p class='ocr_par' dir='ltr' id='par_1_96' title="bbox 416 4650 1988 4723">
     <span class='ocr_line' id='line_1_97' title="bbox 416 4650 1988 4723; baseline 0.004 -18"><span class='ocrx_word' id='word_1_723' title='bbox 416 4651 591 4723; x_wconf 82' lang='lat' dir='ltr'><strong>ipsum</strong></span> <span class='ocrx_word' id='word_1_724' title='bbox 619 4654 840 4706; x_wconf 87' lang='lat' dir='ltr'><strong>omnino</strong></span> <span class='ocrx_word' id='word_1_725' title='bbox 878 4651 1269 4719; x_wconf 79' lang='lat' dir='ltr'><strong>juranientum,</strong></span> <span class='ocrx_word' id='word_1_726' title='bbox 1306 4650 1408 4704; x_wconf 89' lang='lat' dir='ltr'><strong>etsi</strong></span> <span class='ocrx_word' id='word_1_727' title='bbox 1443 4664 1567 4704; x_wconf 85' lang='lat' dir='ltr'><strong>vera</strong></span> <span class='ocrx_word' id='word_1_728' title='bbox 1608 4650 1718 4705; x_wconf 89' lang='lat' dir='ltr'><strong>sint</strong></span> <span class='ocrx_word' id='word_1_729' title='bbox 1769 4652 1988 4711; x_wconf 90' lang='lat' dir='ltr'><strong>dicturi.</strong></span> 
     </span>
    </p>
   </div>
   <div class='ocr_carea' id='block_1_97' title="bbox 2107 4551 3689 4641">
    <p class='ocr_par' dir='ltr' id='par_1_97' title="bbox 2107 4551 3689 4641">
     <span class='ocr_line' id='line_1_98' title="bbox 2107 4551 3689 4641; baseline -0.014 -17"><span class='ocrx_word' id='word_1_730' title='bbox 2107 4587 2303 4641; x_wconf 80' lang='grc' dir='ltr'>ρησας,</span> <span class='ocrx_word' id='word_1_731' title='bbox 2331 4570 2436 4622; x_wconf 78' lang='grc' dir='ltr'>τίνι</span> <span class='ocrx_word' id='word_1_732' title='bbox 2460 4568 2633 4633; x_wconf 78' lang='grc' dir='ltr'>ἕσται;</span> <span class='ocrx_word' id='word_1_733' title='bbox 2662 4565 2750 4618; x_wconf 74' lang='grc' dir='ltr'><strong>διὰ</strong></span> <span class='ocrx_word' id='word_1_734' title='bbox 2767 4564 2924 4617; x_wconf 75' lang='grc' dir='ltr'>τοῦτο</span> <span class='ocrx_word' id='word_1_735' title='bbox 2957 4561 3012 4615; x_wconf 86' lang='grc' dir='ltr'>δέ</span> <span class='ocrx_word' id='word_1_736' title='bbox 3060 4577 3141 4614; x_wconf 85' lang='grc' dir='ltr'><strong>σοι</strong></span> <span class='ocrx_word' id='word_1_737' title='bbox 3167 4558 3261 4613; x_wconf 74' lang='grc' dir='ltr'><strong>καὶ</strong></span> <span class='ocrx_word' id='word_1_738' title='bbox 3290 4557 3390 4627; x_wconf 79' lang='grc' dir='ltr'><strong>τὴν</strong></span> <span class='ocrx_word' id='word_1_739' title='bbox 3418 4551 3689 4624; x_wconf 78' lang='grc' dir='ltr'>τιμωρίαν</span> 
     </span>
    </p>
   </div>
   <div class='ocr_carea' id='block_1_98' title="bbox 2103 4648 3690 4731">
    <p class='ocr_par' dir='ltr' id='par_1_98' title="bbox 2103 4648 3690 4731">
     <span class='ocr_line' id='line_1_99' title="bbox 2103 4648 3690 4731; baseline -0.013 -17"><span class='ocrx_word' id='word_1_740' title='bbox 2103 4662 2353 4731; x_wconf 79' lang='grc' dir='ltr'>ἐπήγαγε</span> <span class='ocrx_word' id='word_1_741' title='bbox 2400 4660 2628 4730; x_wconf 76' lang='grc' dir='ltr'>ταύτην,</span> <span class='ocrx_word' id='word_1_742' title='bbox 2672 4660 2747 4721; x_wconf 88' lang='grc' dir='ltr'>ὡς</span> <span class='ocrx_word' id='word_1_743' title='bbox 2791 4657 2856 4710; x_wconf 82' lang='grc' dir='ltr'><strong>ἂν</strong></span> <span class='ocrx_word' id='word_1_744' title='bbox 2908 4654 3086 4725; x_wconf 71' lang='grc' dir='ltr'>ἕτεροι</span> <span class='ocrx_word' id='word_1_745' title='bbox 3138 4651 3377 4723; x_wconf 80' lang='grc' dir='ltr'>βελτίους</span> <span class='ocrx_word' id='word_1_746' title='bbox 3403 4648 3690 4712; x_wconf 47' lang='lat' dir='ltr'><strong>asa-51:;</strong></span> 
     </span>
    </p>
   </div>
   <div class='ocr_carea' id='block_1_99' title="bbox 412 4743 3686 4827">
    <p class='ocr_par' dir='ltr' id='par_1_99' title="bbox 412 4743 3686 4827">
     <span class='ocr_line' id='line_1_100' title="bbox 412 4743 3686 4827; baseline -0.005 -29"><span class='ocrx_word' id='word_1_747' title='bbox 412 4745 680 4814; x_wconf 84' lang='grc' dir='ltr'>γένοιντο·</span> <span class='ocrx_word' id='word_1_748' title='bbox 741 4744 833 4800; x_wconf 69' lang='grc' dir='ltr'><strong>καὶ</strong></span> <span class='ocrx_word' id='word_1_749' title='bbox 862 4744 953 4798; x_wconf 76' lang='grc' dir='ltr'><strong>τὸν</strong></span> <span class='ocrx_word' id='word_1_750' title='bbox 986 4744 1011 4783; x_wconf 62' lang='grc' dir='ltr'><strong><em>κ</em></strong></span> <span class='ocrx_word' id='word_1_751' title='bbox 1045 4744 1144 4815; x_wconf 71' lang='grc' dir='ltr'>τῆς</span> <span class='ocrx_word' id='word_1_752' title='bbox 1176 4744 1468 4815; x_wconf 76' lang='grc' dir='ltr'>ἐπιορκίας</span> <span class='ocrx_word' id='word_1_753' title='bbox 1488 4744 1761 4816; x_wconf 71' lang='grc' dir='ltr'>κενδυνον,</span> <span class='ocrx_word' id='word_1_754' title='bbox 1786 4750 1991 4819; x_wconf 74' lang='grc' dir='ltr'>μᾶλλον</span> <span class='ocrx_word' id='word_1_755' title='bbox 2026 4753 2081 4808; x_wconf 81' lang='grc' dir='ltr'><strong>δὲ</strong></span> <span class='ocrx_word' id='word_1_756' title='bbox 2117 4758 2214 4812; x_wconf 72' lang='grc' dir='ltr'><strong>καὶ</strong></span> <span class='ocrx_word' id='word_1_757' title='bbox 2248 4757 2380 4811; x_wconf 68' lang='grc' dir='ltr'>αὐτὸ</span> <span class='ocrx_word' id='word_1_758' title='bbox 2433 4757 2493 4810; x_wconf 83' lang='grc' dir='ltr'>τὺ</span> <span class='ocrx_word' id='word_1_759' title='bbox 2523 4754 2745 4827; x_wconf 67' lang='grc' dir='ltr'>ὀμνύειν</span> <span class='ocrx_word' id='word_1_760' title='bbox 2769 4754 2929 4818; x_wconf 52' lang='grc' dir='ltr'>ὅλως,</span> <span class='ocrx_word' id='word_1_761' title='bbox 2990 4750 3095 4804; x_wconf 60' lang='grc' dir='ltr'><strong>κᾶν</strong></span> <span class='ocrx_word' id='word_1_762' title='bbox 3121 4745 3407 4820; x_wconf 56' lang='grc' dir='ltr'><strong>ἀληθεύειν</strong></span> <span class='ocrx_word' id='word_1_763' title='bbox 3426 4743 3686 4814; x_wconf 63' lang='grc' dir='ltr'>μέλλωσι,</span> 
     </span>
    </p>
   </div>
   <div class='ocr_carea' id='block_1_100' title="bbox 411 4835 768 4905">
    <p class='ocr_par' dir='ltr' id='par_1_100' title="bbox 411 4835 768 4905">
     <span class='ocr_line' id='line_1_101' title="bbox 411 4835 768 4905; baseline -0.003 -15"><span class='ocrx_word' id='word_1_764' title='bbox 411 4835 768 4905; x_wconf 75' lang='grc' dir='ltr'>ὃιαφεύγωσι.</span> 
     </span>
    </p>
   </div>
   <div class='ocr_carea' id='block_1_101' title="bbox 483 4926 1997 4999">
    <p class='ocr_par' dir='ltr' id='par_1_101' title="bbox 483 4926 1997 4999">
     <span class='ocr_line' id='line_1_102' title="bbox 483 4926 1997 4999; baseline 0.006 -16"><span class='ocrx_word' id='word_1_765' title='bbox 483 4927 691 4984; x_wconf 71' lang='lat' dir='ltr'><strong>CLVII.</strong></span> <span class='ocrx_word' id='word_1_766' title='bbox 722 4926 847 4982; x_wconf 70' lang='lat' dir='ltr'><strong>llam</strong></span> <span class='ocrx_word' id='word_1_767' title='bbox 883 4928 972 4983; x_wconf 85' lang='lat' dir='ltr'><strong>ille</strong></span> <span class='ocrx_word' id='word_1_768' title='bbox 1016 4943 1145 4983; x_wconf 88' lang='lat' dir='ltr'><strong>cum</strong></span> <span class='ocrx_word' id='word_1_769' title='bbox 1187 4926 1419 4999; x_wconf 83' lang='lat' dir='ltr'><strong>Cyriaco</strong></span> <span class='ocrx_word' id='word_1_770' title='bbox 1464 4929 1701 4986; x_wconf 87' lang='lat' dir='ltr'><strong>minatus</strong></span> <span class='ocrx_word' id='word_1_771' title='bbox 1738 4944 1886 4990; x_wconf 81' lang='lat' dir='ltr'><strong>esset</strong></span> <span class='ocrx_word' id='word_1_772' title='bbox 1932 4953 1997 4993; x_wconf 86' lang='lat' dir='ltr'><strong>ac</strong></span> 
     </span>
    </p>
   </div>
   <div class='ocr_carea' id='block_1_102' title="bbox 415 5020 2000 5097">
    <p class='ocr_par' dir='ltr' id='par_1_102' title="bbox 415 5020 2000 5097">
     <span class='ocr_line' id='line_1_103' title="bbox 415 5020 2000 5097; baseline 0.005 -22"><span class='ocrx_word' id='word_1_773' title='bbox 415 5022 685 5097; x_wconf 78' lang='lat' dir='ltr'><strong>dixisset,_</strong></span> <span class='ocrx_word' id='word_1_774' title='bbox 712 5021 899 5075; x_wconf 86' lang='lat' dir='ltr'><strong>statim</strong></span> <span class='ocrx_word' id='word_1_775' title='bbox 937 5035 1060 5074; x_wconf 87' lang='lat' dir='ltr'><strong>cum</strong></span> <span class='ocrx_word' id='word_1_776' title='bbox 1102 5020 1396 5075; x_wconf 89' lang='lat' dir='ltr'><strong>comitibus</strong></span> <span class='ocrx_word' id='word_1_777' title='bbox 1431 5021 1545 5075; x_wconf 85' lang='lat' dir='ltr'><strong>suis</strong></span> <span class='ocrx_word' id='word_1_778' title='bbox 1589 5025 1836 5081; x_wconf 86' lang='lat' dir='ltr'><strong>recessit.</strong></span> <span class='ocrx_word' id='word_1_779' title='bbox 1877 5025 2000 5097; x_wconf 85' lang='lat' dir='ltr'><strong>ipse</strong></span> 
     </span>
    </p>
   </div>
   <div class='ocr_carea' id='block_1_103' title="bbox 2180 4923 3692 5007">
    <p class='ocr_par' dir='ltr' id='par_1_103' title="bbox 2180 4923 3692 5007">
     <span class='ocr_line' id='line_1_104' title="bbox 2180 4923 3692 5007; baseline -0.012 -14"><span class='ocrx_word' id='word_1_780' title='bbox 2180 4942 2351 4994; x_wconf 76' lang='lat' dir='ltr'><strong>PIIZ’.</strong></span> <span class='ocrx_word' id='word_1_781' title='bbox 2395 4937 2578 4991; x_wconf 75' lang='grc' dir='ltr'>Ταῦτα</span> <span class='ocrx_word' id='word_1_782' title='bbox 2628 4937 2655 4987; x_wconf 79' lang='grc' dir='ltr'>ὁ</span> <span class='ocrx_word' id='word_1_783' title='bbox 2696 4937 2793 5007; x_wconf 81' lang='grc' dir='ltr'><strong>μὲν</strong></span> <span class='ocrx_word' id='word_1_784' title='bbox 2839 4934 3142 5003; x_wconf 73' lang='grc' dir='ltr'>ἀπειλήσας</span> <span class='ocrx_word' id='word_1_785' title='bbox 3172 4931 3249 5000; x_wconf 77' lang='grc' dir='ltr'>τῷ</span> <span class='ocrx_word' id='word_1_786' title='bbox 3294 4923 3556 4997; x_wconf 79' lang='grc' dir='ltr'>Κυριακῷ</span> <span class='ocrx_word' id='word_1_787' title='bbox 3596 4924 3692 4975; x_wconf 67' lang='grc' dir='ltr'><strong>καὶ</strong></span> 
     </span>
    </p>
   </div>
   <div class='ocr_carea' id='block_1_104' title="bbox 2111 5016 3689 5102">
    <p class='ocr_par' dir='ltr' id='par_1_104' title="bbox 2111 5016 3689 5102">
     <span class='ocr_line' id='line_1_105' title="bbox 2111 5016 3689 5102; baseline -0.013 -14"><span class='ocrx_word' id='word_1_788' title='bbox 2111 5033 2303 5098; x_wconf 79' lang='grc' dir='ltr'>εἰπὼν,</span> <span class='ocrx_word' id='word_1_789' title='bbox 2344 5032 2482 5102; x_wconf 70' lang='grc' dir='ltr'>μετὰ</span> <span class='ocrx_word' id='word_1_790' title='bbox 2514 5032 2624 5084; x_wconf 89' lang='grc' dir='ltr'><strong>τῶν</strong></span> <span class='ocrx_word' id='word_1_791' title='bbox 2658 5030 2786 5101; x_wconf 72' lang='grc' dir='ltr'>περὶ</span> <span class='ocrx_word' id='word_1_792' title='bbox 2809 5028 2970 5081; x_wconf 65' lang='grc' dir='ltr'>αὐτὸν</span> <span class='ocrx_word' id='word_1_793' title='bbox 2997 5026 3157 5087; x_wconf 76' lang='grc' dir='ltr'>εὐθὺς</span> <span class='ocrx_word' id='word_1_794' title='bbox 3187 5022 3377 5093; x_wconf 78' lang='grc' dir='ltr'>ᾣχετο.</span> <span class='ocrx_word' id='word_1_795' title='bbox 3411 5018 3580 5079; x_wconf 69' lang='grc' dir='ltr'>Αὐτὸς</span> <span class='ocrx_word' id='word_1_796' title='bbox 3630 5016 3689 5067; x_wconf 69' lang='grc' dir='ltr'><strong>δὲ</strong></span> 
     </span>
    </p>
   </div>
   <div class='ocr_carea' id='block_1_105' title="bbox 416 5109 1996 5192">
    <p class='ocr_par' dir='ltr' id='par_1_105' title="bbox 416 5111 1996 5181">
     <span class='ocr_line' id='line_1_106' title="bbox 416 5111 1996 5181; baseline 0.006 -17"><span class='ocrx_word' id='word_1_797' title='bbox 416 5127 567 5178; x_wconf 84' lang='lat' dir='ltr'><strong>vero,</strong></span> <span class='ocrx_word' id='word_1_798' title='bbox 591 5112 804 5168; x_wconf 88' lang='lat' dir='ltr'><strong>visione</strong></span> <span class='ocrx_word' id='word_1_799' title='bbox 825 5111 1207 5176; x_wconf 89' lang='lat' dir='ltr'><strong>conturbatus,</strong></span> <span class='ocrx_word' id='word_1_800' title='bbox 1226 5120 1280 5167; x_wconf 84' lang='lat' dir='ltr'><strong>et</strong></span> <span class='ocrx_word' id='word_1_801' title='bbox 1306 5111 1504 5181; x_wconf 89' lang='lat' dir='ltr'><strong>alioqui</strong></span> <span class='ocrx_word' id='word_1_802' title='bbox 1526 5113 1667 5169; x_wconf 88' lang='lat' dir='ltr'><strong>ferre</strong></span> <span class='ocrx_word' id='word_1_803' title='bbox 1693 5131 1797 5171; x_wconf 91' lang='lat' dir='ltr'><strong>non</strong></span> <span class='ocrx_word' id='word_1_804' title='bbox 1824 5118 1996 5174; x_wconf 74' lang='lat' dir='ltr'><strong>valens</strong></span> 
     </span>
    </p>
   </div>
   <div class='ocr_carea' id='block_1_106' title="bbox 2101 5109 3692 5192">
    <p class='ocr_par' dir='ltr' id='par_1_106' title="bbox 2109 5109 3692 5192">
     <span class='ocr_line' id='line_1_107' title="bbox 2109 5109 3692 5192; baseline -0.013 -15"><span class='ocrx_word' id='word_1_805' title='bbox 2109 5123 2245 5191; x_wconf 66' lang='grc' dir='ltr'>πρὸς</span> <span class='ocrx_word' id='word_1_806' title='bbox 2276 5139 2333 5175; x_wconf 86' lang='grc' dir='ltr'><strong>τε</strong></span> <span class='ocrx_word' id='word_1_807' title='bbox 2370 5122 2465 5192; x_wconf 78' lang='grc' dir='ltr'>τὴν</span> <span class='ocrx_word' id='word_1_808' title='bbox 2495 5122 2618 5191; x_wconf 63' lang='grc' dir='ltr'>ϐοέην</span> <span class='ocrx_word' id='word_1_809' title='bbox 2650 5117 3058 5189; x_wconf 70' lang='grc' dir='ltr'>διαταραχθεὶς,</span> <span class='ocrx_word' id='word_1_810' title='bbox 3092 5115 3264 5177; x_wconf 83' lang='grc' dir='ltr'>ἄλλως</span> <span class='ocrx_word' id='word_1_811' title='bbox 3295 5127 3354 5165; x_wconf 89' lang='grc' dir='ltr'><strong>τε</strong></span> <span class='ocrx_word' id='word_1_812' title='bbox 3386 5110 3443 5164; x_wconf 81' lang='grc' dir='ltr'><strong>δὲ</strong></span> <span class='ocrx_word' id='word_1_813' title='bbox 3470 5109 3692 5169; x_wconf 73' lang='grc' dir='ltr'>καὶτὰς</span> 
     </span>
    </p>
   </div>
   <div class='ocr_carea' id='block_1_107' title="bbox 416 5200 1996 5284">
    <p class='ocr_par' dir='ltr' id='par_1_107' title="bbox 416 5203 1996 5276">
     <span class='ocr_line' id='line_1_108' title="bbox 416 5203 1996 5276; baseline 0.005 -18"><span class='ocrx_word' id='word_1_814' title='bbox 416 5207 632 5260; x_wconf 85' lang='lat' dir='ltr'><strong>dolores</strong></span> <span class='ocrx_word' id='word_1_815' title='bbox 659 5203 961 5275; x_wconf 77' lang='lat' dir='ltr'><strong>plagarum,</strong></span> <span class='ocrx_word' id='word_1_816' title='bbox 995 5218 1130 5259; x_wconf 84' lang='lat' dir='ltr'><strong>voce</strong></span> <span class='ocrx_word' id='word_1_817' title='bbox 1161 5217 1296 5260; x_wconf 86' lang='lat' dir='ltr'><strong>usus</strong></span> <span class='ocrx_word' id='word_1_818' title='bbox 1336 5214 1423 5260; x_wconf 91' lang='lat' dir='ltr'><strong>est</strong></span> <span class='ocrx_word' id='word_1_819' title='bbox 1459 5207 1724 5276; x_wconf 82' lang='lat' dir='ltr'><strong>acutiore,</strong></span> <span class='ocrx_word' id='word_1_820' title='bbox 1762 5212 1996 5266; x_wconf 86' lang='lat' dir='ltr'><strong>vocavit-</strong></span> 
     </span>
    </p>
   </div>
   <div class='ocr_carea' id='block_1_108' title="bbox 2101 5200 3691 5284">
    <p class='ocr_par' dir='ltr' id='par_1_108' title="bbox 2107 5200 3691 5284">
     <span class='ocr_line' id='line_1_109' title="bbox 2107 5200 3691 5284; baseline -0.011 -17"><span class='ocrx_word' id='word_1_821' title='bbox 2107 5216 2172 5269; x_wconf 75' lang='grc' dir='ltr'>ἐκ</span> <span class='ocrx_word' id='word_1_822' title='bbox 2222 5214 2327 5267; x_wconf 80' lang='grc' dir='ltr'><strong>τῶν</strong></span> <span class='ocrx_word' id='word_1_823' title='bbox 2366 5213 2590 5284; x_wconf 72' lang='grc' dir='ltr'>πληγῶν</span> <span class='ocrx_word' id='word_1_824' title='bbox 2634 5212 2826 5275; x_wconf 74' lang='grc' dir='ltr'>ὀδύνας</span> <span class='ocrx_word' id='word_1_825' title='bbox 2875 5211 3062 5281; x_wconf 73' lang='grc' dir='ltr'>φέρειν</span> <span class='ocrx_word' id='word_1_826' title='bbox 3107 5209 3205 5260; x_wconf 77' lang='grc' dir='ltr'>οὐκ</span> <span class='ocrx_word' id='word_1_827' title='bbox 3249 5206 3411 5275; x_wconf 79' lang='grc' dir='ltr'>ἔχων,</span> <span class='ocrx_word' id='word_1_828' title='bbox 3455 5200 3691 5271; x_wconf 64' lang='grc' dir='ltr'>ὀξυτέρα</span> 
     </span>
    </p>
   </div>
   <div class='ocr_carea' id='block_1_109' title="bbox 414 5291 1996 5378">
    <p class='ocr_par' dir='ltr' id='par_1_109' title="bbox 414 5303 1996 5375">
     <span class='ocr_line' id='line_1_110' title="bbox 414 5303 1996 5375; baseline 0.003 -16"><span class='ocrx_word' id='word_1_829' title='bbox 414 5318 522 5373; x_wconf 83' lang='lat' dir='ltr'><strong>que</strong></span> <span class='ocrx_word' id='word_1_830' title='bbox 561 5320 663 5359; x_wconf 86' lang='lat' dir='ltr'><strong>eos</strong></span> <span class='ocrx_word' id='word_1_831' title='bbox 695 5303 787 5373; x_wconf 85' lang='lat' dir='ltr'><strong>qui</strong></span> <span class='ocrx_word' id='word_1_832' title='bbox 829 5317 999 5373; x_wconf 87' lang='lat' dir='ltr'><strong>prope</strong></span> <span class='ocrx_word' id='word_1_833' title='bbox 1040 5311 1232 5371; x_wconf 87' lang='lat' dir='ltr'><strong>erant;</strong></span> <span class='ocrx_word' id='word_1_834' title='bbox 1271 5311 1383 5357; x_wconf 89' lang='lat' dir='ltr'><strong>tum</strong></span> <span class='ocrx_word' id='word_1_835' title='bbox 1435 5303 1621 5375; x_wconf 75' lang='lat' dir='ltr'><strong>plagas</strong></span> <span class='ocrx_word' id='word_1_836' title='bbox 1658 5309 1919 5375; x_wconf 87' lang='lat' dir='ltr'><strong>ostendit,</strong></span> <span class='ocrx_word' id='word_1_837' title='bbox 1953 5319 1996 5364; x_wconf 89' lang='lat' dir='ltr'><strong>el</strong></span> 
     </span>
    </p>
   </div>
   <div class='ocr_carea' id='block_1_110' title="bbox 2101 5291 3687 5378">
    <p class='ocr_par' dir='ltr' id='par_1_110' title="bbox 2104 5291 3687 5378">
     <span class='ocr_line' id='line_1_111' title="bbox 2104 5291 3687 5378; baseline -0.005 -27"><span class='ocrx_word' id='word_1_838' title='bbox 2104 5298 2376 5378; x_wconf 64' lang='grc' dir='ltr'>ἐκέχρητο</span> <span class='ocrx_word' id='word_1_839' title='bbox 2427 5309 2493 5377; x_wconf 78' lang='grc' dir='ltr'>τῇ</span> <span class='ocrx_word' id='word_1_840' title='bbox 2547 5307 2723 5375; x_wconf 73' lang='grc' dir='ltr'>φωνῇ,</span> <span class='ocrx_word' id='word_1_841' title='bbox 2767 5303 3015 5363; x_wconf 70' lang='grc' dir='ltr'>καὶτοὺς</span> <span class='ocrx_word' id='word_1_842' title='bbox 3071 5299 3298 5370; x_wconf 75' lang='grc' dir='ltr'>πλησίον</span> <span class='ocrx_word' id='word_1_843' title='bbox 3345 5291 3687 5347; x_wconf 77' lang='grc' dir='ltr'>ἐπεκαλεῖτοο</span> 
     </span>
    </p>
   </div>
   <div class='ocr_carea' id='block_1_111' title="bbox 418 5384 1996 5469">
    <p class='ocr_par' dir='ltr' id='par_1_111' title="bbox 418 5390 1996 5469">
     <span class='ocr_line' id='line_1_112' title="bbox 418 5390 1996 5469; baseline 0.006 -23"><span class='ocrx_word' id='word_1_844' title='bbox 418 5394 713 5463; x_wconf 86' lang='lat' dir='ltr'><strong>perjurium</strong></span> <span class='ocrx_word' id='word_1_845' title='bbox 741 5391 947 5447; x_wconf 76' lang='lat' dir='ltr'><strong>fervide</strong></span> <span class='ocrx_word' id='word_1_846' title='bbox 981 5390 1271 5448; x_wconf 80' lang='lat' dir='ltr'><strong>confessus</strong></span> <span class='ocrx_word' id='word_1_847' title='bbox 1305 5402 1409 5456; x_wconf 82' lang='lat' dir='ltr'><strong>est,</strong></span> <span class='ocrx_word' id='word_1_848' title='bbox 1438 5409 1702 5465; x_wconf 88' lang='lat' dir='ltr'><strong>suamque</strong></span> <span class='ocrx_word' id='word_1_849' title='bbox 1734 5402 1873 5469; x_wconf 82' lang='lat' dir='ltr'><strong>apud</strong></span> <span class='ocrx_word' id='word_1_850' title='bbox 1912 5415 1996 5455; x_wconf 74' lang='lat' dir='ltr'><strong>eos</strong></span> 
     </span>
    </p>
   </div>
   <div class='ocr_carea' id='block_1_112' title="bbox 2101 5384 3690 5469">
    <p class='ocr_par' dir='ltr' id='par_1_112' title="bbox 2106 5384 3690 5468">
     <span class='ocr_line' id='line_1_113' title="bbox 2106 5384 3690 5468; baseline -0.009 -15"><span class='ocrx_word' id='word_1_851' title='bbox 2106 5401 2206 5462; x_wconf 74' lang='grc' dir='ltr'>τὰς</span> <span class='ocrx_word' id='word_1_852' title='bbox 2241 5400 2456 5468; x_wconf 56' lang='lat' dir='ltr'><strong>stin-(ai;</strong></span> <span class='ocrx_word' id='word_1_853' title='bbox 2478 5416 2534 5451; x_wconf 84' lang='grc' dir='ltr'><strong>τε</strong></span> <span class='ocrx_word' id='word_1_854' title='bbox 2561 5397 2874 5461; x_wconf 71' lang='grc' dir='ltr'>ὑπεδείκνυ,</span> <span class='ocrx_word' id='word_1_855' title='bbox 2903 5396 2996 5449; x_wconf 75' lang='grc' dir='ltr'><strong>καὶ</strong></span> <span class='ocrx_word' id='word_1_856' title='bbox 3026 5394 3122 5464; x_wconf 73' lang='grc' dir='ltr'><strong>τὴν</strong></span> <span class='ocrx_word' id='word_1_857' title='bbox 3146 5389 3433 5461; x_wconf 75' lang='grc' dir='ltr'>ἐπιορκίαν</span> <span class='ocrx_word' id='word_1_858' title='bbox 3470 5384 3690 5456; x_wconf 81' lang='grc' dir='ltr'>θερμῶς</span> 
     </span>
    </p>
   </div>
   <div class='ocr_carea' id='block_1_113' title="bbox 489 5536 1469 5604">
    <p class='ocr_par' dir='ltr' id='par_1_113' title="bbox 489 5536 1469 5604">
     <span class='ocr_line' id='line_1_114' title="bbox 489 5536 1469 5604; baseline -0.005 -10"><span class='ocrx_word' id='word_1_859' title='bbox 489 5541 533 5572; x_wconf 78' lang='grc'><strong>⁵⁷</strong></span> <span class='ocrx_word' id='word_1_860' title='bbox 561 5538 681 5594; x_wconf 83' lang='lat' dir='ltr'><strong>Psal</strong></span> <span class='ocrx_word' id='word_1_861' title='bbox 717 5580 730 5593; x_wconf 95' lang='lat'><strong>.</strong></span> <span class='ocrx_word' id='word_1_862' title='bbox 759 5554 856 5604; x_wconf 72' lang='lat' dir='ltr'><strong>ur,</strong></span> <span class='ocrx_word' id='word_1_863' title='bbox 886 5536 943 5593; x_wconf 58' lang='grc' dir='ltr'><strong>α</strong></span> <span class='ocrx_word' id='word_1_864' title='bbox 1022 5538 1067 5570; x_wconf 70' lang='grc'>⁸⁸</span> <span class='ocrx_word' id='word_1_865' title='bbox 1094 5537 1222 5592; x_wconf 84' lang='lat' dir='ltr'><strong>Luc.</strong></span> <span class='ocrx_word' id='word_1_866' title='bbox 1260 5536 1469 5603; x_wconf 57' lang='lat' dir='ltr'><strong>xnﬂll.</strong></span> 
     </span>
    </p>
   </div>
   <div class='ocr_carea' id='block_1_114' title="bbox 1728 5648 2400 5710">
    <p class='ocr_par' dir='ltr' id='par_1_114' title="bbox 1728 5648 2400 5710">
     <span class='ocr_line' id='line_1_115' title="bbox 1728 5648 2400 5710; baseline 0.01 -9"><span class='ocrx_word' id='word_1_867' title='bbox 1728 5648 1956 5703; x_wconf 65' lang='lat' dir='ltr'><strong>VAIllAZ</strong></span> <span class='ocrx_word' id='word_1_868' title='bbox 1996 5648 2400 5710; x_wconf 76' lang='lat' dir='ltr'><strong>LECTIONES.</strong></span> 
     </span>
    </p>
   </div>
   <div class='ocr_carea' id='block_1_115' title="bbox 1577 5763 2031 5819">
    <p class='ocr_par' dir='ltr' id='par_1_115' title="bbox 1577 5763 2031 5819">
     <span class='ocr_line' id='line_1_116' title="bbox 1577 5763 2031 5819; baseline 0.009 -4"><span class='ocrx_word' id='word_1_869' title='bbox 1577 5763 1595 5800; x_wconf 69' lang='grc' dir='ltr'><strong>ιι</strong></span> <span class='ocrx_word' id='word_1_870' title='bbox 1634 5763 1701 5815; x_wconf 84' lang='lat' dir='ltr'><strong>al.</strong></span> <span class='ocrx_word' id='word_1_871' title='bbox 1732 5763 1900 5818; x_wconf 70' lang='lat' dir='ltr'><strong>inser.</strong></span> <span class='ocrx_word' id='word_1_872' title='bbox 1937 5766 2031 5819; x_wconf 63' lang='lat'><strong>57..</strong></span> 
     </span>
    </p>
   </div>
   <div class='ocr_carea' id='block_1_116' title="bbox 437 5763 1493 5834">
    <p class='ocr_par' dir='ltr' id='par_1_116' title="bbox 437 5763 1493 5834">
     <span class='ocr_line' id='line_1_117' title="bbox 437 5763 1493 5834; baseline -0.002 -15"><span class='ocrx_word' id='word_1_873' title='bbox 437 5764 457 5804; x_wconf 62' lang='grc' dir='ltr'>δ</span> <span class='ocrx_word' id='word_1_874' title='bbox 494 5763 569 5819; x_wconf 84' lang='lat' dir='ltr'><strong>a&#39;..</strong></span> <span class='ocrx_word' id='word_1_875' title='bbox 592 5764 904 5833; x_wconf 73' lang='grc' dir='ltr'>γενόμενον.</span> <span class='ocrx_word' id='word_1_876' title='bbox 987 5763 999 5812; x_wconf 79' lang='lat' dir='ltr'><strong>i</strong></span> <span class='ocrx_word' id='word_1_877' title='bbox 1039 5766 1107 5818; x_wconf 84' lang='lat' dir='ltr'><strong>al.</strong></span> <span class='ocrx_word' id='word_1_878' title='bbox 1142 5767 1305 5821; x_wconf 82' lang='lat' dir='ltr'><strong>inscr.</strong></span> <span class='ocrx_word' id='word_1_879' title='bbox 1342 5765 1493 5834; x_wconf 68' lang='grc' dir='ltr'>ἡμῖν.</span> 
     </span>
    </p>
   </div>
  </div>
