4116 6414
314 375 430 440 729

1578 380 1779 477 ‘VlTA
1820 380 1882 441 S.
1924 379 2332 443 EUTIIYMII.

3488 392 3597 456 730

311 485 636 556 ἐξηγόρευε,
668 485 766 540 καὶ⁵
791 485 860 542 τὰ
894 488 993 558 τῆς
1024 491 1312 560 συμφορᾶς
1342 491 1528 556 αὐτοῖς
1560 493 1886 548 ἀνεκλαίετο

2002 494 2222 550 deﬂevit
2242 494 2633 553 calamitatem.
2665 496 2871 556 Deinde
2896 498 3108 572 rogavit
3159 509 3219 556 ut
3243 515 3366 558 eum
3389 502 3595 565 ferrent

310 575 433 633 εἶτα
478 578 578 633 καὶ
629 578 964 651 κομισθῆναι
990 580 1085 633 ὑπ’
1116 581 1299 636 αὐτῶν
1327 583 1464 654 πρὸς
1496 585 1597 655 τὴν
1619 586 1716 641 τοῦ
1744 588 1905 657 ἁγίου

311 673 490 744 θήκην
515 672 712 726 ἐδεῖτο·
740 673 918 744 Τάχα,
956 672 1151 743 λέγων,
1178 676 1206 729 ὀ
1233 675 1330 740 τὰς
1359 679 1671 749 ἀφορήτους
1697 681 1904 746 ταύτας

309 762 529 832 πληγὰς
554 762 792 830 ἐπιθεὶς,
841 764 973 836 ῥᾷον
1003 765 1069 819 ἀν
1116 768 1212 821 καὶ
1246 767 1480 834 ἰάσαιτο,
1529 769 1779 845 μαθητὴς
1825 771 1905 825 ὢν

309 855 548 921 ἐκείνου,
580 853 676 908 τοῦ
720 855 1018 923 ἀγαθύνειν
1054 857 1259 928 μᾶλλον
1292 859 1325 929 ἢ
1377 861 1628 927 κολάζειν
1655 864 1906 932 φυσικῶς

304 944 686 1015 ἔχοντος’ὲπεὶ
717 946 879 1019 σχολῇ
909 947 961 1016 γ’
990 947 1058 1001 ἂν
1081 950 1218 1021 πρὸς
1245 950 1585 1021 τηλικαύτας
1601 953 1794 1018 ὀδύνας
1817 957 1903 1010 ἰα-

302 1038 496 1108 τρικαὶ
548 1036 738 1108 τέχναι
770 1040 865 1092 καὶ
906 1041 1088 1111 χεῖρες
1137 1041 1459 1112 ἀρκέσειαν.
1525 1044 1758 1100 Ἐκεῖνοι
1799 1047 1902 1116 μὲν

301 1126 516 1181 τούτων
545 1127 868 1196 ἀκηκοότες,
901 1130 1094 1185 ἔπειτα
1121 1132 1178 1186 δὲ
1210 1134 1304 1187 καὶ
1327 1135 1480 1199 ὅπως
1514 1132 1581 1208 ἦν
1611 1137 1896 1210 βαρύτατα

300 1217 610 1290 πεπληγὼς
640 1218 990 1292 θεασάμενοι,
1027 1225 1125 1277 καὶ
1151 1224 1432 1291 δείσαντες
1461 1228 1523 1280 ού
1556 1231 1771 1300 μικρῶς
1804 1233 1900 1286 καὶ

299 1311 479 1375 αὐτοὶ,
500 1313 664 1383 ¹ὅμως
693 1314 834 1384 πρὸς
859 1314 961 1386 τὴν
979 1316 1282 1388 ἐπιθυμίαν
1304 1320 1398 1373 τοῦ
1422 1322 1616 1394 ἀνδρὸς
1637 1325 1895 1390 εἴκοντες,

298 1401 614 1469 σοφίζονται
641 1402 740 1473 τὴν
761 1403 1058 1477 ἐκκομιδὴν
1084 1406 1280 1472 οὕτως·
1303 1409 1409 1463 Δύο
1431 1411 1670 1474 σάκκους
1690 1413 1896 1483 ἀχύρου

297 1494 597 1565 πληροῦσι,
630 1494 723 1550 καὶ
751 1496 977 1561 τούτους
1006 1498 1114 1569 ὄνῳ
1156 1501 1266 1553 τιν)⁸
1293 1503 1358 1553 ὲκ
1391 1502 1502 1556 τῶν
1542 1503 1785 1572 πλαγίων
1822 1499 1886 1559 εὗ

303 1585 631 1655 ἀναθέμενοι
661 1627 675 1652 ,
749 1582 871 1640 εἷτα
935 1588 1103 1658 μέσον
1168 1592 1331 1645 αὐτὸν
1384 1593 1692 1649 ἐπιτιθοῦσι
1722 1636 1738 1661 ,
1802 1598 1899 1651 καὶ

306 1675 474 1741 οὕτως
520 1679 604 1740 εἰς
647 1677 709 1731 τὸ
754 1682 1125 1751 μοναστήριον
1153 1686 1249 1736 καὶ
1276 1685 1377 1767 τὴν
1425 1686 1605 1759 θήκην
1645 1687 1897 1759 διακομί-

301 1767 504 1831 ζουσιν.
539 1770 608 1823 Οἳ
654 1772 749 1824 καὶ
791 1772 860 1826 τὰ
893 1773 1014 1826 κατ’
1041 1774 1206 1828 αὑτὸν
1238 1777 1374 1846 ἡμῖν
1415 1780 1595 1834 πάντα
1627 1780 1895 1852 διηγησά-

2008 589 2076 643 ad
2125 591 2300 644 sancti
2329 605 2573 660 capsam,
2603 592 2790 647 dicens
2823 611 2837 648 :
2868 591 3030 649 Forte
3059 595 3108 651 is
3141 595 3235 666 qui
3271 594 3467 653 inﬂixit
3493 599 3596 655 has

2009 676 2385 733 intolerabiles
2420 678 2631 749 plagas,
2671 680 2884 738 facilius
2922 696 2977 740 et
3012 686 3323 755 curaverit,
3362 703 3487 744 cum
3521 691 3597 745 sit

2011 767 2159 824 illius
2190 770 2517 841 discipulus,
2547 773 2635 827 cui
2666 780 2751 828 est
2786 773 3030 831 innatum
3061 776 3385 836 benefacere
3413 781 3597 851 potius

2004 874 2166 929 quam
2207 863 2448 931 punire:
2482 863 2921 934 quandoquidem
2955 867 3045 921 vis
3089 869 3158 923 ad
3201 871 3340 927 tales
3369 871 3592 927 dolores

2005 950 2323 1009 suffecerint
2361 957 2589 1011 medicae
2613 965 2760 1012 artes
2800 968 2969 1027 atque
3013 957 3237 1016 manus.
3268 963 3478 1031 Quibus
3514 966 3590 1020 illi

2004 1045 2229 1108 auditis.
2258 1057 2443 1117 postea
2478 1063 2611 1104 vero
2636 1059 2692 1104 et
2720 1050 2900 1105 intuiti
2943 1067 3108 1122 quam
3147 1055 3471 1123 gravissime
3498 1073 3592 1113 va-

2001 1136 2268 1205 pulasset,
2330 1139 2543 1209 ipsique
2603 1141 2770 1196 etiam
2823 1158 2930 1197 non
2983 1144 3336 1202 mediocriter
3390 1150 3589 1215 territi,

2002 1236 2259 1283 czcterum
2287 1231 2545 1286 cedentes
2586 1232 2685 1286 viri
2736 1234 3037 1302 desiderio,
3073 1235 3341 1306 ejusmodi
3369 1242 3593 1310 excogi-

2004 1326 2120 1373 tant
2168 1321 2648 1390 exportatinncm;
2704 1324 2929 1393 implent
2987 1328 3124 1383 duos
3170 1343 3365 1385 saccos
3410 1332 3590 1400 palea,

2002 1425 2239 1481 cumque
2284 1427 2381 1468 eos
2419 1416 2575 1470 asino
2624 1430 2691 1470 ex
2744 1428 3063 1474 transverso
3105 1431 3253 1476 recte
3296 1424 3593 1492 imposuis-

2000 1512 2141 1572 sent,
2177 1520 2303 1560 eum
2341 1506 2537 1563 deinde
2579 1519 2790 1577 ponunt
2822 1512 3086 1577 medium,
3130 1514 3321 1584 sicque
3369 1517 3436 1569 ad
3472 1531 3591 1571 mu-

2002 1596 2300 1650 nasterium
2336 1606 2390 1652 et
2424 1600 2491 1652 ad
2526 1613 2747 1669 capsam
2779 1599 3055 1656 deferunt.
3093 1604 3197 1668 Qui
3242 1620 3364 1659 cum
3401 1608 3586 1661 omnia

2001 1698 2121 1754 qua:
2174 1686 2223 1741 ei
2272 1699 2593 1753 evenerant,
2637 1690 2799 1746 nobis
2847 1704 3191 1758 narrassent,
3235 1704 3291 1749 et
3340 1710 3478 1766 quas
3531 1699 3585 1751 in

2000 1784 2154 1847 tergo
2203 1788 2497 1849 acceperat
2547 1781 2733 1852 plagas
2776 1785 3168 1852 ostendissent,
3218 1796 3427 1845 tantum
3475 1790 3591 1845 fra-

298 1877 475 1929 μενοι,
504 1863 601 1915 καί
624 1862 722 1927 τὰς
745 1864 887 1917 κατὰ
907 1864 1018 1918 τῶν
1037 1865 1223 1920 νώτων
1248 1868 1465 1939 πληγὰς
1487 1870 1886 1939 ύποδείξαντες,

2003 1867 2175 1922 tribus
2219 1879 2422 1923 metum
2471 1871 2794 1939 immittunt,
2835 1883 2892 1928 ut
2924 1875 3127 1930 nullum
3150 1878 3376 1963 exhinc,
3410 1897 3588 1951 neque

292 1952 554 2007 τοσοῦτον
586 1957 702 2018 τοῖς
731 1948 989 2043 ἀδελφοῖς
1035 1958 1371 2028 ἐμϐάλλουσι
1405 1962 1548 2027 δέος,
1578 1963 1656 2028 ὼς
1686 1965 1895 2036 μηδένα

293 2044 353 2111 ἐξ
405 2045 643 2111 ἐκείνου,
697 2048 836 2120 μήτε
890 2050 1055 2103 αὐτόν
1092 2068 1216 2105 τινα
1264 2053 1410 2107 κατά
1457 2058 1555 2126 τῆς
1598 2056 1696 2110 τοῦ
1731 2058 1892 2126 ἁγίου

292 2136 475 2208 θήκης
526 2138 751 2209 ὀμνύειν
800 2141 919 2213 ὲᾷν,
977 2144 1114 2213 μήτε
1162 2145 1349 2217 ὅρκον,
1381 2146 1442 2201 τό
1483 2163 1548 2216 γε
1582 2150 1660 2212 είς
1691 2150 1890 2217 αὐτοὺς

290 2225 454 2301 ἧκον,
494 2230 669 2302 ἑτέρῳ
697 2233 949 2302 ἐπάγειν.

366 2319 555 2379 PNﬂ'.
599 2324 832 2379 Ἐκεῖνοι
879 2328 1063 2399 μέντοι
1112 2334 1244 2402 παρ’
1283 2334 1417 2405 ἡμῖν
1462 2337 1768 2404 τηνικαῦτα
1812 2341 1893 2395 δι·

294 2413 735 2485 ημερεύσαντες,
780 2418 857 2483 ὡς
886 2419 1075 2492 ἐώρων
1103 2422 1197 2478 τὸν
1249 2425 1528 2497 κυριακὸν
1572 2431 1669 2483 καὶ
1716 2433 1890 2497 αὐτὰς

290 2506 392 2568 τὰς
430 2506 681 2572 ἀσθενεῖς
710 2509 805 2563 καὶ
841 2511 1042 2576 λεπτὰς
1076 2514 1299 2580 ἐλπίδας
1328 2518 1425 2588 τῆς
1451 2519 1598 2591 ζωῆς
1622 2523 1890 2593 ἀφαιρού-

292 2614 485 2678 μενον,
525 2601 623 2653 καὶ
670 2603 807 2671 πρὸς
859 2603 1093 2660 θάνατον
1143 2608 1472 2680 ἀφορῶνταο
1521 2615 1620 2685 τῆς
1653 2617 1891 2688 γαστρὸς

288 2690 444 2761 αὐτῷ
491 2691 870 2766 διαρρυείσης,
924 2698 1020 2751 καὶ
1064 2698 1161 2752 τοῦ
1211 2701 1486 2771 στόματος
1515 2707 1653 2777 μηδὲ
1687 2711 1890 2778 μικρὸν

290 2780 550 2851 ἐπισχεῖν
567 2783 872 2855 δυναμένου
904 2788 994 2841 τὸν
1024 2788 1221 2858 ἔμετον
1245 2805 1259 2819 ⁶
1310 2794 1664 2866 ἀναιροῦνται
1700 2800 1886 2868 αὐτὸν,

286 2875 386 2929 καὶ
424 2876 606 2930 οἴκαδε
649 2877 812 2933 πάλιν
845 2881 1293 2953 ἀνακομίζουσιν.
1356 2888 1417 2941 Ὀ
1459 2889 1516 2942 δὲ
1564 2890 1665 2962 τὴν
1711 2893 1886 2947 νύκτα

295 2965 455 3035 μόλις
486 2968 750 3038 διαζήσας
782 2970 1018 3043 ἐκείνην,
1051 2974 1131 3038 είς
1159 2975 1259 3046 τὴν
1285 2975 1415 3048 ἑξῆς
1440 2980 1812 3053 ἐτελεύτησεν.

360 3056 538 3114 ΡΝΘ⁹.
611 3061 749 3114 Κατ’
797 3063 976 3117 ἐκεῖνο
1029 3065 1086 3118 δὲ
1139 3068 1334 3140 καιροῦ
1399 3072 1494 3124 καὶ
1548 3072 1756 3138 ξενικύς
1804 3093 1889 3140 τις

1997 1973 2095 2028 per
2139 1961 2314 2015 sancti
2346 1962 2557 2016 thecam
2583 1961 2771 2034 jurare
2810 1964 3086 2033 sinerent,
3114 1961 3289 2041 neque
3318 1982 3581 2041 quantum

1996 2047 2054 2104 in
2081 2050 2162 2107 eis
2193 2058 2358 2119 esset,
2392 2051 2482 2106 alii
2509 2051 2896 2125 jusjurandum
2924 2055 3162 2114 deferre.

2065 2339 2294 2397 CLVIII.
2342 2340 2514 2399 Porro
2541 2343 2614 2399 illi
2651 2346 2740 2401 ubi
2775 2356 2904 2404 tunc
2924 2350 3067 2419 apud
3093 2366 3190 2408 nos
3218 2352 3364 2410 diem
3394 2363 3580 2414 trans-

1993 2431 2253 2505 egissent,
2279 2443 2337 2488 ut
2358 2432 2609 2490 viderunt
2628 2435 2915 2507 Cyriacum
2938 2439 3019 2495 vel
3042 2443 3189 2497 tenui
3219 2454 3274 2499 et
3307 2446 3580 2503 imbecilla

1994 2538 2092 2595 spe
2135 2525 2261 2579 vita:
2304 2540 2429 2581 esse
2473 2527 2765 2596 privatum,
2803 2541 2859 2585 et
2905 2533 2973 2606 ad
3011 2544 3241 2590 mortem
3285 2547 3581 2606 spectare;

1994 2615 2139 2684 quod
2175 2626 2369 2672 venter
2409 2617 2459 2672 ei
2504 2617 2845 2686 deﬂuxi‘sset,
2876 2602 2929 2679 εἰ
2966 2640 3027 2679 us
3055 2640 3122 2681 ne
3162 2602 3430 2682 tantillum
3454 2602 3583 2701 qui;

1992 2705 2117 2762 dem
2156 2718 2343 2777 posset
2377 2709 2637 2765 vomitum
2679 2709 3018 2783 reprimere;
3065 2732 3187 2771 eum
3226 2719 3442 2784 tollunt,
3479 2723 3580 2778 do-

1992 2811 2250 2865 mumque
2285 2813 2476 2852 rursus
2513 2799 2776 2856 referunt.
2804 2801 2853 2857 Is
2880 2819 3010 2858 vero
3041 2821 3165 2861 cum
3191 2807 3279 2862 illa
3310 2811 3395 2863 vix
3422 2823 3581 2868 nocte

1994 2885 2242 2955 vixisset,
2281 2899 2530 2946 mortuus
2559 2901 2640 2947 est
2677 2895 2961 2964 postridie.

2062 3070 2246 3127 CLIX.
2276 3072 2374 3127 Illo
2399 3084 2578 3130 autem
2619 3083 2867 3148 tempore
2905 3091 3166 3138 externus
3209 3100 3424 3156 quoque
3453 3089 3578 3158 qui-

288 3146 480 3216 ἔτερος
520 3148 901 3222 ἀποδημητὴς,
967 3155 1325 3223 ἐπιξενωθεὶς
1378 3159 1457 3229 τῷ
1518 3166 1884 3238 μοναστηρίφι

1994 3164 2116 3219 dam
2157 3163 2297 3219 alius
2338 3165 2681 3235 peregrinus,
2723 3169 2776 3223 in
2828 3174 3163 3230 monasterio
3209 3175 3446 3248 hospitio
3478 3194 3572 3233 ac-

287 3237 389 3290 καὶ
423 3239 761 3309 παραϐαλὼν
797 3244 960 3315 χάριν
991 3250 1300 3321 προσευχῆς
1334 3251 1414 3323 τῷ
1443 3254 1575 3324 ναῷ,
1608 3257 1678 3310 τά
1721 3274 1780 3310 τε
1825 3237 1884 3311 ἐν

287 3329 442 3400 αὐτῷ
471 3330 656 3387 πάντα
680 3334 1033 3406 τεθεαμένος,
1087 3341 1274 3412 μέσων
1305 3346 1519 3401 νυκτῶν
1543 3349 1637 3403 ἐπὶ
1667 3350 1760 3404 τὸν
1789 3351 1883 3406 τοῦ

284 3420 450 3487 ἁγίου
485 3425 658 3494 τάφον
688 3429 955 3500 παραδὺς,
988 3433 1087 3505 τὴν
1114 3435 1485 3507 ὲφεστηκυῖαν
1515 3441 1666 3514 αύτῷ
1700 3442 1883 3516 χώνην

285 3517 537 3587 ἀργυρᾶν
561 3518 750 3586 οὖσαν,
783 3524 972 3593 χερσὶν
1015 3527 1115 3580 οὐκ
1142 3529 1417 3597 ἀνίπτοις,
1466 3534 1527 3588 τὸ
1556 3534 1653 3587 τοῦ
1696 3536 1878 3606 λόγου,

288 3609 478 3679 μόνον,
527 3610 666 3664 ἀλλά
700 3615 796 3667 καὶ
841 3614 1090 3687 βεϐήλοις
1124 3620 1366 3691 ἀτεχνῶς
1398 3625 1733 3697 ὑφαιρεῖται,
1783 3630 1881 3684 καὶ

285 3705 580 3773 νυκτερινῇ
634 3704 800 3776 ἐξόδῳ
852 3708 944 3760 καὶ
994 3708 1211 3782 ἀθεάτῳ
1255 3712 1481 3768 κλέπτει
1526 3716 1626 3787 τὴν
1662 3718 1881 3789 ἀναχώ-

293 3808 473 3861 ρησιν.
524 3794 647 3847 Τῶν
694 3796 797 3865 μὲν
856 3793 956 3852 οῦν
1001 3802 1060 3854 ὲν
1112 3802 1189 3873 τῷ
1243 3807 1592 3878 μοναστηρίῳ
1637 3811 1880 3876 πάντων,

296 3881 540 3950 ἐφώρασε
569 3886 664 3940 τὸν
706 3888 859 3944 δόλον
896 3891 1092 3958 οὐδείς·
1129 3896 1246 3950 ἀλλ’
1273 3893 1342 3969 ἦν
1370 3899 1566 3967 ἄδηλον
1599 3901 1787 3964 αὐτοῖς
1819 3903 1881 3956 τὸ

295 3979 682 4047 γεγενημένον.
748 3981 959 4039 Ἔωθεν
1027 3987 1084 4040 δὲ
1141 3990 1170 4042 ὁ
1218 3989 1298 4060 τῷ
1364 3992 1570 4047 πυλῶνι
1633 3994 1881 4064 ἐφεστὼς

288 4067 639 4137 Προκόπιος,
688 4071 745 4136 ὃς
776 4077 871 4129 καὶ
923 4079 1169 4151 μεγάλης
1206 4082 1365 4155 ἔτυχε
1416 4086 1568 4157 παρά
1607 4088 1685 4157 τῷ
1739 4088 1880 4160 ἁγίῳ

284 4162 556 4232 πρότερον
604 4166 923 4234 ἀπολαύσας
986 4172 1089 4242 τῆς
1154 4174 1492 4246 θεραπείας,
1552 4180 1726 4250 μικρά
1777 4181 1879 4251 τῆς

281 4255 499 4309 εἰσόδου
554 4258 877 4328 προελθὼν,
943 4265 1190 4336 εὑρίσκει
1249 4271 1342 4322 τὸν
1385 4271 1599 4338 ξενικὸν
1663 4272 1731 4344 (ὣ
1782 4273 1878 4327 τοῦ

280 4352 568 4425 θαύματος
588 4354 626 4428 l)
658 4357 858 4428 τρόπον
889 4361 1013 4414 τινὰ
1040 4363 1146 4434 πρὸ
1170 4365 1264 4418 τοῦ
1302 4367 1664 4437 μοναστηρίου
1707 4371 1876 4439 ἐστη-

279 4451 551 4518 λωμένον.
615 4451 941 4523 Ἀμηχανῶν
981 4455 1159 4509 τοίνυν
1190 4458 1418 4525 ἐκεῖνος,
1461 4461 1557 4512 καὶ
1596 4460 1697 4513 ούκ
1733 4459 1875 4529 ἔχων

1994 3263 2207 3324 ceptus,
2249 3265 2305 3309 et
2338 3256 2601 3325 precandi
2641 3262 2814 3330 gratia
2872 3263 2922 3315 in
2960 3265 3220 3335 templum
3271 3267 3570 3338 profectus,

1990 3364 2113 3404 cum
2158 3365 2280 3420 quae
2325 3351 2381 3405 in
2439 3366 2504 3407 eo
2545 3357 2905 3411 crantomnia
2957 3361 3356 3430 contemplatus
3403 3377 3572 3432 esset,
3673 3376 3680 3382 '

1987 3441 2165 3497 media
2219 3454 2377 3499 nocte
2423 3444 2736 3513 sepulcrum
2791 3451 2968 3505 sancti
3019 3454 3210 3518 subiit,
3256 3472 3569 3528 urnamque

1985 3540 2295 3600 argenteam
2318 3530 2430 3604 (94)
2462 3533 2537 3588 illi
2588 3534 2924 3605 impositam,
2971 3543 3223 3598 manibus
3264 3560 3371 3600 non
3400 3547 3568 3603 illutis

1985 3622 2182 3688 solum,
2204 3633 2260 3676 ut
2281 3623 2505 3693 dicitur,
2523 3626 2618 3682 sed
2631 3628 2801 3683 etiam
2821 3630 3063 3698 profanis
3090 3634 3271 3701 plane,
3297 3636 3497 3705 aufert,
3518 3652 3574 3691 ρι

1985 3724 2254 3769 nocturno
2275 3730 2374 3770 nec
2389 3727 2635 3786 spectato
2662 3724 2810 3775 exitu
2834 3736 3112 3779 secessum
3130 3728 3384 3782 occultat.
3404 3729 3572 3800 Igitur

1983 3819 2048 3861 ex
2076 3806 2328 3861 omnibus
2360 3809 2452 3876 qui
2485 3819 2645 3864 erant
2681 3811 2735 3865 in
2768 3814 3122 3881 monasterio,
3165 3817 3345 3874 nullus
3375 3821 3562 3875 dolum

1986 3899 2374 3969 deprehendit;
2415 3900 2510 3955 sed
2557 3901 2623 3958 iis
2674 3902 2888 3959 facinus
2923 3916 3043 3961 erat
3090 3906 3359 3977 ignotum.
3408 3910 3568 3969 Mane

1985 4005 2117 4045 vero
2151 3990 2338 4059 janua:
2380 3993 2704 4062 praepositus
2732 3994 3057 4068 Procopius,
3091 4000 3184 4070 qui
3215 4004 3381 4057 etiam
3416 4007 3566 4074 prius

1985 4099 2238 4151 magnam
2284 4100 2315 4139 a
2369 4094 2563 4141 sancto
2609 4096 2940 4144 consecutus
2985 4089 3161 4147 fuerat
3202 4096 3564 4162 curationem,

1983 4178 2053 4232 ab
2075 4179 2227 4233 aditu
2261 4194 2452 4249 parum
2476 4196 2818 4255 pregressus,
2845 4184 3050 4240 invenit
3073 4195 3360 4241 externum
3385 4188 3560 4256 illum,

1985 4270 2040 4339 (ο
2077 4271 2465 4342 miraculum!)
2503 4276 2665 4330 modo
2694 4277 2930 4344 quodam
2955 4275 3222 4331 columna:
3256 4277 3429 4333 instar
3450 4279 3565 4333 alli-

1982 4377 2113 4417 xum
2141 4378 2170 4418 e
2202 4364 2427 4435 regione
2467 4367 2807 4423 monasterii.
2836 4366 2930 4422 Ille
2973 4382 3104 4439 ergo
3126 4369 3415 4438 perpletus
3454 4370 3566 4426 luc-

1980 4471 2129 4524 rens,
2163 4472 2263 4513 nec
2296 4460 2503 4514 habens
2539 4460 2668 4529 quid
2713 4467 2922 4530 ageret,
2974 4473 3233 4514 arcanum
3270 4461 3444 4530 aperit
3472 4460 3564 4531 ja-

278 4540 307 4593 ὃ
337 4556 393 4593 τι
423 4543 522 4597 καὶ
549 4543 818 4614 δράσειεν,
851 4545 1184 4601 ὲκκαλύπτει
1209 4548 1288 4618 τῷ
1344 4548 1574 4620 θυρωρῷ
1611 4551 1670 4604 τὸ
1704 4552 1876 4622 ἀπόρ-

1991 4551 2167 4605 uitori.
2196 4550 2296 4617 Qui
2323 4551 2543 4622 quidem
2567 4567 2689 4606 eum
2716 4551 3019 4621 introducit
3051 4551 3104 4605 in
3128 4553 3559 4621 monasterium;

282 4637 455 4705 ρητον
481 4633 525 4690 ι.
546 4638 655 4691 Καὶ
675 4637 732 4701 ὃς
755 4639 966 4709 εἰσάγει
989 4639 1088 4708 μὲν
1116 4641 1277 4694 αὑτὸν
1295 4643 1373 4705 εἰς
1397 4641 1459 4697 τὸ
1490 4644 1875 4715 μοναστήριονο

278 4728 694 4796 παρασκευάζει
714 4732 773 4785 δὲ
807 4735 877 4787 τὰ
908 4731 1005 4787 τοῦ
1033 4732 1314 4804 θαύματος
1337 4734 1444 4788 ὑπὸ
1472 4735 1609 4788 πᾶσι
1634 4735 1876 4806 μάρτυσι

273 4822 396 4881 τοῖς
426 4820 675 4890 ἀδελφοῖς
698 4822 1167 4895 ἐξομολογεῖσθαι.
1190 4827 1369 4879 Καίτι
1402 4825 1589 4880 καινὸν
1614 4828 1711 4880 καὶ
1740 4825 1874 4880 ἄπι-

281 4928 411 4965 στον
441 4911 639 4984 μικροῦ
674 4914 935 4986 διηγεῖτο.
996 4918 1192 4987 Ἔλεγε
1236 4917 1367 4990 γὰρ,
1405 4918 1480 4981 ὡς
1509 4917 1875 4988 ἀποσυλήσειε

283 5002 388 5071 μὲν
428 5004 529 5076 ἤδη
576 5007 707 5077 περὶ
740 5008 912 5078 μέσας
958 5007 1162 5074 νύκτας
1208 5010 1308 5082 τὴν
1354 5009 1608 5081 ἀργυρᾶν
1653 5009 1874 5079 ἐκείνην

278 5095 379 5149 τοῦ
407 5096 665 5168 λειψάνου
703 5101 910 5173 χώνην*
945 5102 1107 5166 εὐθὺς
1140 5102 1200 5156 δὲ
1226 5104 1337 5166 τοῖς
1371 5101 1469 5155 τοῦ
1506 5101 1872 5174 μοναστηρίου

281 5188 592 5254 συνεξέλθοι
643 5190 883 5260 ἀλόγοις
946 5193 1042 5249 καὶ
1091 5194 1331 5248 ὁδεύσειε
1399 5194 1497 5265 μὲν
1538 5194 1598 5248 τὸ
1624 5192 1748 5264 ἑξῆς
1773 5193 1873 5262 τῆς

277 5281 499 5349 νυκτὸς,
532 5283 672 5353 ἄγαν
698 5284 923 5359 εὐψύχῳ
945 5288 1038 5342 καὶ
1075 5286 1189 5352 ὀξεῖ
1216 5286 1292 5357 τῷ
1323 5287 1464 5353 ποδὶ,
1498 5287 1731 5351 σταδίοις
1769 5286 1869 5340 οὐκ

275 5373 508 5429 ἔλαττον
541 5376 574 5447 ἢ
606 5376 928 5448 τριάκοντα·
967 5379 1036 5432 τὰ
1063 5380 1188 5452 ὅρια
1217 5379 1274 5435 δὲ
1305 5381 1403 5451 τῆς
1433 5379 1598 5451 μονῆς
1617 5377 1870 5446 οὐδαμῶς

1984 4640 2150 4697 elilcit
2179 4658 2312 4696 vero
2343 4653 2402 4697 ut
2447 4643 2770 4698 miraculum
2815 4640 2920 4697 sub
2964 4642 3275 4697 testimonio
3315 4645 3558 4698 omnium

1981 4732 2213 4788 fratrum
2245 4733 2534 4789 fateretur.
2572 4735 2817 4805 Remqne
2855 4749 3050 4789 novam
3092 4743 3147 4787 et
3179 4748 3345 4803 prope
3378 4737 3560 4792 incre-

1981 4826 2200 4882 dibilem
2234 4830 2513 4883 narrabat.
2546 4828 2738 4882 Aiebat
2766 4826 2932 4893 enim,
2966 4825 3110 4896 quod
3135 4824 3246 4892 jam
3271 4828 3413 4881 circa
3447 4842 3562 4883 me-

1980 4918 2126 4973 diam
2155 4927 2391 4983 noctem,
2431 4926 2743 4985 argenta-am
2776 4914 2918 4968 illam
2957 4928 3132 4982 capsa:
3162 4928 3354 4968 urnam
3383 4914 3563 4968 surri-

1980 5009 2226 5077 puisset;
2259 5005 2554 5075 statimque
2587 5020 2710 5059 cum
2741 5004 2929 5059 beStiis
2957 5002 3273 5058 monasterii
3306 5017 3559 5071 egressus

1982 5107 2168 5164 esset;
2212 5107 2325 5152 tum
2370 5099 2550 5152 noctis
2594 5096 2860 5166 reliquum
2900 5096 3041 5149 viam
3093 5105 3239 5150 esset
3281 5094 3563 5165 ingressus

1980 5196 2233 5259 prompto
2264 5186 2552 5243 admodum
2578 5194 2634 5242 et
2663 5187 2820 5242 celeri
2851 5188 3007 5256 pede,
3041 5201 3147 5240 non
3181 5185 3360 5240 minus
3390 5198 3554 5254 quam

1980 5283 2201 5350 triginta
2244 5281 2453 5347 stadia;
2507 5294 2609 5335 nec
2654 5288 2831 5334 tamen
2879 5279 3013 5335 lines
3056 5277 3365 5333 monasterii
3412 5276 3562 5331 ulla-

1980 5381 2138 5429 tenus
2170 5372 2513 5439 transiisset;
2544 5370 2639 5426 sed
2673 5370 2910 5427 diluculo
2938 5379 3065 5426 ante
3096 5371 3269 5441 ipsum
3302 5370 3566 5426 inventus

1574 5486 1811 5547 VARUS
1861 5480 2266 5541 LECTIONES.

362 5606 377 5646 ι
408 5608 481 5663 al.
514 5608 869 5684 ἀπόκρυφον.

1521 5701 1712 5760 JOAN.
1753 5696 2094 5758 BOLLANDI
2131 5694 2365 5752 NOT/E.

350 5824 465 5898 (ili)
493 5822 662 5894 Χώνη
687 5822 1108 5886 infumlibulnm,
1127 5822 1359 5893 ampulla
1387 5820 1597 5878 videtur
1624 5818 1869 5887 intelligi,
1911 5822 2005 5871 aut
2032 5812 2207 5871 simile
2229 5813 2504 5871 vasculum
2525 5813 2793 5871 sacriﬁcio
2817 5815 3171 5877 destinatum.
