4116 6396
559 351 660 420 731

1803 351 2088 414 MENSIS
2115 351 2580 416 JANUARIUS.

3683 412 3703 421 _
3730 344 3844 410 732

567 463 761 519 fuisset
785 469 1061 532 tamquam
1100 461 1334 528 vinctus,
1372 458 1574 532 quique
1607 474 1675 516 ne
1708 459 1995 515 minimum
2031 459 2152 530 qni-

2264 460 2565 533 παρελθεῖν·
2599 457 2716 514 ἀλλ’
2745 457 2862 530 ἅμα
2899 457 3043 527 φωτὶ
3073 455 3180 528 πρὸ
3210 454 3385 526 αὐτῆς
3435 454 3728 527 εὑρεθῆναι
3755 452 3848 510 οἷα
3911 495 3919 502 .

559 557 683 612 dem
721 563 908 626 posset
958 555 1186 611 moveri.
1237 552 1436 610 Furem
1489 553 1638 610 enim
1694 553 1868 608 veluti
1933 553 2142 624 ligabat

563 664 652 705 res
690 649 835 704 furto
885 648 1088 714 ablata,
1135 646 1483 718 faciebatque
1531 653 1593 702 ut
1630 654 1880 701 maneret
1915 659 2010 700 eos
2053 644 2147 714 qui

563 739 765 795 furtum
802 739 947 810 passi
987 739 1226 794 fuerant.
1267 737 1497 808 Propter
1539 740 1654 794 haec
1683 752 1783 793 nos
1809 750 2000 792 omnes
2029 746 2147 790 stu-

563 847 664 902 por
699 833 916 896 invasit,
943 841 999 890 et
1034 843 1282 889 sanctum
1320 831 1390 886 ob
1421 846 1675 904 magnam
1711 829 1855 884 hanc
1887 828 2146 884 virtutem

572 923 753 978 mirati
803 939 1017 980 sumus.
1056 923 1239 991 Quare
1279 937 1438 979 sacra
1466 937 1603 978 urna
1652 930 1901 992 accepta,
1939 927 1994 974 et
2028 918 2148 973 viro

563 1015 793 1086 (pauper
815 1015 960 1072 enim
990 1018 1128 1088 erat)
1155 1015 1360 1087 Iargitri
1385 1016 1530 1087 quod
1545 1015 1681 1071 satis
1702 1021 1853 1072 esset
1868 1011 2053 1070 viatici
2078 1010 2148 1068 ad

569 1117 844 1178 sumptus,
874 1109 1180 1164 dimisimus
1207 1123 1330 1164 eum
1356 1109 1577 1164 domum
1609 1107 1910 1164 discedere.

634 1284 793 1342 CLX.
839 1287 963 1344 Ilaec
985 1298 1113 1344 sunt
1148 1289 1328 1358 magni
1360 1288 1536 1344 Patris
1570 1287 1842 1360 Euthymii
1877 1302 2047 1357 pauca
2079 1287 2148 1342 de

567 1377 902 1448 multis,qua:
928 1379 1027 1448 ipsi
1057 1381 1314 1447 vidimus,
1347 1388 1401 1435 et
1442 1395 1562 1450 qua:
1609 1380 1886 1435 auditione
1930 1379 2150 1449 accepi-

569 1483 720 1534 mus;
761 1479 817 1523 ut
850 1486 950 1525 nec
981 1471 1080 1525 viri
1119 1471 1224 1527 vita
1255 1488 1417 1542 quam
1449 1475 1560 1545 egit
1593 1474 1646 1528 in
1681 1487 1867 1536 carne,
1901 1486 2004 1526 nec
2027 1487 2149 1541 qua!

567 1571 688 1628 post
715 1573 944 1617 mortem
977 1564 1125 1620 edita
1161 1576 1284 1619 sunt
1315 1565 1383 1621 ab
1411 1579 1478 1620 eo
1517 1565 1802 1633 miracula,
1827 1566 2010 1636 ignota
2039 1563 2151 1618 sint

536 1653 820 1721 “posteris.
851 1653 1298 1725 Quandoquidem
1329 1667 1384 1713 et
1413 1664 1646 1729 utraque
1673 1658 1816 1712 inter
1855 1673 1915 1713 se
1946 1669 2148 1712 conve-

568 1745 744 1810 niunt,
785 1755 844 1801 et
879 1749 1018 1805 bene
1055 1751 1346 1808 admodum
1391 1752 1552 1808 simul
1599 1753 1899 1808 cohaerent.
1955 1749 2148 1820 Neque

564 1837 710 1890 enim
739 1838 960 1897 alterius
989 1843 1100 1897 sint
1137 1845 1262 1900 talia
1293 1853 1412 1915 post
1441 1853 1672 1900 mortem
1708 1851 1850 1912 acta,
1894 1843 1996 1898 nisi
2029 1842 2148 1912 ejus

523 2005 535 2015 .
569 1929 741 1985 solius
763 1933 852 2002 qui
881 1933 1146 2002 ejusmodi
1181 1937 1346 1991 vitam
1381 1937 1684 1994 ostenderit
1717 1952 1882 2008 super
1913 1947 2150 2002 terram;

573 2037 747 2092 neque
785 2023 920 2080 alius
973 2027 1133 2082 talem
1175 2027 1342 2082 vitam
1385 2029 1604 2098 egisset,
1651 2029 1754 2084 nisi
1808 2030 1853 2086 is
1895 2030 1988 2099 qui
2032 2037 2154 2100 post

569 2125 800 2172 mortem
849 2117 1156 2175 istiusmodi
1197 2121 1394 2176 claruit
1426 2122 1726 2177 miraculis.
1768 2119 1881 2191 Ego
1929 2121 2150 2192 quippe,

569 2207 660 2276 qui
686 2206 801 2277 ipse
821 2211 986 2264 etiam
1011 2225 1128 2266 sum
1155 2213 1224 2268 ab
1251 2228 1315 2269 eo
1341 2213 1536 2268 multas
1563 2223 1893 2270 consecutus
1919 2215 2150 2284 gratias,

570 2313 824 2370 sa'peque
843 2310 952 2356 tum
978 2317 1206 2375 corpore
1232 2316 1342 2362 tum
1372 2309 1556 2362 anima
1586 2305 1824 2375 adjutus,
1854 2322 1976 2362 cum
1999 2305 2156 2361 vide-

573 2405 689 2445 rem
731 2391 847 2460 ejus
885 2393 1098 2450 thecam
1135 2397 1351 2454 assidue
1387 2399 1571 2454 multis
1599 2408 1814 2454 scatere
1849 2397 2154 2462 miraculis,

575 2483 819 2539 mirabar
849 2500 1070 2558 semper
1099 2489 1242 2558 apud
1277 2507 1394 2557 me,
1430 2501 1485 2546 et
1520 2491 1828 2562 cogitabam
1855 2506 1967 2562 quo
1995 2489 2157 2546 modo

573 2573 641 2626 ad
663 2572 832 2630 Deum
865 2585 1068 2634 tantam
1089 2592 1374 2638 assecutus
1404 2583 1477 2638 sit
1506 2582 1783 2638 ﬁduciam.
1815 2585 1992 2652 Atque
2025 2583 2159 2638 ani-

575 2681 723 2720 munt
758 2681 937 2724 meum
981 2671 1246 2728 incitabat
1277 2675 1550 2744 quoddam
1575 2675 1930 2741 desiderium,
1973 2685 2031 2730 ut
2065 2689 2158 2730 ac-

577 2767 766 2816 curate
799 2761 1021 2830 scirem,
1060 2781 1310 2836 quaznam
1339 2769 1642 2826 exstitisset
1673 2770 1908 2825 hominis
1936 2769 2070 2836 vita,
2107 2777 2165 2822 et

575 2852 754 2920 qualis
785 2855 854 2910 ad
890 2857 1142 2913 virtutem
1174 2861 1517 2928 exercitatio,
1548 2871 1605 2918 et
1633 2863 1902 2920 undenam
1938 2871 2083 2917 tanta
2111 2861 2162 2916 ei

577 2958 702 3000 cum
731 2945 844 3004 D.o
871 2947 1222 3008 familiaritas
1254 2961 1309 3009 et
1340 2953 1676 3025 conjunctio.

651 3213 835 3271 CLXI.
866 3215 1052 3286 Itaque
1081 3232 1204 3274 cum
1237 3219 1551 3276 incidissem
1583 3218 1636 3274 in
1669 3217 1868 3275 multos
1897 3233 1967 3275 ex
1998 3217 2162 3298 hujus

579 3310 747 3364 eremi
774 3311 1054 3379 Patribus,
1082 3315 1174 3382 qui
1201 3313 1401 3383 partim
1435 3322 1584 3369 recte
1613 3313 1898 3369 audierant
1931 3327 2019 3368 res
2050 3313 2164 3366 Eu-

583 3401 798 3471 thymii,
832 3403 1032 3473 partim
1075 3413 1130 3460 et
1164 3417 1288 3460 cum
1325 3404 1442 3474 ipso
1469 3405 1632 3461 beato
1665 3404 1809 3460 Saba
1849 3404 2162 3460 conversati

580 3496 836 3563 fuerant;
879 3511 1238 3570 quascumque
1283 3511 1474 3552 eorum
1510 3498 1886 3567 unusquisque
1916 3497 2048 3552 mihi
2092 3498 2159 3553 de

580 3589 792 3644 utrovis
851 3588 1068 3645 illorum
1110 3590 1376 3656 narravit,
1419 3591 1604 3644 omnia
1653 3590 1872 3661 quidem
1911 3599 2166 3646 accurate

579 3679 904 3748 conscripsi,
935 3689 1176 3736 attamen
1203 3678 1430 3736 confuse
1458 3687 1513 3737 et
1540 3681 1874 3740 inordinate.
1893 3679 2168 3754 Tempore

581 3785 638 3823 ν.Δ
653 3786 712 3826 ro
723 3770 1233 3844 consequentc(95),
1253 3773 1590 3829 mcumenica
1601 3785 1788 3830 sancta
1801 3773 1989 3844 quinta
2007 3789 2171 3845 syno-

581 3864 650 3916 do
661 3861 1124 3932 Constantinopoli
1139 3871 1484 3934 congregata,
1503 3870 1555 3918 et
1562 3877 1660 3934 per
1669 3876 1786 3919 eam
1803 3861 2170 3936 Origenis(96)

584 3953 927 4025 Nestoriique
946 3954 1289 4026 dogmatibus
1309 3957 1658 4012 anathemate
1683 3957 1978 4026 percussis,
2012 3971 2169 4012 cum-

583 4062 690 4114 que
717 4047 806 4117 qui
825 4062 1017 4103 novam
1031 4047 1236 4102 lauram
1257 4047 1368 4120 (97)
1394 4057 1677 4106 tenuerant
1696 4049 2014 4122 Origenistte
2033 4047 2171 4120 (98),

588 4139 738 4194 itliuc
777 4149 959 4194 essent
984 4139 1218 4209 expulsi,
1246 4155 1544 4213 rursusque
1596 4143 1648 4198 in
1677 4157 1798 4198 eam
1836 4143 2169 4214 migrassent

589 4227 773 4284 iilcles
791 4228 1147 4286 et'orthodoxi
1172 4230 1381 4300 Patres,
1405 4247 1506 4304 ego
1537 4233 1804 4306 permissu
1825 4235 2164 4292 admirabilis

588 4323 818 4378 solitarii
857 4321 1104 4392 Joannis,
1131 4327 1370 4398 episcopi
1393 4327 1530 4400 (99),
1579 4329 1822 4398 inquam,
1873 4308 2106 4384 discedo.
2139 4344 2166 4382 a

587 4416 856 4484 coenobio,
893 4427 947 4474 et
979 4419 1091 4488 ipse
1125 4421 1288 4477 etiam
1324 4436 1513 4478 versor
1537 4423 1603 4484 .in
1640 4423 1745 4478 hac
1785 4421 1956 4476 laura.
2000 4419 2172 4475 Porro

2251 551 2655 624 πεπεδημένον,
2707 553 2802 606 καὶ
2849 549 2984 622 μηδὲ
3036 547 3267 603 κινεῖθαι
3306 548 3444 618 μηδὲ
3477 547 3654 619 βραχὺ
3684 547 3848 602 δυνά-

2253 661 2435 716 μενον.
2467 643 2718 716 Ἐδέσμει
2743 642 2850 716 γάρ
2876 641 3066 713 ὥσπερ
3094 641 3186 696 τὸν
3217 640 3495 711 κλέψαντα
3524 641 3586 693 τὸ
3613 640 3845 704 κλαπὲν,

2251 735 2348 790 καὶ
2389 735 2708 806 περιμένειν
2743 733 2920 789 ὲποίει
2952 733 3080 798 τοὺς
3119 731 3220 804 τὴν
3249 731 3458 802 κλοπὴν
3511 731 3848 800 ὑπομείναν-

2249 844 2372 891 τας.
2427 827 2732 899 Ἐκπληξις
2756 826 3030 897 κατέσχεν
3069 825 3165 880 ἐπὶ
3188 824 3404 888 τούτοις
3443 825 3652 886 πάντας
3675 824 3844 895 ἡμᾶς,

2252 920 2348 975 καὶ
2387 921 2481 976 τὸν
2523 921 2670 974 ὅσιον
2695 919 2798 990 τῆς
2828 919 3033 989 πολλῆς
3061 919 3266 989 ταύτης
3292 916 3577 988 δυνάμεως
3598 915 3849 986 ἐθαυμά-

2254 1029 2450 1084 σαμεν.
2503 1013 2616 1082 Τὴν
2667 1008 2762 1067 οὖν
2812 1010 2966 1082 ἱερὰν
3017 1009 3198 1082 χώνην
3253 1009 3537 1077 λαϐόντες,
3597 1008 3694 1062 καὶ
3750 1009 3847 1062 τὸν

2253 1103 2424 1176 ἄνδρα
2456 1105 2476 1174 (
2509 1104 2681 1174 πένης
2725 1105 2836 1176 γὰρ
2878 1099 2990 1176 ἦν)
3033 1101 3304 1166 δαπάναις
3358 1099 3725 1164 ίκανώσαντες
3764 1102 3852 1154 ἔν-

2251 1197 2437 1260 οδίοις,
2473 1196 2658 1251 οἴκαδε
2696 1197 3017 1267 μεθήκαμεν
3046 1194 3326 1250 ἀπελθεῖν.

2324 1290 2445 1344 ΡΞν.
2499 1290 2684 1344 Ταῦτα
2705 1289 2800 1343 τοῦ
2832 1289 3108 1360 Ἐὐθυμίου
3139 1287 3230 1341 τοῦ
3265 1285 3504 1358 μεγάλου
3538 1283 3750 1352 Harpe;
3781 1294 3852 1336 εκ

2255 1383 2467 1436 πολλῶν
2519 1383 2698 1452 ὀλίγα,
2749 1375 2824 1436 ὧν
2854 1399 2913 1435 τε
2945 1381 3102 1436 αὐτοὶ
3153 1381 3390 1450 εἴδομεν,
3447 1380 3541 1432 καὶ
3593 1372 3670 1430 ὧν
3709 1378 3847 1447 ἀκοῇ

2255 1475 2677 1548 παρειλήφαμεν
2705 1490 2720 1504 ο
2773 1474 2849 1536 ὡς
2900 1474 3038 1544 μήτε
3079 1473 3177 1544 τὴν
3222 1475 3281 1526 ἔν
3321 1471 3486 1542 σαρκὶ
3517 1468 3612 1522 τοῦ
3657 1469 3851 1540 ἀνδρὸς

2255 1569 2552 1634 πολιτείαν,
2588 1569 2725 1640 μήτε
2768 1567 2837 1620 τὰ
2872 1567 3012 1636 μετά
3047 1565 3304 1634 τελευτὴν
3362 1562 3457 1618 ὑπ’
3501 1564 3668 1619 αὑτοῦ
3719 1561 3853 1614 θαυ-

2259 1659 2738 1732 ματουργηθέντα,
2798 1661 2913 1722 τοῖς
2972 1657 3093 1728 μεθ’
3155 1659 3305 1729 ἡμᾶς
3369 1657 3624 1724 ἄγνωστα
3684 1650 3850 1707 εἶναι.

2269 1754 2423 1807 Ἐπεὶ
2449 1755 2544 1808 καὶ
2581 1751 2874 1822 ωμὸαίνει
2904 1751 3156 1820 ἀλλήλοις
3185 1750 3446 1818 ἑκάτερα,
3476 1749 3571 1802 καὶ
3600 1747 3851 1816 ἀλλήλων

2256 1846 2440 1919 ἔχεται
2489 1846 2609 1900 λίαν
2653 1844 2845 1914 ἡδέως.
2913 1841 3053 1896 Οὔτε
3107 1841 3217 1914 γὰρ
3267 1842 3456 1911 ἑτέρου
3508 1839 3736 1894 τοιαῦτα
3781 1841 3850 1892 τά

2261 1940 2398 2012 μετά
2427 1937 2708 2006 τελευτὴν,
2741 1937 2823 1989 ὅτι
2854 1935 2930 2006 μὴ
2966 1935 3128 2004 μόνου
3161 1932 3254 1986 τοῦ
3289 1933 3385 2014 καὶ
3419 1931 3699 1986 πολιτείαν
3740 1947 3853 1984 τοι·

2256 2034 2428 2106 αὐτην
2459 2031 2552 2087 ἐπὶ
2582 2033 2686 2102 γῆς
2727 2028 3141 2098 ἐπιδειξαμένου
3169 2044 3184 2059 ·
3240 2026 3367 2080 οὔτε
3404 2026 3518 2098 βίον
3573 2025 3852 2096 μετελθεῖν

2255 2123 2498 2178 τοιοῦτον
2555 2123 2767 2192 ἕτερος,
2804 2122 2888 2175 ὅτι
2930 2129 2969 2156 ω
3005 2121 3164 2190 μόνος
3213 2120 3240 2172 ὁ
3291 2118 3524 2171 τοιοῖσδε
3563 2118 3658 2170 καὶ
3712 2115 3854 2186 μετά

2257 2215 2514 2286 τελευτὴν
2558 2215 2744 2286 κομῶν
2781 2212 3078 2284 θαύμασιν.
3146 2209 3288 2278 Ἐγὼ
3342 2211 3452 2280 γὰρ
3502 2207 3712 2263 πολλῶν
3756 2208 3852 2277 μὲν

2257 2308 2469 2362 ἐκείνου
2518 2308 2611 2360 καὶ
2649 2303 2813 2368 αὐτὸς
2865 2303 3183 2365 ἀπολαύσας
3225 2300 3487 2372 χαρίτων,
3543 2300 3636 2352 καὶ
3692 2297 3854 2368 σῶμα

2262 2399 2525 2462 πολλάκις
2563 2397 2658 2450 ὑπ’
2697 2394 2864 2449 αὑτοῦ
2919 2395 3013 2448 καὶ
3061 2393 3240 2464 ψυχὴν
3280 2387 3338 2445 εὖ
3375 2389 3679 2453 πεπονθὼς,
3727 2387 3854 2442 πολ·

2259 2492 2380 2555 λαῖς
2413 2490 2471 2544 δὲ
2524 2490 2620 2544 καὶ
2670 2489 2770 2559 τὴν
2827 2487 2994 2542 αὐτοῦ
3044 2487 3222 2558 θήκην
3271 2484 3544 2556 βρύουσαν
3591 2482 3854 2537 ἑκάστοτε

2262 2582 2734 2654 θαυματουργίαις
2759 2579 2922 2650 ὁρῶν,
2963 2575 3275 2648 ἐθαύμαζόν
3311 2595 3370 2629 τε
3415 2575 3502 2630 ἀεὶ
3531 2574 3649 2628 κατ’
3678 2576 3857 2643 ἐμαυ-

2264 2677 2378 2744 τὸν,
2410 2675 2506 2731 καλ⁵
2527 2676 2676 2739 ὅπως
2706 2673 2815 2739 ἄρα
2843 2671 3180 2744 τηλικαύτης
3208 2669 3366 2741 ἔτυχε
3408 2667 3560 2741 παρά
3588 2666 3710 2737 Θεῷ
3750 2667 3856 2734 τῆς

2265 2767 2603 2841 παρρησίας,
2635 2764 2980 2834 διενοούμην.
3020 2762 3126 2816 Καί
3169 2763 3272 2833 μού
3315 2779 3400 2824 τις
3443 2760 3704 2830 ἐπιθυμία
3758 2757 3854 2828 τὴν

2263 2861 2442 2932 ψυχὴν
2472 2859 2825 2930 ὑπηρέθιζεν,
2862 2857 3004 2912 ὥστε
3040 2857 3234 2928 μαθεῖν
3258 2852 3527 2924 ἀκριϐῶς,
3569 2851 3653 2914 τίς
3693 2851 3722 2904 ὁ
3760 2850 3854 2902 τοῦ

2266 2953 2461 3024 ἀνδρὸς
2511 2953 2644 3023 βίος,
2687 2952 2783 3005 καὶ
2827 2952 2960 3006 ποία
3005 2950 3141 3020 πρὸς
3175 2949 3432 3020 ἀρετὴνὴ
3470 2947 3727 3014 ἄσκησις,
3764 2943 3856 2997 καὶ

2265 3047 2390 3100 ὅθεν
2425 3049 2461 3114 ἡ
2501 3045 2740 3116 τοσαύτη
2796 3043 2978 3108 νεῦσις
3036 3041 3184 3111 αὖτῷ
3238 3041 3376 3112 πρὸς
3437 3039 3529 3092 τὸν
3573 3037 3709 3091 Θεὸν
3761 3037 3856 3090 καὶ

2267 3136 2565 3200 οἰκείωσις.

2337 3228 2504 3281 ΡΞΑ⁹.
2567 3225 2792 3289 Πολλοῖς
2849 3226 2949 3296 μὲν
2999 3219 3095 3278 οὖν
3156 3225 3266 3277 τῶν
3323 3223 3466 3277 κατά
3521 3222 3620 3292 τὴν
3649 3220 3860 3292 ἔρημον

2265 3319 2473 3390 ταύτην
2509 3317 2770 3387 Πατέρων
2820 3316 3117 3388 ἐπιτυχὼν,
3168 3317 3280 3379 τοῖς
3335 3315 3434 3384 μὲν
3484 3313 3746 3382 ἀσφαλῶς
3793 3313 3859 3366 τὰ

2270 3411 2547 3480 Εὐθυμίου
2579 3410 2868 3477 ἀκηκοόσι,
2913 3411 3026 3473 τοῖς
3058 3409 3115 3462 δὲ
3154 3409 3249 3462 καὶ
3279 3407 3430 3477 αὐτῷ
3456 3406 3536 3475 τῷ
3577 3405 3859 3476 μακαρίτῃ

2269 3503 2421 3574 Σάὅᾳ.
2455 3501 2864 3572 συγγεγονόσινο
2915 3502 3017 3554 ὅσα
3071 3517 3162 3571 μοι
3194 3499 3402 3554 τούτων
3449 3499 3688 3560 ἕκαστος
3732 3498 3862 3568 περὶ

2268 3597 2536 3668 ὁποτέρου
2577 3597 2644 3651 ἂν
2665 3597 2869 3667 ἀμφοῖν
2898 3595 3224 3665 διηγήσατο,
3275 3595 3455 3648 πάντα
3487 3593 3590 3664 μὲν
3620 3593 3863 3663 ἀνεγραο

2269 3689 2463 3762 ψάμην
2519 3688 2619 3744 σὺν
2653 3687 2933 3760 ἀκριϐείᾳ,
2993 3687 3418 3758 συγκεχυμένως
3469 3683 3514 3739 δ’
3560 3680 3657 3738 οὖν
3713 3685 3864 3754 ὅμως

2271 3783 2368 3836 καὶ
2395 3780 2773 3844 ἀσυντάκτως.
2808 3781 3002 3850 Χρόνῳ
3035 3780 3091 3832 δὲ
3125 3778 3372 3848 ὕστερον,
3405 3777 3509 3849 τῆς
3551 3778 3866 3847 οἰκουμενι-

2272 3875 2374 3946 κῆς
2403 3873 2568 3941 ἁγίας
2611 3873 2873 3944 πέμπτης
2921 3872 3141 3926 συνόδου
3196 3873 3254 3926 έν
3288 3869 3864 3926 Κωνσταντινουπόλει

2275 3965 2766 4037 συγκροτηθείστβ,
2815 3965 2910 4018 καὶ
2941 3963 3052 4017 τῶν
3092 3963 3404 4034 Ὡριγένους
3430 3965 3524 4017 καὶ
3563 3961 3864 4032 Νεστορίου

2271 4058 2557 4128 δογμάτων
2582 4057 2674 4110 ὑπ’
2698 4055 3453 4125 αὐτῆςάναθεματισθέντων,
3471 4053 3580 4107 τῶν
3605 4070 3666 4107 τε
3691 4070 3864 4107 κατα-

2276 4149 2517 4219 σχόντων
2555 4147 2656 4217 τὴν
2703 4147 2830 4201 νέαν
2859 4147 3069 4216 λαύραν
3109 4147 3558 4218 Ὠριγενειαστῶν
3593 4157 3621 4184 ιι
3653 4146 3865 4200 ἐκεῖθεν

2272 4239 2680 4303 ἀπελαθέντων,
2734 4239 2827 4293 καὶ
2857 4237 3066 4293 πιστῶν
3099 4240 3179 4302 είς
3228 4239 3399 4304 αὐτὴν
3451 4239 3722 4309 Πατέρων
3769 4239 3866 4293 καὶ

2272 4331 2570 4400 ὀρθοδόξων
2615 4327 2773 4394 αὖθις
2808 4331 3238 4401 μετοικισάντων
3275 4339 3300 4366 °
3330 4348 3344 4362 ·
3390 4332 3738 4403 ἐπιτραπέν·
3770 4349 3863 4403 μοι

2275 4422 2432 4494 παρά
2483 4423 2578 4476 τοῦ
2647 4422 2966 4492 θαυμαστοῦ
3030 4423 3344 4492 ἡσυχαστοῦ
3414 4424 3661 4478 Ἰωάννου
3691 4465 3708 4492 ,
3769 4425 3864 4480 τοῦ

588 4521 870 4582 postquam
899 4513 966 4568 ad
995 4527 1114 4568 eam
1155 4515 1494 4585 transissem,
1527 4525 1783 4587 paternas
1821 4515 2033 4570 litteras
2084 4529 2158 4570 sc-

2277 4515 2601 4582 ὲπισκόπου,
2632 4516 2812 4586 φημὶ,
2849 4515 3070 4586 ἀπαίρω
3116 4517 3215 4570 τοῦ
3253 4517 3546 4584 κοινοὸίου,
3595 4519 3692 4573 καὶ
3739 4519 3866 4590 τῇδε

587 4617 769 4671 cutus,
804 4621 924 4676 quae
951 4608 1309 4665 hortabantur
1328 4625 1435 4676 me,
1481 4620 1949 4679 utcomponercm
1997 4607 2170 4664 histo-

591 4697 727 4751 riam
777 4697 1056 4754 beatorum
1119 4699 1398 4771 Euthygmti
1459 4710 1514 4756 et
1567 4699 1745 4764 Salue,
1781 4701 1916 4756 duos
1948 4700 2167 4769 quidem

589 4800 762 4841 οιιιιοε
788 4785 1042 4858 deinceps
1077 4789 1364 4846 continuos
1399 4789 1578 4858 quievi
1617 4790 1668 4845 in
1715 4789 1892 4855 Iaura,
1931 4798 1985 4844 et
2018 4787 2168 4858 operi

590 4879 980 4937 censeribendo
1010 4879 1249 4936 ineubui.

663 5156 862 5216 CLXII.
904 5157 1038 5214 Cum
1083 5167 1264 5215 autem
1308 5159 1572 5216 orationis
1624 5159 1951 5232 principium
1989 5162 2174 5219 facere

2279 4609 2345 4678 τῇ
2386 4605 2562 4678 λαύρα
2604 4607 2700 4659 καὶ
2733 4606 2897 4670 αὐτὸς
2931 4606 3170 4676 γίνομαι.
3201 4605 3461 4661 Διαὸἀντι
3499 4607 3557 4661 δέ
3607 4625 3697 4676 μοι
3730 4609 3866 4676 πρὸς

2279 4701 2470 4772 αὐτὴν,
2515 4701 2806 4770 γράμμασι
2850 4701 3144 4770 Πατρικοῖς
3194 4698 3533 4765 ἀνατάξαθαι
3591 4700 3692 4772 τὴν
3736 4701 3868 4772 περὶ

2279 4795 2556 4866 Εὐθυμίου
2586 4811 2644 4846 τε
2686 4794 2780 4846 καὶ
2808 4793 2958 4847 Σάὃα
2985 4793 3098 4844 τῶν
3122 4793 3412 4864 μακαρίων
3453 4793 3695 4864 ἱστορίαν
3729 4811 3866 4863 προ-

2282 4885 2641 4957 τρεπομένοις
2696 4901 2761 4954 με
2811 4882 3316 4953 κατακολουθήσας,
3352 4883 3446 4938 δύο
3502 4885 3601 4953 μὲν
3645 4884 3706 4936 τὸ
3738 4885 3866 4953 ἑξῆς

2278 4981 2556 5034 διετέλεσα
2592 4978 2819 5050 χρόνους
2845 4976 3130 5047 ἡσυχάζων
3161 4977 3218 5030 ὲν
3259 4979 3326 5048 τῇ
3363 4975 3542 5048 λαύρα
3568 4977 3663 5030 καὶ
3702 4993 3866 5048 προσ-

2277 5074 2528 5138 κείμενος
2563 5071 2641 5141 τῷ
2673 5071 3044 5139 συντάγματι.

2349 5143 2512 5220 ΡΞΒἏ
2565 5163 2764 5235 Ἀρχὴν
2817 5163 2874 5217 δὲ
2899 5162 2992 5216 τοῦ
3023 5160 3183 5230 λόγου
3221 5160 3297 5232 μὴ
3350 5161 3490 5233 ἔχων
3530 5160 3868 5234 ποιήσασθαι

1884 5304 2121 5361 vuum;
2155 5263 2556 5362 murmuris.

663 5427 699 5460 ἐ
729 5419 798 5473 al.
833 5419 998 5475 inser.
1029 5421 1126 5492 μή.
1209 5430 1233 5456 τι
1262 5420 1330 5474 al.
1375 5422 1815 5492 Ὠριγενιαστῶν.

1894 5432 1912 5451 “
1935 5423 2004 5478 al.
2043 5424 2514 5494 μετοικησάντων.

1849 5535 2041 5594 JOAN.
2071 5536 2248 5594 BOLL
2261 5539 2414 5595 ANDI
2449 5540 2660 5596 NOTAE

665 5658 778 5720 (95)
811 5659 908 5714 An.
939 5659 1041 5714 Cb.
1079 5657 1204 5714 555.

668 5729 780 5798 (96)
815 5730 888 5783 De
904 5745 966 5782 ea
985 5729 1328 5782 damnatione
1359 5725 1510 5796 plura
1538 5726 1677 5781 idem
1705 5727 1757 5780 in
1781 5723 2164 5798 VitaS.Saba?.

662 5797 771 5863 (ΣΠ)
809 5799 880 5851 De
911 5798 1058 5850 laura
1094 5813 1227 5851 nova
1257 5805 1556 5856 exstructa.
1579 5799 1804 5860 eiusque
1835 5797 2026 5865 primis
2079 5798 2167 5850 he-

597 5866 840 5926 gumcnis
887 5868 991 5935 agit
1035 5866 1274 5935 pluribus
1313 5865 1542 5938 Cyrinus
1593 5869 1644 5920 in
1702 5866 1819 5922 Vita
1871 5866 1928 5922 S.
1989 5867 2166 5923 Salue.

2285 5654 2423 5711 Vide
2455 5655 2868 5724 Prolegomena.

2351 5726 2464 5796 (98)
2509 5730 2580 5797 De
2607 5728 2690 5783 his
2723 5729 2862 5782 idem
2889 5727 3122 5797 Cyrillus
3149 5728 3200 5781 in
3231 5727 3347 5782 Vita
3387 5728 3443 5780 S.
3478 5724 3652 5781 Salue.

2351 5794 2468 5924 (99)l
2498 5796 2888 5870 Episcogtatum
2923 5794 3305 5854 (lolonicnscm
3362 5799 3413 5853 in
3451 5798 3703 5853 Armenia
3739 5794 3863 5852 reli-

2279 5882 2444 5937 quera
2479 5908 2492 5922 .
