4116 6422
232 380 337 444 733

1408 400 1426 411 α
1513 378 1691 437 νιτΑ
1730 378 1790 437 S.
1834 376 2248 442 EUTIIYMII.

3414 375 3519 437 734

229 485 340 543 οἷον
398 486 540 558 μηδὲ
581 485 805 557 παιδεία
848 488 916 557 τῇ
973 483 1208 554 θύραθεν
1262 454 1514 555 ὲνῷιϐὴς
1547 484 1690 556 ὣν),
1722 485 1823 539 οὐκ

1935 502 2036 541 ιιοη
2071 503 2325 557 possem,
2370 496 2429 541 ut
2473 485 2566 557 qui
2618 501 2725 540 non
2764 485 2866 541 sim
2913 484 2965 538 in
3003 492 3229 541 externa
3271 494 3519 538 versatus

230 596 386 649 ανιην
414 576 699 647 δακρύων,
731 577 830 631 καὶ
858 576 1041 648 δεήσει
1074 575 1389 648 θερμοτάτῃ
1423 576 1520 629 καὶ
1545 581 1822 649 προσευχῇ

232 669 538 742 χρώμενος.
565 667 713 738 Ἤδη
743 667 800 720 δέ
832 684 917 730 τις
949 666 1044 720 καὶ
1071 665 1251 719 ἔννοιά
1280 681 1349 735 με
1382 663 1827 737 είσῄει,ἁποσχέ-

232 766 358 817 σθαι
376 762 473 816 τοῦ
505 761 938 832 ἐγχειρήματος,
970 757 1245 830 ἐργώδους
1279 757 1425 812 οὕτω
1452 758 1548 813 καὶ
1576 756 1825 831 μείζονος

231 857 387 917 bino;
422 853 457 924 ἢ
499 852 628 906 καθ’
663 853 837 922 ἡμᾶς.
879 851 1019 905 Ποτὲ
1050 849 1184 920 γοῦν
1208 848 1382 913 οὕτως
1407 849 1821 920 ἀμηχανοῦντα,

234 946 328 999 καὶ
361 946 431 1015 τῇ
462 941 688 1013 συνήθει
715 939 1224 1013 προσκαθεζόμενον
1244 938 1502 1011 καθέδρᾳ,
1529 939 1659 1002 τοὺς
1691 939 1828 1011 χάρ-

232 1054 337 1100 τας
392 1053 454 1090 τε
502 1035 595 1089 διὰ
644 1035 826 1106 χειρὸς
863 1034 1076 1106 ἔχοντα,
1128 1035 1222 1089 καὶ
1273 1033 1546 1096 ἀλύοντα,
1589 1035 1827 1103 περίπου

233 1129 498 1198 δευτέραν
529 1128 629 1197 τῆς
664 1128 878 1199 ἡμέρας
903 1126 1075 1195 ὥραν,
1112 1127 1280 1191 ὕπνος
1307 1128 1475 1197 αἱρεῖ.
1498 1127 1607 1180 Καὶ
1649 1142 1831 1196 παρα-

236 1222 432 1292 χρῆμα
480 1222 510 1276 ὅ
561 1238 623 1273 τε
662 1221 843 1290 μέγας
896 1220 1172 1289 Εύθύμιος
1227 1222 1320 1274 καὶ
1374 1220 1553 1285 Σάϐας
1609 1221 1638 1273 ὁ
1684 1218 1827 1283 θεῖος

237 1312 622 1383 ἐπιφαίνονταί
646 1329 758 1381 μοι,
796 1314 864 1366 τὰ
900 1312 1107 1385 συνήθη
1155 1313 1521 1381 ἐνδεδυμένοι.
1581 1311 1829 1367 Ἀκούειν

232 1423 294 1458 τε
348 1403 760 1474 διαλεγομένων
811 1405 992 1458 αὐτῶν
1046 1404 1299 1458 ἐδόκουν·
1351 1404 1499 1458 Σάϐα
1534 1406 1629 1459 τοῦ
1673 1405 1830 1458 σεϐα-

235 1496 399 1563 σμίου
431 1535 446 1558 ,
509 1494 729 1564 πρώτου
780 1495 1045 1566 ἄρξαντος
1097 1496 1351 1565 ὁμιλίαςο
1396 1496 1490 1548 καὶ
1530 1496 1641 1549 ίδοὺ
1690 1495 1829 1567 πρὸς

235 1585 327 1635 τὸν
379 1586 555 1652 μέγαν
587 1583 889 1655 Εὐθύμιον,
945 1585 975 1636 ὁ
1031 1584 1298 1656 Κύριλλός
1346 1602 1463 1650 σου,
1516 1588 1824 1657 εἰρηκότος,

243 1675 369 1736 τοὺς
414 1675 620 1743 χάρτας
652 1674 753 1743 μὲν
790 1674 878 1728 διὰ
909 1676 1091 1746 χειρὸς
1135 1677 1246 1747 ἔχει
1274 1679 1398 1741 τοὺς
1430 1677 1539 1732 τῶν
1575 1679 1826 1751 ὑπομνη-

247 1766 432 1834 μάτων
458 1807 471 1829 ,
534 1766 775 1834 σπουδὴν
808 1767 877 1823 ,δὲ
932 1769 1027 1820 καὶ
1088 1768 1251 1822 πόνον
1300 1770 1428 1824 ὅσον
1470 1770 1823 1839 εἰσενεγκὼν,

1930 579 2260 644 eruditione,
2285 592 2392 632 non
2416 576 2698 632 cessabam
2728 576 3041 647 lacrymari,
3062 575 3251 645 utique
3269 575 3521 644 precibus

1931 681 1985 727 et
2008 669 2351 726 orationibus
2386 667 2812 724 ardentissimis.
2844 665 2962 722 Jaui
3004 683 3134 723 vero
3162 677 3217 722 et
3247 682 3335 723 me
3374 665 3523 735 ejus-

1933 765 2077 819 modi
2106 764 2353 818 subierat
2380 760 2659 831 cogitatio,
2691 759 2957 816 desistere
2991 775 3022 815 a
3047 770 3227 831 empto
3247 761 3384 816 adeo
3413 760 3519 815 dif-

1934 854 2086 921 ﬁcili,
2116 862 2171 909 et
2201 854 2347 909 vires
2388 860 2604 908 nostras
2639 851 2958 908 excedente.
3004 852 3312 922 Aliquando
3358 853 3522 923 igitur

1935 962 2021 1003 me
2058 948 2130 1003 ita
2164 946 2504 1019 perplexum,
2546 953 2600 1001 et
2631 946 2684 999 in
2723 944 2883 1000 solita
2928 946 3189 1001 cathedra
3218 946 3520 1012 sedentem,

1933 1040 2337 1109 habentemque
2387 1038 2613 1094 chartas
2654 1037 2709 1093 in
2761 1052 2947 1102 manu,
2993 1044 3049 1092 et
3099 1051 3224 1092 cum
3281 1050 3521 1092 maerore

1932 1131 2372 1201 cogitabundum,
2418 1145 2646 1186 somnus
2685 1129 2967 1200 opprimit,
3014 1128 3161 1183 circa
3213 1128 3514 1183 secundam

1934 1226 2123 1280 horam
2147 1224 2275 1279 diei.
2301 1222 2370 1278 Et
2390 1223 2573 1278 statim
2605 1235 2832 1291 magnus
2852 1219 3172 1290 Euthymius
3199 1219 3521 1288 divitiusque

1935 1315 2105 1371 Sabas
2124 1315 2254 1369 mihi
2272 1324 2534 1384 apparent
2556 1313 2713 1385 (99'),
2731 1311 2913 1367 vestiti
2932 1311 3004 1365 ita
3023 1321 3081 1365 ut
3096 1318 3520 1365 consueverant.

1930 1410 2109 1479 Atque
2146 1407 2277 1462 mihi
2318 1408 2543 1462 videbar
2584 1406 2775 1460 audire
2822 1420 2919 1461 eos
2957 1405 3313 1468 disserentes,
3357 1417 3523 1459 vene-

1933 1505 2103 1558 rando
2135 1501 2276 1556 Saba
2305 1500 2482 1570 primo
2516 1500 2820 1569 incipiente
2857 1512 3191 1562 sermonem,
3214 1510 3279 1550 ac
3305 1496 3522 1550 dicente

1932 1596 1999 1651 ad
2025 1610 2275 1665 magnum
2310 1592 2698 1664 Euthymium:
2730 1590 2870 1645 Ecce
2898 1588 3135 1659 Cyrillus
3175 1599 3319 1653 tuus,
3353 1602 3515 1640 manu

1929 1684 2148 1756 quidem
2170 1691 2319 1741 tenet
2350 1683 2598 1738 chartam
2619 1681 3138 1737 commentariorum
3159 1695 3175 1746 ;
3200 1678 3294 1733 sed
3322 1693 3520 1747 magno

1930 1777 2179 1833 adhibito
2205 1777 2385 1831 studio
2425 1784 2479 1830 et
2518 1775 2729 1838 labore,
2776 1774 3019 1828 nondum
3065 1771 3238 1842 potuit
3283 1770 3517 1826 orationi

237 1856 389 1910 οὗπω
415 1857 538 1912 οὐδὲ
560 1857 662 1924 τὴν
679 1858 859 1929 ἀρχὴν
903 1860 1265 1932 ὲπιθεῖναιτῷ
1286 1862 1431 1933 λόγῳ
1458 1863 1700 1934 ἴσχυσεν.
1722 1863 1831 1917 Τοῦ

1938 1886 2007 1927 ne
2044 1870 2373 1942 principium
2418 1866 2636 1938 quidem
2683 1869 2982 1937 imponere.
3019 1865 3266 1935 Cumque
3304 1864 3393 1919 ille
3432 1878 3520 1919 rc-

233 1948 313 2011 δὲ,
370 1949 468 2002 καὶ
501 1948 615 2012 πῶς
647 1949 715 2003 ἂν
741 1951 1001 2014 ἀδύνατὸς
1021 1952 1108 2022 εἴη
1156 1954 1327 2006 ταῦτα
1358 1958 1553 2021 ποιεῖν,
1610 1956 1772 2010 πάλιν
1802 1968 1831 2007 ι’

234 2043 514 2108 εἰπόντος,
564 2042 641 2113 μὴ
678 2046 780 2113 τῆς
827 2043 1034 2097 ἄνωθεν
1076 2046 1226 2116 αὐτῷ
1252 2048 1477 2118 χάριτος
1517 2050 1832 2119 συνεφαψα-

237 2135 410 2206 μένης
431 2176 449 2200 ,
474 2139 504 2190 ὁ
538 2135 681 2197 θεῖος
709 2135 909 2202 Σάϐας,
940 2136 1102 2192 Ἀλλὰ
1133 2140 1196 2193 σὺ
1221 2140 1310 2203 δὸς
1340 2141 1493 2211 αὐτῷ
1526 2141 1625 2212 τὴν
1646 2144 1828 2213 χάριν,

234 2233 359 2302 ἆγιε
391 2230 600 2300 Πάτερ,
627 2228 916 2282 ὑπολαϐὼν
951 2228 1075 2300 ἕιρη.
1120 2232 1230 2285 Καὶ
1272 2234 1389 2301 ἅμα
1418 2236 1445 2286 ὁ
1477 2233 1622 2297 θεῖος
1657 2234 1833 2288 Εὐθύ-

239 2341 360 2394 μιος
423 2321 774 2375 ἐπινεύσαντι
822 2320 1041 2387 ἐοικὼς,
1090 2323 1184 2375 καὶ
1237 2320 1338 2392 τὴν
1404 2326 1563 2395 χεῖρα
1617 2326 1699 2388 είς
1736 2327 1831 2380 τὸν

236 2415 440 2470 κόλπον
490 2412 705 2477 καθεὶς,
767 2413 1109 2484 ἀλάϐαστρόν
1166 2431 1220 2467 τι
1274 2415 1493 2483 μέλιτος
1552 2417 1832 2488 ἀργυροῦν

238 2508 452 2561 ἐκεῖθεν
508 2505 909 2575 ἀναλαμϐάνει·
947 2499 1102 2575 ᾧπερ
1142 2505 1322 2576 μήλην
1352 2507 1630 2577 ἐμϐάψας,
1665 2509 1831 2578 ὲνῆκέ

242 2617 342 2668 μου
374 2599 503 2671 τρὶς
545 2601 625 2663 εἰς
671 2598 732 2651 τὸ
757 2597 954 2665 στόμα.
1004 2598 1111 2651 Τοῦ
1145 2598 1201 2651 δὲ
1248 2598 1358 2668 ἄρα
1408 2598 1467 2650 τὺ
1519 2598 1619 2666 μὲν
1669 2595 1831 2666 εἶδος,

241 2692 404 2762 ἐλαίῳ
441 2690 627 2763 ἐῴκει·
662 2692 695 2762 ἡ
723 2688 911 2759 γεῦσις
949 2691 1005 2742 δὲ
1059 2688 1127 2761 (ὦ
1156 2689 1264 2743 τῶν
1288 2689 1499 2743 ἐκεῖθεν
1526 2690 1766 2761 χαρίτων
1791 2694 1830 2761 l)

240 2781 482 2852 ἄρρητός
521 2797 606 2843 τις
645 2778 862 2850 ἀληθῶς
900 2781 996 2833 καὶ
1034 2778 1365 2851 ἀπόρρητος
1404 2781 1498 2833 καὶ
1524 2781 1605 2850 τῷ
1655 2781 1832 2850 μέλιτι

240 2876 378 2939 ὅλως
434 2873 859 2944 παραϐληθῆναι
910 2872 1118 2943 ταύτην
1152 2913 1167 2937 ,
1230 2872 1388 2944 ὕϐρις
1436 2874 1677 2945 ἀτεχνῶς
1736 2874 1832 2928 τοῦ

240 2970 593 3041 πράγματος.
640 2968 794 3023 Ἐπεὶ
821 2970 915 3022 καὶ
937 2966 1306 3022 διυπνισθὲντι
1348 2984 1462 3037 μοι,
1514 2967 1590 3038 τῷ
1639 2969 1834 3040 ἁφάτῳ

240 3063 338 3132 τῆς
388 3061 608 3133 ἡδονῆς,
670 3059 753 3113 ἐτι
801 3059 1031 3130 λείψανα
1085 3059 1250 3128 τῆσδε
1292 3058 1370 3130 τῷ
1403 3061 1634 3131 στόματι
1678 3080 1834 3135 περι-

243 3155 461 3222 μεῖναι*
505 3152 601 3207 καὶ
644 3150 788 3206 οὕτω
828 3152 1110 3223 περίπλεω
1156 3151 1258 3223 τῆς
1303 3152 1599 3219 θεσπεσίας
1624 3155 1833 3228 ταύτης

238 3217 512 3318 ἦδύτηυος
559 3244 711 3310 ὄντα,
741 3244 837 3298 τοῦ
863 3217 1131 3316 παρόντος
1152 3217 1387 3318 ἄρξαθαί
1419 3262 1486 3315 με
1512 3217 1830 3319 αυντὰγμαξ
1862 3217 1907 3278 c

237 3359 302 3395 το
312 3357 355 3405 ,ο
390 3341 752 3411 ἐπειγόμενον
777 3334 982 3403 ὼςοῖόν
1005 3358 1065 3393 τε
1099 3341 1195 3394 καὶ
1224 3340 1294 3393 τὰ
1315 3340 1458 3395 κατὰ
1488 3341 1578 3394 τὸν
1606 3342 1830 3414 ἄριστον

239 3432 446 3497 Σάϐαν,
496 3432 557 3483 ὲν
608 3430 754 3503 ἄλλῳ
802 3433 1146 3500 συντάγματι
1198 3431 1447 3487 διελθεῖν.
1490 3434 1591 3503 Εἷη
1630 3434 1687 3489 δὲ
1712 3439 1830 3500 ταῖς

236 3525 423 3579 αὐτῶν
454 3522 795 3595 πρεσϐείαις,
834 3524 927 3577 ἐπὶ
952 3525 1133 3578 πολλῶ
1164 3526 1422 3598 χρησίμῳ
1449 3528 1560 3582 τῶν
1606 3531 1832 3586 ἀκουόν-

232 3618 370 3684 τῶν,
401 3620 498 3671 καὶ
536 3615 779 3689 ὠφελείᾳ.
805 3633 821 3647 ·
857 3620 937 3681 είς
954 3617 1113 3683 δόξαν
1146 3619 1383 3690 Πατρὸς,
1409 3620 1504 3674 καὶ
1538 3622 1695 3689 Υἱοῦ,
1738 3624 1832 3678 καὶ

234 3711 398 3780 ἁγίου
432 3710 775 3782 Πνεύματος,
808 3710 909 3780 τῆς
954 3712 1084 3781 μιᾶς
1117 3712 1214 3765 καὶ
1240 3712 1547 3784 ἁχωρίστου
1578 3715 1832 3785 Τριάδος’

235 3796 278 3875 ᾖ
306 3801 511 3872 πρέπει
560 3802 716 3868 δόξα,
760 3803 895 3873 τιμὴ
926 3806 1023 3858 καὶ
1069 3803 1463 3876 προσκύνησις,
1494 3806 1590 3861 νῦν
1616 3809 1710 3861 καὶ
1748 3809 1838 3863 ἀεὶ

244 3895 350 3947 καὶ
385 3896 465 3957 εἰς
487 3897 607 3961 τοὺς
634 3895 840 3960 αἰῶνας
872 3897 980 3950 τῶν
1013 3895 1249 3952 αἰώνων.
1327 3899 1520 3970 Ἀμήν.

1930 1964 2271 2033 spondisset:
2296 1962 2362 2016 Et
2390 1976 2496 2031 quo
2520 1959 2679 2015 modo
2697 1960 2813 2015 haec
2838 1958 3077 2027 potuerit
3106 1956 3307 2023 facere,
3339 1957 3383 2011 si
3411 1972 3515 2011 nou

1931 2066 2053 2107 eum
2082 2066 2318 2120 superna
2356 2048 2627 2120 adiuverit
2661 2046 2872 2117 gratia?
2897 2046 3119 2100 Divinus
3158 2045 3331 2099 Satias
3363 2060 3375 2095 :
3413 2043 3520 2098 Sed

1933 2152 1986 2198 tu
2034 2143 2083 2198 ei
2124 2142 2192 2197 da
2229 2140 2484 2212 gratiam,
2532 2148 2720 2194 sancte
2760 2138 2946 2200 Pater,
3000 2134 3280 2203 excipiens
3323 2133 3522 2203 inquit.
3564 2142 3579 2151 ’

1931 2237 2107 2302 Atque
2149 2232 2312 2287 simul
2358 2231 2575 2285 divinus
2617 2228 2944 2299 Eutbyinius
2997 2225 3259 2282 annuenti
3304 2224 3520 2285 similis,

1936 2339 2210 2395 manuque
2260 2324 2314 2377 iu
2346 2323 2525 2378 sinum
2569 2322 2836 2386 immissa,
2872 2327 3188 2390 argenteum
3231 2318 3522 2389 quemdam

1935 2419 2111 2474 mellis
2142 2417 2479 2472 alabastrum
2516 2415 2667 2470 illinc
2697 2414 2898 2482 sumit;
2936 2414 2987 2469 in
3028 2428 3136 2485 quo
3171 2427 3293 2467 eum
3330 2408 3527 2480 specil—

1935 2512 2043 2566 lum
2073 2509 2411 2573 intiuxisset,
2442 2518 2522 2563 ter
2545 2524 2723 2562 meum
2749 2508 2802 2561 in
2822 2523 2884 2562 os
2899 2506 3147 2562 immisit.
3176 2504 3323 2559 lllius
3343 2512 3523 2557 autem

1935 2603 2148 2674 species
2166 2602 2388 2673 quidem
2423 2606 2543 2656 erat
2563 2598 2761 2655 similis
2790 2597 2910 2653 oleo
2933 2614 2948 2664 ;
2969 2607 3159 2667 gustus
3180 2610 3310 2651 vero
3335 2594 3387 2664 (0
3405 2608 3527 2662 qua:

1935 2698 2086 2753 illinc
2119 2704 2246 2750 sunt
2288 2694 2541 2766 gratiae!)
2575 2707 2763 2747 revera
2811 2690 3073 2761 explicari
3098 2697 3165 2744 .et
3199 2687 3379 2742 verbis
3425 2702 3525 2739 ex.-

1935 2790 2097 2860 primi
2133 2803 2236 2844 non
2272 2795 2489 2857 potest;
2521 2798 2757 2854 eumque
2793 2784 3014 2838 omnino
3041 2796 3163 2836 cum
3203 2779 3360 2834 melle
3396 2791 3528 2832 cou-

1939 2885 2104 2951 ferre,
2145 2884 2338 2952 ingens
2375 2888 2522 2935 esset
2566 2879 2642 2933 rei
2688 2875 3040 2933 contumelia.
3080 2873 3232 2928 Unde
3262 2872 3395 2926 mihi
3426 2885 3525 2925 ex-

1942 2977 2295 3049 pergefacto,
2343 2981 2566 3044 propter
2634 2968 2965 3026 iuellabilem
3008 2967 3374 3037 voluptatem,
3407 2964 3526 3034 ejus

1939 3071 2116 3129 adhuc
2140 3071 2192 3124 iu
2223 3083 2319 3125 ore
2346 3072 2728 3122 remanserunt
2756 3064 2996 3135 reliquiae
3021 3079 3036 3116 :
3061 3061 3248 3128 sicque
3278 3057 3527 3128 expletus

1942 3163 2122 3220 divina
2151 3163 2254 3218 hac
2283 3161 2572 3227 suavitate,
2601 3172 2844 3230 praesens
2873 3171 3011 3226 opus
3036 3153 3284 3210 inchoavi
3312 3168 3328 3218 ;
3359 3150 3522 3205 etiam

1942 3254 2205 3323 impulsus
2238 3265 2649 3324 properansque
2687 3250 2754 3305 ad
2787 3247 3074 3304 scribenda
3107 3259 3204 3316 pro
3234 3242 3443 3299 viribus
3469 3242 3524 3295 in

1941 3348 2048 3404 alio
2081 3363 2248 3417 opere
2284 3355 2437 3417 gesta
2470 3341 2909 3415 praestantissimi
2944 3341 3121 3397 Sabae.
3163 3338 3248 3394 Sit
3271 3352 3433 3409 porro
3464 3352 3527 3390 ea

1942 3456 2029 3497 res
2078 3439 2293 3494 illorum
2355 3435 2839 3492 intercessionibus
2888 3432 2959 3488 ad
3008 3446 3262 3501 magnam
3304 3428 3534 3483 audiem

1943 3536 2075 3590 tium
2107 3534 2431 3599 utilitatem;
2460 3530 2513 3586 in
2533 3529 2762 3601 gloriam
2782 3529 2984 3594 Patris,
3011 3536 3066 3583 et
3098 3524 3243 3590 Filii,
3269 3533 3323 3579 et
3351 3520 3527 3592 Spiri-

1941 3635 2028 3681 tus
2062 3624 2261 3690 sancti,
2300 3623 2459 3677 unius
2499 3632 2554 3677 et
2600 3619 2980 3690 inseparabilis
3016 3615 3332 3682 Trinitatis;
3367 3626 3530 3682 quam

1941 3722 2098 3775 decet
2126 3717 2321 3790 gloria,
2355 3716 2531 3771 honor
2558 3725 2614 3770 et
2652 3712 2924 3778 adoratio,
2969 3724 3114 3766 nunc
3144 3716 3199 3764 et
3226 3718 3443 3774 semper
3474 3709 3532 3755 et

1941 3812 1995 3866 in
2020 3808 2218 3866 saecula
2249 3807 2597 3865 saeculorum.
2635 3806 2828 3862 Amen.

1525 4028 1764 4086 VARI/ﬁ
1813 4030 2230 4089 LECTIONES.

346 4156 375 4201 1
406 4148 478 4203 al.
518 4148 742 4220 μᾶλλον.

1475 4267 2049 4342 ιοιιΝηΒοιιλΝοι
2097 4265 2334 4326 Nom.

301 4361 445 4429 (99')
476 4363 637 4419 Circa
662 4379 755 4422 an.
786 4360 917 4417 Chr.
947 4360 1074 4419 555.
