4116 6422
658 376 766 443 735

745 529 3451 567 Mm

1894 380 2183 442 MENSIS
2221 379 2553 443 JANUARI
2568 383 2682 444 US.

2248 539 2533 548 —_—_————.

2536 540 2825 552 ——-—-——

1851 670 2747 810 ΑΘΛΗΣΙΣ

1375 909 1515 964 ΤΟΥ
1552 909 1758 963 ΑΙἸΟΥ
1798 911 1920 964 ΚΑΙ
1960 908 2277 964 ΕΝΔΟΞΟΥ
2315 906 2696 972 ΜΑΡΤΥΡΟΣ
2730 912 2871 972 ΤΟΥ
2906 911 3204 969 ΧΡΙΣΤΟΥ

1978 1082 2593 1172 ΒΙΚΕΝΤΙΟΥ

1902 1443 2688 1558 CERTAMEN

1457 1669 1747 1733 SANCTI
1796 1670 1899 1730 ET
1945 1668 2274 1731 INCLYTI
2319 1669 2745 1730 MARTYRIS
2788 1667 3113 1733 CHftlSTl

1976 1854 2615 1945 VINCENTII

1873 2048 2081 2126 (Anno
2123 2047 2263 2122 300,
2298 2045 2373 2108 22
2404 2047 2727 2124 Januarii.)

715 2225 913 2293 [αι-πο
945 2237 1078 2275 nunc
1100 2223 1314 2286 primum
1337 2221 1504 2287 prodit
1526 2234 1589 2273 ex
1614 2220 1786 2273 codice
1805 2234 1896 2272 ms.
1925 2220 2081 2285 Regio
2107 2221 2232 2333 lilbl.
2264 2238 2271 2273 ι

2133 2296 2257 2335 ψη.

2349 2225 2492 2348 xrignla
2518 2221 2697 2285 Paris,
2722 2237 2771 2273 n.
2800 2222 2942 2286 1519,
2970 2226 3141 2274 seaculi
3166 2239 3232 2275 xu
3254 2240 3267 2287 ;
3292 2226 3464 2276 Latine
3498 2227 3630 2290 apud
3656 2226 3879 2283 Sortem.

729 2595 1069 2652 LVietoriam
1088 2612 1251 2667 quam
1280 2595 1660 2653 sanctissimus
1694 2605 1897 2668 martyr
1920 2596 2246 2654 Vincentius

2421 2591 2501 2647 A'.
2546 2595 2758 2649 Ἱκανὸν
2788 2594 3065 2650 καὶτοῦτο
3096 2597 3329 2667 δοκιμῆς
3366 2596 3443 2667 τῷ
3476 2599 3782 2673 ἁγιωτάτῳ
3810 2604 3938 2674 μάρ-

654 2690 725 2746 de
779 2688 937 2743 hoste
990 2690 1311 2759 reportavit,
1346 2690 1583 2745 maxime
1620 2690 1902 2760 probatam
1954 2689 2129 2745 fuisse
2177 2705 2247 2745 ex

656 2787 762 2842 hoc
793 2787 911 2855 ipso
936 2785 1159 2858 intelligi
1198 2795 1398 2857 potest,
1433 2789 1577 2856 quod
1608 2787 1878 2842 bonorum
1920 2803 2105 2841 rerum
2142 2786 2248 2842 ini-

656 2883 831 2934 micus
868 2879 1119 2934 diabolus
1146 2895 1334 2935 eorum
1366 2880 1727 2936 certaminum
1777 2896 1898 2949 quae
1924 2887 2127 2951 martyr
2158 2880 2247 2935 ille

654 2969 915 3024 sustinuit
949 2985 1013 3024 ac
1042 2982 1337 3039 perpessus
1370 2979 1474 3037 est,
1508 2971 1877 3026 venerandam
1925 2971 2245 3027 memoriam

653 3064 873 3120 silentio
905 3064 1123 3119 interim
1158 3066 1496 3121 obruendam
1529 3067 1761 3122 curavit.
1793 3066 1899 3121 Sed
1928 3083 2028 3123 nos
2056 3067 2249 3121 ordine

652 3157 895 3230 singulas
927 3173 1035 3222 res,
1091 3167 1149 3213 ut
1204 3166 1370 3230 gestae
1420 3167 1569 3222 sunt,
1625 3160 1678 3214 in
1716 3169 1966 3231 apertum
2003 3160 2249 3232 profere-

654 3265 800 3315 mus,
830 3251 1306 3319 eertissimamqne
1348 3267 1537 3305 earum
1577 3268 1759 3307 rerum
1804 3253 1963 3309 tidem
1998 3269 2250 3323 sequen-

657 3354 761 3407 tes,
797 3343 1110 3398 inviolatam
1140 3344 1396 3414 martyris
1430 3343 1863 3411 confessionem,
1910 3354 1965 3403 et
1997 3347 2239 3401 toleran-

654 3446 763 3490 tem
822 3436 1217 3501 constantiam,
1281 3452 1455 3507 usque
1511 3437 1578 3491 ad
1629 3447 1936 3492 extremum
1992 3438 2246 3507 spiritum

653 3538 924 3585 servatam
957 3528 1233 3600 simulque
1264 3529 1642 3585 incredibilem
1688 3528 1890 3600 iudicis
1931 3528 2247 3584 immanita-

653 3630 762 3676 tem
796 3622 1163 3677 narrabimus.

726 3715 792 3770 ll.
829 3716 879 3770 ls
936 3731 1059 3771 cum
1082 3714 1522 3771 Christianorum
1564 3716 1951 3782 vastationem,
1983 3725 2042 3770 ut
2066 3715 2248 3785 quivis

656 3809 817 3873 alius,
851 3808 1051 3871 sitiret,
1103 3808 1156 3862 in
1191 3807 1507 3879 Hispaniam
1548 3808 1826 3879 profectus
1863 3816 1967 3873 est,
2013 3816 2072 3863 ut
2106 3807 2248 3862 illius

656 3902 956 3971 provinciae
982 3901 1517 3956 administrationem
1566 3910 1800 3969 gereret,
1834 3917 1954 3969 quae
1987 3916 2017 3955 a
2047 3899 2247 3955 Roma-

653 3993 741 4046 nis
768 3993 1189 4063 imperatoribus
1219 3992 1512 4047 commissa
1551 3992 1601 4047 ei
1652 3992 1850 4046 fuerat.
1900 3992 2033 4046 Erat
2074 3991 2244 4060 judex

654 4083 745 4137 ille
775 4082 1016 4147 Graecus,
1055 4084 1283 4147 scelere,
1323 4084 1508 4138 furore
1556 4090 1611 4138 et
1654 4083 1855 4139 diaboli
1885 4083 2245 4153 perversitate

654 4183 882 4245 arteque
919 4175 1256 4245 composjtus
1291 4185 1347 4230 et
1378 4174 1598 4229 malitiae
1628 4174 1777 4230 illius
1806 4174 2057 4230 minister
2089 4176 2245 4232 valde

655 4269 889 4323 idoneus
933 4286 946 4322 :
990 4266 1287 4321 vetabatur
1336 4277 1521 4321 autem
1571 4267 1851 4322 Datianus.
1886 4267 2023 4324 Cum
2080 4269 2247 4340 igitur

654 4360 720 4414 ad
762 4360 881 4430 ejus
917 4359 1154 4430 regionis
1196 4359 1387 4414 urbem
1419 4358 1666 4413 omnium
1717 4359 1948 4431 primam
1980 4361 2243 4426 venisset,

655 4451 741 4505 cui
779 4466 977 4505 nomen
1031 4459 1149 4505 erat
1198 4451 1465 4522 Angusta,
1500 4459 1759 4520 tanquam
1807 4450 1971 4520 lupus
2022 4450 2245 4520 quidam

654 4542 882 4598 vorandi
915 4542 1197 4614 sanguinis
1227 4542 1456 4597 multum
1489 4550 1778 4612 appetens,
1807 4540 2245 4612 simplicissimas

653 4634 851 4690 Christi
875 4649 1005 4690 oves
1037 4634 1263 4690 adortus
1285 4643 1388 4690 est.
1419 4633 1553 4688 Nam
1582 4632 1681 4688 etsi
1719 4648 1906 4688 earum
1934 4632 2241 4700 sinceritas,

655 4728 963 4781 constantia
993 4736 1049 4781 et
1078 4724 1666 4782 ﬁrmitas-Christiana:
1704 4722 1825 4778 ﬁdei
1867 4723 2242 4779 testimonium

656 4822 947 4892 praeberet,
984 4822 1054 4877 ab
1075 4821 1180 4877 illis
1207 4828 1389 4876 tamen
1421 4819 1667 4874 furorem
1698 4834 1858 4874 suum
1890 4833 1999 4872 non
2034 4827 2244 4888 tempe-

655 4914 846 4969 rabat:
874 4913 968 4969 sed
996 4929 1119 4968 cum
1142 4922 1290 4969 esset
1312 4912 1635 4983 sacrilegus,
1660 4920 1714 4966 et
1741 4911 1941 4968 Graecae
1963 4908 2246 4981 supersti-

657 5005 823 5059 tionis
862 5004 1295 5069 amantissimus,
1334 5018 1604 5058 summam
1634 5003 1686 5057 in
1715 5002 2058 5058 Christianos
2092 5017 2247 5057 acer-

654 5097 879 5152 bitatem
899 5099 1207 5153 exercebat.
1235 5097 1443 5168 Itaque,
1469 5113 1593 5154 eum
1619 5097 1994 5169 magistratum
2013 5095 2244 5161 iniisset,

655 5206 715 5246 se
744 5192 928 5246 omnia
969 5207 1036 5247 ex
1065 5191 1230 5246 animi
1259 5192 1531 5247 sententia
1557 5200 1981 5247 consecuturum
2011 5189 2244 5245 arbitra—

653 5284 836 5346 batur,
875 5283 919 5339 si
968 5284 1171 5339 furoris
1200 5294 1257 5339 et
1302 5284 1551 5349 insaniae,
1577 5299 1701 5353 qua:
1730 5282 1881 5336 illum
1910 5280 2238 5353 exagitabat,

654 5377 942 5433 manifesta
984 5377 1182 5433 indicia
1216 5377 1531 5432 ostenderet
1568 5393 1582 5430 :
1618 5374 1837 5430 nefariae
1861 5374 2008 5428 cnim
2041 5373 2240 5429 crude-

658 5475 825 5530 litatis
854 5481 910 5530 et
947 5474 1072 5530 novi
1119 5473 1323 5529 furoris
1354 5472 1508 5528 rabie
1561 5470 1985 5527 accendebatur.
2032 5467 2241 5536 Quam-

656 5571 846 5625 obrem
866 5568 949 5624 sui
977 5569 1200 5640 spiritus
1230 5566 1529 5623 foeditatem
1551 5582 1615 5621 ac
1633 5565 2054 5631 vehementiam,
2079 5580 2241 5634 quam

656 5657 892 5725 primum
921 5657 1118 5728 potuit,
1147 5656 1429 5712 eﬂundere
1445 5657 1629 5726 coepit,
1660 5655 1946 5727 episcopos
1971 5670 2032 5710 ac
2051 5671 2243 5712 omnes

2349 2708 2476 2760 τνρι
2514 2690 2776 2763 Βικεντίῳ
2810 2694 2890 2756 εἰς
2937 2693 3036 2763 τὴν
3095 2693 3236 2746 κατὰ
3281 2693 3374 2747 τοῦ
3420 2695 3626 2765 ἐχθροῦ
3681 2700 3937 2769 μεγίστην

2351 2783 2530 2853 νίκην,
2570 2784 2629 2836 τὸ
2663 2785 2764 2853 τὴν
2810 2787 3034 2856 μνήμην
3080 2785 3189 2839 τῶν
3228 2786 3457 2854 ἀγώνων
3490 2788 3667 2843 αὐτοῦ
3722 2792 3819 2845 καὶ
3854 2790 3934 2844 τοῦ

2350 2877 2560 2939 πάθους
2584 2876 2646 2929 τὸ
2673 2876 2923 2947 ἀοίδιμον
2956 2877 3213 2945 ἐθελῆσαι
3245 2879 3334 2932 τὸν
3368 2881 3671 2950 μισόκαλον
3707 2886 3773 2954 τῇ
3817 2901 3926 2937 σιω-

2350 2970 2427 3039 πῇ
2457 2967 2881 3038 ταμιεύσασοαι.
2932 2969 3074 3023 Ἀλλ’
3100 2971 3260 3041 ἡμεῖς
3316 2971 3449 3041 γοῦν
3490 2975 3574 3037 εἰς
3608 2975 3670 3028 τὸ
3701 2975 3934 3046 ἐμφανὲς

2350 3059 2561 3112 ἕκαστα
2594 3060 2737 3113 κατὰ
2770 3061 2927 3127 τάξιν
2980 3062 3296 3134 ἐκδώσομεν
3334 3065 3818 3140 συμπληρεστὰτῃ
3850 3068 3932 3122 πί·

2352 3164 2467 3205 στει
2503 3152 2571 3206 τὰ
2600 3152 2786 3207 δίκαια
2816 3153 2928 3208 τῶν
2964 3154 3321 3227 πραχθέντων
3359 3156 3462 3229 τὴν
3492 3159 3777 3232 ἀκήρατον
3817 3161 3935 3231 ὁμο-

2349 3248 2540 3317 λογίαν
2592 3252 2751 3322 φημι
2797 3251 2862 3323 δὴ
2892 3293 2907 3317 ,
2947 3253 3042 3306 καὶ
3093 3252 3195 3322 τὴν
3251 3254 3448 3325 ἀκλινῆ
3498 3259 3804 3330 καρτερίαν
3850 3254 3930 3309 τοῦ

2353 3346 2632 3415 μάρτυρος
2661 3345 2825 3418 μέχρι
2863 3347 2962 3416 τῆς
2993 3347 3311 3411 τελευταίας
3361 3337 3675 3423 ἅᾍαπνοῆς,
3709 3352 3802 3405 καὶ
3846 3350 3932 3420 τὴν

2349 3437 2560 3505 ἄφατον
2584 3437 2847 3511 ὠμότητα
2878 3438 2972 3493 τοῦ
3008 3440 3292 3496 δικαστοῦ.

2421 3697 2495 3754 Β’.
2532 3700 2713 3770 Διψῶν
2736 3703 2845 3773 γὰρ
2875 3696 3053 3771 οὗτος,
3087 3706 3136 3759 εί
3168 3707 3263 3761 καί
3308 3727 3397 3777 τις
3457 3712 3647 3780 ἄλλος,
3697 3716 3798 3787 τὴν
3841 3713 3929 3768 τῶν

2348 3791 2695 3861 Χριστιανῶν
2740 3795 2942 3867 λύμην,
2992 3798 3166 3869 ἐπέϐη
3203 3801 3300 3872 τῆς
3338 3804 3638 3872 Ἱσπανίας
3673 3809 3773 3880 τὴν
3820 3810 3929 3878 ins-

2354 3884 2549 3952 μονίαν
2612 3885 2910 3956 δεξάμενος
2960 3891 3111 3960 παρὰ
3145 3893 3254 3945 τῶν
3302 3899 3631 3967 τηνικαῦτα.
3667 3899 3934 3971 Ῥωμαίων

2349 3975 2648 4033 διεπόντων
2679 3980 2982 4049 βασιλείαν·
3015 3983 3218 4057 Ἕλλην
3241 4003 3328 4051 τις
3367 3989 3447 4044 ὣν
3482 3994 3708 4063 μιαρὸς,
3735 3995 3824 4048 καὶ
3850 4008 3937 4060 μαι

2349 4070 2467 4134 νίας
2494 4072 2806 4138 ἀνάπλεως,
2837 4077 2933 4129 καὶ
2963 4078 3145 4148 πάσης
3173 4080 3269 4150 τῆς
3297 4084 3400 4137 τοῦ
3432 4085 3692 4141 διαϐόλου
3716 4087 3935 4156 δυσπρασ

2346 4163 2474 4231 γίας
2507 4167 2913 4236 κεκροτημὲνον
2944 4168 3177 4239 ὄργανον
3212 4172 3495 4247 ὑπᾶρχων
3522 4195 3537 4209 ·
3577 4178 3835 4240 Δατιανδς
3861 4170 3937 4227 οὗ·

2346 4271 2439 4319 τος
2478 4257 2811 4328 ἐπικέκλητο
2849 4261 3113 4333 τοῦνομα.
3156 4264 3362 4321 Ἠνίκα
3405 4269 3466 4324 δὲ
3510 4274 3580 4343 τῇ
3622 4271 3731 4326 τῶν
3776 4269 3940 4322 ὲκεῖσι

2348 4345 2542 4418 πρώτῃ
2575 4347 2784 4401 πόλεων
2822 4350 3020 4422 ἐπέϐη,
3068 4350 3373 4429 Ἀγουστίᾳ
3414 4361 3569 4430 φημὶ
3628 4361 3941 4431 καλοάμένῃσ

2346 4435 2423 4499 ὡς
2451 4437 2560 4491 τῶν
2590 4440 2811 4494 πάντων
2839 4442 2873 4511 ἡ
2900 4442 3253 4517 ἀκεραιότης,
3306 4451 3408 4504 καὶ
3434 4452 3498 4506 τὸ
3556 4454 3656 4523 τῆς
3707 4449 3943 4522 ἀληθείας

2349 4527 2568 4599 βέϐαιον
2628 4537 2922 4604 μαρτυρεῖ,
2977 4534 3077 4605 τῆς
3140 4537 3351 4607 μανίας
3392 4544 3497 4599 οὐκ
3556 4548 3779 4619 ἠρέμει.
3822 4542 3945 4599 Ἀλλ’

2360 4622 2660 4695 Ἱερόσυλός
2687 4643 2791 4692 τις,
2843 4626 2920 4690 ώς
2963 4626 3123 4701 ἔφην,
3180 4633 3277 4686 καὶ
3341 4636 3469 4692 λίαν
3522 4638 3940 4713 ἑλληνικώτατος

2347 4716 2614 4786 ὑπάρχων
2674 4719 3037 4788 ἐχαλέπαινεν
3108 4722 3585 4797 ὑπερϐαλλόντως
3654 4734 3797 4788 κατὰ
3847 4730 3942 4784 τῶν

2347 4809 2694 4879 Χριστιανῶν
2713 4812 2809 4864 καὶ
2835 4813 2944 4866 τῶν
2972 4814 3251 4871 εὐκταίων
3270 4820 3422 4891 ᾡετο
3454 4828 3605 4880 κατὰ
3638 4827 3794 4892 τάξιν
3821 4825 3943 4875 ἀπο-

2346 4902 2533 4957 λαύειν
2549 4904 2647 4974 τῆς
2666 4905 2842 4975 ἀρχῆς
2865 4907 3293 4980 ἐπειλημμένος,
3315 4917 3367 4968 εί
3386 4917 3490 4988 τῆς
3517 4917 3948 4989 ἑκϐακχευούσης

2347 4996 2516 5049 αὑτὸν
2552 4997 2752 5068 μανίας
2812 5000 3144 5066 ἐπιδείξεται
3193 5006 3257 5059 τὸ
3290 5009 3617 5083 πρόχειρον.
3671 5011 3941 5081 Ἀθεμῐτου

2349 5090 2459 5161 γὰρ
2484 5090 2768 5163 ὠμότητος
2785 5094 2878 5147 καὶ
2897 5092 3054 5164 ξένης
3074 5095 3259 5167 λύμης
3290 5100 3685 5160 ὲνυλακτοῦσὰ
3709 5122 3791 5166 τις
3812 5099 3945 5168 αὐτῷ

2349 5182 2526 5238 λῠσσα
2555 5185 2949 5255 προσέπνευσε,
2981 5189 3077 5242 καὶ
3098 5190 3299 5247 Οᾶττον
3321 5195 3423 5250 τοῦ
3456 5198 3678 5264 δέοντος
3700 5198 3947 5270 ἠπείγετο

2348 5281 2414 5349 τῇ
2458 5280 2748 5353 μιαρότητι
2788 5282 2882 5335 τοῦ
2911 5284 3113 5337 οἰκείου
3142 5285 3496 5358 πνεύματος,
3528 5293 3866 5349 ἐπισκόπους
3890 5303 3943 5340 τε

2351 5376 2445 5428 καὶ
2472 5376 2601 5438 τοὺς
2637 5375 2742 5428 ὑπὸ
2764 5377 2984 5447 κλῆρον,
3020 5379 3113 5431 καὶ
3138 5377 3324 5434 πάντα
3351 5383 3550 5451 ἁπλῶς
3584 5386 3743 5456 ἅγιον
3764 5400 3885 5439 συνσ
3896 5397 3947 5449 ρ·

2350 5468 2546 5532 στάζειν
2612 5469 2906 5540 πειρασμῷ
2954 5488 3060 5524 τινι
3106 5472 3450 5546 διαϐολικῷ,
3510 5480 3719 5550 μᾶλλον
3769 5477 3859 5536 δὲ,
3905 5470 3949 5522 εί

2352 5564 2458 5633 χρὴ
2512 5562 2746 5633 τάληθὲς
2792 5563 2995 5632 λέγειν,
3043 5565 3129 5619 ἵνα
3161 5565 3245 5636 τῷ
3274 5568 3403 5642 Θεῷ
3466 5572 3689 5645 δόκιμοι
3746 5567 3949 5624 ἀναδει-

2354 5655 2547 5726 χοῶσι.

655 5749 906 5813 clericos,
947 5766 1011 5805 ac
1055 5751 1201 5806 viros
1237 5760 1452 5807 sanctos
1481 5750 1664 5821 iniqua
1708 5750 1905 5807 diaboli
1982 5750 2177 5807 tcnzati
2197 5766 2281 5806 me
2325 5750 2588 5807 immicus
2623 5767 2975 5823 :quanquam
3008 5755 3195 5825 potius
3235 5753 3451 5815 factum
3486 5758 3542 5817 id
3586 5759 3710 5830 fuit,
3750 5766 3804 5815 ut
3869 5749 3958 5825 qui

662 5844 871 5911 probati
903 5857 1104 5914 essent,
1137 5846 1406 5903 manifesti
1440 5847 1651 5903 ﬁerent.
