4116 6414
320 363 422 426 737

313 571 492 622 ἐκεῖσε
544 568 846 633 ἀγιώτατος
899 572 1240 638 ἐπίσκοπος,
1295 577 1587 647 Οὐαλέριος
1635 579 1894 649 τοῦνομα,

312 660 457 729 ἀνὴρ
505 659 773 724 ἐπίδοξος,
817 661 908 712 καὶ
931 661 1049 730 ἅμα
1079 663 1254 734 τούτῳ
1287 667 1315 718 ό
1341 667 1460 736 τρὶς
1501 669 1770 739 μακάριος
1801 672 1896 722 Βι-

311 751 529 813 κέντιος
554 753 582 803 ό
613 755 708 802 καὶ
734 755 948 821 μάρτυς
979 753 1058 807 ἔτι
1080 758 1146 825 τῇ
1167 758 1273 809 τῶν
1307 759 1552 812 Λευῖτῶν
1576 760 1895 830 διαπρέπων

311 844 561 913 εὐταξίᾳ,
599 845 698 898 σὺν
731 844 896 914 πολλῇ
929 851 993 916 τῇ
1029 848 1180 920 ῥύμῃ
1230 852 1572 922 κατέδραμον
1625 854 1717 906 ἐπὶ
1768 855 1896 918 τοὺς

311 936 621 996 ἀθανάτους
652 935 750 989 καὶ
782 937 1060 1008 ἀοιδίμους
1082 942 1321 1008 ἀγῶνας.
1357 944 1631 1014 Ὅλέοριος
1669 945 1774 1014 γὰρ
1803 942 1890 1016 ἦν,

305 1031 385 1092 ὡς
420 1028 635 1090 πολλοῖς
666 1029 861 1095 ἐδόκει,
898 1034 925 1083 ὁ
944 1035 1273 1103 πειρασμὸς,
1304 1035 1442 1089 ἀλλά
1472 1038 1546 1105 μὴ
1569 1039 1678 1101 τοῖς
1707 1037 1894 1107 θεοφι-

308 1119 429 1174 λέσι
451 1137 465 1151 ο
497 1120 841 1174 διεπίστευον
873 1124 982 1192 γὰρ
1011 1126 1238 1188 ἑαυτοὺς
1269 1127 1366 1180 καὶ
1410 1128 1555 1197 μάλα
1589 1131 1894 1198 μακαρίους

309 1213 533 1264 ἔσεσθαι
568 1215 626 1264 ἐν
653 1214 827 1282 αὐτῷ,
855 1215 1003 1284 φημὶ
1027 1217 1104 1285 τῷ
1131 1221 1480 1290 προκειμένῳ
1509 1220 1702 1288 ἀγῶνι,
1735 1223 1895 1291 εἴπερ

310 1304 495 1369 ἀξίαις
529 1305 930 1376 ἀνδραγαθίαις
961 1309 1021 1360 τὸ
1051 1310 1193 1381 ὑπὲρ
1227 1312 1326 1380 τῆς
1371 1314 1578 1376 οἰκείας
1627 1313 1894 1384 καθιερώ·

309 1413 450 1457 σεως
481 1398 843 1467 ἀναδήσανται
879 1400 1164 1468 στέφανον.
1199 1402 1360 1456 ’Λλλά
1393 1405 1501 1474 γὰρ
1531 1406 1559 1457 ὁ
1582 1404 1894 1473 τεχνοποιδς

309 1489 407 1540 καὶ
435 1487 787 1559 πολύμορφος
835 1491 935 1561 τὴν
982 1493 1232 1564 γνώμην,
1260 1495 1504 1565 οἰόμενος
1530 1500 1594 1565 τῇ
1624 1497 1894 1562 ἐξοδοιποο

317 1577 434 1644 μίας
469 1577 626 1647 ὕϐρει
652 1595 709 1630 τε
752 1580 845 1632 καὶ
877 1583 1136 1654 συντριϐῇ
1186 1584 1387 1652 μᾶλλον
1442 1586 1665 1649 τούτους
1715 1585 1892 1656 ἐαυτῷ

321 1671 496 1740 ῥᾴστω
530 1670 916 1741 πειοήσεσθαι,
950 1675 1031 1736 είς
1080 1674 1178 1745 τὴν
1209 1677 1364 1729 πόλιν
1409 1677 1776 1738 Βκλεντινίαν,
1816 1678 1890 1739 ὡς

315 1761 496 1826 φασὶν,
521 1762 646 1830 ἥτις
695 1764 933 1834 ὑπάρχει
968 1766 1066 1835 μία
1115 1767 1214 1836 τῆς
1260 1769 1555 1838 ἐπαρχίας,
1588 1769 1683 1821 σὺν
1719 1769 1884 1838 πολλῇ

309 1853 374 1920 τῇ
397 1850 551 1922 ὕϐρει
573 1853 827 1906 ἐκέλευσε
851 1856 977 1920 τοὺς
1005 1855 1194 1920 ἁγίους
1211 1836 1559 1929 παραστῆναι
1591 1859 1684 1914 καὶ
1716 1836 1887 1930 πρόσξ
1920 1836 1967 1895 Β

305 1942 495 1995 τάττει
549 1946 894 2014 παραχρῆμα
945 1947 1003 1999 ἐν
1040 1947 1360 2018 ὀχυρώματι
1414 1950 1524 2002 τινὶ
1567 1949 1796 2018 ζοφώδει
1828 1967 1887 2003 τε

306 2033 406 2086 καὶ
429 2033 654 2087 δυσώὸει
688 2036 786 2104 τῆς
819 2037 1071 2107 φυλακῆς
1101 2039 1493 2110 καθειρχθῆναι
1519 2041 1717 2104 αὐτοὺς
1749 2042 1887 2112 μετὰ

310 2124 581 2195 μεγίστης
616 2128 912 2197 τιμωρίας,
953 2130 1098 2199 φημὶ
1126 2129 1188 2201 δὴ
1211 2131 1312 2198 τῆς
1337 2131 1496 2201 λιμοῦ
1535 2131 1762 2198 ἐνδείας,
1792 2133 1887 2185 καὶ

305 2215 533 2285 πιεσμῷ
562 2218 640 2287 τῷ
667 2218 976 2282 ἐξαλύσεων
1006 2223 1098 2273 καί
1129 2221 1385 2292 στρέϐλῃ,
1425 2222 1520 2275 καὶ
1555 2223 1703 2284 ὅπως
1742 2224 1884 2276 κατά

301 2306 399 2358 τοῦ
428 2307 657 2377 αὐχένος
685 2309 778 2361 καὶ
825 2310 936 2363 τῶν
989 2311 1190 2380 χειρῶν
1239 2311 1378 2382 βάρη
1429 2312 1498 2365 τὰ
1549 2313 1612 2364 ἐκ
1663 2313 1882 2384 σιδήρου

301 2399 654 2469 πεποιημένα
705 2399 946 2470 φέροιεν,
975 2401 1068 2454 καὶ
1117 2402 1304 2465 ἁπλῶς
1339 2401 1481 2455 κατά
1538 2402 1739 2466 παντὸς
1786 2402 1881 2456 τοῦ

301 2487 558 2559 σώματος
589 2490 688 2561 ἤδη
721 2491 821 2554 τὰς
863 2492 950 2545 διὰ
1003 2492 1235 2546 θανάτου
1280 2494 1461 2558 αἰτίας
1512 2495 1880 2564 ὑπομένοιειν.

311 2579 478 2634 Ἀλλά
503 2583 615 2652 γὰρ
647 2583 742 2635 καὶ
765 2583 908 2637 οὕτω
959 2585 1202 2655 σωρηδὸν
1263 2587 1634 2656 ἐπιχεομένων
1698 2587 1884 2649 αὐτοῖς

297 2671 413 2723 τῶν
443 2673 652 2737 κακῶν,
684 2675 992 2744 κουφότατα
1022 2675 1197 2729 mina
1229 2677 1278 2729 οί
1321 2677 1466 2746 ἅγιοι
1493 2679 1559 2748 τῇ
1613 2677 1722 2730 τῶν
1759 2675 1888 2747 μελ-

299 2765 507 2817 λόντων
531 2766 733 2836 ἀμοιϐῇ
761 2768 1123 2839 ὑπερέφερον.

1586 378 1760 436 ΗΤΑ
1799 378 1857 437 S.
1899 377 2319 438 VINCENTII.

390 473 462 528 l".
503 476 856 546 Παραχρῆμα
890 478 947 532 δὲ
979 480 1184 534 τούτων
1221 482 1395 545 οὕτως
1448 485 1700 556 ἐχόντων,
1730 491 1757 542 δ
1785 489 1894 542 τῶν
1924 498 1969 550 Α

3477 386 3580 449 738

2070 488 2157 542 Ill.
2197 489 2322 545 llaec
2349 507 2472 546 cum
2506 493 2577 546 ita
2611 509 2668 546 se
2701 494 2984 560 haberent,
3018 495 3344 553 Vincentius
3389 499 3441 554 in
3477 501 3582 557 Le-

1998 581 2233 635 vitarum
2287 584 2478 638 ordine
2503 587 2854 649 constitutus.
2903 589 3005 642 sub
3043 588 3252 643 Valerio
3288 591 3572 662 episcopo,

1999 686 2207 740 magnae
2249 675 2666 732 existimationis
2701 686 2754 731 et
2793 679 3074 734 modestia:
3101 681 3238 743 viro,
3273 683 3437 736 animi
3465 683 3580 736 ala-

1998 762 2192 816 critate
2229 765 2396 818 multa
2430 776 2669 834 erectus,
2710 769 2776 822 ad
2807 771 3157 825 celeberrima
3193 773 3280 826 illa
3326 784 3380 828 et
3429 774 3580 827 salu-

1998 852 2133 905 taria
2179 854 2479 908 certamina
2516 858 2863 926 properabat.
2916 859 3200 928 Ejusmodi
3245 871 3426 916 autem
3461 872 3580 916 ten-

1996 941 2132 996 tatio
2163 943 2348 999 multis
2391 948 2612 1014 quidem
2653 948 2940 1002 videbatur
2976 952 3302 1016 perniciosa,
3340 953 3433 1006 sed
3467 968 3576 1005 non

1997 1033 2131 1087 viris
2161 1034 2330 1089 Deum
2368 1052 2494 1092 vere
2531 1039 2842 1094 amantibus
2875 1059 2891 1094 :
2937 1040 3137 1110 quippe
3191 1044 3282 1111 qui
3332 1043 3577 1097 futurum

1997 1125 2308 1193 sperabant,
2342 1137 2402 1180 ut
2435 1128 2524 1181 tali
2559 1129 2859 1183 certamine
2905 1131 3186 1200 proposito
3222 1133 3364 1186 beati
3397 1134 3577 1186 ellit-e-

1997 1222 2208 1278 rentur,
2240 1215 2282 1268 si
2310 1217 2530 1285 quidem
2561 1227 2708 1272 recte
2732 1219 2888 1274 factis
2921 1222 3246 1281 consecrati.
3276 1222 3398 1276 fidei
3422 1237 3579 1276 coro-

1995 1321 2120 1360 nam
2147 1317 2591 1376 assequerentur.
2627 1307 2814 1379 Itaque
2837 1310 3163 1366 artiﬁciosus
3190 1313 3298 1376 ille,
3317 1322 3371 1367 et
3395 1314 3579 1367 animo

1995 1411 2058 1450 ac
2111 1399 2382 1452 sententia
2431 1400 2708 1470 multiplex
2752 1400 3045 1464 Datianus,
3097 1403 3416 1458 existimans
3459 1405 3575 1458 fieri

1995 1502 2177 1556 posse,
2211 1498 2270 1541 ut
2294 1490 2591 1544 Christiani
2622 1491 2894 1556 homines,
2918 1508 3054 1561 quos
3076 1508 3183 1545 non
3217 1503 3429 1563 poterat
3454 1509 3579 1546 cru-

1995 1579 2229 1634 ciatibus
2287 1583 2353 1635 ad
2415 1585 2741 1638 sententiam
2778 1599 2932 1638 suam
2983 1586 3304 1654 perducere.
3367 1586 3578 1640 itineris

1993 1670 2330 1740 longitudine
2379 1680 2430 1724 ct
2477 1673 2720 1742 corporis
2756 1675 3016 1728 aerumnis
3061 1674 3334 1745 defatigati
3366 1675 3578 1728 aﬂlieti-

1993 1777 2120 1831 que,
2167 1763 2286 1832 ejus
2337 1764 2603 1816 voluntati
2638 1779 2697 1818 se
2728 1749 3079 1835 sulujiccrent,
3127 1766 3406 1820 mandavit
3445 1782 3574 1820 san-

1996 1864 2112 1910 ctos
2141 1856 2286 1911 viros
2312 1855 2585 1912 Valerium
2620 1857 2938 1928 episcopum
2964 1901 2977 1924 ,
3005 1867 3060 1912 et
3086 1858 3430 1912 Vincentium
3463 1859 3578 1912 dia-

1996 1961 2194 2001 conum
2247 1948 2434 2001 mullis
2459 1963 2582 2002 cum
2617 1949 2833 2019 injuriis
2862 1949 2984 2002 duri
3019 1950 3071 2002 in
3094 1965 3257 2003 unam
3286 1949 3574 2018 quamdam

1995 2040 2140 2094 illius
2185 2041 2478 2110 provincia:
2537 2043 2746 2106 urbem,
2808 2040 3107 2096 Valentiam
3143 2041 3389 2102 nomine,
3437 2054 3576 2109 quos

1995 2130 2178 2184 statim
2228 2131 2394 2200 jussit
2426 2131 2480 2184 in
2517 2146 2736 2185 carcere
2774 2132 3006 2200 quodam
3058 2131 3290 2184 obscuro
3333 2140 3387 2184 et
3435 2130 3576 2182 male

1993 2222 2159 2276 olenti
2224 2222 2516 2288 concludi,
2583 2223 2944 2294 maximisque
2997 2223 3328 2278 cruciatibus
3375 2221 3572 2290 afﬂigi.

1991 2313 2154 2380 fame,
2196 2314 2397 2377 inedia,
2454 2325 2506 2369 et
2561 2325 2878 2370 catenarum
2941 2315 3229 2386 angustiis,
3282 2323 3337 2368 et
3382 2313 3576 2368 ferreis

1990 2405 2314 2475 quibusdam
2347 2407 2680 2476 ponderibus
2701 2423 2730 2461 a
2761 2408 2902 2462 collo
2929 2409 2994 2463 ad
3026 2423 3222 2462 manus
3253 2423 3422 2475 usque
3450 2423 3576 2476 pro-

1990 2497 2180 2560 tensis,
2219 2506 2332 2552 toto
2380 2497 2461 2566 (ut
2509 2497 2820 2553 summatim
2875 2498 3074 2566 dicam)
3109 2512 3299 2551 eorum
3339 2511 3566 2565 corpore

1983 2588 2282 2643 mortiferis
2327 2589 2733 2644 calamitatibus
2776 2589 2994 2644 alllicto.
3049 2587 3155 2642 Sed
3198 2587 3447 2656 quamvis
3488 2597 3571 2640 tot

1983 2689 2257 2752 tantaeque
2291 2682 2627 2737 calamitates
2650 2682 2863 2735 illorum
2893 2681 3216 2751 corporibus
3243 2679 3572 2732 adhiberen-

1987 2779 2094 2838 tur,
2137 2772 2319 2827 omnia
2353 2782 2531 2827 lamen
2561 2773 2660 2826 viri
2699 2771 3026 2825 sanctissimi
3067 2781 3359 2830 tormenta,
3389 2778 3446 2821 ut
3482 2784 3571 2820 res

299 2853 632 2922 levissimas,
665 2856 1034 2925 perferebant,
1070 2859 1136 2913 ad
1171 2857 1352 2913 futura
1414 2858 1503 2914 illa
1529 2859 1694 2924 bona,
1761 2859 1960 2929 quibus
1997 2860 2387 2932 compensandi
2437 2869 2641 2928 essent,
2689 2861 2903 2914 animos
2952 2869 3164 2914 erectos
3219 2859 3568 2926 intenzosque

299 2947 591 3002 habentes.

374 3037 450 3088 Δ’.
497 3036 690 3091 Ἢνίκα
723 3038 778 3090 δὲ
807 3040 835 3092 ὁ
865 3041 1160 3112 κακόφρων
1186 3042 1380 3112 διέγνω
1410 3043 1634 3106 τούτους
1680 3042 1880 3095 ἀποκε-
1908 3042 1956 3104 C

301 3131 606 3197 κμηκέναι,
633 3133 725 3182 καὶ
754 3133 960 3203 σφόδρα
985 3135 1059 3205 τῷ
1093 3133 1242 3207 ζυγῷ
1272 3137 1369 3206 τῆς
1401 3133 1614 3204 ὖϐρεως
1645 3132 1881 3204 βεϐαρη-

301 3221 524 3288 μένους,
557 3222 650 3274 καὶ
684 3222 871 3288 δεδιὼς
911 3227 986 3297 μὴ
1004 3231 1068 3298 τῇ
1098 3229 1370 3299 προλήψει
1396 3228 1491 3282 τοῦ
1515 3228 1694 3282 αὐτῶν
1720 3225 1885 3280 θανάο

299 3327 396 3363 του
432 3312 638 3381 ζημίαν
662 3315 939 3388 ὑπενέγκῃ
974 3319 1071 3388 τῆς
1095 3320 1300 3382 οίκείας
1323 3321 1707 3390 χαλεπότητος,
1725 3319 1884 3372 ἀναι-

302 3403 448 3469 μωτὶ⁵
478 3403 571 3456 καὶ
604 3404 729 3475 δίχα
759 3411 1073 3480 κατατομῆς
1106 3410 1284 3480 μελῶν
1311 3410 1420 3463 τῶν
1448 3411 1621 3479 ἁγίων
1655 3408 1752 3463 τοῦ
1783 3408 1882 3480 ξῆν

297 3494 782 3562 ἀπαγγελλόντων,
815 3500 1102 3553 ἐκέλευσεν
1122 3501 1321 3564 αὑτοὺς
1350 3502 1448 3572 τῆς
1469 3501 1718 3570 φυλακῆς
1744 3516 1878 3572 προ·

296 3585 554 3651 ᾴγεσθαι·
588 3585 728 3656 ᾤετο
755 3589 862 3658 γὰρ
893 3588 970 3660 τῷ
1022 3591 1222 3661 χρονίῳ
1257 3590 1611 3660 ἀποκλεισμῴ
1642 3589 1736 3643 τοῦ
1766 3607 1882 3659 φω-

293 3680 414 3740 τδς,
451 3681 543 3731 καὶ
575 3679 675 3750 τῆς
707 3681 894 3751 κοινῆς
927 3682 1035 3734 τῶν
1065 3681 1372 3754 ἀνθρώπων
1411 3683 1878 3753 συναναστροφῆς,

308 3772 450 3840 μήτε
479 3773 537 3823 ἐν
578 3771 818 3841 σώμασι,
858 3775 996 3845 μήτε
1023 3777 1079 3828 ἐν
1109 3773 1308 3844 ψυχαῖς
1341 3775 1570 3844 δύναμιν
1607 3774 1730 3826 τινὰ
1773 3771 1882 3825 λοι-

309 3861 416 3909 πὸν
449 3861 622 3925 αὐτοῖς
652 3862 1051 3933 ὑπολειφθῆναι
1071 3881 1086 3895 ο
1115 3863 1476 3934 τεθνήξασθαι
1527 3865 1634 3933 γὰρ
1686 3863 1884 3925 αὐτοὺς

309 3950 422 4017 προ
445 3951 551 4005 τῶν
581 3954 860 4024 τιμωριῶν
884 3955 983 4008 οὐκ
1005 3955 1287 4025 ἠϐούλετο.
1323 3956 1544 4027 Ἐπειδὴ
1573 3955 1629 4008 δὲ
1654 3954 1882 4023 ἐγνώκει

303 4043 448 4113 μήτε
486 4047 622 4112 μετά
649 4045 883 4100 θάνατον
907 4048 1106 4110 αὐτοὺς
1157 4047 1496 4113 σπείσεσθαι,
1528 4048 1602 4110 ώς
1631 4048 1685 4099 δὲ
1718 4046 1879 4118 ἑστη-

299 4152 404 4187 σαν
435 4137 544 4205 πρὸ
568 4137 662 4190 τοῦ
688 4137 932 4210 βήματος
953 4141 1002 4193 οί
1037 4140 1205 4207 ἅγιοι,
1233 4140 1331 4208 τῆς
1369 4141 1590 4211 εἱρκτῆς
1619 4139 1882 4210 μετακλη-

295 4225 508 4292 θέντες,
550 4229 979 4303 εὐσταθέστερον
1023 4232 1084 4284 τὸ
1126 4230 1285 4302 σῶμα
1321 4233 1416 4284 καὶ
1448 4233 1544 4294 τὰς
1595 4231 1877 4301 δυνάμεις,

292 4327 396 4388 τήν
423 4339 481 4374 τε
509 4323 687 4375 είδέαν
729 4325 1090 4396 φαιδροτέραν
1118 4325 1150 4395 ἢ
1181 4325 1347 4380 πάλαι
1388 4325 1634 4396 ὑπῆρχον
1677 4342 1881 4396 κεκτη-

2057 3035 2151 3090 ιν.
2182 3035 2318 3092 Cum
2351 3051 2482 3090 vero
2509 3049 2793 3104 perversos
2829 3033 2918 3087 ille
2949 3041 3002 3087 et
3040 3032 3344 3102 depravatae
3369 3028 3569 3084 mentis

1985 3127 2150 3182 homo
2179 3125 2441 3180 Datianus
2479 3124 2836 3185 existimaret,
2876 3139 2971 3177 eos
2999 3123 3147 3176 viros
3179 3119 3568 3191 defatigatione

1984 3227 2148 3289 atque
2195 3232 2564 3272 aerumnarum
2593 3218 2724 3288 jugo
2755 3215 2984 3270 nimium
3014 3223 3264 3286 gravatos
3312 3228 3454 3278 esse,
3502 3225 3567 3264 ac

1983 3320 2286 3374 vereretur,
2324 3325 2393 3364 ne
2426 3309 2582 3374 forte,
2639 3308 2683 3364 si
2743 3323 2931 3363 eorum
2990 3322 3079 3361 res
3125 3305 3566 3391 oblivisceretur,

1983 3413 2143 3460 antea
2191 3412 2422 3458 mortem
2461 3402 2534 3455 illi
2585 3402 2821 3467 obirent,
2853 3415 3013 3470 quam
3047 3399 3164 3468 ipse
3197 3397 3473 3468 propriam
3508 3396 3564 3449 in

1985 3500 2199 3555 illorum
2233 3495 2495 3567 sanguine
2528 3494 2827 3560 fundendo,
2862 3503 2915 3548 et
2947 3492 3215 3547 membris
3262 3489 3567 3545 lacerandis

1984 3591 2244 3646 saevitiam
2301 3595 2597 3648 exerceret,
2650 3585 2818 3655 jussit
2869 3585 2990 3638 illos
3041 3582 3198 3638 educi
3236 3596 3268 3637 e
3315 3597 3562 3637 carcere.

1984 3679 2321 3751 Opinabatur
2339 3679 2508 3740 enim,
2540 3692 2605 3730 eo
2630 3677 2774 3748 quod
2807 3676 3069 3730 diuturno
3106 3689 3328 3730 carcere
3363 3679 3561 3738 vexati,

1984 3782 2040 3827 et
2077 3770 2339 3825 alumine
2389 3768 2772 3837 communique
2822 3767 3105 3820 hominum
3163 3765 3564 3821 consuetudine

1985 3861 2178 3916 remoti
2220 3860 2471 3924 fuissent,
2503 3859 2639 3914 nihil
2668 3858 2864 3912 virium
2901 3857 3135 3927 amplius
3160 3857 3428 3926 reliquum
3461 3857 3561 3910 ha-

1983 3956 2134 4010 bere.
2166 3951 2394 4008 Nolebat
2423 3963 2605 4008 autem
2642 3953 2761 4007 illos
2803 3952 2962 4017 mori,
2997 3951 3313 4020 priusquam
3356 3949 3567 4003 crucia-

1987 4046 2131 4100 tibus
2157 4043 2339 4098 amicti
2373 4052 2562 4098 essent
2590 4061 2602 4098 :
2633 4041 3072 4112 quandoquidem
3103 4040 3345 4094 futurum
3373 4053 3563 4109 spera-

1984 4137 2097 4201 bat,
2122 4148 2180 4191 ut
2211 4135 2493 4206 multiplici
2521 4149 2585 4190 ac
2609 4135 2870 4205 diuturno
2901 4133 3143 4188 cruciatu
3181 4145 3274 4186 eos
3297 4129 3562 4184 ﬂet-teret.

1983 4228 2120 4284 Cum
2166 4229 2326 4299 igitur
2357 4227 2457 4282 viri
2503 4227 2578 4280 illi
2635 4226 2805 4282 sancti
2849 4226 3031 4281 educti
3082 4243 3112 4280 e
3160 4237 3402 4287 carcere,
3437 4233 3564 4277 ante

1985 4321 2226 4377 tribunal
2286 4319 2488 4390 judieis
2545 4320 2826 4374 stetissent
2878 4317 3200 4388 corporibus
3245 4324 3303 4371 et
3355 4315 3564 4369 viribus

294 4417 479 4483 μένοι,
545 4415 839 4487 ἀπηνεώθη
884 4417 1238 4487 καταπλήξας
1273 4420 1300 4470 ὁ
1348 4417 1632 4484 τύραννος,
1668 4417 1761 4468 καὶ
1811 4418 1878 4486 τῇ

1988 4414 2332 4485 integr-iores,
2352 4420 2682 4482 aspectuque
2713 4411 2830 4481 ipso
2861 4410 3034 4465 multo
3063 4408 3350 4463 hilariores
3400 4419 3561 4475 quam

294 4511 475 4580 μανίᾳ
505 4509 832 4577 τυφλώττων
870 4511 1136 4577 ἐξίστατο,
1166 4511 1291 4574 τοὺς
1326 4510 1429 4563 ὑπὸ
1455 4509 1589 4562 Θεοῦ
1613 4527 1881 4580 φρουρου-

297 4606 506 4676 μένους
536 4605 634 4675 τῆς
675 4604 898 4675 ῥώσεως
929 4604 1385 4676 ἐκπληττόμενος.

368 4863 448 4920 E'.
472 4867 578 4921 Καὶ
599 4869 1017 4939 πριόμενοςτκῖς
1036 4869 1375 4931 κακοποιίαις
1397 4870 1501 4923 ὑπὸ
1516 4869 1610 4924 τοῦ
1632 4871 1879 4941 ἀκαθάρ-

293 4973 396 5010 του
440 4959 603 5012 αὐτοῦ
639 4961 970 5031 πνεύματος,
997 4964 1094 5014 οὑκ
1113 4962 1272 5034 ἔφερε
1291 4963 1398 5032 γὰρ
1417 4963 1517 5033 τὴν
1546 4959 1716 5037 ἧτταν
1741 4965 1880 5018 κατὰ

295 5048 501 5120 κράτος
539 5050 872 5122 νικώμενοςο
901 5054 966 5105 Τί
1011 5054 1072 5124 δή
1128 5072 1258 5108 ποτε
1294 5055 1482 5108 τούτου
1517 5056 1881 5129 δαψιλεστέρα

295 5147 478 5214 τρυφῇ
502 5147 566 5216 τῇ
591 5145 677 5199 διὰ
709 5144 968 5216 βρώσεως
989 5146 1086 5200 καὶ
1113 5147 1327 5212 πόσεως
1352 5149 1698 5221 χρησάμενος
1721 5149 1881 5205 λιπά-

294 5251 397 5298 νας
424 5236 746 5304 aventem;
776 5237 909 5307 φησὶ
924 5237 1059 5307 πρὶς
1083 5237 1174 5290 τὸν
1203 5238 1419 5306 φύλακα
1443 5254 1457 5266 ·
1481 5239 1678 5302 εὐθέως
1706 5227 1763 5294 δέ
1788 5241 1880 5295 καὶ

289 5327 644 5398 δρακοντιαίᾳ
669 5331 733 5400 τῇ
764 5331 915 5399 φωνῇ
933 5329 1284 5399 ἐπισυρίζιυν,
1313 5329 1578 5403 μετέφερε
1612 5331 1703 5385 τὸν
1722 5333 1878 5402 λόγον

290 5421 392 5474 ἐπὶ
413 5420 505 5474 τὸν
531 5407 837 5489 ἁγιώτατον
867 5421 1300 5486 ὲπίσκοπον,καί
1332 5439 1404 5491 φη
1415 5440 1499 5476 σιν
1524 5443 1536 5454 ’
1575 5425 1640 5478 Τί
1673 5425 1875 5493 λέγεις,

289 5508 339 5567 ὦ
366 5513 652 5584 Οὐαλέριε,
685 5517 712 5566 ὁ
740 5513 964 5584 ὀνόματι
991 5515 1286 5586 θρησκείας
1307 5516 1579 5585 ἀνταίρων
1597 5521 1705 5581 τοῖς
1743 5536 1876 5590 κρα-

288 5606 447 5660 τοῦσι
478 5609 571 5660 καὶ
606 5607 1023 5678 βασιλεύουσινς
1059 5607 1196 5680 ᾤετο
1230 5608 1337 5678 γὰρ
1371 5612 1398 5662 ὁ
1438 5610 1649 5673 ἀνόσιος
1686 5612 1876 5683 ὅτιπερ

288 5701 339 5751 εἰ
382 5700 481 5770 τὴν
514 5699 784 5768 κεφαλὴν,
809 5700 902 5752 τὸν
948 5699 1247 5753 ἐπίσκοπον
1283 5701 1444 5770 φημὶ.
1474 5701 1875 5770 ὑποτέμνεσθαι

285 5787 514 5866 δυνηθῇ,
537 5790 649 5844 τῶν
675 5790 879 5843 λοιπῶν
910 5790 1110 5861 μελῶν,
1141 5792 1304 5845 οίονεϊ
1330 5810 1376 5845 τ·
1393 5791 1421 5844 ὓ
1442 5792 1643 5865 κλῆροι)
1665 5795 1753 5848 καὶ
1779 5793 1871 5848 τοῦ

1988 4516 2146 4560 antea
2196 4505 2430 4565 fuerant,
2478 4502 2742 4556 Datianus
2789 4516 2990 4571 praeses
3039 4513 3230 4552 amens
3281 4495 3474 4557 factus,
3509 4502 3563 4547 et

1988 4609 2208 4668 stupore
2256 4595 2560 4666 perculsus,
2599 4603 2759 4664 atque
2823 4593 3035 4647 insania
3084 4597 3387 4644 επακ-ειυς
3438 4585 3559 4649 fuit,

1985 4705 2172 4743 eorum
2205 4687 2476 4750 videlicet,
2510 4685 2600 4755 qui
2633 4700 2663 4739 a
2717 4685 2830 4738 Deo
2881 4681 3081 4738 servati
3118 4681 3356 4747 fuerant,
3391 4677 3559 4733 robur

1983 4791 2038 4834 et
2066 4780 2208 4834 vires
2243 4780 2655 4847 obstupesccns.

2059 4869 2121 4926 ν.
2146 4872 2280 4925 Cum
2309 4886 2439 4925 vero
2488 4869 2557 4924 ab
2588 4867 2694 4922 illis
2734 4881 2791 4921 se
2827 4866 2968 4920 vinci
3003 4880 3114 4920 non
3149 4872 3448 4937 pateretur,
3503 4869 3560 4916 et

1982 4966 2050 5023 ab
2080 4964 2277 5036 impuri
2313 4963 2538 5033 spiritus
2561 4960 2921 5036 perversitate
2948 4959 3264 5030 agitaretur,
3291 4956 3356 5010 ad
3378 4969 3557 5010 carce-

1982 5059 2059 5113 ris
2089 5057 2370 5112 custodem
2410 5067 2710 5108 conversus
2749 5070 2760 5105 :
2797 5050 3059 5115 Curnam,
3098 5048 3295 5118 inquit,
3341 5046 3464 5100 cibo
3502 5053 3558 5099 et

1981 5161 2110 5221 potu
2134 5147 2385 5202 homines
2418 5145 2551 5200 istos
2594 5141 2892 5200 rerrcasti?
2934 5141 3046 5196 Cur
3078 5139 3148 5194 ita
3180 5138 3412 5210 pingues
3438 5134 3553 5191 ﬁeri

1981 5239 2220 5298 curasti?
2249 5238 2367 5294 Mox
2414 5236 2579 5293 feroci
2610 5234 2842 5307 quadam
2875 5247 3006 5288 voce
3046 5232 3309 5295 fremens,
3331 5235 3389 5285 et
3425 5243 3549 5284 ora-

1979 5331 2186 5386 tionem
2220 5347 2371 5386 suam
2422 5329 2489 5386 ad
2524 5327 2927 5384 sanctissimum
2974 5325 3290 5395 episcopum
3319 5335 3552 5377 conver-

1982 5431 2122 5490 tens,
2163 5423 2238 5477 ait
2273 5442 2286 5478 :
2319 5422 2588 5487 Quidnam
2624 5429 2681 5474 tu
2719 5420 2785 5474 de
2821 5418 2994 5487 lt'lpSO
3026 5417 3183 5482 dicis,
3224 5413 3424 5474 Valeri,
3460 5413 3552 5482 qui

1979 5533 2076 5586 per
2100 5516 2374 5587 religionis
2402 5513 2640 5583 speciem
2675 5526 2738 5565 ac
2774 5511 3177 5565 simulationem
3209 5506 3553 5576 imperatori-

1977 5609 2082 5663 bus
2102 5604 2446 5663 adversaris?
2481 5603 2816 5674 Opinabatur
2848 5603 2993 5656 enim
3026 5602 3227 5672 impius
3255 5601 3366 5662 ille,
3395 5597 3553 5652 facile

1979 5700 2095 5754 ﬁeri
2127 5714 2284 5769 posse
2318 5707 2397 5765 ut,
2430 5698 2472 5750 si
2507 5705 2669 5766 caput
2696 5696 2895 5765 ipsum,
2927 5694 3029 5748 hoc
3065 5702 3166 5756 est,
3209 5683 3551 5762 episcopum,

1979 5793 2343 5861 aliscinderet,
2375 5790 2576 5862 reliqua
2603 5790 2763 5846 etiam
2794 5787 3054 5854 me'nbra,
3083 5787 3284 5842 clerum
3305 5783 3554 5840 videlicet
