4116 6412
669 362 776 425 ’139

1911 369 2199 431 MENSIS
2230 372 2690 436 JANUARIUS.

3821 381 3920 444 740

669 489 727 536 et
755 479 1040 552 populum,
1085 479 1338 536 facillime
1369 481 1745 538 demoliretur.
1787 483 1893 539 Sed
1927 485 2257 554 benignissi-

2364 487 2494 540 λαοῦ
2536 488 2937 558 εὐχερεστάτην
2994 487 3378 560 καταστροφὴν
3440 485 3747 556 ποιήσεται.
3785 491 3931 548 Ἀλλὰ

668 589 794 630 mus
822 574 989 642 Deus,
1019 573 1112 645 qui
1141 575 1408 645 superbos
1435 575 1690 632 homines
1717 591 1785 632 ex
1814 578 1924 632 alto
1956 589 2011 634 ct
2037 579 2256 633 sublimi

669 667 840 738 gradu
868 668 926 722 in
959 667 1128 724 imum
1155 667 1466 739 praecipites
1499 669 1768 734 detrudit,
1813 678 1870 725 et
1902 670 2139 726 humiles
2168 669 2256 724 in-

670 759 800 813 fimo
838 759 892 814 in
926 759 1048 816 loco
1085 760 1332 832 iacentes
1376 761 1434 815 in
1481 761 1652 816 altum
1687 761 1919 824 extollit.
1951 761 2123 817 voluit
2159 776 2254 816 su-

667 851 898 922 perbum
925 861 980 909 et
995 853 1263 910 nefarium
1287 855 1440 910 illum
1464 855 1738 912 hominem
1760 872 1868 912 non
1885 856 1954 912 ab
1975 857 2252 928 episc0po,

668 944 766 998 sed
815 945 886 1000 ab
926 945 1202 1000 inferioris
1248 945 1450 1017 gradus
1481 945 1628 1001 illius
1655 945 1788 1002 cleri
1817 947 1936 1002 viro
1982 947 2252 1017 superari,

671 1044 730 1091 ut
759 1051 816 1092 se
839 1036 1169 1093 imbecillum
1197 1051 1318 1093 esse
1337 1047 1716 1110 cognosceret,
1747 1053 1928 1110 neque
1959 1037 2258 1110 quidquam

669 1143 730 1183 se
771 1137 960 1183 contra
1015 1128 1334 1199 episcopum
1389 1127 1571 1185 facere
1618 1145 1800 1200 posse,
1849 1131 2053 1202 quippe
2099 1130 2258 1200 quia

617 1268 620 1272 .
672 1217 834 1273 levita
878 1218 1037 1290 longe
1091 1221 1352 1275 inferiore
1402 1229 1516 1276 tum
1564 1221 1780 1286 ordine,
1822 1230 1935 1276 tum
1969 1221 2254 1293 dignitate,

669 1310 850 1366 victus
881 1320 1295 1380 proslratusuue
1329 1311 1542 1368 fuisset.

738 1527 828 1584 τι.
897 1530 1113 1586 Etenim
1185 1532 1380 1588 beatus
1437 1542 1642 1606 martyr
1695 1533 2020 1590 Vincentius
2067 1544 2260 1588 sancto

667 1620 872 1692 Spiritu
925 1623 1140 1694 plenus,
1193 1625 1578 1696 excitatusque
1615 1637 1668 1681 et
1707 1624 1950 1681 victoria:
1996 1639 2256 1680 coronam

661 1715 886 1784 jamjam
942 1717 1398 1786 comprehensam
1467 1719 1707 1786 habens,
1775 1720 1905 1775 dum
1965 1721 2260 1790 episcopus

668 1800 917 1857 Valerius
936 1804 1124 1874 quieto
1151 1811 1206 1859 et
1247 1807 1438 1862 sedato
1477 1807 1664 1863 animo
1703 1811 2084 1880 responderet,
2119 1809 2254 1864 Vin-

663 1895 878 1950 centius
909 1895 990 1952 sic
1033 1912 1159 1952 eum
1209 1898 1480 1954 allocutus
1525 1908 1657 1955 est:
1699 1899 1962 1968 Curnam,
2005 1916 2038 1955 ο
2069 1901 2251 1965 Pater,

663 1986 738 2041 ita
769 2001 1043 2052 susurras,
1083 1995 1144 2042 ut
1189 1987 1282 2059 qui
1319 1997 1468 2044 metu
1513 1989 1720 2045 delenti
1759 1999 1909 2056 sunt,
1963 2000 2018 2046 et
2065 2005 2254 2045 (cntra

664 2093 858 2132 canem
897 2079 1062 2133 istum
1091 2079 1172 2135 sic
1213 2081 1514 2138 mussitas?
1541 2083 1727 2137 (Ilama
1762 2099 1896 2138 voce
1944 2099 2160 2156 magna,
2201 2091 2256 2138 et

662 2171 864 2226 Christi
918 2171 1218 2242 potentiam
1267 2174 1590 2245 adiutricem
1648 2175 1912 2246 implora.
1980 2185 2039 2232 ut
2091 2176 2256 2247 hujus

664 2263 879 2332 tyranni
935 2262 1116 2319 rabies
1145 2278 1276 2318 voce
1309 2265 1480 2320 libera
1510 2273 1566 2320 et
1603 2282 1726 2321 cum
1762 2267 2090 2322 auctoritate
2123 2283 2255 2337 pro-

663 2355 770 2416 lata
807 2354 1136 2420 refrenetur,
1163 2366 1218 2410 ct
1244 2357 1365 2426 ejus
1388 2365 1576 2412 contra
1609 2370 1795 2412 sancta
1827 2357 2030 2413 Christi
2057 2368 2258 2430 mystc-

609 2499 620 2508 ,
664 2445 745 2500 ria
797 2445 1056 2501 ferocitas
1105 2447 1523 2518 comprimatur.
1588 2445 1688 2504 l-lic
1741 2448 1887 2504 enim
1928 2449 2020 2504 ille
2067 2459 2172 2514 est,
2221 2465 2255 2504 ο

663 2537 845 2604 Pater,
870 2535 1099 2608 pestifer
1121 2553 1371 2608 serpens,
1397 2538 1490 2608 qui
1520 2539 1787 2594 adversus
1817 2540 2055 2595 hominis
2077 2539 2254 2611 primo

663 2629 880 2685 formati
907 2630 1157 2702 gloriam,
1181 2647 1303 2702 qua:
1346 2630 1401 2685 in
1431 2647 1624 2687 omnes
1657 2631 1910 2688 homines
1957 2634 2254 2688 transitura

615 2743 620 2748 ·
663 2729 804 2786 erat,
847 2721 1054 2777 invidia
1100 2723 1370 2778 excitatus
1417 2739 1476 2778 se
1526 2723 1780 2780 armavit.
1827 2722 1964 2779 Nam
2011 2739 2137 2780 cum
2189 2741 2253 2781 ea

663 2813 830 2885 gloria
873 2816 992 2886 ipse
1022 2813 1128 2870 frui
1161 2830 1273 2870 non
1321 2822 1528 2886 posset,
1569 2817 1754 2873 statim
1797 2817 2089 2873 insatiabili
2121 2835 2257 2890 qua-

663 2909 788 2962 dam
847 2909 1250 2980 pcrdendorum
1303 2911 1589 2966 hominum
1640 2911 1940 2982 cupiditate
1989 2927 2256 2968 accensus

663 3010 769 3068 est,
802 3010 858 3058 et
889 3012 1081 3058 contra
1110 3004 1234 3061 illos
1264 3005 1500 3060 maxime
1531 3005 1793 3061 invidiam
1823 3006 2090 3070 exercuit,
2117 3021 2257 3078 quos

663 3096 936 3169 benignus
979 3096 1124 3154 Deus
1171 3101 1309 3155 mori
1351 3101 1685 3172 sempiterna
1711 3112 1906 3178 _morte
1953 3103 2252 3175 prohibuit.

2359 577 2468 648 γὰρ
2498 579 2526 631 ό
2560 580 2617 632 ἐν
2647 579 2818 632 ἅπασι
2854 579 2986 644 Θεὸς
3011 578 3546 651 φιλανθρωπότατος,
3565 579 3593 630 ό
3623 581 3747 636 τοὺς
3772 585 3927 656 ὑπερ.

2357 671 2600 741 ηφάνους
2627 671 2688 737 ἐξ
2730 670 2899 742 ὕψους
2953 671 3230 744 μετεώρου
3261 672 3398 742 πρὸς
3427 672 3707 742 κρημνοὺς
3735 679 3928 748 καταρ-

2360 765 2608 834 ῥήσσων,
2651 764 2903 828 καὶτοὺς
2956 762 3249 826 ταπεινοὺς
3281 761 3500 834 χαμᾶζε
3553 763 3833 832 κειμένους
3861 769 3930 830 εἰς

2361 849 2499 922 ὕψος
2533 851 2861 925 ἀνεγείρων,
2893 852 3168 924 ἠϐουλήθη
3198 852 3290 906 τὸν
3325 852 3604 922 ἀλάστορα
3641 851 3737 925 τὴν
3773 849 3931 924 ἧτταν

2357 945 2765 1014 ἀπενέγκασθαι
2801 944 2906 998 ὑπὸ
2934 945 3263 1017 μικροτέρου
3297 943 3377 1016 τῷ
3409 943 3600 1014 κλήρῳ
3653 945 3803 1015 παρὰ
3849 947 3933 1002 τὸν

2359 1037 2681 1105 ἐπίσκοπον,
2709 1039 2858 1102 ὅπως
2891 1037 3153 1109 αἴσθηται
3172 1037 3270 1090 καὶ
3294 1033 3410 1105 γνῷ
3429 1035 3532 1104 τὴν
3559 1037 3766 1091 οἰκείαν
3784 1038 3932 1092 ἀσθέ-

2359 1145 2529 1196 νειαν,
2566 1131 2664 1183 καὶ⁹
2727 1129 3037 1202 λογίσηται,
3076 1130 3128 1184 τί
3167 1127 3233 1182 ἂν
3287 1127 3554 1196 πράττειν
3603 1121 3716 1191 οἷός
3767 1145 3824 1182 τε
3871 1125 3932 1194 ἦν

2357 1222 2502 1275 κατὰ
2550 1221 2646 1276 τοῦ
2699 1222 3025 1294 ἀρχιερέως,
3054 1222 3134 1276 ὅτ’
3179 1221 3380 1275 ἂνὺπὸ
3433 1220 3652 1274 λευῖτου
3703 1221 3933 1291 νικηθεὶς

2359 1310 2678 1382 ἀνατραπῇ,
2713 1310 2851 1365 πολὺ
2894 1309 2989 1364 τοῦ
3017 1311 3325 1366 ἐπισκόπου
3356 1307 3684 1366 ἀποδέοντας
3715 1309 3807 1362 καὶ
3843 1311 3927 1365 τά·

2359 1401 2440 1468 ξει
2473 1405 2570 1457 καὶ
2596 1403 2744 1476 ἀξίᾳ.

2429 1543 2520 1609 ς’.
2555 1541 2664 1594 Καὶ
2692 1541 2802 1610 γὰρ
2833 1539 3245 1613 ἐμφορούμενος
3273 1540 3380 1594 ὑπὸ
3410 1539 3507 1594 τοῦ
3567 1539 3726 1608 ἁγίου
3777 1539 3931 1594 Πνευ-

2363 1651 2556 1703 ματος,
2584 1635 2680 1688 καὶ
2711 1633 2804 1688 τοῦ
2835 1633 3111 1703 Στεφάνου
3143 1633 3244 1704 τῆς
3283 1634 3442 1704 νίκης
3471 1631 3574 1704 ήδη
3614 1629 3932 1702 περιδραξά-

2362 1743 2523 1797 μενος
2557 1729 2585 1780 ό
2616 1726 2925 1794 ἁγιώτατος
2959 1727 3171 1797 μάρτυς
3207 1725 3508 1790 Βικέντιος,
3527 1723 3746 1794 ἡσύχως
3768 1739 3931 1775 ποιου-

2363 1818 2526 1888 μένου
2564 1817 2707 1870 κατὸι
2739 1817 2800 1870 τὺ
2827 1817 3120 1887 νοούμενον
3165 1815 3260 1870 τοῦ
3314 1815 3620 1870 ἐπισκόπου
3670 1814 3768 1884 τὴν
3811 1813 3930 1867 ἀπό·

2359 1927 2564 1978 κριςιν,
2607 1910 2743 1980 φησὶ
2767 1909 2907 1980 πρὸς
2937 1910 3102 1964 αὐτόν
3126 1925 3139 1939 ο
3159 1910 3225 1961 Τί
3254 1908 3458 1982 δήποτε
3495 1907 3675 1970 οὕτως
3709 1904 3931 1976 ὑποτρό-

2359 2002 2492 2068 ζεις.
2525 1996 2570 2057 ὧ
2619 2002 2958 2070 πάτερ;κα“ι
3005 2003 3080 2066 ὡς
3129 2001 3364 2066 δεδιότες
3425 2000 3610 2072 ἠρέμα
3645 1997 3932 2069 ψιθυρίζεις

2357 2096 2500 2150 κατὰ
2524 2095 2618 2149 τοῦ
2651 2095 2813 2159 κυνός
2841 2113 2856 2162 ;
2898 2094 3094 2166 βόησον
3124 2095 3182 2148 ὲν
3213 2094 3450 2165 μεγίστῃ
3479 2093 3576 2146 καὶ
3605 2087 3930 2162 χριστοφόρῳ

2356 2188 2606 2256 δυνάμει,
2641 2187 2790 2250 ὅπως
2815 2189 2882 2258 τῇ
2917 2185 2976 2252 ἐξ
3002 2184 3321 2249 αὐθεντείας
3339 2187 3492 2255 φωνῇ
3513 2181 3802 2252 τυφθείσα,
3823 2197 3932 2232 συν-

2356 2279 2517 2350 τριϐῇ
2553 2279 2757 2342 εύθέως
2791 2280 2822 2348 ἠ
2856 2278 3000 2332 κατὰ
3019 2278 3128 2331 τῶν
3155 2277 3328 2346 ἁγίων
3349 2275 3444 2330 τοῦ
3471 2273 3609 2329 Θεοῦ
3633 2269 3931 2344 μυστηρίων

2358 2369 2668 2424 ύλακτοῦσα
2717 2369 2914 2424 λύσσα.
2961 2365 3132 2434 Οὗτος
3169 2372 3379 2436 ἐκεῖνός
3428 2374 3604 2436 ἐστιν,
3645 2361 3692 2421 ὦ
3751 2368 3930 2434 πάτερ,

2357 2461 2598 2526 οἰοὸόλος
2630 2460 2778 2530 ὄφις,
2813 2463 2841 2516 ό
2872 2461 3015 2516 κατὰ
3039 2463 3140 2533 τῆς
3161 2461 3323 2532 δόξης
3350 2461 3449 2516 τοῦ
3491 2459 3928 2534 πρωτοπλάστου,

2355 2551 2457 2622 τῆς
2488 2552 2584 2604 καὶ
2611 2552 2688 2616 είς
2729 2551 2938 2617 πάντας
2985 2555 3113 2616 τοὺς
3163 2552 3489 2624 ἀνθρώπους
3539 2547 3930 2622 διαδραμούσης

2356 2645 2436 2717 τῷ
2472 2644 2654 2716 φθόνῳ
2691 2645 3052 2709 κατατακείς.
3098 2645 3322 2716 Ἐπειδὴ
3353 2645 3464 2716 γὰρ
3515 2643 3592 2715 μὴ
3620 2642 3832 2711 ταύτης
3859 2633 3930 2691 οὗ·

2356 2755 2450 2802 τος
2501 2737 2761 2804 ἀξιωθεὶς
2831 2739 3152 2810 άπήλαυσεν
3203 2738 3409 2800 εὐθέως
3477 2731 3929 2805 ἀνθρωποκτονείν

2359 2832 2682 2905 άκυρεύτως
2707 2831 2990 2902 ἐμαίνετο,
3023 2834 3121 2888 καὶ
3153 2833 3298 2886 κατὰ
3343 2831 3552 2886 τούτων
3599 2829 3830 2900 μάλιστα
3855 2821 3928 2876 τὸν

2360 2927 2555 2996 φθόνον
2599 2925 3032 2992 κατεσκεύαζεν,
3057 2925 3180 2981 καθ’
3207 2918 3282 2982 ὧν
3319 2923 3765 3000 όφιλάνθρωπος
3813 2915 3925 2975 Θεὸς

2358 3021 2422 3074 τὸ
2460 3021 2646 3075 θανεῖν
2682 3019 2983 3074 ἐκώλυσεν.
3015 3019 3210 3088 Ὅμως
3245 3019 3340 3073 καὶ
3361 3017 3528 3081 αὐτὸς
3557 3015 3792 3084 ἑτοίμως
3813 3009 3926 3062 ὑπο·

2361 3112 2584 3168 πίπτειν
2613 3113 2880 3184 ἐπεθύμει
2898 3111 2975 3183 τῷ
2999 3111 3236 3182 θανάτῳ.
3264 3111 3392 3179 Είγε
3417 3109 3512 3174 οὓς
3537 3105 3786 3162 ὲόούλετο
3808 3098 3926 3170 πρὸο

663 3187 766 3243 llic
786 3189 876 3244 ille
903 3199 1007 3258 est,
1039 3207 1202 3262 quem
1241 3193 1412 3248 divini
1443 3195 1687 3250 nominis
1729 3195 2080 3253 invocatione
2111 3212 2256 3267 saepe

2361 3219 2522 3273 τερον
2551 3203 2651 3275 τῆς
2699 3203 2847 3275 ζωῆς
2889 3203 3168 3273 ἀφέλοιτο,
3191 3205 3292 3271 τὴν
3319 3203 3378 3256 δὲ
3424 3201 3618 3272 γεῦσιν
3647 3199 3714 3269 ἢν
3743 3193 3923 3263 ἑτέροις

663 3283 734 3336 ab
763 3279 1022 3338 humanis
1055 3285 1380 3354 corporitus
1434 3301 1537 3342 nos
1584 3288 1918 3358 expulimus.
1971 3291 2162 3359 Itaque
2210 3291 2254 3346 si

663 3375 876 3431 viribus
908 3375 1023 3432 suis
1051 3376 1295 3439 confidit.
1327 3392 1522 3434 omnes
1549 3395 1746 3451 pugnae
1777 3380 2063 3436 machinas
2087 3382 2140 3436 in
2168 3398 2257 3440 me

665 3475 1046 3522 commoveat:
1081 3467 1290 3524 videbit
1320 3469 1466 3524 enim
1491 3487 1581 3526 me
1614 3473 1902 3528 tormentis
1929 3475 2255 3541 cruciatum,

664 3558 955 3628 plusquam
1016 3573 1076 3613 se
1123 3559 1491 3628 eruciantem,
1549 3561 1780 3617 valere:
1827 3573 1884 3619 et
1929 3580 2040 3634 quo
2085 3567 2258 3637 magis

665 3647 882 3719 putabit
912 3663 1000 3704 me
1023 3647 1287 3704 afllictum
1336 3649 1424 3715 iri,
1457 3665 1524 3706 eo
1569 3651 1790 3722 gravius
1821 3653 1938 3724 ipse
1967 3653 2256 3726 allligetur.

664 3741 1030 3806 Quamobrem
1063 3742 1291 3798 omnino
1325 3742 1536 3814 gaudeo
1563 3744 1910 3816 exsultoque,
1946 3750 2092 3818 quod
2134 3749 2253 3804 dia-

663 3831 825 3888 bolus
849 3834 1100 3888 maximis
1131 3833 1199 3889 de
1233 3834 1400 3890 rebus
1427 3836 1843 3892 convincendus
1873 3838 1966 3893 sit.

2360 3299 2388 3350 ὁ
2421 3296 2592 3360 κακὸς
2655 3298 3124 3367 ὲπεμηχανήσατο
3178 3292 3430 3364 μιανθεὶς
3477 3289 3678 3362 ταύτῃ,
3735 3282 3922 3354 πρῶτος

2358 3387 2467 3440 τῶν
2492 3387 2682 3441 δεινῶν
2715 3387 2934 3458 ἁπήλαυ
2945 3403 3052 3440 τεν.
3078 3377 3252 3448 Οὗτός
3283 3385 3442 3439 ἐστιν
3463 3382 3530 3437 ὃν
3559 3377 3810 3438 πολλάκις
3831 3370 3922 3424 τῶν

2361 3478 2722 3549 ἀνθρωπίνων
2751 3477 3067 3548 ὲξεώσαμεν
3088 3477 3357 3548 δωμάτων
3378 3476 3476 3531 διὰ
3504 3475 3608 3545 τῆς
3639 3470 3785 3532 θείας
3819 3466 3921 3520 ἑπι-

2361 3568 2631 3640 κλήσεως,
2659 3569 2802 3639 φημὶ
2829 3567 2916 3640 δὴ,
2948 3567 3027 3638 τῷ
3051 3567 3145 3622 τοῦ
3187 3567 3434 3638 Χριστοῦ
3467 3566 3724 3638 ἀηττήτῳ
3755 3555 3923 3626 ὀνόμα-

2361 3679 2436 3717 τι.
2469 3661 2774 3734 Τοιγαροῦν
2795 3663 2844 3715 εί
2874 3661 3135 3715 πέποιθεν
3170 3659 3344 3733 ίσχύῐ,
3373 3661 3518 3732 πρὸς
3551 3658 3618 3730 με
3635 3655 3702 3710 τὰ
3721 3653 3812 3722 τῆς
3840 3644 3922 3718 μά-

2365 3772 2470 3825 χης
2514 3753 2683 3808 αὑτοῦ
2713 3753 2936 3808 κινείτω
2971 3751 3348 3823 μηχανήματα
3371 3765 3384 3780 ⁶
3437 3749 3700 3805 θεάσεται
3725 3741 3826 3811 γάρ
3852 3747 3914 3804 με’

2366 3847 2532 3901 πλέον
2553 3845 2817 3902 δύνασθαι
2830 3843 3310 3918 στρεϐλούμενονῆ
3343 3842 3550 3896 ἑαυτὸν
3577 3830 3923 3909 πρεὸλοῦντα.

663 3927 758 3980 καὶ
796 3928 854 3979 ἐν
879 3928 990 3999 ὅσῳ
1021 3931 1285 3999 τιμωρεῖν
1313 3929 1579 3994 οἰήσεται,
1614 3929 1898 4001 βαρύτατα
1923 3935 2400 4007 τιμωρηθήσεται.
2466 3941 2560 3994 Διὸ
2631 3943 2729 3996 καὶ
2795 3939 2920 3996 καθ’
2951 3939 3162 3993 ἕκαστα
3194 3939 3261 4008 τῇ
3299 3937 3462 4008 χαρᾷ
3509 3927 3916 4008 περιθάλπομαξξ

667 4021 892 4089 πάσχων
917 4021 1030 4090 γὰρ
1063 4019 1176 4089 ἐγὼ
1205 4020 1275 4074 τὰ
1321 4023 1559 4092 μέγιστα
1615 4003 2085 4098 ἑκδικηθήσομαιί
2275 4032 2510 4100 τούτοις,
2545 4035 2826 4108 ἀνήπτετο
2863 4033 2926 4086 τὸ
2954 4031 3050 4086 τοῦ
3113 4003 3388 4084 διαϐόλου⁷
3436 4003 3702 4100 *ὄργανοη
3762 4003 3928 4086 δηλαδὴ

663 4115 695 4167 ό
727 4110 1009 4174 Δατιανὺς,
1043 4109 1186 4164 κατὰ
1214 4110 1317 4181 τῆς
1350 4112 1444 4165 τοῦ
1486 4113 1728 4185 Χριστοῦ
1769 4117 2030 4184 πίστεως.

737 4240 852 4296 νη.
881 4243 963 4297 Ad
989 4241 1108 4298 hmo
1137 4243 1226 4298 ille
1248 4244 1448 4301 diaboli
1477 4247 1726 4304 minister
1751 4249 2033 4321 Datianus,
2057 4258 2254 4312 adver-

665 4348 762 4388 sus
791 4333 998 4388 Christi
1033 4332 1194 4388 fidem
1227 4335 1398 4406 magis
1434 4337 1715 4408 magisque
1752 4340 2120 4400 inflammatus
2147 4353 2250 4411 est,

2438 4255 2512 4311 Z'.
2560 4254 2744 4328 Ἐὠρα
2774 4254 2882 4326 γὰρ
2921 4219 3084 4307 αὐτόν
3115 4251 3238 4305 λίαν
3284 4247 3816 4324 καταφρονούμενον,
3833 4229 3924 4328 uel

2367 4351 2504 4422 πρὸς
2533 4348 2816 4420 ὑπηρέτας
2858 4347 2954 4402 τοῦ
2991 4346 3243 4402 διαϐόλου
3297 4349 3422 4406 ταῖς
3465 4340 3684 4414 μανίαιῖ
3717 4322 3925 4422 ἀνσιδαίῗ

665 4425 872 4496 quippe
901 4424 1047 4495 quod
1073 4425 1314 4494 seipsum
1348 4427 1505 4482 valde
1535 4431 1814 4484 contemni
1847 4431 2249 4490 animadverte-

2363 4463 2497 4498 νων.
2515 4443 2863 4512 ’Δπαγόιγετε
2896 4440 3148 4495 ἐντεῖθεν
3178 4439 3270 4492 τὸν
3301 4438 3630 4492 ἐπίσκοπον·
3661 4427 3849 4482 ἐκεῖνον
3879 4413 3925 4466 δὲ

667 4527 770 4572 ret.
800 4516 987 4586 Itaque
1026 4515 1227 4572 diaboli
1253 4518 1534 4573 ministros
1573 4519 1652 4575 sic
1679 4519 1878 4577 aﬂ‘atus
1901 4531 1983 4578 est
2021 4541 2036 4578 :
2067 4525 2260 4580 Abdu-

667 4609 778 4666 cite
820 4609 950 4664 hinc
973 4609 1292 4680 episcopum
1339 4629 1352 4666 :
1403 4620 1460 4667 at
1514 4613 1678 4668 istum
1725 4615 1815 4684 qui
1870 4617 1936 4671 ad
1983 4617 2174 4686 judicii
2205 4629 2264 4676 et

667 4703 1060 4771 imperatorum
1123 4704 1512 4782 contumeliam
1581 4705 1688 4762 huc
1746 4709 1916 4774 venit,
1985 4721 2116 4766 ante
2159 4727 2261 4768 nos

667 4795 865 4858 sistite,
895 4805 950 4853 et
986 4797 1054 4852 ad
1095 4797 1268 4867 ipsius
1307 4798 1506 4854 durum
1545 4813 1610 4855 ac
1641 4801 1980 4870 pertinacem
2013 4804 2260 4861 animum

669 4886 1080 4958 reprimendum
1119 4895 1390 4945 tormenta
1421 4899 1477 4946 et
1501 4893 1778 4948 cruciatus
1809 4893 2092 4951 adhibete.
2132 4895 2261 4954 llaec

669 4997 796 5035 cum
824 4981 1056 5046 diceret,
1088 4982 1323 5037 maxima
1345 4999 1576 5056 quaeque
1595 4987 1864 5058 supplicia
1899 4998 2086 5044 contra
2114 5006 2263 5046 mar-

669 5078 842 5141 tyrem
883 5069 1228 5143 excogitabat
1274 5070 1516 5141 quidem,
1559 5073 1654 5128 scd
1688 5073 1818 5130 illud
1855 5084 2038 5130 tamen
2071 5091 2259 5132 secum

669 5159 855 5216 animo
883 5162 1222 5230 revolvebat,
1245 5163 1390 5234 quod
1413 5165 1699 5237 quidquid,
1723 5168 1974 5237 quamvis
2004 5183 2260 5240 asperum

669 5263 727 5312 et
775 5255 1033 5311 acerbum
1066 5254 1316 5322 inferret,
1355 5257 1522 5314 fortis
1563 5259 1652 5314 ille
1698 5272 1903 5333 martyr
1950 5277 2051 5332 pro
2085 5261 2260 5318 nihilo

672 5349 856 5405 facere
879 5349 1198 5406 videretur:
1233 5349 1510 5416 Fortasse,
1539 5352 1814 5422 inquiens,
1848 5353 2046 5409 futurae
2078 5355 2264 5425 gloriae

669 5456 836 5496 causa
865 5441 1048 5496 omnia
1081 5441 1185 5497 sibi
1215 5442 1540 5513 perferenda
1576 5445 1882 5514 preposuit.
1928 5447 2264 5518 Echgitavit

671 5531 840 5606 igitur
871 5539 1271 5589 tormentorum
1293 5535 1578 5592 machinas
1604 5536 1854 5592 diabolus
1887 5555 1900 5592 :
1933 5539 2029 5594 sed
2048 5555 2182 5609 quas
2207 5541 2264 5594 in

645 5625 828 5679 ‘viros
854 5624 1172 5695 illosjustos
1206 5641 1398 5698 poenas
1438 5642 1497 5682 se
1528 5628 1804 5684 illaturutn
1847 5631 2139 5702 cogitabat,
2172 5649 2264 5690 eas

672 5715 814 5784 ipse,
859 5723 922 5771 ut
969 5718 1210 5784 nolebat,
1259 5735 1522 5790 passurus
1571 5732 1708 5778 erat.
1741 5721 1849 5779 Sed
1891 5725 2151 5795 quidnam
2185 5728 2265 5782 ait

673 5806 898 5875 iniquus
951 5809 1076 5864 ille?
1133 5812 1308 5884 Agite,
1368 5812 1567 5886 inquit,
1619 5815 1940 5888 suspendite
1985 5817 2262 5876 hominem

2367 4537 2462 4608 μοι
2499 4533 2592 4586 τὸν
2615 4535 2865 4602 γενναῖον
2899 4530 3150 4604 μαχητήν
3177 4529 3273 4582 τὸν
3299 4529 3388 4598 ἐφ’
3406 4527 3565 4599 ὕϐρει
3585 4519 3676 4576 τοῦ
3702 4519 3928 4608 δικαστῇ·

2371 4628 2487 4698 ρίου
2523 4626 2618 4680 καὶ
2647 4625 2756 4680 τῶν
2785 4624 3208 4694 αὐτοκρατόρων
3227 4621 3549 4692 ἐληλυθότα,
3579 4603 3924 4709 προσαγάῖετξ

2363 4713 2488 4786 ὧδε,
2525 4719 2620 4774 καὶ
2653 4721 2721 4791 τῇ
2751 4717 2921 4773 αὐτοῦ
2953 4715 3378 4790 προσκαρτερίᾳ
3421 4711 3494 4766 τὰ
3545 4700 3926 4800 urgemus???

2365 4783 2806 4884 προσενέγκατε.
2842 4810 2958 4864 Καὶ
2998 4783 3194 4864 ταῦτα
3233 4783 3436 4877 λέγων,
3472 4800 3684 4859 ἐπενόει
3732 4783 3925 4884 μείζονί

2365 4874 2462 4958 καὶ
2495 4874 2831 4976 πικροτέρας
2871 4901 3124 4965 κολάσεις
3153 4899 3230 4973 τῷ
3274 4874 3514 4968 γενναίῳ
3564 4891 3811 4964 μάρτυρι,

2365 4995 2506 5049 πάνυ
2519 4994 2577 5048 δὲ
2605 4974 3051 5063 ἐπιλογιζόμενος
3075 4991 3284 5061 ἔλεγεν,
3309 4991 3394 5044 ὅτι
3430 4988 3556 5042 Ἐτι
3587 4974 3923 5073 ml}???

2361 5088 2736 5158 τιμωρητικὸν
2769 5085 2864 5140 καὶ
2910 5085 3107 5157 πικρὸν
3169 5081 3528 5156 προσενέγκω
3577 5067 3920 5168 αὖτῷν-πίνῖα

2365 5157 2744 5250 καταπάτήσει
2767 5195 2780 5209 .
2815 5179 2916 5250 ἥδη
2947 5177 3060 5249 γὰρ
3101 5173 3584 5247 προμεμελέτηται
3633 5157 3794 5250 αὐτῷ,
3823 5157 3920 5250 ἶνε-

2365 5286 2461 5323 κεν
2501 5269 2601 5336 τῆς
2636 5237 3160 5338 μελλούσης-δόξης,
3189 5237 3445 5318 παντοῖον
3482 5237 3808 5338 κολαστικόν
3835 5237 3918 5336 ὃς·

2364 5377 2532 5430 γανον
2567 5360 2884 5430 ὑπομεῖναι.
2929 5358 3141 5427 Ἑαυτῴ
3171 5353 3468 5426 τοιγαροῦν
3497 5343 3705 5404 ἐπενόει
3736 5335 3797 5390 τὰ

2367 5423 2645 5525 στρεϐλῶν
2676 5423 2975 5514 όδιάόολος
3011 5423 3410 5524 μηχανήματα,
3439 5443 3532 5499 καὶ
3559 5442 3698 5506 ἅπερ
3728 5423 3917 5526 ίιπείλοεί

2362 5547 2444 5618 τῷ
2475 5547 2672 5616 δικαίῳ
2702 5544 2993 5614 ἐπιφέρειν
3018 5543 3292 5614 τιμωρίας
3316 5540 3547 5608 πάσχειν
3585 5526 3802 5618 ἡμελλεγ
3830 5531 3916 5568 συ.

2364 5614 2458 5704 τδς
2488 5639 2564 5702 ὡς
2587 5614 2688 5691 οὐκ
2718 5635 2990 5690 ἐϐούλετο.
3047 5635 3210 5689 Ἀλλὰ
3240 5637 3372 5705 γὰρ,
3401 5629 3585 5702 φησὶν,
3608 5614 3914 5705 ἀναρτήσανῖ

2365 5749 2454 5795 τες
2487 5730 2650 5784 αὑτὸν
2683 5730 2780 5784 ἐπὶ
2817 5729 2880 5783 τὸ
2921 5728 3077 5794 ξύλον
3119 5727 3348 5800 μεληδὸν
3407 5714 3807 5807 κοιτοισπάσατεζ

2364 5819 2474 5875 πᾶν
2518 5818 2578 5872 τὸ
2622 5818 2782 5891 σῶμα
2834 5817 2997 5871 αὐτοῦ
3037 5817 3368 5891 διαρρήξατε
3393 5810 3681 5866 magum
3711 5816 3758 5866 ς.
3785 5799 3914 5849 οπωδ
