4116 6438
326 403 429 471 741

1634 394 1809 456 VlTA
1851 391 1909 451 S.
1949 391 2363 453 VINCENTH.

3493 387 3603 451 ’ἵξέ

325 514 438 586 πρὸ
462 511 571 568 τῶν
609 508 895 565 κολάσεων
916 505 1031 571 τοῖς
1063 501 1285 566 οἰκείοις
1318 501 1588 573 σπασμοῖς
1624 498 1916 570 ἀναιρεθὴ-

2047 508 2184 554 stum
2219 501 2271 554 in
2295 500 2460 571 ligno,
2495 502 2722 572 ejusque
2771 499 3016 555 membra
3044 499 3361 555 discereite.
3411 515 3476 553 ac
3521 511 3601 554 ta—

328 623 509 660 σεται.

399 784 481 841 B'.
502 784 612 839 Kal
633 781 857 843 πολλαῖς
875 777 1045 848 ὥραις
1068 772 1434 846 ξεομένουτοῦ
1459 771 1760 842 μάρτυρος,
1780 770 1917 839 φησὶ

323 879 465 950 πρὸς
493 875 656 929 αὐτὸν
690 873 719 925 ὁ
756 867 1018 932 Δατιανός
1042 884 1057 900 ο
1090 866 1159 919 Τί
1202 865 1407 933 λέγεις,
1452 857 1498 917 ὧ
1547 861 1791 915 Βικέντιε
1818 876 1832 924 ;
1861 862 1919 912 ἐν

322 970 502 1030 ποίοις
553 964 793 1035 καθορᾷς
836 962 897 1014 τὸ
926 957 1121 1014 ἑαυτοῦ
1148 956 1463 1029 τρισάθλιον
1502 954 1702 1023 σῶμας
1745 952 1854 1004 Καὶ
1891 953 1920 1004 ὁ

324 1063 481 1131 ἅγιος
518 1055 854 1128 ὑπομειδιῶν
893 1049 1079 1107 εἶπεψ
1108 1050 1280 1103 Τοῦτό
1318 1051 1344 1102 ἐ
1368 1063 1486 1101 στιν
1513 1047 1542 1100 ὃ
1574 1046 1840 1116 εὐξάμην,
1877 1038 1922 1097 ὦ

326 1152 547 1223 ἀληθῶς
584 1147 848 1202 πανάθλιε
873 1164 888 1178 ο
919 1145 1096 1209 οὐδείς
1130 1143 1220 1215 μοί
1252 1158 1348 1195 σου
1386 1139 1766 1207 ποθεινότερος
1786 1138 1915 1207 εὐὴ-

330 1248 425 1316 θη,
463 1243 587 1299 οὒτε
618 1244 698 1303 εἰς
725 1239 864 1311 ἐμὴν
885 1237 1208 1307 καταψυχὴν
1244 1234 1464 1302 ἐγένετο
1520 1231 1744 1285 πώποτε
1768 1229 1922 1298 εὐερ-

326 1337 695 1409 γετικώτερος
719 1348 735 1363 ⁸
768 1335 816 1385 εἰ
848 1331 957 1401 γὰρ
985 1329 1081 1383 καὶ
1107 1327 1365 1398 ἀπεχθῶς
1413 1324 1587 1379 ταῦτα
1632 1322 1922 1393 πράσσεις,

334 1434 404 1485 σὺ
434 1428 597 1499 μόνος
632 1426 753 1478 λίαν
783 1421 1042 1484 εὑκταίός
1083 1437 1173 1491 μοι
1225 1419 1593 1487 καθέστηκας.
1641 1416 1773 1469 ’1δοῦ
1814 1415 1926 1485 γὰρ

332 1521 529 1576 λοιπὸν
563 1518 676 1571 τῶν
710 1513 1058 1585 ὑψηλοτέρων
1079 1509 1347 1566 ἐπιϐαίνω
1379 1508 1477 1561 καὶ
1521 1507 1628 1560 τῶν
1666 1506 1927 1574 ἐπιγείων

334 1612 671 1681 ἀφίσταμαι.
718 1605 851 1658 Ἰδοὺ
875 1602 985 1656 τῶν
1015 1596 1287 1671 οὐρανίων
1314 1599 1656 1668 ἐφάπτομαι,
1687 1597 1928 1659 καὶτοὺς

343 1701 580 1774 βασιλεῖς
604 1714 699 1751 σου
722 1695 976 1767 μείζονας
996 1690 1319 1748 καταπτύω.
1346 1687 1650 1760 Τοιγαροῦν
1668 1686 1930 1765 ῖῆςὼμό-

341 1810 503 1865 τητος
540 1793 606 1845 σὺ
637 1789 711 1861 μὴ
739 1788 947 1858 παύσῃ,
976 1783 1023 1838 ὦ
1051 1785 1400 1854 παγκάκιστε
1418 1798 1431 1813 ·
1458 1780 1788 1853 ἐπαυξήσεις
1818 1779 1928 1850 γ’ὰρ

341 1887 435 1957 μοὶ
458 1886 528 1939 τὰ
559 1884 658 1951 τῆς
688 1882 867 1951 νίκης,
902 1881 1064 1950 εἴπερ
1090 1877 1179 1931 διὰ
1213 1876 1474 1947 μειζόνων
1509 1874 1720 1946 νικήσω
1746 1890 1805 1925 σε
1834 1891 1927 1926 κο-

335 1978 574 2031 λάσεων.
620 1971 939 2043 Ἐπεγείρου
960 1966 1055 2025 οὖν
1096 1969 1300 2041 μᾶλλον
1331 1969 1427 2023 καὶ
1459 1970 1576 2030 ταῖς
1614 1966 1929 2029 κακονοίαις

335 2067 438 2122 τοῦ
476 2065 675 2138 μιαροῦ
707 2081 800 2118 σου
836 2062 1046 2134 πατρὸς
1096 2061 1501 2131 ἁναὸακχεύου,
1562 2059 1758 2130 μήπως
1802 2075 1930 2128 σμι-

337 2159 550 2229 κρύνῃς
598 2173 699 2226 μου
748 2155 818 2209 τὰ
858 2156 959 2223 τῆς
1003 2153 1185 2225 δόξης,
1221 2152 1297 2223 μὴ
1333 2152 1540 2224 ζημίαν
1585 2150 1930 2222 προστρίψῃς

336 2251 455 2312 τοῖς
487 2250 636 2317 ἐμοῖς
661 2246 924 2310 ἐπαίνοις.
945 2246 1199 2315 Ἔτοιμος
1221 2243 1359 2298 ὁτοῦ
1384 2242 1520 2296 Θεοῦ
1547 2243 1734 2306 δοῦλος
1757 2244 1933 2296 πάντα

342 2340 643 2410 ὑπομένειν
689 2339 830 2408 ὑπὲρ
892 2338 986 2392 τοῦ
1041 2337 1306 2407 ὀνόματος
1354 2335 1450 2390 τοῦ
1502 2337 1708 2407 Κυρίου
1753 2335 1932 2405 Ἰησοῦ

342 2432 614 2503 Χριστοῦ·
649 2433 715 2485 δι’
737 2424 812 2486 ὧν
835 2432 891 2484 δὲ
922 2431 1237 2485 ἐπαπειλῶν
1260 2431 1360 2484 οἴει
1390 2448 1456 2501 με
1486 2429 1932 2500 τιμωρήσασθαι,

354 2524 573 2588 τούτοις
623 2524 964 2595 πικροτέρως
1015 2524 1080 2577 σὺ
1137 2523 1231 2576 καὶ
1300 2522 1626 2593 πολυμερῶς
1688 2538 1938 2593 τιμωρη-

348 2618 517 2688 θήσῃ.

425 2791 504 2848 Θ’,
532 2791 675 2861 Πρὸς
705 2788 876 2844 ταῦτα
907 2785 998 2844 οὖν
1035 2790 1258 2862 κράζειν
1285 2789 1486 2861 ἤρξατο
1525 2789 1664 2843 κατὰ
1694 2790 1799 2844 τῶν
1820 2791 1943 2844 ἑαυ-

347 2882 447 2934 τοῦ
478 2881 742 2952 μεμηνὼς
766 2883 794 2934 ὁ
823 2883 1104 2947 Δατιανὸς,
1128 2882 1222 2936 καὶ
1250 2880 1325 2952 τῷ
1346 2880 1501 2951 θυμῷ
1526 2880 1827 2951 ὑπερζέσας
1849 2882 1944 2934 καὶ

358 2974 688 3044 βακχευθεὶς
712 2972 789 3043 τῷ
812 2973 1077 3027 λυσσώδει
1123 2972 1425 3044 πνεύματι,
1458 2971 1639 3038 ξύλο;ς
1676 2975 1772 3027 καὶ
1802 2974 1939 3045 ῥάϐ-

352 3068 466 3128 δοις
493 3067 619 3129 τοὺς
654 3065 885 3135 δημίους
906 3064 1223 3135 ἐμάστιξεν,
1259 3065 1333 3129 ὡς
1362 3064 1456 3118 ἅτε
1491 3065 1554 3135 δὴ
1579 3065 1944 3136 ρᾳθυμήσαν-

352 3174 455 3219 τας
500 3156 593 3209 καὶ
634 3156 987 3227 φειδομένους
1033 3157 1126 3211 τοῦ
1175 3158 1490 3229 μάρτυρος·
1522 3158 1685 3211 πλέον
1734 3158 1792 3211 δὲ
1816 3155 1941 3211 κατ’

354 3247 563 3309 αὐτῶν,
593 3247 624 3318 ἢ
654 3249 796 3301 κατὰ
824 3247 919 3301 τοῦ
947 3248 1157 3302 δικαίου
1202 3250 1584 3320 ἐχαλέπαινεν,
1616 3250 1722 3322 πρὸ
1754 3250 1848 3304 τοῦ
1869 3252 1948 3304 δι·-

360 3330 524 3394 κιίου
555 3341 682 3404 τοὺς
711 3340 945 3403 οίκεξους
976 3341 1350 3413 αἰκιζόμενος.
1387 3341 1467 3412 Τῇ
1503 3343 1568 3395 ἐκ
1602 3342 1738 3395 Θεοῦ
1770 3343 1825 3396 δὲ
1854 3345 1944 3397 ati-

356 3433 566 3501 διότητι
593 3433 620 3484 ο
672 3432 980 3503 ἀγωνιστὴς
1023 3434 1080 3485 ἐν
1118 3432 1195 3503 τῷ
1225 3433 1462 3502 ἀσφαλεῖ
1499 3434 1806 3505 ἀμέριμνος
1855 3435 1950 3489 καὶ

361 3524 568 3587 ἄπονος
603 3522 712 3576 τῶν
763 3524 1040 3593 αἰκισμῶν
1082 3523 1174 3576 ὲτύ
1190 3543 1351 3594 γχανε
1380 3543 1393 3556 ·
1424 3526 1546 3579 κατ’
1581 3527 1807 3581 ἐκείνων
1838 3522 1948 3600 γὰρ

365 3614 594 3686 μᾶλλον,
621 3615 743 3668 καθ’
781 3609 853 3668 ὧν
876 3619 975 3687 τὴν
1009 3617 1299 3671 αὐθεντίαν
1319 3614 1488 3687 εἶχεν,
1520 3619 1794 3687 ἐμαίνετο,
1826 3620 1947 3673 τότε

358 3707 425 3775 δη
450 3709 479 3758 ὁ
509 3705 714 3776 ἀληθὴς
739 3705 1012 3771 Βικὲντιος
1039 3709 1406 3778 (μεταπίπτον
1436 3710 1544 3780 γὰρ
1572 3711 1651 3773 είς
1683 3710 1781 3774 τὴν
1834 3711 1952 3764 Ἐλ-

365 3796 559 3868 ληνίδα
582 3798 836 3868 γλῶσσαν
858 3802 1084 3872 νικητὴς
1108 3804 1168 3854 τὸ
1189 3802 1360 3873 ὄνομα
1385 3802 1791 3873 σαφηνίζεται),
1817 3804 1952 3873 φησὶ

372 3888 510 3955 ’πῷς
554 3892 643 3941 τὸν
676 3890 952 3962 ἀλάστορα
997 3893 1345 3965 κρεμάμενος
1377 3894 1471 3947 ἐπὶ
1491 3892 1585 3948 τοῦ
1631 3894 1788 3959 ξύλου
1828 3912 1841 3924 ·
1882 3896 1948 3948 Τί

376 3976 571 4046 λέγεις’,
593 3973 637 4033 ὦ
665 3981 894 4035 Δατιανὲ
931 4000 945 4049 ;
979 3983 1087 4036 ίδοὺ
1118 3984 1271 4054 παρὰ
1309 3984 1416 4038 τῶν
1458 3986 1718 4056 τιμωρῶν
1762 3988 1953 4057 ἀπέχω

2021 599 2134 644 tum
2165 605 2364 660 corpus
2391 594 2730 658 contundite,
2766 602 2823 647 ut
2845 594 3163 663 priusquam
3192 592 3316 646 altis
3346 592 3606 646 cruciati-

2018 683 2121 736 bus
2142 683 2431 755 aﬂligatur,
2473 699 2531 739 se
2566 685 2862 739 laceratum
2888 694 2945 740 et
2972 693 3362 755 consumptum
3394 683 3603 737 videat.

2092 774 2227 830 VIII.
2253 777 2389 832 Cum
2423 777 2585 849 igitur
2615 787 2817 850 martyr
2844 779 2959 849 ipse
2986 780 3174 834 multis
3198 779 3349 833 horis
3375 776 3608 832 dilania-

2023 879 2193 935 rctur,
2249 870 2326 925 sic
2367 886 2492 924 eum
2542 870 2806 925 Datianus
2847 870 3225 940 alloquebatur
3266 889 3279 924 :
3333 868 3473 934 Quid
3503 867 3605 932 ais,

2024 958 2318 1015 Vincenti?
2349 962 2430 1014 An
2473 978 2582 1015 non
2620 962 2794 1022 vides,
2822 977 2984 1030 quam
3021 961 3232 1014 miseris
3283 960 3458 1014 modis
3489 974 3612 1011 cor-

2025 1070 2128 1125 pus
2162 1064 2310 1110 tuum
2343 1054 2653 1109 miserabile
2688 1055 3006 1109 dilaniatum
3043 1054 3151 1109 sit?
3192 1053 3327 1107 Tum
3379 1054 3453 1106 illi
3487 1052 3612 1106 sub-

2025 1148 2210 1202 ridens
2241 1146 2564 1201 Vincentius
2596 1165 2609 1200 :
2645 1146 2778 1210 Hoc,
2810 1147 3005 1216 inquit,
3039 1154 3144 1211 est,
3173 1145 3316 1215 quod
3352 1143 3465 1214 ipse
3498 1152 3611 1197 toto

2026 1236 2211 1289 animo
2260 1235 2581 1304 expetebam
2635 1251 2648 1287 :
2702 1235 2883 1304 itaque
2946 1250 3106 1288 nemo
3157 1234 3288 1288 mihi
3349 1247 3611 1301 unquam,

2028 1328 2219 1381 credas
2254 1326 2435 1389 velim,
2472 1325 2766 1395 optabilior
2796 1326 2969 1396 teipso
3015 1326 3135 1389 fuit,
3183 1337 3363 1393 neque
3417 1322 3613 1399 anima:

2028 1434 2164 1473 mea:
2197 1416 2521 1471 beneﬁcium
2559 1418 2734 1487 majus
2772 1417 3046 1472 contulit:
3080 1431 3207 1470 nam
3245 1417 3373 1469 licet
3428 1412 3610 1468 hostili

2028 1512 2213 1566 animo
2239 1512 2291 1568 id
2323 1512 2510 1578 facias,
2545 1519 2724 1583 tamen
2759 1525 3030 1563 summum
3069 1509 3393 1563 beneﬁcium
3437 1507 3493 1560 in
3526 1520 3613 1559 me

2030 1604 2270 1659 confers.
2296 1605 2379 1658 En
2423 1612 2480 1656 ut
2537 1603 2602 1657 ad
2647 1601 2965 1655 sublimiora
2999 1598 3274 1664 ascendo;
3308 1613 3378 1652 en
3415 1608 3475 1651 ut
3503 1611 3617 1651 cce-

2033 1697 2197 1753 lestes
2253 1710 2339 1749 res
2386 1693 2624 1763 attingo;
2662 1706 2729 1745 en
2775 1699 2834 1743 ut
2868 1690 3223 1759 imperatores
3275 1696 3397 1741 tuos
3446 1684 3617 1754 magis

2032 1796 2350 1842 contemno.
2387 1785 2467 1839 Tu
2512 1785 2673 1856 igitur
2706 1783 2775 1837 ab
2809 1784 2910 1837 ista
2943 1790 3033 1835 tua
3065 1781 3388 1836 crudelitate
3420 1793 3489 1831 ne
3516 1778 3616 1832 de-

2032 1879 2233 1935 sistas:
2267 1878 2397 1933 milti
2432 1878 2577 1933 enim
2611 1891 2677 1930 eo
2711 1875 3125 1929 cumulatiorcm
3162 1873 3444 1928 victoriam
3480 1869 3616 1925 aﬁ'e-

2035 1985 2142 2033 res,
2186 1986 2295 2039 quo
2326 1970 2531 2038 majora
2574 1975 2842 2022 tormenta
2879 1964 3226 2036 perferendo,
3261 1962 3490 2032 teipsutn
3522 1975 3618 2015 su-

2033 2063 2258 2134 perabo.
2292 2063 2439 2128 Esto,
2465 2078 2672 2132 quaeso,
2706 2062 2759 2115 in
2803 2077 2891 2116 me
2926 2059 3096 2130 magis
3123 2058 3402 2129 magisque
3433 2057 3620 2112 conci-

2036 2164 2203 2218 tatu-3
2239 2165 2295 2209 et
2325 2153 2515 2208 nefarii
2552 2154 2625 2207 tui
2659 2153 2885 2223 spiritus
2935 2150 3312 2221 perversitate,
3349 2157 3618 2219 quantum

2034 2248 2139 2311 vis,
2164 2247 2525 2312 debaccliare,
2552 2261 2621 2299 ne
2642 2240 2756 2315 quo"
2786 2244 2947 2298 modo
2969 2243 3192 2314 gloriam
3230 2257 3403 2296 meam
3436 2240 3623 2293 inuni-

2037 2357 2198 2404 nuas,
2223 2350 2279 2394 et
2308 2340 2510 2394 nostris
2550 2339 2800 2393 laudibus
2846 2337 3105 2391 damnum
3146 2335 3361 2389 afferas.
3401 2332 3476 2387 En
3524 2346 3624 2402 ego

2039 2433 2246 2488 Christi
2285 2447 2495 2499 servus,
2532 2439 2755 2501 paratus
2791 2445 2909 2485 sum
2963 2427 3147 2483 omnia
3199 2426 3470 2481 sustinere
3527 2438 3627 2492 pro

2041 2526 2265 2579 nomine
2295 2524 2542 2595 ejusdem
2590 2522 2804 2577 Domini
2847 2521 2952 2575 mei
2994 2520 3122 2575 Jesu
3158 2517 3381 2573 Christi.
3418 2515 3628 2582 Quibus

2042 2629 2224 2670 autem
2259 2615 2423 2670 minis
2449 2624 2505 2669 et
2548 2600 2879 2669 cruciatibus
2906 2628 2992 2666 me
3021 2610 3325 2665 vexandum
3358 2623 3477 2662 esse
3503 2606 3625 2677 opi—

2040 2709 2215 2769 naris,
2248 2707 2354 2762 illis
2386 2716 2439 2761 tu
2472 2708 2585 2777 ipse
2620 2706 2874 2761 acerbius
2901 2703 3205 2758 vexaberis.

2117 2798 2210 2852 IX.
2251 2798 2346 2852 llis
2390 2799 2573 2852 verbis
2598 2798 2819 2863 auditis,
2864 2796 3148 2858 Datianus,
3180 2793 3366 2849 furore
3389 2792 3628 2861 quodam

2044 2899 2101 2945 et
2134 2891 2282 2943 rabie
2316 2888 2706 2955 inflammatus,
2741 2898 2796 2944 ct
2842 2888 3106 2942 clamores
3137 2903 3245 2956 prte
3290 2885 3497 2939 insaiia
3528 2883 3631 2938 tol—

2047 2984 2187 3044 lens.
2223 2982 2384 3053 lignis
2414 2997 2481 3036 ac
2533 2982 2702 3053 virgis
2737 2979 3023 3035 carniﬁces
3082 2977 3428 3040 verberabat,
3482 2975 3628 3046 quod

2048 3087 2247 3143 segnes
2272 3079 2455 3126 essent
2486 3071 2539 3124 in
2568 3078 2808 3141 martyre
2832 3069 3147 3132 cruciando,
3185 3068 3465 3139 magisque
3495 3081 3630 3120 con-

1971 3192 2015 3249 ο
2051 3175 2134 3241 tra
2182 3164 2489 3228 carniﬁces,
2520 3179 2681 3234 quam
2730 3171 2919 3217 contra
2956 3163 3133 3217 virum
3176 3159 3331 3214 illum
3379 3165 3631 3213 sanctum

2048 3256 2507 3323 excandescebat,
2537 3255 2869 3309 domesticos
2893 3263 2948 3307 et
2983 3252 3277 3307 familiares
3312 3266 3440 3306 suos
3484 3249 3637 3319 prius

2050 3365 2213 3420 quam
2248 3357 2538 3417 martyrem
2579 3348 2899 3402 verberans.
2929 3345 3064 3401 Cum
3098 3354 3281 3399 autem
3316 3343 3480 3413 judex
3521 3342 3639 3411 ipse

2054 3441 2109 3495 in
2144 3455 2273 3495 suos
2296 3442 2469 3511 magis
2499 3440 2726 3502 fureret,
2765 3448 2895 3493 tunc
2920 3438 3122 3492 athleta
3151 3436 3471 3493 Vincentius
3499 3436 3639 3504 (ejus

2055 3542 2238 3587 autem
2282 3548 2507 3596 nomen,
2555 3533 2599 3587 si
2644 3533 2768 3602 quis
2800 3531 2986 3586 Graece
3030 3531 3441 3599 interpretetur,
3485 3526 3641 3605 inve-

2057 3627 2173 3678 niet
2200 3625 2342 3678 idem
2373 3625 2575 3693 valere,
2607 3641 2670 3679 ac
2710 3626 2753 3679 si
2786 3625 3041 3686 Niceten,
3080 3624 3183 3676 hoc
3214 3631 3296 3677 est
3343 3620 3639 3686 Victorem,

2058 3716 2248 3786 dicat),
2307 3716 2363 3770 in
2411 3716 2558 3785 ligno
2595 3716 2859 3783 pendens,
2893 3714 3218 3769 sceleratum
3265 3712 3504 3781 judicem
3559 3713 3641 3765 sic

2057 3806 2256 3861 affatus
2287 3816 2373 3863 est
2402 3824 2414 3859 :
2445 3806 2584 3872 Quid
2617 3806 2715 3870 ais,
2771 3804 3037 3859 Datiane?
3089 3804 3165 3857 En
3210 3818 3401 3873 ptenas
3435 3802 3642 3872 recip'o

2058 3899 2128 3953 ab
2158 3899 2263 3963 his,
2300 3899 2390 3969 qui
2426 3914 2513 3953 me
2543 3879 2809 3963 cruciant,
2848 3906 2905 3951 ct
2930 3907 2986 3950 tu
3020 3906 3208 3950 contra
3239 3904 3360 3949 tuos
3389 3894 3643 3948 homines

2061 3989 2290 4043 ultorem
2326 4000 2377 4043 te
2410 3990 2540 4043 mihi
2563 3989 2792 4060 praebes.

374 4069 475 4138 τὴν
502 4071 803 4140 ἐκδίκησιν,
837 4074 1028 4146 ἐπειδὴ
1061 4075 1222 4140 αὐτὸς
1256 4076 1399 4131 κατὰ
1466 4078 1575 4132 τῶν
1612 4078 1813 4132 σαυτοῦ
1882 4079 2099 4145 ἔκδικος
2150 4099 2251 4153 μου
2291 4082 2560 4151 πέφηνας.
2633 4079 2861 4144 Τούτοις
2911 4081 2968 4133 δὲ
3022 4080 3139 4143 τοῖς
3198 4079 3432 4149 ῥήμασι,
3484 4077 3645 4130 πλέον

371 4161 533 4212 αὑτὸν
556 4161 835 4226 ἐκόλαζεν.

442 4256 500 4308 1.
535 4256 801 4320 Ἀκούσας
821 4258 878 4310 δὲ
904 4257 1103 4325 ταῦτα,
1144 4259 1351 4330 μείζονι
1413 4262 1509 4315 καὶ
1533 4263 1954 4337 λυσσωδεστέρᾳ

362 4348 525 4418 φωνῇ
544 4346 705 4400 πλέον
734 4348 958 4421 -ἐκϐοᾷν
1000 4349 1251 4421 ἄρχεται,
1312 4354 1407 4405 καὶ
1452 4356 1564 4417 τοῖς
1598 4355 1813 4411 ὀδοῦσιν
1834 4360 1957 4411 ἐπι-

362 4439 398 4491 6
405 4438 471 4509 ρύ
477 4456 539 4508 χε
549 4455 597 4490 ιν
614 4438 860 4504 ἐκτόπως
892 4442 1086 4496 ἑαυτὸν
1103 4445 1131 4495 ὀ
1144 4444 1492 4514 ταλαίπωρος
1514 4450 1955 4519 προσπαραττων

2134 4267 2202 4322 Χ.
2266 4267 2394 4323 Ilzec
2451 4283 2576 4324 cum
2641 4277 2847 4340 martyr
2894 4268 3143 4333 dixisset,
3197 4266 3436 4338 judicem
3469 4268 3648 4336 ipsum

2066 4361 2239 4433 magis
2269 4363 2555 4432 magisque
2587 4362 2885 4417 cruciabat.
2932 4361 3295 4429 Quamobrem
3325 4361 3491 4430 coepit
3527 4358 3650 4430 plus

2066 4454 2251 4508 furere
2285 4463 2340 4508 et
2364 4456 2622 4517 clamare,
2655 4467 2711 4509 et
2745 4455 3001 4509 dentibus
3042 4454 3294 4518 fremere,
3341 4454 3481 4505 uitra
3527 4469 3647 4506 mo.

362 4530 465 4583 τοῦ
533 4530 826 4602 μάρτυρος.
881 4533 992 4588 Καὶ
1027 4534 1135 4606 γὰρ
1188 4536 1282 4589 τοῦ
1330 4536 1471 4601 ξέειν
1502 4541 1882 4611 ἀποκαμόντες
1907 4545 1945 4595 ol

2066 4546 2196 4600 dum
2251 4560 2310 4600 se
2352 4545 2524 4617 magis
2565 4560 2729 4615 quam
2782 4555 3071 4616 martyrem
3106 4545 3375 4598 crucians.
3421 4541 3501 4597 Ad
3534 4545 3650 4598 haec

363 4624 560 4693 δήμιοι
591 4625 948 4695 ἐπεπήγεσαν
975 4624 1169 4698 ὥσπερ
1197 4630 1414 4701 ἄψυχοι,
1435 4632 1561 4685 αἵτε
1587 4636 1765 4704 χεῖρες
1782 4635 1962 4691 αὐτῶν

371 4715 510 4781 περὶ
538 4713 607 4769 τὰ
634 4715 847 4788 πλευρὰ
871 4717 965 4771 τοῦ
987 4718 1198 4773 δικαίου
1230 4722 1423 4792 νεκραὶ
1441 4722 1847 4794 ἀπεκρέμαντο,
1871 4728 1966 4781 καὶ

368 4807 444 4859 τὰ
468 4806 741 4873 πρόσωπα
773 4809 1089 4880 ώχριῶντες
1117 4815 1410 4884 κρουνηδὸν
1432 4815 1558 4879 τοὺς
1580 4815 1810 4886 ἱδρῶτας
1826 4817 1968 4875 κατὰ

374 4897 584 4961 παντὸς
611 4898 705 4952 τοῦ
754 4900 1011 4973 σώματος
1055 4904 1237 4958 αὐτῶν
1272 4903 1522 4974 ἔσταζον,
1568 4907 1668 4961 καὶ
1711 4906 1782 4961 τὰ
1828 4909 1966 4982 μέλη

373 4987 638 5061 λυόμενοι
670 4997 1095 5067 κατεστήκοντο.
1133 4997 1268 5052 Τότε
1293 4999 1489 5070 στῆθος
1519 4999 1700 5054 αὐτῶν
1733 5003 1966 5056 ἐπιπολὺ

373 5083 744 5152 κεκμηκότων
817 5084 1011 5160 ὥσπερ
1044 5089 1255 5143 ἄπνουν
1303 5090 1604 5146 λελίθωτοο
1649 5093 1971 5165 ὑπελάμϐα-

379 5191 473 5237 νες
502 5172 560 5228 δὲ
588 5177 833 5243 ἐκείνους
884 5181 1088 5251 μᾶλλον
1129 5184 1542 5256 τετιμωρῆσθαι
1569 5189 1688 5250 ταῖς
1712 5187 1967 5258 βασάνοις

381 5270 482 5323 καὶ
506 5272 735 5342 νεκροὺς
767 5273 1063 5344 ὑπάρχειν,
1096 5277 1289 5349 νεκρὸν
1312 5278 1369 5331 δὲ
1403 5280 1496 5332 καὶ
1527 5280 1690 5334 αὐτὸν
1737 5282 1829 5334 τὸν
1864 5284 1970 5334 Δα-

382 5362 574 5415 τιανδν
616 5363 678 5417 τὸ
716 5362 1011 5437 πρόσωπον
1057 5367 1368 5439 ὠχριῶντα,
1410 5370 1636 5442 ἄψυχον,
1671 5372 1965 5443 τρέμοντα,

383 5453 520 5514 τοὺς
565 5452 884 5525 ὀφθαλμοὺς
940 5456 1397 5535 ἀμϐλυώττοντα,
1433 5460 1700 5531 ἀχλυώδει
1742 5464 1850 5516 τινὶ
1892 5462 1972 5535 τῷ

388 5537 703 5612 βλέμματι,
746 5543 845 5596 xui.
892 5544 1083 5617 ὥσπερ
1128 5548 1188 5601 ἐν
1253 5536 1470 5622 θανάτῳ
1531 5552 1973 5623 συγκεχυμένους

383 5634 715 5702 κατέχοντα.
751 5636 865 5689 Καὶ
892 5635 1003 5707 γὰρ
1040 5639 1205 5693 πάλιν
1261 5640 1497 5696 ἄτακτον
1556 5643 1651 5697 καὶ
1703 5644 1972 5714 μανιῶδες

379 5723 516 5778 ἐῦὖα
569 5726 714 5779 κατὰ
763 5727 874 5781 τῶν
903 5728 1116 5801 δημίων
1136 5747 1151 5763 ο
1205 5731 1271 5785 Τί
1319 5734 1631 5804 πράσσετε;
1664 5735 1840 5805 λέγων
1864 5751 1879 5765 ⁵
1911 5736 1974 5790 οὐ

381 5820 495 5885 γὰρ
532 5818 887 5887 ἐπιγινώσκω
923 5823 1022 5886 τὰς
1044 5825 1236 5897 χεῖρας
1272 5826 1832 5904 ὑμῶν’·-ἁνδροφὸνων
1858 5824 1973 5881 οἶδα

2067 4636 2357 4693 carniﬁces
2394 4637 2521 4707 ipsi.
2566 4652 2689 4691 cum
2723 4636 2777 4690 in
2816 4651 2883 4691 eo
2914 4636 3202 4690 lacerando
3235 4646 3418 4690 essent
3450 4634 3649 4691 defati-

2067 4727 2196 4798 gati,
2225 4736 2482 4797 tanquam
2513 4726 2808 4782 exanimati
2835 4727 2945 4797 jam
2979 4735 3318 4797 torpuerant,
3348 4742 3651 4798 eorumque

2069 4834 2298 4884 manus,
2359 4829 2617 4889 tanquam
2679 4827 2928 4883 mortuae,
2987 4818 3132 4874 circa
3180 4820 3431 4890 martyris
3482 4820 3656 4875 latera

2070 4912 2424 4983 obriguerant
2459 4929 2473 4966 :
2506 4925 2742 4981 cumque
2787 4911 3201 4982 expalluissent,
3247 4913 3446 4969 Sudore
3480 4913 3660 4967 multo

2070 5011 2245 5057 totum
2281 5018 2470 5058 eorum
2497 5017 2699 5073 corpus
2738 5003 3064 5074 irrigabatur
3094 5023 3107 5060 :
3134 5005 3390 5060 omnibus
3416 5005 3659 5077 denique

2071 5093 2332 5148 membris
2361 5093 2613 5150 dissoluti
2652 5102 2831 5149 erant.
2863 5095 3050 5165 Itaque
3096 5109 3193 5152 eos
3221 5095 3411 5152 videre
3456 5096 3654 5151 licebat

2071 5187 2412 5269 cruciatibus
2467 5186 2636 5260 magis
2687 5187 2945 5252 affectos,
2997 5203 3158 5258 quam
3214 5197 3548 5259 martyrem,
3590 5203 3661 5244 ac

2073 5279 2468 5350 propemodum
2507 5289 2791 5335 mortuos:
2818 5280 2948 5350 quin
2970 5280 3132 5335 etiam
3165 5278 3450 5335 Datianum
3475 5279 3659 5350 ipsum

2074 5392 2169 5432 ore
2204 5377 2424 5447 pallido,
2454 5377 3167 5443 exanimem,-trementem,
3200 5374 3375 5430 oculis
3414 5373 3655 5444 caligan-

2077 5472 2207 5528 tem,
2241 5472 2298 5517 et
2328 5471 2584 5534 tanquam
2614 5473 2793 5520 morte
2832 5474 3164 5535 correptum,
3199 5473 3362 5534 atque
3401 5461 3661 5517 immobi-

2074 5555 2181 5610 lem
2217 5548 2443 5620 factum,
2471 5571 2662 5611 rursus
2693 5557 3136 5628 incompositum,
3175 5556 3558 5621 insanientem,
3600 5562 3659 5609 et

2075 5656 2266 5702 contra
2297 5647 2581 5702 carniﬁces
2624 5648 3016 5704 vociferantem
3050 5668 3064 5704 :
3098 5649 3366 5717 Quidnam
3407 5662 3504 5702 vos
3548 5647 3659 5718 agi-

2081 5737 2185 5794 tis?
2214 5738 2413 5795 Annon
2473 5738 2605 5794 mihi
2652 5748 2798 5795 nota:
2841 5750 2967 5797 sunt
3002 5757 3197 5797 manus
3229 5739 3464 5798 vestrae?
3505 5740 3663 5810 Same

2080 5830 2477 5890 homicidarum
2510 5834 2777 5890 szevitiam
2811 5849 2841 5890 a
2869 5835 3025 5892 vobis
3058 5842 3383 5906 prostratam
3410 5832 3660 5906 cognovi.
