4116 6444
521 366 625 431 743

1745 365 2026 426 MENSIS
2063 364 2521 428 JANUARIUS.

3671 368 3781 434 7H

524 483 857 550 Frequenter
901 472 1167 534 iatronum
1209 486 1264 532 et
1314 476 1706 548 parricidarum
1757 477 2093 533 ferocitatem

2206 478 2469 543 πολλάκις
2495 481 2641 551 ὑμᾶς
2674 482 3007 553 νικήσαντας
3048 482 3330 546 ἀπόνοιαν,
3354 480 3450 535 καὶ
3473 484 3783 554 πατροκτό-

518 574 773 628 manlbus
793 572 986 627 vestris
1008 572 1379 643 cxpugnastis,
1404 580 1460 625 et
1482 570 1846 625 veneficorum
1873 583 2094 631 arcana,

519 668 575 720 in
614 664 806 718 intimo
864 678 1050 717 eorum
1089 663 1253 718 corde
1305 662 1532 717 latentia
1585 676 1959 731 saepenumero
2008 675 2099 714 ex-

519 757 764 810 traxistis
820 774 835 808 :
885 755 1088 825 quique
1146 753 1353 809 nefarie
1411 751 1886 823 intemperantiam
1942 764 2096 805 suam

518 846 852 912 effuderunt,
887 862 1074 902 eorum
1114 846 1371 901 intestina
1407 845 1711 899 dilaniastis
1750 862 1763 898 :
1812 852 1974 911 atque
2017 840 2099 911 (ut

517 940 829 994 summatim
866 938 1063 1001 dicam)
1091 940 1341 1008 quisnam
1394 936 1467 991 ita
1510 932 1944 1005 inexpugnabilis
1970 930 2093 993 fuit,

501 1031 610 1101 .qui
647 1047 770 1086 cum
814 1032 867 1085 in
916 1046 1108 1085 manus
1136 1040 1347 1085 vestras
1377 1028 1649 1090 inciderit,
1675 1043 1783 1081 non
1819 1024 1976 1079 facile
2016 1023 2099 1076 in-

521 1122 781 1177 terfectus
810 1122 1011 1177 fuerit?
1044 1121 1182 1187 Quid
1218 1121 1382 1190 igitur
1423 1128 1503 1174 est
1525 1165 1538 1183 ,
1565 1119 1764 1173 milites
1794 1116 1922 1177 mei,
1952 1114 2098 1184 quod

519 1217 794 1271 hominem
848 1217 1009 1271 istum
1042 1215 1355 1280 scelestum,
1392 1229 1584 1282 magna
1619 1227 1745 1267 cum
1790 1208 2097 1264 temeritate

518 1307 876 1376 imperatores
906 1315 1119 1360 nostros
1147 1312 1613 1363 contemnentem,
1647 1300 1945 1370 reprimere
1982 1311 2096 1351 non

517 1398 851 1470 possumus?
874 1397 1073 1453 Saltem
1096 1411 1197 1451 nos
1220 1403 1436 1450 moveat
1460 1393 1694 1448 dedecus
1714 1400 1770 1447 et
1795 1388 2094 1459 turpitudo,

518 1506 590 1544 ne
615 1489 742 1559 quid
774 1489 992 1560 gravius
1021 1487 1223 1542 dicam.
1260 1485 1411 1539 Alios
1451 1493 1716 1556 negantes
1754 1481 2007 1545 crimina,
2044 1488 2100 1533 et

518 1591 747 1637 mortem
783 1582 954 1650 ipsam
986 1579 1298 1644 irridentes,
1321 1580 1563 1632 nondum
1594 1585 1770 1631 mortc
1803 1574 1948 1628 illata
1973 1586 2098 1642 per—

517 1672 912 1737 terrefecimus,
979 1678 1034 1726 et
1065 1669 1223 1725 istius
1264 1667 1671 1731 debacchantis.
1711 1674 1873 1735 atque
1916 1666 2093 1733 impe-

515 1770 725 1817 ratores
777 1750 949 1832 ipsos,
982 1762 1126 1833 leges
1156 1770 1211 1817 et
1231 1762 1454 1817 deorum
1483 1762 1606 1832 jura
1630 1756 1969 1828 reprobantis
1989 1754 2098 1809 lin-

518 1869 679 1924 guam
709 1870 998 1925 procacem
1031 1854 1317 1910 continere
1349 1869 1459 1909 non
1486 1849 1818 1924 possumus?

2208 585 2318 620 νων
2374 568 2576 638 ὁμοίως
2628 574 2694 642 τῇ
2756 574 3007 643 καρτερᾷ
3035 573 3146 626 τῶν
3171 572 3378 645 χειρῶν
3403 573 3658 645 ἐπιμονῇ,
3688 574 3808 628 καὶ.

2205 658 2420 728 γοήτων
2452 661 2746 733 ἁπόρρητα
2775 662 2855 733 τῷ
2890 662 3050 733 βάθει
3100 665 3470 735 καμπτόμενα
3520 665 3784 729 πολλάκις

2204 750 2565 820 ἀνερῤήξατε,
2600 754 2831 807 καὶτῶν
2864 756 3121 824 ἀθέσμως
3167 756 3669 811 ἀκολασταινόντων
3714 759 3784 812 τὰ

2205 839 2453 894 ὲνδόσθια
2477 843 2829 899 διεστείλατε.
2856 847 2967 899 Καὶ
2994 847 3181 909 ἀπλῶς
3196 864 3282 910 τις
3305 846 3447 901 οὕτω
3472 847 3786 912 δυσάλωτος

2204 932 2299 984 καί¹
2329 934 2542 1004 ἰταμῦς,
2570 934 2629 998 ὃς
2661 937 2801 1007 ᾤετο
2858 939 2990 1008 ὑμῖν
3024 939 3344 1010 ὲμπελάσας
3383 943 3451 1011 τῇ
3485 938 3580 993 τοῦ
3615 940 3783 994 θανά-

2203 1040 2298 1076 του
2328 1025 2718 1098 καθομολογία,
2757 1031 2850 1083 καὶ
2876 1033 3052 1101 ῥᾷστα
3094 1032 3192 1103 οὐχ
3229 1032 3509 1087 ὑπέπεσεν
3535 1049 3550 1098 ;
3582 1027 3628 1087 ὧ
3662 1035 3787 1104 ἐμοὶ

2207 1117 2560 1186 στρατιῶται,
2579 1121 2834 1184 ἀτάκτως
2855 1123 3045 1175 τοῦτον
3070 1121 3244 1186 οὕτως
3266 1123 3623 1194 ἐνυϐρίζοντα
3644 1125 3786 1176 κατὰ

2203 1206 2315 1260 τῶν
2344 1208 2770 1284 αὐτοκρατόρων
2801 1213 3045 1266 κωλῦσαι
3065 1214 3167 1267 οὐκ
3186 1215 3488 1283 ίσχύομεν;
3523 1212 3625 1267 κᾶν
3652 1212 3786 1280 γοῦν

2205 1298 2294 1353 διὰ
2321 1299 2413 1352 τὸν
2442 1302 2659 1370 γέλωτα
2685 1305 2779 1357 καὶ
2816 1305 2918 1375 τὴν
2961 1306 3246 1377 αἰσχύνην,
3283 1306 3374 1360 ἵνα
3419 1306 3480 1359 τὸ
3526 1305 3786 1375 φορτικὸν

2208 1392 2491 1462 σιωπήσω,
2527 1395 2810 1465 πείσωμεν
2852 1396 3048 1460 ἄλλους
3089 1398 3476 1468 ἀρνουμένους,
3517 1397 3595 1460 ὡς
3622 1397 3782 1467 ἔφην.

2206 1483 2302 1535 καὶ
2326 1485 2616 1549 παίζοντας
2638 1487 2729 1539 τὸν
2750 1486 3004 1553 θάνατον,
3030 1490 3125 1542 καὶ
3152 1490 3296 1558 μάλα
3318 1490 3379 1542 τὸ
3409 1490 3593 1543 θανεῖν
3610 1506 3784 1560 κατη-

2207 1572 2507 1645 πείξαμενο
2536 1577 2729 1631 τούτου
2780 1578 2838 1632 δὲ
2873 1579 3339 1649 ὲμπαροινοῦντος
3397 1582 3490 1634 καὶ
3522 1581 3646 1635 λίαν
3683 1583 3783 1634 tu-

2208 1666 2560 1735 φαυλίζοντος
2591 1669 2686 1721 καὶ
2714 1667 2957 1739 βασιλεῖς
2987 1672 3083 1725 καὶ
3105 1672 3328 1741 νόμους,
3368 1673 3464 1726 καὶ
3488 1673 3597 1726 τῶν
3631 1673 3786 1727 Θεῶν

2205 1758 2274 1899 ’ἑὰ
2305 1757 2511 1827 δίκαια,
2539 1758 2639 1830 τὴν
2667 1761 2766 1831 τῆς
2793 1761 3041 1834 γλώττης
3093 1765 3313 1834 ἐπέχειν
3349 1766 3684 1837 προπέτειαν
3720 1766 3783 1819 οὐ

2238 1847 2518 1901 υνάιιεθαε
2704 1886 2711 1895 ι

2238 1865 2518 1919 υναμευα;

594 1970 686 2027 XI.
719 1970 802 2026 Ad
849 1974 962 2027 haec
1011 1971 1171 2027 hilari
1205 1970 1356 2029 vultu
1389 1972 1580 2025 beatus
1622 1967 1940 2022 Vincentius
1973 1964 2099 2018 sub-

2282 1964 2382 2017 IA'.
2416 1965 2526 2018 Καὶ
2543 1964 2686 2019 πάνυ
2712 1966 2953 2039 φαιδρῶς
2974 1968 3309 2040 ὑπομειδιῶν
3330 1973 3358 2025 ὁ
3381 1971 3786 2044 τρισμακάριος

521 2064 727 2125 ridens,
753 2063 1034 2132 respondit
1054 2081 1067 2116 :
1090 2064 1201 2119 llac
1228 2062 1284 2117 in
1312 2076 1375 2118 re
1399 2061 1641 2117 divinum
1671 2060 1799 2116 illud
1819 2057 2098 2114 oraculum

521 2155 828 2225 impletur:
875 2155 1116 2209 Videntes
1149 2170 1254 2210 non
1297 2154 1498 2217 vident,
1554 2162 1605 2207 et
1667 2153 1941 2207 audientes
1997 2167 2100 2205 non

516 2247 812 2301 audiunt‘.
873 2246 1027 2301 Tunc
1082 2244 1326 2302 omnium
1380 2245 1663 2300 hominum
1724 2241 2101 2299 crudelissime

521 2347 776 2407 tyranne,
809 2336 962 2406 cogis
1003 2350 1090 2390 me
1140 2335 1291 2390 illum
1323 2336 1495 2390 Deum
1527 2350 1750 2406 negare,
1775 2349 1937 2403 quem
1981 2333 2102 2386 uni-

518 2445 801 2486 versarum
866 2444 1049 2483 rerum
1119 2427 1382 2498 Opiﬁcem
1441 2442 1507 2481 ac
1569 2425 1907 2480 Salvatorcm
1981 2438 2101 2479 esse

520 2519 734 2577 testor?
763 2517 919 2572 Hunc
940 2533 1040 2588 ego
1067 2533 1255 2572 verum
1288 2517 1457 2571 Deum
1482 2531 1604 2571 esse
1628 2513 1912 2569 confiteor.
1937 2512 2099 2582 Atqui

520 2612 715 2667 merito
771 2611 1107 2666 cruciatibus
1165 2608 1485 2664 afﬁciendus
1542 2622 1744 2681 essem,
1802 2606 1846 2660 si
1900 2621 2099 2660 vanum

518 2701 745 2773 aliquid,
778 2711 874 2756 aut
914 2701 1111 2756 falsum
1158 2702 1438 2766 dixissem,
1471 2700 1516 2754 si
1567 2700 1926 2769 imperatores
1970 2698 2102 2751 deos

516 2807 640 2848 esse
696 2791 1071 2847 aliirmassem.
1114 2791 1194 2845 'l'u
1239 2807 1368 2846 vero
1400 2789 1607 2844 diutius
1652 2804 1739 2842 me
1777 2788 1991 2843 crucies
2044 2788 2099 2841 in

519 2886 834 2958 huiusmodi
889 2884 1239 2941 confessione
1273 2891 1711 2954 permanentem,
1762 2896 1944 2950 neque
1977 2896 2102 2934 cru-

517 2978 797 3033 delitatem
852 2977 1010 3031 istam
1065 2990 1323 3030 exercere
1376 2984 1568 3030 contra
1623 2989 1707 3028 me
1736 2972 2104 3028 desinaszita

517 3068 664 3124 enim
691 3066 1133 3138 probatissimam
1153 3065 1592 3120 Christianorum
1616 3063 1900 3118 veritatem
1932 3063 2104 3132 inagis

515 3175 847 3232 cognoscere
882 3159 1107 3230 poteris,
1159 3157 1204 3212 si
1261 3167 1447 3212 tamen
1506 3171 1801 3227 parumper
1851 3155 2102 3225 impurus

517 3254 744 3322 spiritus
774 3268 802 3307 a
834 3261 885 3307 te
920 3252 1255 3309 discesserit.
1288 3252 1414 3307 Haec
1454 3268 1579 3307 cum
1627 3261 1851 3306 sanctus
1897 3259 2103 3320 martyr

516 3342 840 3400 Vincentius
871 3345 1098 3406 diceret.
1150 3353 1206 3399 et
1253 3344 1422 3413 judex
1472 3359 1532 3398 se
1591 3342 1803 3397 irrideri
1859 3326 2171 3412 putaret,C

517 3440 689 3508 magis
733 3438 1011 3506 magisque
1054 3437 1384 3500 insaniebat,
1420 3444 1532 3490 toto
1558 3446 1780 3506 pectore
1810 3436 2096 3502 anhelans,

517 3537 574 3582 et
604 3527 744 3582 collo
773 3527 1173 3590 intumescens,
1209 3537 1431 3596 totoque
1477 3527 1630 3581 vultu
1676 3526 2014 3593 immutatus,
2045 3535 2101 3582 et

518 3619 589 3673 ab
622 3620 796 3675 oculis
843 3619 1025 3675 radios
1056 3620 1229 3675 instar
1258 3620 1616 3675 scintillarum
1668 3618 1925 3674 emittens
1957 3637 1970 3672 :
2007 3618 2099 3688 qui

520 3712 741 3768 turbato
770 3722 993 3782 aspectu
1030 3712 1313 3783 sanguinis
1341 3714 1580 3767 colorem
1624 3726 1739 3781 pra:
1783 3726 1843 3766 se
1886 3711 2099 3766 ferente

519 3813 650 3859 tunc
670 3806 958 3870 aestuabat,
992 3821 1116 3859 cum
1142 3803 1427 3859 carnifices
1451 3806 1598 3875 ipsos
1619 3819 1727 3859 non
1755 3803 1932 3858 solum
1957 3818 2100 3858 mar-

518 3894 654 3967 tyris
682 3896 876 3961 latera,
909 3897 1003 3952 sed
1042 3905 1216 3951 totum
1257 3911 1459 3966 corpus
1485 3905 1538 3951 et
1567 3895 1847 3957 intestina,
1876 3909 2101 3964 compa-

517 4000 613 4054 ges
660 4002 876 4055 quoque
934 3986 1183 4055 corporis
1243 3996 1299 4041 et
1345 3986 1634 4056 iuncturas
1690 3985 1763 4039 ita
1803 3984 2102 4039 dilacerare

518 4081 752 4145 videret,
782 4090 842 4134 ut
875 4097 984 4135 non
1012 4081 1247 4150 amplius
1283 4089 1470 4150 posset
1499 4080 1786 4134 carnifices
1820 4094 2100 4146 accusare,

520 4173 661 4240 quod
694 4173 1028 4244 negligentes
1057 4172 1256 4228 forent.
1288 4173 1476 4241 Itaque
1502 4181 1725 4242 stupore
1745 4171 2105 4241 afﬁciebatur,

519 4248 667 4331 quad
719 4262 863 4315 illius
893 4261 1111 4317 athleta:
1139 4264 1388 4317 animum
1425 4263 1499 4317 ita
1546 4279 1801 4333 magnum
1834 4272 1891 4318 et
1923 4264 2106 4320 excel-

520 4370 639 4408 sam
674 4355 903 4410 videret.

2203 2056 2481 2120 Βικέντιος
2511 2058 2648 2130 πρὸς
2680 2059 2889 2125 τούτοις
2918 2057 3101 2115 εἶπεν·
3141 2063 3263 2117 Ἐπὶ
3291 2064 3504 2128 τούτοις
3543 2064 3785 2136 πληροῦ-

2201 2163 2290 2200 ται
2320 2148 2382 2200 τδ
2403 2150 2503 2220 τῆς
2556 2149 2708 2214 θείας
2738 2151 2962 2223 Γραφῆς
2991 2154 3194 2221 λόγιον,
3228 2154 3310 2219 τὸ,
3333 2156 3677 2221 Βλέποντες
3711 2159 3785 2211 οὐ

2197 2240 2283 2309 μὴ
2315 2240 2507 2304 ἴδωσι,
2538 2244 2638 2298 καὶ
2660 2245 2992 2312 ἀκούοντες
3029 2249 3101 2301 οὐ
3127 2247 3216 2317 μὴ
3239 2250 3573 2314 ἀκούσωσι,
3607 2243 3653 2303 ὧ
3675 2266 3784 2302 πα-

2202 2331 2383 2385 νάθλιε
2430 2335 2526 2387 καὶ
2580 2335 2799 2389 πάντων
2851 2337 3156 2407 ἀνθρώπιον
3215 2338 3469 2408 ὠμότατε
3523 2339 3780 2409 τύραννε.

2201 2423 2335 2479 Θεὸν
2397 2425 2491 2478 τὸν
2513 2426 2734 2480 πάντων
2761 2428 3020 2498 Ποιητὴν,
3043 2429 3137 2481 καὶ
3166 2430 3395 2500 Σωτῆρα
3413 2430 3507 2482 καὶ
3534 2430 3660 2483 Υίὸν
3688 2447 3789 2500 μο-

2201 2519 2398 2585 νογενῆ
2429 2517 2525 2570 τοῦ
2556 2517 2676 2582 ὲνδς
2714 2518 2945 2589 ὑψίστου
2970 2520 3108 2573 Θεοῦ
3145 2521 3241 2573 καὶ
3290 2522 3524 2592 Πατρὸς,
3548 2523 3639 2575 τὸν
3674 2522 3790 2575 Κύ-

2204 2626 2321 2678 ριον
2350 2610 2513 2679 ἡμῶν
2561 2610 2768 2681 Ἰησοῦν
2790 2611 3051 2680 Χριστὸν,
3079 2614 3170 2664 καὶ
3188 2611 3248 2665 τὸ
3269 2612 3495 2681 Πνεῦμα
3522 2613 3581 2666 τὸ
3604 2612 3787 2682 ἅγιον,

2191 2702 2264 2752 ’τὸ
2302 2701 2441 2769 μετά
2476 2701 2691 2772 Πατρὸς
2719 2702 2813 2755 καὶ
2865 2702 2993 2756 Υἱοῦ
3047 2703 3340 2773 σεϐόμενόν
3374 2721 3434 2756 τε
3488 2705 3583 2758 καὶ
3614 2722 3789 2776 προσ-

2202 2794 2538 2862 κυνούμενον
2576 2795 2954 2865 μαρτύρομαι,
2992 2797 3087 2849 καὶ
3132 2797 3466 2865 ἀναγκάζεις
3503 2814 3570 2868 με
3612 2799 3787 2870 ἀρνή-

2203 2883 2401 2938 σασθαι
2458 2885 2650 2939 τοῦτον
2701 2888 2873 2957 ὅνπερ
2925 2887 3101 2959 ἀληθῆ
3132 2889 3469 2958 τυγχάνοντα
3500 2890 3783 2958 όμολογῶς

2201 2975 2508 3045 τηνικαῦτα
2566 2976 2676 3047 γὰρ
2733 2979 2902 3051 ἐχρῆν
2935 2996 2995 3032 σε
3047 2981 3474 3052 τιμωρήσασθαί
3524 2999 3593 3051 με
3624 2984 3786 3054 εἴπερ

2202 3068 2529 3140 ἐψευδόμην,
2565 3072 2615 3123 εἰ
2640 3069 2799 3155 θεοὺς
2825 3067 2966 3124 εἶναι
3006 3071 3195 3140 ἔλεγον
3240 3071 3369 3135 τοὺς
3413 3070 3651 3143 βασιλεῖς
3688 3089 3784 3127 σου

2204 3162 2299 3213 καὶ
2321 3162 2756 3236 αὐτοκράτορας.
2801 3162 2963 3217 Ἀλλὰ
3003 3164 3114 3235 γὰρ
3153 3164 3387 3218 ἐπιπολὺ
3423 3165 3679 3235 στρέϐλου
3712 3183 3781 3235 με

2203 3255 2268 3323 τῇ
2301 3254 2561 3326 ὁμολογίᾳ
2612 3255 2787 3328 ταύτῃ
2847 3256 3176 3327 ἐμμένοντα,
3206 3256 3302 3311 καὶ
3349 3257 3425 3329 μὴ
3468 3257 3654 3328 παύσῃ
3682 3258 3783 3325 τῆς

2205 3343 2326 3398 κατ’
2359 3344 2494 3414 ἐμοῦ
2522 3345 2826 3416 ὠμότητος,
2858 3347 2907 3399 εί
2952 3345 3062 3417 ἄρα
3099 3347 3192 3400 καῖ.
3225 3345 3369 3400 οὕτω
3385 3346 3484 3418 τὴν
3508 3348 3618 3400 τῶν
3645 3347 3786 3417 Χρι-

2207 3434 2439 3490 στιανῶν
2489 3436 2870 3507 δοκιμωτάτην
2909 3437 3168 3507 ἀλήθειαν
3219 3438 3424 3512 δυνήσῃ
3467 3439 3786 3510 ἐπιγνῶναι,

2207 3526 2644 3597 ὑπολογήσαντος
2685 3527 2880 3599 μικρὸν
2923 3527 3020 3581 τοῦ
3051 3530 3108 3581 ὲν
3144 3530 3228 3582 σοὶ
3257 3530 3609 3601 ἐνεργοῦντος
3644 3530 3789 3582 ἀκα-

2206 3620 2411 3687 θάρτου
2445 3620 2779 3686 πνεύματος.
2805 3619 2994 3675 Ταῦτα
3042 3620 3134 3674 τοῦ
3186 3622 3342 3688 ἁγίου
3378 3621 3648 3690 λέγοντος,
3682 3638 3791 3692 μα-

2208 3713 2567 3784 νιωδέστερος
2620 3710 3030 3782 ἐπιγελώμενος
3068 3715 3096 3766 ὁ
3137 3713 3383 3774 διάϐολος
3421 3713 3684 3784 κατέστη,
3708 3713 3794 3784 τῷ

2205 3823 2266 3860 τε
2299 3807 2486 3875 στήθει
2521 3806 2914 3872 ἐπασθμαίνων
2936 3806 3030 3859 καὶ
3060 3805 3152 3858 τὸν
3186 3806 3391 3875 αὐχένα
3443 3806 3788 3869 ἀνοιδαίνων,

2206 3899 2302 3952 καὶ
2328 3899 2512 3951 πᾶσαν
2543 3884 2734 3960 ἅπλῶς
2763 3896 2864 3967 τὴν
2916 3896 3039 3966 ὄψιν
3080 3895 3175 3949 τοῦ
3217 3895 3559 3966 ἀνθρωπείου
3588 3896 3793 3965 μεταλ-

2213 3990 2403 4057 λαγεὶς
2437 3988 2810 4060 χαρακτῆρος,
2857 3989 3027 4059 μόνην
3056 3987 3155 4059 τὴν
3178 3988 3286 4042 τῶν
3307 3987 3604 4057 ὀφθαλμῶν
3636 4005 3794 4042 καιο-

2211 4082 2378 4152 μένην
2404 4080 2565 4152 βολὴν
2587 4080 3048 4150 πεφαρμαγμένῳ
3077 4082 3170 4132 καὶ
3194 4077 3506 4150 φθοροποιῷ
3529 4078 3607 4149 τῷ
3625 4076 3795 4148 βλέμ-

2211 4187 2341 4241 ματι
2371 4170 2668 4239 ἐπεπήγει,
2708 4170 3024 4239 καταρρέον
3055 4168 3199 4239 ὁρῶν
3223 4169 3282 4222 τὸ
3311 4166 3474 4240 αἷμα,
3512 4171 3588 4239 μὴ
3629 4169 3796 4239 μόνον

2206 4263 2316 4316 τῶν
2347 4261 2625 4332 πλευρῶν,
2663 4261 2802 4314 ἀλλὰ
2829 4263 2939 4331 γὰρ
2961 4261 3062 4331 ἥδη
3096 4262 3190 4314 καὶ
3221 4262 3428 4325 παντὸς
3462 4261 3556 4313 τοῦ
3599 4258 3793 4330 σώμα-

2208 4374 2298 4417 τος
2322 4354 2419 4407 τοῦ
2453 4353 2666 4416 λοιποῦ,
2704 4354 2800 4407 καὶ
2841 4354 2953 4407 τῶν
3005 4353 3256 4422 ἑγκάτων
3290 4353 3348 4406 δὲ
3383 4353 3451 4407 τὰ
3494 4352 3795 4424 ὲνδομύχια

520 4445 668 4515 ἐώρα
705 4444 1063 4513 διηνοιγμένα
1130 4445 1195 4514 τῇ
1248 4443 1373 4496 τῶν»
1411 4446 1870 4517 στρεόὶωτηρὶων
1903 4447 2141 4519 ἀνάγκη,
2213 4445 2316 4508 τάς
2374 4462 2426 4497 τι
2464 4441 2677 4509 ζεύξεις
2725 4444 2820 4496 καὶ
2862 4442 3131 4513 ἁρμονίας
3186 4442 3279 4498 τοῦ
3343 4444 3543 4506 παντὸς
3603 4441 3797 4513 σώμα-

521 4555 610 4599 τος
669 4537 883 4607 βλέπων
938 4535 1368 4606 διηνοιγμένας;
1437 4541 1495 4590 ἐν
1542 4538 1722 4591 οὐδενὶ
1778 4536 1965 4590 λοιπὸν
2038 4533 2185 4607 εἶχεν
2262 4534 2535 4608 ῥᾳθυμίας
2608 4534 3045 4603 καταγινώσκειν
3084 4533 3197 4588 τῶν
3262 4533 3505 4604 δημίων·
3561 4534 3796 4604 ὑπερεξ-

521 4633 818 4703 επλήττετο
849 4633 958 4703 γὰρ
1007 4631 1066 4685 τὸ
1124 4630 1500 4702 μεγαλόψυχον
1554 4631 1698 4702 ὁρῶν
1750 4629 1845 4684 τοῦ
1888 4630 2220 4700 ἀγωνιστοῦ.

594 4755 709 4809 XII.
754 4754 888 4809 Cum
925 4768 1058 4809 vero
1093 4754 1327 4809 acerbus
1370 4763 1534 4827 atque
1591 4754 1816 4809 immitis
1878 4754 1968 4808 ille
2029 4763 2104 4825 ty-

2288 4756 2386 4808 IB'.
2424 4755 2557 4807 Ὅτε
2600 4751 2655 4805 δὲ
2676 4751 2823 4805 οὕτω
2862 4750 3076 4820 πικρῶς
3128 4751 3223 4804 καὶ
3264 4750 3491 4815 ἀνίλεως
3530 4751 3793 4823 ὑπάρχων

522 4861 728 4904 raanus
762 4861 791 4899 a
824 4854 1059 4916 martyre
1091 4860 1153 4899 se
1201 4846 1406 4899 victum
1453 4853 1828 4912 cognosceret,
1881 4845 2107 4915 pestifer

524 4941 688 4996 homo
731 4938 837 4993 alia
867 4938 1103 5008 quadam
1137 4937 1224 4991 via
1274 4935 1618 4991 Vincentium
1663 4952 1951 5008 aggressus
1999 4947 2103 5004 est,

523 5034 755 5087 credens
790 5030 907 5086 ﬁeri
934 5044 1118 5101 posse,
1152 5039 1212 5084 ut
1233 5029 1605 5086 misericordia
1634 5042 1692 5086 et
1720 5032 1968 5097 lenitate,
1999 5031 2104 5088 viri

520 5121 653 5193 justi
676 5130 917 5178 mentem
944 5135 1010 5174 ac
1036 5119 1374 5185 voluntatem
1400 5121 1664 5178 alliceret.
1685 5121 1881 5179 Aiebat
1906 5124 2099 5194 igitur:

528 5215 804 5277 Miserere,
841 5211 1117 5278 Vincenti,
1167 5213 1473 5281 iuventutis
1510 5224 1637 5278 ture.
1692 5232 1873 5286 neque
1927 5217 2106 5274 aztatis

526 5306 715 5361 ﬂorem
745 5306 801 5359 in
825 5305 1015 5376 primis
1041 5306 1202 5360 annis
1236 5306 1457 5377 decerpi
1484 5307 1733 5377 patiaris,
1777 5319 1937 5377 atque
1980 5308 2103 5362 lou-

527 5398 694 5467 gioris
739 5398 864 5452 vitae
911 5399 1144 5466 spatium
1197 5413 1267 5451 nc
1319 5398 1414 5452 tibi
1466 5399 1752 5469 praecidas.
1801 5398 1970 5453 Parce
2005 5400 2103 5454 tibi

528 5490 649 5559 ipsi.
693 5489 774 5546 Ne
814 5491 1144 5558 committas,
1177 5502 1236 5545 ut
1283 5492 1527 5546 cruciatu
1575 5491 1781 5557 majore
1826 5491 2102 5546 lacereris.

528 5579 731 5637 Saltem
781 5597 907 5637 sero
940 5583 1141 5652 sapias,
1178 5594 1233 5638 et
1267 5583 1555 5653 resipiscas
1601 5583 1841 5651 tandem,
1882 5597 1952 5637 ne
1988 5582 2107 5637 reli-

605 5757 621 5785 ‘
652 5756 840 5813 Matth.
874 5774 993 5820 xm,
1027 5757 1113 5813 15.

2211 4847 2578 4918 ἀπηλέγχετο,
2611 4844 2815 4913 ἑτέρως
2848 4842 3086 4906 οξοσόλος
3122 4842 3354 4915 προσῄει
3400 4842 3480 4915 τῷ
3526 4842 3790 4917 μάρτυρι.

2209 4940 2457 5008 οἰόμενος
2505 4935 2677 5006 οἴκτῳ
2722 4933 2994 5006 ὑποσύραι
3039 4933 3134 4987 τοῦ
3163 4934 3373 4989 δικαίου
3401 4936 3461 4989 τὺ
3496 4935 3790 5007 φρόνημα·

2221 5030 2478 5101 Ἐλέησον
2505 5026 2634 5098 γὰρ,
2687 5025 2948 5095 ἔφασκεν,
2992 5026 3206 5089 ἑαυτὸν,
3237 5021 3283 5081 ὦ
3308 5027 3553 5081 Βικιίντιι
3573 5041 3587 5055 ·
3616 5027 3693 5100 μὴ
3729 5027 3796 5084 to

2212 5123 2373 5185 ἄνθος
2394 5121 2493 5185 τῆς
2521 5120 2748 5190 ἐαρινῆς
2784 5135 2879 5172 σου
2906 5119 3002 5172 καὶ
3052 5118 3357 5188 δροσώδους
3403 5119 3619 5191 ἡλικίας
3649 5122 3793 5174 ἀπο-

2211 5216 2396 5289 λέσῃς,
2429 5214 2507 5266 ἔτι
2532 5214 2599 5266 τά
2624 5212 2819 5284 πρῶτα
2852 5212 2976 5285 τοῖς
3013 5208 3160 5263 ἔτεσι
3191 5211 3287 5280 τῆς
3314 5212 3565 5281 νεότητος
3594 5212 3795 5283 δρεπο-

2215 5305 2513 5379 μένης,’μὴ
2532 5305 2594 5357 τὸ
2637 5302 2940 5374 μακρόόιόν
2969 5318 3063 5354 σου
3087 5303 3185 5371 τῆς
3214 5302 3641 5376 ζωῆςνὲκκόᾌς.
3666 5308 3797 5360 Φεί..

2215 5417 2304 5452 σαι
2339 5397 2538 5451 σαυτοῦ
2566 5399 2684 5458 ταῖς
2712 5394 2919 5456 αἰκίαις
2971 5391 3115 5447 οὕτω
3160 5397 3793 5467 κατασπαραττὼμενος,

2214 5492 2308 5545 καὶ
2340 5489 2443 5543 κᾶν
2471 5487 2602 5556 γοῦν
2634 5486 2735 5556 όψέ
2773 5501 2906 5539 ποτε
2929 5483 2999 5537 τὰ
3028 5483 3195 5537 λοιπὰ
3229 5485 3338 5539 τῶν
3383 5486 3638 5557 βασάνων
3660 5489 3793 5560 κέρ-

2212 5583 2395 5653 δησον.
2438 5582 2545 5634 Καὶ
2576 5581 2603 5633 ό
2636 5578 2788 5649 ἅγιος
2849 5574 2927 5648 τῷ
2979 5575 3121 5647 ἁγίῳ
3169 5577 3452 5651 Πνεύματι
3499 5583 3590 5636 τὸν
3640 5581 3794 5635 δόλον
