4116 6442
408 357 518 426 ’ἴίὸ

1681 357 1861 421 νΙΤΑ
1894 357 1957 419 S.
1992 354 2406 421 VINCENTII.

3557 350 3666 413 746

413 472 864 547 προαισθόμενος,
896 474 992 529 καὶ
1033 480 1132 549 τῆς
1166 476 1380 550 ἀπάτης
1427 472 1650 546 θεωρῶν
1687 473 1748 527 τδ
1773 471 1988 543 δέλεαρ,

2104 486 2203 541 qua
2261 455 2554 525 tormenta.
2583 464 2826 538 patiaris.
2880 463 3015 523 Cum
3069 462 3188 520 haec
3227 442 3391 533 judex
3434 461 3683 531 dixisset,

410 564 626 629 τούτοις
671 567 785 630 τοῖς
814 564 991 636 λόγοις
1024 568 1299 640 ἐχρήσατο
1330 568 1466 641 πρὸς
1506 566 1598 621 τὸν
1630 565 1850 638 ,ἐχθρόν
1873 581 1886 594 ·
1921 561 1996 620 Ὦ

410 657 638 730 άληθῶς
667 656 886 726 γλῶσσα
922 659 1017 713 τοῦ
1068 658 1319 714 διαὸὀλου
1377 660 1683 731 ἀκάθαρτε,
1706 658 1759 712 τί
1790 659 1893 713 οὐκ
1931 658 1998 738 ἂν

412 750 533 805 κατ’
567 749 704 819 ἐμοῦ
733 751 985 826 κυκήσῃς
1016 752 1413 825 μηχανώμενος
1440 770 1455 817 ;
1485 753 1644 806 ὁπότε
1675 751 1765 807 τὸν
1792 752 1997 825 Κύριον

410 843 571 917 ἡμῶν
607 845 705 898 καὶ
735 843 868 898 Θεὸν
916 850 1178 917 πειρᾶσαι
1214 847 1527 920 ἠϐουλήθης
1560 860 1573 879 ⁸
1613 845 1735 901 οὐδὲ
1762 845 1850 901 διὰ
1900 845 1999 909 τὰς

410 936 688 1008 τιμωρίας
717 935 784 1001 ἃς
847 939 1135 1010 ἐπιφέρειν
1180 948 1273 1012 μοι
1323 939 1696 1011 χαλεπαίνεις,
1744 936 1905 992 τοῦτο
1942 937 2007 991 δὲ’

415 1024 619 1100 μᾶλλον
656 1033 899 1084 πτοείται
933 1033 1026 1085 καὶ
1085 1033 1334 1101 φοϐεῖται
1390 1032 1783 1105 δεδιττόμενον,
1835 1030 2002 1101 ἡνίκα

420 1122 634 1193 πλάττῃ
690 1123 812 1175 κατ’
848 1116 984 1193 ἐμοῦ
1047 1124 1468 1199 προτεινόμενος
1520 1122 1721 1178 ἔλαιον.
1767 1123 1875 1175 Καὶ
1920 1124 2000 1186 εἰς

412 1215 517 1286 ἐμὲ
584 1214 969 1286 κραταιούσοω
1017 1216 1245 1271 παντοία.
1287 1234 1382 1269 σου
1432 1216 1674 1282 κόλασις,
1728 1216 1823 1270 καὶ
1869 1215 1998 1269 εἴτι

416 1308 481 1363 δέ
513 1325 608 1362 σου
636 1309 759 1372 ταῖς
806 1308 1118 1380 στρατείαις
1170 1308 1266 1363 καὶ
1297 1309 1649 1379 κακοτέχνοις
1703 1309 2000 1378 δυνάμεσιν

414 1398 770 1469 ἐφευρίσκειν
811 1398 1109 1464 πέποιθας,
1152 1400 1522 1472 προσκόμισον
1564 1389 1868 1472 ἀνερευνῶν
1912 1399 1999 1454 διὰ

417 1491 515 1560 τῆς
547 1491 1034 1561 πεφαρμαγμένης
1081 1509 1175 1545 σου
1212 1492 1462 1564 πικρίας,
1492 1491 1753 1567 δοκίμαζε
1786 1491 1885 1565 τὴν
1917 1494 1999 1547 ίσ-

414 1578 515 1651 χύν
542 1595 600 1632 τε
637 1579 731 1633 καὶ
756 1579 940 1633 πίστιν
979 1581 1087 1634 τῶν
1125 1582 1473 1654 Χριστιανῶν
1507 1583 1762 1650 καθόλου,
1807 1585 1883 1656 μὴ
1932 1586 1997 1639 σύ

418 1688 479 1738 γε
499 1668 664 1742 φείσῃ
682 1669 954 1741 αἰκισμῶν
978 1674 1072 1727 καὶ
1101 1672 1397 1740 κολάσεων,
1432 1673 1677 1745 σιδήρου,
1703 1674 1868 1743 λέγω,
1906 1675 2001 1728 κα)⁸

418 1763 607 1832 πυρὸς,
664 1762 1023 1834 κατατέμνων
1079 1765 1173 1819 καὶ
1240 1766 1643 1838 κατεμπιπρῶν
1670 1783 1682 1795 ·
1715 1767 1858 1829 οὓτω
1888 1767 1998 1838 γὰρ

415 1854 505 1907 διὰ
565 1853 780 1907 πάντων
847 1856 948 1927 τὴν
1013 1849 1184 1929 ἧτταν
1246 1858 1603 1929 ὁμολογήσεις
1645 1860 2000 1931 καταισχυνὸ-
2037 1840 2074 1893 θ

420 1960 603 2011 μενος.

486 2035 583 2088 ll".
628 2035 926 2106 Πριόμενος
959 2036 1014 2090 δὲ
1044 2040 1167 2102 ταῖς
1198 2038 1390 2110 ὀργαῖς
1424 2040 1567 2113 πρὸς
1601 2041 1813 2105 τούτοις
1842 2043 1870 2096 ὁ
1898 2046 1999 2097 Δα-

413 2126 618 2190 τιανὺς,
655 2129 747 2180 καὶ
776 2129 837 2181 τὸ
870 2128 1072 2203 ὄνειδος
1103 2122 1180 2201 μὴ
1198 2131 1386 2202 φέρων
1416 2132 1848 2200 ἐπεμϐαίνοντος
1876 2136 1999 2189 κατ’

414 2217 583 2271 αὖτοῦ
617 2219 707 2272 τοῦ
740 2220 1069 2289 ἀγωνωτοῦ,
1096 2221 1247 2292 λέγει
1276 2224 1411 2295 πρὸς
1444 2224 1543 2295 τὴν
1574 2225 1730 2293 τάξιν
1757 2243 1771 2257 °
1807 2229 1999 2297 Διαγέ·

415 2308 529 2363 σθω
566 2305 816 2365 ἐντεῦθεν
851 2315 943 2366 ἐπὶ
987 2318 1087 2387 τὴν
1121 2316 1263 2370 κατὰ
1296 2317 1458 2388 νόμον
1506 2317 1753 2385 ἐξέτασίν
1799 2336 1859 2371 τε
1906 2321 1999 2373 καὶ

415 2402 702 2474 ἀνάγκηνο
737 2403 1119 2475 δοκιμαζέσθω
1169 2410 1289 2460 κατ’
1330 2409 1518 2475 αὑτοῦ,
1576 2411 1670 2463 καὶ
1719 2411 1999 2480 ἀνιχνευέ-

418 2494 637 2549 σθωσαν
676 2496 850 2552 πᾶσαι
881 2499 938 2569 αί
971 2498 1081 2552 τῶν
1115 2501 1582 2572 ἀπηγορευμένων
1635 2499 1891 2574 πράξεων
1914 2522 1996 2557 τι-

421 2587 650 2656 μωρίαι,
678 2589 1066 2660 πατροφονέων
1089 2606 1148 2642 τε
1183 2590 1276 2644 καὶ
1304 2591 1695 2663 ἀνδροκτόνων,
1719 2594 1885 2665 φημὶ,
1904 2596 2001 2651 καὶ

415 2678 623 2733 λοιπῶν
678 2667 1005 2736 καταδίκων
1045 2683 1365 2738 κολαστικὸν
1426 2686 1749 2757 μηχάνημα.
1786 2689 1847 2742 Εἰ
1886 2688 1999 2760 γὰρ

418 2771 513 2824 καὶ
540 2772 569 2823 ὀ
601 2772 859 2842 λογισμὸς
892 2777 1249 2846 ἐγκαρτερεῖν
1279 2778 1391 2840 τοῖς
1422 2777 1614 2841 δεινοῖς
1647 2778 1878 2832 ἐπιπολῦ
1903 2780 1997 2833 δυ-

419 2861 676 2931 νήσηται,
704 2862 838 2917 ἀλλὰ
861 2865 966 2920 κᾶν
994 2865 1125 2935 γοῦν
1153 2867 1223 2921 τὰ
1271 2868 1406 2939 μέλη
1449 2854 1586 2933 ταῖς.
1618 2867 1873 2940 βασάνοις
1910 2873 1999 2926 ὲν-

417 2951 725 3005 απολέσθω
756 2954 852 3006 καὶ
879 2955 988 3025 γάρ
1008 2957 1066 3008 ἐν
1090 2958 1201 3029 ὅσῳ
1225 2950 1383 3021 οὗτος
1404 2960 1513 3021 τοῖς
1540 2957 1673 3021 ζῶσι
1697 2960 1996 3030 περίεστιν,

417 3042 520 3115 ἐμὲ
550 3045 651 3116 τῆς
674 3046 833 3118 νίκης
876 3048 1139 3103 ἀδύνατον
1186 3050 1602 3116 ἐπιτεύξασθαι.
1646 3050 1707 3105 '0
1736 3053 1796 3107 δὲ
1832 3053 2000 3125 ἀθλη-

416 3135 516 3207 τὴς
548 3138 784 3209 ἀπονητὶ
808 3142 1325 3213 καταστρεφόμενος
1362 3143 1454 3196 τὸν
1478 3143 1794 3207 ἀντίπαλον,
1819 3145 1997 3199 τοιού-

411 3244 528 3291 τοις
558 3230 925 3301 ἀγαλλόμενος
960 3230 1091 3286 ἐϐόα
1142 3236 1255 3297 τοῖς
1300 3235 1540 3305 ῥήμασιν
1561 3254 1573 3267 ι
1610 3236 1674 3288 Ὢ
1706 3237 1808 3307 τῆς
1853 3236 1993 3308 ἐμῆς

418 3322 827 3392 μακαριότητος
856 3323 1075 3395 ἀληθῶς
1105 3327 1199 3379 καὶ
1225 3327 1538 3397 ἀφροσύνης
1565 3328 1577 3381 l
1611 3329 1666 3381 ai
1699 3329 1806 3399 γὰρ
1845 3325 1998 3400 παρὰ

418 3411 515 3464 σού
548 3429 664 3483 μοι,
695 3413 931 3481 διάδολε,
964 3416 1210 3480 ἀπειλαὶ,
1238 3418 1998 3490 πληρεστατοιτυγχάνουσιν

415 3504 652 3570 ἔπαινοι,
677 3506 832 3578 καὶ-ἠ
861 3509 1192 3580 τραχυτέρα,
1212 3509 1286 3572 ὡς
1310 3511 1432 3577 οἴει,
1463 3511 1798 3583 κατάπληξις
1826 3529 2000 3566 σεσω-

418 3596 662 3667 ρευμένη
698 3598 825 3662 δόξα
852 3600 1090 3672 ὑπάρχει
1116 3617 1128 3629 ⁶
1164 3604 1220 3654 ὲν
1249 3595 1292 3668 ᾧ
1316 3601 1374 3653 δὲ
1416 3601 1660 3672 νομίζεις
1693 3603 1999 3675 βαρύτατον

416 3689 755 3758 ἐργίξεσθαι,
792 3691 950 3744 τοῦτο
976 3692 1177 3759 μᾶλλον
1217 3684 1378 3764 ἀρκεῖ
1404 3711 1469 3764 με
1493 3696 1559 3751 τὰ
1584 3694 1834 3765 βέλτιστα
1852 3695 1999 3766 ὠφε-

414 3775 546 3830 λεῖν.
577 3778 686 3830 Καὶ
713 3780 742 3832 ὁ
767 3781 1029 3846 Δατιανὸς
1054 3783 1362 3854 ὑπερζέσας
1383 3786 1501 3851 ταῖς
1521 3785 1761 3854 μανίαις,
1795 3787 2000 3851 εὐθέως

426 3870 752 3935 προστάττει
809 3874 1042 3945 σταυρὸν
1092 3875 1504 3945 καταλλαγῆναι,
1541 3877 1636 3930 καὶ
1677 3878 1795 3931 ἐκεῖ
1828 3895 1999 3949 προσ-

431 3958 699 4027 ηλωθέντκ
720 3965 942 4037 ἀκινητὶ
976 3967 1284 4037 καταμέλο;
1317 3968 1645 4032 αἰκίζεσθαι.
1680 3971 1790 4024 Καὶ
1820 3970 1884 4041 δὴ
1933 3971 2000 4025 τὰ

432 4057 869 4125 προσταττόμενα
898 4056 1176 4123 ὲξετέλουν
1210 4059 1258 4112 οἱ
1285 4059 1379 4112 τοῦ
1414 4060 1659 4114 διαϐόλου
1698 4062 1996 4134 ὑπηρέται·

424 4145 514 4196 καὶ
537 4146 805 4214 παγέντος
833 4149 929 4202 τοῦ
953 4150 1189 4220 σταυροῦ
1216 4152 1538 4224 ἀνήρπασαν
1557 4153 1719 4209 αὐτὸν
1742 4157 1800 4208 ὲν
1826 4155 1997 4226 αὐτῷ,

418 4236 676 4292 πάλινοδὲ
707 4241 803 4293 σὺν
835 4241 1017 4313 πολλῷ
1047 4241 1299 4315 τῷτάχει
1331 4246 1683 4317 κατήνεγκαν
1706 4247 1869 4301 αὑτὸν
1893 4248 2000 4301 ἀπὸ

414 4329 512 4381 τοῦ
548 4328 729 4395 ξύλου.
770 4332 857 4397 Ὠς
882 4334 938 4387 δὲ
973 4334 1080 4388 τῶν
1104 4335 1319 4406 δεσμῶν
1346 4338 1612 4409 ἀπελύθη,
1638 4341 1731 4393 καὶ
1751 4340 1882 4411 ἔστη
1908 4341 2000 4394 ὲπὶ

414 4420 514 4474 τοῦ
549 4422 780 4490 ἐδάφους
805 4428 833 4479 ὁ
864 4426 1042 4492 ἅγιος,
1073 4428 1323 4501 ἐνεργείᾳ
1351 4428 1448 4483 τοῦ
1495 4431 1652 4500 ἁγίου
1681 4432 2001 4502 Πνεύματος

2102 560 2452 615 beatissimus
2508 569 2713 630 martyr
2763 556 3109 622 Vincentius,
3171 571 3200 610 a
3250 554 3463 627 Spiritu
3491 565 3683 623 sancto

2102 642 2362 731 edoctus,
2387 650 2541 731 dolos
2573 648 2907 719 praesensit:
2940 639 3123 718 itaque
3183 647 3269 703 his
3319 638 3502 704 verbis
3551 664 3686 704 usus

2103 728 2397 815 estaliud"
2423 728 2717 809 displicent
2751 738 2883 799 mihi
2936 739 3234 805 cruciatus,
3290 755 3430 810 quos
3485 739 3686 796 afferre
3785 788 3789 792 .

2104 826 2291 889 Studes
2310 830 2334 888 ἰ
2373 831 2469 887 sed
2503 827 2635 892 illud
2662 822 2747 885 me
2775 832 3175 902 'pcrterrefacit,
3199 833 3346 902 quod
3376 833 3687 890 misericor-

2104 921 2207 977 dia:
2238 923 2404 987 verba
2424 934 2483 978 te
2512 914 2861 981 simulantem
2909 921 3093 976 audio.
3143 921 3513 979 Exerceamur
3555 938 3685 995 ergo

2103 1025 2294 1071 contra
2318 1030 2405 1071 me
2432 1022 2706 1070 tormenta
2723 1013 2928 1080 omnia;
2956 1000 3010 1069 et
3028 1010 3359 1086 multiplices
3384 999 3683 1080 cruciatus,

2104 1106 2456 1179 quantumvis
2488 1121 2696 1178 graves,
2730 1105 3054 1171 afferentur,
3083 1120 3147 1162 ac
3170 1106 3216 1161 si
3247 1106 3376 1177 quid
3403 1108 3685 1178 prodigio-

2104 1200 2177 1255 sis
2209 1208 2264 1255 et
2290 1199 2547 1255 maleﬁcis
2568 1199 2778 1265 viribus
2807 1199 2915 1255 tuis
2936 1199 3195 1262 conﬁsus,
3224 1199 3473 1255 invenire
3495 1208 3687 1256 contra

2106 1309 2192 1347 me
2216 1291 2440 1364 poteris,
2467 1307 2537 1347 ne
2573 1292 2806 1348 desistas
2833 1292 3147 1364 pestiferam
3184 1293 3344 1347 istam
3375 1292 3689 1347 immanita-

2107 1394 2212 1440 tem
2243 1393 2388 1440 tuam
2439 1385 2493 1439 in
2543 1399 2630 1439 me
2660 1384 2886 1440 inferre.
2937 1368 3201 1455 Experire
3249 1383 3689 1441 Christianorum

2105 1476 2249 1532 vires
2280 1490 2296 1530 :
2327 1490 2507 1546 neque
2547 1475 2825 1532 abstineas
2852 1492 2883 1531 a
2913 1477 3236 1547 verberibus
3274 1487 3330 1532 et
3379 1474 3687 1538 tormentis.

2102 1587 2214 1626 non
2247 1586 2277 1626 a
2307 1570 2474 1638 ferro,
2508 1570 2633 1643 igne
2665 1580 2826 1641 atque
2858 1569 3113 1631 incendio
3144 1587 3160 1626 :
3192 1572 3272 1628 sic
3301 1572 3446 1626 enim
3484 1573 3540 1626 in
3568 1586 3690 1627 om-

2104 1664 2266 1719 nibus
2317 1661 2407 1718 his
2459 1671 2513 1718 te
2581 1663 2787 1719 victum
2842 1663 3103 1731 fatebere,
3162 1650 3440 1735 magisque
3495 1665 3690 1719 erube-

2104 1770 2238 1809 SCE‘S.

2123 2014 2131 2021 ’
2175 2024 2314 2079 ΧΠΙ.
2358 2026 2493 2080 Cum
2523 2027 2640 2082 haec
2666 2028 2895 2082 audiens
2920 2027 3185 2083 Datianus
3214 2029 3369 2082 vaule
3410 2029 3685 2083 cruciare-

2105 2125 2212 2180 tur,
2243 2129 2296 2174 et
2321 2118 2539 2174 athleta:
2561 2119 2703 2174 illius
2733 2102 3097 2176 constantiam
3148 2101 3250 2176 sibi
3289 2120 3540 2176 dedecori
3567 2137 3689 2176 esse

2103 2226 2212 2265 non
2249 2221 2551 2282 pateretur,
2593 2213 2805 2269 cohorti
2833 2213 2949 2268 haec
2976 2214 3140 2285 jussit
3175 2230 3192 2268 :
3224 2214 3462 2270 Ducatur
3490 2214 3590 2270 iste
3618 2218 3688 2270 ad

2098 2302 2368 2372 judicium
2399 2312 2455 2359 et
2494 2305 2672 2377 legum
2714 2321 2967 2371 examen,
3003 2316 3059 2361 et
3088 2307 3176 2361 his
3219 2309 3420 2377 pmnis,
3448 2322 3513 2362 ac
3556 2323 3690 2378 sup—

2102 2394 2279 2465 pliciis
2342 2396 2687 2467 subjiciatur,
2733 2398 2933 2469 quibus
2981 2398 3284 2464 parricidaa,
3344 2398 3593 2455 scelerati
3634 2410 3691 2455 et

2101 2488 2297 2544 nefarii
2333 2489 2583 2545 homines
2625 2501 2754 2547 sunt
2780 2486 3022 2557 obnoﬁii,
3052 2500 3113 2545 ut
3137 2506 3262 2546 cum
3308 2492 3427 2561 ejus
3472 2492 3691 2546 animus

2103 2577 2378 2634 cruciatus
2406 2595 2599 2649 graves
2629 2580 2837 2647 diutius
2864 2581 3009 2636 ferre
3048 2570 3284 2652 paratus.
3303 2582 3399 2647 sit,
3443 2582 3690 2637 membra

2101 2670 2217 2741 ipsa
2282 2671 2528 2726 omnium
2592 2687 2853 2743 generum
2914 2671 3200 2727 tormentis
3268 2680 3686 2728 consumantur.

2101 2763 2351 2829 Quandiu
2385 2763 2530 2818 enim
2580 2764 2685 2820 iste
2736 2764 3032 2834 supererit,
3079 2763 3199 2818 ﬁeri
3234 2779 3345 2818 non
3379 2773 3582 2833 potest,
3626 2772 3691 2819 ut

2099 2870 2205 2929 ego.
2231 2855 2468 2912 victoriae
2485 2871 2709 2926 compos
2741 2854 3039 2929 fiamqllzec
3057 2857 3133 2910 ait
3158 2856 3439 2911 Datianus.
3465 2856 3688 2916 Athlet;

2100 2964 2228 3004 vero
2260 2948 2350 3004 ille
2406 2947 2741 3003 fortissimus
2787 2939 3162 3004 adversarium
3218 2947 3304 3001 his
3347 2947 3531 3002 verbis
3574 2946 3686 3001 alta

2099 3056 2233 3096 voce
2263 3040 2659 3110 insequebatur
2695 3059 2708 3094 :
2740 3038 2783 3095 Ο
2823 3056 2911 3095 me
2941 3041 3184 3107 beatum,
3218 3049 3273 3095 et
3307 3055 3435 3096 vere
3470 3040 3686 3095 felicem

2101 3144 2266 3205 atque
2300 3133 2534 3190 hilarem
2572 3134 2801 3199 factum,
2825 3134 3270 3204 quandoquidem
3297 3134 3416 3189 ista:
3454 3142 3560 3188 tute
3590 3148 3688 3188 ca-

2104 3228 2325 3297 lumniae
2355 3236 2414 3284 et
2450 3228 2635 3297 minae,
2678 3243 2814 3284 meae
2860 3236 2989 3283 sunt
3030 3227 3442 3298 perfectissimae
3472 3226 3682 3283 laudes.

2102 3321 2197 3377 His
2217 3323 2404 3379 verbis
2436 3323 2699 3378 Datianus
2731 3322 2797 3377 ad
2832 3320 3097 3377 insaniam
3134 3321 3464 3386 concitatus,
3499 3319 3688 3377 statim

2098 3415 2507 3486 jussit-crucem
2548 3415 2825 3483 componi,
2868 3422 2923 3469 ct
2961 3416 3018 3469 in
3057 3414 3147 3468 illa
3188 3413 3534 3470 Vincentium
3569 3412 3688 3467 suf-

2100 3507 2190 3580 figi
2251 3524 2316 3564 ac
2356 3509 2704 3579 membratim
2739 3508 2895 3563 caedi.
2924 3507 3062 3563 Cum
3111 3507 3277 3579 igitur
3316 3522 3448 3561 crux
3483 3506 3600 3576 ipsa
3633 3504 3687 3559 in

2102 3613 2246 3658 terra
2277 3602 2453 3657 defixa
2481 3609 2645 3667 esset,
2682 3609 2977 3670 martyrem
3012 3600 3067 3654 in
3110 3600 3256 3669 ligno
3284 3599 3692 3668 suspenderunt

2101 3694 2295 3748 nefarii
2328 3694 2600 3756 homines,
2648 3704 2701 3747 et
2736 3692 3001 3747 satellites
3026 3691 3247 3757 diaboli,
3291 3690 3502 3744 Datiani
3533 3687 3689 3758 jussa

2100 3795 2483 3856 exsequentes.
2517 3784 2710 3840 Postea
2748 3799 2878 3839 vero
2908 3782 3159 3838 eumdem
3191 3781 3357 3836 multa
3394 3795 3518 3835 cum
3542 3779 3687 3834 cele-

2103 3880 2263 3934 ritate
2291 3894 2322 3934 e
2353 3869 2499 3950 ligno
2523 3878 2896 3933 detraxerunt.
2930 3874 3037 3942 Qui
3070 3890 3195 3929 cum
3218 3888 3246 3927 a
3270 3871 3505 3927 vinculis
3539 3872 3681 3927 solu-

2105 3981 2193 4027 tus
2224 3980 2390 4038 esset,
2422 3981 2477 4027 et
2513 3971 2569 4026 in
2605 3980 2749 4026 terra
2790 3969 2876 4024 vir
2918 3967 3298 4024 sanctissimus
3327 3963 3685 4025 constitisset,

2104 4065 2343 4137 Spiritus
2367 4064 2539 4120 sancti
2572 4079 2675 4135 ope
2718 4062 2961 4132 adjutus,
3006 4061 3245 4131 seipsum
3278 4074 3309 4114 a
3341 4054 3690 4112 carnificibus

2104 4158 2390 4221 abstraxit,
2425 4167 2481 4213 et
2518 4158 2590 4227 ad
2638 4171 2857 4212 erucem
2889 4155 3037 4210 illam
3081 4152 3323 4210 cucurrit
3358 4168 3373 4210 :
3424 4151 3479 4206 in
3526 4165 3689 4222 quam

2105 4267 2231 4308 cum
2261 4251 2514 4314 insiliret,
2562 4250 2778 4304 hostem
2829 4248 3008 4319 ipsum
3058 4244 3458 4318 perterrefecit.
3492 4243 3694 4315 ⁸Ιιτιίμιε

2103 4360 2219 4408 eos,
2255 4344 2454 4415 quibus
2479 4341 2849 4408 cruciabatur,
2879 4350 2934 4395 et
2953 4348 3221 4401 tormenta
3246 4337 3689 4404 cumulabantur,

2106 4438 2398 4507 increpans
2433 4453 2445 4492 :
2478 4435 2741 4502 Cumani,
2791 4433 2990 4521 inquit,
3039 4432 3339 4492 tardiores,
3393 4437 3447 4484 et
3495 4428 3551 4483 in
3603 4444 3691 4481 me.

413 4510 706 4576 ἑκτινάξας
741 4514 934 4583 ἑαυτὸν
965 4516 1029 4570 ἐκ
1050 4516 1159 4570 τῶν
1181 4519 1413 4590 δημίων,
1447 4523 1541 4574 καὶ
1603 4523 2001 4595 προπηδήσας

2109 4528 2226 4600 ipso
2253 4528 2323 4583 ad
2355 4537 2625 4583 tormenta
2663 4510 2914 4583 ducendo
2944 4525 3070 4581 facti
3102 4523 3233 4578 estis
3264 4519 3690 4575 imbecilliores?

414 4600 510 4653 ἐπὶ
542 4603 639 4654 τὸν
680 4606 912 4679 σταυρὸν
963 4608 1171 4680 δρόμῳ,
1205 4610 1531 4681 βουλόμενος
1579 4613 2001 4686 τιμωρήσασθαι

414 4692 511 4744 τὸν
531 4694 749 4768 ἐχθρὸν,
784 4697 930 4751 οὕτω
963 4701 1106 4755 κατὰ
1153 4703 1263 4758 τῶν
1314 4704 1574 4775 τιμωρῶν
1624 4706 2002 4776 ἐπιμέμφεται

416 4787 861 4860 ἑπεγειρομένων
892 4793 985 4846 καὶ
1020 4794 1401 4849 ἐπιτεινόντων
1428 4797 1581 4868 αὑτῷ
1607 4796 1676 4852 τὰ
1695 4797 1868 4865 δεινὰ,
1905 4800 2001 4854 καί

418 4896 562 4949 φησι
584 4896 599 4912 '
630 4883 716 4947 Τί,
755 4883 972 4955 βραδεῖς
1009 4887 1103 4940 καὶ
1133 4870 1414 4958 άνίσχυροι
1435 4887 1672 4942 διάκονοι
1701 4872 1796 4943 τοῦ
1833 4906 2002 4963 πονη·

424 4973 543 5043 poi,
572 4972 751 5030 ἕλκειν
784 4994 851 5049 με
874 4978 969 5032 καὶ
985 4979 1220 5048 ἁπάγειν
1237 4981 1330 5034 ἐπὶ
1352 4980 1421 5034 τά
1446 4981 1780 5054 κολαστήρια
1801 4999 1816 5048 ;
1843 4984 2002 5038 ἐκτε-

418 5064 566 5120 λείτε
598 5071 883 5142 συντόμως
914 5072 1015 5145 τὴν
1040 5072 1300 5144 ὠμότητα
1330 5072 1426 5129 τοῦ
1459 5074 1821 5146 κακόφρονος,
1855 5077 2004 5141 ὅπως

418 5160 597 5227 γέλως
626 5164 712 5231 ἐφ’
745 5163 953 5219 ἅπασιν
1044 5167 1209 5237 τάχος
1240 5167 1692 5238 ἀναδειχθήσεται
1718 5184 1731 5199 ’
1763 5170 1856 5223 καὶ
1881 5168 2006 5223 τού-

417 5269 536 5317 τοις
589 5255 713 5310 λίαν
768 5257 962 5330 ἀνῄρει
991 5260 1392 5329 χαλεπαίνοντα
1433 5260 1525 5314 τὸν
1557 5261 1856 5333 ἀλάστορα,
1892 5260 2005 5326 τοῖς

417 5348 554 5417 mp’
585 5347 751 5403 αὑτοῦ
783 5348 998 5421 βέλεσιν
1028 5353 1228 5417 ἱκανῶς
1259 5353 1421 5407 αὑτὸν
1457 5355 1881 5425 κατασφάττων.
1910 5355 2014 5410 At?!

336 5474 349 5482 ο
422 5432 522 5486 καὶ
549 5440 810 5503 μιιζόνως
840 5441 966 5495 κατ’
993 5442 1162 5496 αὐτοῦ
1198 5446 1319 5508 ταῖς
1341 5429 1552 5509 αἰκίαις
1587 5446 1873 5500 ὲκκαίεται
1910 5448 2008 5501 ὲπ-

421 5524 726 5596 ανεγείρων
739 5534 1244 5591 κακὲπανακυκλῶν
1263 5536 1735 5609 τὰιτιμωρητήρια
1751 5552 1766 5568 °
1787 5538 1880 5591 καὶ
1897 5536 2006 5610 γάρ

421 5613 589 5679 εὐθὺς
614 5618 991 5688 ἑστρεσλοῦτο,
1017 5629 1113 5677 atati.
1133 5627 1407 5700 διαφόρως
1420 5631 1541 5692 ταῖς
1566 5629 1785 5701 μάστιξι
1814 5630 2009 5700 ἐπιμό-

422 5726 539 5775 γως
587 5712 964 5784 κατεσχίζετο,
998 5715 1097 5772 καὶ
1123 5718 1490 5789 πρὸς-τούτοις
1547 5722 1751 5778 ἅπασιν
1783 5725 1865 5777 ετι
1889 5726 2010 5788 ταῖς

427 5800 697 5874 πλευραῖς
754 5807 1096 5873 κατεκαίετο,
1165 5809 1585 5884 ἀλλεπαλλήλως
1637 5814 1748 5869 τῶν
1796 5814 2011 5885 φλογῶν

681 5900 954 5969 Parnm"
989 5904 1107 5964 Gn.
1139 5904 1353 6001 αΧινς

2102 4621 2282 4693 Agite,
2313 4637 2476 4691 quam
2501 4620 2786 4676 celerrime
2816 4618 2981 4674 vestri
3011 4614 3277 4687 principis
3307 4612 3688 4669 crudelitatem

2103 4706 2499 4782 exsequamini,
2528 4719 2587 4765 ut
2610 4711 2666 4765 in
2695 4708 2843 4765 omni
2868 4723 2928 4762 re
2949 4721 3110 4778 quam
3136 4705 3370 4776 primum
3399 4718 3458 4756 se
3480 4702 3652 4756 ridicu
3672 4730 3687 4739 -

2105 4804 2217 4860 lum
2248 4804 2431 4860 faciat.
2457 4803 2555 4859 His
2582 4803 2764 4859 verbis
2794 4800 3066 4855 nefarium
3091 4797 3330 4869 judicent
3358 4794 3687 4849 ferociorem

2105 4893 2333 4958 factum,
2391 4902 2650 4963 tauquam
2693 4891 2888 4963 jaculis
2933 4888 3258 4959 quibusdam
3317 4884 3687 4940 eoufodiebat.

2104 4985 2471 5052 Quamobrem
2500 4985 2672 5053 magis
2713 4982 2994 5053 magisque
3038 4979 3093 5034 in
3131 4988 3424 5050 martyrem
3458 4976 3691 5033 exarde-

2106 5088 2290 5143 scens‘,
2323 5078 2574 5153 graviora
2603 5077 2659 5132 in
2689 5091 2816 5133 eum
2865 5084 3138 5132 tormenta
3169 5071 3532 5145 excogitabat.
3564 5070 3692 5124 Sla-

2107 5175 2203 5230 tim
2235 5174 2401 5246 igitur
2431 5174 2623 5229 beatus
2651 5169 2977 5226 Vincentius
3008 5168 3386 5239 torquebatur,
3429 5164 3689 5221 diversis-

2106 5280 2212 5335 que
2232 5263 2479 5336 flagellis,
2502 5272 2558 5319 et
2583 5261 2776 5317 ferreis
2792 5258 3067 5331 unguibus
3089 5259 3309 5314 assidue
3328 5254 3689 5315 lacerabatur,

2107 5367 2272 5428 atque
2302 5357 2422 5426 ejus
2451 5356 2622 5412 latera
2653 5354 2929 5411 continuis
2951 5351 3186 5408 flammis
3202 5345 3688 5408 comburebantur.

2108 5448 2356 5519 Denique
2373 5448 2618 5504 membra
2643 5444 2760 5518 ipsa
2789 5445 2861 5501 ita
2888 5444 3124 5515 distenta
3151 5441 3519 5511 distraetaque
3541 5446 3689 5498 sunt,

2108 5551 2169 5597 ut
2200 5550 2348 5596 totus
2379 5540 2672 5596 enervatus
2694 5548 2861 5594 esset.
2899 5536 3107 5594 Deinde
3133 5552 3258 5591 cum
3291 5533 3498 5588 ferreas
3515 5530 3693 5600 virgis

2110 5632 2398 5688 carnifices
2448 5632 2507 5687 in
2553 5632 2677 5704 igne
2716 5631 2811 5688 diu
2849 5636 3100 5685 tenentes
3134 5627 3329 5699 ignitas
3361 5622 3697 5681 effecissent;

2111 5740 2234 5778 mox
2281 5723 2334 5778 in
2368 5709 2616 5793 ejusdem
2666 5716 2918 5792 martyris
2951 5729 3143 5790 pectus
3174 5732 3267 5773 eas
3314 5715 3690 5786 conjecerunt,

2111 5817 2293 5892 quoad
2313 5815 2677 5873 candentibus
2702 5815 2809 5871 illis
2837 5814 2999 5886 virgis
3024 5814 3460 5870 combureretur.
3483 5798 3727 5879 Corpod“

3329 5900 3405 5966 24
