4116 6422
497 337 605 402 ’149

1748 328 1927 392 VITA
1963 330 2022 390 S.
2062 328 2485 392 VINCENTII.

3641 331 3753 399 750

500 447 654 516 θπνῳ
702 444 750 499 oi
784 444 1045 515 φύλακες,
1086 442 1234 514 ὅπερ
1261 439 1522 504 Δατιανδς
1553 437 1635 519 είς
1666 437 1942 511 τιμωρίαν
1973 451 2073 507 χα-

2186 447 2469 508 martyrem
2513 435 2946 508 excogitaverat,
3005 436 3060 494 id
3084 436 3261 510 ipsum
3309 438 3365 496 in
3391 474 3398 480 -
3424 440 3756 507 sanctissimi

497 536 816 608 λεπωτέραν
869 535 1098 591 θανάτου
1152 533 1294 588 κατά
1346 530 1442 607 τοῦ
1497 530 1655 599 ἀγίου
1712 528 2068 601 προσέταξεν,

504 630 907 703 μετατρέπεται
945 626 1104 680 τοῦτο
1140 627 1221 690 είς
1252 626 1434 678 πᾶσαν
1463 623 1660 693 ἑορτήν
1702 638 1760 675 τε
1785 621 1884 675 καὶ
1912 619 2074 685 δόξαν

502 715 599 770 καὶ
633 716 958 786 ἀνάκτησιν.
1001 715 1215 785 Φοϐερά
1266 716 1377 784 γὰρ
1410 711 1507 765 καὶ
1541 711 1940 784 ὑπέρλαμπρος
1969 711 2074 778 ἁγ-

498 806 692 879 γελική
741 823 828 870 τις
881 807 1218 877 παρεγένετο
1272 806 1632 867 κατάστασις,
1690 801 2076 872 θεραπεύουσα

501 896 600 950 καὶ
629 896 991 966 ἀνακτωμένη
1028 899 1092 949 ὲκ
1115 895 1226 949 τῶν
1254 895 1433 949 πόνων
1461 895 1555 948 τὸν
1585 893 1830 965 ἀθλητήν
1850 910 1864 925 ·
1896 895 1993 947 καὶ
2033 894 2068 964 ή

501 989 751 1060 ἀφεγγὴς
785 989 880 1042 καὶ
929 989 1314 1051 διαιωνίζουσα
1374 982 1470 1040 τοῦ
1524 984 1931 1055 ὲπικαταράτου
1978 982 2077 1048 νὺξ

503 1082 645 1152 φωτὶ
669 1080 808 1151 ξένῳ
834 1080 928 1134 καὶ⁵
945 1076 1230 1157 παραδόξῳ
1260 1076 1667 1148 κατελάμπετο.
1690 1073 2077 1147 Τριστοιχηδὸν

507 1173 613 1244 γάρ
651 1171 814 1241 κηροὶ
834 1169 1244 1241 ἀνακαιόμενοι,
1273 1168 1426 1239 παρά
1453 1167 1515 1220 τὸ
1545 1164 1735 1229 είωθὸς
1765 1164 1880 1234 φῶς
1938 1179 2076 1217 κατ-

498 1263 731 1335 εφώτιζε
783 1263 845 1317 τὸ
877 1261 1159 1334 ὀχύρωμα.
1192 1259 1304 1315 Καὶ
1332 1258 1495 1322 αὐτὸς
1521 1257 1578 1310 δὲ
1596 1257 1906 1328 στρωμναῖς
1931 1254 2079 1309 ἀπα-

498 1354 772 1418 λωτάταις
817 1353 917 1425 ἤδη
961 1353 1024 1407 τὸ
1054 1351 1216 1422 σῶμα
1266 1348 1618 1421 ἀνακτηθεὶς,
1671 1346 1768 1401 καὶ
1806 1345 1886 1416 τῷ
1934 1342 2079 1415 ἁγίῳ

498 1444 864 1514 ἀναθαλφθεὶς
914 1442 1219 1513 Πνεύματι,
1254 1442 1355 1511 τὴν
1386 1440 1478 1495 διά
1504 1437 1736 1510 ψαλμῶν
1779 1437 2075 1507 ὑμνῳδίαν,

500 1537 597 1591 καὶ
620 1535 812 1607 Κυρίῳ
838 1534 1191 1606 ἀνεκρούετο,
1238 1532 1339 1587 καὶ
1372 1531 1452 1601 τῷ
1504 1530 1707 1601 ἡδίστῳ
1735 1527 1951 1599 ὀργάνῳ
1980 1527 2081 1615 τῆς

504 1630 686 1698 φωνῆς
718 1630 776 1681 έν
810 1626 1001 1699 ῥυθμῷ
1020 1625 1276 1696 ἀπηχῶν,
1315 1625 1498 1678 πᾶσαν
1523 1623 1623 1693 τὴν
1651 1620 1895 1690 γειτνίαν
1949 1636 2080 1673 στυο

501 1719 646 1787 γνῶς
668 1719 914 1790 ἠρμένην
931 1722 1077 1783 είςτυ
1100 1718 1196 1781 τὰς
1216 1715 1383 1771 αὑτοῦ
1404 1715 1694 1786 τιμωρίας,
1724 1711 1824 1785 τὴν
1847 1710 1966 1784 ἠχὼ
1982 1709 2082 1781 τῆς

2176 526 2281 581 viri
2311 525 2709 596 jucunditatem
2751 542 2816 582 ac
2848 525 3073 599 gloriam
3100 542 3425 584 conversum
3461 528 3583 587 fuit.
3621 533 3761 588 Ter-

2178 615 2351 672 ribilis
2380 616 2529 671 enim
2556 625 2614 672 et
2651 616 2875 672 illustris
2899 618 3215 689 angelorum
3262 618 3460 674 cohors
3502 619 3631 676 illuc
3663 636 3758 678 ac-

2176 709 2363 772 cessit,
2394 707 2654 762 athletam
2680 721 2899 775 curans,
2941 718 2997 764 et
3043 724 3076 764 a
3129 710 3483 782 languoribus
3515 712 3759 783 eripiens

2176 813 2243 854 ac
2265 813 2542 863 recreans,
2576 798 2650 854 ita
2684 808 2744 854 ut
2770 801 2924 855 locus
2954 801 3043 855 ille
3072 802 3356 866 obscurus,
3389 813 3443 858 et
3473 813 3759 862 nocturnae

2179 891 2420 948 tenebrae
2446 906 2590 947 novo
2617 892 2852 961 quodam
2882 901 2938 948 et
2997 894 3320 953 admirando
3375 897 3584 954 lumine
3632 899 3761 954 iiiu.

2178 990 2363 1038 stratae
2413 983 2546 1039 sint.
2596 980 2842 1054 Repente
2900 986 3066 1055 igitur
3113 988 3370 1043 custodes
3425 991 3759 1060 experrecti,

2178 1074 2570 1130 existimabant
2600 1085 2893 1149 martyrem
2926 1078 3107 1148 ipsum
3134 1095 3165 1135 e
3193 1094 3414 1136 carcere
3458 1082 3761 1156 aufugisse.

2179 1163 2369 1237 Itaque
2401 1167 2507 1223 illis
2531 1168 2687 1223 valde
2723 1170 3057 1239 perturbatis
3090 1186 3156 1227 ac
3199 1174 3591 1240 metuentibus,
3626 1175 3766 1231 dixit

2179 1257 2264 1314 vir
2288 1259 2665 1315 sanctissimus
2702 1276 2718 1318 :
2762 1259 2960 1326 Nolite,
3008 1277 3228 1333 quaeso,
3259 1263 3480 1329 milites,
3530 1268 3764 1331 turbari,

2182 1362 2359 1418 neque
2389 1349 2645 1416 clamare,
2676 1359 2772 1405 aut
2818 1361 2969 1407 metu
3020 1354 3201 1424 aliquo
3240 1355 3379 1411 aiiici
3421 1371 3437 1411 :
3480 1371 3761 1428 nunquam

2181 1439 2329 1496 enim
2362 1455 2464 1513 ego
2487 1441 2830 1513 auiugerem,
2867 1460 3046 1515 neque
3076 1447 3346 1517 repositas
3372 1448 3505 1503 mihi
3531 1466 3766 1504 coronas

2181 1533 2510 1589 amitterem.
2561 1535 2668 1590 Sed
2715 1551 2878 1605 quam
2920 1539 3205 1595 celerrime
3232 1542 3484 1611 potestis,
3524 1543 3633 1599 huc
3676 1544 3763 1598 in-

2184 1626 2366 1691 troite,
2402 1636 2459 1681 et
2505 1627 2684 1685 videte
2722 1643 2941 1684 servum
2976 1629 3069 1685 Dei
3116 1647 3214 1701 per
3262 1633 3566 1704 angelicum
3602 1635 3767 1690 mini-

2184 1715 2411 1769 sterium
2440 1714 2749 1772 admirabili
2775 1718 3009 1788 quadam
3031 1705 3403 1778 consolatione
3431 1720 3763 1785 recreatum,

499 1807 802 1883 εὐρυθμίας
864 1789 1224 1882 ἀκροωμένην
1279 1808 1632 1875 κατέθελγεν.
1669 1805 1965 1879 Ἐξαίφνης
2018 1820 2079 1857 τε

2189 1815 2248 1861 ιιι
2279 1821 2388 1877 quo
2431 1807 2551 1864 loco
2576 1824 2677 1865 vos
2701 1810 3118 1867 obscurissimas
3151 1815 3408 1870 tenebras
3446 1812 3766 1887 reliquistis,

500 1905 597 1959 καὶ
622 1905 673 1958 oi
704 1903 945 1974 φύλακες
968 1904 1293 1975 ἐξέστησαν,
1319 1900 1416 1955 τοῦ
1445 1899 1616 1953 ὕπνου
1643 1898 1825 1952 αὐτῶν
1866 1897 2079 1951 ἀποπε-

502 2000 709 2068 σόντος,
738 2000 979 2079 οἰόμενοι
1007 1998 1108 2071 τῆς
1138 1999 1391 2077 φυλακῆς
1423 1997 1756 2065 πεφευγέναι
1788 1993 1880 2049 τὸν
1930 1995 2204 2069 μάρτυρα.

2187 1900 2299 1954 illic
2333 1901 2558 1957 cteleste
2586 1902 2771 1958 lumen
2798 1905 3149 1975 aspicientes,
3175 1910 3478 1980 gaudeatis.

2310 1998 2572 2054 Ἐπιπολὺ
2610 2000 2667 2053 δὲ
2688 2004 3120 2074 ταρασσομένοις
3186 2006 3291 2059 ὑπὸ
3328 2005 3425 2061 τοῦ
3462 2009 3615 2075 δέους
3638 2012 3769 2067 τού-

499 2110 616 2160 τοις
667 2086 966 2165 ἐπιφωνεῖν
999 2094 1207 2164 ἤρξατο
1233 2095 1261 2147 ὁ
1310 2093 1462 2163 ἅγιος
1486 2106 1501 2122 ο
1556 2091 1649 2162 Μὴ
1714 2088 2082 2161 ταράσσεσθε,
2126 2090 2266 2162 μηδὲ
2299 2089 2484 2161 βοᾶτε,
2543 2086 2590 2146 ὧ
2628 2094 2960 2165 στρατιῶται
2986 2099 3087 2166 τῆς
3121 2098 3401 2165 ἀσεϐείας.
3434 2101 3764 2168 δεδοικότες·

502 2190 615 2261 ἐγὼ
638 2189 747 2261 γὰρ
769 2187 871 2260 τὴν
910 2188 1052 2259 ἐμὴν
1080 2185 1236 2252 δόξαν
1264 2186 1366 2240 οὑκ
1424 2182 1748 2254 ἀποφεύγω,
1788 2181 1912 2237 οὑδὲ
1950 2181 2087 2269 τοὺς
2150 2183 2278 2254 ἐμοὶ
2317 2184 2718 2255 ἀποκειμένους
2763 2188 3094 2256 στεφάνους·
3154 2192 3204 2245 εί
3246 2190 3303 2243 δὲ
3367 2185 3471 2246 οἷοί
3507 2193 3569 2246 τέ
3618 2196 3767 2259 ἐστε,

505 2283 643 2352 μετά
674 2280 876 2351 τάχους
907 2280 1202 2346 είσέλθετε,
1245 2279 1340 2332 κα)⁸
1372 2279 1440 2350 τῇ
1484 2276 1754 2347 ἀγγελικῇ
1795 2274 2067 2347 θεραπείᾳ
2105 2292 2167 2329 τε
2227 2275 2323 2329 καὶ⁵
2360 2275 2660 2346 ἀνακλήσει
2687 2278 2788 2349 τὴν
2817 2279 3027 2345 ἔνδοξον
3060 2282 3418 2353 παραμυθίαν
3447 2282 3541 2338 τοῦ
3580 2285 3771 2339 δούλου

500 2376 595 2432 τοῦ
632 2375 767 2430 Θεοῦ
822 2374 1125 2430 θεάσασθεο
1159 2375 1291 2429 ἔνθα
1335 2376 1443 2447 γὰρ
1481 2373 1845 2444 κατελείψατε
1919 2372 2107 2435 σκότος
2174 2370 2600 2439 ζοφωδέστατον,
2652 2375 2857 2446 χάρητε
2905 2377 3020 2445 φῶς
3087 2379 3322 2450 ὁρῶντες
3376 2383 3770 2455 ὑπερκόσμιον·

500 2469 561 2523 δν
582 2469 887 2523 ὲπιστένειν
921 2466 1174 2539 χαλεπῶς
1205 2467 1546 2537 ἑπηλπίσατε
1585 2466 1662 2520 τῶ
1695 2467 1769 2538 μὴ
1804 2464 1949 2537 ἔχειν
1991 2463 2268 2534 ἀναπνοῆς
2295 2464 2389 2518 καὶ
2431 2465 2635 2538 μικράν
2685 2468 3001 2537 ὑπόστασιν,
3074 2472 3156 2534 εἰς
3222 2470 3424 2542 ὑμνους
3470 2475 3773 2549 ἀνακρουὸα·

506 2582 670 2638 μενον
693 2563 785 2619 τοῦ
810 2562 1054 2633 ἀληθοῦς.
1069 2562 1206 2617 Θεοῦ
1237 2563 1583 2635 καθορῶντες
1613 2562 1957 2634 θαυμάσατε.

574 2654 694 2725 ις’.
735 2656 1033 2726 Ἂνέθησαν
1051 2656 1161 2727 γὰρ
1190 2657 1241 2709 oi
1266 2657 1394 2727 περὶ
1417 2655 1839 2726 ὲμὲθκεχυμένοι
1872 2654 2084 2722 δεσμο“·,

504 2750 602 2804 καὶ
620 2749 676 2802 αί
700 2747 959 2819 δυνάμεις
980 2764 1083 2818 μου
1106 2747 1268 2800 πλέον
1291 2746 1386 2800 τοῦ
1407 2745 1635 2818 ἀρχαίου
1661 2746 2048 2799 πεπύκνωνται
2067 2762 2080 2775 ·

503 2843 566 2896 τό
596 2858 655 2895 τε
687 2840 847 2911 σῶμά
887 2858 990 2912 μου
1032 2840 1270 2903 ἁπαλαῖς
1326 2839 1422 2893 καὶ
1465 2838 1721 2908 ἀφθόνοις
1773 2840 2086 2910 στρωμναῖς

507 2935 870 2990 ἀνανενέωται
888 2948 906 2963 °
929 2932 1010 2986 διὸ
1040 2933 1242 3003 μᾶλλον
1272 2929 1730 3002 ὑπερεκπλάγητε
1750 2929 1849 3001 τὴν
1876 2929 2085 2999 ἄφατον

506 3026 602 3081 τοῦ
631 3025 767 3080 θεοῦ
802 3043 905 3097 μου
934 3023 1164 3096 δύναμίν
1203 3041 1263 3078 τε
1319 3024 1416 3078 καὶ
1444 3023 1777 3094 ἀγαθότητα,
1800 3023 1898 3077 καὶ
1942 3020 2084 3093 πλη-

2264 2647 2404 2703 XVI.
2433 2646 2528 2703 His
2561 2638 2745 2705 verbis
2767 2649 2970 2707 athleta
2997 2651 3088 2708 ille
3123 2667 3255 2710 usus
3282 2665 3385 2711 est.
3419 2655 3615 2715 Postea
3641 2676 3771 2716 vero

2189 2758 2352 2813 quam
2377 2740 2586 2796 Datiani
2602 2742 2865 2798 satellites
2893 2744 3120 2817 ingrcssi
3151 2755 3280 2805 sunt
3296 2738 3392 2804 eos
3412 2750 3733 2811 adhortatus
3751 2771 3771 2809 :

2189 2832 2368 2898 Abite,
2403 2832 2596 2903 inquit,
2628 2841 2684 2888 et
2717 2834 2939 2890 domino
2968 2844 3150 2892 vestro
3175 2840 3505 2899 renuntiate.
3538 2843 3683 2912 quali
3714 2854 3770 2899 et

2190 2934 2392 2996 quanta
2424 2925 2542 2981 luce
2570 2941 2671 2996 ego
2699 2924 2787 2983 hic
2822 2916 3091 2998 perfruar.
3128 2929 3316 3002 Itaque
3345 2932 3392 2988 si
3414 2935 3542 3005 quid
3568 2946 3769 3007 potest,

2191 3017 2442 3074 acerbius
2469 3019 2757 3091 excogitet,
2787 3029 2843 3075 et
2864 3021 2932 3077 ad
2963 3037 3111 3078 meas
3133 3023 3323 3081 laudes
3353 3025 3482 3081 illud
3509 3041 3771 3097 accumu-

510 3120 756 3192 ρεστάτῳ
802 3086 1036 3190 στόματι
1072 3086 1307 3188 ’φωναῖς
1345 3086 1626 3170 εὑσεδέσιν
1673 3086 2081 3188 ἀνακηρύξατε,

2188 3108 2283 3162 let.
2311 3107 2443 3163 Cum
2469 3109 2633 3181 igitur
2651 3110 2908 3166 custodes
2929 3113 3113 3167 omnia
3153 3129 3274 3183 qua:
3291 3114 3347 3169 in
3373 3131 3595 3173 carcere
3621 3119 3756 3173 vide-

505 3212 720 3276 τούτοις
747 3213 918 3282 κεχρή
928 3228 1080 3281 μενοι
1103 3214 1216 3274 τοῖς
1241 3210 1452 3281 ῥήμασι
1490 3208 1588 3262 καὶ
1618 3206 1710 3261 τὸν
1741 3205 2103 3278 ὁμολογητὴν.

508 3305 602 3359 τοῦ
632 3304 866 3374 ἀληθοῦς
921 3304 1016 3356 καὶ
1048 3300 1211 3373 μόνου
1243 3299 1379 3354 Θεοῦ
1417 3300 1504 3355 ἀεὶ
1547 3297 1777 3372 νικητὴν
1815 3298 2085 3369 ὑπάρχειν

509 3395 883 3466 ἀπαγγείλατε
912 3395 994 3464 τῷ
1021 3393 1287 3463 Δατιανῷ,
1321 3392 1521 3446 ὁπόσου
1548 3408 1607 3445 τε
1638 3391 1734 3446 καὶ
1763 3389 1875 3444 οῖου
1909 3389 2088 3460 φωτὸς

507 3488 788 3557 ἀπολαύω,
816 3486 1353 3561 προσέφευρισκέτω,
1406 3485 1461 3537 εἴ
1507 3501 1561 3537 τι
1608 3483 1804 3537 οἰέσθω
1852 3481 2026 3536 δεινὸν
2060 3482 2088 3534 ό

507 3580 776 3645 διάϐολος,
809 3580 905 3634 καὶ
931 3579 1012 3632 ἔτι
1051 3577 1415 3649 προσφερέτω
1443 3577 1554 3638 τοῖς
1611 3576 1767 3647 έμοῖς
1811 3573 2086 3635 ὲπαίνοιςυ

508 3673 617 3729 τῶν
661 3673 728 3749 δὲ
769 3670 873 3749 τῆς
900 3669 1315 3743 μακαριότητός
1355 3685 1458 3740 μου
1489 3665 1868 3738 ἀνδραγαθιῶν
1922 3663 2089 3734 μηδὲν

510 3748 911 3842 ὑφαρπασάτω,
940 3763 1371 3836 ὲγγυμναζέσθω
1393 3763 1479 3856 τά-
1497 3750 1627 3832 παρ’
1661 3757 1859 3856 ἑαυτῆς
1889 3760 2089 3856 σημεῖα⁵

516 3862 889 3933 βακχεύουσαο
932 3859 981 3911 εἰ
1019 3856 1130 3926 ἄρα
1165 3870 1217 3908 τι
1263 3850 1655 3929 ἀνιχνεύσοιτο,
1710 3849 1879 3920 μόνην
1921 3848 2088 3902 αὑτοῦ

519 3952 655 4007 δέδια
689 3953 791 4022 τὴν
819 3947 1188 4021 συμπάθειαν,
1227 3944 1303 4017 μὴ
1325 3942 1516 4014 ὀφθείη
1552 3958 1645 4013 μοι
1680 3938 1981 4011 συγχωρῶν
1999 3939 2089 3992 τὸν

519 4040 761 4096 θάνατον.
782 4039 868 4102 Ὦς
893 4037 951 4092 δὲ
978 4037 1027 4090 oi
1058 4033 1297 4104 φύλακες
1315 4030 1640 4094 ἀπελθόντες
1668 4029 1884 4084 ἅπαντα
1910 4026 1978 4080 τά
1998 4025 2091 4111 ἐπὶ

514 4132 609 4196 τῆς
665 4130 914 4200 φυλακῆς
972 4127 1243 4197 γενόμενα
1289 4122 1368 4194 τῷ
1425 4119 1672 4190 Δατιανῷ
1731 4119 2089 4189 διεσάφησαν,

511 4223 714 4294 ἄψυχός
730 4239 790 4276 τε
824 4222 917 4276 καὶ
933 4219 1151 4290 ώχριῶν
1182 4217 1468 4286 ἀπεπάγη,
1502 4213 1596 4269 καὶ
1616 4213 1715 4286 ἤδη
1752 4211 2093 4284 ὑπῃσθάνετο

512 4326 787 4376 κακιστως
813 4310 957 4384 ἔχειν
986 4311 1044 4362 ὲν
1081 4305 1258 4376 ἐαυτῷ
1323 4306 1394 4376 (οἱ
1428 4305 1536 4375 γὰρ
1570 4300 1890 4374 σπαραγμοὶ
1925 4300 2023 4355 καὶ
2043 4299 2092 4353 οἱ

518 4403 768 4472 αἱκισμοὶ
791 4402 901 4453 τῶν
953 4396 1236 4470 τιμωριῶν
1276 4394 1372 4449 τοῦ
1415 4395 1690 4466 μάρτυρος
1741 4392 1863 4447 κατ’
1924 4389 2087 4445 αὑτοῦ

515 4491 959 4563 μετετρέποντο),
990 4488 1088 4542 καὶ
1135 4483 1388 4557 χαλεπῶς
1421 4484 1749 4538 ὲπανέκειτο
1777 4480 2087 4553 ἡττώμενος

513 4583 653 4637 κατά
685 4581 782 4637 τοῦ
825 4578 1149 4650 ἀγωνιστοῦ,
1177 4579 1326 4649 ὅμως
1362 4575 1766 4646 ἀπλουστέρως.
1812 4572 1909 4627 καὶ
1936 4575 1984 4627 εἰ
2015 4575 2091 4645 μὴ

513 4675 654 4730 κατὰ
701 4674 948 4744 γνώμην,
980 4672 1165 4743 φωνὴν
1207 4669 1413 4741 ἀκριϐῆ
1447 4669 1818 4739 προσφέρεται
1866 4664 1960 4719 καί
1986 4683 2091 4737 φη-

2189 3209 2333 3268 rant,
2387 3196 3253 3276 Datianoretuiissent,repente
3296 3207 3385 3263 ille
3430 3210 3771 3266 exanimatus

2188 3293 2499 3364 expalluit,
2565 3302 2621 3350 et
2649 3309 2837 3351 secum
2890 3295 3127 3367 pessime
3161 3298 3244 3370 agi
3312 3299 3697 3359 animadvertit
3752 3316 3768 3357 :

2189 3386 2631 3457 quandoquidem
2675 3389 2931 3460 martyris
2962 3389 3326 3447 lacerationes
3358 3402 3416 3448 et
3442 3394 3675 3457 vulnera
3710 3395 3770 3450 in

2190 3476 2309 3548 ejus
2336 3477 2508 3549 ipsius
2539 3478 2894 3549 ignominiam
2927 3495 2993 3536 ac
3015 3481 3253 3538 dedecus
3284 3484 3766 3551 convertebantur.

2190 3568 2555 3635 Quamobrem
2591 3571 2892 3626 acerbitate
2912 3572 3132 3642 quidem
3164 3588 3357 3646 magna
3390 3586 3578 3630 contra
3610 3576 3770 3632 Chri-

2191 3661 2258 3716 sti
2286 3662 2546 3717 athletam
2576 3662 2929 3727 Vincentium
2956 3666 3428 3731 commovebatur,
3452 3668 3547 3723 sed
3579 3669 3769 3725 mitius

2193 3761 2382 3809 tamen
2411 3769 2470 3809 se
2511 3769 2699 3826 gerere
2751 3755 3060 3811 simulabat.
3105 3755 3289 3827 Itaque
3321 3758 3537 3814 dicebat
3576 3775 3592 3816 :
3624 3759 3771 3826 Quid

2190 3852 2295 3910 est,
2325 3844 2473 3916 quod
2509 3846 2744 3916 amplius
2773 3863 3100 3919 pugnemus,
3136 3865 3260 3905 cum
3290 3852 3529 3906 maxime
3563 3853 3633 3908 ab
3664 3853 3770 3909 hoc

2192 3935 2413 3992 homine
2446 3938 2572 3993 victi
2600 3938 2808 3995 simus?
2844 3940 3104 3996 Gestetur
3126 3941 3290 4013 igitur
3313 3943 3367 3998 in
3400 3944 3539 4000 lecto
3562 3945 3767 4016 aliquo,
3842 4017 3848 4025 ⁴

2191 4037 2247 4083 et
2276 4028 2527 4100 stragulis
2557 4030 2963 4086 delicatissimis
2997 4048 3013 4090 :
3054 4049 3163 4091 non
3191 4035 3336 4090 enim
3378 4038 3574 4108 patiar,
3611 4047 3673 4092 ut
3712 4040 3774 4096 in

2193 4118 2527 4175 cruciatibus
2555 4121 2844 4177 moriatur.
2877 4120 3096 4180 Toliant
3132 4138 3311 4197 Ipsum
3347 4129 3403 4183 in
3452 4127 3596 4185 lecto
3621 4131 3773 4200 νοεῖ-

2195 4218 2308 4264 tum
2344 4211 2593 4268 homines
2621 4212 2831 4284 aliquo}
2860 4214 3060 4271 hilares
3085 4227 3141 4273 et
3190 4219 3546 4276 exsultantes.
3578 4221 3774 4276 Sintet

2194 4300 2307 4366 alii,
2342 4301 2435 4372 qui
2479 4304 2600 4374 ejus
2643 4307 2871 4383 vestigia
2903 4317 2961 4363 et
2998 4309 3316 4366 dilaniatum
3360 4326 3558 4382 corpus
3598 4320 3771 4368 totum

2196 4396 2591 4452 exoscuientur
2621 4414 2635 4451 :
2667 4397 2965 4467 quinetiam
3019 4400 3337 4473 sanguinem
3363 4416 3430 4456 ex
3453 4402 3773 4458 vulneribus

2192 4485 2527 4544 deﬂuentem
2562 4488 2898 4560 colligentes,
2939 4491 3007 4546 ad
3041 4506 3154 4570 suae
3181 4492 3507 4548 valetudinis
3540 4508 3771 4565 recupe—

2190 4580 2458 4634 rationem
2486 4580 2638 4636 illum
2666 4582 2982 4638 adhibeant.
3018 4583 3235 4638 Talium
3253 4584 3495 4640 virorum
3518 4587 3772 4642 satellitio

2192 4678 2377 4724 utatur
2418 4672 2834 4742 probatissimae
2866 4673 3065 4729 Christi
3112 4674 3366 4731 minister
3398 4677 3717 4735 Vincentius
3754 4701 3770 4736 :

518 4783 600 4821 σιν
619 4784 632 4800 ·
665 4766 731 4838 Τί
763 4766 1075 4838 περαιτέρω
1103 4762 1292 4816 λοιπὸν
1320 4759 1771 4833 προσπαλαίομεν
1800 4757 2086 4829 νικώμενοι

2191 4760 2388 4834 dignus
2409 4772 2580 4831 certe,
2609 4764 2700 4835 qui
2732 4764 2801 4819 ab
2820 4764 3011 4819 amicis
3027 4765 3190 4821 etiam
3206 4768 3437 4836 colatur,
3467 4784 3574 4824 non
3593 4769 3771 4835 solum

510 4858 581 4912 τά
638 4833 912 4932 μέγιστας
975 4833 1333 4928 ἀναφερὲσθω
1379 4848 1559 4905 τοίνυν
1618 4846 1717 4901 ἐπὶ·
1763 4848 1950 4919 κλίνης
1998 4850 2086 4903 καὶ

2193 4833 2271 4908 ab
2296 4853 2535 4911 inimicis
2563 4833 2970 4913 etilhristianis
2994 4857 3336 4914 observetur.

517 4953 818 5025 στρωμνῶν
839 4949 1245 5009 ἁπαλωτάτων
1277 4949 1338 5002 ού
1362 4947 1471 5018 γὰρ
1532 4944 1794 5016 βούλομαι
1855 4945 2020 4998 αὑτὸν
2054 4947 2165 5011 τοῖς
2207 4948 2398 5015 δεινοῖς
2430 4951 2802 5020 ἐναποθανεῖν,
2841 4954 3037 5023 μήπως
3081 4954 3441 5025 μεγαλόδοξος
3480 4955 3602 5012 λίαν
3635 4958 3771 5013 ἀνα-

512 5046 875 5120 δειχθήσεται.
948 5044 1345 5116 Κομιζέτωσαν
1395 5039 1688 5111 τοιγαροῦν
1741 5040 1835 5092 ἐπὶ
1892 5038 2083 5110 κλίνης
2146 5042 2311 5098 αὑτὶν
2369 5045 2563 5117 ἄνδρες
2627 5046 2913 5119 χαίροντες
2959 5048 3057 5104 καὶ
3086 5048 3466 5121 ἀγαλλόμενοι,
3526 5051 3582 5105 οῖ
3616 5052 3774 5107 τετά

516 5139 634 5214 ῐχνη
660 5141 827 5196 αὑτοῦ
867 5141 962 5195 καὶ
988 5140 1050 5193 τὸ
1073 5138 1182 5194 πᾶν
1215 5137 1376 5208 σῶμα
1402 5134 1823 5205 ὲσπαργαμένον
1853 5132 2090 5202 λάὸοιεν,
2131 5138 2559 5208 καταφιλοῦντες
2580 5158 2597 5174 ο
2665 5142 2762 5197 καὶ
2792 5144 2855 5197 τὸ
2882 5143 3154 5215 παχυνθὲν
3203 5143 3238 5215 ἢ
3263 5143 3358 5197 καὶ
3389 5143 3449 5198 τὸ
3479 5141 3774 5215 περιρρέον

515 5235 662 5309 αὐτῷ
700 5230 843 5308 αἷμα
887 5235 969 5299 είς
1037 5231 1311 5303 ἀνάληψιν
1348 5232 1448 5302 τῆς
1474 5227 1682 5292 οἰκείας
1705 5228 2074 5300 ἀπομάξοιντο
2141 5229 2386 5301 ῥώσεως.
2469 5234 2742 5290 Τοιούτων
2793 5236 3015 5308 χράσθω
3065 5238 3277 5308 ἀνδρῶν
3327 5235 3674 5309 δορυφορίαις
3742 5238 3779 5297 6,

513 5328 607 5385 τοῦ
631 5328 768 5385 Θεοῦ
797 5325 1168 5400 δοκιμώτατος
1204 5325 1464 5396 θεράπων
1505 5322 1815 5385 Βικέντιος·
1882 5320 2032 5387 ἄξιος
2064 5321 2122 5376 δὲ
2198 5326 2294 5379 καὶ
2324 5328 2476 5398 παρά
2525 5328 2638 5383 τῶν
2693 5328 2908 5401 ἐχθρῶν
2965 5328 3388 5402 θεραπεύεσθαι,
3426 5332 3642 5403 μήτιγε
3675 5324 3772 5383 καὶ

517 5427 667 5497 παρά
681 5425 794 5481 τῶν
814 5423 1104 5497 ὁμοφύλων
1127 5421 1223 5477 καὶ
1238 5416 1606 5490 Χριστιανῶν·
3247 5450 3255 5457 .
3614 5458 3617 5461 _

584 5515 683 5571 IZ'.
720 5518 859 5574 Ὃδὶ
883 5519 1142 5589 ἀλάστωρ
1185 5518 1280 5569 καὶ
1305 5514 1603 5584 κακόφρων
1631 5510 1890 5575 Δατιανὺς
1912 5511 2086 5567 ταῦτα

2264 5511 2432 5568 XVII.
2458 5509 2583 5569 ﬂare
2603 5517 2838 5568 versuta:
2874 5510 3077 5568 mentis
3107 5511 3271 5568 homo
3302 5512 3562 5569 Datianus
3595 5512 3769 5569 facie-

518 5606 686 5662 ἐποίει
716 5608 775 5662 έν
807 5608 976 5679 πολλῇ
997 5607 1281 5680 ἀμηχανίᾳ
1311 5607 1615 5678 συσχεθεὶς,
1654 5605 1732 5676 πῆ
1763 5606 1862 5677 μὲν
1893 5605 2086 5673 ὁμολο-

2193 5602 2306 5664 bat.
2347 5602 2582 5659 multum
2630 5602 2815 5658 animo
2862 5602 3196 5674 perplexus:
3229 5603 3432 5675 quippe
3476 5603 3569 5674 qui
3603 5602 3771 5659 modo

517 5696 632 5766 γῶν
650 5696 749 5771 τὴν
771 5693 942 5771 ἧτταν
967 5697 1062 5751 καὶ
1088 5695 1151 5750 ab
1178 5698 1409 5769 ἀδρανές
1451 5714 1511 5752 τε
1536 5697 1630 5750 καὶ
1659 5694 1973 5768 ἀνίσχυρον,
2010 5698 2086 5768 πῆ

2195 5693 2563 5750 infirmitatem
2589 5708 2743 5750 suam
2770 5693 3149 5760 conﬁtebatur,
3180 5692 3346 5748 modo
3368 5691 3587 5764 gloriosi
3620 5706 3767 5747 mar-

516 5787 574 5842 δδ
609 5787 702 5843 καὶ
738 5788 887 5843 ἄκων
946 5785 1247 5858 ἑμεγάλυνε
1302 5787 1402 5860 τὴν
1437 5787 1741 5858 ὑπέρογκον
1789 5786 2086 5860 καρτερίαν

2195 5785 2329 5858 tyris
2350 5784 2618 5842 Vincentii
2649 5784 2991 5841 tolerantiam
3017 5800 3082 5842 ac
3109 5782 3484 5842 fortitudinem
3514 5782 3767 5845 laudibus
