4116 6414
336 375 442 442 ’ἔδὲ

1542 348 1827 414 MENSIS
1859 326 2345 431 JANUARIUSJ

3492 315 3600 391 752

338 482 650 540 extollebat.
692 475 946 546 Quandin
988 485 1121 530 vero
1161 469 1348 526 doloso
1398 463 1580 520 animo
1630 456 1763 516 talia
1796 473 1913 513 ma-

2035 453 2112 506 ιοῦ
2141 448 2462 512 πανενδόξου
2493 447 2769 518 μάρτυρος
2803 438 3100 497 Βικεντίου.
3140 437 3230 493 Ἑν
3276 438 3385 507 ὅσῳ
3439 435 3496 489 δὲ
3527 434 3599 487 τὰ

340 574 689 635 chinabatur,
725 565 960 641 providit
987 562 1151 627 Dens,
1202 558 1360 629 cuius
1406 553 1622 611 bonitas
1664 550 1811 607 omni
1850 564 1914 604 es

339 676 495 738 parte
531 663 770 735 perfecta
804 669 905 724 est,
941 667 997 712 ut
1032 664 1295 727 tyrannus
1330 649 1421 704 ille
1453 645 1603 703 omni
1637 659 1733 714 spe
1754 643 1916 697 dece-

339 772 465 829 ptus
490 762 861 827 superaretur.
892 741 1070 821 ipsius
1096 746 1242 802 enim
1285 739 1539 809 martyris
1563 737 1801 792 animam
1838 733 1921 785 vi-

338 825 585 913 ctricem,
617 863 684 902 ex
723 845 932 900 caduco
981 850 1039 895 et
1086 837 1261 908 fragili
1293 833 1541 905 corporis
1568 825 1921 885 tabernaculo

338 946 402 996 at
455 940 733 995 caelestem
787 937 1068 1005 regionem
1118 928 1377 986 traduxit.
1430 924 1549 994 Qua
1583 937 1643 977 re
1671 918 1920 977 diabolus

342 1035 495 1088 valde
527 1030 789 1086 confusus
841 1026 965 1081 fuit.

408 1121 572 1178 XVll.
600 1120 866 1191 Equidem
906 1132 1015 1172 non
1066 1122 1270 1169 temere
1312 1109 1511 1164 factum
1566 1105 1820 1167 arbitror,
1864 1111 1923 1154 ut

340 1215 722 1273 sanctissimus
753 1213 835 1266 vir
856 1225 922 1265 eo
937 1219 1181 1278 tempore
1204 1213 1431 1259 mortem
1460 1199 1656 1261 obiret,
1685 1211 1792 1266 quo
1818 1195 1920 1247 Da-

340 1312 522 1365 tianus
549 1310 663 1378 ipse
692 1304 972 1373 curatione
998 1302 1106 1365 illa,
1154 1298 1237 1355 vel
1266 1293 1478 1351 insidiis
1498 1290 1675 1362 potius
1719 1300 1922 1356 marty-

341 1418 456 1457 rem
481 1399 695 1471 aggredi
725 1398 961 1451 volebat.
990 1392 1241 1446 Dicturus
1266 1389 1411 1443 enim
1431 1384 1640 1445 fuisset,
1656 1380 1776 1449 ejus
1793 1391 1923 1432 cura

341 1505 395 1548 ct
427 1493 607 1549 studio
635 1490 896 1543 athletam
932 1482 1276 1539 Vincentium
1317 1487 1591 1534 servatum
1624 1471 1922 1529 esse.Cum

344 1586 511 1657 igitur
550 1582 808 1645 victorem
853 1585 1145 1647 martyrem
1200 1572 1401 1627 obiisse
1452 1569 1713 1623 Datianus
1764 1580 1924 1620 acce-

342 1680 532 1747 pisset,
557 1675 723 1744 carpit
748 1672 887 1727 ultra
911 1669 1128 1723 modum
1148 1665 1414 1729 insanire,
1441 1671 1496 1717 et
1523 1662 1599 1715 ait
1627 1679 1639 1714 :
1662 1659 1718 1714 Si
1742 1659 1924 1713 vivum

342 1766 619 1821 hominem
662 1765 825 1817 istum
874 1773 1135 1829 superare
1166 1771 1277 1810 non
1319 1754 1495 1825 potui,
1537 1754 1731 1806 saltem
1771 1766 1923 1804 mor-

345 1867 498 1911 tuum
532 1854 823 1925 superabo.
854 1818 972 1905 Non
1003 1849 1237 1919 amplius
1254 1818 1506 1916 superest
1535 1844 1589 1897 in
1620 1859 1686 1897 eo
1701 1840 1924 1911 spiritus
1959 1818 1999 1875 Β

345 1951 437 2021 qui
467 1949 598 2003 mihi
636 1947 973 2007 adversetur,
1018 1957 1194 2010 neque
1233 1938 1473 1995 hominis
1520 1939 1719 1991 mortui
1750 1949 1923 1988 mem-

346 2040 443 2093 bra
480 2052 693 2092 mecum
732 2035 966 2104 amplius
1010 2045 1253 2102 pugnare
1287 2036 1565 2099 poterunt.
1603 2026 1925 2095 Projiciatur

345 2127 509 2198 igitur
542 2126 598 2179 in
634 2138 887 2193 campum
927 2123 1046 2192 ejus
1068 2121 1325 2184 cadaver,
1346 2132 1524 2187 neque
1554 2117 1810 2171 arborum
1847 2115 1927 2168 i'o-

345 2220 455 2285 liis,
485 2227 581 2272 aut
612 2216 716 2270 alia
760 2231 816 2270 re
845 2222 1163 2285 contegatur
1194 2228 1208 2265 :
1247 2211 1343 2267 sed
1373 2210 1504 2265 feris
1532 2217 1585 2261 et
1609 2207 1923 2262 volucribus

345 2308 405 2362 in
442 2322 623 2363 escam
687 2304 1025 2375 propositum
1077 2302 1170 2356 sit.
1222 2300 1491 2370 Quidquid
1543 2299 1684 2357 enim
1735 2310 1924 2355 contra

347 2407 622 2453 mortuum
677 2396 842 2450 istum
876 2393 1089 2450 eﬂicere
1123 2401 1345 2461 potero.
1395 2406 1505 2445 non
1555 2393 1820 2456 omittam,
1866 2401 1924 2447 ut

345 2500 530 2545 careat
550 2490 740 2544 funere
777 2503 841 2543 ac
866 2486 1165 2557 sepultura.

2020 545 2244 599 τοιαῦτα
2272 540 2458 602 δολίως
2487 539 2812 608 ἐφθέγγετο,
2847 536 2875 590 ὀ
2913 531 3225 601 πανάγαθος
3253 531 3383 592 Θεὸς
3416 526 3599 597 βουλό·

2025 653 2185 708 μενος
2233 635 2332 705 τὴν
2365 630 2536 706 ἧτταν
2591 627 3001 697 ἀπενέγκασθαι
3036 626 3128 677 τὸν
3172 624 3457 693 τύραννον,
3499 619 3601 687 τὴν

2022 707 2185 796 ἁγίαν
2206 726 2301 780 καὶ
2327 723 2622 795 νικηφόρον
2642 721 2822 791 ψυχὴν
2846 719 2943 773 τοῦ
2972 718 3247 787 μ’άρτυρος
3272 711 3410 782 μετὰ
3439 707 3600 774 δόξης

2023 818 2225 887 πολλῆς
2263 816 2327 868 ἐκ
2356 812 2449 867 τοῦ
2477 812 2811 883 προσκαίρου
2872 804 3229 879 σκηνώματος
3266 801 3601 873 μετέστησεν

2022 913 2103 974 είς
2144 911 2244 981 τὴν
2274 905 2596 978 ἐπουράνιον
2625 903 2832 974 χώραν,
2878 895 3251 967 καταισχύνας
3279 893 3373 945 τὸν
3416 889 3603 943 διάϐο-

2021 1005 2131 1058 λον.

2094 1119 2196 1174 IZ'.
2229 1113 2457 1185 Νομίζω
2510 1110 2567 1166 δὲ
2623 1108 2700 1182 μὴ
2734 1107 2921 1168 ἁπλῶς
2978 1095 3473 1175 προτετελειῶσθαι
3512 1097 3602 1149 τὶν

2024 1210 2202 1279 ἅγιον,
2234 1211 2332 1279 τῆς
2376 1204 2538 1276 δῆθεν
2586 1200 3053 1274 εὐτρεπιζομένης
3099 1196 3248 1265 αὐτῷ
3280 1192 3602 1265 θεραπείας,

2029 1303 2226 1374 μᾶλλον
2255 1300 2311 1353 δὲ
2357 1296 2652 1367 ἐπιϐουλῆς
2687 1293 2782 1347 τοῦ
2835 1292 3190 1361 κακόφρονος.
3233 1285 3467 1355 Ἔμελλε
3494 1283 3604 1352 γὰρ

2024 1395 2205 1464 λέγειν
2236 1395 2319 1446 ὅτι
2353 1394 2418 1461 τῇ
2449 1389 2615 1444 αὐτοῦ
2650 1386 2852 1456 σπουδῇ
2880 1400 2939 1437 τε
2965 1385 3057 1437 καὶ
3109 1376 3401 1449 ἐπιμελείᾳ
3446 1390 3605 1445 περιέ

2025 1486 2296 1540 σεσῶσθαι
2336 1484 2426 1537 τὸν
2454 1481 2782 1550 ἀγωνιστήν.
2827 1471 3259 1543 Ἀπαγγέλλεται
3313 1468 3492 1520 τοίνυν
3524 1462 3603 1533 τῷ

2026 1575 2330 1646 παρανόμῳ
2356 1570 2602 1642 Δάτιανῷ
2634 1571 2667 1641 ἡ
2702 1566 2794 1621 τοῦ
2828 1563 3146 1634 στεφανίτου
3171 1556 3474 1618 τελείωσις,
3507 1551 3605 1606 καὶ

2024 1670 2207 1724 λοιπὸν
2243 1665 2660 1734 καταισχυνθεὶς
2712 1662 2803 1713 ἐπὶ
2836 1660 3001 1711 πᾶσιν
3047 1656 3075 1706 ό
3107 1653 3391 1723 τύραννος,
3429 1649 3605 1717 γέλως

2026 1760 2313 1828 ἐτύγχανε,
2362 1758 2455 1809 καὶ
2509 1756 2668 1823 ξένην
2695 1754 2922 1823 ἄρχεται
2963 1747 3160 1819 μανίαν
3200 1741 3508 1816 μαίνεσθαι.
3548 1738 3605 1791 Ε⁸

2031 1852 2108 1922 μὴ
2154 1851 2261 1921 γὰρ
2304 1848 2567 1918 ἐδυνήθην
2617 1843 2808 1904 αὐτοῦ,
2847 1842 3032 1912 φησὶν,
3084 1838 3287 1902 ζῶντος
3324 1831 3579 1905 περιγενέ

2032 1945 2179 2009 σθαι,
2200 1941 2338 1996 ἀλλὰ
2363 1941 2459 1993 καὶ
2479 1937 2610 2007 γοῦν
2643 1935 2871 1989 θανέντα
2902 1934 3308 2004 τιμωρήσομαι.
3345 1928 3458 1979 Οὐκ
3492 1924 3610 1976 ἐστι

2030 2036 2268 2106 πνεῦμα,
2330 2036 2489 2103 φησι,
2526 2033 2585 2085 τὸ
2617 2028 3075 2100 ἁντιμαχόμενον,
3137 2024 3260 2083 οὐτε
3301 2021 3405 2093 μὴν
3462 2016 3610 2089 ψυχὴ

2030 2122 2303 2197 νικήσασά
2344 2143 2432 2195 με,
2459 2122 2748 2191 ἀνθρώπου
2794 2119 2990 2191 νεκροῦ
3029 2115 3255 2186 οὐδεμία
3291 2114 3438 2183 μάχη
3468 2109 3610 2163 κατᾶ

2032 2219 2209 2289 μελῶν
2242 2217 2487 2287 ἀψύχων.
2530 2216 2589 2289 lii
2620 2215 2728 2284 γὰρ
2774 2213 2834 2264 τὸ
2857 2213 3018 2280 σῶμα
3046 2206 3351 2261 διαλέλυται
3385 2243 3399 2267 ,
3431 2201 3610 2265 ξέναις

2032 2310 2318 2383 τιμωρίαις
2344 2306 2878 2377 ἐκδακχευθήσομαι,
2914 2304 3008 2355 καὶ
3031 2303 3157 2372 ὅρον
3176 2297 3339 2351 τανῦν
3367 2295 3611 2364 λήψομαι

2028 2401 2139 2453 τῶν
2172 2402 2458 2465 αἱκιστῶν,
2486 2403 2533 2451 εί
2556 2400 2651 2451 καὶ
2685 2396 2760 2466 μὴ
2782 2395 2850 2446 τὰ
2885 2393 2983 2461 τῆς
3020 2392 3176 2459 νίκης
3205 2404 3295 2458 μοι
3344 2384 3610 2455 προσεγέο

2032 2510 2175 2547 νετο.
2216 2493 2519 2547 Ῥιπτὲεθω
2547 2476 2838 2557 τοιγαροῦν
2861 2485 3001 2537 κατὰ
3048 2482 3141 2534 τοῦ
3171 2479 3355 2532 πεδίου
3387 2479 3446 2528 τὸ
3473 2473 3612 2543 ἄψυ-

342 2600 441 2656 χον
475 2584 656 2655 σῶμα,
685 2582 925 2653 μηδεμιᾷ
944 2579 1000 2632 δὲ
1030 2576 1208 2645 σκέπῃ
1237 2576 1304 2645 τῇ
1329 2575 1437 2627 ἀπὸ
1464 2576 1573 2629 τῶν
1600 2577 1851 2648 δένδρων,
1889 2580 1922 2652 ἦ
1962 2581 2123 2638 ἄλλου
2155 2587 2297 2648 τινὸς
2377 2582 2773 2654 κρυπτόμενον,
2825 2577 2971 2638 ὅπως
3015 2574 3283 2639 εὔληπτον
3321 2572 3408 2638 εἴη
3473 2566 3610 2635 πρὸς

350 2681 537 2751 βορὰν,
585 2675 748 2747 θηρσί
795 2690 856 2727 τε
906 2673 1001 2725 καὶ
1029 2669 1237 2740 ὀρνέοις
1270 2669 1362 2720 καὶ
1423 2668 1603 2736 κυσὶν,
1651 2670 2008 2741 ἢτοῦτο,κᾶν
2064 2679 2200 2749 ὅπερ
2244 2677 2386 2731 κατὰ
2437 2675 2732 2739 τεθνεῶτος
2779 2672 3039 2741 δύναμαι,
3079 2668 3285 2736 ἄταφος
3344 2663 3440 2715 καὶ
3468 2659 3610 2727 dxi}-

347 2771 534 2833 δευτος
561 2764 867 2822 ἀπολέσθω.
1144 2813 1151 2820 .

418 2860 609 2916 XVIII.
635 2859 822 2927 Itaque
839 2852 1524 2927 pretiosissima-martyris
1565 2853 1808 2924 reliquiae
1830 2872 1928 2912 ne—

352 2957 490 3013 fario
529 2954 744 3026 tyranni
779 2952 960 3007 edicto
992 2949 1253 3020 proiectae
1296 2959 1445 3012 sunt,
1479 2948 1585 3003 illis
1630 2950 1925 3017 assidente,

349 3063 553 3120 easque
564 3044 905 3103 custodiente
920 3042 1196 3107 carniﬁce,
1218 3042 1547 3111 pessimique
1565 3041 1707 3096 illius
1722 3042 1927 3097 Datiani

350 3140 540 3195 amicis
577 3137 921 3208 quibusdam.
952 3134 1135 3209 Nemo
1153 3143 1335 3188 autem
1373 3132 1811 3188 Christianorum
1851 3149 1909 3188 re

354 3232 530 3303 ligiosi
555 3228 807 3299 martyris
826 3241 1026 3296 corpus
1051 3240 1081 3279 a
1118 3234 1348 3296 tyranno
1368 3233 1553 3294 petere
1578 3225 1836 3287 audebat,
1871 3242 1933 3296 ιιι

356 3323 566 3380 scilicet
608 3320 901 3390 optabilem
948 3320 1101 3373 illum
1152 3329 1440 3390 martyrem
1491 3336 1677 3375 secum
1731 3322 1934 3376 habere

355 3420 561 3483 posset.
620 3412 831 3465 Corvus
880 3417 1063 3462 autem
1112 3393 1513 3476 quidam,ales,
1560 3412 1806 3481 inquam,
1845 3411 1933 3464 ille

355 3499 760 3574 ignavissimus,
799 3508 856 3554 et
882 3497 1118 3551 maxime
1147 3499 1350 3568 segnis,
1388 3513 1419 3552 e
1464 3500 1770 3569 propinquo
1816 3500 1935 3555 loco

357 3591 649 3657 advolavit,
675 3600 730 3646 et
771 3599 1022 3645 sanctum
1046 3589 1174 3643 illud
1200 3604 1399 3661 corpus
1428 3592 1702 3647 custodire
1734 3592 1933 3662 coepit:

355 3685 449 3756 qui
496 3684 668 3753 nigris
701 3683 897 3752 pennis
942 3691 998 3735 et
1049 3680 1233 3735 colore
1293 3689 1437 3744 atro,
1492 3690 1751 3751 tanquam
1788 3683 1934 3752 pulla

358 3775 593 3846 quadam
648 3783 798 3828 veste
848 3772 1094 3837 indutus,
1127 3771 1531 3842 quodammodo
1564 3773 1773 3827 luctum
1826 3788 1938 3843 pra:

358 3882 418 3923 so
473 3865 700 3932 ferebat,
746 3863 989 3934 aliasque
1040 3864 1292 3919 volucres
1357 3864 1697 3935 grandiores,
1752 3866 1937 3919 volatu

358 3974 557 4030 magno
589 3959 717 4013 illuc
761 3958 1051 4023 irruentes,
1098 3957 1326 4028 impigre
1364 3971 1724 4028 persequens,
1758 3971 1789 4012 e
1818 3959 1939 4013 loco

359 4050 451 4107 illo
484 4049 645 4105 facile
672 4048 940 4119 abigebat.
972 4047 1229 4113 Quinimo
1276 4048 1466 4117 lupum
1518 4050 1813 4117 quemdam
1848 4064 1938 4102 re-

359 4141 585 4212 pentino
609 4154 774 4195 cursu
803 4154 869 4194 eo
896 4140 1202 4193 venientem
1231 4140 1305 4193 ita
1337 4140 1556 4208 repulit,
1586 4148 1643 4194 ut
1675 4140 1764 4194 ille
1789 4148 1940 4210 terga

358 4240 601 4295 vertens,
634 4244 746 4283 non
795 4229 945 4284 corvi
977 4228 1198 4299 quidem
1249 4229 1533 4299 impetum,
1570 4230 1667 4285 sed
1706 4232 1940 4300 jacentis

359 4323 506 4380 illius
539 4321 716 4376 sancti
746 4321 992 4391 corporis
1023 4330 1302 4391 aspectum
1330 4322 1689 4377 extimescere
1721 4340 1830 4394 pra:
1879 4338 1939 4378 se

2107 2859 2218 2924 ΠΥ.
2251 2869 2363 2923 Καὶ
2390 2868 2455 2939 δὴ
2504 2868 2745 2935 ἐξέκειτο
2780 2861 2914 2935 προς
2974 2858 3244 2931 τιμωρίαν
3287 2856 3348 2929 to
3395 2853 3613 2907 πο).υτὶ‹

2038 2977 2208 3030 μητον
2235 2958 2487 3028 λείψανον
2504 2959 2597 3011 τοῦ
2629 2952 2953 3026 ἁγωνιστοῦ,
2974 2952 3114 3004 κατὰ
3144 2949 3204 3001 τὸ
3228 2947 3489 3016 ἀθέμιτον
3516 2943 3609 2996 τοῦ

2039 3052 2315 3125 ἱεροσύλου
2362 3051 2711 3123 πρόσταγμα,
2754 3047 2875 3100 οὐδὲ
2931 3040 3313 3113 ὲφεδρεύοντός
3344 3055 3490 3101 τινος
3519 3037 3613 3089 καὶ

2034 3141 2631 3215 παραφυλάττοντος,ἢ
2664 3139 2826 3210 τυχὸν
2859 3138 3108 3208 χρήμασι
3130 3132 3544 3202 διαρθαρέντος,
3578 3128 3611 3198 ἦ

2036 3238 2131 3289 καὶ
2158 3237 2329 3305 φίλων
2363 3235 2523 3288 τινῶν
2544 3233 2638 3287 τοῦ
2665 3231 3005 3301 κακόφρονος
3023 3245 3037 3258 ·
3066 3226 3189 3279 οὐτε
3222 3226 3330 3295 μήν
3362 3240 3444 3285 τις
3482 3222 3614 3292 Χρι-

2040 3327 2327 3398 στιανῶνῆ
2356 3328 2522 3397 οῖκτῳ
2556 3326 2589 3397 ἦ
2619 3325 2710 3378 τοῦ
2735 3323 2993 3384 εὐσεϐοῦς
3022 3320 3181 3390 χάριν
3228 3314 3614 3385 ἐξαιτήσεσθαι

2037 3420 2303 3491 ἠδυνήθη,
2337 3420 2432 3471 καὶ
2467 3418 2796 3486 συγκομίσαι
2824 3415 2885 3467 τὸ
2932 3412 3178 3481 θεοφιλὲς
3212 3411 3486 3478 λείψανον,
3523 3424 3615 3458 και

2039 3510 2183 3581 ἔχειν
2228 3512 2479 3583 μάρτυρα
2534 3512 2613 3573 είς
2653 3510 2903 3561 εὐκταῖον
2953 3508 3064 3566 τοῖς
3124 3504 3290 3557 πᾶσιν
3345 3498 3619 3569 ὁμόρυλον

2039 3601 2267 3671 ἀγαθόν,
2320 3602 2420 3655 Διὰ
2452 3602 2503 3654 τί
2541 3600 2597 3653 δὲ
2644 3600 2806 3669 τυχὸν
2853 3583 3104 3664 ἐκωλύθη
3156 3592 3320 3646 τινῶν
3349 3591 3434 3642 ἐπ’
3468 3589 3618 3657 αὐτῷ

2041 3699 2296 3765 παρεῖναι
2329 3693 2729 3765 παραφυλακὴν
2756 3688 3179 3760 καὶ“θεραπείαν
3216 3683 3448 3754 θνητῶν,
3509 3682 3617 3751 μήθ

2042 3796 2156 3849 πως
2184 3786 2247 3855 δὴ
2298 3784 2590 3852 ἁγγελικαὶ
2624 3784 2718 3836 καὶ
2748 3782 2891 3834 θεῖαι
2936 3775 3261 3849 δορυφορίαι
3311 3773 3620 3842 κεχρῆσθιοι

2041 3878 2372 3948 νομισθεῖεν,
2428 3877 2488 3927 τὸ
2516 3875 2887 3946 ἐπαγρυπνεῖν
2916 3872 3009 3924 καὶ
3049 3869 3342 3938 φυλάττειν
3364 3868 3425 3916 τὸ
3460 3862 3617 3930 ἅγιο)

2042 3968 2201 4037 σῶμα
2234 3967 2329 4020 τοῦ
2369 3965 2664 4037 μάρτυρος,
2692 3966 2740 4017 εί
2766 3959 3081 4032 ἀνθρωπεία
3108 3975 3190 4021 τις
3234 3957 3413 4027 παρῆν
3443 3955 3619 4024 ἐμμέ-

2040 4059 2192 4123 λεια;
2225 4057 2394 4127 κόραξ
2422 4057 2498 4121 δὲ,
2532 4056 2694 4127 φημὶ,
2733 4055 2795 4107 τὸ
2825 4054 3010 4125 ὄρνεον
3053 4050 3358 4123 ἁργότατόν
3384 4064 3443 4100 τε
3477 4046 3618 4099 πάν-

2040 4168 2152 4206 ⁸των
2214 4150 2308 4203 καὶ
2354 4150 2720 4219 όκνηρότατον
2773 4148 3037 4199 πετεινῶν
3089 4146 3154 4197 ὲκ
3196 4141 3290 4195 τοῦ
3352 4140 3620 4207 σύνεγγυς

2043 4241 2409 4310 καθεζόμενον
2458 4242 2524 4309 τῇ
2575 4237 2806 4307 ζοφώδει
2854 4237 3002 4306 εἰδέα
3031 4253 3091 4288 τε
3128 4236 3223 4286 καὶ
3254 4231 3332 4302 τῷ
3367 4232 3619 4301 χρώματι

2042 4335 2140 4401 τὴν
2168 4332 2387 4403 κηδείαν
2416 4330 2510 4382 τοῦ
2561 4327 2813 4398 σώματος
2854 4329 2949 4381 καὶ
2985 4326 3233 4395 φυλακὴν
3260 4326 3516 4386 eumsi-ra,
3547 4321 3618 4383 (ἒς

362 4412 606 4507 fume“
647 4421 875 4507 εξυροτε
898 4410 1201 4507 Ρετευιδυεν
1252 4421 1477 4481 repente
1524 4414 1933 4484 δυωθτίυῧιθτίῑι
1972 4454 2016 4507 D
2044 4426 2193 4478 ἔστιν
2249 4421 2566 4486 ὑπολαϐεῖν,
2619 4420 2716 4473 καὶ
2744 4418 2936 4490 ὥσπερ
2991 4417 3253 4488 μέλαιναν
3292 4414 3496 4484 ἐσθῆτα
3520 4411 3617 4480 τὴν

361 4502 628 4574 Equidem
661 4502 832 4558 feram
861 4503 1009 4557 illam
1056 4503 1299 4574 angelica
1343 4506 1632 4573 przesentia
1667 4517 1940 4575 perterre-

361 4604 564 4654 t'actam
622 4596 773 4652 illinc
827 4596 1104 4669 aufugisse
1156 4598 1413 4653 arbitror.
1462 4595 1659 4652 Vetere
1712 4596 1936 4652 historia

360 4690 523 4744 nobis
556 4688 817 4743 traditum
840 4698 945 4754 est,
974 4689 1194 4744 beatum
1235 4690 1405 4743 Etiam
1447 4688 1805 4744 Israelitarum
1840 4689 1940 4742 im-

359 4781 617 4851 pietatem
643 4778 943 4852 fugientem
968 4783 1011 4847 ²,
1047 4796 1172 4837 cum
1204 4767 1438 4837 deSertis
1467 4782 1602 4838 locis
1633 4791 1688 4836 et
1717 4782 1939 4852 spelun-

361 4874 440 4929 cis
472 4890 694 4945 pravam
725 4889 915 4930 eorum
949 4874 1256 4940 hominum,
1291 4876 1385 4946 qui
1417 4882 1547 4929 tunc
1581 4884 1759 4941 erant,
1805 4889 1939 4928 con-

362 4967 707 5024 suetudinem
759 4976 1135 5037 permutasse,
1186 4982 1366 5037 eoque
1402 4976 1649 5036 tempore
1697 4966 1939 5037 quotidie

361 5075 522 5117 mane
545 5073 609 5116 ac
635 5057 852 5128 vesperi
874 5059 1197 5128 praphetam
1223 5056 1371 5111 illum
1398 5073 1429 5111 a
1454 5072 1620 5114 corvo
1647 5059 1752 5114 sibi
1792 5059 1944 5112 obla-

363 5162 478 5210 tum
509 5152 691 5225 cibum
722 5152 1020 5222 accepisse.
1054 5151 1121 5205 Et
1150 5165 1298 5206 nunc.
1343 5151 1503 5223 igitur
1533 5151 1719 5206 divino
1758 5151 1937 5222 jussu,

361 5245 822 5317 quemadmodum
866 5255 922 5299 et
949 5243 1099 5310 olim,
1136 5259 1333 5299 corvus
1380 5244 1669 5308 excitatus,
1710 5243 1945 5299 Vincen-

363 5340 440 5393 tio
466 5337 691 5409 martyri
743 5343 1136 5407 congruentem
1176 5350 1399 5407 operam
1451 5349 1747 5406 curamque
1790 5336 1947 5390 adhi-

364 5431 547 5488 bebat.

2041 4515 2251 4569 οἰκείαν
2292 4512 2786 4584 ἐπαμφιασάμενος
2814 4509 3029 4580 χροιὰν,
3062 4507 3123 4560 τὸ
3166 4505 3362 4568 πένθος
3406 4502 3613 4557 ἐπεδεί-

2044 4621 2235 4659 κνυτο·
2302 4604 2371 4656 τὰ
2412 4602 2468 4655 δὲ
2523 4602 2891 4671 ἐπιφοιτῶντα
2938 4599 3101 4670 ὄρνεα
3136 4596 3321 4661 λοιπὰ,
3387 4593 3616 4664 μέγιστα

2041 4697 2171 4750 ὄντα
2211 4696 2307 4751 καὶ
2360 4693 2582 4766 ὀλέθρια
2634 4695 2745 4756 τοῖς
2780 4695 3001 4762 πτεροῖς
3046 4690 3384 4759 ὑπάρχοντα,
3447 4685 3617 4756 ῥᾷστα

2046 4787 2372 4850 ἀπεδίωκεν,
2420 4784 2715 4840 ἐπελθόντα
2764 4783 2821 4837 δὲ
2880 4784 2973 4836 καὶ
3027 4781 3190 4833 λύκον
3250 4781 3316 4847 τῇ
3374 4774 3611 4843 aiantqu

2046 4880 2290 4951 πτοήσας
2323 4878 2594 4948 συνδρομῇ
2633 4874 2886 4941 ἐξεδίωκε
2914 4873 3006 4927 τοῦ
3029 4871 3279 4941 σώματος
3298 4886 3310 4900 ·
3333 4873 3358 4921 ό
3382 4868 3439 4922 δὲ
3462 4866 3619 4925 λύκος

2036 4972 2365 5049 ’ἐπικάμψας
2391 4972 2482 5023 τὸν
2531 4970 2757 5039 αὐχένα,
2783 4969 2875 5020 καὶ
2907 4967 2967 5019 οὐ
3001 4968 3099 5037 τὴν
3129 4962 3305 5035 ὁρμὴν
3341 4961 3433 5014 τοῦ
3460 4958 3625 5026 κόρα-

2046 5079 2164 5125 κος,
2201 5063 2336 5114 ἀλλὰ
2368 5063 2466 5131 τὴν
2496 5060 2619 5130 ὄψιν
2638 5059 2732 5112 τοῦ
2757 5059 3018 5127 κειμένου
3049 5056 3304 5125 λειψάνου
3337 5051 3624 5105 καταπλα-

2048 5158 2163 5227 γεὶς
2195 5153 2493 5224 συνεστάλη
2519 5163 2533 5183 ⁶
2568 5153 2812 5207 πιστεύω
2831 5152 2887 5206 δὲ
2913 5153 2994 5204 ὅτι
3020 5148 3317 5217 ἀγγελικῆς
3342 5144 3626 5215 ἐφεδρείας

2050 5249 2350 5321 θαυμάζων
2388 5249 2873 5319 τινὰ-πρόσπνοιαν
2900 5244 3165 5317 ἁπεπάγη
3214 5239 3292 5309 ’τῷ
3322 5238 3451 5292 δέει.
3496 5237 3623 5307 ’Λρ-

2048 5342 2181 5411 χαία
2232 5357 2316 5402 τις
2370 5341 2503 5408 ἡμῖν
2543 5337 2754 5409 ἱστορία
2801 5334 3164 5404 παραδέδοται
3214 5330 3489 5399 φεύγοντα
3532 5322 3651 5378 τὺι’

2053 5434 2325 5502 μακάριον
2365 5432 2552 5484 Ἠλίαν
2586 5434 2681 5500 τὴν
2730 5430 2838 5482 τῶν
2879 5426 3234 5499 Ἰσραηλιτῶν
3277 5416 3645 5477 δυσσ-6ειαν,’

361 5529 460 5578 καὶ
487 5531 586 5595 τὴν
623 5525 854 5578 ἔκτοπον
908 5523 1008 5594 τῆς
1059 5522 1297 5586 Ἰεζάϐελ
1362 5523 1667 5593 μιαρῦτητα
1708 5523 1937 5593 ἐρήμοις
1977 5527 2069 5579 καὶ
2130 5526 2416 5597 σπηλαίοις
2474 5521 3066 5576 ἁντικαταλλάσσεσοαι
3097 5522 3198 5587 τὴν
3237 5520 3347 5569 τών
3387 5518 3504 5562 τότε
3532 5512 3622 5561 ἁν-

368 5616 600 5684 θρῶπων
626 5619 1093 5690 συναναστροφὴν,
1112 5620 1347 5691 ἑκάστης
1365 5621 1574 5691 ἡμέρας
1599 5620 1659 5673 τὸ
1680 5620 1931 5693 δεύτερον
2000 5622 2097 5693 τὴν
2134 5623 2409 5678 διακονίαν
2477 5616 2647 5691 εἶχεν,
2700 5620 2794 5674 καὶ
2834 5616 2912 5689 τῷ
2979 5625 3229 5685 προρητῃ
3265 5611 3344 5673 είς
3392 5607 3488 5679 τὴν
3517 5609 3623 5660 τ.“ιν

441 5787 506 5839 '1
530 5785 663 5858 Reg.
697 5806 830 5859 xvn,
870 5793 892 5845 i
923 5803 976 5848 et
1008 5808 1158 5867 seqq.
