4116 6400
525 367 631 449 753

1789 391 1965 451 VITA
2008 393 2068 452 S.
2108 392 2530 455 VINCENTII.

3680 396 3784 459 774

524 492 745 567 τροφῶν
786 496 1170 567 παρακομιδὴν
1198 496 1564 552 διακονεῖσθαι
1591 500 1746 571 παρὰ
1788 500 1882 555 τοῦ
1911 501 2098 573 ὁμοίου
2137 504 2350 574 ὀρνέου,
2409 505 2554 575 φημὶ
2598 505 2684 577 δὴ.
2732 507 2826 561 τοῦ
2893 524 3167 579 κορακος·
3210 506 3348 564 ἀλλά
3391 509 3498 582 γὰρ
3566 514 3663 566 καὶ
3693 514 3785 566 ἐπὶ

522 588 618 643 τοῦ
682 590 951 661 παρόντος
1004 588 1082 660 τῷ
1138 591 1306 646 πάλαι
1370 593 1499 663 θείῳ
1553 594 1940 666 προστάγματι
1992 596 2091 661 τὰς
2131 596 2517 669 προσηκούσας
2540 599 2844 670 ’θεραπείας
2875 601 3084 655 ἐκτελεί
3111 599 3189 672 τῷ
3214 602 3474 674 μάρτυρι.

519 758 535 773 ο
594 700 697 757 ΙΘ’.
734 702 878 773 Πρὸς
916 701 944 755 δ
969 702 1060 755 καὶ
1085 702 1403 774 παραδόξως
1452 703 1747 774 ἐκπλαγεὶς
1787 708 1815 759 ὁ
1843 705 2088 770 Δατιανδς

2276 708 2419 763 XIX.
2456 708 2575 775 Quo
2605 708 2869 764 miraculo
2898 710 3183 780 perculsus
3227 712 3510 777 Datianus,
3549 716 3785 769 clamare

524 795 726 868 ἦρξατο
785 795 914 866 βοᾷν
948 796 1043 848 καὶ
1074 795 1284 861 λέγειν·
1318 796 1421 849 Φεῦ
1452 788 1624 851 1ὀῦτε
1676 798 1872 867 νεκροῦ
1936 798 2101 851 αὐτοῦ

525 884 910 954 περιγενέσθαι
968 884 1241 955 δύναμαι·
1278 887 1344 940 ἐκ
1374 886 1431 941 δὲ
1478 887 1569 940 τοῦ
1610 889 1855 942 ἐναντίου
1889 892 1953 960 τῇ
1994 892 2100 962 ἐμῇ

525 979 854 1051 χαλεπότητι
906 979 1245 1052 ἐνδοξότερος
1284 982 1694 1036 ἀναδείκνυται.
1740 983 1960 1052 Ἐπειδὴ
2007 980 2102 1037 οῦν

430 1143 440 1148 _
522 1070 801 1134 ἀδυνάτως
858 1072 951 1125 ἐπὶ
993 1072 1096 1141 γῆς
1125 1072 1242 1142 ἔχει
1294 1073 1355 1126 τὸ
1391 1074 1581 1128 τοῦτον
1628 1075 2101 1144 καταναλωθῆναι,

520 1163 600 1234 τῷ
623 1159 850 1231 πελάγει
874 1164 1208 1236 ὑποϐρύχιος
1236 1183 1457 1238 παραπε
1468 1166 1713 1237 μπέσθω,
1745 1167 1804 1220 τὸ
1824 1167 1921 1236 τῆς
1946 1168 2103 1238 νίκης

520 1251 688 1309 αὐτοῦ
773 1255 1113 1324 μεγαλοφυές
1157 1256 1215 1309 δὲ
1271 1259 1304 1325 ἡ
1361 1257 1605 1313 θάλασσα
1668 1258 2099 1329 κατακρυψάτω,

523 1346 608 1400 ἶνα
640 1346 877 1415 ἑκάστης
900 1348 1117 1418 ἡμέρας
1145 1348 1222 1421 μὴ
1247 1349 1417 1419 γέλως
1470 1349 1561 1404 ὑπ’
1584 1348 1706 1419 ὄψιν
1743 1351 1853 1404 τῶν
1882 1350 2100 1407 πάντων

518 1436 776 1506 γίνωμαι.
838 1438 1198 1511 Ἐμϐληθήτω
1235 1443 1524 1511 τοιγαροῦν
1557 1445 1614 1497 ἐν
1662 1443 1739 1514 τῷ
1794 1444 2097 1515 ἐρούγκλῳ,

518 1527 645 1591 καθ’
668 1529 729 1583 ὃν
758 1531 960 1600 τρόπον
999 1534 1045 1585 oi
1074 1533 1430 1603 πατροκτόνοι
1461 1535 1520 1587 ἐν
1557 1534 1717 1606 βοείῳ
1748 1536 1902 1606 ἀσκῷ
1928 1553 2099 1590 κατα-

516 1622 877 1692 δεσμούμενοι
906 1624 1187 1695 ρίπτονται
1217 1625 1359 1679 κτιτά
1382 1624 1477 1680 τοῦ
1524 1627 1794 1695 πελάγους
1818 1644 1831 1658 ’
1866 1628 2001 1682 λίθοι
2040 1628 2098 1681 δὲ

516 1713 1027 1780 συστιϐαζέσθωσαν
1057 1716 1132 1788 τῷ
1155 1718 1640 1789 ἐσπαργανωμένῳ
1672 1718 1885 1788 σώματι
1906 1718 2094 1784 αὐτοῦ,

516 1804 613 1859 καὶ
638 1805 727 1860 ὅτε
760 1806 1008 1860 πλεῖστον
1070 1810 1163 1861 ἐπὶ
1189 1809 1259 1862 τὰ
1312 1807 1452 1878 βάθη
1496 1809 1769 1879 διάστημα
1798 1809 2027 1863 ἔλθωσιν
2048 1810 2097 1863 oi

514 1896 731 1962 ναῦται,
773 1898 1157 1971 ἐκριψάτωσαν
1189 1902 1356 1955 αὐτὸν
1385 1905 1498 1965 τοῖς
1546 1900 1836 1976 κύμασιν..
1869 1902 2017 1965 ὅπως
2045 1901 2095 1954 oi

511 1988 623 2043 τῶν
648 1991 849 2062 ἰχθύων
879 1993 1055 2045 ἄσιτοι
1087 1992 1142 2047 εί
1169 1993 1273 2048 πού
1305 2011 1357 2047 τι
1392 1993 1804 2064 ἁσπάρακτονῆ
1837 1992 2090 2066 τραύμα-

2208 801 2373 870 coepit
2396 820 2409 855 :
2434 803 2550 855 Heu
2570 802 2582 855 l
2607 801 2867 871 quidnam
2890 803 2996 858 hoc
3010 813 3099 869 est
3113 805 3137 859 ἲ
3160 802 3241 860 Ne
3269 814 3543 861 mortuum
3565 806 3782 877 quidem

2207 893 2487 948 hominem
2528 893 2696 948 istum
2736 909 2996 964 superare
3037 891 3348 965 possumus.
3382 897 3646 963 Qninimo
3675 913 3783 967 quo

2205 986 2413 1056 majore
2445 984 2746 1040 acerbitate
2765 987 2820 1040 in
2850 1002 2974 1041 eum
2994 987 3220 1053 utimur,
3245 1003 3311 1042 eo
3332 989 3562 1045 eliieitur
3583 990 3782 1061 glorio-

2205 1076 2335 1131 sior.
2379 1076 2646 1141 Quoniam
2706 1076 2871 1147 igitur
2909 1077 3022 1131 ﬁeri
3053 1094 3161 1132 non
3210 1078 3387 1150 potuit
3430 1089 3489 1133 ut
3532 1079 3585 1133 in
3622 1079 3786 1137 terris

2203 1176 2643 1231 consumeretur,
2677 1167 2730 1222 in
2762 1168 2931 1222 altum
2964 1183 3112 1222 mare
3138 1168 3506 1238 demergatur,
3542 1169 3782 1237 uthujus

2204 1258 2445 1313 victoriae
2492 1259 2955 1329 magniﬁcentiam
3013 1276 3162 1316 mare
3215 1261 3392 1329 ipsum
3445 1260 3662 1326 obruat,
3711 1276 3781 1329 ne

2201 1350 2446 1420 quotidie
2484 1351 2740 1405 omnibus
2769 1351 3029 1405 ridiculus
3060 1351 3203 1406 tiam.
3232 1351 3529 1421 Dejiciatur
3573 1362 3777 1418 autem,

2200 1441 2659 1513 quemadmodum
2692 1442 2973 1511 parricidae
3012 1442 3208 1508 solent,
3248 1443 3303 1497 in
3352 1452 3471 1498 utre
3516 1460 3580 1499 ex
3625 1443 3783 1499 bonis

2201 1534 2341 1604 pelle
2365 1534 2615 1588 confecto
2638 1532 2934 1597 inclusum,
2969 1535 3223 1605 saxisque
3252 1536 3463 1605 magnis
3489 1537 3777 1606 illigatum,

2200 1627 2321 1695 ejus
2354 1625 2586 1680 cadaver
2637 1624 2689 1680 in
2749 1626 2917 1679 altum
2953 1640 3102 1681 mare
3140 1626 3509 1698 demergatur,
3540 1640 3777 1695 cumquo

2200 1727 2380 1771 nautze
2412 1718 2512 1786 ipsi
2545 1716 2775 1771 multum
2807 1717 2977 1772 maris
3008 1717 3244 1788 spatium
3273 1718 3565 1780 tranarint,
3601 1717 3653 1771 in
3676 1734 3776 1771 un-

2196 1809 2295 1865 das
2318 1809 2771 1879 profundissimas
2792 1809 2952 1864 istius
2980 1809 3217 1867 hominis
3239 1809 3473 1863 cadaver
3498 1807 3776 1878 dejiciant.

2198 1913 2259 1957 ut
2291 1901 2335 1956 si
2361 1902 2506 1972 quod
2538 1901 2807 1956 Vincentii
2857 1901 3160 1955 membrum
3208 1900 3476 1971 reliquum
3513 1908 3617 1963 est,
3644 1897 3778 1953 illud

2198 1994 2376 2063 pisces
2399 1999 2723 2047 consumant
2742 1999 2798 2046 et
2818 1991 3104 2047 devorent.
3138 1989 3325 2062 Itaque
3356 1991 3609 2061 pretiosae
3630 2005 3777 2042 mar-

512 2096 606 2144 τος
652 2081 937 2154 ἐλεύθερον
994 2085 1047 2138 τὸ
1079 2086 1241 2158 τυχὸν
1286 2086 1434 2157 αύτῷ
1470 2086 1631 2157 μέλος
1679 2085 2088 2150 ὑπολέλειπται,

2194 2061 2331 2157 ,ιγτίε
2381 2084 2664 2156 reliquiae,
2710 2085 2853 2140 sicut
2895 2084 3156 2141 Datianus
3213 2061 3472 2156 iusserat.
3507 2084 3780 2139 conclusas

524 2169 819 2238 λάπτοντες
846 2175 1123 2246 ἐπιμόνως
1151 2178 1247 2231 καὶ
1271 2176 1431 2230 τοῦτο
1456 2175 1909 2235 καταναλώσωτι.

2200 2185 2347 2233 Sunt.

562 2253 569 2261 ’
610 2264 664 2332 1)
704 2265 813 2320 Καὶ
847 2268 1037 2339 ἐπειδὴ
1069 2268 1135 2321 τά
1153 2271 1385 2339 χερσαῖα
1412 2268 1579 2339 θηρία
1633 2267 1833 2339 μᾶλλον
1862 2267 2072 2338 ἀδρανῆ
2103 2266 2201 2339 τήν
2240 2266 2335 2322 τοῦ
2371 2267 2622 2339 σώματος
2653 2269 2820 2339 φειδὼ
2849 2271 3198 2340 πεποίηνται.
3225 2271 3364 2325 ἀλλὰ
3410 2269 3541 2341 γοῦν
3590 2269 3774 2341 κητῶν

509 2357 792 2429 ἀκορέστῳ
827 2360 1058 2431 στόματι
1111 2362 1586 2433 κατατεμνόμενον
1625 2363 1771 2416 ἅπαν
1804 2360 2251 2431 ἀναλωθήσεταιο
2303 2361 2438 2414 εἰδὲ
2509 2362 2602 2416 καὶ
2666 2362 2838 2429 ξένοις
2905 2364 3173 2431 αἰγιαλοῖς
3243 2363 3630 2435 προσπελάσας
3683 2364 3778 2414 ἐκ-

512 2442 827 2527 ριφήσεται,
874 2460 939 2529 τῇ
1002 2457 1340 2530 ἐπαναλήψει
1383 2458 1478 2513 καὶ
1531 2459 1645 2524 τοῖς
1705 2457 1945 2521 διαύλοις
2012 2458 2121 2512 τῶν
2162 2458 2426 2527 κυμάτων
2492 2458 2852 2530 φορούμενος,
2908 2461 3193 2525 σκοπέλοις
3239 2460 3596 2532 προσραγελς,
3637 2459 3780 2530 μήτε

510 2548 686 2603 θανὼν
736 2549 965 2620 ἡσυχίας
1002 2550 1270 2618 τεύξεται.
1329 2552 1460 2606 ’ἰδοὺ
1516 2550 1679 2606 πάλιν
1741 2551 1795 2603 τί
1838 2552 1994 2623 δρᾷς,
2035 2546 2080 2604 ὦ
2119 2541 2431 2620 ἀληθῶςέν
2486 2552 2656 2623 σαρκὶ
2682 2551 2938 2619 διάϐολε;
3008 2554 3183 2617 ποιεῖς
3236 2551 3345 2625 γάρ
3381 2553 3472 2604 τὸν
3534 2550 3780 2624 ἀθλητὴν

506 2645 603 2715 καὶ
632 2646 691 2698 ἐν
715 2642 793 2712 τῷ
818 2646 915 2715 τῆς
946 2645 1119 2716 ὑγρᾶς
1172 2646 1425 2717 στοιχείῳ
1455 2646 1657 2715 μᾶλλον
1686 2647 2081 2719 ἐπιδοξῦτερον.
2124 2649 2234 2702 Καὶ
2256 2646 2320 2716 δὴ
2345 2644 2675 2716 ἐμϐάλλεται
2743 2649 2804 2703 τὸ
2868 2649 3025 2718 ἅγιον
3049 2648 3141 2701 καὶ
3190 2647 3487 2717 πολύτιμον
3520 2647 3777 2718 λείψανον

508 2735 604 2788 τοῦ
635 2738 933 2810 μάρτυρος,
958 2740 1137 2803 καθὼς
1163 2739 1494 2810 προσέταξεν
1524 2741 1552 2792 ὁ
1582 2740 1856 2807 ἱερόσυλος
1890 2741 2150 2804 Δατιανὺς
2178 2744 2238 2795 ἐν
2269 2742 2346 2814 τῷ
2412 2744 2713 2815 ἐρούγκλῳ.
2777 2744 2933 2797 Ἔστι
2954 2743 3012 2796 δέ
3053 2745 3080 2795 ὁ
3118 2741 3413 2813 έρουγκλος
3462 2740 3683 2810 πλέγμα
3720 2735 3774 2793 τι

511 2830 847 2899 σπυριδῶδες
899 2832 981 2894 είς
1041 2833 1247 2887 σάκκου
1304 2834 1492 2904 σχῆμα
1550 2832 2064 2903 ἀναπεποιημένον,
2100 2831 2372 2906 ἐπίμηκες
2431 2852 2490 2889 τε
2521 2833 2862 2901 καὶσστενδν,
2898 2835 3036 2904 ὅπερ
3064 2836 3126 2904 τῇ
3177 2832 3444 2904 Ἑλληνίδι
3504 2831 3776 2900 διαλέκτῳ

503 2924 559 2980 oi
589 2928 832 2979 ναυτικοὶ
860 2926 1086 2981 εἰώθασι
1144 2927 1574 3000 προσαγορεύειν
1639 2930 1822 2989 κόῖκα.
1891 2928 2196 2998 ἐπιτήδειον
2218 2930 2271 2983 δὲ
2302 2930 2378 3003 τῷ
2425 2931 2739 3002 βουλομένῳ
2781 2930 2843 2983 τὸ
2882 2929 3122 2985 τοιοῦτον
3152 2928 3365 2994 σκεῦος,
3397 2928 3491 2981 καὶ
3534 2928 3612 2990 είς
3647 2926 3776 2990 ἁλὸς

508 3021 879 3092 μετακομιδὴν
916 3023 1011 3076 καὶ
1044 3022 1193 3076 σίτου
1225 3022 1320 3076 καὶ
1369 3021 1573 3076 λοιπῶν
1620 3022 1923 3091 ἀγωγίμων
1979 3020 2088 3075 τῶν
2130 3015 2266 3092 πρὸς
2300 3023 2464 3078 πλοῦν
2515 3024 2595 3087 είς
2640 3025 2783 3095 ζωῆς
2828 3023 3084 3077 σύστασιν
3129 3021 3506 3095 ἐπιφέρεσθαι.
3595 3020 3680 3085 Ὠς
3710 3021 3769 3076 δέ

505 3113 785 3170 συνθλιϐἐν
836 3115 898 3167 τὸ
927 3115 1085 3185 σῶμα
1135 3114 1231 3171 τοῦ
1268 3115 1571 3185 ἀγωνιστοῦ
1612 3115 1959 3186 κατηγγίσθη
1988 3116 2071 3178 εἰς
2117 3115 2210 3170 τὸν
2242 3115 2538 3187 λεγόμενον
2569 3118 2751 3182 κόῖκα,
2818 3120 2938 3182 ταῖς
2973 3119 3357 3190 καταρῤαφαῖς
3398 3116 3571 3176 οὕτως
3636 3115 3769 3171 αὐτὸ

503 3209 1007 3279 κατησφαλίσαντο,
1048 3208 1122 3272 ὡς
1151 3208 1396 3283 νομίζειν
1467 3207 1825 3282 πεφοδεῖσθαι
1876 3210 1967 3264 τὸν
2025 3212 2310 3282 Δατιανὸν,
2344 3214 2505 3285 μὴτὸ
2542 3214 2795 3286 λείψανον
2823 3214 3169 3286 δραπετεύσῃ
3230 3214 3323 3269 καὶ
3354 3212 3658 3284 καταλείψῃ
3681 3212 3770 3278 τδν

504 3301 686 3358 κόῖκα.

575 3414 658 3473 K'.
706 3418 830 3471 Ἐπὶ
856 3416 1066 3482 τούτοις
1089 3417 1148 3473 δὲ
1173 3416 1459 3488 παρελθὼν
1484 3417 1619 3489 ἀνήρ
1651 3434 1734 3481 τις
1768 3416 2081 3487 Εύμόρφιος

2197 3460 2202 3466 .
2254 3413 2375 3469 XX.
2410 3412 2548 3470 Cum
2581 3429 2711 3470 vero
2741 3415 2962 3470 athletae
2995 3424 3052 3470 et
3109 3416 3366 3486 martyris
3428 3430 3628 3483 corpus
3686 3416 3761 3472 ita

501 3506 760 3579 τοῦνομα,
818 3507 1006 3578 λοιμὸς
1040 3510 1141 3579 τὴν
1170 3510 1419 3580 γνώμην,
1478 3509 1573 3562 καὶ
1602 3508 1702 3578 τὴν
1723 3507 1903 3580 ψυχὴν
1929 3508 2079 3579 ἱερό-

505 3598 684 3663 συλο;,
736 3597 1115 3669 καθυπέσχετο
1167 3600 1245 3670 τῷ
1275 3600 1527 3671 τυράννῳ
1590 3600 1729 3672 πρὸς
1789 3600 1851 3654 τὸ
1884 3603 2086 3657 οἰκεῖον

509 3690 672 3762 μέρος
701 3692 803 3758 τῆς
831 3692 1040 3754 πόλεως
1093 3691 1294 3755 ναύτας
1345 3692 1493 3761 ἔχειν
1536 3692 1830 3755 ,πιστικοῦς
1883 3694 1977 3747 ἐπὶ
2006 3692 2084 3763 τῷ

507 3783 817 3851 παρασχεῖν
849 3781 1047 3845 αὐτοὺς
1075 3781 1243 3851 αὐτῷ,
1281 3785 1377 3835 καὶ
1415 3782 1537 3835 λίαν
1575 3782 1869 3851 άρμοδίους
1903 3772 2084 3855 pitag.-

505 3888 697 3941 κοντας
757 3874 891 3944 πρὸς
947 3874 1011 3926 τὸ
1060 3874 1491 3944 ἐπιζητούμενον
1559 3877 1812 3945 πρᾶγμα,
1872 3874 1921 3928 οἳ
1988 3876 2084 3929 καὶ

409 3949 419 3957 ’
510 3964 753 4019 ἐνέϐαλον
778 3968 858 4029 είς
882 3966 947 4020 τὸ
979 3966 1187 4036 σκάφος
1219 3967 1281 4019 τὸ
1310 3966 1678 4037 μεγαλότιμον
1707 3966 1959 4037 λείψανον
1985 3967 2081 4022 τοῦ

506 4059 815 4125 άγιωτάτου
865 4059 1143 4130 μάρτυρος
1195 4059 1502 4125 Βικεντίου,
1560 4059 1654 4113 καὶ
1703 4060 1797 4112 ἐπὶ
1824 4058 2084 4115 τοσοῦτον

501 4153 610 4211 τοῖς
631 4149 997 4221 διαστήμασιν
1026 4150 1236 4221 ἤλασαν
1273 4152 1368 4204 ἐπὶ
1399 4151 1460 4204 τὺ
1489 4150 1749 4221 πέλαγος,
1787 4150 1927 4205 ὥστε
1954 4153 2084 4214 τοὺς

507 4242 791 4309 αἰγιαλοὺς
845 4244 938 4295 καὶ
967 4242 1039 4295 τὰ
1068 4244 1174 4313 ’όρη
1203 4242 1312 4296 τῶν
1365 4242 1661 4312 ὀφθαλμῶν
1712 4242 1841 4313 βολῇ
1868 4244 2084 4305 οἴεσθαι

502 4334 699 4397 αὐτοὺς
721 4334 1118 4401 ἀποκρύπτειν·
1144 4336 1238 4388 καὶ
1258 4334 1448 4387 λοιπὸν
1484 4334 1966 4405 ἀποκεκμηκότες,
1991 4334 2082 4388 ὅτε

502 4426 681 4490 ἔδοξεν
712 4425 916 4489 ἱκανῶς
946 4426 1089 4497 ἐχειν
1120 4427 1319 4488 αὐτοὺς
1350 4427 1408 4480 ἐν
1463 4429 1528 4496 τῇ
1563 4425 1809 4499 θαλάσσῃ
1843 4427 1939 4480 καὶ
1967 4426 2083 4480 ἐδε-

500 4515 683 4569 δεεσαν
723 4516 798 4586 μὴ
835 4518 915 4581 είς
941 4499 1137 4588 ἑτέραν
1161 4517 1329 4571 αὐτὸν
1383 4518 1813 4572 ἀποϐαστάσωσι
1847 4518 2084 4590 πατρίδα

499 4606 575 4669 ὡς
600 4607 698 4659 οὐκ
719 4608 1034 4677 ἠϐούλοντο,
1076 4609 1136 4662 τὸ
1163 4609 1504 4680 προσταχθὲν
1532 4610 1713 4668 αὐτοῖς
1749 4611 2079 4674 ἐπιτελοῦσι,

503 4699 594 4750 καὶ
622 4697 880 4753 ἐϐύθισαν
914 4701 1076 4755 αὐτὸν
1107 4703 1582 4771 παραπέμψαντες
1611 4702 1942 4775 ὑποϐρύχιον
1968 4706 2083 4767 τοῖς

503 4787 733 4856 κύμασι.
763 4791 872 4843 Καὶ
900 4791 1087 4845 λοιπὸν
1110 4792 1423 4865 ἐπανῄεσαν
1454 4793 1591 4863 πρὸς
1613 4794 1878 4846 Δατιανον
1904 4792 2082 4864 ἱλαροὶ

502 4882 613 4941 τοῖς
635 4882 971 4951 προσώποις.
997 4883 1072 4947 ὡς
1104 4885 1555 4957 ἐπικομιζόμενοι
1581 4887 1754 4957 χαρᾶς
1786 4886 2086 4955 εὐαγγέλια

504 4970 757 5040 μέγιστα.
773 4977 1301 5046 καταστρηνιῶντες,
1317 4977 1390 5041 ὼς
1409 4978 1596 5041 εἰωθὸς
1614 4978 1839 5043 ναύταις
1858 4980 2086 5044 εἰκότως

501 5060 803 5128 δυσσεϐεῖν,
822 5069 1027 5135 φωναῖς
1050 5068 1308 5132 ἀτάκτοις
1335 5070 1427 5124 καὶ
1454 5070 1669 5141 κρότοις
1698 5069 2080 5140 συναπηχοῦν-

500 5167 589 5216 τες
611 5168 624 5184 ⁸
664 5153 824 5207 πλέον
872 5155 930 5209 δὲ
960 5156 1054 5209 τοῦ
1116 5157 1331 5223 δέοντος
1381 5162 1719 5231 κατήπειγον
1752 5162 1977 5224 ἑαυτοὺς
2004 5160 2083 5231 τῷ

497 5244 648 5314 τάχει
691 5246 784 5299 ἐπὶ
815 5245 904 5299 τὸν
931 5247 1189 5317 ἄρχοντα,
1223 5250 1420 5321 μήπως
1448 5252 1628 5322 ἕτεροι
1660 5251 2077 5321 ὑποφθάσαντες

496 5335 556 5387 τὸ
582 5336 730 5406 αὐτῷ
760 5337 1139 5406 ἀπαγγείλωσι
1170 5340 1535 5412 καταθύμιον,
1554 5342 1612 5396 τὸ
1637 5344 1984 5415 ἀνάρπαστον
2013 5345 2076 5396 ἐκ

495 5443 521 5478 τ
540 5426 603 5480 ὒν
619 5428 917 5498 ὀφθαλμῶν
937 5431 1153 5485 πάντων
1182 5433 1467 5500 γεγονέναι
1489 5435 1580 5488 τὸν
1598 5436 1895 5489 Βικέντιον.
1916 5436 2077 5488 Ἀλλὰ

496 5518 602 5587 γὶρ
631 5520 756 5573 καθ’
787 5520 1049 5575 δδίκαιον
1121 5522 1339 5594 ὑπῆρχέ
1370 5541 1430 5578 τε
1461 5528 1554 5579 καὶ
1589 5528 1753 5591 ὅσιον,
1803 5528 1932 5599 πρὶν
1982 5531 2080 5582 ἐπ.

2186 3508 2511 3562 conclusum
2558 3507 2768 3572 fuisset,
2813 3523 2941 3562 mox
2996 3508 3147 3563 venit
3200 3523 3326 3563 cum
3369 3509 3550 3563 nautis
3605 3508 3770 3566 homo

2185 3598 2406 3669 quidam
2439 3598 2808 3669 Eumorphius
2836 3599 3080 3663 nomine,
3112 3600 3368 3668 pessimis
3414 3601 3681 3664 moribus,
3712 3608 3770 3655 et

2186 3689 2371 3742 animo
2398 3687 2689 3759 sacrilego,
2724 3688 2818 3757 qui
2851 3689 3181 3757 promiserat
3207 3698 3440 3760 tyranno
3469 3690 3548 3745 illi
3571 3700 3769 3746 nautas

2186 3794 2247 3834 se
2275 3779 2678 3841 adhibituram,
2713 3781 2804 3849 qui
2836 3779 2904 3835 ad
2938 3779 3277 3835 exsecrabile
3314 3780 3497 3836 scelus
3516 3781 3770 3837 commit-

2186 3871 2408 3926 tendum
2445 3871 2648 3937 idonei,
2678 3872 2797 3941 ejus
2823 3873 3091 3928 voluntati
3138 3872 3299 3928 facile
3336 3873 3769 3943 obtemperaturi

2185 3971 2393 4018 essent.
2425 3963 2613 4031 Itaque
2661 3971 2845 4019 nautas
2894 3963 2969 4018 illi
3018 3964 3449 4034 pretiosissimas
3498 3964 3769 4021 Vincentii

2186 4053 2437 4125 martyris
2460 4054 2718 4125 reliquias
2756 4057 2810 4109 in
2832 4056 3089 4127 scapham
3131 4057 3506 4127 coniecerunt,
3525 4065 3580 4112 ct
3605 4071 3769 4113 eous-

2184 4159 2295 4214 que
2322 4144 2378 4198 in
2409 4145 2579 4200 altum
2609 4162 2761 4203 mare
2797 4150 3148 4221 navigarunt,
3175 4158 3236 4206 ut
3265 4150 3446 4205 littora
3468 4159 3526 4206 et
3555 4161 3769 4208 montes

2187 4236 2475 4292 oculorum
2525 4238 2701 4294 aciem
2735 4239 3023 4312 fugerent:
3056 4257 3295 4313 cumque
3340 4242 3396 4298 id
3427 4241 3613 4299 facere
3655 4241 3769 4298 vel-

2185 4328 2324 4393 lent,
2358 4330 2507 4400 quod
2535 4330 2674 4403 jussi
2707 4332 2948 4399 fuerant,
2978 4344 3196 4391 sanctas
3228 4334 3489 4404 reliquias
3529 4335 3583 4390 in
3617 4349 3770 4393 mare

2184 4422 2556 4492 proiecerunt,
2585 4432 2644 4479 et
2696 4423 2860 4478 hilari
2888 4425 3038 4479 vultu
3067 4426 3136 4481 ad
3188 4425 3477 4481 Datianum
3510 4434 3758 4481 reverte-

2186 4513 2406 4581 bantur,
2441 4515 2598 4585 quasi
2635 4515 2744 4571 lati
2795 4516 2944 4572 illius
2993 4518 3171 4573 nuntii
3202 4516 3485 4588 praemium
3537 4516 3767 4573 relaturi

2185 4616 2394 4669 essent,
2431 4607 2618 4678 impiis
2661 4616 2718 4663 et
2770 4607 3147 4679 incompositis
3187 4608 3414 4664 vocibus
3449 4616 3615 4677 atque
3641 4609 3767 4665 irri-

2186 4699 2435 4755 sionibus
2465 4710 2704 4763 utentes,
2757 4699 3226 4769 exsultantesque,
3272 4697 3769 4770 eoquoinncen-

2189 4791 2247 4845 tii
2269 4805 2470 4858 corpus
2498 4790 2777 4861 perditum
2811 4789 3025 4845 fuisset.
3055 4789 3163 4844 Sed
3198 4790 3521 4862 priusquam
3550 4791 3605 4846 in
3650 4790 3765 4845 ari-

2182 4882 2309 4939 dam
2336 4890 2537 4937 terram
2575 4881 2783 4937 reversi
2806 4888 3012 4947 essent,
3042 4870 3159 4951 qui.
3174 4884 3426 4954 martyris
3463 4897 3665 4951 corpus
3710 4880 3765 4935 in

2183 4987 2334 5028 mare
2390 4973 2758 5043 proiecerant,
2813 4971 2946 5027 illud
2994 4972 3198 5043 ipsum,
3251 4973 3397 5043 quod
3454 4973 3761 5044 projectqu

2185 5067 2386 5132 fuerat,
2415 5067 2621 5122 Christi
2640 5082 2809 5122 manu
2830 5067 2898 5123 ad
2922 5077 3122 5123 terram
3142 5068 3432 5139 appulsum
3450 5067 3574 5129 fuit,
3593 5051 3766 5138 quod-

2181 5174 2289 5229 que
2314 5158 2723 5215 arbitrabantur
2756 5158 2811 5213 in
2865 5160 3037 5215 altum
3071 5168 3128 5215 et
3173 5160 3502 5215 immensum
3543 5158 3765 5228 pelagus

2184 5253 2500 5307 demersum
2531 5250 2723 5316 fuisse,
2752 5250 2884 5305 illud
2909 5265 3033 5306 cum
3063 5258 3192 5306 ante
3221 5250 3411 5305 oculos
3440 5263 3569 5305 suos
3595 5259 3763 5317 expo-
3852 5316 3877 5331 ς

2185 5345 2352 5400 situm
2387 5343 2677 5408 vidissent,
2707 5342 2864 5413 quasi
2914 5343 3162 5398 debitum
3215 5342 3451 5414 sepulcri
3501 5341 3763 5396 honorem

2185 5431 2510 5505 postidaret,
2535 5442 2764 5503 stupore
2794 5442 2849 5489 et
2878 5443 3027 5488 metu
3074 5434 3335 5503 correpti,
3367 5432 3474 5487 illis
3522 5430 3651 5501 ipsis
3674 5442 3763 5483 re-

2187 5527 2371 5596 liquiis
2404 5525 2705 5589 derelictis,
2732 5524 3001 5579 abierunt.

571 5723 648 5811 (ί)
688 5724 806 5811 ,μία
858 5734 1089 5789 multum
1135 5737 1307 5792 variat
1340 5737 1513 5795 codex
1550 5750 1736 5797 noster
1776 5743 1845 5798 ab
1895 5743 2044 5797 edito
2091 5740 2321 5807 Latino,
2358 5751 2411 5795 et
2448 5740 2649 5811 passim
2698 5741 2911 5795 auctior
2957 5741 3045 5791 est
3082 5747 3255 5802 usque
3288 5731 3354 5788 ad
3393 5732 3555 5786 {metu
3603 5729 3758 5789 Vita.

500 5792 659 5852 Βοὴ.
687 5796 859 5855 Pun.
