4116 6414
322 425 432 490 755
1183 427 1465 490 MENSIS
1497 423 2033 488 JANUARIUS.—
2062 421 2239 484 VlTA
2267 424 2329 485 S.
2359 423 2783 486 VlNCENTlI.
3479 427 3586 492 ’756

322 533 580 589 ανελθεῖν
605 535 734 599 τοὺς
754 534 1018 607 ῥίψαντας
1037 532 1098 588 τὸ
1120 532 1281 606 σῶμα
1296 532 1390 587 τοῦ
1416 533 1692 605 μάρτυρος
1722 532 1945 598 ναύτας,
1985 533 2077 586 ἐπί
2111 531 2214 602 τὴν
2241 531 2412 603 ξηρὰν
2442 532 2714 603 ἐπανῆλθε
2734 532 2796 586 τὸ
2829 531 2986 604 ῥιφέν
3007 531 3188 604 σῶμα,
3209 535 3274 606 τῇ
3303 533 3395 589 τοῦ
3447 536 3583 590 Θεοῦ

323 629 508 699 χάριτι
543 626 982 701 κυϐερνώμενον,
1040 628 1137 682 καὶ
1163 627 1300 698 ὅπερ
1349 626 1571 680 ἐδόκουν
1596 628 1710 690 τοῖς
1775 626 2026 696 ἀπείροις
2091 626 2191 695 τῆς
2265 626 2542 696 θαλάσσης
2613 627 2834 698 βάθεσιν
2867 629 3333 699 ἐγκαθελκόμενον
3376 627 3589 700 βυθίζε-

325 719 472 776 σθαι.
499 721 660 774 τοῦτο
682 721 789 791 πρὸ
807 721 916 774 τῶν
945 719 1245 792 ὀφθαλμῶν
1287 720 1468 775 αὑτῶν
1499 719 1735 792 ὁρῶντες
1788 721 2044 791 κείμενον
2106 720 2242 790 πρὸς
2307 719 2388 789 τῷ
2439 719 2641 792 λιμένι,
2687 723 2782 775 καὶ
2845 721 2943 794 τὴν
3008 722 3367 794 ὀφειλομένην
3418 722 3588 794 τιμὴν

325 815 428 885 τῆς
455 816 632 886 ταφῆς
657 815 1060 887 ἐξαιτούμενον,
1091 817 1186 870 καὶ
1217 817 1449 889 ήσυχίας
1498 816 1753 887 δεόμενον
1785 815 2084 886 ἐξέστησαν
2107 828 2122 846 ⁸
2179 817 2302 872 ὅθεν
2348 817 2499 889 φόϐῳ
2552 819 2731 890 πολλῷ
2790 819 3160 891 συσχεθέντες,
3188 819 3587 883 καταλιπόντες

328 906 460 960 αὑτὸ
492 905 766 973 ἀπῆλθον’
804 905 937 978 πρὶν
963 907 996 977 ἢ
1023 906 1132 978 γάρ
1165 924 1286 960 τινα
1330 905 1535 975 φθάσαι
1567 907 1902 975 ἀπαγγεῖλαι
1939 907 2018 977 τῷ
2053 908 2314 979 ἀλάστορι
2338 911 2432 965 ἐπὶ
2493 915 2594 983 τὴν
2627 911 2799 982 ξηράν
2837 911 3110 983 ἐπανῆλθε
3147 915 3208 965 τδ
3236 912 3392 981 ριφέν
3419 911 3586 982 σῶμα

327 999 423 1052 τοῦ
457 1001 732 1072 μάρτυρος
760 1003 828 1072 τῇ
856 1000 949 1055 τοῦ
968 1000 1214 1073 ’Χριστοῦ
1244 998 1880 1074 κυϐερνώμενον[χειρὶ],
1943 1002 2082 1072 ὅπερ
2155 1004 2378 1076 ἐκριφέν
2433 1005 2539 1060 ὑπὸ
2595 1007 2703 1060 τῶν
2740 1005 3000 1075 κυμάτων
3053 1004 3356 1060 ἀνεπαύετο
3411 1005 3469 1057 ἐν
3510 1001 3590 1073 τῷ

327 1091 561 1164 αἰγιαλῷ
572 1127 584 1138 ο
3294 1155 3301 1162 .

403 1182 547 1240 XXI.
571 1182 690 1240 Jam
707 1200 838 1241 vero
861 1195 1082 1242 sanctus
1100 1195 1304 1259 martyr
1322 1184 1639 1241 Vincentius
1665 1185 1780 1240 viro
1801 1185 1915 1240 cui-
1945 1195 1990 1250 Α

1966 1195 1990 1248 ι
2089 1184 2220 1241 ΚΜ.
2253 1185 2362 1240 Καὶ
2393 1186 2501 1258 γάρ
2529 1203 2649 1240 τινα
2675 1185 2845 1256 ἄνδρα
2882 1184 3007 1240 καθ’
3040 1183 3240 1249 ὕπνους
3275 1183 3591 1253 ὑπέμνησεν

330 1275 458 1331 dum
485 1276 539 1330 in
567 1277 774 1332 somnis
799 1277 1056 1348 reliquias
1085 1293 1213 1333 suas
1241 1294 1307 1332 ex
1335 1277 1444 1332 alto
1464 1277 1596 1331 mari
1627 1277 1679 1330 in
1711 1285 1911 1332 terram

2011 1279 2040 1332 6
2091 1279 2265 1346 ἅγιος,
2296 1275 2512 1338 δεικνὺς
2571 1275 2720 1344 αὑτῷ
2771 1274 3206 1344 ἀνακεκομίσθαι
3252 1274 3315 1328 τὸ
3340 1273 3591 1344 λείψανον

328 1369 610 1439 expositas
637 1385 760 1425 esse
787 1370 1114 1441 signiﬁcavit
1139 1388 1152 1426 :
1175 1371 1304 1441 quin
1324 1371 1488 1426 etiam
1507 1371 1709 1435 locum,
1730 1370 1786 1424 in
1803 1386 1913 1440 quo

2011 1369 2175 1424 αὑτοῦ
2201 1369 2294 1422 ἐπὶ
2322 1369 2448 1431 τοὺς
2479 1365 2784 1436 αἰγιαλοὺς,
2823 1367 2920 1421 καὶ
2947 1366 3110 1420 αὑτὸν
3157 1365 3250 1420 τόν
3293 1365 3460 1419 τόπον
3493 1381 3592 1417 σα-

337 1463 588 1534 reliquiae
641 1465 775 1534 ipsa:
811 1464 1001 1534 positae
1032 1472 1212 1527 erant,
1242 1464 1421 1520 eidem
1453 1464 1732 1535 patefecit.
1763 1464 1907 1530 Quo-

2011 1460 2246 1531 φηνίσας
2265 1459 2415 1530 αὑτῷ
2443 1458 2586 1512 κατά
2611 1457 2922 1530 ἀκρίϐειαν,
2950 1459 3008 1510 ἐν
3027 1450 3072 1525 ᾧ
3095 1457 3356 1521 ἐξέκειτο.
3373 1454 3591 1525 Ἐπειδὴ

329 1554 478 1609 niam
531 1570 660 1610 vero
693 1555 979 1624 prmsidem
1011 1554 1212 1609 timens
1243 1555 1328 1609 vir
1379 1555 1488 1621 ille,
1525 1555 1595 1610 ad
1647 1555 1904 1627 martyris

2006 1553 2064 1607 δὲ
2097 1546 2255 1615 οὗτος
2288 1552 2438 1622 φόϐῳ
2464 1549 2557 1603 τοῦ
2577 1551 2836 1622 ἄρχοντος
2869 1549 3166 1620 ἁργότερός
3190 1566 3250 1602 τε
3289 1549 3384 1602 καὶ
3410 1549 3588 1618 ἄχρη-

330 1646 590 1718 reliquias
620 1647 976 1716 inquirendas
1009 1662 1232 1720 segnem
1267 1657 1323 1702 et
1349 1663 1538 1718 parum
1589 1648 1824 1704 alacrem
1853 1663 1912 1704 se

2009 1663 2134 1710 στος
2174 1645 2304 1717 περὶ
2347 1643 2446 1715 τὴν
2479 1644 2706 1713 ζήτησιν
2735 1639 2830 1696 τοῦ
2887 1641 3256 1711 πολυτιμήτου
3315 1637 3591 1710 θησαυροῦ

298 1738 583 1808 praebuit,
619 1739 708 1794 ille
741 1739 858 1810 ipse
893 1737 1097 1814 martyr
1132 1740 1190 1794 in
1241 1740 1451 1796 somnis
1506 1739 1762 1812 apparuit
1821 1738 1910 1794 fe-

2006 1739 2243 1808 ἐγένετο,
2278 1735 2422 1805 φημὶ
2474 1734 2562 1804 δὴ,
2591 1732 2683 1787 τοῦ
2736 1731 2894 1802 ἁγίου
2948 1731 3226 1802 λειψάνου,
3279 1731 3366 1799 ἐφ’
3397 1731 3593 1800 ἑτέραν

329 1829 492 1885 mina:
518 1830 737 1886 cuidam
763 1831 963 1898 vidum,
992 1847 1114 1902 quae
1141 1842 1201 1887 ut
1219 1840 1377 1887 aetate
1395 1843 1674 1902 provecta,
1700 1831 1771 1885 ita
1797 1845 1914 1884 mo-

2009 1829 2174 1883 πάλιν
2203 1826 2380 1898 χήραν
2420 1823 2642 1896 ἔρχεται
2667 1821 3072 1894 προϐεϐηκυῖαν
3107 1824 3220 1885 τοῖς
3248 1820 3450 1885 ἐτεσιν,
3497 1820 3593 1874 καὶ

328 1937 453 1977 rum
479 1922 774 1978 sanctitate
828 1924 1056 1994 praedita
1094 1933 1230 1989 erat,
1273 1923 1424 1978 lllam
1480 1939 1605 1978 cum
1662 1923 1914 1977 similiter

2008 1923 2198 1993 ἡλικίᾳ
2230 1919 2662 1990 διαπρέπουσαν,
2696 1918 2790 1972 καὶ
2821 1917 3073 1986 ἁγιότητι
3126 1916 3592 1988 πεπληρωμένην,

331 2012 733 2079 admonuisset,
767 2015 946 2069 eidem
1000 2015 1153 2086 signa
1188 2014 1437 2085 quaedam
1468 2014 1590 2082 ejus
1617 2013 1720 2068 loci
1753 2021 1913 2083 pate-

2009 2017 2106 2068 καὶ
2127 2014 2332 2084 ταύτην
2355 2013 2558 2084 ὁμοίως
2600 2011 2928 2082 ὑπομνήσας
2954 2009 3078 2064 καθ’
3115 2009 3342 2071 ὕπνους,
3376 2009 3597 2062 δίδωσιν

329 2103 481 2170 fecit,
513 2104 570 2158 in
595 2122 702 2175 quo
733 2115 984 2161 sanetum
1011 2106 1143 2162 illud
1167 2121 1368 2176 corpus
1389 2105 1616 2176 iaceret,
1649 2105 1795 2175 quod
1824 2104 1911 2158 vi-

2007 2108 2148 2180 αὑτῇ
2206 2108 2410 2176 σημεῖα
2458 2103 2804 2176 ἀληθέστατα
2831 2102 2924 2156 τοῦ
2974 2102 3164 2167 τόπου,
3190 2101 3318 2154 ἔνθα
3341 2099 3439 2170 ῆδη
3490 2099 3597 2152 ὑπὸ

331 2195 532 2254 deliCet
586 2201 780 2255 lateret
828 2201 929 2255 sub
955 2215 1120 2256 arena
1151 2214 1314 2269 quam
1342 2199 1479 2254 lenis
1507 2209 1562 2254 et
1614 2197 1906 2268 tranquilla

2012 2201 2080 2270 τῇ
2112 2199 2295 2272 ἁπαλῇ
2354 2195 2567 2268 ψάμμῳ
2598 2194 2874 2265 ἡσύχαζεν
2900 2193 2962 2247 τὸ
3015 2193 3197 2263 σῶμα,
3242 2194 3308 2264 τῇ
3341 2192 3595 2255 ἐπανέσει

331 2289 480 2344 unda
519 2289 577 2344 in
602 2291 862 2362 reliquias
891 2292 1011 2347 illas
1064 2301 1279 2347 sanctas
1309 2291 1388 2347 sic
1428 2290 1704 2346 infuderat
1751 2290 1907 2361 quasi

2014 2291 2109 2346 καὶ
2131 2288 2468 2358 ἐπαναχύσει
2491 2286 2570 2356 τῷ
2599 2287 2759 2356 πράῳ
2784 2285 2880 2338 καὶ
2903 2283 3129 2354 γαληνῴ
3167 2282 3374 2353 κύματι
3395 2297 3596 2351 τετυμ-

329 2393 498 2434 arena
532 2381 649 2450 ipsa
677 2382 930 2451 martyris
964 2381 1260 2452 sepulturae
1293 2382 1620 2437 deserviret.

2013 2381 2298 2452 ϐευμένον.
2362 2377 2469 2432 Τοῦ
2523 2377 2630 2447 γὰρ
2665 2374 2930 2446 στοιχείου
2978 2373 3382 2444 ἐπιλάμποντός
3413 2389 3473 2426 τε
3500 2371 3595 2426 καὶ

329 2473 738 2539 ἐπικλύζοντος,
775 2476 944 2546 ήγουν
997 2477 1096 2546 τῆς
1145 2476 1442 2547 θαλάσσης,
1491 2476 1818 2531 δουλεύουσα
1867 2478 1902 2548 ή
1939 2475 2169 2548 ψάμμος
2199 2475 2286 2530 διὰ
2309 2475 2407 2544 τῆς
2440 2474 2584 2528 κατὰ
2615 2473 2812 2544 μικρὸν
2880 2470 3290 2540 ἐπαθροίσεως,
3333 2468 3433 2541 τὴν
3492 2469 3595 2540 τῆς

328 2569 508 2638 ταφῆς
539 2569 702 2638 τιμὴν
733 2569 1153 2640 ἀπεπλήρωσεν.
1185 2570 1346 2624 Ὅθεν
1385 2571 1537 2625 οὑδέν
1587 2571 1898 2642 θαυμαστὸν
1941 2572 1990 2626 εί
2062 2573 2201 2642 μετά
2230 2570 2407 2626 ταῦτα
2430 2569 2738 2641 ἀνθρώπων
2815 2567 3044 2620 σπουδαί
3081 2582 3142 2619 τε
3172 2567 3266 2619 καὶ
3308 2565 3595 2634 θεραπεῖαι

331 2659 782 2734 συνεπλήρωσαν,
813 2662 949 2733 ὅπερ
977 2661 1078 2734 ήδη
1110 2661 1178 2716 τά
1204 2666 1443 2735 στοιχεῖα
1475 2664 1570 2719 σὺν
1599 2663 1888 2737 παραδόξῳ
1935 2663 2183 2731 δουλείας
2244 2663 2434 2737 τρόπῳ
2500 2661 2600 2734 τὴν
2667 2661 2808 2732 ὑπὲρ
2847 2661 2945 2731 τῆς
2980 2661 3158 2732 ταφῆς
3219 2659 3594 2716 τετελέκεισαν

331 2752 686 2824 κηδεμονίαν.

401 2849 572 2904 XXII.
603 2848 863 2921 Sepultus
887 2851 1053 2923 igitur
1069 2851 1169 2907 fuit
1188 2867 1488 2925 generosus
1513 2851 1714 2908 Christi
1741 2854 1918 2910 atble-
1949 2859 1992 2914 Β

1967 2859 1992 2913 3
2088 2847 2220 2904 KB’.
2258 2848 2463 2917 Ἐτάφη
2488 2845 2622 2915 γοῦν
2651 2847 2869 2914 πρῶτον
2906 2846 2934 2900 6
2960 2845 3203 2913 γενναῖος
3234 2843 3475 2916 ἀθλητὴς
3499 2842 3592 2896 τοῦ

330 2951 385 2997 ta
417 2942 654 3012 primum
677 2942 732 2996 in
767 2943 948 2998 littore
978 2944 1081 3000 sub
1104 2959 1288 3000 arena.
1317 2943 1439 3000 Mox
1491 2961 1630 3001 anus
1673 2945 1786 3012 illa,
1831 2945 1912 3001 fe-

2016 2943 2256 3015 Χριστοῦ
2287 2945 2346 2996 ἐν
2390 2942 2470 3012 τῷ
2499 2941 2731 3012 αἰγιαλῷ
2777 2944 2856 3006 είς
2919 2943 3089 3004 αὑτάς
3128 2943 3226 3002 τὰς
3254 2938 3593 3006 συναλλαγὰς

329 3034 478 3089 mina
505 3035 662 3091 valde
687 3035 939 3107 religiosa
964 3043 1021 3092 et
1044 3037 1226 3102 vidua,
1255 3053 1418 3108 quam
1452 3053 1616 3108 supra
1646 3038 1907 3107 diximus,

2013 3037 2110 3090 τοῦ
2139 3036 2370 3106 ἐδάφους
2398 3035 2492 3088 καὶ
2516 3034 2626 3087 τῶν
2653 3034 2862 3088 ὑδάτων
2881 3053 2895 3068 ·
2946 3035 3255 3104 διδάγματα
3309 3031 3371 3083 οὑ
3416 3030 3593 3100 μικρά

327 3126 696 3196 perlustrabat
749 3127 955 3196 littora,
1003 3127 1288 3199 inquirens
1342 3129 1496 3200 signa
1537 3130 1648 3194 illa,
1684 3145 1806 3199 qua:
1851 3130 1906 3184 in

2015 3127 2353 3197 καταλείψας
2385 3128 2516 3197 ἡμῖν
2549 3125 2636 3179 διὰ
2669 3125 2762 3180 τοῦ
2785 3129 2884 3195 τῆς
2905 3127 3084 3195 ταφῆς
3117 3123 3281 3178 αὑτοῦ
3314 3122 3592 3191 θαύματος

327 3218 538 3274 somnis
579 3218 630 3273 ei
680 3218 950 3289 patefacta
1009 3219 1230 3275 fuerant
1270 3236 1547 3290 :cumque
1608 3221 1910 3277 invenisset

2015 3222 2116 3290 τῆς
2139 3221 2218 3285 είς
2247 3220 2378 3272 Θεὸν
2409 3219 2575 3272 αὑτοῦ
2595 3218 2846 3281 ἀκλινοῦς
2871 3219 2964 3272 καὶ
2992 3217 3317 3287 στερεμνίας
3333 3215 3591 3276 πίστεως,

329 3308 476 3378 quod
506 3309 805 3377 quaerebat,
835 3318 890 3364 et
911 3309 1167 3380 martyris
1207 3309 1465 3380 reliquias
1491 3309 1546 3363 in
1589 3311 1762 3365 adem
1795 3311 1904 3364 illis

2015 3312 2111 3365 καὶ
2131 3311 2280 3372 ὅπως
2302 3309 2531 3378 δόκιμος
2561 3307 2704 3362 κατά
2734 3309 2837 3380 γῆν
2862 3309 2954 3362 καὶ
2988 3307 3131 3362 κατά
3160 3307 3435 3360 θάλασσαν
3461 3304 3595 3358 ἀνα-

329 3399 549 3470 dignam
581 3399 816 3463 tulisset,
851 3413 948 3454 eas
1003 3409 1190 3455 sancte
1224 3415 1288 3455 ac
1341 3401 1592 3472 religiose
1639 3401 1904 3456 condidit.

2012 3401 2224 3471 δειχθῇ.
2267 3401 2428 3454 Ἀλλά
2453 3401 2564 3471 γάρ
2597 3401 2738 3470 καὶὴ
2777 3398 3140 3472 προλεχθείσα
3163 3398 3466 3471 πρεσϐῦτις
3500 3397 3595 3450 καὶ

327 3489 518 3560 Itaque
566 3491 905 3560 sumptuosis
962 3491 1240 3560 exsequiis
1270 3491 1555 3558 adhibitis,
1590 3505 1758 3546 saera:
1802 3491 1908 3546 illae

2014 3495 2524 3567 Χριστιανικωτάτη
2555 3498 2702 3570 χήρα
2730 3499 3059 3569 περιήρχετο
3101 3497 3229 3566 περὶ
3254 3497 3378 3557 τοὺς
3411 3494 3595 3562 αἰγια-

328 3577 574 3648 reliquire
606 3578 718 3633 Deo
745 3579 845 3649 ipsi
879 3579 1071 3636 dicatae
1093 3589 1223 3635 sunt
1249 3579 1304 3634 in
1336 3580 1481 3636 illius
1524 3581 1728 3652 .templi
1783 3595 1900 3647 ara,

2009 3589 2159 3655 λοὺς,
2190 3591 2259 3644 τὰ
2283 3576 2736 3658 ἀποκαλυφθέντα
2766 3590 2902 3660 αὑτῇ
2935 3588 3174 3660 ζητοῦσα
3199 3588 3422 3655 σημεῖα,
3472 3580 3593 3636 εἶτα

327 3670 478 3738 quod
532 3671 706 3725 sancti
765 3671 1016 3743 martyris
1071 3671 1344 3728 Vincentii
1403 3673 1737 3744 appellatum
1779 3673 1904 3729 fuit.

2011 3680 2253 3751 εὑροῦσα
2283 3679 2344 3732 τὸ
2379 3678 2735 3749 ζητούμενον,
2787 3679 2884 3733 καὶ
2913 3679 2993 3742 εἰς
3024 3675 3169 3731 οἷκον
3201 3674 3424 3739 ἐπάξιον
3455 3675 3594 3728 ἀπο-

327 3759 458 3814 llaae
485 3770 570 3815 est
597 3761 939 3816 sanctissima
1004 3763 1257 3834 martyris
1301 3763 1596 3829 confessio,
1656 3765 1776 3821 haec
1837 3765 1906 3820 il-

2011 3769 2230 3822 τεθεῖσα
2282 3767 2344 3821 τὸ
2372 3769 2680 3839 σεϐάσμιον
2704 3768 2798 3822 τοῦ
2847 3769 3121 3839 μάρτυρος
3162 3765 3432 3835 λείψανον,
3470 3778 3597 3817 κατ·

326 3849 436 3906 lius
465 3852 786 3918 certamina,
820 3854 912 3922 qui
947 3856 1265 3927 martyrium
1308 3873 1468 3913 suum
1490 3857 1785 3927 complevit
1849 3859 1906 3913 in

2011 3859 2171 3913 έθετο
2197 3859 2379 3924 ὁσίως.
2413 3859 2695 3915 Ἐντεῦθεν
2731 3861 2840 3931 γάρ
2865 3863 2946 3925 είς
2976 3857 3123 3915 οἷκον
3150 3856 3372 3924 ἐπάξιον
3399 3857 3592 3909 ἀνεκο-

327 3943 557 4014 gloriam
615 3945 820 4002 Christi
876 3946 990 4002 Dei-
1021 3948 1230 4014 nostri,
1292 3964 1442 4005 nunc
1489 3959 1548 4004 et
1591 3949 1646 4003 in
1685 3949 1905 4005 sarcula.

2012 3951 2180 4024 μίσθη
2202 3953 2261 4006 τὸ
2291 3953 2768 4024 πολυμακάριστον
2791 3953 2885 4006 καὶ
2909 3949 3317 4020 πανσεϐάσμιον
3337 3947 3591 4014 λείψανον

325 4037 526 4090 Amen.
2009 4045 2104 4098 τοῦ
2153 4045 2480 4112 πανενδόξου
2528 4045 2808 4117 μάρτυρος
2853 4044 2948 4099 τοῦ
2999 4041 3240 4115 Χριστοῦ
3287 4038 3590 4103 Βικεντίον,

327 4132 427 4184 καὶ
447 4132 512 4204 δὴ
547 4133 733 4188 λοιπόν
769 4136 867 4190 σὺν
899 4136 1335 4208 πολυτελεστέρα
1379 4141 1522 4208 ταφῇ
1561 4138 1789 4208 ἀνετέθη
1832 4138 1928 4192 καὶ
1959 4138 2272 4213 καθιερώθη
2329 4141 2408 4212 τῷ
2455 4141 2575 4213 Θεῷ
2631 4141 2693 4194 τὸ
2733 4140 2986 4210 λείψανον
3011 4142 3067 4192 ἐν
3092 4138 3170 4210 τῷ
3220 4131 3592 4204 θυσιαστηρίῳ

325 4221 422 4276 τοῦ
453 4224 603 4291 ναοῦ,
659 4226 757 4297 τὴν
787 4229 1106 4299 ἐπωνυμίαν
1135 4229 1388 4299 λαχόντος
1429 4229 1525 4283 ἐπὶ
1561 4229 1639 4300 τῷ
1669 4231 1893 4301 ὀνόματι
1957 4230 2054 4284 τοῦ
2107 4232 2265 4302 ἁγίου
2293 4234 2574 4306 μάρτυρος
2599 4231 2905 4293 Βικεντίου.
2945 4230 3040 4284 τοῦ
3066 4231 3214 4283 οἴκου
3241 4226 3442 4298 δηλαδὴ
3491 4222 3589 4306 σὺν

325 4313 407 4385 τῷ
464 4317 743 4388 προσιόντι
796 4317 948 4389 αὑτῷ
999 4321 1150 4390 τόπῳ
1206 4320 1288 4384 είς
1355 4321 1659 4389 ἐκκλησίαν
1720 4321 2196 4391 καθιερωθέντος,
2251 4305 2575 4378 τῶνγθείων
2617 4323 2712 4377 καὶ
2769 4321 3054 4393 ἀχράντων
3109 4315 3425 4388 μυστηρίων
3494 4305 3588 4363 W3

326 4409 600 4464 Δεσπότου
635 4410 796 4481 ἡμῶν
834 4410 1011 4478 Ἰησοῦ
1043 4411 1282 4481 Χριστοῦ
1315 4412 1372 4465 ἐν
1433 4411 1582 4482 αὑτῷ
1646 4412 2126 4480 ἐπιτελεσθέντων,
2191 4416 2288 4470 καὶ
2311 4415 2412 4486 τῆν
2471 4416 2789 4484 ἐπωνυμίαν
2857 4416 3112 4487 λαχόντος
3152 4411 3246 4465 ἐπὶ
3284 4409 3374 4462 τὸν
3435 4407 3591 4474 ἅγιον

325 4499 605 4555 Βικέντιον
625 4518 638 4533 ·
669 4502 791 4556 καθ’
815 4501 874 4555 ὃν
899 4501 1008 4573 γὰρ
1045 4502 1250 4573 τρόπον
1285 4503 1511 4576 ἐτίμησε
1547 4503 1642 4558 καὶ
1663 4504 1899 4577 ἐτιμήθη
1937 4507 1966 4560 6
2029 4507 2208 4574 ἅγιος,
2241 4507 2335 4561 τὸν
2361 4501 2511 4561 οἷκον
2566 4508 2662 4563 καὶ
2686 4492 2778 4563 τὸν
2807 4507 2974 4563 τόπον
2998 4502 3374 4578 προσκυνητδν
3397 4501 3593 4570 ἀπειρ-

325 4590 561 4661 γάσατο,
602 4589 698 4648 καὶ
744 4595 854 4666 ὅσῳ
884 4596 943 4648 ἐν
1009 4593 1290 4659 πλείστοις
1344 4595 1531 4659 τόποις
1593 4595 1879 4667 ἀνεδείχθη
1919 4597 1980 4650 τὸ
2014 4599 2198 4670 τίμιον
2247 4600 2345 4656 καὶ
2394 4600 2685 4672 ἱερώτατον
2747 4600 2913 4655 αὑτοῦ
2979 4599 3158 4668 σῶμα,
3198 4593 3439 4663 τοσούτῳ
3497 4589 3594 4644 καὶ

325 4683 571 4748 πλείονες
596 4685 877 4756 εὑκτήριοι
905 4681 1046 4740 οἴκοι
1067 4685 1499 4756 κατεστάθησαν,
1517 4689 1595 4758 τῷ
1615 4688 1680 4741 ἐκ
1711 4687 1969 4744 πλειόνων
1995 4691 2145 4763 αὐτῷ
2172 4691 2352 4746 τόπων
2365 4694 2462 4757 τάς
2478 4693 2648 4765 τιμάς
2669 4691 3058 4764 ἀναφέρεσθαι,
3089 4689 3185 4744 καὶ
3202 4689 3427 4742 πλεῖστα
3453 4682 3591 4738 καθ-

211 4799 225 4810 ·
327 4775 582 4848 ιερώσας,
633 4779 1062 4871 σεσωρευμένως
1090 4780 1187 4833 καὶ
1209 4781 1566 4850 μεγαλοφυῶς
1591 4779 1902 4853 καθιερώθη
1946 4783 2083 4855 αὑτὴ
2149 4785 2182 4855 ή
2247 4785 2508 4856 ὁμολογία
2536 4785 2632 4840 τοῦ
2669 4785 2964 4855 μάρτυρος,
2999 4782 3092 4836 καὶ
3121 4777 3264 4836 οῦτοι
3291 4781 3338 4834 οἱ
3383 4779 3592 4846 ἀγῶνες

326 4869 516 4935 αὑτοῦ,
583 4871 663 4942 τῷ
712 4871 906 4942 μέχρις
939 4869 1188 4943 ’ἐσχάτης
1235 4873 1512 4941 ἀναπνοῆς
1565 4871 1904 4942 ἀμετάθετον
1942 4872 2270 4946 διατηρῆσαι
2296 4877 2393 4948 τὴν
2417 4879 2498 4942 εἰς
2561 4879 2650 4931 τὸν
2699 4877 2902 4948 Κύριον
2929 4874 3088 4947 ἡμῶν
3119 4872 3327 4944 Ἰησοῦν
3354 4873 3590 4942 Χριστὸν

324 4963 531 5042 πίστιν.
564 4963 677 5018 Καὶ
709 4964 882 5029 οὑτως
911 4964 1199 5036 ἐτελειώθη
1245 4965 1273 5018 ό
1308 4961 1626 5029 πανένδοξος
1683 4965 1895 5035 μάρτυς
1966 4968 2064 5022 τοῦ
2114 4970 2353 5041 Χριστοῦ
2401 4971 2703 5038 Βικέντιος,
2764 4970 2899 5042 μηνὶ
2932 4968 3257 5041 ,Νοεμϐρίῳ
3303 4967 3588 5039 ἑνδεκάτῃ,

328 5055 710 5129 βασιλεύοντος
759 5057 852 5113 τοῦ
881 5057 1080 5130 Κυρίου
1131 5056 1290 5129 ήμῶν
1333 5057 1510 5126 Ἰησοῦ
1559 5059 1822 5130 Χριστοῦ,
1854 5053 1900 5128 ᾧ
1935 5063 1966 5133 ή
2035 5063 2164 5131 δόξα
2209 5067 2304 5120 καὶ
2339 5065 2399 5121 τό
2443 5067 2648 5138 κράτος
2689 5066 2770 5132 εις
2801 5067 2927 5131 τοὺς
2951 5064 3150 5129 αἰῶνας
3205 5061 3313 5119 τῶν
3353 5061 3586 5118 αἰώνων.

338 5145 532 5222 Ἀμήν.
