4116 6408
504 351 615 421 ’759

1746 370 2034 432 MENSIS
2074 371 2537 449 JANUARIUS.

3652 384 3750 448 700

502 469 761 527 reddidit.
795 469 925 543 Eius
974 489 1176 546 corpus
1205 475 1734 550 ConstantinOpolim
1772 488 1893 551 post
1941 481 2087 536 Con-
2111 479 2165 540 A
2190 501 2315 541 cum
2345 487 2542 558 legisse
2583 502 2643 544 se
2680 486 3017 559 passionem‘
3042 486 3182 545 hanc
3224 488 3435 555 scribit,
3483 496 3751 548 auctorem

498 565 742 620 stamine
784 567 1028 638 Augusto
1063 578 1412 638 procurante,
1442 572 1762 627 translatum
1788 582 1892 629 est.
1928 591 1946 625 ι

571 659 627 716 5.
656 659 761 714 Alii
810 660 935 715 aliis
966 660 1160 718 diebus
1201 662 1322 733 ejus
1380 665 1701 719 memoriam
1734 677 2079 723 consecrant.

499 750 923 809 Wandelbertus
958 751 1079 808 XVI
1110 752 1236 809 Maii
1268 773 1282 810 :

572 862 812 933 Septima
852 867 1106 922 Timothei
1133 885 1251 922 cum
1287 870 1423 924 dena
1462 871 1674 931 nomine
1703 870 1861 934 lucet.

583 934 826 989 Veridica
856 935 1061 992 Paulus
1089 940 1267 993 docuit
1289 956 1439 1009 quem
1466 949 1586 996 vace
1618 943 1826 997 beatus.

503 1049 650 1106 XXII
686 1048 918 1123 Augusti
956 1053 1058 1108 ista
1121 1053 1286 1110 habet
1313 1066 1692 1125 pervetustum
1734 1057 2080 1116 Rhinawien.

504 1160 613 1198 ms.
664 1162 683 1195 ι
716 1141 906 1201 Romae
968 1143 1243 1201 Timothei
1305 1147 1557 1218 discipuli
1593 1147 1650 1202 S.
1677 1149 1852 1205 Pauli.
1902 1169 1918 1200 ι
1976 1149 2084 1205 Sed

505 1243 800 1304 postremae
834 1244 946 1292 tres
986 1252 1150 1293 voces
1206 1238 1469 1294 videntur
1499 1255 1529 1294 a
1562 1241 1787 1297 librario
1815 1243 2040 1312 adjecta:
2067 1261 2080 1297 :

508 1328 708 1382 colitur
764 1329 1007 1399 alioquin
1059 1345 1126 1385 eo
1166 1330 1255 1385 die
1313 1329 1372 1386 S.
1437 1331 1759 1389 Timotheus
1807 1332 2086 1389 Romanus

506 1414 729 1489 Martyr.
767 1416 1015 1488 Denique
1042 1418 1237 1473 XXVII
1295 1420 1635 1491 Septembris
1682 1438 1787 1478 ms.
1822 1422 2086 1495 Martyrov

508 1512 709 1581 legium
755 1511 813 1567 S.
850 1512 1167 1586 Hieronymi
1212 1524 1289 1572 τ’(
1329 1516 1391 1571 In
1441 1512 1659 1588 Epheso
1708 1517 2003 1574 Timothei.
2061 1537 2081 1571 ι

509 1603 904 1673 llujusnellta
935 1606 1108 1662 sensit
1158 1609 1359 1663 veteris
1406 1610 1643 1680 scriptor
1697 1610 2084 1684 Martyrologii,

506 1693 651 1762 quod
681 1693 738 1749 in
767 1695 1113 1750 monasteriis
1142 1684 1396 1754 Lati-ensi
1431 1709 1487 1755 ct
1518 1698 1576 1755 S.
1599 1700 1818 1756 Martini
1848 1701 2086 1757 Tornaci

506 1799 843 1854 asscrvatur,
872 1789 927 1842 in
968 1803 1077 1860 quo
1110 1789 1213 1845 ista
1238 1791 1497 1863 leguntur
1528 1808 1595 1848 eo
1622 1794 1710 1849 die
1744 1813 1757 1850 :
1813 1812 1831 1846 ι
1897 1794 1964 1848 Ει
2026 1791 2083 1848 S.

506 1878 783 1935 Timothei
812 1880 1067 1952 discipuli
1099 1882 1251 1938 Pauli
1305 1884 1558 1954 apostoli,
1611 1899 1775 1955 quem
1816 1883 1959 1939 idem
1992 1899 2088 1939 vas

508 1970 793 2027 electionis
826 1987 1140 2041 assumens,
1176 1989 1397 2030 omnem
1447 1975 1876 2032 ecclesiasticam
1927 1975 2091 2031 disci-

509 2062 709 2130 plinam
742 2062 950 2126 docuit,
982 2070 1037 2118 et
1058 2079 1155 2134 per
1182 2079 1381 2120 manus
1412 2065 1836 2137 impositionem,
1873 2070 2090 2122 accom-

510 2154 839 2210 modahilem
874 2154 1137 2211 Ecclesiis
1184 2156 1337 2213 fecit.
1388 2156 1493 2213 llic
1547 2159 1782 2228 pudicus
1831 2170 1887 2215 et
1936 2161 2091 2230 virgo

510 2261 860 2314 permanens,
892 2248 1038 2318 apud
1062 2247 1337 2319 Ephesum
1385 2249 1442 2304 in
1499 2260 1687 2307 monte
1733 2251 1828 2323 qui
1866 2261 2093 2309 vocatur

511 2339 668 2406 Piou,
698 2356 823 2396 cum
855 2357 1052 2413 magno
1102 2343 1313 2399 honore
1354 2343 1605 2414 sepultus
1631 2345 1886 2415 quiescit.
1926 2362 1947 2397 ι
1981 2344 2092 2401 Cur

511 2446 644 2487 vero
678 2451 698 2484 ι
733 2434 1212 2491 accommodabilis
1260 2435 1525 2492 Ecclesiis
1570 2434 1749 2492 factus
1788 2454 1808 2489 ι
1845 2436 2094 2492 dicitur?

514 2538 585 2577 an
620 2525 745 2594 quia
788 2525 1083 2596 episcopus
1120 2536 1476 2583 consecratus
1519 2527 1793 2599 principio
1824 2536 1929 2595 est,
1956 2529 2092 2583 nulli

515 2625 681 2673 certae
732 2618 846 2673 sedi
895 2619 1176 2687 astrictus,
1223 2620 1320 2677 sed
1368 2627 1430 2674 ut
1481 2635 1685 2681 munus
1735 2620 2091 2692 apostolicum

508 2710 812 2781 perfectius
843 2712 1021 2769 ubivis
1036 2714 1261 2784 exsequi
1290 2711 1520 2784 posset?

721 2843 749 2917 ᾗ
783 2841 845 2899 ιι.
873 2844 1007 2899 Acta
1044 2844 1101 2900 S.
1144 2846 1419 2912 Timothei,
1476 2857 1681 2920 tempus
1710 2852 1915 2905 mortis.

588 2956 670 3011 ϐα
716 2957 1027 3031 Polycrates
1077 2959 1438 3030 Ephesiorum
1494 2963 1857 3035 episcopus...
1908 2964 2097 3021 ﬂoruit

510 3050 858 3124 temporibus
890 3050 1076 3106 Severi
1106 3052 1395 3122 principis,
1436 3072 1457 3107 ι
1489 3062 1554 3109 ιιι
1593 3063 1825 3111 testatur
1870 3054 1930 3112 S.
1963 3055 2095 3114 Ilie-

514 3157 776 3215 rouymus
800 3144 903 3200 lib.
931 3143 1009 3198 De
1037 3145 1379 3214 scriptoribus
1426 3146 1791 3203 ecclesiasticis
1848 3164 1968 3219 cap.
2001 3148 2095 3212 45,

518 3236 613 3291 ubi
640 3236 905 3291 nonnulla
940 3236 1137 3302 recitat
1163 3252 1227 3291 ex
1270 3237 1536 3308 Synodica
1563 3239 1683 3308 eius
1714 3239 1945 3309 epistola
1994 3255 2096 3312 pro

518 3327 628 3381 ritu
658 3327 714 3381 in
737 3327 840 3383 ista
872 3326 1115 3383 Ecclesia
1143 3343 1173 3382 a
1202 3328 1262 3383 S.
1300 3328 1534 3385 Joannis
1565 3320 1927 3401 Evangelistze
1954 3340 2099 3386 tem-

520 3418 750 3489 poribus
778 3420 1093 3485 observato,
1145 3420 1459 3477 celebrandi
1504 3437 1613 3477 una
1662 3438 1754 3477 xiv
1795 3421 2098 3480 Paschatis.

520 3510 599 3566 De
627 3526 694 3566 eo
724 3512 1045 3583 Sigebertus
1072 3529 1194 3585 cap.
1227 3514 1283 3571 3.
1315 3533 1334 3567 ‹
1366 3513 1679 3586 Polycrates
1699 3515 2009 3584 passionem
2038 3515 2097 3572 S.

522 3600 797 3659 Timothei
820 3606 1050 3675 apostoli
1083 3607 1321 3677 scripsit,
1346 3616 1402 3662 et
1428 3607 1535 3670 alia
1562 3608 1766 3677 multa;
1801 3626 1820 3661 ι
1856 3616 1911 3664 at
1931 3608 2101 3666 Baro-

521 3696 648 3751 nius
688 3696 745 3751 in
768 3696 923 3753 Notis
950 3697 1018 3753 ad
1043 3698 1506 3772 Martyrologium,
1543 3700 1610 3756 de
1638 3717 1703 3757 ea
1741 3702 1813 3757 ita
1849 3717 2101 3773 pronun-

522 3788 624 3843 tiat
656 3806 671 3843 :
711 3806 731 3842 ς
770 3788 1090 3846 Passionem
1122 3790 1397 3848 Timothei
1436 3808 1467 3847 a
1518 3790 1803 3864 Polycrate
1839 3794 2098 3864 scriptam

524 3878 693 3935 fuisse
749 3889 941 3936 auctor
997 3889 1082 3938 est
1139 3881 1457 3954 Sigebertus
1489 3882 1567 3938 De
1595 3884 1724 3939 viris
1765 3880 1936 3939 illast.
1967 3900 2017 3940 c.
2044 3883 2100 3951 3,

525 3969 622 4024 sed
652 3968 895 4042 ignotum
926 3972 980 4027 id
1013 3987 1241 4043 prorsus
1270 3972 1508 4030 Eusebio
1534 3984 1698 4047 atque
1743 3974 2100 4049 Hieronymo,

525 4060 619 4130 qui
644 4071 813 4133 agunt
836 4063 903 4118 de
924 4061 1224 4135 Polycrate.
1264 4083 1284 4117 ι
1329 4062 1529 4122 Verum
1559 4075 1615 4122 et
1643 4066 1748 4122 alia
1768 4068 1837 4123 ab
1863 4067 1930 4122 iis
1960 4082 2099 4138 prse-

529 4154 777 4210 termissa
802 4157 1033 4214 aliorum
1064 4160 1349 4214 auctorum
1373 4159 1597 4231 scripta.
1632 4159 1862 4219 Photius
1890 4171 2097 4229 tamen,

598 4351 1061 4432 (a)_S.:I‘imo_the_i
1122 4355 1304 4413 Vitam
1355 4367 1581 4432 auctore
1631 4358 1909 4432 Polycrate
1944 4361 2103 4416 dedi-

527 4423 738 4481 mus'in
764 4424 1092 4500 Patrotogiw
1120 4432 1323 4485 noStra:
1350 4436 1498 4486 tomo
1526 4427 1591 4495 γ,
1623 4423 1745 4486 εοιῖ
1765 4430 1923 4487 150⁸2.
1944 4432 2103 4487 Nunc

2094 2828 2137 2867 Ι

2185 580 2393 635 nullum
2423 580 2692 637 nominat.
2734 581 3036 638 Autbertus
3082 581 3299 637 Miratus
3344 581 3412 636 in-
3436 581 3751 639 Bibliotheca

2187 670 2593 735 Ecclesiastica,
2635 692 2653 726 ι
2696 672 2782 729 Fit
2807 675 2863 729 in
2894 690 2958 731 ea
2983 674 3267 739 Passione,
3315 674 3512 745 inquit,
3557 675 3757 730 mentio

2182 764 2377 819 lrenaei
2424 763 2807 836 Lugdunensis
2834 766 3071 835 episcolii
3098 783 3111 819 :
3137 781 3204 821 ex
3227 781 3337 836 quo
3364 765 3541 835 colligi
3578 766 3754 832 datur,

2184 871 2294 910 non
2334 871 2494 925 posse
2544 871 2667 910 eam
2714 857 2939 911 attribui
2991 856 3287 926 Polycrati.
3333 855 3425 925 qui
3475 853 3759 911 Timotheo

2185 956 2313 1018 post
2338 945 2654 1002 Onesimum
2677 941 2978 1002 successit.
3004 965 3022 999 ι
3054 948 3407 1017 Atnusquam
3438 945 3636 1000 dicitur
3658 945 3758 999 im-

2185 1039 2421 1094 mediate
2451 1040 2784 1095 successisse
2810 1038 3091 1103 Onesimo,
3124 1039 3216 1109 qui
3250 1038 3353 1094 sub
3382 1037 3618 1106 Trajano
3643 1052 3763 1107 pasp

2187 1143 2280 1183 sus
2325 1130 2579 1197 traditur,
2634 1137 2695 1184 ut
2736 1131 2801 1185 16
2843 1129 3005 1185 Febr.
3050 1130 3315 1185 dicemus.
3381 1128 3502 1198 Ipse
3556 1127 3764 1182 Mimos

2188 1222 2455 1277 Irenaeum
2507 1237 2652 1277 anno
2712 1221 2778 1277 10
2838 1219 3025 1275 Severi
3061 1222 3195 1291 (qui
3247 1229 3366 1275 erat
3401 1219 3602 1273 Christi
3636 1218 3760 1282 202,

2140 1338 2141 1345 η
2186 1321 2283 1367 aut
2314 1312 2441 1377 203,
2473 1311 2666 1382 viginti
2714 1311 2825 1382 jam
2857 1311 3052 1367 diebus
3086 1308 3404 1379 inchoatus)
3444 1318 3761 1365 coronatum

2188 1404 2385 1459 asserit
2419 1422 2432 1459 :
2467 1402 2524 1458 S.
2553 1400 2915 1473 Hieronymus
2941 1400 3272 1473 Polycratem
3305 1421 3323 1454 ι
3356 1400 3604 1457 ﬂoruisse
3633 1410 3767 1454 tem-

2191 1496 2420 1566 poribus
2484 1494 2673 1551 Severi
2748 1494 3053 1565 principis:
3113 1513 3131 1546 ι
3185 1503 3249 1549 ut
3307 1493 3467 1548 facile
3535 1491 3771 1562 potuerit

2189 1587 2402 1654 lrenaai,
2441 1587 2666 1658 aequalis
2698 1586 2805 1653 sui,
2839 1587 3291 1643 commentarium
3341 1586 3602 1656 aliquem,
3662 1583 3771 1637 imo

2190 1693 2405 1745 omnes,
2434 1678 2630 1750 legisse

2264 1773 2386 1842 Ipse
2414 1786 2473 1827 se
2506 1771 2840 1843 Polycratem
2871 1778 3062 1826 auctor
3114 1775 3276 1824 vocat
3320 1768 3439 1836 (a);
3496 1765 3590 1837 qui
3643 1780 3772 1819 sane

2193 1860 2460 1931 impostor
2479 1860 2766 1916 habendus
2787 1869 2951 1923 esset,
2984 1858 3028 1915 si
3055 1857 3219 1913 alieni
3246 1857 3484 1913 nominis
3509 1856 3770 1910 honorem

2194 1950 2298 2007 sibi
2324 1950 2463 2007 falso
2495 1959 2794 2021 arrogaret,
2827 1957 2882 2004 at
2909 1950 3174 2019 scriptum
3208 1962 3370 2020 grave
3396 1956 3480 2001 est
3506 1947 3672 2016 (quod
3705 1945 3773 2000 ad

2194 2059 2306 2099 rem
2340 2043 2555 2109 attinet,
2590 2042 2718 2098 licet
2740 2042 2877 2113 stylo
2899 2042 3100 2097 humile
3118 2046 3327 2096 asserat
3351 2038 3625 2107 Photius),
3659 2046 3773 2092 est-

2194 2148 2301 2204 que
2330 2140 2760 2189 consentaneum
2800 2132 2867 2187 iis
2895 2148 3016 2202 qua:
3038 2131 3222 2187 caateri
3252 2145 3469 2200 quoque
3498 2129 3566 2185 de
3592 2126 3776 2181 Timo-

2196 2229 2326 2284 theo
2363 2229 2747 2284 tradiderunt.
2790 2225 3113 2283 Vincentius
3160 2224 3565 2281 Bellovacensis
3597 2223 3693 2278 lib.
3720 2237 3774 2286 ι,

2196 2336 2320 2392 cap.
2348 2321 2441 2387 38,
2470 2336 2539 2375 ex
2571 2302 2853 2391 Polycrate
2885 2319 3019 2374 Acta
3053 2318 3302 2388 quaedam
3332 2315 3608 2385 Timothei
3639 2315 3778 2370 reci-

2198 2420 2315 2478 tat;
2359 2429 2379 2462 ‹
2427 2427 2550 2481 qua!
2578 2411 2715 2481 stylo
2756 2424 2877 2475 suo,
2918 2427 2937 2461 ι
2969 2409 3168 2476 inquit,
3207 2407 3407 2464 Petrus
3438 2407 3649 2463 Halloix
3679 2419 3781 2460 no-

2196 2513 2310 2560 ster
2343 2502 2397 2557 in
2426 2502 2609 2557 Notat.
2662 2502 2731 2557 ad
2773 2516 2896 2571 cap.
2927 2501 2959 2554 7
2989 2501 3122 2556 Viue
3156 2501 3213 2555 S.
3250 2498 3557 2571 Polycarpi,
3594 2518 3613 2551 ‹
3652 2497 3784 2554 satis

2196 2594 2433 2661 clamant
2471 2608 2530 2649 se
2556 2609 2588 2648 e
2640 2592 2843 2649 Grmcis
2891 2607 3015 2648 esse
3056 2593 3363 2659 translata;
3408 2610 3427 2643 ι
3470 2602 3635 2661 atque
3665 2604 3786 2645 οω-

2197 2685 2331 2741 nino
2364 2684 2634 2757 Polycrati
2663 2684 2779 2755 ipse
2815 2683 2903 2739 illa
2936 2683 3148 2739 tribuit.
3185 2685 3264 2738 Ea
3307 2700 3376 2740 ex
3411 2682 3648 2741 vetustis
3688 2696 3784 2737 co-

2200 2777 2416 2833 dicibus
2446 2775 2903 2832 monasteriorum
2940 2775 2999 2833 S.
3030 2774 3335 2840 Maximini,
3368 2785 3425 2832 et
3479 2777 3541 2830 S.
3606 2773 3784 2829 Maria:

2198 2871 2266 2924 de
2298 2867 2582 2939 Ripatorio
2611 2867 3026 2937 descripsimus,
3060 2868 3504 2937 contulimusque
3535 2881 3660 2921 cum
3689 2881 3783 2920 ex-

2199 2960 2348 3015 cusis
2396 2959 2663 3031 agonibus
2708 2967 3033 3030 martyrum,
3056 2974 3163 3013 ms.
3191 2956 3400 3013 Nicolai
3432 2956 3698 3020 Bellortii,
3727 2962 3782 3009 et

2200 3052 2385 3111 Graeca
2412 3070 2517 3109 ms.
2559 3054 2788 3110 historia
2815 3053 3062 3126 martyrii
3094 3052 3153 3107 S.
3188 3051 3488 3116 Timothei,
3525 3065 3646 3119 quae
3669 3048 3782 3119 ipsa

2203 3148 2452 3215 fortassis
2475 3156 2560 3203 est
2589 3146 2914 3218 Polycratis,
2967 3145 3063 3201 sed
3101 3160 3131 3199 a
3157 3144 3412 3215 quopiam
3458 3151 3580 3211 post
3611 3153 3784 3197 trans-

2204 3239 2343 3295 latas
2372 3238 2906 3309 Constantinopolim
2935 3237 3199 3308 reliquias
3234 3235 3544 3307 recognita,
3590 3233 3785 3289 omisso

2204 3330 2453 3395 exordio,
2501 3344 2611 3400 quo
2634 3345 2836 3384 nomen
2879 3345 3041 3384 suum
3088 3329 3399 3400 Polycrates
3463 3326 3785 3399 proﬁtetur;

2196 3426 2261 3477 et
2295 3421 2511 3487 merito,
2550 3437 2674 3477 cum
2700 3421 2979 3478 recentior
3008 3421 3097 3476 ille
3127 3421 3363 3492 scriptor
3393 3420 3687 3491 periodum
3718 3418 3783 3472 in-

2204 3512 2484 3583 teriecerit
2517 3512 2585 3567 de
2615 3512 2894 3567 translatis
2932 3512 3202 3583 reliquiis,
3244 3512 3334 3567 cui
3374 3511 3617 3582 proinde
3660 3523 3788 3580 prae-

2205 3605 2369 3679 ﬁgere
2398 3605 2699 3677 Polycratis
2724 3619 2926 3660 nomen
2961 3620 3073 3659 non
3115 3612 3333 3676 poterat
3357 3620 3374 3671 ;
3404 3612 3472 3660 at.
3500 3620 3656 3659 suum
3682 3602 3788 3671 ipso

2204 3698 2443 3765 reticuit,
2491 3698 2576 3754 vel
2609 3707 2742 3754 aetas
2775 3698 3192 3753 librariorumve
3227 3697 3571 3769 negligentia
3636 3693 3782 3752 oblit-

2204 3790 2402 3847 teravit
2433 3806 2448 3844 :
2482 3790 2687 3846 vixisse
2715 3799 2843 3846 ante
2873 3788 3168 3845 Iustiniani
3203 3798 3451 3860 tempora
3515 3789 3641 3844 inde
3665 3800 3781 3842 con-

2204 3883 2494 3955 iectamus,
2520 3883 2646 3953 quia
2678 3883 2863 3953 templi
2890 3882 2958 3937 ab
3004 3896 3071 3937 eo
3108 3881 3319 3937 conditi
3370 3896 3492 3937 non
3530 3877 3783 3936 meminit.

2208 3975 2603 4046 Metaphrastes
2672 3974 3016 4047 martyrium,
3087 3964 3561 4041 translationem,
3617 3965 3789 4037 templi

2209 4068 2296 4124 vel
2323 4068 2738 4124 aediﬁcationem
2799 4068 2887 4124 vel
2938 4066 3423 4134 restaurationem,
3488 4064 3789 4136 complexus

2212 4168 2313 4217 est.

2212 4360 2619 4436 ejusdem_acta
2644 4374 2680 4436 ἒ
2711 4357 2982 4431 Symeone
3006 4358 3369 4434 Metaphraste
3399 4362 3611 4436 scripta
3642 4355 3786 4416 exhio

2215 4429 2428 4487 bemus.
2465 4430 2615 4488 EDIT.
2644 4429 2809 4487 Pars.
