4116 6408
361 372 470 455 ’161

1632 385 1809 451 VlTA
1848 387 1910 448 s.
1949 389 2350 480 TIMOTHEI.

3507 397 3617 463 762

360 529 3595 569 ’Μ

931 836 943 847 γ
1535 691 2454 815 ΥΠΟΜΝΗΜΑ

804 923 979 1013 ΕΙΣ
1051 928 1280 1015 TON
1352 925 1691 1014 ΑΓΙΟΝ
1764 922 2455 1015 ΑΠΟΣΤΟΛΟΝ
2526 922 3152 1015 ΤΙΜΟΘΕΟΝ·

1402 1288 2562 1407 COMMEMORATIO

1246 1535 1341 1625 S.
1419 1533 1535 1624 TI
1557 1531 2028 1625 MOTHEI
2105 1532 2690 1625 APOSTOLI

499 1726 694 1791 (latine
726 1730 854 1794 apud
875 1728 1104 1781 Bolland.
1128 1728 1188 1780 ad
1210 1726 1273 1777 2i
1298 1728 1429 1791 Jan.;
1453 1728 1622 1781 Graeca
1644 1717 1934 1790 descripslm

2043 1742 2083 1778 ιι
2110 1726 2215 1777 cod.
2241 1727 2370 1791 Reg.
2395 1726 2554 1779 Paris.
2584 1743 2637 1781 n.
2666 1729 2804 1794 N57,
2828 1732 2999 1784 sacull
3024 1747 3092 1783 ιι.
3137 1734 3282 1787 Εοιτ.
3307 1734 3490 1799 Pun.)

1841 2028 2073 2085 CAPUT
2109 2030 2151 2085 l.

410 2181 439 2191 -
788 2213 797 2217 Δ
1417 2141 1710 2198 Timotheus
1727 2143 1784 2199 S.
1810 2143 1970 2199 Pauli
1999 2146 2289 2217 discipulus
2306 2157 2353 2201 et
2372 2163 2569 2203 comes.

427 2264 506 2319 κ.
559 2260 820 2331 Τιμόθεον
846 2258 938 2312 τὸν
980 2258 1155 2328 μέγαν
1200 2258 1398 2329 ἧνεγκε
1429 2258 1527 2329 μὲν
1556 2259 1920 2329 ὴΛυκαόνων,

2103 2265 2144 2321 1.
2187 2265 2441 2337 Magnum
2473 2264 2824 2321 Timotheum
2879 2265 3004 2321 tulit
3059 2267 3282 2336 quidem
3319 2267 3613 2340 Lycaonia,

356 2356 628 2428 ἐθρέψατο
660 2353 718 2407 δὲ
744 2354 841 2407 καὶ
892 2352 1183 2422 ἧσκησενή
1210 2350 1378 2405 πάλαι
1410 2353 1715 2425 περιφανὴς
1745 2355 1802 2406 ἐν
1832 2355 1932 2408 πό-

356 2449 474 2502 λεσι
494 2447 732 2519 Λύστρα.
766 2446 864 2515 οὐχ
892 2444 1038 2499 οὕτω
1069 2444 1297 2514 καρπῶν
1326 2445 1557 2516 εὐφορίᾳ
1575 2445 1672 2498 καὶ
1700 2445 1934 2518 ἀφθονίᾳ

354 2540 466 2592 τῶν
519 2536 859 2606 ἀναγκαίων,
912 2536 1023 2608 ὅσῳ
1074 2537 1167 2589 ἐπὶ
1197 2535 1274 2605 τῷ
1331 2536 1533 2607 ἡδίστῳ
1582 2538 1738 2609 φυτῷ
1794 2539 1933 2608 τῷδε

358 2628 762 2701 σεμνυνομένη,
794 2629 888 2683 καὶ
920 2633 1034 2694 τοῖς
1069 2629 1397 2684 ἐπανθοῦσιν
1435 2630 1587 2701 αὑτῷ
1607 2632 1709 2701 τῆς
1734 2633 1935 2703 ἀρετῆς

356 2723 579 2778 κάλλεσι
629 2723 723 2775 καὶ
754 2722 1096 2792 κοσμήμασι,
1124 2722 1369 2789 καίτοιγε
1398 2723 1534 2793 μηδὲ
1558 2726 1679 2786 ταῖς
1718 2722 1813 2776 τοῦ
1843 2724 1938 2792 γέ-

270 2820 281 2825 ’
362 2835 489 2880 νους
516 2816 696 2888 ῥίζαις
733 2815 1061 2887 κεχρημένῳ
1088 2815 1360 2885 καθαραῖς
1397 2833 1456 2869 τε
1484 2818 1576 2869 καὶ
1601 2817 1934 2887 ἁκιϐδήλοις,

353 2907 495 2959 ὁλλὰ
517 2908 611 2960 καὶ
632 2907 766 2959 πολὺ
790 2907 852 2959 τὸ
877 2908 940 2959 ὲκ
970 2906 1078 2960 τῶν
1094 2906 1347 2961 ἀκανθῶν
1378 2907 1477 2976 τῆς
1505 2908 1761 2971 ἀπιστίας
1785 2909 1939 2978 ἑχού-

356 3016 480 3063 σιις
510 3000 1142 3069 ὲπίμικτον.ῐ1ρομήτωρ
1179 2999 1277 3069 μὲν
1309 2999 1415 3069 γὰρ
1438 3000 1588 3069 αὐτῷ
1620 3000 1769 3066 Λοῒς,
1796 3002 1935 3071 γυνὴ

353 3090 609 3164 θεοφιλὴς
627 3094 720 3144 καὶ
746 3092 943 3163 ἀρετῆς
975 3091 1215 3162 ἀτεχνῶς
1238 3090 1594 3165 ὲπιμ[ελουμ]
1607 3094 1719 3163 ἐνηο
1751 3096 1937 3164 μήτηρ

289 3200 298 3205 ·
355 3186 564 3255 Εὐνίκη
594 3182 653 3250 ἐξ
689 3182 957 3237 Ἰουδαίων
1008 3183 1454 3254 ὲκκεντρισθείσα
1505 3185 1672 3237 πάλαι
1726 3187 1806 3248 εἰς
1836 3185 1936 3255 τὴν

355 3279 665 3339 εὖσὲὄειαν,
700 3280 794 3330 καὶ
821 3277 988 3339 ὅντως
1015 3278 1072 3330 ἐν
1100 3278 1394 3349 ἀκηράτοις
1421 3278 1633 3350 ἀρετῶν
1656 3278 1938 3346 ἀνθήσασα

354 3372 579 3444 κήποις·
606 3369 789 3442 πατὴρ
827 3370 884 3423 δὲ
913 3369 1136 3440 Ἕλλην,
1172 3372 1265 3423 καὶ
1302 3371 1371 3423 τὰ
1418 3369 1689 3447 Ἑλλήνων
1740 3375 1939 3443 ἐπιση-

355 3466 612 3535 μότατος,
667 3463 829 3516 οἱονεί
858 3481 912 3516 τι
939 3462 1179 3527 ζιζάνιον
1222 3463 1280 3515 ἐν
1344 3462 1496 3533 σίτῳ,
1548 3463 1625 3534 τῷ
1655 3463 1805 3535 καλῷ
1840 3450 1938 3519 Τι-

358 3556 555 3627 μοθέου
619 3557 792 3623 γένει,
842 3556 936 3610 καὶ
983 3555 1159 3625 ῥόδοις
1210 3554 1427 3609 ἄκανθα
1480 3557 1777 3626 παραφὺς,
1844 3555 1937 3610 καὶ

2039 2357 2371 2413 aluitautem
2407 2365 2463 2412 et
2487 2357 2742 2422 instituit,
2770 2371 2893 2428 quae
2914 2357 3042 2413 olim
3067 2358 3210 2413 inter
3231 2359 3479 2416 civitates
3516 2362 3618 2419 fuit

2036 2450 2256 2522 inclyta,
2285 2449 2473 2521 Lystra
2503 2466 2519 2527 ι
2549 2465 2658 2505 non
2702 2459 2912 2505 tantum
2954 2451 3056 2507 sibi
3099 2452 3318 2521 placens
3354 2455 3423 2509 de
3458 2456 3619 2510 uber-

2036 2552 2148 2599 tate
2189 2552 2244 2598 et
2271 2542 2604 2600 abundantia
2645 2559 2827 2599 rerum
2866 2546 3324 2608 necessariarum,
3356 2559 3618 2617 quantum

2035 2639 2102 2694 de
2134 2639 2235 2693 hac
2265 2638 2448 2707 planta
2476 2638 2635 2703 longe
2656 2637 3001 2702 suavissima,
3029 2638 3188 2692 ‘etde
3215 2639 3282 2693 iis
3310 2655 3430 2708 qua:
3462 2639 3515 2693 in
3553 2655 3620 2695 eo

2036 2730 2302 2795 elilorent,
2367 2731 2588 2785 virtutis
2618 2730 2957 2785 ornamentis
2989 2747 3005 2786 :
3052 2732 3154 2785 etsi
3189 2747 3258 2786 ne
3289 2748 3452 2801 puras
3494 2732 3620 2803 qui-

2037 2822 2167 2875 dem
2187 2828 2241 2876 et
2272 2822 2516 2876 sinceras
2545 2819 2760 2891 generis
2791 2821 3045 2875 habuerit
3091 2822 3339 2886 radices;
3400 2823 3495 2878 sed
3551 2808 3629 2878 ex.

2036 2912 2211 2981 Spinis
2262 2927 2481 2981 quoque
2530 2911 2869 2966 inﬁdelitatis
2903 2911 3201 2981 plurimum
3240 2913 3492 2968 habuerit
3524 2914 3621 2968 ad-

2038 3004 2285 3059 mistum.
2316 2996 2454 3057 Nam
2487 3012 2605 3057 erat
2626 3002 2843 3072 quidem
2876 3003 2926 3058 ei
2952 3003 3070 3056 avia
3107 3003 3252 3063 Lois,
3283 3004 3480 3058 mulier
3508 3005 3616 3074 pia,

2038 3103 2094 3150 et
2114 3110 2235 3164 qua:
2258 3110 2447 3151 revera
2473 3111 2658 3150 curam
2684 3094 2904 3165 gerebat
2926 3094 3142 3150 virtutis
3165 3112 3178 3159 ;
3202 3106 3375 3150 mater
3393 3093 3617 3161 Euuica,

2038 3203 2159 3257 quae
2188 3196 2245 3242 et
2271 3186 2478 3243 Iudaeis
2497 3188 2718 3259 quidem
2759 3189 2887 3242 olim
2928 3188 3104 3243 fuerat
3152 3189 3314 3243 insita
3347 3189 3398 3242 iu
3446 3189 3619 3259 pieta-

2041 3290 2175 3343 tem,
2207 3289 2262 3336 et
2288 3282 2343 3335 in
2374 3281 2602 3354 integris
2639 3281 2899 3335 virtutum
2922 3281 3094 3336 hortis
3119 3297 3309 3337 revera
3342 3280 3618 3336 ﬂoruerat.

2036 3371 2200 3429 Pater
2230 3383 2413 3430 autem
2469 3374 2711 3445 gentilis,
2752 3385 2810 3429 et
2855 3374 2909 3428 in
2964 3374 3246 3444 gentilium
3289 3375 3452 3429 rebus
3502 3389 3618 3428 ma.

2042 3466 2189 3520 xime
2215 3466 2469 3535 insignis,
2495 3467 2664 3522 veluti
2692 3467 2965 3537 quoddam
3006 3467 3059 3521 in
3099 3466 3375 3521 frumento
3410 3466 3620 3530 lolium,

2043 3570 2245 3627 nempe
2288 3556 2519 3617 honesto
2566 3565 2621 3611 et
2677 3557 2940 3627 praeclaro
2984 3555 3260 3611 Timothei
3314 3570 3532 3626 genere,
3569 3562 3624 3610 et

353 3648 596 3719 τοσούτῳ
620 3647 886 3718 διαφανὴς
916 3648 1013 3718 τὴν
1040 3648 1239 3711 κακίαν
1264 3648 1575 3716 γενόμενος,
1605 3648 1729 3700 ὅσον
1760 3650 1788 3701 ὁ
1810 3650 1937 3712 παῖς

2047 3619 2195 3705 rosis
2215 3649 2370 3719 spina
2401 3650 2653 3713 adustus,
2677 3619 2738 3703 et
2762 3650 2893 3704 vitio
2924 3658 3137 3705 tantum
3168 3619 3418 3718 insignis.
3448 3662 3623 3718 quan-

360 3742 668 3814 περιφανὴς
733 3742 833 3812 τὴν
889 3740 1193 3807 εὐσέϐειαν,
1246 3743 1340 3794 καὶ
1384 3739 1484 3811 τὴν
1512 3738 1714 3813 ἀρετὴν
1761 3742 1941 3812 ἀπαρο

367 3834 606 3901 ἁμιλλος.
1434 3872 1441 3879 .

440 3925 516 3978 B'.
550 3927 641 3990 ’ος
670 3923 749 3979 ἔτι
806 3924 999 3996 νήπιος
1024 3922 1121 3989 ὢν,
1143 3924 1242 3979 καὶ
1270 3923 1375 3977 ὑπὸ
1416 3926 1483 3996 τῇ
1520 3924 1690 3995 μητρὶ
1729 3925 1937 3998 Εὐνίκῃ

369 4016 878 4088 παιδαγωγούμενος
944 4017 1044 4087 τὴν
1080 4015 1350 4086 Ἑλλήνων
1386 4014 1504 4087 ἅμα
1533 4016 1628 4070 καὶ
1660 4017 1939 4072 Ἰουδαίων

360 4109 562 4180 ἐπίσης
593 4110 811 4181 ἀπάτην
857 4109 1122 4177 ἐξέκλινε,
1188 4109 1286 4163 καὶ
1310 4107 1507 4181 Παύλῳ
1535 4108 1843 4179 τηνικαῦτα
1868 4112 1938 4180 τῇ

356 4203 456 4274 τῆς
502 4203 836 4273 Ἐκκλησίας
901 4200 1136 4273 λαμπρᾷ
1186 4200 1452 4269 σάλπιγγι
1508 4201 1781 4272 πρόσεισι,
1842 4202 1941 4255 σὺν

352 4294 473 4364 ἅμα
496 4295 756 4367 Βαρνάϐᾳ
784 4295 863 4366 τῷ
890 4294 985 4348 τοῦ
1009 4293 1244 4366 Χριστοῦ
1266 4294 1482 4366 μαθητῇ
1514 4294 1611 4350 καὶ
1632 4294 1936 4365 ἀποστόλῳ,

354 4386 481 4441 καθ’
521 4387 559 4440 ἆ
611 4403 773 4457 φησιν
804 4387 832 4440 ὀ
863 4385 1006 4449 θεῖος
1067 4386 1284 4449 Λουκᾶς
1339 4386 1399 4438 ὲν
1457 4386 1581 4449 ταῖς
1645 4384 1939 4455 Πράξεσιν,

353 4475 780 4545 ὲπιδεδημηκότι
806 4477 873 4546 τῇ
903 4472 1220 4539 Λυκαόνων,
1258 4473 1382 4544 ἥτις
1429 4473 1630 4545 ὅμορος
1657 4475 1759 4544 μέν
1792 4475 1940 4528 ἐστιν

366 4567 577 4636 Ἰκονίῳ
598 4568 693 4621 καὶ⁸
730 4566 932 4637 Δὲρὸῃ,
976 4564 1235 4636 μεγίστου
1270 4564 1332 4618 δὲ
1359 4563 1641 4635 θαύματος
1669 4567 1793 4620 τότε
1838 4564 1940 4635 τῆς

353 4659 456 4713 τοῦ
520 4658 735 4715 Παύλου
792 4658 1092 4728 ἐπιδημίας
1151 4658 1519 4723 ἁπολελαύκε,
1550 4657 1646 4711 καὶ
1673 4658 1847 4729 χωλὸν
1880 4657 1942 4722 ἐξ

355 4754 529 4823 αὐτῆς
553 4749 659 4808 εἶδε
680 4753 778 4824 τῆς
796 4754 878 4816 είς
912 4751 1030 4822 φῶς
1065 4751 1293 4822 προόδου
1326 4748 1391 4822 (ὢ
1413 4749 1562 4811 θείας
1584 4751 1713 4803 ὲπισ
1725 4766 1790 4804 κο
1804 4749 1936 4818 πῆςι

357 4843 405 4896 ὦ
448 4844 755 4917 παραδόξου
776 4845 1055 4913 θαύματος
1076 4843 1114 4913 l)
1158 4842 1292 4911 ὑγιᾶ
1325 4844 1393 4912 τῇ
1422 4841 1632 4895 ἐκείνου
1663 4843 1939 4914 παρουσίᾳ

363 4937 749 5006 γεγενημένον,
810 4938 908 4991 καὶ
965 4936 1126 4991 ποσὶν
1154 4935 1377 4997 οίκείοις
1410 4932 1633 4997 ἀλύπως
1676 4933 1795 5005 ἃμα
1843 4937 1940 4989 καὶ

360 5028 623 5097 ἀσφαλῶς
678 5027 981 5101 χρώμενον.
1016 5029 1114 5091 ’ος
1156 5025 1413 5081 τοσοῦτον
1467 5022 1738 5097 ἐξέπληξε
1808 5026 1935 5089 τοὺς

358 5120 503 5175 κατὰ
559 5122 737 5188 πόλιν,
781 5122 860 5186 ὡς
918 5116 1062 5174 εἶναι
1112 5120 1207 5173 καὶ⁵
1262 5119 1406 5189 πέρα
1449 5118 1691 5183 πίστεως
1755 5119 1938 5184 αὐτοῖς

354 5210 416 5263 τὸ
443 5212 833 5286 γεγενημένον,
865 5211 960 5266 καὶ
1008 5209 1167 5274 θεοὺς
1207 5209 1419 5266 οἴεσθαι
1472 5212 1600 5274 τοὺς
1639 5211 1935 5282 σφετέρους

354 5296 633 5376 ἀνθρώπῳ
664 5304 764 5376 τὴν
807 5304 938 5361 θέαν
969 5306 1341 5377 ὀμοιωθέντας
1371 5303 1474 5373 τὴν
1512 5303 1668 5357 πόλιν
1700 5320 1933 5375 περιπο-

353 5392 491 5458 λεῖν,
519 5387 595 5449 ὧν
617 5394 782 5467 ἔργον
810 5398 906 5452 καὶ
945 5398 1045 5466 τὴν
1066 5397 1160 5451 τοῦ
1189 5392 1364 5467 χωλοῦ
1392 5394 1695 5466 θεραπείαν
1720 5395 1935 5466 λογίζε-

430 5571 447 5602 ¹
479 5570 601 5628 Act.
636 5589 748 5629 nr.

2048 3751 2162 3797 tum
2185 3741 2288 3796 fuit
2317 3741 2462 3797 illius
2484 3742 2627 3798 illius
2646 3741 2862 3812 pietate
2891 3742 3073 3797 clarus
3100 3751 3154 3797 et
3184 3741 3383 3795 virtute
3410 3741 3623 3795 incom-

2046 3834 2325 3905 parabilis.

2116 3923 2181 3979 ll.
2214 3924 2350 3979 Cum
2378 3933 2526 3980 esset
2548 3933 2728 3979 autem
2753 3922 3130 3978 adhucinl‘ans
3152 3921 3495 3988 Timotheus,
3513 3928 3569 3976 et
3593 3934 3624 3975 a

2052 4026 2229 4073 matre
2249 4015 2458 4071 Eunica
2488 4017 2566 4081 (l)
2594 4016 2993 4081 institueretur,
3014 4015 3296 4085 gentilium
3330 4024 3386 4070 et
3410 4012 3627 4070 Judaoo
3676 4010 3682 4015 “

2045 4126 2169 4167 rum
2228 4124 2471 4164 errorem
2522 4108 2685 4165 simul
2724 4125 2791 4163 ex
2821 4123 2977 4179 aequo
3027 4107 3321 4166 declinavit
3355 4125 3369 4161 :
3407 4117 3463 4162 et
3500 4116 3630 4162 tunc

2049 4199 2260 4255 accedit
2288 4199 2356 4254 ad
2390 4197 2638 4262 Paulum,
2676 4200 2993 4269 pra-claram
3026 4199 3284 4256 Ecclesiae.
3315 4200 3522 4264 tubam,
3557 4200 3629 4255 si-

2048 4293 2162 4350 mul
2214 4307 2338 4348 cum
2391 4292 2636 4347 Barnaba
2674 4291 2878 4348 Christi
2936 4293 3209 4363 discipulo
3262 4300 3318 4347 et
3359 4290 3627 4362 apostolo,

2048 4387 2190 4442 sicut
2215 4384 2437 4440 divinus
2466 4384 2645 4440 Lucas
2677 4384 2809 4440 dicit
2839 4385 2896 4439 in
2930 4385 3082 4440 Actis
3116 4386 3170 4452 ¹;
3203 4399 3327 4439 cum
3350 4383 3406 4438 is
3448 4382 3629 4437 renis-

2048 4488 2131 4535 set
2161 4478 2215 4532 in
2246 4478 2592 4550 Lycaoniam,
2626 4494 2748 4548 qua:
2795 4488 2879 4534 est
2914 4476 3142 4532 ﬁnitima
3173 4476 3394 4546 quidem
3449 4473 3628 4530 lceaiio

2048 4580 2104 4626 et
2133 4569 2344 4635 Derbm,
2377 4584 2443 4623 ex
2476 4568 2630 4624 Pauli
2655 4578 2786 4624 vero
2812 4571 3049 4623 adventu
3080 4580 3333 4637 magnum
3359 4572 3480 4619 erat
3502 4576 3629 4617 con-

2048 4669 2235 4715 secuta
2267 4658 2609 4721 miraculum,
2641 4667 2697 4714 et
2714 4658 2968 4713 claudum
2996 4656 3067 4712 ab
3094 4657 3211 4727 ipso
3233 4664 3357 4710 ortu
3386 4652 3452 4721 (Ο
3483 4652 3625 4709 divi-
3724 4664 3727 4667 '

2046 4769 2174 4809 nam
2222 4752 2627 4809 visitationem!
2677 4762 2712 4808 ο
2786 4750 3107 4807 admirabile
3177 4744 3624 4819 spectaculum!)

2047 4862 2241 4902 sanum
2295 4846 2549 4902 enectum
2584 4844 2730 4900 illius
2786 4843 3100 4914 praesentia,
3141 4850 3197 4897 et
3228 4841 3460 4913 pedibus
3512 4837 3627 4894 suis

2047 4941 2255 5011 absque
2309 4937 2581 5003 molestia,
2612 4946 2667 4993 et
2701 4952 2896 4992 secure
2948 4944 3214 4991 utentem.
3245 4933 3349 5001 Qui
3405 4932 3626 5004 quidem

2047 5050 2163 5096 eos,
2189 5033 2279 5103 qui
2314 5031 2544 5088 erantin
2596 5030 2839 5095 civitate,
2873 5029 2925 5083 in
2960 5037 3163 5083 tantam
3193 5026 3417 5083 adduxit
3448 5025 3625 5080 admi-

2047 5126 2335 5189 rationem,
2367 5132 2427 5179 ut
2457 5131 2602 5178 esset
2632 5123 2712 5178 eis
2751 5122 2801 5176 id
2825 5121 2970 5192 quod
3002 5121 3205 5176 factum
3236 5118 3435 5179 fuerat,
3461 5132 3624 5186 supra

2047 5216 2231 5280 ﬁdem,
2263 5224 2320 5271 et
2347 5229 2477 5270 suos
2517 5213 2649 5269 deos
2686 5212 3062 5269 existimarent
3099 5211 3273 5266 forma
3312 5206 3623 5266 hominibus

2047 5307 2377 5365 assimilatas
2433 5305 2599 5370 obire,
2633 5306 2934 5369 civitatem,
2988 5312 3044 5358 et
3086 5318 3276 5359 eorum
3316 5315 3439 5357 esse
3483 5313 3623 5370 opus

2048 5398 2227 5454 claudi
2246 5396 2611 5453 curationem.
2641 5394 2930 5464 Postquam
2955 5402 3160 5459 autem,
3184 5391 3434 5462 quisnam
3452 5396 3620 5454 esset,

425 5731 505 5798 (l)
529 5729 790 5806 Miramur
814 5732 952 5792 duas
980 5735 1078 5792 has
1118 5744 1334 5794 sanctas
1371 5735 1607 5794 feminas
1632 5736 1855 5796 Loidem
1879 5745 1936 5795 et
1974 5736 2243 5806 Eunicen,
2277 5749 2380 5794 nec
2441 5737 2496 5795 in
2525 5736 2859 5803 Graecorum,
2924 5751 3029 5792 nec
3065 5734 3120 5790 in
3159 5732 3481 5791 Latinorum
3514 5726 3618 5788 Fa-

353 5801 459 5857 stis
486 5801 736 5874 reperiri.
806 5882 813 5889 _
