4116 6442
500 418 615 484 “763

1734 425 2019 489 MENSIS
2050 426 2513 490 JANUARIUS.

3524 462 3528 467 ι
3630 427 3753 494 ’764

495 543 893 606 cognoverunt,
921 543 974 590 et
1001 533 1145 606 quod
1189 534 1288 591 Dei
1319 534 1428 592 vivi
1456 544 1605 593 esset
1645 537 1827 626 potius
1851 546 2070 610 apostoo

2174 537 2318 593 σθαι.
2362 535 2518 590 Ἐπεὶ
2558 535 2615 591 δὲ
2654 535 2901 604 ἔγνωσαν
2960 536 3110 603 ὅστις
3155 531 3247 612 ἦν,
3311 538 3403 594 καὶ
3462 538 3545 594 δτι
3609 541 3751 596 Θεοῦ

495 625 603 688 lus.
644 634 701 682 et
738 626 959 695 horum,
996 627 1090 698 qui
1120 626 1256 683 falso
1288 627 1568 696 dicuntur,
1599 625 1824 687 deorum
1874 632 2072 688 adver-

496 720 698 782 sarius.
733 720 801 776 ad
834 721 940 777 hoc
967 721 1147 792 ipsum
1182 723 1408 791 missus,
1436 713 1497 780 ut
1524 723 1593 781 ab
1640 740 1831 781 eorum
1885 741 2073 783 errore

495 809 862 866 liberarentur
888 812 1165 879 homines,
1198 822 1255 869 et
1283 815 1428 886 quod
1466 817 1727 888 praedicat
1760 818 1952 885 Deum,
1978 818 2073 891 qui

491 914 604 955 non
628 902 805 958 solum
834 912 1014 975 potest
1045 906 1320 977 corrigere
1359 908 1497 963 tales
1526 924 1814 980 corporum
1847 910 2072 966 mutila-

494 992 698 1061 tiones,
749 996 846 1051 sed
877 996 1041 1052 etiam
1076 1000 1342 1055 suscitare
1388 1013 1674 1070 mortuos;
1709 1001 1865 1057 multi
1896 1002 1964 1057 ab
1993 1017 2075 1057 er-

491 1096 620 1138 rore
643 1084 962 1142 deﬁcientes
983 1098 1331 1145 accesserunt
1355 1090 1423 1146 ad
1440 1091 1721 1162 pietatem.
1756 1091 1905 1164 Opus
1929 1092 2073 1148 illius

492 1173 763 1243 miraculi,
788 1175 1010 1233 fuerunt
1037 1179 1201 1235 etiam
1229 1180 1392 1251 hujus
1451 1183 1784 1244 admirabilis
1821 1184 2072 1256 discipuli

492 1276 548 1322 et
589 1268 819 1338 apostoli
856 1282 1133 1341 parentes,
1164 1273 1258 1344 qui
1290 1291 1488 1347 magno
1518 1277 1701 1332 studio
1739 1286 1795 1332 et
1828 1277 2073 1333 liberali-

496 1368 606 1415 tate
628 1359 855 1415 Paulum
877 1363 1023 1417 domi
1063 1379 1175 1419 suae
1215 1375 1546 1436 acceperunt
1577 1383 1593 1423 :
1620 1377 1675 1423 et
1698 1369 1921 1439 pietatis
1946 1368 2072 1440 qui-

493 1450 617 1506 dem
651 1451 828 1507 lucem
871 1454 940 1509 ab
987 1470 1054 1510 eo
1086 1456 1414 1523 habuerunt,
1444 1458 1594 1529 pium
1638 1468 1821 1516 autem
1879 1471 1934 1518 et
1975 1462 2069 1518 Dei

493 1555 763 1599 amantem
794 1544 1165 1615 Timotheum,
1195 1550 1363 1606 veluti
1410 1552 1652 1608 vicissim
1685 1554 2070 1623 reddiderunt,

491 1630 586 1699 qui
609 1640 727 1686 erat
763 1633 946 1714 adhuc
967 1637 1189 1706 juvenis
1215 1648 1272 1695 et
1299 1654 1476 1708 tener,
1522 1652 1576 1700 et
1607 1653 1769 1716 aptus
1790 1644 1857 1700 ad
1894 1647 2072 1702 susci-

492 1720 688 1790 pienda
717 1725 924 1780 semina
950 1727 1193 1798 pietatis,
1239 1734 1386 1803 quod
1411 1735 1635 1804 quidem
1665 1736 1793 1793 licet
1822 1738 2070 1808 apertius

491 1813 702 1870 discere
729 1830 797 1871 ex
829 1816 968 1874 libro
1004 1810 1239 1878 Actuum
1277 1827 1647 1896 apostolorum
1669 1829 1714 1883 ³.
1763 1828 1898 1886 Nam
1942 1847 2066 1887 cum

492 1904 716 1973 Paulus,
752 1909 952 1982 inquit,
985 1915 1164 1973 obiret
1193 1917 1439 1991 Lystram
1464 1932 1521 1977 et
1555 1922 1790 1990 Derben,
1821 1934 1938 1980 erat
1962 1925 2073 1982 illic

492 1998 795 2071 discipulus
821 2005 1031 2075 quidan
1048 2048 1063 2073 ,
1084 2010 1309 2067 nomine
1340 2012 1680 2083 Timotheus,
1711 2017 1855 2071 ﬁlius
1878 2017 2075 2073 mulie-

492 2093 570 2148 ris
598 2092 801 2152 Judaea:
833 2098 1027 2167 ﬁdelis,
1059 2102 1231 2171 patris
1272 2112 1454 2160 autem
1484 2106 1722 2177 gentilis.
1760 2107 1898 2163 Huic
1920 2109 2073 2165 testi-

492 2187 735 2243 monium
765 2190 972 2247 bonum
1021 2194 1346 2265 reddebant,
1370 2197 1464 2268 qui
1491 2197 1544 2261 in
1579 2198 1790 2272 Lystris
1823 2210 1982 2257 erant
2012 2215 2067 2258 et

494 2280 680 2337 Iconio
703 2282 923 2343 fratres.
1548 2316 1551 2321 ·

562 2372 653 2428 III.
708 2374 847 2430 Cum
884 2377 964 2433 sic
990 2392 1120 2451 ergo
1148 2377 1318 2437 Paulo
1348 2383 1577 2440 traditus
1598 2383 1789 2442 fuisset
1819 2387 1841 2420 ³
1892 2387 2074 2443 Timo-

494 2462 679 2526 theus,
720 2463 869 2521 Patri
905 2467 1138 2538 spiritali
1176 2469 1317 2527 ﬁlius
1349 2475 1521 2546 magis
1573 2477 1852 2547 proprius,
1905 2494 2070 2550 quam

490 2556 615 2624 ejus
639 2557 732 2626 qui
766 2568 885 2613 erat
914 2571 1072 2631 pater
1107 2564 1409 2619 secundum
1445 2581 1690 2631 carnem,
1723 2578 1779 2625 et
1822 2586 1888 2627 ex
1934 2572 2071 2629 civi-

493 2653 602 2700 tate
634 2663 744 2702 una
781 2660 927 2705 esset
956 2666 1309 2719 excessurus,
1338 2655 1408 2711 ab
1428 2670 1494 2711 eo
1514 2658 1933 2717 circumciditur
1946 2678 2073 2734 pro-

494 2744 616 2806 pter
644 2739 908 2808 quosdam
935 2741 1176 2810 Iudaeos,
1207 2745 1412 2815 quibus
1438 2747 1597 2818 plena
1624 2759 1740 2806 erat
1769 2752 1988 2819 civitas,
2015 2765 2071 2811 et

469 2828 674 2897 "omnia
695 2830 1051 2889 circumcirca
1087 2853 1102 2890 :
1135 2836 1392 2905 quoniam
1421 2854 1616 2896 omnes
1643 2842 1895 2900 sciebant
1920 2846 2070 2902 illum

490 2934 610 3002 csse
639 2930 825 2976 natum
858 2931 1009 2991 patre
1045 2925 1255 2995 gentili.
1297 2926 1478 2998 Atque
1551 2931 1799 2988 civitates
1850 2934 2070 3004 quidem

493 2999 680 3067 obibat
705 3014 907 3070 Paulus
938 3017 1220 3073 seminans
1244 3021 1716 3089 prmdicatiouem,
1765 2999 2075 3083 veritatem-

490 3121 598 3175 que
625 3110 984 3176 annuntians,
1010 3119 1066 3166 et
1092 3127 1286 3169 omnes
1323 3115 1518 3184 spiritu
1538 3131 1892 3189 regenerans.
1930 3121 2071 3177 Eum

2100 1876 2147 1936 B

2177 631 2376 700 μᾶλλον
2429 629 2648 700 ἀληθῶς
2707 630 3024 696 ἀπόστολος,
3075 631 3320 708 καὶ-τῶν
3377 633 3753 705 ψευδωνύμων

2172 720 2381 775 τούτων
2438 720 2579 776 θεῶν
2640 720 2938 789 ἀντίθετος,
2981 722 3118 794 πρὸς
3162 723 3297 780 αὐτὸ
3351 724 3415 792 δὴ
3445 725 3601 779 τοῦτο
3640 727 3753 780 ἀπ·-

2179 815 2534 886 εσταλμένος,
2560 813 2702 869 ὥστε
2749 818 2847 887 τῆς
2895 816 3077 870 αὐτῶν
3112 816 3321 889 πλάνης
3365 819 3590 888 ῥύεσθαι
3623 821 3755 882 τοὺς

2173 902 2521 974 ἀνθρώπους,
2570 905 2667 959 καὶ
2700 905 2775 968 ὼς
2801 905 3069 977 κηρύττει
3092 906 3247 973 Θεὸν,
3276 907 3338 960 ού
3364 907 3620 971 τοιαύτας
3657 910 3754 979 μόο

2173 1011 2265 1047 νον
2305 994 2584 1067 πηρώσεις
2618 996 2884 1067 ἀνορθοῦν
2915 999 3208 1068 σωμάτων,
3231 997 3369 1053 ἀλλά
3405 1000 3500 1053 καὶ
3524 1001 3755 1071 νεκροὺς

2175 1088 2400 1159 ἀνιστᾷν
2448 1089 2766 1160 δυνάμενον,
2810 1090 2996 1167 πολλοὶ
3027 1093 3127 1162 τῆς
3167 1091 3382 1162 ἀπάτης
3417 1091 3757 1158 ἀποστάντες

2173 1184 2239 1254 τῇ
2279 1183 2535 1255 εὐσεϐείᾳ
2602 1184 2954 1255 προσέθεντο.
3013 1186 3254 1240 Ὲκείνου
3322 1188 3417 1243 τοῦ
3475 1189 3759 1260 θαύματος

2173 1275 2337 1347 ἔργον
2392 1275 2491 1329 καὶ
2531 1277 2588 1330 αί
2650 1276 2744 1330 τοῦ
2787 1279 3097 1349 θαυμασίου
3169 1280 3327 1335 τοῦδε
3375 1282 3617 1353 μαθητοῦ
3659 1283 3759 1336 καὶ

2173 1369 2476 1423 ἀποστόλου
2516 1368 2794 1441 πρόγονοι,
2825 1374 2892 1442 τῇ
2933 1371 3082 1444 οίκίᾳ
3125 1372 3350 1445 θερμῶς
3376 1390 3437 1426 τε
3468 1381 3567 1426 κα)⁸
3599 1373 3759 1443 φιλο-

2173 1460 2349 1531 τίμως
2409 1462 2503 1515 τὸν
2561 1462 2774 1517 Παῦλον
2813 1463 3239 1534 ὑποδεξάμεναι,
3295 1465 3390 1518 καὶ
3424 1466 3624 1535 φέγγος
3654 1448 3755 1532 pst.

2173 1552 2452 1620 εὐσεϐείας
2475 1554 2639 1628 ,παρ’
2673 1554 2844 1609 αὐτοῦ
2875 1555 3162 1620 λαϐοῦσαι,
3204 1556 3367 1610 οἱονεὶ
3393 1557 3449 1611 δὲ
3484 1558 3575 1610 τὸν
3638 1558 3760 1611 θεο-

2173 1645 2304 1717 φιλῆ
2328 1645 2594 1716 Τιμόθεον
2617 1647 2951 1713 ἀντιδοῦσαι,
2986 1647 3183 1718 νεαρὸν
3225 1647 3305 1702 ἔτι
3328 1649 3458 1702 ὄντα
3486 1650 3576 1703 καὶ
3603 1650 3752 1703 ἀπα-

2171 1737 2287 1801 λὸν,
2485 1742 2780 1810 σπέρματα
2820 1739 3133 1803 θεοσεϐείας
3167 1740 3474 1810 ἐπιτήδειον
3513 1743 3758 1814 παραδέ-

2174 1828 2391 1895 ξασθαι,
2426 1829 2563 1901 δπερ
2600 1825 2694 1884 οὖν
2738 1818 2834 1884 καὶ
2881 1830 2975 1884 ἀπ’
3008 1831 3177 1901 αὐτῆς
3215 1848 3319 1884 που
3355 1832 3757 1900 εύσαφέστερόν

2175 1921 2292 1974 ἐστι
2320 1920 2513 1994 μαθεῖν
2559 1923 2657 1993 τῆς
2697 1923 2805 1976 τῶν
2837 1922 3097 1990 Πράξεων
3151 1924 3358 1994 βίϐλου.
3388 1923 3495 1977 Τοῦ
3532 1925 3755 1978 Παύλου

2175 2010 2305 2081 γὰρ,
2337 2010 2493 2081 φησὶ,
2517 2010 2618 2085 τὴν
2664 2011 2915 2084 Λύστραν
2949 2014 3045 2067 καὶ
3073 2014 3285 2084 Δέρϐην
3320 2015 3656 2086 περιιόντος,
3679 2009 3763 2086 ἦν

2176 2102 2296 2154 ἐκεῖ
2326 2100 2574 2173 μαθητὴς
2598 2102 2825 2174 ὀνόματι
2858 2102 3145 2173 Τιμόθεος,
3176 2106 3292 2167 υἱὸς
3326 2103 3584 2174 γυναικὸς
3617 2105 3761 2158 ’1ου-

2177 2186 2334 2253 δαίας
2353 2190 2575 2262 πιστῆς,
2605 2190 2813 2263 πατρδς
2843 2190 2900 2245 δὲ
2938 2190 3223 2262 Ἕλληνος.
3259 2194 3356 2257 Ὃς
3390 2194 3765 2266 ἐμαρτυρεῖτο

2176 2280 2279 2334 ὑπὸ
2307 2281 2418 2335 τῶν
2453 2282 2512 2337 ἐν
2545 2282 2770 2355 Λύστρᾳ
2800 2282 2895 2337 καὶ
2930 2284 3138 2356 Ἰκονίῳ
3173 2283 3441 2354 ἀδελφῶν.

2245 2372 2320 2427 l'".
2352 2370 2511 2426 Οὕτω
2535 2373 2829 2445 τοιγαροῦν¹
2859 2373 3222 2444 ἐγχειρισθεὶς
3263 2374 3342 2445 τῷ
3365 2375 3562 2450 Παύλῳ
3586 2375 3763 2450 Τιμό-

2175 2464 2318 2530 θεος,
2351 2465 2528 2537 πατρὶ
2566 2466 2925 2537 πνευματικῷ
2952 2470 3082 2530 παῖς
3113 2467 3248 2521 πολὺ
3289 2468 3383 2522 τοῦ
3401 2470 3545 2523 κατά
3574 2470 3759 2542 σάρκα

2175 2557 2386 2629 πατρὸς
2455 2557 2806 2628 οἰκειότερος,
2850 2558 2947 2612 καὶ
2985 2560 3297 2629 συναπᾶραι
3346 2558 3556 2629 μέλλων
3604 2562 3760 2633 αὐτῷ

2173 2648 2272 2717 τῆς
2303 2647 2536 2711 πόλεως,
2584 2647 2979 2719 περιτέμνεται
3010 2648 3105 2702 ὑπ’
3150 2648 3317 2703 αὐτοῦ
3351 2649 3442 2703 διὰ
3461 2652 3588 2716 τοὺς
3625 2652 3759 2706 Ἰου-

2172 2738 2374 2805 δαίους,
2418 2734 2495 2794 ὧν
2532 2741 2567 2812 ἡ
2619 2740 2778 2806 πόλις
2821 2741 2943 2794 τότε
2971 2740 3068 2796 καὶ
3106 2743 3176 2795 τὰ
3207 2742 3339 2814 περὶ
3371 2743 3542 2816 αὐτὴν
3574 2744 3761 2800 πάντα
3822 2802 3827 2807 _

2173 2831 2520 2903 πεπλήρωτο,
2556 2832 2681 2886 ἐπεὶ
2714 2835 2807 2886 καὶ
2860 2835 3058 2895 πάντες
3086 2834 3283 2887 ἐκεῖνοι
3307 2832 3508 2907 ᾔδεσαν
3540 2835 3616 2900 ὡς
3642 2837 3758 2907 ἄρα

2175 2924 2435 2996 Ἕλληνος
2488 2925 2576 2994 εἴη
2612 2926 2843 2998 πατρός.
2872 2926 3099 2999 Περιῄει
3127 2928 3227 2999 μὲν
3251 2926 3343 2981 οῦν
3381 2929 3480 2994 τὰς
3505 2930 3695 2995 πόλεις
3726 2935 3757 2985 ό

2174 3016 2389 3080 Παῦλος
2413 3016 2476 3071 τὸ
2496 3019 2761 3089 κήρυγμα
2800 3020 3211 3088 κατασπείρων,
3251 3021 3346 3073 καὶ
3368 3020 3466 3091 τὴν
3492 3022 3762 3094 ἀλήθειαν

2172 3110 2584 3181 καταγγέλλων,
2627 3112 2723 3167 καὶ
2761 3111 3078 3180 ἀναγεννῶν
3107 3115 3315 3177 πάντας
3337 3112 3415 3186 τῷ
3447 3115 3753 3187 Πνεύματι.

489 3208 672 3256 autem
694 3206 1132 3274 consequebatur
1152 3206 1295 3262 sicut
1322 3208 1475 3264 stella
1498 3210 1664 3266 solem
1695 3212 2019 3270 Timotheus
2056 3232 2070 3271 :

2176 3204 2472 3258 Συνείπετο
2503 3203 2561 3259 δὲ
2608 3202 2759 3275 αὐτῷ
2785 3204 3038 3276 καθάπερ
3083 3206 3260 3275 ἀστὴρ
3296 3206 3432 3278 ἡλίῳ
3461 3207 3755 3284 Τιμόθεος.

491 3296 762 3353 deductus
790 3300 1010 3369 quidem
1045 3317 1075 3355 a
1110 3302 1449 3371 parentibus,
1501 3320 1692 3361 eorum
1745 3318 1926 3364 autem
1979 3310 2075 3366 cor

492 3401 599 3440 non
625 3387 856 3443 obscure
890 3389 1143 3445 saucians
1166 3401 1393 3461 propter
1441 3409 1630 3464 separa
1649 3396 2077 3466 tionem.-Quid-

364 3528 380 3542 ,
492 3478 549 3532 ni
580 3480 752 3544 enim,
782 3496 907 3537 cum
931 3493 1115 3538 essent
1139 3480 1398 3554 parentes
1427 3487 1549 3543 talis
1583 3487 1700 3556 ﬁlii,
1731 3498 1787 3545 et
1816 3490 1911 3560 qui
1955 3506 2075 3547 sca-

493 3571 643 3626 tebat
670 3580 781 3628 tam
811 3577 963 3629 suavi
996 3574 1129 3632 ﬁore
1158 3577 1424 3635 virtutis?
1451 3579 1572 3651 Ipse
1611 3597 1741 3642 vero
1783 3599 1850 3638 ex
1881 3601 2073 3642 eorum

491 3664 837 3733 seiunctione
863 3668 1005 3724 nihil
1044 3669 1193 3725 visus
1223 3680 1307 3726 est
1336 3672 1498 3737 allici,
1540 3674 1633 3729 sed
1671 3676 2074 3745 quodammodo

493 3755 648 3812 Pauli
688 3758 962 3816 desiderio
1014 3773 1311 3844 cpntcgcre
1362 3779 1517 3820 suam
1553 3766 1609 3821 in
1653 3778 1910 3837 parentes
1941 3770 2076 3826 aﬁ‘e-

491 3849 752 3917 ctionem,
790 3861 845 3908 et
866 3855 1158 3910 ostendere
1185 3856 1237 3912 id
1261 3856 1496 3913 naturali
1540 3860 1867 3917 necessitate
1910 3862 2073 3934 longe

491 3954 616 3995 csse
646 3941 941 4000 valentius.
974 3943 1110 4001 Hinc
1135 3946 1191 4001 in
1227 3946 1532 4005 litterarum
1569 3950 1857 4022 disciplina
1880 3954 1948 4010 ab
1982 3955 2073 4011 illo

492 4032 817 4101 instituitur,
863 4035 1033 4106 ﬁtque
1070 4038 1121 4093 ei
1171 4041 1605 4106 contubernalis,
1637 4052 1692 4099 et
1727 4045 1954 4101 omnino
2000 4047 2074 4101 si-

491 4125 605 4179 mul
636 4140 761 4179 cum
791 4141 858 4182 eo
873 4127 1112 4183 vivebat.
1146 4128 1354 4186 Deinde
1401 4131 1522 4201 ejus
1558 4148 1776 4206 quoque
1808 4137 2074 4193 diaconus

492 4216 865 4285 consdtnitur,
906 4228 961 4274 et
1001 4220 1069 4276 ad
1121 4223 1487 4290 apostolatum
1519 4225 1894 4293 conﬁrmatur,
1926 4229 2074 4297 peri-

491 4307 740 4363 culorum
765 4317 929 4381 atque
961 4311 1208 4367 laborum
1239 4313 1471 4371 eﬁectus
1501 4316 1686 4372 socius
1711 4326 1767 4373 et
1794 4318 1928 4374 nihil
1956 4335 2073 4375 om-

491 4399 625 4456 nino
658 4400 958 4473 impeditus
986 4407 1058 4460 ab
1097 4406 1277 4462 astatis
1311 4406 1701 4474 teneritudine,
1745 4424 1856 4480 quo
1892 4411 2074 4468 minus

396 4498 405 4511 '
492 4490 775 4547 resisteret
823 4493 1103 4550 laboribus
1143 4512 1159 4554 :
1196 4498 1293 4553 sed
1322 4513 1643 4569 generosam
1679 4499 1944 4556 inducens
1976 4517 2068 4556 vo-

495 4584 782 4654 luntatem,
810 4603 933 4659 quae
961 4596 1119 4644 aetate
1154 4590 1277 4660 plus
1316 4599 1572 4661 poterat;
1633 4592 1774 4648 adeo
1828 4602 1888 4649 ut
1939 4593 2069 4650 boni

492 4677 610 4747 cjus
636 4678 803 4735 animi
843 4690 899 4755 e_t
927 4681 1142 4754 piorum
1166 4697 1395 4752 operum
1430 4691 1623 4739 testem
1653 4685 1832 4755 ipsum
1855 4685 2067 4740 habue-

488 4772 559 4825 rit
589 4752 943 4843 magistrum,
956 4774 1038 4832 sic
1061 4774 1336 4831 dicentem
1371 4793 1386 4831 :
1417 4775 1629 4844 Videte,
1660 4752 1865 4848 nequis
1890 4778 2066 4848 ipsum

486 4867 883 4924 contemnat".
929 4863 1085 4941 Opus
1134 4868 1281 4924 enim
1330 4866 1543 4925 Domini
1587 4879 1869 4942 operatur,
1926 4872 2042 4926 sicu

483 4971 605 5027 ego.

561 5222 651 5278 IV.
682 5221 819 5278 Cum
865 5230 1049 5277 autem
1080 5222 1146 5278 ad
1182 5233 1385 5279 tantam
1419 5231 1762 5294 pervenisset
1787 5210 2068 5289 virtutem,

486 5326 543 5371 et
569 5324 782 5370 tantum
814 5313 897 5371 eis
932 5323 1126 5370 testem
1160 5315 1552 5385 adhibuisset“
1573 5330 1686 5370 non
1735 5314 1824 5370 hic
1865 5316 2064 5380 solum,

489 5407 587 5462 sed
607 5406 774 5462 etiam
804 5406 861 5462 in
884 5407 1074 5462 multis
1090 5407 1212 5462 aliis
1242 5406 1396 5462 locis.
1415 5405 1552 5460 Nam
1576 5423 1602 5458 λ
1631 5404 1792 5461 Modo
1820 5404 2065 5475 quidem,

489 5500 666 5571 inquit
717 5499 968 5557 scribens
1019 5499 1087 5555 ad
1117 5499 1436 5555 Corinthios
1477 5497 1676 5553 Paulus
1703 5499 1748 5563 ',
1816 5496 1939 5553 misi
1995 5496 2064 5551 ad

492 5607 589 5647 vos
615 5592 966 5649 Timotheum
1001 5592 1225 5648 fratrem
1252 5607 1460 5653 meum,
1487 5591 1581 5662 qui
1631 5599 1714 5645 est
1742 5589 1884 5644 ﬁlius
1911 5604 2067 5643 meus

491 5682 723 5739 dilectus
761 5694 818 5740 et
860 5684 1034 5740 ﬁdelis
1075 5684 1128 5739 in
1160 5684 1407 5751 Domino,
1440 5683 1534 5755 qui
1579 5681 1732 5738 vobis
1763 5681 1819 5736 in
1862 5696 2067 5737 memo-

576 5863 597 5893 ²
620 5864 744 5922 Act.
772 5883 885 5937 xvn,
917 5869 969 5926 l.
1046 5870 1066 5904 ³
1099 5869 1237 5938 Ibid,
1268 5887 1326 5937 ιι,
1354 5870 1405 5925 5.

2176 3297 2642 3369 προπεμπόμενος
2679 3297 2780 3368 μὲν
2829 3297 2936 3351 ὑπὸ
2959 3315 3069 3352 των
3094 3299 3385 3364 τεκόντων,
3419 3298 3674 3370 πλήττων
3699 3300 3760 3355 δὲ

2175 3386 2356 3443 αὐτῶν
2397 3388 2498 3443 οὐκ
2546 3388 2760 3459 ἀδήλως
2797 3389 2900 3460 τὴν
2952 3389 3182 3461 καρδίαν
3214 3389 3310 3443 ἐπὶ
3349 3387 3428 3461 τῷ
3454 3389 3752 3461 χωρισμῷ.

2175 3481 2287 3534 Καὶ
2324 3479 2443 3544 πῶς
2487 3479 2597 3552 γὰρ
2638 3480 2740 3534 οὐκ
2787 3480 3028 3551 ἔμελλον.
3072 3484 3309 3555 πατέρες
3362 3481 3517 3546 ὄντες
3561 3481 3758 3547 παιδὸς

2173 3571 2439 3637 τοιούτου,
2482 3572 2577 3626 καὶ¹
2598 3570 2771 3636 οὕτως
2801 3571 3002 3645 ἡδίστῳ
3025 3572 3127 3644 τῆς
3151 3573 3354 3644 ἀρετῆς
3378 3571 3527 3627 ἄνθει
3559 3572 3756 3646 βρύον-

2174 3681 2300 3731 τος;
2333 3663 2507 3728 Αὐτὸς
2560 3662 2620 3717 δὲ
2657 3664 2793 3737 πρὸς
2849 3664 2948 3736 τὴν
3010 3667 3239 3719 ἐκείνων
3285 3667 3572 3720 διάστασιν
3599 3667 3753 3721 οὐδὲν

2176 3758 2370 3821 ἐοικὼς
2426 3757 2678 3828 πάσχειν,
2719 3757 2836 3810 ἀλλ’
2891 3757 3080 3830 ὥσπερ
3100 3761 3215 3823 τοῖς
3253 3757 3348 3813 τοῦ
3384 3759 3602 3813 Παύλου
3632 3758 3749 3830 ίμὲ·

2178 3864 2294 3917 ροις
2328 3847 2428 3919 τὴν
2457 3848 2595 3920 πρὸς
2628 3849 2758 3911 τοὺς
2804 3848 3066 3913 τέκοντας
3092 3848 3460 3920 ἀποκρύπτων
3497 3851 3755 3921 στοργὴν,

2174 3940 2265 3994 καὶ
2286 3938 2549 3994 δεικνύων
2590 3938 2795 4004 αὐτοὺς
2847 3939 3029 4012 πολλῷ
3073 3944 3307 4013 φυσικῆς
3330 3941 3574 4009 ἀνάγκης
3604 3942 3761 4011 ἰσχυ-

2181 4032 2462 4103 ροτέρους.
2519 4029 2803 4085 Ἐντεῦθεν
2856 4032 2995 4101 πρὸς
3030 4031 3269 4102 μάθησιν
3292 4033 3636 4103 γραμμάτων
3663 4031 3762 4087 ὑπ’

2177 4123 2375 4194 ἐκείνῳ
2430 4122 2864 4191 παιδαγωγεῖται
2884 4163 2900 4189 ,
2949 4122 3044 4177 καὶ
3073 4124 3285 4191 γίνεται
3312 4123 3583 4191 σύσκηνος
3595 4121 3762 4192 ἀὐτῷ

2174 4214 2353 4268 καὶτὸ
2376 4215 2485 4268 πᾶν
2531 4214 2861 4281 ὁμοδίαιτος.
2930 4210 3065 4268 Εἶτα
3115 4216 3212 4268 καὶ
3266 4214 3517 4277 διάκονος
3562 4214 3761 4267 τούτου

2175 4301 2522 4373 καθίσταται,
2567 4307 2663 4360 καὶ
2693 4306 2832 4377 πρὸς
2858 4306 2957 4377 τὴν
2982 4306 3287 4376 ἀποστολὴν
3323 4304 3762 4385 ἐπιρρὡῳται,

2176 4398 2450 4456 κοινωνῶν
2490 4398 2642 4471 αὐτῷ
2671 4399 2766 4454 καὶ
2792 4397 3073 4463 κινδύνων,
3103 4398 3197 4452 καὶ
3226 4398 3511 4469 καμάτων,
3544 4396 3641 4449 καὶ
3663 4394 3765 4449 πόα

2175 4512 2284 4549 νων
2305 4511 2318 4526 ⁸
2342 4494 2441 4548 καὶ
2499 4494 2667 4565 μηδὲν
2724 4494 2862 4557 ὅλως
2890 4492 3320 4563 ἐμποδιζόμενος
3354 4490 3459 4545 ὑπὸ
3479 4488 3573 4543 τοῦ
3606 4488 3757 4543 ἀπα-

2177 4581 2270 4636 λοῦ
2295 4582 2396 4653 τῆς
2451 4581 2706 4653 νεότητος
2764 4582 2901 4653 πρὸς
2935 4582 3035 4653 τὴν
3061 4581 3170 4636 τῶν
3197 4581 3378 4635 πόνων
3406 4579 3755 4644 ἀντιτυπίαν,

2158 4674 2292 4731 ἀλλ’
2364 4675 2649 4745 εὐγένειαν
2710 4675 3089 4747 προαιρέσεως
3136 4674 3477 4742 ἀντεισάγων
3534 4671 3762 4742 ἡλικίας

2174 4762 2400 4818 πλείονα
2432 4762 2925 4835 δυναμένην,ὥστε
2964 4765 3061 4819 καὶ
3101 4765 3354 4837 μάρτυρα
3384 4763 3485 4833 τῆς
3540 4759 3761 4831 ἀγαθῆς

2171 4856 2380 4925 ταύτης
2413 4855 2641 4927 γνώμης
2662 4871 2678 4888 ⁸
2718 4855 2812 4909 καὶ
2843 4855 2953 4908 τῶν
2974 4855 3150 4925 ἐργων
3172 4853 3284 4907 τῶν
3313 4852 3555 4906 εὐσεϐῶν
3591 4850 3761 4905 αὐτὸν

2172 4945 2480 5018 κτήσασθαι
2534 4945 2630 4998 τὸν
2675 4944 2998 4999 διδάσκαλον
3028 4942 3193 4997 ὀὕτω
3232 4943 3484 5011 λέγονταο
3522 4940 3762 4995 Βλέπετε

2172 5037 2246 5109 μή
2276 5054 2359 5100 τις
2387 5035 2549 5091 αὐτὸν
2581 5034 2936 5107 ἐξουδενὼσῃ·
2981 5035 3044 5089 τὸ
3078 5033 3187 5107 γὰρ
3215 5033 3378 5107 ἔργον
3426 5030 3523 5087 τοῦ
3552 5029 3762 5103 Κυρίου

2198 5129 2464 5199 ργάξεται
2486 5128 2562 5191 ὡς
2595 5129 2772 5195 κάγὼ.
3764 5203 3773 5211 ο

2247 5219 2323 5274 Δ’.
2360 5222 2455 5284 El;
2509 5217 2669 5273 τοῦτο
2701 5218 2757 5272 δὲ
2780 5218 2985 5289 ἀρετῆς
3041 5216 3260 5285 ἐλάσας,
3295 5217 3391 5271 καὶ
3432 5212 3767 5287 τηλικοῦτον,

2173 5313 2433 5384 μάρτυρα
2475 5310 2683 5383 ταύτης
2723 5309 3258 5382 πεποιημένος,ούκ
3297 5307 3536 5363 ἐνταῦθα
3571 5305 3758 5378 μόνον,

2166 5405 2304 5462 ἀλλά
2347 5406 2445 5460 καὶ
2485 5404 2721 5475 ἀλλαχοῦ
2779 5402 3070 5474 πολλαχοῦ⁸
3115 5422 3133 5455 ι
3163 5401 3277 5458 Νῦν
3327 5400 3429 5471 μὲν
3456 5400 3586 5470 γὰρ,
3622 5398 3761 5471 φησι

2172 5495 2481 5566 Κορινθίοις
2531 5494 2761 5565 γράφων
2800 5495 2829 5546 ὁ
2877 5491 3108 5559 Παῦλος,
3160 5489 3382 5560 ἔπεμψα
3424 5490 3552 5560 ὑμῖν
3593 5487 3761 5559 Τιμόσ

2175 5586 2298 5639 θεον
2357 5586 2449 5640 τὸν
2500 5585 2730 5658 ἀδελφόν
2780 5603 2915 5656 μου,·
2961 5585 3020 5649 ὃς
3069 5585 3188 5638 ἐστι
3232 5581 3426 5637 τέκνον
3487 5596 3590 5650 μου
3625 5581 3764 5647 ἀγα-

2177 5680 2348 5750 πητὸν
2385 5683 2477 5734 καὶ
2516 5681 2706 5734 πιστὶν
2733 5682 2790 5734 ὲν
2826 5677 3033 5749 Κυρίῳ,
3077 5677 3133 5743 ὃς
3158 5678 3301 5747 ὑμᾶς
3334 5675 3639 5746 ἀναμνήσει
3662 5670 3762 5734 τὰς

1485 5868 1505 5900 ⁵
1541 5870 1561 5924 I
1615 5865 1739 5924 Cor.
1786 5867 1894 5922 xvi.
1974 5865 2035 5920 'I
2069 5864 2195 5922 Cor.
2236 5882 2309 5931 Iv,
2341 5863 2427 5918 l7.
