4116 6416
255 400 370 465 ’765

1527 349 1702 465 ὖΙΤᾹ
1742 404 1804 466 S.
1843 406 2188 470 ΤΙΜΟΤΗΕ
2199 411 2241 471 ί.

3411 403 3520 469 Ἷίίϐ

247 513 406 576 ἐδιύς
437 510 544 583 μόῦ
582 511 688 576 τὰς
718 512 776 566 ἐν
803 508 1044 583 Χριστῷ.
1084 531 1103 564 ι
1126 514 1236 568 Καὶ
1259 514 1444 569 πάλινο
1485 534 1504 567 ι
1553 517 1678 570 Ἐάν
1707 518 1838 592 ἔλθῃ

1942 526 2076 580 riam
2111 527 2320 598 rediget
2347 527 2460 581 vias
2486 542 2633 582 meas
2664 525 2718 580 in
2737 525 3007 582 Christo.»
3035 525 3102 580 Et
3131 522 3346 580 rursus'
3376 539 3393 577 :
3430 522 3521 576 «Si

247 603 538 675 Τιμόθεος,
596 603 824 673 βλέπετε
854 603 940 658 ἵνα
969 603 1187 672 ἀφόϐως
1212 606 1442 677 γένηται
1468 609 1604 677 πρὸς
1626 610 1790 680 ὑμᾶς.
1813 629 1834 664 ι

247 696 368 751 Νῦν
389 695 446 748 δὲ
469 697 565 749 καὶ
590 695 975 766 Φιλιππησίοις
994 696 1346 762 ἐπιστέλλων,
1371 699 1630 752 κοινωνὸν
1666 701 1834 754 αὐτὸν

246 791 489 844 Ιποιεῖται
543 789 857 860 ἐπιγραφῆς
889 805 904 821 ·
950 807 968 840 ι
993 789 1204 854 Παῦλος
1228 790 1324 845 καὶ
1375 789 1638 860 Τιμόθεος
1662 793 1839 846 δοῦλοι

259 880 444 951 Ἰησοῦ
477 880 741 950 Χριστοῦ.
768 898 788 933 ι
818 882 926 935 Καὶ
945 880 1070 952 ἑξῆς
1085 882 1185 950 τῆς
1211 883 1522 952 ἐπιστολῆς·
1562 902 1580 936 ι
1603 885 1840 948 Ἐλπίζω

245 971 308 1023 δέ
351 971 410 1022 ἐν
441 969 634 1039 Κυρίῳ
687 970 953 1038 Τιμόθεον
998 972 1211 1040 ταχέως
1257 971 1472 1041 πέμψαι
1535 974 1688 1043 ὑμῖν,
1752 974 1842 1027 ἵνα

248 1061 410 1131 κάγὼ
463 1060 708 1131 εὐψυχῶ,
753 1064 920 1130 γνοὺς
950 1062 1020 1115 τά
1056 1064 1184 1133 περὶ
1247 1063 1422 1134 ὑμῶν.
1479 1065 1684 1118 Οὐδένα
1729 1065 1841 1137 γάρ

247 1156 362 1226 ἔχω
424 1153 704 1222 ἰσόψυχον,
758 1154 908 1217 ὅστις
943 1155 1183 1225 γνησίως
1222 1156 1292 1208 τὰ
1323 1156 1452 1226 περὶ
1482 1155 1637 1224 ὑμῶν
1678 1174 1839 1228 μερι-

251 1249 474 1318 μνήσει.
517 1264 534 1297 ι
571 1246 792 1316 Συνῳδά
837 1246 894 1299 δὲ
939 1245 1150 1310 τούτοις
1202 1248 1296 1301 καὶ
1341 1249 1837 1302 Θεσσαλονικεῦσιο

255 1341 514 1403 «Παῦλος
542 1339 640 1394 καὶ
673 1340 940 1411 Τιμόθεος
988 1341 1164 1396 δοῦ).οι
1210 1343 1384 1412 Ἰησοῦ
1430 1343 1694 1414 Χριστοῦ,
1724 1363 1741 1396 ι
1769 1347 1834 1415 τῇ

246 1429 712 1506 τῆς-ἐπιγραφῆς
783 1430 879 1483 καὶ
939 1429 1173 1483 ἐνταῦθα
1233 1432 1489 1504 κοινωνίᾳ
1545 1434 1786 1502 τιμήσας
1820 1447 1835 1462 ο

261 1541 282 1573 ι
311 1519 576 1588 Ἐπεμψα
615 1519 747 1586 ὑμῖν
773 1519 1038 1589 Τιμόθεον
1057 1521 1150 1574 τὸν
1172 1522 1399 1592 ἀδελφὸν
1429 1523 1587 1592 ἡμῶν
1611 1524 1706 1576 καὶ
1728 1523 1840 1576 διά-

263 1629 418 1666 κονον
439 1611 592 1675 Θεοῦ,
627 1613 719 1666 καὶ
737 1612 999 1681 συνεργὸν
1030 1615 1087 1668 ἐν
1109 1614 1188 1684 τῷ
1227 1615 1547 1686 Εὐαγγελίῳ
1574 1615 1666 1669 τοῦ
1698 1617 1835 1686 Χρι-

258 1704 391 1758 στοῦ
403 1705 480 1768 είς
495 1704 552 1757 τὸ
572 1705 822 1773 στηρίξαι
839 1705 930 1758 καὶ
949 1706 1326 1774 παρακαλέσαι
1340 1723 1405 1758 πε
1418 1707 1470 1778 pl
1485 1708 1583 1777 τῆς
1601 1707 1840 1773 πίστεως

250 1799 285 1866 ἡ
295 1797 434 1865 μῶν,
459 1795 553 1848 τοῦ
577 1795 782 1865 μηδένα
805 1796 1085 1850 σαίνεσθαι
1103 1799 1161 1850 ἐν
1177 1800 1298 1861 ταῖς
1320 1797 1532 1867 θλίψεσι
1553 1801 1832 1862 ταύταις.»

1941 619 2152 672 venerit
2184 619 2530 684 Timotheus,
2585 618 2767 673 videte
2793 628 2853 673 ut
2889 618 3007 673 sine
3058 627 3204 672 metu
3259 616 3332 671 sit
3377 613 3520 684 apud

1939 725 2054 764 vos.
2071 728 2089 762 ι
2122 711 2277 765 Modo
2297 718 2478 765 autem
2505 710 2571 764 ad
2593 708 2992 779 l’hilippenses'
3016 723 3231 778 quoque
3252 707 3518 772 scribens,

1939 801 2155 857 asciscit
2175 801 2385 856 socium
2409 799 2784 869 inscriptionis
2816 818 2829 852 :
2857 818 2875 850 ι
2906 799 3103 852 Paulus
3121 805 3175 852 et
3194 797 3522 852 Timotheus

1938 891 2079 944 servi
2125 889 2252 944 Jesu
2276 889 2478 944 Christi
2523 908 2571 943 ι.
2608 887 2674 942 Ει
2715 887 2972 956 deinceps
3024 893 3419 954 consequenter
3465 883 3520 938 in

1943 981 2184 1050 Epistola
2225 1003 2236 1036 :
2274 1000 2292 1032 ι
2321 981 2496 1051 Spero
2530 990 2712 1036 autem
2745 982 2798 1034 in
2821 981 3050 1034 Domino
3068 977 3520 1043 me,Timotheum

1940 1073 2047 1129 cito
2083 1075 2148 1127 ad
2181 1088 2277 1128 vos
2313 1074 2630 1138 missurum,
2668 1080 2811 1127 utet
2843 1087 2944 1141 ego
2988 1071 3133 1125 bono
3163 1068 3347 1122 animo
3393 1066 3518 1129 sint,

1939 1165 2174 1235 cognitis
2200 1181 2322 1234 qua:
2343 1165 2488 1219 circa
2519 1179 2614 1218 vos
2666 1173 2812 1218 sunt.
2852 1163 3136 1219 Neminem
3165 1160 3313 1214 cnim
3346 1157 3522 1212 habeo

1940 1267 2048 1312 tam
2075 1258 2406 1328 unanimem,
2441 1260 2532 1327 qui
2563 1257 2774 1312 sincere
2798 1272 2894 1326 pro
2926 1255 3080 1310 vobis
3099 1253 3168 1309 sit
3195 1251 3514 1332 sollicitus.»

1922 1350 2037 1406 'His
2074 1340 2208 1405 vero
2255 1349 2610 1420 congruentia
2641 1350 2833 1404 scribit
2859 1350 3038 1404 etiam
3069 1348 3138 1402 ad
3169 1343 3522 1400 Thessaloni-

1940 1444 2198 1498 cen~=es":
2226 1459 2246 1495 ι
2265 1441 2466 1497 Paulus
2494 1451 2550 1496 et
2571 1440 2894 1495 Timotheus
2915 1441 3058 1495 servi
3077 1439 3206 1493 Jesu
3231 1437 3458 1498 Christi,
3495 1453 3513 1485 ι

1938 1547 2065 1587 eum
2097 1532 2184 1586 hic
2217 1545 2435 1600 quoque
2480 1530 2758 1585 honorans
2798 1529 3060 1586 societate
3092 1525 3469 1594 inscriptionis
3498 1543 3515 1577 :

1947 1641 1966 1676 ι
1998 1623 2114 1678 Misi
2150 1624 2214 1678 ad
2247 1639 2343 1678 vos
2369 1623 2716 1678 Timotheum
2743 1622 2965 1678 fratrem
2995 1628 3242 1675 nostrum
3272 1625 3327 1672 et
3355 1616 3520 1671 mini-

1941 1725 2116 1770 strum
2147 1715 2265 1782 Dei,
2287 1725 2343 1770 et
2370 1723 2779 1785 cooperatorem
2804 1715 2858 1769 in
2885 1711 3174 1782 Evangelio
3197 1709 3327 1764 Jesu
3359 1707 3487 1762 Cltri
3507 1737 3519 1751 ο

1943 1806 2116 1870 sti,ad
2147 1806 2546 1862 conﬁrmandos
2575 1823 2675 1862 vos
2704 1814 2758 1862 et
2781 1805 3148 1860 exhortandos
3174 1817 3273 1872 pro
3300 1801 3401 1856 ﬁde
3420 1815 3508 1854 no-

248 1887 364 1940 Καὶ
416 1885 652 1956 ἀλλαχοῦ
672 1903 686 1918 ο
752 1905 770 1938 ι
796 1885 908 1959 Τὴν
943 1887 998 1940 δὲ
1025 1887 1256 1958 δοκιμὴν
1287 1889 1454 1942 αὑτοῦ
1495 1889 1832 1959 .γινώσκετε,

1938 1905 2140 1958 stra,et
2159 1913 2320 1952 nemo
2344 1907 2630 1952 moveatur
2663 1897 2718 1952 in
2748 1897 2868 1953 istis
2902 1887 3288 1950 aﬁlictionibus
3307 1894 3371 1945 δ’.
3403 1911 3421 1944 ι
3452 1889 3519 1945 Et

245 1976 437 2041 δτιώς
476 1978 642 2047 πατρὶ
712 1977 901 2032 τέκνον
952 1979 1049 2031 σὺν
1100 1979 1226 2049 ἐμοὶ
1276 1979 1593 2034 ἐδούλευσεν
1639 1983 1720 2045 είς
1767 1981 1829 2035 τὸ

247 2067 591 2136 Εὑαγγέλιον
611 2083 626 2101 ο
653 2087 671 2120 ι
715 2068 1002 2140 μάρτυρας
1019 2068 1306 2133 κάκείνους
1326 2071 1488 2124 οἱονεὶ⁵
1511 2071 1612 2141 τῆς
1633 2071 1838 2142 ἀρετῆς

245 2162 346 2216 τοῦ
370 2160 642 2232 Τιμοθέου
709 2160 1178 2232 παραλαμϐάνων.
1224 2163 1460 2217 Ἔπειτα
1489 2162 1543 2217 δὲ
1579 2163 1840 2233 καὶπρὸς

246 2255 630 2323 Κολασσαεῖς·
704 2274 722 2305 ι
753 2253 961 2318 Παῦλος
1010 2255 1314 2319 ἀπόστολος
1376 2255 1552 2327 Ἰησοῦ
1593 2255 1836 2329 Χριστοῦ

245 2349 338 2402 διὰ
358 2347 666 2419 θελήματος
697 2346 856 2414 Θεοῦ,
888 2349 982 2401 καὶ
1011 2347 1276 2420 Τιμόθεος
1302 2350 1332 2403 ὁ
1360 2349 1609 2420 ἁδελφός.
1635 2368 1658 2402 ι

1939 1990 2068 2044 alibi
2092 1993 2112 2022 ’
2139 2008 2155 2046 :
2182 2011 2199 2043 ι
2229 1990 2610 2046 Probationem
2642 1999 2825 2046 autem
2843 1991 2962 2059 ejus
2990 1987 3340 2059 cognoscitis,
3369 1985 3514 2054 quod

1940 2083 2081 2139 sicut
2109 2084 2250 2140 ﬁlius
2267 2086 2404 2155 patri
2433 2100 2647 2140 mecum
2674 2085 2862 2139 serviit
2891 2083 2945 2137 in
2973 2081 3264 2149 Evangelio
3293 2097 3308 2136 :
3334 2098 3352 2131 ι
3394 2078 3516 2132 illos

1938 2191 2156 2245 quoque
2199 2193 2486 2234 assumens
2517 2179 2685 2235 veluti
2739 2187 2906 2235 testes
2960 2179 3175 2233 virtutis
3222 2172 3515 2228 Timothei.

1939 2265 2145 2322 Deinde
2179 2285 2308 2324 vero
2343 2271 2509 2326 etiam
2542 2272 2610 2327 ad
2642 2273 2996 2328 Colossenses
3021 2271 3064 2302 ¹⁰
3094 2286 3138 2324 ει
3173 2266 3374 2321 Paulus
3389 2279 3522 2333 πρίν

1937 2359 2114 2416 stoius
2171 2359 2304 2417 Jesu
2346 2363 2552 2420 Christi
2587 2381 2683 2436 per
2718 2364 3056 2420 voluntatem
3092 2359 3205 2427 Dei,
3241 2368 3299 2414 et
3330 2357 3520 2411 Timo-

1938 2449 2103 2505 theus
2143 2444 2331 2542 frater.
2372 2474 2393 2509 ι

1713 2614 1945 2674 CAPUT
1977 2619 2046 2678 Il.

1027 2738 1090 2794 S.
1149 2734 1406 2791 Timothei
1459 2734 1624 2803 zelus,
1682 2736 2023 2808 martyrium.
2083 2737 2141 2794 S.
2202 2735 2428 2792 Joannis
2462 2733 2728 2790 exsilium.

317 2851 400 2910 Β.
450 2853 607 2908 οὕτω
642 2853 937 2926 τοιγαροῦν
962 2853 1068 2908 ὑπὸ
1115 2853 1209 2908 τοῦ
1251 2851 1572 2908 διδασκάλου
1624 2869 1835 2924 μαρτυ-

254 2945 350 3014 ρού
362 2961 545 3015 μενος,
575 2945 670 2998 καὶ
697 2943 856 2998 τοῦτο
890 2943 986 3014 μὲν
1009 2942 1198 2995 τέκνον
1224 2943 1282 2994 ἐν
1307 2940 1500 3012 Κυρίῳ
1522 2939 1712 2994 πιστὸν
1736 2940 1832 2993 καὶ⁸

2011 2855 2076 2911 V.
2114 2853 2284 2909 Porro
2311 2862 2492 2908 autem
2525 2868 2649 2908 eum
2679 2867 2708 2906 a
2739 2855 3072 2920 praeceptore
3106 2850 3318 2899 tantum
3347 2840 3515 2896 ferret

1941 2943 2337 3012 testimonium,
2367 2954 2421 3001 et
2451 2945 2612 3000 modo
2644 2943 2862 3015 quidem
2904 2939 3048 2993 ﬁlius
3084 2937 3140 2991 in
3173 2934 3404 2990 Domino
3455 2932 3519 2986 ﬁ-

248 3034 559 3106 ἀγαπητδν,
590 3033 821 3088 τοῦτοδὲ
859 3035 956 3088 καὶ
980 3032 1205 3102 ἁδελφὸς
1240 3031 1404 3085 αὑτοῦ
1443 3033 1537 3084 καὶ
1571 3029 1833 3101 συνεργὸς

1939 3039 2076 3095 delis
2106 3047 2160 3093 et
2181 3038 2448 3094 dilectus:
2480 3035 2643 3089 modo
2683 3041 2864 3087 autem
2895 3031 3013 3100 eius
3047 3027 3216 3082 frater
3253 3033 3310 3079 et
3335 3025 3517 3078 Evan-

246 3127 345 3180 τοῦ
377 3125 716 3194 Εὐαγγελίου
763 3123 1048 3179 καλεῖσθαι
1090 3122 1414 3194 ἠξιωμένος,
1443 3122 1536 3175 καὶ
1558 3121 1833 3174 τοσούτων

246 3219 366 3273 ἄνω
381 3218 472 3271 καὶ
495 3218 648 3272 κάτω
675 3215 802 3287 παρ’
824 3216 971 3286 αὐτῷ
986 3217 1079 3270 καὶ
1107 3215 1250 3269 οὕτω
1267 3215 1519 3286 μεγάλων
1544 3211 1834 3267 ἀπολαύων

245 3310 362 3364 τῶν
394 3308 714 3377 ἐγκωμίων,
746 3307 894 3377 ὅμως
923 3307 1045 3360 οὐδὲ
1071 3305 1246 3370 οὕτως
1293 3300 1407 3376 εἶχε
1439 3305 1663 3376 θαρῤεῖν
1691 3303 1834 3373 ὑπὲρ

247 3399 448 3456 ἑαυτοῦ
490 3401 586 3454 καὶ
613 3399 690 3471 μὴ
731 3399 958 3452 δεδιέναι
983 3412 999 3430 ⁸
1041 3397 1179 3452 ἀλλά
1253 3397 1394 3468 μετὰ
1431 3397 1701 3468 τοσαύτης
1736 3395 1832 3466 ἐζη

244 3493 347 3563 τῆς
376 3490 687 3562 ἀκριϐείας,
716 3489 811 3542 καὶ
839 3487 1013 3551 οὕτως
1049 3486 1343 3556 ἐναγώνιος
1368 3487 1464 3540 καὶ
1530 3485 1834 3556 φιλοπόνως

246 3588 345 3642 καὶ
371 3582 713 3656 τηλικαύτην
771 3582 1044 3654 εἰσφέρων
1079 3583 1178 3652 τὴν
1201 3581 1599 3647 κακοπάθειαν,
1629 3579 1705 3643 ὡς
1738 3580 1835 3632 καὶ

245 3676 638 3748 παρακλήσεις
662 3673 912 3743 αύτῷτὺν
929 3673 1248 3729 διδάσκαλον
1280 3671 1603 3744 προσάγειν,
1635 3672 1834 3742 μηκέτι

249 3768 571 3838 ὑδροποτεῖν
621 3764 700 3836 τῷ
778 3763 997 3837 μαθητῇ
1063 3763 1470 3835 παραινοῦντα,
1531 3761 1646 3815 ἀλλ’
1705 3759 1835 3828 οἴνῳ

255 3856 426 3925 ὀλίγῳ
452 3855 679 3926 χρῆσθαι
707 3874 726 3908 ι
752 3855 853 3909 Διά
887 3856 980 3908 τὸν
1021 3855 1292 3926 στόμαχόν
1360 3871 1476 3922 σου,
1529 3851 1684 3924 φησὶ,
1737 3851 1833 3906 καὶ

257 3948 360 4010 τὰς
385 3947 588 4011 πυκνάς
620 3965 717 4002 σου
749 3946 1054 4010 ἀσθενείας.
1085 3966 1103 3999 ι

329 4039 422 4106 (Γ.
466 4036 624 4092 Ἀλλά
676 4039 773 4092 καὶ
829 4038 1002 4100 οὕτως
1054 4035 1222 4091 αὐτοῦ
1259 4041 1561 4108 κάμνοντος
1597 4039 1702 4094 ὑπὸ
1734 4041 1833 4112 τῆς

249 4128 516 4200 συνεχοῦς
545 4130 860 4201 ἁρῤωστίας
881 4129 939 4182 τὸ
958 4129 1141 4200 σῶμα,
1171 4131 1266 4184 καὶ
1299 4131 1400 4201 τὴν
1429 4131 1524 4185 τοῦ
1555 4133 1833 4204 στομάχου

242 4225 484 4293 δύναμιν
529 4221 1022 4293 περιϐεϐλημένον,
1050 4221 1110 4276 τὸ
1138 4225 1390 4291 γενναῖον
1418 4224 1714 4294 ἀπέλαμπε
1735 4227 1836 4296 τῆς

1937 3131 2058 3204 gelii
2103 3138 2426 3200 cooperator
2457 3126 2640 3183 vocari
2695 3125 2892 3195 dignus
2945 3121 3239 3176 haberetur
3272 3132 3287 3181 ;
3317 3123 3372 3169 et
3400 3128 3520 3167 sus-

1936 3241 2043 3299 que
2123 3225 2302 3295 deque
2371 3233 2453 3278 tot
2516 3231 2573 3277 et
2644 3230 2752 3275 tam
2824 3232 3022 3288 magna
3094 3219 3522 3281 consequeretur

1936 3318 2221 3384 encomia;
2260 3325 2441 3371 tamen
2506 3330 2575 3368 ne
2615 3313 2696 3367 sic
2751 3310 2972 3381 quidem
3044 3305 3147 3363 sibi
3194 3304 3296 3373 ipsi
3346 3299 3520 3355 conﬁ-

1938 3413 2069 3468 dere
2109 3421 2165 3466 et
2217 3425 2328 3465 non
2363 3409 2554 3464 timere
2594 3414 2823 3477 poterat
2891 3421 2906 3460 :
2938 3401 3034 3458 sed
3087 3409 3197 3455 tam
3239 3400 3521 3451 accurrale

1935 3505 2173 3571 vivebat,
2223 3512 2280 3559 et
2335 3512 2446 3556 tam
2501 3500 2794 3571 diligenter
2831 3512 2890 3552 se
2940 3492 3249 3554 exercebat,
3299 3494 3354 3543 et
3409 3494 3517 3539 tam

1937 3597 2139 3652 acriter
2181 3611 2241 3650 se
2280 3593 2573 3666 aﬁligebat,
2619 3600 2680 3647 ut
2728 3604 2852 3644 cum
2911 3588 3075 3642 etiam
3137 3583 3522 3638 exhortaretur

1935 3692 2260 3756 praeceptor,
2290 3683 2526 3737 sliadens
2552 3680 2820 3750 discipulo
2850 3679 2915 3741 ¹¹,
2949 3691 3020 3730 ne
3049 3687 3244 3744 aquam
3281 3669 3520 3738 amplius

1936 3776 2165 3840 biberet,
2192 3772 2286 3829 sed
2307 3772 2430 3826 vino
2458 3772 2670 3826 modico
2699 3777 2950 3824 uteretur
2982 3784 2995 3820 :
3033 3762 3289 3830 «Propter
3315 3767 3518 3814 stoma-

1938 3870 2103 3928 chum
2160 3875 2337 3933 tuum,
2397 3863 2592 3934 inquit,
2644 3871 2701 3918 et
2741 3861 3060 3930 frequentes
3119 3863 3241 3910 tuas
3286 3847 3518 3905 inﬁrmi-

1940 3968 2100 4015 tates.
2117 3976 2135 4009 ι

2008 4051 2098 4106 VI.
2125 4048 2228 4104 Sed
2263 4047 2511 4119 quamvis
2552 4045 2629 4099 sic
2663 4044 2934 4098 laboraret
2956 4040 3076 4109 ejus
3111 4029 3514 4107 corpus'couti-

1935 4159 2043 4198 nua
2067 4140 2401 4206 inﬁrmitate,
2427 4147 2483 4194 et
2510 4138 2733 4193 haberet
2762 4135 3028 4204 dejectam
3053 4127 3321 4187 stomachi
3346 4123 3522 4180 facul-

1939 4243 2106 4290 tatem
2154 4236 2223 4298 ",
2275 4245 2579 4304 generosus
2645 4225 3030 4299 resplendebat
3099 4224 3338 4278 animus.
3402 4217 3520 4273 Non

242 4315 455 4386 ψυχῆς.
495 4314 572 4370 Οὐ
603 4313 714 4382 γάρ
753 4313 1012 4367 ἀσθένεια
1058 4315 1313 4384 σώματος
1345 4314 1686 4386 τηλικαύτην
1725 4316 1833 4387 ψυ-

1937 4333 2152 4397 poterat
2211 4325 2358 4380 enim
2411 4321 2658 4392 corporis
2708 4317 2996 4374 inﬁrmitas
3051 4314 3359 4384 deprimere
3408 4318 3517 4363 tam

243 4412 352 4482 χῆς
382 4409 667 4478 εὐγένειαν
723 4408 882 4478 ἱκανὴ
917 4407 1142 4477 γέγονεν
1181 4409 1424 4476 ἐλέγξαι,
1455 4409 1570 4464 ἀλλ’
1591 4406 1660 4483 ἦν
1691 4429 1828 4466 παν-

1936 4433 2257 4491 generosum
2283 4417 2525 4471 animum
2556 4433 2569 4467 :
2601 4415 2696 4470 sed
2739 4404 2932 4468 celeris
2958 4409 3055 4465 zeli
3093 4421 3267 4478 penna
3298 4415 3515 4457 omnem

242 4501 416 4572 ταχοῦ
453 4501 642 4571 κούφῳ
677 4499 755 4571 τῷ
777 4500 870 4556 τοῦ
899 4500 1063 4573 ζήλου
1116 4501 1301 4574 πτερῷ
1336 4503 1712 4575 διιπτάμενος,
1741 4506 1837 4560 καὶ

1944 4513 1999 4566 in
2029 4521 2238 4582 partem
2275 4509 2615 4580 pervolabat,
2649 4515 2707 4562 et
2737 4507 2901 4560 modo
2949 4501 3168 4573 quidem
3218 4495 3514 4565 Ephesum,

239 4595 343 4648 νῦν
397 4593 496 4663 μὲν
549 4593 800 4664 Ἔφεσον,
860 4593 956 4646 νῦν
984 4594 1042 4647 δὲ
1082 4595 1344 4665 Κόρινθον
1377 4596 1434 4648 αἱ
1465 4595 1567 4666 τῆς
1617 4598 1831 4650 ἐκείνου

1943 4603 2106 4656 modo
2133 4617 2260 4655 vero
2285 4599 2609 4653 Corinthum
2639 4597 2783 4651 illius
2817 4596 3013 4664 lingua:
3058 4589 3282 4644 Sirenes
3308 4582 3526 4640 demuld

239 4687 502 4757 γλώττης
562 4686 814 4759 σειρῆνες
844 4686 1083 4758 ἐθελγονο
1113 4688 1206 4741 καὶ
1231 4688 1576 4742 Μακεδονίαν
1613 4689 1670 4744 δὲ
1699 4691 1832 4744 πολ-

1942 4693 2119 4750 cebat.
2155 4693 2526 4748 Macedoniam
2557 4703 2776 4761 quoque
2826 4700 2970 4756 saepe
3001 4693 3056 4740 et
3079 4680 3283 4736 Italiam
3317 4686 3371 4732 et
3399 4675 3522 4729 uni-

238 4781 438 4842 λάκις,
475 4779 568 4832 καλ¹
608 4777 862 4844 Ἰταλίαν,
897 4779 992 4833 καὶ
1051 4780 1156 4848 γῆν
1202 4781 1384 4833 πᾶσαν
1416 4781 1510 4833 καὶ
1555 4780 1833 4836 θάλασσαν

1940 4801 2154 4841 versam
2219 4795 2416 4840 terram
2480 4799 2603 4841 cum
2663 4787 3002 4853 praeceptore
3055 4772 3520 4844 complectebatur

248 4870 398 4936 μετά
422 4868 514 4921 τοῦ
574 4868 901 4924 διδασκάλου
936 4869 1014 4942 τῷ
1041 4869 1359 4941 κηρύγματι
1384 4871 1728 4943 περιέλαϐον.
1766 4873 1833 4926 Τί

1940 4879 2351 4950 ριἰιιιίἰεοιίοιιε.
2402 4876 2543 4943 Quid
2592 4883 2772 4930 autem
2824 4871 3044 4936 dixeris,
3103 4882 3263 4938 quam
3317 4863 3520 4918 multos

247 4959 301 5013 δ’
340 4958 406 5011 ἂν
429 4960 598 5026 είποις
656 4961 889 5026 ὁπόσους
949 4961 1271 5034 ἐπιθυμίαις
1330 4963 1698 5033 ἁλογωτάτοις
1741 4964 1835 5018 καὶ

247 5051 476 5115 ἀτόποις
501 5052 856 5119 δουλεύοντας
892 5054 992 5122 τῆς
1023 5054 1272 5126 χαλεπῆς
1308 5055 1515 5126 ταύτης
1553 5056 1832 5127 ἀπήλλαξε

244 5145 624 5215 λειτουργίας;
679 5142 832 5199 Οἶδεν
891 5148 1137 5218 ἀκριϐῶς
1173 5148 1200 5201 ὃ
1240 5148 1410 5217 λέγω,
1461 5149 1520 5213 ὃς
1548 5148 1658 5220 ἄρα
1695 5149 1834 5221 μηδὲ

243 5237 341 5290 τοῦ
363 5238 425 5289 ἐν
467 5237 717 5308 Κορίνθῳ
747 5239 1182 5309 πεπορνευκότος
1204 5239 1441 5311 ἠγνόησε
1459 5241 1518 5294 τὸ
1545 5241 1830 5312 ἀνόμημα.

240 5329 357 5382 Καὶ
416 5330 530 5400 γάρ
557 5325 625 5401 ἦν
661 5332 691 5383 ὁ
725 5329 868 5394 θεῖος
907 5329 1174 5402 Τιμόθεος
1242 5332 1364 5403 οὐχὶ
1427 5331 1620 5402 νοῆσαι
1648 5333 1831 5403 ’μόνον

236 5421 529 5488 ὀξύτατος,
558 5421 696 5474 ἀλλὰ
717 5422 809 5476 καὶ
835 5424 1012 5476 εἰπεῖν
1041 5424 1487 5494 προχειρότατος,
1520 5426 1613 5479 καὶ
1643 5442 1833 5498 περιτ-

237 5512 350 5574 τῶς
381 5513 449 5584 τῇ
480 5511 832 5587 εὖρημυσύνῃ
846 5514 1154 5586 χρήσασθαι
1173 5513 1513 5582 δεξιώτατος,
1534 5516 1602 5569 τά
1621 5533 1681 5569 τε
1709 5515 1830 5569 θεῖα

237 5604 650 5676 εἰσηγήσασθαι
708 5606 1082 5676 χαριέστατος,
1119 5608 1212 5670 καὶ
1243 5607 1324 5670 είς
1369 5608 1670 5678 εὐκοσμίαν
1703 5609 1828 5663 Ἐκέ

1937 4969 2331 5040 cupiditatibus
2359 4983 2388 5022 a
2428 4968 2640 5022 ratione
2684 4963 2922 5020 maxime
2951 4959 3142 5015 alienis
3186 4966 3243 5012 et
3268 4952 3519 5011 absurdis

1938 5044 2264 5124 servientes,
2291 5060 2359 5115 ab
2380 5059 2484 5114 hoc
2507 5057 2653 5130 gravi
2687 5054 2933 5111 liberavit
2967 5045 3316 5107 ministerio?
3349 5043 3519 5097 Recte

1935 5151 2108 5214 novit,
2138 5150 2280 5221 quod
2314 5149 2458 5213 dico,
2497 5149 2540 5202 is
2567 5147 2656 5218 qui
2688 5147 2808 5216 ejus
2840 5144 2931 5214 qui
2959 5140 3204 5198 Corinthi
3238 5147 3320 5190 est
3351 5133 3521 5188 forni-

1890 5251 2091 5298 "catus
2119 5258 2226 5296 non
2261 5240 2528 5312 ignoravit
2573 5239 2852 5294 delictum.
2915 5235 3046 5290 Erat
3098 5233 3246 5287 enim
3299 5228 3520 5283 divinus

1937 5332 2259 5388 Timotheus
2277 5347 2387 5386 non
2411 5332 2476 5386 ad
2510 5329 2920 5400 intelligendum
2945 5326 3119 5381 solum
3142 5319 3514 5380 acutissimus,

1937 5426 2031 5481 sed
2063 5426 2130 5480 ad
2151 5424 2443 5480 dicendum
2466 5424 2629 5478 etiam
2659 5420 3118 5491 promptissimus,
3149 5424 3204 5468 et
3230 5413 3298 5468 ad
3327 5411 3517 5466 facun-

1936 5517 2022 5572 dia
2051 5508 2264 5590 egregie
2293 5517 2555 5572 utendum
2588 5515 2978 5578 dexterrimus,
3013 5521 3069 5567 et
3100 5510 3158 5565 in
3188 5506 3389 5564 divinis
3410 5519 3510 5560 ex-

1935 5609 2206 5683 ponendis
2231 5610 2684 5682 jucundissimus,
2735 5618 2791 5667 et
2835 5609 2903 5663 ad
2943 5604 3239 5661 Ecclesiam
3285 5608 3510 5667 compo-

312 5763 378 5819 ‘I
409 5763 542 5840 Cor.
576 5779 688 5840 xv].
712 5762 852 5840 _10;_
899 5765 920 5796 "
952 5763 1197 5840 Philagl
1226 5783 1239 5834 ;
1268 5776 1430 5840 etii,
1455 5768 1536 5823 l9.
1614 5769 1634 5800 ⁸
1657 5767 1683 5840 I7
1702 5777 1764 5840 et
1798 5771 1840 5827 ll

1938 5787 2064 5832 ICSS.
2098 5792 2135 5830 ι.
2194 5777 2234 5805 ⁸⁵
2270 5771 2508 5829 lThess.
2542 5788 2624 5838 ιιι,
2651 5771 2704 5826 2.
2786 5771 2804 5803 ³
2846 5768 3044 5840 Philip.
3076 5781 3136 5834 ιι,
3163 5763 3255 5820 ‘22.
3335 5758 3378 5794 ¹⁰
3404 5757 3516 5819 Co-

234 5837 444 5907 1055.1,
619 5835 659 5865 ¹¹
707 5832 727 5886 l
792 5833 934 5891 Tim.
994 5855 1048 5905 v,
1090 5837 1181 5893 25.
1227 5832 1354 5894 ’³³1
1388 5837 1530 5896 Tim.
1566 5855 1620 5907 v,
1659 5839 1748 5895 23.
