4116 6406
639 362 748 432 ἹΕἸ

1885 362 2167 424 MENSIS
2206 334 2667 425 JANUARIUs.

3779 369 3883 438 768

634 475 873 531 nentiam
901 460 1386 530 etcust.odiendam
1420 472 1505 529 vel
1541 471 1776 528 maxime
1810 472 2060 529 idoneus.
2090 472 2225 528 Nam

2332 473 2562 544 κλησίας
2592 473 2689 526 καὶ
2719 473 3057 527 κατάστασιν
3083 473 3319 542 ἀγαγεῖν
3354 471 3705 540 ἱκανώτατος.
3742 478 3885 535 Ἐπεὶ

637 575 696 622 et
727 566 1088 637 copiosiorem
1120 575 1457 631 consecutus
1484 575 1571 620 est
1608 564 1859 635 gratiam,
1883 574 1939 621 et
1958 565 2222 622 doctrinae

637 649 885 709 fontibus
908 668 1041 709 usus
1069 662 1150 709 est
1178 653 1530 722 duplicibus;
1558 670 1670 709 non
1703 655 1852 710 Pauli
1881 656 2224 712 solummodo

639 749 947 806 admirabili
1002 751 1118 822 lyra
1170 750 1408 821 Spiritus
1459 767 1519 807 se
1573 752 1875 817 obiectans,
1922 754 2017 808 sed
2057 755 2220 809 etiam

638 857 866 898 versans
920 858 1043 896 cum
1074 842 1286 903 Joanne
1324 844 1524 900 eximie
1566 844 1771 900 dilecto
1827 846 2117 914 discipulo,
2170 855 2224 902 et

637 933 707 987 ab
733 948 797 985 eo
839 932 1127 1001 praefectus
1148 934 1605 991 administrationi
1643 938 1791 992 sedis
1836 936 2220 1006 Ephesiorum,

640 1036 765 1075 cum
794 1023 863 1076 ab
890 1037 956 1076 eo
982 1024 1225 1079 audisset
1256 1034 1311 1079 et
1339 1026 1641 1095 didicisset,
1684 1044 1806 1099 qua:
1851 1028 1943 1084 ille
1972 1014 2163 1086 rursus
2192 1047 2222 1085 ιι

646 1113 792 1168 hono
827 1112 1056 1184 Spiritu.

714 1286 824 1343 γυ.
862 1290 997 1345 Nam
1017 1309 1140 1348 cum
1164 1292 1323 1356 Nero,
1357 1295 1448 1365 qui
1476 1299 1619 1353 male
1647 1299 1713 1353 ad
1746 1300 2059 1369 imperium,
2084 1302 2224 1357 male

646 1379 712 1447 (ο
781 1380 991 1450 justitia
1054 1388 1109 1439 et
1162 1387 1257 1441 Dei
1303 1388 1677 1462 tolerantia!)
1731 1403 2065 1457 accesserat,
2129 1396 2222 1451 ﬁni

646 1472 886 1542 martyrii
921 1474 1197 1544 principes
1226 1480 1622 1546 apostolorum,
1681 1483 1927 1550 Petrum,
1976 1484 2221 1558 inquam,

641 1570 700 1627 et
741 1561 985 1630 Paulum,
1022 1567 1367 1634 subiecisset,
1405 1579 1456 1626 ct
1503 1571 1596 1627 alii
1627 1574 1718 1644 qui
1752 1590 1876 1631 cum
1907 1577 2037 1647 ipsis
2069 1588 2225 1634 erant

640 1652 894 1720 discipuli
929 1670 986 1710 se
1020 1657 1127 1712 alio
1154 1663 1592 1731 convertissem;
1644 1667 1845 1722 accidit
1895 1678 1953 1723 ut
1985 1670 2071 1725 hic
2103 1687 2221 1725 nia-
2260 1696 2265 1699 ·

640 1760 782 1816 gnus
824 1749 1154 1815 evangelista
1186 1761 1241 1806 et
1296 1751 1607 1826 Theologus
1637 1756 1835 1853 Ephesi
1876 1762 2220 1824 constiteret,

636 1854 670 1892 a
704 1848 1028 1908 tempestate
1065 1852 1120 1898 et
1153 1844 1441 1914 naufragio
1486 1825 1713 1918 eiectus),
1769 1864 1825 1905 ut
1880 1862 1936 1907 et
1984 1854 2219 1912 referunt
2259 1825 2298 1877 Β

640 1943 765 1997 quae
811 1930 880 1984 ab
939 1931 1146 1987 lrenzeo
1197 1933 1550 2004 Lugdunensi
1608 1940 1808 2009 scripta
1845 1952 1975 1996 sunt
2031 1946 2127 2016 (2),
2174 1956 2227 2001 ct

643 2021 785 2077 fama
809 2024 995 2079 tradit.
1031 2025 1105 2080 Ex
1141 2026 1424 2098 discipulis
1453 2040 1635 2085 autem
1664 2031 1720 2098 ii,
1763 2033 1855 2102 qui
1889 2035 2063 2089 secuti
2099 2046 2231 2091 sunt

642 2113 780 2170 alios
828 2117 1191 2187 evangelistas
1240 2130 1296 2174 et
1353 2123 1645 2190 apostolos,
1699 2139 1760 2178 ea
1816 2141 1937 2195 quae
1995 2127 2064 2182 ab
2122 2128 2227 2187 illis

645 2207 863 2262 diversa
899 2209 1079 2278 lingua
1111 2213 1411 2283 composita
1449 2213 1687 2279 fuerant,
1751 2216 2034 2287 (nondum
2079 2220 2227 2276 enim

643 2298 808 2352 unius
834 2300 983 2352 vocis
1018 2316 1273 2357 sermone
1310 2304 1391 2358 usi
1426 2306 1664 2371 fuerant)
1690 2321 1814 2360 cum
1850 2307 1914 2361 ad
1951 2308 2220 2379 Ephesio-

645 2404 765 2443 rum
795 2391 1070 2445 civilatem
1115 2394 1467 2460 detulissent,
1501 2397 1547 2449 ei
1580 2398 1825 2455 tradunt.
1867 2398 2023 2454 lllum
2072 2416 2224 2467 vero,

646 2483 898 2537 utetiam
930 2485 1144 2539 videtur
1187 2486 1424 2542 Eusebio
1474 2489 1747 2559 Pamphili
1796 2492 1911 2545 lucc
1969 2501 2224 2559 tractant,

646 2575 804 2629 aiunt
849 2593 911 2631 ca
939 2579 1180 2647 quidem,
1232 2597 1352 2648 quae.
1393 2584 1595 2653 scripta
1650 2583 1886 2650 fuerant,
1923 2588 2227 2655 admisisse,
2272 2646 2279 2655 ,

647 2667 717 2722 de
771 2683 961 2724 eorum
1014 2674 1247 2727 veritate
1309 2674 1533 2730 lercndo
1596 2677 1970 2735 testimonium
2010 2699 2022 2735 :
2058 2681 2233 2737 anim-

644 2758 945 2816 advertisse
973 2770 1154 2816 autem
1191 2765 1244 2818 in
1269 2765 1349 2820 eis
1375 2756 1545 2821 solam
1595 2778 1801 2825 restare
1857 2772 2229 2829 narrationem

643 2851 714 2906 de
743 2851 808 2907 iis
837 2869 957 2923 qua:
1025 2856 1082 2909 in
1122 2856 1314 2926 primis
1343 2868 1397 2913 et
1440 2861 1491 2913 in
1533 2860 1801 2932 principio
1830 2866 2230 2934 praedicationis

645 2960 674 2998 a
714 2943 931 3001 Christo
957 2945 1095 3002 facta
1138 2948 1374 3005 fuerant.
1415 2952 1482 3007 Et
1512 2969 1632 3008 vera
1657 2957 1873 3025 quidem
1920 2967 2003 3013 est
2032 2960 2226 3015 oratio.

644 3035 897 3092 Invenies
941 3039 1111 3102 enim,
1172 3042 1217 3096 si
1265 3042 1557 3115 diligrnler
1605 3048 2063 3117 consideraveris,
2122 3060 2231 3107 tres

2326 565 2421 619 καὶ
2475 563 2869 636 δαψιλεστέρας
2928 565 3204 619 ἀπέλαυσε
3259 564 3502 636 χάριτος,
3548 566 3641 620 καὶ
3686 567 3885 634 διπλαῖς

2276 705 2287 713 .
2325 660 2602 729 ἐχρήσατο
2633 660 2752 722 ταῖς
2794 659 2894 727 τῆς
2934 658 3287 722 διδασκαλίας
3318 661 3555 730 πηγαῖς’
3587 659 3646 713 οὐ
3684 661 3885 716 Παύλου

2324 750 2759 822 κατατρυφήσας
2803 752 2982 819 μόνον,
3009 750 3070 803 ού
3109 750 3206 819 τῆς
3243 750 3568 820 θαυμαστῆς
3599 751 3763 822 λύρας
3795 752 3881 808 τοῦ

2323 844 2643 913 Πνεύματος
2661 861 2675 874 ·
2719 843 2857 897 ἀλλά
2886 844 2979 897 καὶ
3023 843 3244 916 Ἰωάννῃ
3266 844 3344 914 τῷ
3371 843 3735 914 διαφερόντως
3759 847 3888 915 ήγα-

2324 936 2557 1006 πημένῳ
2614 934 3023 1004 συγγενόμενος
3081 933 3320 1005 μαθητῇ,
3373 935 3467 987 καὶ
3493 933 3586 987 ὑπ’
3615 934 3775 987 αὑτοῦ
3805 935 3888 1024 τδν

2323 1027 2420 1096 τῆς
2456 1026 2720 1095 Ἐφεσίων
2754 1024 2941 1095 θρόνον
2969 1025 3353 1095 ἐγχειρισθεὶς,
3375 1025 3471 1078 κοιλ⁵
3494 1024 3728 1088 ἀκούσας
3761 1027 3878 1095 παρ’

2325 1118 2492 1172 αὐτοῦ
2534 1120 2626 1172 καὶ
2693 1116 2882 1189 μαθὼν
2912 1117 2949 1172 ἃ.
2980 1118 3143 1172 πάλιν
3182 1120 3389 1182 ἐκεῖνος
3420 1117 3528 1171 ὑπὸ
3568 1116 3661 1170 τοῦ
3689 1116 3883 1185 ἀγαθοῦ

2325 1211 2465 1263 livet)
2475 1227 2663 1280 ματος.

2398 1304 2471 1355 Z'.
2500 1302 2754 1373 Νέρωνος
2819 1302 2928 1369 γὰρ
2977 1299 3071 1353 τοῦ
3128 1299 3315 1364 κακῶς
3344 1300 3424 1363 είς
3464 1300 3568 1371 τὴν
3607 1299 3889 1371 βασιλείαν,

2325 1391 2511 1454 κακῶς
2560 1386 2624 1459 (ᾧ
2652 1391 2776 1461 δίκη
2806 1392 2903 1444 καὶ
2955 1390 3123 1461 ἀνοχὴ
3149 1391 3309 1458 Θεοῦ)
3341 1390 3734 1461 παρελθόντος,
3763 1409 3892 1463 μαρο

2324 1483 2533 1556 τυρικῷ
2562 1483 2709 1537 τέλει
2744 1484 2873 1547 τοὺς
2905 1484 3082 1555 ἱεροὺς
3108 1482 3439 1553 κορυφαίους
3455 1482 3567 1537 τῶν
3589 1484 3917 1573 ἀποστόλων,

2325 1575 2532 1644 Πέτρου
2565 1574 2658 1626 καὶ
2688 1572 2921 1626 Παύλου⁸
2952 1571 3341 1637 ὑποδαλόντος,
3365 1571 3474 1625 τῶν
3507 1589 3567 1626 τε
3601 1574 3698 1625 σὺν
3721 1574 3893 1636 αὐτοῖς

2329 1663 2587 1734 μαθητῶν
2619 1662 2795 1717 ἄλλων
2855 1662 3064 1733 ἀλλαχῆ
3098 1661 3190 1716 τὸν
3230 1662 3345 1732 βίον
3383 1661 3894 1734 καταστρεψάντων,

2327 1754 2621 1825 ἐπιστῆναι
2660 1771 2793 1807 ποτε
2824 1753 3022 1824 συνέὸη
3059 1755 3149 1809 τὸν
3186 1754 3364 1825 μέγαν
3392 1753 3586 1808 τοῦτον
3621 1756 3893 1823 εὐαγγελι-

2331 1846 2463 1916 στήν
2493 1862 2551 1898 τε
2576 1844 2967 1920 καὶιθεολόγον
3000 1847 3113 1908 τοῖς
3143 1846 3201 1900 ἐν
3232 1845 3466 1916 Ἐφέσῳ,
3490 1845 3598 1899 ὑπὸ
3639 1845 3895 1917 χειμῶνος

2328 1937 2706 2007 ἐκϐρασθέντα
2756 1938 2851 1990 καὶ
2884 1937 3169 2005 ναυαγίου,
3196 1937 3273 2000 ὡς
3315 1936 3458 1991 αύτά
3486 1954 3546 1990 τε
3578 1937 3647 1991 τά
3671 1937 3773 1991 ὑπὸ
3810 1938 3893 1990 Εἰς

2332 2029 2558 2100 ρηναίου
2606 2028 2699 2083 τοῦ
2730 2028 3084 2096 Λουγδούνων
3106 2030 3410 2088 ἐπισκόπου
3439 2030 3896 2101 συγγεγραμμένα

2332 2118 2558 2188 ἱστορεῖ,
2623 2116 2950 2186 καὶόλόγος
3005 2117 3141 2187 ἔχει.
3169 2118 3290 2171 Τῶν
3334 2118 3521 2188 μέντοι
3581 2118 3832 2189 μαθητῶν
3852 2119 3896 2169 oi

2331 2216 2442 2274 τοῖς
2483 2209 2665 2274 ἄλλοις
2721 2211 3138 2278 εύαγγελισταῖς
3173 2209 3269 2264 καλ⁵
3308 2210 3633 2274 ἀποστόλοις
3688 2209 3899 2263 ἀκολου·
3956 2238 3973 2248 ο

2332 2296 2599 2368 θήσαντες
2628 2299 2697 2352 τά
2729 2298 2820 2353 ὑπ’
2861 2298 3087 2353 ἐκείνων
3147 2298 3394 2372 διαφόρῳ
3455 2298 3676 2371 γλώττῃ
3728 2315 3900 2352 συντε-

2334 2390 2582 2461 ταγμένα
2628 2391 2804 2459 (οὔπω
2835 2391 2945 2460 γὰρ
2990 2387 3133 2462 ἦσαν
3187 2390 3457 2461 όμοφώνῳ
3490 2392 3770 2463 χρώμενοι
3791 2394 3894 2444 δια-

2330 2482 2550 2553 λέκτῳ),
2586 2484 2666 2545 εἰς
2716 2482 2816 2553 τὴν
2861 2483 3125 2551 Ἐφεσίων
3169 2482 3322 2535 πόλιν
3373 2484 3731 2551 κομίσαντες,
3765 2479 3901 2552 αὐτῷ

2331 2578 2754 2649 ἐγχειρίζουσιν.
2777 2577 2883 2631 Τὸν
2911 2577 2996 2642 δὲ,
3028 2577 3170 2631 καθά
3206 2578 3301 2631 καλ⁵
3329 2577 3581 2648 Εὐσεεῐῳ
3598 2576 3675 2648 τῷ
3707 2575 3900 2648 Παμφί-

2329 2670 2422 2724 λου
2447 2670 2595 2723 δοκεῖ
2626 2668 3046 2741 διαλαμϐάνοντι
3081 2668 3278 2734 οὕτως,
3310 2669 3683 2735 ἀποδέξασθαι
3710 2671 3808 2738 μὲν
3841 2667 3900 2722 τὰ

2333 2763 2717 2833 γεγραμμένα,
2770 2762 2959 2830 φασὶν,
3018 2760 3278 2832 ἀλήθειαν
3308 2763 3495 2825 αὐτοῖς
3526 2761 3897 2835 ἐπιμαρτυρή-

2336 2866 2527 2917 σαντα,
2581 2855 2811 2907 συνιδεῖν
2849 2854 2905 2907 δὲ
2939 2855 3107 2925 μόνην
3135 2856 3194 2907 ἐν
3231 2854 3415 2916 αὐτοῖς
3455 2853 3791 2925 λειπομένην
3812 2854 3898 2925 τὴν

2333 2944 2464 3015 περὶ
2491 2940 2600 2996 τῶν
2624 2942 2682 2996 ἐν
2720 2942 2958 3014 πρώτοις
2983 2946 3078 2996 καὶ
3109 2942 3229 2997 κατ’
3256 2943 3430 3017 ἀρχὴν
3484 2944 3583 2998 τοῦ
3623 2944 3894 3016 κηρύγμα-

2332 3053 2426 3101 τος
2460 3036 2566 3090 ὑπὸ
2620 3036 2715 3089 τοῦ
2775 3034 3014 3107 Χριστοῦ
3070 3036 3479 3108 πεπραγμένων
3508 3038 3778 3108 διήγησιν.
3802 3035 3895 3089 Καὶ

644 3130 1008 3197 evangelistas
1045 3147 1108 3186 ea
1133 3136 1308 3188 solum
1340 3136 1754 3206 conscripsisse,
1791 3156 1913 3210 quae
1943 3158 2053 3197 uno
2085 3159 2230 3198 anno

2336 3128 2543 3200 ἀληθής
2575 3146 2637 3197 γε
2671 3132 2698 3183 6
2730 3128 2922 3197 λόγος·
2974 3130 3225 3202 εὑρήσεις
3259 3130 3389 3200 γὰρ,
3444 3131 3622 3203 ήνπερ
3674 3127 3897 3221 ἀκριὸᾦς

645 3234 676 3272 a
699 3220 988 3277 Servatore
1017 3235 1169 3294 gesta
1206 3236 1357 3291 sunt,
1390 3238 1681 3298 postquam
1710 3230 1952 3288 Joannes
1983 3234 2226 3305 Baptista

647 3309 751 3366 fuit
782 3314 1065 3382 coniectus
1097 3316 1152 3370 in
1175 3333 1474 3380 carcerem,
1516 3320 1680 3390 idque
1705 3339 1799 3378 eos
1821 3334 1971 3379 recte
2012 3326 2227 3395 signiﬁ-

645 3417 774 3459 care
805 3404 857 3458 in
887 3407 1160 3476 principio
1191 3425 1303 3464 suae
1338 3411 1596 3467 historia}.
1639 3412 1774 3470 Nam
1814 3426 1937 3486 post
1960 3418 2227 3487 jejunium

644 3493 849 3550 Christi
883 3499 1238 3572 quadraginta
1257 3503 1491 3568 dierum,
1520 3514 1576 3560 et
1603 3522 1720 3560 eam
1750 3524 1871 3577 quae
1903 3506 1955 3563 in
1987 3510 2105 3580 ipso
2133 3511 2232 3566 fuit

649 3587 1030 3672 tentationem,
1080 3592 1365 3648 Matthqu
1402 3596 1621 3665 quidem
1655 3597 1979 3669 significavit
2014 3610 2230 3672 tempus

647 3691 760 3759 sua:
785 3668 1112 3749 scriptionis,
1135 3684 1324 3741 dicens
1346 3686 1389 3719 “
1421 3703 1436 3741 :
1480 3706 1498 3739 ι
1525 3688 1660 3743 Cum
1701 3700 1884 3745 autem
1907 3693 2228 3761 audivisset,

649 3769 796 3838 quod
838 3769 1080 3829 Joannes
1117 3784 1245 3831 erat
1281 3777 1532 3845 traditus,
1583 3795 1612 3834 a
1657 3780 1839 3836 Juda-a
1896 3786 2124 3840 recessit
2176 3786 2230 3840 in

644 3858 949 3918 Galilaeam:
988 3882 1001 3919 :
1032 3865 1205 3921 Lucas
1231 3870 1447 3939 qquue
1466 3871 1777 3942 priusquam
1810 3874 2078 3944 inciperet
2101 3892 2232 3932 nar-

646 3970 773 4012 rare
824 3957 964 4013 facta
1011 3959 1163 4025 Jesu,
1196 3960 1447 4018 similiter
1475 3965 1735 4033 ostendit,
1775 3966 1964 4022 dicens
1993 3970 2058 4034 “,
2085 3971 2232 4041 quod

647 4048 912 4118 :djiciens
940 4051 1182 4107 Herodes
1213 4053 1279 4108 iis
1309 4070 1430 4123 quae
1460 4055 1686 4120 fecerat,
1717 4057 1938 4114 inclusit
1961 4059 2230 4119 Joannem

650 4140 707 4195 in
742 4142 1003 4198 custodia.
1042 4143 1332 4215 Propterea
1366 4163 1495 4219 ergo
1541 4150 1753 4216 dicunt,
1802 4149 2067 4209 Joannem
2100 4170 2232 4227 apo-

649 4232 848 4287 stolum
885 4242 1154 4303 rogatum,
1192 4244 1408 4306 tempus
1426 4235 1584 4307 "quod
1615 4238 1717 4293 fuit
1746 4240 1962 4295 silentio
1988 4244 2233 4312 praeteri-

653 4332 766 4378 tum
818 4341 846 4379 a
889 4326 1163 4396 prioribus
1225 4330 1591 4407 evangelistis,
1631 4341 1686 4387 et
1732 4349 1852 4402 qua:
1887 4334 1940 4388 in
1981 4350 2048 4390 eo
2092 4335 2231 4392 facta

649 4416 868 4473 fuerant
895 4434 925 4472 a
956 4420 1270 4488 Servatore,
1298 4437 1361 4476 ca
1394 4433 1576 4479 autem
1615 4435 1742 4479 sunt
1765 4443 1886 4495 qua:
1927 4426 2066 4483 facta
2106 4439 2233 4485 sunt

2337 3222 2514 3292 σκοπή
2525 3238 2649 3293 σῃς,
2671 3222 2798 3284 τοὺς
2818 3223 2965 3297 τρεῖς
2985 3221 3404 3290 εὐαγγελιστάς,
3429 3223 3564 3292 μόνα
3581 3222 3645 3276 τὰ
3670 3222 3799 3292 μετά
3812 3220 3897 3288 τὴν

2312 3313 2390 3365 -ἐν
2419 3312 2497 3381 τῷ
2533 3302 2895 3384 δεσμωτηρίῳ
2932 3313 3180 3367 Ἰωάννου
3215 3313 3310 3366 τοῦ
3350 3313 3668 3367 Βαπτιστοῦ
3698 3312 3897 3383 κάθειρ-

2334 3403 2418 3471 ξιν
2455 3404 2540 3473 ἐφ’
2572 3404 2667 3457 ἕνα
2698 3406 2942 3459 ἐνιαυτὸν
2973 3406 3343 3477 πεπραγμένα
3372 3407 3462 3477 ’τῷ
3478 3407 3696 3477 Σωτῆρι
3726 3421 3898 3473 συγγε⁹

2334 3497 2639 3567 γραφότας,
2683 3497 2780 3551 καλ⁵
2806 3498 2940 3551 αὐτὸ
2964 3497 3127 3552 τοῦτο
3153 3498 3335 3561 καλῶς
3383 3497 3900 3571 ἐπισημαινομένους

2332 3590 2456 3642 κατ’
2519 3590 2696 3661 ἀρχὰς
2745 3591 2848 3662 τῆς
2895 3590 3076 3644 αύτῶν
3131 3591 3414 3661 ἱστορίας.
3477 3594 3638 3648 Μετὰ
3667 3592 3788 3659 γοῦν
3818 3585 3898 3656 τὴν

2335 3683 2930 3754 τεσσαρακονθήμερον
2989 3681 3084 3736 τοῦ
3121 3681 3364 3754 Χριστοῦ
3412 3686 3688 3755 νηστείαν,
3718 3681 3794 3737 καὶ
3819 3677 3893 3730 τὸν

2332 3779 2419 3831 ἐπ’
2444 3778 2581 3848 αὐτῇ
2619 3778 2945 3850 πειρασμὸν,
2971 3779 2999 3831 6
3023 3777 3122 3847 μὲν
3154 3777 3446 3843 Ματθαῖος
3470 3780 3562 3833 τὸν
3586 3779 3769 3851 χρόνον
3795 3772 3878 3840 τῆς

2335 3870 2491 3933 ἰδίας·
2523 3870 2742 3941 γραφῆς
2775 3869 2926 3940 δηλοί
2958 3869 3155 3935 λέγων’
3197 3889 3214 3922 ι
3239 3870 3515 3937 Ἀκούσας
3545 3873 3601 3927 δὲ
3633 3874 3714 3927 ὅτι
3740 3867 3893 3923 Ἰωάν-

2334 3977 2431 4028 νης
2473 3961 2766 4029 παρεδόθη,
2826 3960 3176 4031 ἀνεχώρησεν
3228 3961 3340 4016 ἀπὸ
3407 3965 3512 4035 τῆς
3562 3963 3810 4024 Ἰουδαίας
3829 3958 3895 4019 εἰς

2335 4051 2434 4121 τὴν
2476 4051 2801 4105 Γαλιλαίαν·
2838 4070 2857 4105 ι
2893 4052 2986 4105 καὶ
3024 4053 3052 4105 6
3084 4054 3299 4117 Λουκᾶς
3344 4055 3428 4123 δὲ,
3486 4057 3618 4127 πρῖν
3657 4050 3897 4125 ἄρξασθαι

2335 4145 2445 4197 τῶν
2480 4144 2573 4197 τοῦ
2622 4142 2797 4215 Ἰησοῦ
2854 4144 3131 4214 πράξεων,
3191 4151 3606 4218 παραπλησίως
3638 4145 3900 4216 ὑποφαίνει

2338 4237 2569 4305 φάσκων
2596 4236 2672 4299 ὡς
2700 4236 2809 4306 ἄρα
2839 4236 3099 4305 προσθεὶς
3125 4239 3153 4291 6
3196 4238 3454 4315 Ἡρώδης
3489 4239 3571 4304 οἷς
3598 4236 3903 4308 διεπράξατο

2340 4329 2657 4382 κατέκλεισε
2688 4328 2779 4381 τὸν
2825 4330 3077 4400 Ἰωάννην
3124 4331 3181 4383 ἐν
3216 4334 3282 4403 τῇ
3337 4334 3582 4404 φυλακῇ.
3623 4333 3719 4386 Διά
3753 4328 3905 4384 ταῦτα

2338 4418 2470 4488 γοῦν
2545 4418 2635 4471 τὸν
2701 4420 3031 4473 ἀπόστολόν.
3077 4439 3243 4489 φασιν
3326 4426 3588 4497 Ἰωάννην
3644 4418 3900 4493 παρακλη-

651 4517 943 4580 antequam
972 4511 1211 4581 Baptista
1243 4515 1297 4569 in
1322 4531 1598 4571 carcerem
1632 4518 2021 4587 conjiceretur,
2057 4521 2110 4575 in
2132 4537 2231 4576 suo

2340 4511 2520 4577 θέντα,
2556 4513 2648 4564 τὸν
2678 4513 2783 4564 ύπο
2812 4512 2921 4565 τῶν
2958 4514 3246 4584 προτέρων
3306 4515 3720 4585 εύαγγελιστῶν
3750 4524 3908 4580 παρα·

652 4600 941 4657 tradidisse
975 4601 1289 4675 Evangelio,
1338 4608 1440 4660 etsi
1490 4609 1646 4678 prius
1683 4625 1795 4664 non
1848 4612 2052 4682 scripta
2102 4629 2235 4667 usus

650 4698 795 4744 esset
822 4693 1231 4760 praedicatione,
1260 4705 1316 4755 et
1364 4696 1474 4751 hoc
1504 4700 1679 4769 ipsum
1721 4701 2079 4771 signiﬁcasse,
2106 4720 2233 4774 par-

651 4781 747 4836 tim
775 4782 992 4852 quidem
1015 4785 1247 4842 dicendo
1265 4788 1308 4821 ι’
1335 4805 1349 4841 :
1382 4789 1526 4844 «Hoc
1544 4790 1868 4865 principium
1904 4793 2029 4848 fecit
2051 4796 2236 4867 signo-

650 4886 773 4926 rum
807 4873 1024 4939 Iesus,»
1066 4879 1263 4947 partim
1295 4889 1478 4934 autem
1499 4881 1747 4937 faciendo
1770 4883 2104 4938 mentionem
2136 4884 2238 4939 Ba-

652 4964 840 5033 ptistae
900 4968 1045 5023 inter
1100 4971 1348 5026 actiones
1399 4972 1551 5037 Jesu,
1606 4985 1662 5028 ut
1714 4976 1804 5045 qui
1858 4984 1990 5032 tunc
2052 4977 2231 5033 adhuc

650 5057 955 5127 haptizaret
988 5061 1046 5114 in
1072 5060 1254 5117 IEnon
1304 5080 1477 5135 prope
1529 5066 1720 5121 Salim.
1774 5068 2042 5123 Prmterea
2102 5086 2232 5125 vero

651 5142 756 5203 hoc
786 5151 1027 5207 ostendit
1052 5153 1314 5223 apertius,
1336 5156 1526 5211 dicens
1561 5176 1574 5213 :
1615 5177 1633 5211 ι
1660 5156 1910 5213 Nondum
1945 5162 2090 5216 enim
2118 5172 2235 5218 erat

649 5238 889 5295 Joannes
916 5244 1268 5313 conjectusin
1300 5262 1631 5302 carcerem.»
1672 5250 1749 5304 Ex
1776 5250 1860 5304 his
1882 5267 2009 5322 ergo
2047 5262 2235 5322 aperte

653 5332 916 5397 ostendit,
950 5326 1289 5408 TheOlOgum
1316 5354 1378 5392 ea
1412 5337 1466 5393 in
1507 5355 1608 5393 suo
1660 5339 1949 5412 Evangelio
1997 5344 2233 5410 tradere,

653 5438 777 5490 quae
808 5438 839 5479 a
870 5423 1090 5483 Christo
1120 5428 1263 5485 faeta
1298 5439 1447 5497 sunt,
1470 5430 1683 5486 Joanne
1716 5433 1957 5488 nondum
1985 5436 2236 5504 conjecto

656 5512 711 5566 iu
763 5530 1043 5574 carcerem
1102 5521 1395 5592 :reliquos
1451 5535 1631 5577 autem
1713 5534 1823 5580 tres
1881 5527 2238 5600 evangelistas

734 5676 778 5708 ³³
808 5675 999 5731 Matth.
1034 5694 1107 5742 tv,
1140 5679 1225 5732 12.
1307 5680 1348 5710 ”
1377 5679 1505 5735 Luc.
1546 5699 1630 5749 tu,
1663 5682 1751 5737 ΞΟ.
1837 5685 1877 5718 ’⁵
1909 5685 2068 5740 Jom.
2106 5703 2163 5752 ιι,
2195 5686 2275 5739 ll.

674 5762 685 5770 ’
731 5785 808 5853 (3)
849 5788 1041 5845 Contra
1078 5796 1241 5847 haeres
1265 5794 1358 5850 lib.
1394 5793 1487 5861 nt,~
1510 5810 1670 5867 capp.
1713 5796 1761 5863 l,
1810 5797 1893 5850 ll.

2342 4602 2689 4670 σιωπηθέντα
2714 4605 2925 4673 χρόνον,
2956 4605 3050 4658 καὶ
3085 4605 3153 4659 τά
3185 4604 3307 4658 κατ’
3343 4607 3514 4660 αὑτὸν
3561 4599 3905 4676 πεπραγμένα

2339 4692 2418 4762 τῷ
2448 4692 2682 4764 Σωτῆρι,
2716 4695 2891 4749 ταῦτα
2915 4696 2972 4749 δὲ
2997 4696 3103 4767 πρὸ
3131 4698 3229 4767 τῆς
3252 4697 3348 4750 τοῦ
3374 4697 3690 4752 Βαπτιστοῦ
3708 4692 3910 4762 καθείρ-

2353 4784 2488 4850 ξεως
2514 4786 2591 4855 τῷ
2620 4787 2741 4840 κατ’
2774 4788 2941 4840 αὑτὸν
2967 4788 3285 4856 Εὐαγγελίῳ
3347 4789 3710 4860 παραδοῦναι,
3743 4782 3904 4839 καίτοι

2343 4883 2608 4953 πρότερον
2632 4883 2867 4954 ἀγράφῳ
2895 4885 3237 4954 κεχρημένον
3284 4886 3637 4956 κηρύγματι,
3668 4881 3759 4936 καὶ
3796 4875 3911 4933 αὐτὸ

2337 4976 2498 5029 τοῦτο
2531 4975 2998 5045 ἐπισημήνασθαι,
3040 4977 3163 5028 τοτέ
3196 4976 3297 5046 μὲν
3323 4977 3579 5047 φήσαντα
3609 4993 3623 5006 ’
3668 4994 3687 5026 ι
3713 4968 3909 5031 Ταύτην

2338 5069 2438 5139 τὴν
2471 5067 2642 5140 ἀρχὴν
2670 5069 2894 5138 ἐποίησε
2936 5068 3045 5122 τῶν
3076 5068 3403 5138 παραδόξων
3431 5070 3460 5122 6
3487 5065 3694 5138 Ἰησοῦς
3717 5081 3728 5094 ·
3759 5083 3775 5115 ι
3805 5056 3909 5160 τοτὲ

2341 5161 2397 5214 δὲ
2449 5159 2903 5230 μνημονεύσαντα
2977 5158 3073 5213 τοῦ
3162 5158 3478 5212 Βαπτιστοῦ
3543 5155 3745 5229 μεταξῦ
3811 5155 3907 5203 τῶν

2353 5251 2531 5320 Ἰησοῦ
2581 5250 2857 5321 πράξεων,
2885 5251 2959 5314 ὼς
3004 5251 3087 5304 ἔτι
3121 5249 3243 5304 τότε
3282 5248 3651 5320 βαπτίζοντος
3677 5249 3732 5299 ὲν
3752 5239 3911 5298 Αἱνῶν

2343 5342 2513 5411 ἐγγὺς
2539 5342 2633 5395 τοῦ
2659 5341 2868 5412 Σαλήμ.
2907 5340 3098 5394 Ἕτιδὲ
3135 5339 3478 5409 σαφέστερον
3508 5334 3668 5389 τοῦτο
3689 5331 3910 5385 δείκνυσι

2342 5437 2542 5505 λέγων*
2580 5434 2787 5489 «Οὔπω
2828 5435 2937 5504 γὰρ
2977 5430 3042 5507 ἦν
3069 5436 3097 5488 6
3129 5432 3393 5501 Ἰωάννης
3453 5427 3785 5501 βεϐλημένος
3843 5421 3911 5480 εἰς

2346 5528 2616 5600 φυλακήν.
2650 5547 2667 5580 ι
2737 5527 3012 5581 Δέδεικται
3079 5523 3171 5580 οὖν
3227 5523 3485 5594 φανερῶς
3542 5523 3605 5574 ἐκ
3670 5509 3917 5571 τούτωνὸ
