4116 6408
208 306 326 372 759

1501 309 1677 369 ΥΙΤΑ
1712 309 1771 369 S.
1820 309 2230 373 TiMOTlIEI.

3401 324 3506 387 770

212 419 503 491 Θεολόγος,
548 420 609 475 ὲν
636 422 703 493 τῇ
731 420 828 475 τοῦ
863 417 987 474 κατ’
1023 416 1189 473 αὑτὸν
1229 417 1567 486 Εὑαγγελίου
1597 404 1800 491 γραφῇ,

1920 422 2235 478 meminisse
2259 438 2471 491 eorum,
2499 441 2619 496 quae
2648 428 2785 483 facta
2825 441 2973 497 sunt,
3005 444 3291 507 postquam
3340 438 3509 495 Joan-
3598 438 3607 445 ’

210 512 286 566 τὰ
319 511 549 583 μηδέπω
579 510 677 565 τοῦ
720 508 1045 565 οΒαπτιστοὺ
1074 508 1413 579 βεϐλημένου
1446 511 1524 573 εἰς
1561 511 1812 582 φυλακὴν

214 605 327 661 ὑπὸ
371 603 615 677 Χριστοῦ
673 604 992 677 πραχθέντα
1042 603 1395 672 παραδιδοὺς,
1450 604 1500 656 οἱ
1531 604 1587 657 δὲ
1629 603 1809 658 λοιποὶ

208 695 368 769 τρεῖς
395 696 792 767 εὑαγγελισταὶ
826 696 895 763 τᾲ
926 696 1067 765 μετὰ
1100 697 1198 768 τὴν
1224 696 1306 760 είς
1353 695 1415 749 τὸ
1433 695 1810 769 δεσμωτήριον

206 790 500 862 κάθειρξιν
565 789 663 843 τοῦ
719 787 1030 843 Βαπτιστοῢ
1091 786 1545 859 μνημονεύοντες.
1586 784 1683 853 Οῗς
1713 789 1808 843 καὶ

204 887 576 956 ἐπιστήσαντι
625 883 811 937 οὐκέτι
842 882 908 936 ἂν
953 881 1168 949 δόξαιεν
1201 883 1496 949 διαφωνεῖν
1554 883 1808 954 ἀλλήλοις

204 979 278 1033 τὰ
307 979 646 1047 Εὑαγγὲλια,
664 976 743 1048 τῷ
770 975 831 1029 τὸ
859 975 959 1046 μὲν
986 975 1131 1028 κατὰ
1166 975 1423 1045 Ἰωάννην
1453 973 1519 1029 τὰ
1542 976 1808 1048 πρότερον

204 1071 315 1124 ὑπὸ
337 1070 433 1125 τοῦ
481 1068 722 1137 Χριστοῦ
750 1066 1065 1138 πραχθέντα
1096 1066 1425 1136 διηγεῖσθαι,
1458 1067 1528 1119 τὰ
1553 1065 1610 1118 δὲ
1642 1066 1807 1120 λοιπᾶ

200 1162 307 1233 τὴν
334 1161 429 1215 ἐπὶ
454 1162 598 1214 τέλει
625 1160 719 1213 τοῦ
752 1158 993 1231 Χριστοῦ
1029 1156 1176 1230 αὑτῷ
1203 1161 1502 1229 γενομένην
1538 1159 1802 1227 ἱστορίαν.

202 1256 453 1318 Εἰκότως
477 1250 573 1307 οὖν
602 1250 702 1325 τὴν
732 1253 830 1323 μὲν
863 1254 960 1323 τῆς
998 1253 1201 1325 σαρκὸς
1235 1252 1328 1305 τοῦ
1364 1251 1616 1319 Σευτῆρος
1647 1250 1805 1321 ἡμῶν

175 1341 590 1414 γενεαλογίαν,
650 1343 746 1397 ειτε
823 1343 1091 1415 Ματθαίῳ
1141 1346 1236 1398 καὶ
1305 1344 1492 1414 Λουκᾷ
1553 1359 1798 1413 προγρα-

203 1442 408 1509 φεῖσαν
435 1438 829 1505 ἀποσιωπῆσαι
861 1437 952 1489 τὸν
984 1437 1262 1508 Ἰωάννην,
1297 1436 1394 1505 τῆς
1423 1435 1481 1490 δὲ
1510 1434 1794 1502 θεολογίας

1918 526 2020 567 nes
2049 512 2240 569 fuisset
2265 517 2552 583 conjectus
2572 517 2625 571 in
2651 519 2888 577 vincula.
2915 520 3049 590 Quae
3075 527 3167 596 qui
3191 530 3510 600 attenderit,

1916 619 2029 659 non
2076 605 2313 676 amplius
2343 607 2393 662 ei
2423 606 2761 665 videbuntur
2798 613 3114 686 discrepare
3169 620 3508 693 Evangelia;

1915 696 2062 766 quod
2104 696 2155 751 id
2188 698 2409 766 quidem
2439 701 2586 771 quod
2618 709 2703 757 est
2733 706 3037 761 secundum
3089 707 3355 767 Joannem
3398 714 3510 785 pri-

1917 807 2035 846 mas
2072 790 2278 848 Christi
2325 794 2574 850 continet
2605 797 2875 864 actiones,
2912 801 3118 872 reliqua
3174 816 3380 870 autem,
3428 806 3509 861 lii--

1915 884 2140 938 storiam
2174 900 2296 956 qure
2328 883 2468 941 facta
2502 897 2589 942 est
2632 889 2686 942 in
2722 889 2842 959 ipso
2877 891 2983 947 fine
3032 893 3258 951 Christi.
3311 898 3508 955 Merito

1914 991 2045 1045 ergo
2070 978 2253 1032 carnis
2283 978 2503 1048 quidem
2555 979 2864 1037 Servatoris
2896 986 3068 1040 nostri
3110 990 3507 1061 genealogiam,

1913 1077 2122 1139 utquze
2151 1086 2182 1125 a
2229 1070 2483 1125 Mattharo
2525 1080 2580 1126 et
2625 1071 2769 1129 Luca
2822 1076 2974 1146 prius
3029 1080 3229 1148 scripta
3291 1080 3508 1147 fuisset,

1910 1158 2155 1217 Jbannes
2201 1164 2421 1218 silentio
2461 1167 2724 1235 praeteriit
2760 1185 2774 1223 :
2807 1184 2837 1222 a
2902 1169 3171 1243 theologia
3206 1183 3388 1229 autem
3421 1176 3510 1229 in-

1911 1253 2063 1324 cipit,
2090 1262 2151 1308 ut
2178 1271 2298 1325 quae
2318 1256 2391 1322 ei,
2422 1265 2612 1326 utpote
2642 1261 3028 1329 praestantiori,
3072 1264 3266 1321 fuisset
3302 1282 3333 1322 a
3363 1268 3510 1323 bono

1913 1344 2118 1414 Spiritu
2182 1356 2526 1400 conservata.
2578 1347 2644 1402 Et
2688 1349 2769 1403 sic
2835 1351 3057 1420 quidem
3119 1354 3392 1413 Eusebius
3442 1360 3511 1415 de

1900 1433 2113 1490 Joanne
2145 1435 2336 1490 etaliis
2358 1444 2548 1490 narrat
2577 1439 2944 1509 evangelistis.

210 1528 616 1600 ἂρξασθαι,ὡς
642 1529 709 1583 ἂν
744 1528 894 1599 αὑτῷ
927 1528 1081 1600 παρὰ
1106 1529 1200 1582 τοῦ
1273 1526 1485 1597 ἀγαθοῦ
1555 1526 1872 1612 Πνεὺματος
1913 1522 2005 1581 οἵα
2063 1527 2337 1599 κρείττονι
2390 1530 3010 1603 παραπεφυλαγμένηςο
3070 1532 3163 1587 καὶ
3214 1534 3359 1591 οὕτω
3408 1539 3509 1612 μὲν

216 1625 497 1685 Εὐσέϐιος·⁸
534 1626 665 1695 περὶ
705 1625 958 1679 Ἰωάννου
1012 1625 1242 1679 καὶτῶν
1273 1625 1449 1683 ἄλλων
1483 1624 1683 1690 ἔξεισιν
1720 1624 2151 1694 εὑαγγελιστῶν.

292 1721 375 1773 Η’.
407 1721 516 1774 Οὑκ
542 1714 610 1790 ἦν
640 1720 696 1773 δὲ
719 1719 826 1791 ἄρα
856 1721 956 1789 τῆς
979 1716 1375 1791 αὑτοαληθείας
1408 1720 1649 1791 Χριστοῦ
1677 1723 1800 1787 τοὺς

1979 1723 2126 1779 'Vlll.
2164 1723 2305 1780 Fieri
2347 1743 2478 1799 ergo
2508 1744 2617 1783 non
2640 1739 2875 1799 poterat,
2922 1740 2982 1786 ut
3022 1732 3196 1804 ipsius
3234 1731 3502 1802 veritatis,

209 1812 412 1880 λόγους
463 1812 767 1873 διαπεσεῖν,
808 1832 827 1863 ι
861 1813 948 1866 Ἐν
981 1813 1060 1885 τῷ
1089 1815 1282 1886 κόσμῳ
1342 1814 1524 1885 θλίψιν
1573 1814 1749 1880 ἕξετε,
1781 1833 1799 1866 ι

205 1904 353 1974 πρὸς
376 1903 509 1966 τοὺς
542 1904 875 1969 ἀποστόλους
899 1907 1024 1969 τοὺς
1055 1906 1221 1960 αὑτοῦ
1255 1909 1541 1977 εἰρηκότος
1561 1925 1574 1938 ·
1605 1908 1817 1963 οὐκοῦν·

199 2000 333 2053 οὐδὲ
405 1998 657 2053 διέπεσον
688 2037 706 2066 ,
771 1999 909 2053 ἀλλὰ
969 1999 1184 2064 πολλοῖς
1240 2000 1472 2065 ἕκαστος
1521 2002 1805 2074 ὑπεϐλήθη

201 2093 326 2153 τοῖς
389 2091 675 2161 λυπηροῖς,
743 2091 1089 2161 Δομετιανοῦ
1131 2093 1241 2164 γὰρ
1264 2093 1402 2146 κατὰ
1462 2093 1665 2165 πολλὴν
1684 2095 1802 2147 τότε

201 2188 311 2255 τῆς
370 2186 571 2247 κακίας
625 2186 780 2256 ῖσχὺν
831 2185 1221 2258 εἰσφθαρέντος
1256 2189 1322 2258 τῇ
1355 2187 1626 2260 βασιλεία,
1672 2187 1804 2258 μίαν

201 2279 319 2331 ’.ὧν
359 2279 655 2338 Κυκλλὶδων
689 2280 784 2332 καὶ
804 2272 960 2343 οὗτος
999 2283 1169 2333 οἰκεῖν
1190 2282 1606 2352 κατακρίνεται,
1633 2284 1805 2354 Δομε-

203 2370 401 2425 τιανοῦ
436 2371 530 2424 τοῦ
582 2371 723 2443 μετὰ
777 2372 1008 2443 Νέρωνα
1037 2372 1134 2444 μὲν
1166 2374 1408 2438 καὶτοὺς
1432 2376 1636 2445 μεταξὺ
1668 2376 1798 2429 πολ-

204 2464 336 2526 λοὺς
387 2463 614 2535 ὕστερον
652 2464 868 2533 χρόνοις
912 2463 1010 2535 τὴν
1041 2465 1218 2537 ἀρχὴν
1252 2469 1654 2534 πιστευθέντος,
1696 2486 1803 2541 μη-

204 2553 375 2608 δὲνδέ
401 2555 503 2624 τῆς
568 2555 778 2608 ἐκείνου
846 2555 1152 2626 μοχθηρίας
1206 2556 1651 2626 ἀπολειφθέντος,
1684 2557 1800 2611 ἀλλ’

204 2644 300 2697 ἀεὶ
339 2644 480 2715 πρὸς
532 2644 698 2698 αὑτὸν
738 2647 995 2714 ὁρῶντος,
1036 2646 1188 2716 ἢκαὶ
1249 2647 1653 2719 ὑπερϐαλόντος
1686 2651 1801 2713 τοῖς

204 2739 587 2807 ἀτοπήμασιν,
645 2736 790 2791 οὑτω
833 2754 893 2791 τε
925 2727 1053 2801 ταῖς
1105 2738 1229 2792 καθ’
1286 2741 1489 2810 ἐτέρων
1522 2739 1797 2804 διαϐολαῖς

204 2829 308 2894 τὰς
342 2831 514 2893 ἀκοὰς
543 2829 714 2900 ἡδέως
746 2832 1063 2901 ὑπέχοντος,
1096 2831 1172 2895 ὡς
1201 2831 1324 2884 οὑδὲ
1367 2834 1488 2894 ταῖς
1526 2832 1607 2893 είς
1633 2829 1799 2885 αὑτὸν

204 2920 538 2990 εὐφημίαις,
600 2921 716 2989 εῖγε
754 2920 819 2992 δὴ
860 2922 1120 2977 κολακεία
1150 2924 1408 2976 τοσοῦτον
1449 2925 1692 2993 ἴσχυσεν,
1723 2923 1800 2988 ὡς

204 3013 304 3068 καὶ
338 3012 655 3083 Δομετιανῷ
695 3013 921 3066 ἐπαίνου
948 3030 1002 3067 τι
1027 3014 1465 3083 μεταδοῦναικαὶ
1492 3015 1794 3086 εὑφημίας’

203 3101 367 3156 τοῦτο
424 3103 562 3167 γοῦν
598 3103 661 3156 τὺ
709 3104 847 3174 πρὸς
890 3104 1141 3169 διαϐολὰς
1188 3105 1399 3159 ἐκείνου
1464 3105 1575 3159 τῶν
1617 3106 1797 3159 ἀκοῶν

202 3194 432 3249 εὔκολον
484 3195 786 3266 ὑπερορίαν
835 3195 936 3267 τὴν
964 3197 1044 3260 είς
1079 3197 1303 3267 Πάτμον
1342 3199 1666 3269 κατακρίνει
1701 3198 1796 3252 τοῦ

214 3287 496 3342 Ἰωάννου.
567 3287 724 3340 Οὖτω
775 3287 884 3359 γὰρ
921 3290 955 3359 ἡ
1012 3290 1112 3360 τῆς
1178 3289 1481 3362 ὑπερορίας
1513 3290 1801 3364 ὠνόμαστο

198 3380 386 3449 νῆσος.
448 3380 703 3451 Ἐνθαδὴ
734 3382 826 3434 καὶ
875 3380 1087 3452 ἀτίμως
1138 3383 1432 3455 ὑπερορίου
1464 3384 1562 3437 τοῦ
1609 3382 1796 3456 τιμίου

196 3473 406 3544 δηλαδὴ
432 3472 751 3544 γενομένου,
779 3473 1046 3547 Τιμόθεος
1073 3475 1172 3543 τῆς
1199 3476 1797 3548 ἐπισκοπῆςἘφεσίων

198 3568 576 3629 ἀντεποιεῖτο,
612 3566 717 3619 κᾶν
760 3567 881 3620 οὑδὲ
943 3566 1109 3621 αὑτὸν
1163 3566 1451 3622 ἐπιϐιῶναι
1512 3568 1589 3642 τῷ
1623 3567 1801 3642 θρόνῳ

198 3661 397 3729 χρόνον
421 3656 610 3710 ἱκανὸν
645 3656 673 3707 ό
700 3656 893 3728 ἐχθρὸς
912 3658 1120 3713 εἴασεν.

281 3834 366 3889 Θ’.
398 3830 508 3889 Ἦν
532 3836 641 3905 γάρ
700 3851 785 3899 τις
838 3833 971 3906 παρ’
1016 3835 1284 3906 Ἐφεσίοις
1315 3837 1498 3907 ἑορτὴ,
1530 3817 1800 3908 Καταγώ-

210 3944 353 3999 τιον
375 3927 467 3979 ὑπ’
490 3929 660 3983 αὐτῶν
720 3916 1077 4000 καλουμένη(
1110 3931 1253 3984 κατὰ
1297 3930 1428 3999 γοῦν
1466 3931 1674 4002 ταύτην
1708 3933 1797 4002 ρόο

215 4020 369 4075 παλά
393 4037 446 4073 τε
471 4021 873 4093 ἀναιρούμενοι,
898 4023 993 4078 καὶ
1010 4024 1206 4078 εἴδωλα
1232 4025 1319 4077 διὰ
1348 4025 1531 4096 χειρὸς
1562 4025 1795 4096 ἔχοντες,

211 4114 314 4168 καί
355 4132 474 4168 τινα
524 4116 898 4187 περιτιθέντες
966 4118 1179 4182 ἑαυτοῖς
1244 4121 1563 4190 προσωπεῖα
1608 4119 1707 4191 τῆς
1735 4137 1798 4172 τε

207 4209 419 4273 πόλεως
470 4210 699 4281 ἀναίδην
752 4208 820 4262 τὰ
872 4210 1248 4283 ἐπισημότερα
1291 4213 1432 4284 μέρη
1495 4215 1800 4284 περιιόντες

199 4305 301 4358 καί
358 4321 485 4357 τινα
536 4303 750 4367 τούτοις
803 4304 1118 4377 ἐπᾴδοντες,
1180 4305 1411 4375 ἀνδράσι
1469 4323 1528 4358 τε
1583 4306 1679 4360 καὶ
1702 4324 1800 4375 γυ-

1909 1815 2111 1873 Christi
2166 1819 2411 1888 inquam,
2463 1821 2631 1877 verba
2678 1824 3028 1891 exciderent,
3084 1825 3176 1893 qui
3226 1825 3506 1897 discipulis

1909 1910 2023 1965 suis
2040 1910 2207 1965 dixit:
2230 1930 2247 1962 ι
2279 1911 2336 1964 ln
2361 1913 2566 1968 mundo
2583 1913 2933 1971 atllictionem
2966 1917 3240 1972 habebitis
3273 1919 3369 1973 η.»
3404 1918 3509 1973 Νο-

1907 2017 2014 2073 que
2035 2017 2164 2089 ergo
2177 2003 2520 2070 exciderunt,
2545 2006 2640 2059 sed
2658 2016 2890 2077 uterque
2909 2009 3108 2064 multas
3144 2010 3314 2066 subiit
3336 2011 3507 2069 mole-
3524 2010 3537 2011 ί

1876 2093 2061 2150 ~stias.
2094 2092 2231 2147 Cum
2259 2094 2406 2148 enim
2440 2094 2783 2153 Domitianus
2824 2114 2922 2168 per
2946 2115 3198 2171 magnam
3230 2101 3338 2156 vim
3382 2117 3507 2181 sce-‘

1906 2185 2037 2240 leris
2070 2194 2202 2241 tunc
2256 2187 2547 2243 invasisset
2593 2190 2905 2260 imperium,
2968 2192 3367 2249 condemnatur
3410 2194 3504 2250 hic

1905 2294 2123 2357 quoque
2164 2279 2410 2336 habitare
2450 2298 2615 2337 unam
2662 2298 2727 2338 ex
2759 2284 3101 2356 Cycladibus.
3139 2285 3500 2352 Domitianus,

1907 2372 2151 2442 inquam,
2182 2374 2269 2429 cui
2297 2380 2421 2444 post
2453 2373 2729 2429 Neronem
2788 2384 2844 2431 et
2901 2392 2997 2431 eos
3027 2378 3118 2448 qui
3156 2378 3502 2433 intercedunt

1907 2467 2225 2520 mandatum
2276 2465 2381 2521 fuit
2426 2467 2763 2537 imperium;
2820 2468 2870 2523 ei
2924 2479 3108 2524 autem
3153 2468 3502 2540 improbitate

1904 2558 2080 2612 nihilo
2108 2559 2208 2613 fuit
2246 2559 2493 2626 inferior,
2532 2560 2625 2616 sed
2659 2577 2877 2632 semper
2906 2562 2972 2616 ad
3000 2561 3194 2633 ipsum
3233 2560 3500 2631 respicie-

1904 2648 2016 2714 bat,
2070 2656 2164 2703 aut
2214 2649 2377 2704 etiam
2426 2650 2726 2706 sceleribus
2757 2666 2813 2707 et
2843 2651 3064 2723 ﬂagitiis
3101 2653 3415 2723 superabat,
3449 2663 3503 2709 et

1904 2742 2128 2795 structis
2163 2741 2215 2794 in
2244 2741 2381 2797 alios
2410 2743 2701 2799 calumniis
2736 2755 2844 2798 tam
2874 2745 3134 2799 lubenter
3184 2761 3348 2800 aures
3400 2761 3498 2801 ae—

1902 2832 2308 2896 commodabat,
2341 2849 2503 2903 quam
2538 2835 2652 2889 suis
2685 2834 2858 2905 ipsius
2890 2834 3147 2889 laudibus
3178 2854 3191 2888 :
3222 2836 3499 2906 siquidetr.

1904 2931 2117 2979 tantum
2166 2921 2338 2978 valuit
2397 2927 2727 2992 assentatio,
2789 2933 2850 2980 ut
2900 2925 3063 2980 etiam
3132 2926 3498 2985 Domitianum

1902 3013 2062 3068 laude
2098 3012 2275 3083 aliqua
2299 3015 2605 3085 impertiret
2637 3024 2694 3070 et
2731 3015 3060 3072 celebraret.
3094 3016 3244 3070 illius
3277 3033 3404 3088 ergo
3431 3018 3499 3073 ad

1902 3105 2062 3160 facile
2125 3106 2428 3162 audiendas
2475 3107 2780 3162 calumnias
2843 3110 3160 3179 proirensio,
3227 3108 3496 3165 Joannem

1902 3198 2258 3265 condemnat,
2293 3209 2354 3254 ut
2392 3185 2670 3272 relegetur
2698 3201 2754 3256 in
2795 3200 3050 3255 Patmon.
3098 3200 3189 3255 Sic
3220 3201 3366 3256 enim
3400 3215 3501 3254 no-

1901 3292 2107 3348 minata
2137 3300 2222 3348 est
2252 3294 2452 3360 insula,
2502 3293 2557 3348 in
2597 3311 2762 3369 quam
2814 3295 2920 3359 fuit
2973 3297 3268 3366 relegatus.
3324 3294 3497 3360 Quem

1903 3384 2125 3453 quidem
2172 3384 2229 3445 in
2266 3385 2447 3439 locum
2484 3402 2609 3440 cum
2661 3401 2762 3456 per
2821 3385 3176 3456 ignominiam
3230 3384 3504 3456 relegatus

1904 3456 2108 3531 fuisset
2172 3478 2524 3532 venerandus
2554 3477 2818 3543 Joannes,
2861 3476 3185 3532 Timotheus
3215 3476 3334 3547 ejus
3383 3477 3504 3531 loco

1905 3570 2151 3639 suscepit
2176 3562 2555 3640 episcopatum
2583 3570 2952 3640 Ephesiorum
2988 3589 3002 3626 ;
3033 3586 3348 3640 quanquam
3396 3584 3501 3622 nee

1901 3662 2080 3733 ipsum
2109 3677 2329 3732 quoque
2359 3662 2417 3718 in
2446 3663 2576 3717 sede
2604 3664 2771 3735 longo
2796 3672 3044 3732 tempore
3082 3664 3267 3718 vivere
3295 3661 3498 3732 permi.

1902 3754 1974 3807 sit
2020 3750 2295 3806 inimicus.

1970 3840 2063 3897 IX.
2090 3841 2222 3896 Erat
2249 3841 2394 3897 enim
2417 3842 2636 3913 quidem
2660 3842 2777 3897 dies
2807 3842 2983 3899 festus
3028 3843 3174 3914 apud
3203 3842 3493 3913 Ephesios,

1900 3933 1993 4004 qui
2025 3934 2095 3988 ab
2146 3933 2228 3989 eis
2263 3934 2563 3990 vocabatur
2602 3933 2966 4006 Catagogium
3004 3953 3017 3988 :
3056 3935 3111 3989 in
3142 3950 3208 3990 eo
3263 3949 3393 4006 ergo
3441 3943 3499 3989 et

1901 4027 2087 4082 clavas
2117 4026 2391 4092 tollentes,
2429 4036 2485 4081 et
2522 4026 2813 4082 simulacra
2843 4028 2897 4081 in
2928 4027 3183 4082 manibus
3221 4035 3497 4093 tenentes,

1901 4127 1957 4174 et
1984 4119 2087 4173 sibi
2123 4119 2386 4190 quasdam
2422 4120 2770 4190 imponentes
2804 4136 3092 4190 personas,
3137 4129 3193 4174 et
3220 4120 3497 4192 insignio-

1903 4229 1992 4269 res
2016 4222 2200 4285 partes
2221 4213 2457 4269 civitatis
2485 4213 2835 4284 impudenter
2868 4210 3159 4282 eheuntes,
3185 4223 3243 4269 et
3266 4214 3331 4269 iis
3355 4230 3501 4283 qua:-

1901 4307 2028 4363 dam
2089 4308 2339 4362 carmina
2390 4302 2771 4374 decantantes,
2828 4308 3083 4378 virosque
3133 4317 3189 4362 et
3237 4307 3499 4363 mulieres

197 4394 353 4463 ναιξι
381 4396 696 4467 λῃστρικῶς
741 4397 1011 4464 ἐπιόντες,
1047 4396 1217 4450 πολὺν
1247 4397 1428 4451 αὐτῶν
1474 4398 1796 4468 εἰργάζοντο

1907 4415 2062 4454 more
2116 4388 2435 4470 prmdonum
2483 4400 2827 4462 invadentes,
2880 4414 3133 4471 magnam
3166 4396 3370 4452 caedem
3402 4412 3496 4451 eo-

202 4488 391 4558 φόνον,
424 4488 600 4562 ταύτῃ
633 4489 726 4542 τὸν
753 4491 951 4543 οἰκεῖον
978 4491 1273 4561 ἡγούμενοι
1299 4490 1527 4561 δαίμονα
1555 4495 1722 4565 τιμᾷν
1743 4495 1794 4546 οί

200 4582 605 4645 κατάπτυστοι,
663 4580 749 4634 ἵνα
803 4581 1100 4650 φαίνωνται
1163 4582 1445 4647 τοιούτους
1508 4583 1793 4657 ἄνθρωποι

195 4671 506 4743 τιμῶντες,
561 4665 635 4726 ὧν
665 4674 698 4743 ἡ
733 4673 967 4744 μεγίστη
1030 4676 1299 4744 θεραπεία
1350 4676 1459 4729 τῶν
1506 4678 1794 4748 τιμώντων

192 4761 229 4814 ὁ
259 4760 519 4825 θάνατος.
539 4760 802 4833 Τιμόθεος
831 4764 1013 4817 τοίνυν
1042 4765 1068 4816 ό
1092 4764 1235 4830 θεῖος
1281 4766 1472 4830 δεινῶς
1498 4767 1592 4821 ἐπὶ
1622 4770 1796 4838 τούτῳ

207 4853 427 4919 ἀλύων,
458 4853 553 4907 καὶ
578 4853 740 4927 ζήλου
796 4859 930 4928 πυρὶ
947 4857 1015 4910 τὰ
1044 4858 1327 4931 σπλάγχνα
1362 4861 1673 4932 καιόμενος,
1704 4865 1800 4917 καὶ

202 4944 376 4999 τοῦτο
402 4945 496 5015 μὲν
519 4948 855 5018 συμϐουλαῖς
880 4950 1141 5015 πολλάκις
1167 4955 1260 5006 καί
1281 4953 1611 5024 ὑποθήκαις,
1639 4957 1800 5011 τοῦτο

202 5036 264 5089 δὲ
304 5039 660 5107 παραινέσεσι
680 5042 775 5094 καὶ
801 5039 1178 5108 διδασκαλίαις
1194 5047 1569 5116 χρησάμενος,
1594 5048 1687 5101 καὶ
1720 5049 1796 5119 μὴ

202 5128 396 5179 πεῖσαι
448 5127 697 5198 δυνηθεὶς
761 5132 963 5196 αὐτοὺς
1022 5128 1362 5205 ἀποσχέσθαι
1391 5138 1492 5209 τῆς
1537 5140 1796 5212 τοιαύτης

206 5217 432 5289 paying,
478 5224 765 5291 πρόσεισιν
801 5225 986 5288 αὐτοῖς
1023 5227 1117 5280 ἐπὶ
1165 5229 1341 5300 μέσης
1394 5231 1639 5300 ἀμφόδου
1668 5233 1796 5303 ἄρτι

273 5407 321 5438 ¹⁶
358 5406 522 5463 Joan.
559 5425 674 5476 xvi,
717 5408 805 5464 55.

271 5612 351 5681 (Ι)
383 5613 504 5667 Non
548 5611 822 5681 successit
870 5612 1065 5668 Joanni
1110 5615 1435 5670 Timotheus
1467 5634 1481 5669 :
1514 5615 1603 5670 hic
1638 5615 1787 5670 enim

187 5680 299 5756 fuit
340 5686 554 5756 primus
612 5680 975 5756 Ephesiorum
1035 5687 1342 5756 episcopus,
1386 5685 1481 5741 sed
1543 5687 1789 5756 qnandiu

191 5754 386 5811 aderat
429 5754 704 5817 Joannes,
739 5755 1035 5824 _apostolus
1070 5754 1280 5814 Christi
1329 5768 1385 5813 et
1432 5754 1790 5830 evangelista,

1903 4510 2027 4549 runt
2067 4494 2339 4551 faciebant
2367 4515 2380 4550 :
2417 4510 2481 4550 ea
2512 4495 2722 4549 ratione
2750 4503 3006 4564 putantes
3038 4490 3386 4558 exsecrandi,
3435 4504 3497 4545 se

1906 4603 2067 4641 suum
2098 4587 2372 4642 honorare
2419 4587 2749 4647 daemonem,
2786 4595 2847 4639 ut
2881 4600 2977 4639 eos
3023 4584 3343 4639 viderentur
3393 4581 3496 4636 ho-

1906 4680 2083 4734 mines
2115 4680 2409 4744 honorare,
2457 4695 2691 4749 quorum
2734 4678 3004 4732 maximus
3027 4677 3207 4731 cultus
3235 4685 3319 4730 est
3350 4690 3498 4730 mors

1906 4786 2100 4826 eorum
2130 4772 2224 4842 qui
2252 4773 2546 4827 honorant.
2585 4773 2808 4827 Divinus
2860 4786 2990 4843 ergo
3036 4769 3357 4824 Timotheus
3393 4769 3499 4824 hoc

1909 4878 2053 4936 aegre
2080 4865 2285 4930 ferens,
2312 4872 2366 4921 et
2389 4865 2515 4937 igne
2545 4865 2647 4919 zeli
2678 4864 2984 4920 visceribus
3020 4861 3410 4930 inﬂammatus,
3442 4871 3503 4929 et.

1905 4958 2106 5029 partim
2138 4958 2361 5030 quidem
2411 4959 2658 5014 consiliis
2712 4972 2845 5012 usus
2895 4965 2950 5012 et
3002 4956 3495 5019 admonitionibus,

1904 5067 2030 5105 cum
2067 5050 2296 5106 minime
2316 5051 2587 5122 potuisset
2615 5049 2697 5105 eis
2731 5051 3085 5121 persuadere,
3120 5059 3182 5106 ut
3209 5067 3238 5106 a
3266 5051 3361 5107 tali
3394 5052 3489 5119 deo

1904 5144 2167 5199 si51erent
2197 5143 2432 5210 insania,
2462 5143 2677 5199 accedit
2711 5145 2778 5199 ad
2815 5158 2910 5200 eos
2936 5144 2992 5200 in
3020 5143 3198 5200 media
3230 5144 3497 5215 compita,

1903 5256 2029 5296 cum
2055 5241 2166 5311 jam
2203 5240 2402 5295 festum
2431 5248 2709 5313 ageretur,
2737 5257 2932 5299 rursus
2958 5241 3283 5311 admonens,
3315 5241 3499 5297 increu-

1904 5612 1973 5698 is,
2013 5614 2278 5698 l_?cet.non_
2312 5620 2405 5676 uni
2436 5621 2551 5678 sedi
2588 5624 2869 5695 astrictus,
2894 5631 3152 5698 primaria
3187 5637 3367 5688 tamen
3400 5647 3500 5691 va-

1900 5683 2046 5743 lebat
2071 5692 2418 5748 auctOi-itatc.
