4116 6418
627 291 734 360 771

1843 285 2127 367 MENSIS
2165 284 2625 349 IANUARIUS.

3787 288 3896 354 772

634 418 794 476 pans,
826 400 1049 465 docens,
1091 396 1221 470 quid
1251 411 1361 452 non
1394 394 1601 453 faciens
1629 410 1698 452 ex
1741 395 1808 452 iis
1837 411 1960 467 quae
1985 404 2207 468 possent

2311 394 2412 465 τῆς
2449 395 2646 467 ἑορτῆς
2692 394 2994 468 ἀγομένης,
3016 394 3350 469 παρακαλῶν
3390 393 3569 465 αὖθις,
3598 394 3895 468 ἐπιτιμῶν,

627 496 911 552 dimovere
944 489 1224 545 hominem
1249 505 1282 544 a
1310 488 1404 545 tali
1435 489 1667 544 insania.

694 671 765 728 Χ.
798 671 879 726 11ιί
927 676 1110 724 autem
1147 667 1270 737 ejus
1310 665 1525 722 dicendi
1565 667 1873 723 libertatem
1916 682 2058 738 aegre
2113 664 2206 722 fe--

622 772 831 824 remes,
865 770 1209 829 quaecunque
1260 754 1538 810 habebam
1582 755 1638 808 in
1670 754 1944 814 manibus,
2002 752 2070 808 iis
2112 757 2207 806 ad-

621 867 819 910 versus
852 866 978 906 eum
1004 849 1087 905 usi
1118 858 1268 914 sunt,
1309 863 1435 904 eum
1463 847 1724 902 ferientes
1772 856 1828 902 et
1876 862 1973 917 per
2004 855 2204 900 terram

621 948 904 1001 trahentes
926 960 1049 999 cum
1072 958 1236 1014 quam
1265 928 1501 1019 maxima
1529 940 1638 995 dici
1672 947 1852 1010 potest
1882 938 2205 994 crudelitate

622 1047 682 1094 et
703 1037 1129 1101 inhumanitate,
1163 1043 1220 1089 et
1255 1033 1474 1088 tandem
1532 1031 1687 1087 humi
1736 1032 2033 1101 iacentem,
2079 1044 2201 1084 cum

620 1129 801 1183 omnis
834 1127 1011 1182 virtus
1040 1125 1223 1180 vitalis
1246 1133 1303 1179 et
1327 1109 1579 1193 operatio
1611 1137 1737 1178 eum
1759 1121 2042 1186 deficeret,
2073 1119 2203 1190 qui-

620 1218 746 1275 dam
812 1216 1112 1274 Christiani
1163 1230 1288 1271 eum
1334 1215 1613 1279 tollentes,
1665 1228 1858 1284 parum
1913 1212 2094 1267 adhuc
2146 1220 2204 1267 et

618 1322 761 1378 aegre
783 1305 1103 1377 spirantem,
1133 1312 1188 1357 et
1210 1303 1323 1373 jam
1350 1302 1511 1356 morti
1540 1300 1800 1365 iii-inum,
1836 1300 1976 1354 ultra
2009 1298 2202 1355 civita-

620 1388 689 1454 tis
713 1408 928 1469 portum
960 1397 1376 1466 deposuerunt:
1410 1392 1501 1449 ubi
1551 1407 1676 1447 cum
1709 1393 1820 1446 Deo
1850 1390 2203 1446 commenda-

618 1499 737 1545 tum
792 1488 1079 1544 emisisset
1140 1487 1436 1557 Spiritum,
1501 1498 1702 1553 corpus
1761 1497 1951 1539 rursus
2005 1480 2093 1552 pie
2145 1490 2202 1537 et

616 1592 808 1642 sancte
836 1585 894 1639 in
920 1580 1156 1665 quodam
1185 1580 1308 1635 loco
1336 1578 1603 1646 condunt,
1630 1575 1724 1647 qui
1752 1574 1897 1647 apud
1921 1590 2015 1631 eos
2039 1574 2196 1646 I’ion,

617 1677 674 1736 id
707 1687 815 1743 est,
846 1676 1087 1750 pinguis,
1119 1672 1342 1730 dicitur.

2308 487 2600 550 διδάσκων,
2658 486 2713 539 τί
2753 486 2829 558 μὴ
2881 488 3053 542 ποιῶν
3111 488 3222 542 τῶν
3271 488 3578 561 ἀποστῆσαι
3635 491 3896 561 τοιαύτης

2306 576 2499 639 ἀνοίας
2528 575 2816 649 ἄνθρωπον
2847 578 3190 649 δυναμένων.

2382 666 2440 723 I’.
2474 670 2537 722 Ol
2569 669 2627 723 δὲ
2658 669 2871 740 βαρέως
2911 672 3232 740 ἐνεγκόντες
3264 670 3366 741 τὴν
3409 671 3747 745 παρρησίαν,
3771 674 3904 727 κατ’

2309 758 2474 813 αὐτοῦ
2506 763 2671 814 πᾶσιν
2696 755 2777 825 οἷς
2804 763 2862 814 ὲν
2899 763 3088 833 χερσὶν
3116 758 3262 837 εἶχον
3293 763 3609 834 ἐκέχρηντο,
3639 764 3896 830 παίοντες

2309 852 2472 906 αὐτὸν
2502 853 2598 906 καὶ
2644 854 2786 908 κατὰ
2822 853 2927 923 γῆς
2973 853 3223 916 ἕλκοντες
3288 853 3409 925 μεθ’
3459 857 3593 926 ὅσης
3621 856 3688 910 ἂν
3713 858 3892 921 είποις

2274 932 2291 948 ⁸
2311 941 2413 1011 τῆς
2436 941 2720 1013 ὠμότητος
2756 946 2850 997 καὶ
2883 944 2984 1013 τῆς
3018 944 3454 1016 μισανθρωπίας,
3485 947 3580 1001 καὶ
3609 947 3766 1011 τέλος
3796 948 3893 1000 ἐπὶ

2315 1032 2419 1099 γῆς
2453 1031 2726 1100 κείμενον,
2782 1033 2878 1085 καὶ
2916 1035 3098 1104 πάσης
3136 1033 3300 1087 αὐτὸν
3340 1032 3625 1104 δυνάμεως
3651 1034 3894 1106 ζωτικῆς

2306 1124 2401 1174 καὶ
2433 1123 2713 1192 ἐνεργείας
2743 1123 3122 1195 ἐπιλιπούσης,
3162 1125 3479 1196 Χριστιανοί
3521 1142 3668 1191 τινες
3698 1129 3900 1198 ἀφελό-

2307 1229 2458 1282 μενοι
2498 1213 2680 1282 ὀλίγον
2731 1215 2812 1268 ἔτι
2867 1217 2963 1271 καὶ
3011 1216 3261 1287 ἁδρανῶς
3323 1216 3418 1270 καὶ
3472 1217 3637 1272 αὑτοῦ
3660 1217 3899 1275 θανάτου

2306 1305 2638 1376 παραψαῦον
2697 1307 3021 1373 ὲκπνέοντα,
3042 1310 3220 1379 πέραν
3238 1307 3332 1362 τοῦ
3362 1312 3463 1381 τῆς
3494 1310 3704 1376 πόλεως
3734 1312 3901 1379 λιμέο

2308 1413 2398 1460 νος
2438 1396 2778 1451 κατέθεσανο
2830 1399 2968 1453 ὅπου
2995 1399 3115 1470 Θεῷ
3141 1402 3202 1454 τὸ
3247 1401 3466 1473 πνεῦμα
3509 1404 3903 1476 παραθεμένου

2311 1488 2374 1541 τδ
2391 1482 2562 1559 ’σῶμα
2581 1488 2744 1543 πάλιν
2774 1489 3016 1554 εὐλαϐῶς
3030 1492 3129 1545 καὶ
3150 1491 3313 1557 ὁσίως
3345 1493 3425 1555 εἷς
3439 1510 3563 1549 τινα
3589 1495 3908 1567 κρύπτουσι

2298 1580 2488 1649 τόπον,
2524 1582 2692 1636 Πίονα
2730 1582 2862 1655 παρ’
2907 1582 3181 1652 Ἐφεσίοις
3208 1585 3574 1657 καλούμενον.

2074 1807 2302 1868 CAPUT
2342 1811 2430 1869 Ill.

1684 1990 1689 1998 ,
1736 1930 1799 1989 S.
1835 1913 2099 1991 Timothei
2150 1909 2498 2011 reliquiarum
2552 1938 2866 1995 translatio.

703 2053 800 2111 XI.
833 2051 1025 2123 Longo
1056 2056 1238 2106 autem
1268 2056 1512 2119 tempore
1552 2056 1764 2120 postea,
1797 2049 2101 2108 Constantii
2157 2052 2207 2108 in

2390 2054 2492 2111 IA'.
2538 2058 2733 2129 Χρόνῳ
2791 2059 2976 2128 μέντοι
3009 2060 3189 2136 πολλῷ
3226 2061 3455 2135 ὕστερον
3502 2061 3707 2134 ἔρωτες
3734 2028 3909 2121 ’θεῖοι

616 2160 746 2203 eum
792 2158 1029 2207 amores,
1076 2140 1170 2211 qui
1244 2140 1388 2195 filius
1440 2140 1543 2197 fuit
1594 2139 1938 2196 Constantini
2003 2141 2203 2215 Magni,

619 2234 866 2306 inquam,
901 2232 1051 2287 illius
1078 2242 1134 2287 et
1171 2229 1333 2292 primi
1361 2230 1711 2301 imperatoris
1738 2229 2201 2299 Christianorum,

619 2329 768 2382 illinc
801 2332 1091 2396 exportant
1112 2322 1391 2394 reliquias,
1413 2322 1668 2379 desiderii
1697 2322 2022 2379 administro
2046 2333 2205 2380 utens

620 2429 705 2475 tes
734 2419 1021 2474 Artemii):
1054 2418 1141 2473 cui
1171 2402 1308 2471 cum
1355 2415 1587 2486 egregiae
1640 2414 1783 2470 illius
1822 2414 2095 2473 Timothei
2149 2416 2203 2472 in

619 2513 856 2568 dicendo
884 2510 1152 2566 libertatis
1182 2509 1378 2564 fuisset
1410 2509 1669 2574 imitator,
1702 2506 1753 2562 ei
1775 2523 1993 2578 quoque
2013 2516 2205 2578 postea

620 2605 727 2660 fuit
754 2602 1054 2659 conformis
1084 2598 1277 2657 mortis
1300 2600 1678 2665 similitudine,
1710 2606 1766 2654 et
1796 2599 1900 2653 fuit
1960 2599 2204 2670 martyrii

621 2704 948 2752 ornamento
974 2701 1197 2764 propter
1221 2689 1500 2747 Christum
1531 2688 1841 2745 decoratus.
1900 2686 2206 2759 Reponitur

621 2795 806 2843 autem
848 2787 905 2842 in
942 2799 1095 2841 sacra
1134 2798 1227 2838 ara
1265 2784 1406 2854 ejus,
1436 2766 1583 2852 quod
1611 2780 2028 2853 cognominatur
2068 2789 2206 2836 tem-

619 2880 770 2954 plum
821 2877 1202 2949 Apostolorum
1235 2874 1360 2944 (fuit
1385 2888 1516 2929 vero
1556 2872 1613 2929 id
1666 2871 1973 2929 Constantii
2008 2886 2205 2926 manus
2270 2898 2276 2904 -

619 2987 759 3042 opus
781 2980 838 3027 et
869 2970 1038 3042 fidei),
1066 2970 1169 3024 sub
1190 2969 1306 3040 ipsa
1337 2981 1525 3022 mensa
1552 2966 1800 3037 mystica,
1828 2964 2207 3037 suppeditator

620 3065 1030 3127 miraculorum,
1059 3061 1401 3131 dispensator
1430 3058 1754 3130 gratiarum,
1788 3056 2080 3119 thesaurus
2110 3055 2205 3126 qui

620 3174 731 3214 non
772 3165 952 3225 potest
971 3153 1263 3219 exinaniri,
1283 3152 1483 3208 divitiae
1504 3166 1626 3222 qua:
1650 3144 1759 3205 non
1778 3157 2200 3214 consumuntur,

621 3259 678 3305 ct
713 3265 836 3304 cum
866 3247 1011 3302 Luca
1055 3255 1112 3302 et
1156 3246 1372 3300 Andrea
1424 3251 1850 3299 connumeratur
1881 3260 1896 3297 :
1931 3241 2043 3297 Deo
2096 3239 2207 3296 for-

580 3340 585 3346 ’
626 3347 769 3394 tasse
804 3338 909 3392 hoc
950 3334 1187 3408 benigne
1212 3334 1553 3406 providente,
1607 3339 1668 3386 ut
1711 3332 1854 3387 sicut
1899 3331 1979 3387 eis
2021 3331 2206 3386 omnia

2311 2147 2404 2202 τοῦ
2454 2149 2857 2215 Κωνσταντίου,
2911 2151 2971 2216 ὃς
3000 2152 3113 2215 υίὸς
3147 2149 3218 2226 ἦν
3263 2156 3701 2223 Κωνσταντίνου,
3727 2160 3901 2229 φημὶ,

2310 2239 2405 2294 τοῦ
2440 2241 2714 2309 Μεγάλου,
2744 2244 2840 2296 καὶ
2884 2244 3101 2315 πρώτου
3141 2246 3487 2316 Χριστιανῶν
3522 2247 3810 2318 βασιλέως,
3836 2250 3904 2303 τὸ

2309 2332 2563 2403 λείψανον
2596 2334 2805 2408 ἐκεῖθεν
2829 2336 3256 2407 άνακομίζουσιν
3295 2340 3559 2412 ὑπουργῷ
3586 2340 3681 2396 τοῦ
3724 2341 3898 2397 πόθου

2325 2426 2597 2499 Ἀρτεμίῳ
2627 2428 3005 2500 χρησάμενοι·
3025 2431 3085 2495 ὃς
3116 2433 3211 2486 καὶ
3235 2432 3484 2505 ζηλωτὴς
3518 2435 3771 2506 Τιμοθέῳ
3791 2437 3901 2506 τῆς

2311 2521 2483 2589 καλῆς
2544 2521 2762 2593 ἐκείνης
2807 2523 3123 2595 παρρησίας
3177 2524 3509 2595 γενόμενος,
3562 2525 3897 2598 σύμμορφος

2312 2610 2463 2682 αὐτῷ
2523 2610 2659 2682 μετὰ
2714 2612 2888 2666 ταῦτα
2943 2614 3182 2684 κατέστη
3243 2614 3473 2668 καὶτοῦ
3541 2613 3773 2668 θανάτου
3803 2614 3891 2686 τῷ

2309 2702 2636 2774 ὁμοιώματι,
2708 2705 2802 2757 καὶ
2828 2703 2907 2775 τῷ
2926 2704 3015 2758 διὰ
3063 2705 3300 2776 Χριστὸν
3347 2706 3635 2778 μαρτυρίῳ
3659 2723 3896 2761 κατεκο-

2312 2794 2518 2865 σμήθη.
2562 2795 3049 2851 Ἑναποτίθεταιδὲ
3089 2796 3167 2867 τῷ
3201 2797 3333 2868 ἱερῷ
3374 2797 3748 2869 θυσιαστηρίῳ
3792 2796 3893 2851 τοῦ

2313 2885 2665 2957 περιωνύμου
2714 2888 2822 2942 τῶν
2866 2888 3209 2945 Ἀποστόλων
3243 2887 3373 2943 ναοῦ
3399 2888 3601 2961 (χειρὸς
3637 2884 3705 2958 ἦν
3734 2881 3896 2951 οὗτος

2310 2979 2408 3049 τῆς
2462 2981 2842 3036 Κωνσταντίου
2873 2984 2968 3035 καὶ
3013 2980 3250 3043 πίστεως
3277 2974 3489 3051 ἔργον),
3530 2978 3621 3034 ὑπ’
3649 2980 3788 3051 αὐτῇ
3819 2982 3896 3050 τῇ

2315 3075 2552 3143 μυστικῇ
2597 3074 2869 3146 τραπέζῃ,
2924 3072 3160 3145 χορηγὸς
3190 3071 3506 3142 θαυμάτων,
3540 3070 3781 3142 χαρίτων
3796 3068 3898 3122 τα-

2315 3165 2465 3236 μίας,
2495 3165 2769 3235 θησαυρὸς
2797 3165 3093 3231 άκένωτος,
3128 3163 3359 3227 πλοῦτος
3385 3162 3462 3234 μὴ
3477 3162 3896 3233 δαπανώμενος,

2312 3257 2409 3309 καὶ
2473 3256 2659 3327 Λουκᾷ
2700 3254 2803 3308 καὶ
2836 3254 3062 3326 Ἀνδρέα
3093 3253 3549 3326 συναριθμεῖται·
3579 3253 3716 3308 Θεοῦ
3750 3253 3899 3324 τάχα

2313 3345 2712 3417 φιλανθρώπως
2764 3346 3220 3415 οίκονομήσαντος
3249 3386 3265 3411 ,
3329 3344 3395 3400 ἵν’
3448 3344 3642 3416 ὥσπερ
3712 3345 3891 3415 αὐτῆς

627 3428 783 3483 fuere
846 3428 1186 3492 communia,
1249 3440 1434 3481 mores
1489 3422 1799 3493 disciplina,
1850 3422 2206 3493 praedicatio;

2312 3441 2468 3495 κοινά
2528 3436 2719 3508 γέγονε
2771 3438 2968 3500 πάντα,
2996 3439 3026 3492 ὁ
3060 3440 3281 3509 τρόπος,
3313 3441 3345 3509 ἡ
3372 3438 3663 3509 μαθητεέα,
3690 3437 3751 3491 τὸ
3789 3442 3898 3507 xi;-

624 3534 918 3577 comniune
965 3532 1185 3588 quoque
1237 3524 1387 3571 esset
1438 3514 1774 3586 sepulcrum,
1813 3511 2071 3583 quoniam
2127 3511 2207 3568 eis

623 3628 840 3684 quoque
869 3621 955 3665 est
985 3611 1096 3665 illic
1123 3610 1279 3679 quies
1313 3607 1642 3663 communis.

698 3700 819 3757 XII.
875 3698 1164 3771 Templum
1220 3707 1403 3754 autem
1463 3695 1830 3764 Justinianus,
1872 3709 1998 3751 cum
2041 3708 2208 3750 manu

624 3806 811 3867 postea
844 3790 1304 3865 magnificentiori
1335 3804 1556 3862 quoque
1583 3796 1702 3844 arte
1728 3787 1996 3852 adhibita,
2017 3785 2204 3857 splen-

624 3888 752 3944 dide
780 3888 1017 3942 aediticat
1049 3892 1106 3940 et
1156 3884 1532 3949 transformat,
1566 3892 1624 3937 et
1652 3881 1703 3936 ei
1737 3880 2207 3952 pulchritudinem

624 3988 682 4036 et
707 3978 1160 4051 magnitudinem,
1188 3990 1309 4046 quae
1330 3990 1478 4030 nunc
1495 3983 1583 4029 est
1601 3981 1658 4029 et
1673 3973 1937 4038 cernitur,
1964 3971 2206 4035 exhibet,

626 4080 993 4141 praeterquam
1032 4067 1318 4138 mysticam
1347 4066 1404 4125 et
1450 4066 1695 4121 divinam
1729 4079 2000 4120 mensam.
2032 4064 2117 4117 Ab
2145 4078 2209 4117 ea

628 4165 776 4217 enim
833 4164 946 4216 sola
992 4160 1283 4226 abstinuit,
1345 4158 1451 4213 hoc
1487 4159 1719 4227 pulchre
1771 4165 1960 4212 sancte
2006 4157 2212 4213 faciens

629 4260 852 4323 promer
873 4250 1273 4321 depositionem
1304 4262 1580 4303 sacrarum
1632 4247 2007 4319 reliquiarum.
2061 4249 2211 4315 Quo-

627 4348 771 4402 circa
803 4348 979 4418 posita
1008 4353 1091 4400 est
1120 4345 1173 4399 in
1206 4343 1386 4398 medio
1428 4340 1637 4419 templo'
1662 4358 1835 4414 usque
1881 4343 1937 4399 in
1988 4344 2208 4399 hodier-

631 4454 764 4494 num
818 4438 987 4506 diem,
1045 4452 1169 4492 cum
1226 4452 1471 4491 mensam
1535 4450 1601 4490 ex
1647 4434 1943 4508 purissimo
1987 4444 2210 4507 argento

628 4532 1053 4595 construxisset,
1122 4534 1349 4583 etcum
1411 4543 1606 4599 magna
1669 4528 1754 4582 sui
1813 4526 1869 4581 in
1934 4526 2211 4583 Christum

2294 3547 2521 3605 ρυγμα,
2558 3529 2734 3593 κοινὸς
2763 3530 2987 3600 γένηται
3012 3531 3105 3584 καὶ
3136 3530 3164 3582 ὁ
3195 3531 3388 3601 τάφος,
3411 3530 3544 3584 ἐπεὶ
3578 3530 3732 3600 κοινὴ
3765 3533 3901 3583 τού-

2307 3639 2422 3686 τοις
2446 3622 2541 3675 καὶ
2563 3624 2595 3693 ἡ
2629 3620 2841 3677 εκεῖθεν
2868 3623 3235 3686 κατάπαυσις.
3338 3668 3341 3671 η

2382 3707 2481 3762 1Β’.
2520 3709 2624 3763 Τὸν
2656 3709 2841 3781 μέντοι
2887 3710 3014 3763 ναὸν
3057 3709 3435 3774 Ἰουστινιανδς
3472 3709 3888 3781 φιλοτιμοτέραν

2312 3800 2454 3871 μετὰ
2491 3802 2586 3872 τῆς
2624 3799 2810 3872 χειρὸς
2880 3799 3109 3873 ὕστερον
3166 3802 3261 3855 καὶ
3297 3803 3511 3873 ,τέχνην
3563 3801 3895 3867 είσενεγκὼν

2310 3893 2657 3963 ἀνοικοδομεῖ
2686 3893 2953 3966 λαμπρῶς
2981 3895 3078 3946 καὶ
3117 3894 3539 3964 μετασκευάζει,
3571 3896 3667 3948 καὶ
3700 3894 3905 3958 κάλλος

2310 3984 2459 4053 αὐτῷ
2501 3982 2601 4038 καὶ
2656 3982 2887 4054 μέγεθος
2941 3983 3003 4036 τό
3048 3999 3112 4052 γε
3143 3983 3331 4053 περιὸν
3352 3984 3449 4039 νῦν
3499 3985 3594 4039 καὶ
3617 3983 3906 4057 ὁρώμενον

2310 4073 2628 4137 ἀποδίδωσι,
2656 4070 2799 4144 πλὴν
2836 4072 2938 4141 τῆς
2974 4073 3246 4142 μυστικῆς
3285 4073 3381 4125 καὶ
3411 4072 3560 4137 θείας
3586 4072 3901 4142 τραπέζης·

2311 4165 2514 4237 ταύτης
2553 4163 2662 4234 γὰρ
2692 4163 2965 4233 ἀπέσχετο
3017 4162 3209 4233 μόνης,
3243 4162 3428 4228 καλῶς
3461 4165 3579 4219 ἐκεῖ
3603 4162 3905 4226 καὶόσίως

2314 4256 2484 4310 ποιῶν
2522 4255 2612 4310 διὰ
2662 4254 2762 4328 τὴν
2805 4255 2913 4307 τῶν
2948 4254 3110 4325 ἱερῶν
3148 4243 3420 4325 λειψάνων
3463 4255 3783 4309 κατάθεσιν.
3806 4255 3910 4308 Διὸ

2313 4347 2406 4399 καὶ
2430 4345 2570 4399 κατά
2600 4345 2765 4415 μέσον
2792 4345 2872 4409 είς
2898 4343 3059 4415 δεῦρο
3076 4345 3168 4398 τὸν
3195 4346 3320 4401 ναὸν
3347 4343 3908 4416 ὣρυταιέξάργύρου

2310 4437 2410 4506 τὴν
2465 4436 2747 4505 τράπεζαν
2777 4435 2873 4489 τοῦ
2926 4435 3318 4507 καθαρωτάτου
3349 4438 3793 4501 κατασκευάσας,
3835 4440 3905 4491 ὲν

2313 4528 2452 4599 αὐτῇ
2482 4544 2542 4582 τε
2590 4527 2956 4599 φιλοχρίστως
3013 4527 3084 4582 τὰ
3132 4528 3240 4583 τῶν
3292 4528 3611 4585 ἀποστόλων
3657 4527 3914 4601 Χριστοῦ

628 4623 831 4678 amoris
874 4620 1293 4693 significatione,
1340 4618 1542 4674 Christi
1580 4631 1892 4675 sanctorum
1942 4619 2207 4689 apostolo-

2316 4621 2831 4694 ὲναποθησαυρίσας
2864 4623 2995 4692 διγια
3026 4621 3277 4693 σώματα.

628 4731 749 4769 rum
774 4724 961 4769 sancta
992 4728 1224 4783 corpora
1252 4710 1669 4768 recondidisset.

695 4786 840 4860 XIII.
859 4806 996 4860 Cum
1015 4816 1196 4859 autem
1213 4802 1412 4873 impius
1436 4802 1773 4858 Domitianus
1790 4801 2205 4859 sceleratissime

628 4893 848 4963 quidem
867 4893 1207 4963 imperasset,
1238 4891 1544 4948 miserrime
1559 4901 1741 4947 autem
1763 4894 1928 4948 vitam
1954 4892 2205 4959 finiisset,

631 4985 807 5041 Nerva
837 4987 1145 5058 suscipiens
1186 4985 1498 5057 imperium,
1546 4994 1602 5039 et
1628 4984 1810 5039 statim
1859 4994 1985 5057 post
2028 4984 2206 5057 ipsum

630 5076 901 5148 Trajanus
936 5093 1176 5147 quoque,
1219 5092 1342 5130 cum
1372 5090 1433 5131 se
1464 5075 1521 5130 et
1546 5091 1709 5145 quam
1738 5075 1853 5129 fieri
1885 5082 2070 5145 posset
2098 5074 2207 5129 cle-

630 5170 1002 5226 mentissimos
1038 5175 1094 5223 et
1123 5167 1465 5238 acquissimos
1492 5168 1696 5223 vellent
1724 5167 2039 5231 ostendere,
2083 5181 2208 5221 cum

630 5263 818 5318 multis
851 5261 974 5317 aliis
1005 5261 1355 5332 evangelista
1395 5274 1615 5331 quoque
1659 5271 1715 5315 et
1755 5254 2038 5325 Theologo
2089 5258 2209 5313 dis-

631 5354 852 5411 solvunt
879 5353 1154 5409 exsilium.
1188 5352 1283 5407 Ille
1314 5361 1495 5407 autem
1537 5366 1662 5405 cum
1694 5349 1972 5420 Ephesum
1997 5352 2207 5431 (ocum

629 5444 838 5516 quanto
857 5445 1056 5502 dixerit
1088 5444 1211 5516 quis
1236 5445 1436 5516 gaudio
1468 5456 1526 5499 ct
1546 5444 1754 5499 honore
1777 5444 1818 5513 l)
1850 5442 2122 5507 rediisset,
2155 5451 2211 5498 et

631 5537 875 5605 divinum
896 5538 1010 5608 jam
1040 5537 1393 5593 Timotheum
1441 5535 1511 5591 ad
1553 5535 1773 5600 Jesum,‘
1804 5549 1969 5605 quem
2001 5533 2212 5590 deside-

630 5627 809 5693 rabat,
846 5631 1148 5685 excessisse
1194 5628 1502 5693 didicisset,
1550 5635 1609 5682 et
1642 5625 1752 5681 fine
1787 5625 2033 5698 martyrii
2082 5641 2213 5681 cur-

630 5732 753 5775 sum
779 5722 1055 5795 Evangelii
1074 5724 1412 5797 obsignasse,
1435 5729 1491 5779 et
1507 5735 1628 5778 esse
1655 5718 1955 5776 Ecclesiam
1984 5719 2215 5792 praesule

2236 4758 2291 4823 D

2388 4802 2488 4858 tl".
2519 4798 2850 4871 Δομετιανοῦ
2876 4799 2932 4853 δὲ
2960 4797 3056 4852 τοῦ
3110 4797 3405 4863 δυσσεϐοῦς
3431 4797 3769 4869 ἀνομώτατα
3799 4797 3921 4869 μὲν

2316 4892 2763 4964 βασιλεύσαντος,
2800 4890 3142 4943 ἐλεεινότατα
3172 4889 3347 4959 δὲτὴν
3372 4889 3518 4962 ζωὴν
3551 4889 3920 4945 καταλύσαν-

2313 5001 2427 5049 τος,
2492 4982 2779 5053 παρελθὼν
2831 4983 2912 5044 είς
2962 4982 3063 5051 τὴν
3111 4978 3623 5052 ἀρχὴνὸΝερούας,
3651 4981 3810 5043 εὐθὺς
3846 4982 3917 5036 δὲ

2316 5073 2625 5144 μετ’-αὐτὸν
2655 5073 2749 5127 καὶ
2798 5072 3087 5144 Τραϊανὸς,
3116 5077 3209 5125 καὶ
3241 5071 3791 5144 φιλανθρωποτέρους
3813 5074 3913 5138 ὡς

2316 5161 2430 5220 οἷόν
2450 5182 2529 5223 ,τε
2558 5164 2657 5218 καὶ
2711 5163 3123 5235 εύνομωτέρους
3162 5164 3389 5228 ἑαυτοὺς
3420 5165 3685 5235 παρέχειν
3710 5163 3920 5234 βουλό-

2320 5276 2495 5330 μενοι,
2551 5253 2744 5311 λύουσι
2807 5257 2947 5328 μετὰ
2974 5256 3185 5311 πολλῶν
3227 5256 3404 5311 ἄλλων
3428 5257 3508 5329 τῷ
3536 5257 3923 5333 εύαγγελιστῇ

2315 5364 2378 5401 τε
2415 5346 2512 5400 καὶ
2540 5346 2792 5416 Θεολόγῳ
2817 5345 3053 5419 ὲξορίαν.
3103 5345 3160 5400 '0
3194 5346 3255 5401 δὲ
3279 5349 3346 5419 τῇ
3392 5348 3659 5419 Ἐφεσίων
3690 5348 3759 5421 (ὣ
3783 5351 3926 5417 πῶς

2314 5440 2382 5494 ἂν
2399 5441 2573 5503 εἰποις
2603 5439 2774 5512 ἡδέως
2791 5439 2887 5493 καὶ
2917 5438 3057 5509 μετὰ
3083 5439 3249 5510 τιμῆς
3278 5440 3480 5514 ὁπόσης
3502 5442 3553 5515 ι)
3582 5440 3915 5513 ἁποδοθεὶς,

2317 5535 2415 5588 καὶ
2472 5522 2739 5604 Τιμόθεον
2795 5531 2899 5602 ἤδη
2927 5531 3022 5585 τὸν
3072 5531 3215 5588 θεῖον
3261 5535 3397 5607 πρὸς
3439 5534 3530 5589 τὸν
3567 5535 3926 5606 ποθούμενον

2330 5624 2543 5696 Ἰησοῦν
2596 5623 3009 5697 ὶκδεδημηκότα
3044 5626 3252 5698 μαθὼν,
3286 5629 3386 5682 καὶ
3403 5627 3546 5681 τέλει
3598 5627 3929 5701 μαρτυρίου

2323 5718 2419 5774 τοῦ
2448 5719 2788 5790 Εὑαγγελίου
2818 5718 3020 5793 δρόμον
3051 5721 3549 5795 ὲπισφραγίσαντα,
3610 5719 3820 5796 ἔρημόν
3848 5737 3927 5780 τε
