4116 6410
518 305 629 371 775

1764 290 2049 359 MENSIS
2078 297 2538 362 JANUARIUS.

3673 300 3779 364 776

520 432 666 475 unus
696 416 765 479 is,
790 414 882 486 qui
910 412 1069 468 nobis
1103 424 1251 467 nunc
1276 420 1362 465 est
1392 409 1704 482 propositus
1748 409 2095 473 Anastasius,

2214 424 2284 473 τις
2314 412 2372 463 ἐν
2401 412 2577 480 σκότῳ
2609 410 2840 479 φανεῖσα
2866 406 3274 480 μετακαλεῖται.
3304 399 3405 462 Ὧν
3437 402 3518 474 εἷς
3541 403 3610 481 ἦν
3633 415 3724 464 καὶ
3754 416 3781 468 ὁ

521 511 623 567 etsi
653 507 896 562 nondum
954 505 1175 574 quidem
1210 502 1383 565 cultu,
1441 504 1535 556 sed
1584 501 1696 571 jam
1748 499 1994 554 moribus
2046 506 2103 553 et

521 603 771 658 instituto
802 617 816 654 :
851 598 941 668 qui
984 595 1252 665 processit
1302 594 1521 663 quidem
1549 610 1579 648 e
1612 594 1755 655 vico,
1792 594 1884 662 qui
1937 605 2102 645 vnea-

522 695 688 749 batur
722 688 967 743 Rasnuni
995 705 1008 741 :
1041 696 1127 741 est
1149 702 1278 740 vero
1304 685 1544 757 regionis
1581 684 1818 749 llazech,
1849 699 1971 753 quae
1996 683 2100 737 sita

520 792 606 838 est
656 784 711 835 in
751 779 995 849 Perside.
1036 775 1166 829 Erat
1210 784 1393 829 autem
1427 788 1626 828 nomen
1676 774 1797 841 ejus
1858 770 2104 824 moribus

521 874 873 934 conveniens,
916 879 971 924 et
1004 884 1069 923 ex
1103 884 1160 921 re
1192 868 1307 938 ipsa
1349 863 1520 935 magis
1548 865 1845 931 cognitum.
1884 862 1932 915 ls
1957 859 2101 914 enim

521 964 823 1018 vocabatur
852 960 1172 1030 Magundat.
1204 957 1331 1010 Erat
1357 960 1503 1009 enim
1528 955 1673 1008 illius
1696 939 1805 1005 Bau
1827 951 1987 1013 ﬁlius,
2008 948 2101 1019 qui

524 1066 643 1112 erat
666 1058 719 1110 in
758 1072 816 1110 re
839 1056 1049 1124 magica
1079 1049 1569 1122 prazstantissimus
1593 1055 1649 1099 et
1672 1044 2101 1099 eruditissimus.

495 1138 627 1217 ’ριιί
654 1165 777 1205 cum
810 1154 1070 1218 praeesset
1094 1142 1370 1199 communi
1403 1140 1530 1192 ludo
1568 1137 1851 1197 litterario,
1877 1144 1929 1188 et
1961 1134 2101 1187 mul-

527 1251 612 1296 tos
649 1241 875 1293 haberet
898 1236 1274 1290 adolescentes
1293 1230 1361 1283 ad
1391 1245 1516 1282 eum
1538 1230 1890 1289 ventilantes,
1916 1233 2105 1292 captos

527 1347 715 1386 amore
748 1329 1165 1399 praestigaruni,
1196 1332 1251 1377 et
1288 1335 1415 1375 cum
1468 1326 1521 1373 in
1573 1319 1679 1372 hoc
1725 1318 1902 1371 solum
1942 1329 2105 1369 omne

529 1436 687 1476 suum
722 1419 960 1471 studiutn
986 1421 1234 1484 poneret,
1276 1425 1472 1478 nempe
1504 1410 1556 1462 in
1591 1408 1667 1461 rei
1696 1410 1915 1477 magica:
1950 1421 2107 1460 exer-

527 1512 805 1579 citatione,
844 1509 897 1560 in
921 1507 1032 1560 ﬁlio
1067 1504 1298 1557 maxime
1326 1509 1445 1554 arte
1477 1500 1667 1561 utitur,
1694 1506 1750 1552 et
1788 1514 1901 1552 rem
1932 1498 2103 1570 magi-

526 1617 647 1657 cam
702 1615 825 1654 cum
882 1605 991 1651 tam
1029 1596 1319 1666 dil'genter
1363 1594 1561 1656 docet,
1594 1592 1733 1646 utin
1769 1591 1889 1660 ejus
1914 1590 2106 1659 cogni-

527 1694 676 1747 tione
704 1692 842 1763 patri
877 1691 1009 1745 nihil
1049 1698 1197 1744 esset
1258 1686 1527 1757 reliquum
1578 1684 1723 1754 quod
1758 1699 1870 1739 non
1913 1694 2103 1737 notum

526 1799 743 1857 quoque
776 1791 925 1839 esset
953 1782 1085 1837 ﬁlio.

600 1876 667 1931 ll.
705 1875 842 1929 Cum
872 1872 1253 1928 adolescentiae
1294 1881 1475 1928 autem
1508 1880 1725 1926 aetatem
1772 1870 1885 1941 jam
1937 1869 2105 1924 attin-

529 1978 703 2041 geret,
731 1978 787 2022 et
814 1982 907 2021 rex
938 1967 1189 2022 Chiisroe
1224 1966 1298 2036 (2)
1323 1980 1523 2019 novum
1546 1965 1847 2019 exercitum
1876 1964 1932 2017 in
1973 1961 2106 2018 Per-

529 2060 646 2115 side
675 2058 1127 2130 colligeret.'lpse
1160 2073 1378 2128 quoque
1418 2072 1541 2111 cum
1595 2056 1716 2110 aliis
1768 2056 2005 2110 rel'ertur
2051 2054 2106 2109 in

529 2171 821 2209 numerum
862 2157 1125 2209 tironum.
1163 2152 1432 2217 Quoniam
1466 2165 1595 2203 vero
1624 2150 1931 2203 veneranda
1973 2163 2108 2202 crux

529 2247 743 2303 Domini
775 2258 947 2301 totum
974 2246 1211 2316 agitabat
1239 2254 1292 2298 et
1316 2243 1677 2313 perturbabat
1697 2241 1998 2307 Persidem,
2026 2240 2111 2293 in-

446 2348 447 2351 “
531 2339 783 2394 ﬁdelibus
819 2339 1038 2408 quidem
1075 2338 1359 2390 horrorem
1409 2344 1466 2390 et
1504 2344 1766 2389 terrorem
1808 2334 2106 2401 incutiens,

530 2428 784 2484 ﬁdelibus
824 2439 1003 2481 autem
1030 2428 1271 2481 suaviter
1312 2427 1605 2479 admodum
1643 2435 1698 2479 et
1752 2424 1960 2494 placide
1988 2424 2111 2479 illu-

531 2535 789 2574 cescmis:
835 2522 901 2573 de
929 2534 991 2573 ea
1030 2519 1248 2588 quidem
1285 2518 1427 2571 fama
1470 2516 1715 2586 qua-dam
1774 2532 1872 2586 per
1919 2529 2111 2569 omnes

531 2612 910 2681 persuadebat,
954 2611 1118 2675 fama,
1153 2610 1395 2679 inquam,
1428 2623 1550 2677 quae
1593 2608 1753 2677 paulo
1778 2610 2018 2661 crassius
2055 2612 2112 2659 et

531 2704 807 2760 indoctius
837 2706 1185 2774 priedicatiat,
1241 2703 1675 2758 Christianorum
1718 2700 1885 2755 Deum
1918 2700 2110 2754 adesse

533 2797 737 2852 Persis.
758 2798 838 2851 Ad
872 2814 1032 2866 quain
1060 2796 1149 2849 hic
1178 2796 1498 2849 adolescens
1526 2804 1752 2863 repente
1775 2792 1880 2847 fuit
1908 2809 2109 2849 accen-

530 2906 625 2946 sus
645 2891 847 2945 animo.
876 2889 993 2945 Jam
1025 2889 1172 2945 enim
1189 2888 1404 2943 occulte
1427 2903 1551 2941 eum
1571 2887 1825 2958 tangebat
1852 2886 1943 2940 ille
1967 2886 2109 2955 ignis

531 3000 695 3056 quem
758 2984 1011 3040 Christus
1067 2983 1219 3037 venit
1260 2983 1444 3052 jacere
1471 2996 1638 3051 super
1693 2979 1939 3036 terram'
1967 2996 1982 3035 :
2015 2980 2109 3048 qui

2204 503 2297 555 νῦν
2322 504 2455 573 ἡμῖν
2477 498 2761 573 προτεθεὶς
2794 500 3148 564 Ἀναστάσιος
3169 516 3184 531 ·
3212 500 3260 553 εἰ
3284 502 3378 556 καὶ
3406 501 3480 571 μὴ
3510 500 3570 554 τὸ
3595 503 3780 570 σέϐας,

2203 594 2251 648 ἀ’
2272 596 2338 648 λὰ
2363 594 2454 647 τὸν
2482 596 2682 666 τρόπον
2708 595 2809 665 ἤδη
2840 596 2933 647 καὶ
2955 596 3054 666 τὴν
3088 595 3431 665 προαίρεσιν.
3470 596 3562 657 ’⁵ος
3588 594 3782 666 κώμης
3826 588 3832 592 ’

2208 688 2306 757 μὲν
2365 689 2624 760 προῆλθε,
2697 690 2990 763 Ῥασνοουνὴ
3044 688 3424 758 καλουμένηςο
3468 687 3652 759 χώρας
3706 689 3783 753 δὲ,

2218 777 2421 851 Ῥαζὴχ
2465 780 2569 832 ὑπὸ
2621 782 2688 850 τῇ
2730 780 2952 850 Περσίδι
2996 780 3295 849 κειμένης·
3330 778 3504 847 ὄνομα
3545 779 3786 848 δὲιαὺτῷ

2204 872 2316 933 τοῖς
2340 871 2563 941 τρόποις
2584 870 2905 939 συμϐαῖνον,
2937 871 3033 924 καὶ
3070 870 3270 941 μᾶλλον
3299 871 3363 923 ὲκ
3392 868 3485 923 τοῦ
3519 871 3709 940 πρᾶγμ
3722 887 3786 924 α-

2204 979 2294 1027 τος
2327 962 2447 1034 ἔχον
2464 963 2522 1016 τὸ
2547 962 2843 1034 γνώριμον.
2873 964 2981 1017 Καὶ
3008 963 3282 1033 γὰρὀὖτω
3303 964 3622 1030 Μανγουδὰτ
3656 965 3787 1014 ἑκα-

2204 1056 2365 1109 λεῖτο.
2408 1056 2514 1109 Βαῦ
2550 1058 2659 1125 γάρ
2689 1056 2857 1119 τινος¹
2886 1052 2953 1127 ἦν
2988 1056 3199 1109 ἐκείνου
3250 1055 3361 1118 υίὸς
3393 1053 3557 1124 σοφοῦ
3588 1056 3786 1126 κομιδῇ

2206 1149 2301 1200 καὶ
2335 1148 2554 1218 ἀρίστου
2586 1147 2651 1200 τὰ
2684 1146 2894 1214 μαγικά
2918 1163 2929 1175 ·
2955 1145 3012 1208 ὃς
3042 1145 3417 1199 διδασκαλείου
3438 1143 3619 1196 κοινοῦ
3655 1160 3792 1212 προσ

2208 1236 2537 1305 καθήμενος,
2588 1237 2680 1291 καὶ
2713 1237 2941 1300 πολλοὺς
2992 1236 3130 1305 ἔχων
3160 1235 3267 1286 τῶν
3298 1236 3434 1288 νέων
3460 1236 3579 1287 κατ’
3612 1235 3794 1305 ἔρωτα

2206 1330 2461 1399 γοητείας
2489 1328 2807 1398 φοιτῶντας·
2829 1330 2924 1382 καὶ
2949 1326 3129 1393 τοῦτο,
3156 1326 3288 1395 ipsi}!
3321 1326 3658 1397 ἐπιτήδευμα
3691 1327 3790 1395 μό-

2208 1438 2298 1476 νον
2324 1424 2423 1490 τὴν
2464 1422 2572 1472 τῶν
2625 1421 2873 1491 μαγικῶν
2924 1419 3245 1489 ποιούμενος
3272 1419 3528 1490 ἄσκησιν,
3586 1419 3678 1470 ἐπὶ
3712 1417 3792 1488 τῷ

2211 1512 2311 1582 υἱῷ
2353 1512 2585 1580 μάλιστα
2632 1513 2832 1581 χρῆται
2863 1513 2927 1583 τῇ
2960 1512 3160 1584 τέχνῃ·
3208 1513 3307 1564 καὶ
3336 1498 3409 1563 τά
3439 1510 3547 1564 τῶν
3596 1510 3791 1580 μάγων

2210 1604 2350 1657 οὕτω
2387 1604 2689 1674 φιλοπόνως
2722 1603 2882 1658 αὐτὸν
2902 1604 3238 1670 ὲκπαιδεύει,
3268 1603 3411 1663 ὥστε
3443 1602 3612 1673 μηδὲν
3653 1604 3786 1655 ὑπι-

2210 1697 2495 1766 λειφθῆναι
2520 1694 2596 1765 τῷ
2624 1694 2795 1765 πατρὶ
2820 1695 2956 1766 πρὸς
2988 1695 3189 1763 γνῶσιν
3219 1695 3248 1747 ὃ
3280 1695 3356 1767 μὴ
3406 1695 3484 1765 τῷ
3514 1696 3613 1766 υἱῷ
3646 1697 3795 1764 xvii.

2212 1807 2373 1861 ριμον
2398 1784 2489 1859 ἦν.

2258 1880 2358 1934 'B’.
2397 1879 2727 1947 Ἀπτομένου
2768 1880 2824 1932 δὲ
2857 1880 2955 1949 ἤδη
2987 1879 3080 1932 τοῦ
3114 1879 3307 1943 παιδος
3364 1879 3552 1951 ἀκμῆς
3586 1896 3647 1933 τε
3696 1880 3794 1933 καὶ

2210 1969 2446 2037 ἡλικίας,
2478 1969 2574 2023 καὶ
2612 1968 2857 2039 Χοῖρὸου
2911 1969 2999 2022 τοῦ
3032 1969 3298 2040 βασιλέως
3324 1972 3597 2039 νεωτέραν
3628 1986 3797 2040 στρα-

2209 2061 2330 2115 τιὰν
2362 2065 2417 2114 ἐν
2444 2062 2665 2131 Περσίδι
2693 2061 3062 2129 συλλέγοντος,
3090 2064 3165 2125 εἰς
3198 2062 3414 2132 τύρωνα
3448 2062 3566 2133 μεθ’
3588 2063 3797 2132 ἑτέρων

2212 2156 2309 2209 καὶ
2343 2156 2504 2217 αὐτος
2543 2153 2896 2221 ἀπολέγεται.
2939 2154 3093 2206 Ἐπεὶ
3122 2155 3178 2207 δὲ
3198 2156 3225 2205 ὁ
3252 2154 3430 2223 τίμιος
3467 2154 3562 2207 τοῦ
3584 2155 3793 2225 Κυρίου

2214 2245 2446 2315 σταυρὸς
2478 2244 2575 2305 τὴν
2633 2245 2860 2315 Περσῶν
2904 2245 3114 2297 ἐκλόνει
3142 2246 3237 2298 καὶ
3284 2246 3652 2315 συνετάραττε
3683 2248 3796 2299 πᾶ-

2214 2354 2313 2390 σιιν
2334 2353 2347 2367 ο
2377 2338 2488 2396 τοῖς
2524 2337 2622 2405 μὲν
2647 2337 2896 2400 ἀπίστοις
2923 2336 3194 2406 φρικῶδες
3224 2353 3275 2389 τι
3299 2338 3390 2389 καὶ
3414 2337 3643 2407 φοϐερὸν
3673 2339 3797 2390 ὲπια

2215 2428 2399 2495 σείων,
2440 2433 2553 2493 τοῖς
2605 2430 2662 2481 δὲ
2723 2430 2932 2491 πιστοῖς
2971 2429 3112 2495 ἄγαν
3167 2428 3264 2498 ἡδὺ
3327 2430 3668 2499 προλάμπων
3698 2432 3797 2483 καὶ

2215 2521 2485 2592 προσηνές
2509 2537 2523 2551 ·
2558 2523 2717 2590 φήμη
2748 2539 2831 2585 τις
2855 2521 2986 2591 περὶ
3015 2521 3181 2575 αὑτοῦ
3208 2521 3295 2575 διὰ
3327 2522 3547 2575 πάντων
3570 2520 3793 2595 ἐχώρειο

2213 2614 2308 2668 καὶ
2331 2616 2362 2684 ἡ
2388 2614 2566 2684 φήμη,
2594 2612 2907 2683 παχύτερόν
2941 2631 3057 2672 πως
3090 2608 3204 2683 εἶχε
3256 2616 3349 2667 καὶ
3394 2614 3799 2688 ἀμαθέστερον,

2212 2706 2304 2759 τὸν
2341 2706 2450 2759 τῶν
2481 2707 2825 2776 Χριστιανῶν
2856 2706 3008 2771 Θεὸν,
3044 2708 3279 2777 Πέρσαις
3316 2710 3568 2777 παρεῖναι
3590 2710 3796 2778 κηρύτ·

2212 2806 2400 2852 τουσα.
2437 2799 2576 2869 Πρὸς
2606 2798 2674 2871 ἢν
2702 2798 2730 2848 ὁ
2777 2798 2894 2860 νέος
2926 2797 3079 2866 ἄφνω
3104 2797 3204 2868 τὴν
3233 2795 3411 2867 ψυχὴν
3461 2798 3792 2870 ἀνερλέχθη.

2217 2892 2357 2962 Ἤδη
2405 2892 2512 2959 γὰρ
2545 2892 2715 2959 αὐτῆς
2762 2890 2968 2959 ἥπτετο
3010 2890 3256 2958 κρυφίως
3309 2892 3488 2943 ἐκεῖνο
3516 2891 3575 2944 τὸ
3602 2891 3739 2961 πῦρ,
3766 2891 3801 2945 δ

2212 2981 2447 3051 Χριστος
2474 2976 2606 3051 ἦλθε
2634 2980 2816 3050 βαλεῖν
2842 2982 2935 3032 ἐπὶ
2961 2979 3089 3049 γῆς.
3116 2982 3294 3050 Ὅπερ
3318 2980 3413 3034 οῦν
3443 2982 3538 3034 καὶ
3558 2981 3794 3051 1ίιρεμεῖν

531 3077 751 3149 quidem
790 3093 905 3131 non
935 3076 1149 3130 sinebat
1188 3076 1471 3144 quiescere
1500 3075 1783 3144 pulchram
1823 3073 1965 3127 illius
1986 3072 2111 3127 ado-

2215 3074 2315 3127 οὐκ
2342 3073 2429 3126 sla.
2454 3073 2555 3141 τὴν
2578 3072 2749 3142 καλὴν
2774 3073 2982 3124 ἐκείνου
3008 3072 3256 3140 νεότητα,
3289 3071 3403 3124 ἀλλ’
3425 3073 3586 3135 εὐθὺς
3614 3073 3797 3125 ἁπαν-

533 3168 875 3233 ὶινεοεηιὶιιιιι,
913 3168 1007 3221 sed
1043 3166 1230 3220 statim
1257 3179 1448 3220 omnes
1478 3164 1663 3218 obibat
1693 3172 1900 3233 partes,
1924 3163 1991 3216 de
2044 3175 2111 3215 eo

534 3261 822 3316 sciscitans
846 3275 1006 3328 quam
1033 3257 1512 3313 vehementissime
1546 3264 1763 3326 poterat
1795 3265 1851 3310 et
1881 3254 2114 3324 diligen-

535 3353 769 3406 tissime.
799 3352 935 3404 Cum
969 3350 1186 3403 audiret
1206 3357 1388 3402 autem
1417 3349 1485 3402 ab
1523 3349 1803 3411 omnibus,
1825 3362 1948 3400 eam
1992 3361 2114 3400 esse

535 3458 774 3506 crucem,
813 3443 865 3495 in
894 3457 999 3511 qua
1030 3441 1285 3494 Christus
1320 3440 1413 3494 Dei
1446 3438 1635 3505 Filius,
1663 3440 1756 3508 qui
1786 3454 1816 3491 a
1845 3437 2116 3493 Christiao

532 3537 620 3589 nis
653 3534 930 3596 aduratur,
964 3534 1066 3587 fuit
1097 3534 1416 3595 cruciﬁxus,
1445 3531 1610 3586 veluti
1634 3531 1834 3602 .ignem
1886 3531 1993 3601 igni
2015 3530 2084 3584 ad
2105 3561 2117 3572 -
2148 3551 2154 3555 ·

530 3627 687 3696 jecit,
715 3634 770 3680 et
797 3625 1082 3695 quaestioni
1106 3625 1392 3693 conjunxit
1414 3624 1798 3694 quaestionem,
1850 3635 1907 3679 et
1929 3640 1996 3679 ex
2028 3638 2117 3689 re;-

537 3719 834 3789 sponsione
883 3719 1098 3788 accepit
1155 3718 1498 3773 occasionem
1553 3717 1780 3771 alterius
1816 3717 2115 3789 interroga-

537 3812 722 3874 tionis,
751 3821 806 3865 et
828 3814 1002 3865 multo
1034 3810 1207 3881 magis
1239 3810 1462 3866 sitiebat
1498 3810 1731 3875 discere,
1761 3809 2116 3880 quc-inadula-

534 3900 667 3955 dum
703 3916 767 3955 ex
794 3903 936 3955 cmlo
966 3903 1186 3970 quidem
1236 3900 1601 3965 descenderit,
1657 3914 1782 3953 cum
1815 3900 1885 3953 sit
1922 3897 2065 3954 Deus
2097 3917 2112 3955 :

534 4002 592 4049 et
642 3993 1106 4063 quemadmodum
1168 3993 1332 4046 etiam
1404 3992 1580 4046 factus
1607 3994 1679 4045 sit
1714 3991 1899 4053 homo,
1932 4000 1989 4044 et
2017 4006 2116 4045 cur

535 4082 701 4137 etiam
730 4084 800 4136 sit
830 4082 897 4135 ad
924 4096 1145 4135 crucem
1199 4081 1615 4143 condemnatus,
1652 4091 1704 4134 et
1735 4096 1765 4133 a
1806 4081 2030 4148 quibus,
2062 4087 2117 4133 et

537 4188 607 4228 an
636 4174 707 4227 sit
742 4175 808 4227 ad
838 4177 1036 4228 canum
1080 4187 1334 4227 reversus
1384 4173 1529 4228 unde
1558 4172 1941 4227 descenderat.
1969 4170 2111 4227 Cum

536 4274 721 4321 autem
759 4266 808 4320 ei
839 4281 869 4319 a
904 4265 1007 4336 piis
1054 4266 1473 4320 annuntiaretur
1516 4267 1702 4321 carnis
1733 4273 2004 4335 suscepta:
2031 4263 2117 4319 di.

538 4360 649 4413 vini
680 4358 895 4414 consilii
950 4358 1293 4430 mysterium,
1327 4373 1487 4413 aures
1512 4360 1731 4429 quidem
1771 4358 1992 4430 pietatis
2026 4372 2115 4411 se-

537 4453 685 4507 mina
710 4451 963 4507 lubenter
991 4451 1407 4521 suscipiebant:
1437 4453 1616 4505 anima
1654 4467 1783 4506 vero
1842 4451 2114 4520 produce-

536 4547 631 4599 bat
663 4545 865 4599 sensim
897 4544 1101 4614 spicam
1135 4544 1282 4607 ﬁdei,
1317 4545 1446 4598 etei
1483 4544 1817 4599 desiderium
1852 4543 2115 4612 paulatim

541 4636 952 4700 innascebatur,
994 4636 1323 4706 subibatque
1344 4632 1618 4690 aemulatio
1638 4635 1767 4704 ejus
1800 4635 2116 4705 perpessio-

541 4742 673 4783 num
701 4744 714 4783 :
749 4743 868 4796 quae
894 4744 1016 4783 cum
1054 4729 1107 4782 in
1141 4732 1266 4799 ejus
1289 4730 1473 4782 anima
1512 4737 1668 4782 aucta
1696 4738 1752 4782 et
1789 4728 2118 4796 ampliﬁcata

541 4828 747 4885 essent,
784 4822 1233 4879 eutninlormant
1273 4831 1328 4877 et
1357 4821 1657 4876 instituunt
1720 4820 1790 4875 ad
1849 4820 2117 4890 optimum

544 4913 670 4968 vita:
709 4930 902 4984 genus,
933 4917 1250 4985 clarumque
1281 4923 1337 4969 et
1371 4915 1642 4984 insignem
1674 4921 1889 4980 testem,
1915 4921 2122 4984 marty-

544 5023 686 5074 rem,
720 5009 967 5078 inquam,
990 5010 1252 5072 eﬁieiunt,
1282 5010 1463 5079 utjam
1494 5007 1800 5078 procedens
1825 5007 2123 5063 declarabit

543 5103 738 5158 oratio.
774 5103 909 5158 Erat
935 5106 1080 5158 enim
1121 5104 1169 5157 ei
1194 5103 1411 5171 quidam
1447 5104 1613 5158 frater
1634 5116 1859 5172 genere.
1882 5109 1939 5157 et
1969 5117 2121 5156 com-

544 5195 756 5251 niilito:
794 5196 957 5250 ambo
986 5205 1168 5250 autem
1204 5196 1358 5250 relati
1390 5196 1445 5251 in
1494 5210 1783 5250 numerum
1840 5195 2117 5251 exercitus

544 5285 698 5352 Sain,
745 5295 1122 5358 veneruntque
1165 5301 1336 5357 usque
1388 5286 1454 5342 ad
1511 5288 1765 5358 inclytam
1814 5287 2116 5341 Chalcedo-

543 5395 690 5439 t‘cm.
723 5366 859 5437 Cum
885 5392 1067 5439 autem
1095 5382 1313 5439 divinus
1344 5379 1948 5452 lleracliusirruptione
1970 5380 2114 5436 facta

548 5592 557 5601 ι
617 5564 635 5597 ⁸
665 5538 799 5620 Luc.
836 5579 935 5630 xu,
977 5565 1064 5621 49.

2217 3163 2385 3234 ταχοῦ
2410 3162 2631 3234 περιῄει
2665 3162 3068 3231 πυνθανόμενος
3101 3162 3231 3234 περὶ
3272 3162 3485 3229 τούτου,
3520 3162 3641 3233 μεθ’
3665 3166 3799 3235 ὅσης

2216 3255 2283 3310 ἂν
2339 3256 2517 3319 εἴποις
2572 3256 2670 3324 τῆς
2718 3255 3054 3326 θερμότητος
3119 3271 3177 3309 τε
3233 3257 3328 3308 καὶ
3378 3256 3478 3326 τῆς
3535 3256 3796 3325 σπουδῇς.

2230 3346 2469 3401 Ἀκούων
2490 3348 2547 3400 δὲ
2573 3346 2722 3416 παρὰ
2747 3348 2986 3413 πάντων,
3004 3346 3077 3409 ὡς
3101 3346 3210 3416 ἄρα
3230 3340 3387 3411 οὗτός
3411 3349 3560 3401 ἐστιν
3578 3349 3605 3400 ὀ
3634 3365 3799 3404 oua.-

2218 3438 2312 3510 ρος
2340 3442 2397 3490 ὲν
2416 3431 2474 3506 ,ᾧ
2502 3438 2733 3508 Χριστὸς
2756 3440 2784 3491 ὁ
2805 3436 2898 3490 τοῦ
2934 3437 3070 3489 Θεοῦ
3102 3437 3229 3499 Υἱὸς
3258 3440 3288 3490 ὁ
3317 3438 3412 3492 καὶ
3450 3439 3799 3509 Χριστιανοίς

2218 3531 2693 3599 προσκυνούμενος
2716 3528 3061 3599 ἐσταυρώθη,
3097 3530 3208 3600 πῦρ
3241 3529 3433 3601 ὥσπερ
3466 3534 3598 3603 πυρὶ
3628 3548 3800 3601 προσ-

2216 3622 2408 3678 ετίθει.
2444 3623 2538 3674 καὶ
2561 3622 2784 3691 ζητήσει
2818 3623 3059 3691 συνῆπτε
3093 3622 3343 3694 ζήτησιν,
3388 3623 3484 3676 καὶ
3527 3624 3630 3687 τὰς
3659 3626 3794 3677 ἀπσνο

2184 3736 2195 3751 ε
2218 3714 2426 3783 κρίσεις
2462 3715 2662 3783 μᾶλλον
2692 3715 2883 3786 ἑτέρας
2909 3716 3230 3784 ἐρωτήσεως
3279 3715 3536 3786 ἀφορμὰς
3581 3717 3749 3770 ἐποίει
3768 3730 3783 3745 ⁵

2219 3810 2312 3861 καὶ
2338 3806 2519 3877 πολλῷ
2553 3807 2711 3861 πλέον
2747 3808 2903 3877 ὲδίψα
2941 3807 3135 3877 μαθεῖν
3159 3823 3174 3836 '
3199 3807 3350 3870 ὅπως
3396 3810 3497 3877 μὲν
3528 3808 3589 3874 ἐξ
3635 3809 3799 3879 οὐρα-

2217 3898 2310 3953 νοῦ
2334 3900 2585 3952 κατέλθοι
2605 3900 2733 3962 Θεὸς
2761 3898 2835 3951 ὣν
2855 3916 2867 3929 ο
2891 3899 3039 3961 ὅπως
3057 3900 3115 3953 δὲ
3141 3900 3537 3972 καὶᾶνθρωπος
3563 3905 3799 3971 γένοιτο.

2217 3994 2370 4046 Διατί
2398 3992 2453 4045 δὲ
2482 3994 2576 4045 καὶ
2610 3991 2845 4063 σταυρὸν
2874 3993 3260 4064 κατακριθείη,
3305 3995 3400 4046 καὶ
3428 3995 3579 4064 παρὰ
3609 3995 3797 4065 τίνων,

2221 4088 2312 4140 καὶ
2340 4088 2392 4138 εί
2422 4085 2556 4154 πρὸς
2585 4069 2849 4155 οὐρανοὺς
2897 4085 3186 4139 ἐπανέλθοι
3235 4086 3424 4151 πάλιν,
3455 4087 3575 4140 ὅθεν
3603 4087 3800 4157 ἐλήλυ-

2219 4175 2328 4230 θεν.
2370 4175 2457 4235 Ὠς
2478 4175 2533 4227 δὲ
2566 4173 2941 4244 ἀπηγγέλλετο
2967 4175 3118 4242 παρὰ
3143 4174 3256 4224 τῶν
3288 4172 3531 4227 εὐσεϐῶν
3561 4173 3714 4243 αὕτη)
3740 4173 3805 4226 τὸ

2218 4267 2316 4347 τῆς
2337 4265 2648 4333 οίκονομίας
2684 4266 3058 4347 μυστήριον,ἰή
3086 4264 3186 4334 μὲν
3217 4266 3355 4335 ἀκοὴ
3384 4265 3454 4318 τὰ
3505 4265 3802 4334 σπέρματι

2218 4344 2315 4431 έῆε
2346 4360 2629 4424 εὗσεδείας
2652 4361 2824 4430 ἡδέως
2849 4344 3097 4430 ἐδέχεέο·
3124 4363 3157 4430 ἡ
3188 4361 3339 4433 ψυχὴ
3381 4361 3440 4415 δὲ
3484 4362 3669 4432 ἡρέμα
3700 4366 3804 4432 τῆς
3865 4376 3873 4381 ·

2224 4456 2459 4517 πίστεως
2502 4453 2592 4507 τὸν
2650 4454 2854 4523 στάχυν
2897 4454 3294 4524 ὲκαρπορόρει,
3340 4455 3435 4507 καὶ
3461 4454 3624 4518 πόθος
3658 4455 3798 4525 αὐτῇ

2220 4547 2458 4621 Χριστοῦ
2493 4548 2633 4600 κατὰ
2659 4546 2856 4617 μικρὸν
2876 4546 3153 4614 ἐνεφύετο,
3179 4547 3275 4601 καὶ
3292 4545 3459 4616 ζῆλος
3489 4546 3658 4599 αὑτοῦ
3690 4547 3801 4599 τῶν

2224 4640 2563 4708 παθημάτων
2602 4637 2805 4711 εἰσῄει·
2833 4635 2871 4690 ἂ
2900 4639 2993 4691 καὶ
3024 4637 3452 4707 συνακμάσαντα
3489 4636 3552 4705 δή
3595 4653 3697 4690 που
3731 4624 3799 4706 τῇ

2222 4730 2317 4785 τοῦ
2343 4730 2466 4783 νέου
2494 4730 2641 4800 ψυχῇ
2673 4730 2767 4782 καὶ
2816 4729 3243 4798 συναυξηθέντα,
3296 4730 3432 4800 πρὸς
3477 4730 3706 4799 ἀρίστην
3741 4745 3805 4785 τι

2222 4823 2385 4880 αὑτὸν
2432 4824 2687 4891 στοιχειοῖ
2734 4820 3156 4884 πολιτείαν,νκαὶ
3220 4820 3476 4891 μάρτυρα
3524 4821 3803 4890 περιφανῆ

2223 4916 2365 4985 μετὰ
2398 4914 2575 4969 ταῦτα
2624 4911 2937 4985 ἐργάζεται,
2988 4912 3063 4975 ὡς
3093 4911 3197 4983 ὀδῷ
3224 4911 3430 4984 προῖὼν
3457 4912 3555 4982 ἤδη
3591 4915 3620 4964 ὁ
3645 4912 3805 4978 λόγος

2220 5008 2471 5079 δηλώσει.
2502 5002 2612 5060 Ἦν
2640 5005 2749 5075 γάρ
2773 5021 2856 5067 τις
2890 5003 3118 5083 ἀδελφὸς
3149 5005 3294 5057 κατά
3324 5004 3479 5073 γένος
3513 5003 3683 5072 αὐτῷ,
3707 5004 3805 5056 καὶ

2224 5099 2635 5170 συστρατιώτης
2656 5114 2671 5129 ⁸
2701 5099 3003 5169 ἀμφότεροι
3032 5097 3089 5151 δὲ
3115 5100 3181 5168 τῇ
3201 5096 3294 5150 τοῦ
3318 5098 3451 5152 Σάϊν
3480 5095 3810 5165 ἐξεταζόμε-

2222 5209 2303 5247 νοι
2332 5191 2558 5261 στρατιᾷ
2578 5190 2740 5262 μέχρι
2766 5188 3111 5257 Χαλκηδόνος
3136 5188 3237 5259 τῆς
3258 5187 3594 5258 περιφανοῦς
3614 5183 3800 5257 ἦλθον.

2237 5285 2385 5340 Ἐκεῖ
2409 5284 2463 5337 δὲ
2490 5268 2692 5346 ὁθεῖος
2735 5282 3059 5354 Ἡράκλειος
3085 5283 3167 5344 εἰς
3201 5281 3305 5349 τὴν
3336 5281 3574 5352 Περσίδα
3625 5295 3810 5351 παραυ

2226 5376 2405 5431 ὅαλὼν
2433 5374 2954 5447 ἀντιπερισπάσοιτο
2985 5373 3077 5426 τὸν
3107 5374 3238 5427 Σάϊν
3262 5388 3277 5406 ·
3330 5373 3427 5427 καὶ
3458 5370 3812 5443 ὑποστροφῆς

616 5720 694 5788 (2)
722 5721 849 5775 Fuit
878 5721 968 5777 hic
992 5722 1268 5788 Cliosroes
1288 5722 1494 5793 junior,
1529 5720 1833 5779 llormisda:
1885 5720 2029 5791 regis
2079 5718 2247 5787 ﬁlius,
2281 5726 2340 5773 ut
2366 5726 2518 5775 notat
2550 5712 2818 5772 Barouius
2838 5714 2892 5770 in
2922 5714 3329 5792 Martyrolosiq.
