4116 6492
408 350 516 409 ΊΤΞ)

1636 348 1921 408 MENSIS
1957 347 2412 411 JANUARlUS.

3547 350 3651 415 780

406 460 662 529 quidnam
699 457 765 512 de
798 472 855 510 se
885 457 1138 524 deinceps
1171 455 1315 509 velit.
1363 456 1456 509 ille
1511 466 1692 510 autem
1747 456 1967 525 rogavit,

2086 456 2278 509 Οάνετο
2310 454 2471 510 αὐτοῦ
2507 456 2534 506 ὁ
2578 455 2719 517 Θεῖος
2764 453 3014 518 Ἠλίαςώ
3042 455 3093 507 τί
3130 470 3257 509 ποτε
3293 460 3414 528 περὶ
3461 461 3656 514 ἑαυτοῦ

407 565 464 608 ut
506 532 749 608 habiturn
779 559 1213 619 consequeretur
1248 549 1633 603 monastieum.
1679 548 1815 603 Cum
1853 565 1982 604 vero

403 643 473 698 ad
507 649 606 698 hoc
635 656 854 713 quoque
898 640 1184 694 annuisset
1220 639 1506 710 presbyter
1531 639 1657 708 (jam
1693 654 1839 694 ennn
1871 642 1981 693 vel-

410 736 489 789 uti
513 751 579 788 ex
611 733 841 803 quadam
868 730 1138 801 pellucida
1168 743 1338 796 veste,
1379 738 1434 785 et
1459 747 1523 785 ex
1557 732 1757 785 decoro
1799 731 1980 785 habitu

403 835 457 880 et
489 835 631 880 statu
670 824 1065 879 ostendebatur
1095 823 1349 879 nobilitas
1376 824 1592 888 animm,
1615 834 1669 878 et
1692 823 1839 892 quali
1874 823 1982 876 vir-

401 928 516 971 tute
546 916 764 971 futurus
810 924 959 971 esset
1009 913 1455 969 Anastasiuszct
1506 913 1625 968 ideo
1656 913 1774 982 ipse
1824 912 1981 967 facile

401 1011 563 1065 cessit
618 1010 741 1080 ejus
783 1007 1085 1077 precibus),
1140 1006 1284 1059 venit
1344 1020 1468 1058 cum
1518 1020 1584 1059 eo
1642 1013 1763 1074 post
1812 1001 1979 1057 divini

401 1101 639 1171 mysterii
662 1099 1085 1155 celebrationem
1111 1098 1176 1151 ad
1204 1099 1594 1151 monasterium
1618 1097 1801 1150 Sancti
1829 1098 1980 1150 Ana-

400 1192 573 1255 stasii,
595 1204 653 1245 ut
673 1193 794 1260 ejus
811 1205 1029 1261 quoque
1056 1188 1210 1243 ﬁeret
1238 1186 1537 1242 mansionis
1564 1188 1855 1256 particeps,
1880 1202 1978 1240 cu-

395 1287 485 1354 jus
548 1284 764 1338 futurus
790 1293 908 1338 erat
935 1281 1149 1336 virtutis
1187 1279 1391 1343 socius,
1428 1278 1571 1333 sicut
1599 1280 1760 1333 etiam
1803 1278 1980 1331 nomi-

398 1379 504 1431 nis.
535 1378 711 1444 Atque
742 1372 1136 1432 monasterium
1171 1370 1394 1440 quidem
1443 1368 1514 1423 ad
1540 1376 1791 1437 quartum
1839 1367 1978 1438 Iupi-

397 1472 519 1524 tlem
572 1479 687 1521 erat
745 1474 1014 1520 remotum
1070 1478 1101 1517 a
1158 1471 1345 1517 sancta
1393 1460 1737 1516 civitate:ei
1793 1470 1974 1514 autem

400 1568 628 1630 praeerat
657 1557 926 1621 Justinus,
961 1556 1042 1610 vir
1076 1562 1131 1609 et
1155 1554 1358 1624 alioqui
1392 1553 1594 1619 clarus,
1616 1564 1670 1609 et
1689 1554 1815 1607 boni
1853 1552 1979 1623 Spi-

394 1653 531 1705 ritus
585 1649 748 1704 variis
807 1646 964 1702 donis
1002 1655 1249 1700 ornatus.
1284 1644 1458 1711 Quem
1495 1660 1618 1700 cum
1653 1644 1815 1699 simul
1846 1660 1973 1699 cum

392 1742 576 1798 multis
600 1754 816 1811 quoque
846 1738 969 1794 aliis
993 1746 1239 1809 rogasset
1262 1737 1544 1809 presbyter
1561 1779 1577 1805 ,
1608 1737 1660 1791 in
1690 1747 1973 1793 monaste-

2087 546 2147 597 τὸ
2176 545 2358 598 λοιπὸν
2389 546 2496 615 ἄρα
2529 544 2788 613 βούλοιτο.
2809 543 2936 599 ὐδὲ
2954 543 3107 615 ἠξίου
3139 547 3229 599 καὶ
3257 548 3351 601 τοῦ
3412 551 3522 603 τῶν
3551 566 3652 621 μο-

2090 635 2269 705 ναχῶν
2299 640 2483 707 τυχεῖν
2516 638 2817 707 σχήματος.
2863 638 3282 703 Ἐπινεύσαντος
3309 639 3365 693 δὲ
3399 644 3491 696 καὶ
3520 645 3658 713 πρὸς

2081 726 2242 780 τοῦτο
2267 727 2360 780 τοῦ
2383 728 2755 799 πρεσϐυτέρου
2797 730 3211 801 (παρεδείκνυτο
3236 730 3343 804 γὰρ
3366 733 3462 805 ήδη
3490 737 3660 790 καθά.

2085 834 2190 889 περ
2220 816 2285 872 ἐκ
2311 834 2458 882 τινος
2486 817 2781 889 διαφανοῦς
2814 820 3040 890 ἐσθῆτος
3069 819 3164 874 τοῦ
3189 823 3497 895 εὐπρεποῦς
3526 829 3662 898 σχήο

2086 908 2256 977 ματος
2282 925 2344 962 τε
2396 910 2488 964 καὶ
2513 911 2934 981 καταστήματος
2976 912 3279 982 ήεύγένεια
3313 914 3412 987 τῆς
3459 918 3657 987 ψυχῆς,

2084 1000 2181 1053 καὶ
2202 1001 2384 1063 ὁποῖος
2416 1001 2513 1071 τὴν
2540 1002 2742 1072 ἀρετὴν
2764 1002 2979 1070 γένοιτο
3040 1003 3410 1071 Ἀναστάσιος,
3448 1008 3543 1062 καὶ
3572 1010 3661 1063 διὰ

2081 1089 2239 1142 τοῦτο
2285 1092 2381 1144 καὶ
2412 1091 2575 1153 αὐτὸς
2611 1091 2898 1155 ὲνδοτικῶς
2952 1091 3078 1162 ἔσχε
3106 1094 3240 1161 πρὸς
3262 1095 3363 1166 τὴν
3383 1096 3656 1166 ἀξίωσιν),

2079 1181 2390 1247 ἀφικνεῖται
2431 1182 2532 1235 σὺν
2563 1183 2715 1252 αύτῴ
2774 1185 2915 1253 μετὰ
2961 1186 3060 1255 τὴν
3086 1185 3239 1239 θείαν
3267 1190 3659 1258 μυσταγωγίαν

2079 1273 2159 1335 είς
2188 1273 2287 1342 τὴν
2328 1273 2497 1343 μονὴν
2515 1272 2610 1327 τοῦ
2648 1274 2705 1326 εν
2734 1275 2913 1341 ἁγίοις
2956 1277 3311 1331 Ἀναστασίου
3339 1294 3354 1310 ·
3390 1279 3458 1331 ίν’
3491 1280 3658 1335 αὐτοῦ

2079 1366 2174 1418 καὶ
2206 1366 2374 1435 μονῆς
2407 1368 2620 1434 γένοιτο
2659 1369 2936 1433 κοινωνὸς,
2961 1365 3024 1425 οὗ
3049 1371 3308 1435 κοινωνὸς
3337 1371 3527 1443 ἔμελλε
3560 1390 3657 1443 γε-

2078 1456 2265 1510 νέσθαι
2299 1460 2392 1512 καὶ
2419 1458 2622 1530 ἀρετῆς
2645 1459 2836 1531 ὥσπερ
2861 1462 2963 1533 ήδη
2996 1463 3092 1515 καὶ
3141 1463 3406 1533 κλήσεως.
3452 1465 3516 1517 Ἦ
3561 1465 3659 1535 μὲν

2076 1548 2170 1601 οὖν
2208 1553 2344 1619 μονὴ
2371 1552 2636 1622 τέσσαρσι
2675 1552 2776 1622 τῆς
2823 1555 2985 1622 ἁγίας
3011 1554 3220 1618 πόλεως
3272 1556 3520 1626 σημείοις
3551 1560 3658 1611 ὰπ-

2075 1645 2187 1713 εἶχε
2213 1659 2225 1672 ·
2252 1647 2608 1715 προειστήκει
2660 1648 2719 1700 δὲ
2748 1648 2922 1718 αὐτῆς
2979 1649 3282 1716 Ἰουστῖνος,
3305 1653 3445 1722 ἀνὴρ
3498 1653 3566 1706 τά
3593 1670 3655 1705 τε
3750 1667 3767 1692 ο

2073 1738 2206 1790 ἄλλα
2225 1740 2517 1810 ἐπιφανὴς,
2538 1740 2634 1793 καὶ
2655 1741 2962 1812 χαρίσμασι
2984 1743 3079 1796 τοῦ
3107 1743 3314 1809 ἀγαθοῦ
3338 1743 3656 1812 Πνεύματος

394 1836 533 1891 rium
567 1833 838 1889 admissus
861 1839 946 1886 est
975 1829 1315 1895 Anastasius,
1349 1843 1493 1885 anno
1522 1829 1736 1883 decimo
1766 1830 1840 1899 (4)
1867 1830 1964 1884 im-

2075 1831 2343 1894 τιοικίὶοις
2368 1834 2806 1903 κεκοσμημένος.
2850 1829 2928 1887 Οὒ
2953 1835 3089 1906 μετὰ
3118 1835 3330 1889 πολλῶν
3357 1837 3454 1890 καὶ
3476 1836 3654 1891 ἄλλων

389 1927 526 1995 perii
554 1924 783 1982 lleraelii
808 1924 956 1979 illius
984 1922 1183 1993 egregii
1209 1931 1265 1976 et
1291 1922 1483 1977 ﬁdelis.
1515 1920 1702 1977 Tradit
1724 1938 1852 1977 vero
1874 1921 1969 1976 Ju-

390 2024 572 2077 stinus
605 2014 951 2073 Anastasium
981 2013 1073 2068 uni
1099 2028 1163 2069 ex
1191 2012 1305 2068 suis
1341 2012 1649 2083 discipulis,
1678 2013 1798 2067 viro
1820 2012 1973 2069 valde

392 2111 648 2184 prudenti
697 2117 753 2165 et
787 2106 1004 2163 virtutis
1029 2105 1251 2162 amanti.
1286 2103 1391 2170 Qui
1428 2120 1703 2161 eumeum
1738 2116 1792 2161 et
1828 2105 1973 2159 Grat-

389 2223 483 2263 eas
510 2200 1014 2261 docuissetlitteras
1046 2206 1103 2254 et
1134 2198 1474 2269 psalterium,
1504 2198 1728 2268 ejusque
1746 2197 1970 2251 institu-

391 2298 595 2353 tionem
629 2290 1127 2356 animadvertisset,
1155 2289 1268 2360 jam
1302 2297 1451 2343 recte
1485 2303 1543 2342 se
1571 2287 1769 2343 habere
1798 2286 1864 2340 ad
1889 2286 1964 2340 vi-

392 2402 501 2446 tam
561 2384 940 2448 monasticam,
995 2380 1170 2436 tonsis
1199 2379 1381 2436 statim
1407 2380 1530 2450 ejus
1559 2378 1793 2449 capillis,
1821 2389 1876 2434 et
1912 2379 1968 2434 in

389 2496 456 2535 eo
500 2477 663 2533 factis
690 2473 944 2530 omnibus
990 2487 1115 2539 quae
1153 2470 1238 2525 lex
1291 2469 1553 2539 postulat,
1605 2483 1730 2523 eum
1778 2466 1965 2525 habitu

386 2570 570 2629 induit
595 2566 917 2630 monastico,
941 2573 998 2620 et
1025 2580 1091 2619 ex
1111 2561 1301 2618 habitu
1322 2562 1425 2617 hoc
1452 2560 1965 2627 facitAnastasium,

386 2662 533 2733 quod
560 2660 712 2731 prius
736 2672 793 2712 re
823 2664 940 2711 erat
982 2665 1037 2711 et
1059 2654 1305 2709 moribus
1337 2670 1350 2706 :
1383 2652 1468 2707 vel
1510 2651 1693 2722 potius
1724 2651 1967 2707 moribus

383 2753 806 2809 convenientem
860 2757 915 2804 et
966 2756 1259 2817 cognatum
1314 2744 1480 2799 tradit
1524 2744 1793 2809 habitum,
1826 2742 1965 2798 etin

384 2862 509 2903 cum
541 2844 803 2914 deinceps
835 2848 953 2895 erat
979 2839 1230 2904 aﬂectus,
1267 2846 1326 2890 ut
1365 2836 1418 2890 in
1446 2834 1619 2891 tilium
1653 2850 1686 2889 e
1730 2835 1847 2889 suis
1868 2849 1965 2905 ge-

383 2939 558 2993 nitum
605 2933 924 2993 visceribus.
956 2931 1108 2987 Adeo
1155 2929 1387 3001 pulchra
1440 2942 1529 2983 res
1565 2934 1650 2985 est
1681 2926 1879 2991 virtus,
1904 2933 1965 2981 ut

372 3044 504 3101 quae
532 3043 657 3084 cum
680 3026 801 3081 aliis
827 3032 885 3081 et
913 3022 1130 3077 virtutis
1157 3021 1436 3077 studiosos
1457 3020 1511 3075 in
1534 3033 1721 3077 amore.
1742 3018 1965 3089 conjun-

367 3135 529 3193 gere,
558 3129 614 3175 et
645 3126 849 3173 tantam
897 3114 1070 3187 possit
1118 3112 1441 3179 ingenerare
1495 3110 1959 3177 benevolentiam,

380 3218 639 3280 quantam
672 3207 820 3263 nulla
857 3204 1088 3263 omnino
1119 3204 1225 3258 alia
1263 3202 1535 3273 cognatio.

2072 1918 2358 1986 δεηθέντος
2405 1922 2501 1976 τοῦ
2560 1924 2956 1996 πρεσϐυτέρου,
3006 1927 3284 2000 εἰσεδέχθη
3335 1929 3400 2000 τῇ
3456 1931 3590 2000 μονῇ
3624 1929 3656 1982 ὁ

2074 2011 2217 2082 ἱερὸς
2257 2013 2636 2081 ’Λναστάσιος,
2656 2016 2767 2069 ἔτει
2792 2016 3005 2087 δεκάτῳ
3036 2016 3137 2088 τῆς
3162 2018 3440 2089 βασιλείας
3482 2021 3654 2088 Ἥρα-

2070 2101 2250 2155 κλείου
2271 2102 2365 2156 τοῦ
2394 2105 2644 2174 γενναίου
2675 2106 2879 2178 δηλαδὴ
2904 2109 3001 2161 καὶ.
3048 2109 3271 2163 πιστοῦ·
3309 2110 3651 2176 παραδίδωσι

2067 2192 2125 2245 δὲ
2159 2192 2250 2246 τον
2293 2194 2649 2249 ’Δναστάσιον
2685 2197 2970 2262 Ἶουστῖνος
3001 2199 3081 2253 ἑνὶ
3103 2199 3214 2252 τῶν
3243 2199 3439 2254 ἑαυτοῦ
3470 2201 3652 2272 μαοηο

2067 2281 2195 2346 τῶν,
2230 2282 2387 2355 ἀνδρὶ
2446 2285 2654 2357 συνετῷ
2707 2286 2855 2357 μάλα
2883 2289 2976 2341 καὶ
3004 2289 3281 2360 φιλαρέτῳ
3316 2304 3330 2319 ·
3358 2290 3419 2353 ὃς
3452 2290 3546 2345 καὶ
3582 2291 3653 2345 τὰ

2065 2371 2175 2423 τῶν
2213 2373 2480 2444 Ἐλλήνων
2501 2377 2803 2447 γράμματα
2828 2378 3005 2432 καὶτὸ
3025 2380 3336 2452 Ψαλτήριον
3365 2381 3652 2449 ὲκδιδάξας

2065 2462 2226 2516 αὐτὸν
2246 2503 2260 2528 ,
2292 2466 2519 2537 ἀγωγήν
2552 2483 2612 2520 τε
2647 2468 2815 2522 αὑτοῦ
2866 2470 2961 2523 καὶ
3012 2470 3289 2526 πολιτείαν
3322 2468 3383 2525 εὖ
3420 2472 3653 2543 ἔχουσαν

2066 2559 2165 2630 ήδη
2201 2558 2338 2630 πρὸς
2367 2558 2458 2610 τὸν
2484 2557 2595 2610 τῶν
2632 2558 2881 2629 μοναχῶν
2909 2560 3024 2631 βίον
3045 2563 3416 2633 κατανοήσας,
3459 2564 3654 2634 κείρας

2065 2651 2227 2716 εὐθὺς
2259 2653 2355 2707 καὶ
2391 2652 2607 2723 τρίχας,
2649 2653 2743 2705 καὶ
2765 2652 2867 2706 ὅσα
2893 2653 3056 2724 νόμος
3090 2656 3177 2708 επ*
3214 2654 3363 2726 αὐτῷ
3396 2656 3647 2721 τελέσας,

2063 2744 2126 2797 τὸ
2146 2744 2256 2798 τῶν
2311 2744 2561 2815 μοναχῶν
2583 2744 2904 2816 περιϐάλλει
2936 2748 3125 2816 σχῆμα
3142 2764 3158 2780 ·
3196 2750 3290 2801 καὶ
3318 2748 3479 2802 τοῦτο
3507 2753 3655 2802 ποιεῖ

2062 2837 2156 2890 τδν
2199 2835 2555 2890 ’Λναστάσιον
2591 2838 2655 2889 ὲκ
2683 2836 2776 2891 τοῦ
2806 2838 3107 2907 σχήματος,
3136 2838 3164 2890 ὃ
3198 2839 3388 2911 πρώην
3417 2840 3525 2894 ἀπὸ
3552 2839 3651 2894 τοῦ

2060 2927 2266 3001 τρόπου
2299 2928 2397 2982 καὶ
2447 2928 2545 2983 τοῦ
2586 2930 2911 3003 πράγματος
2941 2927 3043 3002 ἦν·
3083 2932 3287 3001 μᾶλλον
3346 2932 3403 2986 δὲ
3458 2933 3651 3003 τρόπῳ

2060 3019 2306 3088 τοιούτῳ,
2337 3021 2433 3075 καὶ
2471 3021 2660 3092 σχῆμα
2688 3024 2950 3091 συγγενὲς
2981 3024 3311 3077 ἀποδίδωσι·
3339 3025 3436 3079 καὶ
3456 3026 3517 3079 τὸ
3537 3025 3652 3079 λοι-

2063 3112 2164 3167 πὸν
2191 3111 2342 3183 αύτῷ
2374 3114 2627 3185 καθάπερ
2647 3115 2746 3184 υἱῴ
2774 3115 2886 3168 τῶν
2916 3116 3110 3169 ἑαυτοῦ
3135 3104 3295 3186 φύντι
3325 3118 3651 3189 σπλάγχνων

1985 3202 2031 3260 C
2065 3204 2413 3274 προσέκειτο.
2446 3203 2603 3259 Οὕτω
2637 3206 2926 3284 κάλλιστόν
2945 3223 2999 3258 τι
3030 3211 3220 3278 χρῆμα
3245 3210 3278 3278 ἡ
3308 3210 3477 3280 ἀρετὴ
3511 3212 3650 3279 μετὰ

379 3307 486 3360 τῶν
509 3305 708 3366 ἄλλων,
736 3302 832 3356 καὶ
854 3299 1149 3354 συνάπτειν
1175 3301 1255 3362 εἰς
1286 3297 1450 3351 πόθον
1472 3298 1599 3362 τοὺς
1621 3299 1965 3370 φιλαρέτους,
2040 3303 2132 3354 καὶ
2162 3300 2434 3372 τοσαύτην
2493 3302 2745 3371 ἐμποιεῖν
2796 3299 3030 3366 εὔνοιαν,
3074 3303 3207 3374 ὅσην
3236 3304 3336 3355 οῦκ
3402 3303 3536 3372 άλλη
3566 3320 3655 3367 τις

381 3400 676 3469 συγγένεια
708 3399 767 3450 τὸ
797 3396 1059 3466 παράπαν
1078 3393 1397 3463 δυνάμενον.

461 3489 522 3542 ι’.
562 3488 753 3543 Exillo
793 3498 1044 3557 tempore
1073 3488 1215 3556 apud
1240 3488 1632 3544 monasterium
1661 3490 1823 3545 vitam
1840 3505 1962 3546 cum

379 3590 654 3637 conventu
685 3578 795 3650 egit
836 3579 1180 3636 Anastasius.
1215 3578 1390 3636 Porro
1428 3590 1610 3637 autem
1643 3581 1695 3637 ei
1747 3598 1964 3654 quoque

380 3676 602 3727 fuerunt
629 3671 846 3726 diversa
877 3669 1087 3727 credita
1110 3669 1455 3727 ministeria:
1490 3686 1593 3727 nec
1633 3681 1748 3726 erat
1784 3672 1961 3728 solum

380 3764 437 3816 in
466 3761 548 3815 eis
576 3756 918 3823 utilissimus,
951 3758 1050 3813 sed
1083 3758 1250 3815 etiam
1288 3759 1343 3815 in
1375 3760 1594 3817 actione
1630 3759 1846 3815 virtutis
1877 3761 1962 3816 di-

378 3853 796 3925 ligentissimus.
822 3850 957 3906 Nam
994 3866 1119 3906 cum
1150 3860 1206 3907 et
1233 3852 1430 3907 culinae
1460 3861 1517 3906 et
1540 3851 1681 3907 horti
1716 3852 1962 3909 ministe-

383 3947 467 4001 rio
511 3960 665 4001 suam
697 3943 852 3999 daret
878 3957 1121 4013 operam,
1159 3950 1217 3998 et
1256 3951 1402 3999 recte
1450 3958 1509 3999 se
1546 3953 1758 4014 gereret
1798 3945 1855 3998 in
1883 3944 1963 3999 la-

377 4039 513 4093 bore
543 4050 828 4099 manuum,
862 4051 892 4088 ο
921 4033 1155 4090 fratrum
1190 4035 1379 4107 synaxi
1420 4048 1701 4103 nunquam
1747 4037 1957 4103 aberat,

377 4138 435 4183 et
465 4137 595 4184 ante
619 4128 756 4182 alios
780 4142 1063 4183 sacrorum
1089 4128 1470 4197 mysteriorum
1492 4128 1840 4185 ceiebrationi
1870 4130 1958 4184 in-

379 4226 601 4274 tererat.
634 4217 691 4271 lu
719 4216 1028 4271 divinarum
1059 4226 1240 4271 autem
1267 4218 1670 4288 Scripturarum
1700 4219 1956 4285 lectione,

381 4320 437 4369 et
466 4312 701 4366 maxime
733 4310 870 4365 Vita:
900 4317 1213 4369 sant-torum
1245 4309 1487 4375 Patrum,
1524 4320 1670 4367 totus
1702 4322 1819 4368 erat
1842 4313 1960 4368 afﬁ-

378 4420 503 4470 xus,
532 4414 588 4458 et
608 4417 792 4465 aures,
838 4409 897 4457 ut
935 4400 1153 4467 dicitur,
1190 4403 1460 4474 arrigebat
1506 4405 1572 4459 ad
1602 4406 1955 4473 audiendum,

374 4506 603 4567 eratque
631 4504 815 4549 mente
832 4492 1059 4564 vigilans
1073 4503 1130 4548 et
1143 4496 1324 4549 omnia
1342 4498 1605 4551 memoria
1632 4496 1917 4568 colligebat
1939 4513 1954 4552 :

376 4598 436 4643 ut
466 4587 681 4643 etiamsi
707 4585 837 4656 quid
867 4586 1162 4652 diceretur,
1198 4586 1559 4658 quodingenii
1592 4587 1710 4658 ejus
1736 4598 1953 4659 captum

378 4688 683 4751 superaret,
722 4693 833 4733 non
869 4676 1187 4748 negiigeret,
1212 4692 1392 4746 neque
1418 4678 1628 4733 lucrum
1647 4694 1744 4748 per
1766 4694 1954 4733 socor-

2137 3491 2212 3543 E'.
2247 3489 2340 3556 Ἐξ
2387 3488 2598 3544 ἐκείνου
2640 3488 2820 3544 τοίνυν
2867 3488 3020 3560 διῆγε
3056 3491 3207 3561 παρὰ
3236 3493 3299 3563 τῇ
3340 3494 3476 3563 μονῇ
3514 3495 3653 3563 μετὰ

2061 3585 2163 3653 τῆς
2190 3580 2440 3644 συνοδίας
2469 3583 2496 3634 ὁ
2548 3580 2934 3645 Ἀναστάσιος·
2979 3581 3076 3636 καὶ
3104 3584 3287 3651 μέντοι
3317 3584 3410 3637 καὶ
3460 3584 3650 3653 διασό-

2064 3691 2192 3745 ρους
2217 3672 2512 3744 ἐπιστεύθη
2541 3673 2818 3737 διακονίας
2847 3689 2863 3704 ·
2882 3671 2979 3727 καὶ
3014 3669 3083 3745 ἦν
3108 3674 3170 3727 ού
3209 3674 3370 3745 μόνον
3397 3677 3527 3748 περὶ
3559 3678 3649 3730 αύ-

2059 3766 2158 3829 τὰς
2187 3766 2645 3837 εύχρηστότατος,
2681 3763 2820 3818 ἀλλὰ
2854 3766 2948 3819 καὶ
2971 3765 3107 3837 πρὸς
3138 3766 3238 3837 τὴν
3265 3769 3532 3837 ἐργασίαν
3552 3771 3643 3837 τῆς

2061 3857 2264 3928 ἀρετῆς
2296 3856 2825 3928 ἐμμελέστατος·τῇ
2845 3874 2904 3910 τε
2936 3858 3045 3925 γάρ
3067 3858 3160 3911 τοῦ
3199 3861 3521 3931 μαγειρείου
3550 3859 3644 3913 καὶ

2058 3947 2125 4015 τῇ
2163 3944 2259 3997 τοῦ
2292 3948 2470 4014 κήπου
2501 3946 2751 4016 διακονίᾳ
2800 3947 3089 4017 προσέχων
3110 3986 3126 4007 .
3158 3948 3252 4001 καὶ
3296 3949 3375 4020 τῷ
3408 3951 3517 4002 τῶν
3543 3966 3650 4019 χειο

2064 4037 2172 4106 ρῶν
2202 4034 2351 4106 ἔργῳ
2388 4035 2878 4107 κατευθυνόμενος,
2912 4038 3033 4091 οῦδὲ
3082 4039 3184 4110 τῆς
3242 4041 3350 4094 τῶν
3400 4042 3646 4111 ἀδελφῶν

2062 4125 2335 4191 συνάξεως
2364 4124 2746 4189 ἀπολέλειπτο,
2777 4129 2869 4181 καὶ
2913 4130 3022 4198 πρό
3058 4146 3123 4195 γε
3181 4130 3291 4183 τῶν
3338 4131 3513 4186 ἄλλων
3544 4138 3644 4203 τῆς

2059 4217 2199 4270 κατᾶ
2234 4216 2330 4287 τήν
2356 4216 2527 4287 ἱερὰν,
2565 4216 2727 4285 λέγω,
2767 4220 3182 4290 μυσταγωγίαν.
3208 4223 3311 4275 Ἐν
3340 4240 3401 4291 γε
3435 4223 3541 4294 μὴν
3571 4228 3638 4295 τῇ

2057 4309 2165 4362 τῶν
2194 4307 2355 4362 θείων
2378 4309 2612 4379 Γραφῶν
2634 4310 2961 4378 ἀναγνώσει,
2987 4314 3083 4364 καὶ
3116 4313 3348 4382 μάλιστα
3378 4320 3490 4379 τοῖς
3534 4318 3644 4369 τῶν

2058 4402 2222 4453 ὁσίων
2243 4402 2452 4471 ἀνδρῶν
2497 4400 2654 4472 βίοις,
2685 4402 2779 4455 καὶ
2814 4408 3240 4476 προσετετήκει,
3279 4413 3369 4460 καὶ
3404 4410 3474 4461 τὰ
3500 4402 3637 4471 ὦτα,

2056 4492 2117 4545 τὸ
2150 4492 2245 4545 τοῦ
2279 4492 2460 4557 λόγου,
2483 4492 2605 4563 ἵστη
2640 4494 2776 4564 πρὸς
2798 4494 2897 4564 τὴν
2920 4495 3211 4567 ἀκρόασιν,
3241 4499 3336 4553 καὶ
3372 4500 3465 4551 τὸν
3513 4499 3642 4553 νοῦν

2058 4584 2290 4648 ἔξυπνος
2312 4580 2401 4654 ἦν,
2432 4586 2528 4636 καὶ
2555 4587 2635 4648 είς
2671 4585 2770 4655 τὴν
2803 4586 3024 4657 μνήμην
3053 4587 3270 4643 ἅπαντα
3298 4591 3636 4660 συνελέγετο·

2038 4677 2132 4740 ὡς
2184 4680 2234 4730 εῖ
2262 4694 2313 4729 τι
2348 4679 2442 4729 καὶ
2478 4677 2619 4748 ὑπὲρ
2665 4676 2765 4748 τὴν
2801 4680 2969 4732 αὑτοῦ
2999 4680 3216 4755 λεχθείη
3260 4682 3519 4752 διάνοιαν,
3560 4684 3636 4756 μὴ

375 4774 521 4828 diam
547 4772 820 4827 amitteret
847 4787 862 4825 :
884 4771 980 4824 sed
1009 4765 1193 4840 potius
1215 4770 1505 4825 accederet
1525 4770 1592 4825 ad
1620 4771 1838 4833 fratres,
1858 4773 1950 4840 qui

2064 4772 2280 4843 ἀμελεῖν
2302 4814 2317 4838 ,
2381 4772 2513 4841 μηδὲ
2548 4774 2797 4846 ῥᾳθυμίᾳ
2830 4775 2893 4828 τὸ
2924 4776 3110 4847 κέρδος
3152 4777 3460 4850 προΐεσθαι,
3500 4780 3637 4834 ἀλλὰ

378 4882 504 4922 eum
532 4865 782 4920 doctrina
814 4862 1164 4933 superabant,
1205 4868 1261 4915 et
1310 4862 1404 4930 qui
1429 4870 1653 4930 possent
1700 4861 1825 4916 talia
1857 4877 1952 4916 es-

374 4971 620 5030 planare,
653 4970 709 5012 et
728 4957 983 5013 lubenter
1011 4970 1136 5013 cum
1169 4968 1236 5008 eo
1266 4952 1564 5021 inquirere,
1596 4963 1652 5007 et
1675 4953 1753 5008 sic
1782 4954 1953 5007 medip

378 5053 545 5107 tando
572 5050 845 5113 venerari,
881 5048 1145 5120 quidquid
1175 5061 1303 5102 eum
1326 5046 1547 5102 latebat.
1586 5047 1722 5102 Cum
1765 5060 1947 5103 autem

370 5144 514 5215 apud
548 5158 607 5217 se
633 5144 832 5213 legeret
859 5140 1113 5197 victorias
1138 5138 1431 5208 insignium
1482 5147 1800 5209 martyrum,
1830 5150 1946 5194 tro-

370 5253 486 5307 pu-a
517 5245 570 5291 ct
601 5235 924 5297 certamina,
990 5231 1159 5286 libros
1202 5230 1529 5301 aspergebat
1577 5231 1851 5303 lacrymis,
1878 5232 1948 5287 si-

370 5320 636 5392 gniﬁcans
670 5335 829 5375 suum
858 5320 913 5373 in
934 5317 1190 5389 patiendo
1219 5332 1572 5385 consensum,
1607 5335 1775 5391 seque
1820 5336 1946 5377 cum

354 5414 449 5467 eis
508 5411 755 5467 inotestia
786 5410 932 5467 attici
962 5418 1019 5466 et
1070 5410 1172 5466 zeli
1218 5424 1339 5466 esse
1376 5408 1583 5466 socium
1614 5429 1627 5464 :
1663 5421 1718 5466 et
1760 5414 1949 5468 beatos

364 5504 591 5571 quidem
620 5513 842 5560 sanctos
867 5503 1256 5573 pronuntiabat
1284 5513 1509 5574 propter
1549 5494 1711 5558 linem
1744 5520 1758 5557 :
1791 5504 1955 5560 mira-

356 5595 531 5651 batur
556 5610 691 5652 vero
709 5610 899 5651 eorum
925 5596 1291 5681 tolerantiam.
1330 5596 1534 5651 Deinde
1558 5597 1633 5663 id,
1663 5597 1807 5668 quod
1834 5607 1954 5653 erat

2061 4865 2344 4933 προσιέναι
2379 4863 2581 4932 μᾶλλον
2619 4866 2733 4929 τοῖς
2750 4867 3176 4939 διαφορωτέροις
3204 4870 3303 4941 τὴν
3354 4871 3637 4926 παίδευσιν

2058 4952 2309 5020 ἀδελφοῖς
2337 4993 2350 5015 ,
2380 4952 2476 5003 καὶ
2502 4955 2615 5016 τοῖς
2640 4966 2705 5022 γε
2732 4955 2803 5007 τά
2829 4954 3052 5008 τοιαῦτα
3090 4957 3372 5028 διασαφεξν
3404 4959 3638 5031 δυναμέ-

2056 5062 2192 5109 νοις,
2227 5044 2321 5097 καὶ
2349 5045 2603 5115 συζητεῖν
2629 5046 2821 5116 ἡδέως,
2854 5050 2950 5102 καὶ
2988 5049 3257 5122 διερωτᾷν
3304 5052 3633 5123 φιλοπόνως·

2057 5140 2151 5191 καὶ
2183 5136 2359 5200 οὕτως
2391 5136 2544 5190 ᾶπλν
2572 5138 2635 5190 τὸ
2661 5136 2953 5208 διαφεῦγον
2991 5141 3154 5195 αύτὶν
3204 5141 3403 5216 μελέτῃ
3438 5143 3631 5215 θηρᾷν.

2067 5229 2483 5297 Ἀναγινὼσκων
2519 5229 2577 5282 δὲ
2604 5231 2701 5282 καὶ
2728 5230 2856 5283 καθ’
2885 5232 3076 5285 ἑαυτὸν
3125 5234 3192 5286 τὰ
3239 5234 3351 5289 τῶν
3389 5236 3631 5290 κα).).ινὶ·υ

2054 5341 2168 5379 κων
2223 5324 2519 5393 μαρτύρων
2580 5324 2822 5394 τρόπαια
2869 5325 2965 5377 καὶ
3012 5326 3137 5388 τοὺς
3171 5324 3388 5394 ἄθλους,
3417 5328 3630 5400 δάκρυα

2053 5415 2163 5469 τῶν
2203 5413 2426 5483 βιῆλίων
2449 5413 2709 5485 κατέρρει
2734 5454 2750 5481 ,
2790 5415 2853 5468 τὸ
2892 5416 3238 5489 συμπάσχειν
3271 5422 3365 5472 καὶ
3407 5420 3626 5474 συνοδυ-

2051 5506 2245 5562 νᾶσθαι
2270 5505 2481 5570 τούτοις
2506 5506 2598 5559 καὶ
2624 5508 2899 5561 κοινωνεῖν
2919 5507 3016 5561 τοῦ
3041 5508 3204 5580 ζήλου
3232 5510 3627 5583 διασημαίνων·

2042 5602 2148 5654 ’καὶ
2176 5598 2270 5653 τοῦ
2322 5601 2421 5671 μὲν
2460 5599 2671 5663 τέλους,
2702 5600 3014 5673 ,ἐμακάριζε
3044 5603 3167 5667 τοὺς
3190 5603 3382 5671 ἁγίους
3403 5645 3416 5668 ,
3447 5604 3543 5674 τῆς
3572 5604 3626 5658 δὲ

432 5781 523 5851 44)
564 5780 884 5843 Duodecimo
929 5769 1153 5859 corrigit
1195 5764 1415 5849 B‘a'on‘g
1475 5780 1569 5856 qui
1622 5782 1722 5837 fuit
1767 5800 1946 5841 annus
2000 5786 2124 5841 621.
