  <div class='ocr_page' id='page_1' title='image "/cluster/home/n/w/nwhite01/storage/ocr_20150623/114:no.1/coo.31924054870187/398.png"; bbox 0 0 4116 6418; ppageno 0'>
   <div class='ocr_carea' id='block_1_1' title="bbox 425 296 521 361">
    <p class='ocr_par' dir='ltr' id='par_1_1' title="bbox 425 296 521 361">
     <span class='ocr_line' id='line_1_1' title="bbox 425 296 521 361; baseline 0 -1"><span class='ocrx_word' id='word_1_1' title='bbox 425 296 521 361; x_wconf 81' lang='grc'><strong>781</strong></span> 
     </span>
    </p>
   </div>
   <div class='ocr_carea' id='block_1_2' title="bbox 1521 276 2002 361">
    <p class='ocr_par' dir='ltr' id='par_1_2' title="bbox 1521 292 2002 357">
     <span class='ocr_line' id='line_1_2' title="bbox 1521 292 2002 357; baseline -0.01 -2"><span class='ocrx_word' id='word_1_2' title='bbox 1521 296 1567 355; x_wconf 75' lang='lat' dir='ltr'><strong>V</strong></span> <span class='ocrx_word' id='word_1_3' title='bbox 1584 294 1703 357; x_wconf 71' lang='lat' dir='ltr'><strong>[TA</strong></span> <span class='ocrx_word' id='word_1_4' title='bbox 1737 294 1797 354; x_wconf 88' lang='lat' dir='ltr'><strong>S.</strong></span> <span class='ocrx_word' id='word_1_5' title='bbox 1839 292 2002 352; x_wconf 75' lang='lat' dir='ltr'><strong>ANA!</strong></span> 
     </span>
    </p>
   </div>
   <div class='ocr_carea' id='block_1_3' title="bbox 2103 276 3681 361">
    <p class='ocr_par' dir='ltr' id='par_1_3' title="bbox 2103 276 3681 361">
     <span class='ocr_line' id='line_1_3' title="bbox 2103 276 3681 361; baseline 0.006 -10"><span class='ocrx_word' id='word_1_6' title='bbox 2103 291 2244 351; x_wconf 69' lang='lat' dir='ltr'><strong>tsn</strong></span> <span class='ocrx_word' id='word_1_7' title='bbox 2283 288 2549 352; x_wconf 65' lang='lat' dir='ltr'><strong>PERSE</strong></span> <span class='ocrx_word' id='word_1_8' title='bbox 3103 276 3120 294; x_wconf 86' lang='lat'><strong><em>‘</em></strong></span> <span class='ocrx_word' id='word_1_9' title='bbox 3575 296 3681 361; x_wconf 65' lang='grc' dir='ltr'><strong>πε</strong></span> 
     </span>
    </p>
   </div>
   <div class='ocr_carea' id='block_1_4' title="bbox 424 401 2002 478">
    <p class='ocr_par' dir='ltr' id='par_1_4' title="bbox 424 402 2002 478">
     <span class='ocr_line' id='line_1_4' title="bbox 424 402 2002 478; baseline -0.002 -16"><span class='ocrx_word' id='word_1_10' title='bbox 424 404 722 478; x_wconf 71' lang='grc' dir='ltr'>ὑπομονῆς.</span> <span class='ocrx_word' id='word_1_11' title='bbox 751 404 1138 478; x_wconf 76' lang='grc' dir='ltr'>ἐξεπλήττετο.</span> <span class='ocrx_word' id='word_1_12' title='bbox 1170 402 1304 461; x_wconf 74' lang='grc' dir='ltr'>Εἶτα</span> <span class='ocrx_word' id='word_1_13' title='bbox 1331 406 1428 459; x_wconf 70' lang='grc' dir='ltr'><strong>καὶ</strong></span> <span class='ocrx_word' id='word_1_14' title='bbox 1464 405 1558 460; x_wconf 82' lang='grc' dir='ltr'><strong>τδν</strong></span> <span class='ocrx_word' id='word_1_15' title='bbox 1584 404 1884 476; x_wconf 81' lang='grc' dir='ltr'>σύντροφον</span> <span class='ocrx_word' id='word_1_16' title='bbox 1908 407 2002 460; x_wconf 74' lang='grc' dir='ltr'><strong>ἀπ’</strong></span> 
     </span>
    </p>
   </div>
   <div class='ocr_carea' id='block_1_5' title="bbox 2103 401 3683 478">
    <p class='ocr_par' dir='ltr' id='par_1_5' title="bbox 2106 401 3683 478">
     <span class='ocr_line' id='line_1_5' title="bbox 2106 401 3683 478; baseline 0.006 -22"><span class='ocrx_word' id='word_1_17' title='bbox 2106 402 2157 457; x_wconf 87' lang='lat' dir='ltr'><strong>ei</strong></span> <span class='ocrx_word' id='word_1_18' title='bbox 2185 402 2256 457; x_wconf 88' lang='lat' dir='ltr'><strong>ab</strong></span> <span class='ocrx_word' id='word_1_19' title='bbox 2284 401 2443 457; x_wconf 86' lang='lat' dir='ltr'><strong>initio</strong></span> <span class='ocrx_word' id='word_1_20' title='bbox 2469 403 2842 474; x_wconf 80' lang='lat' dir='ltr'><strong>congenitum,</strong></span> <span class='ocrx_word' id='word_1_21' title='bbox 2875 402 3205 459; x_wconf 88' lang='lat' dir='ltr'><strong>desiderium</strong></span> <span class='ocrx_word' id='word_1_22' title='bbox 3240 408 3477 478; x_wconf 75' lang='lat' dir='ltr'><strong>martyrii</strong></span> <span class='ocrx_word' id='word_1_23' title='bbox 3510 416 3565 461; x_wconf 79' lang='lat' dir='ltr'><strong>et</strong></span> <span class='ocrx_word' id='word_1_24' title='bbox 3591 425 3683 465; x_wconf 81' lang='lat' dir='ltr'><strong>ze-</strong></span> 
     </span>
    </p>
   </div>
   <div class='ocr_carea' id='block_1_6' title="bbox 421 487 2010 570">
    <p class='ocr_par' dir='ltr' id='par_1_6' title="bbox 421 487 2010 570">
     <span class='ocr_line' id='line_1_6' title="bbox 421 487 2010 570; baseline -0.003 -15"><span class='ocrx_word' id='word_1_25' title='bbox 421 500 597 570; x_wconf 75' lang='grc' dir='ltr'>ἀρχῆς</span> <span class='ocrx_word' id='word_1_26' title='bbox 631 498 784 569; x_wconf 77' lang='grc' dir='ltr'><strong>αὖτῷ</strong></span> <span class='ocrx_word' id='word_1_27' title='bbox 812 487 978 552; x_wconf 71' lang='grc' dir='ltr'>πόθον</span> <span class='ocrx_word' id='word_1_28' title='bbox 1001 498 1098 552; x_wconf 73' lang='grc' dir='ltr'>καὶ</span> <span class='ocrx_word' id='word_1_29' title='bbox 1126 496 1291 569; x_wconf 77' lang='grc' dir='ltr'>ζῆλον</span> <span class='ocrx_word' id='word_1_30' title='bbox 1319 496 1415 551; x_wconf 82' lang='grc' dir='ltr'>τοῦ</span> <span class='ocrx_word' id='word_1_31' title='bbox 1450 497 1755 570; x_wconf 78' lang='grc' dir='ltr'>μαρτυρίου</span> <span class='ocrx_word' id='word_1_32' title='bbox 1810 498 2010 569; x_wconf 76' lang='grc' dir='ltr'>θερμό-</span> 
     </span>
    </p>
   </div>
   <div class='ocr_carea' id='block_1_7' title="bbox 419 589 2008 662">
    <p class='ocr_par' dir='ltr' id='par_1_7' title="bbox 419 589 2008 662">
     <span class='ocr_line' id='line_1_7' title="bbox 419 589 2008 662; baseline -0.003 -17"><span class='ocrx_word' id='word_1_33' title='bbox 419 608 578 662; x_wconf 83' lang='grc' dir='ltr'>τερον</span> <span class='ocrx_word' id='word_1_34' title='bbox 608 590 689 644; x_wconf 77' lang='grc' dir='ltr'>ἔτι</span> <span class='ocrx_word' id='word_1_35' title='bbox 714 589 917 658; x_wconf 78' lang='grc' dir='ltr'>μᾶλλον</span> <span class='ocrx_word' id='word_1_36' title='bbox 945 590 1140 656; x_wconf 84' lang='grc' dir='ltr'>ἐποίει,</span> <span class='ocrx_word' id='word_1_37' title='bbox 1171 593 1237 662; x_wconf 79' lang='grc' dir='ltr'>τῇ</span> <span class='ocrx_word' id='word_1_38' title='bbox 1267 590 1455 662; x_wconf 72' lang='grc' dir='ltr'>ὁμιλία</span> <span class='ocrx_word' id='word_1_39' title='bbox 1483 589 1590 642; x_wconf 84' lang='grc' dir='ltr'><strong>τῶν</strong></span> <span class='ocrx_word' id='word_1_40' title='bbox 1622 589 2008 659; x_wconf 85' lang='grc' dir='ltr'>προλαϐόντων</span> 
     </span>
    </p>
   </div>
   <div class='ocr_carea' id='block_1_8' title="bbox 424 680 2007 752">
    <p class='ocr_par' dir='ltr' id='par_1_8' title="bbox 424 680 2007 752">
     <span class='ocr_line' id='line_1_8' title="bbox 424 680 2007 752; baseline -0.001 -17"><span class='ocrx_word' id='word_1_41' title='bbox 424 683 823 751; x_wconf 76' lang='grc' dir='ltr'>ὑποκαιόμενσν</span> <span class='ocrx_word' id='word_1_42' title='bbox 844 696 858 708; x_wconf 92' lang='grc'><strong>·</strong></span> <span class='ocrx_word' id='word_1_43' title='bbox 892 681 986 734; x_wconf 72' lang='grc' dir='ltr'>καὶ</span> <span class='ocrx_word' id='word_1_44' title='bbox 1013 681 1127 734; x_wconf 82' lang='grc' dir='ltr'><strong>τῶν</strong></span> <span class='ocrx_word' id='word_1_45' title='bbox 1161 680 1293 735; x_wconf 80' lang='grc' dir='ltr'>ἴσων</span> <span class='ocrx_word' id='word_1_46' title='bbox 1330 681 1629 748; x_wconf 79' lang='grc' dir='ltr'>ἀξιωθῆναι</span> <span class='ocrx_word' id='word_1_47' title='bbox 1662 681 2007 752; x_wconf 69' lang='grc' dir='ltr'>παθημάτων</span> 
     </span>
    </p>
   </div>
   <div class='ocr_carea' id='block_1_9' title="bbox 432 768 2010 843">
    <p class='ocr_par' dir='ltr' id='par_1_9' title="bbox 432 768 2010 843">
     <span class='ocr_line' id='line_1_9' title="bbox 432 768 2010 843; baseline 0.001 -20"><span class='ocrx_word' id='word_1_48' title='bbox 432 769 567 843; x_wconf 52' lang='lat' dir='ltr'><strong>aut?</strong></span> <span class='ocrx_word' id='word_1_49' title='bbox 597 770 835 841; x_wconf 71' lang='grc' dir='ltr'>Χριστοῦ</span> <span class='ocrx_word' id='word_1_50' title='bbox 871 770 965 825; x_wconf 75' lang='grc' dir='ltr'><strong>καὶ</strong></span> <span class='ocrx_word' id='word_1_51' title='bbox 990 770 1155 834; x_wconf 62' lang='lat' dir='ltr'><strong>«urbe</strong></span> <span class='ocrx_word' id='word_1_52' title='bbox 1180 768 1403 841; x_wconf 73' lang='grc' dir='ltr'>ηὔχετο.</span> <span class='ocrx_word' id='word_1_53' title='bbox 1439 772 1641 842; x_wconf 86' lang='grc' dir='ltr'>Διόπερ</span> <span class='ocrx_word' id='word_1_54' title='bbox 1669 772 1791 824; x_wconf 71' lang='grc' dir='ltr'>οὐδὲ</span> <span class='ocrx_word' id='word_1_55' title='bbox 1816 770 2010 840; x_wconf 63' lang='grc' dir='ltr'>σλολά-</span> 
     </span>
    </p>
   </div>
   <div class='ocr_carea' id='block_1_10' title="bbox 424 860 2008 932">
    <p class='ocr_par' dir='ltr' id='par_1_10' title="bbox 424 860 2008 932">
     <span class='ocr_line' id='line_1_10' title="bbox 424 860 2008 932; baseline 0 -19"><span class='ocrx_word' id='word_1_56' title='bbox 424 861 540 926; x_wconf 77' lang='grc' dir='ltr'>ζειν</span> <span class='ocrx_word' id='word_1_57' title='bbox 589 860 806 931; x_wconf 75' lang='grc' dir='ltr'><strong>ἑτέραις</strong></span> <span class='ocrx_word' id='word_1_58' title='bbox 844 861 1006 924; x_wconf 74' lang='grc' dir='ltr'>τισὶν,</span> <span class='ocrx_word' id='word_1_59' title='bbox 1062 862 1145 916; x_wconf 79' lang='grc' dir='ltr'>ὅτι</span> <span class='ocrx_word' id='word_1_60' title='bbox 1197 860 1271 932; x_wconf 81' lang='grc' dir='ltr'>μὴ</span> <span class='ocrx_word' id='word_1_61' title='bbox 1337 863 1402 932; x_wconf 75' lang='grc' dir='ltr'>τῇ</span> <span class='ocrx_word' id='word_1_62' title='bbox 1451 860 1657 914; x_wconf 80' lang='grc' dir='ltr'>τούτων</span> <span class='ocrx_word' id='word_1_63' title='bbox 1703 861 2008 930; x_wconf 76' lang='grc' dir='ltr'><strong>ἀναγνώσει</strong></span> 
     </span>
    </p>
   </div>
   <div class='ocr_carea' id='block_1_11' title="bbox 427 952 2007 1025">
    <p class='ocr_par' dir='ltr' id='par_1_11' title="bbox 427 952 2007 1025">
     <span class='ocr_line' id='line_1_11' title="bbox 427 952 2007 1025; baseline -0.001 -19"><span class='ocrx_word' id='word_1_64' title='bbox 427 953 564 1024; x_wconf 77' lang='grc' dir='ltr'>μόνῃ</span> <span class='ocrx_word' id='word_1_65' title='bbox 618 952 917 1024; x_wconf 73' lang='grc' dir='ltr'><strong>προῄρητο.</strong></span> <span class='ocrx_word' id='word_1_66' title='bbox 951 954 1223 1024; x_wconf 78' lang='grc' dir='ltr'>Ἕϐδομον</span> <span class='ocrx_word' id='word_1_67' title='bbox 1280 952 1374 1006; x_wconf 76' lang='grc' dir='ltr'><strong>οὖν</strong></span> <span class='ocrx_word' id='word_1_68' title='bbox 1427 955 1486 1006; x_wconf 80' lang='grc' dir='ltr'><strong>ἐν</strong></span> <span class='ocrx_word' id='word_1_69' title='bbox 1527 956 1593 1024; x_wconf 75' lang='grc' dir='ltr'>τῇ</span> <span class='ocrx_word' id='word_1_70' title='bbox 1631 955 1764 1025; x_wconf 79' lang='grc' dir='ltr'>μονῇ</span> <span class='ocrx_word' id='word_1_71' title='bbox 1814 952 2007 1023; x_wconf 87' lang='grc' dir='ltr'>χρόνον</span> 
     </span>
    </p>
   </div>
   <div class='ocr_carea' id='block_1_12' title="bbox 437 1042 2008 1116">
    <p class='ocr_par' dir='ltr' id='par_1_12' title="bbox 437 1042 2008 1116">
     <span class='ocr_line' id='line_1_12' title="bbox 437 1042 2008 1116; baseline 0 -19"><span class='ocrx_word' id='word_1_72' title='bbox 437 1044 791 1097; x_wconf 78' lang='grc' dir='ltr'>’Δναστασίου</span> <span class='ocrx_word' id='word_1_73' title='bbox 823 1042 1162 1113; x_wconf 82' lang='grc' dir='ltr'>διηνυκότος,</span> <span class='ocrx_word' id='word_1_74' title='bbox 1189 1046 1323 1116; x_wconf 82' lang='grc' dir='ltr'>ὀρᾷν</span> <span class='ocrx_word' id='word_1_75' title='bbox 1339 1044 1513 1110; x_wconf 73' lang='grc' dir='ltr'>οὕτως</span> <span class='ocrx_word' id='word_1_76' title='bbox 1536 1045 1842 1099; x_wconf 70' lang='grc' dir='ltr'><strong>ἐπιδιδόντα</strong></span> <span class='ocrx_word' id='word_1_77' title='bbox 1871 1044 2008 1115; x_wconf 79' lang='grc' dir='ltr'>πρὸς</span> 
     </span>
    </p>
   </div>
   <div class='ocr_carea' id='block_1_13' title="bbox 422 1135 2005 1208">
    <p class='ocr_par' dir='ltr' id='par_1_13' title="bbox 422 1135 2005 1208">
     <span class='ocr_line' id='line_1_13' title="bbox 422 1135 2005 1208; baseline 0.001 -19"><span class='ocrx_word' id='word_1_78' title='bbox 422 1137 626 1206; x_wconf 77' lang='grc' dir='ltr'>ἀρετὴν</span> <span class='ocrx_word' id='word_1_79' title='bbox 655 1138 685 1189; x_wconf 88' lang='grc' dir='ltr'><strong>ό</strong></span> <span class='ocrx_word' id='word_1_80' title='bbox 721 1137 815 1189; x_wconf 83' lang='grc' dir='ltr'><strong>τοῦ</strong></span> <span class='ocrx_word' id='word_1_81' title='bbox 840 1135 1036 1205; x_wconf 84' lang='grc' dir='ltr'>φθόνου</span> <span class='ocrx_word' id='word_1_82' title='bbox 1071 1137 1252 1208; x_wconf 80' lang='grc' dir='ltr'>πατὴρ</span> <span class='ocrx_word' id='word_1_83' title='bbox 1284 1139 1498 1191; x_wconf 85' lang='grc' dir='ltr'>ἐκεῖνον</span> <span class='ocrx_word' id='word_1_84' title='bbox 1521 1139 1623 1191; x_wconf 81' lang='grc' dir='ltr'><strong>οὐκ</strong></span> <span class='ocrx_word' id='word_1_85' title='bbox 1656 1137 2005 1208; x_wconf 81' lang='grc' dir='ltr'>ἀνεχόμενος.</span> 
     </span>
    </p>
   </div>
   <div class='ocr_carea' id='block_1_14' title="bbox 421 1225 2007 1301">
    <p class='ocr_par' dir='ltr' id='par_1_14' title="bbox 421 1225 2007 1301">
     <span class='ocr_line' id='line_1_14' title="bbox 421 1225 2007 1301; baseline 0 -19"><span class='ocrx_word' id='word_1_86' title='bbox 421 1227 541 1282; x_wconf 79' lang='grc' dir='ltr'>ἀλλ’</span> <span class='ocrx_word' id='word_1_87' title='bbox 568 1225 745 1299; x_wconf 77' lang='grc' dir='ltr'>ὁρμὴν</span> <span class='ocrx_word' id='word_1_88' title='bbox 777 1226 1049 1300; x_wconf 74' lang='grc' dir='ltr'>τοσαύτην</span> <span class='ocrx_word' id='word_1_89' title='bbox 1079 1228 1174 1282; x_wconf 69' lang='grc' dir='ltr'><strong>καλ⁵</strong></span> <span class='ocrx_word' id='word_1_90' title='bbox 1194 1229 1339 1282; x_wconf 75' lang='grc' dir='ltr'>οὕτω</span> <span class='ocrx_word' id='word_1_91' title='bbox 1384 1229 1638 1284; x_wconf 84' lang='grc' dir='ltr'><strong>σύντονον</strong></span> <span class='ocrx_word' id='word_1_92' title='bbox 1673 1231 1767 1283; x_wconf 75' lang='grc' dir='ltr'>καὶ</span> <span class='ocrx_word' id='word_1_93' title='bbox 1796 1229 2007 1301; x_wconf 73' lang='grc' dir='ltr'>θερμὴν</span> 
     </span>
    </p>
   </div>
   <div class='ocr_carea' id='block_1_15' title="bbox 420 1319 2007 1392">
    <p class='ocr_par' dir='ltr' id='par_1_15' title="bbox 420 1319 2007 1392">
     <span class='ocr_line' id='line_1_15' title="bbox 420 1319 2007 1392; baseline 0.001 -19"><span class='ocrx_word' id='word_1_94' title='bbox 420 1319 694 1386; x_wconf 78' lang='grc' dir='ltr'>ἀνακόψαι</span> <span class='ocrx_word' id='word_1_95' title='bbox 729 1320 948 1390; x_wconf 77' lang='grc' dir='ltr'>μηχανῇ</span> <span class='ocrx_word' id='word_1_96' title='bbox 1008 1319 1157 1390; x_wconf 79' lang='grc' dir='ltr'>πάσῃ</span> <span class='ocrx_word' id='word_1_97' title='bbox 1190 1319 1538 1390; x_wconf 84' lang='grc' dir='ltr'>βουλόμενος,</span> <span class='ocrx_word' id='word_1_98' title='bbox 1583 1322 1662 1384; x_wconf 85' lang='grc' dir='ltr'>εἰς</span> <span class='ocrx_word' id='word_1_99' title='bbox 1696 1321 2007 1392; x_wconf 71' lang='grc' dir='ltr'><strong>ὑπόμνησιν</strong></span> 
     </span>
    </p>
   </div>
   <div class='ocr_carea' id='block_1_16' title="bbox 422 1409 2007 1483">
    <p class='ocr_par' dir='ltr' id='par_1_16' title="bbox 422 1409 2007 1483">
     <span class='ocr_line' id='line_1_16' title="bbox 422 1409 2007 1483; baseline 0.001 -19"><span class='ocrx_word' id='word_1_100' title='bbox 422 1411 523 1481; x_wconf 83' lang='grc' dir='ltr'>τῆς</span> <span class='ocrx_word' id='word_1_101' title='bbox 548 1426 606 1462; x_wconf 85' lang='grc' dir='ltr'><strong>τε</strong></span> <span class='ocrx_word' id='word_1_102' title='bbox 637 1410 916 1481; x_wconf 75' lang='grc' dir='ltr'><strong>πατρικῆς</strong></span> <span class='ocrx_word' id='word_1_103' title='bbox 948 1409 1115 1464; x_wconf 78' lang='grc' dir='ltr'>αὐτὸν</span> <span class='ocrx_word' id='word_1_104' title='bbox 1142 1411 1495 1475; x_wconf 71' lang='grc' dir='ltr'><strong>διδασκαλίας</strong></span> <span class='ocrx_word' id='word_1_105' title='bbox 1518 1413 1611 1466; x_wconf 80' lang='grc' dir='ltr'><strong>καὶ</strong></span> <span class='ocrx_word' id='word_1_106' title='bbox 1639 1413 1747 1465; x_wconf 87' lang='grc' dir='ltr'><strong>τῶν</strong></span> <span class='ocrx_word' id='word_1_107' title='bbox 1776 1413 2007 1483; x_wconf 82' lang='grc' dir='ltr'>σαπρῶν</span> 
     </span>
    </p>
   </div>
   <div class='ocr_carea' id='block_1_17' title="bbox 424 1501 2008 1574">
    <p class='ocr_par' dir='ltr' id='par_1_17' title="bbox 424 1501 2008 1574">
     <span class='ocr_line' id='line_1_17' title="bbox 424 1501 2008 1574; baseline 0.002 -18"><span class='ocrx_word' id='word_1_108' title='bbox 424 1501 649 1556; x_wconf 78' lang='grc' dir='ltr'>ἐκείνων</span> <span class='ocrx_word' id='word_1_109' title='bbox 674 1504 774 1572; x_wconf 83' lang='grc' dir='ltr'><strong>τῆς</strong></span> <span class='ocrx_word' id='word_1_110' title='bbox 796 1503 1050 1571; x_wconf 84' lang='grc' dir='ltr'>γοητείας</span> <span class='ocrx_word' id='word_1_111' title='bbox 1073 1502 1235 1572; x_wconf 80' lang='grc' dir='ltr'>ἐνῆγε</span> <span class='ocrx_word' id='word_1_112' title='bbox 1277 1504 1560 1574; x_wconf 77' lang='grc' dir='ltr'><strong>ῥημάτων.</strong></span> <span class='ocrx_word' id='word_1_113' title='bbox 1597 1507 1690 1560; x_wconf 74' lang='lat' dir='ltr'><strong>xa‘t</strong></span> <span class='ocrx_word' id='word_1_114' title='bbox 1730 1505 2008 1570; x_wconf 76' lang='grc' dir='ltr'><strong>τοιαύταις</strong></span> 
     </span>
    </p>
   </div>
   <div class='ocr_carea' id='block_1_18' title="bbox 429 1590 2005 1667">
    <p class='ocr_par' dir='ltr' id='par_1_18' title="bbox 429 1590 2005 1667">
     <span class='ocr_line' id='line_1_18' title="bbox 429 1590 2005 1667; baseline 0.002 -21"><span class='ocrx_word' id='word_1_115' title='bbox 429 1590 757 1661; x_wconf 84' lang='grc' dir='ltr'>προσϐολαῖς</span> <span class='ocrx_word' id='word_1_116' title='bbox 783 1594 1107 1647; x_wconf 70' lang='grc' dir='ltr'>κατασείεται</span> <span class='ocrx_word' id='word_1_117' title='bbox 1134 1592 1227 1646; x_wconf 80' lang='grc' dir='ltr'><strong>τὸν</strong></span> <span class='ocrx_word' id='word_1_118' title='bbox 1255 1595 1470 1666; x_wconf 86' lang='grc' dir='ltr'>πύργον</span> <span class='ocrx_word' id='word_1_119' title='bbox 1494 1593 1593 1666; x_wconf 83' lang='grc' dir='ltr'>τῆς</span> <span class='ocrx_word' id='word_1_120' title='bbox 1618 1596 1796 1667; x_wconf 73' lang='grc' dir='ltr'>ψυχῆς</span> <span class='ocrx_word' id='word_1_121' title='bbox 1839 1596 2005 1652; x_wconf 81' lang='grc' dir='ltr'>αύτοῦ</span> 
     </span>
    </p>
   </div>
   <div class='ocr_carea' id='block_1_19' title="bbox 432 1674 2002 1759">
    <p class='ocr_par' dir='ltr' id='par_1_19' title="bbox 432 1674 2002 1759">
     <span class='ocr_line' id='line_1_19' title="bbox 432 1674 2002 1759; baseline 0.003 -22"><span class='ocrx_word' id='word_1_122' title='bbox 432 1685 703 1755; x_wconf 79' lang='grc' dir='ltr'>ἐπειρᾶτο.</span> <span class='ocrx_word' id='word_1_123' title='bbox 724 1684 834 1738; x_wconf 74' lang='grc' dir='ltr'><strong>Καὶ</strong></span> <span class='ocrx_word' id='word_1_124' title='bbox 857 1684 916 1748; x_wconf 75' lang='grc' dir='ltr'>ὃς</span> <span class='ocrx_word' id='word_1_125' title='bbox 939 1685 1039 1756; x_wconf 83' lang='grc' dir='ltr'>τὴν</span> <span class='ocrx_word' id='word_1_126' title='bbox 1064 1685 1358 1756; x_wconf 81' lang='grc' dir='ltr'>ἐπιϐουλὴν</span> <span class='ocrx_word' id='word_1_127' title='bbox 1372 1687 1584 1740; x_wconf 85' lang='grc' dir='ltr'>ἐκείνου</span> <span class='ocrx_word' id='word_1_128' title='bbox 1604 1688 1680 1759; x_wconf 77' lang='grc' dir='ltr'><strong>μὴ</strong></span> <span class='ocrx_word' id='word_1_129' title='bbox 1709 1674 2002 1757; x_wconf 73' lang='grc' dir='ltr'>ἀγνοήσας,</span> 
     </span>
    </p>
   </div>
   <div class='ocr_carea' id='block_1_20' title="bbox 428 1778 2005 1850">
    <p class='ocr_par' dir='ltr' id='par_1_20' title="bbox 428 1778 2005 1850">
     <span class='ocr_line' id='line_1_20' title="bbox 428 1778 2005 1850; baseline 0.001 -20"><span class='ocrx_word' id='word_1_130' title='bbox 428 1779 524 1848; x_wconf 69' lang='grc' dir='ltr'>τὴν</span> <span class='ocrx_word' id='word_1_131' title='bbox 541 1778 745 1833; x_wconf 77' lang='grc' dir='ltr'>άνωῢεν</span> <span class='ocrx_word' id='word_1_132' title='bbox 760 1779 1100 1832; x_wconf 75' lang='grc' dir='ltr'>ἐπικαλεῖται</span> <span class='ocrx_word' id='word_1_133' title='bbox 1113 1778 1234 1833; x_wconf 81' lang='grc' dir='ltr'>κατ’</span> <span class='ocrx_word' id='word_1_134' title='bbox 1251 1778 1417 1833; x_wconf 79' lang='grc' dir='ltr'>αὑτοῦ</span> <span class='ocrx_word' id='word_1_135' title='bbox 1439 1782 1779 1850; x_wconf 71' lang='grc' dir='ltr'><strong>συμμαχίαν,</strong></span> <span class='ocrx_word' id='word_1_136' title='bbox 1796 1779 2005 1850; x_wconf 79' lang='grc' dir='ltr'>πύργον</span> 
     </span>
    </p>
   </div>
   <div class='ocr_carea' id='block_1_21' title="bbox 430 1868 2004 1943">
    <p class='ocr_par' dir='ltr' id='par_1_21' title="bbox 430 1868 2004 1943">
     <span class='ocr_line' id='line_1_21' title="bbox 430 1868 2004 1943; baseline 0.002 -22"><span class='ocrx_word' id='word_1_137' title='bbox 430 1868 631 1940; x_wconf 71' lang='grc' dir='ltr'>ισχύος,</span> <span class='ocrx_word' id='word_1_138' title='bbox 659 1869 720 1922; x_wconf 79' lang='grc' dir='ltr'><strong>τὸ</strong></span> <span class='ocrx_word' id='word_1_139' title='bbox 762 1870 856 1924; x_wconf 79' lang='grc' dir='ltr'><strong>τοῦ</strong></span> <span class='ocrx_word' id='word_1_140' title='bbox 907 1869 1051 1924; x_wconf 77' lang='grc' dir='ltr'>θείου</span> <span class='ocrx_word' id='word_1_141' title='bbox 1104 1871 1270 1938; x_wconf 84' lang='grc' dir='ltr'>φάναι</span> <span class='ocrx_word' id='word_1_142' title='bbox 1327 1871 1509 1939; x_wconf 78' lang='grc' dir='ltr'>Δαϐὶδ,</span> <span class='ocrx_word' id='word_1_143' title='bbox 1554 1870 1663 1926; x_wconf 79' lang='grc' dir='ltr'><strong>ἀπὺ</strong></span> <span class='ocrx_word' id='word_1_144' title='bbox 1711 1870 2004 1943; x_wconf 81' lang='grc' dir='ltr'>προσώπου</span> 
     </span>
    </p>
   </div>
   <div class='ocr_carea' id='block_1_22' title="bbox 426 1958 2005 2035">
    <p class='ocr_par' dir='ltr' id='par_1_22' title="bbox 426 1958 2005 2035">
     <span class='ocr_line' id='line_1_22' title="bbox 426 1958 2005 2035; baseline 0 -20"><span class='ocrx_word' id='word_1_145' title='bbox 426 1961 644 2032; x_wconf 74' lang='grc' dir='ltr'>ἐχθροῦο</span> <span class='ocrx_word' id='word_1_146' title='bbox 669 1958 788 2016; x_wconf 82' lang='grc' dir='ltr'>εἶτα</span> <span class='ocrx_word' id='word_1_147' title='bbox 811 1962 903 2015; x_wconf 71' lang='grc' dir='ltr'><strong>καὶ</strong></span> <span class='ocrx_word' id='word_1_148' title='bbox 929 1963 1332 2035; x_wconf 78' lang='grc' dir='ltr'>προσαγγέλλει</span> <span class='ocrx_word' id='word_1_149' title='bbox 1357 1965 1495 2032; x_wconf 80' lang='grc' dir='ltr'>μετὰ</span> <span class='ocrx_word' id='word_1_150' title='bbox 1513 1963 1733 2035; x_wconf 85' lang='grc' dir='ltr'>θερμῶν</span> <span class='ocrx_word' id='word_1_151' title='bbox 1754 1963 2005 2034; x_wconf 82' lang='grc' dir='ltr'>δακρύων</span> 
     </span>
    </p>
   </div>
   <div class='ocr_carea' id='block_1_23' title="bbox 423 2050 2005 2125">
    <p class='ocr_par' dir='ltr' id='par_1_23' title="bbox 423 2050 2005 2125">
     <span class='ocr_line' id='line_1_23' title="bbox 423 2050 2005 2125; baseline 0.003 -22"><span class='ocrx_word' id='word_1_152' title='bbox 423 2051 504 2122; x_wconf 80' lang='grc' dir='ltr'>τῷ</span> <span class='ocrx_word' id='word_1_153' title='bbox 530 2052 836 2124; x_wconf 78' lang='grc' dir='ltr'>διδασκάλῳ</span> <span class='ocrx_word' id='word_1_154' title='bbox 857 2050 950 2106; x_wconf 82' lang='grc' dir='ltr'>τοῦ</span> <span class='ocrx_word' id='word_1_155' title='bbox 991 2052 1230 2123; x_wconf 77' lang='grc' dir='ltr'>πονηροῦ</span> <span class='ocrx_word' id='word_1_156' title='bbox 1256 2053 1356 2123; x_wconf 79' lang='grc' dir='ltr'><strong>τὴν</strong></span> <span class='ocrx_word' id='word_1_157' title='bbox 1383 2055 1670 2125; x_wconf 79' lang='grc' dir='ltr'>ἐπήρειαν.</span> <span class='ocrx_word' id='word_1_158' title='bbox 1723 2053 1783 2109; x_wconf 88' lang='grc' dir='ltr'>Ὀ</span> <span class='ocrx_word' id='word_1_159' title='bbox 1811 2054 1868 2109; x_wconf 78' lang='grc' dir='ltr'>δὲ</span> <span class='ocrx_word' id='word_1_160' title='bbox 1896 2055 2005 2108; x_wconf 81' lang='grc' dir='ltr'><strong>ἀπὸ</strong></span> 
     </span>
    </p>
   </div>
   <div class='ocr_carea' id='block_1_24' title="bbox 422 2141 2003 2215">
    <p class='ocr_par' dir='ltr' id='par_1_24' title="bbox 422 2141 2003 2215">
     <span class='ocr_line' id='line_1_24' title="bbox 422 2141 2003 2215; baseline 0.002 -21"><span class='ocrx_word' id='word_1_161' title='bbox 422 2141 521 2195; x_wconf 80' lang='grc' dir='ltr'>τοῦ</span> <span class='ocrx_word' id='word_1_162' title='bbox 549 2142 742 2197; x_wconf 79' lang='grc' dir='ltr'>παθεῖν</span> <span class='ocrx_word' id='word_1_163' title='bbox 795 2144 1042 2212; x_wconf 79' lang='grc' dir='ltr'>ἀσφαλὲς</span> <span class='ocrx_word' id='word_1_164' title='bbox 1071 2144 1214 2215; x_wconf 82' lang='grc' dir='ltr'>ἔχων</span> <span class='ocrx_word' id='word_1_165' title='bbox 1245 2146 1341 2197; x_wconf 76' lang='grc' dir='ltr'><strong>καὶ</strong></span> <span class='ocrx_word' id='word_1_166' title='bbox 1372 2144 1432 2197; x_wconf 83' lang='grc' dir='ltr'><strong>τὸ</strong></span> <span class='ocrx_word' id='word_1_167' title='bbox 1458 2144 1754 2212; x_wconf 77' lang='grc' dir='ltr'>διδάσκειν,</span> <span class='ocrx_word' id='word_1_168' title='bbox 1778 2147 1845 2199; x_wconf 72' lang='grc' dir='ltr'>τὰ</span> <span class='ocrx_word' id='word_1_169' title='bbox 1874 2146 2003 2199; x_wconf 71' lang='grc' dir='ltr'><strong>κάλ⁴</strong></span> 
     </span>
    </p>
   </div>
   <div class='ocr_carea' id='block_1_25' title="bbox 423 2233 2002 2308">
    <p class='ocr_par' dir='ltr' id='par_1_25' title="bbox 423 2233 2002 2308">
     <span class='ocr_line' id='line_1_25' title="bbox 423 2233 2002 2308; baseline 0.002 -22"><span class='ocrx_word' id='word_1_170' title='bbox 423 2233 581 2288; x_wconf 80' lang='grc' dir='ltr'>λιστα</span> <span class='ocrx_word' id='word_1_171' title='bbox 620 2234 952 2305; x_wconf 74' lang='grc' dir='ltr'>ὑποθέμενος</span> <span class='ocrx_word' id='word_1_172' title='bbox 974 2275 988 2300; x_wconf 88' lang='grc'><strong>,</strong></span> <span class='ocrx_word' id='word_1_173' title='bbox 1052 2236 1245 2291; x_wconf 75' lang='grc' dir='ltr'>ἔπειτα</span> <span class='ocrx_word' id='word_1_174' title='bbox 1330 2236 1386 2289; x_wconf 75' lang='grc' dir='ltr'><strong>αὶ</strong></span> <span class='ocrx_word' id='word_1_175' title='bbox 1435 2236 1599 2307; x_wconf 72' lang='grc' dir='ltr'>εὐχὴν</span> <span class='ocrx_word' id='word_1_176' title='bbox 1628 2237 1736 2291; x_wconf 81' lang='grc' dir='ltr'><strong>ὑπὸ</strong></span> <span class='ocrx_word' id='word_1_177' title='bbox 1766 2239 1912 2308; x_wconf 78' lang='grc' dir='ltr'>πάσῃ</span> <span class='ocrx_word' id='word_1_178' title='bbox 1939 2240 2002 2308; x_wconf 82' lang='grc' dir='ltr'>τῇ</span> 
     </span>
    </p>
   </div>
   <div class='ocr_carea' id='block_1_26' title="bbox 422 2325 2005 2400">
    <p class='ocr_par' dir='ltr' id='par_1_26' title="bbox 422 2325 2005 2400">
     <span class='ocr_line' id='line_1_26' title="bbox 422 2325 2005 2400; baseline 0.011 -20"><span class='ocrx_word' id='word_1_179' title='bbox 422 2325 533 2380; x_wconf 84' lang='grc' dir='ltr'><strong>τῶν</strong></span> <span class='ocrx_word' id='word_1_180' title='bbox 561 2326 807 2398; x_wconf 77' lang='grc' dir='ltr'>ἀδελφῶν</span> <span class='ocrx_word' id='word_1_181' title='bbox 845 2327 1064 2394; x_wconf 72' lang='grc' dir='ltr'>συνάξει</span> <span class='ocrx_word' id='word_1_182' title='bbox 1096 2330 1351 2399; x_wconf 80' lang='grc' dir='ltr'>ποιήσας.</span> <span class='ocrx_word' id='word_1_183' title='bbox 1390 2327 1486 2384; x_wconf 72' lang='grc' dir='ltr'>καὶ</span> <span class='ocrx_word' id='word_1_184' title='bbox 1517 2328 1658 2400; x_wconf 78' lang='grc' dir='ltr'>ὑπὲρ</span> <span class='ocrx_word' id='word_1_185' title='bbox 1703 2327 1797 2384; x_wconf 69' lang='grc' dir='ltr'>τοῦ</span> <span class='ocrx_word' id='word_1_186' title='bbox 1838 2328 2005 2400; x_wconf 71' lang='grc' dir='ltr'>μαθη-</span> 
     </span>
    </p>
   </div>
   <div class='ocr_carea' id='block_1_27' title="bbox 422 2417 1962 2493">
    <p class='ocr_par' dir='ltr' id='par_1_27' title="bbox 422 2417 1962 2493">
     <span class='ocr_line' id='line_1_27' title="bbox 422 2417 1962 2493; baseline 0.003 -22"><span class='ocrx_word' id='word_1_187' title='bbox 422 2417 518 2472; x_wconf 82' lang='grc' dir='ltr'><strong>τοῦ</strong></span> <span class='ocrx_word' id='word_1_188' title='bbox 538 2420 776 2489; x_wconf 80' lang='grc' dir='ltr'>δεηθεὶς,</span> <span class='ocrx_word' id='word_1_189' title='bbox 805 2422 900 2492; x_wconf 76' lang='grc' dir='ltr'><strong>τῆς</strong></span> <span class='ocrx_word' id='word_1_190' title='bbox 926 2422 1174 2493; x_wconf 77' lang='grc' dir='ltr'>χαλεπῆς</span> <span class='ocrx_word' id='word_1_191' title='bbox 1204 2421 1368 2475; x_wconf 76' lang='grc' dir='ltr'>αὐτὸν</span> <span class='ocrx_word' id='word_1_192' title='bbox 1401 2422 1604 2491; x_wconf 76' lang='grc' dir='ltr'>ἀνῆκεν</span> <span class='ocrx_word' id='word_1_193' title='bbox 1646 2424 1962 2493; x_wconf 74' lang='grc' dir='ltr'>ἐπαγωγῆς.</span> 
     </span>
    </p>
   </div>
   <div class='ocr_carea' id='block_1_28' title="bbox 496 2513 2003 2585">
    <p class='ocr_par' dir='ltr' id='par_1_28' title="bbox 496 2513 2003 2585">
     <span class='ocr_line' id='line_1_28' title="bbox 496 2513 2003 2585; baseline 0.003 -20"><span class='ocrx_word' id='word_1_194' title='bbox 496 2514 589 2579; x_wconf 64' lang='grc' dir='ltr'><strong>(τ’.</strong></span> <span class='ocrx_word' id='word_1_195' title='bbox 623 2513 837 2569; x_wconf 81' lang='grc' dir='ltr'>Γίνεται</span> <span class='ocrx_word' id='word_1_196' title='bbox 890 2515 950 2568; x_wconf 68' lang='grc' dir='ltr'>δέ</span> <span class='ocrx_word' id='word_1_197' title='bbox 1006 2532 1059 2568; x_wconf 90' lang='grc' dir='ltr'><strong>τι</strong></span> <span class='ocrx_word' id='word_1_198' title='bbox 1092 2515 1187 2568; x_wconf 75' lang='grc' dir='ltr'><strong>καὶ</strong></span> <span class='ocrx_word' id='word_1_199' title='bbox 1220 2514 1349 2569; x_wconf 84' lang='grc' dir='ltr'>ἄλλο</span> <span class='ocrx_word' id='word_1_200' title='bbox 1399 2516 1623 2585; x_wconf 78' lang='grc' dir='ltr'>μνήμης</span> <span class='ocrx_word' id='word_1_201' title='bbox 1662 2516 1756 2567; x_wconf 69' lang='grc' dir='ltr'><strong>καὶ</strong></span> <span class='ocrx_word' id='word_1_202' title='bbox 1785 2515 2003 2584; x_wconf 73' lang='grc' dir='ltr'>γραφῆς</span> 
     </span>
    </p>
   </div>
   <div class='ocr_carea' id='block_1_29' title="bbox 421 2601 2003 2677">
    <p class='ocr_par' dir='ltr' id='par_1_29' title="bbox 421 2601 2003 2677">
     <span class='ocr_line' id='line_1_29' title="bbox 421 2601 2003 2677; baseline 0.001 -21"><span class='ocrx_word' id='word_1_203' title='bbox 421 2601 590 2667; x_wconf 73' lang='grc' dir='ltr'>ἄξιον·</span> <span class='ocrx_word' id='word_1_204' title='bbox 609 2604 895 2658; x_wconf 80' lang='grc' dir='ltr'>’Υπνοῦντι</span> <span class='ocrx_word' id='word_1_205' title='bbox 913 2607 1106 2669; x_wconf 75' lang='grc' dir='ltr'>νυκτὸς</span> <span class='ocrx_word' id='word_1_206' title='bbox 1133 2606 1469 2676; x_wconf 80' lang='grc' dir='ltr'>’Λναστασίῳ</span> <span class='ocrx_word' id='word_1_207' title='bbox 1494 2606 1625 2677; x_wconf 76' lang='grc' dir='ltr'>ὄναρ</span> <span class='ocrx_word' id='word_1_208' title='bbox 1647 2605 1933 2674; x_wconf 79' lang='grc' dir='ltr'>ἐφίσταταί</span> <span class='ocrx_word' id='word_1_209' title='bbox 1953 2623 2003 2658; x_wconf 88' lang='grc' dir='ltr'><strong>τι</strong></span> 
     </span>
    </p>
   </div>
   <div class='ocr_carea' id='block_1_30' title="bbox 414 2695 1999 2768">
    <p class='ocr_par' dir='ltr' id='par_1_30' title="bbox 414 2695 1999 2768">
     <span class='ocr_line' id='line_1_30' title="bbox 414 2695 1999 2768; baseline 0.001 -18"><span class='ocrx_word' id='word_1_210' title='bbox 414 2695 659 2750; x_wconf 71' lang='grc' dir='ltr'>τοιοῦτον</span> <span class='ocrx_word' id='word_1_211' title='bbox 697 2711 710 2726; x_wconf 90' lang='grc'><strong>·</strong></span> <span class='ocrx_word' id='word_1_212' title='bbox 744 2696 919 2749; x_wconf 69' lang='grc' dir='ltr'>ἐδόκει</span> <span class='ocrx_word' id='word_1_213' title='bbox 961 2697 1122 2768; x_wconf 75' lang='grc' dir='ltr'>ὅρους</span> <span class='ocrx_word' id='word_1_214' title='bbox 1154 2697 1358 2767; x_wconf 76' lang='grc' dir='ltr'><strong>ὕψηλοῦ</strong></span> <span class='ocrx_word' id='word_1_215' title='bbox 1412 2715 1557 2762; x_wconf 87' lang='grc' dir='ltr'>τινος</span> <span class='ocrx_word' id='word_1_216' title='bbox 1588 2697 1999 2767; x_wconf 65' lang='grc' dir='ltr'>ἐπιϐεϐηκέναι,</span> 
     </span>
    </p>
   </div>
   <div class='ocr_carea' id='block_1_31' title="bbox 422 2782 2002 2857">
    <p class='ocr_par' dir='ltr' id='par_1_31' title="bbox 422 2782 2002 2857">
     <span class='ocr_line' id='line_1_31' title="bbox 422 2782 2002 2857; baseline 0.001 -21"><span class='ocrx_word' id='word_1_217' title='bbox 422 2782 787 2853; x_wconf 71' lang='grc' dir='ltr'>προσελθόντα</span> <span class='ocrx_word' id='word_1_218' title='bbox 812 2785 871 2838; x_wconf 80' lang='grc' dir='ltr'>δέ</span> <span class='ocrx_word' id='word_1_219' title='bbox 897 2803 1017 2840; x_wconf 83' lang='grc' dir='ltr'>τινα</span> <span class='ocrx_word' id='word_1_220' title='bbox 1047 2787 1307 2857; x_wconf 84' lang='grc' dir='ltr'>ποτήριον</span> <span class='ocrx_word' id='word_1_221' title='bbox 1331 2785 1477 2840; x_wconf 86' lang='grc' dir='ltr'>οῐνου</span> <span class='ocrx_word' id='word_1_222' title='bbox 1501 2785 1687 2856; x_wconf 80' lang='grc' dir='ltr'>χρυσῷ</span> <span class='ocrx_word' id='word_1_223' title='bbox 1714 2784 1806 2839; x_wconf 69' lang='grc' dir='ltr'>καὶ</span> <span class='ocrx_word' id='word_1_224' title='bbox 1835 2786 2002 2846; x_wconf 74' lang='grc' dir='ltr'>λίθοις</span> 
     </span>
    </p>
   </div>
   <div class='ocr_carea' id='block_1_32' title="bbox 420 2875 1998 2947">
    <p class='ocr_par' dir='ltr' id='par_1_32' title="bbox 420 2875 1998 2947">
     <span class='ocr_line' id='line_1_32' title="bbox 420 2875 1998 2947; baseline 0.001 -20"><span class='ocrx_word' id='word_1_225' title='bbox 420 2876 839 2945; x_wconf 78' lang='grc' dir='ltr'>κεκοσμημένον</span> <span class='ocrx_word' id='word_1_226' title='bbox 868 2876 1071 2947; x_wconf 84' lang='grc' dir='ltr'>τιμίοις</span> <span class='ocrx_word' id='word_1_227' title='bbox 1101 2877 1388 2947; x_wconf 55' lang='grc' dir='ltr'>ὀρέγοντα,</span> <span class='ocrx_word' id='word_1_228' title='bbox 1436 2877 1602 2946; x_wconf 81' lang='grc' dir='ltr'>φάναι</span> <span class='ocrx_word' id='word_1_229' title='bbox 1623 2893 1634 2904; x_wconf 82' lang='lat'><strong><em>°</em></strong></span> <span class='ocrx_word' id='word_1_230' title='bbox 1685 2876 1852 2941; x_wconf 81' lang='grc' dir='ltr'>Λάϐε,</span> <span class='ocrx_word' id='word_1_231' title='bbox 1887 2875 1998 2940; x_wconf 79' lang='grc' dir='ltr'>πίε,</span> 
     </span>
    </p>
   </div>
   <div class='ocr_carea' id='block_1_33' title="bbox 415 2965 2001 3037">
    <p class='ocr_par' dir='ltr' id='par_1_33' title="bbox 415 2965 2001 3037">
     <span class='ocr_line' id='line_1_33' title="bbox 415 2965 2001 3037; baseline 0.001 -19"><span class='ocrx_word' id='word_1_232' title='bbox 415 2965 450 3018; x_wconf 76' lang='grc' dir='ltr'><strong>ὃ</strong></span> <span class='ocrx_word' id='word_1_233' title='bbox 488 2967 584 3022; x_wconf 77' lang='grc' dir='ltr'>καὶ</span> <span class='ocrx_word' id='word_1_234' title='bbox 624 2966 919 3037; x_wconf 79' lang='grc' dir='ltr'>δεξάμενος</span> <span class='ocrx_word' id='word_1_235' title='bbox 970 2967 1178 3032; x_wconf 79' lang='grc' dir='ltr'>εὐθέως</span> <span class='ocrx_word' id='word_1_236' title='bbox 1229 2970 1377 3021; x_wconf 76' lang='grc' dir='ltr'>πιεῖν</span> <span class='ocrx_word' id='word_1_237' title='bbox 1403 2983 1418 2998; x_wconf 78' lang='grc' dir='ltr'><strong>ο</strong></span> <span class='ocrx_word' id='word_1_238' title='bbox 1452 2968 1548 3021; x_wconf 71' lang='grc' dir='ltr'><strong>καὶ</strong></span> <span class='ocrx_word' id='word_1_239' title='bbox 1577 2969 1637 3021; x_wconf 77' lang='grc' dir='ltr'>τὸ</span> <span class='ocrx_word' id='word_1_240' title='bbox 1676 2969 1848 3037; x_wconf 76' lang='grc' dir='ltr'>πόμα,</span> <span class='ocrx_word' id='word_1_241' title='bbox 1879 2968 2001 3036; x_wconf 75' lang='grc' dir='ltr'>γλυ-</span> 
     </span>
    </p>
   </div>
   <div class='ocr_carea' id='block_1_34' title="bbox 2110 494 3681 566">
    <p class='ocr_par' dir='ltr' id='par_1_34' title="bbox 2110 494 3681 566">
     <span class='ocr_line' id='line_1_34' title="bbox 2110 494 3681 566; baseline 0.004 -18"><span class='ocrx_word' id='word_1_242' title='bbox 2110 494 2221 549; x_wconf 92' lang='lat' dir='ltr'><strong>lum</strong></span> <span class='ocrx_word' id='word_1_243' title='bbox 2249 494 2618 550; x_wconf 89' lang='lat' dir='ltr'><strong>ardentiorem</strong></span> <span class='ocrx_word' id='word_1_244' title='bbox 2652 494 2941 560; x_wconf 73' lang='lat' dir='ltr'><strong>aﬁicicbat,</strong></span> <span class='ocrx_word' id='word_1_245' title='bbox 2968 502 3026 549; x_wconf 92' lang='lat' dir='ltr'><strong>ut</strong></span> <span class='ocrx_word' id='word_1_246' title='bbox 3057 496 3147 566; x_wconf 89' lang='lat' dir='ltr'><strong>qui</strong></span> <span class='ocrx_word' id='word_1_247' title='bbox 3172 497 3561 554; x_wconf 81' lang='lat' dir='ltr'><strong>accenderetur</strong></span> <span class='ocrx_word' id='word_1_248' title='bbox 3585 514 3681 555; x_wconf 90' lang='lat' dir='ltr'><strong>sua</strong></span> 
     </span>
    </p>
   </div>
   <div class='ocr_carea' id='block_1_35' title="bbox 2109 587 3683 663">
    <p class='ocr_par' dir='ltr' id='par_1_35' title="bbox 2109 587 3683 663">
     <span class='ocr_line' id='line_1_35' title="bbox 2109 587 3683 663; baseline 0.004 -21"><span class='ocrx_word' id='word_1_249' title='bbox 2109 603 2234 643; x_wconf 84' lang='lat' dir='ltr'><strong>eum</strong></span> <span class='ocrx_word' id='word_1_250' title='bbox 2296 587 2567 659; x_wconf 78' lang='lat' dir='ltr'><strong>prioribus</strong></span> <span class='ocrx_word' id='word_1_251' title='bbox 2632 589 3068 654; x_wconf 78' lang='lat' dir='ltr'><strong>conversatione,</strong></span> <span class='ocrx_word' id='word_1_252' title='bbox 3107 598 3164 647; x_wconf 87' lang='lat' dir='ltr'><strong>et</strong></span> <span class='ocrx_word' id='word_1_253' title='bbox 3211 590 3403 646; x_wconf 86' lang='lat' dir='ltr'><strong>orabat</strong></span> <span class='ocrx_word' id='word_1_254' title='bbox 3460 599 3521 647; x_wconf 92' lang='lat' dir='ltr'><strong>ut</strong></span> <span class='ocrx_word' id='word_1_255' title='bbox 3568 591 3683 663; x_wconf 90' lang='lat' dir='ltr'><strong>ipse</strong></span> 
     </span>
    </p>
   </div>
   <div class='ocr_carea' id='block_1_36' title="bbox 2110 680 3681 754">
    <p class='ocr_par' dir='ltr' id='par_1_36' title="bbox 2110 680 3681 754">
     <span class='ocr_line' id='line_1_36' title="bbox 2110 680 3681 754; baseline 0.002 -19"><span class='ocrx_word' id='word_1_256' title='bbox 2110 695 2324 751; x_wconf 84' lang='lat' dir='ltr'><strong>quoque</strong></span> <span class='ocrx_word' id='word_1_257' title='bbox 2359 680 2489 735; x_wconf 84' lang='lat' dir='ltr'><strong>tales</strong></span> <span class='ocrx_word' id='word_1_258' title='bbox 2516 696 2615 751; x_wconf 91' lang='lat' dir='ltr'><strong>pro</strong></span> <span class='ocrx_word' id='word_1_259' title='bbox 2633 680 2849 737; x_wconf 87' lang='lat' dir='ltr'><strong>Christo</strong></span> <span class='ocrx_word' id='word_1_260' title='bbox 2879 684 3084 737; x_wconf 88' lang='lat' dir='ltr'><strong>subiret</strong></span> <span class='ocrx_word' id='word_1_261' title='bbox 3105 680 3506 754; x_wconf 87' lang='lat' dir='ltr'><strong>perpessiones.</strong></span> <span class='ocrx_word' id='word_1_262' title='bbox 3528 684 3681 751; x_wconf 77' lang='lat' dir='ltr'><strong>Quo-</strong></span> 
     </span>
    </p>
   </div>
   <div class='ocr_carea' id='block_1_37' title="bbox 2110 769 3681 838">
    <p class='ocr_par' dir='ltr' id='par_1_37' title="bbox 2110 769 3681 838">
     <span class='ocr_line' id='line_1_37' title="bbox 2110 769 3681 838; baseline 0.001 -13"><span class='ocrx_word' id='word_1_263' title='bbox 2110 770 2254 826; x_wconf 84' lang='lat' dir='ltr'><strong>circa</strong></span> <span class='ocrx_word' id='word_1_264' title='bbox 2279 770 2408 824; x_wconf 84' lang='lat' dir='ltr'><strong>nulli</strong></span> <span class='ocrx_word' id='word_1_265' title='bbox 2440 769 2515 824; x_wconf 89' lang='lat' dir='ltr'><strong>rei</strong></span> <span class='ocrx_word' id='word_1_266' title='bbox 2564 770 2718 825; x_wconf 91' lang='lat' dir='ltr'><strong>alteri</strong></span> <span class='ocrx_word' id='word_1_267' title='bbox 2753 770 2857 825; x_wconf 84' lang='lat' dir='ltr'><strong>sibi</strong></span> <span class='ocrx_word' id='word_1_268' title='bbox 2885 772 3189 826; x_wconf 84' lang='lat' dir='ltr'><strong>vacandum</strong></span> <span class='ocrx_word' id='word_1_269' title='bbox 3251 786 3372 827; x_wconf 83' lang='lat' dir='ltr'><strong>esse</strong></span> <span class='ocrx_word' id='word_1_270' title='bbox 3401 773 3681 838; x_wconf 81' lang='lat' dir='ltr'><strong>censebat,</strong></span> 
     </span>
    </p>
   </div>
   <div class='ocr_carea' id='block_1_38' title="bbox 2109 860 3682 934">
    <p class='ocr_par' dir='ltr' id='par_1_38' title="bbox 2109 860 3682 934">
     <span class='ocr_line' id='line_1_38' title="bbox 2109 860 3682 934; baseline 0.003 -19"><span class='ocrx_word' id='word_1_271' title='bbox 2109 861 2215 915; x_wconf 84' lang='lat' dir='ltr'><strong>nisi</strong></span> <span class='ocrx_word' id='word_1_272' title='bbox 2250 862 2349 917; x_wconf 88' lang='lat' dir='ltr'><strong>soli</strong></span> <span class='ocrx_word' id='word_1_273' title='bbox 2377 876 2566 916; x_wconf 86' lang='lat' dir='ltr'><strong>eorum</strong></span> <span class='ocrx_word' id='word_1_274' title='bbox 2630 860 2872 917; x_wconf 79' lang='lat' dir='ltr'><strong>lectioni.</strong></span> <span class='ocrx_word' id='word_1_275' title='bbox 2913 861 3050 918; x_wconf 88' lang='lat' dir='ltr'><strong>Cum</strong></span> <span class='ocrx_word' id='word_1_276' title='bbox 3102 876 3231 934; x_wconf 87' lang='lat' dir='ltr'><strong>ergo</strong></span> <span class='ocrx_word' id='word_1_277' title='bbox 3266 873 3476 932; x_wconf 84' lang='lat' dir='ltr'><strong>septem</strong></span> <span class='ocrx_word' id='word_1_278' title='bbox 3510 879 3682 919; x_wconf 75' lang='lat' dir='ltr'><strong>annos</strong></span> 
     </span>
    </p>
   </div>
   <div class='ocr_carea' id='block_1_39' title="bbox 2109 941 3683 1027">
    <p class='ocr_par' dir='ltr' id='par_1_39' title="bbox 2109 941 3683 1027">
     <span class='ocr_line' id='line_1_39' title="bbox 2109 941 3683 1027; baseline 0.001 -18"><span class='ocrx_word' id='word_1_279' title='bbox 2109 955 2165 1009; x_wconf 90' lang='lat' dir='ltr'><strong>in</strong></span> <span class='ocrx_word' id='word_1_280' title='bbox 2190 952 2523 1008; x_wconf 88' lang='lat' dir='ltr'><strong>monasterio</strong></span> <span class='ocrx_word' id='word_1_281' title='bbox 2544 952 2891 1023; x_wconf 87' lang='lat' dir='ltr'><strong>transegisset</strong></span> <span class='ocrx_word' id='word_1_282' title='bbox 2925 954 3270 1018; x_wconf 80' lang='lat' dir='ltr'><strong>Anastasius,</strong></span> <span class='ocrx_word' id='word_1_283' title='bbox 3320 941 3519 1011; x_wconf 22' lang='lat' dir='ltr'><strong>ridere.</strong></span> <span class='ocrx_word' id='word_1_284' title='bbox 3561 958 3683 1027; x_wconf 79' lang='lat' dir='ltr'><strong>ejus</strong></span> 
     </span>
    </p>
   </div>
   <div class='ocr_carea' id='block_1_40' title="bbox 2109 1046 3681 1119">
    <p class='ocr_par' dir='ltr' id='par_1_40' title="bbox 2109 1046 3681 1119">
     <span class='ocr_line' id='line_1_40' title="bbox 2109 1046 3681 1119; baseline 0.004 -18"><span class='ocrx_word' id='word_1_285' title='bbox 2109 1046 2163 1101; x_wconf 89' lang='lat' dir='ltr'><strong>in</strong></span> <span class='ocrx_word' id='word_1_286' title='bbox 2190 1047 2393 1101; x_wconf 85' lang='lat' dir='ltr'><strong>virtute</strong></span> <span class='ocrx_word' id='word_1_287' title='bbox 2410 1055 2761 1119; x_wconf 80' lang='lat' dir='ltr'><strong>augmentum</strong></span> <span class='ocrx_word' id='word_1_288' title='bbox 2790 1061 2899 1102; x_wconf 92' lang='lat' dir='ltr'><strong>non</strong></span> <span class='ocrx_word' id='word_1_289' title='bbox 2922 1047 3104 1103; x_wconf 79' lang='lat' dir='ltr'><strong>ferens</strong></span> <span class='ocrx_word' id='word_1_290' title='bbox 3136 1059 3290 1119; x_wconf 88' lang='lat' dir='ltr'><strong>pater</strong></span> <span class='ocrx_word' id='word_1_291' title='bbox 3319 1048 3559 1116; x_wconf 76' lang='lat' dir='ltr'><strong>invidiae,</strong></span> <span class='ocrx_word' id='word_1_292' title='bbox 3586 1052 3681 1107; x_wconf 83' lang='lat' dir='ltr'><strong>sed</strong></span> 
     </span>
    </p>
   </div>
   <div class='ocr_carea' id='block_1_41' title="bbox 2108 1140 3681 1212">
    <p class='ocr_par' dir='ltr' id='par_1_41' title="bbox 2108 1140 3681 1212">
     <span class='ocr_line' id='line_1_41' title="bbox 2108 1140 3681 1212; baseline 0.003 -19"><span class='ocrx_word' id='word_1_293' title='bbox 2108 1140 2319 1193; x_wconf 86' lang='lat' dir='ltr'><strong>tantum</strong></span> <span class='ocrx_word' id='word_1_294' title='bbox 2346 1148 2402 1194; x_wconf 90' lang='lat' dir='ltr'><strong>et</strong></span> <span class='ocrx_word' id='word_1_295' title='bbox 2433 1148 2538 1193; x_wconf 88' lang='lat' dir='ltr'><strong>tam</strong></span> <span class='ocrx_word' id='word_1_296' title='bbox 2575 1149 2916 1195; x_wconf 83' lang='lat' dir='ltr'><strong>constantem</strong></span> <span class='ocrx_word' id='word_1_297' title='bbox 2940 1140 3327 1212; x_wconf 84' lang='lat' dir='ltr'><strong>ardentemque</strong></span> <span class='ocrx_word' id='word_1_298' title='bbox 3359 1141 3480 1210; x_wconf 86' lang='lat' dir='ltr'><strong>ejus</strong></span> <span class='ocrx_word' id='word_1_299' title='bbox 3504 1143 3681 1212; x_wconf 89' lang='lat' dir='ltr'><strong>impe-</strong></span> 
     </span>
    </p>
   </div>
   <div class='ocr_carea' id='block_1_42' title="bbox 2107 1216 3684 1296">
    <p class='ocr_par' dir='ltr' id='par_1_42' title="bbox 2107 1216 3684 1296">
     <span class='ocr_line' id='line_1_42' title="bbox 2107 1216 3684 1296; baseline -0.001 -10"><span class='ocrx_word' id='word_1_300' title='bbox 2107 1239 2222 1286; x_wconf 85' lang='lat' dir='ltr'><strong>tum</strong></span> <span class='ocrx_word' id='word_1_301' title='bbox 2254 1239 2310 1285; x_wconf 90' lang='lat' dir='ltr'><strong>et</strong></span> <span class='ocrx_word' id='word_1_302' title='bbox 2339 1230 2578 1285; x_wconf 90' lang='lat' dir='ltr'><strong>studium</strong></span> <span class='ocrx_word' id='word_1_303' title='bbox 2617 1231 2805 1285; x_wconf 79' lang='lat' dir='ltr'><strong>volens</strong></span> <span class='ocrx_word' id='word_1_304' title='bbox 2834 1230 2984 1286; x_wconf 90' lang='lat' dir='ltr'><strong>omni</strong></span> <span class='ocrx_word' id='word_1_305' title='bbox 3041 1230 3253 1286; x_wconf 83' lang='lat' dir='ltr'><strong>ratione</strong></span> <span class='ocrx_word' id='word_1_306' title='bbox 3283 1231 3585 1296; x_wconf 82' lang='lat' dir='ltr'><strong>retardare,</strong></span> <span class='ocrx_word' id='word_1_307' title='bbox 3631 1216 3684 1286; x_wconf 82' lang='lat' dir='ltr'><strong>ei</strong></span> 
     </span>
    </p>
   </div>
   <div class='ocr_carea' id='block_1_43' title="bbox 2109 1320 3683 1391">
    <p class='ocr_par' dir='ltr' id='par_1_43' title="bbox 2109 1320 3683 1391">
     <span class='ocr_line' id='line_1_43' title="bbox 2109 1320 3683 1391; baseline 0.001 -15"><span class='ocrx_word' id='word_1_308' title='bbox 2109 1329 2390 1391; x_wconf 82' lang='lat' dir='ltr'><strong>paternam</strong></span> <span class='ocrx_word' id='word_1_309' title='bbox 2411 1320 2714 1376; x_wconf 85' lang='lat' dir='ltr'><strong>doctrinam</strong></span> <span class='ocrx_word' id='word_1_310' title='bbox 2742 1322 2955 1377; x_wconf 75' lang='lat' dir='ltr'><strong>vocavit</strong></span> <span class='ocrx_word' id='word_1_311' title='bbox 2980 1322 3033 1376; x_wconf 91' lang='lat' dir='ltr'><strong>in</strong></span> <span class='ocrx_word' id='word_1_312' title='bbox 3056 1322 3391 1388; x_wconf 85' lang='lat' dir='ltr'><strong>memoriam,</strong></span> <span class='ocrx_word' id='word_1_313' title='bbox 3417 1331 3473 1378; x_wconf 91' lang='lat' dir='ltr'><strong>et</strong></span> <span class='ocrx_word' id='word_1_314' title='bbox 3499 1323 3683 1379; x_wconf 70' lang='lat' dir='ltr'><strong>fmtida</strong></span> 
     </span>
    </p>
   </div>
   <div class='ocr_carea' id='block_1_44' title="bbox 2108 1410 3706 1485">
    <p class='ocr_par' dir='ltr' id='par_1_44' title="bbox 2108 1410 3706 1485">
     <span class='ocr_line' id='line_1_44' title="bbox 2108 1410 3706 1485; baseline 0.003 -20"><span class='ocrx_word' id='word_1_315' title='bbox 2108 1410 2196 1465; x_wconf 85' lang='lat' dir='ltr'><strong>illa</strong></span> <span class='ocrx_word' id='word_1_316' title='bbox 2232 1410 2391 1465; x_wconf 82' lang='lat' dir='ltr'><strong>verba</strong></span> <span class='ocrx_word' id='word_1_317' title='bbox 2422 1411 2838 1483; x_wconf 62' lang='lat' dir='ltr'><strong>praestigiarum,</strong></span> <span class='ocrx_word' id='word_1_318' title='bbox 2865 1422 2918 1467; x_wconf 88' lang='lat' dir='ltr'><strong>et</strong></span> <span class='ocrx_word' id='word_1_319' title='bbox 2947 1412 3216 1483; x_wconf 82' lang='lat' dir='ltr'><strong>ejusmodi</strong></span> <span class='ocrx_word' id='word_1_320' title='bbox 3253 1414 3543 1470; x_wconf 80' lang='lat' dir='ltr'><strong>Insultibus</strong></span> <span class='ocrx_word' id='word_1_321' title='bbox 3568 1414 3706 1485; x_wconf 83' lang='lat' dir='ltr'><strong>ejus-</strong></span> 
     </span>
    </p>
   </div>
   <div class='ocr_carea' id='block_1_45' title="bbox 2107 1494 3683 1560">
    <p class='ocr_par' dir='ltr' id='par_1_45' title="bbox 2107 1494 3683 1560">
     <span class='ocr_line' id='line_1_45' title="bbox 2107 1494 3683 1560; baseline 0.003 -5"><span class='ocrx_word' id='word_1_322' title='bbox 2107 1502 2304 1556; x_wconf 75' lang='lat' dir='ltr'><strong>animae</strong></span> <span class='ocrx_word' id='word_1_323' title='bbox 2333 1500 2524 1557; x_wconf 88' lang='lat' dir='ltr'><strong>turrim</strong></span> <span class='ocrx_word' id='word_1_324' title='bbox 2555 1502 2856 1557; x_wconf 88' lang='lat' dir='ltr'><strong>conabatur</strong></span> <span class='ocrx_word' id='word_1_325' title='bbox 2879 1501 3228 1559; x_wconf 80' lang='lat' dir='ltr'><strong>labefactare.</strong></span> <span class='ocrx_word' id='word_1_326' title='bbox 3255 1503 3305 1558; x_wconf 87' lang='lat' dir='ltr'><strong>Is</strong></span> <span class='ocrx_word' id='word_1_327' title='bbox 3330 1512 3512 1559; x_wconf 88' lang='lat' dir='ltr'><strong>autem</strong></span> <span class='ocrx_word' id='word_1_328' title='bbox 3536 1494 3683 1560; x_wconf 81' lang='lat' dir='ltr'><strong>illius</strong></span> 
     </span>
    </p>
   </div>
   <div class='ocr_carea' id='block_1_46' title="bbox 2108 1592 3686 1665">
    <p class='ocr_par' dir='ltr' id='par_1_46' title="bbox 2108 1592 3686 1665">
     <span class='ocr_line' id='line_1_46' title="bbox 2108 1592 3686 1665; baseline 0 -16"><span class='ocrx_word' id='word_1_329' title='bbox 2108 1608 2216 1649; x_wconf 91' lang='lat' dir='ltr'><strong>non</strong></span> <span class='ocrx_word' id='word_1_330' title='bbox 2243 1594 2501 1665; x_wconf 81' lang='lat' dir='ltr'><strong>ignorans</strong></span> <span class='ocrx_word' id='word_1_331' title='bbox 2524 1592 2776 1659; x_wconf 84' lang='lat' dir='ltr'><strong>insidias,</strong></span> <span class='ocrx_word' id='word_1_332' title='bbox 2808 1594 3071 1649; x_wconf 83' lang='lat' dir='ltr'><strong>adversus</strong></span> <span class='ocrx_word' id='word_1_333' title='bbox 3102 1609 3226 1650; x_wconf 88' lang='lat' dir='ltr'><strong>eum</strong></span> <span class='ocrx_word' id='word_1_334' title='bbox 3262 1604 3557 1665; x_wconf 79' lang='lat' dir='ltr'><strong>Supernum</strong></span> <span class='ocrx_word' id='word_1_335' title='bbox 3596 1598 3686 1650; x_wconf 88' lang='lat' dir='ltr'><strong>in-</strong></span> 
     </span>
    </p>
   </div>
   <div class='ocr_carea' id='block_1_47' title="bbox 2108 1686 3681 1752">
    <p class='ocr_par' dir='ltr' id='par_1_47' title="bbox 2108 1686 3681 1752">
     <span class='ocr_line' id='line_1_47' title="bbox 2108 1686 3681 1752; baseline 0.003 -16"><span class='ocrx_word' id='word_1_336' title='bbox 2108 1695 2267 1741; x_wconf 72' lang='lat' dir='ltr'><strong>vocat</strong></span> <span class='ocrx_word' id='word_1_337' title='bbox 2297 1686 2592 1750; x_wconf 80' lang='lat' dir='ltr'><strong>auxilium,</strong></span> <span class='ocrx_word' id='word_1_338' title='bbox 2626 1694 2837 1742; x_wconf 88' lang='lat' dir='ltr'><strong>turrem</strong></span> <span class='ocrx_word' id='word_1_339' title='bbox 2884 1686 3246 1752; x_wconf 74' lang='lat' dir='ltr'><strong>fortitudinis,</strong></span> <span class='ocrx_word' id='word_1_340' title='bbox 3278 1688 3526 1742; x_wconf 91' lang='lat' dir='ltr'><strong>utdicam</strong></span> <span class='ocrx_word' id='word_1_341' title='bbox 3557 1702 3681 1743; x_wconf 89' lang='lat' dir='ltr'><strong>eum</strong></span> 
     </span>
    </p>
   </div>
   <div class='ocr_carea' id='block_1_48' title="bbox 2033 1740 3682 1847">
    <p class='ocr_par' dir='ltr' id='par_1_48' title="bbox 2033 1740 3682 1847">
     <span class='ocr_line' id='line_1_48' title="bbox 2033 1740 3682 1847; baseline -0.002 -12"><span class='ocrx_word' id='word_1_342' title='bbox 2033 1740 2081 1801; x_wconf 75' lang='grc' dir='ltr'><strong>Β</strong></span> <span class='ocrx_word' id='word_1_343' title='bbox 2108 1740 2294 1835; x_wconf 76' lang='lat' dir='ltr'><strong>divino</strong></span> <span class='ocrx_word' id='word_1_344' title='bbox 2328 1778 2519 1847; x_wconf 84' lang='lat' dir='ltr'><strong>David,</strong></span> <span class='ocrx_word' id='word_1_345' title='bbox 2554 1740 2592 1833; x_wconf 65' lang='grc' dir='ltr'><strong>θ’</strong></span> <span class='ocrx_word' id='word_1_346' title='bbox 2617 1740 2981 1834; x_wconf 52' lang='grc' dir='ltr'>τεείειιιίηᾶῑαξ</span> <span class='ocrx_word' id='word_1_347' title='bbox 3014 1740 3058 1833; x_wconf 60' lang='grc' dir='ltr'>ὲ.</span> <span class='ocrx_word' id='word_1_348' title='bbox 3090 1740 3506 1835; x_wconf 33' lang='lat' dir='ltr'><strong>*os’aée’n...</strong></span> <span class='ocrx_word' id='word_1_349' title='bbox 3554 1740 3682 1834; x_wconf 49' lang='lat' dir='ltr'><strong>eis.</strong></span> 
     </span>
    </p>
   </div>
   <div class='ocr_carea' id='block_1_49' title="bbox 2105 1865 3683 1941">
    <p class='ocr_par' dir='ltr' id='par_1_49' title="bbox 2105 1865 3683 1941">
     <span class='ocr_line' id='line_1_49' title="bbox 2105 1865 3683 1941; baseline -0.002 -18"><span class='ocrx_word' id='word_1_350' title='bbox 2105 1865 2295 1923; x_wconf 77' lang='lat' dir='ltr'><strong>calidis</strong></span> <span class='ocrx_word' id='word_1_351' title='bbox 2321 1866 2570 1938; x_wconf 84' lang='lat' dir='ltr'><strong>Iaerymis</strong></span> <span class='ocrx_word' id='word_1_352' title='bbox 2598 1868 2858 1938; x_wconf 74' lang='lat' dir='ltr'><strong>magistro</strong></span> <span class='ocrx_word' id='word_1_353' title='bbox 2885 1868 3152 1939; x_wconf 84' lang='lat' dir='ltr'><strong>signiﬁcat</strong></span> <span class='ocrx_word' id='word_1_354' title='bbox 3178 1869 3396 1941; x_wconf 83' lang='lat' dir='ltr'><strong>maligni</strong></span> <span class='ocrx_word' id='word_1_355' title='bbox 3428 1869 3683 1938; x_wconf 69' lang='lat' dir='ltr'><strong>iniuriam</strong></span> 
     </span>
    </p>
   </div>
   <div class='ocr_carea' id='block_1_50' title="bbox 2105 1958 3715 2030">
    <p class='ocr_par' dir='ltr' id='par_1_50' title="bbox 2105 1958 3715 2030">
     <span class='ocr_line' id='line_1_50' title="bbox 2105 1958 3715 2030; baseline -0.001 -16"><span class='ocrx_word' id='word_1_356' title='bbox 2105 1969 2160 2014; x_wconf 87' lang='lat' dir='ltr'><strong>et</strong></span> <span class='ocrx_word' id='word_1_357' title='bbox 2182 1958 2562 2028; x_wconf 86' lang='lat' dir='ltr'><strong>petulantiam.</strong></span> <span class='ocrx_word' id='word_1_358' title='bbox 2592 1958 2687 2013; x_wconf 88' lang='lat' dir='ltr'><strong>Ille</strong></span> <span class='ocrx_word' id='word_1_359' title='bbox 2717 1974 2847 2015; x_wconf 84' lang='lat' dir='ltr'><strong>vero</strong></span> <span class='ocrx_word' id='word_1_360' title='bbox 2872 1974 2997 2015; x_wconf 88' lang='lat' dir='ltr'><strong>eum</strong></span> <span class='ocrx_word' id='word_1_361' title='bbox 3029 1974 3095 2015; x_wconf 86' lang='lat' dir='ltr'><strong>ex</strong></span> <span class='ocrx_word' id='word_1_362' title='bbox 3116 1975 3202 2024; x_wconf 91' lang='lat' dir='ltr'><strong>eo,</strong></span> <span class='ocrx_word' id='word_1_363' title='bbox 3223 1960 3368 2030; x_wconf 88' lang='lat' dir='ltr'><strong>quod</strong></span> <span class='ocrx_word' id='word_1_364' title='bbox 3393 1971 3541 2016; x_wconf 87' lang='lat' dir='ltr'><strong>esset</strong></span> <span class='ocrx_word' id='word_1_365' title='bbox 3566 1966 3715 2030; x_wconf 72' lang='lat' dir='ltr'><strong>pas-‘</strong></span> 
     </span>
    </p>
   </div>
   <div class='ocr_carea' id='block_1_51' title="bbox 2107 2050 3684 2122">
    <p class='ocr_par' dir='ltr' id='par_1_51' title="bbox 2107 2050 3684 2122">
     <span class='ocr_line' id='line_1_51' title="bbox 2107 2050 3684 2122; baseline 0 -17"><span class='ocrx_word' id='word_1_366' title='bbox 2107 2062 2221 2112; x_wconf 86' lang='lat' dir='ltr'><strong>sus,</strong></span> <span class='ocrx_word' id='word_1_367' title='bbox 2261 2058 2446 2119; x_wconf 90' lang='lat' dir='ltr'><strong>posset</strong></span> <span class='ocrx_word' id='word_1_368' title='bbox 2471 2050 2635 2105; x_wconf 89' lang='lat' dir='ltr'><strong>etiam</strong></span> <span class='ocrx_word' id='word_1_369' title='bbox 2668 2058 2789 2106; x_wconf 89' lang='lat' dir='ltr'><strong>tuto</strong></span> <span class='ocrx_word' id='word_1_370' title='bbox 2833 2051 3052 2118; x_wconf 81' lang='lat' dir='ltr'><strong>docere,</strong></span> <span class='ocrx_word' id='word_1_371' title='bbox 3089 2050 3180 2106; x_wconf 83' lang='lat' dir='ltr'><strong>ubi</strong></span> <span class='ocrx_word' id='word_1_372' title='bbox 3227 2050 3597 2122; x_wconf 81' lang='lat' dir='ltr'><strong>pulcherrima</strong></span> <span class='ocrx_word' id='word_1_373' title='bbox 3632 2050 3684 2105; x_wconf 91' lang='lat' dir='ltr'><strong>ei</strong></span> 
     </span>
    </p>
   </div>
   <div class='ocr_carea' id='block_1_52' title="bbox 2107 2138 3677 2213">
    <p class='ocr_par' dir='ltr' id='par_1_52' title="bbox 2107 2138 3677 2213">
     <span class='ocr_line' id='line_1_52' title="bbox 2107 2138 3677 2213; baseline 0.001 -18"><span class='ocrx_word' id='word_1_374' title='bbox 2107 2138 2349 2197; x_wconf 78' lang='lat' dir='ltr'><strong>dedisset</strong></span> <span class='ocrx_word' id='word_1_375' title='bbox 2379 2141 2606 2208; x_wconf 87' lang='lat' dir='ltr'><strong>monita,</strong></span> <span class='ocrx_word' id='word_1_376' title='bbox 2646 2152 2699 2199; x_wconf 90' lang='lat' dir='ltr'><strong>et</strong></span> <span class='ocrx_word' id='word_1_377' title='bbox 2739 2143 2939 2199; x_wconf 85' lang='lat' dir='ltr'><strong>deinde</strong></span> <span class='ocrx_word' id='word_1_378' title='bbox 2964 2143 3130 2198; x_wconf 87' lang='lat' dir='ltr'><strong>etiam</strong></span> <span class='ocrx_word' id='word_1_379' title='bbox 3177 2142 3413 2199; x_wconf 80' lang='lat' dir='ltr'><strong>fudiSSet</strong></span> <span class='ocrx_word' id='word_1_380' title='bbox 3461 2156 3677 2213; x_wconf 78' lang='lat' dir='ltr'><strong>preces,</strong></span> 
     </span>
    </p>
   </div>
   <div class='ocr_carea' id='block_1_53' title="bbox 2108 2229 3680 2304">
    <p class='ocr_par' dir='ltr' id='par_1_53' title="bbox 2108 2229 3680 2304">
     <span class='ocr_line' id='line_1_53' title="bbox 2108 2229 3680 2304; baseline 0.003 -22"><span class='ocrx_word' id='word_1_381' title='bbox 2108 2229 2159 2283; x_wconf 86' lang='lat' dir='ltr'><strong>in</strong></span> <span class='ocrx_word' id='word_1_382' title='bbox 2189 2239 2302 2286; x_wconf 92' lang='lat' dir='ltr'><strong>toto</strong></span> <span class='ocrx_word' id='word_1_383' title='bbox 2327 2241 2599 2288; x_wconf 83' lang='lat' dir='ltr'><strong>conventu</strong></span> <span class='ocrx_word' id='word_1_384' title='bbox 2630 2233 2882 2297; x_wconf 77' lang='lat' dir='ltr'><strong>fratrum,</strong></span> <span class='ocrx_word' id='word_1_385' title='bbox 2914 2242 2968 2289; x_wconf 89' lang='lat' dir='ltr'><strong>et</strong></span> <span class='ocrx_word' id='word_1_386' title='bbox 2997 2242 3242 2304; x_wconf 81' lang='lat' dir='ltr'><strong>rogasset</strong></span> <span class='ocrx_word' id='word_1_387' title='bbox 3263 2247 3363 2304; x_wconf 84' lang='lat' dir='ltr'><strong>pro</strong></span> <span class='ocrx_word' id='word_1_388' title='bbox 3386 2231 3680 2303; x_wconf 86' lang='lat' dir='ltr'><strong>discipulo,</strong></span> 
     </span>
    </p>
   </div>
   <div class='ocr_carea' id='block_1_54' title="bbox 2107 2321 3259 2394">
    <p class='ocr_par' dir='ltr' id='par_1_54' title="bbox 2107 2321 3259 2394">
     <span class='ocr_line' id='line_1_54' title="bbox 2107 2321 3259 2394; baseline 0.003 -20"><span class='ocrx_word' id='word_1_389' title='bbox 2107 2321 2355 2377; x_wconf 68' lang='lat' dir='ltr'><strong>liberavit</strong></span> <span class='ocrx_word' id='word_1_390' title='bbox 2388 2337 2514 2378; x_wconf 86' lang='lat' dir='ltr'><strong>eum</strong></span> <span class='ocrx_word' id='word_1_391' title='bbox 2546 2338 2574 2376; x_wconf 87' lang='lat' dir='ltr'><strong>a</strong></span> <span class='ocrx_word' id='word_1_392' title='bbox 2597 2323 2745 2394; x_wconf 79' lang='lat' dir='ltr'><strong>gravi</strong></span> <span class='ocrx_word' id='word_1_393' title='bbox 2779 2324 2869 2379; x_wconf 91' lang='lat' dir='ltr'><strong>illa</strong></span> <span class='ocrx_word' id='word_1_394' title='bbox 2904 2324 3259 2394; x_wconf 86' lang='lat' dir='ltr'><strong>impulsione.</strong></span> 
     </span>
    </p>
   </div>
   <div class='ocr_carea' id='block_1_55' title="bbox 2179 2500 3686 2575">
    <p class='ocr_par' dir='ltr' id='par_1_55' title="bbox 2179 2500 3686 2575">
     <span class='ocr_line' id='line_1_55' title="bbox 2179 2500 3686 2575; baseline 0.003 -23"><span class='ocrx_word' id='word_1_395' title='bbox 2179 2500 2268 2555; x_wconf 79' lang='lat' dir='ltr'><strong>\‘I.</strong></span> <span class='ocrx_word' id='word_1_396' title='bbox 2297 2500 2379 2557; x_wconf 86' lang='lat' dir='ltr'><strong>Fit</strong></span> <span class='ocrx_word' id='word_1_397' title='bbox 2411 2501 2767 2558; x_wconf 76' lang='lat' dir='ltr'><strong>autetrraliud</strong></span> <span class='ocrx_word' id='word_1_398' title='bbox 2795 2517 3009 2573; x_wconf 82' lang='lat' dir='ltr'><strong>quoque</strong></span> <span class='ocrx_word' id='word_1_399' title='bbox 3031 2502 3250 2575; x_wconf 86' lang='lat' dir='ltr'><strong>dignum</strong></span> <span class='ocrx_word' id='word_1_400' title='bbox 3293 2502 3436 2573; x_wconf 86' lang='lat' dir='ltr'><strong>quod</strong></span> <span class='ocrx_word' id='word_1_401' title='bbox 3460 2500 3686 2557; x_wconf 82' lang='lat' dir='ltr'><strong>mande-</strong></span> 
     </span>
    </p>
   </div>
   <div class='ocr_carea' id='block_1_56' title="bbox 2107 2588 3679 2665">
    <p class='ocr_par' dir='ltr' id='par_1_56' title="bbox 2107 2588 3679 2665">
     <span class='ocr_line' id='line_1_56' title="bbox 2107 2588 3679 2665; baseline 0.002 -19"><span class='ocrx_word' id='word_1_402' title='bbox 2107 2604 2194 2648; x_wconf 90' lang='lat' dir='ltr'><strong>tnr</strong></span> <span class='ocrx_word' id='word_1_403' title='bbox 2218 2596 2493 2651; x_wconf 72' lang='lat' dir='ltr'><strong>memoria:</strong></span> <span class='ocrx_word' id='word_1_404' title='bbox 2516 2605 2572 2651; x_wconf 90' lang='lat' dir='ltr'><strong>et</strong></span> <span class='ocrx_word' id='word_1_405' title='bbox 2592 2588 2895 2665; x_wconf 85' lang='lat' dir='ltr'><strong>scriptioni.</strong></span> <span class='ocrx_word' id='word_1_406' title='bbox 2920 2594 3092 2650; x_wconf 74' lang='lat' dir='ltr'><strong>Noctu</strong></span> <span class='ocrx_word' id='word_1_407' title='bbox 3125 2594 3414 2651; x_wconf 78' lang='lat' dir='ltr'><strong>dormienti</strong></span> <span class='ocrx_word' id='word_1_408' title='bbox 3446 2595 3679 2649; x_wconf 84' lang='lat' dir='ltr'><strong>Anasta-</strong></span> 
     </span>
    </p>
   </div>
   <div class='ocr_carea' id='block_1_57' title="bbox 2104 2685 3684 2757">
    <p class='ocr_par' dir='ltr' id='par_1_57' title="bbox 2104 2685 3684 2757">
     <span class='ocr_line' id='line_1_57' title="bbox 2104 2685 3684 2757; baseline -0.001 -15"><span class='ocrx_word' id='word_1_409' title='bbox 2104 2688 2184 2742; x_wconf 88' lang='lat' dir='ltr'><strong>sio</strong></span> <span class='ocrx_word' id='word_1_410' title='bbox 2220 2688 2272 2741; x_wconf 92' lang='lat' dir='ltr'><strong>in</strong></span> <span class='ocrx_word' id='word_1_411' title='bbox 2298 2687 2505 2742; x_wconf 88' lang='lat' dir='ltr'><strong>somnis</strong></span> <span class='ocrx_word' id='word_1_412' title='bbox 2534 2688 2582 2742; x_wconf 90' lang='lat' dir='ltr'><strong>ei</strong></span> <span class='ocrx_word' id='word_1_413' title='bbox 2617 2688 2724 2742; x_wconf 89' lang='lat' dir='ltr'><strong>tale</strong></span> <span class='ocrx_word' id='word_1_414' title='bbox 2753 2686 2885 2757; x_wconf 88' lang='lat' dir='ltr'><strong>quid</strong></span> <span class='ocrx_word' id='word_1_415' title='bbox 2905 2695 3154 2756; x_wconf 81' lang='lat' dir='ltr'><strong>apparet.</strong></span> <span class='ocrx_word' id='word_1_416' title='bbox 3198 2685 3495 2741; x_wconf 79' lang='lat' dir='ltr'><strong>Videbatur</strong></span> <span class='ocrx_word' id='word_1_417' title='bbox 3527 2702 3684 2740; x_wconf 78' lang='lat' dir='ltr'><strong>mon-</strong></span> 
     </span>
    </p>
   </div>
   <div class='ocr_carea' id='block_1_58' title="bbox 2102 2777 3680 2849">
    <p class='ocr_par' dir='ltr' id='par_1_58' title="bbox 2102 2777 3680 2849">
     <span class='ocr_line' id='line_1_58' title="bbox 2102 2777 3680 2849; baseline -0.003 -14"><span class='ocrx_word' id='word_1_418' title='bbox 2102 2788 2211 2835; x_wconf 84' lang='lat' dir='ltr'><strong>tem</strong></span> <span class='ocrx_word' id='word_1_419' title='bbox 2241 2779 2530 2849; x_wconf 85' lang='lat' dir='ltr'><strong>quemdam</strong></span> <span class='ocrx_word' id='word_1_420' title='bbox 2564 2779 2841 2834; x_wconf 89' lang='lat' dir='ltr'><strong>excelsum</strong></span> <span class='ocrx_word' id='word_1_421' title='bbox 2880 2778 3214 2843; x_wconf 73' lang='lat' dir='ltr'><strong>ascendisse,</strong></span> <span class='ocrx_word' id='word_1_422' title='bbox 3242 2777 3307 2839; x_wconf 86' lang='lat' dir='ltr'><strong>ad</strong></span> <span class='ocrx_word' id='word_1_423' title='bbox 3338 2791 3461 2830; x_wconf 90' lang='lat' dir='ltr'><strong>eum</strong></span> <span class='ocrx_word' id='word_1_424' title='bbox 3490 2783 3680 2831; x_wconf 88' lang='lat' dir='ltr'><strong>autem</strong></span> 
     </span>
    </p>
   </div>
   <div class='ocr_carea' id='block_1_59' title="bbox 2103 2866 3684 2940">
    <p class='ocr_par' dir='ltr' id='par_1_59' title="bbox 2103 2866 3684 2940">
     <span class='ocr_line' id='line_1_59' title="bbox 2103 2866 3684 2940; baseline -0.004 -16"><span class='ocrx_word' id='word_1_425' title='bbox 2103 2870 2398 2924; x_wconf 86' lang='lat' dir='ltr'><strong>accessisse</strong></span> <span class='ocrx_word' id='word_1_426' title='bbox 2422 2869 2694 2938; x_wconf 87' lang='lat' dir='ltr'><strong>quispiam</strong></span> <span class='ocrx_word' id='word_1_427' title='bbox 2726 2868 3011 2940; x_wconf 76' lang='lat' dir='ltr'><strong>porrigens</strong></span> <span class='ocrx_word' id='word_1_428' title='bbox 3068 2866 3176 2921; x_wconf 84' lang='lat' dir='ltr'><strong>vini</strong></span> <span class='ocrx_word' id='word_1_429' title='bbox 3216 2866 3492 2936; x_wconf 85' lang='lat' dir='ltr'><strong>poculum.</strong></span> <span class='ocrx_word' id='word_1_430' title='bbox 3548 2876 3684 2919; x_wconf 86' lang='lat' dir='ltr'><strong>auro</strong></span> 
     </span>
    </p>
   </div>
   <div class='ocr_carea' id='block_1_60' title="bbox 2102 2955 3684 3031">
    <p class='ocr_par' dir='ltr' id='par_1_60' title="bbox 2102 2955 3684 3031">
     <span class='ocr_line' id='line_1_60' title="bbox 2102 2955 3684 3031; baseline -0.001 -19"><span class='ocrx_word' id='word_1_431' title='bbox 2102 2971 2351 3013; x_wconf 89' lang='lat' dir='ltr'><strong>ornatum</strong></span> <span class='ocrx_word' id='word_1_432' title='bbox 2378 2968 2433 3013; x_wconf 88' lang='lat' dir='ltr'><strong>et</strong></span> <span class='ocrx_word' id='word_1_433' title='bbox 2460 2960 2708 3030; x_wconf 83' lang='lat' dir='ltr'><strong>gemmis,</strong></span> <span class='ocrx_word' id='word_1_434' title='bbox 2749 2966 2804 3015; x_wconf 91' lang='lat' dir='ltr'><strong>et</strong></span> <span class='ocrx_word' id='word_1_435' title='bbox 2836 2959 3072 3031; x_wconf 78' lang='lat' dir='ltr'><strong>dixisse:</strong></span> <span class='ocrx_word' id='word_1_436' title='bbox 3108 2959 3331 3028; x_wconf 75' lang='lat' dir='ltr'><strong>Accipe,</strong></span> <span class='ocrx_word' id='word_1_437' title='bbox 3349 2957 3493 3013; x_wconf 86' lang='lat' dir='ltr'><strong>bibe.</strong></span> <span class='ocrx_word' id='word_1_438' title='bbox 3515 2955 3684 3013; x_wconf 83' lang='lat' dir='ltr'><strong>Cum-</strong></span> 
     </span>
    </p>
   </div>
   <div class='ocr_carea' id='block_1_61' title="bbox 416 3047 2002 3134">
    <p class='ocr_par' dir='ltr' id='par_1_61' title="bbox 416 3058 1995 3133">
     <span class='ocr_line' id='line_1_61' title="bbox 416 3058 1995 3133; baseline 0.002 -21"><span class='ocrx_word' id='word_1_439' title='bbox 416 3058 631 3129; x_wconf 76' lang='grc' dir='ltr'>κύτη-τα</span> <span class='ocrx_word' id='word_1_440' title='bbox 687 3060 935 3130; x_wconf 84' lang='grc' dir='ltr'>κρυφίως</span> <span class='ocrx_word' id='word_1_441' title='bbox 987 3060 1243 3127; x_wconf 78' lang='grc' dir='ltr'>ἐνέσταξε</span> <span class='ocrx_word' id='word_1_442' title='bbox 1295 3064 1363 3132; x_wconf 83' lang='grc' dir='ltr'>τῇ</span> <span class='ocrx_word' id='word_1_443' title='bbox 1421 3061 1630 3114; x_wconf 86' lang='grc' dir='ltr'>ἐκείνου</span> <span class='ocrx_word' id='word_1_444' title='bbox 1664 3061 1832 3133; x_wconf 62' lang='grc' dir='ltr'>ψυχῇ,</span> <span class='ocrx_word' id='word_1_445' title='bbox 1886 3058 1995 3115; x_wconf 75' lang='grc' dir='ltr'>οἷον</span> 
     </span>
    </p>
   </div>
   <div class='ocr_carea' id='block_1_62' title="bbox 2103 3047 3678 3134">
    <p class='ocr_par' dir='ltr' id='par_1_62' title="bbox 2104 3047 3678 3120">
     <span class='ocr_line' id='line_1_62' title="bbox 2104 3047 3678 3120; baseline 0.002 -19"><span class='ocrx_word' id='word_1_446' title='bbox 2104 3066 2209 3120; x_wconf 87' lang='lat' dir='ltr'><strong>que</strong></span> <span class='ocrx_word' id='word_1_447' title='bbox 2239 3050 2288 3105; x_wconf 92' lang='lat' dir='ltr'><strong>id</strong></span> <span class='ocrx_word' id='word_1_448' title='bbox 2317 3051 2636 3119; x_wconf 63' lang='lat' dir='ltr'><strong>accepisset.</strong></span> <span class='ocrx_word' id='word_1_449' title='bbox 2674 3051 2855 3106; x_wconf 77' lang='lat' dir='ltr'><strong>Statim</strong></span> <span class='ocrx_word' id='word_1_450' title='bbox 2889 3050 3111 3105; x_wconf 87' lang='lat' dir='ltr'><strong>bibisse.</strong></span> <span class='ocrx_word' id='word_1_451' title='bbox 3143 3047 3309 3104; x_wconf 80' lang='lat' dir='ltr'><strong>Pctus</strong></span> <span class='ocrx_word' id='word_1_452' title='bbox 3342 3060 3524 3103; x_wconf 88' lang='lat' dir='ltr'><strong>autem</strong></span> <span class='ocrx_word' id='word_1_453' title='bbox 3557 3049 3678 3117; x_wconf 78' lang='lat' dir='ltr'><strong>ejus</strong></span> 
     </span>
    </p>
   </div>
   <div class='ocr_carea' id='block_1_63' title="bbox 420 3151 1999 3217">
    <p class='ocr_par' dir='ltr' id='par_1_63' title="bbox 420 3151 1999 3217">
     <span class='ocr_line' id='line_1_63' title="bbox 420 3151 1999 3217; baseline 0.003 -15"><span class='ocrx_word' id='word_1_454' title='bbox 420 3151 698 3213; x_wconf 81' lang='grc' dir='ltr'>συνιέντος</span> <span class='ocrx_word' id='word_1_455' title='bbox 761 3152 1117 3205; x_wconf 77' lang='grc' dir='ltr'>Ἀναστασίου</span> <span class='ocrx_word' id='word_1_456' title='bbox 1186 3152 1283 3206; x_wconf 74' lang='grc' dir='ltr'>καὶ</span> <span class='ocrx_word' id='word_1_457' title='bbox 1334 3154 1457 3207; x_wconf 82' lang='grc' dir='ltr'>κατ’</span> <span class='ocrx_word' id='word_1_458' title='bbox 1502 3152 1700 3217; x_wconf 72' lang='grc' dir='ltr'>αὐτοὺς</span> <span class='ocrx_word' id='word_1_459' title='bbox 1750 3154 1830 3206; x_wconf 76' lang='grc' dir='ltr'>ἔτι</span> <span class='ocrx_word' id='word_1_460' title='bbox 1875 3155 1999 3217; x_wconf 73' lang='grc' dir='ltr'>τοὺς</span> 
     </span>
    </p>
   </div>
   <div class='ocr_carea' id='block_1_64' title="bbox 419 3240 2003 3316">
    <p class='ocr_par' dir='ltr' id='par_1_64' title="bbox 419 3240 2003 3316">
     <span class='ocr_line' id='line_1_64' title="bbox 419 3240 2003 3316; baseline 0.002 -22"><span class='ocrx_word' id='word_1_461' title='bbox 419 3240 646 3307; x_wconf 82' lang='grc' dir='ltr'>ὕπνους,</span> <span class='ocrx_word' id='word_1_462' title='bbox 675 3243 756 3295; x_wconf 79' lang='grc' dir='ltr'><strong>ὅτι</strong></span> <span class='ocrx_word' id='word_1_463' title='bbox 779 3244 840 3296; x_wconf 71' lang='grc' dir='ltr'><strong>τέ</strong></span> <span class='ocrx_word' id='word_1_464' title='bbox 862 3243 1206 3314; x_wconf 83' lang='grc' dir='ltr'>ποθούμενον</span> <span class='ocrx_word' id='word_1_465' title='bbox 1230 3243 1382 3313; x_wconf 79' lang='grc' dir='ltr'>αὐτῷ</span> <span class='ocrx_word' id='word_1_466' title='bbox 1412 3243 1612 3314; x_wconf 84' lang='grc' dir='ltr'>μηνύει</span> <span class='ocrx_word' id='word_1_467' title='bbox 1662 3245 1756 3299; x_wconf 79' lang='grc' dir='ltr'>τοῦ</span> <span class='ocrx_word' id='word_1_468' title='bbox 1802 3262 2003 3316; x_wconf 81' lang='grc' dir='ltr'>μαρτυ-</span> 
     </span>
    </p>
   </div>
   <div class='ocr_carea' id='block_1_65' title="bbox 416 3330 2002 3405">
    <p class='ocr_par' dir='ltr' id='par_1_65' title="bbox 416 3330 2002 3405">
     <span class='ocr_line' id='line_1_65' title="bbox 416 3330 2002 3405; baseline 0.004 -23"><span class='ocrx_word' id='word_1_469' title='bbox 416 3330 540 3401; x_wconf 77' lang='grc' dir='ltr'>ρίου</span> <span class='ocrx_word' id='word_1_470' title='bbox 569 3330 722 3395; x_wconf 79' lang='grc' dir='ltr'>τέλος</span> <span class='ocrx_word' id='word_1_471' title='bbox 752 3335 781 3386; x_wconf 84' lang='grc' dir='ltr'>ὁ</span> <span class='ocrx_word' id='word_1_472' title='bbox 831 3331 1061 3403; x_wconf 74' lang='grc' dir='ltr'>ὄνειρος.</span> <span class='ocrx_word' id='word_1_473' title='bbox 1113 3334 1461 3397; x_wconf 65' lang='grc' dir='ltr'>Διυπνισθεὶς</span> <span class='ocrx_word' id='word_1_474' title='bbox 1511 3333 1606 3388; x_wconf 80' lang='grc' dir='ltr'><strong>οὖν</strong></span> <span class='ocrx_word' id='word_1_475' title='bbox 1653 3335 2002 3405; x_wconf 76' lang='grc' dir='ltr'>παραχρῆμα</span> 
     </span>
    </p>
   </div>
   <div class='ocr_carea' id='block_1_66' title="bbox 419 3424 1998 3498">
    <p class='ocr_par' dir='ltr' id='par_1_66' title="bbox 419 3424 1998 3498">
     <span class='ocr_line' id='line_1_66' title="bbox 419 3424 1998 3498; baseline 0.003 -22"><span class='ocrx_word' id='word_1_476' title='bbox 419 3424 637 3494; x_wconf 79' lang='grc' dir='ltr'>χαρίεις</span> <span class='ocrx_word' id='word_1_477' title='bbox 662 3440 724 3477; x_wconf 82' lang='grc' dir='ltr'><strong>τε</strong></span> <span class='ocrx_word' id='word_1_478' title='bbox 753 3426 845 3478; x_wconf 78' lang='grc' dir='ltr'><strong>καὶ</strong></span> <span class='ocrx_word' id='word_1_479' title='bbox 877 3427 1102 3496; x_wconf 83' lang='grc' dir='ltr'>φαιδρὸς</span> <span class='ocrx_word' id='word_1_480' title='bbox 1127 3427 1226 3496; x_wconf 80' lang='grc' dir='ltr'><strong>τὴν</strong></span> <span class='ocrx_word' id='word_1_481' title='bbox 1242 3426 1539 3496; x_wconf 80' lang='grc' dir='ltr'>ἐκκλησίαν</span> <span class='ocrx_word' id='word_1_482' title='bbox 1570 3427 1998 3498; x_wconf 83' lang='grc' dir='ltr'>καταλαμϐάνει,</span> 
     </span>
    </p>
   </div>
   <div class='ocr_carea' id='block_1_67' title="bbox 419 3516 2002 3590">
    <p class='ocr_par' dir='ltr' id='par_1_67' title="bbox 419 3516 2002 3590">
     <span class='ocr_line' id='line_1_67' title="bbox 419 3516 2002 3590; baseline 0.001 -20"><span class='ocrx_word' id='word_1_483' title='bbox 419 3516 677 3588; x_wconf 71' lang='grc' dir='ltr'>καθάπερ</span> <span class='ocrx_word' id='word_1_484' title='bbox 710 3520 768 3572; x_wconf 89' lang='grc' dir='ltr'><strong>ἐν</strong></span> <span class='ocrx_word' id='word_1_485' title='bbox 794 3519 984 3589; x_wconf 71' lang='grc' dir='ltr'>χερσὶν</span> <span class='ocrx_word' id='word_1_486' title='bbox 1023 3519 1164 3590; x_wconf 77' lang='grc' dir='ltr'>ἔχων</span> <span class='ocrx_word' id='word_1_487' title='bbox 1192 3519 1258 3572; x_wconf 72' lang='grc' dir='ltr'>τὰ</span> <span class='ocrx_word' id='word_1_488' title='bbox 1292 3519 1672 3589; x_wconf 78' lang='grc' dir='ltr'>ιέλπιζόμενα·</span> <span class='ocrx_word' id='word_1_489' title='bbox 1702 3519 1801 3589; x_wconf 70' lang='grc' dir='ltr'>ἤδη</span> <span class='ocrx_word' id='word_1_490' title='bbox 1834 3520 1943 3590; x_wconf 76' lang='grc' dir='ltr'>γὰρ</span> <span class='ocrx_word' id='word_1_491' title='bbox 1974 3521 2002 3572; x_wconf 84' lang='grc' dir='ltr'>ὁ</span> 
     </span>
    </p>
   </div>
   <div class='ocr_carea' id='block_1_68' title="bbox 418 3609 1997 3683">
    <p class='ocr_par' dir='ltr' id='par_1_68' title="bbox 418 3609 1997 3683">
     <span class='ocr_line' id='line_1_68' title="bbox 418 3609 1997 3683; baseline 0.003 -21"><span class='ocrx_word' id='word_1_492' title='bbox 418 3609 613 3680; x_wconf 77' lang='grc' dir='ltr'>καιρὸς</span> <span class='ocrx_word' id='word_1_493' title='bbox 668 3611 854 3665; x_wconf 82' lang='grc' dir='ltr'>ἐκάλει</span> <span class='ocrx_word' id='word_1_494' title='bbox 887 3612 997 3664; x_wconf 84' lang='grc' dir='ltr'><strong>τῶν</strong></span> <span class='ocrx_word' id='word_1_495' title='bbox 1026 3612 1362 3683; x_wconf 79' lang='grc' dir='ltr'>νυκτερινῶν</span> <span class='ocrx_word' id='word_1_496' title='bbox 1407 3612 1595 3683; x_wconf 77' lang='grc' dir='ltr'>ὕμνων</span> <span class='ocrx_word' id='word_1_497' title='bbox 1622 3619 1719 3683; x_wconf 69' lang='grc' dir='ltr'>τὴν</span> <span class='ocrx_word' id='word_1_498' title='bbox 1754 3613 1997 3680; x_wconf 79' lang='grc' dir='ltr'>σύναξιν,</span> 
     </span>
    </p>
   </div>
   <div class='ocr_carea' id='block_1_69' title="bbox 420 3701 1998 3776">
    <p class='ocr_par' dir='ltr' id='par_1_69' title="bbox 420 3701 1998 3776">
     <span class='ocr_line' id='line_1_69' title="bbox 420 3701 1998 3776; baseline 0.002 -21"><span class='ocrx_word' id='word_1_499' title='bbox 420 3702 519 3755; x_wconf 72' lang='grc' dir='ltr'><strong>καὶ</strong></span> <span class='ocrx_word' id='word_1_500' title='bbox 537 3701 949 3774; x_wconf 71' lang='grc' dir='ltr'>τὴνισεϐάσμιον</span> <span class='ocrx_word' id='word_1_501' title='bbox 964 3705 1063 3774; x_wconf 79' lang='grc' dir='ltr'>τῆς</span> <span class='ocrx_word' id='word_1_502' title='bbox 1091 3704 1331 3776; x_wconf 81' lang='grc' dir='ltr'>Χριστοῦ</span> <span class='ocrx_word' id='word_1_503' title='bbox 1371 3705 1752 3767; x_wconf 82' lang='grc' dir='ltr'>Ἀναστὰσεως</span> <span class='ocrx_word' id='word_1_504' title='bbox 1783 3707 1998 3776; x_wconf 76' lang='grc' dir='ltr'>ἑορτήν.</span> 
     </span>
    </p>
   </div>
   <div class='ocr_carea' id='block_1_70' title="bbox 422 3790 2001 3867">
    <p class='ocr_par' dir='ltr' id='par_1_70' title="bbox 422 3790 2001 3867">
     <span class='ocr_line' id='line_1_70' title="bbox 422 3790 2001 3867; baseline 0.002 -20"><span class='ocrx_word' id='word_1_505' title='bbox 422 3795 677 3864; x_wconf 68' lang='grc' dir='ltr'>Κυριακὴ</span> <span class='ocrx_word' id='word_1_506' title='bbox 708 3797 817 3866; x_wconf 72' lang='grc' dir='ltr'><strong>γὰρ</strong></span> <span class='ocrx_word' id='word_1_507' title='bbox 839 3791 910 3866; x_wconf 77' lang='grc' dir='ltr'>ἦν</span> <span class='ocrx_word' id='word_1_508' title='bbox 935 3797 967 3866; x_wconf 72' lang='grc' dir='ltr'><strong>ἡ</strong></span> <span class='ocrx_word' id='word_1_509' title='bbox 999 3795 1192 3867; x_wconf 83' lang='grc' dir='ltr'>πρώτη</span> <span class='ocrx_word' id='word_1_510' title='bbox 1226 3798 1414 3850; x_wconf 77' lang='grc' dir='ltr'>πασῶν</span> <span class='ocrx_word' id='word_1_511' title='bbox 1437 3798 1532 3850; x_wconf 71' lang='grc' dir='ltr'>καὶ</span> <span class='ocrx_word' id='word_1_512' title='bbox 1563 3790 1815 3867; x_wconf 81' lang='grc' dir='ltr'>μεγίστη.</span> <span class='ocrx_word' id='word_1_513' title='bbox 1845 3796 2001 3850; x_wconf 80' lang='grc' dir='ltr'>Οὕτω</span> 
     </span>
    </p>
   </div>
   <div class='ocr_carea' id='block_1_71' title="bbox 427 3878 2000 3960">
    <p class='ocr_par' dir='ltr' id='par_1_71' title="bbox 427 3878 2000 3960">
     <span class='ocr_line' id='line_1_71' title="bbox 427 3878 2000 3960; baseline 0.003 -24"><span class='ocrx_word' id='word_1_514' title='bbox 427 3887 712 3956; x_wconf 80' lang='grc' dir='ltr'>τοιγαροῦν</span> <span class='ocrx_word' id='word_1_515' title='bbox 766 3891 846 3951; x_wconf 74' lang='grc' dir='ltr'><strong>εἰς</strong></span> <span class='ocrx_word' id='word_1_516' title='bbox 894 3889 992 3960; x_wconf 77' lang='grc' dir='ltr'>τὴν</span> <span class='ocrx_word' id='word_1_517' title='bbox 1023 3888 1243 3954; x_wconf 80' lang='grc' dir='ltr'>σύναξιν</span> <span class='ocrx_word' id='word_1_518' title='bbox 1288 3891 1628 3960; x_wconf 78' lang='grc' dir='ltr'>ἀπαντήσας,</span> <span class='ocrx_word' id='word_1_519' title='bbox 1681 3890 1777 3943; x_wconf 71' lang='grc' dir='ltr'>καὶ</span> <span class='ocrx_word' id='word_1_520' title='bbox 1806 3878 1896 3942; x_wconf 71' lang='grc' dir='ltr'><strong>τδν</strong></span> <span class='ocrx_word' id='word_1_521' title='bbox 1929 3890 2000 3941; x_wconf 87' lang='grc' dir='ltr'>οί-</span> 
     </span>
    </p>
   </div>
   <div class='ocr_carea' id='block_1_72' title="bbox 427 3978 2000 4052">
    <p class='ocr_par' dir='ltr' id='par_1_72' title="bbox 427 3978 2000 4052">
     <span class='ocr_line' id='line_1_72' title="bbox 427 3978 2000 4052; baseline 0.004 -24"><span class='ocrx_word' id='word_1_522' title='bbox 427 3979 574 4029; x_wconf 81' lang='grc' dir='ltr'>κείον</span> <span class='ocrx_word' id='word_1_523' title='bbox 618 3978 941 4034; x_wconf 79' lang='grc' dir='ltr'>διδάσκαλον</span> <span class='ocrx_word' id='word_1_524' title='bbox 1010 3981 1320 4048; x_wconf 77' lang='grc' dir='ltr'>ἀπολαϐὼν,</span> <span class='ocrx_word' id='word_1_525' title='bbox 1351 3982 1447 4036; x_wconf 70' lang='grc' dir='ltr'><strong>καὶ</strong></span> <span class='ocrx_word' id='word_1_526' title='bbox 1504 3983 1663 4048; x_wconf 87' lang='grc' dir='ltr'>μόνος</span> <span class='ocrx_word' id='word_1_527' title='bbox 1710 3983 1807 4035; x_wconf 81' lang='grc' dir='ltr'><strong>σὺν</strong></span> <span class='ocrx_word' id='word_1_528' title='bbox 1849 3980 2000 4052; x_wconf 76' lang='grc' dir='ltr'>αὐτῷ</span> 
     </span>
    </p>
   </div>
   <div class='ocr_carea' id='block_1_73' title="bbox 427 4065 1998 4139">
    <p class='ocr_par' dir='ltr' id='par_1_73' title="bbox 427 4065 1998 4139">
     <span class='ocr_line' id='line_1_73' title="bbox 427 4065 1998 4139; baseline 0.004 -21"><span class='ocrx_word' id='word_1_529' title='bbox 427 4065 562 4137; x_wconf 75' lang='grc' dir='ltr'>πρὸς</span> <span class='ocrx_word' id='word_1_530' title='bbox 609 4068 671 4122; x_wconf 74' lang='grc' dir='ltr'>τὸ</span> <span class='ocrx_word' id='word_1_531' title='bbox 731 4070 1069 4139; x_wconf 81' lang='grc' dir='ltr'>καλούμενον</span> <span class='ocrx_word' id='word_1_532' title='bbox 1123 4072 1430 4125; x_wconf 74' lang='grc' dir='ltr'>διακονικὸν</span> <span class='ocrx_word' id='word_1_533' title='bbox 1487 4069 1764 4136; x_wconf 84' lang='grc' dir='ltr'>είσελθὼν,</span> <span class='ocrx_word' id='word_1_534' title='bbox 1811 4072 1998 4125; x_wconf 83' lang='grc' dir='ltr'>πίπτει</span> 
     </span>
    </p>
   </div>
   <div class='ocr_carea' id='block_1_74' title="bbox 422 4158 1998 4228">
    <p class='ocr_par' dir='ltr' id='par_1_74' title="bbox 422 4158 1998 4228">
     <span class='ocr_line' id='line_1_74' title="bbox 422 4158 1998 4228; baseline 0.004 -19"><span class='ocrx_word' id='word_1_535' title='bbox 422 4158 560 4228; x_wconf 83' lang='grc' dir='ltr'>πρὸς</span> <span class='ocrx_word' id='word_1_536' title='bbox 592 4161 719 4223; x_wconf 77' lang='grc' dir='ltr'>τοὺς</span> <span class='ocrx_word' id='word_1_537' title='bbox 746 4162 916 4214; x_wconf 69' lang='grc' dir='ltr'>αὐτοῦ</span> <span class='ocrx_word' id='word_1_538' title='bbox 947 4163 1137 4227; x_wconf 87' lang='grc' dir='ltr'>πόδας,</span> <span class='ocrx_word' id='word_1_539' title='bbox 1183 4162 1463 4225; x_wconf 87' lang='grc' dir='ltr'>πλουσίοις</span> <span class='ocrx_word' id='word_1_540' title='bbox 1513 4163 1709 4227; x_wconf 78' lang='grc' dir='ltr'>αὐτοὺς</span> <span class='ocrx_word' id='word_1_541' title='bbox 1748 4164 1862 4225; x_wconf 78' lang='grc' dir='ltr'>τοῖς</span> <span class='ocrx_word' id='word_1_542' title='bbox 1902 4162 1998 4215; x_wconf 79' lang='grc' dir='ltr'>δά-</span> 
     </span>
    </p>
   </div>
   <div class='ocr_carea' id='block_1_75' title="bbox 419 4250 2001 4326">
    <p class='ocr_par' dir='ltr' id='par_1_75' title="bbox 419 4250 2001 4326">
     <span class='ocr_line' id='line_1_75' title="bbox 419 4250 2001 4326; baseline 0.004 -25"><span class='ocrx_word' id='word_1_543' title='bbox 419 4264 585 4318; x_wconf 86' lang='grc' dir='ltr'>κρυσι</span> <span class='ocrx_word' id='word_1_544' title='bbox 616 4250 860 4322; x_wconf 79' lang='grc' dir='ltr'>βρέχων·</span> <span class='ocrx_word' id='word_1_545' title='bbox 907 4255 1004 4307; x_wconf 72' lang='grc' dir='ltr'>καὶ</span> <span class='ocrx_word' id='word_1_546' title='bbox 1032 4253 1125 4307; x_wconf 77' lang='grc' dir='ltr'>τοῦ</span> <span class='ocrx_word' id='word_1_547' title='bbox 1158 4254 1350 4323; x_wconf 76' lang='grc' dir='ltr'>ἀνδρὸς</span> <span class='ocrx_word' id='word_1_548' title='bbox 1377 4255 1436 4307; x_wconf 87' lang='grc' dir='ltr'><strong>ἐν</strong></span> <span class='ocrx_word' id='word_1_549' title='bbox 1478 4254 1741 4326; x_wconf 80' lang='grc' dir='ltr'>συντριϐῇ</span> <span class='ocrx_word' id='word_1_550' title='bbox 1770 4252 2001 4323; x_wconf 85' lang='grc' dir='ltr'>καρδίας</span> 
     </span>
    </p>
   </div>
   <div class='ocr_carea' id='block_1_76' title="bbox 414 4339 2000 4423">
    <p class='ocr_par' dir='ltr' id='par_1_76' title="bbox 414 4339 2000 4423">
     <span class='ocr_line' id='line_1_76' title="bbox 414 4339 2000 4423; baseline 0.004 -31"><span class='ocrx_word' id='word_1_551' title='bbox 414 4339 677 4410; x_wconf 82' lang='grc' dir='ltr'>δεόμενος</span> <span class='ocrx_word' id='word_1_552' title='bbox 739 4342 998 4408; x_wconf 73' lang='grc' dir='ltr'>εὔξασθαι</span> <span class='ocrx_word' id='word_1_553' title='bbox 1061 4347 1203 4416; x_wconf 77' lang='grc' dir='ltr'>ὑπὲρ</span> <span class='ocrx_word' id='word_1_554' title='bbox 1263 4345 1426 4400; x_wconf 82' lang='grc' dir='ltr'>αὑτοῦ</span> <span class='ocrx_word' id='word_1_555' title='bbox 1491 4346 1628 4417; x_wconf 71' lang='grc' dir='ltr'>πρὸς</span> <span class='ocrx_word' id='word_1_556' title='bbox 1660 4346 1774 4423; x_wconf 14' lang='grc' dir='ltr'>’τὸν</span> <span class='ocrx_word' id='word_1_557' title='bbox 1822 4346 2000 4400; x_wconf 71' lang='grc' dir='ltr'>κοινὸν</span> 
     </span>
    </p>
   </div>
   <div class='ocr_carea' id='block_1_77' title="bbox 2105 3138 3677 3200">
    <p class='ocr_par' dir='ltr' id='par_1_77' title="bbox 2105 3138 3677 3200">
     <span class='ocr_line' id='line_1_77' title="bbox 2105 3138 3677 3200; baseline -0.002 -5"><span class='ocrx_word' id='word_1_558' title='bbox 2105 3141 2300 3195; x_wconf 78' lang='lat' dir='ltr'><strong>animzc</strong></span> <span class='ocrx_word' id='word_1_559' title='bbox 2348 3142 2584 3195; x_wconf 88' lang='lat' dir='ltr'><strong>latenter</strong></span> <span class='ocrx_word' id='word_1_560' title='bbox 2630 3139 2913 3196; x_wconf 79' lang='lat' dir='ltr'><strong>instillavit</strong></span> <span class='ocrx_word' id='word_1_561' title='bbox 2942 3140 3307 3200; x_wconf 85' lang='lat' dir='ltr'><strong>dulcedinem.</strong></span> <span class='ocrx_word' id='word_1_562' title='bbox 3334 3138 3471 3194; x_wconf 88' lang='lat' dir='ltr'><strong>adeo</strong></span> <span class='ocrx_word' id='word_1_563' title='bbox 3503 3149 3561 3193; x_wconf 90' lang='lat' dir='ltr'><strong>ut</strong></span> <span class='ocrx_word' id='word_1_564' title='bbox 3590 3140 3677 3194; x_wconf 81' lang='lat' dir='ltr'><strong>vel</strong></span> 
     </span>
    </p>
   </div>
   <div class='ocr_carea' id='block_1_78' title="bbox 2104 3231 3777 3315">
    <p class='ocr_par' dir='ltr' id='par_1_78' title="bbox 2104 3231 3777 3315">
     <span class='ocr_line' id='line_1_78' title="bbox 2104 3231 3777 3315; baseline -0.001 -29"><span class='ocrx_word' id='word_1_565' title='bbox 2104 3233 2159 3287; x_wconf 93' lang='lat' dir='ltr'><strong>in</strong></span> <span class='ocrx_word' id='word_1_566' title='bbox 2182 3234 2388 3288; x_wconf 83' lang='lat' dir='ltr'><strong>somnis</strong></span> <span class='ocrx_word' id='word_1_567' title='bbox 2419 3234 2748 3303; x_wconf 82' lang='lat' dir='ltr'><strong>intelligeret</strong></span> <span class='ocrx_word' id='word_1_568' title='bbox 2767 3232 3111 3297; x_wconf 83' lang='lat' dir='ltr'><strong>Anastasius,</strong></span> <span class='ocrx_word' id='word_1_569' title='bbox 3137 3247 3386 3287; x_wconf 90' lang='lat' dir='ltr'><strong>somnum</strong></span> <span class='ocrx_word' id='word_1_570' title='bbox 3412 3231 3681 3302; x_wconf 77' lang='lat' dir='ltr'><strong>signiiiea-</strong></span> <span class='ocrx_word' id='word_1_571' title='bbox 3764 3308 3777 3315; x_wconf 86' lang='lat'>_</span> 
     </span>
    </p>
   </div>
   <div class='ocr_carea' id='block_1_79' title="bbox 2105 3323 3677 3398">
    <p class='ocr_par' dir='ltr' id='par_1_79' title="bbox 2105 3323 3677 3398">
     <span class='ocr_line' id='line_1_79' title="bbox 2105 3323 3677 3398; baseline -0.003 -17"><span class='ocrx_word' id='word_1_572' title='bbox 2105 3342 2164 3382; x_wconf 89' lang='lat' dir='ltr'><strong>re</strong></span> <span class='ocrx_word' id='word_1_573' title='bbox 2194 3327 2560 3382; x_wconf 83' lang='lat' dir='ltr'><strong>desideratum</strong></span> <span class='ocrx_word' id='word_1_574' title='bbox 2594 3343 2625 3381; x_wconf 92' lang='lat' dir='ltr'><strong>a</strong></span> <span class='ocrx_word' id='word_1_575' title='bbox 2660 3342 2719 3383; x_wconf 87' lang='lat' dir='ltr'><strong>se</strong></span> <span class='ocrx_word' id='word_1_576' title='bbox 2740 3327 2904 3382; x_wconf 87' lang='lat' dir='ltr'><strong>ﬁnem</strong></span> <span class='ocrx_word' id='word_1_577' title='bbox 2931 3325 3194 3398; x_wconf 85' lang='lat' dir='ltr'><strong>martyrii.</strong></span> <span class='ocrx_word' id='word_1_578' title='bbox 3215 3323 3256 3378; x_wconf 86' lang='lat' dir='ltr'><strong>E</strong></span> <span class='ocrx_word' id='word_1_579' title='bbox 3284 3338 3474 3379; x_wconf 89' lang='lat' dir='ltr'><strong>somno</strong></span> <span class='ocrx_word' id='word_1_580' title='bbox 3496 3324 3677 3393; x_wconf 81' lang='lat' dir='ltr'><strong>itaque</strong></span> 
     </span>
    </p>
   </div>
   <div class='ocr_carea' id='block_1_80' title="bbox 2105 3417 3681 3487">
    <p class='ocr_par' dir='ltr' id='par_1_80' title="bbox 2105 3417 3681 3487">
     <span class='ocr_line' id='line_1_80' title="bbox 2105 3417 3681 3487; baseline -0.001 -16"><span class='ocrx_word' id='word_1_581' title='bbox 2105 3418 2356 3487; x_wconf 89' lang='lat' dir='ltr'><strong>protinus</strong></span> <span class='ocrx_word' id='word_1_582' title='bbox 2407 3421 2692 3482; x_wconf 87' lang='lat' dir='ltr'><strong>excitatus,</strong></span> <span class='ocrx_word' id='word_1_583' title='bbox 2743 3417 2940 3474; x_wconf 88' lang='lat' dir='ltr'><strong>alacris</strong></span> <span class='ocrx_word' id='word_1_584' title='bbox 2965 3426 3021 3472; x_wconf 86' lang='lat' dir='ltr'><strong>et</strong></span> <span class='ocrx_word' id='word_1_585' title='bbox 3050 3418 3206 3473; x_wconf 70' lang='lat' dir='ltr'><strong>Iretus</strong></span> <span class='ocrx_word' id='word_1_586' title='bbox 3229 3417 3376 3473; x_wconf 74' lang='lat' dir='ltr'><strong>venit</strong></span> <span class='ocrx_word' id='word_1_587' title='bbox 3396 3417 3463 3471; x_wconf 89' lang='lat' dir='ltr'><strong>ad</strong></span> <span class='ocrx_word' id='word_1_588' title='bbox 3490 3417 3681 3470; x_wconf 84' lang='lat' dir='ltr'><strong>eccle-</strong></span> 
     </span>
    </p>
   </div>
   <div class='ocr_carea' id='block_1_81' title="bbox 2104 3502 3680 3577">
    <p class='ocr_par' dir='ltr' id='par_1_81' title="bbox 2104 3502 3680 3577">
     <span class='ocr_line' id='line_1_81' title="bbox 2104 3502 3680 3577; baseline -0.003 -17"><span class='ocrx_word' id='word_1_589' title='bbox 2104 3507 2261 3571; x_wconf 89' lang='lat' dir='ltr'><strong>siam,</strong></span> <span class='ocrx_word' id='word_1_590' title='bbox 2299 3516 2359 3562; x_wconf 90' lang='lat' dir='ltr'><strong>ut</strong></span> <span class='ocrx_word' id='word_1_591' title='bbox 2380 3508 2470 3577; x_wconf 84' lang='lat' dir='ltr'><strong>qui</strong></span> <span class='ocrx_word' id='word_1_592' title='bbox 2502 3521 2586 3571; x_wconf 82' lang='lat' dir='ltr'><strong>ea,</strong></span> <span class='ocrx_word' id='word_1_593' title='bbox 2611 3521 2732 3577; x_wconf 62' lang='lat' dir='ltr'><strong>quae</strong></span> <span class='ocrx_word' id='word_1_594' title='bbox 2763 3506 3143 3576; x_wconf 87' lang='lat' dir='ltr'><strong>sperabantur,</strong></span> <span class='ocrx_word' id='word_1_595' title='bbox 3172 3504 3400 3559; x_wconf 87' lang='lat' dir='ltr'><strong>haberet</strong></span> <span class='ocrx_word' id='word_1_596' title='bbox 3426 3503 3479 3557; x_wconf 89' lang='lat' dir='ltr'><strong>in</strong></span> <span class='ocrx_word' id='word_1_597' title='bbox 3501 3502 3680 3557; x_wconf 82' lang='lat' dir='ltr'><strong>mani—</strong></span> 
     </span>
    </p>
   </div>
   <div class='ocr_carea' id='block_1_82' title="bbox 2104 3595 3680 3666">
    <p class='ocr_par' dir='ltr' id='par_1_82' title="bbox 2104 3595 3680 3666">
     <span class='ocr_line' id='line_1_82' title="bbox 2104 3595 3680 3666; baseline -0.004 -12"><span class='ocrx_word' id='word_1_598' title='bbox 2104 3600 2225 3654; x_wconf 84' lang='lat' dir='ltr'><strong>bus.</strong></span> <span class='ocrx_word' id='word_1_599' title='bbox 2262 3598 2381 3652; x_wconf 85' lang='lat' dir='ltr'><strong>Jam</strong></span> <span class='ocrx_word' id='word_1_600' title='bbox 2413 3599 2556 3653; x_wconf 84' lang='lat' dir='ltr'><strong>enim</strong></span> <span class='ocrx_word' id='word_1_601' title='bbox 2591 3598 2819 3653; x_wconf 84' lang='lat' dir='ltr'><strong>vocabat</strong></span> <span class='ocrx_word' id='word_1_602' title='bbox 2844 3607 3057 3666; x_wconf 90' lang='lat' dir='ltr'><strong>tempus</strong></span> <span class='ocrx_word' id='word_1_603' title='bbox 3088 3595 3556 3666; x_wconf 76' lang='lat' dir='ltr'><strong>congregationem</strong></span> <span class='ocrx_word' id='word_1_604' title='bbox 3580 3608 3680 3664; x_wconf 87' lang='lat' dir='ltr'><strong>pro</strong></span> 
     </span>
    </p>
   </div>
   <div class='ocr_carea' id='block_1_83' title="bbox 2103 3683 3680 3758">
    <p class='ocr_par' dir='ltr' id='par_1_83' title="bbox 2103 3683 3680 3758">
     <span class='ocr_line' id='line_1_83' title="bbox 2103 3683 3680 3758; baseline -0.004 -16"><span class='ocrx_word' id='word_1_605' title='bbox 2103 3688 2350 3743; x_wconf 84' lang='lat' dir='ltr'><strong>dicendis</strong></span> <span class='ocrx_word' id='word_1_606' title='bbox 2391 3687 2610 3758; x_wconf 79' lang='lat' dir='ltr'><strong>hymnis</strong></span> <span class='ocrx_word' id='word_1_607' title='bbox 2642 3686 2946 3749; x_wconf 82' lang='lat' dir='ltr'><strong>nocturnis,</strong></span> <span class='ocrx_word' id='word_1_608' title='bbox 2983 3694 3038 3738; x_wconf 86' lang='lat' dir='ltr'><strong>et</strong></span> <span class='ocrx_word' id='word_1_609' title='bbox 3080 3683 3409 3738; x_wconf 87' lang='lat' dir='ltr'><strong>celebrando</strong></span> <span class='ocrx_word' id='word_1_610' title='bbox 3448 3696 3680 3736; x_wconf 87' lang='lat' dir='ltr'><strong>venera-</strong></span> 
     </span>
    </p>
   </div>
   <div class='ocr_carea' id='block_1_84' title="bbox 2102 3773 3679 3835">
    <p class='ocr_par' dir='ltr' id='par_1_84' title="bbox 2102 3773 3679 3835">
     <span class='ocr_line' id='line_1_84' title="bbox 2102 3773 3679 3835; baseline -0.004 -1"><span class='ocrx_word' id='word_1_611' title='bbox 2102 3781 2195 3835; x_wconf 88' lang='lat' dir='ltr'><strong>bili</strong></span> <span class='ocrx_word' id='word_1_612' title='bbox 2228 3780 2368 3834; x_wconf 83' lang='lat' dir='ltr'><strong>festo</strong></span> <span class='ocrx_word' id='word_1_613' title='bbox 2392 3778 2591 3833; x_wconf 69' lang='lat' dir='ltr'><strong>Christi</strong></span> <span class='ocrx_word' id='word_1_614' title='bbox 2614 3774 3222 3831; x_wconf 78' lang='lat' dir='ltr'><strong>Resurrectionis.Erat</strong></span> <span class='ocrx_word' id='word_1_615' title='bbox 3256 3773 3401 3827; x_wconf 88' lang='lat' dir='ltr'><strong>enim</strong></span> <span class='ocrx_word' id='word_1_616' title='bbox 3431 3773 3547 3828; x_wconf 88' lang='lat' dir='ltr'><strong>dies</strong></span> <span class='ocrx_word' id='word_1_617' title='bbox 3570 3773 3679 3827; x_wconf 78' lang='lat' dir='ltr'><strong>Do-</strong></span> 
     </span>
    </p>
   </div>
   <div class='ocr_carea' id='block_1_85' title="bbox 2102 3863 3678 3940">
    <p class='ocr_par' dir='ltr' id='par_1_85' title="bbox 2102 3863 3678 3940">
     <span class='ocr_line' id='line_1_85' title="bbox 2102 3863 3678 3940; baseline -0.006 -13"><span class='ocrx_word' id='word_1_618' title='bbox 2102 3873 2358 3937; x_wconf 89' lang='lat' dir='ltr'><strong>minieus,</strong></span> <span class='ocrx_word' id='word_1_619' title='bbox 2380 3872 2587 3940; x_wconf 88' lang='lat' dir='ltr'><strong>primus</strong></span> <span class='ocrx_word' id='word_1_620' title='bbox 2613 3869 2857 3923; x_wconf 89' lang='lat' dir='ltr'><strong>omnium</strong></span> <span class='ocrx_word' id='word_1_621' title='bbox 2886 3875 2940 3922; x_wconf 90' lang='lat' dir='ltr'><strong>et</strong></span> <span class='ocrx_word' id='word_1_622' title='bbox 2970 3867 3263 3920; x_wconf 79' lang='lat' dir='ltr'><strong>maximus.</strong></span> <span class='ocrx_word' id='word_1_623' title='bbox 3292 3863 3426 3919; x_wconf 88' lang='lat' dir='ltr'><strong>Cum</strong></span> <span class='ocrx_word' id='word_1_624' title='bbox 3451 3865 3531 3917; x_wconf 90' lang='lat' dir='ltr'><strong>sic</strong></span> <span class='ocrx_word' id='word_1_625' title='bbox 3548 3879 3678 3934; x_wconf 89' lang='lat' dir='ltr'><strong>ergo</strong></span> 
     </span>
    </p>
   </div>
   <div class='ocr_carea' id='block_1_86' title="bbox 2100 3957 3681 4037">
    <p class='ocr_par' dir='ltr' id='par_1_86' title="bbox 2100 3957 3681 4037">
     <span class='ocr_line' id='line_1_86' title="bbox 2100 3957 3681 4037; baseline -0.007 -16"><span class='ocrx_word' id='word_1_626' title='bbox 2100 3968 2345 4021; x_wconf 79' lang='lat' dir='ltr'><strong>venisset</strong></span> <span class='ocrx_word' id='word_1_627' title='bbox 2370 3965 2435 4020; x_wconf 88' lang='lat' dir='ltr'><strong>ad</strong></span> <span class='ocrx_word' id='word_1_628' title='bbox 2456 3963 2955 4037; x_wconf 82' lang='lat' dir='ltr'><strong>congregationem,</strong></span> <span class='ocrx_word' id='word_1_629' title='bbox 2986 3967 3043 4015; x_wconf 87' lang='lat' dir='ltr'><strong>et</strong></span> <span class='ocrx_word' id='word_1_630' title='bbox 3062 3974 3223 4019; x_wconf 86' lang='lat' dir='ltr'><strong>suum</strong></span> <span class='ocrx_word' id='word_1_631' title='bbox 3243 3957 3545 4028; x_wconf 88' lang='lat' dir='ltr'><strong>accepisset</strong></span> <span class='ocrx_word' id='word_1_632' title='bbox 3563 3970 3681 4011; x_wconf 86' lang='lat' dir='ltr'><strong>ma-</strong></span> 
     </span>
    </p>
   </div>
   <div class='ocr_carea' id='block_1_87' title="bbox 2102 4046 3677 4129">
    <p class='ocr_par' dir='ltr' id='par_1_87' title="bbox 2102 4046 3677 4129">
     <span class='ocr_line' id='line_1_87' title="bbox 2102 4046 3677 4129; baseline -0.004 -19"><span class='ocrx_word' id='word_1_633' title='bbox 2102 4059 2355 4129; x_wconf 68' lang='lat' dir='ltr'><strong>gistrum,</strong></span> <span class='ocrx_word' id='word_1_634' title='bbox 2392 4065 2447 4109; x_wconf 90' lang='lat' dir='ltr'><strong>et</strong></span> <span class='ocrx_word' id='word_1_635' title='bbox 2481 4055 2628 4109; x_wconf 89' lang='lat' dir='ltr'><strong>solus</strong></span> <span class='ocrx_word' id='word_1_636' title='bbox 2661 4066 2784 4108; x_wconf 87' lang='lat' dir='ltr'><strong>cum</strong></span> <span class='ocrx_word' id='word_1_637' title='bbox 2833 4051 2954 4123; x_wconf 88' lang='lat' dir='ltr'><strong>ipso</strong></span> <span class='ocrx_word' id='word_1_638' title='bbox 2999 4057 3145 4104; x_wconf 87' lang='lat' dir='ltr'><strong>esset</strong></span> <span class='ocrx_word' id='word_1_639' title='bbox 3199 4049 3477 4120; x_wconf 85' lang='lat' dir='ltr'><strong>ingressus</strong></span> <span class='ocrx_word' id='word_1_640' title='bbox 3508 4046 3560 4100; x_wconf 90' lang='lat' dir='ltr'><strong>in</strong></span> <span class='ocrx_word' id='word_1_641' title='bbox 3598 4047 3677 4111; x_wconf 86' lang='lat' dir='ltr'><strong>id,</strong></span> 
     </span>
    </p>
   </div>
   <div class='ocr_carea' id='block_1_88' title="bbox 2103 4138 3677 4221">
    <p class='ocr_par' dir='ltr' id='par_1_88' title="bbox 2103 4138 3677 4221">
     <span class='ocr_line' id='line_1_88' title="bbox 2103 4138 3677 4221; baseline -0.009 -16"><span class='ocrx_word' id='word_1_642' title='bbox 2103 4150 2248 4221; x_wconf 87' lang='lat' dir='ltr'><strong>quod</strong></span> <span class='ocrx_word' id='word_1_643' title='bbox 2282 4149 2483 4205; x_wconf 87' lang='lat' dir='ltr'><strong>dicitur</strong></span> <span class='ocrx_word' id='word_1_644' title='bbox 2523 4145 2899 4207; x_wconf 87' lang='lat' dir='ltr'><strong>Diaconicum,</strong></span> <span class='ocrx_word' id='word_1_645' title='bbox 2959 4140 3202 4213; x_wconf 87' lang='lat' dir='ltr'><strong>procidit</strong></span> <span class='ocrx_word' id='word_1_646' title='bbox 3248 4140 3315 4193; x_wconf 81' lang='lat' dir='ltr'><strong>ad</strong></span> <span class='ocrx_word' id='word_1_647' title='bbox 3345 4139 3462 4209; x_wconf 85' lang='lat' dir='ltr'><strong>ejus</strong></span> <span class='ocrx_word' id='word_1_648' title='bbox 3490 4138 3677 4206; x_wconf 88' lang='lat' dir='ltr'><strong>pedes,</strong></span> 
     </span>
    </p>
   </div>
   <div class='ocr_carea' id='block_1_89' title="bbox 2106 4225 3676 4312">
    <p class='ocr_par' dir='ltr' id='par_1_89' title="bbox 2106 4225 3676 4312">
     <span class='ocr_line' id='line_1_89' title="bbox 2106 4225 3676 4312; baseline -0.011 -16"><span class='ocrx_word' id='word_1_649' title='bbox 2106 4240 2343 4312; x_wconf 81' lang='lat' dir='ltr'><strong>profusis</strong></span> <span class='ocrx_word' id='word_1_650' title='bbox 2402 4252 2496 4293; x_wconf 90' lang='lat' dir='ltr'><strong>eos</strong></span> <span class='ocrx_word' id='word_1_651' title='bbox 2526 4234 2779 4306; x_wconf 76' lang='lat' dir='ltr'><strong>Iacrymis</strong></span> <span class='ocrx_word' id='word_1_652' title='bbox 2813 4233 3062 4305; x_wconf 83' lang='lat' dir='ltr'><strong>irrigans,</strong></span> <span class='ocrx_word' id='word_1_653' title='bbox 3100 4240 3155 4285; x_wconf 91' lang='lat' dir='ltr'><strong>et</strong></span> <span class='ocrx_word' id='word_1_654' title='bbox 3204 4243 3328 4283; x_wconf 91' lang='lat' dir='ltr'><strong>eum</strong></span> <span class='ocrx_word' id='word_1_655' title='bbox 3374 4240 3573 4298; x_wconf 84' lang='lat' dir='ltr'><strong>rogans</strong></span> <span class='ocrx_word' id='word_1_656' title='bbox 3622 4225 3676 4279; x_wconf 90' lang='lat' dir='ltr'><strong>in</strong></span> 
     </span>
    </p>
   </div>
   <div class='ocr_carea' id='block_1_90' title="bbox 2107 4316 3675 4396">
    <p class='ocr_par' dir='ltr' id='par_1_90' title="bbox 2107 4316 3675 4396">
     <span class='ocr_line' id='line_1_90' title="bbox 2107 4316 3675 4396; baseline -0.012 -8"><span class='ocrx_word' id='word_1_657' title='bbox 2107 4330 2436 4388; x_wconf 83' lang='lat' dir='ltr'><strong>contritione</strong></span> <span class='ocrx_word' id='word_1_658' title='bbox 2468 4327 2675 4393; x_wconf 88' lang='lat' dir='ltr'><strong>cordis,</strong></span> <span class='ocrx_word' id='word_1_659' title='bbox 2702 4333 2759 4380; x_wconf 87' lang='lat' dir='ltr'><strong>ut</strong></span> <span class='ocrx_word' id='word_1_660' title='bbox 2787 4340 2887 4396; x_wconf 90' lang='lat' dir='ltr'><strong>pro</strong></span> <span class='ocrx_word' id='word_1_661' title='bbox 2917 4324 3037 4394; x_wconf 83' lang='lat' dir='ltr'><strong>ipso</strong></span> <span class='ocrx_word' id='word_1_662' title='bbox 3059 4334 3403 4376; x_wconf 89' lang='lat' dir='ltr'><strong>communem</strong></span> <span class='ocrx_word' id='word_1_663' title='bbox 3427 4316 3675 4371; x_wconf 85' lang='lat' dir='ltr'><strong>omnium</strong></span> 
     </span>
    </p>
   </div>
   <div class='ocr_carea' id='block_1_91' title="bbox 420 4404 2002 4509">
    <p class='ocr_par' dir='ltr' id='par_1_91' title="bbox 420 4404 1998 4509">
     <span class='ocr_line' id='line_1_91' title="bbox 420 4404 1998 4509; baseline 0.004 -25"><span class='ocrx_word' id='word_1_664' title='bbox 420 4404 678 4486; x_wconf 81' lang='grc' dir='ltr'>ἁπάντων</span> <span class='ocrx_word' id='word_1_665' title='bbox 699 4404 1002 4507; x_wconf 77' lang='grc' dir='ltr'>Δεσπότην·</span> <span class='ocrx_word' id='word_1_666' title='bbox 1034 4432 1124 4491; x_wconf 76' lang='grc' dir='ltr'><strong>οἷα</strong></span> <span class='ocrx_word' id='word_1_667' title='bbox 1161 4404 1447 4507; x_wconf 77' lang='grc' dir='ltr'>μέλλοντος</span> <span class='ocrx_word' id='word_1_668' title='bbox 1482 4404 1623 4509; x_wconf 71' lang='grc' dir='ltr'>πρὸς</span> <span class='ocrx_word' id='word_1_669' title='bbox 1645 4418 1854 4492; x_wconf 81' lang='grc' dir='ltr'>ἐκεῖνον</span> <span class='ocrx_word' id='word_1_670' title='bbox 1898 4439 1998 4491; x_wconf 78' lang='grc' dir='ltr'><strong>οὐκ</strong></span> 
     </span>
    </p>
   </div>
   <div class='ocr_carea' id='block_1_92' title="bbox 2103 4404 3675 4509">
    <p class='ocr_par' dir='ltr' id='par_1_92' title="bbox 2107 4404 3675 4493">
     <span class='ocr_line' id='line_1_92' title="bbox 2107 4404 3675 4493; baseline -0.014 -15"><span class='ocrx_word' id='word_1_671' title='bbox 2107 4428 2324 4493; x_wconf 79' lang='lat' dir='ltr'><strong>rogaret</strong></span> <span class='ocrx_word' id='word_1_672' title='bbox 2352 4418 2663 4489; x_wconf 76' lang='lat' dir='ltr'><strong>Dominum,</strong></span> <span class='ocrx_word' id='word_1_673' title='bbox 2701 4423 2761 4470; x_wconf 91' lang='lat' dir='ltr'><strong>ut</strong></span> <span class='ocrx_word' id='word_1_674' title='bbox 2789 4413 2880 4486; x_wconf 87' lang='lat' dir='ltr'><strong>qui</strong></span> <span class='ocrx_word' id='word_1_675' title='bbox 2908 4419 3059 4467; x_wconf 88' lang='lat' dir='ltr'><strong>esset</strong></span> <span class='ocrx_word' id='word_1_676' title='bbox 3084 4408 3405 4480; x_wconf 86' lang='lat' dir='ltr'><strong>propediem</strong></span> <span class='ocrx_word' id='word_1_677' title='bbox 3423 4404 3490 4460; x_wconf 86' lang='lat' dir='ltr'><strong>ad</strong></span> <span class='ocrx_word' id='word_1_678' title='bbox 3526 4405 3675 4457; x_wconf 73' lang='lat' dir='ltr'><strong>illum</strong></span> 
     </span>
    </p>
   </div>
   <div class='ocr_carea' id='block_1_93' title="bbox 416 4524 2000 4600">
    <p class='ocr_par' dir='ltr' id='par_1_93' title="bbox 416 4524 2000 4600">
     <span class='ocr_line' id='line_1_93' title="bbox 416 4524 2000 4600; baseline -0.009 -7"><span class='ocrx_word' id='word_1_679' title='bbox 416 4524 502 4585; x_wconf 68' lang='grc' dir='ltr'>εἰς</span> <span class='ocrx_word' id='word_1_680' title='bbox 533 4524 754 4594; x_wconf 80' lang='grc' dir='ltr'>μακρὰν</span> <span class='ocrx_word' id='word_1_681' title='bbox 781 4527 1110 4598; x_wconf 70' lang='grc' dir='ltr'>ἐκδημῆσαι.</span> <span class='ocrx_word' id='word_1_682' title='bbox 1164 4524 1296 4595; x_wconf 75' lang='grc' dir='ltr'>Εἶτα</span> <span class='ocrx_word' id='word_1_683' title='bbox 1324 4528 1417 4581; x_wconf 80' lang='grc' dir='ltr'>καὶ</span> <span class='ocrx_word' id='word_1_684' title='bbox 1459 4527 1528 4581; x_wconf 81' lang='grc' dir='ltr'>τὰ</span> <span class='ocrx_word' id='word_1_685' title='bbox 1557 4528 1802 4600; x_wconf 83' lang='grc' dir='ltr'>ὲξιτήρια</span> <span class='ocrx_word' id='word_1_686' title='bbox 1829 4530 2000 4598; x_wconf 78' lang='grc' dir='ltr'>φθέγι-</span> 
     </span>
    </p>
   </div>
   <div class='ocr_carea' id='block_1_94' title="bbox 421 4614 1999 4692">
    <p class='ocr_par' dir='ltr' id='par_1_94' title="bbox 421 4614 1999 4692">
     <span class='ocr_line' id='line_1_94' title="bbox 421 4614 1999 4692; baseline 0.004 -26"><span class='ocrx_word' id='word_1_687' title='bbox 421 4629 581 4680; x_wconf 77' lang='grc' dir='ltr'>γεται</span> <span class='ocrx_word' id='word_1_688' title='bbox 605 4616 697 4670; x_wconf 79' lang='grc' dir='ltr'>καὶ</span> <span class='ocrx_word' id='word_1_689' title='bbox 721 4616 821 4669; x_wconf 68' lang='grc' dir='ltr'>ὅσα</span> <span class='ocrx_word' id='word_1_690' title='bbox 850 4618 948 4687; x_wconf 79' lang='grc' dir='ltr'>τῆς</span> <span class='ocrx_word' id='word_1_691' title='bbox 983 4618 1250 4690; x_wconf 82' lang='grc' dir='ltr'>ἐκδημίας</span> <span class='ocrx_word' id='word_1_692' title='bbox 1274 4637 1289 4651; x_wconf 80' lang='grc' dir='ltr'><strong>ο</strong></span> <span class='ocrx_word' id='word_1_693' title='bbox 1332 4614 1481 4686; x_wconf 82' lang='grc' dir='ltr'>Οἶδα,</span> <span class='ocrx_word' id='word_1_694' title='bbox 1507 4621 1686 4692; x_wconf 85' lang='grc' dir='ltr'>Πάτερ</span> <span class='ocrx_word' id='word_1_695' title='bbox 1731 4620 1876 4689; x_wconf 77' lang='grc' dir='ltr'>ἅγιε,</span> <span class='ocrx_word' id='word_1_696' title='bbox 1911 4620 1999 4673; x_wconf 80' lang='grc' dir='ltr'>λέ-</span> 
     </span>
    </p>
   </div>
   <div class='ocr_carea' id='block_1_95' title="bbox 334 4707 1996 4782">
    <p class='ocr_par' dir='ltr' id='par_1_95' title="bbox 334 4707 1996 4782">
     <span class='ocr_line' id='line_1_95' title="bbox 334 4707 1996 4782; baseline -0.004 -13"><span class='ocrx_word' id='word_1_697' title='bbox 334 4754 339 4759; x_wconf 68' lang='lat'><strong>.</strong></span> <span class='ocrx_word' id='word_1_698' title='bbox 425 4721 561 4773; x_wconf 70' lang='grc' dir='ltr'><strong>των,</strong></span> <span class='ocrx_word' id='word_1_699' title='bbox 583 4707 741 4770; x_wconf 73' lang='grc' dir='ltr'>ὅσους</span> <span class='ocrx_word' id='word_1_700' title='bbox 770 4709 861 4761; x_wconf 70' lang='grc' dir='ltr'>ἐπ’</span> <span class='ocrx_word' id='word_1_701' title='bbox 897 4710 1019 4780; x_wconf 78' lang='grc' dir='ltr'>ἐμοὶ</span> <span class='ocrx_word' id='word_1_702' title='bbox 1051 4711 1254 4775; x_wconf 83' lang='grc' dir='ltr'>κόπους</span> <span class='ocrx_word' id='word_1_703' title='bbox 1283 4712 1520 4781; x_wconf 74' lang='grc' dir='ltr'>ὑπέστης</span> <span class='ocrx_word' id='word_1_704' title='bbox 1540 4711 1615 4781; x_wconf 84' lang='grc' dir='ltr'><strong>τῷ</strong></span> <span class='ocrx_word' id='word_1_705' title='bbox 1645 4711 1996 4782; x_wconf 84' lang='grc' dir='ltr'>ταλαιπώρῳ,</span> 
     </span>
    </p>
   </div>
   <div class='ocr_carea' id='block_1_96' title="bbox 424 4799 2000 4874">
    <p class='ocr_par' dir='ltr' id='par_1_96' title="bbox 424 4799 2000 4874">
     <span class='ocr_line' id='line_1_96' title="bbox 424 4799 2000 4874; baseline 0.005 -25"><span class='ocrx_word' id='word_1_706' title='bbox 424 4799 522 4850; x_wconf 83' lang='grc' dir='ltr'>καὶ</span> <span class='ocrx_word' id='word_1_707' title='bbox 562 4799 642 4852; x_wconf 80' lang='grc' dir='ltr'><strong>ὅτι</strong></span> <span class='ocrx_word' id='word_1_708' title='bbox 673 4800 842 4854; x_wconf 78' lang='grc' dir='ltr'>πολλὰ</span> <span class='ocrx_word' id='word_1_709' title='bbox 863 4803 1225 4874; x_wconf 78' lang='grc' dir='ltr'>παρελύπησα</span> <span class='ocrx_word' id='word_1_710' title='bbox 1252 4805 1347 4858; x_wconf 80' lang='grc' dir='ltr'>καὶ</span> <span class='ocrx_word' id='word_1_711' title='bbox 1377 4803 1639 4869; x_wconf 86' lang='grc' dir='ltr'>πολλάκις</span> <span class='ocrx_word' id='word_1_712' title='bbox 1661 4805 1729 4857; x_wconf 74' lang='grc' dir='ltr'>τὰ</span> <span class='ocrx_word' id='word_1_713' title='bbox 1757 4805 2000 4873; x_wconf 71' lang='grc' dir='ltr'>πατρικὰ</span> 
     </span>
    </p>
   </div>
   <div class='ocr_carea' id='block_1_97' title="bbox 426 4891 1999 4969">
    <p class='ocr_par' dir='ltr' id='par_1_97' title="bbox 426 4891 1999 4969">
     <span class='ocr_line' id='line_1_97' title="bbox 426 4891 1999 4969; baseline 0.006 -28"><span class='ocrx_word' id='word_1_714' title='bbox 426 4891 554 4960; x_wconf 72' lang='grc' dir='ltr'>περὶ</span> <span class='ocrx_word' id='word_1_715' title='bbox 582 4893 681 4962; x_wconf 76' lang='grc' dir='ltr'>ἐμὲ</span> <span class='ocrx_word' id='word_1_716' title='bbox 708 4893 811 4947; x_wconf 73' lang='grc' dir='ltr'>,καὶ</span> <span class='ocrx_word' id='word_1_717' title='bbox 837 4893 1164 4967; x_wconf 78' lang='grc' dir='ltr'>φιλόστοργα</span> <span class='ocrx_word' id='word_1_718' title='bbox 1193 4895 1475 4969; x_wconf 86' lang='grc' dir='ltr'>σπλάγχνα</span> <span class='ocrx_word' id='word_1_719' title='bbox 1508 4914 1600 4951; x_wconf 86' lang='grc' dir='ltr'><strong>σου</strong></span> <span class='ocrx_word' id='word_1_720' title='bbox 1621 4940 1636 4963; x_wconf 87' lang='grc'><strong>,</strong></span> <span class='ocrx_word' id='word_1_721' title='bbox 1669 4898 1762 4951; x_wconf 81' lang='grc' dir='ltr'><strong>καὶ</strong></span> <span class='ocrx_word' id='word_1_722' title='bbox 1794 4899 1874 4950; x_wconf 81' lang='grc' dir='ltr'><strong>ὅτι</strong></span> <span class='ocrx_word' id='word_1_723' title='bbox 1912 4896 1999 4950; x_wconf 79' lang='grc' dir='ltr'>διὰ</span> 
     </span>
    </p>
   </div>
   <div class='ocr_carea' id='block_1_98' title="bbox 430 4979 2001 5059">
    <p class='ocr_par' dir='ltr' id='par_1_98' title="bbox 430 4979 2001 5059">
     <span class='ocr_line' id='line_1_98' title="bbox 430 4979 2001 5059; baseline 0.01 -28"><span class='ocrx_word' id='word_1_724' title='bbox 430 4980 520 5032; x_wconf 83' lang='grc' dir='ltr'>σοῦ</span> <span class='ocrx_word' id='word_1_725' title='bbox 552 4985 669 5052; x_wconf 79' lang='grc' dir='ltr'>φῶς</span> <span class='ocrx_word' id='word_1_726' title='bbox 714 4979 854 5039; x_wconf 65' lang='grc' dir='ltr'>εἶδον</span> <span class='ocrx_word' id='word_1_727' title='bbox 878 4987 928 5039; x_wconf 73' lang='lat' dir='ltr'><strong>oi</strong></span> <span class='ocrx_word' id='word_1_728' title='bbox 984 4987 1254 5057; x_wconf 81' lang='grc' dir='ltr'>ὀφθαλμοί</span> <span class='ocrx_word' id='word_1_729' title='bbox 1279 5005 1405 5058; x_wconf 85' lang='grc' dir='ltr'>μου,</span> <span class='ocrx_word' id='word_1_730' title='bbox 1446 4988 1561 5059; x_wconf 85' lang='grc' dir='ltr'><strong>φῶς</strong></span> <span class='ocrx_word' id='word_1_731' title='bbox 1584 4988 1856 5059; x_wconf 72' lang='grc' dir='ltr'>ἀληθινὸν,</span> <span class='ocrx_word' id='word_1_732' title='bbox 1885 4988 2001 5057; x_wconf 81' lang='grc' dir='ltr'><strong>φῶς</strong></span> 
     </span>
    </p>
   </div>
   <div class='ocr_carea' id='block_1_99' title="bbox 424 5073 1997 5152">
    <p class='ocr_par' dir='ltr' id='par_1_99' title="bbox 424 5073 1997 5152">
     <span class='ocr_line' id='line_1_99' title="bbox 424 5073 1997 5152; baseline 0.005 -29"><span class='ocrx_word' id='word_1_733' title='bbox 424 5073 792 5141; x_wconf 70' lang='grc' dir='ltr'>ἐπιγνώσεως,</span> <span class='ocrx_word' id='word_1_734' title='bbox 819 5078 917 5131; x_wconf 70' lang='grc' dir='ltr'><strong>καὶ</strong></span> <span class='ocrx_word' id='word_1_735' title='bbox 965 5081 1187 5143; x_wconf 61' lang='grc' dir='ltr'>σκὼους</span> <span class='ocrx_word' id='word_1_736' title='bbox 1225 5080 1546 5152; x_wconf 80' lang='grc' dir='ltr'>ἀπηλλάγην</span> <span class='ocrx_word' id='word_1_737' title='bbox 1577 5079 1962 5150; x_wconf 86' lang='grc' dir='ltr'>χαλεπωτάτου</span> <span class='ocrx_word' id='word_1_738' title='bbox 1982 5094 1997 5110; x_wconf 79' lang='grc' dir='ltr'><strong>ο</strong></span> 
     </span>
    </p>
   </div>
   <div class='ocr_carea' id='block_1_100' title="bbox 420 5161 2000 5243">
    <p class='ocr_par' dir='ltr' id='par_1_100' title="bbox 420 5161 2000 5243">
     <span class='ocr_line' id='line_1_100' title="bbox 420 5161 2000 5243; baseline 0.005 -29"><span class='ocrx_word' id='word_1_739' title='bbox 420 5161 504 5215; x_wconf 78' lang='grc' dir='ltr'>διὸ</span> <span class='ocrx_word' id='word_1_740' title='bbox 544 5166 679 5232; x_wconf 73' lang='grc' dir='ltr'>μηδὲ</span> <span class='ocrx_word' id='word_1_741' title='bbox 711 5168 982 5232; x_wconf 84' lang='grc' dir='ltr'>διαλίποις</span> <span class='ocrx_word' id='word_1_742' title='bbox 1003 5169 1097 5223; x_wconf 86' lang='grc' dir='ltr'>τοῦ</span> <span class='ocrx_word' id='word_1_743' title='bbox 1123 5170 1509 5242; x_wconf 78' lang='grc' dir='ltr'>φιλανθρώπου</span> <span class='ocrx_word' id='word_1_744' title='bbox 1539 5171 1815 5225; x_wconf 83' lang='grc' dir='ltr'>Δεσπότου</span> <span class='ocrx_word' id='word_1_745' title='bbox 1870 5169 2000 5243; x_wconf 79' lang='grc' dir='ltr'>περὶ</span> 
     </span>
    </p>
   </div>
   <div class='ocr_carea' id='block_1_101' title="bbox 418 5254 1718 5334">
    <p class='ocr_par' dir='ltr' id='par_1_101' title="bbox 418 5254 1718 5334">
     <span class='ocr_line' id='line_1_101' title="bbox 418 5254 1718 5334; baseline 0.01 -29"><span class='ocrx_word' id='word_1_746' title='bbox 418 5254 559 5323; x_wconf 73' lang='grc' dir='ltr'>ἐμοῦ</span> <span class='ocrx_word' id='word_1_747' title='bbox 587 5257 618 5309; x_wconf 87' lang='grc' dir='ltr'>ὁ</span> <span class='ocrx_word' id='word_1_748' title='bbox 651 5257 841 5323; x_wconf 75' lang='grc' dir='ltr'>πιστὸς</span> <span class='ocrx_word' id='word_1_749' title='bbox 864 5261 1081 5332; x_wconf 73' lang='grc' dir='ltr'>οίκίτης</span> <span class='ocrx_word' id='word_1_750' title='bbox 1108 5262 1200 5316; x_wconf 81' lang='grc' dir='ltr'>διὰ</span> <span class='ocrx_word' id='word_1_751' title='bbox 1222 5261 1421 5325; x_wconf 74' lang='grc' dir='ltr'>παντὸς</span> <span class='ocrx_word' id='word_1_752' title='bbox 1444 5263 1718 5334; x_wconf 86' lang='grc' dir='ltr'>δεόμενος.</span> 
     </span>
    </p>
   </div>
   <div class='ocr_carea' id='block_1_102' title="bbox 496 5436 2003 5511">
    <p class='ocr_par' dir='ltr' id='par_1_102' title="bbox 496 5436 2003 5511">
     <span class='ocr_line' id='line_1_102' title="bbox 496 5436 2003 5511; baseline 0.001 -18"><span class='ocrx_word' id='word_1_753' title='bbox 496 5436 570 5494; x_wconf 84' lang='lat' dir='ltr'><strong>Z&#39;.</strong></span> <span class='ocrx_word' id='word_1_754' title='bbox 598 5440 741 5511; x_wconf 82' lang='grc' dir='ltr'>Πρὸς</span> <span class='ocrx_word' id='word_1_755' title='bbox 794 5439 968 5496; x_wconf 76' lang='grc' dir='ltr'>ταῦτα</span> <span class='ocrx_word' id='word_1_756' title='bbox 1026 5441 1230 5506; x_wconf 78' lang='grc' dir='ltr'>ἐκεῖνος</span> <span class='ocrx_word' id='word_1_757' title='bbox 1283 5442 1594 5508; x_wconf 77' lang='grc' dir='ltr'>ὑπολαϐὼν,</span> <span class='ocrx_word' id='word_1_758' title='bbox 1621 5443 1688 5498; x_wconf 91' lang='grc' dir='ltr'>Τί</span> <span class='ocrx_word' id='word_1_759' title='bbox 1742 5443 1798 5497; x_wconf 67' lang='grc' dir='ltr'>δὲ</span> <span class='ocrx_word' id='word_1_760' title='bbox 1842 5440 2003 5495; x_wconf 83' lang='grc' dir='ltr'>τοῦτό</span> 
     </span>
    </p>
   </div>
   <div class='ocr_carea' id='block_1_103' title="bbox 422 5531 2002 5607">
    <p class='ocr_par' dir='ltr' id='par_1_103' title="bbox 422 5531 2002 5607">
     <span class='ocr_line' id='line_1_103' title="bbox 422 5531 2002 5607; baseline 0.002 -24"><span class='ocrx_word' id='word_1_761' title='bbox 422 5531 601 5597; x_wconf 72' lang='grc' dir='ltr'>ἐστιν,</span> <span class='ocrx_word' id='word_1_762' title='bbox 640 5532 766 5603; x_wconf 79' lang='grc' dir='ltr'>ἔφη,</span> <span class='ocrx_word' id='word_1_763' title='bbox 800 5532 898 5585; x_wconf 71' lang='grc' dir='ltr'>καὶ</span> <span class='ocrx_word' id='word_1_764' title='bbox 927 5532 1093 5589; x_wconf 78' lang='grc' dir='ltr'>πόθεν</span> <span class='ocrx_word' id='word_1_765' title='bbox 1120 5533 1187 5589; x_wconf 73' lang='grc' dir='ltr'><strong>ἂν</strong></span> <span class='ocrx_word' id='word_1_766' title='bbox 1219 5533 1429 5604; x_wconf 73' lang='grc' dir='ltr'>γένοιτο</span> <span class='ocrx_word' id='word_1_767' title='bbox 1456 5535 1646 5607; x_wconf 74' lang='grc' dir='ltr'>δῆλον,</span> <span class='ocrx_word' id='word_1_768' title='bbox 1682 5534 1764 5590; x_wconf 76' lang='grc' dir='ltr'>ὅτι</span> <span class='ocrx_word' id='word_1_769' title='bbox 1788 5533 2002 5605; x_wconf 74' lang='grc' dir='ltr'>μέλλεις</span> 
     </span>
    </p>
   </div>
   <div class='ocr_carea' id='block_1_104' title="bbox 502 5680 929 5767">
    <p class='ocr_par' dir='ltr' id='par_1_104' title="bbox 502 5680 929 5767">
     <span class='ocr_line' id='line_1_104' title="bbox 502 5680 929 5767; baseline 0.016 -31"><span class='ocrx_word' id='word_1_770' title='bbox 502 5681 521 5711; x_wconf 84' lang='grc'>³</span> <span class='ocrx_word' id='word_1_771' title='bbox 566 5680 821 5755; x_wconf 78' lang='lat' dir='ltr'><strong>Psal.u,</strong></span> <span class='ocrx_word' id='word_1_772' title='bbox 874 5696 929 5767; x_wconf 69' lang='grc' dir='ltr'><strong>ι.</strong></span> 
     </span>
    </p>
   </div>
   <div class='ocr_carea' id='block_1_105' title="bbox 2105 4495 3678 4571">
    <p class='ocr_par' dir='ltr' id='par_1_105' title="bbox 2105 4495 3678 4571">
     <span class='ocr_line' id='line_1_105' title="bbox 2105 4495 3678 4571; baseline -0.014 -1"><span class='ocrx_word' id='word_1_773' title='bbox 2105 4526 2441 4570; x_wconf 86' lang='lat' dir='ltr'><strong>recessurus.</strong></span> <span class='ocrx_word' id='word_1_774' title='bbox 2478 4508 2683 4565; x_wconf 86' lang='lat' dir='ltr'><strong>Deinde</strong></span> <span class='ocrx_word' id='word_1_775' title='bbox 2701 4506 2867 4561; x_wconf 83' lang='lat' dir='ltr'><strong>etiam</strong></span> <span class='ocrx_word' id='word_1_776' title='bbox 2901 4518 2965 4558; x_wconf 83' lang='lat' dir='ltr'><strong>ea</strong></span> <span class='ocrx_word' id='word_1_777' title='bbox 3002 4502 3261 4571; x_wconf 84' lang='lat' dir='ltr'><strong>loquitur,</strong></span> <span class='ocrx_word' id='word_1_778' title='bbox 3297 4513 3418 4567; x_wconf 65' lang='lat' dir='ltr'><strong>quae</strong></span> <span class='ocrx_word' id='word_1_779' title='bbox 3451 4495 3558 4551; x_wconf 80' lang='lat' dir='ltr'><strong>diei</strong></span> <span class='ocrx_word' id='word_1_780' title='bbox 3585 4512 3678 4549; x_wconf 82' lang='lat' dir='ltr'><strong>so-</strong></span> 
     </span>
    </p>
   </div>
   <div class='ocr_carea' id='block_1_106' title="bbox 2103 4587 3678 4665">
    <p class='ocr_par' dir='ltr' id='par_1_106' title="bbox 2103 4587 3678 4665">
     <span class='ocr_line' id='line_1_106' title="bbox 2103 4587 3678 4665; baseline -0.013 -4"><span class='ocrx_word' id='word_1_781' title='bbox 2103 4608 2218 4661; x_wconf 89' lang='lat' dir='ltr'><strong>lent</strong></span> <span class='ocrx_word' id='word_1_782' title='bbox 2247 4606 2315 4659; x_wconf 90' lang='lat' dir='ltr'><strong>ab</strong></span> <span class='ocrx_word' id='word_1_783' title='bbox 2348 4600 2673 4659; x_wconf 82' lang='lat' dir='ltr'><strong>exeuntibus</strong></span> <span class='ocrx_word' id='word_1_784' title='bbox 2711 4606 2772 4654; x_wconf 79' lang='lat' dir='ltr'><strong>et.</strong></span> <span class='ocrx_word' id='word_1_785' title='bbox 2818 4598 2887 4651; x_wconf 84' lang='lat' dir='ltr'><strong>iis</strong></span> <span class='ocrx_word' id='word_1_786' title='bbox 2924 4594 3017 4665; x_wconf 84' lang='lat' dir='ltr'><strong>qui</strong></span> <span class='ocrx_word' id='word_1_787' title='bbox 3052 4605 3285 4663; x_wconf 85' lang='lat' dir='ltr'><strong>peregre</strong></span> <span class='ocrx_word' id='word_1_788' title='bbox 3313 4587 3678 4660; x_wconf 77' lang='lat' dir='ltr'><strong>proﬁciscun-</strong></span> 
     </span>
    </p>
   </div>
   <div class='ocr_carea' id='block_1_107' title="bbox 2105 4678 3682 4757">
    <p class='ocr_par' dir='ltr' id='par_1_107' title="bbox 2105 4678 3682 4757">
     <span class='ocr_line' id='line_1_107' title="bbox 2105 4678 3682 4757; baseline -0.013 -5"><span class='ocrx_word' id='word_1_789' title='bbox 2105 4708 2198 4753; x_wconf 88' lang='lat' dir='ltr'><strong>tur</strong></span> <span class='ocrx_word' id='word_1_790' title='bbox 2231 4713 2244 4750; x_wconf 88' lang='lat'><strong>:</strong></span> <span class='ocrx_word' id='word_1_791' title='bbox 2278 4694 2424 4755; x_wconf 87' lang='lat' dir='ltr'><strong>Scio.</strong></span> <span class='ocrx_word' id='word_1_792' title='bbox 2460 4694 2671 4757; x_wconf 87' lang='lat' dir='ltr'><strong>dicens,</strong></span> <span class='ocrx_word' id='word_1_793' title='bbox 2703 4698 2891 4744; x_wconf 87' lang='lat' dir='ltr'><strong>sancte</strong></span> <span class='ocrx_word' id='word_1_794' title='bbox 2911 4686 3093 4750; x_wconf 84' lang='lat' dir='ltr'><strong>Pater,</strong></span> <span class='ocrx_word' id='word_1_795' title='bbox 3133 4682 3276 4752; x_wconf 90' lang='lat' dir='ltr'><strong>quod</strong></span> <span class='ocrx_word' id='word_1_796' title='bbox 3306 4696 3402 4750; x_wconf 82' lang='lat' dir='ltr'><strong>pro</strong></span> <span class='ocrx_word' id='word_1_797' title='bbox 3456 4694 3545 4735; x_wconf 89' lang='lat' dir='ltr'><strong>me</strong></span> <span class='ocrx_word' id='word_1_798' title='bbox 3586 4678 3682 4732; x_wconf 88' lang='lat' dir='ltr'><strong>mi-</strong></span> 
     </span>
    </p>
   </div>
   <div class='ocr_carea' id='block_1_108' title="bbox 2103 4770 3680 4848">
    <p class='ocr_par' dir='ltr' id='par_1_108' title="bbox 2103 4770 3680 4848">
     <span class='ocr_line' id='line_1_108' title="bbox 2103 4770 3680 4848; baseline -0.016 0"><span class='ocrx_word' id='word_1_799' title='bbox 2103 4808 2227 4848; x_wconf 90' lang='lat' dir='ltr'><strong>sero</strong></span> <span class='ocrx_word' id='word_1_800' title='bbox 2262 4772 2477 4845; x_wconf 84' lang='lat' dir='ltr'><strong>labores</strong></span> <span class='ocrx_word' id='word_1_801' title='bbox 2506 4782 2835 4845; x_wconf 85' lang='lat' dir='ltr'><strong>sustinuisti,</strong></span> <span class='ocrx_word' id='word_1_802' title='bbox 2861 4786 2916 4834; x_wconf 87' lang='lat' dir='ltr'><strong>et</strong></span> <span class='ocrx_word' id='word_1_803' title='bbox 2938 4776 3082 4848; x_wconf 86' lang='lat' dir='ltr'><strong>quod</strong></span> <span class='ocrx_word' id='word_1_804' title='bbox 3113 4790 3257 4844; x_wconf 57' lang='lat' dir='ltr'><strong>saepe</strong></span> <span class='ocrx_word' id='word_1_805' title='bbox 3296 4783 3353 4829; x_wconf 80' lang='lat' dir='ltr'><strong>et</strong></span> <span class='ocrx_word' id='word_1_806' title='bbox 3396 4773 3450 4826; x_wconf 88' lang='lat' dir='ltr'><strong>in</strong></span> <span class='ocrx_word' id='word_1_807' title='bbox 3492 4770 3680 4825; x_wconf 85' lang='lat' dir='ltr'><strong>multis</strong></span> 
     </span>
    </p>
   </div>
   <div class='ocr_carea' id='block_1_109' title="bbox 2102 4862 3677 4944">
    <p class='ocr_par' dir='ltr' id='par_1_109' title="bbox 2102 4862 3677 4944">
     <span class='ocr_line' id='line_1_109' title="bbox 2102 4862 3677 4944; baseline -0.017 -3"><span class='ocrx_word' id='word_1_808' title='bbox 2102 4885 2353 4941; x_wconf 89' lang='lat' dir='ltr'><strong>molestia</strong></span> <span class='ocrx_word' id='word_1_809' title='bbox 2376 4880 2532 4937; x_wconf 80' lang='lat' dir='ltr'><strong>all&#39;eei</strong></span> <span class='ocrx_word' id='word_1_810' title='bbox 2566 4889 2656 4935; x_wconf 88' lang='lat' dir='ltr'><strong>tua</strong></span> <span class='ocrx_word' id='word_1_811' title='bbox 2677 4877 2732 4931; x_wconf 91' lang='lat' dir='ltr'><strong>in</strong></span> <span class='ocrx_word' id='word_1_812' title='bbox 2760 4889 2847 4930; x_wconf 88' lang='lat' dir='ltr'><strong>me</strong></span> <span class='ocrx_word' id='word_1_813' title='bbox 2865 4882 3088 4944; x_wconf 90' lang='lat' dir='ltr'><strong>paterna</strong></span> <span class='ocrx_word' id='word_1_814' title='bbox 3111 4877 3163 4925; x_wconf 89' lang='lat' dir='ltr'><strong>et</strong></span> <span class='ocrx_word' id='word_1_815' title='bbox 3191 4865 3426 4922; x_wconf 89' lang='lat' dir='ltr'><strong>amantia</strong></span> <span class='ocrx_word' id='word_1_816' title='bbox 3445 4862 3677 4928; x_wconf 83' lang='lat' dir='ltr'><strong>viscera,</strong></span> 
     </span>
    </p>
   </div>
   <div class='ocr_carea' id='block_1_110' title="bbox 2102 4956 3679 5050">
    <p class='ocr_par' dir='ltr' id='par_1_110' title="bbox 2102 4956 3679 5050">
     <span class='ocr_line' id='line_1_110' title="bbox 2102 4956 3679 5050; baseline -0.016 -16"><span class='ocrx_word' id='word_1_817' title='bbox 2102 4987 2158 5034; x_wconf 87' lang='lat' dir='ltr'><strong>et</strong></span> <span class='ocrx_word' id='word_1_818' title='bbox 2189 4976 2333 5050; x_wconf 89' lang='lat' dir='ltr'><strong>quod</strong></span> <span class='ocrx_word' id='word_1_819' title='bbox 2361 4991 2459 5047; x_wconf 86' lang='lat' dir='ltr'><strong>per</strong></span> <span class='ocrx_word' id='word_1_820' title='bbox 2487 4983 2541 5027; x_wconf 91' lang='lat' dir='ltr'><strong>te</strong></span> <span class='ocrx_word' id='word_1_821' title='bbox 2572 4972 2747 5025; x_wconf 90' lang='lat' dir='ltr'><strong>lucem</strong></span> <span class='ocrx_word' id='word_1_822' title='bbox 2776 4966 2884 5022; x_wconf 88' lang='lat' dir='ltr'><strong>mei</strong></span> <span class='ocrx_word' id='word_1_823' title='bbox 2912 4964 3170 5019; x_wconf 88' lang='lat' dir='ltr'><strong>viderunt</strong></span> <span class='ocrx_word' id='word_1_824' title='bbox 3187 4957 3347 5050; x_wconf 82' lang='lat' dir='ltr'><strong>oeuli,</strong></span> <span class='ocrx_word' id='word_1_825' title='bbox 3372 4956 3551 5050; x_wconf 71' lang='lat' dir='ltr'><strong>lucem</strong></span> <span class='ocrx_word' id='word_1_826' title='bbox 3584 4969 3679 5009; x_wconf 78' lang='lat' dir='ltr'><strong>ve-</strong></span> 
     </span>
    </p>
   </div>
   <div class='ocr_carea' id='block_1_111' title="bbox 2102 5047 3680 5135">
    <p class='ocr_par' dir='ltr' id='par_1_111' title="bbox 2102 5047 3680 5135">
     <span class='ocr_line' id='line_1_111' title="bbox 2102 5047 3680 5135; baseline -0.019 -7"><span class='ocrx_word' id='word_1_827' title='bbox 2102 5047 2243 5132; x_wconf 79' lang='lat' dir='ltr'><strong>ram,</strong></span> <span class='ocrx_word' id='word_1_828' title='bbox 2281 5067 2459 5122; x_wconf 87' lang='lat' dir='ltr'><strong>lucem</strong></span> <span class='ocrx_word' id='word_1_829' title='bbox 2495 5060 2902 5135; x_wconf 85' lang='lat' dir='ltr'><strong>agnitionis,et</strong></span> <span class='ocrx_word' id='word_1_830' title='bbox 2945 5071 2976 5110; x_wconf 90' lang='lat' dir='ltr'><strong>a</strong></span> <span class='ocrx_word' id='word_1_831' title='bbox 3027 5048 3364 5127; x_wconf 85' lang='lat' dir='ltr'><strong>gravissimis</strong></span> <span class='ocrx_word' id='word_1_832' title='bbox 3414 5047 3680 5113; x_wconf 77' lang='lat' dir='ltr'><strong>liberatus</strong></span> 
     </span>
    </p>
   </div>
   <div class='ocr_carea' id='block_1_112' title="bbox 2105 5136 3681 5219">
    <p class='ocr_par' dir='ltr' id='par_1_112' title="bbox 2105 5136 3681 5219">
     <span class='ocr_line' id='line_1_112' title="bbox 2105 5136 3681 5219; baseline -0.018 -1"><span class='ocrx_word' id='word_1_833' title='bbox 2105 5177 2226 5219; x_wconf 88' lang='lat' dir='ltr'><strong>sum</strong></span> <span class='ocrx_word' id='word_1_834' title='bbox 2280 5156 2542 5215; x_wconf 88' lang='lat' dir='ltr'><strong>tenebris.</strong></span> <span class='ocrx_word' id='word_1_835' title='bbox 2574 5152 2839 5217; x_wconf 85' lang='lat' dir='ltr'><strong>Quocirca</strong></span> <span class='ocrx_word' id='word_1_836' title='bbox 2886 5164 2959 5203; x_wconf 90' lang='lat' dir='ltr'><strong>ne</strong></span> <span class='ocrx_word' id='word_1_837' title='bbox 2989 5160 3191 5211; x_wconf 88' lang='lat' dir='ltr'><strong>cesses,</strong></span> <span class='ocrx_word' id='word_1_838' title='bbox 3242 5142 3334 5214; x_wconf 91' lang='lat' dir='ltr'><strong>qui</strong></span> <span class='ocrx_word' id='word_1_839' title='bbox 3391 5150 3451 5193; x_wconf 81' lang='lat' dir='ltr'><strong>es</strong></span> <span class='ocrx_word' id='word_1_840' title='bbox 3507 5136 3681 5192; x_wconf 71' lang='lat' dir='ltr'><strong>ﬂllelis</strong></span> 
     </span>
    </p>
   </div>
   <div class='ocr_carea' id='block_1_113' title="bbox 2103 5240 3681 5319">
    <p class='ocr_par' dir='ltr' id='par_1_113' title="bbox 2103 5240 3681 5319">
     <span class='ocr_line' id='line_1_113' title="bbox 2103 5240 3681 5319; baseline -0.018 -8"><span class='ocrx_word' id='word_1_841' title='bbox 2103 5269 2316 5319; x_wconf 80' lang='lat' dir='ltr'><strong>servus,</strong></span> <span class='ocrx_word' id='word_1_842' title='bbox 2348 5252 2674 5307; x_wconf 85' lang='lat' dir='ltr'><strong>clementem</strong></span> <span class='ocrx_word' id='word_1_843' title='bbox 2724 5261 2791 5303; x_wconf 88' lang='lat' dir='ltr'><strong>ac</strong></span> <span class='ocrx_word' id='word_1_844' title='bbox 2815 5243 3109 5317; x_wconf 83' lang='lat' dir='ltr'><strong>benignum</strong></span> <span class='ocrx_word' id='word_1_845' title='bbox 3155 5245 3421 5311; x_wconf 87' lang='lat' dir='ltr'><strong>perpetuo</strong></span> <span class='ocrx_word' id='word_1_846' title='bbox 3458 5246 3556 5302; x_wconf 88' lang='lat' dir='ltr'><strong>pro</strong></span> <span class='ocrx_word' id='word_1_847' title='bbox 3593 5240 3681 5284; x_wconf 84' lang='lat' dir='ltr'><strong>me</strong></span> 
     </span>
    </p>
   </div>
   <div class='ocr_carea' id='block_1_114' title="bbox 2105 5344 2602 5406">
    <p class='ocr_par' dir='ltr' id='par_1_114' title="bbox 2105 5344 2602 5406">
     <span class='ocr_line' id='line_1_114' title="bbox 2105 5344 2602 5406; baseline -0.018 -1"><span class='ocrx_word' id='word_1_848' title='bbox 2105 5363 2263 5406; x_wconf 84' lang='lat' dir='ltr'><strong>orare</strong></span> <span class='ocrx_word' id='word_1_849' title='bbox 2290 5344 2602 5400; x_wconf 89' lang='lat' dir='ltr'><strong>Dominum.</strong></span> 
     </span>
    </p>
   </div>
   <div class='ocr_carea' id='block_1_115' title="bbox 2178 5415 3679 5498">
    <p class='ocr_par' dir='ltr' id='par_1_115' title="bbox 2178 5415 3679 5498">
     <span class='ocr_line' id='line_1_115' title="bbox 2178 5415 3679 5498; baseline -0.025 -3"><span class='ocrx_word' id='word_1_850' title='bbox 2178 5438 2296 5494; x_wconf 82' lang='lat' dir='ltr'><strong>VII.</strong></span> <span class='ocrx_word' id='word_1_851' title='bbox 2333 5435 2415 5492; x_wconf 83' lang='lat' dir='ltr'><strong>Ad</strong></span> <span class='ocrx_word' id='word_1_852' title='bbox 2465 5436 2581 5489; x_wconf 69' lang='lat' dir='ltr'><strong>lucc</strong></span> <span class='ocrx_word' id='word_1_853' title='bbox 2613 5432 2704 5486; x_wconf 83' lang='lat' dir='ltr'><strong>ille</strong></span> <span class='ocrx_word' id='word_1_854' title='bbox 2747 5424 3132 5498; x_wconf 88' lang='lat' dir='ltr'><strong>respondens:</strong></span> <span class='ocrx_word' id='word_1_855' title='bbox 3163 5416 3303 5485; x_wconf 87' lang='lat' dir='ltr'><strong>Quid</strong></span> <span class='ocrx_word' id='word_1_856' title='bbox 3350 5415 3456 5470; x_wconf 85' lang='lat' dir='ltr'><strong>hoc</strong></span> <span class='ocrx_word' id='word_1_857' title='bbox 3497 5417 3679 5464; x_wconf 77' lang='lat' dir='ltr'><strong>autem</strong></span> 
     </span>
    </p>
   </div>
   <div class='ocr_carea' id='block_1_116' title="bbox 2106 5502 3681 5600">
    <p class='ocr_par' dir='ltr' id='par_1_116' title="bbox 2106 5502 3681 5600">
     <span class='ocr_line' id='line_1_116' title="bbox 2106 5502 3681 5600; baseline -0.022 -13"><span class='ocrx_word' id='word_1_858' title='bbox 2106 5539 2210 5599; x_wconf 81' lang='lat' dir='ltr'><strong>est,</strong></span> <span class='ocrx_word' id='word_1_859' title='bbox 2244 5527 2445 5600; x_wconf 85' lang='lat' dir='ltr'><strong>inquit,</strong></span> <span class='ocrx_word' id='word_1_860' title='bbox 2480 5532 2535 5582; x_wconf 83' lang='lat' dir='ltr'><strong>et</strong></span> <span class='ocrx_word' id='word_1_861' title='bbox 2571 5522 2847 5581; x_wconf 86' lang='lat' dir='ltr'><strong>undenam</strong></span> <span class='ocrx_word' id='word_1_862' title='bbox 2882 5519 2991 5573; x_wconf 86' lang='lat' dir='ltr'><strong>hoc</strong></span> <span class='ocrx_word' id='word_1_863' title='bbox 3032 5511 3270 5570; x_wconf 77' lang='lat' dir='ltr'><strong>evaserit</strong></span> <span class='ocrx_word' id='word_1_864' title='bbox 3302 5502 3681 5564; x_wconf 77' lang='lat' dir='ltr'><strong>manifestum,</strong></span> 
     </span>
    </p>
   </div>
  </div>
