  <div class='ocr_page' id='page_1' title='image "/cluster/home/n/w/nwhite01/storage/ocr_20150623/114:no.1/coo.31924054870187/399.png"; bbox 0 0 4116 6414; ppageno 0'>
   <div class='ocr_carea' id='block_1_1' title="bbox 452 284 644 349">
    <p class='ocr_par' dir='ltr' id='par_1_1' title="bbox 452 284 644 349">
     <span class='ocr_line' id='line_1_1' title="bbox 452 284 644 349; baseline -0.036 1"><span class='ocrx_word' id='word_1_1' title='bbox 452 286 559 349; x_wconf 71' lang='grc' dir='ltr'><strong>’ἔδῗῖ</strong></span> <span class='ocrx_word' id='word_1_2' title='bbox 635 284 644 292; x_wconf 77' lang='grc'><strong>’</strong></span> 
     </span>
    </p>
   </div>
   <div class='ocr_carea' id='block_1_2' title="bbox 1689 273 2467 338">
    <p class='ocr_par' dir='ltr' id='par_1_2' title="bbox 1689 273 2467 338">
     <span class='ocr_line' id='line_1_2' title="bbox 1689 273 2467 338; baseline -0.01 0"><span class='ocrx_word' id='word_1_3' title='bbox 1689 278 1974 338; x_wconf 73' lang='lat' dir='ltr'><strong>MENSIS</strong></span> <span class='ocrx_word' id='word_1_4' title='bbox 2010 276 2141 335; x_wconf 71' lang='lat' dir='ltr'><strong>JAN</strong></span> <span class='ocrx_word' id='word_1_5' title='bbox 2159 273 2467 332; x_wconf 57' lang='lat' dir='ltr'><strong>UARIUS.</strong></span> 
     </span>
    </p>
   </div>
   <div class='ocr_carea' id='block_1_3' title="bbox 3602 265 3708 331">
    <p class='ocr_par' dir='ltr' id='par_1_3' title="bbox 3602 265 3708 331">
     <span class='ocr_line' id='line_1_3' title="bbox 3602 265 3708 331; baseline -0.009 -2"><span class='ocrx_word' id='word_1_6' title='bbox 3602 265 3708 331; x_wconf 60' lang='lat'><strong>78$</strong></span> 
     </span>
    </p>
   </div>
   <div class='ocr_carea' id='block_1_4' title="bbox 454 372 2045 463">
    <p class='ocr_par' dir='ltr' id='par_1_4' title="bbox 454 385 2028 463">
     <span class='ocr_line' id='line_1_4' title="bbox 454 385 2028 463; baseline -0.006 -17"><span class='ocrx_word' id='word_1_7' title='bbox 454 394 597 463; x_wconf 72' lang='lat' dir='ltr'><strong>quod</strong></span> <span class='ocrx_word' id='word_1_8' title='bbox 628 393 704 449; x_wconf 83' lang='lat' dir='ltr'><strong>sis</strong></span> <span class='ocrx_word' id='word_1_9' title='bbox 726 392 778 447; x_wconf 90' lang='lat' dir='ltr'><strong>in</strong></span> <span class='ocrx_word' id='word_1_10' title='bbox 802 393 1093 463; x_wconf 76' lang='lat' dir='ltr'><strong>praesentia</strong></span> <span class='ocrx_word' id='word_1_11' title='bbox 1122 396 1458 462; x_wconf 78' lang='lat' dir='ltr'><strong>postremum</strong></span> <span class='ocrx_word' id='word_1_12' title='bbox 1478 403 1509 442; x_wconf 83' lang='lat' dir='ltr'><strong>a</strong></span> <span class='ocrx_word' id='word_1_13' title='bbox 1539 387 1699 443; x_wconf 83' lang='lat' dir='ltr'><strong>nobis</strong></span> <span class='ocrx_word' id='word_1_14' title='bbox 1727 385 2028 442; x_wconf 82' lang='lat' dir='ltr'><strong>discessum</strong></span> 
     </span>
    </p>
   </div>
   <div class='ocr_carea' id='block_1_5' title="bbox 2144 372 3718 463">
    <p class='ocr_par' dir='ltr' id='par_1_5' title="bbox 2144 372 3718 451">
     <span class='ocr_line' id='line_1_5' title="bbox 2144 372 3718 451; baseline -0.004 -17"><span class='ocrx_word' id='word_1_15' title='bbox 2144 381 2193 434; x_wconf 79' lang='grc' dir='ltr'><strong>τό</strong></span> <span class='ocrx_word' id='word_1_16' title='bbox 2226 395 2287 447; x_wconf 88' lang='grc' dir='ltr'><strong>γε</strong></span> <span class='ocrx_word' id='word_1_17' title='bbox 2319 379 2415 434; x_wconf 84' lang='grc' dir='ltr'>νῦν</span> <span class='ocrx_word' id='word_1_18' title='bbox 2443 377 2563 451; x_wconf 75' lang='grc' dir='ltr'>ἔχον</span> <span class='ocrx_word' id='word_1_19' title='bbox 2586 374 2684 445; x_wconf 78' lang='grc' dir='ltr'>τὴν</span> <span class='ocrx_word' id='word_1_20' title='bbox 2708 374 3025 431; x_wconf 77' lang='grc' dir='ltr'>τελευταίαν</span> <span class='ocrx_word' id='word_1_21' title='bbox 3056 372 3389 445; x_wconf 63' lang='grc' dir='ltr'>ἐπιδημήσειν</span> <span class='ocrx_word' id='word_1_22' title='bbox 3416 372 3513 443; x_wconf 75' lang='grc' dir='ltr'><strong>ἀφ’</strong></span> <span class='ocrx_word' id='word_1_23' title='bbox 3560 376 3718 447; x_wconf 69' lang='grc' dir='ltr'>ἡμῶν</span> 
     </span>
    </p>
   </div>
   <div class='ocr_carea' id='block_1_6' title="bbox 456 478 2034 556">
    <p class='ocr_par' dir='ltr' id='par_1_6' title="bbox 456 478 2034 556">
     <span class='ocr_line' id='line_1_6' title="bbox 456 478 2034 556; baseline -0.008 -15"><span class='ocrx_word' id='word_1_24' title='bbox 456 485 856 556; x_wconf 73' lang='lat' dir='ltr'><strong>suscepturus?</strong></span> <span class='ocrx_word' id='word_1_25' title='bbox 877 484 974 541; x_wconf 86' lang='lat' dir='ltr'><strong>Ille</strong></span> <span class='ocrx_word' id='word_1_26' title='bbox 990 499 1120 541; x_wconf 89' lang='lat' dir='ltr'><strong>vero</strong></span> <span class='ocrx_word' id='word_1_27' title='bbox 1141 480 1308 538; x_wconf 85' lang='lat' dir='ltr'><strong>refert</strong></span> <span class='ocrx_word' id='word_1_28' title='bbox 1338 481 1388 536; x_wconf 90' lang='lat' dir='ltr'><strong>ei</strong></span> <span class='ocrx_word' id='word_1_29' title='bbox 1422 478 1695 535; x_wconf 79' lang='lat' dir='ltr'><strong>somnium</strong></span> <span class='ocrx_word' id='word_1_30' title='bbox 1724 492 1847 532; x_wconf 90' lang='lat' dir='ltr'><strong>cum</strong></span> <span class='ocrx_word' id='word_1_31' title='bbox 1871 489 2034 546; x_wconf 84' lang='lat' dir='ltr'><strong>quam</strong></span> 
     </span>
    </p>
   </div>
   <div class='ocr_carea' id='block_1_7' title="bbox 457 567 2037 649">
    <p class='ocr_par' dir='ltr' id='par_1_7' title="bbox 457 567 2037 649">
     <span class='ocr_line' id='line_1_7' title="bbox 457 567 2037 649; baseline -0.008 -16"><span class='ocrx_word' id='word_1_32' title='bbox 457 579 692 633; x_wconf 76' lang='lat' dir='ltr'><strong>maxima</strong></span> <span class='ocrx_word' id='word_1_33' title='bbox 742 584 924 649; x_wconf 88' lang='lat' dir='ltr'><strong>potest</strong></span> <span class='ocrx_word' id='word_1_34' title='bbox 976 573 1286 636; x_wconf 79' lang='lat' dir='ltr'><strong>aﬂ‘ectione,</strong></span> <span class='ocrx_word' id='word_1_35' title='bbox 1324 580 1382 628; x_wconf 92' lang='lat' dir='ltr'><strong>et</strong></span> <span class='ocrx_word' id='word_1_36' title='bbox 1416 570 1648 626; x_wconf 72' lang='lat' dir='ltr'><strong>affirmat</strong></span> <span class='ocrx_word' id='word_1_37' title='bbox 1695 584 1756 625; x_wconf 89' lang='lat' dir='ltr'><strong>se</strong></span> <span class='ocrx_word' id='word_1_38' title='bbox 1809 567 2037 622; x_wconf 88' lang='lat' dir='ltr'><strong>omnino</strong></span> 
     </span>
    </p>
   </div>
   <div class='ocr_carea' id='block_1_8' title="bbox 420 654 2033 741">
    <p class='ocr_par' dir='ltr' id='par_1_8' title="bbox 420 654 2033 741">
     <span class='ocr_line' id='line_1_8' title="bbox 420 654 2033 741; baseline -0.011 -17"><span class='ocrx_word' id='word_1_39' title='bbox 420 736 423 741; x_wconf 22' lang='grc' dir='ltr'><em>ν</em></span> <span class='ocrx_word' id='word_1_40' title='bbox 459 668 605 723; x_wconf 83' lang='lat' dir='ltr'><strong>haud</strong></span> <span class='ocrx_word' id='word_1_41' title='bbox 639 668 709 722; x_wconf 86' lang='lat' dir='ltr'><strong>ita</strong></span> <span class='ocrx_word' id='word_1_42' title='bbox 744 668 915 721; x_wconf 88' lang='lat' dir='ltr'><strong>multo</strong></span> <span class='ocrx_word' id='word_1_43' title='bbox 944 674 1070 736; x_wconf 88' lang='lat' dir='ltr'><strong>post</strong></span> <span class='ocrx_word' id='word_1_44' title='bbox 1101 664 1456 725; x_wconf 80' lang='lat' dir='ltr'><strong>moriturum.</strong></span> <span class='ocrx_word' id='word_1_45' title='bbox 1481 660 1596 715; x_wconf 84' lang='lat' dir='ltr'><strong>sive</strong></span> <span class='ocrx_word' id='word_1_46' title='bbox 1630 660 1731 714; x_wconf 89' lang='lat' dir='ltr'><strong>hac</strong></span> <span class='ocrx_word' id='word_1_47' title='bbox 1761 654 2033 713; x_wconf 91' lang='lat' dir='ltr'><strong>communi</strong></span> 
     </span>
    </p>
   </div>
   <div class='ocr_carea' id='block_1_9' title="bbox 460 748 2037 826">
    <p class='ocr_par' dir='ltr' id='par_1_9' title="bbox 460 748 2037 826">
     <span class='ocr_line' id='line_1_9' title="bbox 460 748 2037 826; baseline -0.007 -12"><span class='ocrx_word' id='word_1_48' title='bbox 460 772 515 814; x_wconf 89' lang='lat' dir='ltr'><strong>ct</strong></span> <span class='ocrx_word' id='word_1_49' title='bbox 546 758 802 815; x_wconf 84' lang='lat' dir='ltr'><strong>omnibus</strong></span> <span class='ocrx_word' id='word_1_50' title='bbox 852 756 1046 826; x_wconf 65' lang='lat' dir='ltr'><strong>aequali</strong></span> <span class='ocrx_word' id='word_1_51' title='bbox 1087 763 1283 819; x_wconf 89' lang='lat' dir='ltr'><strong>morte,</strong></span> <span class='ocrx_word' id='word_1_52' title='bbox 1321 756 1434 808; x_wconf 88' lang='lat' dir='ltr'><strong>sive</strong></span> <span class='ocrx_word' id='word_1_53' title='bbox 1468 752 1649 821; x_wconf 89' lang='lat' dir='ltr'><strong>aliqua</strong></span> <span class='ocrx_word' id='word_1_54' title='bbox 1682 750 1805 813; x_wconf 89' lang='lat' dir='ltr'><strong>alia,</strong></span> <span class='ocrx_word' id='word_1_55' title='bbox 1837 758 1893 803; x_wconf 90' lang='lat' dir='ltr'><strong>et</strong></span> <span class='ocrx_word' id='word_1_56' title='bbox 1931 748 2037 803; x_wconf 90' lang='lat' dir='ltr'><strong>alio</strong></span> 
     </span>
    </p>
   </div>
   <div class='ocr_carea' id='block_1_10' title="bbox 418 835 2035 917">
    <p class='ocr_par' dir='ltr' id='par_1_10' title="bbox 418 835 2035 917">
     <span class='ocr_line' id='line_1_10' title="bbox 418 835 2035 917; baseline -0.005 -14"><span class='ocrx_word' id='word_1_57' title='bbox 418 835 425 917; x_wconf 54' lang='grc' dir='ltr'><strong>ί</strong></span> <span class='ocrx_word' id='word_1_58' title='bbox 461 851 644 911; x_wconf 83' lang='lat' dir='ltr'><strong>modo,</strong></span> <span class='ocrx_word' id='word_1_59' title='bbox 680 849 1005 904; x_wconf 88' lang='lat' dir='ltr'><strong>moriturum</strong></span> <span class='ocrx_word' id='word_1_60' title='bbox 1044 855 1225 902; x_wconf 91' lang='lat' dir='ltr'><strong>autem</strong></span> <span class='ocrx_word' id='word_1_61' title='bbox 1257 845 1503 901; x_wconf 90' lang='lat' dir='ltr'><strong>omnino.</strong></span> <span class='ocrx_word' id='word_1_62' title='bbox 1536 841 1827 899; x_wconf 73' lang='lat' dir='ltr'><strong>Nesciebat</strong></span> <span class='ocrx_word' id='word_1_63' title='bbox 1867 839 2035 906; x_wconf 88' lang='lat' dir='ltr'><strong>enim,</strong></span> 
     </span>
    </p>
   </div>
   <div class='ocr_carea' id='block_1_11' title="bbox 458 919 2039 1007">
    <p class='ocr_par' dir='ltr' id='par_1_11' title="bbox 458 919 2039 1007">
     <span class='ocr_line' id='line_1_11' title="bbox 458 919 2039 1007; baseline -0.004 -18"><span class='ocrx_word' id='word_1_64' title='bbox 458 954 696 1007; x_wconf 79' lang='lat' dir='ltr'><strong>quonam</strong></span> <span class='ocrx_word' id='word_1_65' title='bbox 759 939 923 993; x_wconf 89' lang='lat' dir='ltr'><strong>modo</strong></span> <span class='ocrx_word' id='word_1_66' title='bbox 977 919 1216 1007; x_wconf 71' lang='lat' dir='ltr'><strong>aperiret</strong></span> <span class='ocrx_word' id='word_1_67' title='bbox 1264 949 1573 996; x_wconf 86' lang='lat' dir='ltr'><strong>arcanum,</strong></span> <span class='ocrx_word' id='word_1_68' title='bbox 1631 931 1772 1000; x_wconf 79' lang='lat' dir='ltr'><strong>quod</strong></span> <span class='ocrx_word' id='word_1_69' title='bbox 1829 930 2039 984; x_wconf 79' lang='lat' dir='ltr'><strong>scilicet</strong></span> 
     </span>
    </p>
   </div>
   <div class='ocr_carea' id='block_1_12' title="bbox 461 1017 2038 1100">
    <p class='ocr_par' dir='ltr' id='par_1_12' title="bbox 461 1017 2038 1100">
     <span class='ocr_line' id='line_1_12' title="bbox 461 1017 2038 1100; baseline -0.005 -19"><span class='ocrx_word' id='word_1_70' title='bbox 461 1029 700 1100; x_wconf 79' lang='lat' dir='ltr'><strong>martyrii</strong></span> <span class='ocrx_word' id='word_1_71' title='bbox 735 1028 1067 1084; x_wconf 78' lang='lat' dir='ltr'><strong>desiderium</strong></span> <span class='ocrx_word' id='word_1_72' title='bbox 1086 1026 1206 1097; x_wconf 89' lang='lat' dir='ltr'><strong>ejus</strong></span> <span class='ocrx_word' id='word_1_73' title='bbox 1233 1028 1417 1081; x_wconf 87' lang='lat' dir='ltr'><strong>animo</strong></span> <span class='ocrx_word' id='word_1_74' title='bbox 1446 1022 1770 1085; x_wconf 77' lang='lat' dir='ltr'><strong>inhaesisset,</strong></span> <span class='ocrx_word' id='word_1_75' title='bbox 1799 1018 1866 1074; x_wconf 92' lang='lat' dir='ltr'><strong>ad</strong></span> <span class='ocrx_word' id='word_1_76' title='bbox 1892 1017 2038 1089; x_wconf 89' lang='lat' dir='ltr'><strong>quod</strong></span> 
     </span>
    </p>
   </div>
   <div class='ocr_carea' id='block_1_13' title="bbox 461 1108 2039 1176">
    <p class='ocr_par' dir='ltr' id='par_1_13' title="bbox 461 1108 2039 1176">
     <span class='ocr_line' id='line_1_13' title="bbox 461 1108 2039 1176; baseline -0.006 -4"><span class='ocrx_word' id='word_1_77' title='bbox 461 1122 554 1175; x_wconf 81' lang='lat' dir='ltr'><strong>ilic</strong></span> <span class='ocrx_word' id='word_1_78' title='bbox 582 1121 862 1176; x_wconf 87' lang='lat' dir='ltr'><strong>referebat</strong></span> <span class='ocrx_word' id='word_1_79' title='bbox 891 1119 1124 1174; x_wconf 87' lang='lat' dir='ltr'><strong>somnia.</strong></span> <span class='ocrx_word' id='word_1_80' title='bbox 1159 1116 1459 1172; x_wconf 79' lang='lat' dir='ltr'><strong>Verebatur</strong></span> <span class='ocrx_word' id='word_1_81' title='bbox 1490 1112 1659 1176; x_wconf 90' lang='lat' dir='ltr'><strong>enim,</strong></span> <span class='ocrx_word' id='word_1_82' title='bbox 1694 1128 1764 1166; x_wconf 92' lang='lat' dir='ltr'><strong>ne</strong></span> <span class='ocrx_word' id='word_1_83' title='bbox 1792 1110 1933 1166; x_wconf 82' lang='lat' dir='ltr'><strong>forte</strong></span> <span class='ocrx_word' id='word_1_84' title='bbox 1970 1108 2039 1163; x_wconf 87' lang='lat' dir='ltr'><strong>ab</strong></span> 
     </span>
    </p>
   </div>
   <div class='ocr_carea' id='block_1_14' title="bbox 460 1200 2039 1282">
    <p class='ocr_par' dir='ltr' id='par_1_14' title="bbox 460 1200 2039 1282">
     <span class='ocr_line' id='line_1_14' title="bbox 460 1200 2039 1282; baseline -0.008 -16"><span class='ocrx_word' id='word_1_85' title='bbox 460 1229 529 1267; x_wconf 85' lang='lat' dir='ltr'><strong>eo</strong></span> <span class='ocrx_word' id='word_1_86' title='bbox 582 1213 951 1282; x_wconf 89' lang='lat' dir='ltr'><strong>corriperetur</strong></span> <span class='ocrx_word' id='word_1_87' title='bbox 984 1250 999 1272; x_wconf 90' lang='lat'><strong>,</strong></span> <span class='ocrx_word' id='word_1_88' title='bbox 1037 1219 1093 1264; x_wconf 91' lang='lat' dir='ltr'><strong>et</strong></span> <span class='ocrx_word' id='word_1_89' title='bbox 1138 1209 1218 1263; x_wconf 90' lang='lat' dir='ltr'><strong>sic</strong></span> <span class='ocrx_word' id='word_1_90' title='bbox 1273 1206 1651 1277; x_wconf 81' lang='lat' dir='ltr'><strong>refrigesceret</strong></span> <span class='ocrx_word' id='word_1_91' title='bbox 1698 1201 1862 1256; x_wconf 89' lang='lat' dir='ltr'><strong>ardor</strong></span> <span class='ocrx_word' id='word_1_92' title='bbox 1917 1200 2039 1269; x_wconf 89' lang='lat' dir='ltr'><strong>ejus</strong></span> 
     </span>
    </p>
   </div>
   <div class='ocr_carea' id='block_1_15' title="bbox 461 1292 2036 1369">
    <p class='ocr_par' dir='ltr' id='par_1_15' title="bbox 461 1292 2036 1369">
     <span class='ocr_line' id='line_1_15' title="bbox 461 1292 2036 1369; baseline -0.008 -12"><span class='ocrx_word' id='word_1_93' title='bbox 461 1304 655 1369; x_wconf 88' lang='lat' dir='ltr'><strong>animi,</strong></span> <span class='ocrx_word' id='word_1_94' title='bbox 688 1312 745 1358; x_wconf 88' lang='lat' dir='ltr'><strong>et</strong></span> <span class='ocrx_word' id='word_1_95' title='bbox 789 1317 821 1356; x_wconf 87' lang='lat' dir='ltr'><strong>a</strong></span> <span class='ocrx_word' id='word_1_96' title='bbox 880 1302 1047 1356; x_wconf 85' lang='lat' dir='ltr'><strong>tantis</strong></span> <span class='ocrx_word' id='word_1_97' title='bbox 1087 1299 1283 1369; x_wconf 85' lang='lat' dir='ltr'><strong>opibus</strong></span> <span class='ocrx_word' id='word_1_98' title='bbox 1335 1305 1391 1351; x_wconf 84' lang='lat' dir='ltr'><strong>et</strong></span> <span class='ocrx_word' id='word_1_99' title='bbox 1444 1296 1703 1350; x_wconf 83' lang='lat' dir='ltr'><strong>thesauro</strong></span> <span class='ocrx_word' id='word_1_100' title='bbox 1738 1292 2036 1348; x_wconf 83' lang='lat' dir='ltr'><strong>excideret.</strong></span> 
     </span>
    </p>
   </div>
   <div class='ocr_carea' id='block_1_16' title="bbox 463 1385 2038 1463">
    <p class='ocr_par' dir='ltr' id='par_1_16' title="bbox 463 1385 2038 1463">
     <span class='ocr_line' id='line_1_16' title="bbox 463 1385 2038 1463; baseline -0.007 -14"><span class='ocrx_word' id='word_1_101' title='bbox 463 1393 621 1449; x_wconf 85' lang='lat' dir='ltr'><strong>Tunc</strong></span> <span class='ocrx_word' id='word_1_102' title='bbox 646 1409 778 1463; x_wconf 89' lang='lat' dir='ltr'><strong>ergo</strong></span> <span class='ocrx_word' id='word_1_103' title='bbox 824 1391 1164 1452; x_wconf 80' lang='lat' dir='ltr'><strong>Anastasius,</strong></span> <span class='ocrx_word' id='word_1_104' title='bbox 1212 1403 1337 1443; x_wconf 91' lang='lat' dir='ltr'><strong>cum</strong></span> <span class='ocrx_word' id='word_1_105' title='bbox 1387 1403 1512 1441; x_wconf 90' lang='lat' dir='ltr'><strong>eum</strong></span> <span class='ocrx_word' id='word_1_106' title='bbox 1564 1394 1868 1456; x_wconf 65' lang='lat' dir='ltr'><strong>praeceptor</strong></span> <span class='ocrx_word' id='word_1_107' title='bbox 1918 1385 2038 1455; x_wconf 85' lang='lat' dir='ltr'><strong>ejus</strong></span> 
     </span>
    </p>
   </div>
   <div class='ocr_carea' id='block_1_17' title="bbox 426 1467 2038 1555">
    <p class='ocr_par' dir='ltr' id='par_1_17' title="bbox 426 1467 2038 1555">
     <span class='ocr_line' id='line_1_17' title="bbox 426 1467 2038 1555; baseline -0.004 -15"><span class='ocrx_word' id='word_1_108' title='bbox 426 1467 434 1475; x_wconf 62' lang='grc'><em>’</em></span> <span class='ocrx_word' id='word_1_109' title='bbox 464 1487 652 1540; x_wconf 88' lang='lat' dir='ltr'><strong>multis</strong></span> <span class='ocrx_word' id='word_1_110' title='bbox 679 1493 735 1539; x_wconf 90' lang='lat' dir='ltr'><strong>et</strong></span> <span class='ocrx_word' id='word_1_111' title='bbox 784 1483 888 1555; x_wconf 88' lang='lat' dir='ltr'><strong>piis</strong></span> <span class='ocrx_word' id='word_1_112' title='bbox 932 1483 1155 1538; x_wconf 79' lang='lat' dir='ltr'><strong>monitis</strong></span> <span class='ocrx_word' id='word_1_113' title='bbox 1183 1491 1331 1536; x_wconf 85' lang='lat' dir='ltr'><strong>esset</strong></span> <span class='ocrx_word' id='word_1_114' title='bbox 1377 1480 1706 1546; x_wconf 81' lang='lat' dir='ltr'><strong>consolatus,</strong></span> <span class='ocrx_word' id='word_1_115' title='bbox 1741 1480 2038 1535; x_wconf 83' lang='lat' dir='ltr'><strong>matutinas</strong></span> 
     </span>
    </p>
   </div>
   <div class='ocr_carea' id='block_1_18' title="bbox 461 1571 2037 1648">
    <p class='ocr_par' dir='ltr' id='par_1_18' title="bbox 461 1571 2037 1648">
     <span class='ocr_line' id='line_1_18' title="bbox 461 1571 2037 1648; baseline -0.005 -16"><span class='ocrx_word' id='word_1_116' title='bbox 461 1578 796 1648; x_wconf 88' lang='lat' dir='ltr'><strong>psalmodias</strong></span> <span class='ocrx_word' id='word_1_117' title='bbox 823 1576 937 1630; x_wconf 87' lang='lat' dir='ltr'><strong>Deo</strong></span> <span class='ocrx_word' id='word_1_118' title='bbox 967 1574 1146 1629; x_wconf 87' lang='lat' dir='ltr'><strong>reddit</strong></span> <span class='ocrx_word' id='word_1_119' title='bbox 1170 1587 1294 1627; x_wconf 79' lang='lat' dir='ltr'><strong>cum</strong></span> <span class='ocrx_word' id='word_1_120' title='bbox 1324 1571 1602 1627; x_wconf 79' lang='lat' dir='ltr'><strong>fratribus.</strong></span> <span class='ocrx_word' id='word_1_121' title='bbox 1643 1571 1855 1626; x_wconf 87' lang='lat' dir='ltr'><strong>Deinde</strong></span> <span class='ocrx_word' id='word_1_122' title='bbox 1875 1572 2037 1627; x_wconf 88' lang='lat' dir='ltr'><strong>etiam</strong></span> 
     </span>
    </p>
   </div>
   <div class='ocr_carea' id='block_1_19' title="bbox 462 1663 2038 1736">
    <p class='ocr_par' dir='ltr' id='par_1_19' title="bbox 462 1663 2038 1736">
     <span class='ocr_line' id='line_1_19' title="bbox 462 1663 2038 1736; baseline -0.003 -12"><span class='ocrx_word' id='word_1_123' title='bbox 462 1684 586 1725; x_wconf 84' lang='lat' dir='ltr'><strong>cum</strong></span> <span class='ocrx_word' id='word_1_124' title='bbox 629 1682 845 1724; x_wconf 80' lang='lat' dir='ltr'><strong>sacrum</strong></span> <span class='ocrx_word' id='word_1_125' title='bbox 884 1666 1255 1722; x_wconf 85' lang='lat' dir='ltr'><strong>celebraretur</strong></span> <span class='ocrx_word' id='word_1_126' title='bbox 1281 1663 1619 1736; x_wconf 63' lang='lat' dir='ltr'><strong>mysterium,</strong></span> <span class='ocrx_word' id='word_1_127' title='bbox 1654 1663 1855 1719; x_wconf 86' lang='lat' dir='ltr'><strong>divinis</strong></span> <span class='ocrx_word' id='word_1_128' title='bbox 1883 1678 2038 1719; x_wconf 88' lang='lat' dir='ltr'><strong>com-</strong></span> 
     </span>
    </p>
   </div>
   <div class='ocr_carea' id='block_1_20' title="bbox 462 1753 2038 1815">
    <p class='ocr_par' dir='ltr' id='par_1_20' title="bbox 462 1753 2038 1815">
     <span class='ocr_line' id='line_1_20' title="bbox 462 1753 2038 1815; baseline -0.003 -1"><span class='ocrx_word' id='word_1_129' title='bbox 462 1759 706 1815; x_wconf 86' lang='lat' dir='ltr'><strong>municat</strong></span> <span class='ocrx_word' id='word_1_130' title='bbox 754 1755 1150 1813; x_wconf 83' lang='lat' dir='ltr'><strong>sacramentis:</strong></span> <span class='ocrx_word' id='word_1_131' title='bbox 1190 1764 1403 1810; x_wconf 88' lang='lat' dir='ltr'><strong>etcum</strong></span> <span class='ocrx_word' id='word_1_132' title='bbox 1458 1770 1566 1809; x_wconf 88' lang='lat' dir='ltr'><strong>una</strong></span> <span class='ocrx_word' id='word_1_133' title='bbox 1618 1769 1744 1809; x_wconf 89' lang='lat' dir='ltr'><strong>cum</strong></span> <span class='ocrx_word' id='word_1_134' title='bbox 1776 1753 2038 1809; x_wconf 80' lang='lat' dir='ltr'><strong>fratribus</strong></span> 
     </span>
    </p>
   </div>
   <div class='ocr_carea' id='block_1_21' title="bbox 462 1844 2039 1923">
    <p class='ocr_par' dir='ltr' id='par_1_21' title="bbox 462 1844 2039 1923">
     <span class='ocr_line' id='line_1_21' title="bbox 462 1844 2039 1923; baseline -0.004 -19"><span class='ocrx_word' id='word_1_135' title='bbox 462 1847 773 1905; x_wconf 87' lang='lat' dir='ltr'><strong>communis</strong></span> <span class='ocrx_word' id='word_1_136' title='bbox 827 1862 1031 1903; x_wconf 76' lang='lat' dir='ltr'><strong>mensa:</strong></span> <span class='ocrx_word' id='word_1_137' title='bbox 1074 1845 1269 1901; x_wconf 80' lang='lat' dir='ltr'><strong>fuisset</strong></span> <span class='ocrx_word' id='word_1_138' title='bbox 1311 1844 1616 1915; x_wconf 82' lang='lat' dir='ltr'><strong>particeps,</strong></span> <span class='ocrx_word' id='word_1_139' title='bbox 1675 1858 2039 1923; x_wconf 81' lang='lat' dir='ltr'><strong>somnumque</strong></span> 
     </span>
    </p>
   </div>
   <div class='ocr_carea' id='block_1_22' title="bbox 464 1936 2040 2013">
    <p class='ocr_par' dir='ltr' id='par_1_22' title="bbox 464 1936 2040 2013">
     <span class='ocr_line' id='line_1_22' title="bbox 464 1936 2040 2013; baseline -0.004 -17"><span class='ocrx_word' id='word_1_140' title='bbox 464 1957 656 2013; x_wconf 89' lang='lat' dir='ltr'><strong>parum</strong></span> <span class='ocrx_word' id='word_1_141' title='bbox 706 1941 936 1996; x_wconf 81' lang='lat' dir='ltr'><strong>vidisset</strong></span> <span class='ocrx_word' id='word_1_142' title='bbox 966 1948 1023 1995; x_wconf 88' lang='lat' dir='ltr'><strong>et</strong></span> <span class='ocrx_word' id='word_1_143' title='bbox 1068 1937 1426 2001; x_wconf 76' lang='lat' dir='ltr'><strong>surrexisset,</strong></span> <span class='ocrx_word' id='word_1_144' title='bbox 1455 1938 1713 2007; x_wconf 89' lang='lat' dir='ltr'><strong>quoniam</strong></span> <span class='ocrx_word' id='word_1_145' title='bbox 1758 1936 2040 1991; x_wconf 87' lang='lat' dir='ltr'><strong>nesciebat</strong></span> 
     </span>
    </p>
   </div>
   <div class='ocr_carea' id='block_1_23' title="bbox 463 2029 2038 2106">
    <p class='ocr_par' dir='ltr' id='par_1_23' title="bbox 463 2029 2038 2106">
     <span class='ocr_line' id='line_1_23' title="bbox 463 2029 2038 2106; baseline -0.005 -15"><span class='ocrx_word' id='word_1_146' title='bbox 463 2034 921 2106; x_wconf 79' lang='lat' dir='ltr'><strong>quemadmodum</strong></span> <span class='ocrx_word' id='word_1_147' title='bbox 960 2040 1144 2104; x_wconf 88' lang='lat' dir='ltr'><strong>posset</strong></span> <span class='ocrx_word' id='word_1_148' title='bbox 1170 2031 1515 2101; x_wconf 81' lang='lat' dir='ltr'><strong>exstinguere</strong></span> <span class='ocrx_word' id='word_1_149' title='bbox 1554 2030 1831 2101; x_wconf 89' lang='lat' dir='ltr'><strong>egregium</strong></span> <span class='ocrx_word' id='word_1_150' title='bbox 1887 2029 2038 2084; x_wconf 89' lang='lat' dir='ltr'><strong>illum</strong></span> 
     </span>
    </p>
   </div>
   <div class='ocr_carea' id='block_1_24' title="bbox 456 2118 2040 2193">
    <p class='ocr_par' dir='ltr' id='par_1_24' title="bbox 456 2118 2040 2193">
     <span class='ocr_line' id='line_1_24' title="bbox 456 2118 2040 2193; baseline -0.003 -14"><span class='ocrx_word' id='word_1_151' title='bbox 456 2142 708 2183; x_wconf 76' lang='lat' dir='ltr'><strong>amorem</strong></span> <span class='ocrx_word' id='word_1_152' title='bbox 766 2122 1081 2180; x_wconf 85' lang='lat' dir='ltr'><strong>decertandi</strong></span> <span class='ocrx_word' id='word_1_153' title='bbox 1112 2130 1334 2193; x_wconf 85' lang='lat' dir='ltr'><strong>prepter</strong></span> <span class='ocrx_word' id='word_1_154' title='bbox 1365 2118 1644 2176; x_wconf 86' lang='lat' dir='ltr'><strong>Christum</strong></span> <span class='ocrx_word' id='word_1_155' title='bbox 1666 2160 1681 2185; x_wconf 94' lang='lat'><strong>,</strong></span> <span class='ocrx_word' id='word_1_156' title='bbox 1723 2119 1822 2173; x_wconf 83' lang='lat' dir='ltr'><strong>sed</strong></span> <span class='ocrx_word' id='word_1_157' title='bbox 1872 2120 1941 2173; x_wconf 91' lang='lat' dir='ltr'><strong>ah</strong></span> <span class='ocrx_word' id='word_1_158' title='bbox 1973 2134 2040 2175; x_wconf 85' lang='lat' dir='ltr'><strong>eo</strong></span> 
     </span>
    </p>
   </div>
   <div class='ocr_carea' id='block_1_25' title="bbox 465 2210 2041 2287">
    <p class='ocr_par' dir='ltr' id='par_1_25' title="bbox 465 2210 2041 2287">
     <span class='ocr_line' id='line_1_25' title="bbox 465 2210 2041 2287; baseline -0.004 -17"><span class='ocrx_word' id='word_1_159' title='bbox 465 2233 561 2273; x_wconf 80' lang='lat' dir='ltr'><strong>cor</strong></span> <span class='ocrx_word' id='word_1_160' title='bbox 596 2217 717 2287; x_wconf 84' lang='lat' dir='ltr'><strong>ejus</strong></span> <span class='ocrx_word' id='word_1_161' title='bbox 746 2216 1107 2271; x_wconf 88' lang='lat' dir='ltr'><strong>vehementer</strong></span> <span class='ocrx_word' id='word_1_162' title='bbox 1149 2213 1561 2277; x_wconf 85' lang='lat' dir='ltr'><strong>accenderetur,</strong></span> <span class='ocrx_word' id='word_1_163' title='bbox 1603 2210 1739 2267; x_wconf 81' lang='lat' dir='ltr'><strong>clam</strong></span> <span class='ocrx_word' id='word_1_164' title='bbox 1764 2210 2041 2281; x_wconf 76' lang='lat' dir='ltr'><strong>egreditur</strong></span> 
     </span>
    </p>
   </div>
   <div class='ocr_carea' id='block_1_26' title="bbox 467 2299 2041 2374">
    <p class='ocr_par' dir='ltr' id='par_1_26' title="bbox 467 2299 2041 2374">
     <span class='ocr_line' id='line_1_26' title="bbox 467 2299 2041 2374; baseline -0.004 -12"><span class='ocrx_word' id='word_1_165' title='bbox 467 2309 823 2374; x_wconf 81' lang='lat' dir='ltr'><strong>monasterio,</strong></span> <span class='ocrx_word' id='word_1_166' title='bbox 868 2305 1007 2361; x_wconf 87' lang='lat' dir='ltr'><strong>nihil</strong></span> <span class='ocrx_word' id='word_1_167' title='bbox 1051 2318 1240 2361; x_wconf 88' lang='lat' dir='ltr'><strong>secum</strong></span> <span class='ocrx_word' id='word_1_168' title='bbox 1283 2302 1466 2358; x_wconf 80' lang='lat' dir='ltr'><strong>ferens</strong></span> <span class='ocrx_word' id='word_1_169' title='bbox 1508 2311 1707 2373; x_wconf 80' lang='lat' dir='ltr'><strong>praeter</strong></span> <span class='ocrx_word' id='word_1_170' title='bbox 1735 2299 2041 2372; x_wconf 74' lang='lat' dir='ltr'><strong>ca&#39;quibus</strong></span> 
     </span>
    </p>
   </div>
   <div class='ocr_carea' id='block_1_27' title="bbox 468 2390 2039 2464">
    <p class='ocr_par' dir='ltr' id='par_1_27' title="bbox 468 2390 2039 2464">
     <span class='ocr_line' id='line_1_27' title="bbox 468 2390 2039 2464; baseline -0.004 -15"><span class='ocrx_word' id='word_1_171' title='bbox 468 2394 782 2450; x_wconf 67' lang='lat' dir='ltr'><strong>necessario</strong></span> <span class='ocrx_word' id='word_1_172' title='bbox 851 2407 992 2464; x_wconf 89' lang='lat' dir='ltr'><strong>opus</strong></span> <span class='ocrx_word' id='word_1_173' title='bbox 1058 2391 1294 2446; x_wconf 84' lang='lat' dir='ltr'><strong>habebat</strong></span> <span class='ocrx_word' id='word_1_174' title='bbox 1357 2390 1423 2444; x_wconf 88' lang='lat' dir='ltr'><strong>ad</strong></span> <span class='ocrx_word' id='word_1_175' title='bbox 1481 2396 1851 2459; x_wconf 78' lang='lat' dir='ltr'><strong>tegumentum</strong></span> <span class='ocrx_word' id='word_1_176' title='bbox 1916 2402 2039 2442; x_wconf 92' lang='lat' dir='ltr'><strong>cor-</strong></span> 
     </span>
    </p>
   </div>
   <div class='ocr_carea' id='block_1_28' title="bbox 468 2485 639 2553">
    <p class='ocr_par' dir='ltr' id='par_1_28' title="bbox 468 2485 639 2553">
     <span class='ocr_line' id='line_1_28' title="bbox 468 2485 639 2553; baseline 0.023 -16"><span class='ocrx_word' id='word_1_177' title='bbox 468 2485 639 2553; x_wconf 80' lang='lat' dir='ltr'><strong>poris.</strong></span> 
     </span>
    </p>
   </div>
   <div class='ocr_carea' id='block_1_29' title="bbox 545 2566 2038 2646">
    <p class='ocr_par' dir='ltr' id='par_1_29' title="bbox 545 2566 2038 2646">
     <span class='ocr_line' id='line_1_29' title="bbox 545 2566 2038 2646; baseline -0.003 -17"><span class='ocrx_word' id='word_1_178' title='bbox 545 2576 674 2631; x_wconf 74' lang='lat' dir='ltr'><strong>\‘lll.</strong></span> <span class='ocrx_word' id='word_1_179' title='bbox 710 2575 780 2632; x_wconf 87' lang='lat' dir='ltr'><strong>Et</strong></span> <span class='ocrx_word' id='word_1_180' title='bbox 799 2574 1033 2646; x_wconf 90' lang='lat' dir='ltr'><strong>primum</strong></span> <span class='ocrx_word' id='word_1_181' title='bbox 1060 2573 1276 2644; x_wconf 83' lang='lat' dir='ltr'><strong>quidem</strong></span> <span class='ocrx_word' id='word_1_182' title='bbox 1303 2588 1426 2628; x_wconf 90' lang='lat' dir='ltr'><strong>cum</strong></span> <span class='ocrx_word' id='word_1_183' title='bbox 1456 2572 1697 2627; x_wconf 88' lang='lat' dir='ltr'><strong>venisset</strong></span> <span class='ocrx_word' id='word_1_184' title='bbox 1723 2566 2038 2642; x_wconf 89' lang='lat' dir='ltr'><strong>Diospolim,</strong></span> 
     </span>
    </p>
   </div>
   <div class='ocr_carea' id='block_1_30' title="bbox 469 2660 2039 2732">
    <p class='ocr_par' dir='ltr' id='par_1_30' title="bbox 469 2660 2039 2732">
     <span class='ocr_line' id='line_1_30' title="bbox 469 2660 2039 2732; baseline -0.005 -11"><span class='ocrx_word' id='word_1_185' title='bbox 469 2676 526 2721; x_wconf 91' lang='lat' dir='ltr'><strong>et</strong></span> <span class='ocrx_word' id='word_1_186' title='bbox 562 2665 761 2719; x_wconf 90' lang='lat' dir='ltr'><strong>deinde</strong></span> <span class='ocrx_word' id='word_1_187' title='bbox 797 2664 963 2719; x_wconf 89' lang='lat' dir='ltr'><strong>etiam</strong></span> <span class='ocrx_word' id='word_1_188' title='bbox 996 2664 1051 2717; x_wconf 90' lang='lat' dir='ltr'><strong>in</strong></span> <span class='ocrx_word' id='word_1_189' title='bbox 1090 2671 1353 2724; x_wconf 84' lang='lat' dir='ltr'><strong>montem,</strong></span> <span class='ocrx_word' id='word_1_190' title='bbox 1383 2662 1473 2732; x_wconf 91' lang='lat' dir='ltr'><strong>qui</strong></span> <span class='ocrx_word' id='word_1_191' title='bbox 1510 2660 1707 2716; x_wconf 84' lang='lat' dir='ltr'><strong>dicitur</strong></span> <span class='ocrx_word' id='word_1_192' title='bbox 1742 2660 2039 2723; x_wconf 85' lang='lat' dir='ltr'><strong>Charizim,</strong></span> 
     </span>
    </p>
   </div>
   <div class='ocr_carea' id='block_1_31' title="bbox 468 2747 2038 2825">
    <p class='ocr_par' dir='ltr' id='par_1_31' title="bbox 468 2747 2038 2825">
     <span class='ocr_line' id='line_1_31' title="bbox 468 2747 2038 2825; baseline -0.004 -17"><span class='ocrx_word' id='word_1_193' title='bbox 468 2753 733 2810; x_wconf 85' lang='lat' dir='ltr'><strong>orationis</strong></span> <span class='ocrx_word' id='word_1_194' title='bbox 758 2753 930 2825; x_wconf 88' lang='lat' dir='ltr'><strong>gratia</strong></span> <span class='ocrx_word' id='word_1_195' title='bbox 960 2760 1014 2807; x_wconf 92' lang='lat' dir='ltr'><strong>et</strong></span> <span class='ocrx_word' id='word_1_196' title='bbox 1040 2750 1397 2816; x_wconf 82' lang='lat' dir='ltr'><strong>adorationis,</strong></span> <span class='ocrx_word' id='word_1_197' title='bbox 1423 2758 1480 2805; x_wconf 89' lang='lat' dir='ltr'><strong>et</strong></span> <span class='ocrx_word' id='word_1_198' title='bbox 1529 2749 1729 2804; x_wconf 89' lang='lat' dir='ltr'><strong>deinde</strong></span> <span class='ocrx_word' id='word_1_199' title='bbox 1775 2749 1939 2803; x_wconf 89' lang='lat' dir='ltr'><strong>etiam</strong></span> <span class='ocrx_word' id='word_1_200' title='bbox 1972 2747 2038 2802; x_wconf 89' lang='lat' dir='ltr'><strong>ad</strong></span> 
     </span>
    </p>
   </div>
   <div class='ocr_carea' id='block_1_32' title="bbox 468 2840 2039 2916">
    <p class='ocr_par' dir='ltr' id='par_1_32' title="bbox 468 2840 2039 2916">
     <span class='ocr_line' id='line_1_32' title="bbox 468 2840 2039 2916; baseline -0.006 -15"><span class='ocrx_word' id='word_1_201' title='bbox 468 2855 686 2910; x_wconf 67' lang='lat' dir='ltr'><strong>caetera,</strong></span> <span class='ocrx_word' id='word_1_202' title='bbox 710 2859 831 2916; x_wconf 71' lang='lat' dir='ltr'><strong>quae</strong></span> <span class='ocrx_word' id='word_1_203' title='bbox 862 2843 973 2898; x_wconf 91' lang='lat' dir='ltr'><strong>illic</strong></span> <span class='ocrx_word' id='word_1_204' title='bbox 1014 2851 1163 2910; x_wconf 90' lang='lat' dir='ltr'><strong>sunt,</strong></span> <span class='ocrx_word' id='word_1_205' title='bbox 1194 2842 1309 2897; x_wconf 89' lang='lat' dir='ltr'><strong>loca</strong></span> <span class='ocrx_word' id='word_1_206' title='bbox 1354 2841 1666 2896; x_wconf 88' lang='lat' dir='ltr'><strong>veneranda</strong></span> <span class='ocrx_word' id='word_1_207' title='bbox 1698 2840 2039 2905; x_wconf 85' lang='lat' dir='ltr'><strong>accessisset,</strong></span> 
     </span>
    </p>
   </div>
   <div class='ocr_carea' id='block_1_33' title="bbox 467 2933 2042 3010">
    <p class='ocr_par' dir='ltr' id='par_1_33' title="bbox 467 2933 2042 3010">
     <span class='ocr_line' id='line_1_33' title="bbox 467 2933 2042 3010; baseline -0.003 -17"><span class='ocrx_word' id='word_1_208' title='bbox 467 2948 526 2994; x_wconf 89' lang='lat' dir='ltr'><strong>et</strong></span> <span class='ocrx_word' id='word_1_209' title='bbox 574 2937 913 3010; x_wconf 89' lang='lat' dir='ltr'><strong>pervenisset</strong></span> <span class='ocrx_word' id='word_1_210' title='bbox 958 2951 1133 3006; x_wconf 90' lang='lat' dir='ltr'><strong>usque</strong></span> <span class='ocrx_word' id='word_1_211' title='bbox 1179 2935 1248 2991; x_wconf 89' lang='lat' dir='ltr'><strong>ad</strong></span> <span class='ocrx_word' id='word_1_212' title='bbox 1294 2934 1597 2991; x_wconf 71' lang='lat' dir='ltr'><strong>Caesaream</strong></span> <span class='ocrx_word' id='word_1_213' title='bbox 1634 2934 1952 2997; x_wconf 63' lang='lat' dir='ltr'><strong>Palaestinae,</strong></span> <span class='ocrx_word' id='word_1_214' title='bbox 1986 2933 2042 2988; x_wconf 89' lang='lat' dir='ltr'><strong>iu</strong></span> 
     </span>
    </p>
   </div>
   <div class='ocr_carea' id='block_1_34' title="bbox 466 3024 2112 3121">
    <p class='ocr_par' dir='ltr' id='par_1_34' title="bbox 466 3024 2112 3121">
     <span class='ocr_line' id='line_1_34' title="bbox 466 3024 2112 3121; baseline -0.004 -39"><span class='ocrx_word' id='word_1_215' title='bbox 466 3029 678 3098; x_wconf 80' lang='lat' dir='ltr'><strong>templo</strong></span> <span class='ocrx_word' id='word_1_216' title='bbox 730 3027 975 3098; x_wconf 74' lang='lat' dir='ltr'><strong>Deiparae</strong></span> <span class='ocrx_word' id='word_1_217' title='bbox 1002 3024 1231 3097; x_wconf 78' lang='lat' dir='ltr'><strong>virginis</strong></span> <span class='ocrx_word' id='word_1_218' title='bbox 1267 3024 1480 3079; x_wconf 90' lang='lat' dir='ltr'><strong>duobus</strong></span> <span class='ocrx_word' id='word_1_219' title='bbox 1531 3024 1720 3080; x_wconf 83' lang='lat' dir='ltr'><strong>diebus</strong></span> <span class='ocrx_word' id='word_1_220' title='bbox 1750 3030 1991 3077; x_wconf 90' lang='lat' dir='ltr'><strong>moratur</strong></span> <span class='ocrx_word' id='word_1_221' title='bbox 2024 3039 2039 3075; x_wconf 91' lang='lat'>:</span> <span class='ocrx_word' id='word_1_222' title='bbox 2070 3064 2112 3121; x_wconf 64' lang='grc' dir='ltr'>ο</span> 
     </span>
    </p>
   </div>
   <div class='ocr_carea' id='block_1_35' title="bbox 469 3115 2043 3187">
    <p class='ocr_par' dir='ltr' id='par_1_35' title="bbox 469 3115 2043 3187">
     <span class='ocr_line' id='line_1_35' title="bbox 469 3115 2043 3187; baseline -0.004 -14"><span class='ocrx_word' id='word_1_223' title='bbox 469 3131 528 3177; x_wconf 58' lang='grc' dir='ltr'><strong>«ξι</strong></span> <span class='ocrx_word' id='word_1_224' title='bbox 548 3120 744 3176; x_wconf 83' lang='lat' dir='ltr'><strong>exinde</strong></span> <span class='ocrx_word' id='word_1_225' title='bbox 764 3135 888 3175; x_wconf 91' lang='lat' dir='ltr'><strong>eum</strong></span> <span class='ocrx_word' id='word_1_226' title='bbox 910 3133 1100 3173; x_wconf 88' lang='lat' dir='ltr'><strong>rursus</strong></span> <span class='ocrx_word' id='word_1_227' title='bbox 1126 3116 1326 3187; x_wconf 77' lang='lat' dir='ltr'><strong>excipit</strong></span> <span class='ocrx_word' id='word_1_228' title='bbox 1350 3117 1610 3186; x_wconf 85' lang='lat' dir='ltr'><strong>templum</strong></span> <span class='ocrx_word' id='word_1_229' title='bbox 1632 3115 1780 3170; x_wconf 88' lang='lat' dir='ltr'><strong>omni</strong></span> <span class='ocrx_word' id='word_1_230' title='bbox 1803 3129 1867 3169; x_wconf 83' lang='lat' dir='ltr'><strong>ex</strong></span> <span class='ocrx_word' id='word_1_231' title='bbox 1891 3122 2043 3183; x_wconf 89' lang='lat' dir='ltr'><strong>parte</strong></span> 
     </span>
    </p>
   </div>
   <div class='ocr_carea' id='block_1_36' title="bbox 471 3206 2043 3281">
    <p class='ocr_par' dir='ltr' id='par_1_36' title="bbox 471 3206 2043 3281">
     <span class='ocr_line' id='line_1_36' title="bbox 471 3206 2043 3281; baseline -0.004 -15"><span class='ocrx_word' id='word_1_232' title='bbox 471 3212 754 3269; x_wconf 70' lang='lat' dir='ltr'><strong>laudandae</strong></span> <span class='ocrx_word' id='word_1_233' title='bbox 817 3208 1179 3281; x_wconf 69' lang='lat' dir='ltr'><strong>Euphemim,</strong></span> <span class='ocrx_word' id='word_1_234' title='bbox 1231 3207 1398 3263; x_wconf 90' lang='lat' dir='ltr'><strong>veluti</strong></span> <span class='ocrx_word' id='word_1_235' title='bbox 1454 3206 1687 3276; x_wconf 87' lang='lat' dir='ltr'><strong>quodam</strong></span> <span class='ocrx_word' id='word_1_236' title='bbox 1753 3206 1853 3259; x_wconf 70' lang='lat' dir='ltr'><strong>vim</strong></span> <span class='ocrx_word' id='word_1_237' title='bbox 1905 3206 2043 3260; x_wconf 81' lang='lat' dir='ltr'><strong>duce</strong></span> 
     </span>
    </p>
   </div>
   <div class='ocr_carea' id='block_1_37' title="bbox 472 3296 2046 3369">
    <p class='ocr_par' dir='ltr' id='par_1_37' title="bbox 472 3296 2046 3369">
     <span class='ocr_line' id='line_1_37' title="bbox 472 3296 2046 3369; baseline -0.006 -10"><span class='ocrx_word' id='word_1_238' title='bbox 472 3314 719 3360; x_wconf 88' lang='lat' dir='ltr'><strong>utentem</strong></span> <span class='ocrx_word' id='word_1_239' title='bbox 756 3303 1089 3364; x_wconf 89' lang='lat' dir='ltr'><strong>clanculum,</strong></span> <span class='ocrx_word' id='word_1_240' title='bbox 1118 3299 1209 3369; x_wconf 91' lang='lat' dir='ltr'><strong>qui</strong></span> <span class='ocrx_word' id='word_1_241' title='bbox 1244 3299 1402 3369; x_wconf 83' lang='lat' dir='ltr'><strong>plane</strong></span> <span class='ocrx_word' id='word_1_242' title='bbox 1447 3297 1568 3367; x_wconf 85' lang='lat' dir='ltr'><strong>ejus</strong></span> <span class='ocrx_word' id='word_1_243' title='bbox 1596 3296 1863 3368; x_wconf 79' lang='lat' dir='ltr'><strong>dirigebat</strong></span> <span class='ocrx_word' id='word_1_244' title='bbox 1895 3311 2046 3367; x_wconf 85' lang='lat' dir='ltr'><strong>gres-</strong></span> 
     </span>
    </p>
   </div>
   <div class='ocr_carea' id='block_1_38' title="bbox 472 3387 2042 3467">
    <p class='ocr_par' dir='ltr' id='par_1_38' title="bbox 472 3387 2042 3467">
     <span class='ocr_line' id='line_1_38' title="bbox 472 3387 2042 3467; baseline -0.007 -14"><span class='ocrx_word' id='word_1_245' title='bbox 472 3412 569 3453; x_wconf 84' lang='lat' dir='ltr'><strong>sus</strong></span> <span class='ocrx_word' id='word_1_246' title='bbox 591 3395 658 3450; x_wconf 89' lang='lat' dir='ltr'><strong>ad</strong></span> <span class='ocrx_word' id='word_1_247' title='bbox 675 3394 1021 3467; x_wconf 74' lang='lat' dir='ltr'><strong>martyrium.</strong></span> <span class='ocrx_word' id='word_1_248' title='bbox 1056 3391 1189 3447; x_wconf 80' lang='lat' dir='ltr'><strong>Nam</strong></span> <span class='ocrx_word' id='word_1_249' title='bbox 1222 3405 1345 3444; x_wconf 89' lang='lat' dir='ltr'><strong>cum</strong></span> <span class='ocrx_word' id='word_1_250' title='bbox 1372 3389 1676 3454; x_wconf 80' lang='lat' dir='ltr'><strong>accederet,</strong></span> <span class='ocrx_word' id='word_1_251' title='bbox 1702 3397 1762 3443; x_wconf 88' lang='lat' dir='ltr'><strong>ut</strong></span> <span class='ocrx_word' id='word_1_252' title='bbox 1786 3387 2042 3453; x_wconf 81' lang='lat' dir='ltr'><strong>diximus,</strong></span> 
     </span>
    </p>
   </div>
   <div class='ocr_carea' id='block_1_39' title="bbox 473 3480 2044 3558">
    <p class='ocr_par' dir='ltr' id='par_1_39' title="bbox 473 3480 2044 3558">
     <span class='ocr_line' id='line_1_39' title="bbox 473 3480 2044 3558; baseline -0.008 -14"><span class='ocrx_word' id='word_1_253' title='bbox 473 3490 542 3544; x_wconf 74' lang='lat' dir='ltr'><strong>ad</strong></span> <span class='ocrx_word' id='word_1_254' title='bbox 594 3487 857 3558; x_wconf 86' lang='lat' dir='ltr'><strong>templum</strong></span> <span class='ocrx_word' id='word_1_255' title='bbox 911 3484 1057 3540; x_wconf 80' lang='lat' dir='ltr'><strong>illius</strong></span> <span class='ocrx_word' id='word_1_256' title='bbox 1111 3497 1328 3551; x_wconf 82' lang='lat' dir='ltr'><strong>semper</strong></span> <span class='ocrx_word' id='word_1_257' title='bbox 1375 3480 1659 3535; x_wconf 75' lang='lat' dir='ltr'><strong>laudanda:</strong></span> <span class='ocrx_word' id='word_1_258' title='bbox 1710 3480 2044 3551; x_wconf 74' lang='lat' dir='ltr'><strong>Eupliemize,</strong></span> 
     </span>
    </p>
   </div>
   <div class='ocr_carea' id='block_1_40' title="bbox 472 3571 2047 3647">
    <p class='ocr_par' dir='ltr' id='par_1_40' title="bbox 472 3571 2047 3647">
     <span class='ocr_line' id='line_1_40' title="bbox 472 3571 2047 3647; baseline -0.007 -13"><span class='ocrx_word' id='word_1_259' title='bbox 472 3578 623 3635; x_wconf 86' lang='lat' dir='ltr'><strong>videt</strong></span> <span class='ocrx_word' id='word_1_260' title='bbox 649 3577 913 3647; x_wconf 85' lang='lat' dir='ltr'><strong>quosdam</strong></span> <span class='ocrx_word' id='word_1_261' title='bbox 959 3574 1247 3629; x_wconf 86' lang='lat' dir='ltr'><strong>Persarum</strong></span> <span class='ocrx_word' id='word_1_262' title='bbox 1297 3588 1479 3644; x_wconf 82' lang='lat' dir='ltr'><strong>magos</strong></span> <span class='ocrx_word' id='word_1_263' title='bbox 1511 3583 1803 3642; x_wconf 87' lang='lat' dir='ltr'><strong>occupatos</strong></span> <span class='ocrx_word' id='word_1_264' title='bbox 1837 3573 1890 3625; x_wconf 92' lang='lat' dir='ltr'><strong>in</strong></span> <span class='ocrx_word' id='word_1_265' title='bbox 1925 3571 2047 3641; x_wconf 86' lang='lat' dir='ltr'><strong>qui-</strong></span> 
     </span>
    </p>
   </div>
   <div class='ocr_carea' id='block_1_41' title="bbox 471 3663 2047 3738">
    <p class='ocr_par' dir='ltr' id='par_1_41' title="bbox 471 3663 2047 3738">
     <span class='ocr_line' id='line_1_41' title="bbox 471 3663 2047 3738; baseline -0.006 -13"><span class='ocrx_word' id='word_1_266' title='bbox 471 3669 704 3725; x_wconf 88' lang='lat' dir='ltr'><strong>busdam</strong></span> <span class='ocrx_word' id='word_1_267' title='bbox 752 3663 1087 3738; x_wconf 67' lang='lat' dir='ltr'><strong>prmstigiis:</strong></span> <span class='ocrx_word' id='word_1_268' title='bbox 1147 3665 1371 3733; x_wconf 84' lang='lat' dir='ltr'><strong>zelnque</strong></span> <span class='ocrx_word' id='word_1_269' title='bbox 1425 3663 1677 3732; x_wconf 72' lang='lat' dir='ltr'><strong>protinus</strong></span> <span class='ocrx_word' id='word_1_270' title='bbox 1738 3663 2047 3717; x_wconf 81' lang='lat' dir='ltr'><strong>concitatur</strong></span> 
     </span>
    </p>
   </div>
   <div class='ocr_carea' id='block_1_42' title="bbox 472 3754 2048 3830">
    <p class='ocr_par' dir='ltr' id='par_1_42' title="bbox 472 3754 2048 3830">
     <span class='ocr_line' id='line_1_42' title="bbox 472 3754 2048 3830; baseline -0.004 -16"><span class='ocrx_word' id='word_1_271' title='bbox 472 3761 597 3830; x_wconf 82' lang='lat' dir='ltr'><strong>ejus</strong></span> <span class='ocrx_word' id='word_1_272' title='bbox 640 3759 878 3812; x_wconf 88' lang='lat' dir='ltr'><strong>animus.</strong></span> <span class='ocrx_word' id='word_1_273' title='bbox 934 3754 1153 3810; x_wconf 81' lang='lat' dir='ltr'><strong>Sciebat</strong></span> <span class='ocrx_word' id='word_1_274' title='bbox 1209 3754 1378 3818; x_wconf 89' lang='lat' dir='ltr'><strong>enim,</strong></span> <span class='ocrx_word' id='word_1_275' title='bbox 1431 3770 1593 3823; x_wconf 81' lang='lat' dir='ltr'><strong>quam</strong></span> <span class='ocrx_word' id='word_1_276' title='bbox 1639 3769 1703 3807; x_wconf 89' lang='lat' dir='ltr'><strong>ea</strong></span> <span class='ocrx_word' id='word_1_277' title='bbox 1754 3770 1842 3809; x_wconf 89' lang='lat' dir='ltr'><strong>res</strong></span> <span class='ocrx_word' id='word_1_278' title='bbox 1900 3761 2048 3807; x_wconf 81' lang='lat' dir='ltr'><strong>esset</strong></span> 
     </span>
    </p>
   </div>
   <div class='ocr_carea' id='block_1_43' title="bbox 472 3842 2048 3918">
    <p class='ocr_par' dir='ltr' id='par_1_43' title="bbox 472 3842 2048 3918">
     <span class='ocr_line' id='line_1_43' title="bbox 472 3842 2048 3918; baseline -0.004 -14"><span class='ocrx_word' id='word_1_279' title='bbox 472 3847 641 3918; x_wconf 82' lang='lat' dir='ltr'><strong>impia</strong></span> <span class='ocrx_word' id='word_1_280' title='bbox 672 3858 728 3902; x_wconf 91' lang='lat' dir='ltr'><strong>et</strong></span> <span class='ocrx_word' id='word_1_281' title='bbox 750 3846 1035 3909; x_wconf 85' lang='lat' dir='ltr'><strong>scelerata,</strong></span> <span class='ocrx_word' id='word_1_282' title='bbox 1068 3859 1135 3898; x_wconf 90' lang='lat' dir='ltr'><strong>eo</strong></span> <span class='ocrx_word' id='word_1_283' title='bbox 1179 3844 1321 3912; x_wconf 90' lang='lat' dir='ltr'><strong>quod</strong></span> <span class='ocrx_word' id='word_1_284' title='bbox 1350 3843 1465 3913; x_wconf 80' lang='lat' dir='ltr'><strong>ipse</strong></span> <span class='ocrx_word' id='word_1_285' title='bbox 1497 3858 1713 3913; x_wconf 91' lang='lat' dir='ltr'><strong>quoque</strong></span> <span class='ocrx_word' id='word_1_286' title='bbox 1754 3842 1806 3896; x_wconf 89' lang='lat' dir='ltr'><strong>in</strong></span> <span class='ocrx_word' id='word_1_287' title='bbox 1852 3857 1914 3897; x_wconf 84' lang='lat' dir='ltr'><strong>ea</strong></span> <span class='ocrx_word' id='word_1_288' title='bbox 1946 3844 2048 3897; x_wconf 85' lang='lat' dir='ltr'><strong>im-</strong></span> 
     </span>
    </p>
   </div>
   <div class='ocr_carea' id='block_1_44' title="bbox 475 3931 2047 4011">
    <p class='ocr_par' dir='ltr' id='par_1_44' title="bbox 475 3931 2047 4011">
     <span class='ocr_line' id='line_1_44' title="bbox 475 3931 2047 4011; baseline -0.003 -18"><span class='ocrx_word' id='word_1_289' title='bbox 475 3941 648 4011; x_wconf 84' lang='lat' dir='ltr'><strong>proba</strong></span> <span class='ocrx_word' id='word_1_290' title='bbox 700 3947 819 3993; x_wconf 86' lang='lat' dir='ltr'><strong>arte</strong></span> <span class='ocrx_word' id='word_1_291' title='bbox 846 3944 993 3991; x_wconf 88' lang='lat' dir='ltr'><strong>esset</strong></span> <span class='ocrx_word' id='word_1_292' title='bbox 1033 3941 1304 3990; x_wconf 85' lang='lat' dir='ltr'><strong>versatus.</strong></span> <span class='ocrx_word' id='word_1_293' title='bbox 1355 3931 1637 4000; x_wconf 80' lang='lat' dir='ltr'><strong>Quaenam,</strong></span> <span class='ocrx_word' id='word_1_294' title='bbox 1666 3934 1863 4004; x_wconf 86' lang='lat' dir='ltr'><strong>inquit,</strong></span> <span class='ocrx_word' id='word_1_295' title='bbox 1899 3943 2047 3989; x_wconf 85' lang='lat' dir='ltr'><strong>tanta</strong></span> 
     </span>
    </p>
   </div>
   <div class='ocr_carea' id='block_1_45' title="bbox 476 4022 2046 4099">
    <p class='ocr_par' dir='ltr' id='par_1_45' title="bbox 476 4022 2046 4099">
     <span class='ocr_line' id='line_1_45' title="bbox 476 4022 2046 4099; baseline -0.005 -14"><span class='ocrx_word' id='word_1_296' title='bbox 476 4028 653 4099; x_wconf 69' lang='lat' dir='ltr'><strong>caligo</strong></span> <span class='ocrx_word' id='word_1_297' title='bbox 692 4027 889 4082; x_wconf 85' lang='lat' dir='ltr'><strong>vestris</strong></span> <span class='ocrx_word' id='word_1_298' title='bbox 936 4022 1110 4080; x_wconf 80' lang='lat' dir='ltr'><strong>oﬂ‘usa</strong></span> <span class='ocrx_word' id='word_1_299' title='bbox 1154 4032 1238 4078; x_wconf 89' lang='lat' dir='ltr'><strong>est</strong></span> <span class='ocrx_word' id='word_1_300' title='bbox 1287 4023 1480 4090; x_wconf 82' lang='lat' dir='ltr'><strong>oculis,</strong></span> <span class='ocrx_word' id='word_1_301' title='bbox 1516 4033 1679 4078; x_wconf 84' lang='lat' dir='ltr'><strong>utne</strong></span> <span class='ocrx_word' id='word_1_302' title='bbox 1726 4040 1788 4079; x_wconf 86' lang='lat' dir='ltr'><strong>ea</strong></span> <span class='ocrx_word' id='word_1_303' title='bbox 1827 4023 2046 4093; x_wconf 88' lang='lat' dir='ltr'><strong>quidem</strong></span> 
     </span>
    </p>
   </div>
   <div class='ocr_carea' id='block_1_46' title="bbox 478 4111 2049 4186">
    <p class='ocr_par' dir='ltr' id='par_1_46' title="bbox 478 4111 2049 4186">
     <span class='ocr_line' id='line_1_46' title="bbox 478 4111 2049 4186; baseline -0.004 -14"><span class='ocrx_word' id='word_1_304' title='bbox 478 4116 779 4186; x_wconf 78' lang='lat' dir='ltr'><strong>aspiciatis,</strong></span> <span class='ocrx_word' id='word_1_305' title='bbox 806 4130 929 4183; x_wconf 80' lang='lat' dir='ltr'><strong>quae</strong></span> <span class='ocrx_word' id='word_1_306' title='bbox 956 4121 1084 4168; x_wconf 85' lang='lat' dir='ltr'><strong>ante</strong></span> <span class='ocrx_word' id='word_1_307' title='bbox 1110 4120 1322 4168; x_wconf 88' lang='lat' dir='ltr'><strong>vestros</strong></span> <span class='ocrx_word' id='word_1_308' title='bbox 1344 4112 1513 4182; x_wconf 86' lang='lat' dir='ltr'><strong>pedes</strong></span> <span class='ocrx_word' id='word_1_309' title='bbox 1545 4111 1644 4167; x_wconf 86' lang='lat' dir='ltr'><strong>sita</strong></span> <span class='ocrx_word' id='word_1_310' title='bbox 1678 4119 1827 4177; x_wconf 88' lang='lat' dir='ltr'><strong>sunt,</strong></span> <span class='ocrx_word' id='word_1_311' title='bbox 1858 4127 2049 4182; x_wconf 90' lang='lat' dir='ltr'><strong>quem-</strong></span> 
     </span>
    </p>
   </div>
   <div class='ocr_carea' id='block_1_47' title="bbox 479 4205 2049 4277">
    <p class='ocr_par' dir='ltr' id='par_1_47' title="bbox 479 4205 2049 4277">
     <span class='ocr_line' id='line_1_47' title="bbox 479 4205 2049 4277; baseline -0.001 -15"><span class='ocrx_word' id='word_1_312' title='bbox 479 4208 772 4264; x_wconf 86' lang='lat' dir='ltr'><strong>admodum</strong></span> <span class='ocrx_word' id='word_1_313' title='bbox 808 4207 864 4262; x_wconf 89' lang='lat' dir='ltr'><strong>in</strong></span> <span class='ocrx_word' id='word_1_314' title='bbox 901 4207 1219 4262; x_wconf 85' lang='lat' dir='ltr'><strong>universum</strong></span> <span class='ocrx_word' id='word_1_315' title='bbox 1262 4205 1468 4262; x_wconf 88' lang='lat' dir='ltr'><strong>scilicet</strong></span> <span class='ocrx_word' id='word_1_316' title='bbox 1507 4214 1591 4261; x_wconf 84' lang='lat' dir='ltr'><strong>est</strong></span> <span class='ocrx_word' id='word_1_317' title='bbox 1630 4206 1898 4277; x_wconf 88' lang='lat' dir='ltr'><strong>deccptio,</strong></span> <span class='ocrx_word' id='word_1_318' title='bbox 1928 4222 2049 4276; x_wconf 72' lang='lat' dir='ltr'><strong>qua:</strong></span> 
     </span>
    </p>
   </div>
   <div class='ocr_carea' id='block_1_48' title="bbox 481 4297 2050 4367">
    <p class='ocr_par' dir='ltr' id='par_1_48' title="bbox 481 4297 2050 4367">
     <span class='ocr_line' id='line_1_48' title="bbox 481 4297 2050 4367; baseline -0.002 -12"><span class='ocrx_word' id='word_1_319' title='bbox 481 4311 720 4356; x_wconf 64' lang='lat' dir='ltr'><strong>vestram</strong></span> <span class='ocrx_word' id='word_1_320' title='bbox 772 4299 1047 4367; x_wconf 78' lang='lat' dir='ltr'><strong>levitatem</strong></span> <span class='ocrx_word' id='word_1_321' title='bbox 1114 4298 1425 4355; x_wconf 87' lang='lat' dir='ltr'><strong>ludificatur</strong></span> <span class='ocrx_word' id='word_1_322' title='bbox 1467 4307 1523 4353; x_wconf 92' lang='lat' dir='ltr'><strong>et</strong></span> <span class='ocrx_word' id='word_1_323' title='bbox 1580 4297 1940 4363; x_wconf 79' lang='lat' dir='ltr'><strong>facilitatem,</strong></span> <span class='ocrx_word' id='word_1_324' title='bbox 1994 4307 2050 4352; x_wconf 86' lang='lat' dir='ltr'><strong>et</strong></span> 
     </span>
    </p>
   </div>
   <div class='ocr_carea' id='block_1_49' title="bbox 2137 463 3717 544">
    <p class='ocr_par' dir='ltr' id='par_1_49' title="bbox 2137 463 3717 544">
     <span class='ocr_line' id='line_1_49' title="bbox 2137 463 3717 544; baseline -0.004 -17"><span class='ocrx_word' id='word_1_325' title='bbox 2137 473 2433 544; x_wconf 75' lang='grc' dir='ltr'>ἐκδημίαν;</span> <span class='ocrx_word' id='word_1_326' title='bbox 2481 471 2541 524; x_wconf 82' lang='grc'><strong>⁸0</strong></span> <span class='ocrx_word' id='word_1_327' title='bbox 2590 468 2667 535; x_wconf 79' lang='grc' dir='ltr'><strong>δὲ,</strong></span> <span class='ocrx_word' id='word_1_328' title='bbox 2719 468 2812 522; x_wconf 66' lang='grc' dir='ltr'>τὸν</span> <span class='ocrx_word' id='word_1_329' title='bbox 2843 466 3053 538; x_wconf 79' lang='grc' dir='ltr'>δνειρον</span> <span class='ocrx_word' id='word_1_330' title='bbox 3099 464 3251 537; x_wconf 83' lang='grc' dir='ltr'>αύτῷ</span> <span class='ocrx_word' id='word_1_331' title='bbox 3309 463 3430 537; x_wconf 81' lang='grc' dir='ltr'>μεθ’</span> <span class='ocrx_word' id='word_1_332' title='bbox 3486 466 3616 537; x_wconf 85' lang='grc' dir='ltr'>δσης</span> <span class='ocrx_word' id='word_1_333' title='bbox 3648 467 3717 522; x_wconf 80' lang='grc' dir='ltr'><strong>ἀν</strong></span> 
     </span>
    </p>
   </div>
   <div class='ocr_carea' id='block_1_50' title="bbox 2137 556 3717 632">
    <p class='ocr_par' dir='ltr' id='par_1_50' title="bbox 2137 556 3717 632">
     <span class='ocr_line' id='line_1_50' title="bbox 2137 556 3717 632; baseline -0.005 -14"><span class='ocrx_word' id='word_1_334' title='bbox 2137 564 2312 626; x_wconf 80' lang='grc' dir='ltr'><strong>εἴποις</strong></span> <span class='ocrx_word' id='word_1_335' title='bbox 2340 562 2609 632; x_wconf 80' lang='grc' dir='ltr'>διηγεῖται</span> <span class='ocrx_word' id='word_1_336' title='bbox 2641 556 3023 631; x_wconf 79' lang='grc' dir='ltr'>περιπαθείας,</span> <span class='ocrx_word' id='word_1_337' title='bbox 3050 557 3147 611; x_wconf 75' lang='grc' dir='ltr'>καὶ</span> <span class='ocrx_word' id='word_1_338' title='bbox 3182 556 3374 627; x_wconf 78' lang='grc' dir='ltr'><strong>ὅτιπερ</strong></span> <span class='ocrx_word' id='word_1_339' title='bbox 3406 556 3717 613; x_wconf 32' lang='grc' dir='ltr'>«ἀποθανεῖ-</span> 
     </span>
    </p>
   </div>
   <div class='ocr_carea' id='block_1_51' title="bbox 2135 648 3721 722">
    <p class='ocr_par' dir='ltr' id='par_1_51' title="bbox 2135 648 3721 722">
     <span class='ocr_line' id='line_1_51' title="bbox 2135 648 3721 722; baseline -0.003 -14"><span class='ocrx_word' id='word_1_340' title='bbox 2135 671 2225 708; x_wconf 89' lang='grc' dir='ltr'><strong>ται</strong></span> <span class='ocrx_word' id='word_1_341' title='bbox 2255 655 2471 715; x_wconf 86' lang='grc' dir='ltr'>πάντως</span> <span class='ocrx_word' id='word_1_342' title='bbox 2499 653 2561 705; x_wconf 75' lang='grc' dir='ltr'>οὐ</span> <span class='ocrx_word' id='word_1_343' title='bbox 2596 651 2730 722; x_wconf 82' lang='grc' dir='ltr'><strong>μετά</strong></span> <span class='ocrx_word' id='word_1_344' title='bbox 2785 650 2920 704; x_wconf 77' lang='grc' dir='ltr'>πολὺ</span> <span class='ocrx_word' id='word_1_345' title='bbox 2944 648 3270 703; x_wconf 74' lang='grc' dir='ltr'>διατείνεται</span> <span class='ocrx_word' id='word_1_346' title='bbox 3293 687 3312 715; x_wconf 92' lang='grc'><strong>,</strong></span> <span class='ocrx_word' id='word_1_347' title='bbox 3344 648 3456 702; x_wconf 74' lang='grc' dir='ltr'>εἴτε</span> <span class='ocrx_word' id='word_1_348' title='bbox 3480 648 3572 703; x_wconf 81' lang='grc' dir='ltr'>τὸν</span> <span class='ocrx_word' id='word_1_349' title='bbox 3603 665 3721 703; x_wconf 87' lang='grc' dir='ltr'>κοι-</span> 
     </span>
    </p>
   </div>
   <div class='ocr_carea' id='block_1_52' title="bbox 2135 740 3719 815">
    <p class='ocr_par' dir='ltr' id='par_1_52' title="bbox 2135 740 3719 815">
     <span class='ocr_line' id='line_1_52' title="bbox 2135 740 3719 815; baseline -0.003 -16"><span class='ocrx_word' id='word_1_350' title='bbox 2135 746 2223 799; x_wconf 69' lang='grc' dir='ltr'>νὸν</span> <span class='ocrx_word' id='word_1_351' title='bbox 2252 745 2318 815; x_wconf 84' lang='grc' dir='ltr'><strong>δὴ</strong></span> <span class='ocrx_word' id='word_1_352' title='bbox 2348 746 2537 798; x_wconf 80' lang='grc' dir='ltr'>τοῦτον</span> <span class='ocrx_word' id='word_1_353' title='bbox 2581 742 2677 796; x_wconf 75' lang='grc' dir='ltr'>καὶ</span> <span class='ocrx_word' id='word_1_354' title='bbox 2726 742 2839 795; x_wconf 72' lang='grc' dir='ltr'>ἴσον</span> <span class='ocrx_word' id='word_1_355' title='bbox 2890 743 3002 805; x_wconf 74' lang='grc' dir='ltr'>τοῖς</span> <span class='ocrx_word' id='word_1_356' title='bbox 3056 740 3272 804; x_wconf 77' lang='grc' dir='ltr'>πολλοις</span> <span class='ocrx_word' id='word_1_357' title='bbox 3313 740 3540 795; x_wconf 82' lang='grc' dir='ltr'>θάνατον</span> <span class='ocrx_word' id='word_1_358' title='bbox 3559 778 3578 808; x_wconf 89' lang='grc'><strong>,</strong></span> <span class='ocrx_word' id='word_1_359' title='bbox 3608 741 3719 795; x_wconf 81' lang='grc' dir='ltr'>εῑτε</span> 
     </span>
    </p>
   </div>
   <div class='ocr_carea' id='block_1_53' title="bbox 2135 830 3720 905">
    <p class='ocr_par' dir='ltr' id='par_1_53' title="bbox 2135 830 3720 905">
     <span class='ocr_line' id='line_1_53' title="bbox 2135 830 3720 905; baseline -0.003 -16"><span class='ocrx_word' id='word_1_360' title='bbox 2135 835 2256 890; x_wconf 71' lang='grc' dir='ltr'>τινὰ</span> <span class='ocrx_word' id='word_1_361' title='bbox 2319 834 2478 890; x_wconf 79' lang='grc' dir='ltr'>ἄλλον</span> <span class='ocrx_word' id='word_1_362' title='bbox 2529 834 2622 888; x_wconf 70' lang='grc' dir='ltr'>καὶ</span> <span class='ocrx_word' id='word_1_363' title='bbox 2683 833 2884 905; x_wconf 78' lang='grc' dir='ltr'><strong>τρόπον</strong></span> <span class='ocrx_word' id='word_1_364' title='bbox 2913 833 3120 902; x_wconf 75' lang='grc' dir='ltr'>ἕτερον,</span> <span class='ocrx_word' id='word_1_365' title='bbox 3178 831 3534 887; x_wconf 84' lang='grc' dir='ltr'>ἀποθανεῖται</span> <span class='ocrx_word' id='word_1_366' title='bbox 3554 832 3599 885; x_wconf 79' lang='grc' dir='ltr'><strong>δ’</strong></span> <span class='ocrx_word' id='word_1_367' title='bbox 3623 830 3720 886; x_wconf 76' lang='grc' dir='ltr'><strong>οὖν</strong></span> 
     </span>
    </p>
   </div>
   <div class='ocr_carea' id='block_1_54' title="bbox 2137 920 3715 997">
    <p class='ocr_par' dir='ltr' id='par_1_54' title="bbox 2137 920 3715 997">
     <span class='ocr_line' id='line_1_54' title="bbox 2137 920 3715 997; baseline -0.005 -15"><span class='ocrx_word' id='word_1_368' title='bbox 2137 928 2315 997; x_wconf 83' lang='grc' dir='ltr'>ὃμως’</span> <span class='ocrx_word' id='word_1_369' title='bbox 2338 927 2399 980; x_wconf 83' lang='grc' dir='ltr'><strong>ού</strong></span> <span class='ocrx_word' id='word_1_370' title='bbox 2431 926 2540 997; x_wconf 84' lang='grc' dir='ltr'><strong>γὰρ</strong></span> <span class='ocrx_word' id='word_1_371' title='bbox 2570 920 2715 994; x_wconf 79' lang='grc' dir='ltr'>εἶχεν</span> <span class='ocrx_word' id='word_1_372' title='bbox 2739 926 2886 987; x_wconf 83' lang='grc' dir='ltr'>ὅπως</span> <span class='ocrx_word' id='word_1_373' title='bbox 2935 923 3327 995; x_wconf 82' lang='grc' dir='ltr'>ἀπογυμνῶσει</span> <span class='ocrx_word' id='word_1_374' title='bbox 3361 923 3615 993; x_wconf 80' lang='grc' dir='ltr'><strong>φανερῶς</strong></span> <span class='ocrx_word' id='word_1_375' title='bbox 3650 922 3715 975; x_wconf 81' lang='grc' dir='ltr'>τὸ</span> 
     </span>
    </p>
   </div>
   <div class='ocr_carea' id='block_1_55' title="bbox 2136 1013 3718 1092">
    <p class='ocr_par' dir='ltr' id='par_1_55' title="bbox 2136 1013 3718 1092">
     <span class='ocr_line' id='line_1_55' title="bbox 2136 1013 3718 1092; baseline -0.005 -19"><span class='ocrx_word' id='word_1_376' title='bbox 2136 1019 2469 1092; x_wconf 71' lang='grc' dir='ltr'>ἀπόρρητον,</span> <span class='ocrx_word' id='word_1_377' title='bbox 2501 1018 2685 1079; x_wconf 84' lang='grc' dir='ltr'>ὁποῖος</span> <span class='ocrx_word' id='word_1_378' title='bbox 2708 1017 2801 1070; x_wconf 82' lang='grc' dir='ltr'><strong>ἀπ’</strong></span> <span class='ocrx_word' id='word_1_379' title='bbox 2824 1016 2999 1086; x_wconf 82' lang='grc' dir='ltr'>ἀρχῆς</span> <span class='ocrx_word' id='word_1_380' title='bbox 3026 1015 3167 1086; x_wconf 77' lang='grc' dir='ltr'>ἔρως</span> <span class='ocrx_word' id='word_1_381' title='bbox 3214 1013 3365 1083; x_wconf 79' lang='grc' dir='ltr'>αὐτῷ</span> <span class='ocrx_word' id='word_1_382' title='bbox 3416 1013 3718 1085; x_wconf 74' lang='grc' dir='ltr'><strong>μαρτυρίου</strong></span> 
     </span>
    </p>
   </div>
   <div class='ocr_carea' id='block_1_56' title="bbox 2136 1105 3721 1179">
    <p class='ocr_par' dir='ltr' id='par_1_56' title="bbox 2136 1105 3721 1179">
     <span class='ocr_line' id='line_1_56' title="bbox 2136 1105 3721 1179; baseline -0.004 -16"><span class='ocrx_word' id='word_1_383' title='bbox 2136 1110 2392 1179; x_wconf 74' lang='grc' dir='ltr'>ἐντέτηκε</span> <span class='ocrx_word' id='word_1_384' title='bbox 2438 1110 2503 1177; x_wconf 83' lang='grc' dir='ltr'><strong>τῇ</strong></span> <span class='ocrx_word' id='word_1_385' title='bbox 2548 1106 2718 1178; x_wconf 76' lang='grc' dir='ltr'>ψυχῇ,</span> <span class='ocrx_word' id='word_1_386' title='bbox 2778 1108 2912 1177; x_wconf 75' lang='grc' dir='ltr'>πρὸς</span> <span class='ocrx_word' id='word_1_387' title='bbox 2957 1105 3017 1159; x_wconf 83' lang='grc' dir='ltr'>δν</span> <span class='ocrx_word' id='word_1_388' title='bbox 3050 1107 3257 1169; x_wconf 67' lang='grc' dir='ltr'>ἐκεῖνος</span> <span class='ocrx_word' id='word_1_389' title='bbox 3306 1105 3537 1173; x_wconf 60' lang='grc' dir='ltr'>ἀνέφερε</span> <span class='ocrx_word' id='word_1_390' title='bbox 3594 1106 3721 1165; x_wconf 62' lang='grc' dir='ltr'>τοὺς</span> 
     </span>
    </p>
   </div>
   <div class='ocr_carea' id='block_1_57' title="bbox 2136 1191 3720 1272">
    <p class='ocr_par' dir='ltr' id='par_1_57' title="bbox 2136 1191 3720 1272">
     <span class='ocr_line' id='line_1_57' title="bbox 2136 1191 3720 1272; baseline -0.004 -17"><span class='ocrx_word' id='word_1_391' title='bbox 2136 1201 2398 1272; x_wconf 81' lang='grc' dir='ltr'>ὀνείρους.</span> <span class='ocrx_word' id='word_1_392' title='bbox 2441 1199 2658 1253; x_wconf 82' lang='grc' dir='ltr'>Ἑδεδίει</span> <span class='ocrx_word' id='word_1_393' title='bbox 2690 1200 2800 1268; x_wconf 76' lang='grc' dir='ltr'><strong>γὰρ</strong></span> <span class='ocrx_word' id='word_1_394' title='bbox 2831 1197 2906 1268; x_wconf 81' lang='grc' dir='ltr'>μὴ</span> <span class='ocrx_word' id='word_1_395' title='bbox 2944 1196 3235 1268; x_wconf 73' lang='grc' dir='ltr'>καὶ’τυχδν</span> <span class='ocrx_word' id='word_1_396' title='bbox 3262 1195 3565 1266; x_wconf 73' lang='grc' dir='ltr'>ὲπιτιμηθῇ</span> <span class='ocrx_word' id='word_1_397' title='bbox 3587 1191 3720 1265; x_wconf 83' lang='grc' dir='ltr'>παρ’</span> 
     </span>
    </p>
   </div>
   <div class='ocr_carea' id='block_1_58' title="bbox 2136 1288 3723 1362">
    <p class='ocr_par' dir='ltr' id='par_1_58' title="bbox 2136 1288 3723 1362">
     <span class='ocr_line' id='line_1_58' title="bbox 2136 1288 3723 1362; baseline -0.004 -15"><span class='ocrx_word' id='word_1_398' title='bbox 2136 1291 2325 1355; x_wconf 76' lang='grc' dir='ltr'>αὐτοῦ,</span> <span class='ocrx_word' id='word_1_399' title='bbox 2363 1293 2456 1346; x_wconf 59' lang='grc' dir='ltr'><strong>καὶ⁵</strong></span> <span class='ocrx_word' id='word_1_400' title='bbox 2506 1292 2607 1362; x_wconf 83' lang='grc' dir='ltr'>τὴν</span> <span class='ocrx_word' id='word_1_401' title='bbox 2632 1291 2843 1362; x_wconf 83' lang='grc' dir='ltr'>θέρμην</span> <span class='ocrx_word' id='word_1_402' title='bbox 2867 1289 3009 1344; x_wconf 73' lang='grc' dir='ltr'>οὕτω</span> <span class='ocrx_word' id='word_1_403' title='bbox 3038 1290 3139 1359; x_wconf 82' lang='grc' dir='ltr'>τῆς</span> <span class='ocrx_word' id='word_1_404' title='bbox 3180 1288 3357 1359; x_wconf 77' lang='grc' dir='ltr'>ψυχῆς</span> <span class='ocrx_word' id='word_1_405' title='bbox 3384 1288 3723 1357; x_wconf 66' lang='grc' dir='ltr'>διαψυχρανσ</span> 
     </span>
    </p>
   </div>
   <div class='ocr_carea' id='block_1_59' title="bbox 2137 1378 3719 1458">
    <p class='ocr_par' dir='ltr' id='par_1_59' title="bbox 2137 1378 3719 1458">
     <span class='ocr_line' id='line_1_59' title="bbox 2137 1378 3719 1458; baseline -0.006 -17"><span class='ocrx_word' id='word_1_406' title='bbox 2137 1387 2279 1458; x_wconf 91' lang='grc' dir='ltr'>θείη,</span> <span class='ocrx_word' id='word_1_407' title='bbox 2318 1387 2413 1441; x_wconf 78' lang='grc' dir='ltr'>καὶ</span> <span class='ocrx_word' id='word_1_408' title='bbox 2463 1384 2696 1438; x_wconf 88' lang='grc' dir='ltr'>πλούτου</span> <span class='ocrx_word' id='word_1_409' title='bbox 2731 1382 2987 1437; x_wconf 77' lang='grc' dir='ltr'><strong>τοσούτου</strong></span> <span class='ocrx_word' id='word_1_410' title='bbox 3013 1382 3261 1437; x_wconf 81' lang='grc' dir='ltr'>διαπέσοι</span> <span class='ocrx_word' id='word_1_411' title='bbox 3291 1381 3385 1457; x_wconf 61' lang='grc' dir='ltr'>καὶ</span> <span class='ocrx_word' id='word_1_412' title='bbox 3414 1378 3719 1451; x_wconf 75' lang='grc' dir='ltr'><strong>θησαυροῦ.</strong></span> 
     </span>
    </p>
   </div>
   <div class='ocr_carea' id='block_1_60' title="bbox 2138 1471 3720 1548">
    <p class='ocr_par' dir='ltr' id='par_1_60' title="bbox 2138 1471 3720 1548">
     <span class='ocr_line' id='line_1_60' title="bbox 2138 1471 3720 1548; baseline -0.006 -16"><span class='ocrx_word' id='word_1_413' title='bbox 2138 1478 2273 1532; x_wconf 80' lang='grc' dir='ltr'>Τότε</span> <span class='ocrx_word' id='word_1_414' title='bbox 2297 1479 2396 1548; x_wconf 77' lang='grc' dir='ltr'>μὲν</span> <span class='ocrx_word' id='word_1_415' title='bbox 2423 1473 2517 1531; x_wconf 72' lang='grc' dir='ltr'>οὖν</span> <span class='ocrx_word' id='word_1_416' title='bbox 2541 1475 2911 1547; x_wconf 73' lang='grc' dir='ltr'>παρακληθεὶς</span> <span class='ocrx_word' id='word_1_417' title='bbox 2962 1474 3315 1537; x_wconf 77' lang='grc' dir='ltr'>’Δναστάσιος</span> <span class='ocrx_word' id='word_1_418' title='bbox 3350 1472 3450 1543; x_wconf 83' lang='grc' dir='ltr'>τὴν</span> <span class='ocrx_word' id='word_1_419' title='bbox 3488 1471 3720 1543; x_wconf 79' lang='grc' dir='ltr'>καρδίαν</span> 
     </span>
    </p>
   </div>
   <div class='ocr_carea' id='block_1_61' title="bbox 2139 1563 3720 1635">
    <p class='ocr_par' dir='ltr' id='par_1_61' title="bbox 2139 1563 3720 1635">
     <span class='ocr_line' id='line_1_61' title="bbox 2139 1563 3720 1635; baseline -0.004 -14"><span class='ocrx_word' id='word_1_420' title='bbox 2139 1568 2361 1631; x_wconf 85' lang='grc' dir='ltr'>πολλαῖς</span> <span class='ocrx_word' id='word_1_421' title='bbox 2383 1567 2477 1623; x_wconf 80' lang='grc' dir='ltr'><strong>τοῦ</strong></span> <span class='ocrx_word' id='word_1_422' title='bbox 2505 1566 2826 1621; x_wconf 79' lang='grc' dir='ltr'><strong>διδασκάλου</strong></span> <span class='ocrx_word' id='word_1_423' title='bbox 2856 1566 2950 1620; x_wconf 79' lang='grc' dir='ltr'>καὶ</span> <span class='ocrx_word' id='word_1_424' title='bbox 3005 1564 3275 1635; x_wconf 75' lang='grc' dir='ltr'>φιλοθέοις</span> <span class='ocrx_word' id='word_1_425' title='bbox 3303 1566 3423 1624; x_wconf 86' lang='grc' dir='ltr'>ταῖς</span> <span class='ocrx_word' id='word_1_426' title='bbox 3451 1563 3720 1635; x_wconf 68' lang='grc' dir='ltr'>παραινὲο</span> 
     </span>
    </p>
   </div>
   <div class='ocr_carea' id='block_1_62' title="bbox 2143 1651 3724 1725">
    <p class='ocr_par' dir='ltr' id='par_1_62' title="bbox 2143 1651 3724 1725">
     <span class='ocr_line' id='line_1_62' title="bbox 2143 1651 3724 1725; baseline -0.005 -15"><span class='ocrx_word' id='word_1_427' title='bbox 2143 1673 2280 1722; x_wconf 79' lang='grc' dir='ltr'>σεσι,</span> <span class='ocrx_word' id='word_1_428' title='bbox 2309 1657 2405 1719; x_wconf 79' lang='grc' dir='ltr'><strong>τὰς</strong></span> <span class='ocrx_word' id='word_1_429' title='bbox 2430 1655 2655 1719; x_wconf 69' lang='grc' dir='ltr'>ἑωθινὰς</span> <span class='ocrx_word' id='word_1_430' title='bbox 2682 1654 3007 1725; x_wconf 77' lang='grc' dir='ltr'>ψαλμῳδίας</span> <span class='ocrx_word' id='word_1_431' title='bbox 3032 1652 3153 1724; x_wconf 84' lang='grc' dir='ltr'><strong>Θεῷ</strong></span> <span class='ocrx_word' id='word_1_432' title='bbox 3182 1652 3319 1723; x_wconf 78' lang='grc' dir='ltr'>μετὰ</span> <span class='ocrx_word' id='word_1_433' title='bbox 3340 1652 3449 1705; x_wconf 84' lang='grc' dir='ltr'><strong>τῶν</strong></span> <span class='ocrx_word' id='word_1_434' title='bbox 3476 1651 3724 1722; x_wconf 77' lang='grc' dir='ltr'><strong>ἀδελφῶν</strong></span> 
     </span>
    </p>
   </div>
   <div class='ocr_carea' id='block_1_63' title="bbox 2074 1728 3723 1817">
    <p class='ocr_par' dir='ltr' id='par_1_63' title="bbox 2074 1728 3723 1817">
     <span class='ocr_line' id='line_1_63' title="bbox 2074 1728 3723 1817; baseline -0.004 -15"><span class='ocrx_word' id='word_1_435' title='bbox 2074 1728 2114 1783; x_wconf 77' lang='grc' dir='ltr'><strong>Β</strong></span> <span class='ocrx_word' id='word_1_436' title='bbox 2140 1748 2482 1803; x_wconf 82' lang='grc' dir='ltr'>ἀποδίδωσιν.</span> <span class='ocrx_word' id='word_1_437' title='bbox 2533 1741 2667 1801; x_wconf 81' lang='grc' dir='ltr'>Εἶτα</span> <span class='ocrx_word' id='word_1_438' title='bbox 2719 1746 2939 1817; x_wconf 75' lang='grc' dir='ltr'>καὶτῆς</span> <span class='ocrx_word' id='word_1_439' title='bbox 2979 1747 3133 1816; x_wconf 79' lang='grc' dir='ltr'>ίερᾶς</span> <span class='ocrx_word' id='word_1_440' title='bbox 3175 1743 3478 1813; x_wconf 67' lang='grc' dir='ltr'>ἐπιστάσης</span> <span class='ocrx_word' id='word_1_441' title='bbox 3544 1761 3723 1813; x_wconf 83' lang='grc' dir='ltr'>μυστ-</span> 
     </span>
    </p>
   </div>
   <div class='ocr_carea' id='block_1_64' title="bbox 2139 1836 3726 1909">
    <p class='ocr_par' dir='ltr' id='par_1_64' title="bbox 2139 1836 3726 1909">
     <span class='ocr_line' id='line_1_64' title="bbox 2139 1836 3726 1909; baseline -0.003 -15"><span class='ocrx_word' id='word_1_442' title='bbox 2139 1841 2386 1909; x_wconf 75' lang='grc' dir='ltr'>αγωγίας</span> <span class='ocrx_word' id='word_1_443' title='bbox 2405 1879 2419 1904; x_wconf 90' lang='grc'><strong>,</strong></span> <span class='ocrx_word' id='word_1_444' title='bbox 2452 1839 2560 1893; x_wconf 82' lang='grc' dir='ltr'><strong>τῶν</strong></span> <span class='ocrx_word' id='word_1_445' title='bbox 2593 1839 2756 1893; x_wconf 91' lang='grc' dir='ltr'>θείων</span> <span class='ocrx_word' id='word_1_446' title='bbox 2782 1841 3030 1892; x_wconf 79' lang='grc' dir='ltr'>κοινωνεῖ</span> <span class='ocrx_word' id='word_1_447' title='bbox 3050 1837 3386 1909; x_wconf 82' lang='grc' dir='ltr'><strong>μυστηρίων,</strong></span> <span class='ocrx_word' id='word_1_448' title='bbox 3414 1836 3509 1890; x_wconf 76' lang='grc' dir='ltr'><strong>καὶ</strong></span> <span class='ocrx_word' id='word_1_449' title='bbox 3536 1836 3726 1906; x_wconf 78' lang='grc' dir='ltr'><strong>κοινῆς</strong></span> 
     </span>
    </p>
   </div>
   <div class='ocr_carea' id='block_1_65' title="bbox 2138 1929 3719 2002">
    <p class='ocr_par' dir='ltr' id='par_1_65' title="bbox 2138 1929 3719 2002">
     <span class='ocr_line' id='line_1_65' title="bbox 2138 1929 3719 2002; baseline -0.002 -17"><span class='ocrx_word' id='word_1_450' title='bbox 2138 1934 2250 1996; x_wconf 84' lang='grc' dir='ltr'>τοῖς</span> <span class='ocrx_word' id='word_1_451' title='bbox 2275 1932 2527 2001; x_wconf 78' lang='grc' dir='ltr'><strong>ἀδελφοῖς</strong></span> <span class='ocrx_word' id='word_1_452' title='bbox 2556 1931 2834 2002; x_wconf 74' lang='grc' dir='ltr'><strong>τραπέζης</strong></span> <span class='ocrx_word' id='word_1_453' title='bbox 2863 1929 3204 2001; x_wconf 86' lang='grc' dir='ltr'>μεταλαχὼν,</span> <span class='ocrx_word' id='word_1_454' title='bbox 3231 1929 3405 2000; x_wconf 80' lang='grc' dir='ltr'>βραχύ</span> <span class='ocrx_word' id='word_1_455' title='bbox 3430 1946 3489 1981; x_wconf 87' lang='grc' dir='ltr'><strong>τε</strong></span> <span class='ocrx_word' id='word_1_456' title='bbox 3512 1930 3719 1997; x_wconf 80' lang='grc' dir='ltr'>γευσάο</span> 
     </span>
    </p>
   </div>
   <div class='ocr_carea' id='block_1_66' title="bbox 2144 2014 3721 2092">
    <p class='ocr_par' dir='ltr' id='par_1_66' title="bbox 2144 2014 3721 2092">
     <span class='ocr_line' id='line_1_66' title="bbox 2144 2014 3721 2092; baseline -0.001 -19"><span class='ocrx_word' id='word_1_457' title='bbox 2144 2037 2304 2092; x_wconf 87' lang='grc' dir='ltr'>μενος</span> <span class='ocrx_word' id='word_1_458' title='bbox 2337 2019 2527 2083; x_wconf 76' lang='grc' dir='ltr'>ὕπνου,</span> <span class='ocrx_word' id='word_1_459' title='bbox 2574 2021 2668 2072; x_wconf 73' lang='grc' dir='ltr'>καὶ</span> <span class='ocrx_word' id='word_1_460' title='bbox 2716 2019 3046 2084; x_wconf 76' lang='grc' dir='ltr'>διαναστὰς,</span> <span class='ocrx_word' id='word_1_461' title='bbox 3084 2020 3207 2072; x_wconf 70' lang='grc' dir='ltr'>ἐπεὶ</span> <span class='ocrx_word' id='word_1_462' title='bbox 3260 2020 3358 2072; x_wconf 76' lang='grc' dir='ltr'>οὐκ</span> <span class='ocrx_word' id='word_1_463' title='bbox 3398 2014 3541 2088; x_wconf 73' lang='grc' dir='ltr'>εἶχεν</span> <span class='ocrx_word' id='word_1_464' title='bbox 3569 2019 3721 2081; x_wconf 80' lang='grc' dir='ltr'>ὅπως</span> 
     </span>
    </p>
   </div>
   <div class='ocr_carea' id='block_1_67' title="bbox 2140 2110 3722 2182">
    <p class='ocr_par' dir='ltr' id='par_1_67' title="bbox 2140 2110 3722 2182">
     <span class='ocr_line' id='line_1_67' title="bbox 2140 2110 3722 2182; baseline -0.004 -13"><span class='ocrx_word' id='word_1_465' title='bbox 2140 2115 2267 2178; x_wconf 75' lang='grc' dir='ltr'>τοὺς</span> <span class='ocrx_word' id='word_1_466' title='bbox 2315 2115 2513 2176; x_wconf 79' lang='grc' dir='ltr'>καλοὺς</span> <span class='ocrx_word' id='word_1_467' title='bbox 2547 2113 2792 2176; x_wconf 74' lang='grc' dir='ltr'>ἐκείνους</span> <span class='ocrx_word' id='word_1_468' title='bbox 2850 2112 3180 2166; x_wconf 75' lang='grc' dir='ltr'>κατασϐέσει</span> <span class='ocrx_word' id='word_1_469' title='bbox 3224 2112 3326 2180; x_wconf 75' lang='grc' dir='ltr'><strong>τῆς</strong></span> <span class='ocrx_word' id='word_1_470' title='bbox 3356 2111 3444 2165; x_wconf 83' lang='grc' dir='ltr'>διὰ</span> <span class='ocrx_word' id='word_1_471' title='bbox 3477 2110 3722 2182; x_wconf 84' lang='grc' dir='ltr'>Χριστδν</span> 
     </span>
    </p>
   </div>
   <div class='ocr_carea' id='block_1_68' title="bbox 2139 2194 3725 2277">
    <p class='ocr_par' dir='ltr' id='par_1_68' title="bbox 2139 2194 3725 2277">
     <span class='ocr_line' id='line_1_68' title="bbox 2139 2194 3725 2277; baseline -0.003 -17"><span class='ocrx_word' id='word_1_472' title='bbox 2139 2194 2420 2277; x_wconf 80' lang='grc' dir='ltr'>ἀθλήσεως</span> <span class='ocrx_word' id='word_1_473' title='bbox 2446 2205 2677 2276; x_wconf 76' lang='grc' dir='ltr'>ἔρωτας,</span> <span class='ocrx_word' id='word_1_474' title='bbox 2701 2204 2839 2259; x_wconf 78' lang='grc' dir='ltr'>ἀλλὰ</span> <span class='ocrx_word' id='word_1_475' title='bbox 2867 2203 3113 2275; x_wconf 79' lang='grc' dir='ltr'><strong>σφοδρῶς</strong></span> <span class='ocrx_word' id='word_1_476' title='bbox 3130 2204 3224 2258; x_wconf 80' lang='grc' dir='ltr'><strong>ὑπ’</strong></span> <span class='ocrx_word' id='word_1_477' title='bbox 3245 2204 3426 2257; x_wconf 86' lang='grc' dir='ltr'>αὐτῶν</span> <span class='ocrx_word' id='word_1_478' title='bbox 3447 2204 3725 2275; x_wconf 66' lang='grc' dir='ltr'>ἐπίπρατο</span> 
     </span>
    </p>
   </div>
   <div class='ocr_carea' id='block_1_69' title="bbox 2140 2293 3721 2367">
    <p class='ocr_par' dir='ltr' id='par_1_69' title="bbox 2140 2293 3721 2367">
     <span class='ocr_line' id='line_1_69' title="bbox 2140 2293 3721 2367; baseline -0.001 -17"><span class='ocrx_word' id='word_1_479' title='bbox 2140 2296 2238 2367; x_wconf 80' lang='grc' dir='ltr'>τὴν</span> <span class='ocrx_word' id='word_1_480' title='bbox 2279 2297 2529 2367; x_wconf 80' lang='grc' dir='ltr'>καρδίαν,</span> <span class='ocrx_word' id='word_1_481' title='bbox 2580 2295 2861 2362; x_wconf 79' lang='grc' dir='ltr'><strong>ὑπέξεισιν</strong></span> <span class='ocrx_word' id='word_1_482' title='bbox 2896 2294 3120 2363; x_wconf 78' lang='grc' dir='ltr'>ἀφανῶς</span> <span class='ocrx_word' id='word_1_483' title='bbox 3178 2293 3274 2348; x_wconf 81' lang='grc' dir='ltr'>τοῦ</span> <span class='ocrx_word' id='word_1_484' title='bbox 3327 2294 3721 2366; x_wconf 80' lang='grc' dir='ltr'>μοναστηρίου,</span> 
     </span>
    </p>
   </div>
   <div class='ocr_carea' id='block_1_70' title="bbox 2145 2380 3725 2461">
    <p class='ocr_par' dir='ltr' id='par_1_70' title="bbox 2145 2380 3725 2461">
     <span class='ocr_line' id='line_1_70' title="bbox 2145 2380 3725 2461; baseline -0.002 -19"><span class='ocrx_word' id='word_1_485' title='bbox 2145 2389 2312 2461; x_wconf 76' lang='grc' dir='ltr'>μηδὲν</span> <span class='ocrx_word' id='word_1_486' title='bbox 2364 2388 2704 2458; x_wconf 72' lang='grc' dir='ltr'>ἑπαγόμενος</span> <span class='ocrx_word' id='word_1_487' title='bbox 2760 2386 2924 2440; x_wconf 77' lang='grc' dir='ltr'>πλέον</span> <span class='ocrx_word' id='word_1_488' title='bbox 2967 2389 3018 2440; x_wconf 89' lang='grc' dir='ltr'><strong>εί</strong></span> <span class='ocrx_word' id='word_1_489' title='bbox 3061 2386 3135 2458; x_wconf 85' lang='grc' dir='ltr'>μὴ</span> <span class='ocrx_word' id='word_1_490' title='bbox 3191 2380 3266 2440; x_wconf 85' lang='grc' dir='ltr'>ὧν</span> <span class='ocrx_word' id='word_1_491' title='bbox 3295 2387 3607 2454; x_wconf 75' lang='grc' dir='ltr'>ἀναγκαίως</span> <span class='ocrx_word' id='word_1_492' title='bbox 3635 2386 3725 2440; x_wconf 74' lang='grc' dir='ltr'><strong>διὰ</strong></span> 
     </span>
    </p>
   </div>
   <div class='ocr_carea' id='block_1_71' title="bbox 2139 2475 3294 2548">
    <p class='ocr_par' dir='ltr' id='par_1_71' title="bbox 2139 2475 3294 2548">
     <span class='ocr_line' id='line_1_71' title="bbox 2139 2475 3294 2548; baseline 0 -17"><span class='ocrx_word' id='word_1_493' title='bbox 2139 2478 2238 2548; x_wconf 85' lang='grc' dir='ltr'>τὴν</span> <span class='ocrx_word' id='word_1_494' title='bbox 2265 2476 2359 2530; x_wconf 83' lang='grc' dir='ltr'>τοῦ</span> <span class='ocrx_word' id='word_1_495' title='bbox 2392 2475 2642 2546; x_wconf 81' lang='grc' dir='ltr'>σώματος</span> <span class='ocrx_word' id='word_1_496' title='bbox 2670 2475 3029 2546; x_wconf 72' lang='grc' dir='ltr'>περιϐέϐλητο</span> <span class='ocrx_word' id='word_1_497' title='bbox 3061 2477 3294 2547; x_wconf 81' lang='grc' dir='ltr'><strong>σκέπην.</strong></span> 
     </span>
    </p>
   </div>
   <div class='ocr_carea' id='block_1_72' title="bbox 2214 2566 3725 2639">
    <p class='ocr_par' dir='ltr' id='par_1_72' title="bbox 2214 2566 3725 2639">
     <span class='ocr_line' id='line_1_72' title="bbox 2214 2566 3725 2639; baseline -0.001 -16"><span class='ocrx_word' id='word_1_498' title='bbox 2214 2567 2296 2623; x_wconf 79' lang='lat' dir='ltr'><strong>H&#39;.</strong></span> <span class='ocrx_word' id='word_1_499' title='bbox 2326 2569 2437 2623; x_wconf 71' lang='grc' dir='ltr'><strong>Καὶ</strong></span> <span class='ocrx_word' id='word_1_500' title='bbox 2468 2568 2660 2639; x_wconf 86' lang='grc' dir='ltr'>πρῶτα</span> <span class='ocrx_word' id='word_1_501' title='bbox 2703 2567 2803 2635; x_wconf 79' lang='grc' dir='ltr'>μὲν</span> <span class='ocrx_word' id='word_1_502' title='bbox 2852 2569 2932 2629; x_wconf 87' lang='grc' dir='ltr'><strong>είς</strong></span> <span class='ocrx_word' id='word_1_503' title='bbox 2985 2568 3270 2620; x_wconf 70' lang='grc' dir='ltr'>Διόσπολιν</span> <span class='ocrx_word' id='word_1_504' title='bbox 3299 2566 3468 2620; x_wconf 78' lang='grc' dir='ltr'>ἐλθὼν</span> <span class='ocrx_word' id='word_1_505' title='bbox 3487 2609 3501 2631; x_wconf 94' lang='grc'><strong>,</strong></span> <span class='ocrx_word' id='word_1_506' title='bbox 3529 2566 3725 2621; x_wconf 73' lang='grc' dir='ltr'>ἔπειτα</span> 
     </span>
    </p>
   </div>
   <div class='ocr_carea' id='block_1_73' title="bbox 2140 2656 3725 2729">
    <p class='ocr_par' dir='ltr' id='par_1_73' title="bbox 2140 2656 3725 2729">
     <span class='ocr_line' id='line_1_73' title="bbox 2140 2656 3725 2729; baseline -0.003 -14"><span class='ocrx_word' id='word_1_507' title='bbox 2140 2660 2197 2715; x_wconf 79' lang='grc' dir='ltr'><strong>δὲ</strong></span> <span class='ocrx_word' id='word_1_508' title='bbox 2226 2662 2320 2714; x_wconf 69' lang='grc' dir='ltr'><strong>καὶ</strong></span> <span class='ocrx_word' id='word_1_509' title='bbox 2347 2660 2428 2722; x_wconf 90' lang='grc' dir='ltr'><strong>είς</strong></span> <span class='ocrx_word' id='word_1_510' title='bbox 2480 2661 2539 2713; x_wconf 71' lang='grc' dir='ltr'>τὸ</span> <span class='ocrx_word' id='word_1_511' title='bbox 2584 2658 2813 2729; x_wconf 68' lang='grc' dir='ltr'>Γαριζὶν</span> <span class='ocrx_word' id='word_1_512' title='bbox 2870 2656 3015 2711; x_wconf 74' lang='grc' dir='ltr'>οὕτω</span> <span class='ocrx_word' id='word_1_513' title='bbox 3055 2658 3346 2728; x_wconf 87' lang='grc' dir='ltr'>λεγόμενον</span> <span class='ocrx_word' id='word_1_514' title='bbox 3379 2663 3505 2729; x_wconf 75' lang='grc' dir='ltr'>ὅρος</span> <span class='ocrx_word' id='word_1_515' title='bbox 3554 2658 3725 2729; x_wconf 78' lang='grc' dir='ltr'>εὐχῆς</span> 
     </span>
    </p>
   </div>
   <div class='ocr_carea' id='block_1_74' title="bbox 2136 2749 3729 2823">
    <p class='ocr_par' dir='ltr' id='par_1_74' title="bbox 2136 2749 3729 2823">
     <span class='ocr_line' id='line_1_74' title="bbox 2136 2749 3729 2823; baseline -0.003 -16"><span class='ocrx_word' id='word_1_516' title='bbox 2136 2752 2302 2823; x_wconf 76' lang='grc' dir='ltr'>,χάριν</span> <span class='ocrx_word' id='word_1_517' title='bbox 2328 2751 2425 2806; x_wconf 72' lang='grc' dir='ltr'>καὶ</span> <span class='ocrx_word' id='word_1_518' title='bbox 2449 2751 2892 2821; x_wconf 78' lang='grc' dir='ltr'>προσκυνήσεως,</span> <span class='ocrx_word' id='word_1_519' title='bbox 2924 2750 3017 2803; x_wconf 73' lang='grc' dir='ltr'>καὶ</span> <span class='ocrx_word' id='word_1_520' title='bbox 3042 2753 3155 2811; x_wconf 82' lang='grc' dir='ltr'>τοῖς</span> <span class='ocrx_word' id='word_1_521' title='bbox 3182 2749 3391 2813; x_wconf 78' lang='grc' dir='ltr'>λοιποῖς</span> <span class='ocrx_word' id='word_1_522' title='bbox 3414 2751 3530 2804; x_wconf 67' lang='grc' dir='ltr'>εκεῖ</span> <span class='ocrx_word' id='word_1_523' title='bbox 3562 2750 3729 2803; x_wconf 73' lang='grc' dir='ltr'>σεϐα-</span> 
     </span>
    </p>
   </div>
   <div class='ocr_carea' id='block_1_75' title="bbox 2145 2840 3727 2914">
    <p class='ocr_par' dir='ltr' id='par_1_75' title="bbox 2145 2840 3727 2914">
     <span class='ocr_line' id='line_1_75' title="bbox 2145 2840 3727 2914; baseline -0.003 -16"><span class='ocrx_word' id='word_1_524' title='bbox 2145 2845 2327 2914; x_wconf 90' lang='grc' dir='ltr'>σμίοις</span> <span class='ocrx_word' id='word_1_525' title='bbox 2355 2843 2539 2905; x_wconf 82' lang='grc' dir='ltr'>τόποις</span> <span class='ocrx_word' id='word_1_526' title='bbox 2566 2840 2916 2912; x_wconf 71' lang='grc' dir='ltr'>παραϐαλὼν,</span> <span class='ocrx_word' id='word_1_527' title='bbox 2950 2843 3044 2895; x_wconf 70' lang='grc' dir='ltr'>καὶ</span> <span class='ocrx_word' id='word_1_528' title='bbox 3076 2841 3239 2911; x_wconf 85' lang='grc' dir='ltr'>μέχρι</span> <span class='ocrx_word' id='word_1_529' title='bbox 3266 2841 3601 2911; x_wconf 83' lang='grc' dir='ltr'>Καισαρείας</span> <span class='ocrx_word' id='word_1_530' title='bbox 3624 2841 3727 2909; x_wconf 80' lang='grc' dir='ltr'>τῆς</span> 
     </span>
    </p>
   </div>
   <div class='ocr_carea' id='block_1_76' title="bbox 2145 2929 3727 3004">
    <p class='ocr_par' dir='ltr' id='par_1_76' title="bbox 2145 2929 3727 3004">
     <span class='ocr_line' id='line_1_76' title="bbox 2145 2929 3727 3004; baseline -0.003 -16"><span class='ocrx_word' id='word_1_531' title='bbox 2145 2934 2510 3003; x_wconf 79' lang='grc' dir='ltr'>Παλαιστίνης</span> <span class='ocrx_word' id='word_1_532' title='bbox 2538 2932 2882 2997; x_wconf 80' lang='grc' dir='ltr'>καταλασὼν,</span> <span class='ocrx_word' id='word_1_533' title='bbox 2911 2931 2988 3004; x_wconf 83' lang='grc' dir='ltr'><strong>τῷ</strong></span> <span class='ocrx_word' id='word_1_534' title='bbox 3008 2932 3108 3003; x_wconf 83' lang='grc' dir='ltr'>τῆς</span> <span class='ocrx_word' id='word_1_535' title='bbox 3154 2932 3435 3000; x_wconf 76' lang='grc' dir='ltr'>Παρθένου</span> <span class='ocrx_word' id='word_1_536' title='bbox 3466 2932 3563 2986; x_wconf 81' lang='grc' dir='ltr'>καὶ</span> <span class='ocrx_word' id='word_1_537' title='bbox 3590 2929 3727 2984; x_wconf 83' lang='grc' dir='ltr'>Θεο-</span> 
     </span>
    </p>
   </div>
   <div class='ocr_carea' id='block_1_77' title="bbox 2144 3022 3727 3096">
    <p class='ocr_par' dir='ltr' id='par_1_77' title="bbox 2144 3022 3727 3096">
     <span class='ocr_line' id='line_1_77' title="bbox 2144 3022 3727 3096; baseline -0.003 -17"><span class='ocrx_word' id='word_1_538' title='bbox 2144 3026 2306 3081; x_wconf 82' lang='grc' dir='ltr'>τὸκου</span> <span class='ocrx_word' id='word_1_539' title='bbox 2338 3028 2452 3095; x_wconf 84' lang='grc' dir='ltr'><strong>ναῷ</strong></span> <span class='ocrx_word' id='word_1_540' title='bbox 2499 3026 2650 3079; x_wconf 83' lang='grc' dir='ltr'>δυσὶν</span> <span class='ocrx_word' id='word_1_541' title='bbox 2688 3027 2923 3096; x_wconf 80' lang='grc' dir='ltr'>ἡμέραις</span> <span class='ocrx_word' id='word_1_542' title='bbox 2965 3023 3313 3094; x_wconf 75' lang='grc' dir='ltr'>ἐνδιατρίϐει.</span> <span class='ocrx_word' id='word_1_543' title='bbox 3378 3022 3649 3078; x_wconf 80' lang='grc' dir='ltr'>Κάκεῖθεν</span> <span class='ocrx_word' id='word_1_544' title='bbox 3692 3025 3727 3076; x_wconf 84' lang='grc' dir='ltr'><em>ὁ</em></span> 
     </span>
    </p>
   </div>
   <div class='ocr_carea' id='block_1_78' title="bbox 2144 3114 3724 3189">
    <p class='ocr_par' dir='ltr' id='par_1_78' title="bbox 2144 3114 3724 3189">
     <span class='ocr_line' id='line_1_78' title="bbox 2144 3114 3724 3189; baseline -0.003 -17"><span class='ocrx_word' id='word_1_545' title='bbox 2144 3119 2270 3182; x_wconf 69' lang='grc' dir='ltr'>ναὸς</span> <span class='ocrx_word' id='word_1_546' title='bbox 2296 3117 2397 3189; x_wconf 80' lang='grc' dir='ltr'>τῆς</span> <span class='ocrx_word' id='word_1_547' title='bbox 2416 3118 2775 3187; x_wconf 73' lang='grc' dir='ltr'>πανευφήμου</span> <span class='ocrx_word' id='word_1_548' title='bbox 2794 3116 3011 3186; x_wconf 77' lang='grc' dir='ltr'>δέχεται</span> <span class='ocrx_word' id='word_1_549' title='bbox 3043 3114 3201 3170; x_wconf 84' lang='grc' dir='ltr'>πάλιν</span> <span class='ocrx_word' id='word_1_550' title='bbox 3220 3114 3385 3168; x_wconf 73' lang='grc' dir='ltr'>αὑτὸν</span> <span class='ocrx_word' id='word_1_551' title='bbox 3408 3115 3724 3184; x_wconf 76' lang='grc' dir='ltr'>Εὖφημίας.</span> 
     </span>
    </p>
   </div>
   <div class='ocr_carea' id='block_1_79' title="bbox 2144 3206 3727 3281">
    <p class='ocr_par' dir='ltr' id='par_1_79' title="bbox 2144 3206 3727 3281">
     <span class='ocr_line' id='line_1_79' title="bbox 2144 3206 3727 3281; baseline -0.001 -20"><span class='ocrx_word' id='word_1_552' title='bbox 2144 3209 2395 3281; x_wconf 72' lang='grc' dir='ltr'>καθάπερ</span> <span class='ocrx_word' id='word_1_553' title='bbox 2422 3210 2528 3263; x_wconf 74' lang='grc' dir='ltr'>τινὶ</span> <span class='ocrx_word' id='word_1_554' title='bbox 2565 3208 2810 3280; x_wconf 78' lang='grc' dir='ltr'>κρυφίως</span> <span class='ocrx_word' id='word_1_555' title='bbox 2846 3206 3027 3277; x_wconf 81' lang='grc' dir='ltr'>ὁδηγῷ</span> <span class='ocrx_word' id='word_1_556' title='bbox 3055 3207 3359 3278; x_wconf 83' lang='grc' dir='ltr'>χρώμενον,</span> <span class='ocrx_word' id='word_1_557' title='bbox 3389 3206 3727 3260; x_wconf 85' lang='grc' dir='ltr'>όδοποιοῦντι</span> 
     </span>
    </p>
   </div>
   <div class='ocr_carea' id='block_1_80' title="bbox 2146 3298 3725 3372">
    <p class='ocr_par' dir='ltr' id='par_1_80' title="bbox 2146 3298 3725 3372">
     <span class='ocr_line' id='line_1_80' title="bbox 2146 3298 3725 3372; baseline 0.001 -19"><span class='ocrx_word' id='word_1_558' title='bbox 2146 3299 2266 3354; x_wconf 82' lang='grc' dir='ltr'>λίαν</span> <span class='ocrx_word' id='word_1_559' title='bbox 2295 3300 2516 3371; x_wconf 81' lang='grc' dir='ltr'>ὁμαλῶς</span> <span class='ocrx_word' id='word_1_560' title='bbox 2544 3300 2692 3372; x_wconf 83' lang='grc' dir='ltr'>αὑτῷ</span> <span class='ocrx_word' id='word_1_561' title='bbox 2715 3301 2782 3355; x_wconf 75' lang='grc' dir='ltr'><strong>τὰ</strong></span> <span class='ocrx_word' id='word_1_562' title='bbox 2810 3301 2943 3371; x_wconf 74' lang='grc' dir='ltr'>πρὸς</span> <span class='ocrx_word' id='word_1_563' title='bbox 2975 3300 3036 3352; x_wconf 77' lang='grc' dir='ltr'>τὸ</span> <span class='ocrx_word' id='word_1_564' title='bbox 3068 3303 3367 3371; x_wconf 84' lang='grc' dir='ltr'>μαρτύριον</span> <span class='ocrx_word' id='word_1_565' title='bbox 3390 3298 3725 3369; x_wconf 74' lang='grc' dir='ltr'>διαδήματα.</span> 
     </span>
    </p>
   </div>
   <div class='ocr_carea' id='block_1_81' title="bbox 2146 3388 3728 3462">
    <p class='ocr_par' dir='ltr' id='par_1_81' title="bbox 2146 3388 3728 3462">
     <span class='ocr_line' id='line_1_81' title="bbox 2146 3388 3728 3462; baseline -0.001 -18"><span class='ocrx_word' id='word_1_566' title='bbox 2146 3388 2366 3459; x_wconf 86' lang='grc' dir='ltr'>Παριὼν</span> <span class='ocrx_word' id='word_1_567' title='bbox 2396 3394 2503 3461; x_wconf 80' lang='grc' dir='ltr'>γὰρ</span> <span class='ocrx_word' id='word_1_568' title='bbox 2526 3391 2658 3457; x_wconf 77' lang='grc' dir='ltr'>πρὸς</span> <span class='ocrx_word' id='word_1_569' title='bbox 2696 3391 2786 3444; x_wconf 84' lang='grc' dir='ltr'>τὸν</span> <span class='ocrx_word' id='word_1_570' title='bbox 2832 3390 2931 3459; x_wconf 80' lang='grc' dir='ltr'><strong>τῆς</strong></span> <span class='ocrx_word' id='word_1_571' title='bbox 2957 3391 3316 3462; x_wconf 75' lang='grc' dir='ltr'>πανευφήμου</span> <span class='ocrx_word' id='word_1_572' title='bbox 3350 3390 3499 3455; x_wconf 72' lang='grc' dir='ltr'>ναὸν,</span> <span class='ocrx_word' id='word_1_573' title='bbox 3535 3389 3728 3462; x_wconf 84' lang='grc' dir='ltr'>ῶσπερ</span> 
     </span>
    </p>
   </div>
   <div class='ocr_carea' id='block_1_82' title="bbox 2146 3467 3730 3555">
    <p class='ocr_par' dir='ltr' id='par_1_82' title="bbox 2146 3467 3730 3555">
     <span class='ocr_line' id='line_1_82' title="bbox 2146 3467 3730 3555; baseline 0.003 -21"><span class='ocrx_word' id='word_1_574' title='bbox 2146 3467 2378 3551; x_wconf 78' lang='grc' dir='ltr'>ἔφημεν,</span> <span class='ocrx_word' id='word_1_575' title='bbox 2416 3484 2518 3555; x_wconf 76' lang='grc' dir='ltr'>ὁρᾷ</span> <span class='ocrx_word' id='word_1_576' title='bbox 2536 3501 2685 3548; x_wconf 89' lang='grc' dir='ltr'>τινας</span> <span class='ocrx_word' id='word_1_577' title='bbox 2717 3483 2825 3538; x_wconf 86' lang='grc' dir='ltr'><strong>τῶν</strong></span> <span class='ocrx_word' id='word_1_578' title='bbox 2873 3484 3098 3555; x_wconf 83' lang='grc' dir='ltr'>Περσῶν</span> <span class='ocrx_word' id='word_1_579' title='bbox 3157 3486 3363 3555; x_wconf 84' lang='grc' dir='ltr'>μάγους</span> <span class='ocrx_word' id='word_1_580' title='bbox 3408 3485 3534 3555; x_wconf 78' lang='grc' dir='ltr'>περί</span> <span class='ocrx_word' id='word_1_581' title='bbox 3574 3500 3730 3547; x_wconf 80' lang='grc' dir='ltr'>τινας</span> 
     </span>
    </p>
   </div>
   <div class='ocr_carea' id='block_1_83' title="bbox 2146 3568 3728 3648">
    <p class='ocr_par' dir='ltr' id='par_1_83' title="bbox 2146 3568 3728 3648">
     <span class='ocr_line' id='line_1_83' title="bbox 2146 3568 3728 3648; baseline 0.002 -21"><span class='ocrx_word' id='word_1_582' title='bbox 2146 3576 2400 3645; x_wconf 83' lang='grc' dir='ltr'>γοητείας</span> <span class='ocrx_word' id='word_1_583' title='bbox 2430 3577 2857 3648; x_wconf 72' lang='grc' dir='ltr'>ἠσχολημένους,</span> <span class='ocrx_word' id='word_1_584' title='bbox 2886 3568 2983 3633; x_wconf 71' lang='grc' dir='ltr'>καὶ</span> <span class='ocrx_word' id='word_1_585' title='bbox 3007 3577 3171 3648; x_wconf 77' lang='grc' dir='ltr'>ζήλου</span> <span class='ocrx_word' id='word_1_586' title='bbox 3194 3577 3291 3646; x_wconf 80' lang='grc' dir='ltr'>τὴν</span> <span class='ocrx_word' id='word_1_587' title='bbox 3317 3577 3496 3648; x_wconf 74' lang='grc' dir='ltr'>ψυχὴν</span> <span class='ocrx_word' id='word_1_588' title='bbox 3522 3575 3728 3638; x_wconf 78' lang='grc' dir='ltr'>εὐθέως</span> 
     </span>
    </p>
   </div>
   <div class='ocr_carea' id='block_1_84' title="bbox 2150 3666 3725 3741">
    <p class='ocr_par' dir='ltr' id='par_1_84' title="bbox 2150 3666 3725 3741">
     <span class='ocr_line' id='line_1_84' title="bbox 2150 3666 3725 3741; baseline 0.001 -22"><span class='ocrx_word' id='word_1_589' title='bbox 2150 3666 2521 3738; x_wconf 80' lang='grc' dir='ltr'>ὑποπλησθεὶς</span> <span class='ocrx_word' id='word_1_590' title='bbox 2556 3669 2695 3741; x_wconf 72' lang='grc' dir='ltr'>(ᾔδει</span> <span class='ocrx_word' id='word_1_591' title='bbox 2743 3670 2852 3741; x_wconf 69' lang='grc' dir='ltr'>γὰρ</span> <span class='ocrx_word' id='word_1_592' title='bbox 2878 3672 2977 3739; x_wconf 75' lang='grc' dir='ltr'>τὴν</span> <span class='ocrx_word' id='word_1_593' title='bbox 3024 3669 3345 3739; x_wconf 79' lang='grc' dir='ltr'>ἀνοσιότητα</span> <span class='ocrx_word' id='word_1_594' title='bbox 3374 3669 3470 3723; x_wconf 77' lang='grc' dir='ltr'>καὶ</span> <span class='ocrx_word' id='word_1_595' title='bbox 3500 3667 3725 3740; x_wconf 82' lang='grc' dir='ltr'>μιαρίαν</span> 
     </span>
    </p>
   </div>
   <div class='ocr_carea' id='block_1_85' title="bbox 2147 3756 3724 3828">
    <p class='ocr_par' dir='ltr' id='par_1_85' title="bbox 2147 3756 3724 3828">
     <span class='ocr_line' id='line_1_85' title="bbox 2147 3756 3724 3828; baseline -0.001 -19"><span class='ocrx_word' id='word_1_596' title='bbox 2147 3756 2240 3809; x_wconf 81' lang='grc' dir='ltr'>τοῦ</span> <span class='ocrx_word' id='word_1_597' title='bbox 2271 3760 2613 3828; x_wconf 81' lang='grc' dir='ltr'>πράγματος,</span> <span class='ocrx_word' id='word_1_598' title='bbox 2644 3760 2751 3812; x_wconf 66' lang='grc' dir='ltr'><strong>ἀπο</strong></span> <span class='ocrx_word' id='word_1_599' title='bbox 2798 3759 2893 3813; x_wconf 79' lang='grc' dir='ltr'>τοῦ</span> <span class='ocrx_word' id='word_1_600' title='bbox 2934 3760 3030 3813; x_wconf 70' lang='grc' dir='ltr'>καὶ</span> <span class='ocrx_word' id='word_1_601' title='bbox 3079 3759 3239 3820; x_wconf 77' lang='grc' dir='ltr'>αὐτός</span> <span class='ocrx_word' id='word_1_602' title='bbox 3270 3775 3399 3812; x_wconf 80' lang='grc' dir='ltr'>ποτε</span> <span class='ocrx_word' id='word_1_603' title='bbox 3447 3758 3724 3818; x_wconf 79' lang='grc' dir='ltr'>τοιαύταις</span> 
     </span>
    </p>
   </div>
   <div class='ocr_carea' id='block_1_86' title="bbox 2149 3850 3731 3925">
    <p class='ocr_par' dir='ltr' id='par_1_86' title="bbox 2149 3850 3731 3925">
     <span class='ocr_line' id='line_1_86' title="bbox 2149 3850 3731 3925; baseline -0.001 -21"><span class='ocrx_word' id='word_1_604' title='bbox 2149 3850 2459 3921; x_wconf 78' lang='grc' dir='ltr'>ὲντριὸἧναι</span> <span class='ocrx_word' id='word_1_605' title='bbox 2473 3851 3054 3925; x_wconf 81' lang='grc' dir='ltr'>κακοτεχνίαις),Τίςή</span> <span class='ocrx_word' id='word_1_606' title='bbox 3078 3850 3337 3923; x_wconf 76' lang='grc' dir='ltr'>τοσαύτη,</span> <span class='ocrx_word' id='word_1_607' title='bbox 3358 3852 3542 3921; x_wconf 75' lang='grc' dir='ltr'>φησὶν,</span> <span class='ocrx_word' id='word_1_608' title='bbox 3561 3851 3731 3920; x_wconf 71' lang='grc' dir='ltr'>ἀχλὺς</span> 
     </span>
    </p>
   </div>
   <div class='ocr_carea' id='block_1_87' title="bbox 2149 3940 3731 4014">
    <p class='ocr_par' dir='ltr' id='par_1_87' title="bbox 2149 3940 3731 4014">
     <span class='ocr_line' id='line_1_87' title="bbox 2149 3940 3731 4014; baseline 0.001 -20"><span class='ocrx_word' id='word_1_609' title='bbox 2149 3942 2184 4013; x_wconf 80' lang='grc' dir='ltr'>ἠ</span> <span class='ocrx_word' id='word_1_610' title='bbox 2212 3941 2322 3995; x_wconf 91' lang='grc' dir='ltr'><strong>τῶν</strong></span> <span class='ocrx_word' id='word_1_611' title='bbox 2373 3942 2654 4013; x_wconf 83' lang='grc' dir='ltr'>ὑμετέρων</span> <span class='ocrx_word' id='word_1_612' title='bbox 2689 3943 2988 4014; x_wconf 72' lang='grc' dir='ltr'>ὀφθαλμῶν</span> <span class='ocrx_word' id='word_1_613' title='bbox 3044 3942 3435 4011; x_wconf 75' lang='grc' dir='ltr'>κατακέχυται,</span> <span class='ocrx_word' id='word_1_614' title='bbox 3477 3941 3553 4004; x_wconf 83' lang='grc' dir='ltr'><strong>ὡς</strong></span> <span class='ocrx_word' id='word_1_615' title='bbox 3588 3940 3731 4011; x_wconf 70' lang='grc' dir='ltr'>μηδὲ</span> 
     </span>
    </p>
   </div>
   <div class='ocr_carea' id='block_1_88' title="bbox 2150 4031 3729 4102">
    <p class='ocr_par' dir='ltr' id='par_1_88' title="bbox 2150 4031 3729 4102">
     <span class='ocr_line' id='line_1_88' title="bbox 2150 4031 3729 4102; baseline -0.002 -17"><span class='ocrx_word' id='word_1_616' title='bbox 2150 4032 2289 4102; x_wconf 81' lang='grc' dir='ltr'>πρὸς</span> <span class='ocrx_word' id='word_1_617' title='bbox 2346 4032 2488 4086; x_wconf 82' lang='grc' dir='ltr'>αὐτὰ</span> <span class='ocrx_word' id='word_1_618' title='bbox 2542 4032 2840 4102; x_wconf 82' lang='grc' dir='ltr'>δυνηθῆναί</span> <span class='ocrx_word' id='word_1_619' title='bbox 2892 4050 3022 4087; x_wconf 86' lang='grc' dir='ltr'>ποτε</span> <span class='ocrx_word' id='word_1_620' title='bbox 3051 4034 3120 4086; x_wconf 84' lang='grc' dir='ltr'><strong>τά</strong></span> <span class='ocrx_word' id='word_1_621' title='bbox 3174 4034 3232 4087; x_wconf 74' lang='grc' dir='ltr'><strong>εν</strong></span> <span class='ocrx_word' id='word_1_622' title='bbox 3264 4031 3392 4086; x_wconf 79' lang='grc' dir='ltr'>ποσὶ</span> <span class='ocrx_word' id='word_1_623' title='bbox 3422 4031 3729 4101; x_wconf 69' lang='grc' dir='ltr'>διαϐλέψαι,</span> 
     </span>
    </p>
   </div>
   <div class='ocr_carea' id='block_1_89' title="bbox 2150 4123 3732 4197">
    <p class='ocr_par' dir='ltr' id='par_1_89' title="bbox 2150 4123 3732 4197">
     <span class='ocr_line' id='line_1_89' title="bbox 2150 4123 3732 4197; baseline -0.001 -20"><span class='ocrx_word' id='word_1_624' title='bbox 2150 4124 2297 4188; x_wconf 82' lang='grc' dir='ltr'>ὅπως</span> <span class='ocrx_word' id='word_1_625' title='bbox 2331 4127 2513 4197; x_wconf 80' lang='grc' dir='ltr'>ἀπάτη</span> <span class='ocrx_word' id='word_1_626' title='bbox 2570 4127 2632 4180; x_wconf 74' lang='grc' dir='ltr'>τὸ</span> <span class='ocrx_word' id='word_1_627' title='bbox 2688 4128 2810 4180; x_wconf 80' lang='grc' dir='ltr'>ὅλον</span> <span class='ocrx_word' id='word_1_628' title='bbox 2839 4127 2959 4180; x_wconf 73' lang='grc' dir='ltr'>ἐστὶ</span> <span class='ocrx_word' id='word_1_629' title='bbox 3008 4127 3106 4196; x_wconf 81' lang='grc' dir='ltr'>τῆς</span> <span class='ocrx_word' id='word_1_630' title='bbox 3142 4126 3410 4197; x_wconf 76' lang='grc' dir='ltr'>ὑμετέρας</span> <span class='ocrx_word' id='word_1_631' title='bbox 3444 4123 3732 4196; x_wconf 81' lang='grc' dir='ltr'>εὐχερείας</span> 
     </span>
    </p>
   </div>
   <div class='ocr_carea' id='block_1_90' title="bbox 2152 4212 3734 4289">
    <p class='ocr_par' dir='ltr' id='par_1_90' title="bbox 2152 4212 3734 4289">
     <span class='ocr_line' id='line_1_90' title="bbox 2152 4212 3734 4289; baseline -0.001 -18"><span class='ocrx_word' id='word_1_632' title='bbox 2152 4217 2247 4271; x_wconf 67' lang='grc' dir='ltr'>καὶ</span> <span class='ocrx_word' id='word_1_633' title='bbox 2280 4219 2611 4289; x_wconf 75' lang='grc' dir='ltr'>κουφότητος</span> <span class='ocrx_word' id='word_1_634' title='bbox 2646 4218 3058 4282; x_wconf 71' lang='grc' dir='ltr'>καταπαίζουσα</span> <span class='ocrx_word' id='word_1_635' title='bbox 3082 4260 3097 4284; x_wconf 89' lang='grc'><strong>,</strong></span> <span class='ocrx_word' id='word_1_636' title='bbox 3135 4219 3228 4273; x_wconf 76' lang='grc' dir='ltr'>καὶ</span> <span class='ocrx_word' id='word_1_637' title='bbox 3273 4212 3347 4272; x_wconf 86' lang='grc' dir='ltr'>ὧν</span> <span class='ocrx_word' id='word_1_638' title='bbox 3380 4217 3542 4271; x_wconf 80' lang='grc' dir='ltr'>πάλιν</span> <span class='ocrx_word' id='word_1_639' title='bbox 3570 4218 3734 4285; x_wconf 75' lang='grc' dir='ltr'>ὑμεῖς</span> 
     </span>
    </p>
   </div>
   <div class='ocr_carea' id='block_1_91' title="bbox 2152 4305 3736 4378">
    <p class='ocr_par' dir='ltr' id='par_1_91' title="bbox 2152 4305 3736 4378">
     <span class='ocr_line' id='line_1_91' title="bbox 2152 4305 3736 4378; baseline 0.001 -22"><span class='ocrx_word' id='word_1_640' title='bbox 2152 4306 2289 4376; x_wconf 77' lang='grc' dir='ltr'>πρὸς</span> <span class='ocrx_word' id='word_1_641' title='bbox 2311 4305 2407 4375; x_wconf 80' lang='grc' dir='ltr'>τὴν</span> <span class='ocrx_word' id='word_1_642' title='bbox 2426 4307 2594 4377; x_wconf 74' lang='grc' dir='ltr'>αὐτὴν</span> <span class='ocrx_word' id='word_1_643' title='bbox 2618 4306 2893 4360; x_wconf 85' lang='grc' dir='ltr'>ἀπώλειαν</span> <span class='ocrx_word' id='word_1_644' title='bbox 2918 4307 3327 4376; x_wconf 70' lang='grc' dir='ltr'>συναρπάζετες</span> <span class='ocrx_word' id='word_1_645' title='bbox 3351 4305 3565 4378; x_wconf 81' lang='grc' dir='ltr'>Ταύτην</span> <span class='ocrx_word' id='word_1_646' title='bbox 3591 4308 3736 4359; x_wconf 76' lang='grc' dir='ltr'>ἐκεῖ-</span> 
     </span>
    </p>
   </div>
   <div class='ocr_carea' id='block_1_92' title="bbox 479 4389 2045 4469">
    <p class='ocr_par' dir='ltr' id='par_1_92' title="bbox 479 4389 2043 4463">
     <span class='ocr_line' id='line_1_92' title="bbox 479 4389 2043 4463; baseline -0.004 -15"><span class='ocrx_word' id='word_1_647' title='bbox 479 4410 693 4460; x_wconf 87' lang='lat' dir='ltr'><strong>eorum,</strong></span> <span class='ocrx_word' id='word_1_648' title='bbox 715 4408 854 4463; x_wconf 92' lang='lat' dir='ltr'><strong>quos</strong></span> <span class='ocrx_word' id='word_1_649' title='bbox 875 4407 971 4448; x_wconf 88' lang='lat' dir='ltr'><strong>vos</strong></span> <span class='ocrx_word' id='word_1_650' title='bbox 991 4406 1181 4447; x_wconf 89' lang='lat' dir='ltr'><strong>rursus</strong></span> <span class='ocrx_word' id='word_1_651' title='bbox 1212 4390 1279 4447; x_wconf 92' lang='lat' dir='ltr'><strong>ad</strong></span> <span class='ocrx_word' id='word_1_652' title='bbox 1305 4391 1558 4447; x_wconf 89' lang='lat' dir='ltr'><strong>eumdem</strong></span> <span class='ocrx_word' id='word_1_653' title='bbox 1593 4389 1875 4445; x_wconf 85' lang='lat' dir='ltr'><strong>vobiscum</strong></span> <span class='ocrx_word' id='word_1_654' title='bbox 1920 4403 2043 4444; x_wconf 90' lang='lat' dir='ltr'><strong>cor-</strong></span> 
     </span>
    </p>
   </div>
   <div class='ocr_carea' id='block_1_93' title="bbox 2144 4389 3734 4469">
    <p class='ocr_par' dir='ltr' id='par_1_93' title="bbox 2150 4396 3734 4469">
     <span class='ocr_line' id='line_1_93' title="bbox 2150 4396 3734 4469; baseline 0.001 -20"><span class='ocrx_word' id='word_1_655' title='bbox 2150 4414 2231 4449; x_wconf 87' lang='grc' dir='ltr'><strong>νοι</strong></span> <span class='ocrx_word' id='word_1_656' title='bbox 2259 4396 2355 4465; x_wconf 81' lang='grc' dir='ltr'>τὴν</span> <span class='ocrx_word' id='word_1_657' title='bbox 2372 4396 2685 4469; x_wconf 73' lang='grc' dir='ltr'>παρρησίαν</span> <span class='ocrx_word' id='word_1_658' title='bbox 2713 4397 3175 4468; x_wconf 79' lang='grc' dir='ltr'>καταπλαγέντες,</span> <span class='ocrx_word' id='word_1_659' title='bbox 3196 4399 3278 4461; x_wconf 88' lang='grc' dir='ltr'><strong>τίς</strong></span> <span class='ocrx_word' id='word_1_660' title='bbox 3292 4416 3352 4451; x_wconf 89' lang='grc' dir='ltr'><strong>τε</strong></span> <span class='ocrx_word' id='word_1_661' title='bbox 3368 4397 3476 4469; x_wconf 75' lang='grc' dir='ltr'>εἴη,</span> <span class='ocrx_word' id='word_1_662' title='bbox 3496 4399 3590 4453; x_wconf 74' lang='grc' dir='ltr'>καὶ</span> <span class='ocrx_word' id='word_1_663' title='bbox 3607 4397 3734 4451; x_wconf 77' lang='grc' dir='ltr'>ὅθεν</span> 
     </span>
    </p>
   </div>
   <div class='ocr_carea' id='block_1_94' title="bbox 481 4481 2049 4559">
    <p class='ocr_par' dir='ltr' id='par_1_94' title="bbox 481 4481 2049 4559">
     <span class='ocr_line' id='line_1_94' title="bbox 481 4481 2049 4559; baseline -0.004 -17"><span class='ocrx_word' id='word_1_664' title='bbox 481 4487 659 4559; x_wconf 87' lang='lat' dir='ltr'><strong>ripitis</strong></span> <span class='ocrx_word' id='word_1_665' title='bbox 708 4487 1035 4543; x_wconf 83' lang='lat' dir='ltr'><strong>interitum?</strong></span> <span class='ocrx_word' id='word_1_666' title='bbox 1085 4486 1238 4542; x_wconf 83' lang='lat' dir='ltr'><strong>lianc</strong></span> <span class='ocrx_word' id='word_1_667' title='bbox 1282 4485 1359 4541; x_wconf 87' lang='lat' dir='ltr'><strong>illi</strong></span> <span class='ocrx_word' id='word_1_668' title='bbox 1408 4484 1660 4539; x_wconf 84' lang='lat' dir='ltr'><strong>admirati</strong></span> <span class='ocrx_word' id='word_1_669' title='bbox 1713 4484 1770 4538; x_wconf 89' lang='lat' dir='ltr'><strong>in</strong></span> <span class='ocrx_word' id='word_1_670' title='bbox 1814 4481 2049 4538; x_wconf 90' lang='lat' dir='ltr'><strong>dicendo</strong></span> 
     </span>
    </p>
   </div>
   <div class='ocr_carea' id='block_1_95' title="bbox 477 4572 2047 4644">
    <p class='ocr_par' dir='ltr' id='par_1_95' title="bbox 477 4572 2047 4644">
     <span class='ocr_line' id='line_1_95' title="bbox 477 4572 2047 4644; baseline -0.006 -11"><span class='ocrx_word' id='word_1_671' title='bbox 477 4580 788 4634; x_wconf 75' lang='lat' dir='ltr'><strong>libertatem</strong></span> <span class='ocrx_word' id='word_1_672' title='bbox 822 4587 878 4633; x_wconf 89' lang='lat' dir='ltr'><strong>ct</strong></span> <span class='ocrx_word' id='word_1_673' title='bbox 928 4576 1243 4643; x_wconf 87' lang='lat' dir='ltr'><strong>audaciam,</strong></span> <span class='ocrx_word' id='word_1_674' title='bbox 1293 4582 1555 4644; x_wconf 81' lang='lat' dir='ltr'><strong>rogarunt</strong></span> <span class='ocrx_word' id='word_1_675' title='bbox 1580 4572 1830 4643; x_wconf 85' lang='lat' dir='ltr'><strong>quisnam</strong></span> <span class='ocrx_word' id='word_1_676' title='bbox 1882 4580 2047 4635; x_wconf 91' lang='lat' dir='ltr'><strong>esset,</strong></span> 
     </span>
    </p>
   </div>
   <div class='ocr_carea' id='block_1_96' title="bbox 478 4662 2047 4738">
    <p class='ocr_par' dir='ltr' id='par_1_96' title="bbox 478 4662 2047 4738">
     <span class='ocr_line' id='line_1_96' title="bbox 478 4662 2047 4738; baseline -0.004 -15"><span class='ocrx_word' id='word_1_677' title='bbox 478 4677 536 4723; x_wconf 89' lang='lat' dir='ltr'><strong>et</strong></span> <span class='ocrx_word' id='word_1_678' title='bbox 559 4668 689 4738; x_wconf 90' lang='lat' dir='ltr'><strong>quid</strong></span> <span class='ocrx_word' id='word_1_679' title='bbox 716 4682 841 4722; x_wconf 89' lang='lat' dir='ltr'><strong>eum</strong></span> <span class='ocrx_word' id='word_1_680' title='bbox 870 4666 1193 4736; x_wconf 80' lang='lat' dir='ltr'><strong>impulisset,</strong></span> <span class='ocrx_word' id='word_1_681' title='bbox 1220 4674 1281 4719; x_wconf 93' lang='lat' dir='ltr'><strong>ut</strong></span> <span class='ocrx_word' id='word_1_682' title='bbox 1308 4665 1426 4720; x_wconf 83' lang='lat' dir='ltr'><strong>haec</strong></span> <span class='ocrx_word' id='word_1_683' title='bbox 1452 4662 1676 4718; x_wconf 90' lang='lat' dir='ltr'><strong>diceret.</strong></span> <span class='ocrx_word' id='word_1_684' title='bbox 1707 4662 1802 4717; x_wconf 90' lang='lat' dir='ltr'><strong>Ille</strong></span> <span class='ocrx_word' id='word_1_685' title='bbox 1830 4669 2047 4717; x_wconf 82' lang='lat' dir='ltr'><strong>autem;</strong></span> 
     </span>
    </p>
   </div>
   <div class='ocr_carea' id='block_1_97' title="bbox 480 4751 2053 4830">
    <p class='ocr_par' dir='ltr' id='par_1_97' title="bbox 480 4751 2053 4830">
     <span class='ocr_line' id='line_1_97' title="bbox 480 4751 2053 4830; baseline -0.006 -18"><span class='ocrx_word' id='word_1_686' title='bbox 480 4758 580 4813; x_wconf 79' lang='lat' dir='ltr'><strong>Fui</strong></span> <span class='ocrx_word' id='word_1_687' title='bbox 618 4772 718 4830; x_wconf 88' lang='lat' dir='ltr'><strong>ego</strong></span> <span class='ocrx_word' id='word_1_688' title='bbox 745 4772 982 4827; x_wconf 89' lang='lat' dir='ltr'><strong>quoque,</strong></span> <span class='ocrx_word' id='word_1_689' title='bbox 1014 4756 1211 4827; x_wconf 90' lang='lat' dir='ltr'><strong>inquit,</strong></span> <span class='ocrx_word' id='word_1_690' title='bbox 1240 4753 1533 4825; x_wconf 87' lang='lat' dir='ltr'><strong>aliquando</strong></span> <span class='ocrx_word' id='word_1_691' title='bbox 1556 4751 1713 4807; x_wconf 81' lang='lat' dir='ltr'><strong>vobis</strong></span> <span class='ocrx_word' id='word_1_692' title='bbox 1749 4751 1964 4811; x_wconf 88' lang='lat' dir='ltr'><strong>similis,</strong></span> <span class='ocrx_word' id='word_1_693' title='bbox 1996 4757 2053 4804; x_wconf 91' lang='lat' dir='ltr'><strong>et</strong></span> 
     </span>
    </p>
   </div>
   <div class='ocr_carea' id='block_1_98' title="bbox 478 4843 2054 4914">
    <p class='ocr_par' dir='ltr' id='par_1_98' title="bbox 478 4843 2054 4914">
     <span class='ocr_line' id='line_1_98' title="bbox 478 4843 2054 4914; baseline -0.006 -9"><span class='ocrx_word' id='word_1_694' title='bbox 478 4851 671 4907; x_wconf 87' lang='lat' dir='ltr'><strong>eodem</strong></span> <span class='ocrx_word' id='word_1_695' title='bbox 706 4847 875 4904; x_wconf 85' lang='lat' dir='ltr'><strong>falsus</strong></span> <span class='ocrx_word' id='word_1_696' title='bbox 899 4863 1107 4914; x_wconf 86' lang='lat' dir='ltr'><strong>errore,</strong></span> <span class='ocrx_word' id='word_1_697' title='bbox 1130 4854 1184 4902; x_wconf 87' lang='lat' dir='ltr'><strong>et</strong></span> <span class='ocrx_word' id='word_1_698' title='bbox 1211 4846 1421 4901; x_wconf 87' lang='lat' dir='ltr'><strong>eisdem</strong></span> <span class='ocrx_word' id='word_1_699' title='bbox 1440 4844 1560 4901; x_wconf 84' lang='lat' dir='ltr'><strong>dedi</strong></span> <span class='ocrx_word' id='word_1_700' title='bbox 1586 4859 1806 4914; x_wconf 84' lang='lat' dir='ltr'><strong>operam</strong></span> <span class='ocrx_word' id='word_1_701' title='bbox 1841 4843 2054 4913; x_wconf 70' lang='lat' dir='ltr'><strong>praesti-</strong></span> 
     </span>
    </p>
   </div>
   <div class='ocr_carea' id='block_1_99' title="bbox 479 4936 2052 5014">
    <p class='ocr_par' dir='ltr' id='par_1_99' title="bbox 479 4936 2052 5014">
     <span class='ocr_line' id='line_1_99' title="bbox 479 4936 2052 5014; baseline -0.003 -19"><span class='ocrx_word' id='word_1_702' title='bbox 479 4941 601 5014; x_wconf 85' lang='lat' dir='ltr'><strong>giis.</strong></span> <span class='ocrx_word' id='word_1_703' title='bbox 618 4938 741 4994; x_wconf 63' lang='lat' dir='ltr'><strong>llaec</strong></span> <span class='ocrx_word' id='word_1_704' title='bbox 754 4939 1013 4993; x_wconf 88' lang='lat' dir='ltr'><strong>audacter</strong></span> <span class='ocrx_word' id='word_1_705' title='bbox 1041 4937 1197 5001; x_wconf 73' lang='lat' dir='ltr'><strong>dixit,</strong></span> <span class='ocrx_word' id='word_1_706' title='bbox 1218 4952 1340 4990; x_wconf 88' lang='lat' dir='ltr'><strong>cum</strong></span> <span class='ocrx_word' id='word_1_707' title='bbox 1369 4936 1507 4991; x_wconf 87' lang='lat' dir='ltr'><strong>nihil</strong></span> <span class='ocrx_word' id='word_1_708' title='bbox 1529 4951 1655 4992; x_wconf 90' lang='lat' dir='ltr'><strong>eum</strong></span> <span class='ocrx_word' id='word_1_709' title='bbox 1677 4936 2052 5006; x_wconf 71' lang='lat' dir='ltr'><strong>puderctsute,</strong></span> 
     </span>
    </p>
   </div>
   <div class='ocr_carea' id='block_1_100' title="bbox 480 5026 2057 5105">
    <p class='ocr_par' dir='ltr' id='par_1_100' title="bbox 480 5026 2057 5105">
     <span class='ocr_line' id='line_1_100' title="bbox 480 5026 2057 5105; baseline -0.005 -16"><span class='ocrx_word' id='word_1_710' title='bbox 480 5048 643 5105; x_wconf 83' lang='lat' dir='ltr'><strong>quam</strong></span> <span class='ocrx_word' id='word_1_711' title='bbox 669 5031 739 5087; x_wconf 87' lang='lat' dir='ltr'><strong>ab</strong></span> <span class='ocrx_word' id='word_1_712' title='bbox 760 5030 985 5086; x_wconf 90' lang='lat' dir='ltr'><strong>ineunte</strong></span> <span class='ocrx_word' id='word_1_713' title='bbox 1000 5038 1159 5085; x_wconf 82' lang='lat' dir='ltr'><strong>aetate</strong></span> <span class='ocrx_word' id='word_1_714' title='bbox 1182 5036 1488 5098; x_wconf 85' lang='lat' dir='ltr'><strong>acceperat,</strong></span> <span class='ocrx_word' id='word_1_715' title='bbox 1515 5026 1807 5097; x_wconf 79' lang='lat' dir='ltr'><strong>impietatis</strong></span> <span class='ocrx_word' id='word_1_716' title='bbox 1836 5036 1893 5082; x_wconf 91' lang='lat' dir='ltr'><strong>et</strong></span> <span class='ocrx_word' id='word_1_717' title='bbox 1937 5042 2057 5082; x_wconf 90' lang='lat' dir='ltr'><strong>sor-</strong></span> 
     </span>
    </p>
   </div>
   <div class='ocr_carea' id='block_1_101' title="bbox 480 5118 2056 5193">
    <p class='ocr_par' dir='ltr' id='par_1_101' title="bbox 480 5118 2056 5193">
     <span class='ocr_line' id='line_1_101' title="bbox 480 5118 2056 5193; baseline -0.004 -13"><span class='ocrx_word' id='word_1_718' title='bbox 480 5126 630 5180; x_wconf 90' lang='lat' dir='ltr'><strong>dium</strong></span> <span class='ocrx_word' id='word_1_719' title='bbox 649 5122 775 5179; x_wconf 83' lang='lat' dir='ltr'><strong>vitae</strong></span> <span class='ocrx_word' id='word_1_720' title='bbox 800 5120 1035 5193; x_wconf 89' lang='lat' dir='ltr'><strong>prioris:</strong></span> <span class='ocrx_word' id='word_1_721' title='bbox 1067 5120 1162 5176; x_wconf 89' lang='lat' dir='ltr'><strong>sed</strong></span> <span class='ocrx_word' id='word_1_722' title='bbox 1184 5119 1362 5189; x_wconf 88' lang='lat' dir='ltr'><strong>pOtius</strong></span> <span class='ocrx_word' id='word_1_723' title='bbox 1386 5119 1725 5192; x_wconf 88' lang='lat' dir='ltr'><strong>gloriaretur,</strong></span> <span class='ocrx_word' id='word_1_724' title='bbox 1752 5120 1895 5190; x_wconf 90' lang='lat' dir='ltr'><strong>quod</strong></span> <span class='ocrx_word' id='word_1_725' title='bbox 1918 5119 1971 5173; x_wconf 90' lang='lat' dir='ltr'><strong>in</strong></span> <span class='ocrx_word' id='word_1_726' title='bbox 1994 5118 2056 5173; x_wconf 85' lang='lat' dir='ltr'><strong>li-</strong></span> 
     </span>
    </p>
   </div>
   <div class='ocr_carea' id='block_1_102' title="bbox 477 5211 2053 5283">
    <p class='ocr_par' dir='ltr' id='par_1_102' title="bbox 477 5211 2053 5283">
     <span class='ocr_line' id='line_1_102' title="bbox 477 5211 2053 5283; baseline -0.004 -10"><span class='ocrx_word' id='word_1_727' title='bbox 477 5214 604 5273; x_wconf 83' lang='lat' dir='ltr'><strong>dem</strong></span> <span class='ocrx_word' id='word_1_728' title='bbox 624 5224 769 5273; x_wconf 85' lang='lat' dir='ltr'><strong>esset</strong></span> <span class='ocrx_word' id='word_1_729' title='bbox 792 5213 1087 5270; x_wconf 86' lang='lat' dir='ltr'><strong>translatus</strong></span> <span class='ocrx_word' id='word_1_730' title='bbox 1106 5221 1161 5268; x_wconf 85' lang='lat' dir='ltr'><strong>et</strong></span> <span class='ocrx_word' id='word_1_731' title='bbox 1181 5227 1341 5268; x_wconf 87' lang='lat' dir='ltr'><strong>sacro</strong></span> <span class='ocrx_word' id='word_1_732' title='bbox 1364 5221 1511 5268; x_wconf 87' lang='lat' dir='ltr'><strong>esset</strong></span> <span class='ocrx_word' id='word_1_733' title='bbox 1530 5212 1797 5283; x_wconf 86' lang='lat' dir='ltr'><strong>baptismo</strong></span> <span class='ocrx_word' id='word_1_734' title='bbox 1818 5211 2053 5267; x_wconf 89' lang='lat' dir='ltr'><strong>ablutus.</strong></span> 
     </span>
    </p>
   </div>
   <div class='ocr_carea' id='block_1_103' title="bbox 482 5303 2058 5378">
    <p class='ocr_par' dir='ltr' id='par_1_103' title="bbox 482 5303 2058 5378">
     <span class='ocr_line' id='line_1_103' title="bbox 482 5303 2058 5378; baseline -0.001 -17"><span class='ocrx_word' id='word_1_735' title='bbox 482 5308 695 5364; x_wconf 86' lang='lat' dir='ltr'><strong>Deinde</strong></span> <span class='ocrx_word' id='word_1_736' title='bbox 743 5305 953 5378; x_wconf 82' lang='lat' dir='ltr'><strong>prolixa</strong></span> <span class='ocrx_word' id='word_1_737' title='bbox 989 5304 1158 5375; x_wconf 66' lang='lat' dir='ltr'><strong>coepit</strong></span> <span class='ocrx_word' id='word_1_738' title='bbox 1194 5303 1274 5358; x_wconf 89' lang='lat' dir='ltr'><strong>uti</strong></span> <span class='ocrx_word' id='word_1_739' title='bbox 1296 5304 1563 5369; x_wconf 89' lang='lat' dir='ltr'><strong>oratione,</strong></span> <span class='ocrx_word' id='word_1_740' title='bbox 1594 5319 1709 5359; x_wconf 91' lang='lat' dir='ltr'><strong>rem</strong></span> <span class='ocrx_word' id='word_1_741' title='bbox 1740 5318 1865 5360; x_wconf 90' lang='lat' dir='ltr'><strong>esse</strong></span> <span class='ocrx_word' id='word_1_742' title='bbox 1896 5319 2058 5360; x_wconf 79' lang='lat' dir='ltr'><strong>exse-</strong></span> 
     </span>
    </p>
   </div>
   <div class='ocr_carea' id='block_1_104' title="bbox 483 5393 2051 5469">
    <p class='ocr_par' dir='ltr' id='par_1_104' title="bbox 483 5393 2051 5469">
     <span class='ocr_line' id='line_1_104' title="bbox 483 5393 2051 5469; baseline -0.003 -15"><span class='ocrx_word' id='word_1_743' title='bbox 483 5400 743 5455; x_wconf 87' lang='lat' dir='ltr'><strong>crandam</strong></span> <span class='ocrx_word' id='word_1_744' title='bbox 768 5411 1025 5469; x_wconf 85' lang='lat' dir='ltr'><strong>arguens,</strong></span> <span class='ocrx_word' id='word_1_745' title='bbox 1047 5403 1099 5450; x_wconf 90' lang='lat' dir='ltr'><strong>et</strong></span> <span class='ocrx_word' id='word_1_746' title='bbox 1122 5410 1286 5466; x_wconf 88' lang='lat' dir='ltr'><strong>quam</strong></span> <span class='ocrx_word' id='word_1_747' title='bbox 1311 5401 1460 5451; x_wconf 88' lang='lat' dir='ltr'><strong>esset</strong></span> <span class='ocrx_word' id='word_1_748' title='bbox 1486 5393 1774 5465; x_wconf 89' lang='lat' dir='ltr'><strong>insigniter</strong></span> <span class='ocrx_word' id='word_1_749' title='bbox 1799 5394 2051 5460; x_wconf 88' lang='lat' dir='ltr'><strong>absurda,</strong></span> 
     </span>
    </p>
   </div>
   <div class='ocr_carea' id='block_1_105' title="bbox 481 5485 2054 5561">
    <p class='ocr_par' dir='ltr' id='par_1_105' title="bbox 481 5485 2054 5561">
     <span class='ocr_line' id='line_1_105' title="bbox 481 5485 2054 5561; baseline -0.003 -15"><span class='ocrx_word' id='word_1_750' title='bbox 481 5492 773 5561; x_wconf 83' lang='lat' dir='ltr'><strong>aperiens,</strong></span> <span class='ocrx_word' id='word_1_751' title='bbox 810 5499 866 5546; x_wconf 87' lang='lat' dir='ltr'><strong>et</strong></span> <span class='ocrx_word' id='word_1_752' title='bbox 917 5487 1296 5561; x_wconf 79' lang='lat' dir='ltr'><strong>sic&#39;paulatim</strong></span> <span class='ocrx_word' id='word_1_753' title='bbox 1340 5486 1577 5557; x_wconf 89' lang='lat' dir='ltr'><strong>scipsum</strong></span> <span class='ocrx_word' id='word_1_754' title='bbox 1620 5485 1699 5540; x_wconf 91' lang='lat' dir='ltr'><strong>eis</strong></span> <span class='ocrx_word' id='word_1_755' title='bbox 1745 5488 2054 5557; x_wconf 77' lang='lat' dir='ltr'><strong>exemplum</strong></span> 
     </span>
    </p>
   </div>
   <div class='ocr_carea' id='block_1_106' title="bbox 474 5577 2051 5646">
    <p class='ocr_par' dir='ltr' id='par_1_106' title="bbox 474 5577 2051 5646">
     <span class='ocr_line' id='line_1_106' title="bbox 474 5577 2051 5646; baseline -0.001 -10"><span class='ocrx_word' id='word_1_756' title='bbox 474 5582 775 5646; x_wconf 72' lang='lat' dir='ltr'><strong>adducens,</strong></span> <span class='ocrx_word' id='word_1_757' title='bbox 830 5588 887 5635; x_wconf 90' lang='lat' dir='ltr'><strong>et</strong></span> <span class='ocrx_word' id='word_1_758' title='bbox 939 5580 1192 5636; x_wconf 90' lang='lat' dir='ltr'><strong>similiter</strong></span> <span class='ocrx_word' id='word_1_759' title='bbox 1231 5594 1325 5634; x_wconf 90' lang='lat' dir='ltr'><strong>eos</strong></span> <span class='ocrx_word' id='word_1_760' title='bbox 1376 5578 1618 5634; x_wconf 85' lang='lat' dir='ltr'><strong>invitans</strong></span> <span class='ocrx_word' id='word_1_761' title='bbox 1666 5577 1734 5633; x_wconf 91' lang='lat' dir='ltr'><strong>ad</strong></span> <span class='ocrx_word' id='word_1_762' title='bbox 1775 5579 2051 5634; x_wconf 86' lang='lat' dir='ltr'><strong>meliorem</strong></span> 
     </span>
    </p>
   </div>
   <div class='ocr_carea' id='block_1_107' title="bbox 484 5672 2056 5729">
    <p class='ocr_par' dir='ltr' id='par_1_107' title="bbox 484 5672 2056 5729">
     <span class='ocr_line' id='line_1_107' title="bbox 484 5672 2056 5729; baseline 0.003 -4"><span class='ocrx_word' id='word_1_763' title='bbox 484 5673 863 5727; x_wconf 80' lang='lat' dir='ltr'><strong>mutationem.</strong></span> <span class='ocrx_word' id='word_1_764' title='bbox 914 5673 993 5728; x_wconf 91' lang='lat' dir='ltr'><strong>Illi</strong></span> <span class='ocrx_word' id='word_1_765' title='bbox 1028 5682 1208 5727; x_wconf 87' lang='lat' dir='ltr'><strong>autem</strong></span> <span class='ocrx_word' id='word_1_766' title='bbox 1258 5688 1366 5728; x_wconf 87' lang='lat' dir='ltr'><strong>non</strong></span> <span class='ocrx_word' id='word_1_767' title='bbox 1429 5672 1603 5726; x_wconf 78' lang='lat' dir='ltr'><strong>solum</strong></span> <span class='ocrx_word' id='word_1_768' title='bbox 1637 5672 1701 5726; x_wconf 84' lang='lat' dir='ltr'><strong>ad</strong></span> <span class='ocrx_word' id='word_1_769' title='bbox 1740 5672 1855 5726; x_wconf 72' lang='lat' dir='ltr'><strong>inec</strong></span> <span class='ocrx_word' id='word_1_770' title='bbox 1904 5673 2056 5729; x_wconf 85' lang='lat' dir='ltr'><strong>fuere</strong></span> 
     </span>
    </p>
   </div>
   <div class='ocr_carea' id='block_1_108' title="bbox 2151 4487 3727 4560">
    <p class='ocr_par' dir='ltr' id='par_1_108' title="bbox 2151 4487 3727 4560">
     <span class='ocr_line' id='line_1_108' title="bbox 2151 4487 3727 4560; baseline 0.003 -20"><span class='ocrx_word' id='word_1_771' title='bbox 2151 4487 2376 4542; x_wconf 84' lang='grc' dir='ltr'>τοιαῦτα</span> <span class='ocrx_word' id='word_1_772' title='bbox 2399 4488 2535 4558; x_wconf 76' lang='grc' dir='ltr'>πρὸς</span> <span class='ocrx_word' id='word_1_773' title='bbox 2559 4489 2755 4551; x_wconf 78' lang='grc' dir='ltr'>αὐτοὺς</span> <span class='ocrx_word' id='word_1_774' title='bbox 2773 4492 2947 4542; x_wconf 77' lang='grc' dir='ltr'>εἰπεῖν</span> <span class='ocrx_word' id='word_1_775' title='bbox 2969 4490 3266 4560; x_wconf 80' lang='grc' dir='ltr'>προαχθείη</span> <span class='ocrx_word' id='word_1_776' title='bbox 3290 4490 3727 4545; x_wconf 75' lang='grc' dir='ltr'>διεπυνθάνοντο.</span> 
     </span>
    </p>
   </div>
   <div class='ocr_carea' id='block_1_109' title="bbox 2166 4572 3730 4649">
    <p class='ocr_par' dir='ltr' id='par_1_109' title="bbox 2166 4572 3730 4649">
     <span class='ocr_line' id='line_1_109' title="bbox 2166 4572 3730 4649; baseline 0.001 -18"><span class='ocrx_word' id='word_1_777' title='bbox 2166 4579 2223 4631; x_wconf 89' lang='lat'><strong>&#39;0</strong></span> <span class='ocrx_word' id='word_1_778' title='bbox 2245 4579 2326 4645; x_wconf 82' lang='grc' dir='ltr'>δὲ,</span> <span class='ocrx_word' id='word_1_779' title='bbox 2349 4572 2459 4633; x_wconf 85' lang='grc' dir='ltr'>Ἦν</span> <span class='ocrx_word' id='word_1_780' title='bbox 2487 4595 2616 4632; x_wconf 88' lang='grc' dir='ltr'>ποτε</span> <span class='ocrx_word' id='word_1_781' title='bbox 2647 4577 2803 4648; x_wconf 74' lang='grc' dir='ltr'><strong>κάγὼ</strong></span> <span class='ocrx_word' id='word_1_782' title='bbox 2831 4579 2951 4634; x_wconf 75' lang='grc' dir='ltr'>καθ’</span> <span class='ocrx_word' id='word_1_783' title='bbox 2980 4580 3144 4649; x_wconf 80' lang='grc' dir='ltr'>ὑμᾶς,</span> <span class='ocrx_word' id='word_1_784' title='bbox 3177 4580 3301 4649; x_wconf 72' lang='grc' dir='ltr'>ἔφη,</span> <span class='ocrx_word' id='word_1_785' title='bbox 3326 4580 3419 4633; x_wconf 81' lang='grc' dir='ltr'>καὶ</span> <span class='ocrx_word' id='word_1_786' title='bbox 3442 4580 3539 4649; x_wconf 78' lang='grc' dir='ltr'><strong>την</strong></span> <span class='ocrx_word' id='word_1_787' title='bbox 3557 4578 3730 4646; x_wconf 77' lang='grc' dir='ltr'>αὐτὴν</span> 
     </span>
    </p>
   </div>
   <div class='ocr_carea' id='block_1_110' title="bbox 2156 4671 3726 4744">
    <p class='ocr_par' dir='ltr' id='par_1_110' title="bbox 2156 4671 3726 4744">
     <span class='ocr_line' id='line_1_110' title="bbox 2156 4671 3726 4744; baseline -0.001 -20"><span class='ocrx_word' id='word_1_788' title='bbox 2156 4671 2461 4743; x_wconf 65' lang='grc' dir='ltr'>ἡπατώμην</span> <span class='ocrx_word' id='word_1_789' title='bbox 2481 4673 2696 4742; x_wconf 83' lang='grc' dir='ltr'>ἀπάτην</span> <span class='ocrx_word' id='word_1_790' title='bbox 2722 4713 2735 4736; x_wconf 87' lang='lat'><strong>,</strong></span> <span class='ocrx_word' id='word_1_791' title='bbox 2770 4676 2860 4727; x_wconf 76' lang='grc' dir='ltr'><strong>καὶ</strong></span> <span class='ocrx_word' id='word_1_792' title='bbox 2886 4674 3163 4744; x_wconf 70' lang='grc' dir='ltr'>γοητείαις</span> <span class='ocrx_word' id='word_1_793' title='bbox 3186 4677 3306 4739; x_wconf 85' lang='grc' dir='ltr'>ταῖς</span> <span class='ocrx_word' id='word_1_794' title='bbox 3338 4675 3527 4736; x_wconf 75' lang='grc' dir='ltr'>αὑταῖς</span> <span class='ocrx_word' id='word_1_795' title='bbox 3560 4688 3726 4742; x_wconf 80' lang='grc' dir='ltr'>προσ-</span> 
     </span>
    </p>
   </div>
   <div class='ocr_carea' id='block_1_111' title="bbox 2154 4764 3730 4836">
    <p class='ocr_par' dir='ltr' id='par_1_111' title="bbox 2154 4764 3730 4836">
     <span class='ocr_line' id='line_1_111' title="bbox 2154 4764 3730 4836; baseline -0.001 -20"><span class='ocrx_word' id='word_1_796' title='bbox 2154 4764 2404 4835; x_wconf 83' lang='grc' dir='ltr'>εκείμην.</span> <span class='ocrx_word' id='word_1_797' title='bbox 2446 4764 2627 4819; x_wconf 76' lang='grc' dir='ltr'>Ταῦτα</span> <span class='ocrx_word' id='word_1_798' title='bbox 2662 4764 3010 4836; x_wconf 64' lang='grc' dir='ltr'>θαρρούντως</span> <span class='ocrx_word' id='word_1_799' title='bbox 3034 4766 3138 4836; x_wconf 74' lang='grc' dir='ltr'><strong>ἔφη</strong></span> <span class='ocrx_word' id='word_1_800' title='bbox 3170 4784 3183 4797; x_wconf 86' lang='grc'><strong>·</strong></span> <span class='ocrx_word' id='word_1_801' title='bbox 3218 4765 3385 4836; x_wconf 79' lang='grc' dir='ltr'>μηδὲν</span> <span class='ocrx_word' id='word_1_802' title='bbox 3413 4767 3480 4835; x_wconf 74' lang='grc' dir='ltr'>τῇ</span> <span class='ocrx_word' id='word_1_803' title='bbox 3506 4766 3573 4818; x_wconf 71' lang='grc' dir='ltr'>ἐκ</span> <span class='ocrx_word' id='word_1_804' title='bbox 3597 4764 3730 4816; x_wconf 82' lang='grc' dir='ltr'>παί-</span> 
     </span>
    </p>
   </div>
   <div class='ocr_carea' id='block_1_112' title="bbox 2153 4854 3729 4929">
    <p class='ocr_par' dir='ltr' id='par_1_112' title="bbox 2153 4854 3729 4929">
     <span class='ocr_line' id='line_1_112' title="bbox 2153 4854 3729 4929; baseline -0.001 -22"><span class='ocrx_word' id='word_1_805' title='bbox 2153 4855 2259 4907; x_wconf 86' lang='grc' dir='ltr'><strong>δων</strong></span> <span class='ocrx_word' id='word_1_806' title='bbox 2294 4856 2518 4924; x_wconf 60' lang='grc' dir='ltr'>ἀσεϐείᾳ</span> <span class='ocrx_word' id='word_1_807' title='bbox 2543 4856 2635 4909; x_wconf 64' lang='grc' dir='ltr'>κατ.</span> <span class='ocrx_word' id='word_1_808' title='bbox 2671 4857 2783 4918; x_wconf 80' lang='grc' dir='ltr'>τοῖς</span> <span class='ocrx_word' id='word_1_809' title='bbox 2808 4857 2900 4909; x_wconf 81' lang='grc' dir='ltr'>τοῦ</span> <span class='ocrx_word' id='word_1_810' title='bbox 2951 4858 3217 4928; x_wconf 78' lang='grc' dir='ltr'>προτέρου</span> <span class='ocrx_word' id='word_1_811' title='bbox 3265 4856 3385 4929; x_wconf 83' lang='grc' dir='ltr'>βίου</span> <span class='ocrx_word' id='word_1_812' title='bbox 3433 4854 3729 4927; x_wconf 81' lang='grc' dir='ltr'>μολυσμοῐς</span> 
     </span>
    </p>
   </div>
   <div class='ocr_carea' id='block_1_113' title="bbox 2156 4945 3731 5020">
    <p class='ocr_par' dir='ltr' id='par_1_113' title="bbox 2156 4945 3731 5020">
     <span class='ocr_line' id='line_1_113' title="bbox 2156 4945 3731 5020; baseline -0.001 -20"><span class='ocrx_word' id='word_1_813' title='bbox 2156 4946 2562 5018; x_wconf 78' lang='grc' dir='ltr'>αἰσχυνόμενος,</span> <span class='ocrx_word' id='word_1_814' title='bbox 2585 4945 2721 4999; x_wconf 80' lang='grc' dir='ltr'>ἀλλὰ</span> <span class='ocrx_word' id='word_1_815' title='bbox 2743 4948 2806 5018; x_wconf 83' lang='grc' dir='ltr'><strong>τῇ</strong></span> <span class='ocrx_word' id='word_1_816' title='bbox 2841 4947 3130 5015; x_wconf 84' lang='grc' dir='ltr'>μεταθέσει</span> <span class='ocrx_word' id='word_1_817' title='bbox 3147 4949 3349 5020; x_wconf 83' lang='grc' dir='ltr'>μᾶλλον</span> <span class='ocrx_word' id='word_1_818' title='bbox 3374 4950 3473 5020; x_wconf 78' lang='grc' dir='ltr'>τῆς</span> <span class='ocrx_word' id='word_1_819' title='bbox 3492 4947 3731 5009; x_wconf 73' lang='grc' dir='ltr'>πίστεως</span> 
     </span>
    </p>
   </div>
   <div class='ocr_carea' id='block_1_114' title="bbox 2156 5035 3730 5110">
    <p class='ocr_par' dir='ltr' id='par_1_114' title="bbox 2156 5035 3730 5110">
     <span class='ocr_line' id='line_1_114' title="bbox 2156 5035 3730 5110; baseline 0.001 -21"><span class='ocrx_word' id='word_1_820' title='bbox 2156 5038 2253 5091; x_wconf 77' lang='grc' dir='ltr'>καὶ</span> <span class='ocrx_word' id='word_1_821' title='bbox 2274 5038 2340 5109; x_wconf 81' lang='grc' dir='ltr'><strong>τῇ</strong></span> <span class='ocrx_word' id='word_1_822' title='bbox 2364 5036 2625 5091; x_wconf 82' lang='grc' dir='ltr'>ὲκπλύσει</span> <span class='ocrx_word' id='word_1_823' title='bbox 2674 5035 2769 5093; x_wconf 63' lang='grc' dir='ltr'><strong>τοῦ</strong></span> <span class='ocrx_word' id='word_1_824' title='bbox 2806 5038 2952 5109; x_wconf 75' lang='grc' dir='ltr'>ἱεροῦ</span> <span class='ocrx_word' id='word_1_825' title='bbox 2980 5038 3361 5110; x_wconf 84' lang='grc' dir='ltr'>βαπτίσματος</span> <span class='ocrx_word' id='word_1_826' title='bbox 3389 5036 3730 5107; x_wconf 56' lang='grc' dir='ltr'>σεμνυνόμε-</span> 
     </span>
    </p>
   </div>
   <div class='ocr_carea' id='block_1_115' title="bbox 2158 5122 3729 5201">
    <p class='ocr_par' dir='ltr' id='par_1_115' title="bbox 2158 5122 3729 5201">
     <span class='ocr_line' id='line_1_115' title="bbox 2158 5122 3729 5201; baseline 0.001 -20"><span class='ocrx_word' id='word_1_827' title='bbox 2158 5145 2270 5191; x_wconf 84' lang='grc' dir='ltr'>νος.</span> <span class='ocrx_word' id='word_1_828' title='bbox 2325 5122 2459 5181; x_wconf 81' lang='grc' dir='ltr'>Είτα</span> <span class='ocrx_word' id='word_1_829' title='bbox 2508 5128 2605 5183; x_wconf 69' lang='grc' dir='ltr'>καὶ</span> <span class='ocrx_word' id='word_1_830' title='bbox 2632 5128 2877 5200; x_wconf 77' lang='grc' dir='ltr'>μακροὺς</span> <span class='ocrx_word' id='word_1_831' title='bbox 2906 5130 3246 5184; x_wconf 85' lang='grc' dir='ltr'>κατατείνειν</span> <span class='ocrx_word' id='word_1_832' title='bbox 3285 5131 3491 5201; x_wconf 71' lang='grc' dir='ltr'>ἧρξατο</span> <span class='ocrx_word' id='word_1_833' title='bbox 3514 5127 3729 5195; x_wconf 82' lang='grc' dir='ltr'>λόγους.</span> 
     </span>
    </p>
   </div>
   <div class='ocr_carea' id='block_1_116' title="bbox 2157 5218 3735 5293">
    <p class='ocr_par' dir='ltr' id='par_1_116' title="bbox 2157 5218 3735 5293">
     <span class='ocr_line' id='line_1_116' title="bbox 2157 5218 3735 5293; baseline 0 -19"><span class='ocrx_word' id='word_1_834' title='bbox 2157 5221 2219 5274; x_wconf 72' lang='grc' dir='ltr'>τὸ</span> <span class='ocrx_word' id='word_1_835' title='bbox 2253 5219 2496 5289; x_wconf 80' lang='grc' dir='ltr'>μυσαρὸν</span> <span class='ocrx_word' id='word_1_836' title='bbox 2520 5218 2615 5273; x_wconf 80' lang='grc' dir='ltr'><strong>τοῦ</strong></span> <span class='ocrx_word' id='word_1_837' title='bbox 2642 5219 2969 5290; x_wconf 80' lang='grc' dir='ltr'>πράγματος</span> <span class='ocrx_word' id='word_1_838' title='bbox 3017 5219 3287 5293; x_wconf 76' lang='grc' dir='ltr'>διασύρων</span> <span class='ocrx_word' id='word_1_839' title='bbox 3314 5220 3412 5276; x_wconf 80' lang='grc' dir='ltr'>καὶ</span> <span class='ocrx_word' id='word_1_840' title='bbox 3439 5220 3536 5293; x_wconf 78' lang='grc' dir='ltr'>τὴν</span> <span class='ocrx_word' id='word_1_841' title='bbox 3561 5220 3735 5291; x_wconf 79' lang='grc' dir='ltr'>ὕπερ-</span> 
     </span>
    </p>
   </div>
   <div class='ocr_carea' id='block_1_117' title="bbox 2159 5308 3731 5382">
    <p class='ocr_par' dir='ltr' id='par_1_117' title="bbox 2159 5308 3731 5382">
     <span class='ocr_line' id='line_1_117' title="bbox 2159 5308 3731 5382; baseline 0 -19"><span class='ocrx_word' id='word_1_842' title='bbox 2159 5308 2322 5381; x_wconf 78' lang='grc' dir='ltr'>6ολὴν</span> <span class='ocrx_word' id='word_1_843' title='bbox 2376 5309 2476 5381; x_wconf 85' lang='grc' dir='ltr'>τῆς</span> <span class='ocrx_word' id='word_1_844' title='bbox 2528 5309 2761 5375; x_wconf 88' lang='grc' dir='ltr'>ἀτοπίας</span> <span class='ocrx_word' id='word_1_845' title='bbox 2819 5310 3039 5382; x_wconf 73' lang='grc' dir='ltr'>ἔκδηλον</span> <span class='ocrx_word' id='word_1_846' title='bbox 3068 5311 3352 5376; x_wconf 78' lang='grc' dir='ltr'>καθιστὰς,</span> <span class='ocrx_word' id='word_1_847' title='bbox 3413 5313 3507 5367; x_wconf 71' lang='grc' dir='ltr'>καὶ</span> <span class='ocrx_word' id='word_1_848' title='bbox 3557 5311 3731 5373; x_wconf 77' lang='grc' dir='ltr'>οὕτως</span> 
     </span>
    </p>
   </div>
   <div class='ocr_carea' id='block_1_118' title="bbox 2157 5400 3732 5476">
    <p class='ocr_par' dir='ltr' id='par_1_118' title="bbox 2157 5400 3732 5476">
     <span class='ocr_line' id='line_1_118' title="bbox 2157 5400 3732 5476; baseline 0 -21"><span class='ocrx_word' id='word_1_849' title='bbox 2157 5402 2344 5473; x_wconf 73' lang='grc' dir='ltr'>ἡρέμα</span> <span class='ocrx_word' id='word_1_850' title='bbox 2395 5400 2721 5472; x_wconf 79' lang='grc' dir='ltr'>παρατιθεὶς</span> <span class='ocrx_word' id='word_1_851' title='bbox 2771 5401 2962 5455; x_wconf 75' lang='grc' dir='ltr'>ἑαυτὸν</span> <span class='ocrx_word' id='word_1_852' title='bbox 3012 5403 3237 5466; x_wconf 77' lang='grc' dir='ltr'>ἐκείνοις</span> <span class='ocrx_word' id='word_1_853' title='bbox 3268 5403 3592 5476; x_wconf 78' lang='grc' dir='ltr'>ὑπόδειγμα,</span> <span class='ocrx_word' id='word_1_854' title='bbox 3636 5404 3732 5456; x_wconf 64' lang='grc' dir='ltr'>καὶ</span> 
     </span>
    </p>
   </div>
   <div class='ocr_carea' id='block_1_119' title="bbox 2160 5492 3730 5567">
    <p class='ocr_par' dir='ltr' id='par_1_119' title="bbox 2160 5492 3730 5567">
     <span class='ocr_line' id='line_1_119' title="bbox 2160 5492 3730 5567; baseline 0.002 -22"><span class='ocrx_word' id='word_1_855' title='bbox 2160 5492 2295 5563; x_wconf 78' lang='grc' dir='ltr'>πρὸς</span> <span class='ocrx_word' id='word_1_856' title='bbox 2330 5492 2429 5563; x_wconf 88' lang='grc' dir='ltr'>τὴν</span> <span class='ocrx_word' id='word_1_857' title='bbox 2487 5494 2610 5562; x_wconf 83' lang='grc' dir='ltr'>ίσην</span> <span class='ocrx_word' id='word_1_858' title='bbox 2644 5493 2841 5555; x_wconf 78' lang='grc' dir='ltr'>αὐτοὺς</span> <span class='ocrx_word' id='word_1_859' title='bbox 2877 5495 2970 5545; x_wconf 70' lang='grc' dir='ltr'><strong>ἐπὶ</strong></span> <span class='ocrx_word' id='word_1_860' title='bbox 3016 5495 3088 5547; x_wconf 85' lang='grc' dir='ltr'>τὰ</span> <span class='ocrx_word' id='word_1_861' title='bbox 3138 5496 3371 5567; x_wconf 85' lang='grc' dir='ltr'>κρείττω</span> <span class='ocrx_word' id='word_1_862' title='bbox 3427 5496 3730 5565; x_wconf 73' lang='grc' dir='ltr'>μετασολὴν</span> 
     </span>
    </p>
   </div>
   <div class='ocr_carea' id='block_1_120' title="bbox 2159 5584 3731 5659">
    <p class='ocr_par' dir='ltr' id='par_1_120' title="bbox 2159 5584 3731 5659">
     <span class='ocr_line' id='line_1_120' title="bbox 2159 5584 3731 5659; baseline 0.001 -22"><span class='ocrx_word' id='word_1_863' title='bbox 2159 5584 2576 5654; x_wconf 77' lang='grc' dir='ltr'>ἐκκαλούμενος.</span> <span class='ocrx_word' id='word_1_864' title='bbox 2620 5586 2683 5637; x_wconf 80' lang='lat' dir='ltr'><strong>Oi</strong></span> <span class='ocrx_word' id='word_1_865' title='bbox 2723 5585 2781 5637; x_wconf 78' lang='grc' dir='ltr'><strong>δὲ</strong></span> <span class='ocrx_word' id='word_1_866' title='bbox 2832 5586 2893 5637; x_wconf 73' lang='grc' dir='ltr'><strong>οὔ</strong></span> <span class='ocrx_word' id='word_1_867' title='bbox 2925 5586 3086 5655; x_wconf 83' lang='grc' dir='ltr'>μόνον</span> <span class='ocrx_word' id='word_1_868' title='bbox 3140 5588 3277 5659; x_wconf 77' lang='grc' dir='ltr'>πρὸς</span> <span class='ocrx_word' id='word_1_869' title='bbox 3324 5588 3495 5642; x_wconf 80' lang='grc' dir='ltr'>ταῦτα</span> <span class='ocrx_word' id='word_1_870' title='bbox 3530 5589 3731 5655; x_wconf 70' lang='grc' dir='ltr'>κωφοῖς</span> 
     </span>
    </p>
   </div>
   <div class='ocr_carea' id='block_1_121' title="bbox 2160 5675 3731 5752">
    <p class='ocr_par' dir='ltr' id='par_1_121' title="bbox 2160 5675 3731 5752">
     <span class='ocr_line' id='line_1_121' title="bbox 2160 5675 3731 5752; baseline 0.001 -24"><span class='ocrx_word' id='word_1_871' title='bbox 2160 5678 2446 5741; x_wconf 66' lang='grc' dir='ltr'>ὲώκεισαε),</span> <span class='ocrx_word' id='word_1_872' title='bbox 2476 5675 2609 5728; x_wconf 72' lang='grc' dir='ltr'>ἀλλὰ</span> <span class='ocrx_word' id='word_1_873' title='bbox 2640 5678 2733 5729; x_wconf 69' lang='grc' dir='ltr'>καὶ</span> <span class='ocrx_word' id='word_1_874' title='bbox 2763 5675 2946 5745; x_wconf 71' lang='grc' dir='ltr'>ἠξίουν</span> <span class='ocrx_word' id='word_1_875' title='bbox 2991 5678 3080 5734; x_wconf 71' lang='grc' dir='ltr'><strong>τὸν</strong></span> <span class='ocrx_word' id='word_1_876' title='bbox 3136 5680 3303 5752; x_wconf 75' lang='grc' dir='ltr'>ἄνδρα</span> <span class='ocrx_word' id='word_1_877' title='bbox 3339 5681 3483 5749; x_wconf 77' lang='grc' dir='ltr'>μάλα</span> <span class='ocrx_word' id='word_1_878' title='bbox 3512 5679 3731 5746; x_wconf 71' lang='grc' dir='ltr'>θερμῶς</span> 
     </span>
    </p>
   </div>
  </div>
