4116 6402
358 418 473 479 ’135

1618 407 1801 471 VITA
1838 408 1899 467 S.
1934 404 2335 467 ANASTASII
2369 404 2631 466 PERSE

3505 400 3614 468 786

364 522 440 593 μὴ
470 520 641 583 οὕτως
675 518 900 588 ἀναίδην
925 515 993 572 τὰ
1034 517 1205 586 σεμνὰ
1249 517 1528 585 φαυλίζειν
1577 515 1804 587 Περσῶν
1848 514 1940 567 καῖ

2058 513 2225 569 surdis
2267 514 2495 579 similes,
2523 513 2618 568 sed
2677 527 2801 566 eum
2856 510 3418 567 etiam-vehementer
3456 522 3618 577 τοδε-

359 617 441 678 si;
463 612 660 683 χλεύην
686 612 798 672 τοῖς
817 608 1026 671 πολλοῖς
1047 605 1601 663 τίθεσθαι.⁹Εντεῦθεν
1618 608 1645 659 ὀ
1672 604 1836 668 καλὸς
1860 603 1939 674 τῷ

2058 611 2191 667 runt,
2216 617 2286 658 ne
2326 612 2436 657 tam
2471 602 2847 672 impudenter.
2886 618 3008 672 quae
3058 609 3187 657 sunt
3237 601 3381 671 apud
3420 597 3621 653 Persas

354 705 474 759 δντι
526 704 624 756 καὶ
674 700 923 764 ποθεινὸς
986 700 1339 763 Ἀναστάσιος
1399 698 1535 769 πρὸς
1585 698 1647 751 τὸ
1704 695 1939 767 τερπνὸν

2058 694 2322 762 praeclara,
2349 702 2745 757 contemneret,
2780 704 2834 749 et
2876 695 2930 748 in
2967 694 3156 765 vulgus
3187 691 3464 747 irridenda
3491 705 3620 760 pro-

356 795 621 867 ὴπείγετο
649 793 744 849 τοῦ
771 794 1075 866 μαρτυρίου
1096 792 1406 864 κατάλυμα.

432 1060 509 1116 0'.
531 1060 608 1116 Ού
639 1061 776 1115 πολὺ
805 1059 863 1115 δέ
888 1059 1071 1115 αὐτῶν
1125 1059 1389 1115 διεστῶτα
1420 1060 1621 1125 ίδδντες
1675 1061 1815 1125 τινες
1851 1061 1942 1116 τὸν

359 1150 531 1220 ἄνδρα
582 1151 692 1204 τῶν
726 1150 978 1221 συνήθως
1025 1152 1177 1224 παρὰ
1213 1154 1459 1225 Πέρσαις.
1504 1153 1813 1223 λεγομένων
1844 1171 1944 1207 κα-

360 1243 673 1314 σαλλαρίων
706 1242 810 1314 πρὸ
847 1243 940 1298 τοῦ
975 1244 1184 1315 Δέρδας
1226 1246 1554 1315 καθήμενοι,
1588 1245 1781 1318 ὥσπερ
1810 1244 1943 1316 γοῦν

361 1336 457 1390 καὶ
495 1335 720 1389 εἰώθασι
761 1334 942 1407 (τοῦτο
959 1335 1017 1389 δέ
1040 1336 1157 1389 ἐστι
1186 1336 1519 1407 πραιτώριον
1542 1335 1639 1391 τοῦ
1670 1338 1944 1406 καλουμέ-

364 1442 459 1478 νου
507 1425 639 1494 παρ’
686 1424 873 1488 αὐτοῖς
918 1423 1251 1496 σελλαρίου),
1282 1421 1463 1481 Ἧπου
1491 1426 1740 1497 δηλάτωρ
1788 1421 1946 1489 οὗτός

369 1518 539 1580 ἐστιν,
565 1514 776 1585 ἔφησαν
807 1516 943 1586 πρὸς
968 1517 1197 1580 ἐαυτοίις
1220 1520 1289 1589 τῇ
1319 1517 1545 1588 Περσῶν
1566 1516 1852 1589 διαλέκτῳ.
1887 1518 1945 1572 Ὅ

373 1606 433 1660 δέ
456 1606 542 1659 τοῦ
564 1607 805 1677 ῥήματος
831 1606 1233 1678 ὑπαισθὸμενος
1284 1608 1378 1660 καῖ
1412 1608 1509 1680 τὴν
1554 1608 1803 1678 γλῶτταν
1846 1609 1948 1663 ούκ

374 1696 661 1766 ἀγνοήσας,
694 1689 787 1751 οἷα
819 1697 1038 1768 Πέρσης
1075 1698 1170 1752 καὶ
1192 1697 1357 1761 αὐτὸς
1378 1696 1474 1765 ὣν,
1498 1699 1595 1753 καὶ
1634 1698 1819 1771 φωνὴν
1847 1698 1946 1771 τὴν

370 1788 543 1857 αὐτὴν
580 1786 812 1847 ἐκείνοις
841 1788 1299 1857 πεπαιδευμένος,
1325 1787 1491 1859 δριμύ
1516 1806 1571 1843 τι
1610 1788 1733 1843 λίαν
1763 1790 1949 1853 αὐτοῖς

366 1877 464 1931 καὶ
493 1847 689 1946 πικρὸν
706 1876 1004 1949 ἐμϐλέψας,
1030 1847 1379 1948 ου’δηλάζωρ
1396 1847 1592 1947 ἔγωγε,
1615 1873 1759 1932 εἶπε·
1781 1847 1948 1950 λῆρος
1978 1847 2023 1909 Β

366 1967 530 2021 τοῦτο
546 1969 641 2021 καὶ
668 1968 907 2041 φλυαρία
928 1985 942 1998 ·
959 1969 1146 2034 δοῦλος
1173 1969 1232 2024 δέ
1257 1970 1456 2041 μᾶλλον
1486 1969 1663 2041 Ἰησοῦ
1685 1970 1945 2039 Χριστοῦ,

367 2060 465 2113 καὶ
517 2059 696 2130 πολλῷ
733 2075 798 2127 γε
862 2059 1088 2130 βελτίων
1120 2050 1304 2130 ’ὑμῶν
1327 2101 1344 2128 ,
1401 2062 1451 2115 εί
1502 2061 1598 2116 καὶ
1626 2061 1787 2124 αὐτός
1817 2077 1949 2115 ποτε

369 2148 496 2202 καθ’
523 2149 666 2218 ὑμᾶς
694 2150 974 2219 ἐγεγόνειν
1007 2151 1103 2205 καὶ
1140 2149 1294 2217 τάξει
1325 2155 1392 2222 τῇ
1418 2152 1527 2206 τῶν
1567 2151 1951 2224 καδαλλαρίων

365 2240 732 2315 ἐξηταζόμην.
785 2240 1003 2296 Τούτων
1058 2244 1258 2304 ἐκεῖνοι
1311 2243 1671 2308 ἀκούσαντες,
1722 2246 1950 2316 καὶτῆς

365 2331 640 2402 καθέδρας
672 2330 834 2395 εὐθὺς
856 2332 1178 2402 ἐξαλάμενοι
1227 2335 1495 2406 κατέσχον
1539 2334 1723 2400 αύτδν,
1758 2334 1952 2389 ἔπειτα

369 2424 464 2475 καὶ
487 2422 568 2492 τῷ
593 2423 863 2494 σελλαρίῳ
914 2424 1288 2495 εῖσαγγελθέν,
1329 2424 1500 2491 ιξεισι
1546 2427 1803 2494 κάκεῖνος
1855 2427 1951 2481 τοῦ

373 2514 733 2585 πραιτωρίου,
758 2517 855 2570 καὶ
879 2514 1178 2587 ἀνακρίνας
1203 2517 1366 2572 αὐτὸν
1393 2518 1544 2583 ὅστις
1567 2518 1679 2588 εῖη,
1711 2520 1804 2574 καὶ
1829 2520 1954 2575 ὅθεν

370 2600 521 2670 ἥκοι,
556 2602 654 2655 καὶ
685 2603 866 2657 πάντα
896 2604 994 2657 σὺν
1032 2604 1288 2677 ἀκριϐείᾳ
1311 2605 1381 2660 τὰ
1421 2608 1543 2661 κατ’
1570 2608 1736 2664 αὐτὸν
1768 2608 1956 2674 ἐξετά-

373 2707 473 2755 σας
505 2691 689 2747 δίδωσι
713 2695 997 2764 τηρεῖσθαι
1013 2696 1106 2751 τὸν
1129 2698 1481 2758 ’Δναστάσιον
1518 2698 1624 2754 ὑπὸ
1653 2702 1949 2774 φρουρᾷτῇ

371 2784 779 2857 ἁσφαλεστάτῃ’
795 2787 853 2839 ἐν
936 2789 1026 2841 καὶ
1046 2790 1127 2851 είς
1154 2788 1345 2860 τρίτην
1370 2786 1756 2864 ἡμέραν,ἐξῆς
1780 2810 1954 2847 κατα·-

372 2875 759 2944 κεκλεισμένος
790 2873 926 2950 [ἦν],
945 2876 1070 2932 οὔτε
1097 2877 1305 2951 βρωτὺν
1324 2878 1448 2934 οὔτε
1469 2882 1632 2934 ποτὸν
1654 2882 1764 2937 οὐδ’
1778 2880 1956 2937 ὁτιοῦν

377 2962 510 3031 παρ’
547 2962 727 3017 αὐτῶν
748 2963 884 3029 ὂλως
910 2967 1209 3036 προσέσθαι
1228 2968 1486 3040 ἠνέσχετο
1504 2984 1517 2999 ⁸
1542 2969 1658 3023 ἀλλ’
1685 2970 1956 3040 ἄγευστος

379 3050 521 3110 οὕτω
550 3055 897 3110 παντάπασιν
922 3059 980 3109 ἐν
1001 3061 1068 3130 τῇ
1104 3059 1317 3132 φυλακῇ
1350 3060 1646 3132 καθεῖρκτο
1664 3100 1680 3126 ,
1723 3062 1954 3134 προσδο-

378 3143 474 3213 κίᾳ
528 3146 666 3219 μόνῃ
710 3147 820 3203 τῶν
873 3148 1176 3218 μελλόντων
1223 3152 1364 3223 ὑπὲρ
1415 3152 1652 3225 Χριστοῦ
1693 3153 1954 3209 κινδύνων

376 3236 735 3304 τρεφόμενος.
788 3238 927 3309 Ἤδη
949 3238 1011 3292 δὲ,
1042 3239 1137 3294 τοῦ
1182 3240 1531 3311 Μαρζαδανᾶ
1555 3243 1654 3314 τῆς
1688 3245 1954 3316 ἐκδημίας

377 3326 769 3392 ἐπανελθόντος
810 3328 956 3402 (οὐδὲ
991 3331 1099 3402 γὰρ
1124 3327 1193 3401 ἦν
1223 3332 1506 3404 ἐπιδημῶν
1558 3335 1857 3406 τηνικαῦτα
1886 3338 1953 3408 τῇ

382 3418 757 3488 Καισαρέων),
783 3421 878 3475 καὶ
903 3421 998 3475 τοῦ
1028 3421 1309 3494 σελλαρίου
1325 3426 1395 3479 τὰ
1418 3425 1559 3479 κατὰ
1571 3426 1662 3481 τὸν
1698 3428 1958 3482 Ἀναστά-

382 3524 496 3563 σιον
523 3511 976 3579 ἀπαγγείλαντος,
1009 3512 1297 3584 δεσμώτης
1322 3514 1484 3569 εὐθὺς
1504 3517 1532 3569 ὁ
1561 3516 1773 3587 μάρτυς
1797 3518 1878 3582 είς
1897 3517 1960 3573 τὸ

385 3600 720 3672 πραιτώριον
747 3604 961 3671 ἄγεται.
991 3590 1083 3658 Ἐν
1108 3598 1152 3672 ᾦ
1179 3604 1238 3658 δέ
1267 3622 1412 3660 τισιν
1440 3607 1653 3677 ἑτέραις
1680 3611 1708 3661 ὁ
1731 3609 1961 3680 Μαρζα-

383 3691 557 3757 δανᾶς
585 3696 951 3767 ἀπησχολεῖτο
978 3696 1258 3766 φροντίσιν
1276 3697 1641 3768 ἀναγνωρίζει
1666 3698 1775 3752 τῶν
1800 3701 1958 3754 sbse-

388 3783 500 3836 δῶν
517 3801 599 3847 τις
619 3785 711 3839 τὸν
751 3788 1103 3843 ’Δναστάσιον
1121 3804 1136 3820 ’
1165 3788 1224 3852 ὃς
1255 3788 1549 3859 ἐτύγχανεν
1569 3831 1572 3833 .
1595 3789 1759 3843 αὑτὸν
1805 3792 1862 3843 ἐν
1883 3790 1962 3863 τῷ

394 3871 637 3945 σεϐαστῷ
654 3878 751 3944 τῆς
777 3877 1042 3933 Θεοτόκου
1070 3879 1292 3950 τεμένει
1317 3880 1664 3950 τεθεαμένος.
1696 3882 1965 3951 Ἀναγνω-

394 3962 553 4033 ρίσας
579 3965 862 4036 τοιγαροῦν
894 3963 1048 4033 οὗτος
1083 3969 1247 4024 αύτδν
1289 3971 1349 4023 ἐν
1376 3968 1456 4040 τῷ
1509 3970 1830 4043 πραιτωρίῳ
1868 3972 1962 4026 καὶ

391 4054 523 4123 παρ’
550 4056 714 4110 αὑτοῦ
764 4058 1073 4129 πυθόμενος
1129 4060 1253 4114 ὅτου
1306 4061 1464 4131 χάριν
1514 4062 1692 4115 ἐκεῖσε
1725 4063 1959 4134 παρείη,

387 4146 705 4216 μακαρίσας
729 4165 789 4202 τε
819 4150 981 4205 αὐτὸν
1005 4150 1100 4205 τοῦ
1136 4150 1366 4216 σκοποῦ,
1404 4150 1669 4221 ρώννυσιν
1711 4152 1791 4205 ἔτι
1825 4153 1964 4224 μᾶλ-

381 4238 477 4291 λυν
508 4240 678 4294 αὐτοῦ
707 4242 807 4314 τὴν
861 4243 993 4299 περὶ
1048 4242 1114 4298 τὰ
1162 4242 1311 4297 δεινὰ
1349 4243 1683 4315 προθυμίαν,
1716 4245 1792 4309 ὡς
1825 4247 1964 4319 μήτε

379 4329 561 4399 δεσμὰ
578 4332 756 4386 δεῖσαι
778 4332 865 4388 διὰ
886 4335 1146 4406 Χριστὸν,
1179 4335 1253 4406 μὴ
1281 4335 1575 4408 βασάνους,
1606 4338 1682 4410 μὴ
1711 4337 1960 4393 θάνατον’

382 4424 523 4479 ἀλλὰ
552 4426 815 4493 γενναίως
842 4422 925 4498 τῷ
945 4427 1289 4500 Μαρζασανᾷ
1316 4430 1411 4483 καὶ
1437 4429 1702 4493 νεανικῶς
1731 4429 1964 4501 ἀποκρί-

2042 795 2291 857 poneret.
2322 785 2531 842 Exinde
2573 785 2665 841 ille
2696 800 2820 841 vere
2854 785 3103 856 egregius
3132 793 3188 840 et
3238 781 3621 840 desiderabilis

2042 877 2361 933 Anastasius
2407 877 2700 933 festinabat
2748 877 2816 932 ad
2869 875 3188 932 delectabile
3218 885 3283 931 et
3313 872 3616 946 jucundum

2045 969 2290 1040 martyrii
2326 969 2649 1039 hospitium.
2686 974 2691 979 ’

2117 1059 2205 1114 IX.
2230 1059 2365 1116 Cum
2388 1075 2500 1115 non
2523 1060 2681 1129 longe
2706 1069 2888 1115 autem
2911 1074 2941 1113 a
2965 1074 3026 1115 se
3052 1069 3321 1116 remotum
3343 1072 3469 1112 eum
3495 1057 3621 1127 qui-

2045 1149 2169 1205 dam
2199 1150 2466 1205 vidissent
2495 1166 2561 1206 ex
2592 1150 2680 1216 iis,
2709 1151 2804 1219 qui
2850 1149 3109 1205 dicuntur
3153 1165 3184 1205 a
3229 1148 3408 1204 Persis
3437 1144 3624 1201 cabal-

2048 1241 2187 1307 larii,
2222 1241 2479 1297 sedentes
2507 1241 2652 1312 apud
2689 1241 2913 1302 Derbas.
2953 1241 3097 1297 sicut
3123 1241 3289 1297 etiam
3319 1252 3624 1294 consueve-

2049 1339 2176 1386 runt
2201 1332 2329 1400 (hoc
2356 1340 2536 1387 autem
2565 1341 2651 1387 est
2680 1332 2993 1402 praetorium
3016 1334 3155 1401 ejus.
3182 1332 3274 1404 qui
3299 1333 3444 1402 apud
3473 1330 3625 1402 ipsos

2047 1422 2245 1479 dicitur
2274 1423 2544 1490 sellarius)
2576 1439 2590 1474 :
2624 1421 2786 1477 Certe
2818 1422 2906 1477 hic
2959 1431 3045 1479 est
3095 1423 3324 1484 delator,
3368 1421 3625 1477 dixerunt

2047 1514 2193 1569 inter
2228 1528 2289 1568 se
2338 1528 2591 1569 sermone
2622 1512 2862 1570 Persico.
2907 1513 3003 1569 ille
3056 1527 3187 1568 vero
3219 1527 3343 1568 cum
3396 1513 3623 1568 verbum

2050 1604 2336 1671 sensisset,
2359 1613 2421 1659 et
2462 1605 2700 1675 linguam
2757 1620 2865 1660 non
2906 1606 3232 1676 ignorasset,
3266 1615 3327 1659 ut
3368 1604 3463 1674 qui
3510 1603 3629 1671 ipse

2049 1710 2264 1765 quoque
2308 1702 2455 1749 esset
2509 1695 2694 1759 Persa,
2730 1704 2786 1749 et
2834 1695 2887 1748 in
2923 1695 3113 1750 eadem
3152 1706 3304 1758 vare,
3358 1709 3465 1763 qua
3527 1696 3626 1756 illi.

2048 1787 2315 1853 eruditus,
2337 1801 2432 1842 eos
2463 1796 2616 1842 torve
2640 1798 2691 1841 et
2714 1787 2912 1841 acriter
2937 1787 3194 1843 intuens:
3228 1787 3347 1842 Non
3375 1802 3496 1842 sum
3527 1788 3628 1842 de-

2050 1880 2208 1943 lator,
2257 1880 2467 1949 inquit;
2503 1888 2634 1934 sunt
2659 1880 2791 1943 Iure,
2843 1879 3042 1950 inquit,
3074 1895 3232 1952 nugae
3260 1888 3317 1935 et
3365 1880 3627 1949 ineptire:

2049 1971 2144 2028 Sed
2182 1972 2360 2041 potius
2419 1986 2613 2026 servus
2652 1968 2793 2025 ‘Jesu
2854 1970 3079 2034 Christi,
3120 1981 3176 2027 et
3208 1971 3367 2027 vobis
3405 1970 3628 2042 quidem

2049 2063 2247 2119 melior
2275 2081 2291 2117 :
2341 2061 2606 2131 siquidem
2636 2077 2856 2133 quoque
2886 2060 2964 2118 fui
2990 2062 3284 2133 aliquando
3332 2063 3476 2118 sicut
3504 2076 3625 2124 vos.

2050 2164 2107 2210 et
2138 2155 2192 2209 in
2220 2153 2636 2209 caballariurum
2662 2169 2947 2209 numerum
2982 2154 3057 2209 fui
3094 2153 3319 2210 relatus.
3346 2152 3472 2211 Haec
3498 2169 3626 2210 cum

2050 2247 2125 2302 illi
2156 2245 2455 2308 audissent,
2485 2254 2539 2300 et
2568 2260 2600 2301 e
2628 2246 2885 2301 cathedra
2910 2246 3093 2302 statim
3118 2246 3475 2311 exsiliissent,
3498 2263 3628 2302 eum

2049 2337 2426 2394 detinuerunt.
2480 2336 2686 2403 Deinde
2730 2352 2856 2392 cum
2907 2337 3128 2392 sellario
3183 2353 3401 2412 quoque
3437 2336 3634 2396 fuisset

2052 2430 2462 2494 annuntiatum,
2496 2430 2774 2501 egreditur
2804 2430 2968 2485 etiam
3007 2430 3097 2486 ille
3129 2446 3194 2486 ex
3229 2430 3487 2501 praetorio
3521 2447 3534 2484 :
3573 2439 3632 2486 et

2052 2537 2197 2589 cum;
2223 2522 2476 2592 quisnam
2527 2520 2573 2575 is
2597 2531 2764 2587 esset,
2803 2520 3213 2594 interrogasset,
3242 2530 3298 2578 et
3352 2522 3632 2577 undenam

2051 2612 2288 2677 veniret,
2326 2625 2381 2667 et
2431 2627 2555 2684 quae
2587 2611 2655 2667 ad
2707 2612 2885 2683 ipsum
2934 2613 3300 2683 pertinebant,
3341 2614 3633 2686 diligenter

2052 2702 2443 2766 examinasset,
2463 2702 2556 2757 dat
2575 2703 2907 2758 servandum
2930 2704 3276 2759 Anastasium
3297 2718 3353 2757 tn
3381 2703 3629 2760 custodia

2057 2793 2351 2849 tutissima.
2413 2793 2470 2847 In
2526 2809 2632 2865 qua
2674 2793 2787 2864 jam
2838 2802 2950 2849 tres
2996 2794 3115 2850 dies
3147 2794 3410 2859 inclusus,
3453 2810 3633 2865 neque

2056 2883 2262 2947 cibum,
2293 2898 2474 2954 neque
2510 2897 2718 2955 potum,
2750 2898 2932 2954 neque
2977 2884 3180 2954 aliquid
3228 2884 3375 2940 aliud
3428 2886 3498 2940 ab
3551 2886 3633 2942 eis

2000 3041 2008 3048 ,
2055 2973 2284 3029 omnino
2308 2975 2556 3044 accipere
2587 2974 2850 3029 sustinuit
2879 2990 2895 3032 :
2926 2975 3021 3030 sed
3054 2976 3134 3030 sic
3158 2976 3384 3029 omnino
3408 2977 3631 3046 jejunus

1978 3195 2024 3256 ϐ

2056 3061 2314 3119 detentus
2363 3071 2448 3117 est
2500 3063 2555 3117 in
2607 3063 2981 3128 custodia,.ut
3034 3062 3128 3133 qui
3163 3062 3473 3119 futurorum
3532 3079 3632 3134 pro

2056 3153 2274 3209 Christo
2307 3153 2675 3224 periculorum
2733 3154 2974 3210 aleretur
3036 3156 3151 3211 sola
3197 3156 3631 3227 exspectatione.

2056 3243 2191 3298 Cum
2252 3254 2436 3300 autem
2481 3247 2593 3316 jam
2654 3245 2907 3302 rediisset
2968 3245 3322 3303 Marzabanas
3352 3262 3419 3302 ex
3470 3262 3634 3318 ρει-οι

2055 3333 2360 3407 grinatione
2396 3337 2597 3405 (neque
2629 3336 2775 3391 enim
2814 3345 2945 3393 tunc
2987 3348 3104 3392 erat
3145 3337 3453 3407 Caesareae),
3479 3347 3538 3395 et
3565 3338 3636 3395 de

2056 3424 2344 3481 Anastasio
2373 3425 2728 3498 signiﬁcasset
2763 3427 3037 3495 sellarius,
3068 3428 3291 3485 vinctus
3320 3428 3504 3485 statim
3536 3430 3641 3491 ad:-

2059 3513 2278 3569 ducitur
2326 3525 2528 3587 martyr
2576 3516 2630 3571 in
2678 3518 3015 3588 praetorium.
3065 3517 3287 3574 Interim
3326 3534 3458 3575 vero
3504 3519 3634 3576 dum

2059 3601 2411 3661 Marzabanas
2437 3616 2554 3661 erat
2586 3606 2643 3661 in
2672 3607 2941 3678 aliquibus
2974 3608 3098 3663 aliis
3129 3611 3278 3664 euris
3309 3618 3634 3681 occupatus,

2064 3693 2313 3763 agnoscit
2362 3694 2558 3764 aliquis
2612 3710 2677 3751 ex
2724 3696 2830 3766 piis
2858 3697 3225 3762 Anastasium,
3272 3698 3365 3768 qui
3420 3712 3547 3753 eum
3579 3698 3636 3753 in

2063 3784 2374 3839 venerando
2421 3786 2624 3857 templo
2674 3786 2914 3856 Deiparu:
2965 3796 3273 3856 aspexerat.
3330 3787 3463 3841 Cum
3507 3802 3637 3861 ergo

2062 3873 2141 3928 sic
2160 3888 2286 3929 eum
2314 3876 2626 3945 agnovisset
2657 3876 2712 3932 in
2747 3876 3019 3945 praetorio,
3056 3885 3113 3935 et
3143 3891 3267 3932 eum
3303 3876 3639 3948 interrogas-

2064 3975 2167 4032 set,
2194 3981 2427 4037 quanam
2458 3966 2524 4023 de
2549 3982 2712 4025 causa
2741 3968 2849 4024 illic
2882 3969 3121 4033 adesset,
3157 3968 3278 4039 ejus
3313 3983 3539 4039 scopum
3581 3977 3640 4025 et

2066 4056 2373 4113 institutum
2408 4058 2659 4126 laudans,
2683 4068 2739 4115 et
2771 4075 2894 4116 eum
2915 4075 2981 4117 eo
3016 4062 3235 4116 nomine
3260 4061 3479 4116 beatum
3510 4077 3641 4133 pro-

2063 4135 2346 4213 nuntians,
2363 4150 2483 4219 ejus
2509 4160 2820 4221 promptum
2853 4161 2908 4208 et
2939 4151 3172 4208 alacrem
3197 4154 3441 4209 animum
3467 4155 3640 4228 magis

2065 4239 2353 4296 confirmat
2395 4241 2451 4295 in
2485 4241 2649 4297 rebus
2681 4244 2938 4312 gravibus
2978 4253 3035 4300 et
3080 4246 3312 4316 asperis,
3347 4254 3408 4301 ut
3461 4262 3642 4317 neque

2066 4340 2289 4403 propter
2317 4330 2596 4386 Christum
2643 4335 2862 4390 timeret
2908 4334 3145 4401 vincula,
3207 4350 3312 4391 nec
3345 4344 3639 4401 tormenta,

2067 4436 2171 4478 nec
2196 4431 2427 4477 mortem
2466 4440 2479 4475 :
2514 4422 2611 4478 sed
2643 4422 2981 4479 Marzabanze
3022 4428 3378 4495 responderet
3419 4434 3641 4481 strenue

382 4515 597 4568 νεσθαι.
615 4516 834 4587 Ἀμέλει
866 4518 960 4573 καὶ
985 4518 1121 4589 πρὸς
1144 4519 1235 4573 τὸν
1261 4518 1524 4590 τύραννον
1537 4518 1958 4591 είσαχθεὶς,ούδέ

2069 4522 2123 4569 et
2159 4512 2496 4584 iuveniliter.
2542 4512 2702 4568 Certe
2735 4516 2898 4570 etiam
2930 4529 3054 4570 cum
3105 4514 3209 4570 fuit
3248 4516 3317 4571 ad
3350 4525 3643 4586 tyrannum

381 4606 519 4676 γόνυ
541 4606 732 4675 κλίνει,
759 4608 949 4680 ὥσπερ
982 4611 1146 4678 νόμος
1183 4610 1273 4665 ἀεὶ
1304 4612 1564 4681 Πέρσαις,
1591 4610 1962 4682 προσκύνησιν

384 4697 695 4758 ἀποδιδόναι
725 4702 838 4763 τοῖς
869 4702 1132 4767 μείζοσιν,
1155 4700 1290 4755 ἀλλὰ
1329 4701 1389 4755 τὸ
1418 4701 1514 4772 τῆς
1535 4701 1715 4772 ψυχῆς
1744 4701 1965 4771 εὐγενὲς

387 4788 485 4842 καὶ
514 4788 812 4845 ἀδούλωτον
838 4789 926 4846 διὰ
977 4791 1086 4848 τῶν
1123 4792 1277 4858 ἐκτὸς
1306 4792 1702 4865 ύπεσήμαινεν.

465 4961 519 5018 1'.
559 4964 676 5032 Ἐφ’
706 4965 892 5021 ίκανδν
919 4968 1068 5040 αὑτῷ
1094 4969 1278 5024 τοίνυν
1324 4972 1351 5024 ὁ
1380 4970 1753 5042 Μαρζασανᾶς
1787 4974 1967 5027 ἀτενίι-

395 5069 519 5121 σας,
543 5055 703 5110 τοῦτο
729 5058 849 5126 μὲν,
883 5059 970 5112 ἵνα
1024 5062 1121 5115 καὶ
1163 5062 1368 5116 δειλίαν
1402 5064 1679 5136 ἐμποιήσῃ
1737 5065 1815 5136 τῷ
1848 5067 1969 5120 ἐπι-

392 5144 541 5216 μόνῳ
569 5145 658 5199 τοῦ
698 5148 1043 5219 βλέμματος,
1066 5149 1225 5206 τοῦτο
1262 5152 1318 5205 δὲ
1364 5153 1450 5207 ἵνα
1481 5156 1575 5209 καὶ
1612 5157 1968 5228 περιεργότε-

393 5250 489 5305 ρον
535 5237 917 5309 ὰνασκοπήσοι
951 5240 1042 5294 τὸν
1102 5242 1296 5313 ἄνδρα,
1337 5242 1419 5306 τίς
1454 5262 1513 5297 τε
1567 5246 1651 5315 εἴη
1706 5247 1800 5298 καὶ
1846 5245 1968 5300 ὅθεν

385 5327 573 5400 ἧρετο.
622 5328 678 5382 '0
707 5329 782 5395 δὲ,
812 5332 1139 5402 Χριστιανός
1169 5337 1285 5404 εἰμι
1345 5336 1575 5407 ἀληθὴς,
1611 5337 1964 5409 ἀπεκρίνατο.

387 5419 459 5472 Εἰ
486 5417 543 5470 δὲ
565 5417 740 5489 βούλει
779 5427 874 5477 καὶ
905 5422 1026 5476 ὅθεν
1051 5426 1223 5495 προῆγ
1236 5442 1335 5496 μαι
1361 5427 1575 5496 μαθεῖν,
1616 5429 1831 5499 Πέρσης
1869 5432 1966 5500 μὲν

386 5505 454 5562 ιδ
482 5509 639 5576 γένος
669 5512 733 5565 ἐκ
767 5511 952 5584 χώρας
1010 5514 1235 5586 Tum,
1271 5515 1465 5587 κώμης
1521 5517 1578 5571 δέ
1638 5519 1966 5594 Ῥασμουνὴ,

388 5594 759 5670 καϐαλλάριος
789 5600 847 5653 δέ
880 5617 1008 5654 ποτε
1037 5606 1132 5655 καὶ
1180 5603 1345 5667 αὐτὸς
1378 5604 1620 5674 γεγονὼς
1647 5608 1742 5663 καὶ
1765 5609 1830 5660 τὰ
1868 5626 1972 5677 μαι

385 5684 528 5756 τικὰ
581 5687 815 5758 μετιών·
868 5692 960 5745 καὶ
1023 5693 1250 5754 σκότους
1309 5694 1453 5749 οὕτω
1506 5696 1820 5769 λειτουργὸς
1871 5698 1968 5766 ὢν,

2069 4604 2431 4685 introductus,
2462 4621 2565 4661 nec
2589 4621 2729 4676 genu
2758 4605 2977 4676 quidem
3004 4604 3174 4671 ﬂexit,
3199 4615 3254 4659 ut
3284 4619 3503 4677 semper
3525 4621 3643 4663 mos

2067 4703 2152 4750 est
2176 4694 2360 4749 Persis
2391 4695 2765 4750 adorationem
2796 4694 3024 4749 reddere
3054 4694 3351 4765 majoribus
3385 4714 3398 4750 :
3427 4696 3523 4753 sed
3551 4712 3645 4769 ge-

2070 4801 2348 4854 nerosum,
2369 4796 2425 4841 et
2453 4787 2545 4858 qui
2605 4787 2661 4842 in
2695 4787 3018 4842 servitutem
3066 4786 3235 4859 redigi
3268 4801 3377 4841 non
3407 4797 3643 4858 poterat.

2068 4877 2310 4931 animum
2336 4892 2433 4947 per
2466 4886 2689 4932 externa
2721 4877 3077 4949 significabat.

2139 4966 2207 5023 Χ.
2239 4965 2375 5022 Cum
2404 4981 2534 5037 ergo
2568 4967 2688 5023 lixis
2722 4966 2894 5022 oculis
2916 4981 3043 5022 eum
3082 4966 3215 5022 satis
3243 4976 3389 5022 esset
3412 4967 3646 5025 intuitus
3682 4994 3691 5002 -

2069 5059 2440 5123 Marzabanas,
2489 5073 2575 5129 pax
2591 5059 2685 5113 tim
2716 5057 2963 5129 quidem,
3003 5068 3061 5113 ιιι
3108 5060 3382 5114 constanti
3415 5070 3643 5131 aspectu

2070 5152 2119 5206 ei
2147 5162 2410 5206 terrorem
2440 5150 2729 5217 incuteret,
2756 5135 2954 5221 partim
2987 5159 3191 5217 autem,
3222 5161 3279 5205 ut
3299 5166 3423 5206 eum
3456 5154 3645 5209 consi-

2070 5243 2288 5299 deraret
2333 5242 2674 5309 diligcntius,
2721 5241 2930 5314 rogavit
2958 5256 3085 5297 eum
3112 5241 3363 5310 quisnam
3402 5251 3547 5300 esset
3589 5254 3648 5300 et

2071 5334 2239 5404 cujas.
2263 5333 2357 5389 llle
2390 5349 2520 5389 vero
2545 5351 2560 5388 :
2583 5332 2757 5390 Verus
2786 5348 2906 5388 sum
2944 5330 3313 5399 Christianus,
3340 5334 3643 5405 respondit.

2072 5424 2227 5492 Quod
2252 5426 2296 5480 si
2333 5425 2471 5481 velis
2500 5426 2667 5481 etiam
2717 5426 2880 5492 scire,
2908 5424 3061 5497 cujas
3109 5423 3232 5489 sim,
3256 5440 3378 5481 sum
3423 5426 3645 5497 quidem

2071 5516 2236 5572 Persa
2266 5532 2489 5589 genere,
2524 5533 2590 5573 cx
2620 5517 2836 5587 regione
2856 5516 3095 5582 Racech,
3132 5516 3255 5572 vico
3290 5527 3473 5572 autem
3509 5517 3646 5574 Raso

2074 5607 2207 5661 ιιιιηὶ
2242 5626 2251 5657 τ
2283 5606 2373 5676 qui
2424 5606 2540 5678 ipse
2571 5621 2790 5677 quoque
2836 5604 2916 5662 fui
2949 5606 3240 5678 aliquando
3293 5604 3645 5669 caballarius.

2078 5706 2134 5751 et
2165 5697 2218 5750 in
2246 5695 2409 5752 rebus
2436 5696 2662 5768 magicis
2689 5697 3019 5753 exercitatus
3050 5713 3068 5753 :
3096 5711 3330 5769 cumque
3359 5697 3439 5753 sic
3470 5712 3647 5754 essem

390 5776 593 5849 ἰσχύσει
629 5769 771 5852 πρὸς
797 5781 856 5835 τὸ
884 5781 1019 5852 φῶς,
1053 5783 1125 5849 ὡς
1153 5785 1305 5857 ὁρᾷς,
1341 5785 1640 5859 μεταϐῆναι
1678 5787 1772 5841 καὶ
1805 5779 1958 5860 μεταλ

2077 5791 2326 5849 minister
2367 5790 2733 5860 tenebrarum,
2778 5792 2953 5864 potui,
3011 5800 3072 5850 ut
3105 5792 3279 5863 vides,
3321 5792 3557 5852 transire
3583 5792 3651 5851 ad
