4116 6424
385 327 490 391 791

1623 345 1908 404 MENSIS
1945 345 2402 414 JANUARIUS.

3561 365 3670 429 792

392 441 589 510 magis.
620 457 782 512 quam
815 445 956 502 ullas
984 450 1293 521 voluptates
1321 462 1377 508 et
1399 455 1625 512 delicias
1651 459 1972 529 amplector.

2085 467 2174 518 καὶ
2198 467 2314 519 ἀντ’
2342 467 2508 536 ἄλλης
2535 470 2678 532 τινὸς
2715 470 2906 540 ήδονῆς
2941 471 2973 533 ἢ
3009 472 3218 544 τρυφῆς
3263 475 3668 547 ἀσπαζόμενον.

387 532 527 589 Cum
552 550 684 605 ergo
713 554 920 608 pronus
958 540 1111 598 humi
1153 545 1464 615 cecidisset,
1491 559 1546 605 et
1571 550 1690 621 ipse
1733 555 1975 623 seipsum

389 627 594 681 sensim
621 631 982 695 extendisset,
1013 643 1126 688 tam
1161 637 1373 694 crebris
1407 649 1462 695 et
1497 651 1603 696 tam
1641 644 1977 700 continenti-

388 717 492 773 bus
519 721 913 778 verberabatur
952 725 1117 782 clava:
1151 729 1374 798 ictibus,
1406 749 1568 803 quam
1616 735 1790 791 imber
1815 737 1976 792 deor-

389 811 490 864 sim
539 813 733 868 cadit:
771 829 896 870 cum
937 818 1006 874 ab
1049 819 1289 878 inimicis
1335 825 1507 881 solam
1551 828 1796 898 petiisset
1853 842 1975 897 gra-

390 903 542 965 tiam.
562 913 620 960 ut
639 917 864 962 exueret
887 915 1254 968 venerandum
1280 917 1672 973 monachorum
1696 922 1974 987 amictum,

388 1005 444 1049 ct
479 997 642 1052 nudis
679 999 1064 1059 verberaretur
1101 1008 1378 1064 carnibus.
1421 1009 1498 1066 Nc
1533 1011 1598 1076 is,
1632 1012 1828 1082 inquit,
1872 1028 1978 1069 una

388 1103 512 1142 cum
561 1090 702 1148 meis
731 1094 999 1152 membris
1035 1099 1236 1167 probro
1283 1101 1568 1156 adiciatur.
1606 1101 1696 1158 Sic
1733 1103 1820 1157 ille
1867 1119 1977 1157 non

389 1181 562 1236 solam
602 1183 726 1240 vita:
763 1200 829 1240 ex
885 1186 996 1243 Deo
1059 1190 1477 1257 institutionem,
1520 1193 1612 1248 sed
1648 1197 1812 1249 etiam
1863 1196 1980 1262 ejus

392 1271 548 1344 signa
580 1275 728 1330 omni
769 1277 980 1334 honore
1012 1280 1300 1338 alliciebat.
1349 1283 1455 1339 Sed
1505 1285 1594 1341 ille
1623 1287 1843 1356 quidem
1886 1288 1978 1342 diu

390 1376 499 1420 tam
527 1369 820 1426 crudeliter
845 1375 1223 1443 torquebatur,
1246 1391 1368 1432 cum
1402 1393 1503 1432 nec
1526 1377 1594 1434 ab
1618 1379 1727 1434 ullo
1756 1381 1980 1436 omnino

390 1468 694 1528 teneretur,
749 1478 852 1518 nec
907 1463 1280 1534 ﬁemeretur,
1312 1481 1365 1525 et
1415 1486 1528 1526 non
1577 1487 1636 1527 se
1684 1473 1979 1530 transferre

392 1563 485 1607 aut
515 1556 741 1611 omnino
771 1571 996 1614 movere
1018 1562 1400 1630 prohiberetur
1427 1585 1440 1621 :
1469 1567 1562 1621 sed
1593 1567 1710 1637 ipse
1737 1567 1978 1639 seipsum

392 1645 567 1701 valide
599 1656 829 1714 teneret,
862 1658 919 1706 et
947 1650 1322 1721 immobiliter,
1351 1672 1463 1711 non
1498 1660 1545 1712 vi
1574 1674 1858 1726 manuum,
1882 1662 1979 1716 sed

389 1738 578 1803 animi,
617 1752 671 1793 et
708 1751 920 1798 natura
959 1747 1348 1803 necessitatem
1385 1751 1615 1806 vincens
1649 1755 1978 1811 necessitate

391 1832 546 1887 liberi
571 1834 804 1903 arbitrii,
826 1845 880 1891 et
905 1852 1062 1893 acres
1089 1841 1336 1910 corporis
1363 1842 1581 1898 dolores
1607 1845 1716 1899 acri
1752 1845 1980 1902 vincens

393 1923 484 1979 Dei
506 1925 801 1993 desiderio,
834 1939 886 1983 et
925 1941 1224 2001 praesentes
1262 1934 1538 1991 moleStias
1572 1939 1863 1994 consolans
1884 1956 1979 2011 spe

387 2021 721 2075 futurorum.

460 2205 601 2261 XIV.
639 2206 779 2262 Cum
833 2211 1095 2268 adversus
1138 2215 1258 2270 inec
1310 2216 1510 2272 stultus
1551 2219 1639 2272 ille
1688 2219 1794 2274 dux
1843 2221 1978 2275 nihil

387 2286 908 2370 sapientius'posset
935 2305 1266 2377 excogitare,
1296 2308 1439 2377 quod
1474 2317 1638 2364 tantae
1669 2309 1978 2366 fortitudini

388 2397 697 2457 opponeret
733 2398 790 2446 et
826 2391 1151 2462 tolerantiae,
1202 2398 1252 2452 ei
1300 2413 1494 2454 rursus
1543 2416 1760 2471 quoque
1797 2417 1976 2472 regem

387 2481 696 2538 intentabat
747 2494 800 2540 et
859 2487 1118 2559 rogabat,
1160 2501 1219 2546 ut
1280 2492 1702 2562 persuaderetur
1751 2495 1977 2552 athleta.

388 2571 524 2628 Nam
561 2574 628 2630 de
662 2584 735 2640 te,
757 2578 953 2647 inquit,
995 2578 1096 2651 ipsi
1128 2583 1239 2654 regi
1266 2583 1588 2655 signiﬁcabo
1615 2605 1628 2640 :
1658 2589 1884 2658 perinde
1915 2605 1979 2644 ac

387 2664 435 2717 si
469 2665 564 2718 uni
608 2680 780 2735 puero
811 2680 935 2725 utre
965 2679 1230 2728 terrorem
1273 2674 1516 2742 aﬂerret,
1547 2687 1608 2732 ut
1637 2679 1856 2735 dicitur.
1888 2680 1978 2736 ille

389 2765 573 2811 autem
612 2759 826 2827 eadem,
856 2777 978 2832 quae
1016 2765 1186 2834 prius,
1236 2768 1544 2837 respondit,
1586 2780 1641 2825 et
1674 2770 1818 2840 quod
1858 2773 1979 2842 ejus

388 2848 574 2903 animo
603 2849 866 2919 placeret,
890 2853 1052 2920 jussit
1109 2855 1310 2912 facere.
1345 2856 1614 2924 Quocirca
1645 2861 1733 2915 ille
1762 2877 1978 2933 quoque

391 2956 580 2996 rursus
614 2941 840 3013 rogabat
870 2943 1139 3000 similiter.
1168 2947 1377 3003 Deinde
1409 2949 1637 3005 dicens:
1667 2951 1789 3006 Non
1818 2953 1980 3008 times

393 3035 614 3102 regem?
647 3033 822 3102 Quam
847 3037 918 3093 ob
950 3053 1087 3101 rem.
1116 3039 1294 3111 inquit
1319 3051 1547 3115 martyr,
1572 3053 1628 3098 et
1663 3044 1792 3114 quid
1830 3046 1947 3116 ejus
1971 3071 1983 3082 -

2082 559 2301 628 Πρηνὴς
2341 559 2523 614 τοίνυν
2580 562 2676 616 ἐπὶ
2704 563 2800 617 τοῦ
2854 564 3086 633 ἐδάφους
3133 565 3338 634 πεσὼν,
3374 570 3466 621 καὶ
3507 571 3671 634 αὐτὸς

2082 648 2272 701 ἑαυτὸν
2326 650 2512 721 ἡρέμα
2543 652 2845 721 διατείνας,
2887 653 2974 707 ίσα
3010 657 3102 708 καὶ
3161 656 3316 710 ὑετοῦ
3351 660 3512 729 φορᾷ.
3571 659 3666 714 καὶ

2084 741 2220 809 μετά
2243 743 2340 812 τῆς
2372 743 2546 814 αὐτῆς
2585 746 2888 817 συνεχείας,
2935 751 3046 812 τοῖς
3081 749 3340 818 ῥοπάλοις
3377 751 3663 805 ἑτύπτετοο

2085 835 2254 905 μόνην
2293 836 2510 907 ἐκείνην
2561 839 2690 908 παρ’
2746 840 2958 910 ἐχθρῶν
3017 842 3179 911 χάριν
3219 843 3474 912 αίτήσας,
3525 843 3668 896 ὥστε

2081 923 2142 976 τὸ
2175 924 2473 996 σεϐάσμιον
2501 927 2608 982 τῶν
2637 930 2891 999 μοναχῶν
2937 931 3267 984 ἐκδύσασθαι
3297 932 3667 1003 περιϐόλαιον,

2083 1019 2176 1069 καὶ
2193 1016 2364 1081 οὕτως
2391 1018 2482 1071 ἐπὶ
2500 1020 2724 1090 γυμνῶν
2751 1021 3050 1076 τύπτεσθαι
3070 1024 3180 1075 τῶν
3204 1041 3268 1076 σα
3279 1025 3573 1093 ρκῶνοἼνα
3592 1027 3669 1098 μὴ

2084 1108 2176 1160 καὶ
2203 1109 2354 1170 αὐτὸ.
2397 1114 2564 1182 φησι,
2588 1114 2698 1175 τοῖς
2743 1115 2896 1184 ἐμοῖς
2930 1115 3434 1186 συγκαϐυϐρίζηται
3455 1117 3668 1187 μέλεσι.

2084 1198 2270 1263 Οὕτως
2319 1200 2380 1253 οὑ
2427 1202 2596 1272 μόνην
2631 1205 2838 1267 ἐκεῖνος
2865 1206 2964 1275 τὴν
3018 1206 3161 1259 κατά
3193 1205 3324 1260 Θεὸν
3369 1191 3670 1273 πολιτείαν,

2083 1289 2216 1341 ἀλλὰ
2251 1291 2343 1343 καὶ
2369 1291 2507 1345 αὐτὰ
2533 1292 2736 1364 ταύτης
2766 1293 2835 1348 τά
2867 1294 3112 1364 σύμϐολα
3140 1296 3228 1349 διὰ
3256 1297 3421 1366 τιμῆς
3449 1296 3673 1367 ἀπάσης
3705 1363 3708 1365 _

2082 1383 2270 1436 ἐτίθει.
2294 1384 2434 1438 Ἀλλ’
2451 1386 2479 1438 6
2507 1385 2606 1455 μὲν
2637 1387 2810 1450 οὕτως
2832 1388 3073 1458 ἀνηλεῶς
3111 1388 3204 1442 ἐπὶ
3235 1389 3402 1443 πολὺν
3427 1390 3519 1444 τὸν
3544 1389 3675 1461 χρό-

2083 1492 2170 1528 νον
2213 1475 2457 1546 ῂκίζετο,
2487 1477 2548 1530 οὐ
2585 1479 2956 1548 κατεχόμενος
3005 1479 3110 1534 ὑπό
3139 1499 3230 1535 του
3284 1482 3346 1536 τὸ
3387 1483 3672 1553 παράπαν,

2080 1568 2140 1619 οὐ
2181 1569 2530 1637 πιεζόμενος,
2566 1571 2625 1624 οὐ
2660 1573 2993 1642 μεταφέρειν
3028 1574 3222 1649 ἑαυτὸν
3277 1576 3310 1646 ἢ
3347 1577 3675 1645 παρακινεῖν

2082 1655 2218 1722 ὅλως
2246 1657 2584 1727 εἰργόμενος,
2617 1659 2731 1713 ἀλλ’
2785 1661 2947 1725 αὐτὸς
2981 1663 3178 1716 ἑαυτὸν
3236 1664 3497 1733 ἀσφαλῶς
3535 1682 3672 1719 κατ⁸

2087 1744 2225 1815 έχων
2249 1746 2343 1799 καὶ
2368 1748 2808 1821 ἀμετακινήτως,
2853 1754 2914 1806 οὺ
2953 1753 3047 1823 βίᾳ
3085 1757 3305 1826 χειρῶν,
3366 1757 3500 1810 ἀλλὰ
3531 1757 3674 1825 γνώο

2086 1854 2192 1908 μης
2231 1838 2325 1891 καὶ
2386 1839 2601 1908 φύσεως
2647 1842 2894 1912 ἀνάγκας
2939 1845 3152 1917 ἀνάγκη
3199 1845 3365 1900 νικῶν
3417 1847 3677 1918 προαιρέ-

2086 1946 2245 1994 σεως,
2278 1932 2370 1984 καὶ
2386 1931 2633 2004 σώματος
2661 1935 2914 2005 δριμείας
2937 1937 3127 2002 ὀδύνας
3156 1938 3506 2010 δριμυτέροις
3538 1938 3676 2009 πρὸς

2083 2020 2213 2074 Θεὸν
2245 2023 2429 2086 πόθοις
2461 2024 2778 2096 ἀναψύχων,
2812 2028 2908 2082 καὶ
2933 2029 3001 2083 τὰ
3034 2031 3281 2101 παρόντα
3309 2029 3531 2100 λυπηρὰ
3553 2032 3675 2094 ταῖς

2084 2113 2193 2166 τῶν
2219 2116 2526 2184 μελλόντων
2567 2118 2752 2173 ἐλπίσι
2777 2121 3299 2193 παραμυθούμενος.

2155 2209 2251 2261 ιΔι.
2295 2208 2439 2280 Πρὸς
2469 2210 2644 2264 ταῦτα
2672 2213 2699 2264 6
2731 2214 2958 2285 ἀνόητος
2995 2213 3221 2286 ἡγεμὼν
3253 2218 3462 2278 ἐκεῖνος
3494 2231 3674 2282 σοφω-

2083 2305 2248 2374 τέραν
2279 2303 2380 2357 οὐκ
2409 2302 2549 2374 ἔχων
2598 2305 2842 2359 ἐπίνοιαν
2873 2307 3118 2378 τοσαύτῃ
3159 2306 3460 2361 ἀντιθεῖναι
3511 2304 3674 2378 ῥώμῃ

2085 2397 2178 2450 καὶ
2207 2398 2496 2470 καρτερίᾳ,
2526 2397 2618 2452 τὸν
2667 2399 2893 2470 βασιλέα
2940 2402 3037 2455 καὶ
3066 2402 3230 2456 πάλιν
3273 2401 3674 2465 ὲπανετείνετο,

2085 2492 2176 2546 καὶ
2199 2490 2491 2559 πεισθῆναι
2544 2490 2700 2561 ἠξίου
2755 2496 2846 2545 τὸν
2881 2493 3143 2564 ἀθλητήν.
3195 2495 3347 2547 Ἐπεὶ
3381 2493 3476 2546 καὶ
3499 2492 3679 2563 αὐτῷ,

2083 2587 2241 2658 φησὶ,
2269 2585 2479 2657 βασιλεῖ
2506 2585 2640 2656 δῆλα
2663 2589 2729 2641 τά
2752 2588 2882 2658 περὶ
2907 2587 3001 2641 σοῦ
3029 2587 3293 2660 ϐήσομαι·
3317 2586 3570 2658 καθάπερ
3593 2586 3676 2638 ἑνὶ

2083 2678 2190 2733 τῶν
2218 2678 2421 2732 παίδων
2452 2677 2628 2748 ἀσκῷ,
2660 2677 2723 2730 τὸ
2744 2679 2838 2731 τοῦ
2861 2677 3042 2748 λόγου,
3068 2679 3594 2749 μορμολυττόμενος.
3612 2676 3674 2729 ’Θ

2082 2772 2138 2825 δὲ
2163 2772 2230 2826 τὰ
2255 2770 2344 2826 ίσα
2375 2773 2484 2834 τοῖς
2513 2771 2852 2842 προλαϐοῦσι
2879 2773 2974 2826 καὶ
3009 2771 3106 2825 νῦν
3143 2773 3482 2844 ἀπεκρίνατο
3507 2809 3523 2835 ,
3577 2771 3677 2823 καὶ

2083 2866 2260 2918 ποιεῖν
2293 2865 2433 2934 ὅπερ
2459 2864 2526 2918 ἂν
2553 2862 2703 2933 αὐτῷ
2737 2863 2882 2917 κατά
2912 2863 3142 2934 γνώμην
3181 2865 3508 2934 ἐπέτρεπεν.
3557 2860 3676 2928 Ἐφ’

2083 2950 2163 3018 οἷς
2199 2954 2268 3007 τὰ
2299 2954 2460 3024 ὃμοια
2503 2954 2597 3007 καὶ
2623 2953 2783 3008 πάλιν
2832 2954 3039 3016 ἐκεῖνος
3069 2953 3334 3024 ιπηρώτα
3369 2993 3384 3017 ,
3421 2947 3578 3017 Εἶτα,
3611 2951 3677 3004 οὐ

2082 3047 2349 3109 δέδοικας,
2375 3045 2573 3114 λέγων,
2605 3045 2694 3100 τὸν
2729 3045 2978 3116 βασιλέας
3005 3047 3179 3110 Διατί,
3197 3045 3360 3115 φησιν
3390 3047 3418 3098 6
3442 3043 3677 3114 μάρτυς,

391 3124 538 3180 modi
588 3141 707 3181 sum
755 3127 826 3182 ab
870 3143 936 3184 eo
990 3133 1290 3200 passurus?
1338 3133 1556 3201 Annon,
1614 3136 1813 3206 inquit,
1864 3139 1980 3208 ipse

2087 3141 2181 3194 καὶ
2210 3139 2262 3191 τί
2294 3139 2537 3193 τοιοῦτον
2559 3139 2768 3208 μέλλων
2794 3142 2921 3210 παρ’
2943 3138 3107 3193 αὐτοῦ
3137 3138 3444 3204 πείσεσθάις
3467 3136 3539 3191 Ἢ
3565 3135 3678 3206 γάρ

389 3231 607 3286 quoque
636 3218 802 3273 homo
829 3229 932 3283 est,
971 3221 1026 3273 in
1081 3231 1246 3292 quem
1281 3223 1424 3279 idem
1465 3225 1719 3282 interitus
1742 3227 1887 3283 cadit
1925 3237 1981 3283 et

391 3324 541 3364 mors
588 3310 820 3366 eadem?
869 3309 1173 3377 Quemnam
1220 3331 1349 3388 ergo
1403 3333 1490 3386 me
1542 3330 1756 3389 oportet
1806 3322 1981 3392 magis

395 3404 610 3467 timere,
637 3418 840 3460 eumne
868 3407 960 3474 qui
989 3422 1143 3476 aeque
1165 3418 1329 3479 atque
1352 3426 1452 3483 ego
1485 3412 1691 3478 interit,
1731 3429 1801 3469 an
1829 3429 1978 3479 eum,

391 3494 483 3564 qui
514 3487 734 3566 semper
773 3508 876 3564 est,
918 3509 974 3554 et
1003 3501 1096 3570 qui
1128 3503 1328 3558 coelum
1360 3515 1416 3560 et
1466 3514 1690 3574 terram,
1732 3518 1787 3563 et
1829 3523 1981 3578 quie-

393 3603 614 3658 cunque
655 3589 758 3646 sub
781 3602 1062 3663 aspectum
1098 3595 1302 3652 cadunt
1323 3606 1378 3653 et
1406 3599 1786 3670 percipiuntur
1821 3600 1982 3666 iutel:

392 3681 639 3750 ligentia,
677 3683 744 3738 ad
772 3683 878 3741 hoc
907 3695 967 3741 ut
997 3696 1205 3752 essent,
1240 3690 1535 3760 produxit?
1562 3691 1702 3748 Cum
1736 3709 1870 3766 ergo
1896 3694 1978 3749 vi-

390 3774 562 3830 disset
603 3775 712 3830 dux
760 3793 950 3833 rursus
995 3777 1243 3835 inutilem
1286 3780 1455 3840 fuisse
1497 3798 1657 3839 suum
1698 3792 1979 3848 conatum,

394 3886 516 3924 eum
551 3870 609 3925 in
658 3873 968 3938 Constantia
996 3890 1097 3946 pro
1146 3875 1348 3946 pietate
1396 3877 1532 3933 nulli
1571 3879 1794 3934 cederet
1838 3881 1982 3933 Ana-

393 3963 612 4028 stasius,
663 3978 855 4020 rursus
893 3963 1157 4022 athletam
1190 3968 1515 4024 transmittit
1553 3969 1606 4023 in
1651 3967 1975 4023 custodiam.

393 4053 682 4118 Quomodo
713 4066 897 4121 autem
939 4057 1081 4113 solet
1113 4059 1258 4128 quis,
1305 4061 1452 4132 quod
1493 4061 1629 4128 vult,
1674 4059 1832 4116 facile
1883 4076 1978 4115 ex-

393 4156 671 4216 spectare,
701 4159 825 4220 post
858 4151 1065 4221 aliquot
1098 4152 1216 4210 dies
1243 4169 1433 4209 rursus
1455 4151 1704 4210 sanctum
1737 4154 1920 4208 educit
1951 4168 1981 4206 e

393 4255 636 4307 carcere,
687 4243 868 4298 adhuc
915 4245 1094 4316 aliqua
1143 4247 1191 4301 ei
1246 4261 1341 4317 spe
1395 4246 1751 4302 blandiente:
1789 4245 1856 4300 Et
1890 4262 1980 4300 ac-

393 4339 588 4408 ceptis,
641 4338 839 4409 inquit,
877 4340 1101 4413 magicis
1134 4341 1402 4405 sacriﬁca,
1435 4356 1506 4398 ne
1549 4351 1602 4396 te
1657 4342 1825 4396 stulte
1880 4341 1981 4393 bac

394 4431 514 4484 luce
545 4433 746 4500 prives.
765 4430 967 4502 Martyr
987 4442 1195 4488 autem:
1218 4433 1454 4499 Quibus.
1481 4434 1680 4502 inquit,
1710 4448 1797 4486 me
1819 4432 1979 4500 jubes

391 4523 496 4577 diis
531 4524 877 4581 sacriﬁcare?
927 4525 1022 4581 ille
1049 4542 1180 4582 vero
1214 4526 1394 4599 :lgni,
1434 4526 1633 4596 inquit,
1668 4536 1724 4581 et
1761 4525 1885 4589 soli,
1929 4535 1982 4580 et
2015 4514 2059 4570 Ι)

395 4617 556 4670 lunae.
593 4615 735 4690 Ergo
765 4618 930 4673 etiam
955 4619 1254 4685 montibus,
1282 4619 1461 4690 inquit
1499 4627 1720 4689 martyr,
1755 4625 1811 4671 et
1833 4615 1983 4672 colli-

393 4709 514 4775 bus,
542 4718 596 4763 et
630 4710 940 4779 pecoribus,
965 4723 1020 4767 et
1051 4714 1202 4768 omni
1235 4712 1486 4774 servituti
1528 4711 1834 4775 hominum,
1869 4711 1984 4780 qui-

396 4801 498 4854 bus
551 4801 824 4872 imperare
865 4804 1006 4874 jussi
1058 4821 1250 4861 sumus
1279 4805 1348 4860 ab
1379 4804 1606 4874 Opiﬁce,
1641 4819 1750 4858 non
1798 4813 1984 4857 autem

394 4893 475 4946 eis
524 4893 710 4962 potius
759 4910 994 4965 parere,
1043 4906 1101 4952 ut
1165 4913 1262 4952 vos
1323 4896 1510 4963 vultis,
1556 4911 1664 4950 non
1727 4906 1983 4965 tanquam

397 4996 622 5057 propter
650 5002 753 5042 nos
801 4988 961 5044 factis
999 4987 1238 5050 utentes.
1268 4987 1364 5044 sed
1397 4987 1624 5060 perinde
1676 5003 1739 5042 ac
1788 4987 1833 5042 si
1885 5000 1986 5040 nos

399 5088 622 5150 propter
650 5096 713 5135 ea
754 5081 1008 5151 producti
1034 5097 1302 5144 essemus.
1335 5083 1407 5137 ita
1439 5098 1503 5136 ea
1542 5081 1896 5144 honorantes,
1932 5089 1987 5134 et

393 5178 529 5229 deos
564 5179 798 5245 turpiter
841 5175 1210 5230 nominantes.
1241 5174 1380 5232 Cum
1419 5175 1506 5231 bis
1555 5175 1737 5230 verbis
1778 5173 1986 5245 inartyr

391 5267 590 5324 ducem
642 5267 1136 5340 obstupefecisset,
1198 5284 1391 5324 rursus
1443 5267 1711 5324 abductus
1780 5277 1865 5320 est
1929 5266 1986 5318 in

390 5377 672 5419 carcerem
705 5361 811 5418 hoc
841 5371 1131 5433 praetextu,
1163 5363 1315 5433 quasi
1343 5361 1559 5417 deesset
1582 5359 1728 5432 quod
1758 5375 1985 5428 respon-

395 5457 572 5523 deret,
613 5456 904 5512 damnatus
943 5456 1008 5511 ad
1055 5472 1358 5513 carcerem.
1402 5455 1683 5511 Abductus
1724 5465 1983 5523 estergo,

396 5560 452 5601 et
486 5548 685 5604 decore
712 5547 1074 5603 confessionis
1115 5549 1376 5620 glorians,
1405 5558 1457 5602 et
1490 5547 1725 5600 vinculis
1762 5556 1985 5616 propter

396 5640 695 5694 Christum.

471 5818 582 5874 ΧΥ.
619 5820 753 5874 tium
780 5831 960 5877 autem
984 5823 1049 5878 dc
1077 5840 1141 5880 eo
1168 5825 1677 5904 rescivissct_is,cni
1709 5825 1760 5910 in
1787 5840 1990 5913 tnoua-I

2085 3234 2206 3303 οὐχὶ
2244 3233 2339 3286 καὶ
2368 3232 2533 3295 αὐτὸς
2563 3232 2854 3303 ἄνθρωπός
2884 3233 3020 3297 ἐστι,
3052 3231 3151 3304 τὴν
3179 3231 3354 3302 αὐτὴν
3385 3233 3520 3301 ἡμῖν
3547 3228 3678 3298 φθο-

2089 3328 2190 3398 ρέιν
2215 3331 2309 3379 καὶ
2339 3325 2428 3378 τὸν
2462 3325 2575 3378 ίσον
2606 3325 2836 3379 Θάνατον
2868 3321 3428 3395 ὕφιστάμενος;¹“ι“ίνα
3465 3318 3560 3376 οὖν
3609 3338 3677 3392 με

2083 3420 2166 3472 δεῖ
2197 3418 2396 3487 μᾶλλον
2436 3416 2741 3486 φοϐεῖσθαι,
2781 3418 2873 3470 τὸν
2897 3417 3096 3488 ὁμοίως
3127 3417 3254 3487 ἐμοὶ
3291 3414 3676 3487 φθειρόμενον,

2085 3512 2117 3580 ἢ
2141 3510 2232 3564 τὸν
2259 3510 2346 3563 ἀεὶ
2376 3509 2525 3572 ὄντα,
2558 3508 2654 3562 καὶ
2679 3508 2878 3571 αὐτοὺς
2906 3509 3055 3578 ἡμᾶς
3079 3547 3094 3573 ,
3127 3509 3223 3561 καὶ
3247 3505 3476 3576 οὐρανὸν
3505 3505 3562 3557 δὲ
3584 3504 3681 3556 καὶ

2084 3605 2210 3674 γῆν,
2231 3603 2325 3657 καὶ
2351 3602 2527 3657 πάντα
2555 3603 2726 3673 ὁρατὰ
2757 3601 2854 3656 καὶ
2886 3601 3152 3671 νοούμενα
3186 3602 3266 3663 είς
3283 3600 3344 3653 τὸ
3372 3594 3513 3652 εἶναι
3535 3613 3681 3666 παρ-

2083 3697 2396 3765 αγαγόντα;
2429 3693 2595 3758 Εἰδὼς
2647 3693 2826 3748 τοίνυν
2854 3696 2882 3747 6
2927 3691 3173 3764 ἡγεμὼν,
3203 3692 3278 3754 ὡς
3308 3694 3550 3762 ἀνήνυτα
3585 3689 3679 3743 καὶ

2086 3789 2248 3854 αὖθις.
2269 3789 2417 3860 αὐτῷ
2445 3786 2515 3842 τὰ
2537 3788 2636 3858 τῆς
2678 3788 3059 3858 ἐγχειρήσεως
3076 3825 3090 3850 ,
3117 3785 3290 3849 οὕτως
3320 3781 3678 3837 Ἀναστασίου

2089 3881 2279 3954 μηδενὶ
2313 3881 2408 3951 τήν
2442 3878 2726 3942 εὐσεϐείας
2754 3877 3004 3933 ἔνστασιν
3034 3879 3297 3942 είκοντος,
3327 3875 3406 3948 τῷ
3433 3872 3682 3945 φρουρίῳ

2085 3976 2180 4030 καὶ
2209 3975 2373 4028 πάλιν
2398 3970 2762 4044 παραπέμπει
2791 3971 2883 4025 τὸν
2916 3971 3178 4042 ἀθλητήν.
3223 3964 3326 4022 Οἷα
3354 3969 3410 4021 δὲ
3451 3967 3617 4036 φιλεῖ,
3650 3965 3681 4018 6

2087 4064 2338 4136 βούλεταί
2365 4082 2474 4130 τις,
2504 4063 2663 4117 τοῦτο
2689 4063 2886 4135 ῥᾳδίως
2921 4063 3015 4116 καὶ
3039 4061 3366 4133 προσδοκᾷς),
3390 4061 3510 4127 ἄγει
3540 4057 3680 4126 μετά

2083 4172 2236 4217 τινας
2264 4153 2477 4225 ἡμέρας
2507 4151 2600 4206 τὸν
2627 4151 2784 4219 ἅγιον
2813 4151 2920 4204 ἀπὸ
2949 4147 3045 4203 τοῦ
3087 4148 3390 4220 φρουρίουο,
3424 4145 3505 4198 ἔτι
3530 4144 3678 4204 nvo;

2085 4247 2246 4301 αὐτὸν
2284 4245 2497 4309 ἐλπίδος
2553 4242 2973 4314 ὑποσαινούσής,
3011 4239 3363 4307 καὶ,Λαϐὼν,
3401 4237 3557 4307 φησὶ,
3607 4237 3680 4287 τά

2088 4341 2321 4413 μαγικὰ,
2379 4337 2565 4406 θῦσον,
2634 4337 2710 4408 μὴ
2737 4336 2830 4390 καὶ
2859 4334 3014 4388 τοῦδε
3076 4333 3171 4387 τοῦ
3207 4330 3382 4401 φωτὸς
3413 4329 3472 4383 σὲ
3512 4327 3678 4382 αὑτὸν

2084 4435 2324 4504 ἀνοήτως
2371 4429 2776 4501 ἀποστερήσῃς.
2839 4428 2950 4481 Καὶ
3005 4428 3033 4481 6
3086 4426 3296 4497 μάρτυς
3330 4463 3347 4491 ,
3384 4421 3565 4482 Ποίοις
3608 4435 3677 4488 με

2087 4524 2355 4588 κελεύεις,
2390 4522 2516 4592 ἔφη,
2550 4520 2713 4575 Θῦσαι
2774 4520 2948 4587 θεοίς;
2979 4520 3037 4572 ὐ
3065 4518 3121 4572 δέ
3151 4537 3164 4549 ’
3192 4519 3332 4588 Ηυρὶ
3354 4557 3369 4584 ,
3389 4514 3485 4570 καὶ
3518 4513 3675 4584 ἡλίῳ,

2087 4619 2185 4673 καὶ
2215 4617 2434 4687 σελήνῃ,
2467 4615 2563 4669 καὶ
2591 4615 2766 4686 ἵππῳ.
2799 4611 3014 4667 Οὐκοῦν
3063 4612 3159 4666 καὶ
3197 4611 3373 4681 ὄρεσι,
3407 4609 3436 4661 ὀ
3467 4607 3679 4677 μάρτυς

2089 4707 2233 4776 εἷπε,
2257 4710 2352 4763 καὶ
2384 4708 2614 4780 βουνοῖς,
2639 4710 2735 4761 καὶ
2763 4707 3011 4778 κτήνεσι,
3037 4706 3134 4759 καὶ⁹
3163 4703 3310 4775 πάσῃ
3330 4701 3437 4755 τῶν
3462 4699 3678 4769 ἀνθρώ-

2089 4827 2206 4864 πων
2221 4806 2456 4874 δουλείᾳ,
2474 4798 2549 4861 ὧν
2575 4804 2765 4876 ἄρχειν
2794 4802 2899 4857 ὑπὸ
2913 4801 3004 4856 τοῦ
3021 4797 3365 4871 Δημιουργοῦ
3393 4791 3678 4866 κεκέλ[εύ-

2088 4898 2317 4972 «Mt-29x,
2342 4899 2442 4952 οὐκ
2481 4897 2745 4970 ἄρχεσθαι
2797 4892 3018 4966 μᾶλλον,
3051 4891 3128 4954 ὡς
3175 4890 3329 4991 αὐτοὶ
3378 4883 3676 4991 βούλεσθε,

2091 4990 2344 5062 καθάπερ
2390 4990 2451 5041 οὐ
2501 4989 2570 5042 δι’
2612 4987 2760 5058 ἡμᾶς
2807 4983 3089 5053 γεγονόσιν
3139 4979 3327 5040 αὐτοῖς
3368 4979 3675 5046 χρώμενοι·

2089 5084 2204 5139 ἀλλ’
2223 5083 2414 5154 ὥσπερ
2440 5083 2507 5134 ἂν
2533 5083 2580 5134 εἰ
2603 5079 2691 5133 διὰ
2718 5076 2890 5131 ταῦτα
2916 5073 3115 5146 μᾶλλον
3154 5071 3310 5142 ὑμεῖς
3331 5065 3676 5138 παρήχϐητε,

2090 5178 2236 5232 οετω
2269 5178 2362 5229 καὶ
2389 5175 2663 5246 τιμῶντες
2702 5171 2841 5226 αὖτά
2877 5172 2971 5226 καὶ¹
2996 5169 3154 5230 Θεοὺς
3203 5165 3447 5230 ἀγεννῶς
3475 5161 3674 5233 ὀνομά-

2090 5272 2299 5336 ζοντες.
2339 5268 2560 5331 Τούτοις
2607 5268 2638 5320 6
2667 5265 2879 5337 μάρτυς
2909 5261 3263 5331 καταπλήξας
3293 5260 3406 5323 τοῖς
3465 5255 3676 5328 ῥήμασι

2091 5363 2182 5416 τὸν
2205 5361 2472 5433 ἡγεμόνα,
2495 5357 2597 5428 τὴν
2625 5355 2792 5419 εἰς-τὸ
2822 5354 3086 5425 φρούριον
3103 5350 3197 5405 καὶ
3226 5345 3382 5410 αὖθις
3408 5347 3675 5417 ἀπήγετο,

2090 5455 2369 5526 πρόφασιν
2401 5447 2498 5520 τῆς
2547 5447 2686 5520 πρὸς
2720 5447 2781 5502 τδ
2820 5447 3098 5500 ἀντειπεῖν
3135 5441 3368 5513 ἀπορίας
3408 5451 3676 5539 κατακρι-

2090 5545 2203 5608 Osi;
2242 5543 2340 5613 τήν
2378 5541 2641 5613 φρουράν.
2691 5539 2962 5609 Ἀπήγετο
2986 5532 3102 5602 οὖν,
3138 5532 3216 5605 τῷ
3255 5549 3313 5587 τε
3359 5531 3455 5600 τῆς
3487 5531 3679 5599 ὁμολο-

2089 5637 2214 5706 γίας
2252 5635 2444 5706 κόσμῳ
2477 5634 2570 5688 καὶ
2590 5635 2701 5697 τοῖς
2735 5631 2876 5705 ὑπὲρ
2909 5629 3146 5702 Χριστοῦ
3169 5629 3384 5698 δεσμοῖς
3417 5624 3678 5695 σεμνυνύο

2092 5746 2273 5799 μενος.

2162 5822 2263 5879 ll‘l'.
2297 5820 2500 5878 Μαθὼν
2529 5821 2582 5874 6‘:
2606 5829 2672 5874 τά
2698 5822 2816 5875 κατ’
2852 5817 3014 5873 αὑτὸν
3042 5819 3067 5870 6
3097 5818 3192 5888 τὴν
3225 5813 3548 5870 ἐπιστατέαν
3583 5812 3682 5882 τῆς
