4116 6412
259 385 375 448 7S1?

1372 387 1554 450 VITA
1591 388 1651 449 S.
1683 386 2090 448 ANASTASII
2123 388 2409 449 PERS/E.

3430 379 3534 443 79l

256 495 430 550 αὐτοῦ
463 494 642 566 ψυχῆς
672 495 732 550 ἐν
765 498 830 568 τῇ
868 499 1002 570 μονῇ
1029 495 1364 562 πιστευθεὶς,
1397 497 1525 551 ὅταν
1559 513 1619 551 τε
1650 496 1848 551 πολλὰ·

1965 495 2119 552 sterio
2163 495 2343 551 fuerat
2393 494 2601 551 credita
2649 494 2771 565 ejus
2829 492 3027 549 anima:
3075 507 3207 549 cura
3241 510 3256 559 ;
3291 491 3528 562 qualem,

257 601 351 649 κις
380 585 457 655 τῷ
490 585 714 657 ἄρχοντι
743 590 1028 658 παραστὰς
1062 587 1376 652 ἐπεδείξατο
1402 587 1504 658 τὴν
1540 588 1853 659 ὁμολογίαν,

256 680 358 735 καὶ
388 679 541 745 ὅπως
590 678 770 734 πάντα
813 678 1006 732 παθεῖν
1041 679 1181 750 ὑπὲρ
1231 678 1516 741 εὐσεϐείας
1549 679 1853 747 προείλετο,

255 774 427 837 αὐτός
450 789 510 826 τε
534 771 675 842 μετά
705 772 803 839 τῆς
834 771 1002 842 ἄλλης
1025 770 1135 825 τῶν
1166 772 1422 841 μοναχῶν
1454 771 1706 827 συνοδίας
1729 772 1856 842 ἡδο-

255 864 363 934 νῆς
385 864 671 929 ἐπιπλατο,
704 864 799 917 καὶ
838 862 1028 934 ὥσπερ
1076 865 1414 931 ’Δναστασίῳ
1458 868 1700 917 συνεῖναι
1754 865 1857 918 κάν

258 956 379 1017 τοῖς
400 953 617 1007 ἐκείνου
648 954 837 1023 μέλεσι
862 954 958 1006 καὶ
987 953 1149 1016 αὐτὸς
1179 953 1362 1007 ἀθλεῖν
1390 951 1548 1024 ᾤετο.
1590 952 1701 1006 Kal
1726 951 1858 1021 βοη-

260 1026 379 1101 θεῖν
414 1047 517 1099 οὐκ
545 1044 685 1115 ἔχων
712 1048 778 1115 τῇ
821 1044 1117 1117 παρουσίᾳ,
1149 1044 1370 1115 ἐϐοήθει
1392 1046 1455 1115 τῇ
1493 1045 1623 1115 εὐχῇ
1655 1044 1750 1098 καὶ
1778 1042 1857 1115 τῷ

264 1137 463 1210 μέλανι
493 1154 508 1170 ο
549 1136 650 1190 καὶ
705 1135 865 1190 τοῦτο
916 1136 1014 1205 μέν
1044 1136 1214 1189 ἐδεῖτο
1237 1134 1553 1207 θερμότατα
1594 1132 1692 1187 τοῦ
1717 1133 1854 1186 Θεοῦ

268 1229 411 1300 μετά
448 1227 634 1298 πάσης
689 1228 793 1297 τῆς
846 1228 1210 1299 ἀδελφότητος
1271 1227 1621 1296 διανυσθῆναι
1674 1224 1856 1287 καλῶς

264 1316 420 1387 αὐτῷ
436 1317 532 1371 τοῦ
565 1316 866 1387 μαρτυρίου
886 1316 946 1370 τὸ
974 1318 1187 1370 στάδιον
1214 1333 1227 1346 ·
1252 1317 1413 1371 τοῦτο
1439 1317 1496 1370 δὲ
1521 1314 1729 1369 καὶδύο
1748 1313 1858 1367 τῶν

267 1408 519 1478 ἀδελφῶν
544 1407 856 1476 ἐκπέμψας,
879 1406 1204 1478 γράμμασιν
1228 1406 1308 1460 ἐτι
1340 1406 1538 1477 μᾶλλον
1571 1406 1738 1461 αὐτοῦ
1761 1406 1857 1476 τὴν

271 1499 581 1571 προθυμίαν
619 1497 917 1552 ἐπέτεινεν.
962 1498 1053 1552 ‘Ev
1085 1499 1200 1569 ὅσῳ
1229 1498 1284 1553 δὲ
1317 1499 1347 1550 ὁ
1383 1501 1596 1568 μάρτυς
1639 1500 1719 1559 εἰς
1755 1500 1858 1569 τὴν

278 1594 339 1646 ἐν
358 1592 436 1662 τῷ
465 1588 712 1662 φρουρίῳ
733 1589 981 1662 φυλακὴν
1005 1592 1272 1660 ἐτηρεῖτο,
1312 1592 1426 1653 τοῖς
1455 1590 1619 1652 θείοις
1647 1590 1857 1661 ῥήμασι

277 1685 375 1737 καὶ
394 1685 508 1744 ταῖς
534 1684 679 1735 κατὰ
708 1681 842 1734 Θεὸν
871 1680 1103 1745 ἐννοίαις
1131 1680 1399 1750 δτηνεκῶς
1429 1682 1702 1752 ἐνετρύφα
1720 1698 1732 1712 ’
1764 1682 1858 1735 καὶ

268 1774 397 1827 οὔτε
448 1773 543 1839 νὺξ
593 1771 745 1843 αὐτῷ
773 1774 901 1835 τοὺς
936 1773 1073 1843 πρὸς
1124 1772 1258 1826 Θεὸν
1289 1771 1515 1843 ὕμνους,
1553 1771 1679 1826 οὐτε
1709 1774 1756 1826 οἱ
1791 1773 1856 1826 ὲκ

266 1864 382 1918 τῶν
412 1863 668 1934 χαλεπῶν
712 1862 929 1934 δεσμῶν
978 1864 1207 1917 ἐκείνων
1244 1864 1404 1917 πόνοι·
1426 1864 1522 1917 καὶ
1554 1863 1656 1933 τῆς
1689 1863 1855 1931 ἄλλης
1887 1845 1929 1901 Β

265 1956 651 2028 ταλαιπωρίας
692 1955 1007 2022 ἐνέκοπτον,
1067 1956 1206 2010 ἀλλά
1259 1957 1375 2010 καὶ·
1412 1956 1535 2009 νέου
1566 1956 1714 2019 τινὸς
1764 1956 1858 2009 ἐπὶ

269 2066 332 2103 κε
348 2048 587 2119 κουργὲᾳ
639 2046 805 2115 δῆθεν
858 2045 1078 2109 ἁλόντος
1103 2046 1235 2112 τινὶ,
1265 2046 1472 2117 αὐχένα
1502 2046 1581 2118 τῷ
1613 2047 1857 2119 μάρτυρι

273 2140 372 2194 καὶ
405 2140 541 2193 πόδα
574 2138 959 2207 συνδεδεμένου
981 2177 997 2202 ,
1037 2138 1456 2210 διανιστάμενος
1504 2140 1615 2193 τῶν
1645 2140 1860 2193 νυκτῶν

273 2232 306 2284 ὀ
333 2232 489 2301 ἅγιος
514 2229 655 2284 ὥστε
677 2228 797 2300 Θεῷ
819 2229 918 2294 τὰς
940 2230 1193 2301 συνήθεις
1218 2229 1511 2284 ἀποδοῦναι
1530 2229 1858 2297 δοξολογίας,

274 2324 372 2376 καὶ
401 2322 754 2393 παραλυπεῖν
785 2320 950 2374 αὐτὸν
981 2321 1085 2375 οὐκ
1119 2320 1341 2385 ἐθέλων,
1371 2322 1488 2376 ἀλλ’
1510 2323 1660 2385 ὅπως
1697 2323 1859 2392 pan-

276 2431 381 2467 στα
408 2411 736 2480 καθευδήσει
780 2415 877 2467 καὶ
925 2412 1304 2468 ἀναπαύσεται
1351 2415 1500 2485 μάλα
1534 2415 1860 2485 φροντίζων,

272 2502 530 2558 ἐπέκλινε
557 2503 650 2556 τὸν
676 2503 878 2573 αὐχένα
903 2504 1145 2575 κειμένῳ
1168 2543 1185 2570 ,
1218 2506 1430 2558 καὶτὸν
1454 2507 1592 2558 πόδα
1620 2505 1698 2575 τῷ
1718 2506 1864 2560 ἐκεί-

272 2610 369 2647 νου
399 2595 521 2648 ποδὶ
554 2594 935 2666 προσήρειδεν,
988 2594 1130 2650 ὥστε
1164 2596 1238 2667 μὴ
1268 2596 1408 2668 ἀηδῆ
1465 2595 1560 2650 καὶ
1617 2597 1863 2666 λυπηρὸν

274 2682 428 2755 οὐτῷ
480 2687 549 2755 τῇ
607 2683 717 2739 τῶν
752 2683 999 2740 ἁλύσεων
1052 2686 1320 2740 ἀποτάσει
1369 2687 1460 2741 τὸν
1516 2687 1649 2758 ἠδύν
1696 2689 1863 2743 πᾶσιν

276 2774 448 2829 ὕπνον
474 2775 820 2847 ἐργάζεσθαι.
844 2777 993 2842 Mlti;
1017 2778 1149 2847 γοῦν
1183 2796 1313 2832 ποτε
1341 2779 1449 2832 τῶν
1478 2778 1699 2833 νυκτῶν
1726 2779 1864 2850 ψάλ-

273 2866 463 2931 λοντος
492 2867 687 2933 αὐτοῦ,
715 2868 802 2933 τὶς
833 2868 941 2923 τῶν
975 2871 1034 2923 ἐν
1059 2872 1124 2940 τῇ
1156 2870 1371 2941 φυλακῇ
1393 2870 1604 2940 δημίων
1624 2872 1862 2943 ἐγρηγο-

221 2958 227 2962 ’
279 2957 391 3031 ρὼς
417 2959 515 3012 καὶ
542 2960 726 3029 νήφων
761 2960 1076 3031 ἐπηκροᾶτο
1105 3000 1120 3023 ,
1161 2961 1416 3031 Ἐϐραῖος
1449 2961 1550 3031 μὲν
1580 2963 1682 3033 τὴν
1733 2964 1868 3033 θρη-

285 3048 477 3102 σκείαν
516 3048 613 3102 καὶ
643 3047 753 3102 τῶν
784 3049 1086 3118 ἐπιφανῶν,
1120 3050 1371 3120 ἐπιεικὴς
1400 3050 1459 3103 δέ
1487 3051 1587 3120 τὴν
1617 3050 1863 3120 γνώμην,

1959 587 2203 658 inquam,
2246 589 2546 658 productus
2581 587 2650 643 ad
2701 587 2990 657 praesidem
3032 600 3175 658 saepe
3203 584 3536 640 ostendisset

1957 681 2378 748 confessionem,
2408 688 2465 736 et
2497 680 2952 751 quemadmodum
2996 680 3112 750 ipse
3158 678 3535 734 constituisset

1958 774 2143 829 omnia
2171 775 2282 844 pati
2310 788 2408 844 pro
2441 772 2665 843 pietate,
2698 774 2816 843 ipse
2844 787 3060 842 quoque
3098 788 3222 826 cum
3257 771 3361 825 alio
3388 779 3531 825 centu

1958 862 2355 917 monachorum
2381 861 2623 931 repletus
2646 869 2730 914 est
2760 861 2944 915 latitia
2970 877 2986 923 :
3030 862 3145 930 ipse
3172 863 3333 916 etiam
3371 867 3533 930 puta-

1958 954 2052 1007 bat
2079 968 2138 1008 se
2166 967 2288 1007 esse
2315 967 2421 1007 una
2445 968 2569 1008 cum
2601 952 2915 1015 Anastasio,
2937 961 2992 1006 et
3024 952 3076 1007 in
3109 952 3370 1006 membris
3391 951 3536 1005 illius

1957 1046 2275 1101 decertare:
2311 1033 2513 1099 et‘cum
2552 1061 2663 1098 non
2692 1053 3053 1115 posst-mpero
3088 1043 3227 1096 ferre
3263 1058 3360 1096 sua
3392 1058 3536 1112 prae-

1960 1140 2156 1199 sentia,
2184 1152 2341 1207 opem
2370 1137 2577 1192 ferebat
2603 1136 2859 1205 precibus
2881 1146 2937 1189 et
2968 1144 3291 1192 atramento.
3325 1133 3388 1187 Et
3411 1150 3536 1204 par-

1957 1231 2052 1285 tim
2078 1229 2296 1300 quidem
2318 1230 2489 1283 Deum
2518 1229 2998 1285 vehementissime
3021 1228 3241 1298 rogabat
3270 1242 3390 1281 cum
3429 1237 3536 1280 tota

1962 1319 2318 1385 fraternitate,
2349 1328 2409 1373 ut
2444 1319 2669 1388 pulchre
2714 1333 2810 1387 per
2851 1318 3167 1387 martyrium
3217 1317 3265 1371 ei
3310 1320 3538 1383 perlice-

1966 1420 2119 1465 retur
2142 1409 2412 1465 stadium:
2446 1404 2643 1479 partim
2673 1418 2856 1463 autem
2882 1409 3096 1463 duobus
3118 1422 3334 1478 quoque
3361 1406 3541 1461 missis

1959 1503 2239 1566 fratribus,
2281 1510 2595 1571 promptum
2631 1512 2684 1554 et
2710 1501 2944 1555 alacrem
2988 1501 3111 1570 ejus
3147 1502 3389 1554 animum
3425 1513 3540 1551 ma-

1959 1595 2041 1666 gis
2082 1594 2251 1648 auxit.
2288 1592 2497 1647 Interea
2530 1608 2660 1646 vero
2701 1592 2828 1646 dum
2887 1602 3089 1661 martyr
3130 1590 3541 1645 custodiebatur

1962 1689 2017 1743 in
2058 1702 2295 1750 carcere,
2330 1687 2529 1741 divinis
2552 1686 2732 1740 verbis
2753 1694 2808 1740 et
2828 1684 3115 1739 sententiis
3145 1698 3205 1737 se
3234 1682 3542 1737 oblectabat

1962 1778 2200 1842 assidue,
2221 1786 2275 1832 et
2302 1792 2480 1846 neque
2510 1791 2618 1830 nox
2646 1776 2767 1840 eius
2788 1775 2853 1829 ad
2888 1774 3055 1828 Deum
3089 1776 3335 1846 hymnos.
3363 1787 3540 1841 neque

1958 1869 2203 1939 gravium
2237 1868 2453 1922 illorum
2497 1866 2839 1921 vinculorum
2872 1874 2928 1920 et
2970 1866 3191 1935 reliqua:
3235 1862 3541 1919 alllictionis

1957 1962 2172 2016 labores
2201 1975 2295 2014 eos
2332 1958 2826 2029 interrumpebant.
2858 1957 2999 2024 Quin
3046 1959 3210 2013 etiam
3243 1972 3366 2011 cum
3416 1956 3542 2025 qui-

1957 2054 2080 2108 dam
2126 2052 2384 2122 juvenis,
2425 2050 2519 2122 qui
2570 2061 2763 2120 captus
2821 2049 2997 2105 fuerat
3048 2059 3273 2120 propter
3322 2049 3542 2119 aliquod

1958 2142 2305 2206 malelicium,
2344 2157 2468 2197 cum
2502 2153 2738 2213 martyre
2766 2140 2997 2196 haberet
3029 2141 3228 2196 collum
3264 2148 3320 2194 et
3348 2140 3540 2209 pedem

1965 2235 2298 2305 colligatum.
2320 2242 2485 2288 noctu
2518 2249 2749 2305 surgens
2771 2243 3010 2289 sanctus.
3034 2241 3094 2288 ut
3124 2233 3235 2286 Deo
3256 2247 3544 2289 consuetas

1962 2326 2220 2380 redderet
2264 2324 2705 2394 gloriﬁcationes,
2729 2334 2786 2379 et
2822 2324 2871 2377 ei
2911 2324 3081 2378 nollet
3131 2324 3329 2379 afferre
3372 2324 3543 2379 inole—

1959 2418 2143 2483 stiam,
2174 2418 2266 2470 sed
2297 2426 2357 2471 ut
2387 2416 2650 2470 dormiret
2670 2424 2727 2471 et
2748 2416 3055 2485 quiesceret
3087 2431 3272 2471 curam
3306 2424 3543 2485 gereret,

1962 2504 2162 2559 collum
2199 2504 2266 2559 ad
2292 2504 2567 2573 jacentem
2594 2505 2922 2569 inclinabat,
2957 2515 3011 2560 et
3033 2505 3225 2575 pedem
3253 2506 3398 2560 illius
3424 2505 3545 2576 pedi

1962 2595 2308 2660 admovebat,
2341 2610 2413 2650 ne
2440 2598 2684 2652 extensis
2712 2598 2924 2677 catenis
2958 2598 3314 2668 iniucundum
3348 2608 3405 2653 et
3427 2614 3547 2652 mo-

1964 2687 2163 2743 lestum
2194 2690 2244 2743 ei
2288 2704 2540 2743 somnum
2573 2689 2831 2744 elliceret.
2866 2689 2981 2745 Una
3025 2700 3206 2745 autem
3258 2699 3420 2745 nocte
3446 2690 3549 2744 ali-

1962 2780 2186 2850 quando
2223 2795 2349 2833 eum
2398 2781 2718 2848 psallentem
2742 2782 2963 2850 quidam
3015 2798 3081 2836 ex
3130 2782 3215 2847 iis,
3255 2782 3347 2845 qui
3390 2791 3550 2836 erant

1965 2872 2133 2927 vincti
2164 2872 2220 2926 in
2259 2874 2530 2937 custodia,
2573 2874 2835 2937 exaudiit,
2875 2873 3140 2929 Hebraeus
3169 2874 3386 2944 quidem
3422 2874 3551 2929 reli-

1968 2966 2155 3035 gione.
2201 2964 2356 3035 isque
2384 2965 2542 3019 valde
2581 2965 2809 3035 insignis
2850 2984 2864 3020 :
2913 2967 3061 3021 mitis
3106 2983 3236 3021 vero
3277 2981 3342 3022 ac
3391 2983 3550 3021 man-

1968 3065 2180 3113 suetus.
2215 3064 2271 3110 et
2314 3056 2472 3111 valde
2502 3057 2662 3112 bonis
2695 3057 2959 3113 moribus.
3010 3057 3111 3125 Qui
3153 3074 3278 3113 cum
3328 3059 3547 3114 beatum

279 3139 375 3193 καὶ
404 3140 609 3210 τρόπου
642 3141 1008 3211 χρηστοτέρου
1045 3141 1544 3212 μεταποιούμενος,
1562 3141 1622 3206 ὃς
1650 3144 1746 3196 καὶ
1772 3143 1864 3196 τὸν

1970 3150 2123 3202 illum
2178 3148 2404 3203 vidisset
2454 3149 2693 3203 interdiu
2745 3149 2964 3242 quidem
3020 3151 3203 3205 vexari
3267 3150 3550 3222 portandis

285 3232 562 3301 μακάριον
611 3232 816 3285 ἐκεῖνον
873 3230 1051 3296 εἰδὼς,
1091 3233 1191 3300 τὴν
1249 3233 1350 3301 μὲν
1404 3233 1619 3304 ἡμέραν
1675 3233 1764 3287 ἀεὶ
1797 3235 1864 3304 τῇ

1971 3239 2266 3311 lapidibus,
2302 3240 2483 3295 noctis
2511 3249 2693 3294 autem
2728 3228 2967 3308 quietem
3000 3257 3190 3297 rursus
3221 3243 3548 3313 interrumpi

285 3325 632 3396 μετακομιδῇ
655 3324 768 3377 τῶν
792 3323 956 3378 λίθων
982 3325 1439 3395 κατατεινόμενον
1459 3365 1476 3390 ,
1528 3326 1628 3397 τὴν
1656 3325 1715 3379 δὲ
1764 3326 1867 3395 τῆς

281 3414 476 3480 νυκτὸς
504 3414 816 3469 ἀνάπαυσιν
849 3415 1015 3469 πάλιν
1038 3417 1172 3487 εὐχῇ
1191 3417 1283 3470 καὶ
1315 3416 1503 3470 στάσει
1535 3419 1866 3487 περικοπτόο

283 3525 444 3578 μενον
461 3550 476 3574 ,
505 3510 601 3562 καὶ
623 3507 875 3578 οὐδαμῶς
903 3509 1129 3578 ὐφιέντα
1161 3509 1256 3560 τοῦ
1280 3508 1457 3571 τόνου,
1502 3506 1627 3561 οὔτε
1662 3509 1770 3579 μὴν
1795 3508 1865 3562 τὰ

283 3600 421 3669 μέλη
451 3600 809 3668 πεπονηκότα
836 3600 935 3652 καὶ
958 3600 1155 3668 μικρὸν
1177 3599 1867 3668 ἀνακτώμενοννδιενοεῖτο

278 3692 402 3745 καθ’
431 3691 643 3756 ἐαυτὸν,
677 3691 825 3754 ὅστις
855 3691 986 3744 ποτέ
1010 3691 1116 3759 εἴη,
1149 3690 1243 3744 καὶ
1277 3689 1421 3759 ἥτις,
1450 3690 1518 3759 ἢν
1547 3690 1729 3759 λάχοι,
1760 3689 1867 3757 φύ-

285 3800 393 3846 σις,
416 3781 556 3836 οὐτω
582 3784 886 3853 καρτερική
920 3799 1005 3847 τις
1040 3777 1100 3836 οὗ
1112 3799 1175 3834 σα
1214 3782 1309 3835 καὶ
1340 3782 1544 3852 suppa
1571 3781 1663 3834 καὶ
1685 3781 1867 3844 πόνοις

287 3872 521 3942 ἀπειθὴς
554 3877 647 3928 καὶ
678 3874 983 3939 ἀνάλωτος.

362 3963 478 4032 ις’.
502 3966 589 4036 Τῷ
626 3968 864 4039 μάρτυρι
893 3964 1187 4035 τοιγαροῦν
1210 3966 1416 4029 ἐκεῖνος
1447 3964 1635 4029 ἀτενὲς
1663 3963 1866 4035 ἐνορῶν

282 4058 414 4119 τούς
458 4056 710 4120 ἑωθινοὺς
755 4056 959 4128 ὕμνους
996 4056 1199 4128 ᾄδοντι,
1240 4057 1338 4110 καὶ
1367 4056 1473 4127 ὅλῳ
1499 4054 1577 4126 τῷ
1610 4056 1685 4126 νῷ
1731 4061 1869 4124 προς

282 4148 420 4201 Θεὸν
450 4148 579 4219 ἐκδη
589 4149 801 4219 μοῦντι,
825 4150 920 4204 καὶ
941 4148 1422 4221 προαρπαζομένῳ
1441 4147 1539 4202 τοῦ
1565 4147 1867 4219 μαρτυρίου

280 4241 379 4295 καὶ
416 4241 555 4311 μετά
573 4241 853 4311 σώματος,
880 4243 983 4311 ὁρᾷ
1008 4258 1161 4304 τινας
1180 4241 1698 4313 λευχειμονοῦντας,
1721 4243 1869 4312 ὠμο-

279 4332 449 4404 φίριά
474 4349 534 4385 τε
584 4335 1027 4404 περικειμένους,
1055 4338 1151 4388 καὶ
1189 4336 1291 4389 ὅσα
1320 4335 1420 4405 τῆς
1456 4336 1611 4407 ἱερᾶς
1651 4334 1868 4405 ἐκείνης

280 4424 481 4493 στολῆς
537 4426 634 4479 καὶ
679 4424 774 4478 τοῦ
810 4424 1013 4495 σεμνοῦ
1046 4425 1156 4479 τῶν
1205 4425 1512 4497 ἀρχιερέων
1544 4425 1865 4495 ἐνδύματος,

1970 3333 2168 3387 stando
2217 3339 2274 3386 et
2298 3333 2525 3398 orando,
2549 3339 2605 3387 et
2633 3334 2771 3388 nihil
2792 3336 3019 3390 omnino
3043 3336 3421 3391 remittere-de
3453 3351 3551 3399 sua

1968 3422 2301 3485 constantia,
2342 3437 2522 3492 neque
2558 3423 2771 3478 defessa
2825 3424 3069 3479 membra
3120 3425 3400 3496 paululum
3468 3441 3555 3480 re-

1968 3527 2179 3577 creare,
2225 3514 2501 3585 cogitabat
2552 3514 2697 3585 apud
2752 3530 2813 3569 se
2866 3515 3118 3585 quisnam
3170 3517 3261 3571 hic
3301 3525 3466 3581 esset,
3498 3525 3554 3573 et

1969 3620 2222 3674 quaenam
2258 3606 2307 3659 ei
2338 3605 2622 3676 obtigisset
2651 3605 2787 3660 adeo
2816 3607 3037 3662 robuSIa
3084 3617 3299 3669 natura,
3333 3616 3548 3678 tamque

1970 3696 2130 3749 ﬁrma
2183 3711 2248 3749 ac
2292 3696 2494 3760 valida,
2548 3695 2935 3767 laboribusque
2993 3697 3220 3753 minime
3247 3698 3449 3754 cedens
3497 3706 3554 3754 et

1969 3786 2428 3857 inexpugnabilis.

2039 3968 2183 4023 XVI.
2216 3965 2310 4023 me
2339 3968 2524 4039 itaque
2569 3967 2693 4024 lixis
2718 3968 2893 4024 oculis
2934 3970 3211 4039 aspiciens
3252 3979 3544 4043 martyrem

1970 4061 2265 4117 matutinos
2301 4061 2533 4133 hymnos
2557 4059 2967 4126 decantantem,
3002 4070 3059 4117 et
3103 4070 3216 4116 tota
3257 4071 3444 4117 mente
3481 4062 3552 4118 ad

1974 4155 2138 4208 Deum
2179 4152 2617 4223 peregrinantem
2648 4192 2663 4216 ,
2693 4158 2750 4206 et
2777 4156 2870 4222 qui
2919 4146 3003 4207 vel
3051 4162 3179 4209 ante
3233 4154 3553 4225 martyrium

1971 4244 2286 4315 rapiebatur
2333 4258 2458 4298 cum
2507 4256 2769 4311 corpore,
2811 4242 2960 4298 videt
3007 4243 3275 4313 quosdam
3326 4251 3553 4314 repente

1971 4335 2315 4397 candidatos,
2341 4343 2398 4389 et
2424 4334 2591 4404 pallio
2622 4350 2888 4405 sacraque
2918 4335 3005 4389 illa
3034 4336 3263 4390 omnino
3300 4345 3472 4401 veste,
3498 4343 3554 4392 et

1972 4425 2286 4481 venerando
2331 4424 2654 4480 indumento
2685 4425 3009 4495 pontificum
3067 4426 3329 4492 amictus,
3385 4425 3549 4480 veluti

279 4516 398 4585 φῶς
432 4511 547 4569 οἷον
595 4515 803 4570 ἑαυτῶν
859 4517 1373 4588 ἀπαστράπτοντας,
1433 4517 1549 4586 φῶς
1585 4518 1717 4571 ἰδεῖν
1767 4518 1864 4587 μὲν

1971 4517 2265 4588 quamdam
2286 4532 2355 4571 ex
2383 4531 2443 4572 se
2476 4516 2652 4572 lucem
2679 4518 2949 4580 eiiiittere,
2978 4517 3155 4573 lucem
3187 4517 3304 4573 visu
3331 4516 3552 4588 quidem

276 4608 520 4674 ἣδιστον,
540 4607 872 4677 ἀπαγγεῖλαι
906 4608 964 4661 δὲ
996 4608 1059 4662 οὐ
1093 4609 1277 4680 ῥᾴδιον
1297 4624 1312 4640 ο
1341 4608 1376 4681 ἦ
1413 4608 1637 4676 μᾶλλον,
1678 4610 1867 4680 κρεῖτ-

280 4714 378 4751 τον
415 4698 518 4767 μὲν
541 4698 641 4769 τὴν
679 4701 893 4770 ὅρασιν,
915 4699 1091 4770 ὅψεως
1126 4699 1477 4771 ἀνθρωπίνης
1497 4716 1514 4735 ο
1537 4703 1785 4771 κρεῖττον
1812 4702 1869 4755 δὲ

280 4793 381 4859 τῆς
400 4790 645 4861 ὁράσεως
672 4793 772 4864 τὴν
794 4792 1047 4863 διήγησιν
1074 4808 1088 4823 ·
1120 4793 1216 4846 καὶ
1273 4790 1451 4846 ταῦτα
1506 4794 1564 4846 ἐν
1619 4792 1868 4862 ἀσελήνῳ

290 4883 467 4953 σκότῳ
491 4883 705 4948 νυκτὸς,
741 4883 927 4955 κύκλῳ
953 4883 1047 4937 τοῦ
1081 4885 1240 4954 ἁγίου
1274 4883 1753 4955 παρεμϐαλόντας·
1775 4886 1869 4938 καὶ

292 4972 551 5039 ἀγγέλους
573 4974 772 5038 αὐτοὺς
793 4971 934 5028 εἶναι
962 4977 1192 5046 νομίσας
1212 5017 1229 5040 ,
1253 4974 1443 5047 ὥσπερ
1471 4976 1580 5048 ἄρα
1609 4977 1703 5030 καὶ
1728 4971 1871 5048 ἦσαν

288 5067 408 5128 ταῖς
436 5066 738 5138 ἀληθείαις,
770 5068 874 5140 ὁρᾷ
904 5069 1043 5138 μετὰ
1082 5068 1286 5139 μικρὸν
1335 5069 1432 5123 καὶ
1467 5071 1558 5122 τὸν
1611 5070 1869 5141 μάρτυρα

284 5157 385 5227 τὴν
416 5157 780 5229 λαμπρότητα
808 5162 902 5214 καὶ
929 5161 1029 5231 τὴν
1082 5160 1354 5232 ἀναϐολὴν
1397 5158 1597 5230 ὁμοίως
1640 5160 1870 5225 ἐκείνοις

282 5250 493 5322 [κοντα
510 5247 630 5306 εἶτα
650 5252 745 5308 καὶ
763 5253 974 5317 νεανίας
990 5270 1076 5316 τις
1101 5253 1163 5306 τό
1230 5270 1291 5307 τε
1320 5248 1456 5316 εἶδος
1479 5254 1573 5308 καὶ
1587 5253 1650 5308 τὸ
1675 5253 1870 5317 κάλλος

280 5342 593 5413 ἀμήχανον,
629 5344 991 5417 θυμιατήριον
1019 5344 1409 5417 ἀπηρτημένον
1442 5347 1542 5415 τῆς
1573 5345 1777 5412 δεξιᾶς,
1810 5346 1869 5399 ἐν

281 5434 458 5507 πολλῇ
489 5439 560 5508 τῇ
614 5438 745 5509 περὶ
792 5438 958 5492 αὐτὸν
1009 5437 1138 5511 δόξῃ
1203 5436 1315 5491 τῶν
1351 5436 1622 5504 ἀγγέλων,
1655 5435 1869 5507 θυμιῶν

282 5528 397 5599 πρὸ
444 5530 539 5583 τοῦ
602 5530 881 5600 μάρτυρος
926 5531 1132 5584 ἵστατο.
1184 5528 1372 5586 Ταῦτα
1416 5528 1596 5582 τοίνυν
1663 5531 1867 5593 ἐκεῖνος

276 5621 452 5691 ὁρῶν,
480 5624 577 5676 καὶ
626 5622 704 5691 τῷ
746 5622 923 5691 καινῷ
960 5622 1063 5692 τῆς
1120 5621 1248 5683 Θέας
1294 5620 1393 5692 τὴν
1420 5620 1650 5690 καρδίαν
1701 5636 1870 5674 κατα-

278 5713 680 5783 πληττόμενος,
705 5713 917 5783 ἠγωνία
947 5713 1068 5784 μὲν,
1093 5713 1232 5768 ὥστε
1269 5714 1360 5767 καὶ
1390 5712 1479 5765 τὸν
1514 5712 1866 5780 πλρακαθεύ-

277 5808 444 5860 δοντα
489 5805 771 5860 διυπνὲσαι
822 5806 1173 5879 (Χριστιανὸς
1209 5807 1265 5860 δὲ
1312 5803 1379 5879 ἦν
1414 5799 1569 5868 οὗτος
1624 5804 1721 5877 τὴν
1768 5805 1865 5876 τῆς

1966 4609 2444 4681 jucundissimam,
2469 4609 2536 4664 ad
2558 4609 2943 4680 explicandum
2965 4618 3149 4665 autem
3179 4623 3292 4664 non
3313 4607 3548 4673 facilem,

1972 4704 2058 4758 vel
2092 4702 2271 4774 potius
2300 4702 2366 4757 ad
2395 4702 2692 4757 videndum
2730 4701 2953 4773 quidem
2982 4701 3247 4771 majorem
3277 4717 3444 4772 quam
3492 4710 3555 4757 ut

1972 4810 2091 4850 eam
2126 4794 2402 4849 humanus
2425 4792 2599 4863 possit
2635 4801 2967 4863 conspectus
2998 4791 3237 4862 assequi,
3268 4801 3364 4848 aut
3389 4806 3553 4862 quam

1972 4886 2077 4941 ulla
2105 4883 2250 4949 quod
2305 4883 2503 4940 viderit
2538 4881 2745 4939 referre
2777 4882 3021 4938 narratio
3059 4898 3077 4939 :
3107 4883 3268 4954 idque
3321 4884 3554 4939 obscura

1972 4987 2155 5043 nocte,
2201 4993 2327 5033 cum
2361 4977 2492 5031 luna
2540 4991 2650 5030 non
2694 4976 2934 5041 luceret,
2970 4983 3218 5031 sanctum
3266 4976 3444 5031 virum
3494 4975 3552 5031 in

1971 5071 2162 5127 orbem
2207 5067 2641 5124 circumdantes.
2684 5066 2833 5133 Quos
2866 5081 2992 5122 cum
3027 5068 3251 5139 angelos
3295 5082 3417 5123 esse
3451 5083 3554 5138 pu-

1972 5170 2162 5224 tasset,
2199 5160 2344 5215 sicut
2371 5166 2531 5214 erant
2584 5173 2796 5224 revera,
2832 5157 2994 5228 paulo
3027 5168 3152 5228 post
3189 5159 3340 5213 videt
3383 5159 3549 5214 etiam

1970 5261 2287 5325 martyrem,
2322 5251 2414 5322 qui
2444 5250 2698 5306 eumdem
2730 5248 3078 5320 splendorem
3108 5256 3163 5304 et
3182 5248 3414 5304 similem
3442 5248 3551 5305 illis

1969 5346 2206 5401 habebat
2228 5344 2508 5399 amictum.
2545 5341 2749 5397 Deinde
2780 5340 2943 5397 etiam
2965 5340 3186 5411 quidam
3211 5340 3548 5404 adolescens.

1972 5439 2154 5510 specie
2174 5446 2230 5493 et
2256 5435 2664 5507 pulchritudine
2687 5435 2942 5497 eximius.
2966 5450 3296 5506 suspensum
3327 5434 3551 5490 dextera

1969 5537 2190 5599 gestans
2214 5524 2576 5588 thurihulum,
2602 5524 2658 5578 in
2682 5539 2899 5596 magna,
2916 5540 3036 5595 quae
3056 5536 3174 5580 erat
3197 5523 3344 5579 circa
3369 5523 3546 5594 ipsum

1970 5617 2138 5690 gloria
2172 5614 2492 5687 angelorum
2515 5653 2529 5677 ,
2570 5614 2750 5669 stabat
2795 5624 2923 5669 ante
2964 5622 3254 5684 martyrem
3290 5612 3546 5668 sull‘umio

1969 5725 2122 5782 gans.
2162 5708 2298 5763 Cum
2324 5706 2412 5761 ille
2449 5720 2581 5776 ergo
2633 5706 2748 5761 haec
2805 5706 3051 5770 videret,
3103 5715 3159 5760 et
3193 5720 3288 5761 eor
3317 5706 3547 5761 haberet

1973 5802 2280 5874 perculsum
2329 5797 2570 5855 novitate
2617 5796 2951 5867 spectaculi,
2995 5806 3113 5854 erat
3151 5798 3370 5869 quidem
3423 5813 3549 5869 per-
