4116 6446
374 426 483 492 797

1487 422 1663 481 VITA
1704 422 1762 480 S.
1808 420 2208 479 ANAS’I‘ASII
2240 418 2524 483 ΡΕΒΞλΕ.

3533 418 3645 484 793

373 535 611 606 δύναμιν
660 532 757 586 καὶ
790 531 850 584 τὺ
880 531 1078 602 μέτρον
1105 531 1199 584 τοῦ
1228 529 1571 595 ἀξιώματος,
1608 529 1702 583 ὑπ’
1726 527 1850 596 ὄψιν
1871 527 1961 579 τὸν

2066 526 2195 581 dum
2237 526 2539 596 dignitatis,
2567 541 2692 580 cum
2725 526 2946 581 beatum
2993 525 3050 581 in
3096 541 3258 581 suum
3292 538 3646 597 conspectum

376 632 648 702 μακάριον
677 622 902 693 ἀγαγὼν
935 664 952 689 ,
985 623 1118 678 Ἰδοὺ
1155 624 1589 697 προστέταγμαι,
1623 623 1808 691 φησιν,
1855 620 1961 675 ὑπὸ

372 720 594 790 δεσμοῖς
619 734 680 771 σε
713 717 953 787 σιδηροῖς
995 715 1076 779 είς
1119 713 1360 785 Περσίδα
1414 714 1492 785 τῷ
1521 713 1734 784 βασιλεῖ
1783 729 1958 783 παρα-

375 811 612 882 πέμψαι.
661 808 822 862 Καὶὸ
871 806 1121 877 μάρτυς,
1167 804 1330 875 Ἐγὼ,
1355 807 1538 875 φησὶν,
1584 805 1632 857 εί
1660 803 1813 873 παρὰ
1864 802 1960 856 σοῦ

376 900 770 973 ὲπιτραπείην,
825 899 922 955 καὶ
966 899 1154 963 ἄδετος
1182 899 1249 953 ἂν
1278 900 1457 952 ἐκεῖσε
1498 897 1917 970 παραγενοίμην
1941 915 1955 930 ·

374 995 461 1057 τίς
484 994 597 1063 γὰρ
628 992 715 1045 ἐπ’
747 993 871 1063 ἐμοὶ
898 991 1057 1063 χρεία
1112 984 1519 1061 δεσμῶν,ᾦπερ
1575 989 1733 1061 ἡδονή
1765 991 1879 1043 ἐστι
1901 989 1963 1042 τὸ

375 1084 463 1141 διὰ
482 1082 722 1156 Χριστὸν
745 1081 961 1143 παθεῖν,
984 1073 1128 1149 ὲφ’ᾧ
1150 1079 1348 1150 δηλαδὴ
1376 1081 1468 1133 καὶ
1491 1079 1780 1149 πέμπομαι
1807 1096 1820 1140 ς
1850 1079 1960 1132 Οὖ-

374 1191 484 1236 τως
511 1171 605 1227 οὖν
636 1171 799 1226 αὐτὸν
856 1173 885 1225 ὁ
912 1169 1173 1241 δικαστὴς
1226 1169 1349 1224 ἰδὼν
1385 1171 1477 1224 καὶ
1515 1169 1582 1224 τὰ
1612 1169 1705 1223 νῦν
1744 1171 1958 1239 ἔχοντα,

375 1266 472 1318 καὶ
517 1264 654 1334 μήτε
684 1261 934 1324 ἀπειλαῖς
962 1248 1179 1317 εἴκοντα
1215 1301 1228 1326 ,
1258 1262 1393 1333 μήτε
1425 1260 1686 1324 θωπείαις
1715 1261 1962 1323 δελεαζό-

380 1370 544 1426 μενον
564 1392 579 1417 ,
610 1351 886 1407 ἀνάλωτον
908 1352 1188 1415 παντελῶς
1216 1351 1313 1405 καὶ
1347 1352 1613 1420 ἀήττητον
1641 1390 1656 1415 ,
1688 1350 1961 1420 σφραγῖδα

376 1464 436 1500 τε
489 1444 643 1514 αὑτῷ
673 1443 769 1497 καί
801 1460 912 1497 τισι
939 1442 1059 1495 δυσὶ
1108 1442 1217 1495 τῶν
1261 1440 1500 1495 εὐσεϐῶν
1533 1439 1742 1510 ἑτέροις
1767 1439 1963 1494 ἐπιϐα-

379 1532 509 1601 λὼν,
535 1536 775 1607 δημοσίᾳ
805 1535 1020 1606 φυλακῇ
1047 1533 1449 1605 παραδίδωσιν,
1504 1529 1592 1586 οἷα
1635 1534 1773 1604 μετά
1803 1533 1961 1604 πέμ-

390 1646 528 1699 πτην
554 1626 769 1697 ἡμέραν
794 1626 1023 1696 πορείας
1052 1625 1284 1694 ἅψεσθαι
1317 1624 1633 1695 μέλλοντας.
1660 1623 1880 1689 Μεταξὺ
1902 1622 1960 1676 δὲ

385 1720 485 1788 τῆς
512 1716 811 1787 σεϐασμίας
841 1716 1034 1786 ἑορτῆς
1087 1713 1502 1782 καταλαϐούσης
1548 1713 1649 1782 τῆς
1702 1713 1794 1767 τοῦ
1829 1714 1963 1778 ζωο-

380 1809 560 1876 ποιοῦ,
584 1810 749 1879 φημὶ,
776 1806 934 1872 ξύλου
954 1805 1048 1860 τοῦ
1070 1806 1305 1883 σταυροῦ
1329 1804 1876 1877 ’ᾼνυψώσεως,αὐτός
1900 1819 1960 1856 τε

377 1902 408 1955 ὁ
431 1900 744 1971 θαυμαστὸς
772 1899 1147 1966 ’Δναστὰσιος,
1180 1897 1236 1951 οῖ
1258 1912 1317 1951 τε
1348 1896 1485 1966 πρδς
1514 1895 1676 1949 αὐτὸν
1712 1896 1964 1964 παραϐα-

318 1986 321 1989 ν
376 1991 560 2055 λόντες
588 1989 682 2044 δύο
713 1989 821 2043 τῶν
844 1987 1109 2056 ἀδελφῶν,
1135 1987 1228 2041 καὶ
1254 1986 1303 2039 οί
1329 1984 1429 2057 τὴν
1451 1984 1622 2056 αὐτὴν
1652 1984 1846 2054 ἐκείνῳ
1866 1983 1962 2037 τοῦ

377 2080 634 2135 δικαστοῦ
674 2079 947 2151 σφραγῖδα
981 2075 1266 2147 δεξάμενοι
1291 2118 1307 2144 ,
1340 2075 1435 2130 καί
1468 2093 1611 2139 τινες
1645 2076 1820 2145 ἕτεροι
1854 2076 1963 2129 τῶν

377 2174 440 2226 ὲν
466 2175 534 2245 τῇ
566 2172 718 2225 πόλει
774 2169 1074 2240 θεοφιλῶν,
1141 2170 1324 2222 πᾶσαν
1378 2170 1480 2240 τὴν
1540 2170 1692 2239 ίεράν
1748 2168 1963 2237 ἐκείνην

374 2264 550 2321 νύκτα
595 2266 776 2334 εὐχαῖς
828 2280 889 2317 τε
934 2265 1032 2317 καὶ
1080 2261 1422 2332 ψαλμῳδίαις
1468 2260 1961 2332 πανηγυρίσαντες,

377 2353 737 2409 ἐπιλαθέσθαι
794 2352 923 2417 τοὺς
961 2355 1023 2407 ὲν
1072 2353 1139 2423 τῇ
1199 2350 1418 2423 φυλακῇ
1469 2351 1677 2414 πάντας
1704 2350 1813 2404 τῶν
1839 2349 1963 2403 καθ’

376 2447 608 2509 ἑαυτοὺς
655 2443 845 2499 δεινῶν
897 2445 1289 2515 πεποιήκασιν,
1353 2443 1431 2506 ὡς
1491 2445 1550 2497 έν
1598 2442 1966 2513 ἑορταζόντων

375 2541 512 2609 οῖκῳ
553 2537 752 2610 μᾶλλον
788 2537 892 2592 οὐκ
937 2538 998 2591 έν
1045 2539 1260 2609 φρουρᾷ
1290 2536 1688 2609 διατρίϐοντας.
1756 2535 1966 2590 Ἐωθεν

378 2626 438 2680 δὲ
471 2627 608 2697 πρὸς
642 2626 733 2681 τὸν
758 2622 1132 2698 Μαρζαϐανᾶν
1163 2627 1192 2680 ὁ
1243 2628 1638 2698 κομερκιάριος
1669 2626 1964 2695 είσελθὼνι,

378 2720 520 2790 ἀνὴρ
561 2719 791 2791 εὐσεϐὴς
823 2720 915 2774 καὶ
948 2719 1236 2789 συναλγεῖν
1261 2720 1459 2791 ψυχαῖς
1484 2721 1848 2790 ὀδυνωμέναι;
1878 2722 1958 2773 εί-

376 2808 485 2873 δὼς
508 2809 604 2864 καὶ
628 2811 964 2880 παρακαλεῖν
987 2809 1046 2865 ὲν
1064 2814 1185 2874 ταῖς
1211 2810 1444 2881 θλίψεσι,
1469 2812 1637 2865 δεῖται
1658 2813 1752 2865 τοῦ
1776 2813 1969 2884 ἄρχον-

376 2919 473 2965 τος
501 2902 753 2973 ἀνεθῆναι
774 2901 871 2956 τοῦ
889 2902 1266 2973 δεσμωτηρίου
1288 2904 1378 2957 τὸν
1410 2905 1783 2964 Ἀναστάσιον,
1816 2903 1960 2957 ὥστε

378 2994 477 3047 καὶ
504 2992 665 3047 αὐτὸν
715 2997 967 3069 παρεῖναι
1008 2997 1074 3065 τῇ
1104 2994 1215 3047 τῶν
1244 2994 1588 3067 Χριστιανῶν
1625 2990 1960 3066 πανηγύρει.

454 3083 557 3139 18⁸.
594 3085 976 3157 Παρασχόντος
1021 3086 1079 3139 δὲ
1113 3087 1212 3158 τὴν
1255 3088 1418 3158 χάριν
1471 3087 1702 3153 ἐκείνου,
1731 3091 1825 3143 καὶ
1869 3088 1964 3142 τοῦ

2067 617 2383 673 adduxisset
2416 637 2428 672 :
2457 617 2600 672 Ecce
2651 616 2843 687 jussus
2874 633 2994 672 sum
3023 659 3037 683 ,
3086 616 3296 687 inquit,
3352 617 3409 671 in
3454 616 3648 674 ferreis

2064 710 2301 766 vinculis
2359 718 2411 765 te
2472 710 2525 765 in
2569 708 2846 765 Persidem
2898 709 3271 766 transmittere
3322 709 3391 765 ad
3440 724 3644 780 regem.

2066 802 2265 874 Martyr
2293 810 2473 857 autem
2499 819 2511 854 :
2544 802 2679 871 Ego,
2710 802 2910 871 inquit,
2943 801 2986 855 si
3013 801 3145 855 mihi
3164 817 3193 855 a
3222 811 3275 856 te
3300 800 3648 870 permittere-

2069 899 2175 955 tur,
2224 891 2386 943 etiam
2434 890 2640 958 absque
2686 888 2810 943 ullis
2850 888 3082 944 vinculis
3130 888 3258 943 illuc
3303 889 3647 943 aet-ederem.

2064 981 2204 1047 Quid
2241 979 2384 1035 enim
2422 981 2477 1034 in
2520 996 2607 1034 me
2641 994 2779 1048 Opus
2827 989 2913 1034 est
2950 979 3204 1043 vinculis,
3255 980 3347 1049 qui
3396 979 3650 1034 lubenter

2066 1070 2242 1140 patior
2282 1079 2501 1140 propter
2529 1069 2832 1134 Christum,
2865 1070 2931 1125 ad
2961 1085 3123 1139 quem
3156 1070 3367 1123 scilicet
3415 1069 3643 1123 mittor?

2066 1161 2201 1217 Cum
2235 1178 2358 1217 enm
2392 1144 2520 1233 ergo
2554 1170 2686 1216 tunc
2725 1176 2943 1231 quoque
2983 1161 3152 1230 judes
3200 1160 3279 1215 sic
3309 1160 3531 1214 vidisset
3562 1159 3648 1214 af-

2067 1251 2266 1307 fectum
2296 1262 2350 1308 et
2378 1268 2555 1323 neque
2579 1253 2744 1308 minis
2776 1254 3085 1315 cedentem,
3125 1267 3305 1321 neque
3338 1252 3645 1307 incscatum

2067 1340 2369 1408 blanditiis,
2442 1341 2713 1411 planeque
2756 1342 3181 1412 insuperabilem
3218 1351 3270 1396 et
3312 1341 3644 1411 inexpugna-

2066 1435 2253 1498 bilem,
2285 1427 2501 1489 cum'ei'
2520 1444 2576 1489 et
2604 1434 2824 1491 duobus
2849 1435 2970 1490 aliis
3010 1451 3074 1491 ex
3109 1435 3215 1505 piis
3258 1435 3538 1502 iniecisset
3568 1435 3649 1489 si-

2067 1526 2377 1596 gnacuium,
2406 1528 2569 1581 tradit
2596 1528 2649 1581 in
2679 1542 2956 1582 carcerem
2989 1528 3289 1597 publicum,
3316 1536 3376 1581 ut
3405 1528 3499 1595 qui
3526 1532 3650 1597 post

2066 1616 2315 1687 quintum
2353 1618 2497 1673 diem
2529 1618 2631 1673 iter
2669 1626 2856 1674 essent
2889 1618 3096 1672 inituri.
3120 1618 3259 1672 Cum
3294 1619 3511 1674 interim
3548 1635 3647 1673 au-

2069 1715 2178 1762 tem
2210 1708 2449 1763 venisset
2491 1709 2690 1764 festum
2736 1709 3070 1774 venerabile,
3110 1709 3343 1778 viviﬁci,
3389 1710 3647 1780 inquam,

2070 1802 2201 1871 ligni
2223 1802 2571 1859 exaltationls
2602 1804 2701 1875 (5).
2725 1812 2780 1857 et
2809 1803 2926 1873 ipse
2947 1804 3284 1858 admirabilis
3305 1804 3646 1870 Anastasius,

2066 1903 2120 1950 et
2147 1894 2258 1949 duo
2285 1911 2353 1950 ex
2383 1896 2666 1958 fratribus,
2695 1896 2789 1966 qui
2824 1896 2889 1951 ad
2916 1910 3040 1951 eum
3067 1904 3436 1961 accesserunt,
3471 1906 3525 1951 et
3552 1894 3647 1967 qui

2065 1987 2330 2052 eamdem,
2367 2002 2531 2057 quam
2576 1988 2688 2053 ille,
2748 1995 2934 2042 notam
2965 1987 3169 2057 judicis
3212 1995 3554 2057 acceperant,
3592 1995 3649 2043 et

2065 2080 2284 2151 quidam
2320 2080 2410 2133 alii
2446 2079 2549 2135 viri
2583 2080 2682 2150 pii.
2724 2080 2817 2151 qui
2845 2090 3004 2135 erant
3042 2080 3094 2134 in
3124 2080 3366 2143 civitate,
3405 2094 3528 2134 eum
3567 2090 3650 2133 to-

2066 2180 2174 2226 tam
2199 2171 2344 2226 illam
2377 2180 2593 2227 noctem
2627 2171 3002 2228 celebrassent
3032 2173 3284 2241 precibus
3323 2183 3379 2227 et
3408 2173 3648 2242 psalmo-

2065 2263 2189 2329 diis,
2222 2260 2541 2329 effecerunt,
2589 2273 2650 2319 ut
2691 2263 2784 2334 qui
2832 2272 2990 2320 erant
3036 2264 3092 2318 in
3127 2278 3346 2321 carcere
3401 2264 3648 2320 omnium

2065 2371 2288 2412 suorum
2352 2357 2618 2411 malorum
2667 2356 3122 2412 obliviscerentur
3165 2375 3179 2411 :
3216 2354 3445 2426 perinde
3488 2371 3552 2408 ac
3598 2353 3646 2408 si

2064 2459 2415 2505 versarentur
2444 2448 2497 2502 in
2525 2448 2688 2503 domo
2721 2464 2910 2503 eorum
2935 2449 3024 2519 qui
3061 2449 3258 2504 festum
3282 2448 3647 2510 celebrarent,

2063 2552 2175 2593 non
2217 2538 2274 2592 in
2299 2552 2539 2593 carcere.
2567 2535 2726 2593 Mane
2764 2555 2897 2593 vero
2927 2539 2992 2593 ad
3029 2537 3404 2594 Marzabanam
3433 2537 3648 2607 ingres-

2065 2645 2160 2685 sus
2190 2630 2612 2691 Comcrciarius.
2634 2630 2721 2685 ‘vir
2749 2631 2895 2700 pius,
2942 2640 2997 2686 et
3022 2630 3114 2700 qui
3158 2630 3370 2686 sciebat
3401 2627 3648 2684 misereri

2065 2721 2373 2776 animarum
2403 2720 2725 2776 aﬂectarum
2750 2723 3026 2786 molestia,
3068 2731 3125 2777 et
3158 2721 3426 2777 consolari
3468 2722 3524 2775 in
3567 2718 3652 2773 af-

2064 2811 2414 2877 ﬂictionibus,
2466 2822 2617 2882 rogat
2645 2814 2955 2883 praesidem,
2985 2824 3044 2868 ut
3068 2830 3135 2869 ex
3159 2830 3377 2869 carcere
3406 2813 3651 2869 solvatur

2064 2902 2409 2966 Anastasius,
2444 2911 2506 2956 ut
2537 2903 2655 2972 ipse
2693 2903 2870 2974 possit
2901 2904 3170 2958 interesse
3201 2904 3341 2959 festo
3385 2902 3651 2959 Christia-

2068 3010 2284 3050 norum.
2369 3012 2379 3017 ’
2416 3009 2445 3017 ”

2137 3084 2283 3140 XIX.
2305 3084 2442 3140 Cum
2466 3086 2557 3141 ille
2573 3094 2755 3141 autem
2781 3086 2886 3142 hoc
2914 3087 3301 3151 concessisset,
3331 3096 3386 3141 ct
3409 3087 3649 3142 venisset

383 3176 665 3249 μάρτυρος
690 3175 789 3248 τὴν
840 3176 1140 3248 ικκλησίαν
1174 3178 1593 3243 καταλαϐόντος,
1617 3181 1963 3253 παράκλησις

2066 3187 2272 3251 martyr
2299 3179 2355 3233 in
2385 3178 2695 3245 ecclesiam,
2723 3180 3044 3243 consolatio,
3087 3180 3344 3251 gaudium
3375 3187 3432 3235 et
3459 3180 3647 3234 laetit’a

379 3272 505 3331 ταῖς
536 3269 645 3324 τῶν
689 3269 897 3322 πιστῶν
941 3268 1164 3341 ψυχαῖς,
1224 3270 1409 3342 ἡδονὴ,
1445 3271 1761 3345 φαιδρότης,
1811 3286 1968 3344 περι-

378 3362 572 3433 εχόθη.
604 3362 888 3433 Κατήφεια
905 3361 1014 3434 γὰρ
1034 3363 1232 3425 αὐτοὺς
1252 3358 1366 3434 εἶχε
1392 3362 1584 3435 πρώην
1613 3365 1709 3419 καὶ
1732 3365 1965 3436 ἀθυμία,

377 3455 468 3509 διὰ
500 3455 601 3522 τὴν
628 3453 737 3507 τῶν
761 3453 1058 3524 ἀμυθήτων
1094 3454 1337 3526 ἀνιαρῶν
1367 3455 1591 3511 ἐκείνων
1641 3458 1963 3528 ἐπαγωγὴν.

379 3547 446 3598 οι
482 3543 669 3598 πολλοὶ
695 3543 752 3598 δὲ
775 3543 877 3615 ήδη
923 3545 1017 3598 καὶ
1055 3544 1515 3618 κατερρᾳθὺμουν
1540 3546 1639 3616 τῆς
1660 3546 1962 3614 εὐσεϐείας,

380 3640 474 3691 καὶ
504 3636 708 3692 ἁλῶναι
736 3639 861 3693 ὅσον
902 3639 1115 3694 οὐδέπω
1168 3643 1291 3703 ταῖς
1342 3640 1439 3693 τοῦ
1469 3641 1707 3712 πονηροῦ
1759 3642 1965 3712 πάγαις

381 3728 632 3792 ἐλεεινῶς
688 3729 1046 3796 ικινδύνευον,
1106 3731 1181 3801 μὴ
1237 3729 1390 3791 δντος
1448 3729 1545 3784 τοῦ
1596 3732 1963 3801 λυτρουμένου

390 3820 522 3890 μηδὲ
550 3818 811 3885 σώζοντος
835 3860 852 3885 ,
904 3820 1084 3875 εῐτουν
1112 3820 1493 3886 διανιστῶντος
1528 3820 1710 3873 αὐτῶν
1740 3822 1839 3885 τὰς
1861 3821 1967 3891 qiu-

392 3913 496 3982 χᾶς
519 3912 968 3978 καταπιπτούσας
992 3910 1088 3968 καὶ
1125 3913 1464 3984 ἡττωμένας.
1500 3913 1652 3966 Ἐπεὶ
1683 3913 1741 3966 δὲ
1763 3915 1793 3967 ὁ
1821 3913 1964 3984 ίερδς

403 4001 748 4067 Ἀναστάσιος
792 4002 914 4057 τότε
953 4004 1054 4069 τὴν
1080 4003 1383 4075 ἐκκλησίαν
1424 4002 1684 4068 εἰσέλθοι,
1710 4003 1961 4068 τοσοῦτος

385 4094 632 4160 ἅπαντας
662 4095 824 4166 ζῆλος
851 4095 994 4166 ὑπὲρ
1035 4095 1318 4158 εὐσεϐείας
1359 4094 1575 4159 εισέδυ,
1641 4094 1736 4149 καὶ
1788 4093 1963 4158 οὔτως

378 4186 611 4252 ἕκαστος
633 4187 815 4243 αὐτῶν
840 4189 936 4242 καὶ
962 4187 1072 4243 ἀπὸ
1106 4188 1272 4260 μόνης
1300 4188 1512 4242 ἐκείνου
1534 4189 1632 4259 τῆς
1664 4187 1840 4258 ὅψεως
1861 4187 1961 4259 τὴν

376 4280 611 4351 καρδίαν
638 4280 1025 4353 διεθερμάνθη,
1053 4280 1128 4344 ὡς
1169 4280 1244 4352 μὴ
1280 4280 1441 4351 μόνον
1473 4280 1671 4345 αὐτοὺς
1701 4281 1837 4352 πρρς
1869 4279 1962 4334 τὸν

2070 3270 2400 3326 circumfusa
2448 3269 2555 3326 fuit
2597 3273 2814 3342 piorum
2862 3271 3079 3325 animis.
3118 3271 3227 3327 Eos
3271 3273 3417 3326 enim
3455 3285 3651 3341 .nupcr

2067 3361 2345 3417 invaserat
2388 3362 2615 3418 tristitia
2655 3369 2712 3417 et
2753 3377 2976 3430 mceror,
3031 3372 3322 3432 propterea
3353 3365 3496 3455 quod
3527 3378 3650 3433 quae

2067 3452 2176 3509 dici
2207 3462 2516 3524 nequeunt,
2549 3453 2600 3509 ei
2636 3453 3014 3525 inﬂigerentur
3052 3455 3338 3510 molestia.
3369 3452 3521 3510 Multi
3554 3470 3653 3509 au-

2067 3554 2180 3602 tem
2203 3546 2315 3617 jam
2353 3554 2514 3602 erant
2533 3548 2789 3603 socordes
2816 3547 2870 3601 in
2907 3548 3138 3618 pietate,
3177 3557 3233 3603 et
3262 3547 3555 3603 veniebant
3592 3548 3650 3601 in

2066 3637 2393 3708 periculum,
2406 3653 2478 3693 ne
2496 3638 2678 3694 statim
2696 3647 3028 3708 caperentur
3043 3638 3426 3695 miserabiliter
3441 3638 3652 3708 laqueis

2065 3727 2297 3792 inimici,
2321 3742 2446 3782 cum
2472 3743 2582 3783 non
2607 3738 2757 3784 esset
2783 3730 2876 3800 qui
2910 3729 3225 3795 redimeret,
3254 3745 3357 3784 nec
3384 3729 3475 3798 qui
3495 3729 3653 3783 daret

2064 3819 2328 3883 salutem,
2379 3833 2473 3874 seu
2523 3822 2761 3891 erigeret
2812 3821 3074 3876 cadentes
3130 3828 3188 3875 et
3233 3821 3408 3874 victas
3457 3833 3652 3873 eorum

2064 3910 2292 3965 animas.
2324 3911 2457 3965 Cum
2501 3927 2633 3967 vero
2672 3927 2833 3968 sacer
2869 3911 3191 3967 Anastasius
3222 3921 3353 3967 tunc
3382 3918 3529 3966 esset
3560 3909 3651 3964 in-

2065 4016 2281 4076 gressus
2304 4001 2609 4066 ecclesiam,
2633 4012 2816 4059 tantus
2844 4019 2939 4060 eos
2968 4003 3117 4060 zelus
3145 4003 3290 4059 subit
3317 4020 3417 4075 pro
3448 4005 3652 4074 pietate

2063 4104 2117 4151 et
2149 4095 2231 4150 vel
2256 4110 2324 4150 ex
2351 4095 2470 4150 solo
2496 4096 2615 4164 ejus
2639 4102 2860 4166 aspectu
2887 4097 2967 4151 sie
2991 4104 3076 4151 est
3103 4110 3200 4149 cur
3227 4106 3411 4150 eorum
3432 4091 3651 4148 inﬂam-

2064 4195 2296 4252 matum,
2333 4197 2390 4241 ut
2426 4201 2532 4241 non
2569 4185 2745 4241 solum
2778 4187 2877 4257 ipsi
2909 4189 3086 4258 parati
3110 4194 3296 4244 essent
3317 4186 3384 4241 ad
3414 4194 3651 4240 mortem

2064 4296 2164 4352 pro
2201 4279 2422 4336 Christo
2447 4288 2502 4334 et
2529 4280 2734 4351 pietate
2772 4262 3137 4346 subeundam,
3176 4281 3274 4337 sed
3331 4280 3451 4350 ejus
3488 4279 3653 4335 etia‘tt

379 4374 527 4443 ὑπὲρ
563 4372 802 4443 Χριστοῦ
848 4374 1070 4443 καὶτῆς
1121 4372 1380 4443 ἀληθείας
1434 4373 1960 4442 παρασκευάσασθαι

2066 4372 2276 4429 vincula
2306 4371 2756 4428 deoscularentur
2785 4379 2869 4427 :et
2894 4372 3150 4429 desiderii
3168 4372 3433 4444 lacrymas
3461 4372 3543 4427 eis
3564 4371 3653 4425 in-

377 4465 633 4528 θάνατον,
665 4465 801 4519 ἀλλά
825 4467 920 4520 καὶ
938 4466 1010 4520 τὰ
1041 4466 1254 4519 ἐκείνου
1291 4465 1732 4535 καταφιλοῦντας
1759 4467 1957 4537 δεσμὰ,

2066 4467 2348 4532 stillantes,
2387 4467 2437 4522 ei
2484 4467 2729 4522 animum
2764 4467 3031 4523 adderent
3075 4467 3325 4522 laudibus
3366 4475 3422 4521 et
3452 4465 3653 4521 adhor-

344 4564 353 4569 '
376 4560 476 4613 καὶ
504 4558 671 4612 πόθου
691 4558 924 4628 δάκρυον
947 4558 1134 4622 αὐτοῖς
1155 4557 1571 4623 ὲπιστάζοντας,
1602 4558 1952 4631 παραθαρρῦ-

2066 4560 2383 4625 tationibus,
2422 4559 2649 4631 ejusque
2695 4560 2867 4632 magis
2925 4559 3288 4615 accenderent
3342 4567 3398 4613 et
3437 4556 3651 4612 inﬂam-

346 4654 472 4703 ’ναι
498 4648 591 4702 τον
612 4648 780 4720 ἀνδρα
809 4650 922 4712 τοῖς
955 4649 1357 4720 ὑποφωνήμασι
1381 4650 1474 4704 καὶ
1506 4651 1842 4721 κελεύσμασι
1874 4653 1963 4705 καὶ

2068 4661 2284 4707 marent
2314 4665 2558 4706 amorem
2610 4651 2877 4720 martyrii.
2918 4649 2985 4703 Et
3034 4649 3153 4703 haec
3191 4648 3411 4719 quidem
3458 4647 3650 4717 aliqui,

377 4742 505 4802 ταῖς
529 4740 845 4811 εὐφημίαις,
862 4740 955 4794 καὶ
975 4740 1320 4794 ὑπεκκαῦσαι
1347 4739 1546 4810 μᾶλλον
1565 4739 1716 4810 αὐτῷ
1737 4742 1829 4794 καὶ
1857 4741 1963 4794 δια-

2071 4743 2164 4813 qui
2207 4742 2318 4813 jam
2353 4752 2513 4798 erant
2564 4741 2872 4799 labefactati
2924 4751 3168 4810 tempore
3197 4750 3249 4795 et
3280 4740 3651 4804 contumeliis,

377 4833 550 4905 νᾶψαι
572 4834 667 4887 τοῦ
702 4833 1005 4906 μαρτυρίου
1038 4834 1130 4887 τὸν
1150 4833 1361 4902 ἔρωταο
1384 4833 1480 4886 καὶ
1508 4830 1681 4887 ταῦτα
1704 4833 1846 4896 τίνες
1876 4851 1891 4898 ;
1923 4833 1963 4886 οι

2074 4843 2129 4888 et
2169 4834 2280 4903 jam
2319 4832 2641 4903 spectabant
2687 4831 3047 4887 mutationem
3072 4871 3088 4896 ,
3125 4839 3179 4885 et
3228 4831 3349 4900 ejus
3385 4830 3529 4901 quod
3568 4841 3655 4886 est

381 4926 474 4977 καὶ
507 4927 624 4985 ταῖ,
648 4924 936 4993 ὲπῃρείαις
958 4924 1053 4978 καὶ
1079 4924 1219 4996 πρὸς
1241 4924 1543 4996 μεταϐολὴν
1585 4925 1687 4996 ἢδη
1713 4925 1807 4978 καὶ
1837 4941 1975 4995 προ-

381 5013 562 5070 δοσίαν
591 5015 685 5070 τοῦ
707 5015 875 5070 καλοῦ
905 5014 1201 5087 βλέψαντες
1221 5056 1237 5080 ,
1269 5017 1370 5070 οὐκ
1398 5015 1590 5087 ἄνδρες
1623 5017 1802 5087 μόνον,
1829 5015 1966 5070 ἀλλά

377 5109 479 5163 καὶ
510 5110 770 5177 γυναῖκες
789 5126 807 5143 ο
843 5108 1062 5178 φύσεως
1089 5109 1199 5181 γὰρ
1226 5110 1326 5163 οὐκ
1354 5104 1425 5180 ἦν
1454 5106 1685 5162 ἐνταῦθα
1709 5108 1964 5182 διαφορὰ,

376 5200 468 5255 διὰ
521 5202 621 5272 τὴν
658 5201 942 5255 κοινωνίαν
994 5202 1094 5271 τῆς
1153 5202 1546 5272 προαιρέσεως.
1613 5198 1771 5254 Οὕτω
1799 5200 1960 5271 διπλῆ

376 5292 575 5361 γέγονε
607 5292 731 5347 τότε
760 5291 840 5364 τῷ
869 5292 1066 5363 πλήθει
1115 5293 1423 5363 πανήγυρις
1443 5333 1457 5359 ,
1506 5291 1568 5345 τὺ
1593 5292 1691 5363 μὲν
1742 5294 1811 5364 τῇ
1832 5308 1967 5363 προ-

379 5384 583 5456 θεσμίᾳ
616 5386 715 5458 τῆς
740 5384 954 5456 ἑορτῆς,
984 5385 1045 5439 τὸ
1073 5385 1131 5439 δὲ
1150 5386 1213 5457 τῇ
1241 5385 1510 5456 ἐπιδημίᾳ
1531 5384 1625 5439 τοῦ
1663 5385 1958 5457 μάρτυρος.

377 5476 539 5531 Μετά
589 5477 773 5549 μέντοι
805 5478 905 5548 τὴν
934 5478 1034 5549 τῆς
1066 5479 1221 5550 ἱερᾶς
1279 5477 1668 5549 μυσταγωγίας
1714 5475 1965 5549 συμπλη-

385 5584 551 5636 ρωσιν
574 5612 589 5637 ,
618 5571 712 5624 τοῦ
736 5569 1133 5642 κομερκιαρίου
1174 5568 1248 5641 μὴ
1278 5568 1538 5634 ἀνιέντος,
1568 5568 1701 5623 ἀλλὰ
1722 5569 1801 5634 τῷ
1824 5569 1964 5639 μάρ·
2012 5586 2025 5595 ’

384 5676 505 5730 τυρι
532 5662 777 5732 σφοδρῶς
802 5662 1146 5734 ἐγκειμένου,
1177 5663 1274 5718 καὶ
1307 5660 1666 5732 λιπαροῦντος
1724 5659 1817 5716 τοῦ
1867 5661 1963 5716 καὶ

460 5829 532 5894 Ui)
558 5826 694 5881 Nota
720 5826 917 5882 festum
941 5826 1297 5886 Esaitationis
1336 5838 1536 5884 sancta:
1570 5822 1766 5882 crucis.

2076 4925 2369 4980 honestum
2405 4923 2789 4994 proditionem,
2840 4938 2947 4978 non
2982 4922 3159 4978 solum
3199 4922 3457 4987 viri,.sed
3486 4923 3652 4977 etiam

2075 5017 2356 5072 mulieres.
2410 5013 2626 5071 Natura:
2672 5016 2819 5069 enim
2870 5029 2981 5069 non
3034 5022 3120 5070 est
3168 5013 3261 5068 hic
3304 5005 3650 5075 dilicrentia,

2065 5113 2352 5176 propterea
2382 5105 2525 5174 quod
2551 5106 2625 5159 sit
2651 5104 2965 5158 communis
2992 5102 3190 5159 electio
3222 5115 3279 5159 et
3315 5103 3647 5158 institutum.

2069 5196 2164 5252 Sic
2201 5205 2331 5252 tunc
2356 5196 2456 5251 fuit
2486 5197 2685 5267 pOpulo
2709 5195 2910 5251 festum
2941 5194 3180 5265 duplex:
3210 5209 3384 5249 unum
3430 5193 3650 5263 quidem

2067 5289 2176 5345 di‘ei
2213 5288 2500 5358 praeﬁniti,
2551 5288 2784 5343 alterum
2829 5295 3011 5342 autem
3058 5285 3328 5342 adventus
3370 5285 3647 5355 martyris.

2066 5380 2201 5436 Nam
2246 5388 2535 5452 postquam
2588 5396 2802 5436 sacrum
2859 5364 3081 5450 quidem
3149 5379 3253 5433 luit
3308 5377 3649 5435 celebratum

2064 5474 2406 5547 mysterium,
2438 5473 2805 5529 Comerciario
2838 5488 2949 5527 non
2987 5471 3327 5536 dimittente,
3365 5467 3464 5524 sed
3504 5482 3651 5520 mar-

2064 5576 2236 5639 tyrem
2264 5567 2620 5623 vehementer
2652 5576 2878 5637 urgente
2913 5574 2971 5620 ct
3008 5569 3256 5636 rogante,
3303 5573 3365 5617 ut
3392 5560 3458 5615 ad
3499 5558 3650 5613 illius

2066 5659 2289 5717 domum
2322 5658 2576 5715 veniret:
2612 5658 2838 5728 putabat
2865 5656 3010 5713 enim
3045 5657 3128 5712 vel
3154 5656 3328 5711 solum
3367 5654 3512 5709 illius
3548 5650 3647 5705 ad-
