4116 6414
461 442 570 508 79‘)

1688 415 1977 484 MENSIS
2015 411 2259 476 IANUA
2269 410 2478 473 RIUS.

3619 388 3736 451 800‘

464 561 689 611 ventum
744 543 1009 618 impertiri
1058 554 1220 612 posse
1281 532 1767 594 sauctilicatiouem
1797 546 1810 582 :
1843 521 2043 597 partim

2169 541 2289 612 τρδς
2322 540 2413 593 τὸν
2466 538 2678 591 ἐκείνου
2731 528 2880 587 οἷκον
2934 526 3309 600 παραϐαλεῖν⁸
3342 524 3598 579 inlectus
3625 524 3737 618 γὰρ

461 645 681 717 quidem
732 641 823 697 ille
871 644 1092 697 cedens,
1133 632 1331 705 partim
1383 638 1566 683 autem
1621 634 1882 688 coactus,
1914 638 2041 678 cum

461 736 678 793 duobus
706 729 1022 787 monasterii
1057 725 1317 781 fratribus
1349 722 1475 777 illuc
1505 719 1753 775 accedit:
1794 717 1888 771 ubi
1915 731 2043 771 cum

466 843 528 883 se
561 826 797 881 invicem
827 824 882 877 in
913 820 1166 877 convivio
1196 816 1541 885 accepissent
1567 822 1622 869 et
1651 809 2048 876 lmtiﬂcassent,

464 921 521 976 in
546 915 851 974 custodiam
879 913 1130 968 lubenter
1156 916 1527 964 revertuntur.

539 1096 657 1154 XX.
685 1096 821 1151 Cum
859 1096 970 1165 jam
1013 1100 1195 1147 autem
1240 1088 1357 1159 dies
1394 1086 1640 1141 venisset
1684 1085 2052 1154 praestitutus.

465 1189 745 1262 egreditur
774 1202 804 1240 e
831 1186 1049 1241 civitate
1078 1182 1341 1236 Caesarea:
1380 1192 1504 1232 cum
1546 1175 1760 1231 duobus
1785 1176 1894 1230 illis
1926 1176 2055 1231 viris

464 1277 670 1336 Christi
692 1272 1106 1336 amantissimis,
1123 1272 1212 1340 qui
1239 1269 1342 1339 ipsi
1365 1282 1578 1337 quoque
1600 1268 1780 1337 aliqua
1798 1268 1867 1321 de
1889 1282 2055 1324 causa

466 1372 685 1426 fuerant
733 1366 956 1438 appetiti
1000 1360 1630 1431 calmnniiszlacrymis,
1698 1359 2052 1416 adhortatio-

469 1465 654 1527 nibus,
680 1459 997 1530 ejulatibus,
1025 1457 1317 1527 gratiarum
1346 1452 1673 1517 actionibus,
1699 1452 2052 1509 lamentatio-

472 1557 739 1623 nibusque
785 1561 839 1606 ct
885 1549 1140 1620 precibus
1177 1544 1364 1600 multis
1394 1559 1518 1599 eum
1568 1546 2052 1615 prosequentibus,

470 1662 581 1702 non
626 1645 803 1699 solum
849 1659 914 1697 ex
963 1640 1165 1706 Persis,
1219 1639 1467 1708 quicum
1506 1636 1798 1693 Anastasio
1844 1640 2057 1695 scilicet

472 1752 821 1794 communem
876 1735 1152 1790 habebant
1193 1733 1425 1804 patriam
1476 1740 1532 1786 et
1586 1732 1934 1800 sanguinem,
1961 1731 2056 1786 sed

2153 632 2247 685 καὶ
2273 630 2444 702 μόνην
2476 624 2748 699 ἀγιασμοῦ
2790 622 3129 696 μεταδιδδναι
3156 618 3254 689 τὴν
3300 616 3511 671 ἐκείνου
3544 611 3739 683 imor,-

2160 724 2315 794 μίαν⁹
2356 724 2416 776 τὸ
2448 722 2547 791 μὲν
2571 720 2720 786 εἴξας
2741 719 2970 780 ἐκεῖνος,
2996 714 3055 767 τὸ
3084 713 3141 765 δὲ
3172 709 3438 783 βιασθεὶς,
3468 707 3604 774 μετᾶ
3628 704 3738 758 τῶν

2158 815 2252 869 δύο
2284 815 2382 881 τῆς
2422 814 2592 884 μονῆς
2633 809 2878 879 ἀδελφῶν
2908 809 3024 861 ἐκεῖ
3052 802 3440 875 παραγίνεται,
3474 800 3608 853 ὅπου
3644 814 3741 865 και

2052 960 2057 967 ,
2159 904 2602 965 συνεστιαθέντες
2640 899 2911 968 ἀλλήλοις,
2942 895 3038 949 καὶ
3070 891 3465 963 συνησθέντες,
3518 891 3586 960 τῇ
3642 903 3742 956 (pa-

2157 993 2298 1067 λακῇ
2334 995 2494 1050 πάλιν
2523 994 2776 1064 ἀσμένως
2807 988 3294 1042 ἀποκαθίστανται.

2231 1072 2318 1145 Κί.
2345 1091 2487 1160 Ἤδη
2522 1089 2580 1143 δὲ
2609 1087 2708 1157 τῆς
2735 1080 3077 1153 προθεσμίας
3108 1072 3548 1142 καταλαϐούσης,
3571 1072 3743 1137 ἔξεισι

2153 1183 2252 1250 τῆς
2312 1180 2520 1244 πόλεως
2554 1180 2899 1251 Καισαρείας
2929 1183 3068 1250 μετὰ
3112 1178 3224 1233 τῶν
3257 1177 3351 1229 δύο
3378 1172 3744 1243 φιλοχρίστων

2149 1272 2377 1327 ἐκείνων
2404 1272 2642 1343 ἀνδρῶν,
2678 1275 2769 1326 ἐπί
2796 1291 2903 1326 τινι
2929 1273 3022 1327 καὶ
3052 1270 3232 1325 αὐτῶν
3259 1270 3408 1340 αἰτίᾳ
3425 1264 3747 1335 διαϐληθένο

2154 1381 2263 1417 των
2286 1402 2300 1427 ,
2332 1364 2436 1417 ὑπὸ
2461 1363 2674 1427 πολλοῖς
2707 1362 2816 1418 τῶν
2840 1365 2897 1417 ὲν
2931 1366 2996 1434 τῇ
3022 1362 3173 1416 πόλει
3196 1360 3456 1430 δάκρυσιν
3485 1358 3602 1426 ἅμα
3655 1359 3748 1407 καὶ

2151 1458 2563 1528 παραινέσεσιν,
2625 1461 2919 1527 οἰμωγαῖς.
2983 1454 3386 1527 εύχαριστίαις,
3431 1452 3651 1521 θρήνοις
3685 1465 3745 1501 ἰτ⁸

2152 1551 2248 1603 καὶ
2278 1550 2485 1621 εὐχαῖς,
2513 1551 2998 1621 προπεμπόμενος,
3031 1552 3093 1603 οὺ
3126 1544 3353 1617 Περσῶν
3405 1543 3592 1613 μόνον,
3625 1540 3745 1593 ὅσοι

2152 1642 2356 1713 δηλαδὴ
2383 1646 2661 1695 κοινωνεῖν
2685 1638 2831 1714 εἶχον
2874 1640 3216 1710 Ἀναστασίῳ
3244 1638 3337 1692 καὶ
3366 1634 3622 1706 πατρίδος
3652 1633 3749 1687 καὶ

2156 1734 2412 1802 αἵματος,
2475 1732 2610 1786 ἀλλὰ
2652 1734 2746 1787 καλ¹
2796 1732 3094 1805 ἡμεδαπῶν
3147 1746 3205 1783 τε
3250 1729 3346 1783 καὶ
3409 1724 3747 1794 ἀλλοφύλων.

472 1830 641 1883 etiam
698 1843 763 1881 ex
810 1825 1152 1881 nostratibus
1204 1832 1261 1879 et
1308 1822 1650 1894 alienigenis.
1696 1821 2055 1878 Communem

2169 1827 2362 1894 Κοινὴν
2387 1824 2494 1895 γὰρ
2517 1824 2784 1895 ὀρφανίαν
2841 1825 2934 1878 τὸν
2960 1823 3167 1877 ἐκείνου
3192 1819 3474 1891 χωρισμὸν
3503 1815 3758 1871 εποιοῦνο

470 1918 617 1975 enim
646 1931 769 1972 esse
801 1917 1113 1981 orbitatem,
1145 1914 1292 1968 illius
1320 1914 1599 1969 ducebant
1621 1914 2054 1984 separationem:

471 2010 616 2065 sicut
639 2024 833 2063 rursus
862 2008 1025 2062 etiam
1046 2006 1335 2079 proprium
1366 2003 1715 2075 unusquique
1761 2004 2055 2067 honorem.

472 2099 728 2165 adjiciam
771 2109 954 2153 autem
987 2098 1173 2168 gloria:
1210 2112 1428 2168 quoque
1458 2111 1716 2153 coronam
1744 2135 1758 2160 ,
1798 2097 1919 2167 ejus
1960 2110 2061 2167 pro

458 2194 676 2264 pietate
696 2191 1056 2247 constantiam
1079 2200 1133 2246 et
1156 2190 1580 2247 conleSsionem.
1611 2189 1880 2258 Quocirca
1912 2199 2063 2246 utra-

473 2299 580 2355 que
641 2296 771 2339 tunc
812 2284 1216 2339 conveniebant
1255 2300 1272 2339 :
1321 2292 1377 2338 et
1424 2283 1633 2339 civitati
1700 2283 1862 2339 divisi
1904 2290 2063 2337 erant

476 2374 643 2429 animi
664 2373 877 2428 duobus
901 2372 1067 2427 animi
1103 2373 1365 2428 motibus.
1389 2373 1541 2428 Alter
1564 2381 1745 2428 autem
1777 2388 1841 2427 ex
1872 2371 2063 2427 fratri-

477 2465 583 2518 hus
618 2481 721 2518 uua
752 2479 875 2519 cum
904 2475 1141 2537 martyre
1178 2450 1454 2534 profectus
1482 2473 1567 2521 est
1590 2468 1645 2519 in
1682 2465 1985 2528 Persidem,
2008 2472 2065 2520 et

480 2567 567 2613 cst
606 2572 715 2612 uua
746 2560 1168 2629 peregrinatus:
1196 2556 1457 2627 quoniam
1503 2557 1575 2613 ita
1602 2559 1846 2627 jusserat
1874 2557 2065 2627 prafe-

481 2657 627 2711 ctus,
661 2650 859 2719 partim
909 2651 1154 2721 quidem,
1201 2662 1263 2706 ut
1292 2651 1343 2706 ei
1392 2652 1941 2706 subtniuistrarentur
1972 2667 2066 2708 ne-

482 2742 745 2804 cessaria,
780 2752 835 2797 et
864 2751 924 2797 ut
962 2742 1082 2811 ejus
1114 2743 1491 2800 consolaretur
1520 2746 1785 2806 animum,
1823 2744 1915 2814 qui
1946 2759 2064 2814 pre-

483 2832 733 2888 mebatur
756 2843 900 2890 tanta
930 2834 1195 2890 malorum
1223 2835 1605 2906 perpessione:
1634 2836 1831 2907 partim
1857 2844 2061 2902 autem,

485 2934 695 2979 utcqu
729 2927 870 2994 apud
903 2926 1049 2981 hunc
1078 2926 1253 2980 virum
1288 2926 1610 2997 praeclarum
1658 2942 1877 2997 semper
1904 2927 2065 2982 ades-

486 3022 591 3077 set,
615 3024 670 3069 et
700 3014 822 3083 ejus
850 3015 1059 3071 videret
1082 3017 1285 3080 omnia,
1320 3027 1504 3087 posset
1541 3017 1630 3072 illa
1657 3026 1847 3087 postea
1878 3026 2068 3088 aperte

484 3108 745 3179 praefecto
773 3126 999 3167 narrare
1042 3122 1096 3166 ct
1136 3111 1488 3175 fraternitati,
1541 3126 1653 3166 non
1694 3127 1817 3181 quae
1858 3111 1928 3166 ab
1960 3110 2068 3168 alio

484 3201 809 3264 audivisset.
842 3205 936 3259 sed
976 3219 1098 3275 quas
1125 3204 1242 3275 ipse
1274 3202 1520 3268 vidisset,
1551 3212 1606 3257 et
1633 3217 1867 3286 quprum
1893 3202 2065 3258 hahe-

2087 1883 2134 1942 B

2164 1934 2250 1971 το·
2278 1916 2470 1987 ὥσπερ
2499 1917 2595 1970 καὶ
2625 1915 2792 1988 τιμὴν
2820 1916 3031 1969 οἰκείαν
3060 1915 3293 1976 ἕκαστος
3329 1912 3516 1973 πάλιν,
3580 1923 3755 1979 προσ-

2168 2010 2320 2083 θήσω
2342 2010 2383 2063 δ’
2410 2010 2491 2063 ὅτι
2521 2009 2614 2063 καὶ
2645 1997 2910 2077 στέφανον
2938 2005 3120 2076 δόξης,
3157 2007 3257 2076 τὴν
3282 2003 3426 2073 ὑπὲρ
3469 1999 3758 2062 εὐσεϐείας

2167 2101 2418 2155 ἔνστασιν
2477 2100 2643 2154 αὐτοῦ
2702 2101 2796 2153 καὶ
2830 2098 3146 2167 ὁμολογίαν.
3201 2095 3291 2149 Διὸ
3321 2093 3417 2148 καὶ
3465 2090 3759 2162 ἀμφότερα

2166 2193 2288 2246 τότε
2314 2191 2566 2261 συνῆλθε,
2599 2192 2693 2245 καὶ
2724 2192 2848 2244 δυσὶ
2903 2189 3134 2243 πάθεσιν
3169 2190 3201 2257 ἠ
3242 2187 3397 2250 πόλις
3445 2184 3544 2249 τὰς
3577 2182 3758 2253 ψυχὰς

2168 2283 2472 2355 ἐμερίζετο.
2517 2285 2745 2352 "Accpe;
2791 2281 2847 2335 δὲ
2896 2282 3006 2335 τῶν
3048 2279 3314 2348 ἀδελφῶν,
3345 2276 3443 2331 καὶ
3476 2278 3760 2345 συναπῆρε

2171 2377 2307 2446 πρὸς
2346 2375 2443 2446 τὴν
2482 2374 2719 2446 Περσίδα
2748 2374 2827 2447 τῷ
2888 2374 3128 2444 μάρτυρι
3153 2372 3245 2425 καὶ
3281 2368 3757 2438 συναπεδήμησεν,

2169 2466 2312 2520 οὕτω
2341 2464 2434 2520 τοῦ
2492 2464 2840 2535 προεστῶτος
2900 2461 3324 2531 ἐντειλαμινουο
3358 2459 3417 2513 τὸ
3468 2458 3567 2528 μὲν
3615 2457 3755 2511 ῶστε

2170 2558 2539 2613 διακονεῖσθαι
2572 2558 2641 2610 τὰ
2689 2554 2827 2627 πρὸς
2885 2553 2985 2625 τὴν
3042 2553 3234 2626 χρείαν
3290 2551 3384 2604 καὶ
3415 2547 3760 2621 παρακαλεῖν

2172 2651 2339 2705 αὑτοῦ
2381 2656 2479 2719 τὴν
2517 2649 2716 2720 ψυχὴν,
2748 2647 2991 2719 τοσαύτῃ
3026 2644 3368 2715 κακοπαθείᾳ
3398 2642 3757 2711 πιεζομένην

2172 2743 2234 2796 τὸ
2256 2742 2335 2805 δὲ,
2364 2742 2512 2803 ὅπως
2545 2741 2632 2794 ἀεὶ
2661 2740 2737 2809 τῷ
2769 2738 3003 2810 γενναίῳ
3033 2735 3247 2808 παρὼν,
3286 2736 3381 2790 καὶ
3417 2734 3485 2789 τὰ
3513 2731 3633 2785 κατ’
3660 2733 3763 2784 αὐ-

2173 2834 2264 2887 τὸν
2291 2834 2433 2904 ὁρῶν
2470 2834 2710 2898 ἅπαντα,
2742 2831 2854 2902 ἔχοι
2893 2830 3082 2900 σαφῶς
3110 2830 3337 2901 ὕστερον
3367 2828 3554 2881 ἐκεῖνα
3597 2824 3674 2894 τῷ
3703 2841 3761 2879 τε

2175 2926 2478 2997 προεστῶτι
2505 2925 2598 2978 καὶ
2624 2927 2691 2996 τῇ
2731 2921 3057 2992 ἀδελφότητι
3101 2918 3431 2992 διηγεῖσθαι,
3487 2917 3584 2987 οὐχ
3615 2916 3761 2987 ἅπερ

2173 3017 2242 3072 ἂν
2268 3018 2430 3072 ἄλλον
2458 3016 2767 3083 ἀκούσειεν,
2797 3016 2911 3070 ἀλλ’
2942 3014 3087 3085 ἅπερ
3106 3014 3171 3067 ἂν
3202 3012 3366 3076 αὐτὸς
3409 3011 3531 3074 ίδοι,
3565 3009 3659 3064 καὶ
3682 3003 3759 3062 ὧν

2175 3110 2489 3181 ὀφθαλμοὺς
2534 3112 2654 3181 εχοι
2707 3110 2832 3174 τοὺς
2872 3108 3068 3163 ἑαυτοῦ
3109 3108 3412 3179 μάρτυρας.
3459 3106 3525 3158 Δί
3577 3103 3763 3171 μέντοι

2178 3207 2467 3275 προσεχεῖς
2520 3207 2589 3276 τῇ
2637 3202 2741 3274 ὁδῷ
2774 3203 2958 3274 κῶμαι
3010 3201 3106 3256 καὶ
3161 3200 3373 3263 πόλεις,
3407 3191 3494 3261 αἷς
3557 3196 3763 3257 ἐκεῖνος

487 3304 573 3350 ret
604 3303 771 3350 testes
804 3311 934 3350 suos
963 3296 1170 3351 oculos.
1200 3296 1378 3366 Atque
1408 3296 1501 3366 qui
1531 3294 1633 3350 viae
1666 3279 1890 3365 quidem
1916 3282 2068 3350 erant

2178 3295 2391 3369 παριὼν
2424 3296 2690 3367 ἐπεδήμει
2714 3337 2730 3362 ,
2786 3294 2960 3359 οὕτως
3023 3292 3187 3349 αὑτὸν
3223 3290 3549 3359 ὑπεδέχοντο
3583 3305 3763 3359 παρα-

488 3390 841 3443 continentes
878 3388 986 3444 vici
1023 3398 1079 3444 et
1105 3389 1352 3444 civitates
1378 3428 1392 3453 ,
1439 3404 1537 3459 per
1578 3403 1714 3457 quas
1748 3387 1839 3443 ille
1883 3388 2068 3443 obiens

2177 3388 2464 3453 ϐάλλοντα,
2521 3388 2615 3442 καὶ
2665 3386 2971 3456 ἀπαίροντα
3020 3386 3182 3441 πάλιν
3232 3386 3627 3454 προέπεμπον,
3672 3381 3764 3435 καὶ

489 3479 780 3542 transibat,
810 3479 882 3533 ita
908 3494 1035 3533 eum
1065 3479 1378 3534 venientem
1408 3479 1780 3548 excipiebant,
1817 3488 1874 3534 et
1897 3479 2068 3535 disce-

2179 3480 2320 3550 μετά.
2348 3478 2619 3551 τοσαύτης
2663 3479 2849 3542 αίδοῦς
2906 3495 2967 3532 τε
3000 3478 3093 3532 καὶ
3122 3476 3411 3538 εὐλαϐείας
3451 3475 3762 3544 ἀμφότερα,

491 3568 711 3623 dentem
744 3569 1210 3640 prosequebantur
1228 3584 1293 3625 ac
1311 3570 1675 3637 deducebant,
1697 3579 1754 3625 et
1783 3579 2068 3640 utrumque

2176 3568 2318 3625 ὥστε
2363 3570 2464 3623 καὶ
2519 3570 2684 3623 αὐτὸν
2711 3569 2772 3622 τὸ
2811 3567 2947 3623 πολὺ
2993 3568 3091 3640 τῆς
3122 3568 3252 3638 περὶ
3280 3565 3443 3620 αὑτὸν
3468 3563 3634 3634 τιμῆς
3666 3564 3764 3630 iraa

490 3672 614 3713 cum
649 3667 796 3715 tanta
837 3661 1038 3731 pietate
1060 3670 1116 3715 et
1149 3663 1453 3717 reverentia
1485 3701 1501 3727 ,
1528 3669 1588 3715 ut
1615 3662 1729 3732 ipse
1760 3672 2068 3731 suspectum

2177 3662 2476 3733 ορώμενον,
2532 3664 2605 3733 μή
2638 3679 2689 3716 τι
2709 3662 2808 3731 τῆς
2841 3661 3052 3717 ἐκεῖθεν
3084 3663 3233 3733 παρὰ
3256 3659 3376 3730 Θεῷ
3399 3658 3558 3728 δόξης
3579 3656 3771 3725 ύτέλζ·

492 3746 704 3804 habens
734 3749 962 3803 nimium
1002 3753 1286 3816 honorem,
1323 3765 1392 3805 ne
1427 3750 1495 3805 de
1541 3766 1624 3815 ea,
1665 3766 1827 3820 quam
1868 3751 2019 3807 illinc
2045 3767 2068 3807 ε

2177 3772 2289 3820 ται,
2313 3755 2523 3827 γράψαι
2546 3756 2623 3825 τῷ
2656 3755 2963 3827 προεστῶτι
2986 3755 3082 3826 τῆς
3117 3755 3284 3825 μονῆς
3310 3754 3368 3819 ἐξ
3406 3751 3768 3822 Ἱεραπόλεως

493 3840 606 3896 Deo
627 3844 1001 3913 exspectabat,
1031 3843 1200 3914 gloria
1218 3841 1420 3913 aliquid
1438 3842 1774 3908 detraheret,
1796 3843 2068 3913 scripserit

2182 3846 2438 3919 εὔχεσθαι
2473 3849 2615 3921 ὑπὲρ
2660 3847 2825 3902 αὑτοῦ
2877 3847 2954 3919 τῷ
2984 3846 3129 3917 Θεῷ,
3181 3845 3557 3916 ἀκατάκριτον
3607 3843 3771 3897 αὐτὸν

494 3932 767 4004 Hierapoli
797 3936 866 3991 ad
894 3936 1209 4008 praefectum
1237 3936 1580 4000 monasterii,
1605 3943 1665 3990 ut
1692 3950 1788 4006 pro
1818 3951 1885 3990 eo
1908 3936 2077 3991 Deum

495 4038 736 4097 rogaret,
771 4037 833 4082 ut
878 4043 975 4096 pro
1016 4027 1102 4082 his
1129 4038 1553 4084 conservaretur
1596 4042 1705 4082 non
1745 4028 2080 4084 condemna-

496 4125 587 4173 tus
616 4117 669 4171 iu
701 4134 788 4179 eo,
808 4118 950 4187 quod
981 4118 1090 4174 illic
1112 4128 1216 4179 est,
1241 4119 1484 4190 judicio:
1511 4129 1566 4174 et
1592 4120 1882 4189 scripserit
1907 4120 2074 4176 etiam

498 4207 643 4277 apud
689 4207 894 4280 Tigrim
931 4208 1178 4269 fluvium.
1218 4226 1415 4282 rogans
1457 4210 1742 4274 similiter,
1776 4221 1837 4267 ut
1871 4228 1969 4283 pro
2013 4228 2081 4269 eo

497 4307 705 4359 oraret,
735 4309 796 4353 ut
830 4299 1199 4356 inﬂexibiliter
1224 4310 1281 4357 et
1303 4302 1437 4356 citra
1467 4301 1635 4357 ullum
1674 4301 1889 4374 lapsum
1918 4304 1988 4360 ab
2013 4321 2081 4361 eo

496 4391 744 4461 martyrii
784 4407 977 4447 cursus
1003 4403 1500 4447 consumtuarctur.

570 4479 715 4537 XXI.
765 4481 903 4537 Cum
934 4482 1046 4551 jam
1090 4492 1272 4539 autem
1324 4487 1665 4554 pervenisset
1702 4486 1757 4542 in
1802 4486 2079 4544 Persidem

2181 3939 2389 3993 τούτων
2420 3938 2606 3994 ἕνεκεν
2629 3940 2721 3993 ἐπὶ
2750 3939 2845 3993 τοῦ
2875 3940 2993 3992 ἐκεῖ
3019 3936 3375 4007 δικαστηρίου
3420 3934 3770 4005 συντηρηθῆο

2182 4047 2299 4084 ναι·
2350 4030 2560 4101 γράψαι
2614 4032 2673 4086 δὲ
2725 4033 2821 4085 καὶ
2868 4030 2977 4084 ἀπὸ
3018 4029 3114 4083 τοῦ
3172 4030 3443 4099 Τίγρητος
3497 4024 3770 4096 ποταμοῦ,

2180 4121 2437 4189 ἀξιοῦντα
2483 4122 2693 4176 δεῖσθαι
2740 4119 2944 4192 ὁμοίως
3000 4122 3143 4192 ὑπὲρ
3169 4117 3357 4180 αὑτοῦ,
3414 4117 3478 4171 't'v'
3534 4117 3773 4181 ἀκλινῶς

2188 4214 2339 4285 αὐτῷ
2358 4215 2451 4269 καὶ
2484 4215 2803 4277 ἀπταίστως
2824 4215 2852 4267 ὁ
2869 4211 2965 4267 τοῦ
2994 4212 3301 4286 μαρτυρίου
3331 4209 3530 4282 δρόμος
3556 4208 3773 4264 τελειω·

2193 4306 2336 4377 θείη.

2258 4488 2391 4545 KA'.
2439 4490 2577 4559 Ἤδη
2614 4489 2670 4542 δὲ
2700 4488 2795 4562 τὴν
2825 4488 3063 4558 Περσίδα
3089 4485 3415 4541 καταλαϐὼν
3440 4485 3654 4555 φυλακῇ
3688 4483 3773 4537 δί-

500 4572 601 4645 (6),
636 4574 797 4628 datur
832 4574 887 4628 in
926 4576 1253 4639 custodiam,
1286 4576 1443 4632 sitam
1477 4577 1534 4632 in
1579 4579 1815 4648 quodam
1851 4579 2068 4648 praedio,

2185 4585 2361 4646 δοται,
2403 4586 2541 4655 προς
2595 4600 2698 4638 τινι
2758 4581 2946 4654 χωρίῳ
2976 4580 3265 4635 Βετσαλῶε
3302 4579 3625 4650 καλουμένῳ
3653 4592 3771 4632 κει·

498 4664 643 4735 quod
671 4673 905 4721 vocatur
940 4665 1206 4731 Batsaloe,
1240 4683 1359 4738 quae
1393 4668 1460 4723 ad
1491 4679 1704 4725 sextum
1730 4670 1964 4739 lapidem
1998 4670 2085 4725 di-

496 4764 609 4809 stat
659 4771 688 4809 a
734 4756 1021 4812 Discartha
1054 4757 1108 4812 in
1150 4774 1270 4828 quo-
1304 4774 1399 4814 rex
1452 4761 1776 4814 versabatur
1817 4760 2081 4817 Cltosroe.

498 4846 601 4913 Qui
630 4861 762 4902 vero
792 4864 915 4902 cum
948 4864 1015 4904 eo
1044 4860 1162 4904 erat
1196 4850 1387 4917 frater,
1422 4850 1475 4904 in
1504 4849 1669 4906 domo
1700 4852 1961 4917 tiortacti,
1988 4853 2082 4924 qui

500 4945 620 4992 erat
666 4938 813 4994 illius
846 4938 1022 4996 lesdin
1061 4941 1237 5007 ﬁlius,
1271 4941 1375 4996 fuit
1418 4941 1654 5008 hOSpitio
1697 4953 1975 5014 acceptus.
2017 4945 2085 5001 Et

502 5044 690 5085 carcer
759 5032 978 5101 quidem
1037 5041 1328 5104 martyrtm
1376 5033 1571 5090 habuit
1625 5051 1750 5090 cum
1804 5036 2084 5093 maleﬁcis.

502 5122 640 5177 Cum
699 5132 881 5179 autem
958 5132 1081 5194 post
1156 5125 1365 5197 aliquot
1421 5125 1541 5184 dies
1613 5127 1683 5183 de
1763 5143 1831 5183 eo
1890 5129 2088 5186 fuisset

503 5212 732 5267 relatum
786 5214 852 5267 ad
894 5211 1201 5281 Chosroen,
1250 5216 1340 5271 ille
1389 5217 1559 5273 misso
1623 5232 1734 5272 uno
1802 5234 1871 5274 ex
1915 5219 2085 5290 magi-

505 5305 805 5371 stratibus,
836 5320 963 5360 eum
1006 5307 1215 5378 rogavit
1255 5308 1506 5379 quisnam
1547 5318 1714 5375 esset,
1744 5318 1800 5367 et
1829 5313 2001 5382 cujas,
2031 5322 2088 5369 et

506 5397 766 5468 quidnam
794 5412 919 5454 eum
953 5400 1233 5466 movisset,
1271 5408 1332 5456 ut
1362 5401 1593 5470 patriam
1629 5401 1964 5474 relinqueret
1996 5422 2086 5462 rc-

508 5488 785 5562 ligiouetn.
821 5490 871 5546 Is
896 5506 1028 5547 vero
1055 5507 1152 5563 per
1181 5494 1469 5564 quemdam
1498 5496 1788 5563 respondet
1816 5496 2089 5567 interpre-

508 5589 637 5636 tem.
672 5580 805 5636 Nam
842 5598 913 5639 ne
944 5599 1076 5639 voce
1107 5585 1324 5654 quidem
1359 5584 1573 5640 Persica
1616 5586 1831 5642 volebat
1866 5589 1939 5642 uti
1976 5606 2092 5644 atu-

2189 4679 2349 4747 μένῃ,
2376 4677 2624 4748 σημείοις
2656 4676 2715 4742 ἓξ
2751 4674 2846 4729 τοῦ
2881 4674 3191 4745 Δισκάρθας
3239 4672 3586 4743 διεστηκυῖα,
3645 4668 3774 4724 ἔνθα

2184 4766 2250 4838 δὴ
2282 4766 2535 4837 βασιλεὺς
2563 4766 2813 4835 Χοσρόης
2844 4764 3138 4835 διέτριϐεν.
3188 4762 3248 4818 '0
3282 4764 3466 4833 μέντοι
3495 4762 3595 4815 σὺν
3626 4757 3775 4831 αὐτῷ

2185 4855 2435 4924 ἀδελφὸς,
2465 4857 2532 4927 τῇ
2564 4853 2657 4908 τοῦ
2692 4853 3012 4924 Κορτακτοῦ
3041 4853 3190 4925 οἰκίᾳ
3216 4892 3232 4919 ,
3292 4852 3352 4916 ὃς
3381 4851 3494 4915 υίὸς
3530 4844 3601 4922 ἦν
3640 4849 3775 4903 Ἰεσο

2185 4950 2269 5004 δὶν
2296 4948 2530 5014 ἐκείνου,
2563 4946 2881 5016 ἐπεξενώθη
2903 4962 2918 4978 ·
2952 4949 3050 5000 καὶ
3096 4947 3188 5001 τὸν
3231 4962 3328 5016 μεν
3355 4943 3610 5015 μάρτυρα
3657 4936 3776 5012 εἷχε

2190 5040 2326 5111 μετὰ
2347 5039 2454 5093 τῶν
2480 5038 2806 5110 κακούργων
2838 5040 2899 5093 τὸ
2927 5039 3325 5110 δεσμωτήριον.
3373 5023 3689 5105 ’Δνενεχθὲν
3717 5033 3776 5086 δὲ

2191 5132 2332 5203 μετά
2354 5148 2503 5195 τινας
2556 5131 2766 5201 ἡμέρας
2795 5130 2875 5201 τῷ
2927 5129 3137 5202 βασιλεῖ
3169 5128 3385 5203 Χοσρόῃ
3422 5128 3556 5199 περὶ
3583 5124 3775 5188 αὐτοῦ,

2192 5223 2417 5295 πέμψας
2439 5224 2537 5278 ἕνα
2566 5223 2674 5277 τῶν
2702 5225 2985 5295 ἀρχόντων
3011 5226 3218 5287 ἐκεῖνος
3243 5220 3577 5275 ἐπυνθάνετο
3608 5217 3777 5274 αὑτοῦ

2187 5317 2335 5380 ὅστις
2362 5317 2470 5387 sit),
2510 5318 2606 5369 καὶ
2654 5317 2814 5381 ὅθεν,
2842 5318 2939 5370 καὶ
2976 5318 3027 5369 τί
3054 5315 3253 5386 δήποτε
3288 5312 3500 5377 παθὼν,
3545 5311 3644 5384 τὴν
3679 5312 3780 5366 πά-

2189 5425 2338 5480 τριον
2368 5406 2624 5463 ἀπολίποι
2654 5408 2975 5479 θρησκείαν.
3012 5409 3071 5461 '0
3101 5407 3159 5461 δὲ
3179 5406 3272 5462 διά.
3299 5423 3447 5471 τινος
3489 5402 3777 5476 ἑρμηνέως

2192 5500 2576 5569 ἀπολογεῖται·
2628 5500 2815 5554 ούκέτι
2871 5502 2981 5571 γὰρ
3009 5498 3131 5552 οὐδὲ
3180 5500 3247 5569 τῇ
3286 5500 3438 5567 φωνῇ
3495 5494 3773 5565 περσίζειν

2191 5592 2369 5661 ἠξίου,
2396 5593 2490 5646 καὶ
2518 5592 2689 5665 αὐτὴν
2740 5590 2881 5663 μετὰ
2904 5591 3003 5660 τῆς
3041 5590 3339 5662 θρησκείας
3372 5588 3473 5660 τὴν
3531 5586 3777 5654 γλῶτταν

509 5671 690 5737 plius,
733 5681 791 5727 ttt
838 5675 930 5744 qui
990 5692 1111 5731 eam
1167 5676 1474 5746 abjurasset
1516 5678 1752 5749 linguam
1810 5696 1915 5734 una
1968 5696 2068 5745 cun

2194 5686 2486 5755 ἀπώμοτον
2530 5686 2921 5757 ποιησάμενος,
2977 5682 3009 5754 ἢ
3053 5685 3148 5738 καὶ
3193 5684 3273 5752 τῇ.
3322 5679 3539 5753 γλώττῃ
3581 5677 3778 5749 μᾶλλον

514 5760 794 5829 religione,
828 5775 922 5821 aut
960 5768 1161 5838 lingua:
1194 5769 1373 5840 potius
1406 5780 1550 5825 esset
1581 5770 1828 5826 infensus
1872 5781 2061 5844 proptr

2201 5776 2285 5830 6:).
2316 5780 2375 5831 τὸ
2427 5780 2585 5843 σέϐας
2633 5778 3101 5850 ἀπεχθανόμενος.
3149 5775 3523 5847 Ἀπολογεῖται
3552 5775 3732 5830 τοίνυν
3759 5807 3774 5833 ο

591 5874 664 5939 (li;
690 5875 842 5929 Auno
866 5880 990 5935 617.
2008 5871 2014 5876 ’
