4116 6436
364 292 470 355 €01
1468 282 1649 343 VITA
1686 282 1747 342 S.
1786 278 1989 339 ANAS‘

2012 278 2189 339 :‘ASII
2229 279 2511 340 PERSE.
3530 283 3637 345 802

352 407 507 461 Λιότι
529 403 599 456 τὰ
625 400 945 471 σεϐάσματα
971 397 1147 469 ὑμῶν,
1170 396 1366 465 λέγων,
1390 393 1567 465 σαφὴς
1587 392 1830 447 ἀπώλεια
1859 388 1951 443 καὶ

2012 410 2026 446 ι
2053 386 2244 443 falsam
2276 390 2618 462 religionem.
2654 389 2966 460 Respondet
2995 406 3160 463 ergo:
3193 391 3461 459 Quoniam
3488 437 3502 459 ,
3550 395 3637 451 di-

360 497 538 566 πλάνη
566 491 840 562 δαιμόνων
879 489 1065 542 ἐστίν·
1112 488 1258 558 ἅπερ
1306 481 1400 540 οὖν
1462 501 1594 537 ποτε
1641 482 1737 536 καὶ
1790 479 1952 541 αὐτὸς

2060 494 2211 545 cens,
2246 489 2428 537 vester
2452 482 2682 539 deorum
2716 483 2895 538 cultus
2928 493 3014 538 est
3042 484 3390 539 titanifestum
3414 485 3638 541 exitium

363 584 704 660 πρεσϐεύων,
738 581 970 644 σκότους
1012 581 1139 651 ἄρτι
1201 580 1316 651 φῶς
1357 576 1699 648 ἠλλαξάμην,
1733 572 1827 626 καὶ
1857 590 1917 622 νυ
1938 597 1951 607 -

2058 584 2115 627 et
2167 589 2323 628 error
2370 572 2702 630 daamonum.
2758 574 2929 642 Quem
2974 577 3194 646 quidem
3222 580 3362 633 'cum
3395 580 3511 649 ipse
3542 578 3642 633 ali-

360 680 487 742 κτὸς
512 674 752 748 ἡμέραν,
782 674 876 726 καὶ
901 669 1102 741 ἀχλύος
1125 668 1401 737 ἀφεγγοῦς
1431 667 1606 737 ἣλιον,
1631 662 1751 733 Θεῷ
1779 676 1954 731 προσ-

2058 666 2278 736 quando
2311 681 2595 736 sequerer,
2629 682 2807 735 nuper
2837 668 2957 722 luce
2988 671 3317 725 commutavi
3360 672 3637 738 tenebras,

359 769 573 841 ανὲχων
603 763 821 834 ἐκείνῳ,
848 762 928 833 τῷ
957 758 1194 830 οὐρανοῦ
1243 761 1337 812 καὶ
1383 756 1491 826 γῆς
1534 754 1628 809 καὶ
1657 750 1954 824 ὁρωμένων

2061 767 2117 814 et
2146 758 2235 814 die
2271 770 2490 814 noctein
2518 767 2574 813 et
2617 759 2732 814 sole
2766 762 3051 815 obscuram
3082 762 3391 833 caliginem,
3428 763 3503 817 illi
3532 763 3641 818 Deo

355 862 618 917 ἁπάντων
647 855 745 911 καὶ¹
790 852 1102 924 νοουμένων
1139 848 1491 920 Δημιουργῷ.
1551 848 1695 917 Πρὸς
1755 845 1900 912 ᾇπερ
1927 841 1955 893 ὁ

2060 865 2150 905 me
2181 851 2461 916 dedicans,
2489 851 2581 922 qui
2609 860 2694 907 est
2727 852 2847 907 caeli
2873 862 2928 907 et
2957 860 3137 918 terrae,
3168 863 3225 908 et
3250 854 3495 909 omnium
3520 870 3641 925 quae

360 957 548 1027 ἄρχων
579 991 595 1016 ,
629 947 839 1012 Ἀθλιε,
870 946 1057 1017 φησὶν,
1094 943 1196 1013 οὐχ
1222 942 1281 996 ὃν
1334 939 1654 1010 Χριστιανοὶ
1682 936 1954 999 σέϐονται,

2060 941 2317 998 videntur
2345 952 2403 998 et
2432 952 2615 998 mente
2639 943 3041 1013 percipiuntur,
3074 943 3274 1014 opifex.
3318 944 3418 1000 Cui
3466 946 3642 1016 magi-

360 1045 551 1099 τοῦτον
584 1039 945 1110 ἐσταύρωσαν
1003 1028 1282 1094 Ἰουδαῖοι;
1320 1031 1437 1095 πῶς
1468 1028 1562 1084 οὖν
1593 1029 1694 1099 τῆς
1724 1027 1955 1099 Περσῶν

2061 1043 2313 1089 stratus:
2355 1034 2539 1099 Miser,
2575 1035 2773 1103 inquit,
2799 1050 2910 1089 non
2943 1051 3090 1098 eum,
3136 1051 3300 1110 quem
3343 1052 3438 1092 vos
3480 1035 3644 1091 Chri-

361 1136 663 1210 θρησκείας
684 1101 1125 1201 τίίΧριστιανῶν
1152 1124 1597 1198 προτετίμηκαςς
1622 1122 1731 1174 Καὶ
1759 1120 1787 1173 ὀ
1811 1121 1952 1191 μάρ-

2064 1127 2230 1181 stiani
2261 1126 2460 1193 colitis,
2499 1127 2650 1181 cruci
2681 1125 2854 1182 Judaei
2884 1126 3150 1182 aﬂixere?
3195 1101 3479 1194 duomodo
3514 1144 3644 1199 ergo

362 1246 490 1291 τυς,
519 1226 647 1279 Ὅτι
673 1221 771 1293 μὲν
792 1217 1132 1289 ἐσταυρώθη,
1162 1217 1349 1286 φησιν,
1373 1215 1477 1267 ὑπὸ
1514 1210 1805 1275 Ἰουδαίων,
1825 1210 1957 1280 σύμ-

2069 1215 2300 1292 Ροιοεροαι
2365 1216 2613 1287 religioni
2665 1216 3105 1272 Christianorum
3186 1233 3275 1274 res
3330 1218 3645 1287 praetulisti?

360 1334 507 1389 φημι
535 1316 629 1369 καὶ
667 1311 852 1376 αὐτὸς,
891 1308 1034 1379 πλὴν
1057 1306 1174 1361 ἀλλ’
1206 1305 1475 1368 ἑκουσίως
1499 1303 1596 1356 καὶ
1621 1304 1763 1374 ὑπὲρ
1797 1303 1955 1373 ὴμῶν

2063 1306 2267 1378 Martyr
2288 1316 2472 1363 autem
2495 1308 2681 1373 :Quod
2711 1308 2875 1364 fuerit
2895 1309 3139 1378 quidem,
3170 1309 3364 1378 inquit,
3391 1326 3420 1363 a
3442 1309 3645 1364 Judaeis

354 1410 467 1462 τῶν
490 1408 802 1477 ἀχαρίστων
829 1402 922 1455 καὶ
944 1399 1300 1469 ἀγνωμόνων.
1326 1396 1498 1450 Τοῦτο
1520 1396 1632 1465 γὰρ
1657 1395 1757 1464 τῆς
1788 1393 1954 1447 αὑτοῦ

2062 1399 2379 1461 crucifixus.
2422 1400 2538 1469 ipse
2568 1415 2785 1471 quoque
2812 1401 3084 1456 assentior
3114 1418 3129 1457 :
3157 1402 3256 1456 sed
3294 1416 3393 1456 sua
3425 1410 3642 1471 sponte,

360 1496 774 1570 φιλανθρωπίας
831 1493 951 1547 ἐστὶ
995 1492 1057 1546 τὸ
1092 1490 1533 1562 παραδοξότατον
1554 1505 1568 1519 ·
1610 1489 1693 1542 ὅτι
1715 1487 1848 1550 Θεὸς
1881 1485 1956 1539 ῶν

2061 1499 2117 1545 et
2151 1506 2251 1561 pro
2285 1491 2442 1546 nobis
2474 1491 2719 1562 ingratis,
2761 1500 2818 1546 et
2864 1491 2955 1561 qui
3011 1506 3202 1546 sumus
3250 1491 3500 1547 beneﬁcii
3549 1508 3645 1547 ae-

367 1589 461 1642 καὶ
490 1586 682 1656 Σωτὴρ
716 1583 974 1637 ἁπάντων
1007 1579 1103 1634 καὶ
1137 1579 1480 1651 Δημιουργὸς
1507 1577 1660 1631 τοῦδε
1695 1577 1790 1630 τοῦ
1818 1577 1958 1645 σύμ-

2063 1585 2205 1654 cepti
2237 1584 2606 1640 immemores.
2631 1585 2763 1654 Ejus
2781 1584 2929 1641 enim
2950 1584 3302 1654 benignitatis
3329 1595 3385 1638 et
3401 1587 3645 1639 elemen-

374 1694 599 1741 παντος,
644 1676 706 1729 οὗ
741 1676 903 1745 μόνον
931 1672 1120 1726 δούλου
1169 1670 1384 1743 μορφὴν
1437 1669 1685 1732 ἀνέλαϐε,
1713 1668 1781 1721 δι’
1812 1668 1956 1736 ἡμᾶς

2066 1675 2155 1729 tia:
2180 1686 2259 1731 est
2289 1674 2392 1728 hoc
2422 1675 2508 1729 vel
2538 1676 2772 1730 maxime
2799 1673 3141 1739 admirable,
3168 1673 3314 1744 quod
3346 1689 3468 1728 cum
3500 1682 3647 1730 esset

366 1770 428 1837 ἐξ
469 1768 698 1840 οὐρανοῦ
743 1766 1015 1832 καταϐὰς,
1055 1765 1194 1819 ἀλλὰ
1241 1764 1336 1817 καὶ
1372 1765 1602 1833 σταυρὸν
1635 1762 1777 1831 ὑπὲρ
1804 1760 1960 1831 ἡμῶν
1990 1752 1991 1755 “

2016 1750 2035 1807 3
2065 1764 2212 1821 Deus
2241 1776 2296 1821 et
2323 1774 2573 1821 servator
2593 1766 2862 1830 omnium,
2893 1772 2950 1819 et
2969 1765 3152 1835 opifex
3190 1765 3359 1834 hujus,
3379 1765 3641 1832 universi,

362 1861 463 1916 καὶ
486 1860 719 1915 θάνατον
744 1858 945 1923 εἵλετο,
973 1857 1062 1911 ἵνα
1094 1856 1260 1927 ἀνέλῃ
1298 1853 1397 1926 τὴν
1451 1854 1608 1924 ἡμῶν
1652 1854 1958 1923 ἁμαρτίαν,

2063 1872 2172 1911 non
2218 1857 2396 1912 solum
2430 1866 2654 1927 propter
2684 1872 2786 1911 nos
2815 1858 2956 1911 servi
2985 1856 3217 1912 formam
3252 1858 3483 1927 accepit,
3515 1872 3642 1912 cum

365 1956 434 2007 ἐκ
461 1955 561 2023 τῆς
590 1951 686 2005 τοῦ
715 1954 952 2021 πονηροῦ
979 1948 1289 2019 συμϐουλῆς
1314 1947 1404 1999 καὶ
1439 1945 1651 2013 πλάνης
1701 1946 1816 2005 τοῖς
1868 1945 1963 1995 ἁν-

2062 1946 2129 2001 de
2154 1947 2293 2003 coelo
2317 1947 2693 2002 descendisset
2717 1988 2734 2014 ,
2763 1947 2860 2001 sed
2890 1949 3053 2001 etiam
3105 1962 3204 2017 pro
3241 1947 3400 2002 nobis
3426 1961 3643 2002 crucem

363 2041 610 2114 θρώποις
654 2038 1056 2111 ἐπιτριϐεῖσαν.
1101 2035 1288 2106 Ὑμεῖς
1331 2034 1386 2087 δέ
1444 2031 1839 2103 προτιμότερον
1869 2030 1962 2082 τὸν

2048 2039 2254 2109 _volcus
2282 2036 2454 2092 subiit
2486 2048 2545 2093 et
2575 2047 2829 2100 mortem,
2861 2048 2921 2093 ut
2950 2048 3196 2093 nostrum
3233 2047 3516 2107 peccatum
3541 2039 3645 2094 tol-

364 2134 565 2205 ἐχθρὸν
604 2133 967 2202 πεποιήκατε,
994 2132 1111 2194 ταῖς
1142 2129 1352 2181 ἐκείνου
1388 2126 1551 2198 μέχρι
1578 2126 1666 2178 καὶ
1696 2123 1790 2177 νῦν
1815 2124 1959 2177 ἁπά-

2062 2128 2220 2194 leret,
2244 2127 2387 2198 quod
2410 2144 2476 2184 ex
2511 2130 2726 2201 maligni
2754 2129 2969 2184 insidiis
2995 2140 3049 2185 et
3072 2131 3352 2185 fraudibus
3382 2129 3644 2186 inflictum

361 2242 489 2289 ταις
519 2225 761 2294 ἀνοήτως
785 2222 1069 2292 ἑπόμενοι,
1099 2220 1191 2272 καὶ
1219 2217 1439 2282 θύοντες
1474 2216 1630 2287 ἡλίῳ,
1675 2217 1768 2267 καὶ
1803 2215 1959 2284 πυρὶ,

2063 2231 2183 2276 erat
2228 2221 2562 2275 hominibus.
2592 2220 2702 2276 Vos
2749 2231 2931 2276 autem
2972 2222 3257 2277 inimicum
3305 2223 3645 2293 praatulistis,

366 2318 468 2371 καὶ
498 2316 722 2387 σελήνῃ,
763 2312 899 2385 μηδέ
925 2312 1065 2363 αὐτὰ
1080 2309 1513 2376 δυσωπηθέντες,
1538 2309 1582 2356 εἰ
1617 2306 1691 2375 μή
1730 2322 1778 2356 τι
1812 2305 1960 2371 ἄλλο)⁹

2066 2314 2157 2381 qui
2184 2313 2349 2368 stulte
2380 2314 2526 2369 illius
2559 2314 2780 2369 fraudes
2826 2315 2879 2369 in
2914 2316 3240 2370 hodiernum
3284 2332 3453 2386 usque
3502 2316 3647 2370 diem

372 2408 444 2461 τὰ
483 2405 723 2477 Χριστοῦ
760 2404 992 2473 σφάγια.

2065 2406 2380 2477 sequimini,
2412 2416 2469 2460 et
2494 2406 2592 2461 soli
2625 2406 2966 2471 sacriﬁcatis,
2996 2417 3051 2462 et
3078 2407 3213 2478 igni,
3243 2417 3298 2464 et
3328 2409 3492 2472 lunae,
3528 2409 3653 2462 nul-

1077 2484 1080 2488 Α
2064 2500 2171 2554 lam
2205 2515 2273 2554 ne
2315 2498 2520 2554 Christi
2553 2499 2776 2569 quidem
2805 2500 2989 2564 caedis,
3032 2499 3081 2554 si
3116 2515 3230 2554 non
3268 2499 3515 2565 alterius,
3547 2500 3652 2556 du-

2065 2597 2255 2646 centes
2286 2589 2579 2644 rationem.
2624 2604 2628 2608 ”
2678 2654 2681 2655 ν

444 2681 573 2737 KB’.
617 2677 937 2735 ’Υπολαϐὼν
961 2678 1019 2732 δὲ
1050 2676 1079 2730 ὁ
1108 2676 1292 2747 ἄρχων
1318 2715 1335 2741 ,
1371 2673 1436 2728 Τί
1460 2689 1541 2726 σοι
1563 2672 1658 2725 καὶ
1685 2672 1797 2734 τοῖς
1841 2672 1964 2724 divo-

2139 2678 2301 2735 XXII.
2338 2679 2699 2749 Respondens
2726 2689 2906 2733 autem
2932 2680 3314 2749 magistratus:
3347 2677 3486 2744 Quid
3530 2678 3652 2747 tibi,

374 2777 582 2849 νὴτοις,
613 2773 741 2843 ἐφη,
777 2771 987 2833 τούτοις
1009 2771 1103 2824 καὶ
1130 2767 1406 2838 περιττοῖς
1432 2765 1705 2836 ρήμασινς
1728 2764 1836 2816 ἰδοῦ
1858 2763 1964 2835 γάρ

2066 2770 2265 2838 inquit,
2321 2785 2445 2824 cum
2511 2771 2596 2824 his
2647 2770 2825 2824 stultis
2874 2768 3058 2823 verbis
3096 2780 3151 2824 et
3202 2768 3656 2839 supervacaneis?

374 2884 463 2922 σοι
493 2867 645 2935 παρὰ
668 2863 765 2918 τοῦ
800 2862 1068 2935 βασιλέως
1100 2859 1198 2914 καὶ
1246 2859 1467 2929 ἀξίωμα
1512 2856 1621 2910 τῶν
1661 2854 1964 2925 ἐπιφανῶν,

2067 2863 2208 2919 Ecce
2282 2862 2432 2917 enim
2518 2863 2687 2918 tibia
2742 2877 2869 2934 rege
2928 2861 3171 2932 insignes
3236 2861 3552 2930 dignitates.
3597 2868 3657 2917 et

375 2962 475 3017 καὶ
503 2958 672 3024 ζῶναι
701 2958 925 3029 χρυσαῖ,
961 2954 1056 3009 καῖ⁹
1092 2953 1271 3017 ῐπποι,
1305 2950 1400 3004 καὶ⁸
1428 2949 1598 3003 τᾶλλα
1628 2948 1832 3012 πάντα,
1868 2950 1966 3001 ὅσα

2069 2972 2223 3011 zona:
2289 2970 2502 3018 aureae.
2574 2964 2632 3011 et
2690 2954 2837 3025 equi,
2894 2962 2950 3008 et
3001 2968 3343 3023 quaecunque
3421 2952 3652 3007 illustria

377 3051 490 3108 τῶν
517 3048 789 3121 λαμπρῶν
808 3064 868 3102 τε
891 3048 986 3101 καὶ
1011 3043 1298 3110 ἐπιδόξων,
1324 3044 1651 3115 ἡτοίμασται
1673 3057 1686 3072 ·
1713 3040 1875 3109 δεῦρο
1902 3038 1967 3110 δὴ
1997 3109 2002 3121 Α

2029 3058 2128 3117 ,οι
2157 3049 2432 3121 gloriosa,
2481 3059 2612 3104 sunt
2660 3056 2868 3118 parata.
2911 3046 3158 3117 Agedum
3208 3060 3372 3115 ergo,
3424 3045 3654 3115 patriam

388 3096 486 3108 *ν’
519 3096 782 3121 ’“⁷”Γ“’ῐ’”⁷
820 3096 867 3102 -ν
892 3096 985 3101 ’πη
1015 3096 1235 3110 νην--ση
1284 3096 1298 3109 ι
1344 3096 1358 3115 ο
1449 3096 1461 3113 ι
1814 3096 1827 3109 .
1954 3096 1967 3110 .

377 3145 497 3213 οῦν,
515 3148 575 3200 τὸ
595 3146 823 3215 πάτριον
845 3141 941 3196 καὶ
965 3138 1119 3201 αὖθις
1144 3137 1306 3200 σέϐας
1328 3135 1614 3190 ὲπανελοῦ.
1636 3134 1780 3207 Ιῐρδς
1800 3136 1970 3187 ταῦτα
1995 3109 2002 3144 ⁴

2028 3098 2038 3117 .
2073 3096 2128 3106 ν-
2157 3096 2432 3121 cum",
2482 3096 2611 3104 ----ν
2661 3096 2868 3118 τ----π-
2911 3096 3156 3117 "cur-—
3216 3096 3331 3115 --ο-
3359 3096 3372 3110 .

2028 3131 2039 3150 ’
2075 3145 2293 3213 suscipe
2333 3138 2791 3213 religionem..Ad
2824 3139 2941 3193 haec
2973 3147 3182 3209 martyr
3212 3156 3224 3193 :
3254 3136 3412 3201 Mihi,
3457 3137 3653 3206 inquit,

378 3241 410 3293 ὀ
437 3240 650 3311 μάρτυς
688 3275 705 3301 ,
733 3233 891 3304 Ἐμοὶ
911 3233 981 3285 τὰ
1003 3230 1129 3301 τῇδε
1154 3270 1169 3297 ,
1198 3230 1385 3301 φησὶν,
1428 3222 1475 3283 ὧ
1518 3228 1722 3301 ἄρχων,
1767 3230 1972 3299 τερπνὰ

2073 3253 2106 3293 o
2153 3252 2378 3306 praeses,
2412 3251 2531 3305 qua:
2576 3233 2668 3289 hic
2704 3244 2835 3288 sunt
2869 3232 3133 3302 jucunda,
3183 3233 3445 3301 valdeque
3486 3246 3656 3301 expe-

379 3331 476 3383 καὶ
508 3325 727 3399 ζηλωτὰ
756 3325 857 3378 καὶ
887 3321 1181 3391 ἐπίφθονα,
1211 3321 1384 3390 ὄνομα
1408 3318 1609 3389 δηλαδὴ
1639 3322 1733 3371 καὶ
1765 3318 1968 3386 τρυφὴ,

2076 3327 2312 3398 ιριιᾱειζει
2337 3327 2631 3382 invidiosa:
2652 3340 2848 3380 nomen
2871 3324 3007 3379 scitir
3022 3332 3097 3388 et,
3116 3323 3347 3382 delieize,
3368 3322 3655 3387 etdivitiar,

381 3420 484 3475 καὶ
518 3419 743 3480 πλοῦτος
781 3415 876 3469 καὶ
904 3414 1250 3485 περιφάνεια,
1281 3413 1346 3465 ἐκ
1372 3411 1566 3464 πολλοῦ
1592 3410 1770 3463 πάντα
1808 3426 1974 3462 κατα-

2075 3427 2131 3473 et
2169 3418 2446 3489 splendor,
2470 3419 2578 3484 jam
2616 3426 2745 3472 Sllul.
2787 3415 2880 3471 diu
2930 3416 3132 3471 abhinc
3178 3416 3516 3483 contemptui
3545 3455 3559 3476 ,
3594 3423 3654 3468 ut

381 3510 764 3581 πεφρόνηται,
797 3506 912 3579 βίον
940 3504 1344 3577 ἐπανῃρημένῳ
1390 3503 1621 3573 μονήρη,
1664 3502 1758 3553 καὶ
1799 3499 1976 3570 μόνων

2075 3510 2169 3581 qui
2203 3511 2372 3564 vitam
2409 3509 2744 3579 susceperim
2781 3509 3167 3571 monasticam,
3215 3515 3272 3562 et
3303 3523 3334 3561 a
3381 3508 3496 3562 sola
3538 3521 3658 3575 spe,

380 3604 495 3660 τῶν
547 3601 758 3657 ἐκεῖθεν
810 3597 1047 3654 ἐλπίδων
1095 3595 1520 3668 ἐκκρεμαμὲνῳ.
1572 3590 1776 3647 Τούτου
1805 3591 1862 3644 δέ
1895 3609 1977 3646 σοι

2141 3617 2239 3655 iam
2278 3601 2406 3656 hinc
2441 3599 2691 3670 concepi,
2728 3599 3020 3669 pendeam.
3060 3597 3337 3667 Hujusrei
3369 3599 3531 3652 etiam
3563 3613 3663 3650 an-
3761 3621 3766 3624 -

385 3695 482 3751 καὶ
512 3692 620 3765 πρὸ
648 3692 748 3760 τῆς
776 3688 915 3761 ἐμῆς
946 3687 1193 3758 γλώττης
1222 3687 1283 3738 τὸ
1324 3685 1621 3755 σεϐάσμιον
1654 3685 1840 3755 σχῆμα
1865 3685 1976 3739 τῶν

2078 3702 2300 3763 tequam
2332 3692 2546 3762 loquar,
2576 3692 2666 3747 hic
2701 3690 3046 3745 venerandus
3079 3690 3474 3744 monachorum
3508 3690 3662 3745 habi-

394 3782 643 3854 μοναχῶν
678 3780 771 3835 καὶ
801 3779 861 3833 τὸ
887 3779 1104 3841 εὐτελὲς
1139 3777 1291 3829 τουτὶ
1317 3776 1501 3847 ῥάκος,
1537 3774 1774 3845 ἀψευδὴς
1803 3777 1974 3843 ἄγγε-

2081 3795 2190 3851 tus,
2222 3794 2279 3841 et
2320 3785 2412 3841 hic
2442 3784 2564 3838 vilis
2601 3799 2813 3855 pannus
2854 3792 2939 3838 est
2986 3793 3170 3837 certus
3217 3783 3464 3836 nuntius.
3506 3782 3659 3848 Quo-

390 3876 504 3937 λο;.
532 3874 652 3938 Πῶς
673 3871 766 3927 οὖν
793 3873 935 3942 ἆπερ
960 3870 1083 3942 ἐμοὶ
1107 3868 1337 3922 πάντοτε
1367 3866 1594 3937 σπουδὴ,
1612 3871 1706 3919 καὶ
1733 3860 1975 3937 φροντὶς,

2080 3875 2242 3930 modo
2290 3889 2421 3944 ergo
2476 3890 2561 3941 ea,
2600 3875 2653 3927 in
2687 3889 2792 3943 qua
2830 3889 2992 3928 omne
3051 3873 3290 3927 studium
3335 3887 3661 3944 omnemque

397 3980 492 4023 και
545 3966 740 4039 μελέτη
770 4006 787 4031 ,
839 3963 1016 4018 ταῦτα
1065 3960 1162 4017 νῦν
1191 3958 1467 4032 ἀτιμάσω,
1513 3963 1607 4013 καὶ
1636 3960 1976 4032 προσκαίρου

2079 3985 2257 4024 meam
2307 3983 2494 4023 curam
2539 3968 2745 4022 contuli
2796 3977 2853 4023 et
2903 3967 3370 4033 sollicitudinem,
3428 3982 3491 4022 ea
3542 3982 3663 4037 quae

396 4060 493 4113 καὶ
549 4056 791 4131 φθαρτοῦ
853 4054 1119 4127 βασιλέως
1149 4051 1509 4121 ἐπαγγελίαις
1566 4050 1977 4122 συναρπαγείς;

2079 4077 2229 4117 nunc
2268 4060 2344 4134 (7)
2376 4061 2587 4116 habebo
2614 4060 2975 4129 contemptui,
3004 4059 3147 4130 regis
3174 4059 3268 4129 q'ui
3298 4069 3381 4114 est
3418 4060 3489 4115 ad
3528 4068 3665 4115 tem-

394 4151 540 4224 Πρὺς
590 4150 738 4218 ἅπερ
784 4148 882 4203 οὐκ
934 4147 1074 4217 ἔχων
1107 4147 1136 4199 ὁ
1180 4144 1363 4216 ἄρχων
1397 4144 1426 4197 ὃ
1453 4161 1506 4196 τι
1534 4138 1626 4197 καὶ
1662 4141 1977 4211 φθέγξαιτο,

2082 4171 2206 4226 pus,
2240 4164 2297 4211 et
2344 4155 2397 4209 in
2446 4170 2610 4225 quem
2640 4153 2786 4208 cadit
2822 4152 3098 4218 interitus,
3127 4151 3384 4207 inductus
3430 4152 3667 4223 promis-

393 4247 534 4317 πρὸς
557 4244 650 4298 τὸν
674 4242 969 4314 πέμψαντα
994 4237 1157 4294 πάλιν
1185 4239 1294 4291 ἀπὸ
1310 4238 1408 4308 τῆς
1432 4237 1679 4308 φυλακῆς
1710 4238 1811 4290 ἀνα
1823 4237 1981 4307 πτρέ·

2082 4246 2373 4303 sionibus?
2411 4247 2493 4301 Ad
2535 4262 2659 4317 quae
2706 4260 2833 4300 cum
2884 4260 2994 4301 non
3040 4245 3271 4301 haberet
3319 4245 3668 4317 magistratus

392 4355 487 4406 (ρει
538 4335 718 4391 πάντα
761 4334 1046 4405 σημαίνων
1100 4329 1209 4383 ἀπὸ
1266 4328 1509 4399 γλώττης
1568 4328 1738 4398 αὐτῷ,
1779 4327 1863 4397 ἐφ’
1896 4323 1978 4390 οἷς

2082 4340 2215 4411 quid
2254 4340 2486 4405 diceret,
2524 4340 2738 4394 reducit
2768 4339 2837 4393 ad
2862 4355 3012 4404 eum,
3042 4340 3136 4410 qui
3163 4340 3386 4395 miserat
3413 4355 3446 4396 e
3481 4351 3666 4396 custo-

390 4433 600 4493 ἐκεῖνος
654 4428 717 4482 οῦ
752 4425 988 4498 μετρίως
1037 4423 1424 4493 ἀγανακτήσας
1465 4420 1677 4475 κελεύει
1712 4422 1852 4490 μετὰ
1882 4421 1980 4491 τῆς
2011 4436 2015 4491 χ

2041 4437 2057 4488 >
2085 4435 2195 4493 dia,
2227 4433 2277 4487 ei
2312 4432 2494 4502 lingua
2529 4430 2712 4486 omnia
2746 4430 3085 4502 significans.
3118 4430 3236 4497 Qua
3275 4431 3344 4485 de
3374 4447 3543 4487 causa
3572 4433 3666 4490 illo

394 4522 616 4584 πειθοῦς
644 4523 736 4573 καὶ
769 4519 891 4589 βίαν
924 4516 1251 4583 ἐπαγαγεῖν,
1276 4514 1372 4567 καὶ
1401 4516 1512 4576 τοῖς
1563 4512 1772 4584 ῥήμασι
1827 4513 1981 4583 μῖξαι

2087 4541 2197 4580 non
2250 4523 2447 4580 leviter
2494 4522 2828 4593 indignatus,
2873 4523 3032 4592 jubet
3077 4537 3201 4577 cum
3251 4521 3512 4578 suasione
3556 4522 3667 4579 vim

393 4615 495 4668 καὶ
524 4610 818 4684 τιμωρίας.
867 4609 946 4679 Τῇ
991 4607 1047 4660 δὲ
1073 4607 1300 4661 κατόπιν
1325 4604 1511 4674 ἡμέρᾳ
1542 4606 1608 4674 τῇ
1639 4603 1850 4674 φυλακῇ
1887 4607 1980 4657 καὶ

2085 4631 2302 4689 quoque
2356 4615 2613 4670 adhibere
2643 4653 2660 4677 ,
2714 4623 2772 4669 et
2824 4614 3003 4668 verbis
3058 4614 3221 4668 etiam
3270 4612 3501 4668 miscere
3546 4630 3673 4686 sup-

395 4705 563 4760 πὰλιν
595 4710 623 4758 ὁ
650 4707 835 4776 ἄρχων
868 4700 1123 4763 ἐπιστὰς,
1170 4697 1320 4767 ἔργῳ
1348 4698 1417 4751 τὰ
1451 4696 1814 4751 κελευσθέντα
1839 4698 1979 4767 πλη-

2088 4709 2271 4779 plicia.
2303 4706 2565 4778 Sequenti
2597 4714 2780 4759 autem
2816 4704 2926 4769 die,
2951 4719 3077 4759 cum
3101 4718 3292 4758 rursus
3320 4704 3670 4776 magistratus

396 4798 530 4869 ροῦν
563 4798 786 4869 ἤρχετο,
840 4796 935 4848 καὶ
983 4792 1315 4863 προσέταττε
1364 4790 1726 4861 συνωθισμοϊς
1768 4788 1862 4842 καὶ
1893 4787 1984 4860 βίᾳ

2090 4800 2335 4857 venisset
2377 4799 2448 4853 ad
2496 4797 2826 4862 custodiam,
2856 4811 2919 4851 ea
2952 4811 3074 4865 quae
3121 4796 3385 4865 imperata
3434 4798 3670 4867 fuerant,

396 4892 493 4945 τὸν
517 4888 759 4959 ἀθλητὴν
781 4886 992 4940 ἐκεῖθεν
1039 4883 1357 4953 ἐξάγεσθαι,
1397 4881 1601 4946 πολλὰς
1655 4880 1855 4946 ἔξωθεν
1889 4882 1985 4934 καὶ

2089 4889 2257 4960 coepit
2284 4888 2459 4957 reipsa
2476 4885 2722 4956 exsequi,
2744 4893 2800 4939 et
2818 4884 2978 4953 jussit
3002 4893 3063 4938 ut
3096 4898 3193 4952 per
3219 4887 3327 4939 vim
3360 4895 3672 4954 protrusum

402 4981 563 5044 αὐτὸς
586 4980 682 5042 τὰς
704 4977 935 5039 ἀπειλὰς
961 4976 1196 5046 ἐπιχέων
1237 4976 1334 5029 καὶ
1353 4974 1432 5046 τῷ
1459 4971 1674 5043 σφοδρῷ
1699 4971 1798 5042 τῆς
1820 4988 1987 5043 προσ·

2089 4983 2238 5038 illinc
2278 4981 2537 5036 athletam
2585 4979 2923 5034 abducerent
2956 4975 3117 5046 :ipse
3172 4992 3427 5047 quoque,
3478 4979 3674 5032 multas

400 5072 565 5142 ϐολῆς
604 5073 700 5126 καὶ
725 5069 1142 5141 τεταραγμένῳ,
1198 5067 1548 5137 καταπλῆξαι
1599 5067 1698 5137 τὴν
1732 5065 1988 5135 γενναίαν

2092 5075 2269 5130 minas
2303 5074 2604 5137 intentans,
2639 5072 3060 5138 vehementique
3109 5070 3317 5126 insultu
3351 5078 3406 5126 et
3438 5070 3675 5126 tumultu

399 5163 624 5232 ἐκείνην
648 5160 1052 5230 ὑπολαμϐάνων
1084 5158 1361 5231 ψυχήν.⁹0
1382 5158 1439 5212 δὲ
1465 5157 1632 5229 μηδὲν
1650 5157 1788 5230 πρὸς
1814 5156 1990 5211 ταῦτα

2093 5181 2156 5222 se
2186 5165 2387 5221 fortem
2414 5174 2472 5222 et
2491 5174 2773 5220 strenuam
2805 5162 2949 5218 illam
2978 5163 3218 5217 animam
3252 5160 3676 5233 perterrefactu-

402 5255 544 5325 Θῆλυ
571 5252 782 5320 παθὼν,
815 5252 985 5324 μηδὲν
1018 5250 1375 5323 μικρόψυχον,
1411 5251 1578 5321 μηδὲν
1603 5250 1849 5319 ἀγεννὲς,
1882 5266 1992 5319 μη-

2097 5269 2220 5311 rum
2262 5252 2610 5311 existimans.
2639 5255 2733 5310 Ille
2761 5269 2895 5310 vero
2925 5253 3062 5308 nihil
3094 5251 3468 5307 etl‘eminat'sm
3488 5289 3505 5314 ,
3538 5252 3676 5307 nihil

402 5346 498 5401 ὁὲν
526 5346 634 5399 τῶν
687 5344 1072 5418 προλαϐόντων
1119 5340 1357 5407 ἀνάξιον,
1422 5343 1561 5412 μετὰ
1592 5342 1692 5412 τῆς
1727 5340 1993 5412 συνήθους

2099 5345 2247 5416 quod
2275 5345 2344 5402 sit
2374 5347 2557 5418 pusilli
2600 5354 2657 5403 et
2701 5346 2902 5418 abjecti
2931 5344 3126 5411 animi,
3146 5353 3204 5400 et
3246 5342 3388 5399 nihil
3416 5343 3563 5414 quod
3607 5344 3680 5401 sit

402 5438 522 5491 τῶν
562 5437 709 5508 ἠθῶν
735 5436 957 5506 ἐκείνης
992 5437 1087 5489 καὶ
1121 5433 1488 5507 χαριεστάτης
1519 5434 1823 5505 ἁπλότητος
1849 5477 1864 5502 ,
1898 5435 1990 5507 Μὴ

2102 5436 2389 5509 indignum
2439 5440 2508 5494 iis
2539 5455 2664 5511 quae
2711 5447 3130 5510 praecesserant,
3176 5453 3291 5509 prae
3348 5452 3410 5493 se
3457 5435 3676 5501 ferens,

405 5531 621 5603 κὶμῃς,
653 5526 780 5601 κῦρι
809 5530 838 5582 ὁ
858 5527 1064 5598 ἄρχων,
1097 5526 1223 5597 ἔφη,
1247 5528 1321 5597 μὴ
1351 5528 1639 5600 κοπιάσῃς·
1661 5526 1761 5596 ἐμὲ
1791 5526 1900 5596 γὰρ
1922 5529 1988 5599 τῇ

2100 5543 2224 5584 cum
2250 5530 2337 5585 illa
2367 5539 2627 5586 consueta
2658 5530 3130 5601 ctjucuudissima
3169 5543 3383 5586 morum
3414 5523 3683 5597 simplici-

401 5620 505 5674 τοῦ
563 5620 696 5691 ἐμοῦ
730 5617 970 5692 Χριστοῦ
1015 5620 1199 5690 χάριτι
1246 5618 1654 5688 δυναμούμενον
1692 5619 1751 5669 οὐ
1782 5619 1991 5680 πεῖσις-ξ

2103 5628 2209 5674 tate
2238 5636 2250 5671 :
2282 5619 2360 5673 Ne
2382 5621 2595 5676 labores
2658 5621 2858 5692 inquit,
2901 5636 3077 5691 neque
3113 5618 3447 5692 defatigeris,
3465 5616 3683 5673 domine

487 5736 564 5804 (7)
595 5735 670 5790 Ea
702 5734 1044 5801 nunc,habct
1074 5733 1361 5791 Baronius.
