4116 6434
528 309 634 374 803

1756 298 2038 360 MENSIS
2077 281 2537 359 JANUARIUS.

3677 282 3787 351 804

528 431 750 489 praeses;
785 414 918 470 mihi
955 411 1231 482 enim,qui
1267 426 1386 466 sum
1417 411 1521 464 mei
1551 410 1754 465 Christi
1778 411 1951 481 gratia
1977 424 2110 464 con-

2220 408 2516 477 άποστῆναι
2586 404 2682 472 τῆς
2717 402 3022 464 εὐσεϐείαςο
3050 399 3192 454 ποίει
3224 397 3513 469 τοιγαροῦν
3535 397 3572 452 ἃ
3597 396 3796 468 βούλει,

527 511 799 575 ﬁrmatus,
848 524 957 562 non
994 504 1349 577 persuadebis
1393 513 1453 558 ut
1510 518 1541 557 a
1576 504 1777 573 pietate
1824 502 2106 568 deﬁciam,

527 600 614 659 fac
642 618 772 672 ergo
802 613 1144 669 quacunque
1170 598 1270 661 vis,
1304 613 1333 651 a
1364 596 1515 650 nullo
1550 596 1852 650 abstinens.

598 692 787 746 XXIII.
838 690 989 744 Hanc
1024 687 1293 741 Anastasii
1344 703 1468 742 eum
1516 686 1807 756 prudentia
1854 692 2110 740 constan-

530 786 658 841 tiam
709 786 854 839 nulla
905 781 1209 836 moderatio
1257 780 1474 850 excepit
1504 788 1598 832 aut
1629 778 1960 836 humanitas.
2015 774 2111 831 sed

528 879 761 931 vinetus.
802 891 950 930 more
992 874 1214 929 Persico
1243 873 1408 940 virgis
1448 871 1760 925 caedebatur
1794 869 2108 923 crudeliter.

528 969 664 1022 Cum
703 969 748 1021 is
777 975 959 1020 autem
988 965 1391 1025 Verberarctur,
1428 963 1543 1015 haec
1589 960 1911 1014 det-amabat
1945 959 2111 1029 nagi-

529 1068 783 1113 stratus:
832 1056 971 1131 cum
1028 1056 1282 1110 maximis
1325 1056 1467 1122 regis
1512 1055 1669 1108 donis
1712 1063 1768 1107 et
1814 1053 2111 1107 lmnoribus

532 1148 848 1218 persuaderi
902 1162 1011 1200 non
1055 1145 1404 1201 sustinueris.
1456 1144 1522 1197 ad
1570 1143 1689 1197 ha‘c
1737 1142 1811 1196 sis
1853 1142 2112 1209 deinreps

531 1251 773 1313 paratus.
810 1241 899 1294 Sic
924 1239 1068 1293 enim
1099 1248 1150 1295 te.
1170 1237 1414 1307 quotidie
1446 1236 1761 1293 verberans.
1794 1248 2110 1294 consumam

534 1334 724 1404 plagis.
764 1332 857 1387 llle
906 1340 1089 1385 autem
1130 1345 1253 1383 cum
1289 1343 1414 1382 eum
1460 1328 1675 1397 juberet
1727 1341 1936 1391 rursus,
1992 1341 2113 1395 qua:

531 1426 698 1480 vellet
729 1425 925 1486 facere,
950 1422 1106 1491 jubet
1140 1420 1360 1489 martyri
1396 1420 1635 1474 relaxato
1661 1434 1690 1472 a
1714 1418 1966 1481 vinculis,
1987 1434 2111 1473 cum

532 1526 792 1576 extensus
813 1522 958 1567 esset
975 1513 1222 1580 supinus,
1239 1508 1404 1578 lignis
1431 1510 1637 1565 medias
1655 1509 1904 1579 intercipi
1930 1510 2111 1576 tibias,

534 1617 762 1674 utraque
802 1616 984 1659 autem
1016 1618 1206 1659 eorum
1248 1614 1494 1658 extrema
1531 1619 1781 1674 premere
1823 1605 1969 1658 viros
2015 1604 2115 1658 ali-

531 1707 667 1767 quot
723 1697 998 1762 robnstos,
1045 1697 1137 1765 qui
1192 1704 1248 1750 et
1295 1711 1587 1767 corporum
1640 1696 2015 1767 magnitudine
2058 1704 2115 1751 et

533 1790 709 1844 a'tatis
727 1789 910 1860 vigore
941 1798 1283 1858 prtestarent.
1308 1788 1507 1860 Martyr
1530 1795 1712 1843 autem
1739 1805 1862 1844 cum
1896 1789 1976 1844 sic
1997 1789 2117 1859 ejus

535 1881 682 1937 tibiae
714 1890 1092 1950 premerentur
1123 1895 1297 1950 usque
1320 1882 1386 1934 ad
1416 1896 1560 1945 ossa,
1596 1896 1794 1951 magno
1816 1884 1870 1935 e't
1900 1880 2118 1935 excelso

532 1976 717 2030 animo
738 1985 793 2030 et
814 1976 976 2045 plane
1003 1975 1380 2045 philosophico
1405 1974 1689 2030 tolerabat.
1713 1975 1867 2043 Quod
1898 1975 2116 2046 quidem

534 2084 660 2122 cum
703 2069 928 2123 vidisset
973 2068 1317 2139 magistratus
1340 2108 1354 2131 ,
1401 2078 1458 2124 et
1490 2069 1838 2140 cognovisset
1867 2085 1927 2124 se
1957 2084 2023 2123 ex
2052 2083 2118 2123 co

536 2161 710 2231 magis
736 2175 938 2230 augere
967 2161 1088 2229 ejus
1120 2161 1397 2230 patientia!
1440 2170 1496 2216 et
1531 2162 1834 2217 tolerantia:
1864 2171 2120 2217 constan-

537 2254 693 2313 tiam.
721 2268 916 2308 rursus
963 2253 1016 2306 in
1056 2253 1382 2307 tutissimam
1417 2268 1542 2307 eum
1593 2254 1757 2308 tradit
1795 2253 2117 2317 custodiam,

538 2352 599 2397 ut
629 2344 698 2397 de
728 2357 795 2397 eo
840 2356 1034 2397 rursus
1076 2343 1305 2398 referret
1339 2342 1405 2397 ad
1447 2357 1649 2414 regem.
1687 2342 1825 2398 Cum
1857 2345 1903 2398 is
1937 2352 2120 2399 autem

537 2433 627 2488 cui
655 2442 776 2488 erat
822 2434 1116 2488 manumissa
1170 2449 1298 2488 cura
1346 2434 1615 2499 careeris,
1662 2435 1933 2500 sellarius,
1976 2444 2124 2491 esset

442 2568 451 2573 τ
540 2528 802 2597 religione
843 2527 1208 2593 Christianus,
1245 2536 1299 2581 et
1346 2527 1473 2583 ideo
1506 2542 1696 2582 eorum
1744 2529 2118 2596 misereretur,

538 2618 630 2687 qui
683 2633 779 2687 pro
810 2618 1012 2687 pietate
1044 2618 1361 2672 laborabant
1399 2628 1455 2673 et
1501 2634 1566 2672 eo
1610 2619 1754 2688 quod
1786 2631 1869 2674 est
1916 2620 2121 2675 bonum

540 2720 595 2763 et
621 2712 940 2775 honestum,
969 2718 1025 2763 et
1046 2708 1147 2773 eis,
1174 2710 1264 2778 qui
1288 2709 1487 2763 vellent
1513 2726 1580 2764 ex
1611 2708 1957 2771 Christianis.
1987 2728 2122 2767 eon-

541 2800 760 2855 cederet
810 2800 1142 2870 ingressum,
1206 2800 1445 2855 interdiu
1485 2801 1799 2872 ingrediens
1847 2803 1967 2858 sine
2014 2803 2122 2859 ulla

541 2892 909 2962 prohibitione
958 2891 1128 2945 frater
1172 2893 1528 2957 monasterii,
1573 2893 1664 2962 qui
1708 2908 1832 2948 cum
1881 2904 2122 2967 martyre

540 2985 776 3039 solverat
819 3001 884 3038 ex
918 2983 1192 3048 Cresarea,
1239 2985 1627 3040 consolabatur
1674 2986 1819 3040 illam
1871 3003 2119 3058 asperam

2214 501 2441 571 μηδενὸς
2466 497 2645 553 αὐτῶν
2671 497 3034 566 ἀπεχόμενος.

2282 683 2409 736 Kl".
2439 680 2655 747 Ἰἀύτην
2686 678 3038 731 Ἀναστασίου
3081 678 3182 747 τὴν
3218 674 3356 745 μετὰ
3403 673 3676 738 συνέσεως
3699 675 3783 729 ενι

2214 790 2404 826 στασιν
2431 770 2674 833 ἐπιεικὲς
2698 771 2850 823 οὐδὲν
2871 771 2905 839 ἢ
2933 768 3317 839 φιλάνθρωπον
3346 767 3638 837 διεδέχετο,
3661 767 3802 821 ἀλλὰ

2217 862 2472 931 Περσικῷ
2504 862 2691 932 τρόπῳ
2720 861 2895 923 δεθεὶς
2931 860 3146 932 ῥάϐδοις
3176 859 3421 927 ἀνηλεῶς
3447 860 3798 932 κατῃκίζετο.

2211 955 2547 1023 Τυπτομένῳ
2579 955 2635 1007 δὲ
2679 953 2829 1023 αὐτῷ
2879 954 3106 1006 τοιαῦτα
3170 952 3265 1006 καὶ
3300 954 3332 1004 6
3357 955 3542 1024 ἄρχων
3580 954 3799 1023 tegas»-

2216 1045 2349 1109 Ταῖς
2382 1046 2663 1115 μεγίσταις
2691 1046 2783 1098 τοῦ
2819 1045 3085 1115 βασιλέως
3122 1046 3310 1114 τιμαῖς
3353 1061 3413 1096 τε
3443 1046 3536 1098 καὶ
3570 1045 3805 1113 δωρεαῖς

2216 1136 2507 1206 πεισθῆναι
2533 1139 2607 1205 μὴ
2632 1138 3027 1205 ἀνασχόμενος,
3060 1135 3197 1205 πρὸς
3224 1133 3449 1186 τοιαῦτα
3482 1134 3576 1186 τοῦ
3610 1133 3801 1187 λοιποῦ

2215 1228 2632 1298 παρεσκεύασαι
2685 1208 2826 1280 οὐτω
2881 1227 2990 1297 γάρ
3033 1244 3090 1278 σε
3144 1226 3364 1279 τύπτων
3408 1225 3531 1278 καθ’
3561 1225 3804 1290 ἑκάστην

2214 1320 2448 1389 ἡμέραν,
2489 1322 2610 1380 ταῖς
2642 1318 2881 1387 πληγαῖς
2912 1317 3196 1373 ἀναλώσω.
3226 1317 3333 1370 Τοῦ
3363 1317 3422 1369 δὲ
3451 1316 3545 1369 καὶ
3579 1318 3746 1370 πάλιν
3772 1318 3809 1370 ἃ.

2216 1411 2458 1482 βούλοιτο
2490 1413 2663 1463 ποιεῖν
2708 1411 3119 1479 ἐπιτρέποντος,
3170 1410 3383 1463 κελεύει
3436 1410 3545 1463 τῶν
3590 1409 3808 1476 Stupuit:

2214 1503 2474 1557 ἀνεθέντα
2512 1503 2604 1555 τὸν
2638 1502 2924 1573 μάρτυρα,
2960 1502 3149 1555 ὐπτιόν
3177 1519 3235 1555 τε
3264 1501 3608 1565 διαταθέντα,
3630 1500 3814 1565 ξύλοις

2212 1597 2311 1659 τὰς
2341 1598 2559 1665 κνήμας
2611 1596 2775 1666 μέσον
2821 1593 3238 1664 ἀποληφθῆναιο
3269 1595 3507 1665 ἑκατέρᾳ
3526 1594 3579 1647 δὲ
3600 1593 3812 1647 τούτων

2214 1688 2361 1759 ἄκρᾳ
2400 1688 2681 1755 γενναίους
2703 1686 2854 1749 τινὰς
2890 1685 3188 1755 ἐπιστῆναι
3237 1686 3439 1755 ἄνδρας
3490 1684 3709 1754 μεγέθει
3748 1700 3813 1736 τε

2152 1753 2191 1805 Β
2220 1753 2487 1849 σωμ-άτωι
2509 1780 2603 1831 καὶ
2635 1777 2850 1848 ἡλικίας
2881 1778 3032 1847 ἀκμῇ
3068 1753 3450 1849 διαφέροντας.
3494 1753 3555 1829 Ὅ
3583 1776 3639 1829 δὲ
3666 1776 3813 1845 μάρ-

2216 1886 2337 1933 τυς,
2368 1870 2463 1922 καὶ⁵
2493 1867 2756 1931 τοιούτοις
2813 1869 3086 1939 πιέσμασι
3125 1870 3320 1940 μέχρις
3376 1868 3580 1921 ὀστέων
3625 1866 3813 1918 αὐτῶν

2215 1962 2315 2024 τὰς
2345 1962 2559 2029 κνήμας
2577 1958 3027 2028 ἀποθλιϐόμενος,
3068 1959 3463 2030 μεγαλοψύχως
3492 1959 3573 2011 ἔτι
3607 1958 3814 2029 μᾶλλον

2218 2056 2315 2108 καὶ
2348 2054 2657 2125 φιλοσόφως
2685 2052 3033 2124 διεκαρτέρει
3055 2069 3069 2084 ο
3102 2055 3240 2125 ὅπερ
3277 2055 3305 2107 6
3334 2052 3519 2124 ἄρχων
3544 2050 3694 2117 ἰδὼν,
3716 2050 3813 2106 καὶ

2217 2148 2382 2217 γνοὺς
2414 2146 2491 2209 ὡς
2538 2145 2799 2200 ἐπιτείνει
2844 2145 3044 2216 μᾶλλον
3077 2145 3228 2217 αὐτῷ
3277 2146 3377 2217 τῆς
3409 2145 3689 2215 ὑπομονῆς
3724 2146 3811 2197 ἐν-

2217 2240 2407 2294 τεῦθεν
2430 2241 2524 2293 καὶ
2548 2240 2851 2312 καρτερίας
2876 2240 2937 2292 τὸ
2974 2239 3227 2293 σύντονον
3256 2279 3270 2304 ,
3304 2237 3692 2311 ἀσφαλεστάτη
3715 2235 3813 2290 καὶ

2219 2333 2381 2388 πάλιν
2413 2332 2576 2386 αὐτὸν
2609 2332 2824 2403 φρουρᾷ
2856 2331 3074 2385 δίδωσιν
3096 2347 3111 2363 ·
3161 2330 3305 2384 ὥστε
3330 2329 3408 2401 τῷ
3436 2328 3649 2400 βασιλεῖ
3682 2329 3810 2399 περὶ

2218 2426 2409 2479 τούτου
2440 2427 2533 2479 καὶ
2555 2424 2710 2489 αὖθις
2745 2427 3079 2493 ἀνενεγκεῖν.
3117 2424 3224 2478 Τοῦ
3262 2424 3320 2477 δὲ
3341 2425 3402 2476 τὸ
3431 2422 3811 2493 δεσμωτήριον

2221 2516 2697 2587 ἐπιτετραμμένον
2761 2514 3047 2585 σελλαρίου
3131 2513 3465 2585 Χριστιανοῢ
3530 2512 3592 2565 τὸ
3647 2514 3813 2574 σέϐας

2223 2608 2591 2680 ὑπάρχοντος,
2632 2607 2730 2659 καὶ
2769 2608 2919 2677 παρὰ
2949 2606 3106 2659 τοῦτο
3143 2607 3425 2673 συναλγεῖν
3448 2605 3663 2677 ἔχοντος
3690 2603 3812 2673 φιλ·

2222 2702 2521 2773 ανθρώπως
2553 2703 2665 2763 τοῖς
2704 2700 2843 2771 ὑπὲρ
2882 2699 3168 2762 εὐσεϐείας
3207 2700 3302 2753 καὶ
3348 2699 3444 2752 τοῦ
3497 2698 3668 2751 καλοῦ
3719 2698 3814 2752 κά-

2226 2810 2419 2865 μνουσι
2442 2832 2457 2857 ,
2488 2794 2580 2846 καὶ
2627 2789 2971 2863 Χριστιανῶν
2996 2789 3074 2860 τῷ
3116 2789 3428 2861 βουλομένῳ
3448 2792 3545 2860 τῆς
3602 2789 3809 2842 εἰσόδου

2223 2883 2691 2958 παραχωρούντος
2722 2894 2740 2912 ⁶
2772 2883 2963 2936 εἰσιὼν
3015 2883 3145 2954 παρ’
3178 2882 3394 2952 ἡμέραν
3430 2883 3458 2935 ὁ
3504 2881 3604 2952 τῆς
3643 2880 3814 2953 μινῆς

2223 2980 2454 3049 ἀδελφὸς
2478 2979 2796 3041 ἀκωλύτως,
2822 2980 2849 3031 6
2889 2977 2982 3030 καὶ
3010 2978 3335 3048 συναπάρας
3379 2977 3444 3029 ἐκ
3475 2975 3810 3046 Καισαρείας

538 3083 595 3127 et
629 3082 818 3127 tetram
852 3073 905 3126 in
932 3088 1151 3127 cari-ere
1178 3073 1591 3143 habitationem,
1614 3083 1671 3131 et
1696 3092 1833 3146 quos
1850 3093 1913 3132 ex
1946 3077 2119 3150 plagis

2223 3073 2301 3145 τῷ
2335 3075 2595 3144 μάρτυρι,
2630 3070 2693 3122 τὸ
2721 3068 2959 3140 σκληρδν
2984 3068 3241 3133 καθάπαξ
3278 3070 3457 3122 ἐκεῖνο
3494 3068 3588 3121 καὶ
3618 3066 3812 3136 ἄφιλον

541 3173 791 3218 senserat
846 3163 1082 3226 dolores,
1148 3173 1202 3219 et
1239 3179 1373 3234 quas
1402 3180 1470 3219 ex
1509 3165 1741 3221 vinculis
1770 3175 1825 3222 et
1861 3167 1964 3222 alia
2006 3183 2122 3223 ma-

544 3256 719 3308 lorum
749 3254 1106 3324 perpessione
1142 3266 1430 3322 acceperat
1458 3256 1756 3311 molestias.
1796 3258 1946 3312 Multi
1994 3275 2126 3328 quo-

543 3359 653 3415 que
697 3345 785 3397 alii
829 3345 928 3397 viri
974 3345 1072 3413 pii,
1104 3360 1227 3399 cum
1258 3346 1459 3415 quibus
1497 3347 1642 3401 illius
1682 3363 1901 3417 quoque
1945 3347 2141 3404 lesdin.

547 3438 640 3490 lilii
673 3438 740 3491 ad
760 3452 889 3491 eum
915 3439 1384 3509 ingredientesad
1415 3441 1692 3510 speciosos
1716 3442 1837 3510 ejus
1866 3443 2127 3512 pedes,et

549 3531 689 3583 bona
717 3539 906 3597 aperte
934 3530 1393 3600 evangelizantes,
1430 3532 1787 3602 procidebant
1820 3541 1876 3588 et
1908 3534 2125 3590 vincula

547 3624 1009 3677 deosculabantur
1041 3633 1096 3678 et
1123 3624 1405 3693 rogabant.
1450 3635 1509 3680 ut
1538 3626 1607 3681 ab
1637 3641 1703 3681 eo
1743 3628 1953 3697 aliquas
1991 3644 2127 3683 con-

546 3725 909 3783 sequerentur
934 3731 1127 3784 preces
1149 3725 1204 3770 et
1241 3717 1671 3772 benedictiones.
1702 3718 1839 3773 Cum
1873 3719 1919 3775 is
1945 3730 2127 3777 autem

550 3807 664 3859 bere
687 3810 911 3860 omnino
943 3808 1167 3861 minime
1197 3808 1509 3864 admitteret
1540 3810 1654 3882 (ille
1675 3813 1820 3866 enim
1848 3821 1959 3867 toto
1985 3829 2128 3868 sem-

550 3913 647 3969 per
674 3900 855 3952 animo
881 3910 931 3954 et
953 3911 1155 3965 mente,
1183 3901 1435 3956 humana
1468 3903 1669 3972 gloriae,
1699 3905 1880 3973 hujus,
1907 3905 2126 3976 inquam

546 4007 721 4051 vanas,
738 4001 795 4045 et
816 3990 1015 4055 inﬁdae,
1043 4002 1098 4046 et
1113 3993 1338 4058 fallacis,
1362 4005 1415 4048 et
1434 4011 1554 4064 qua:
1573 3996 1711 4050 nihil
1731 3997 2125 4053 babetﬁrmum

546 4096 614 4135 ac
645 4082 859 4143 stabile,
892 4084 1174 4138 resecabat
1217 4086 1578 4158 occasiones).
1603 4088 1707 4157 ipsi
1748 4090 1982 4144 vinculis
2037 4107 2127 4147 ce-

549 4187 665 4225 ram
694 4173 1068 4233 immittentes.
1090 4190 1212 4245 quae
1236 4192 1299 4230 ex
1318 4176 1422 4231 illis
1445 4180 1851 4248 exprimebatur
1870 4182 2124 4252 eﬂigiem,

550 4272 806 4332 tanquam
844 4266 1139 4319 maximum
1174 4267 1393 4336 aliquod
1440 4271 1741 4325 remedium
1784 4280 1840 4325 et
1885 4273 2123 4329 salutare

546 4357 617 4410 ad
653 4372 871 4412 omnem
908 4358 1160 4414 morbum
1194 4367 1251 4414 et
1286 4360 1530 4415 dolorem
1568 4362 1889 4417 solvendum
1926 4364 2123 4420 eﬂcre-

548 4449 699 4504 bant.

622 4541 809 4597 XXIV.
851 4542 971 4597 Non
998 4544 1233 4599 multum
1269 4547 1533 4615 temporis
1565 4546 1896 4611 intercessit,
1928 4556 1983 4602 et
2009 4564 2132 4603 rur-

549 4650 644 4690 sus
673 4634 901 4690 veniens
930 4635 1021 4690 ille
1052 4636 1404 4709 magistratus
1430 4639 1487 4690 in
1514 4639 1840 4699 custodiam,
1868 4654 1936 4693 an
1962 4640 2131 4710 jussis

548 4725 773 4782 cederet
828 4726 1033 4799 regiis,
1077 4728 1287 4783 frustra
1349 4728 1757 4799 interrogabat,
1802 4739 1897 4784 aut
1947 4731 2131 4800 potius

548 4832 801 4888 quaerens
829 4819 1179 4875 occasionem
1212 4819 1548 4888 gratiﬁcandi
1601 4820 1788 4875 animo
1822 4822 2131 4877 crudelissi-

485 4976 490 4980 η
552 4924 663 4973 mo,
697 4911 793 4979 qui
839 4924 1034 4981 poenas
1078 4911 1335 4980 cupiebat
1384 4926 1627 4965 sumere.
1658 4911 1796 4966 Cum
1847 4918 1895 4967 is
1946 4922 2129 4969 autem

550 5014 660 5056 non
691 5016 883 5070 parum
912 5017 1056 5073 aegre
1087 5001 1303 5057 tulisset
1324 5004 1811 5074 interrogationem
1840 5014 1897 5059 et
1935 5020 2129 5075 magna

548 5093 903 5148 contentione
932 5101 990 5147 et
1034 5093 1279 5148 motione
1309 5095 1510 5163 capitis
1533 5096 1586 5150 id
1616 5095 1760 5165 quod
1790 5110 1935 5167 saepe
1978 5098 2133 5153 dixe-

548 5194 651 5252 rat,
684 5201 830 5240 nunc
856 5198 1076 5256 quoque
1106 5186 1479 5251 reSpondisset
1504 5203 1518 5240 :
1544 5188 1699 5242 Scito
1724 5202 1811 5243 me
1834 5187 2052 5244 Christo
2078 5200 2129 5246 et

550 5277 739 5348 pietati
790 5277 926 5330 nihil
974 5291 1097 5331 esse
1142 5277 1521 5346 praelaturum,
1563 5279 1720 5348 jubet
1767 5296 1892 5335 eum
1940 5297 2131 5337 rursus
2172 5323 2183 5330 .

544 5370 1051 5439 quoque-clavibus
1093 5369 1400 5433 verberari,
1432 5370 1573 5426 sicut
1614 5364 1786 5442 prius.
1820 5372 1955 5429 Cum
1998 5390 2132 5431 vero

548 5462 653 5516 viri
680 5471 920 5518 statuam
949 5464 1134 5533 potius
1158 5477 1320 5534 quam
1348 5463 1523 5518 virum
1569 5464 1670 5520 visi
1701 5474 1889 5521 essent
1923 5468 2133 5521 verbe-

551 5566 696 5616 rare,
727 5562 994 5622 quantum
1029 5554 1186 5609 licuit
1221 5555 1498 5624 conjicere
1547 5571 1610 5609 ex
1648 5572 1735 5621 eo,
1800 5557 1944 5625 quod
1987 5567 2133 5612 esset

544 5645 669 5712 ejus
702 5646 915 5702 animus
948 5648 1109 5716 plane
1134 5649 1475 5715 ‘inﬂexubilis,
1505 5666 1571 5705 eo
1601 5651 1818 5719 quidem
1852 5651 2040 5706 relicto
2075 5652 2131 5707 in

552 5738 820 5801 custodia,
852 5740 1055 5795 recedit
1084 5742 1468 5813 magistratus;
1503 5753 1556 5798 ct
1588 5744 1795 5813 aliquot
1825 5744 2127 5814 interjeetis

2227 3168 2327 3236 τῆς
2358 3167 2416 3217 ὲν
2435 3162 2513 3234 τῷ
2536 3161 2895 3232 δεσμωτηρίῳ
2922 3160 3221 3230 διαγωγῆς,
3250 3166 3349 3225 τάς
3372 3177 3432 3213 τε
3457 3159 3565 3213 τῶν
3588 3159 3814 3231 πληγῶν

2198 3255 2439 3318 -ὀδύνας,
2477 3251 2572 3305 καὶ
2601 3253 2700 3323 τὴν
2729 3253 2836 3305 ἀπὸ
2869 3253 2978 3305 τῶν
3009 3252 3227 3322 δεσμῶν
3256 3255 3351 3306 καὶ
3389 3254 3487 3323 τῆς
3511 3252 3683 3323 ἄλλης
3714 3270 3815 3306 κα-

2225 3347 2521 3411 κοπαθείας
2543 3348 2910 3418 στενοχωρίαν
2971 3348 3362 3418 παρεμυθεῖτο.
3405 3348 3595 3401 Πολλοὶ
3622 3347 3679 3403 δὲ
3723 3348 3815 3401 καὶ

2225 3439 2377 3494 ἄλλοι
2398 3439 2507 3492 τῶν
2534 3436 2796 3502 εὐσεϐῶν,
2827 3434 2945 3507 μεθ’
2964 3429 3040 3490 ὧν
3070 3437 3163 3489 καὶ
3192 3438 3242 3490 oi
3274 3436 3367 3490 τοῦ
3396 3435 3583 3490 ’1εσδὶν
3606 3437 3812 3491 ἐκείνου

2227 3533 2357 3591 υἱοὶ,
2376 3531 2508 3599 πρὸς
2530 3531 2694 3582 αὐτὸν
2716 3529 3007 3593 εἰσιόντες,
3029 3529 3155 3582 ποσί
3180 3545 3237 3581 τε
3263 3527 3429 3582 αὐτοῦ
3453 3531 3564 3590 τοῖς
3584 3527 3812 3598 ὡραίοις

2227 3624 2322 3678 καὶ
2342 3622 2520 3690 ἀγαθὰ
2545 3622 2730 3691 σαφῶς
2762 3621 3274 3691 εὐαγγελιζομένου
3300 3621 3696 3692 προσέπιπτον,
3724 3622 3814 3675 καὶ

2226 3720 2295 3770 τὰ
2324 3715 2499 3785 δεσμᾶ
2522 3713 2870 3781 κατεφίλουν,
2920 3712 3011 3766 καί
3066 3728 3213 3777 τινος
3240 3712 3370 3784 παρ’
3416 3713 3585 3767 αὑτοῦ
3634 3716 3813 3785 τυχεῖν

2228 3807 2395 3876 εὐχῆς
2438 3821 2496 3858 τε
2530 3805 2625 3858 καὶ
2674 3806 2924 3872 εὐλογίας
2956 3805 3185 3859 ἐδέοντο.
3238 3804 3343 3858 Τοῦ
3374 3805 3431 3857 δὲ
3480 3806 3618 3877 πρὸς
3645 3804 3814 3858 ταῦτα

2228 3902 2321 3953 καί
2370 3897 2490 3951 λίαν
2521 3898 2918 3969 άπαραδέκτως
2993 3897 3228 3967 ἔχοντος.
3276 3896 3393 3970 (ὅλῃ
3446 3896 3555 3969 γὰρ
3611 3897 3816 3959 ἐκεῖνος

2228 3989 2313 4042 ἀεὶ
2344 3990 2435 4042 καὶ
2472 3988 2698 4058 γνώμης
2724 3989 2818 4040 καὶ
2843 3987 3022 4057 ψυχῆς
3050 3987 3309 4057 προθέσει
3341 3988 3438 4057 τῆς
3464 3986 3815 4059 ἀνθρωπίνης

2227 4081 2408 4151 δόξης,
2436 4081 2534 4149 τῆς
2558 4079 2720 4149 κενῆς
2739 4081 2801 4149 δὴ
2828 4080 3029 4150 ταύτης
3051 4081 3145 4132 καὶ
3168 4078 3396 4132 ἀπίστου
3427 4083 3518 4133 καὶ
3552 4079 3819 4149 ψευδομέ-

2229 4191 2326 4245 νης
2368 4174 2463 4227 καὶ
2522 4173 2676 4225 οὐδὲν
2706 4172 2936 4242 ἐχούσης
2963 4172 3236 4243 ἀληθινὸν,
3261 4173 3358 4233 τὰς
3388 4174 3640 4242 ἀφορμάς
3672 4188 3814 4240 παρ-

2227 4266 2469 4338 έκοτετε),
2502 4268 2654 4319 αὐτοὶ
2684 4266 2854 4335 κηρὸν
2880 4269 2986 4327 τοῖς
3031 4265 3248 4336 δεσμοῖς
3298 4266 3700 4329 ἐπιϐάλλοντες,
3757 4264 3815 4317 τὸ

2231 4358 2441 4411 ἐκεῖθεν
2476 4358 2779 4428 ὲκτύπωμσ.
2823 4356 2896 4417 ῶς
2928 4375 2980 4410 τι
3026 4358 3283 4427 μέγιστον
3312 4358 3685 4427 φυλακτήριον
3721 4357 3814 4409 καὶ

2154 4441 2208 4500 D
2235 4451 2483 4517 καμάτου
2510 4451 2707 4512 παντὸς
2731 4453 2826 4502 καὶ
2859 4447 3065 4512 πάθους
3090 4449 3346 4521 λυτήριον
3368 4450 3705 4519 ἐκομίζοντο.

2303 4543 2429 4595 ΚΔ¹.
2462 4542 2537 4594 Οὐ
2559 4541 2695 4594 πολὺ
2726 4544 2784 4595 τὸ
2813 4543 2869 4593 ὲν
2902 4542 3054 4611 μέσῳ
3086 4543 3180 4594 καὶ
3212 4543 3374 4596 πάλιν
3396 4544 3620 4605 ἐπιστὰς
3650 4545 3678 4595 6
3714 4541 3814 4611 ἄρ-

2231 4652 2343 4703 χων
2373 4636 2437 4704 τῇ
2469 4634 2705 4704 φυλακῇ,
2739 4635 2786 4686 εί
2812 4636 2925 4696 τοῖς
2955 4632 3049 4685 τοῦ
3096 4633 3361 4704 βασιλέως
3406 4634 3543 4687 εἴκοι
3574 4636 3813 4705 προστά-

2231 4742 2438 4795 γμασιν
2468 4728 2548 4789 εἰς
2598 4727 2757 4780 κενὸν
2784 4725 2971 4797 ἠρώτα
2992 4766 3006 4790 ,
3046 4726 3080 4797 ἦ
3133 4726 3335 4795 μᾶλλον
3367 4728 3621 4798 ἀφορμὰς
3650 4726 3814 4796 ὲκεη-

2230 4818 2361 4884 τῶν,
2402 4818 2661 4890 ὼμοτάτῃ
2703 4817 2848 4888 ψυχῇ
2890 4818 3210 4887 χαρίζεσθαι
3248 4818 3499 4882 κολάζειν
3529 4821 3811 4890 ἐςριεμέειη.

2234 4908 2341 4963 Τοῦ
2364 4910 2420 4963 δὲ
2450 4909 2525 4979 μὴ
2583 4909 2819 4979 μετρίως
2850 4911 2978 4979 περὶ
3020 4910 3116 4980 τὴν
3150 4908 3420 4982 ἐρώτησιν
3442 4909 3815 4981 δυσχεράνανο

2231 5019 2340 5067 τος,
2358 5002 2451 5055 καὶ
2479 5001 2576 5054 σὺν
2592 5003 2733 5072 ὁρμῇ
2760 5001 2895 5071 πρὸς
2924 5003 3084 5054 αὐτὸν
3115 5006 3207 5054 καὶ
3234 5006 3496 5073 κινήματι
3530 5002 3804 5073 κεφαλῆς,

2230 5093 2259 5146 ὃ
2289 5094 2550 5155 πολλάκις
2577 5089 2719 5157 είπε,
2775 5094 2871 5146 καὶ
2904 5093 2999 5147 νύν
3050 5096 3514 5166 ἀποκριναμένου,
3536 5094 3613 5159 ὡς
3651 5095 3816 5148 οὐδὲν

2233 5185 2344 5256 ἐγὼ
2372 5184 2608 5256 Χριστοῦ
2642 5185 2735 5238 καὶ
2767 5186 2866 5255 τῆς
2908 5186 3216 5252 εὐσεϐείας,
3260 5183 3320 5241 εὖ
3352 5188 3460 5241 ῖσθι
3494 5187 3817 5258 προτιμότε-

2237 5299 2328 5355 ρον
2359 5281 2600 5352 θήσομαι
2634 5299 2649 5314 ·
2685 5282 2925 5349 κελεύει,
2961 5284 3217 5355 ῥοπάλοις
3281 5284 3445 5337 αὐτὸν
3505 5283 3599 5336 καὶ
3650 5281 3813 5336 πάλιν

2234 5373 2423 5445 ῶσπερ
2444 5373 2507 5443 δὴ
2530 5375 2622 5426 καὶ
2646 5372 2913 5445 πρότερον
2934 5374 3254 5430 τύπτεσθαι,
3274 5375 3427 5428 Ἐπεὶ
3448 5374 3504 5427 δὲ
3523 5373 3817 5444 ἀνδριάντα

2237 5467 2436 5538 μᾶλλον
2458 5464 2491 5535 ἢ
2520 5464 2689 5534 ἄνδρα
2710 5464 2934 5518 τύπτειν
2962 5464 3226 5537 ἐῴκεσαν,
3262 5468 3386 5520 ὅσον
3413 5460 3482 5537 ἦν
3503 5466 3722 5520 είκάσαι
3740 5462 3816 5534 τῷ

2234 5558 2486 5629 ἀκαμπεῖ
2541 5555 2636 5609 τοῦ
2666 5557 3016 5627 φρονήματος
3046 5575 3058 5588 ’
3095 5558 3232 5622 τέως
3289 5559 3389 5630 μὲν
3435 5560 3598 5612 αύτδν
3640 5560 3699 5612 ὲν
3750 5559 3814 5626 τῇ

2234 5651 2449 5721 φυλακῇ
2481 5646 2795 5702 καταλιπὼν
2816 5649 2843 5700 6
2860 5648 3040 5720 ἄρχων
3062 5650 3271 5714 ἄπεισι,
3291 5651 3382 5705 καί
3409 5667 3562 5713 τινας
3578 5648 3815 5717 ἐπισχὼν

2235 5746 2442 5817 ἡμέρας
2499 5742 2717 5811 ἔρχεται
2773 5743 2908 5812 πρδς
2963 5745 3125 5800 αὑτὸν
3158 5741 3332 5811 αὖθις,
3389 5745 3556 5805 πολύς
3601 5741 3677 5797 ὢν
3708 5744 3809 5802 τοῖς
