4116 6428
295 310 410 375 805

1404 305 1579 367 ΥΙΤΑ
1612 306 1672 365 S.
1718 300 2119 361 ANASTASII
2152 299 2433 360 PERSE.

3444 298 3553 360 806

291 424 636 495 τεχνάσμασι
699 419 793 474 καὶ
831 420 950 481 ταῖς
986 417 1290 478 ἐπινοίαιςο
1320 416 1415 468 ναὶ
1455 417 1547 469 νῦν
1583 416 1678 486 μὲν
1712 414 1874 466 κολα-

1992 410 2174 463 iiebus
2204 411 2271 464 ad
2298 425 2427 463 eum
2460 410 2774 473 revertitur,
2808 407 2987 464 varias
3023 416 3172 463 artes
3216 416 3272 463 et
3316 411 3556 467 rationes

291 517 470 579 κεῖαις
493 514 590 570 καὶ
615 510 965 582 ὑποσχέσεσι,
1001 509 1096 562 νῦν
1134 509 1189 562 δὲ
1218 508 1472 571 ἀπειλαῖς
1499 510 1594 560 καὶ
1619 506 1876 560 κολάσεσι

290 614 371 674 εἰς
400 610 630 679 ἄρνησιν
654 605 755 674 τῆς
784 602 1067 664 εὐσεϐείας
1095 601 1259 655 αὑτὸν
1282 599 1701 670 ἐκκαλούμενος.
1722 599 1878 652 Ἐπεὶ

290 703 348 757 δὲ
367 704 393 755 ὀ
411 698 575 761 αὐτὸς
601 691 670 769 ἦν
704 695 1082 758 Ἀναστάσιος,
1113 695 1253 766 μήτε
1277 693 1489 757 τούτοις
1519 691 1877 762 ύποκλινόμε-

289 809 405 856 νος,
432 790 571 861 μήτε
599 788 829 852 ἐκείνοις
877 786 1222 858 θελγόμενος,
1257 789 1371 851 τοῖς
1426 784 1759 857 προλαϐοῦσι
1790 784 1880 839 δε-

295 887 455 958 σμοῖς
485 885 580 937 καὶ
603 883 723 943 ταῖς
755 880 992 947 πληγαῖς
1023 877 1307 943 ἐξεδίδοτο.
1357 873 1491 930 Εἶτα
1529 877 1636 929 τῶν
1663 875 1878 946 δεσμῶν

294 976 530 1039 ἀνεθεὶς,
564 973 664 1043 τῆς
686 972 878 1043 ἐτέρας
903 970 1085 1042 χειρὸς
1120 969 1441 1040 ὲξαρτᾶται,
1469 967 1619 1022 λίθου
1661 969 1762 1037 τὴν
1791 967 1877 1019 δλο

296 1067 399 1135 κὴν
422 1065 732 1139 βαρυτάτου
756 1062 884 1116 Θατέ
895 1079 988 1133 ρου
1010 1064 1122 1114 τοῖν
1144 1061 1323 1114 ποδοῖν
1340 1058 1673 1121 ὲκδεθέντος.
1691 1058 1880 1120 θύτως

297 1156 395 1215 οὖν
417 1158 582 1212 αὐτὸν
612 1158 705 1209 επὶ
738 1155 893 1209 δυσὶν
937 1154 1110 1225 ὥραις
1161 1152 1512 1224 κρεμάμενον
1538 1167 1598 1203 τε
1643 1151 1738 1204 καὶ
1762 1150 1880 1204 δια-

298 1246 591 1321 σπώμενον
610 1248 639 1301 δ
664 1246 848 1317 ἄρχων
874 1244 1207 1312 καταλιπὼν,
1241 1244 1365 1297 ἐπεὶ
1398 1245 1517 1296 κατ’
1546 1243 1700 1296 οὐδὲν
1732 1242 1880 1315 ἑώρα

297 1343 379 1415 τῷ
415 1343 657 1412 μάρτυρι
683 1339 776 1394 τδν
809 1338 965 1393 τόνον
1002 1338 1369 1406 ὐπολυόμενον
1389 1352 1404 1368 ⁸
1433 1336 1571 1391 ἀλλὰ
1598 1336 1691 1391 καὶ
1721 1352 1882 1407 σφρι-

299 1438 487 1507 γῶντα
516 1434 719 1504 μᾶλλον
745 1434 812 1502 τῇ
841 1429 952 1484 τῶν
982 1430 1233 1502 βασάνων
1288 1432 1523 1501 ἐπιμονῇ
1550 1430 1647 1484 καὶ
1679 1428 1882 1500 ῥωννύ-

310 1545 495 1601 μενον,
524 1527 732 1582 ἐκεῖνον
752 1524 850 1595 μὲν
876 1522 1102 1594 πέμψας
1130 1522 1380 1591 κατάγει,
1414 1522 1549 1590 πρὸς
1575 1521 1632 1575 δὲ
1660 1522 1752 1575 τὸν
1785 1521 1885 1593 βα·-

314 1619 467 1674 σιλὲα
495 1615 829 1681 επανελθὼν,
850 1614 911 1668 τό
937 1604 1007 1668 τε
1033 1614 1304 1683 ἄτρεπτον
1330 1612 1496 1667 αὐτοῦ
1521 1614 1621 1682 τῆς
1654 1611 1883 1683 γνώμης

313 1710 409 1765 καὶ
442 1709 625 1773 δεινῶς
670 1706 928 1777 ἀνδρικὸν
966 1704 1323 1773 ἀπαγγέλλει,
1372 1704 1467 1759 καὶ
1520 1704 1881 1776 συμϐουλεύει

307 1801 403 1856 καὶ
431 1798 589 1862 αὐτὸς
619 1798 830 1851 οἴκοθεν
864 1795 1063 1867 μηκέτι
1095 1798 1293 1866 πεῖραν
1336 1796 1671 1864 ’Δναστασιῳ
1716 1812 1886 1867 προσ-

304 1893 556 1961 αγαγεῖν,
580 1890 714 1960 μηίὲ
735 1888 919 1943 δοῦναι
938 1886 1257 1958 τηλικοῦτον
1270 1888 1445 1958 ἀρχῆς
1464 1886 1596 1958 ὕψος
1612 1887 1707 1942 καὶ
1725 1887 1888 1959 μέγε-

304 1984 420 2049 θος,
452 1982 590 2053 πρὸς
618 1981 736 2045 ἑνὸς
760 1979 950 2053 ἀνδρὸς
974 1982 1222 2035 ἔνστασιν
1248 1980 1478 2050 ὁρᾶσθαι
1508 1981 1877 2052 νενικημένον.
1912 2008 1960 2066 Β

379 2068 508 2124 κε’.
557 2068 836 2124 Ἐντεῦθεν
863 2067 1137 2136 ἀπογνοὺς
1156 2065 1250 2121 τοῦ
1281 2067 1559 2139 μάρτυρος
1585 2072 1680 2122 καὶ
1705 2072 1735 2122 ὁ
1785 2068 1884 2140 βα-

309 2162 492 2225 σιλεὺς
526 2161 735 2232 πέμπει
778 2161 917 2230 μετὰ
965 2162 1225 2231 πέμπτην
1272 2160 1370 2215 καὶ
1396 2160 1633 2230 δεκάτην
1669 2162 1887 2232 ἡμέραν

308 2253 474 2335 αὴὸν
501 2270 563 2306 τε
590 2252 683 2306 τὸν
719 2251 1009 2324 εἰρημένον
1059 2252 1320 2322 ἄρχοντα,
1354 2252 1448 2308 καί
1482 2269 1633 2317 τινας
1668 2253 1889 2325 ἑτέρους

308 2344 421 2397 τῶν
446 2343 554 2398 ὑπὸ
583 2345 743 2416 χεξρα
763 2381 783 2409 ,
816 2343 958 2397 ὥστε
984 2342 1060 2415 μὴ
1075 2345 1168 2396 τὸν
1197 2344 1351 2412 ἅγιον
1386 2343 1570 2414 μόνον,
1595 2344 1732 2398 ἀλλὰ
1759 2345 1894 2398 πολ-

311 2436 437 2501 λοὺς
465 2437 565 2491 σὺν
590 2435 742 2507 αὐτῷ
781 2436 876 2490 καὶ
921 2435 1115 2499 ἄλλους
1164 2436 1529 2507 Χριστιανοὺς
1561 2437 1789 2492 ἀνελεῖν.
1826 2437 1891 2492 0i

312 2528 370 2580 δὲ
417 2527 819 2590 καταλαϐόντες
844 2527 906 2581 τὸ
933 2526 1327 2597 δεσμωτήριον,
1379 2528 1704 2583 ἐκϐάλλουσι
1750 2529 1888 2598 Χρι-

315 2620 570 2684 στιανοὺς
610 2618 987 2691 αἰχμαλώτους
1014 2619 1117 2671 οὐκ
1136 2619 1394 2682 ἐλάττους
1438 2619 1471 2687 ἢ
1517 2619 1894 2689 ἑϐδομήκοντα

316 2712 417 2764 σὺν
443 2709 521 2780 τῷ
563 2711 824 2781 μάρτυρι,
847 2710 965 2778 μεθ’
988 2702 1063 2763 ὧν
1096 2711 1188 2763 καὶ
1216 2710 1264 2761 oi
1293 2709 1393 2781 τὴν
1421 2710 1592 2779 αὐτὴν
1630 2709 1891 2765 ’Δναστα-

317 2805 421 2873 σξῳ
446 2800 696 2874 φυλακὴν
720 2803 780 2855 ὲν
826 2784 1137 2872 Καισαρείᾳ
1190 2800 1614 2872 κατακριθέντες
1666 2804 1760 2856 καὶ
1793 2802 1896 2872 τῆς

319 2894 619 2966 σφραγῖδος
657 2892 809 2962 αὐτῷ
846 2895 943 2946 καὶ
998 2893 1098 2963 τῆς
1158 2892 1281 2946 ὁδοῦ
1332 2896 1765 2965 κοινωνήσαντες
1802 2894 1898 2949 δύο

317 2987 513 3058 ά.δρες
549 2985 868 3056 ἐτύγχανον,
909 2984 1003 3048 οὓς
1042 2985 1140 3039 καὶ
1176 2985 1270 3039 τοῦ
1308 2984 1410 3055 τῆς
1439 2984 1763 3055 Βετσαλώης
1806 2986 1896 3052 ἐξ·

318 3080 622 3148 αγαγόντες
647 3078 874 3149 χωρίου,
893 3078 955 3131 ὲν
981 3069 1025 3144 ᾧ
1052 3078 1146 3130 καὶ
1168 3076 1230 3129 τὸ
1272 3076 1648 3148 δεσμωτήριον
1698 3077 1900 3148 ᾠκοδό-

1977 500 2331 569 excogitans:
2365 487 2607 553 ct'nunc
2651 498 2871 568 quidem
2919 498 3083 553 minis
3123 508 3182 553 et
3234 500 3554 568 promissis,

1978 607 2127 647 nunc
2173 600 2357 646 autent
2404 590 2570 644 minis
2617 600 2671 645 et
2713 590 2992 661 suppliciis
3022 606 3145 646 eum
3188 607 3456 647 revocans
3489 593 3557 646 ad

1978 686 2282 757 negandum
2320 686 2605 757 pietatem.
2638 686 2777 740 Cum
2823 694 3004 741 autem
3053 687 3197 741 idem
3233 696 3382 743 esset
3408 690 3556 744 Ana-

1978 779 2179 837 stasius
2205 786 2261 832 et
2287 793 2391 833 nec
2421 776 2511 830 his
2532 776 2907 836 inclinaretur.
2932 794 3030 833 nec
3061 779 3171 834 illis
3210 780 3557 843 deliniretur,

1979 870 2253 941 prioribus
2307 868 2542 923 vinculis
2584 877 2642 922 et
2689 868 2861 938 plagis
2914 877 3001 922 est
3053 869 3307 925 traditus.
3352 870 3561 924 Deinde

1979 976 2104 1016 cum
2140 959 2334 1015 fuisset
2378 958 2656 1013 relaxatus
2701 971 2733 1010 a
2764 957 3015 1021 vinculis,
3062 959 3346 1013 ex-altcra
3391 973 3563 1012 manu

1981 1049 2355 1120 suspenditur,
2400 1062 2529 1103 cum
2560 1047 2703 1117 lapis
2753 1047 3060 1118 gravissimi
3112 1047 3379 1116 ponderis
3415 1057 3564 1102 esset

1980 1140 2233 1210 alligatus
2264 1138 2419 1193 alteri
2453 1153 2519 1192 ea
2550 1137 2803 1207 pedibus.
2832 1136 2971 1192 Cum
2998 1151 3124 1192 eum
3154 1151 3285 1206 ergo
3311 1137 3397 1191 sic
3422 1151 3563 1205 pen-

1979 1231 2203 1287 dentem
2239 1240 2295 1287 et
2349 1230 2432 1286 sic
2480 1230 2755 1286 divulsum
2806 1230 3020 1285 duabus
3065 1230 3217 1287 horis
3254 1228 3567 1297 reliquisset

1980 1321 2350 1392 magistratus,
2388 1320 2712 1389 videretque
2764 1322 2935 1373 robur
2988 1333 3054 1373 ac
3090 1318 3414 1373 ﬁrmitatem
3456 1317 3569 1372 min

1980 1413 2128 1467 nime
2158 1410 2817 1482 dissolvimartyri,illum
2841 1409 3061 1478 quidem
3090 1408 3317 1463 remittit
3338 1426 3354 1464 :
3377 1408 3444 1462 ad
3477 1422 3566 1461 rc-

1981 1520 2102 1577 gem
2120 1512 2302 1559 autem
2325 1519 2599 1569 reversus,
2624 1503 3014 1558 immutabilem
3044 1502 3165 1571 ejus
3217 1513 3456 1557 mentem
3485 1501 3566 1554 si-

1983 1596 2207 1667 gniﬁcat
2223 1607 2281 1651 et
2305 1610 2577 1651 summam
2593 1594 2763 1649 animi
2782 1592 3183 1647 fortitudinem.
3206 1590 3331 1660 Ipse
3349 1605 3568 1660 quoque

1983 1687 2035 1742 ei
2064 1687 2302 1742 oonSulit
2332 1693 2425 1754 tne
2454 1686 2702 1757 amplius
2770 1683 3078 1755 perieulum
3123 1682 3287 1738 faciat
3334 1681 3391 1736 in
3415 1681 3568 1737 Ληθα-

1982 1779 2175 1844 stasio,
2213 1793 2313 1834 nec
2332 1778 2614 1848 permittat
2645 1786 2709 1833 ut
2744 1785 2897 1832 tanta
2916 1775 3152 1830 altitudo
3172 1774 3569 1845 etdmagnitudo

1984 1868 2202 1939 imperii
2247 1869 2320 1925 ab
2366 1868 2531 1925 unius
2580 1868 2683 1925 viri
2727 1867 3033 1925 constantia
3096 1866 3346 1921 videatur
3402 1879 3568 1935 supe-

1984 1968 2121 2015 rata.

2061 2078 2230 2133 XXV.
2261 2075 2401 2133 Hinc
2442 2088 2564 2133 cum
2600 2090 2818 2132 omnem
2849 2088 3003 2147 spem
3024 2075 3325 2147 superandi
3363 2084 3570 2147 marty-

1994 2171 2072 2227 ris
2120 2186 2217 2226 rex
2264 2170 2587 2240 abiecisset,
2635 2169 2806 2225 mittit
2836 2177 2957 2239 post
3001 2167 3272 2222 decimam
3316 2168 3570 2238 quintum

1993 2264 2140 2319 diem
2173 2270 2229 2318 et
2269 2263 2477 2318 dictum
2521 2261 2904 2332 magistratum
2933 2269 2991 2315 et
3021 2259 3286 2329 quosdam
3334 2257 3473 2314 alios
3499 2273 3570 2312 ex

1988 2354 2244 2416 subditis,
2269 2362 2330 2408 ut
2356 2367 2470 2409 non
2500 2351 2677 2407 solum
2702 2361 2974 2416 sanctum,
3002 2351 3098 2404 sed
3126 2350 3327 2404 multos
3353 2362 3572 2418 quoque

1989 2447 2129 2502 alios
2151 2445 2493 2501 Christianos
2533 2458 2658 2499 cum
2698 2458 2765 2499 eo
2810 2443 3213 2497 interimerent.
3265 2441 3345 2495 Illi
3387 2452 3570 2495 autem

1985 2551 2113 2593 cum
2140 2535 2429 2591 venissent
2468 2534 2522 2588 in
2553 2547 2853 2612 carcerem,
2904 2531 3185 2602 expellunt
3226 2529 3572 2586 Christianos

1986 2631 2235 2701 captivos
2266 2644 2380 2685 non
2424 2628 2735 2699 pauciores,
2799 2641 2964 2695 quam
3032 2625 3376 2696 septuaginta
3403 2665 3417 2689 ,
3463 2638 3571 2676 una

1989 2739 2114 2780 cum
2163 2731 2401 2792 martyre
2436 2736 2452 2775 :
2490 2734 2615 2775 eam
2658 2719 2858 2787 quibus
2900 2727 3063 2773 erant
3102 2718 3139 2772 ii
3186 2728 3406 2785 quoque
3477 2715 3572 2783 (ιιιί

1991 2828 2116 2868 cum
2140 2811 2434 2866 Anastasio
2456 2808 2723 2864 Cassareae
2750 2807 2994 2862 damnati
3030 2806 3249 2861 fuerant
3277 2807 3345 2859 ad
3387 2813 3576 2858 custo-

1992 2905 2157 2970 diam,
2194 2903 2566 2975 signaculique
2597 2909 2655 2956 et
2683 2900 3024 2956 vinculorum
3055 2900 3273 2955 fuerant
3307 2900 3354 2954 ei
3393 2900 3526 2953 socii
3557 2914 3570 2926 ·

1992 3011 2133 3067 quos
2164 3010 2290 3051 cum
2335 2995 2657 3049 eduxissent
2684 3007 2752 3047 ex
2799 2989 3002 3061 praedio
3032 2988 3334 3051 Belsaloes,
3371 2991 3424 3043 in
3463 3003 3576 3058 quo

1996 3088 2177 3143 fuerat
2200 3101 2390 3141 carcer
2420 3085 2720 3140 aedificatus
2746 3121 2761 3147 ,
2788 3092 2845 3138 et
2875 3083 2942 3137 ad
2972 3081 3194 3136 ﬂuvium
3231 3080 3573 3145 statuissent,

322 3189 496 3243 μητο,
533 3169 631 3224 καὶ
671 3171 879 3232 πάντας
905 3167 1043 3239 πρὸς
1073 3167 1150 3237 τῷ
1176 3167 1411 3237 ποταμῷ
1444 3164 1897 3238 στήσαντες,εἶτα

1998 3194 2097 3235 eos
2142 3178 2457 3250 singulatim
2501 3175 2811 3232 dividentes
2861 3183 2919 3230 et
2967 3188 3157 3228 eorum
3201 3171 3343 3227 collo
3388 3169 3576 3225 funem

318 3262 445 3320 καθ’
476 3263 575 3317 ἕνα
599 3261 936 3335 διαιροῦντες
959 3300 974 3323 ,
1005 3260 1216 3333 σχοῖνόν
1243 3276 1303 3312 τε
1328 3257 1507 3313 αὐτῶν
1534 3259 1614 3330 τῷ
1636 3259 1897 3330 τραχήλῳ

2003 3271 2336 3341 injicientes.
2398 3277 2455 3324 et
2493 3269 2881 3324 miserabiliter
2917 3277 3045 3323 ante
3084 3268 3276 3322 oculos
3326 3265 3579 3335 martyris

318 3354 686 3429 ὲμδάλλοντες
721 3393 738 3419 ,
766 3353 863 3407 καὶ
881 3351 1054 3417 οὕτως
1079 3350 1327 3414 ἐλεεινῶς
1353 3350 1460 3404 ὑπὸ
1490 3354 1603 3417 τοῖς
1627 3352 1721 3405 τοῦ
1754 3353 1897 3425 μάρ-

1998 3361 2328 3419 suffocantes
2353 3398 2369 3424 ,
2417 3369 2625 3425 sancto,
2659 3359 2794 3414 dum
2834 3371 3282 3430 unumquemque
3330 3356 3580 3411 vicissim

317 3463 485 3518 τυρος
517 3444 820 3515 ὀφθαλμοῖς
860 3443 1278 3510 ἀποπνίγοντες,
1325 3441 1584 3513 ἐπέλεγον
1621 3442 1742 3497 καθ’
1772 3447 1897 3498 ’ἐκα-

1999 3456 2448 3524 aubmergerent,
2468 3451 2723 3508 dicebant
2752 3470 2764 3505 :
2796 3449 2917 3507 Cur-
2932 3451 3033 3514 vis,
3046 3451 3189 3505 sicut
3216 3463 3357 3505 unus
3384 3464 3447 3503 ex
3473 3448 3577 3511 his,

323 3556 449 3593 στον
486 3537 569 3608 τῷ
609 3535 754 3607 ἁγιῳ
822 3534 977 3589 Διατί
1028 3533 1205 3597 θέλεις
1254 3533 1332 3599 ὡς
1357 3530 1440 3598 εἷς
1465 3533 1670 3589 τούτων
1711 3534 1897 3605 βιαιως

2002 3548 2270 3603 violenter
2297 3544 2411 3599 tolli
2432 3543 2716 3599 de'medio
2735 3550 2793 3597 et
2814 3557 2923 3597 non
2950 3545 3133 3612 potius
3156 3541 3266 3613 regi
3291 3554 3502 3611 parere,
3526 3548 3584 3592 et

320 3629 703 3701 ἀναιρεθῆναι,
730 3627 827 3682 καὶ
876 3628 953 3697 μὴ
1008 3624 1208 3697 μᾶλλον
1244 3625 1535 3698 πεισθῆναι
1563 3626 1640 3699 τῷ
1671 3626 1902 3697 βασιλεί,

324 3722 420 3776 καὶ
452 3721 551 3790 τῆς
584 3717 870 3790 παρούσης
889 3716 1184 3771 ἀπολαύειν
1203 3717 1539 3789 εὐημερίας;
1572 3719 1632 3774 '0
1656 3719 1712 3773 δὲ
1732 3734 1905 3793 προσ..

330 3811 477 3884 σχὼν
509 3812 601 3866 επ).
639 3809 873 3874 τούτοις,
893 3808 1109 3881 ούρανῷ
1135 3827 1195 3863 τε
1232 3809 1461 3880 ὄμματα
1491 3810 1639 3879 δοὺς,
1668 3813 1763 3867 καὶ
1785 3813 1905 3884 Θεῷ

334 3904 738 3975 συντεταμένως
759 3903 1191 3976 εὐχαριστήσας,
1222 3904 1417 3976 ὅτιπερ
1443 3905 1542 3977 ήδη
1581 3906 1906 3975 παρεστῶτα

332 3997 429 4051 τὸν
486 3996 624 4070 ὑπὲρ
669 3996 836 4052 αὑτοῦ
893 3996 1126 4051 θάνατον
1175 3995 1426 4063 ἔϐλεπεν,
1478 3991 1598 4052 εἶτα
1643 3999 1906 4070 καὶπρὸς

327 4088 571 4155 ἐκείνους
601 4091 982 4160 ἐπιστραφεὶς,
999 4087 1165 4159 Ἐγὼ,
1186 4091 1373 4161 φησὶν,
1391 4090 1531 4161 ὑπὲρ
1545 4090 1646 4161 τῆς
1661 4090 1753 4145 τοῦ
1774 4092 1909 4162 Χρι-

329 4180 461 4236 στοῦ
507 4198 611 4253 tum
671 4182 894 4252 ἀγάπης
951 4180 1049 4237 καὶ
1080 4181 1173 4236 τοῦ
1204 4181 1410 4253 θερμοῦ
1452 4183 1589 4254 πρὸς
1612 4184 1778 4237 αὐτὸν
1810 4184 1910 4239 καὶ

326 4273 576 4338 ἀπαθοῦς
588 4272 816 4344 ἔρωτος,
833 4273 981 4328 ἅπαν
1003 4274 1420 4345 κατατμηθῆναι
1447 4275 1607 4346 μέλος
1624 4277 1706 4340 εἰς
1732 4276 1909 4332 λεπτὰ

328 4364 715 4436 προσεδόκων,
792 4364 1111 4419 καινότατον
1156 4363 1219 4434 δή
1267 4380 1391 4418 τινα
1449 4367 1759 4435 περιμένων
1813 4364 1912 4419 καὶ

327 4456 521 4528 ἁπηχῆ
554 4454 804 4510 θάνατον.
853 4455 1072 4527 Ἐπειδὴ
1092 4455 1148 4509 δὲ
1179 4447 1334 4519 οὗτός
1364 4456 1514 4510 ἐστιν
1541 4457 1570 4509 δ
1600 4458 1730 4528 παρ’
1756 4456 1910 4529 ὑμῶν

2000 3639 2244 3711 priorem
2295 3636 2561 3707 consequi
2598 3635 2957 3691 felicitatem?
2995 3635 3090 3688 Ille
3119 3641 3300 3688 autem
3341 3647 3463 3686 cum
3496 3629 3583 3684 bis

1976 3741 2245 3789 'mentem
2264 3729 2609 3787 adhibuisset
2633 3736 2687 3783 et
2722 3728 2777 3783 in
2808 3727 3005 3783 casiam
3047 3727 3236 3781 oculos
3272 3723 3585 3778 sustulisset

1979 3835 2062 3881 'et
2100 3825 2213 3880 Deo
2241 3823 2489 3894 ingentes
2514 3820 2716 3892 egisset
2750 3819 2969 3890 gratias,
3007 3820 3148 3887 quod
3175 3817 3286 3886 jam
3322 3830 3422 3885 pro
3467 3813 3584 3883 ipso

1986 3924 2237 3971 mortem
2277 3913 2487 3967 videret
2518 3924 2660 3970 .esse
2695 3909 3060 3973 subeundam,
3106 3907 3304 3962 deinde
3354 3906 3420 3959 ad
3463 3904 3585 3958 illus

1980 4040 1987 4051 -
2006 4021 2224 4082 quoque
2245 4016 2546 4061 conversus
2568 4021 2583 4057 :
2607 4000 2740 4073 Ego,
2760 4000 2956 4070 inquit,
2979 4015 3081 4071 pro
3100 3997 3300 4053 Christi
3327 3998 3431 4051 mei
3452 4001 3585 4052 cha-

1976 4103 2203 4165 σώετε,
2251 4096 2571 4166 ardentique
2625 4104 2684 4150 et
2728 4093 3041 4149 vehementi
3077 4092 3130 4146 in
3178 4106 3302 4146 eum
3356 4105 3578 4152 amore,

2006 4192 2394 4265 exspectabam
2422 4200 2587 4244 omne
2616 4187 2921 4243 membrum
2942 4183 3249 4262 minutatim
3281 4183 3587 4244 conscindi.

2009 4293 2339 4356 exspectans
2368 4294 2565 4336 novam
2610 4280 2844 4350 aliquam
2887 4286 2943 4334 et
2989 4277 3288 4332 inauditam
3336 4285 3587 4330 mortem.

2011 4379 2282 4446 Quoniam
2318 4382 2500 4430 autem
2530 4374 2648 4429 haec
2689 4379 2770 4427 est
2800 4384 2887 4436 ea,
2918 4385 3079 4441 quam
3118 4384 3216 4424 vos
3248 4369 3380 4422 mihi
3414 4367 3593 4422 mina-

2003 4471 2169 4534 -mini,
2202 4483 2302 4540 ago
2344 4465 2442 4523 tibi
2489 4464 2690 4537 gratias
2738 4463 2843 4519 soli
2897 4461 3011 4516 Deo
3052 4474 3179 4516 meo
3210 4468 3265 4514 et
3319 4457 3591 4514 Servatori

328 4547 754 4620 ἀπειλούμενος,
781 4548 1092 4619 εὐχαριστῶ
1118 4564 1203 4601 σοι
1236 4548 1318 4619 τῷ
1352 4549 1500 4618 μένῳ
1527 4547 1646 4619 Θεῷ
1682 4565 1787 4619 μου
1817 4547 1897 4604 ml

2013 4562 2260 4628 Cbrisw,
2297 4559 2444 4628 quod
2488 4564 2685 4623 morte,
2729 4570 2852 4625 qua:
2884 4567 3059 4623 usque
3088 4553 3226 4608 adeo
3256 4560 3413 4606 vacat
3443 4552 3592 4605 onmi

328 4638 794 4712 Σωτῆρι,Χριστὲ
832 4638 1077 4710 βασιλεῦ,
1113 4640 1195 4693 ὅτι
1223 4638 1483 4711 τελευτῆς
1499 4637 1674 4703 οὕτως
1705 4640 1897 4695 (indvat

2014 4657 2207 4713 labore
2231 4663 2290 4709 et
2330 4651 2603 4715 molestia,
2633 4663 2795 4719 quam
2832 4647 3055 4717 quidem
3102 4645 3267 4717 paulo
3308 4653 3433 4716 post
3474 4644 3592 4715 ipsa

328 4733 432 4786 καὶ
471 4732 743 4787 άνωδύνου
767 4773 784 4801 ,
813 4733 880 4804 ἢν
914 4733 1010 4787 καὶ
1034 4732 1198 4802 φύσις
1245 4733 1385 4805 αὐτὴ
1420 4734 1559 4806 μετὰ
1592 4736 1786 4807 μικρὸν
1818 4737 1916 4789 ἑπ-

329 4827 569 4896 ήνεγκεν
618 4825 706 4888 ἂν,
759 4826 1062 4895 μαρτυρίου
1116 4843 1186 4897 με
1224 4826 1392 4897 τιμὴν
1421 4827 1735 4899 ὠνήσασθαι
1781 4846 1917 4883 κατ-

333 4915 598 4987 ηξίωσας.
623 4917 810 4971 Ταῦτα
831 4917 1020 4983 εἰπὼν,
1046 4921 1138 4973 καὶ
1160 4919 1307 4974 οὕτω
1322 4918 1656 4985 τελευταίοις
1681 4921 1916 4993 ἐπιλαμ-

338 5007 597 5078 πρυνθεὶς
620 5010 883 5080 ῥήμασιν,
913 5009 1016 5081 ἴσῳ
1055 5010 1269 5083 θανάτῳ
1299 5012 1394 5069 καὶ
1419 5008 1571 5077 οὗτος
1601 5012 1913 5086 ἐτελειώθη.

410 5098 556 5167 KG".
596 5101 660 5153 Oi
707 5101 1001 5173 δήμιοιδὲ
1051 5104 1150 5172 τὴν
1209 5104 1360 5176 ἱερὰν
1408 5105 1624 5175 ἐκείνην
1676 5106 1920 5179 κεφαλὴν

334 5191 688 5260 ἐκτεμόντες,
724 5193 872 5262 σαφῆ
909 5193 1012 5262 τῆς
1043 5194 1377 5265 ἀναιρέσεως
1403 5196 1499 5255 τοῦ
1526 5198 1719 5267 ἀνδρὸς
1764 5196 1920 5253 ἁπό-

330 5282 507 5349 δειξιν
536 5283 616 5354 τῷ
639 5283 851 5354 βασιλεῖ
880 5287 1195 5357 κομίζουσι.
1223 5288 1327 5341 Τὸν
1358 5287 1544 5357 μέντοι
1573 5292 1667 5344 ἐπὶ
1689 5292 1790 5361 τῆς
1819 5308 1921 5361 φυα

330 5374 515 5445 laxi};
563 5376 845 5448 σελλάριον
899 5378 1226 5451 Χριστιανὸν
1276 5380 1429 5446 ὅντα,
1473 5383 1568 5437 καὶ
1623 5384 1919 5457 μαρτύρων

332 5465 521 5522 εἰδότα
540 5470 711 5540 τιμᾷν
729 5469 982 5543 σώματα,
1014 5472 1299 5526 ἀνελέσθαι
1320 5473 1383 5526 τὺ
1409 5476 1507 5527 τοῦ
1532 5476 1692 5543 ἁγίου
1722 5477 1914 5547 λείψα-

413 5602 495 5672 (8)
526 5604 667 5686 Qnm
706 5606 816 5686 alii
841 5623 976 5686 cum.
1018 5610 1268 5686 laqueo,‘
1297 5609 1406 5686 alii
1428 5611 1606 5681 gladio
1657 5613 1920 5686 interem-

376 5685 495 5752 tum
531 5676 737 5752 dicunt,
781 5677 1045 5752 Baronius
1074 5676 1141 5752 in
1156 5680 1303 5752 notis
1340 5682 1409 5737 ad
1431 5676 1724 5752 'MarterI.
1760 5683 1917 5744 Roin.

358 5761 396 5800 ιι
458 5745 575 5800 limi:
627 5747 790 5803 verba
857 5746 1144 5823 Menologii
1223 5750 1535 5807 Graecorum
1585 5745 1918 5814 'concludit:

1986 4762 1991 4771 ‘
2019 4759 2237 4819 quoque
2267 4744 2541 4799 attulisset
2565 4750 2783 4807 natura,
2821 4754 2912 4795 me
2944 4737 3165 4794 voluisti
3198 4752 3384 4793 emere
3416 4737 3590 4791 hono-

2021 4855 2137 4895 rem
2167 4835 2413 4909 martyrii
2449 4834 2548 4905 (8).
2572 4832 2709 4889 Cum
2739 4835 2857 4887 hac
2884 4829 3111 4886 dixisset
3147 4836 3205 4883 et
3241 4828 3358 4883 haec
3405 4826 3595 4880 ultima

2018 4933 2185 4989 verba
2216 4930 2477 5002 praeclare
2499 4936 2645 4983 esset
2662 4925 2900 4994 locutus,
2930 4922 3126 4995 aequali
3153 4929 3328 4976 morte
3357 4924 3437 4975 sic
3457 4933 3597 4989 quo-

2019 5042 2127 5098 que
2155 5034 2240 5081 εει
2264 5031 2695 5081 consummatus.

2091 5115 2286 5174 XXVI.
2320 5114 2620 5172 Carniﬁces
2642 5121 2846 5178 autem,
2879 5126 3003 5169 cum
3034 5122 3245 5166 sacram
3275 5107 3403 5162 illud
3436 5119 3600 5176 caput

1986 5218 2417 5282 ‘ampntassent,
2439 5218 2502 5263 ut
2530 5222 2658 5262 eum
2687 5221 2809 5262 esse
2846 5204 3193 5261 interfectum
3223 5202 3596 5265 ostenderent,

2018 5303 2085 5359 ad
2141 5317 2322 5373 regem
2374 5300 2642 5356 deferunt.
2701 5296 2989 5354 Sellarium
3038 5311 3190 5362 vero,
3234 5294 3324 5366 qui
3374 5302 3601 5365 praeerat

2021 5394 2287 5449 custodite
2328 5389 2586 5455 carceris,
2619 5403 2743 5446 cum
2775 5396 2921 5442 esset
2948 5386 3313 5450 Christianus,
3351 5395 3408 5441 et
3436 5383 3606 5440 sciret

2030 5493 2327 5555 martyrum
2378 5483 2651 5538 honorare
2702 5493 2948 5551 corpora,
2990 5477 3157 5534 vellet
3196 5486 3378 5532 autem
3429 5474 3604 5533 sancti

2038 5639 2058 5674 ι
2092 5620 2270 5692 ipsius
2301 5621 2442 5676 collo
2486 5622 2562 5676 ita
2596 5621 2789 5691 laqueo
2816 5620 3061 5679 astricto,
3097 5629 3157 5674 ut
3177 5618 3484 5692 respirandi
3519 5590 3600 5672 fa—

2031 5690 2288 5747 cultatem
2316 5707 2429 5745 non
2469 5690 2718 5756 haberet,
2755 5701 3032 5760 postremo
3073 5690 3252 5745 securi
3276 5691 3611 5758 percutitur,

2034 5764 2212 5833 capite
2230 5778 2327 5832 pro
2357 5761 2563 5817 Christi
2594 5763 2698 5817 fide
2724 5764 2984 5819 abscisso.
3019 5782 3037 5813 ι
