4116 6412
579 324 681 389 8οἸ
698 356 707 363 -

1807 316 2089 379 MENSIS
2138 314 2599 376 JANUARIUS.
2640 287 2645 292 ’

3724 312 3830 375 808

581 445 770 500 tollere
797 434 1078 505 reliquias,
1097 441 1151 486 et
1176 446 1269 487 eas
1296 443 1550 499 separare
1580 427 1648 482 ab
1674 426 1814 490 aliis,
1844 442 1914 480 ne
1945 436 2154 480 tantum

2281 443 2353 478 ιον
2378 426 2709 495 βουληθέντα
2751 424 2841 476 καὶ
2877 423 2980 495 ἰδίᾳ
3006 422 3177 477 θεῖναι
3212 423 3319 478 τῶν
3352 423 3528 479 ἄλλων
3548 467 3564 493 ,
3593 427 3741 489 ὅπως
3769 430 3844 499 μὴ

581 527 777 582 lateret
806 523 1035 585 bonum,
1067 519 1389 591 permistum
1418 532 1541 572 cum
1580 515 1789 571 caeteris
1819 515 2157 583 corporibus,

580 615 919 687 prohibuere
950 610 1258 666 carniﬁces.
1300 608 1437 663 Cum
1481 607 1607 662 ﬁliis
1648 614 1829 660 autem
1856 603 2036 660 lesdin
2068 620 2164 659 an-

581 706 833 762 nuntiata
865 701 1059 755 fuisset
1082 700 1185 754 viri
1222 696 1642 758 consummatio,
1666 695 1732 748 ad
1763 709 1924 763 quam
1942 702 2160 748 euntem

580 808 873 866 martyrem
938 793 1152 847 illarum
1220 788 1374 859 pueri
1430 786 1923 855 consequebantur,
1974 792 2030 838 et
2088 781 2165 837 illi

579 890 915 948 serviebant,
960 885 994 938 ii
1029 882 1265 954 pecunia
1297 887 1659 947 corrumpunt
1685 875 2003 930 carniﬁcum
2038 874 2162 928 dili-

586 984 853 1051 gentiam,
901 989 958 1034 et
997 987 1059 1032 ut
1116 988 1316 1045 corpus
1361 973 1461 1027 sibi
1502 972 1685 1026 liceret
1742 970 1861 1024 loco
1914 978 2166 1037 separato

580 1073 880 1143 deponere,
925 1086 1032 1124 non
1082 1070 1273 1138 paucis
1317 1074 1503 1120 emunt
1553 1063 1819 1133 pecuniis.
1869 1061 2073 1115 Deinde
2121 1061 2167 1113 is

581 1178 797 1231 quoque
846 1158 1171 1223 monachus,
1221 1157 1312 1226 qui
1358 1171 1482 1209 cum
1531 1162 1766 1223 martyre
1803 1160 2168 1206 excesserate

583 1256 855 1315 (Σίνδοι-ρει,
878 1261 935 1306 et
971 1266 1095 1306 cum
1126 1251 1443 1304 decertante
1468 1246 1534 1300 ad
1571 1245 1734 1299 ﬁnem
1763 1258 1936 1313 usque
1962 1257 2170 1296 manse-

586 1355 692 1409 rat,
722 1346 879 1413 cujus
916 1345 1077 1398 etiam
1111 1355 1257 1410 saepe
1296 1340 1526 1394 fecimus
1557 1339 1889 1392 mentionem
1915 1379 1929 1398 ,
1962 1351 2085 1388 cum
2116 1344 2170 1388 et

588 1452 790 1508 pueros
824 1435 1057 1488 ﬁliorum
1091 1432 1296 1487 lesdin.
1327 1437 1383 1483 et
1419 1428 1678 1498 quosdam
1711 1442 1779 1481 ex
1814 1427 1900 1485 iis.
1939 1425 2029 1495 qui
2063 1425 2171 1479 illic

586 1537 765 1587 erant,
796 1524 1078 1580 monachis
1102 1523 1155 1575 in
1181 1530 1394 1576 noctem
1427 1529 1741 1588 sequentem
1764 1518 2165 1588 assumpsisset,

584 1629 640 1674 ct
687 1627 747 1672 ut
793 1614 1039 1686 martyris
1072 1627 1272 1682 corpus
1311 1612 1400 1682 pie
1450 1619 1507 1665 et
1550 1619 1739 1665 sancte
1788 1615 2167 1679 componeret,

584 1708 825 1764 venisset
860 1710 915 1776 (ο
944 1705 1240 1774 quomodo,
1278 1717 1313 1757 o
1340 1702 1578 1764 Christe,
1611 1701 1844 1755 laudabo
1876 1699 2172 1755 miraculo-

586 1816 709 1855 rum
763 1808 981 1872 tuorum
1021 1792 1500 1866 magnitudinem?
1547 1792 1566 1863 )
1609 1793 2023 1847 invenitranes
2067 1792 2171 1847 alia
2198 1769 2246 1828 Β

585 1894 807 1963 quidem
847 1904 1077 1958 corpora
1129 1896 1242 1942 toto
1279 1901 1374 1941 ore
1398 1885 1715 1951 exedentes,
1753 1885 1822 1939 ab
1852 1884 1957 1938 hoc
1992 1892 2174 1939 autem

587 1984 707 2039 solo
730 1999 788 2038 se
810 1982 1167 2037 abstinentes.
1197 1988 1255 2033 ut
1272 1979 1414 2049 quod
1433 1993 1542 2032 non
1561 1979 1927 2047 subiit-eretur
1945 1975 2180 2047 amplius

588 2077 801 2147 legibus
845 2073 1115 2143 corporis.
1165 2071 1287 2126 Jam
1364 2072 1510 2126 enim
1571 2080 1690 2126 erat
1753 2069 2182 2140 pulchritudinis

593 2183 797 2223 corona
826 2167 881 2220 in
910 2180 1076 2221 manu
1104 2165 1194 2218 llei
1221 2163 1460 2235 (divinus
1489 2164 1625 2218 dixit
1654 2162 1838 2229 Isaias)
1855 2173 1911 2216 et
1929 2163 2179 2217 diadema

596 2261 751 2332 regni
795 2262 848 2313 in
885 2274 1048 2313 manu
1084 2256 1175 2309 Dei
1211 2259 1352 2325 ejus.
1389 2256 1525 2310 Cum
1556 2256 1869 2311 sustulisset
1900 2270 2029 2325 ergo
2059 2269 2181 2309 cor-

592 2335 697 2423 pus
751 2350 1025 2421 martyris,
1057 2361 1113 2403 et
1144 2347 1360 2402 mundis
1408 2348 1614 2413 linteis,
1664 2363 1786 2416 qua:
1831 2347 2031 2401 dedere
2082 2344 2181 2399 ﬁlii

593 2442 772 2502 iesdin
802 2456 899 2509 pro
930 2441 1148 2495 ultimis
1179 2441 1429 2507 corporis
1464 2439 1768 2510 exsequiis,
1790 2439 2033 2492 mundas
2059 2438 2183 2493 illas

593 2544 651 2589 et
671 2545 886 2589 sanctas
914 2534 1230 2588 involvisset
1251 2533 1524 2602 reliquias,
1555 2531 1607 2585 in
1633 2530 1896 2600 Sergii(9)
1929 2528 2181 2599 martyris

595 2641 726 2681 mon
749 2626 951 2689 -sterio,
983 2626 1128 2696 quod
1159 2625 1224 2680 ad
1256 2639 1424 2678 unum
1457 2624 1690 2693 lapidem
1721 2622 1956 2676 distabat
1986 2637 2016 2675 a
2038 2621 2179 2681 vico,

598 2716 827 2786 deponit
859 2716 1074 2771 decimo
1124 2715 1360 2784 septimo
1399 2714 1512 2784 (l0)
1539 2714 1758 2783 quidem
1791 2727 1937 2766 anno
1964 2711 2177 2780 imperii

598 2810 679 2877 pii
712 2807 967 2871 lleraelii,
995 2806 1255 2861 vicesimo
1282 2814 1463 2860 autem
1489 2804 1732 2859 secundo
1758 2801 1960 2857 mensis
1979 2799 2175 2855 Janua-

597 2899 688 2954 rii.
731 2899 780 2955 ls
818 2901 965 2955 enim
1011 2898 1115 2953 fuit
1159 2898 1298 2963 dies,
1335 2888 1428 2965 qui
1470 2896 1606 2952 vidit
1653 2896 1938 2951 decessum
1975 2901 2175 2961 marty—

596 3004 693 3045 HS.

672 3167 885 3223 XXVII.
915 3166 1176 3236 Sequenti
1202 3177 1383 3224 autem
1408 3168 1498 3223 die
1526 3167 1664 3222 duos
1696 3181 1758 3222 ex
1786 3166 1876 3229 iis,
1906 3167 1999 3236 qui
2023 3173 2180 3221 erant

602 3260 657 3314 in
692 3260 939 3313 custodia
972 3260 1120 3314 licuit
1166 3261 1358 3315 audire
1407 3261 1525 3314 han:
1576 3260 1721 3312 inter
1759 3274 1819 3312 se
1870 3268 2177 3315 narrantes.

602 3351 829 3406 Dicvbat
876 3353 1024 3404 enim
1074 3366 1217 3405 unus
1256 3351 1457 3405 alteri:
1489 3350 1684 3405 Vidisti
1724 3349 2180 3418 quemadmodum

601 3447 785 3503 canes,
819 3442 912 3511 qui
947 3442 1061 3496 heri
1091 3451 1380 3508 venerunt,
1413 3442 1633 3512 reliquis
1669 3442 1889 3511 quidem
1933 3441 2174 3511 corpori-

602 3532 710 3586 bus
742 3545 802 3585 se
842 3532 1038 3600 cupide
1086 3532 1485 3601 impleverunt,
1525 3529 1907 3587 abstinuerunt
1934 3539 2116 3587 autem
2151 3546 2183 3585 a

605 3621 722 3679 solo
771 3636 1005 3689 corpore
1064 3622 1208 3675 illius
1263 3621 1518 3675 monachi
1566 3637 1581 3677 :
1624 3630 1680 3675 et
1724 3622 2207 3690 quemadmodum-

604 3719 890 3781 postquam
919 3726 978 3764 se
1004 3710 1125 3764 aliis
1153 3710 1536 3765 exsatiassent.
1568 3723 1737 3777 pr0pe
1771 3707 1899 3762 illud
1930 3709 2185 3765 sedentes

604 3801 706 3856 visi
738 3810 868 3857 sunt
897 3801 1080 3871 potius
1116 3816 1239 3855 esse
1269 3802 1547 3865 custodes,
1573 3798 1724 3854 boris
1759 3800 2020 3869 deinceps
2046 3800 2185 3854 dua-

605 3899 710 3954 bus
757 3914 937 3968 neque
984 3897 1342 3963 recedentes,
1389 3911 1571 3967 neque
1598 3911 1823 3971 corpus
1864 3896 2187 3967 tangentes?

606 3990 757 4045 Alter
790 4002 972 4044 autem
999 4004 1189 4044 rursus
1215 3988 1493 4059 excipiens
1523 3989 1862 4043 orationem:
1896 3987 2008 4060 Ego
2035 4003 2187 4054 vero,

608 4081 808 4151 inquit,
841 4097 964 4136 cum
994 4096 1219 4151 vespere
1253 4097 1321 4136 ex
1350 4081 1569 4152 specula
1600 4082 1658 4135 in
1693 4080 1915 4136 domum
1947 4089 2191 4136 reverte-

610 4187 720 4237 rer,
755 4171 982 4226 videbar
1023 4173 1155 4226 mihi
1186 4173 1372 4228 videre
1414 4172 1625 4228 stellam
1656 4171 1948 4242 quamdam
1986 4180 2188 4227 terram

609 4271 967 4334 tangentem,
1017 4265 1321 4335 jucundum
1375 4265 1669 4334 quemdam
1724 4272 1780 4319 et
1838 4264 2187 4333 perspicuum

2262 517 2515 570 τοσοῦτον
2549 515 2754 586 ἀγαθὸν
2777 514 2914 586 λάθῃ
2940 518 3052 579 τοῖς
3097 514 3307 580 λοιποῖς
3347 517 3621 587 ἀναμιγὲν
3656 518 3847 589 σώμα-

2265 625 2380 670 σιν,
2412 604 2600 678 εἷρξαν
2634 608 2683 659 οί
2713 607 2917 676 δήμιοι.
2952 606 3306 676 Μηνυθείσης
3334 607 3392 660 δὲ
3423 609 3537 670 τοῖς
3571 608 3669 662 τοῦ
3709 610 3845 662 Ἰεσ-

2264 700 2347 752 δὶν
2368 701 2503 762 υἱοῖς
2534 699 2630 769 τῆς
2649 697 2741 751 τοῦ
2766 697 2959 768 ἀνδρὸς
2984 695 3340 759 τελειώσεως,
3373 697 3509 767 πρὸς
3532 696 3600 768 ἢν
3628 697 3846 750 ἀπιόντι

2264 792 2343 863 τῷ
2369 794 2607 863 μάρτυρι
2629 791 2815 852 παῖδες
2843 790 3066 843 ἐκείνων
3087 785 3228 861 ἦσαν
3255 789 3679 852 ἀκολουθοῦντες
3697 790 3848 859 αύτῷ

2267 886 2363 939 καὶ⁵
2399 884 2831 955 ὑπηρετούμενοι
2872 899 2887 915 ο
2925 885 3203 953 χρήμασιν
3230 882 3652 952 ύποφθείρουσιν
3704 878 3850 936 οῦτςι

2267 976 2368 1039 τὴν
2398 974 2506 1027 τῶν
2535 973 2743 1043 δημίων
2781 971 3071 1040 ἀκρίϐειαν
3102 972 3196 1023 καὶ
3233 971 3333 1033 τὴν
3369 970 3466 1022 τοῦ
3514 970 3766 1040 σώματος
3792 972 3852 1023 ὲι

2272 1065 2528 1128 ἰδιάζοντι
2589 1064 2739 1133 τόπῳ
2794 1063 3132 1129 κατάθεσιν,
3186 1062 3465 1131 ἀργυρίων
3501 1061 3603 1114 οὐκ
3653 1061 3850 1129 ὀλίγων

2269 1157 2552 1210 ὠνοῦνται.
2586 1152 2718 1209 Εἶτα
2745 1156 2773 1206 ὁ
2807 1157 2901 1208 καὶ
2924 1155 3387 1224 συναποδημήσας
3419 1156 3486 1207 ὲκ
3510 1155 3853 1224 Καισαρείας

2268 1250 2347 1319 τῷ
2385 1250 2622 1318 μάρτυρι
2677 1247 2930 1317 μοναχδς,
2982 1248 3077 1300 καὶ
3136 1245 3385 1299 ἀθλοῦντι
3449 1247 3613 1315 μέχρι
3664 1246 3853 1311 τέλους

2273 1338 2766 1409 συμπαραμείνας,
2828 1330 2889 1391 οῦ
2943 1338 3036 1390 καὶ
3087 1337 3278 1407 μνείαν
3323 1336 3583 1400 πολλάκις
3631 1339 3658 1390 ὁ
3698 1337 3853 1406 ῖόγος

2273 1431 2424 1481 Etler
2443 1470 2459 1493 ,
2493 1427 2620 1490 τούς
2640 1444 2698 1479 τε
2721 1427 2909 1489 παῖδας
2936 1428 3047 1479 τῶν
3073 1425 3165 1479 τοῦ
3196 1426 3384 1479 Ἰεσδὶν
3412 1426 3561 1482 υἱῶν.
3583 1428 3675 1479 καί
3698 1443 3851 1491 τινας

2270 1514 2378 1567 τῶν
2406 1515 2519 1566 ἐκεῖ
2554 1513 2806 1583 μοναχῶν
2836 1517 2917 1574 είς
2965 1513 3066 1585 τὴν
3106 1513 3368 1568 ἐπιοῦσαν
3399 1515 3571 1567 νύκτα
3601 1515 3857 1584 παραλα-

2273 1605 2405 1672 ϐὼν,
2440 1606 2535 1658 καὶ
2557 1604 2698 1659 ὥστε
2723 1606 2783 1658 τὸ
2801 1605 2896 1658 τοῦ
2930 1605 3210 1676 μάρτυρος
3263 1606 3426 1677 σῶμα
3475 1606 3634 1678 ίερῶ;
3667 1624 3727 1659 τε
3759 1607 3858 1660 καὶ

2271 1699 2433 1761 ὁσίως
2466 1697 2804 1768 περιστεῖλαι
2851 1697 3178 1751 καταλαϐὼν
3226 1695 3295 1768 (ὣ
3346 1698 3465 1761 πῶς
3501 1697 3736 1764 ἀναξίως
3765 1698 3857 1752 αἱ·

2273 1794 2413 1847 νέσω
2445 1791 2924 1862 σου,Χριστὲ,τῶν
2955 1791 3247 1859 θαυμάτων
3275 1792 3335 1845 τὸ
3369 1790 3597 1861 μέγεθος
3618 1788 3682 1861 ;),
3704 1791 3859 1863 εὑρί-

2275 1902 2395 1938 σκει
2438 1886 2565 1946 τοὺς
2614 1885 2786 1948 κύνας
2838 1882 2909 1936 τὰ
2970 1883 3070 1953 μὲν
3118 1883 3252 1935 ἄλλα
3292 1883 3400 1935 τῶν
3426 1885 3696 1954 σωμάτων
3750 1882 3859 1954 ὅλῳ

2274 1973 2499 2040 στόματι
2521 1971 2932 2035 κατεσθίοντας,
2958 1971 3150 2024 τούτου
3182 1972 3239 2025 δὲ
3275 1973 3433 2042 μόνον
3481 1968 3576 2025 καὶ
3610 1972 3736 2026 λίαν
3758 1991 3859 2026 πε-

2275 2062 2638 2132 φυλαγμένως
2677 2062 2898 2131 ἔχοντας
2920 2067 3012 2114 καὶ
3045 2061 3435 2131 ἀπεχομένους,
3466 2056 3555 2116 οἷα
3588 2062 3722 2134 μηδὲ
3756 2064 3857 2115 ad,-

2275 2169 2443 2223 ματος
2471 2152 2552 2205 ἔτι
2581 2153 2764 2222 νόμοις
2791 2153 3177 2221 ὑποκειμένου.
3207 2153 3349 2223 Ἤδη
3362 2154 3469 2223 γὰρ
3487 2149 3557 2225 ἦν
3586 2155 3855 2222 στέφανος

2275 2244 2505 2308 κάλλους
2534 2247 2591 2298 ἐν
2621 2246 2764 2316 χειρὶ
2796 2246 3028 2316 Κυρίου,
3062 2248 3090 2299 ὀ
3126 2245 3268 2309 θεῖος
3307 2246 3374 2300 ἂν
3408 2243 3563 2298 εἶπεν
3602 2245 3850 2310 Ἡσαΐας,

2274 2337 2370 2391 καὶ
2409 2337 2648 2407 διάδημα
2709 2336 2991 2408 βασιλείας
3040 2340 3099 2390 ἑν
3149 2338 3295 2408 χειρὶ
3342 2337 3479 2391 Θεοῦ
3538 2337 3732 2391 αὑτοῦ.
3785 2337 3851 2390 Τὸ
3902 2354 3905 2357 ·

2276 2428 2436 2496 σῶμα
2462 2429 2640 2483 τοίνυν
2660 2429 2754 2482 τοῦ
2788 2430 3064 2499 μάρτυρος
3087 2429 3432 2498 ἀνελόμενος,
3461 2428 3558 2482 καὶ
3586 2429 3855 2499 καθαραῖς

2274 2519 2507 2583 ὀθόναις,
2530 2518 2596 2583 ἃς
2618 2520 2667 2573 οί
2695 2518 2788 2572 τοῦ
2832 2520 3021 2572 ἰεσδὶν
3047 2521 3153 2573 υίοὶ
3176 2519 3488 2572 τελευταῖον
3508 2519 3589 2591 τῷ
3624 2521 3857 2589 μάρτυρι

2276 2613 2554 2680 παρέσχον
2604 2611 2898 2680 ἐντάφιον,
2938 2613 3000 2665 τὸ
3032 2612 3274 2684 καθαρὸν
3308 2608 3484 2666 έκεῖνο
3548 2614 3646 2665 καὶ
3702 2611 3855 2680 ἀγιον

2278 2704 2586 2775 ὲνειλήσας,
2609 2707 2690 2769 είς
2715 2706 2816 2776 τὴν
2840 2705 2937 2759 τοῦ
2980 2706 3259 2777 μάρτυρος
3305 2705 3535 2776 Σεργίου
3582 2705 3749 2776 μονὴν
3782 2705 3860 2759 ἑνὶ

2280 2798 2490 2867 σημείῳ
2521 2794 2620 2866 τῆς
2649 2798 2839 2868 κώμης
2869 2797 3151 2868 διέχουσαν
3174 2797 3553 2862 κατατίθεται,
3596 2797 3859 2849 ἑπτακαι-

2285 2886 2498 2959 δεκάτῳ
2527 2888 2625 2958 μὲν
2650 2888 2760 2942 ἔτει
2789 2890 2889 2958 τῆς
2931 2885 3254 2960 Ἡρακλείου
3296 2888 3389 2942 τοῦ
3419 2887 3677 2948 εὐσεϐοῦς
3709 2887 3865 2957 βασι·-

2287 2977 2458 3044 λείας,
2483 2980 2657 3033 εἰκάδι
2686 2979 2743 3032 δὲ
2773 2981 2867 3034 καὶ
2888 2980 3121 3050 δευτέρᾳ
3147 2979 3316 3051 μηνὸς
3331 2978 3662 3048 Ἰανουαρίου
3682 2978 3857 3047 ,Αὓτη

2284 3070 2393 3140 γὰρ
2413 3065 2481 3141 ἦν
2498 3072 2530 3140 ἡ
2546 3072 2640 3123 καὶ
2662 3070 2760 3140 τὴν
2780 3070 3039 3141 τελευτὴν
3059 3070 3242 3123 ἰδοῦσα
3255 3068 3348 3123 τοῦ
3371 3070 3640 3141 μάρτυρος
3657 3069 3861 3141 ἡμέρα.

2359 3161 2493 3218 ΚΖ’.
2532 3164 2625 3226 Εἰς
2653 3164 2710 3216 δὲ
2736 3163 2835 3233 τὴν
2867 3163 3128 3217 ἐπιοῦσαν
3156 3164 3251 3216 δύο
3286 3162 3397 3217 τῶν
3425 3164 3516 3215 ἐπὶ
3561 3163 3663 3232 τῆς
3692 3162 3862 3229 φυλα-

2282 3257 2384 3327 κῆς
2410 3272 2594 3315 τινων,
2617 3254 2844 3308 τοιαῦτα
2877 3256 3016 3326 πρὸς
3064 3255 3328 3327 ἀλλήλους
3374 3256 3597 3309 ἀκούειν
3656 3253 3862 3325 ὑπῆρξε

2281 3346 2673 3417 διηγουμένων.
2741 3348 2800 3399 '0
2862 3347 2962 3418 μὲν
3014 3347 3125 3419 γὰρ
3173 3348 3328 3417 έλεγε
3359 3347 3437 3418 τῷ
3471 3347 3644 3416 ἑτέρῳ
3669 3363 3685 3377 ·
3719 3345 3864 3410 Εἶδες

2280 3440 2430 3497 ὅπως
2459 3438 2583 3507 χθὲς
2611 3437 2858 3503 ἐλθόντες
2879 3441 2930 3493 οί
2960 3441 3123 3503 κύνες
3146 3440 3263 3493 τῶν
3298 3440 3397 3511 μὲν
3430 3438 3638 3493 λοιπῶν
3674 3439 3862 3510 χανδὸν

2284 3531 2689 3601 ἐνεπίμπλαντο
2715 3532 3011 3602 σωμάτων,
3046 3533 3207 3604 μόνον
3232 3532 3289 3586 δὲ
3322 3530 3417 3586 τοῦ
3447 3531 3688 3604 μοναχοῦ
3720 3531 3861 3585 ὲκείο

2284 3642 2376 3679 νου
2400 3625 2688 3694 ἀπείχοντο
2706 3665 2722 3691 ,
2759 3628 2854 3680 καὶ
2900 3627 3049 3690 ὅπως
3072 3626 3303 3696 ἐπείπερ
3335 3625 3536 3690 ἱκανῶς
3559 3626 3667 3679 τῶν
3696 3625 3867 3680 ἄλλων

2285 3717 2753 3788 ἔμφορηθείησαν,
2787 3718 3016 3788 πλησίον
3040 3720 3249 3773 ἐκείνου
3275 3717 3578 3788 καθήμενοι
3629 3717 3865 3785 φύλακες

2286 3809 2475 3880 ὥσπερ
2505 3803 2643 3863 εἶναι
2666 3810 2870 3879 μᾶλλον
2900 3809 3164 3881 ἐῴκεσαν,
3195 3810 3355 3881 ὡρῶν
3397 3809 3525 3878 ἑξῆς
3569 3809 3681 3863 δύω
3732 3811 3868 3878 μήτε

2285 3899 2700 3972 ἀποχωροῦντες
2738 3901 2875 3971 μήτε
2904 3900 3000 3954 τοῦ
3028 3900 3279 3970 σώματος
3311 3899 3607 3971 θήγοντεςς
3641 3900 3870 3971 Ἀτερος

2287 3990 2346 4045 δὲ
2368 3993 2529 4045 πάλιν
2547 3992 2638 4045 τὸν
2661 3991 2820 4061 λόγον
2839 3990 3153 4058 ὑπολαϐὼν,
3173 3992 3318 4059 Ἐγὼ
3332 3994 3411 4059 δὲ,
3437 3994 3869 4064 φησὶν,ὲσπέρας

2288 4084 2354 4136 ἔκ
2381 4084 2478 4154 τῆς
2512 4083 2864 4155 κατασκοπῆς
2910 4086 2991 4146 εἰς
3021 4083 3120 4153 τὴν
3146 4085 3327 4137 οίκίαν
3364 4083 3627 4151 ἐπανιὼν,
3655 4086 3869 4139 ἐδόκουν

2288 4174 2498 4244 ἀστέρα
2545 4174 2669 4228 τινὰ
2724 4174 2819 4239 τῆς
2864 4174 2967 4244 γῆς
2996 4174 3240 4245 ψαύοντα
3271 4174 3516 4245 βλέπειν,
3570 4176 3667 4245 ἡδύ
3696 4193 3752 4229 τι
3778 4176 3872 4229 καὶ

2289 4265 2548 4334 διαφανὲς
2574 4265 3057 4335 ἀπαστράπτονταο
3086 4266 3179 4320 καὶ
3203 4266 3265 4319 τὸ
3287 4267 3471 4321 καινὸν
3499 4268 3683 4320 τοίνυν
3706 4283 3876 4320 κατα-

613 4355 962 4424 splendorem
988 4357 1353 4411 emittentem.
1389 4354 1697 4425 Spectaculi
1735 4354 1918 4423 itaque
1947 4353 2182 4409 novitate

2297 4358 2526 4425 πλαγεὶς
2558 4357 2653 4413 τοῦ
2685 4357 2958 4427 θεάματος
2978 4397 2991 4419 ,
3019 4360 3169 4421 ὅπως
3196 4359 3257 4411 ού
3291 4360 3437 4412 κατά
3478 4359 3607 4422 τοὺς
3653 4359 3875 4422 λοιποὺς

612 4448 1062 4516 obstupefactus,
1110 4448 1252 4517 quod
1301 4447 1507 4503 scilicet
1554 4462 1663 4500 non
1711 4445 1855 4500 sicut
1895 4445 2063 4509 aliae,-
2092 4445 2182 4501 sed

2299 4447 2369 4522 ἦν
2397 4451 2654 4521 ἀστέρας,
2690 4451 2829 4504 ἀλλὰ
2863 4450 3121 4523 χθαμαλι.
3153 4452 3251 4506 καὶ
3293 4453 3569 4523 πρόσγεια
3621 4452 3875 4524 λάμπων,

612 4540 878 4594 humilius
912 4550 968 4595 et
1017 4550 1176 4594 terrae
1223 4540 1458 4594 vicinius
1505 4538 1904 4608 resplenderet,
1949 4537 2088 4593 vado
2131 4546 2192 4592 ut

612 4633 851 4694 rideam,
880 4634 1142 4701 quidnam
1174 4633 1243 4688 sit
1290 4632 1444 4696 illud,
1475 4636 1621 4701 quod
1655 4640 2003 4701 apparuerat.
2051 4630 2191 4688 Cum

613 4732 797 4777 autem
833 4723 907 4776 l'ni
939 4739 1109 4792 prope
1141 4724 1292 4791 illum
1319 4722 1523 4785 locum,
1559 4722 1709 4775 illam
1734 4721 1953 4791 quidem
1981 4722 2192 4777 stellam

614 4812 805 4868 videre
849 4828 958 4867 non
991 4824 1259 4883 poteram,
1297 4812 1395 4868 sed
1443 4813 1618 4866 solum
1665 4828 1867 4882 corpus
1900 4813 2191 4878 monachi,

615 4905 760 4974 quod
798 4905 1018 4974 iacebat
1048 4920 1212 4975 super
1241 4912 1462 4957 terram.
1500 4903 1627 4958 Haec
1670 4919 1793 4957 rum
1825 4913 2111 4959 narrarent
2140 4912 2196 4959 et

616 4996 947 5050 mirarentur
970 4996 1193 5059 milites,
1226 4994 1447 5063 quidam
1470 5010 1536 5048 ex
1563 4995 1893 5050 Christianis
1928 4995 2190 5066 captivis,

616 5086 710 5157 qui
738 5088 1023 5143 exercitati
1058 5095 1219 5141 erant
1246 5087 1302 5141 in
1334 5087 1519 5155 lingua
1548 5085 1785 5151 Persica,
1815 5103 1920 5157 qua
1947 5096 2077 5141 tunc
2120 5087 2195 5140 illi

619 5178 767 5233 inter
795 5194 855 5233 se
887 5179 1201 5244 utebantur,
1246 5178 1639 5233 intellexerunt
1668 5194 1752 5237 ea.
1788 5195 1909 5245 quae
1938 5177 2199 5234 diceban-

619 5280 733 5324 tur.
773 5269 847 5322 Ex
881 5269 1078 5338 quibus
1107 5268 1216 5324 duo
1244 5270 1463 5339 quidam
1492 5269 1716 5326 relaxati
1751 5285 1781 5323 a
1806 5269 2052 5324 custodia
2079 5280 2203 5337 post

622 5363 1009 5430 interemptum
1045 5376 1227 5433 regem
1250 5362 1553 5427 Cbosroen,
1575 5376 1682 5416 una
1711 5376 1836 5417 cum
1863 5360 2049 5415 multis
2078 5360 2203 5415 aliis

622 5463 897 5512 venerunt
965 5455 1021 5509 in
1072 5465 1317 5511 sanctam
1363 5453 1680 5518 civitatem,
1741 5452 1942 5523 quibus
1981 5451 2202 5521 quidem

623 5558 855 5619 martyr,
888 5562 1013 5602 cum
1060 5562 1169 5602 una
1203 5562 1328 5602 cum
1363 5546 1444 5602 eis
1467 5545 1695 5601 essetin
1722 5559 1964 5608 carcere,
1992 5543 2059 5599 de
2104 5559 2202 5599 sua

2294 4542 2601 4612 πορεύομαι
2652 4542 2705 4596 τί
2762 4542 2882 4597 ποτ’
2909 4544 2978 4597 ἀν
3005 4544 3091 4615 εἴη
3143 4546 3205 4598 τὸ
3238 4545 3407 4614 φανὲν
3456 4547 3634 4599 ὲκεΐνο
3663 4545 3874 4616 μαθεῖν.

2307 4635 2395 4698 Ὧς
2421 4635 2476 4687 δὲ
2500 4635 2600 4706 ήδη
2627 4634 2854 4705 πλησίον
2886 4635 3154 4707 ἐγενόμην
3178 4634 3272 4689 τοῦ
3316 4637 3506 4701 τόπου,
3548 4638 3756 4708 ἀστέρα
3783 4638 3878 4707 μὲν

2294 4725 2504 4780 ἐκεῖνον
2547 4726 2649 4778 οὐκ
2695 4722 2842 4795 εἶχον
2896 4728 3052 4796 όρᾷν,
3089 4727 3248 4796 μόνον
3297 4728 3355 4781 δὲ
3387 4728 3447 4782 τὸ
3493 4726 3589 4781 τοῦ
3641 4728 3877 4798 μοναχοῦ

2296 4818 2456 4888 σῶμα
2486 4817 2736 4887 κείμενον
2763 4816 2852 4870 ἐπ’
2883 4817 3140 4887 ἐδάφους.
3173 4817 3361 4872 Ταῦτα
3388 4819 3498 4873 τῶν
3529 4820 3878 4890 στρατιωτῶν

2297 4911 2357 4964 ὲν
2387 4911 2639 4980 διηγήσει
2661 4906 2753 4962 καὶ
2793 4909 3037 4979 θαύματι
3091 4913 3459 4980 ποιουμένων,
3489 4912 3633 4975 τινὲς
3678 4912 3792 4966 τῶν
3824 4913 3880 4965 ἐν

2296 5002 2364 5070 τῇ
2388 5000 2606 5069 φυλακῇ
2639 5001 2985 5069 Χριστιανῶν
3043 5001 3432 5072 αἰχμαλώτων,
3497 5003 3599 5074 τὴν
3655 5004 3878 5076 Περσῶν

2302 5089 2612 5159 ἠσκημένοι
2662 5087 2951 5155 γλῶσσαν,
3000 5083 3035 5164 ἦ
3084 5092 3207 5143 τότε
3253 5091 3663 5162 κάκεῖνοιπρὺς
3712 5089 3875 5157 ἀλλή-

2300 5181 2424 5243 λους
2472 5179 2751 5250 ἐχρῶντο,
2796 5180 2908 5233 τῶν
2963 5182 3275 5250 λεγομένων
3329 5185 3602 5245 συνίεσαν,
3661 5176 3739 5237 ὧν
3789 5182 3881 5237 καὶ

2270 5316 2273 5321 .
2301 5273 2397 5326 δύο
2422 5275 2564 5335 τινὲς
2597 5272 2699 5341 τῆς
2727 5272 2976 5341 φυλακῆς
3008 5272 3294 5337 ἀνεθέντες
3331 5275 3469 5344 μετά
3515 5273 3614 5346 τὴν
3642 5273 3881 5348 Χοσρόου

2302 5363 2398 5418 τοῦ
2431 5363 2697 5432 βασιλέως
2729 5362 3033 5434 ἀναίρεσιν.
3069 5365 3167 5418 σὺν
3191 5364 3309 5433 ἃμα
3338 5365 3553 5429 πολλοῖς
3575 5367 3670 5420 καὶ
3706 5366 3884 5428 ἄλλοις

2303 5454 2404 5523 τὴν
2434 5452 2598 5519 ἁγίαν
2625 5452 2781 5504 πόλιν
2808 5451 3143 5506 κατέλαϐονο
3193 5448 3276 5518 οἷς
3313 5454 3489 5526 δήπου
3522 5456 3622 5511 καὶ
3649 5454 3827 5510 συνὼν
3855 5455 3885 5507 ὁ

2311 5544 2520 5616 μάρτυς
2551 5546 2609 5596 ὲν
2653 5542 2734 5614 τῷ
2755 5544 3156 5617 δεσμωτηρίῳ,
3188 5547 3316 5619 περί
3347 5565 3408 5601 τε
3438 5548 3538 5619 τῆς
3576 5549 3771 5605 ἑαυτοῦ
3798 5563 3885 5602 τεσ-

697 5684 773 5749 (9)
802 5681 1047 5753 Sergium
1071 5682 1125 5738 in
1151 5683 1505 5739 veneratione
1528 5698 1558 5736 a
1590 5680 1836 5739 Chosroc
1869 5681 2115 5737 habitum
2140 5691 2409 5737 memorat
2438 5681 2703 5736 Baronius
2735 5681 2805 5735 ob
2835 5682 3068 5804 plurima
3093 5683 3144 5737 in
3174 5684 3350 5755 ipsum
3380 5685 3574 5741 collata
3593 5685 3880 5744 beneﬁcia.

697 5752 810 5804 HO)
845 5751 1079 5804 Heraclii
1112 5755 1175 5804 Π
1215 5754 1430 5804 imnerii
1463 5767 1640 5804 annus
1676 5752 1777 5804 fuit
1818 5753 2024 5804 Chriin
2061 5754 2185 5804 (327.
2234 5763 2371 5804 teste
2412 5752 2642 5804 Baronio
2683 5762 2721 5804 t.
2767 5751 2826 5804 Vl
2860 5752 2878 5804 Ι
2915 5753 3108 5804 Annal.

697 5752 810 5821 (ιο)
845 5751 1079 5808 Heraclii
1112 5755 1175 5809 17
1214 5754 1430 5825 imperii
1463 5767 1640 5807 annus
1676 5752 1777 5806 fuit
1818 5753 2024 5808 Chriin
2061 5754 2185 5818 627,
2234 5763 2371 5808 teste
2412 5752 2642 5806 Baronio
2683 5762 2721 5807 t.
2767 5751 2826 5807 Vl

2860 5752 2878 5805 ἰ
2915 5753 3108 5808 Annal.
