4116 6404
416 287 526 353 813

1444 287 1618 345 rm.
1659 285 1722 346 s.
1751 273 2192 348 CLEMENTIS
2232 291 2621 352 uernam

3601 291 3710 354 8H

415 425 582 486 cyrre,
610 406 775 465 Lucio
802 410 1051 478 praeside,
1077 425 1271 479 passus
1298 416 1400 462 est.
1440 424 1457 457 ι
1493 405 1605 459 lmo
1633 405 1665 459 5
1689 405 2010 461 Novembris
2043 411 2089 466 Α
2122 408 2198 460 bit
2229 409 2394 463 multa
2426 410 2528 464 sibi
2574 411 2626 466 in
2665 410 2747 465 bis
2783 411 2934 466 Actis
2961 410 3250 483 displicere
3284 428 3296 463 :
3331 411 3423 466 sed
3460 427 3707 482 quaenam

415 518 631 572 passus.
693 500 989 572 Utriusque
1045 511 1237 557 caetera
1288 499 1651 554 meminerunt
1697 497 2007 553 Graecorum

415 595 741 666 Menologia,
773 592 1086 665 ,ilorologia
1124 604 1259 655 etc.,
1309 607 1429 661 qua:
1471 593 1718 660 sequitur
1760 592 2011 648 Molauus

415 691 469 746 in
501 690 672 746 addit.
704 691 771 743 ad
799 688 1104 744 Usuardum
1131 707 1144 744 :
1183 707 1202 740 ι
1227 688 1321 744 Die
1348 685 1601 742 vicesima
1634 685 2008 752 tertia,saucti

416 781 833 852 ltieromartyris
861 779 1159 836 Clementis
1186 783 1438 850 Ancyrae,
1469 787 1522 834 et
1547 777 1718 833 sancti
1753 779 2009 849 martyris

416 874 780 947 Agathaugeli
811 915 826 931 .
869 892 887 926 ›
921 875 1230 929 Romanum
1264 887 1478 944 quoque
1505 871 1957 944 Martyrologium
1992 889 2004 925 :

420 987 438 1019 ι
476 968 710 1037 Ancyra:
735 965 787 1019 in
817 964 1028 1020 Galatia
1054 965 1114 1020 S.
1143 963 1443 1020 Clementis
1483 964 1746 1033 episcopi,
1785 965 1876 1033 qui
1903 979 2008 1018 sa:-

412 1059 534 1130 pius
569 1058 868 1124 cruciatus,
911 1057 1130 1114 tandem
1171 1057 1274 1113 sui)
1312 1055 1652 1122 Diocletiano
1681 1056 2006 1128 martyrium

410 1149 833 1220 consummavit.
881 1149 1091 1206 ibidem
1139 1149 1200 1205 S.
1262 1148 1642 1219 Agatltangeli,
1677 1149 1792 1218 qui"
1817 1147 2006 1202 eodem

410 1245 500 1299 die
536 1244 640 1299 sub
690 1241 862 1298 Lucio
907 1243 1138 1314 praeside
1170 1257 1362 1312 passus
1398 1249 1504 1297 est.
1552 1259 1570 1293 ι
1616 1239 1692 1295 De
1731 1241 2008 1296 Clemente

414 1335 483 1388 ita
521 1333 834 1390 Galesinius
869 1347 882 1385 :
925 1351 945 1385 ς
986 1335 1218 1404 Ancyra:
1249 1332 1310 1388 S.
1340 1331 1638 1388 Clementis
1680 1333 1925 1403 episcopi
1955 1339 2010 1387 et

415 1426 694 1498 martyris,
734 1425 828 1494 qui
860 1423 1198 1480 Diocletiano
1227 1424 1554 1495 imperatore
1603 1423 1867 1478 inauditis
1905 1437 2006 1478 ex-

417 1517 693 1574 cruciatus
723 1515 1027 1587 suppliciis,
1055 1516 1232 1586 iisque
1253 1515 1442 1570 multis
1472 1529 1532 1571 ac
1563 1515 1756 1579 variis,
1788 1516 2007 1572 demum

349 1643 362 1654 ο
423 1625 544 1665 cum
577 1617 890 1665 constanter
928 1610 982 1665 in
1031 1608 1138 1665 [ide
1183 1609 1521 1679 persisteret,
1557 1610 1785 1679 praeciso
1828 1609 2008 1679 capite

420 1702 664 1773 martyrii
694 1716 956 1758 seruitum
977 1701 1210 1771 accepit.
1245 1720 1268 1753 ›

2123 497 2212 550 illa
2267 498 2410 564 sint,
2472 516 2576 556 neu
2631 503 2907 571 exprimit.
2968 500 3329 573 llyperbolica
3383 504 3711 572 quandoque

2121 588 2459 644 eruciatuum
2507 591 2726 647 auxesis
2778 592 2946 647 videri
2987 595 3190 664 possit,
3244 594 3348 649 nisi
3398 602 3452 650 et
3508 593 3709 649 diaboli

2121 677 2349 750 ejusque
2383 682 2684 739 satellitum
2717 685 2989 750 furorem,
3036 699 3091 742 et
3124 689 3242 754 Dei,
3275 703 3403 744 suos
3440 697 3712 759 martyres

2121 771 2519 838 conﬁrmantis,
2551 775 2804 830 virtutem
2832 780 3153 848 cegitemus.
3184 780 3369 850 Neque
3392 782 3711 836 existimare

2119 872 2332 932 oportet
2371 867 2557 920 omnia
2589 882 2713 937 quae
2759 881 3086 938 narrantur,
3121 874 3472 927 continenter
3507 871 3708 928 inﬂicta

2119 957 2326 1012 sanctis
2357 973 2481 1013 esse
2516 961 2817 1031 supplicia;
2872 964 2965 1018 sed
2999 974 3112 1020 toto
3151 981 3416 1020 annorum
3467 965 3532 1019 l8
3587 981 3714 1035 spa-

2115 1048 2214 1114 tio,
2254 1050 2462 1105 indulta
2488 1051 2740 1110 fortassis
2761 1055 3000 1124 plurium
3035 1070 3178 1122 smne
3206 1059 3472 1114 mensium
3504 1059 3707 1127 quiete.

2117 1140 2246 1195 dum
2300 1141 2422 1196 aliis
2462 1142 2620 1213 lieip.
2675 1147 2912 1216 negotiis
2962 1148 3223 1216 praesides
3270 1149 3706 1215 distinebantur;

2119 1246 2432 1302 quanquam
2490 1235 2542 1289 id
2597 1238 2782 1306 negari
2848 1237 3064 1293 videtur
3139 1240 3191 1293 in
3259 1239 3592 1307 Antltologio
3657 1249 3714 1292 et

2115 1323 2359 1382 Menaeis.
2395 1325 2460 1380 Et
2487 1327 2531 1382 si
2563 1329 2774 1398 singula
2805 1331 3228 1386 considerentur
3261 1339 3557 1398 tormenta,
3593 1331 3713 1384 nul-

2118 1416 2226 1472 lum
2261 1416 2375 1474 fere
2401 1433 2509 1474 non
2544 1420 2792 1490 pluribus
2839 1424 3173 1495 martyribus
3203 1424 3304 1480 sub
3351 1425 3545 1480 iisdem
3579 1425 3710 1480 Dio-

2116 1514 2352 1570 cletiano
2385 1524 2440 1571 et
2475 1515 2826 1584 Maximiano,
2864 1519 2915 1573 in
2953 1520 3144 1575 iisdem
3175 1520 3320 1576 Asiae
3351 1521 3599 1582 urbibus.
3637 1519 3708 1572 ir-

2118 1613 2360 1674 rogatum
2390 1624 2402 1659 :
2437 1620 2500 1661 ac
2531 1605 2824 1662 vincuntur
2854 1609 3113 1679 pleraque
3147 1610 3407 1664 moderna
3433 1607 3709 1680 Japouum

2115 1701 2380 1756 adversus
2443 1699 2787 1758 Christianos
2850 1701 3215 1758 immanitate.
3271 1702 3482 1758 Praeter
3537 1700 3706 1754 citata

487 1793 542 1849 6.
589 1791 654 1848 In
705 1793 1092 1849 Notationibns
1115 1833 1129 1859 ,
1157 1792 1615 1864 Cbristopboram
1655 1802 1713 1848 et
1751 1791 2008 1848 Cbarito-
2038 1785 2082 1841 B
2110 1786 2622 1861 Martyrologiorum
2673 1793 3023 1858 testimonia,
3066 1802 3246 1852 exstat
3278 1792 3499 1864 egregia
3537 1791 3710 1847 Acto-

410 1900 566 1954 nem,
593 1883 907 1941 Clementis.
936 1884 992 1939 in
1027 1884 1292 1954 martyrio
1337 1885 1594 1940 obeundo
1644 1884 1852 1946 socios.
1888 1899 2007 1940 me-

416 1984 596 2030 morat
622 1973 951 2033 Galesinius.
993 1972 1240 2039 'llenzea,
1275 1972 1640 2042 Menologium
1671 1974 1880 2032 Cattisii
1902 2015 1918 2040 ,
1953 1985 2008 2031 et

414 2067 734 2138 Cytheraeus
804 2065 1049 2121 referunt
1119 2065 1152 2120 9
1203 2064 1542 2134 Septembris
1589 2083 1608 2118 ι
1648 2065 1706 2121 S.
1749 2065 2006 2123 Charite-

409 2173 540 2212 .nem
576 2157 755 2228 gladio
810 2157 1074 2214 occisum.
1136 2175 1158 2208 ο
1195 2157 1300 2214 Sed
1347 2158 1493 2229 quod
1528 2174 1638 2214 non
1692 2159 1742 2214 ei
1784 2161 2005 2216 additus

415 2265 600 2306 comes
630 2249 1056 2320 Cltristophorus
1081 2290 1097 2317 ,
1131 2260 1186 2306 et
1215 2252 1268 2306 hi
1305 2252 1468 2307 autbo
1499 2251 1572 2307 2'5
1633 2251 1882 2308 Januarii
1913 2269 2007 2312 ou—

403 2341 740 2410 -cubuerint,
775 2341 941 2398 alium
990 2357 1194 2399 remur.
1244 2343 1504 2414 Eucarpii
1559 2359 1777 2416 quoque
1823 2346 2006 2416 plures

417 2429 590 2487 fuere.
630 2431 700 2487 At
735 2432 864 2487 nulli
897 2431 1161 2504 Pbengon
1184 2432 1455 2506 jungitur,
1489 2448 1599 2490 nec.
1625 2436 1752 2490 ullis
1780 2437 1834 2492 in
1867 2437 2003 2493 lla-ro

417 2524 700 2596 tyrologiis
752 2539 943 2581 eorum
987 2525 1295 2596 reperimus
1330 2527 1398 2583 ad
1435 2527 1465 2582 7
1501 2526 1860 2598 Septembris,
1897 2547 2006 2606 quo

415 2618 680 2689 perempti
725 2617 915 2687 fuere,
962 2620 1229 2690 inscripta
1279 2622 1524 2680 nomina.
1576 2622 1780 2678 Eorum
1831 2637 2008 2680 certa-

418 2711 562 2763 mina
587 2750 606 2777 ,
637 2709 979 2783 aliorumque
1013 2721 1122 2766 tam
1157 2711 1574 2786 Aneyraaorum
1605 2730 1768 2788 quam
1805 2715 2007 2773 Roma-

409 2817 610 2858 norum
632 2843 648 2872 ,
677 2802 730 2857 in
766 2803 918 2860 Actis
950 2803 1008 2858 S.
1040 2802 1338 2862 Clementis
1358 2845 1374 2871 ,
1405 2806 1499 2878 qui
1535 2820 1633 2864 eos
1656 2807 1877 2866 Christo
1911 2826 2008 2881 ge-

418 2906 635 2961 nuerat,
673 2896 1046 2964 continentur,
1081 2898 1537 2972 celebranturque
1563 2915 1592 2955 a
1621 2901 1873 2972 plurimis
1903 2905 2012 2962 hoc

416 2987 505 3044 die
533 3003 760 3056 omnes;
790 2997 842 3046 et
865 2989 1123 3062 pleraque
1148 2992 1368 3048 nomina
1401 2992 1554 3050 Actis
1581 2992 1813 3065 praeﬁgit
1843 2994 2011 3051 Joan-

417 3095 518 3136 nes
553 3080 790 3140 Basilius
822 3080 1170 3142 Sanctorius.

613 3215 672 3290 §.
715 3217 780 3274 ll.
822 3219 957 3274 Acte
997 3219 1061 3277 S.
1106 3220 1391 3278 Clementis
1431 3230 1479 3278 et
1512 3222 1846 3294 sociorum.)
1937 3229 1940 3232 ’

487 3349 541 3406 7.
583 3349 696 3408 Res
744 3368 776 3409 a
823 3351 1104 3411 Clemente
1145 3364 1204 3410 et
1232 3355 1607 3428 Agatbangelo
1655 3357 1914 3429 praeclare
1946 3372 2011 3414 ac

413 3443 632 3501 fortiter
661 3456 869 3518 gestas,
891 3447 1051 3503 solita
1084 3448 1334 3506 facundia
1359 3453 1666 3521 composuit
1691 3451 2006 3525 Metapltra-

413 3548 552 3604 stes,
584 3553 651 3594 ex
680 3539 921 3611 antiquis
949 3541 1174 3598 haustas
1208 3545 1606 3600 monumentis.
1650 3543 1786 3601 Eum
1839 3545 2008 3604 Meta-

405 3634 656 3701 phrasta:
680 3633 1157 3703 commentarium,
1189 3649 1222 3690 a
1251 3634 1522 3691 Gentiano
1550 3635 1788 3694 Herveto
1811 3638 2009 3698 Latine

415 3740 635 3782 versum
660 3766 674 3791 ,
705 3723 1042 3798 Lipomanus
1071 3737 1127 3783 et
1158 3726 1352 3784 Surius
1385 3729 1708 3800 vulgarunt;
1752 3740 1919 3803 atque
1950 3734 2008 3788 in

411 3819 691 3888 epitomen
726 3819 1005 3876 redactum
1028 3859 1046 3889 ,
1074 3819 1397 3892 Lippelous,
1425 3819 1785 3878 Ribadeueira
1805 3865 1824 3892 ,
1863 3824 2007 3880 San-

417 3909 650 3978 ctorius,
673 3909 894 3967 Gabriel
923 3910 1193 3980 Flamma,
1222 3912 1611 3980 Marebautius,
1641 3915 2005 3988 .Rosweydus,

426 3999 625 4074 aliique
672 4001 947 4064 Baronius
984 4005 1042 4064 in
1070 4004 1257 4066 Notat.
1279 4006 1346 4064 ad
1391 4007 1834 4081 Martyrologium
1870 4011 2007 4068 scri-

2112 1897 2230 1937 rum
2294 1884 2534 1952 epitotne
2598 1885 2652 1940 iu
2724 1886 3052 1958 Antbologio
3108 1885 3426 1942 Graecorum
3491 1901 3522 1940 a
3579 1885 3708 1940 Cle-

2113 1981 2294 2027 mente
2323 1971 2436 2029 νηί
2471 1977 2802 2046 approbato,
2837 1978 3064 2034 Mensis
3101 1992 3318 2048 quoque
3339 2018 3355 2046 ,
3400 1985 3456 2034 et
3480 1976 3702 2032 Maximi

2111 2061 2382 2134 Cytheraei
2417 2065 2574 2124 Vitis.

2183 2159 2239 2214 8.
2277 2158 2620 2228 Nicephorus
2646 2159 2909 2216 Callistus
2955 2174 3172 2230 quoque
3221 2161 3322 2218 hoc
3357 2176 3453 2218 eos
3501 2159 3703 2217 illustri

2111 2249 2366 2304 euenmio
2416 2247 2716 2304 celebravit
2753 2250 2844 2305 lib.
2886 2266 2958 2305 vn
3000 2249 3143 2306 Hist.
3181 2249 3388 2307 Eccles.
3428 2265 3552 2320 cap.
3586 2250 3699 2306 Mt

2117 2355 2136 2390 ι
2180 2337 2296 2394 lloe
2349 2339 2468 2408 ipso
2514 2353 2662 2394 anno
2714 2340 2967 2398 Clemens
3004 2342 3328 2414 Ancyranus
3376 2343 3702 2412 episcopus,

2111 2445 2236 2484 eum
2253 2431 2626 2502 Agatltangelo
2655 2432 3059 2489 nobilissimum
3089 2437 3415 2506 martyrium
3445 2444 3706 2497 estexer-

2112 2537 2224 2578 sus.
2268 2525 2468 2594 Viginti
2515 2535 2638 2580 octo
2671 2541 2907 2594 namque
2945 2527 3104 2582 annis
3131 2542 3231 2598 pro
3260 2527 3482 2584 Christo
3513 2530 3704 2600 splen-

2113 2617 2453 2673 didissimum
2496 2611 2729 2674 absdlvit
2771 2635 3015 2676 cursum.
3074 2617 3354 2690 Siquidem
3390 2632 3511 2692 post
3545 2637 3704 2694 mun-

2113 2708 2243 2764 dum
2298 2709 2576 2764 conditum
2630 2711 2944 2781 quicunque
2997 2725 3094 2780 pro
3146 2710 3366 2768 Christo
3422 2721 3703 2768 certamen

2113 2801 2258 2871 igne,
2297 2799 2470 2866 ferro,
2502 2800 2799 2871 lapidibus,
2837 2803 2998 2872 lignis
3029 2803 3320 2870 obierunt,
3367 2804 3533 2874 quive
3579 2821 3702 2861 cum

2113 2891 2303 2948 bestiis
2351 2893 2770 2964 depugnatum,
2809 2906 2866 2950 et
2920 2897 3192 2952 diuturnis
3246 2896 3479 2952 vinculis
3515 2895 3704 2953 amicti

2113 2993 2278 3050 sunt;
2311 2993 2572 3054 praeter-ea
2601 2988 2694 3057 qui
2719 2987 2948 3043 diversis
2982 2987 3159 3043 modis
3189 2989 3243 3042 in
3269 2996 3438 3057 terra,
3471 2991 3524 3044 in
3554 3005 3704 3054 aere,

2116 3080 2171 3132 in
2207 3078 2383 3149 aquis,
2407 3095 2528 3134 cum
2560 3081 2843 3151 suppliciis
2875 3090 3003 3136 sunt
3031 3080 3310 3136 colluctati
3337 3098 3351 3148 ;
3379 3091 3491 3137 tum
3521 3093 3705 3138 autent

2116 3174 2209 3243 qui
2262 3174 2350 3246 vel,
2393 3172 2593 3250 frigore
2615 3213 2630 3241 ,
2665 3174 2748 3230 vel
2796 3174 2979 3232 calore
3007 3173 3178 3233 nimio
3215 3184 3342 3232 sunt
3371 3175 3703 3248 consumpti,

2116 3275 2210 3324 aut
2253 3269 2347 3337 qui
2383 3269 2507 3323 aliis
2537 3269 2954 3340 quibuscunque
2989 3271 3166 3341 paruis
3196 3281 3252 3326 et
3285 3263 3572 3326 tormentis
3622 3271 3706 3326 vi-

2120 3369 2228 3413 tam
2285 3361 2595 3417 amiserunt
2629 3378 2644 3415 :
2675 3375 2770 3418 eos
2799 3375 3014 3427 omnes,
3047 3377 3167 3418 meo
3204 3362 3424 3432 quidem
3469 3361 3702 3434 judicio,

2116 3459 2342 3506 sanctus
2375 3451 2464 3505 ille
2493 3448 2782 3517 Clemens,
2827 3459 2885 3506 et
2925 3465 3048 3507 cum
3099 3450 3218 3521 ipso
3261 3453 3704 3525 Agatltangelus,

2117 3540 2275 3610 longe
2322 3543 2600 3612 superavit
2644 3559 2658 3596 :
2697 3543 2934 3612 primum
2971 3543 3191 3612 quidem
3249 3545 3460 3614 Romae,
3509 3546 3707 3603 deinde

2115 3633 2474 3700 Nicomediae;
2513 3649 2636 3690 cum
2687 3633 2907 3692 feritate
2940 3644 2996 3692 et
3035 3637 3358 3694 crudelitate
3405 3638 3529 3696 aliis
3561 3656 3706 3711 prae-

2114 3736 2324 3785 stantes
2351 3735 2610 3792 tortores,
2639 3727 2720 3784 eis
2744 3728 3144 3798 excruciandis,
3177 3731 3324 3787 vices
3355 3747 3451 3802 per
3483 3748 3706 3790 succes-

2105 3823 2325 3880 sionem
2356 3832 2658 3890 mutantes,
2711 3825 2778 3880 ab
2818 3823 2967 3878 omni
2995 3825 3108 3894 jam
3147 3833 3542 3882 tormentorum
3579 3843 3705 3897 spc-

2114 3915 2199 3972 cie
2247 3916 2679 3974 destituerentur
2731 3935 2745 3973 :
2785 3913 2854 3970 ad
2905 3925 3244 3986 postremum
3294 3927 3476 3972 autem
3525 3917 3706 3989 gladio

2115 4008 2364 4081 percussi
2396 4009 2562 4066 vitam
2593 4009 2737 4068 hanc
2765 4010 3061 4070 immortali
3088 4009 3180 4067 illa
3209 4020 3638 4070 commutarunt.
3678 4031 3696 4064 ι
