4116 6438
521 468 624 532 817

1533 463 1711 525 VITA
1745 461 1807 522 S.
1849 456 2281 521 CLEMENTIS
2319 455 2726 518 ANCYRANI.

3674 449 3781 517 8l8

520 577 694 651 αὐτῷ.
725 539 818 634 καὶ
835 575 1021 650 πατὴρ
1049 576 1142 631 καὶ
1158 573 1504 645 παιδαγωγὸς
1537 574 1631 629 καὶ
1664 574 1871 645 μήτηρ.
1901 571 2101 645 Πρῶτα

2217 568 2408 634 )mnia,
2449 577 2504 623 et
2537 575 2717 638 pater,
2740 571 2794 622 et
2821 561 3237 636 paedagogus.'et
3273 568 3463 618 mater.
3495 559 3630 614 Nam
3669 560 3786 630 pri-

524 671 624 744 μέν
655 670 763 740 γάρ
793 667 1070 739 ἐπιμελῶς
1095 666 1314 739 ἔτρεφε,
1341 667 1437 721 καὶ
1463 665 1534 720 τά
1557 666 1811 737 μητέρων
1839 665 1926 718 ἐπ’
1950 662 2101 734 αὐτῷ

521 762 717 816 ἐποίειο
749 759 850 832 ῆδη
879 759 936 813 δὲ
967 760 1064 814 καὶ
1117 759 1335 830 ἡλικίας
1377 757 1680 829 ἁψάμενον,
1710 757 1778 828 ῆν
1804 756 1855 810 οἱ
1909 755 2102 819 παῖδες

524 853 868 924 μαθημάτων
897 852 1084 924 ἔχουσι
1125 850 1407 922 δεκτικὴν,
1460 851 1552 904 τὸν
1581 850 1741 920 ὀρθὸν
1768 849 1918 921 αὐτῷ
1942 849 2102 918 λόγον

519 945 623 1016 τῆς
645 942 905 1015 ἀληθείας
937 942 1278 1015 εὐφρονοῦσα
1315 942 1900 1014 ὑπέτεινε,1(λήμεντα
1921 942 2103 1007 καλῶς

521 1035 857 1107 ὀνομάσασα,
899 1035 1100 1106 μᾶλλον
1146 1034 1205 1088 δέ
1251 1033 1610 1106 προφητικῶς
1641 1033 1862 1088 καὶτοῦ
1916 1033 2103 1098 τέλους

523 1128 688 1193 ἀξίως
707 1145 722 1160 ·
751 1129 870 1200 ᾔδει
903 1128 1010 1198 γὰρ
1033 1127 1196 1182 αὐτὸν
1218 1127 1381 1182 οίονεί
1415 1143 1468 1214 τι
1501 1127 1684 1196 κλῆμα
1714 1127 1952 1198 Χριστοῦ
2002 1126 2105 1194 τῆς

523 1216 786 1287 ἀληθινῆς
828 1217 1075 1287 ἀμπέλου
1110 1218 1387 1288 ἐσόμενον,
1422 1217 1517 1270 καλ⁵
1554 1215 1755 1280 πολλὰς
1791 1215 1940 1287 αὐτῷ
1977 1218 2106 1287 μέλ-

521 1307 686 1360 λοντα
725 1309 1148 1378 καρποφορῆσαι
1181 1309 1381 1380 ψυχὰς,
1417 1309 1467 1362 εί
1495 1309 1586 1362 καὶ
1622 1308 1811 1362 πολλοὶ
1835 1307 2101 1379 βασιλεῖς,

524 1397 774 1468 καθάπερ
830 1397 975 1461 τινὲς
1008 1399 1109 1453 οὐκ
1145 1399 1341 1468 ἀγαθοὶ
1395 1401 1652 1473 γεωργοὶ,
1689 1401 1910 1466 πολλαῖς
1941 1402 2105 1455 αὑτὸν

528 1491 622 1543 καὶ
679 1487 942 1554 πολλάκις
988 1493 1110 1556 ταῖς
1139 1490 1432 1563 τιμωρίαις
1477 1492 1807 1564 κατέκειραν
1828 1535 1842 1562 ,
1871 1492 1947 1558 ὡς
1976 1493 2105 1565 ἐξῆς

535 1579 732 1653 προῖὼν
761 1581 790 1636 6
821 1580 980 1650 λόγος
1006 1582 1260 1654 δηλώσει.

595 1798 670 1850 Δθ.
695 1795 789 1849 Ἐν
832 1795 1044 1877 τούτοις
1089 1796 1243 1860 ὄντος
1280 1795 1374 1850 τοῦ
1411 1795 1752 1866 Κλήμεντος,
1788 1798 1884 1850 καὶ
1931 1798 2104 1862 οὕτως

2205 677 2352 718 mum
2396 659 2614 730 quidem
2651 672 2774 714 eum
2817 656 3060 713 studiose
3085 656 3286 722 alebat,
3335 665 3389 709 et
3433 667 3495 709 ea
3527 651 3781 716 faciebat,

2205 770 2324 824 qua:
2353 769 2453 824 par
2479 762 2564 809 est
2597 760 2826 807 matrem
2855 749 2986 808 tilio.
3017 747 3151 806 Cum
3192 757 3374 802 autem
3399 745 3509 816 jam
3547 746 3615 799 ad
3656 759 3778 800 eam

2204 846 2546 917 pervenisset
2581 852 2818 908 atatem,
2859 845 2912 899 in
2945 857 3051 914 qua
3080 851 3208 897 sunt
3234 840 3386 912 pueri
3417 853 3644 910 capaces
3671 836 3780 893 dis-

2205 937 2528 1009 ciplinarum
2555 976 2572 1004 ,
2619 937 2668 992 ei
2712 945 2914 992 rectam
2943 935 3162 1005 pietatis
3197 933 3463 987 rationem
3513 942 3659 987 recte
3691 943 3783 983 sa-

2207 1033 2364 1102 piens
2394 1030 2696 1102 suggessit,
2729 1037 2790 1084 ut
2819 1043 2938 1098 qua:
2965 1043 3088 1083 eum
3124 1033 3272 1082 recte
3313 1024 3663 1085 Clementem.
3687 1037 3786 1077 no-

2205 1123 2519 1187 minaverit,
2557 1121 2640 1178 vel
2667 1122 2846 1192 potius
2875 1120 3211 1191 prophetico,
3246 1127 3302 1173 et
3346 1117 3424 1171 uti
3454 1116 3547 1172 tiui
3586 1129 3786 1171 conve-

2208 1215 2408 1270 niebat.
2443 1213 2662 1269 Sciebat
2691 1212 2837 1268 enim
2872 1225 2996 1266 eum
3028 1209 3270 1264 futurum
3301 1207 3463 1263 veluti
3497 1207 3783 1276 quemdam

2208 1308 2486 1379 palmitem
2511 1305 2587 1377 (2)
2615 1320 2759 1362 vera:
2782 1304 2988 1362 Christi
3014 1304 3205 1367 vineae,
3240 1311 3294 1357 et
3319 1302 3368 1357 ei
3393 1301 3784 1372 producturum

2207 1413 2330 1454 esse
2371 1397 2606 1453 fructum
2657 1397 2948 1453 multarum
2983 1397 3326 1460 animarum;
3374 1395 3588 1450 etiamsi
3634 1393 3786 1447 muhi

2209 1505 2364 1561 reges
2383 1530 2398 1556 ,
2427 1491 2594 1545 veluti
2625 1491 2846 1560 quidam
2877 1505 2985 1545 non
3015 1490 3140 1546 boni
3170 1488 3420 1560 agricolae
3440 1529 3455 1553 ,
3487 1503 3610 1543 eum
3643 1501 3786 1553 sape

2209 1580 2394 1636 multis
2422 1580 2761 1636 totonderint
2783 1579 3082 1650 suppliciis.
3113 1589 3170 1634 ut
3201 1578 3456 1650 deinceps
3481 1577 3783 1649 procedens

2158 1681 2175 1696 '
2209 1671 2508 1728 declarabit
2536 1671 2732 1728 oratio.

2277 1813 2368 1870 ιν.
2404 1813 2538 1870 Cum
2571 1815 2647 1870 ita
2679 1828 2738 1870 se
2768 1814 2989 1870 haberet
3023 1814 3304 1880 Clemens,
3335 1824 3389 1872 et
3419 1831 3449 1870 a
3493 1823 3665 1870 matre
3690 1815 3787 1870 be-

529 1887 634 1942 ὐπὺ
668 1889 835 1960 μητρὶ
863 1889 1203 1962 φιλοστόργῳ
1257 1889 1593 1960 τρεφομένου
1630 1889 1812 1952 καλῶς
1874 1891 1969 1943 καὶ
2013 1891 2106 1945 ἀν-

2217 1906 2400 1962 nevola
2431 1914 2537 1960 tam
2565 1906 2789 1977 pulchre
2815 1906 3052 1962 aleretur
3081 1916 3242 1976 atque
3265 1907 3614 1973 educaretur,
3658 1922 3782 1976 pro-

529 1981 830 2050 αγομένου,
883 1982 1210 2051 ἐγγίζουσαν
1237 1983 1420 2054 ἐκείνη
1453 1982 1854 2053 προαισθομένη
1890 1983 1989 2052 τὴν
2019 1999 2107 2036 τε-

528 2073 749 2145 λευτὴν,
801 2073 894 2128 τὸν
929 2074 1102 2128 παῖδα
1135 2074 1426 2146 προσηνῶς
1479 2075 1574 2128 καὶ
1604 2074 1843 2144 γνησίως
1876 2075 2106 2145 περισα-

529 2162 718 2228 λοῦσα,
759 2163 912 2219 οὔπω
961 2165 1262 2221 δωδέκατον
1304 2164 1580 2220 ἀνύσαντα
1626 2164 1768 2228 ἐτος,
1812 2165 1875 2218 οὐ
1906 2165 2110 2235 μᾶλλον

528 2256 776 2328 διάδοχον
829 2255 924 2311 τοῦ
958 2257 1163 2311 οἰκείου
1203 2257 1459 2320 πλούτου,
1495 2256 1621 2311 ὅσον
1650 2256 1714 2327 δὴ
1767 2255 2108 2326 κληρονόμον

530 2347 696 2402 αὑτὸν
729 2347 838 2403 τῶν
883 2352 941 2403 ἐν
970 2348 1222 2418 οὐρανοῖς
1282 2348 1576 2420 θησαυρῶν
1628 2347 1857 2402 ἔσπευδε
1911 2348 2109 2411 ποιεῖν,

533 2439 758 2494 τοιαῦτα
788 2438 924 2509 μετά
971 2440 1326 2508 γλυκυτάτων
1354 2439 1661 2510 ἀσπασμῶν
1694 2437 1842 2509 αὐτῷ
1877 2441 2112 2512 ἐπισκή-

533 2549 762 2586 πτουσαι
797 2533 996 2587 Τέκνον
1027 2532 1182 2603 ἐμὸν,
1209 2532 1402 2605 τέκνον
1433 2531 1711 2602 φίλτατον,
1733 2529 1945 2597 τέκνον,
1981 2530 2112 2602 πρὶν

536 2625 639 2694 μέν
673 2625 803 2679 ίδεῖν
854 2625 946 2680 τὸν
1000 2624 1091 2679 σὺν
1135 2625 1346 2696 πατέρα
1406 2626 1670 2697 ὀρφανίαν
1720 2621 1850 2689 ίὸδν,
1892 2620 2026 2681 Θεὸν
2055 2625 2112 2679 δέ

535 2717 755 2787 Πατέρα
782 2716 1089 2788 πλουτῆσαν
1111 2718 1204 2772 καὶ
1226 2720 1307 2784 είς
1339 2720 1590 2792 εὐτυχίαν
1615 2725 1680 2795 τῇ
1708 2723 1945 2797 ὀρφανίᾳ
1973 2742 2111 2797 χρη-

536 2809 807 2880 σάμενονο
853 2810 964 2880 ἐγὼ
997 2810 1094 2882 μέν
1129 2829 1188 2866 σε
1239 2814 1558 2884 προήγαγον
1599 2816 1837 2885 σώματι,
1870 2817 2109 2888 Χριστὸς

531 2903 593 2958 δέ
609 2903 698 2957 διὰ
731 2904 1051 2974 Πνεῦματος
1095 2905 1459 2976 ἀπεγέννησε.
1512 2906 1688 2960 Γνῶθι
1721 2907 1816 2962 τόν
1869 2924 1964 2962 σου
2000 2925 2110 2962 πα-

533 2995 693 3065 τέρα,
728 2995 803 3066 μὴ
833 2993 1012 3069 ψεύσῃ
1040 2996 1100 3048 τὸ
1126 2995 1220 3048 τοῦ
1255 2995 1372 3050 υἱοῦ
1397 2997 1596 3068 δνομω
1631 2998 1854 3069 Χριστῷ
1879 2999 2110 3071 λάτρευε

538 3086 708 3158 μόνῳ,
730 3087 952 3158 Χριστῷ
1003 3086 1281 3152 πεποιθὼς
1305 3087 1398 3142 ἔσο
1418 3105 1436 3122 ο
1472 3084 1628 3155 οὗτος
1660 3090 1879 3162 ἀληθῶς
1907 3093 1941 3164 ή
1977 3091 2113 3146 ἀθα-

532 3181 716 3247 νασία,
745 3176 899 3246 οὗτος
931 3182 964 3252 ὴ
1004 3181 1270 3255 σωτηρία,
1317 3177 1472 3247 οὗτος
1500 3185 1529 3238 6
1566 3184 1634 3238 δι’
1665 3185 1813 3256 ἡμᾶς
1857 3185 1915 3253 ἐξ
1944 3187 2114 3257 οὐρα-

2211 1999 2475 2070 pinquum
2513 1997 2602 2054 illa
2635 1998 2878 2055 sentiens
2911 1997 3230 2063 decessum,
3271 2014 3499 2067 puerum
3555 1999 3790 2069 benigne

2212 2098 2266 2143 et
2317 2096 2567 2144 amanter
2603 2087 2882 2159 complexa
2909 2127 2926 2152 ,
2986 2088 3079 2159 qui
3126 2088 3503 2143 duodecimum
3549 2087 3788 2142 nondum

2213 2191 2413 2230 annum
2446 2178 2832 2250 compleverat,
2877 2193 2984 2234 non
3015 2179 3186 2251 magis
3212 2193 3334 2234 eum
3366 2194 3583 2234 suarum
3622 2179 3792 2235 facul-

2217 2276 2417 2334 totum,
2450 2283 2612 2339 quam
2655 2269 2892 2325 thesauri
2950 2270 3039 2340 qui
3087 2279 3167 2327 est
3205 2271 3263 2326 in
3295 2272 3484 2337 cmlis,
3518 2271 3787 2327 hmredem

2213 2359 2509 2414 conabatur
2540 2359 2743 2426 facere,
2777 2361 2890 2417 haec
2922 2375 3044 2417 eum
3076 2362 3418 2418 suavissimis
3444 2365 3492 2418 ei
3527 2363 3792 2419 mandans

2213 2451 2588 2522 amplexibus:
2618 2451 2719 2508 Fili
2752 2455 2848 2520 mi,
2888 2453 2960 2508 fili
2995 2454 3344 2521 citatissime,
3389 2455 3485 2521 illi,
3523 2455 3613 2526 qui
3643 2457 3794 2526 prius

2213 2558 2377 2614 quam
2426 2554 2575 2601 tuum
2609 2547 2824 2615 videres
2853 2557 3060 2616 patrem
3084 2589 3100 2616 ,
3127 2548 3311 2606 vidisti
3336 2549 3649 2616 orbitatem,
3695 2549 3793 2604 Dei

2213 2645 2397 2692 autem
2424 2635 2604 2694 Patris
2626 2639 2817 2710 opibus
2839 2655 2899 2696 es
2923 2640 3300 2712 locupletatus,
3326 2651 3381 2697 et
3405 2642 3635 2698 orbitate
3662 2659 3792 2698 usus

2213 2743 2274 2785 es
2305 2730 2371 2785 ad
2421 2730 2771 2799 felicitatem;
2804 2747 2906 2804 ego
2933 2733 3148 2801 quidem
3178 2740 3232 2788 te
3269 2733 3497 2804 produxi
3538 2748 3788 2804 corpore,

2215 2816 2464 2872 Christus
2490 2830 2673 2875 autem
2702 2820 3045 2890 regeneravit
3076 2836 3173 2890 per
3196 2821 3479 2893 Spiritum.
3513 2821 3792 2894 Cognosce

2218 2920 2368 2964 tuum
2404 2921 2634 2981 patrem,
2667 2914 2788 2968 vide
2816 2929 2884 2970 ne
2909 2914 3028 2982 ejus
3058 2914 3150 2970 ﬁlii
3193 2917 3565 2973 d‘enominatio
3595 2919 3663 2972 sit
3694 2920 3792 2973 tibi

2217 2999 2356 3057 falso
2388 3002 2663 3071 imposita.
2689 3002 2844 3060 Servi
2871 3005 2972 3060 soli
2993 3005 3234 3071 Christo,
3265 3006 3319 3060 in
3348 3006 3620 3062 Christum
3647 3017 3793 3064 tuam

2218 3089 2420 3146 colloca
2451 3091 2721 3147 fiduciam.
2757 3094 2811 3151 is
2841 3109 2966 3150 vere
3001 3105 3080 3151 est
3112 3094 3515 3164 immortalitas,
3548 3097 3592 3154 is
3628 3099 3794 3163 salus,

2219 3182 2267 3236 is
2297 3183 2389 3252 qui
2425 3185 2492 3239 de
2521 3185 2660 3240 caelo
2691 3186 2975 3242 descendit
3021 3194 3245 3258 propter
3273 3203 3393 3254 nos,
3433 3199 3489 3244 et
3524 3204 3621 3246 nos
3661 3206 3799 3259 quu-

533 3273 628 3328 νοῦ
681 3273 956 3330 κατελθὼν
1017 3276 1113 3330 καὶ
1145 3276 1539 3346 συνανυψώσας
1590 3279 1772 3350 ἐαυτῷ
1803 3282 1897 3336 καὶ
1937 3282 2112 3352 ἡμᾶς,

2223 3284 2328 3344 que
2362 3289 2467 3329 una
2509 3289 2691 3331 secum
2723 3276 2777 3333 in
2809 3277 2976 3332 altum
3009 3278 3223 3345 extulit,
3255 3286 3310 3335 et
3345 3279 3482 3334 ﬂlios
3513 3295 3642 3337 suos
3671 3281 3799 3337 eﬂ'e-

531 3364 627 3418 καὶ
656 3364 806 3429 υἱοὺς
831 3363 996 3418 αὑτοῦ
1027 3366 1124 3420 καὶ
1159 3365 1317 3430 θεοὺς
1338 3369 1737 3440 ἐργασάμενος.
1763 3371 1829 3424 ’0
1853 3388 1915 3440 γε
1934 3371 2117 3428 τοίνυν

535 3454 643 3507 ὑπὸ
664 3455 841 3524 τούτῳ
873 3457 1119 3529 Δεσπότῃ
1151 3457 1504 3527 ταττόμενος,
1567 3460 1788 3515 πάντων
1818 3463 2111 3534 περιέσται

530 3546 644 3600 τῶν
672 3546 944 3616 χαλεπῶν,
989 3548 1052 3602 οὐ
1086 3549 1212 3612 τοὺς
1263 3549 1458 3604 εἴδωλα
1489 3549 1652 3620 μόνον
1691 3552 1972 3620 τιμῶντας
2021 3568 2117 3606 τυ-

537 3641 766 3712 ράννους
804 3643 899 3696 καὶ
932 3641 1170 3713 βασιλεῖς
1205 3643 1585 3706 καταϐάλλων,
1617 3643 1755 3698 ἀλλά
1788 3645 1882 3698 καὶ
1915 3645 2116 3710 αὐτοὺς

535 3732 664 3794 τοὺς
719 3731 812 3786 ὑπ’
877 3733 1057 3786 αὐτῶν
1110 3733 1456 3804 τιμωμένους
1502 3733 1766 3804 δαίμονας
1816 3733 2117 3806 καταισχύ-

537 3839 678 3890 νων,
712 3823 806 3877 καὶ
838 3824 929 3879 τὸν
958 3825 1201 3898 ἀρχηγὸν
1231 3826 1413 3880 αὐτῶν
1448 3826 1543 3880 καὶ
1578 3826 1891 3896 προστάτην
1937 3826 2119 3882 διάϐο-

542 3928 648 3968 λον.

605 4027 681 4082 E'.
701 4021 844 4082 Εἶτα
861 4025 1068 4098 μεταξὺ
1087 4027 1194 4081 τῶν
1221 4027 1398 4097 λόγων
1422 4026 1836 4098 ὕποπλησθεῖσα
1862 4027 2117 4100 δακρύων

537 4120 663 4182 τοὺς
693 4119 1008 4190 ὀφθαλμοὺς
1039 4121 1134 4174 καὶ
1168 4120 1403 4192 θεωρίας
1433 4119 1585 4183 θείας
1616 4120 1720 4174 ὑπὸ
1756 4121 1856 4192 τῆς
1894 4121 2118 4193 χάριτος

537 4211 910 4282 πληρωθεῖσα,
929 4212 1027 4265 καὶ
1054 4212 1123 4265 τὰ
1145 4212 1412 4281 μέλλοντα
1444 4228 1507 4264 συ
1515 4211 1718 4281 μὸῆναι
1739 4211 1818 4282 τῷ
1836 4213 1952 4284 Κλὴ
1963 4230 2118 4283 μεντι

538 4302 1003 4375 πῳφητικώτατα
1035 4302 1259 4374 διεξῄει,
1323 4304 1441 4369 καὶ,
1495 4303 1698 4374 Δέομαί
1756 4321 1849 4358 σου
1873 4346 1889 4372 ,
1940 4305 2116 4374 ἔλεγε,

540 4396 764 4466 φίλτατε
796 4399 917 4464 παῖ,
947 4395 1138 4466 δέομαί
1187 4413 1283 4450 σου
1316 4397 1447 4466 μίαν
1485 4397 1607 4451 ἀντὶ
1663 4397 1884 4452 πάντων
1931 4396 2118 4452 δοῦναί

543 4505 636 4558 μοι
663 4489 822 4561 χάριν
843 4506 856 4520 ·
887 4488 1012 4542 ἐπεὶ
1039 4487 1148 4558 γάρ
1179 4488 1371 4559 καιρὸς
1399 4488 1671 4560 ἐφέστηκε
1719 4488 1985 4561 χαλεπὸς,
2024 4491 2120 4544 καὶ

2219 3363 2318 3432 cit,
2351 3373 2408 3421 et
2433 3363 2584 3422 deos.
2619 3363 2722 3433 Qui
2750 3381 2880 3437 ergo
2909 3367 3037 3424 huic
3070 3377 3222 3438 paret
3250 3367 3498 3432 Domino,
3524 3367 3800 3441 superabit

2221 3469 2559 3527 quaecunque
2579 3466 2707 3513 sunt
2733 3455 2992 3526 ditiicilia,
3027 3473 3132 3514 non
3158 3458 3356 3524 solum,
3385 3459 3474 3529 qui
3510 3460 3799 3517 simulacra

2220 3546 2511 3616 honorant,
2544 3557 2805 3622 tyrannos
2827 3560 2882 3607 et
2904 3566 3059 3622 reges
3087 3551 3400 3623 deprimens
3431 3563 3485 3608 et
3513 3554 3797 3625 dejiciens,

2219 3641 2315 3694 sed
2355 3655 2448 3696 eos
2500 3642 2664 3696 etiam
2708 3643 2801 3713 qui
2835 3642 2904 3698 ab
2944 3642 3076 3712 ipsis
3126 3644 3491 3708 honorantur,
3527 3646 3800 3702 damones

2222 3730 2428 3800 pudore
2447 3732 2724 3799 alliciens,
2749 3748 3048 3805 eorumque
3077 3741 3268 3792 ducem
3292 3744 3348 3792 et
3374 3737 3658 3805 praesidem
3687 3739 3800 3794 dla-

2221 3821 2426 3878 bolum.

2295 4023 2360 4076 ν.
2402 4023 2605 4080 Deinde
2642 4028 2785 4081 inter
2809 4025 3132 4097 loquendum
3161 4029 3350 4086 oculos
3381 4030 3582 4089 suilusa
3613 4033 3802 4106 lact-y-

2226 4116 2354 4182 mis,
2384 4125 2439 4172 et
2473 4117 2654 4172 divina
2701 4119 3165 4192 contemplatione
3195 4122 3413 4194 impleta
3450 4141 3478 4179 a
3511 4129 3702 4198 gratia,
3737 4143 3802 4185 ea

2223 4207 2391 4262 etiam
2432 4223 2551 4279 quae
2603 4219 2763 4264 erant
2805 4220 3064 4265 eventura
3115 4210 3402 4279 Clementi,
3436 4217 3802 4288 persequitur,

2224 4300 2311 4356 vel
2359 4301 2595 4355 maxime
2629 4301 2979 4371 prophetice;
3011 4311 3100 4367 et,
3131 4301 3281 4373 Rogo
3316 4313 3368 4358 te
3391 4345 3404 4368 ,
3435 4305 3686 4371 dicebat,
3729 4308 3803 4361 flii

2223 4391 2568 4453 charissime,
2613 4405 2740 4461 rogo
2779 4401 2849 4455 te,
2883 4403 2941 4446 ut
2968 4393 3098 4447 mihi
3125 4392 3222 4447 des
3245 4409 3406 4447 unam
3447 4398 3674 4464 gratiam
3707 4412 3804 4466 pro

2227 4483 2502 4538 omnibus.
2539 4483 2806 4550 Quoniam
2845 4487 2988 4540 enim
3027 4485 3195 4540 instat
3222 4493 3434 4556 tempus
3472 4485 3709 4554 ditlieile,
3749 4499 3802 4544 et

537 4578 710 4632 δεινὸν
739 4581 768 4632 6
797 4579 895 4649 τῆς
923 4577 1180 4641 ἀσεϐείας
1213 4579 1338 4632 πνεῖ
1370 4577 1608 4648 διωγμὸς
1633 4618 1650 4645 ,
1686 4578 1905 4648 μέλλεις
1939 4579 1997 4632 δὲ
2023 4583 2115 4633 καὶ

2228 4576 2578 4631 vehementer
2608 4575 2778 4645 spirat
2822 4576 3115 4646 impietatis
3148 4578 3488 4646 persecutio;
3520 4591 3580 4634 es
3617 4591 3799 4635 autem

539 4665 722 4729 αὐτὸς,
753 4665 934 4727 καθὼς
962 4669 990 4719 6
1017 4667 1285 4738 ἡμέτερος
1307 4667 1584 4736 Δεσπότης
1615 4667 1803 4738 φησὶν,
1831 4668 1927 4720 ἐπὶ
1957 4669 2115 4739 βασι-

539 4757 651 4821 λεῖς
708 4759 775 4812 δι’
831 4759 994 4813 αὐτὸν
1041 4761 1134 4814 καὶ
1175 4758 1455 4831 ἡγεμόνας
1509 4758 1763 4830 ἀχθῆναι,
1813 4760 2040 4830 ταύτην,
2073 4755 2118 4814 ὧ

539 4851 749 4915 τέκνον,
777 4853 901 4922 ἐμοὶ
927 4852 1015 4916 δὸς
1035 4854 1135 4925 τὴν
1159 4852 1328 4923 τιμὴν
1350 4894 1364 4918 ,
1400 4851 1542 4906 ὥστε
1577 4853 1841 4921 γενναίως
1871 4854 2011 4923 ὑπὲρ
2031 4855 2124 4908 αὖ·

538 4943 632 4997 τοῦ
660 4945 874 5016 στῆναι,
910 4946 1006 4999 καὶ
1035 4944 1255 5015 ἀσφαλῆ
1281 4944 1371 4999 διά
1407 4943 1597 5008 τέλους
1626 4945 1864 5018 τηρῆσαί
1899 4962 1989 5016 μοι
2019 4946 2118 5017 τὴν

537 5035 833 5105 ὁμολογίαν
853 5053 869 5069 ο
895 5037 993 5091 καὶ
1035 5037 1272 5092 πέποιθα
1293 5037 1387 5091 ἐπὶ
1419 5037 1497 5107 τῷ
1528 5034 1650 5108 ἐμῷ
1682 5036 1926 5108 Χριστῷ,
1959 5038 2119 5108 μέλος

477 5119 481 5202 ί
538 5127 692 5198 ἐμὸν,
721 5129 978 5198 πέποιθα,
1009 5130 1091 5184 ὅτι
1130 5130 1225 5184 καὶ
1245 5132 1318 5202 τῇ
1340 5132 1406 5202 σῇ
1438 5128 1648 5200 κεφαλῇ
1677 5128 1887 5201 ταχέως
1912 5131 1939 5184 6
1977 5147 2120 5201 μαρ-

475 5199 482 5208 ι
539 5220 763 5291 τυρικὸς
785 5221 1086 5291 ἐπανθήσει
1121 5199 1405 5290 στέφανοςξ
1445 5199 1849 5290 Ἐτοίμαξεοῦν
1871 5199 2120 5286 σεαυτδν,

539 5311 795 5382 καὶπρὸς
831 5312 1084 5383 ἀνδρείαν
1108 5311 1322 5384 ἐρέθιζε
1349 5310 1447 5383 τὴν
1474 5311 1676 5382 ψυχὴν,
1709 5312 1858 5374 ὅπως
1883 5309 1958 5382 μὴ
1983 5313 2125 5365 ἀπαο

544 5401 812 5473 ράσκευος
848 5404 983 5472 πρὸς
1012 5404 1138 5467 τοὺς
1169 5405 1388 5472 ἀγῶνας
1434 5402 1667 5473 ληφθῇς.
1723 5403 1800 5456 Οὐ
1847 5403 1956 5472 γὰρ
1987 5403 2124 5473 πρδς

542 5493 669 5557 τοὺς
720 5493 1012 5564 τυχόντας,
1058 5495 1180 5546 οὑδέ
1241 5493 1384 5564 ὑπὲρ
1419 5493 1526 5546 τῶν
1560 5494 1834 5562 τυχόντων
1885 5493 1916 5562 ἡ
1956 5494 2124 5563 πάλη,

545 5582 686 5637 ἀλλὰ
711 5585 847 5654 πρὸς
881 5584 982 5654 μέν
1015 5585 1425 5652 ἀνταγωνιστὰς
1451 5584 1541 5636 τὸν
1583 5583 1821 5653 πονηρὸν
1841 5584 2006 5638 αὐτὸν
2033 5585 2129 5638 καί⁸

541 5674 670 5739 τοὺς
694 5676 1043 5742 ὑπασπιστὰς
1061 5677 1272 5732 ἐκείνου
1302 5677 1397 5732 καὶ
1423 5677 1725 5747 ὑπηρέτας
1749 5675 1888 5746 ὑπὲρ
1907 5676 2126 5730 αἰωνίου

2227 4668 2343 4738 ipse
2384 4683 2598 4737 quoque
2623 4706 2638 4730 ,
2675 4678 2733 4721 ut
2782 4676 2967 4721 noster
2999 4667 3132 4721 dicit
3187 4667 3483 4734 Dominus,
3543 4671 3610 4724 ad
3648 4686 3803 4741 reges

2227 4763 2449 4823 propter
2483 4755 2659 4824 ipsum
2711 4753 3076 4824 praesidesque
3127 4755 3438 4820 ducendus,
3487 4759 3630 4815 hunc
3671 4761 3801 4816 mihi

2225 4849 2482 4901 honorem
2509 4847 2764 4911 concede,
2797 4846 2891 4911 liii,
2919 4855 2979 4900 ut
3003 4862 3100 4915 pro
3135 4848 3250 4916 ipso
3268 4857 3378 4904 stes
3405 4849 3559 4904 fortis
3587 4860 3639 4906 et
3658 4861 3801 4907 stre-

2224 4955 2363 4994 nuus
2387 4981 2402 5005 ,
2438 4949 2491 4994 et
2524 4941 2656 4992 mihi
2695 4941 2904 4993 ﬁrmam
2956 4954 3019 4994 ae
3055 4939 3306 4996 stabilem
3348 4957 3640 4998 conserves
3671 4959 3803 4999 con-

2221 5034 2513 5089 fessionem
2553 5052 2566 5087 :
2603 5048 2655 5088 et
2682 5036 2895 5090 eontldo
2926 5037 2978 5089 in
3017 5037 3234 5091 Christo
3267 5052 3408 5105 meo,
3435 5053 3467 5092 ο
3499 5039 3800 5094 membrum

2224 5140 2426 5190 meum,
2471 5123 2706 5189 confido,
2732 5126 2874 5194 quod
2909 5125 3016 5181 cito
3053 5126 3104 5180 in
3141 5137 3234 5181 tuo
3259 5142 3476 5198 quoque
3504 5130 3679 5197 capite
3705 5128 3802 5184 llo—

2223 5221 2363 5275 rebit
2419 5234 2616 5276 corona
2674 5223 2944 5292 martyrii.
2991 5221 3129 5277 Para
3167 5238 3298 5295 ergo
3340 5225 3606 5295 teipsum,
3647 5235 3700 5280 et
3736 5227 3801 5278 ad

2232 5313 2411 5381 magni
2451 5313 2616 5367 animi
2654 5313 2910 5368 virtutem
2935 5323 3090 5368 ’tuam
3139 5315 3302 5371 incita
3333 5319 3604 5384 animam,
3637 5334 3704 5374 ne
3755 5329 3805 5373 to

2231 5404 2560 5474 imparatum
2595 5403 2872 5462 olleudant
2920 5407 3241 5464 certamina.
3280 5407 3399 5464 Non
3435 5409 3578 5464 enim
3609 5411 3803 5465 adver-

2230 5509 2322 5551 sus
2362 5497 2548 5551 hostes
2578 5499 3039 5564 contemnendos,
3076 5514 3257 5570 neque
3299 5502 3366 5557 de
3399 5504 3562 5557 rebus
3600 5502 3808 5557 levibus

2231 5595 2315 5641 est
2363 5586 2685 5644 decertatio.
2747 5587 2852 5644 Sed
2901 5599 3028 5645 sunt
3080 5590 3377 5647 adversarii
3429 5593 3643 5663 quidem
3688 5594 3806 5665 ipse

2235 5676 2535 5747 malignus,
2577 5675 2825 5748 illiusque
2879 5680 3109 5737 ministri
3171 5694 3226 5739 et
3257 5683 3567 5741 satellites:
3629 5687 3807 5755 agitur

621 5873 700 5946 (2)
730 5873 954 5946 κλῆμα,
993 5875 1270 5947 palmitem
1307 5879 1602 5947 signiticet,
1651 5886 1710 5933 ut
1763 5885 1886 5934 ante
1936 5875 2217 5946 scriptum.
