4116 6400
421 426 522 492 821

1454 431 1626 491 VITA
1660 433 1718 493 s.
1760 431 2197 496 CLEMENTIS
2229 417 2646 493 ANCYB’ANL

3599 434 3727 496 8‘22?

413 546 715 619 ψευσθείην
745 545 1001 602 ἐλπίδων.
1047 547 1166 602 Μία
1211 547 1352 618 γυνὴ
1407 547 1636 619 Ἐϐραία
1689 549 1821 612 ποτὲ
1860 552 2012 614 υίοὺς

2122 563 2210 618 spe
2243 549 2416 613 fallar,
2451 563 2615 619 quam
2650 549 2717 604 de
2755 555 2806 605 te
2833 549 3079 622 concepi.
3117 549 3234 606 Una
3267 548 3728 608 mnlierllebncw

415 639 557 696 ἑπτά
588 639 906 711 προσήγαγε
931 639 1238 710 μάρτυρας,
1263 639 1356 694 καὶ
1379 640 1436 695 ὲν
1465 641 1607 695 ἐπτά
1635 643 1748 704 τοῖς
1783 641 2010 697 ἐκείνων

416 733 451 804 ἡ
486 731 626 800 αὐτὴ
659 729 910 800 σώμασιν
932 731 1268 798 ἠγωνίσατο·
1295 733 1368 788 ,σὺ
1391 731 1448 786 δέ
1473 749 1564 802 μοι
1600 735 1691 788 καὶ
1727 735 1887 804 μόνος
1915 735 2010 798 αὐ-

415 825 508 889 τὸς
533 823 794 894 ἀρκέσεις
849 823 989 892 πρὸς
1037 822 1219 889 δόξαν,
1251 825 1345 878 καὶ
1373 827 1622 896 μακαρία
1651 828 1709 881 ἐν
1735 829 2012 899 μητράσιν

418 917 552 986 ἐγὼ,
582 917 779 986 ὅτιπερ
824 914 912 968 διὰ
947 915 1040 969 σοῦ
1095 915 1336 983 ἐπίδοξος
1382 918 1597 990 ἔσομαι.
1630 919 1764 974 Ἰδοὺ
1805 939 2012 992 προπο-

421 1009 691 1081 ρεύσομαί
721 1024 838 1074 σου,
871 1000 917 1062 ὦ
946 1009 1068 1074 παῖ,
1124 1011 1219 1063 καὶ
1252 1009 1396 1066 κατά
1430 1011 1594 1082 σῶμα
1637 1011 1845 1080 λοιπὸν,
1906 1015 2008 1086 ἤδη

419 1121 515 1157 σου
546 1103 654 1156 τῶν
681 1101 949 1156 ποθεινῶν
973 1101 1241 1174 ὀμμάτων
1272 1103 1584 1176 χωρίζομαι
1617 1105 1884 1179 σήμερον,
1911 1105 2010 1180 τὴν

418 1195 476 1248 δὲ
506 1194 646 1265 ἐμὴν
676 1191 859 1265 ψυχὴν
886 1195 1106 1250 ἐπειδάν
1153 1196 1463 1267 τελευτήσω
1499 1199 1597 1269 τῆς
1641 1197 1740 1270 σῆς
1792 1199 1881 1254 ἀεὶ
1901 1198 2011 1271 ψυ-

419 1287 544 1358 χῆς,
581 1279 629 1342 ὦ
677 1287 894 1354 τέκνον,
948 1288 1334 1358 ἐκκρέμασθαι
1373 1288 1602 1361 νόμιζεο
1665 1293 1786 1364 μεθ’
1830 1288 1897 1363 ἧς
1953 1295 2011 1348 ὲν

422 1375 709 1448 παρρησία
742 1377 1110 1448 προσκυνήσω
1137 1374 1214 1447 τῷ
1247 1377 1453 1450 βήματι
1484 1378 1578 1432 τοῦ
1606 1380 1865 1452 Χριστοῦ,
1896 1384 2012 1446 τοῖς

427 1469 540 1530 σοῖς
594 1467 780 1528 πόνοις
830 1467 1255 1539 ὲγκαυχωμένη,
1318 1471 1433 1533 τοῖς
1489 1472 1603 1534 σοτς
1661 1471 1800 1546 ὑπὲρ
1843 1473 2009 1528 αὐτοῦ

433 1558 719 1629 στίγμασιν
744 1557 1121 1632 ὡραῖζομένη,
1157 1560 1250 1614 καὶ
1283 1561 1540 1626 κοινωνός
1575 1580 1659 1617 σοι
1687 1563 1797 1618 τῶν
1843 1563 2011 1619 πολυ-

432 1649 599 1704 τελῶν
650 1650 874 1706 ἐκείνων
931 1652 1111 1706 ἄθλων
1168 1653 1432 1725 γινομένη
1480 1655 1573 1711 καὶ
1641 1655 1740 1726 τῆς
1789 1656 2014 1729 φαιδρό-

427 1758 608 1811 τητος.

497 1831 578 1890 H'.
616 1834 805 1894 Ταῦτα
838 1836 972 1908 πρὸς
1012 1837 1102 1891 τὸν
1164 1837 1392 1910 παῖδαή
1448 1840 1634 1912 μήτηρ
1684 1840 1837 1911 ἔλεγε
1863 1881 1878 1906 ,
1917 1842 2010 1896 καὶ

2115 641 2408 714 aliquando
2461 652 2670 712 septem
2717 644 2978 712 produxit
3025 645 3362 714 martyr-es”,
3413 653 3468 698 et
3501 645 3614 713 ipsa
3649 646 3712 699 in-

2118 733 2328 788 illorum
2353 742 2562 803 septem
2595 733 2894 792 decertavit
2920 735 3263 804 corporibus.
3293 733 3372 790 Tu
3409 743 3588 789 autem
3623 737 3704 788 vel

2113 825 2263 883 solus
2303 827 2433 881 mihi
2484 827 2718 884 suiiicies
2780 829 2848 882 ad
2878 827 3125 897 gloriam,
3155 838 3218 882 et-
3245 830 3400 885 beata
3439 842 3538 898 ego
3570 829 3709 881 intcr

2115 929 2340 984 matres,
2377 919 2521 989 quod
2569 933 2663 990 per
2697 928 2748 976 te
2797 934 2893 975 ero
2925 920 3172 990 insignis.
3220 919 3360 976 Ecce
3412 921 3550 975 vado
3581 931 3710 974 ante

2116 1021 2244 1078 te,o
2275 1010 2374 1076 ﬁli,
2419 1020 2474 1066 et
2500 1011 2755 1082 deinceps
2785 1011 3004 1083 quidem
3037 1025 3268 1082 corpore
3295 1025 3518 1080 separor
3547 1010 3708 1066 hodie

2114 1119 2146 1159 a
2182 1105 2289 1164 tuis
2330 1104 2674 1166 suavissimis
2722 1105 2935 1170 oculis;
2991 1103 3230 1160 animam
3269 1113 3451 1158 autem
3507 1118 3706 1168 meam,

2116 1203 2402 1264 postquam
2451 1193 2767 1261 decessero,
2796 1195 3073 1262 existima,
3105 1208 3139 1250 ο
3188 1192 3285 1259 ﬁli,
3315 1208 3346 1247 ε
3378 1202 3471 1248 tua
3496 1208 3711 1262 semper

2115 1289 2376 1358 pendere,
2420 1302 2544 1344 cum
2576 1302 2682 1356 qua
2731 1287 3070 1342 conﬁdenter
3103 1286 3306 1344 Christi
3340 1286 3579 1342 adorabo
3611 1286 3712 1338 tri-

2115 1379 2304 1448 bunal,
2337 1380 2442 1438 tuis
2466 1379 2707 1449 glorians
2735 1379 3036 1445 laboribus,
3056 1378 3126 1436 de
3153 1379 3262 1438 tuis
3290 1388 3510 1449 propter
3534 1378 3711 1450 ipsum

2116 1472 2261 1527 notis
2309 1487 2374 1527 ac
2406 1471 2756 1542 stigmatibus
2784 1485 2870 1526 me
2922 1471 3206 1542 magniﬁce
3236 1470 3710 1540 circumspiciens,

2116 1575 2169 1618 et
2201 1563 2612 1635 magniﬁeorum
2660 1563 2872 1619 illorum
2906 1563 3255 1632 praemiorum
3288 1571 3342 1617 et
3386 1560 3588 1619 laetitiae
3629 1561 3715 1616 iu-

2117 1663 2235 1708 tura
2268 1655 2565 1726 particeps.

2189 1838 2324 1896 Vill.
2351 1839 2476 1899 Haec
2500 1846 2674 1898 mater
2696 1839 2914 1898 dicebat
2935 1839 3066 1905 ﬁlio,
3095 1848 3151 1896 et
3169 1839 3330 1895 simul
3353 1837 3536 1896 omnia
3566 1835 3710 1892 illius

421 1926 559 1996 ὁμοῦ
617 1927 800 1985 πάντα
833 1901 1044 1986 ἐκείνου
1095 1901 1392 2001 κατεφίλει⁷
1413 1901 1483 1988 τά
1510 1901 1660 2006 ’μέλη
1685 1950 1697 1963 ·
1747 1901 2015 2006 Μακαρία

2122 1933 2366 1989 membra
2397 1932 2812 1992 deosculabatur
2848 1949 2862 1984 :
2895 1901 3200 2002 Felix'ego,
3257 1945 3448 1988 rursus
3495 1929 3709 1994 dicens,

422 2018 587 2072 πάλιν
620 2018 732 2087 ἐγὼ
752 2063 765 2085 ,
798 2019 1054 2090 λέγουσα,
1077 2021 1159 2076 ὅτι
1203 2022 1482 2094 μάρτυρος
1507 2023 1642 2096 μέλη
1674 2024 1838 2095 φιλῶ,
1873 2027 2013 2099 μέλη

420 2108 645 2180 Χριστῷ
685 2111 878 2168 Θυσίαν
930 2109 1452 2183 προσαχθησόμενα.
1495 2113 1680 2177 Οὕτως
1710 2112 1805 2170 οὖν
1850 2116 2011 2172 αὐτὸν

420 2204 931 2276 περιπτυσσομένη,
991 2205 1088 2260 καὶ
1121 2203 1196 2270 ὡς
1242 2206 1438 2277 ἥδιστα
1473 2207 1856 2282 διαλεγομένη,
1912 2210 2015 2282 τὴν

425 2295 705 2366 μακαρίαν
727 2294 898 2359 ὅντως
933 2295 1245 2351 ἀνάπαυσιν
1288 2296 1668 2358 ἀνεπαύσατο·
1699 2300 1762 2354 τὸ
1793 2300 2014 2373 πνεῦμα

425 2387 526 2457 μὲν
556 2386 634 2456 τῷ
662 2387 805 2459 Θεῷ,
828 2389 888 2442 τὸ
917 2388 973 2443 δὲ
1006 2389 1166 2459 σῶμα
1197 2392 1319 2454 ταῖς
1346 2390 1713 2458 γλυκυτάταις
1734 2394 1892 2466 χερσὶ
1912 2395 2005 2449 τοῦ

423 2476 612 2541 παιδὸς
669 2479 855 2548 ἐκείνη
911 2477 1296 2550 παραθεμένη.
1341 2478 1402 2532 ⁸0
1439 2479 1495 2533 δὲ
1540 2479 1640 2538 ὅσα
1685 2480 2010 2552 φιλομήτωρ

421 2572 557 2634 παῖς
592 2571 684 2625 ἐπὶ
720 2571 890 2641 μητρὶ
918 2571 1261 2641 φιλοστόργῳ
1297 2569 1654 2635 διατελέσας,
1690 2570 1866 2623 έκεῖνο
1913 2570 2013 2640 μὲν

421 2661 564 2730 ἄγαν
588 2661 856 2734 λαμπρῶς
886 2661 1082 2716 θάπτει
1121 2662 1216 2714 καὶ
1251 2661 1552 2732 φιλοτίμως
1573 2679 1586 2692 ·
1628 2663 1792 2726 αὐτὸς
1817 2663 1874 2717 δὲ
1923 2663 2016 2716 τὸν

425 2757 636 2826 μονήρη
661 2755 776 2826 βίον
797 2757 1198 2828 ὲπαναιρεῖται,
1222 2757 1398 2828 τούτῳ
1420 2756 1583 2819 εὐθὺς
1610 2754 1812 2829 πρώτῳ
1846 2757 2016 2827 μητρὶ

423 2843 808 2916 χαριζόμενος,
845 2846 906 2899 τὸ
959 2846 1267 2918 ἀποστῆναι
1297 2846 1506 2916 κόσμου
1555 2847 1646 2900 διὰ
1693 2847 1953 2918 Χριστὸν,
1989 2849 2017 2900 ὁ

424 2935 568 3007 μετᾲ
594 2936 767 2994 ταῦτα
797 2937 867 2991 δι’
894 2923 1108 2994 ἐκεῖνον
1143 2939 1352 3010 μέλλων
1381 2939 1478 2994 καὶ
1503 2939 1600 3011 τῆς
1635 2937 1807 3008 ζωῆς.

2119 2023 2261 2093 quod
2283 2022 2526 2086 membra
2553 2024 2810 2094 martyris
2830 2024 3136 2089 deosculer,
3173 2019 3710 2091 membraoﬁ‘crenda

2116 2115 2334 2172 Christo
2349 2113 2701 2172 sacriﬁcium.
2723 2116 2812 2171 Sic
2827 2131 2958 2187 ergo
2971 2131 3093 2171 eum
3113 2115 3464 2184 amplectens,
3479 2123 3708 2180 etquam

2118 2207 2442 2265 suavissime
2468 2206 2764 2268 disserens.
2816 2222 2942 2262 vere
2967 2208 3124 2262 beata
3167 2207 3350 2278 quiete
3402 2202 3712 2274 requievit,

2118 2315 2241 2358 cum
2268 2299 2520 2370 spiritum
2549 2299 2767 2369 quidem
2796 2297 2929 2363 Deo,
2957 2312 3160 2369 corpus
3182 2308 3363 2354 autem
3381 2293 3714 2353 dulcissimis

2120 2394 2212 2449 ﬁlii
2246 2394 2499 2450 manibus
2527 2393 3000 2450 commendasset.
3049 2392 3140 2448 Ille
3189 2400 3396 2456 autem,
3439 2399 3498 2444 ut
3526 2389 3616 2458 qui
3655 2387 3710 2441 in

2121 2483 2438 2540 benevolant
2482 2491 2714 2543 matrem
2752 2483 2944 2544 fuisset
2977 2495 3192 2554 semper
3216 2482 3351 2552 ,pius
3380 2479 3545 2545 ﬁlius,
3581 2476 3712 2532 illud

2117 2574 2333 2646 quidem
2375 2575 2568 2644 sepelit
2611 2574 2894 2644 splendide
2938 2583 2993 2632 et
3042 2573 3353 2646 magniﬁce.
3411 2573 3528 2642 Ipse
3583 2586 3716 2627 vero

2119 2667 2284 2724 vitam
2307 2666 2536 2740 suscipit
2565 2666 2891 2732 solitariam,
2918 2666 3020 2724 hoc
3043 2665 3228 2721 statim
3261 2664 3496 2732 primum
3521 2660 3715 2718 matris

2119 2764 2427 2830 concedens
2449 2761 2744 2826 mandatis,
2787 2769 2847 2818 ut
2876 2777 2906 2816 s
2947 2761 3150 2818 mumlo
3175 2768 3400 2831 propter
3431 2757 3711 2814 Christum

2122 2855 2448 2920 discederet,
2499 2855 2592 2924 qni
2625 2863 2810 2923 postea
2855 2862 3075 2925 propter
3101 2851 3252 2908 illum
3286 2866 3316 2906 a
3347 2849 3459 2908 vita
3495 2862 3714 2921 quoque

2119 2955 2240 2996 erat
2266 2943 2629 2997 discessurus.

1955 3139 2182 3198 CAPUT
2234 3142 2294 3196 ΙΙ.

1533 3283 1591 3340 8.
1619 3281 1897 3340 Clementis
1929 3283 2304 3339 adolescentia.
2335 3283 2688 3355 Episcopatus

495 3482 574 3540 8⁸.
611 3479 863 3554 Ὀρφανῷ
899 3479 1000 3552 μὲν
1030 3474 1126 3534 οὖν
1157 3479 1332 3546 οὕτως
1375 3478 1485 3533 ἀπὸ
1522 3479 1728 3551 μητρὸς
1753 3477 1829 3549 τῷ
1860 3477 2009 3547 Κλή-

2190 3475 2280 3532 ΙΧ.
2323 3481 2498 3550 Atque
2563 3478 2832 3536 Clementi
2888 3480 3107 3550 quidem
3171 3478 3250 3536 sic
3304 3486 3482 3536 matre
3519 3477 3713 3533 orbato

429 3593 586 3648 μεντι
615 3574 893 3648 γενομένῳ
912 3572 1151 3645 (πατέρα
1177 3573 1288 3647 γὰρ
1311 3569 1424 3644 εἷχε
1442 3571 1624 3641 Θεὸν),
1651 3570 1844 3641 ἑτέραν
1868 3568 2018 3640 αὑτῷ

429 3668 594 3723 πάλιν
627 3668 835 3730 ἐκεῖνος
863 3665 1150 3736 ἐπεισάγει
1206 3663 1444 3737 μητέρα,
1478 3661 1650 3734 μηδὲν
1682 3661 1784 3732 τῆς
1816 3660 2016 3732 προτέ-

430 3775 550 3829 ρας,
599 3758 740 3828 μήτε
768 3755 868 3828 τὴν
894 3757 1107 3828 κλῆσιν,
1155 3759 1293 3826 μήτε
1345 3757 1472 3818 τοὺς
1502 3755 1742 3824 τρόπους
1771 3753 2015 3824 ἀπᾴδου-

435 3861 562 3901 σαν⁶
619 3849 770 3918 γένει
820 3845 922 3918 μὲν
951 3847 1062 3916 γὰρ
1119 3845 1216 3900 καὶ
1251 3844 1392 3917 αὕτη
1447 3845 1557 3899 τῶν
1589 3843 1871 3913 ἐπιφανῶν
1924 3843 2020 3900 καὶ

435 3936 725 4005 πλουσίων,
747 3938 916 4010 ἀρετῇ
950 3938 1010 3993 δὲ
1037 3936 1148 3998 τῶν
1179 3939 1494 4008 ἐπισήμων,
1523 3935 1695 4004 Σοφία
1723 3951 1785 3988 τε
1811 3932 2016 4002 ὁμοίως

432 4027 568 4100 αὐτὴ
618 4027 955 4099 καλουμένη,
1017 4027 1115 4082 καὶ¹
1164 4028 1496 4099 προσευχαῖς
1559 4024 1732 4080 νύκτα
1769 4025 1865 4079 καὶ
1898 4023 2020 4095 μεθ’

429 4119 646 4190 ἡμέραν
697 4121 788 4174 ἀεὶ
835 4118 1196 4190 σχολάζουσα.
1239 4119 1562 4181 Φιλότεκνος
1588 4117 1667 4183 δὲ,
1709 4117 1870 4188 εἰπερ
1909 4133 2016 4183 τις,

427 4207 563 4266 οὖσα
605 4211 666 4265 τὸ
699 4211 964 4282 παράπαν
995 4212 1222 4273 ἄτεκνος
1243 4205 1312 4282 ἦν
1333 4227 1345 4241 ·
1379 4213 1412 4281 ἡ
1460 4210 1518 4267 δὲ
1551 4210 1785 4281 Πρόνοια
1813 4208 2021 4264 ἀνωθεν

426 4303 791 4376 οίκονομοῦσα
822 4306 890 4360 τὰ
922 4305 1043 4364 κατ’
1071 4305 1271 4368 αὐτοὺς
1305 4305 1400 4360 καὶ
1460 4303 1606 4373 μήτε
1649 4302 1712 4358 τὸ
1756 4303 1876 4357 νέον
1925 4302 2017 4355 τοῦ

427 4399 750 4469 Κλήμεντος
787 4401 997 4470 μητρὸς
1031 4397 1239 4471 ἔρημον
1270 4393 1413 4455 εἰναι
1437 4397 1768 4468 ἀνελομένη,
1803 4401 1898 4450 καὶ
1922 4397 2020 4466 τῆς

429 4489 630 4560 Σοφίας
664 4489 828 4546 πάλιν
859 4490 1150 4560 πληρῶσαι
1183 4489 1488 4560 βουλομένη
1543 4489 1644 4560 τὴν
1685 4489 1894 4560 ἔφεσιν,
1929 4489 2021 4544 τὸν

427 4580 730 4653 Κλήμεντα
782 4582 963 4653 σοφῶς
999 4581 1138 4653 αὐτῇ
1192 4581 1436 4653 φέρουσα
1472 4583 1730 4637 είσποίει.
1767 4583 1917 4654 Σοφὴ
1963 4584 2020 4637 δὲ

426 4671 561 4728 οὖσα
601 4675 677 4738 ὡς
715 4674 936 4744 ἀληθῶς
981 4676 1016 4746 ἠ
1053 4673 1227 4746 Σοφία
1273 4675 1412 4746 πρὸς
1444 4674 1544 4746 τὴν
1591 4674 1735 4730 κατά
1765 4675 1901 4729 Θεὸν
1927 4676 2020 4730 καὶ

427 4767 567 4838 αὑτὴ
598 4769 690 4824 τὸν
723 4769 890 4826 παῖδα
945 4767 1140 4836 σοφίαν
1164 4767 1556 4836 ἐπαιδαγώγει,
1589 4767 1687 4822 καὶ
1736 4767 1928 4840 ὥσπερ
1958 4771 2020 4822 ἐκ

426 4859 535 4914 τῶν
563 4861 738 4932 αὐτῆς
780 4861 992 4919 ὠδίνων
1031 4861 1352 4934 προελθόντι
1393 4861 1472 4933 τῷ
1506 4862 1813 4933 Κλήμεντι,
1869 4861 2018 4918 οὕτω
2045 4841 2098 4901 Ῑ)

427 4951 806 5024 κηδεμονικῶς
837 4955 926 5008 ἐπ’
956 4953 1110 5024 αὐτῷ
1140 4953 1264 5010 λίαν
1299 4955 1392 5008 καὶ
1423 4955 1708 5025 μητρικιῖις
1740 4957 1819 5016 εἰς
1844 4955 2018 5026 ἀκρον

425 5042 682 5102 διέκειτο.
715 5045 796 5101 Οὐ
846 5043 959 5117 μὴν
991 5043 1116 5102 οὐδὲ
1166 5044 1405 5117 Κλήμης
1441 5045 1667 5100 ἔλαττον
1701 5045 1736 5117 ἢ
1771 5046 2022 5117 προσῆκε

430 5141 604 5212 μητρὶ
654 5140 716 5195 τὺ
745 5141 879 5213 περὶ
916 5140 1090 5213 αὐτὴν
1133 5141 1423 5196 εποδείκνυ
1484 5143 1546 5194 τὸ
1579 5140 1808 5212 φίλτρον
1835 5157 1849 5173 ·
1900 5139 2019 5194 ἀλλ’

426 5233 692 5306 ἀκέραιον
722 5236 824 5307 μὲν
858 5235 998 5306 αὐτῇ
1030 5235 1127 5289 καὶ
1168 5235 1268 5304 τὴν
1301 5233 1437 5289 αίδὼ
1489 5235 1588 5289 καὶ
1617 5233 1710 5288 τὸν
1741 5234 1907 5293 πόθον
1939 5235 2021 5288 δι-

427 5327 602 5394 έσῳζε
623 5346 638 5360 ο
669 5329 837 5383 πολὺν
861 5328 918 5382 δὲ
951 5329 1043 5382 καὶ
1076 5329 1177 5399 τῆς
1217 5325 1566 5391 διδασκαλίας
1605 5329 1663 5380 ὲν
1712 5327 1881 5398 ὀλίγῳ
1926 5327 2017 5382 τὸν

427 5421 644 5494 καρπὸν
669 5421 949 5485 ἀπεδίδου,
983 5421 1236 5490 καθάπερ
1263 5437 1350 5484 τις
1378 5419 1559 5490 ἀγαθὴ
1587 5419 1660 5489 γῆ
1695 5421 1788 5474 καὶ
1810 5419 2022 5493 λιπαρά

428 5515 527 5570 καὶ
559 5514 878 5586 βαθύγειος,
913 5515 976 5570 οὐ
1000 5513 1248 5573 λυποῦσα
1277 5515 1346 5586 τῇ
1380 5512 1578 5568 σπάνει
1625 5512 1718 5566 τὸν
1745 5513 2017 5582 γεωργὸν,

429 5607 568 5664 ἀλλά
589 5608 667 5680 τῷ
700 5609 896 5682 πλήθει
923 5611 1034 5665 τῶν
1073 5609 1357 5680 φυομένων
1383 5605 1780 5677 παρακαλοῦσα
1815 5606 2022 5676 μᾶλλον

432 5699 574 5770 πρὸς
604 5704 938 5774 σπερμάτων
969 5701 1276 5773 καταϐολὴν
1295 5717 1307 5733 ⁸
1347 5702 1499 5755 κοινὰ
1534 5701 1630 5772 μὲν
1659 5699 1723 5754 τά
1756 5699 1884 5754 ὄντα
1909 5703 2020 5764 τοῖς

505 5891 522 5921 ³
561 5889 601 5945 ll
633 5891 806 5947 Mach.
839 5909 933 5952 t'tt.

2125 3573 2140 3634 ί
2169 3571 2334 3626 Deum
2371 3574 2516 3626 enim
2550 3572 2786 3628 habebat
2814 3571 3059 3642 patrem)
3109 3570 3200 3626 ille
3247 3569 3295 3625 ei
3326 3586 3520 3626 rursus
3551 3571 3712 3624 aliam

2125 3662 2334 3718 inducit
2389 3673 2656 3730 matrem,
2704 3678 2824 3733 quae
2874 3677 2973 3718 nec
3036 3662 3258 3718 nomine
3315 3677 3415 3717 nec
3473 3661 3716 3716 moribus

2121 3755 2418 3825 quidquam
2467 3753 2750 3809 diiierebat
2785 3769 2814 3808 a
2845 3754 3028 3822 priore
3058 3769 3073 3806 :
3104 3753 3220 3822 ipsa
3266 3753 3488 3822 quidem
3521 3761 3572 3806 et
3594 3767 3714 3824 ,εο-

2125 3857 2255 3902 nere
2286 3844 2514 3916 insignis
2556 3853 2613 3900 et
2657 3845 2846 3911 dives,
2893 3859 3015 3915 quae
3057 3845 3173 3915 ipsa
3206 3858 3424 3916 quoque
3462 3844 3716 3898 similiter

2122 3936 2421 3991 vocabatur
2445 3935 2672 4006 Sophia,
2704 3946 2759 3991 et
2787 3943 2950 3991 noctu
2988 3946 3044 3992 et
3074 3934 3312 3991 interdiu
3350 3950 3567 4005 semper
3602 3950 3718 3988 vcr-

2123 4029 2349 4082 sabatur
2397 4027 2450 4082 in
2495 4028 2858 4083 orationibus.
2907 4027 3042 4082 Cum
3078 4035 3225 4082 esset
3268 4038 3476 4089 autem,
3527 4025 3570 4080 si
3609 4024 3715 4078 ulla

2124 4121 2254 4186 alia,
2295 4121 2527 4176 ﬁliorum
2579 4121 2978 4188 amantissima,
3029 4120 3252 4176 carebat
3301 4120 3526 4176 omnino
3570 4120 3716 4178 ﬁliis.

2127 4212 2316 4269 Divina
2367 4230 2496 4270 vero
2543 4212 2909 4284 providentia,
2975 4223 3097 4284 qua:
3147 4227 3239 4269 res
3277 4227 3466 4268 eorum
3508 4227 3575 4268 ex
3608 4212 3719 4267 alto

2124 4309 2564 4375 administrnltat,
2605 4325 2703 4364 nec
2735 4309 2917 4366 ferens
2964 4317 3208 4364 teneram
3257 4305 3552 4364 Clementis
3586 4317 3720 4362 atta-

2127 4411 2234 4454 tetn
2263 4414 2385 4454 esse
2407 4415 2436 4454 a
2463 4411 2639 4454 matre
2659 4401 2958 4463 desertam,
2988 4407 3046 4454 et
3075 4413 3264 4454 rursus
3287 4398 3476 4453 volens
3498 4397 3717 4466 explere

2126 4490 2344 4561 Sophim
2377 4491 2732 4558 desiderium,
2766 4491 3104 4547 Clementem
3137 4491 3409 4558 sapienter
3437 4489 3504 4542 ad
3542 4488 3713 4558 ipsam

2125 4588 2424 4651 adducens,
2472 4595 2530 4642 ιιι
2571 4587 2792 4654 adoptet
2855 4585 3037 4639 cilicii.
3095 4583 3253 4651 Cum:
3289 4596 3475 4638 revera
3532 4589 3714 4635 autrm

2124 4689 2266 4736 esset
2296 4679 2516 4749 sapiens
2556 4677 2782 4745 Sophia,
2820 4677 2874 4730 in
2905 4690 2970 4730 ea
3004 4689 3122 4743 qua:
3153 4681 3325 4729 est-ex
3361 4675 3470 4729 Deo
3497 4671 3716 4741 sapien-

2128 4773 2198 4827 tiu
2239 4773 2350 4841 ipsa
2375 4786 2500 4826 eum
2526 4768 2867 4831 instituebat,
2919 4778 2974 4822 et
3003 4767 3228 4836 perinde
3254 4781 3319 4821 ac
3340 4765 3454 4836 ipsa
3481 4780 3604 4820 eum
3631 4778 3716 4834 pe-

2127 4866 2378 4936 perisset,
2414 4865 2466 4918 in
2492 4862 2828 4917 Clementem
2858 4867 2976 4914 erat
2998 4858 3214 4925 aﬂ'ecta,
3244 4869 3298 4914 et
3326 4871 3592 4913 summam
3617 4873 3714 4910 cu-

2126 4973 2243 5014 rant
2262 4955 2378 5024 ejus
2405 4954 2647 5026 gerebat.
2677 4953 2866 5022 Neque
2897 4965 3028 5006 vero
3046 4949 3304 5006 Clemens
3331 4949 3509 5003 minus
3549 4961 3712 5031 quam

2127 5064 2227 5122 par
2249 5058 2367 5104 erat
2403 5049 2458 5102 in
2493 5057 2742 5112 matrem,
2795 5057 3038 5099 amorem
3069 5044 3122 5096 in
3177 5057 3296 5098 eam
3343 5039 3661 5096 ostendebat
3697 5052 3712 5090 :

2129 5144 2224 5200 sed
2252 5157 2440 5213 puram
2469 5139 2686 5212 quidem
2715 5153 2778 5194 ac
2804 5137 3074 5194 sinceram
3106 5134 3160 5190 in
3199 5149 3320 5190 eam
3351 5131 3712 5190 reverentiam

2130 5234 2385 5292 servabat
2419 5244 2474 5289 et
2509 5231 2859 5288 desiderium.
2907 5227 3340 5299 Prmceptoribus
3391 5233 3572 5279 autem
3599 5223 3715 5294 pitt-

2130 5329 2326 5384 rimum
2385 5339 2604 5397 quoque
2655 5323 2866 5379 fructus
2914 5337 3038 5377 mox
3087 5320 3341 5384 reddidit,
3390 5318 3535 5374 sicut
3571 5318 3712 5370 bona

2132 5419 2378 5491 quasdam
2413 5430 2558 5474 terra
2584 5427 2640 5472 et
2667 5419 2904 5487 pinguis,
2949 5429 3071 5486 quas
3113 5425 3454 5482 nequaquam
3495 5409 3715 5478 agrico-

2133 5511 2241 5567 lam
2277 5519 2498 5580 propter
2547 5508 2874 5579 paucitatem
2919 5505 3166 5560 molestia
3212 5502 3403 5566 allicit;
3465 5499 3560 5554 sed
3623 5511 3718 5566 per

2134 5618 2344 5669 eorum,
2382 5617 2504 5674 qum
2543 5611 2860 5665 nascuntur,
2901 5597 3299 5654 multitudinem
3334 5600 3593 5663 provocat
3623 5604 3719 5659 po-

2137 5702 2239 5754 tius
2281 5698 2344 5752 nd
2391 5687 2501 5752 alia.
2543 5696 2841 5765 deiicienda
2893 5697 3098 5751 seznina
3140 5714 3150 5748 :
3185 5711 3244 5752 ea
3297 5689 3534 5753 uuidem,
3597 5701 3716 5756 qua:
