4116 6404
333 470 446 536 829

1367 470 1536 530 νιΤΑ
1576 471 1636 533 S.
1671 470 2107 533 CLEMENTIS
2141 475 2493 536 ANCYRAN
2503 476 2552 540 Ι.

3514 478 3620 540 830

1779 737 2010 796 CAPUT
2051 738 2142 796 IV.

1432 903 1644 956 Atracia
1685 901 1910 973 Ancyra:
1949 901 2170 956 tolerata
2215 911 2498 957 tormenta.

411 1101 513 1158 19'.
549 1095 736 1154 Ταῦτα
768 1096 862 1154 τοῦ
896 1098 1174 1170 μάρτυρος
1211 1095 1351 1167 μετά
1398 1095 1643 1160 πλείονος
1682 1095 1929 1159 εἰπόντος

2107 1093 2249 1150 XIX.
2284 1093 2410 1151 "me
2442 1111 2562 1150 cum
2600 1104 2810 1166 martyr
2844 1111 2966 1151 cum
2997 1113 3191 1168 magna
3229 1100 3454 1156 dixisset
3483 1104 3621 1156 fidu-

335 1195 443 1266 τῆς
475 1189 816 1266 παῤῥησίας,
849 1189 1011 1261 ῥίψας
1044 1190 1106 1244 τὸ
1153 1190 1500 1260 προσωπεῖον
1543 1191 1571 1242 ὀ
1615 1186 1821 1259 ἄρχων,
1860 1188 1930 1258 ἢν

337 1288 500 1342 ῶδινε
541 1285 670 1339 κατ’
709 1281 876 1337 αὑτοῦ
933 1281 1101 1336 πάλαι
1135 1279 1354 1352 μανίαν,
1387 1280 1593 1351 ταύτην
1644 1281 1722 1344 είς
1765 1280 1929 1352 μέσον

345 1381 589 1452 ἐξήγαγε
611 1395 626 1409 ⁸
656 1376 753 1431 καὶ⁵
799 1374 1233 1447 μετεωρίσαντες
1256 1373 1305 1426 οἱ
1347 1371 1697 1444 παρεστῶτες
1727 1372 1929 1437 εὐθέως

339 1473 436 1530 ἰπὶ
459 1473 615 1538 ξύλου
641 1470 734 1525 τὸν
766 1467 1026 1539 ἀθλητὴν,
1065 1467 1237 1530 οὕτως
1266 1467 1358 1521 ὕπ’
1380 1465 1544 1519 αὐτοῦ
1567 1464 1927 1537 προσταχθὲν,

347 1562 607 1627 διέξαινόν
632 1575 694 1613 τε
720 1557 888 1613 αὐτοῦ
927 1559 1028 1622 τάς
1058 1556 1320 1628 πλευρὰς,
1352 1556 1446 1609 καὶ
1491 1555 1601 1608 τῶν
1634 1555 1929 1625 βασιλικῶν

347 1651 783 1725 προσταγμάτων
818 1651 894 1722 μὴ
936 1650 1346 1722 καταφλυαρεϊν
1386 1647 1610 1702 τοιαῦτα
1641 1647 1926 1716 ἐπέλεγον.

342 1745 570 1798 Βαθεϊαι
603 1744 704 1812 μὲν
733 1738 828 1797 οὖν
864 1741 1006 1797 κατὰ
1027 1740 1133 1795 τῶν
1157 1742 1368 1796 ἐκείνου
1395 1740 1616 1812 σαρκῶν
1643 1740 1932 1810 ὲτέμνοντο

340 1833 604 1898 αὖλακες,
645 1833 742 1886 καὶ⁵
787 1833 857 1886 τὰ
899 1833 1130 1885 πλεῖστα
1175 1829 1384 1884 τούτων
1435 1832 1720 1904 ἀφῃρεῖτο.
1755 1832 1849 1885 καὶ
1897 1833 1930 1902 ἠ

345 1927 496 1980 ἔνδον
553 1924 972 1996 παρεγυμνοῢτο
1022 1923 1334 1990 διάπλασις,
1377 1925 1454 1988 ὡς
1514 1925 1652 1996 μηδὲ
1703 1926 1932 1979 ἀνεκτὸν

338 2017 647 2091 ἀνθρώπων
680 2017 982 2088 ὀφθαλμοῖς
1011 2013 1152 2071 εῖναι
1184 2017 1389 2089 θέαμα.
1442 2014 1503 2070 '0
1539 2017 1585 2070 δ’
1615 2018 1716 2071 οὐκ
1757 2017 1929 2071 ἔπαθε

339 2110 442 2184 τὴν
476 2110 675 2182 ψυχὴν,
709 2109 809 2163 οὐκ
851 2107 1116 2178 ἠλλοίωσε
1156 2107 1255 2178 τὴν
1297 2110 1536 2181 μορφὴν,
1565 2110 1627 2162 οὐ
1666 2109 1932 2180 μετέϐαλε

339 2202 441 2272 τὴν
486 2200 694 2271 φωνὴν,
739 2199 800 2252 οὐ
851 2199 1004 2272 ῥῆμα
1056 2196 1286 2252 ἐλεεινὸν
1316 2199 1489 2266 οὐδὲν,
1533 2201 1594 2252 ού
1631 2199 1933 2269 στεναγμὸν

339 2294 556 2363 ἀφῆκεν
594 2290 953 2362 ὀδυνωμένου.
993 2290 1134 2343 Ἀλλ’
1173 2288 1365 2360 ὥσπερ
1507 2290 1616 2344 τῶν
1648 2303 1931 2360 παρεστη-

341 2384 517 2436 κότων
565 2383 660 2436 καὶ
714 2381 1006 2452 Θεωμὲνων
1056 2379 1301 2442 πλείονος
1354 2381 1553 2451 μᾶλλον
1589 2381 1752 2444 αὐτὸς
1795 2381 1932 2434 ἀπο-

337 2474 524 2528 λαύων
548 2473 752 2540 ἀδείας,
774 2472 870 2528 καὶ
899 2469 1010 2526 τῶν
1035 2471 1327 2537 ξαινόντων
1353 2471 1538 2527 αὐτῶν
1557 2471 1931 2542 ἐκπαθέστερον

338 2565 708 2635 διακείμενος,
747 2563 986 2633 εὐγενῶς
1021 2563 1259 2635 μάλιστα
1289 2565 1384 2617 καὶ
1418 2562 1812 2634 μεγαλοψύχως
1849 2563 1930 2636 τῷ

343 2653 662 2730 ἀγωνοθέτῃ
695 2653 816 2725 Θεῷ
847 2653 1195 2727 ηὐχαρίστει.

417 2751 506 2803 K'.
547 2747 635 2812 Ὠς
669 2748 725 2800 δὲ
755 2749 944 2819 χρόνος
977 2745 1224 2817 ἐτρίϐετο
1252 2749 1320 2818 τῇ
1348 2745 1591 2818 τιμωρίᾳ
1615 2748 1803 2813 πολὺς,
1837 2747 1931 2800 καὶ

344 2843 605 2912 παρεῖντο
659 2838 758 2910 μὲν
807 2837 918 2900 τοῖς
965 2837 1182 2909 δημίοις
1219 2837 1276 2889 αί
1301 2838 1504 2906 χεῖρες,
1545 2837 1574 2889 ὀ
1622 2837 1831 2907 μάρτυς
1872 2836 1930 2890 δὲ

343 2933 441 3005 τὴν
470 2927 644 3002 αὐτὴν
687 2929 1038 2983 ἐπεδείκνυτο
1065 2927 1444 2997 γενναιότητα,
1469 2927 1811 2997 ὑποχαλάσαι
1838 2927 1929 2982 τὸν

341 3023 496 3078 τόνον
526 3021 692 3076 αὑτοῦ
737 3021 836 3091 τῆς
877 3020 1127 3090 ἀνδρείας
1171 3018 1496 3090 βουλόμενος
1529 3021 1557 3072 ὀ
1600 3017 1803 3089 ἄρχων,
1836 3019 1927 3090 Μὴ

343 3114 557 3186 νόμιζε,
593 3108 772 3177 εἶπεν,
807 3106 852 3164 ὦ
881 3108 1060 3176 οὗτος,
1087 3112 1182 3165 καὶ
1230 3111 1394 3164 αὐτὸν
1425 3111 1526 3180 ἐμὲ
1561 3113 1626 3180 τῇ
1660 3109 1929 3181 καρτερίᾳ

345 3205 677 3276 ὑπερϐαλεῖν
702 3222 715 3236 ·
743 3204 861 3258 ἀλλ’
889 3207 938 3258 εί
963 3205 1059 3258 καὶ
1086 3203 1146 3256 τὸ
1180 3204 1315 3256 πολὺ
1342 3202 1442 3272 τῆς
1471 3202 1623 3272 ὧρας
1657 3203 1852 3273 μικρόν
1873 3221 1928 3256 τι

347 3299 444 3363 τὰς
465 3298 648 3363 δεξιὰς
670 3298 868 3368 καμεῖν
889 3297 1015 3360 τοὺς
1039 3297 1324 3363 ξαίνοντας
1349 3295 1789 3367 παρεσκεύασεν,
1815 3295 1936 3351 ἀλλ’

347 3391 457 3458 ἐγὼ
499 3391 664 3444 πάλιν
712 3391 936 3460 ἑτέρους
971 3391 1425 3460 ἀντικαταστήσω
1474 3409 1558 3444 σοι
1599 3391 1850 3462 νεαροὺς,
1879 3390 1932 3443 οἶ

344 3485 405 3537 οὐ
436 3483 703 3553 πρότερον
736 3482 996 3551 ἀνήσουσι
1031 3483 1326 3548 ξαίνοντες,
1360 3485 1489 3554 πρὶν
1518 3485 1582 3537 ἂν
1629 3484 1814 3555 γυμνά
1849 3499 1930 3536 σοι

349 3575 574 3647 σαρκῶν
619 3574 691 3630 τά
745 3577 880 3630 ὀστᾶ
929 3573 1292 3628 καταλίπωσι.
1323 3576 1432 3627 Καὶ
1486 3576 1688 3629 αὐτίκα
1742 3575 1930 3645 δήμιοι

348 3670 512 3723 πάλιν
545 3671 610 3723 ὲκ
663 3668 914 3739 διαδοχῆς
960 3667 1051 3720 τὸν
1100 3668 1357 3739 μάρτυρα
1408 3669 1804 3738 περιστάντες,
1861 3666 1931 3719 τὰ

347 3763 510 3832 ὅμοια
529 3759 722 3814 τοῦτον
753 3760 848 3812 καὶ⁵
873 3759 1058 3822 αὐτοῖς
1090 3760 1202 3822 τοῖς
1233 3758 1522 3828 προτέροις
1546 3758 1781 3824 ἐποίουν,
1825 3757 1929 3821 ἕως

347 3855 444 3909 καὶ
469 3854 652 3917 αὐτοῖς
683 3851 888 3922 ὁμοίως
916 3851 1099 3905 ἀτονοί
1125 3867 1186 3903 τε
1226 3850 1324 3904 καὶ
1359 3851 1608 3913 ἀσθενεῖς
1642 3850 1698 3902 at
1749 3851 1934 3920 χεῖρες

348 3951 716 4017 κατέστησαν.
751 3943 811 4001 ὐ
840 3948 1022 4002 τοίνυν
1043 3946 1273 4016 ἀνόητος
1313 3947 1499 4016 ἄρχων
1524 3947 1755 4010 ἐκεῖνος,
1775 3944 1936 3997 τοῦτο

352 4042 452 4113 μὲν
473 4041 570 4094 τοῦ
605 4041 882 4112 μάρτυρος
906 4039 1006 4111 τὴν
1032 4039 1330 4110 καρτερίαν
1363 4039 1758 4108 καταπλαγεὶς,
1778 4037 1936 4092 τοῦτο

346 4131 403 4186 δὲ
433 4134 500 4201 τῇ
519 4131 707 4201 ἀτονία
730 4130 840 4185 τῶν
865 4131 1076 4200 δημίων
1103 4129 1511 4200 ἂπαισχυνθεὶς,
1542 4129 1934 4200 κατενεχθῆναι

347 4225 511 4277 αὐτὸν
537 4222 753 4276 κελεύει
799 4221 1125 4290 τοῦξύλου.
1177 4222 1237 4277 '0
1263 4222 1334 4275 ’δὲ
1378 4218 1448 4294 ἦν
1491 4223 1601 4293 ἀρα
1650 4216 1761 4275 οἷον
1809 4220 1935 4275 οὕτε

349 4315 562 4387 δημίων
605 4314 732 4368 ίὸεϊν
758 4315 1049 4386 ὀφθαλμοὶ,
1087 4312 1212 4368 οὔτε
1255 4316 1437 4385 χεῖρες
1479 4314 1755 4385 ὑπέμενον
1795 4313 1938 4384 ἀψα-

352 4407 514 4462 σθαι·
543 4408 875 4478 γεγύμνωτο
928 4407 1026 4478 μὲν
1071 4408 1182 4477 γὰρ
1226 4408 1336 4461 τῶν
1383 4407 1606 4478 σαρκῶν
1641 4409 1796 4473 ὅλος,
1842 4405 1937 4462 καὶ

349 4501 557 4566 ταύτας
588 4501 845 4572 καθάπερ
881 4501 1097 4570 ἱμάτιον
1123 4501 1435 4565 ἀποδέδυτο,
1471 4501 1616 4573 μόνῳ
1645 4501 1702 4554 δὲ
1727 4500 1937 4571 ἄνθρω-

350 4610 450 4657 πος
478 4595 619 4647 εἶναι
650 4593 730 4664 τῷ
755 4594 1007 4665 πήγματι
1036 4593 1148 4648 τῶν
1177 4593 1352 4647 ὀστῶν
1388 4592 1573 4663 ἐῴκει,
1600 4592 1938 4656 καὶτούτοις

350 4687 545 4756 αἵματι
584 4687 995 4757 κεχρωσμένοις
1039 4685 1354 4758 παράλογόν
1384 4703 1438 4739 τι
1474 4686 1675 4756 θέαμα,
1711 4687 1804 4741 καὶ
1837 4685 1938 4757 τὴν

347 4773 472 4843 δψιν
493 4773 721 4828 αὐτόθεν
745 4774 954 4843 ίλίγγου
980 4775 1225 4846 πληροῦν
1249 4775 1566 4846 δυνάμενον.

419 5055 552 5112 KA'.
597 5053 715 5125 Ἐφ’
751 5049 832 5119 οἷς
879 5056 940 5109 τὸ
971 5055 1252 5127 βιάζεσθαι
1292 5056 1387 5111 καὶ
1434 5057 1687 5122 κολάζειν
1718 5057 1931 5124 ἐκεῖνος

2031 1188 2145 1253 cia,
2176 1187 2392 1256 abjecta
2447 1203 2679 1259 persona
2711 1204 2948 1259 praeses,
2982 1205 3146 1260 quam
3175 1191 3306 1247 olim
3357 1193 3408 1246 iu
3441 1195 3618 1264 ipsum

2033 1281 2375 1352 parturiebat
2406 1281 2707 1345 insaniam,
2740 1295 2861 1334 eam
2890 1282 3146 1352 produxit
3169 1283 3222 1338 in
3259 1286 3491 1341 medium
3528 1299 3624 1342 :et

2030 1389 2154 1436 cum
2187 1375 2474 1430 sublimem
2533 1390 2694 1445 super
2733 1375 2936 1444 lignum
2983 1377 3168 1432 statim
3217 1378 3479 1435 athletam
3522 1397 3621 1437 su-

2032 1467 2314 1524 stulissent
2362 1467 2452 1538 qui
2488 1468 2750 1531 aderant,
2797 1467 2940 1539 quod
2992 1469 3040 1524 is
3071 1471 3143 1524 ita
3189 1469 3474 1542 jussisset,
3501 1473 3622 1539 ejus

2031 1557 2203 1613 latera
2255 1558 2552 1626 laniabant,
2614 1569 2667 1615 et
2715 1560 3113 1629 acclamabaut,
3173 1577 3243 1618 ne
3277 1564 3428 1633 jussa
3489 1581 3622 1620 con-

2035 1660 2302 1707 temneret
2351 1651 2716 1720 imperatoris.
2755 1651 3018 1708 Profundi
3061 1653 3244 1724 itaque
3279 1655 3415 1711 sulci
3458 1671 3619 1712 seca-

2030 1743 2233 1798 bantur
2264 1741 2316 1796 iu
2351 1742 2496 1797 illius
2523 1743 2802 1809 carnibus,
2835 1752 2890 1798 et
2922 1758 3108 1799 earum
3143 1760 3338 1814 magna
3371 1761 3496 1815 pars
3519 1762 3619 1801 au-

2035 1833 2328 1899 ferebatur,
2372 1843 2427 1890 ει
2472 1833 2645 1890 forma
2690 1835 3026 1891 internarum
3070 1837 3418 1907 aperiebatur
3447 1839 3623 1894 visae:-

2034 1942 2174 1991 rum,
2197 1935 2342 1982 utne
2369 1921 2647 1981 hominum
2668 1926 2885 1996 quidem
2915 1926 3085 1981 oculis
3108 1936 3252 1982 esset
3275 1927 3618 1983 tolerandum

2033 2018 2427 2090 spectaculum.
2463 2018 2554 2074 Ille
2587 2027 2768 2074 autem
2812 2034 2919 2073 non
2948 2027 3031 2075 est
3063 2019 3247 2074 animo
3277 2032 3584 2077 commotus
3604 2063 3619 2088 ,

2033 2124 2143 2163 non
2201 2107 2432 2163 mutavit
2468 2105 2696 2163 formam
2723 2147 2740 2176 ,
2793 2124 2900 2164 non
2943 2122 3150 2163 evocem
3176 2149 3191 2174 ,
3246 2127 3351 2165 non
3393 2111 3619 2166 verbum

2033 2200 2214 2257 emisit
2266 2201 2614 2268 miserabile,
2670 2216 2774 2256 non
2824 2201 3084 2270 gemitum
3141 2200 3260 2269 ejus
3293 2193 3384 2272 qui
3434 2202 3625 2259 dolore

2034 2294 2310 2348 cruciatur
2344 2312 2358 2348 :
2398 2289 2491 2348 sed
2516 2295 2744 2366 perinde
2772 2311 2834 2349 ac
2862 2295 2908 2349 si
2945 2304 3091 2349 esset
3127 2295 3372 2350 securior
3400 2296 3488 2360 iis,
3528 2297 3621 2366 qui

2035 2382 2263 2440 aderant
2284 2395 2338 2440 et
2362 2385 2894 2456 contemplabantur,
2921 2394 2975 2440 et
3002 2386 3179 2440 minus
3205 2387 3432 2442 sentiret
3455 2401 3620 2456 quam

1963 2455 2007 2510 Β
2035 2475 2134 2545 ipsi
2166 2476 2256 2547 qui
2288 2455 2814 2548 caedebant,magno
2839 2478 3024 2533 animo
3056 2477 3249 2550 agebat
3277 2455 3486 2550 gratias,
3513 2478 3623 2534 Deo

2032 2570 2374 2638 agonothetzn

2099 2753 2222 2810 XX.
2257 2754 2393 2810 Cum
2423 2766 2553 2809 vero
2590 2751 2642 2808 in
2683 2754 2802 2824 ejus
2841 2753 3110 2824 supplicio
3140 2753 3368 2810 multum
3407 2766 3616 2827 tempo-

2030 2846 2107 2900 ris
2133 2851 2576 2906 consumeretur,
2601 2851 2656 2897 et
2688 2843 2930 2898 remissae
2962 2841 3178 2913 quidem
3213 2855 3397 2899 essent
3430 2861 3622 2902 manus

2031 2935 2316 2991 lictoribus
2342 2975 2356 3001 ,
2393 2943 2605 3006 martyr
2639 2944 2821 2990 autem
2859 2935 3107 2990 eurudem
3143 2935 3338 2992 fortem
3371 2945 3424 2991 et
3454 2953 3622 3008 gene-

2031 3043 2215 3082 rosum
2262 3027 2571 3082 ostenderet
2611 3029 2852 3082 animum
2880 3069 2894 3094 ,
2946 3027 3135 3080 volens
3174 3042 3375 3096 praeses
3425 3028 3620 3083 dissol~

2032 3135 2157 3174 wre
2198 3119 2352 3174 fortis
2388 3120 2505 3190 ejus
2541 3119 2707 3172 animi
2752 3120 2919 3174 robur
2944 3161 2957 3184 ,
2997 3117 3150 3183 Noli,
3191 3120 3386 3188 inquit,
3443 3136 3475 3176 ο
3525 3129 3578 3174 ιιι
3603 3162 3617 3180 .

2031 3212 2346 3265 existimare
2380 3207 2520 3276 fore,
2557 3223 2614 3264 ut
2651 3219 2704 3263 tu
2739 3225 2822 3264 me
2855 3225 3079 3280 superes
3120 3211 3440 3265 fortitudine
3474 3231 3488 3266 :
3525 3215 3620 3267 sed

2031 3305 2129 3359 etsi
2157 3304 2375 3372 longum
2406 3315 2620 3372 tempus
2640 3301 2904 3367 effecerit,
2931 3314 2988 3356 ut
3015 3317 3225 3370 eorum,
3259 3304 3352 3375 qui
3385 3305 3619 3369 caedunt,

2033 3394 2271 3450 dextera:
2299 3396 2408 3449 sint
2445 3407 2635 3463 parum
2685 3394 2931 3461 defessa),
2982 3403 3036 3447 at
3080 3410 3180 3465 ego
3210 3412 3403 3449 rursus
3431 3411 3621 3450 eorum

2037 3485 2156 3539 loco
2189 3485 2327 3540 alios
2362 3493 2557 3553 ponam
2602 3493 2868 3548 recentes,
2910 3484 3000 3553 qui
3037 3497 3143 3538 non
3183 3486 3333 3553 prius
3369 3494 3419 3540 te
3446 3501 3626 3539 cessa.

2036 3576 2171 3632 bunt
2197 3575 2428 3641 caedere,
2459 3591 2618 3645 quam
2647 3577 2790 3630 nuda
2819 3577 3080 3630 carnibus
3106 3590 3231 3630 ossa
3269 3585 3355 3630 tua
3391 3575 3625 3648 relique-

2036 3669 2166 3722 rint.
2230 3666 2536 3736 Statimque
2589 3667 2808 3723 lictores
2873 3684 2940 3722 ex
3017 3668 3368 3724 successione
3429 3685 3622 3724 rursus

2036 3766 2332 3828 martyrem
2366 3757 2850 3823 circumsistentes,
2887 3759 2934 3814 ei
2969 3773 3185 3828 quoque
3221 3759 3420 3814 similia
3463 3759 3623 3815 faeie-

2007 3863 2009 3865 ·
2037 3848 2171 3903 bant
2204 3846 2478 3917 prioribus
2499 3888 2514 3912 ,
2556 3849 2728 3904 donec
2771 3853 2854 3904 eis
2892 3863 3106 3918 quoque
3139 3849 3393 3904 similiter
3427 3866 3623 3906 manus

2036 3939 2325 3995 imbecilla:
2382 3937 2600 3994 fuerunt
2657 3947 2712 3995 et
2773 3941 3019 3998 defessae.
3072 3941 3167 3997 ille
3234 3957 3364 4013 ergo
3425 3941 3623 3998 stultus

2037 4047 2264 4104 praeses,
2294 4033 2489 4104 partim
2518 4032 2735 4103 quidem
2766 4033 3066 4088 admiratur
3088 4034 3343 4103 martyris
3371 4042 3624 4090 constan-

2037 4126 2168 4180 tiam
2196 4163 2210 4190 ,
2245 4125 2442 4192 partim
2474 4133 2654 4180 autem
2699 4125 2906 4195 pudore
2942 4122 3168 4180 affectus
3213 4135 3434 4195 propter
3468 4125 3625 4182 licto-

2037 4231 2157 4270 rum
2211 4216 2677 4282 imbecillitatem,
2726 4216 2892 4286 jussit
2940 4231 3064 4271 eum
3095 4216 3291 4284 deponi
3348 4219 3414 4272 de
3457 4218 3603 4290 ligno

2037 4308 2134 4364 Ille
2166 4321 2298 4364 vero
2325 4307 2450 4363 talis
2479 4316 2620 4375 erat,
2650 4308 2864 4377 qualem
2893 4321 2994 4364 nec
3023 4308 3166 4364 oculi
3191 4309 3440 4365 lictorum
3475 4312 3622 4382 aspi-

2037 4413 2198 4468 cere,
2234 4414 2416 4470 neque
2447 4413 2644 4454 manus
2671 4401 3014 4456 sustinebant
3042 4409 3295 4471 tangere,
3330 4410 3445 4455 erat
3476 4401 3622 4456 enim

2036 4495 2261 4550 omnino
2309 4493 2545 4549 nudatus
2595 4493 2895 4558 carnibus,
2945 4492 3129 4559 eisque
3180 4503 3438 4560 tanquam
3473 4501 3622 4547 veste

2035 4599 2157 4648 erat
2195 4597 2438 4644 exutus:
2479 4585 2653 4642 solum
2701 4593 2882 4640 autem
2911 4593 3221 4654 propterea,
3253 4583 3395 4653 quod
3434 4596 3621 4640 essent

2035 4697 2160 4740 ossa
2195 4681 2322 4746 lixa,
2363 4680 2526 4736 homo
2565 4689 2688 4734 esse
2721 4676 3046 4744 videbatur;
3092 4690 3214 4746 quae
3255 4676 3371 4746 ipsa
3408 4692 3624 4746 quoque

2037 4781 2194 4832 erant
2225 4775 2359 4830 illita
2400 4772 2684 4843 sanguine,
2730 4769 3000 4841 quoddam
3045 4781 3242 4823 novum
3291 4777 3347 4824 et
3380 4770 3619 4825 alienum

2039 4867 2448 4938 spectaculum,
2487 4873 2542 4920 et
2579 4861 2725 4935 quod
2773 4863 2860 4918 vel
2898 4876 2964 4917 ex
3016 4875 3076 4917 se
3103 4860 3274 4931 possit
3309 4859 3525 4917 efﬁcere
3568 4874 3625 4918 ut

2037 4962 2275 5030 caligent
2306 4958 2464 5014 oculi.

2110 5052 2256 5110 XXI.
2290 5049 2557 5119 Quocirca
2615 5062 2738 5104 cum
2781 5047 2872 5104 ille
2904 5047 3251 5117 desperasset
3295 5062 3353 5104 se
3383 5065 3542 5119 posse
3574 5051 3620 5106 ci

346 5147 758 5223 ἀπαγορεύσας,
788 5148 864 5213 ὡς
888 5147 1043 5203 οὐδὲν
1063 5147 1212 5221 αὐτῷ
1236 5149 1405 5220 φανὲν
1439 5151 1733 5222 χρήσιμον,
1757 5151 1931 5206 πειθοι

2038 5148 2148 5200 vim
2176 5145 2374 5200 aﬂerre
2399 5152 2455 5198 et
2482 5143 2773 5210 castigare,
2806 5149 2992 5219 utpote
3024 5139 3169 5213 quod
3197 5143 3245 5198 ei
3281 5142 3454 5197 visum
3478 5155 3624 5198 esset

351 5242 487 5310 πρὸς
526 5243 690 5296 αὐτὸν
733 5238 888 5306 αὖθις
919 5242 1122 5313 ἐχρῆτο
1162 5243 1255 5296 καὶ
1293 5243 1632 5316 προσηνείᾳ·
1677 5243 1803 5311 καὶ,
1835 5245 1939 5300 Δύο

351 5349 455 5401 σοι,
489 5334 697 5404 ἔλεγεν,
721 5329 768 5389 ὦ
785 5335 902 5406 Κλή
913 5353 1012 5406 μη,
1034 5335 1145 5388 τῶν
1171 5323 1493 5407 ἀνηκέστων
1522 5336 1726 5392 τούτων
1751 5339 1939 5393 κακῶν

351 5427 647 5496 γεγόνασιν
680 5429 850 5493 αἴτια,
882 5429 1078 5499 φθόνος
1101 5427 1197 5482 καὶ
1225 5427 1370 5500 ἔρις·
1401 5427 1515 5482 ἀλλ’
1547 5431 1576 5484 ὀ
1609 5430 1714 5501 μὲν
1742 5431 1936 5499 φθόνος

351 5534 435 5572 σοι
469 5521 619 5593 παρά
660 5521 761 5590 τῆς
792 5520 965 5592 τύχης
1007 5519 1345 5592 ἀπήντησεν,
1380 5521 1504 5592 ἥτις
1545 5521 1639 5574 καὶ
1698 5521 1930 5590 βασκαί-

348 5609 522 5664 νουσά
555 5625 639 5665 σοι
675 5610 893 5673 πάντως
920 5612 1021 5664 οὐκ
1055 5610 1118 5681 ἐᾷ
1157 5610 1301 5664 κατὰ
1339 5609 1466 5663 νοῦν
1498 5611 1698 5684 χωρεῖν
1747 5627 1829 5664 σοι
1860 5611 1928 5666 τὰ

349 5701 679 5772 πράγματα.
720 5703 816 5756 Ἐκ
857 5701 914 5756 δὲ
957 5702 1172 5772 φύσεως
1196 5703 1257 5756 τὸ
1287 5701 1621 5772 φιλόνεικονο
1653 5700 1790 5772 αὓτη
1821 5703 1926 5772 γὰρ

353 5797 431 5856 είς
464 5795 695 5865 ἄκαιρόν
750 5811 809 5848 σε
863 5795 1025 5851 πάλιν
1069 5795 1420 5866 ὑποθήγουσα
1459 5795 1605 5862 ἔριν,
1643 5797 1929 5868 πεισθῆναι

353 5888 484 5956 ἡμῖν
518 5887 796 5956 ἀπείργει,
837 5889 927 5940 καὶ
958 5887 1044 5942 διὰ
1091 5887 1248 5942 τοῦτο
1291 5890 1480 5950 κακοῖς
1513 5886 1612 5956 μιν
1667 5905 1726 5943 σε
1767 5904 1925 5957 περι-

2040 5241 2250 5306 inutile,
2292 5237 2645 5310 persuasione
2687 5245 2883 5290 rursus
2929 5233 3068 5302 apud
3106 5249 3232 5288 eum
3281 5233 3537 5288 utebatur
3570 5245 3624 5289 et

2037 5335 2281 5400 lenitate,
2327 5341 2384 5386 et
2414 5348 2429 5387 :
2474 5328 2604 5383 Duae
2639 5325 2768 5393 tibi,
2817 5325 3030 5391 aiebat,
3061 5342 3094 5382 ο
3129 5319 3421 5393 Clemens,
3470 5327 3624 5383 fuere

2037 5442 2217 5484 causa:
2253 5433 2531 5482 tantorum
2583 5419 2883 5486 malorum,
2920 5418 3123 5475 invidia
3171 5428 3228 5475 et
3274 5423 3554 5476 contentio
3605 5434 3622 5482 :

2042 5520 2135 5577 sed
2168 5520 2234 5574 ad
2275 5525 2330 5572 te
2374 5515 2593 5587 quidem
2626 5527 2656 5567 a
2698 5513 2916 5568 fortuna
2957 5512 3202 5581 pervenit
3233 5510 3472 5581 invidia,
3505 5531 3624 5584 qua:

2045 5613 2140 5668 tibi
2177 5608 2402 5665 omnino
2444 5605 2724 5672 invidens,
2758 5617 2863 5660 non
2908 5603 3038 5660 sinit
3073 5619 3160 5660 res
3187 5604 3286 5660 tibi
3330 5609 3623 5663 succedere

2041 5721 2105 5761 ex
2133 5702 2426 5760 sententia.
2462 5700 2506 5754 A
2540 5707 2735 5754 natura
2766 5706 2945 5753 autem
2977 5696 3177 5752 esttibi
3205 5699 3482 5754 conten-tio
3516 5719 3528 5752 :
3560 5715 3620 5753 ea

2037 5799 2183 5854 enim
2224 5806 2276 5851 te
2329 5796 2392 5848 ad
2426 5789 2861 5860 interupestit'am
2911 5803 3096 5844 rursus
3149 5789 3295 5844 li‘tem
3349 5792 3616 5858 liit‘i‘iatls,

2034 5886 2284 5956 prohibet
2327 5884 2620 5955 quominus
2656 5878 2820 5940 nobis
2863 5894 3090 5951 pareas;
3120 5889 3171 5937 et
3218 5881 3340 5938 ideo
3389 5881 3440 5938 in
3481 5883 3630 5938 mala
