4116 6412
537 473 639 540 831
1790 474 2072 536 MENSIS
2111 469 2572 536 JANUARIUS.
3713 460 3825 525 832

539 599 594 645 te
624 588 856 660 conjecit
887 597 1171 656 extrema;
1213 590 1428 662 magnis
1457 599 1638 648 autem
1673 591 1908 662 privarit
1945 603 2135 646 mune-

2252 585 2474 656 5ἐ6).ηκε
2505 585 2619 647 τοῖς
2643 581 2894 653 ἐσχάτοις
2918 597 2931 614 ο
2969 579 3226 652 μεγάλων
3253 577 3311 632 δέ
3337 574 3688 646 ἀπεστέρησε
3726 574 3830 627 δω-

539 683 716 747 ribus,
749 695 869 751 quae
917 695 1040 735 eras
1070 694 1491 750 consecuturus,
1526 684 1571 738 si
1619 681 1894 738 voluisses
1941 683 2136 738 cedere

2252 677 2422 742 νεῶν,
2468 671 2545 731 ὧν
2599 675 2898 729 ἀπολαύειν
2950 673 3178 744 ἔμελλες
3227 669 3316 736 ἂν,
3364 671 3412 723 εί
3461 666 3538 738 τῷ
3570 665 3834 738 βασιλικῷ

531 777 709 847 jussui
761 777 1132 849 imperatoris.
1164 776 1264 834 Vel
1295 779 1477 848 potius
1521 779 1618 834 tibi
1653 793 1874 850 quoque
1914 776 2132 832 fortuna

538 873 726 943 injecit
781 874 1234 940 contentionem,
1285 871 1474 928 volens
1526 873 1622 928 tibi
1671 873 1817 929 omni
1864 887 1931 927 ex
1980 880 2136 940 parte

541 967 841 1032 adversari,
874 977 927 1022 et
961 977 1050 1021 tua
1080 982 1299 1037 semper
1327 965 1679 1022 labefactare.
1718 964 1824 1021 Sed
1861 965 1943 1020 vel
1973 965 2136 1020 breve

457 1111 464 1125 ,
544 1059 760 1129 aliquod
797 1070 1134 1114 momentum
1171 1060 1434 1130 temporis
1464 1075 1627 1130 parce
1657 1061 1859 1116 misero
1891 1058 2133 1128 corpori,

543 1163 594 1207 et
649 1153 795 1219 noli,
837 1152 964 1206 dum
1017 1153 1071 1206 in
1123 1167 1183 1206 re
1224 1167 1362 1207 vana
1405 1152 1486 1207 vis
1527 1152 1818 1207 ostendere
1857 1151 2134 1221 egregiam

544 1243 711 1297 animi
750 1242 1140 1311 constantiam,
1178 1242 1526 1297 immaturam
1570 1253 1807 1297 mortem
1842 1253 1894 1296 et
1929 1241 2136 1297 violen-

546 1347 654 1391 tam
687 1338 893 1392 subire.

616 1430 781 1486 XXII.
840 1432 919 1486 Ad
959 1431 1075 1486 haec
1103 1429 1358 1486 Clemens
1389 1426 1769 1492 admirabilis,
1807 1427 1942 1482 alias
1993 1423 2139 1482 illius

545 1537 718 1588 nugas
766 1536 833 1576 ne
868 1501 1149 1574 minimum
1196 1519 1416 1589 quidem
1446 1532 1684 1582 curans,
1714 1516 1818 1571 hoc
1871 1517 1920 1570 ei
1959 1517 2136 1572 solum

545 1611 826 1681 respondit
877 1629 892 1666 :
929 1597 1064 1677 Quae
1095 1609 1226 1663 mihi
1280 1625 1308 1663 a
1346 1620 1397 1664 te
1431 1623 1580 1664 mors
1612 1616 1694 1663 est
1745 1605 2018 1663 aﬁ‘erenda
2044 1648 2060 1673 ,
2104 1621 2139 1662 ο

539 1703 740 1775 jmlex,
797 1711 850 1757 et
898 1701 1114 1772 corpori
1163 1700 1418 1756 interitus
1455 1701 1804 1767 vacuitatem,
1847 1711 1903 1756 et
1942 1699 2140 1755 anima:

543 1795 708 1849 ellicit
750 1795 1254 1862 ,immortalitatem.
1309 1793 1378 1850 Et
1445 1794 1580 1861 ItOe,
1633 1795 1810 1865 inquit
1855 1794 2134 1860 vicarius,

543 1887 768 1942 omnino
816 1895 900 1942 est
951 1897 1148 1943 vestrae
1195 1886 1473 1953 stultitiae,
1509 1888 1560 1942 id
1601 1889 1747 1958 quod
1785 1897 1867 1943 est
1900 1889 2134 1950 bonum,

2239 771 2490 825 ὑπείκειν
2527 769 2750 824 ἐϐούλου
2785 767 3174 838 προστάγματι
3199 780 3214 796 ο
3269 762 3470 834 μᾶλλον
3503 760 3562 814 δέ
3610 776 3694 812 σοι
3737 757 3838 812 καὶ

2238 845 2339 934 τὴν
2365 863 2481 936 ἔριν
2506 865 2539 935 ἡ
2569 862 2710 934 τύχη
2735 861 2992 916 ἐνέϐαλεν
3019 855 3398 914 ἐναντιοῦσθαί
3435 871 3516 908 σοι
3553 851 3834 922 πανταχοῦ

2240 957 2335 1012 καὶ
2383 956 2642 1026 σφάλλειν
2696 955 2783 1009 ἀεὶ
2822 955 2891 1009 τὰ
2930 953 3000 1008 σά
3051 951 3376 1024 βουλομένη.
3441 947 3606 1001 Ἀλλά
3649 947 3837 1014 φεῖσαι

2240 1049 2344 1104 κᾶν
2381 1049 2643 1121 βραχεῖαν
2690 1045 2890 1119 καιροῦ
2935 1044 3110 1117 ῥοπὴν
3141 1042 3237 1097 τοῦ
3279 1041 3466 1096 ἀθλίου
3508 1056 3603 1094 σου
3638 1037 3836 1092 τούτου

2241 1142 2513 1214 σώματος,
2540 1133 2636 1196 καὶ
2677 1140 2753 1212 μὴ
2792 1137 2870 1211 τῷ
2902 1135 3191 1210 βούλεσθαι
3239 1132 3442 1204 δῆθεν,
3481 1131 3575 1186 ἐπὶ
3617 1128 3840 1201 ματαίῳ

2243 1235 2588 1306 παράστημα
2636 1235 2888 1303 γενναῖον
2936 1226 3206 1294 ἐπιδεῖξαι
3240 1227 3443 1298 ψυχῆς,
3473 1225 3652 1294 ἄωρον
3699 1222 3843 1275 ύπο-

2243 1329 2374 1399 στῇς
2401 1325 2544 1379 οὕτω
2573 1325 2670 1379 καὶ
2706 1324 3017 1395 βιαιότατον
3050 1322 3300 1376 θάνατον.

2312 1417 2443 1474 KB'.
2478 1417 2624 1490 Πρὸς
2649 1416 2827 1473 ταῦτα
2847 1414 3214 1486 ό,θαυμαστὸς
3231 1412 3491 1482 Κλήμης,
3519 1409 3630 1462 τῶν
3658 1408 3840 1464 ἄλλων

2240 1512 2452 1568 ἐκείνου
2485 1513 2673 1584 λήρων
2717 1511 2856 1584 μηδέ
2906 1510 3066 1579 ὀλίγα
3111 1504 3430 1576 φροντίσας,
3488 1501 3648 1556 τοῦτο
3698 1501 3840 1570 πρὸς

2241 1604 2408 1660 αὐτὸν
2440 1605 2778 1676 ἀπεκρίνατο
2804 1601 2989 1674 μόνον,
3022 1599 3097 1664 ὡς
3131 1598 3195 1652 '0
3232 1595 3385 1666 παρά
3419 1594 3514 1648 σοῦ
3553 1610 3644 1664 μοι
3674 1592 3844 1646 θάνα-

2241 1716 2356 1765 τος,
2398 1693 2444 1754 ὦ
2489 1696 2751 1764 δικαστά,
2789 1696 2884 1750 καὶ
2930 1695 3011 1765 τῷ
3069 1691 3288 1764 σώματι
3341 1688 3686 1760 ἀφθαρσίαν,
3741 1685 3846 1741 καὶ

2240 1789 2543 1845 ἀθανασίαν
2589 1789 2692 1860 τῆς
2735 1788 2916 1860 ψυχῆς
2964 1783 3390 1858 κατεργάζεται.
3451 1781 3564 1836 Kal
3609 1783 3636 1835 ό
3678 1779 3844 1850 βικά·

2247 1900 2383 1954 ριος,
2419 1883 2534 1937 Kal
2563 1881 2745 1946 τοῦτο,
2803 1879 2961 1951 φησί,
2999 1879 3099 1948 τῆς
3137 1875 3410 1947 ὑμετέρας
3445 1873 3665 1936 πάντως
3721 1889 3841 1941 μω-

546 1991 720 2045 usque
746 1977 880 2031 adeo
904 1977 1160 2048 ignorare
1180 1988 1234 2032 ct
1264 1978 1563 2050 negligere,
1595 1991 1654 2034 ut
1675 1989 1728 2035 et
1757 1979 1968 2034 dulcem
1999 1981 2140 2036 hanc

2252 1978 2390 2048 ρίας,
2418 1978 2481 2028 τὸ
2517 1975 2612 2030 καὶ
2631 1972 2861 2046 ἀμαθῶς
2892 1972 3037 2043 ἔχειν
3071 1971 3164 2024 καὶ
3207 1967 3490 2038 ὀλιγώρως
3520 1965 3843 2020 παντάπασι

545 2071 746 2134 lucem,
776 2071 1178 2141 benignumque
1203 2081 1257 2127 et
1292 2071 1473 2127 laetum
1509 2072 1638 2126 illud
1675 2082 1909 2142 astrum,
1947 2089 2142 2143 nempe

547 2161 740 2227 solem,
775 2178 895 2233 quae
927 2164 994 2217 ad
1019 2162 1310 2218 frui-udum
1335 2173 1390 2217 et
1423 2180 1522 2220 nos
1547 2165 1899 2220 oblectandos
1927 2165 2000 2219 dii
2045 2181 2144 2218 no-

544 2254 632 2310 bis
664 2266 1079 2322 concesserunt,
1109 2272 1206 2328 spe
1249 2256 1486 2328 alicujus
1513 2256 1739 2314 alterius
1769 2257 1990 2314 incertae
2023 2257 2144 2312 vitae

547 2347 835 2403 amittatis.
883 2345 1100 2404 Etenim
1155 2349 1200 2404 si
1252 2364 1442 2405 rursus
1483 2349 1536 2403 in
1578 2351 1768 2405 eadem
1817 2364 2144 2420 permaneas

549 2439 950 2505 inobedientia,
1007 2443 1288 2513 acceperis
1329 2443 1548 2513 quidem
1582 2443 1817 2513 aliquam
1859 2443 2080 2498 brevem
2111 2457 2142 2497 a

549 2533 838 2588 tormentis
868 2533 1208 2601 dilationem,
1241 2551 1310 2590 ne
1342 2544 1450 2590 tam
1491 2535 1906 2591 vehementibus
1931 2534 2143 2606 suppli-

548 2624 651 2681 ciis
693 2626 788 2681 tibi
829 2641 1032 2696 corpus
1068 2626 1436 2695 dcfatigetur;
1473 2627 1570 2684 sed
1602 2628 1718 2683 haec
1747 2628 2000 2682 remissio
2037 2627 2145 2682 erit

549 2713 648 2768 tibi
680 2715 839 2786 paulo
869 2727 987 2786 post
1009 2733 1180 2774 causa
1215 2719 1480 2789 majorum
1515 2718 1781 2776 malorum
1805 2737 1818 2786 ;
1846 2727 1902 2775 et
1930 2734 2052 2775 eum
2090 2728 2144 2775 te

549 2820 721 2876 parvo
759 2817 1005 2879 tempore
1037 2809 1352 2881 collegeris,
1396 2811 1606 2882 magnis
1649 2827 1839 2868 rursus
1871 2821 1927 2868 et
1977 2812 2142 2868 variis

551 2899 787 2955 traderis
846 2902 1130 2971 suppliciis
1189 2921 1204 2958 :
1259 2920 1531 2974 quorum,
1591 2913 1649 2960 ut
1713 2905 1845 2960 mihi
1906 2905 2140 2972 videtur,

550 2991 732 3046 anima
762 3007 978 3063 quoque
1002 3010 1034 3050 e
1076 3009 1306 3065 corpore
1340 2998 1634 3062 excedens.
1666 3011 1888 3054 sensum
1925 2997 2147 3054 habebit

550 3083 904 3140 acerrimum.
946 3085 1152 3158 Martyr
1209 3096 1389 3143 autem
1453 3108 1468 3145 :
1510 3089 1679 3156 Solis,
1718 3089 1916 3160 inquit,
1959 3091 2144 3156 minis,

551 3184 612 3229 ut
643 3176 882 3240 videtur,
913 3187 967 3234 et
994 3180 1157 3236 nudis
1193 3181 1375 3237 verbis
1405 3181 1679 3252 polliceris
1709 3185 1842 3237 mihi
1876 3193 1926 3238 te
1959 3183 2148 3252 imple.-

2247 2069 2341 2123 τοῦ
2371 2067 2561 2135 καλοῦ,
2591 2067 2668 2132 ὡς
2700 2067 2794 2121 καὶ
2817 2066 2880 2120 τὺ
2904 2065 3078 2134 γλυκὺ
3103 2061 3261 2116 τοῦτο
3293 2061 3409 2130 φῶς
3440 2059 3536 2113 καὶ
3565 2058 3844 2129 προσηνὲς

2247 2163 2341 2215 καὶ
2373 2162 2599 2232 φαιδρὸν
2638 2159 2840 2231 ἄστρον
2875 2159 3051 2212 ἐκεῖνο
3081 2155 3175 2210 τὸν
3207 2153 3382 2226 ἣλιον,
3416 2151 3562 2223 ἅπερ
3595 2152 3675 2214 είς
3703 2150 3844 2204 ἀπό-

2247 2251 2441 2304 λαυσιν
2474 2251 2572 2304 καὶ
2605 2247 2802 2320 τέρψιν
2847 2245 3178 2318 ἐχαρίσαντο
3221 2245 3355 2316 ἡμῖν
3396 2243 3444 2296 οί
3503 2242 3639 2305 θεοὶ,
3665 2239 3841 2294 ἐλπίδι

2246 2341 2392 2406 τινὸς
2433 2342 2627 2412 ἐτέρας
2664 2339 2864 2411 ἀδήλου
2911 2337 3059 2408 ζωῆς
3097 2335 3334 2406 ἐτοίμως
3387 2331 3702 2405 προΐεσθαι.
3730 2331 3837 2384 Kal

2248 2436 2354 2507 γὰρ
2385 2436 2434 2490 εί
2460 2437 2528 2506 τῇ
2561 2434 2700 2505 αὐτῇ
2745 2434 2841 2487 καὶ
2875 2431 3040 2488 πάλιν
3083 2429 3368 2502 ἐπιμένοις
3395 2427 3672 2498 ἀπειθείᾳ,
3709 2424 3838 2496 βρα-

2248 2531 2404 2600 χεῖαν
2453 2527 2556 2598 μέν
2589 2545 2714 2580 τινα
2752 2523 2940 2589 λάϐοις
2976 2524 3044 2580 ἂν
3076 2523 3186 2578 τῶν
3237 2520 3488 2593 βασάνων
3527 2517 3840 2588 ἁνακωχὴν,

2250 2620 2401 2683 ὅπως
2439 2617 2516 2691 μὴ
2551 2615 2913 2689 ἀπαγορεύσῃ
2951 2631 3044 2669 σου
3079 2613 3142 2668 τὸ
3192 2612 3356 2684 σῶμα
3402 2613 3524 2674 ταῖς
3568 2609 3846 2670 συντόνοις

2247 2711 2558 2774 κολάσεσιν,
2595 2710 2712 2766 ἀλλ’
2757 2707 3043 2782 ἡτοιαύτη
3086 2705 3240 2762 ἄδεια
3274 2704 3542 2777 μειζόνων
3573 2719 3658 2756 σοι
3696 2699 3846 2754 αίτία

2251 2805 2441 2860 κακῶν
2472 2804 2596 2859 ὅσον
2637 2801 2794 2857 οὔπω
2834 2803 3151 2872 γενήσεται,
3187 2800 3282 2853 καὶ
3321 2799 3519 2869 μικρόν
3557 2812 3680 2848 τινα
3718 2793 3845 2864 χρό-

2250 2917 2340 2954 νον
2369 2897 2658 2953 ἀναλαϐὼν
2701 2895 2918 2961 ἑαυτὸν,
2953 2893 3220 2967 μεγάλαις
3249 2886 3409 2954 αὖθις
3450 2889 3546 2943 καὶ
3575 2885 3844 2956 πολυτρό-

2250 3011 2373 3058 ποις
2403 2991 2673 3063 ἐκδοθήσῃ
2718 2991 2840 3054 ταῖς
2886 2987 3207 3060 τιμωρίαις,
3245 2982 3343 3050 ὧν,
3394 2982 3521 3050 ἐμοὶ
3565 2980 3772 3044 δοκεῖν,
3809 2980 3844 3049 ἡ

2249 3087 2400 3158 ψυχὴ
2433 3086 2528 3141 καὶ
2567 3084 2662 3138 τοῦ
2693 3085 2950 3154 σώματος
2985 3079 3326 3152 ἐκδημοῦσα,
3361 3075 3561 3145 πολλὴν
3597 3073 3714 3140 ἐξει
3746 3073 3846 3144 τὴν

2250 3178 2527 3249 αἴσθησιν.
2571 3177 2734 3232 Καὶὸ
2770 3177 2999 3248 μάρτυς·
3040 3172 3293 3243 Ἀπειλῇ,
3326 3171 3514 3240 φησὶν,
3557 3169 3634 3232 ὡς
3677 3167 3844 3229 ἔοικε,

553 3277 738 3322 turum
775 3285 860 3337 ea,
895 3288 1018 3342 quae
1047 3272 1322 3328 desidero.
1357 3273 1626 3329 Caeterum
1671 3289 1794 3330 eum
1825 3275 1968 3331 scias
1997 3291 2144 3345 quae-

2255 3271 2396 3344 μόνῃ
2427 3270 2523 3325 καὶ
2551 3268 2696 3340 ψιλῷ
2750 3269 2963 3339 ῥήματι
3000 3265 3246 3336 πληροῦν
3273 3261 3588 3332 ἐπαγγέλλῃ
3636 3276 3728 3331 μοι
3781 3261 3846 3312 τὰ

551 3370 677 3411 nam
711 3359 782 3414 sit
821 3362 957 3417 mihi
1008 3363 1274 3417 sententia
1300 3401 1316 3428 ,
1369 3362 1482 3418 noli
1529 3378 1702 3433 usque
1753 3365 1820 3420 ad
1857 3366 2020 3420 verba
2059 3382 2147 3422 so-

2253 3363 2590 3434 ποθούμενα.
2634 3361 2784 3432 Πλὴν
2829 3360 2967 3416 ἀλλά
3007 3360 3174 3415 ὁποῖά
3222 3375 3312 3429 μοι
3362 3358 3431 3410 τὰ
3477 3354 3580 3426 τῆς
3619 3353 3849 3423 γνώμης

549 3450 666 3507 lum
711 3453 907 3510 sistere
929 3493 944 3519 ,
983 3456 1078 3510 sed
1123 3441 1233 3510 tibi
1267 3458 1334 3512 ad
1363 3471 1498 3526 opus
1532 3457 1898 3526 perducantur
1927 3461 2147 3526 omnia,

555 3552 615 3600 et
649 3559 678 3598 a
708 3545 854 3600 nulla
887 3559 947 3600 re
973 3545 1256 3604 abstineas
1278 3588 1294 3617 ,
1326 3563 1450 3620 quae
1478 3549 1553 3606 sit
1583 3563 1780 3622 aspera
1812 3563 1868 3606 et
1896 3549 2148 3608 diﬂicilis.

626 3725 817 3783 XXIII.
860 3726 1016 3784 Tune
1045 3728 1191 3786 ferus
1218 3729 1310 3787 ille
1339 3739 1395 3786 et
1421 3731 1647 3787 immitis
1678 3733 1746 3788 ab
1777 3732 1856 3788 ira
1889 3744 2151 3791 consueta

553 3820 844 3890 abripitur,
892 3828 947 3876 et
1003 3837 1124 3876 cum
1180 3823 1460 3879 dixisset:
1516 3824 1683 3882 Plane
1747 3826 2150 3882 contentiosum

556 3909 758 3967 animal
789 3922 870 3967 est
912 3913 1076 3968 homo
1112 3914 1234 3979 iste,
1287 3930 1453 3985 genas
1501 3925 1556 3972 et
1589 3931 1652 3972 os
1679 3914 1835 3984 jubet
1867 3916 1919 3972 ei
1958 3919 2152 3974 verbe-

556 4005 690 4058 rari.
728 4002 860 4058 Nam
885 4007 1166 4074 quoniam,
1205 4007 1402 4077 inquit,
1428 4009 1546 4064 haec
1583 4008 1699 4064 sola
1753 4025 1881 4078 pars
1904 4011 2152 4080 carperis

557 4097 822 4150 remansit
845 4097 1070 4153 minime
1098 4098 1290 4155 all'ecta
1321 4101 1607 4172 supplicio,
1640 4101 1852 4158 dicendi
1884 4103 2055 4158 utitur
2084 4104 2154 4159 li-

557 4184 792 4246 bertate.
839 4191 1082 4247 Patiatur
1124 4208 1254 4265 ergo
1305 4195 1420 4250 haec
1457 4209 1676 4266 quoque
1707 4196 1961 4252 similiter
1988 4207 2155 4270 atque

559 4279 680 4337 alia:
719 4294 904 4354 partes
950 4287 1220 4354 corporis.
1263 4287 1570 4358 Statimque
1609 4306 1674 4347 ex
1723 4291 2026 4358 lictoribus,
2061 4294 2156 4364 qui

560 4387 721 4431 erant
749 4377 964 4446 quidem
1009 4378 1171 4449 paulo
1208 4377 1586 4446 humaniores,
1637 4383 1728 4438 alii
1776 4382 1994 4454 quidem
2026 4400 2154 4442 eum

560 4466 692 4522 solis
720 4469 971 4523 manibus
1004 4471 1398 4539 verberabant,
1434 4473 1525 4526 alii
1576 4485 1756 4530 autem
1791 4477 1956 4531 etiam
1987 4478 2155 4532 susti-

561 4560 786 4626 nebant,
816 4571 873 4615 ut
905 4562 995 4631 qui
1033 4562 1454 4620 lacerationibus
1489 4566 1604 4637 jam
1651 4577 1798 4624 esset
1835 4569 2151 4638 dissolutus,

2251 3454 2432 3520 εἰδὼς,
2486 3454 2562 3526 μὴ
2621 3454 2788 3526 μέχρι
2848 3453 3116 3526 ῥημάτων
3180 3449 3536 3521 ίσασύμενον,
3600 3445 3717 3501 ἀλλ’
3770 3449 3849 3508 είς

2251 3547 2416 3619 ἔργον
2463 3548 2794 3618 προαγέσθω
2845 3565 2928 3602 σοι
2977 3545 3180 3614 πάντα,
3221 3544 3317 3599 καὶ
3354 3541 3589 3614 μηδενὸς
3638 3538 3847 3610 ἀπέχου

2251 3640 2365 3694 τῶν
2394 3641 2673 3712 χαλεπῶν.

2329 3734 2458 3794 KP’.
2507 3728 2778 3792 Ἐνταῦθα
2830 3733 2924 3788 τοῦ
2982 3731 3248 3802 συνήθους
3306 3729 3471 3785 πάλιν
3516 3731 3544 3784 ό
3575 3726 3852 3799 θηριώδης

2253 3831 2464 3894 ἐκεῖνος
2481 3828 2575 3883 καὶ
2599 3826 2816 3897 ἀπηνὴς
2840 3823 3014 3896 θυμοῦ
3037 3825 3247 3894 γίνεται
3268 3822 3383 3886 καὶ,
3402 3820 3496 3875 Μὰ
3517 3821 3646 3882 τοὺς
3669 3818 3848 3882 θεοὺς,

2259 3924 2566 3993 φιλόνεικον
2613 3919 2752 3985 ζῶον
2791 3919 2820 3971 ό
2850 3917 3140 3989 ἄνθρωπος
3180 3908 3362 3980 οὗτος,
3409 3913 3605 3978 εἰπὼν,
3648 3911 3855 3964 τύπτε-

2258 4015 2387 4071 σθαι
2416 4013 2581 4068 αὐτὸν
2621 4010 2836 4064 κελεύει
2865 4009 3010 4064 κατά
3041 4008 3149 4061 τῶν
3181 4005 3429 4079 παρειῶν
3468 4004 3565 4059 καὶ
3603 4003 3696 4057 τοῦ
3731 4002 3853 4055 στό-
3955 4043 3959 4046 .

2260 4123 2453 4180 ματος.
2483 4105 2608 4158 Ὅτι
2644 4102 2775 4174 γάρ,
2824 4100 3016 4171 φησὶν,
3049 4097 3403 4168 ἀτιμώρητον
3442 4093 3591 4165 αύτῷ
3619 4091 3713 4148 τοῦ
3745 4091 3853 4145 σώ-

2261 4215 2433 4270 ματος
2479 4195 2640 4250 τοῦτο
2710 4190 3045 4262 κατελείφθη
3103 4189 3289 4262 μόνον,
3361 4186 3849 4260 παρρησιάζεταιο

2259 4289 2526 4360 πασχέτω
2574 4285 2669 4342 οὖν
2719 4289 2815 4340 καὶ
2859 4285 2992 4340 αὐτὸ
3036 4283 3116 4356 τῷ
3164 4280 3338 4353 λοιπῷ
3400 4281 3616 4351 σώματι
3672 4293 3856 4350 παρα-

2259 4385 2490 4453 πλήσια.
2523 4382 2636 4436 Kal
2657 4380 2859 4434 αὐτίκα
2887 4378 2999 4433 τῶν
3031 4375 3245 4448 δημίων
3289 4375 3414 4428 ὅσον
3447 4372 3512 4443 δὴ
3539 4373 3633 4425 καὶ
3664 4371 3857 4439 φιλαν-

2261 4474 2613 4548 θρωπότερον
2642 4466 2734 4543 ἦν,
2756 4473 2806 4525 οί
2843 4471 2944 4541 μέν
2974 4472 3097 4533 ταῖς
3139 4468 3331 4539 χερσὶν
3369 4466 3606 4519 ἔτυπτον
3641 4465 3853 4534 μόναις,

2261 4569 2310 4622 0i.
2336 4567 2394 4621 δὲ
2428 4567 2524 4620 καὶ
2553 4565 2770 4635 ἀνεῖχον
2805 4561 3172 4632 ἐκλελυμένον
3214 4558 3322 4612 ὑπὸ
3355 4557 3465 4612 τῶν
3505 4554 3723 4625 ξεσμῶν
3755 4554 3856 4625 ἤδη

561 4661 617 4705 et
647 4652 713 4705 ad
747 4661 944 4708 terram
977 4654 1248 4712 dili‘lueret
1289 4673 1304 4711 :
1343 4667 1609 4729 qumquot
1656 4674 1786 4716 vero
1834 4661 2147 4718 audaciores

2259 4657 2519 4728 καὶπρὸς
2550 4657 2656 4728 γῆν
2699 4655 3078 4728 καταρρέοντα
3098 4670 3112 4684 ·
3147 4653 3263 4706 ὅσοι
3305 4649 3363 4703 δὲ
3394 4649 3724 4720 θρασύτεροι
3767 4648 3861 4699 καὶ

562 4753 719 4796 erant
763 4751 817 4798 et
840 4745 1205 4810 crudeliores,
1237 4746 1509 4817 lapidibus
1541 4765 1758 4822 quoque
1786 4751 1839 4806 in
1874 4766 1998 4806 eum
2040 4763 2159 4808 ute-

561 4833 785 4904 bantur,
811 4845 865 4892 et
886 4837 952 4892 iis
979 4838 1109 4893 illud
1138 4840 1436 4895 veridicum
1465 4844 1723 4914 martyris
1751 4858 1813 4900 os
1844 4844 2153 4914 pulsabant.

563 4927 768 5000 Martyr
815 4942 1018 4998 autem,
1065 4932 1277 5006 Magno,
1311 4935 1508 5005 inquit,
1540 4952 1627 4992 me
1658 4938 1864 4992 honore
1897 4938 2152 5006 aﬂ'ecisti,

561 5035 597 5076 ο
647 5031 908 5093 tyranne,
974 5040 1195 5094 magno,
1233 5025 1476 5096 inquam,
1509 5026 1737 5088 aﬂ‘ecisti
1782 5029 2010 5096 honore,
2046 5047 2153 5087 non

563 5116 852 5184 supplicio.
902 5115 1186 5182 Quomodo
1215 5119 1360 5173 enim
1408 5135 1515 5174 non
1548 5130 1632 5176 est
1660 5121 1835 5175 honor
1862 5137 2043 5190 servo,
2073 5124 2154 5180 di-

561 5223 726 5276 gnum
762 5207 972 5274 haberi,
1004 5209 1096 5279 qui
1125 5211 1314 5264 eadem
1345 5215 1684 5283 perpetiatur
1713 5229 1832 5282 quae
1867 5214 2152 5281 Dominus,

561 5311 614 5354 et
647 5299 806 5370 primi
862 5300 936 5355 illi
978 5301 1250 5371 passionis
1293 5304 1427 5358 socii
1462 5314 1516 5359 ct
1555 5306 1866 5376 martyres?
1903 5305 2157 5376 Colaphis

560 5406 780 5462 quoque
809 5407 981 5450 caesus
1031 5405 1116 5451 est
1155 5396 1338 5452 vultus
1386 5398 1489 5451 mei
1525 5397 1761 5465 Domini,
1796 5409 1849 5455 et
1889 5399 2158 5468 lapidibus

561 5481 665 5537 fuit
696 5485 1057 5554 interemptus
1087 5485 1422 5558 Stephanus.
1447 5490 1572 5547 Haec
1601 5507 1816 5562 quoque
1848 5493 1980 5546 mihi
2012 5508 2157 5547 nunc

563 5592 821 5647 magnum
847 5578 1016 5636 decus
1046 5589 1099 5636 et
1129 5591 1509 5638 ornamentum
1539 5583 1793 5638 atl‘erunt.
1829 5583 1995 5640 Levat
2026 5585 2158 5638 mihi

565 5668 808 5726 laborem
853 5675 1120 5742 passionis
1165 5676 1432 5744 imitatio;
1461 5678 1618 5732 sedat
1641 5677 1770 5732 mihi
1797 5677 2060 5743 dolorem,
2090 5677 2157 5733 iis

567 5762 664 5827 qui
682 5771 810 5817 sunt
833 5780 918 5819 me
939 5768 1368 5836 praestantiores,
1391 5769 1442 5822 in
1469 5769 1675 5824 honore
1701 5770 2001 5841 aequalitas.
2033 5767 2160 5827 llaec

571 5847 810 5916 dicebat,
837 5865 890 5908 et
919 5856 987 5910 ad
1013 5872 1169 5913 suum
1195 5859 1588 5930 Agonothetam
1619 5861 1932 5933 frequenter
1963 5862 2159 5920 tollens

572 5938 783 6009 oculos,
813 5945 1115 6005 vehementi
1148 5951 1323 6008 studio
1360 5955 1549 6025 agebat
1574 5955 1794 6029 gratias.

2265 4752 2565 4822 ὠμότεροι,
2598 4751 2700 4803 καὶ
2734 4747 2905 4810 λίθοις
2937 4745 3181 4817 ἐχρῶντο
3217 4743 3339 4796 κατ’
3377 4739 3569 4806 αὑτοῦ,
3610 4738 3708 4792 καὶ
3735 4737 3860 4791 τού-

2263 4859 2381 4906 τοις
2441 4840 2503 4894 το
2556 4838 2896 4911 μαρτυρικὸν
2950 4837 3131 4889 ἐκεῖνο
3187 4833 3364 4903 στόμα
3409 4831 3504 4884 καὶ
3563 4829 3861 4899 φιλάληθες

2265 4933 2480 4988 ἔπαιον.
2521 4932 2580 4986 '0
2602 4931 2657 4985 δέ
2695 4930 2906 5002 μάρτυς
2929 4969 2943 4994 ,
2980 4925 3281 4997 Ἐτίμησάς
3306 4939 3396 4995 με,
3428 4921 3684 4993 τύραννε,
3729 4921 3862 4991 μᾶλ-

2259 5027 2371 5090 λον,
2401 5024 2615 5094 ἔλεγεν,
2663 5022 2959 5096 ἐτίμησας,
3003 5020 3106 5074 οὐκ
3147 5017 3437 5078 ἐκόλασας.
3477 5014 3607 5077 Πῶς
3643 5014 3754 5084 γὰρ
3798 5013 3861 5067 ού

2260 5119 2433 5189 δούλῳ
2463 5116 2600 5188 τιμὴ
2621 5115 2733 5169 τῶν
2756 5114 2939 5170 αὐτῶν
2969 5111 3046 5182 τῷ
3066 5111 3312 5181 Δεσπότῃ
3345 5107 3440 5162 καὶ
3470 5108 3585 5170 τοῖς
3620 5107 3864 5177 πρώτοις

2261 5211 2459 5282 ἐκείνῳ
2494 5210 2774 5271 κοινωνοῖς
2805 5206 2899 5260 τοῦ
2933 5205 3142 5266 πάθους
3186 5200 3474 5266 ἀξιοῦσθαι
3519 5199 3617 5253 καὶ
3652 5198 3865 5271 μάρτυ-

2264 5319 2388 5369 σιν;
2436 5300 2781 5374 Ἐρραπίσθη
2815 5315 2915 5370 μου
2944 5294 3087 5350 καὶὸ
3128 5293 3408 5363 Δεσπότης
3449 5291 3510 5345 τὸ
3543 5293 3861 5361 πρόσωπον,

2264 5395 2435 5458 λίθοις
2483 5392 2726 5466 ἀνῃρέθη
2779 5391 2873 5446 καὶ
2913 5389 3226 5458 Στέφανος,
3269 5386 3487 5450 τούτοις
3542 5383 3704 5454 κάγὼ
3767 5381 3864 5438 νῦν

2265 5487 2526 5551 ἐπιεικῶς
2580 5484 3016 5554 καλλωπίζομαι.
3057 5480 3324 5550 Κουφίζει
3357 5497 3460 5550 μου
3503 5479 3597 5532 τὸν
3633 5479 3798 5532 πόνον
3827 5478 3861 5547 ἠ

2269 5583 2502 5654 μίμησις
2533 5579 2626 5633 τοῦ
2667 5578 2893 5642 πάθους,
2935 5574 3176 5644 κοιμίζει
3215 5591 3306 5644 μοι
3340 5571 3439 5644 τὴν
3467 5571 3661 5642 ὀδύνην
3687 5573 3721 5642 ὴ
3750 5570 3863 5624 τῶν

2267 5674 2598 5745 κρειττόνων
2646 5669 2939 5741 ἐπιθυμία.
2978 5665 3168 5722 Ταῦτα
3218 5665 3396 5735 ἔλεγε,
3433 5665 3530 5720 καὶ
3583 5666 3718 5735 πρὸς
3768 5664 3861 5716 τὸν

2267 5773 2465 5824 οἰκεῖον
2482 5766 2850 5838 ’Λγωνοθὲτην
2876 5763 3026 5836 θαμὰ
3051 5762 3176 5826 τοὺς
3198 5759 3514 5832 ὀφθαλμοὺς
3536 5758 3857 5839 ἀνατείνων,

2273 5862 2684 5934 συντομώτερον
2720 5860 2898 5932 εἴχετο
2929 5861 3024 5930 τῆς
3057 5855 3436 5928 εὺχαριστίας.
