4116 6408
353 273 462 336 833

1384 271 1556 334 VITA
1595 269 1654 331 S.
1697 269 2133 332 CLEMENTIS
2175 267 2582 330 ANCYRANI.

3511 274 3618 342 83$

323 415 332 419 ·
420 391 550 446 KA'.
605 393 930 464 Δομετιανὸς
973 393 1032 446 δι
1071 395 1181 456 τοῖς
1217 393 1362 458 ὅλοις
1400 395 1816 465 ὰπαγορευσας,
1863 395 1908 463 τῆ

2061 449 2069 456 _
2108 387 2301 442 XXIV.
2345 386 2686 444 Domitianus
2723 398 2904 444 autem
2946 402 3069 444 cum
3117 389 3340 444 omnino
3378 392 3616 447 animum

345 486 565 554 φυλακῇ
599 483 738 548 τέως
788 486 952 538 αὑτὸν
991 484 1356 555 παραπέμπει
1379 485 1680 555 ,οἰόμενος
1717 484 1779 538 δὲ
1817 483 1925 554 ἄρα

341 576 420 640 ὡς
455 577 557 629 οὐκ
587 575 655 629 ἂν
697 574 916 629 δύναιτο
968 578 1081 638 τοῖς
1111 592 1175 644 γε
1203 575 1330 628 ποσὶ
1377 575 1612 647 χρῆσθαι
1655 573 1792 644 πρὸς
1827 573 1927 645 τὴν

343 669 600 740 πορείαν,
627 663 716 722 οἷα
744 667 840 721 τοῦ
893 669 1148 739 σώματος
1179 667 1329 739 αὑτῷ
1357 669 1483 732 ταῖς
1521 665 1928 737 προλαϐοῦσαις

339 762 640 834 τιμωρίαις
679 762 1090 832 πεπονηκότος,
1127 760 1470 831 ἑκατέρωθεν
1512 759 1676 814 αὑτὸν
1713 757 1924 812 κελεύει

337 854 845 919 διαϐαστάζεσθαι·
893 854 1007 908 ἀλλ’
1043 856 1072 908 ὁ
1119 852 1506 925 ὑποστηρίζων
1562 851 1769 916 πάντας
1829 849 1925 906 καὶ

337 949 587 1019 ἀνορθῶν
635 949 758 1010 τοὺς
817 946 1309 1018 κατερῤαγμένους
1336 984 1354 1008 ,
1384 945 1486 998 οὐκ
1532 943 1685 999 εἴασε
1739 943 1926 1014 χειρὸς

337 1041 504 1094 αὑτὸν
558 1040 816 1110 δεηθῆναι
873 1037 1285 1110 θεραπευούσης
1336 1037 1398 1090 τὸ
1462 1036 1732 1106 βάδισμα,
1783 1035 1920 1088 ἀλλὰ

335 1131 465 1192 τοὺς
507 1129 839 1198 προσιόντας
880 1127 1277 1198 ἀπωθούμενος
1311 1126 1420 1179 τῶν
1484 1127 1756 1196 Ἑλλήνων
1792 1127 1920 1197 ἡρέ-

338 1239 417 1292 μα
466 1220 524 1274 es
573 1223 798 1274 κάκεῖνο
830 1219 1134 1290 ὑποφωνῶν
1164 1235 1180 1252 ο
1212 1248 1286 1261 -
1323 1219 1541 1272 Ἐλάιον
1573 1219 1918 1290 ἁμαρτωλῶν

338 1311 416 1384 μὴ
462 1311 744 1365 λιπανάτω
771 1311 870 1383 τὴν
916 1311 1160 1383 κεφαλήν
1202 1329 1326 1381 μου,
1356 1313 1629 1376 -αὺτοῖς
1664 1313 1791 1366 ποσὶ
1817 1313 1917 1384 τὴν

335 1404 460 1456 ὁδὸν
488 1405 706 1473 ἐκείνην
755 1404 919 1468 αὐτὸς
968 1406 1150 1476 ήνυεν.
1185 1397 1256 1475 ᾯ
1305 1404 1370 1476 δὴ
1422 1405 1514 1458 καὶ
1563 1403 1734 1468 οὕτως
1782 1406 1913 1459 άπι-

338 1496 468 1550 6ντα
527 1494 785 1566 προσχὼν
823 1497 852 1549 ό
907 1495 1157 1568 βικάριος
1207 1495 1567 1568 ὑπερηγάσθη
1617 1497 1717 1568 τῆς
1779 1515 1915 1570 καρο

340 1586 560 1655 τερίας,
609 1589 706 1641 καὶ
760 1587 898 1657 προς
949 1590 1076 1652 τοὺς
1128 1590 1490 1659 παρεστῶτας
1519 1591 1911 1663 ἐπιστραφεὶς,

336 1679 508 1734 Βαὸαὶ
539 1680 640 1752 τῆς
666 1681 968 1754 ὑπομονῆς,
1003 1683 1106 1752 ἔφη
1131 1699 1146 1714 ·
1181 1683 1441 1737 τοιούτων
1495 1685 1605 1756 ἄρα
1649 1704 1917 1757 στρατιω-

332 1771 442 1824 τῶν
473 1771 582 1825 ἔδει
624 1776 737 1836 τοῖς
779 1775 1234 1846 αὐτοκράτορσιν,
1269 1776 1345 1840 ὼς
1398 1772 1539 1831 εἶναι
1578 1779 1824 1833 κινδύνου
1855 1797 1913 1833 τε

331 1865 536 1928 παντὸς
577 1867 916 1938 άνωτέρους,
959 1868 1054 1922 καὶ
1091 1866 1414 1938 τηλικοῦτον
1459 1871 1519 1923 ἐν
1563 1873 1678 1935 τοῖς
1719 1871 1915 1936 δεινοῖς

331 1949 591 2029 φρῖὁνημα
618 1959 1007 2024 διασώζοντας.
1029 1961 1177 2034 Πλὴν
1202 1961 1338 2016 ἀλλὰ
1365 1963 1488 2034 οὐχὶ
1522 1966 1616 2018 καὶ
1641 1967 1700 2019 τὸ
1726 1965 1914 2021 λοιπὸν

325 2045 486 2115 οὗτος
517 2050 596 2123 τῷ
634 2051 754 2124 ἐμῷ
802 2055 1219 2124 παραστήσεται
1245 2055 1477 2126 βήματι·
1519 2058 1658 2126 πρὸς
1687 2059 1912 2130 βασιλέα

325 2141 385 2196 δέ
425 2143 591 2197 αὑτὸν
643 2145 931 2199 ἀποστελῶ
983 2146 1387 2218 Διοκλητιανὸν,
1441 2150 1651 2216 ἐκεῖνος
1689 2153 1800 2224 γὰρ
1845 2154 1913 2210 ἂν

326 2233 496 2288 αὑτοῦ
529 2235 870 2308 περιγένοιτο
899 2237 1081 2308 μόνος.

395 2326 528 2385 KE’.
565 2325 702 2383 Εῐπε
745 2329 844 2384 καὶ
890 2333 1217 2404 γράμμασιν
1253 2334 1457 2401 εὐθέως
1481 2354 1542 2392 τε
1581 2337 1703 2394 κατ’
1744 2339 1909 2394 αὐτὸν

323 2421 476 2486 ὅπως
505 2415 620 2492 εἶχε
657 2423 1024 2495 διασημάνας,
1056 2426 1288 2496 ἄγεσθαι
1319 2431 1420 2500 τὴν
1458 2431 1550 2484 ἐπὶ
1581 2430 1801 2503 Ῥώμην
1832 2432 1909 2496 ὼς

321 2512 487 2585 τάχος
513 2515 758 2572 ἐκέλευε.
796 2518 1092 2589 Γενόμενος
1129 2521 1312 2575 τοίνυν
1351 2522 1458 2588 ἔξω
1485 2524 1588 2595 τῆς
1631 2525 1841 2589 πόλεως
1879 2527 1909 2580 δ

327 2608 565 2679 μάρτυς,
597 2612 700 2674 τὰς
728 2613 918 2683 χεῖρας
950 2614 1090 2684 μετὰ
1119 2617 1220 2686 τῆς
1259 2617 1495 2688 καρδίας
1532 2619 1613 2683 εἰς
1639 2619 1908 2692 οὐρανοὺς

322 2701 598 2774 ἀνασχὼν,
641 2705 814 2779 Κύριε
839 2709 867 2760 ὁ
897 2706 1052 2774 Θεὸς,
1094 2707 1299 2776 ἔλεγεν,
1334 2712 1362 2764 ὁ
1402 2710 1571 2765 ποιῶν
1605 2713 1781 2767 πάντα
1813 2713 1907 2767 καὶ

324 2799 852 2871 πραγματευόμενος
895 2803 1036 2872 ὑπὲρ
1085 2804 1287 2867 παντδς
1333 2804 1428 2858 τοῦ
1465 2805 1575 2859 τῶν
1602 2806 1906 2878 ἀνθρώπιον

320 2891 537 2960 γένους,
560 2895 654 2948 καὶ
677 2894 879 2959 πολλάς
910 2897 1040 2967 ἡμῖν
1061 2897 1275 2967 τέμνων
1300 2898 1401 2969 τῆς
1429 2901 1706 2973 σωτηρίας
1729 2902 1902 2968 ὁδοὺς,

319 2985 485 3048 αὐτὸς
529 2988 624 3040 καὶ
668 2987 768 3058 τὴν
819 2988 974 3044 πόλιν
1019 3007 1114 3043 σου
1147 2991 1372 3062 ταύτην,
1418 2994 1513 3046 καὶ
1564 2995 1661 3057 τάς
1692 2994 1798 3048 τῶν
1843 2996 1903 3048 ἐν

2026 479 2424 547 despondisset,
2456 495 2580 534 eum
2617 495 2806 536 rursus
2831 481 2998 536 mittit
3027 480 3083 535 in
3116 483 3439 538 custodiam.
3477 483 3616 540 Cum

2028 587 2159 628 vero
2184 581 2398 641 putaret
2426 588 2548 627 euut
2591 588 2700 627 non
2730 587 2888 642 posse
2921 575 3153 645 amplius
3189 577 3267 631 uti
3293 579 3519 648 pedibus
3549 583 3616 635 ad

2027 665 2464 736 ingrediendum,
2495 665 2640 734 quod
2687 665 2962 736 prioribus
2993 670 3274 738 suppliciis
3315 681 3462 726 esset
3496 690 3620 728 cor—

2025 772 2128 828 pus
2173 756 2518 823 conl'ectum,
2559 757 2711 827 jubet
2750 773 2874 811 eum
2931 759 3186 832 utrinque
3231 765 3472 829 portari
3520 768 3614 820 sed

2025 850 2120 920 qui
2161 864 2352 905 omnes
2391 849 2483 918 qui
2525 849 2819 904 concidunt
2847 849 3156 919 confirmat,
3191 853 3531 925 amietosque
3559 866 3613 910 et

2026 946 2315 1012 depressos
2343 941 2525 1012 erigit.
2557 957 2664 996 non
2695 941 2828 995 sinit
2853 957 2974 995 eum
3005 958 3140 1012 opus
3187 946 3385 1000 habere
3427 962 3612 1012 titanu,

2025 1045 2146 1101 quae
2175 1033 2292 1101 ejus
2336 1047 2581 1102 gressmn
2631 1032 2867 1094 fulciret,
2915 1034 3010 1086 sed
3044 1049 3140 1087 eos
3186 1035 3473 1104 repellens,
3520 1040 3611 1106 qni

2025 1125 2355 1180 accedebant
2373 1139 2438 1178 ex
2468 1123 2782 1191 gentilibus,
2802 1132 2858 1177 et
2879 1123 3006 1178 illud
3032 1125 3232 1180 sensim
3266 1127 3608 1181 acclamaus:

2022 1215 2284 1274 -—Olettm
2315 1226 2662 1286 peccatorum
2683 1231 2789 1270 non
2817 1217 3118 1287 impinguet
3148 1228 3308 1287 caput
3339 1234 3616 1282 meum,—

2026 1311 2158 1381 ipsis
2194 1311 2422 1380 pedibus
2459 1310 2571 1379 ipse
2616 1308 2762 1362 illam
2804 1308 2948 1364 viam
2981 1310 3210 1380 peregit.
3263 1309 3434 1376 Quem
3485 1326 3610 1366 cum

2019 1403 2100 1457 sic
2120 1401 2414 1456 abeuntem
2449 1399 2922 1454 animadvertisset
2953 1402 3209 1467 vicarius,
3237 1402 3610 1458 fortitudinem

2021 1498 2175 1552 Valde
2207 1507 2288 1552 est
2318 1497 2645 1560 admiratus,
2695 1507 2750 1550 et
2795 1509 3095 1552 Conversus
3126 1498 3193 1550 ad
3225 1511 3342 1564 eos,
3372 1500 3464 1568 qui
3499 1500 3609 1554 cir.

2021 1593 2361 1646 cumstabaut
2391 1609 2407 1647 :
2443 1593 2625 1664 Papae,
2680 1593 2876 1663 inquit,
2918 1609 3168 1664 magnam
3225 1597 3602 1652 tolerantiam!

2024 1681 2246 1738 Talibus
2285 1685 2473 1752 utique
2509 1684 2772 1739 militibus
2799 1699 2936 1754 Opus
2969 1694 3111 1738 esset
3142 1686 3564 1754 imperatoribus
3587 1726 3604 1755 ,

2023 1783 2082 1828 ut
2109 1781 2294 1829 essent
2343 1781 2534 1842 quovis
2577 1773 2816 1841 periculo
2864 1775 3196 1844 superiores,
3230 1783 3287 1830 et
3330 1786 3439 1832 tam
3469 1793 3606 1833 cou-

2015 1874 2253 1924 stantem
2285 1867 2528 1920 animum
2565 1875 2621 1921 et
2653 1877 2759 1920 tam
2795 1882 3023 1938 magnos
3051 1869 3277 1939 spiritus
3308 1884 3605 1927 conserva-

2017 1966 2137 2013 rent
2181 1958 2233 2012 in
2287 1960 2448 2013 rebus
2483 1961 2712 2030 asperis.
2760 1959 3035 2014 Caeterum
3085 1961 3172 2014 itic
3217 1977 3322 2016 non
3378 1965 3606 2020 sistetur

2015 2049 2249 2119 amplius
2277 2050 2343 2104 ad
2375 2065 2552 2105 meum
2599 2049 2838 2106 tribunal
2868 2067 2883 2105 :
2917 2053 3092 2120 ipsum
3125 2059 3307 2108 autem
3331 2055 3397 2107 ad
3427 2055 3602 2125 impe-

2017 2153 2254 2196 ratorem
2288 2141 2499 2197 mittam
2535 2142 2950 2199 Diocletianum.
2995 2142 3091 2198 llle
3121 2145 3268 2199 enim
3293 2145 3444 2202 solus
3477 2161 3601 2202 eum

2011 2233 2377 2302 superaverit.

2081 2344 2250 2400 XXV.
2291 2345 2455 2414 Dixit,
2488 2355 2542 2402 et
2580 2362 2701 2402 cum
2730 2348 2914 2403 statim
2963 2347 3328 2420 significasset
3369 2348 3601 2419 litteris,

2009 2439 2284 2507 quomodo
2313 2455 2372 2494 se
2398 2454 2486 2494 res
2519 2440 2802 2507 haberent,
2839 2440 3002 2510 jussit
3035 2455 3158 2495 eum
3194 2444 3597 2513 quamprimum

2010 2529 2135 2583 duci
2163 2529 2414 2584 Romam.
2462 2529 2597 2586 Cum
2635 2530 2824 2587 fuisset
2859 2547 2990 2604 ergo
3025 2543 3232 2602 martyr
3272 2543 3428 2588 extra
3465 2535 3600 2588 civi.

2011 2630 2202 2687 tatem,
2235 2638 2342 2676 una
2377 2638 2500 2678 cum
2538 2623 2704 2677 corde
2732 2623 2985 2680 manibus
3018 2624 3071 2678 itt
3097 2626 3295 2679 caelum
3327 2625 3554 2681 sublatis
3577 2639 3599 2680 :

2008 2713 2238 2769 Domine
2288 2715 2448 2781 Deus,
2499 2714 2692 2784 iuq~uit,
2723 2717 2814 2786 qui
2847 2719 3026 2769 omnia
3061 2717 3197 2770 facis
3248 2727 3301 2771 et
3334 2731 3600 2788 procuras

2007 2820 2106 2876 pro
2125 2806 2380 2862 universo
2406 2819 2602 2876 genere
2624 2806 2923 2872 heminum,
2945 2817 2998 2862 et
3017 2807 3214 2860 multas
3230 2809 3384 2861 nobis
3417 2808 3598 2862 munis

2007 2898 2125 2951 vias
2150 2897 2366 2962 salutis,
2406 2898 2546 2951 ltanc
2579 2907 2721 2950 tuam
2759 2897 3056 2961 civitatem,
3076 2907 3130 2952 et
3151 2897 3362 2951 animas
3387 2913 3593 2961 eorum,

2006 2989 2098 3057 qui
2135 2989 2187 3043 in
2229 2990 2344 3057 ipsa
2383 2987 2754 3060 crediderunt,
2809 3002 3095 3053 conserva,
3144 3003 3211 3042 ne
3254 2987 3599 3055 implicentur

318 3079 458 3150 αὐτῇ
500 3081 911 3136 πιστευσάντων
959 3082 1137 3154 ψυχάς
1178 3085 1514 3157 ἅχειρώτους
1554 3091 1620 3158 τῇ
1665 3087 1760 3141 τοῦ
1791 3088 1904 3142 δια-

2012 3077 2202 3149 laqueo
2247 3080 2469 3146 diaboli,
2518 3085 2574 3134 et
2605 3089 2960 3150 tyrannorum
3013 3081 3302 3149 capiantur
3360 3080 3593 3134 insidiis.

320 3172 480 3226 δόλου
535 3172 724 3242 παγίδι
774 3174 869 3228 καὶ
917 3177 1039 3238 ταῖς
1091 3175 1203 3228 τῶν
1249 3177 1528 3247 τυράννων
1590 3177 1907 3244 ἐπιδουλαῖς

315 3264 688 3337 διατηρησον·
735 3266 833 3321 καὶ
897 3267 1046 3339 ἡμᾶς
1099 3266 1156 3322 δὲ
1209 3269 1287 3341 μὴ
1347 3269 1512 3341 μέχρι
1575 3269 1764 3335 τέλους
1805 3270 1905 3342 τῆς

317 3355 698 3428 ἐνεγκαμένης
726 3357 1120 3432 άλλοτριὼσῃς,
1139 3357 1256 3413 ἀλλ’
1281 3360 1310 3412 δ
1338 3360 1676 3432 ἐπιστρέψας
1705 3359 1904 3417 Ἰακὼδ

317 3448 400 3510 είς
430 3441 580 3501 οἶκον
629 3447 838 3520 πατρὸς
887 3449 1076 3516 αὐτοῦ,
1131 3451 1226 3505 καὶ
1279 3451 1588 3522 ῥυσάμενος
1629 3453 1796 3508 αὐτὸν
1839 3455 1904 3510 ἐκ

317 3541 499 3612 χειρὸς
543 3539 739 3606 Ἡσαῦ,
788 3542 816 3594 ὁ
859 3542 1055 3596 καὶτὰ
1105 3543 1240 3596 ὀστᾶ
1279 3543 1478 3615 Ἰωσὴφ
1529 3543 1590 3610 ἐξ
1621 3545 1902 3614 Αἰγύπτου

319 3633 765 3704 συνανακομίσας
805 3632 883 3704 τῷ
916 3633 996 3704 σῷ
1024 3633 1140 3706 λαῷ
1185 3635 1283 3688 καὶ
1313 3639 1425 3700 τοῖς
1454 3636 1730 3708 πατρῴοις
1771 3640 1903 3693 ἁνα-

320 3726 641 3796 σωσάμενος
670 3725 884 3794 τάφοις,
921 3726 1242 3796 ἐπανάγαγε
1273 3727 1418 3798 κάμέ
1456 3731 1524 3800 τῇ
1562 3731 1628 3800 σῇ
1658 3729 1900 3801 εὐδοκία,

321 3819 418 3872 καὶ
470 3821 538 3891 τῇ
589 3819 975 3890 γεννησαμένη
1011 3821 1106 3872 καὶ
1149 3818 1471 3893 θρεψαμένῃ
1528 3821 1624 3874 καὶ
1666 3823 1746 3886 εἰς
1780 3822 1901 3876 τόδε

316 3911 536 3982 ἡλικίας
573 3911 970 3984 προαγαγούσῃ
1013 3913 1238 3984 πατρίδι
1265 3953 1279 3974 ,
1327 3915 1580 3985 καθάπερ
1625 3931 1679 3967 τι
1739 3913 1902 3968 πάλιν

316 4003 515 4067 ἀπόδος
561 4003 808 4076 ὄφλημα.
836 4004 1023 4059 Ταῦτα
1057 4005 1499 4078 προσευξάμενος
1548 4007 1626 4079 τῷ
1657 4005 1777 4077 Θεῷ
1800 4007 1900 4079 τὴν

313 4099 436 4152 ὁδὸν
463 4096 717 4168 εὐψύχως
747 4097 987 4169 διηνυεν.

2009 3173 2180 3228 Porro
2213 3185 2392 3228 autem
2427 3189 2495 3228 ne
2544 3189 2642 3229 nos
2694 3189 2910 3244 quoque
2960 3184 3220 3243 perpetuo
3266 3187 3390 3228 esse
3443 3174 3596 3228 sinas

2010 3267 2218 3323 alienos
2245 3266 2314 3322 ab
2343 3281 2428 3333 ea,
2453 3282 2571 3336 quae
2603 3282 2702 3324 nos
2735 3268 2856 3321 tulit
2884 3285 2900 3322 :
2930 3269 3023 3323 sed
3051 3270 3139 3336 qui
3163 3265 3335 3322 Jacob
3367 3281 3596 3320 conver-

2006 3359 2122 3414 tisti
2153 3359 2208 3413 in
2254 3359 2474 3414 domum
2505 3359 2676 3430 patris
2707 3360 2815 3426 sui,
2856 3369 2912 3415 et
2939 3374 3062 3415 eum
3099 3377 3128 3412 ιι
3161 3375 3320 3414 manu
3353 3358 3496 3414 Esau
3531 3357 3596 3411 li-

2006 3454 2210 3510 berasti
2240 3472 2253 3508 :
2282 3454 2374 3525 qui
2409 3452 2569 3508 etiam
2617 3465 2740 3508 ossa
2779 3451 2976 3524 Ioseph
3007 3467 3112 3507 una
3144 3466 3266 3506 cum
3305 3450 3500 3521 populo
3524 3464 3593 3503 ex

2005 3545 2244 3618 Εενοιο
2273 3547 2536 3612 extulisti,
2567 3553 2622 3600 et
2646 3561 2708 3599 ea
2744 3546 2933 3614 patriis
2978 3546 3260 3600 restituisti
3287 3543 3595 3612 sepulcris;

2009 3649 2114 3695 tua:
2145 3653 2363 3709 quoque
2398 3639 2606 3707 placeat
2638 3637 2898 3690 voluntati
2945 3650 3030 3690 me
3079 3638 3356 3700 reducere,
3388 3643 3444 3689 et
3470 3649 3592 3703 qua:

2007 3747 2094 3788 me
2122 3734 2309 3802 genuit
2353 3743 2408 3786 et
2437 3731 2596 3795 aluit,
2623 3738 2680 3784 et
2721 3728 2787 3782 ad
2819 3729 2959 3782 hanc
3003 3740 3176 3795 usque
3217 3735 3431 3780 aetatem
3463 3737 3590 3793 pro-

2008 3824 2164 3880 duxit
2192 3822 2400 3893 patrizr,
2423 3831 2680 3890 tanquam
2709 3818 2925 3888 aliquod
2956 3832 3147 3872 rursus
3181 3817 3403 3870 reddere
3434 3814 3591 3869 debi-

2011 3925 2144 3970 tum.
2184 3912 2311 3968 llaec
2350 3927 2472 3966 cum
2505 3926 2534 3964 a
2569 3910 2679 3966 Deo
2718 3909 2968 3982 precibus
3011 3906 3399 3972 contendisset,
3445 3905 3590 3960 viam

2006 4006 2242 4064 confecit
2268 4005 2542 4062 alacriter.

1749 4352 1984 4412 CAPUT
2020 4352 2085 4409 ν.

1511 4537 1702 4610 Spreta
1746 4536 2064 4593 Diocletiani
2095 4537 2380 4606 promissu.

380 4731 510 4787 ZK'.
558 4729 714 4784 Ἐπεὶ
748 4728 808 4784 δὲ
829 4729 923 4783 καὶ
961 4729 1032 4800 τῇ
1064 4725 1258 4798 Ῥώμῃ
1280 4722 1619 4797 προσέϐαλον
1648 4722 1776 4776 ἔνθα
1807 4721 1902 4776 καὶ

2081 4718 2274 4776 XXVI.
2335 4718 2630 4790 Postquam
2684 4725 2866 4773 autem
2926 4716 3154 4772 Romam
3217 4721 3585 4784 pervenerunt

310 4823 697 4896 Διοκλητιανδς
719 4822 780 4876 τὸ
799 4820 1104 4893 τηνικαῦτα
1130 4817 1390 4890 διέτρισε,
1413 4817 1484 4873 τά
1513 4833 1571 4870 τε
1593 4815 1898 4887 γράμματα

308 4921 359 4974 ei
390 4917 740 4989 πεμφθέντες
786 4916 936 4986 αὑτῷ
969 4911 1358 4986 ἐγχειρίζουσι,
1403 4912 1497 4965 καὶ
1542 4909 1635 4963 τὸν
1679 4908 1898 4978 θαυμα-

311 5012 439 5066 στὸν
483 5011 780 5080 Κλήμεντά
806 5051 821 5074 ,
873 5007 1238 5069 κελεύσαντος
1308 5005 1521 5060 ἐκείνου
1575 5005 1656 5068 εἰς
1730 5002 1897 5070 μέσον

309 5105 528 5172 ἄγουσι.
563 5101 951 5173 Παράστάντος
983 5099 1062 5163 δὲ,
1101 5096 1484 5168 Διοκλητιανὺς
1519 5097 1580 5150 τό
1606 5111 1668 5150 τε
1707 5094 1898 5165 χάριεν

309 5195 514 5250 ἐπιδὼν
546 5195 646 5264 τῆς
671 5193 766 5247 τοῦ
795 5193 987 5264 ἀνδρὸς
1021 5191 1218 5261 ὅψεως,
1256 5192 1352 5245 καὶ
1373 5190 1436 5243 τὸ
1465 5188 1692 5258 φαιδρὸν
1722 5187 1898 5240 ἐκεῖνο

309 5289 406 5341 καὶ
443 5287 688 5355 εὐγενὲς,
728 5285 923 5355 πρῶτα
949 5283 1050 5355 μὲν
1083 5282 1342 5353 κρύπτων
1374 5284 1431 5335 ἐν
1461 5283 1539 5352 τῷ
1568 5281 1764 5351 άφανεί
1795 5277 1896 5349 τὴν

312 5379 575 5443 διάνοιαν,
612 5378 736 5432 καθ’
783 5377 978 5430 ἑαυτὸν
1009 5376 1225 5447 ὑπῆρχε
1257 5373 1579 5444 θαυμάζων,
1623 5374 1674 5427 εί
1708 5371 1894 5426 ἐκεῖνά

312 5486 384 5539 γε
410 5471 592 5523 πάντα
643 5467 1086 5542 ὑπομεμενηκὼς
1116 5469 1225 5539 εἰη,
1265 5467 1477 5536 ὅσαπερ
1516 5460 1668 5536 αὑτῷ
1701 5464 1895 5536 μηνύοι

309 5563 382 5618 τὰ
413 5563 754 5634 γράμματα·
798 5559 920 5626 εἶτα
973 5563 1068 5629 xuii
1111 5561 1466 5631 άτενέστερον
1511 5557 1658 5627 αὺτῷ
1706 5555 1895 5628 ἐνιδὼν

311 5657 408 5710 καὶ
455 5656 576 5711 ὅλον
629 5656 1044 5728 άνασκοπήσας,
1094 5655 1164 5708 Σὺ
1219 5650 1270 5709 εἷ
1320 5654 1348 5707 ὁ
1394 5650 1709 5723 διαϐόητος,
1765 5650 1892 5720 ἔφη,

2001 4813 2092 4870 ubi
2129 4823 2257 4869 tunc
2299 4826 2514 4883 quoque
2565 4810 2886 4866 versabatur
2937 4807 3337 4872 Diocletianus,
3390 4819 3445 4860 ct
3489 4805 3584 4876 qui
3666 4825 3670 4828 ·

2000 4904 2151 4962 missi
2199 4903 2440 4969 fuerant,
2483 4902 2535 4959 ei
2587 4901 2822 4956 reddunt
2867 4900 3100 4968 litteras,
3156 4910 3213 4956 et
3244 4900 3584 4955 Clementem

2003 4999 2404 5064 admirabilem,
2453 5011 2577 5052 cum
2623 4995 2712 5050 ille
2753 4994 3032 5064 iussisset,
3084 4994 3358 5050 adducunt
3385 4993 3437 5046 in
3469 5006 3584 5046 me-

2001 5094 2169 5149 dium.
2231 5091 2364 5148 Cum
2425 5103 2556 5145 vero
2606 5088 2890 5154 astitisset,
2946 5096 3073 5142 tunc
3133 5086 3322 5142 videns
3369 5083 3583 5138 Diocle-

2003 5184 2185 5240 tianus
2229 5181 2530 5252 jucundum
2585 5180 2707 5250 eius
2763 5179 3112 5246 alacremque
3158 5186 3211 5232 et
3263 5189 3582 5242 generosum

2001 5285 2306 5347 aspectum,
2360 5273 2596 5344 primum
2631 5270 2849 5340 quidem
2894 5271 3099 5333 celans,
3135 5269 3264 5338 quid
3310 5266 3364 5320 in
3397 5267 3580 5326 animo

2001 5371 2245 5436 haberet,
2283 5369 2423 5438 apud
2468 5381 2526 5422 se
2557 5364 2952 5428 admirabatur,
2983 5379 3051 5416 an
3087 5361 3172 5416 illa
3209 5361 3388 5415 omnia
3421 5358 3580 5411 susti-

2000 5465 2232 5529 nuisset,
2275 5477 2395 5530 quse
2450 5461 2498 5514 ci
2541 5458 2922 5527 signiﬁcabant
2952 5457 3165 5510 litterae.
3215 5453 3417 5507 Deinde
3455 5465 3580 5506 eum

2000 5557 2167 5614 etiam
2209 5556 2332 5612 lixis
2361 5554 2578 5609 intuens
2631 5551 2824 5614 oculis,
2875 5558 2929 5604 et
2963 5559 3129 5604 totum
3183 5546 3576 5601 considerans:

1999 5646 2080 5705 Tu
2107 5663 2190 5716 cs,
2222 5647 2416 5718 inquit,
2447 5644 2680 5702 celebris
2710 5644 2797 5700 ille
2823 5641 3092 5709 Clemens,
3129 5639 3282 5708 cujus
3324 5646 3578 5709 magnum
