4116 6408
323 520 327 524 .
434 475 655 530 fecisset
693 486 1015 541 resurgere,
1055 481 1110 526 et
1149 472 1218 526 ad
1262 469 1502 540 priorem
1535 468 1842 523 reduxisset
1883 468 2036 536 prin-

437 254 550 318 339
1676 245 1958 305 MENSIS
1993 245 2236 306 iANUA
2249 247 2295 306 l’.
2308 245 2450 306 iUS.
3626 254 3731 320 840

433 383 720 449 ascendit,
755 380 900 436 unde
925 380 1310 444 descenderat,
1384 393 1508 434 cum
1559 391 1658 432 nos
1688 392 1794 430 una
1826 390 2027 445 qnoqm

2149 379 2245 432 καὶ
2277 379 2448 450 ἡμᾶς,
2477 380 2571 432 καὶ
2599 381 2680 444 εἰς
2708 381 2810 450 τὴν
2833 379 3111 452 προτέραν
3142 382 3318 454 ἀρχὴν
3347 385 3732 455 ἐπαναγαγὼν,

2146 465 2214 542 ἧς
2240 470 2330 526 διὰ
2361 470 2464 544 τὴν
2499 471 2789 546 παρακοῂν
2812 472 2997 538 κακῶς
3025 473 3487 547 ἐκπεπτώκαμεν.

431 569 713 640 eipatum,
764 581 792 621 a
844 580 953 636 quo
1008 564 1146 620 male
1201 563 1506 622 excidimus
1556 567 1778 633 propter
1837 559 2030 615 inobe-

434 662 717 717 dientiam.

1880 875 2107 933 CAPUT
2153 874 2240 932 VL

996 1057 1149 1114 Varii
1204 1054 1412 1110 tolerati
1463 1051 1644 1106 Roma:
1690 1049 1982 1104 cruciatus.
2015 1045 2178 1102 Multi
2214 1051 2451 1105 conversi
2498 1059 2548 1104 et
2591 1050 2849 1120 martyrio
2888 1050 3152 1105 coronati.

504 1249 701 1308 XXIX.
747 1247 980 1318 Propter
1028 1243 1144 1300 iure
1173 1244 1468 1310 imperator
1509 1240 1575 1293 ad
1616 1239 1750 1292 iram
1787 1236 2034 1292 concita-

430 1357 553 1413 tur;
617 1354 673 1400 et
725 1341 907 1398 verbis
962 1339 1139 1393 victus
1218 1332 1554 1388 convertitur
1607 1332 1675 1385 ad
1729 1329 2030 1400 supplicia,

430 1439 686 1494 nesciens
717 1433 938 1496 stultus,
970 1445 1028 1484 se
1061 1443 1156 1498 per
1180 1424 1268 1479 illa
1305 1426 1474 1495 magis
1499 1438 1622 1480 esse
1649 1422 1975 1478 vincendum
2013 1439 2027 1479 :

2137 1426 2360 1499 ἐχώρει,
2387 1427 2488 1481 οὐκ
2519 1426 2676 1490 εἰδὼς
2709 1429 2961 1498 ἀνόητος,
2993 1427 3075 1480 ὃτι
3099 1427 3234 1480 πολὺ
3271 1427 3472 1497 μᾶλλον
3491 1427 3560 1483 δι’
3587 1428 3734 1483 ἐκεί-

430 1529 702 1600 siquidem
737 1537 986 1596 apertum
1019 1531 1103 1576 est
1140 1518 1435 1586 indicium,
1470 1517 1672 1572 victum
1708 1531 1829 1572 esse
1863 1532 2027 1580 eum,

2139 1538 2245 1573 νων
2279 1520 2508 1593 ἔμελλεν
2557 1519 2991 1591 ἡττηθήσεσθαι,
3032 1521 3194 1590 εἴπερ
3240 1514 3380 1592 ἧττα
3411 1520 3592 1591 σαφὴς
3634 1518 3731 1574 τοῦ

431 1623 524 1694 qui
547 1621 735 1693 punit,
773 1619 916 1688 quod
946 1617 1014 1684 is,
1043 1614 1133 1685 qui
1172 1613 1414 1684 punitur,
1449 1611 1582 1666 nihil
1611 1611 1835 1665 omnino
1870 1611 2027 1666 cedat

2136 1612 2462 1677 κολάζοντος
2494 1612 2556 1666 τὸ
2588 1612 2680 1665 τὸν
2714 1611 3083 1682 κολαζόμενον
3110 1611 3278 1682 μηδὲν
3315 1613 3450 1675 ὅὶως
3486 1610 3732 1665 ἐνδοῦναι

431 1713 731 1786 suppliciis.
780 1709 944 1765 lubet
978 1723 1108 1780 ergo
1150 1715 1282 1762 rotae
1332 1703 1548 1774 alligari
1591 1713 1924 1775 martyrem,
1973 1712 2027 1759 et

2134 1707 2234 1774 τῆς
2277 1705 2578 1776 τιμωρίας.
2639 1705 2870 1758 Κελεύει
2921 1705 3054 1772 γοῦν
3111 1704 3294 1776 τροχῷ
3335 1705 3430 1758 τὸν
3473 1705 3732 1775 μάρτυρα

2212 1240 2340 1299 ΚΘ’.
2385 1241 2509 1297 Ἐπὶ
2539 1242 2752 1306 τούτοις
2780 1243 2919 1313 ὀργὴ
2948 1241 3220 1312 λαμϐάνει
3261 1240 3352 1294 τὸν
3383 1239 3608 1312 βασιλέα
3638 1241 3736 1296 καὶ

2140 1336 2280 1405 πρες
2336 1336 2462 1398 τοὺς
2512 1333 2706 1402 λόγους
2749 1333 3104 1404 ἡττώμενος,
3161 1333 3256 1386 ἐπὶ
3307 1333 3408 1397 τὰς
3457 1336 3735 1406 τιμωρίας

432 1804 838 1878 rotamquidem
863 1803 999 1856 verti
1026 1813 1224 1872 magno
1259 1801 1488 1869 impetu,
1526 1807 1819 1869 martyrem
1848 1808 2030 1852 autem

383 1881 395 1888 ’
430 1900 596 1972 virgis
644 1897 926 1954 verberari
983 1893 1400 1951 crudelissimis.
1455 1892 1767 1962 Statimque
1820 1902 2032 1963 martyr

431 1993 610 2050 fuerat
676 1973 968 2062 alligatus,
1029 2000 1148 2044 rota
1207 2001 1340 2042 vero
1391 1977 1706 2042 vertebatur
1755 1984 2028 2040 celeriter.

429 2083 636 2156 Marlyr
663 2095 842 2140 autem
860 2125 876 2150 ,
903 2083 1122 2152 quando
1149 2088 1269 2134 erat
1295 2079 1512 2148 quidem
1544 2077 1595 2134 in
1631 2087 1749 2131 rota
1774 2074 2030 2142 sublimi,

431 2178 752 2234 tradebatur
811 2177 876 2230 iis
913 2176 1005 2244 qui
1042 2173 1438 2240 verberabant;
1479 2171 1700 2242 quando
1736 2186 1864 2226 vero
1907 2179 2029 2226 rota

429 2287 555 2326 entn
593 2269 695 2325 sub
738 2285 797 2324 se
829 2267 1038 2323 ferebat
1061 2305 1075 2332 ,
1104 2282 1306 2337 corpus
1341 2266 1458 2335 cjns
1485 2266 1683 2321 acerbe
1710 2265 2032 2320 censcinde-

429 2363 614 2425 batur,
647 2368 705 2416 et
737 2373 862 2414 ossa
913 2358 1357 2413 conterebantur.
1411 2357 1656 2427 Cumque
1698 2356 1778 2411 sic
1817 2355 2030 2410 lacera-

431 2464 604 2519 retur,
659 2454 887 2507 Domine
941 2451 1013 2504 mi
1064 2447 1192 2504 Jesu
1223 2449 1476 2514 Christe,
1508 2449 1724 2504 dicebat
1749 2488 1763 2512 ,
1799 2448 1919 2502 veni
1960 2449 2028 2502 ad

431 2563 590 2620 Opem
625 2549 757 2603 mihi
803 2548 1108 2612 ferendam,
1137 2557 1190 2601 et
1220 2546 1338 2600 leva
1373 2562 1458 2600 me
1497 2545 1601 2600 hoc
1632 2546 1872 2615 pondere
1898 2561 2029 2616 sup-

433 2641 585 2712 plieii
617 2658 631 2695 :
658 2640 916 2710 quoniam
941 2637 1419 2693 circumdederunt
1448 2651 1538 2690 me
1563 2635 1778 2692 dolores
1813 2637 2026 2698 mortis.

430 2734 674 2806 pericula
711 2733 910 2788 inferni
946 2731 1276 2786 invenerunt
1306 2745 1415 2786 tne.
1458 2729 1688 2800 Respice
1725 2730 1792 2785 ad
1827 2745 1934 2794 me,
1975 2738 2030 2785 et

431 2827 698 2882 miserere
726 2824 870 2888 mei,
907 2830 963 2878 et
995 2837 1063 2876 ex
1102 2819 1522 2876 necessitatibus
1557 2820 1692 2874 meis
1737 2834 1868 2874 erue
1919 2834 2028 2876 me.

429 2918 592 2972 Adsis
625 2917 781 2979 mihi,
829 2925 887 2970 ut
933 2915 1228 2983 aliquando
1274 2914 1438 2968 etiam
1479 2911 1778 2983 paralytiro
1822 2911 1924 2982 (5),
1961 2912 2028 2967 ad

2135 1798 2528 1870 προσδεοῆναι,
2567 1797 2662 1851 καὶ
2692 1797 2785 1852 τὸν
2803 1799 2911 1869 μὲν
2937 1797 3131 1870 τροχὸν
3164 1797 3308 1868 μετὰ
3334 1797 3536 1868 πολλῆς
3567 1797 3730 1870 στρέο

2135 1890 2333 1961 φεσΘαι
2349 1890 2447 1961 τῆς
2476 1889 2678 1961 ὁρμῆς,
2706 1888 2799 1942 τὸν
2825 1889 3082 1960 μάρτυρα
3106 1888 3162 1941 δὲ
3189 1888 3403 1960 ῥάϐδοις
3427 1886 3730 1959 ώμοτάτως

2134 1981 2461 2039 τύπτεσθαι.
2497 1982 2610 2035 Καὶ
2637 1980 2843 2034 αὐτίκα
2875 1981 2903 2033 6
2934 1982 3034 2050 μέν
3065 1980 3302 2052 ἀθλητὴς
3335 1979 3549 2034 ἐδέδετο
3569 1994 3581 2008 ·
3611 1981 3640 2033 6
3669 1977 3730 2032 δέ

2134 2077 2328 2150 τροχὸς
2375 2075 2543 2142 ὀξέως
2587 2077 2838 2149 ἐφέρετο.
2883 2077 2942 2132 Ὀ
2979 2078 3036 2130 δὲ
3084 2078 3298 2149 μάρτυς
3340 2077 3432 2131 ὅτε
3489 2077 3590 2146 μὲν
3635 2078 3729 2130 ἐπὶ⁵

2137 2169 2420 2242 μετεώρου
2453 2169 2547 2223 τοῦ
2593 2169 2792 2241 τροχοῦ
2835 2165 2903 2242 ἦν
2944 2173 3057 2234 τοῖς
3094 2170 3388 2224 τύπτουσιν
3439 2169 3727 2235 ἑξεδίδοτο,

2132 2261 2300 2332 ἡνίκα
2334 2262 2392 2315 δὲ
2425 2262 2591 2316 πάλιν
2630 2263 2796 2315 αὑτὸν
2841 2263 2931 2332 ὑφ’
2965 2263 3161 2317 ἑαυτὸν
3204 2260 3517 2334 ἐλάμϐανεν
3541 2264 3567 2315 6
3598 2278 3730 2332 τρο-

2133 2355 2225 2426 χὸς
2281 2354 2652 2425 κατετέμνετο
2693 2354 2909 2428 πικρῶς
2968 2353 3029 2408 τὸ
3090 2353 3286 2425 σῶμα,
3333 2354 3427 2407 καὶ
3473 2353 3544 2406 τὰ
3589 2352 3728 2408 ὀστᾶ

2135 2449 2507 2522 συνετρίϐετο.
2546 2449 2655 2504 Καὶ
2683 2448 2861 2512 οῦτως
2889 2449 2984 2501 ἐπὶ
3023 2448 3250 2512 πολλαῖς
3279 2451 3398 2511 ταῖς
3427 2447 3601 2517 ὥραις
3634 2464 3728 2500 κο-

2135 2545 2407 2615 πτόμενος
2430 2585 2445 2610 ,
2475 2543 2650 2617 Κύριε
2687 2542 2864 2616 Ἰησοῦ
2895 2543 3122 2614 Χριστὲ,
3155 2543 3366 2611 ἔλεγεν,
3402 2541 3525 2594 ἐλθὲ
3560 2543 3640 2605 είς
3668 2543 3728 2594 τὸ

2133 2636 2405 2710 βοηθῆσαί
2457 2654 2588 2709 μοι,
2631 2637 2728 2690 καὶ
2771 2637 2833 2690 τδ
2881 2635 3022 2708 βαρὺ
3074 2635 3236 2689 τοῦτο
3289 2635 3390 2706 τῆς
3450 2635 3729 2698 κολάσεως

2133 2730 2517 2800 ἐπικοῦφισον,
2538 2732 2623 2785 ὃτι
2655 2731 2950 2804 περιέσχον
2981 2747 3050 2800 με
3093 2729 3286 2793 ὠδῖνες
3308 2728 3572 2793 θανάτου,
3605 2727 3728 2780 κίν-

2132 2827 2282 2880 δυνοι
2339 2827 2468 2899 ᾅδου
2516 2825 2752 2898 εῦροσάν
2804 2842 2895 2896 με.
2958 2823 3288 2892 Ἐπίϐλεψον
3333 2823 3422 2877 ἐπ’
3479 2822 3581 2894 ἐμὲ
3631 2823 3729 2876 καὶ

2094 2893 2362 2988 ρἐλέησόν
2393 2935 2484 2988 με,
2514 2893 2613 2971 καλ
2647 2919 2714 2971 ἐκ
2754 2893 2866 2981 τῶν
2906 2914 3163 2983 ἀναγκῶν
3196 2931 3307 2985 ,μου
3343 2893 3579 2984 ἐξάγαγε
3615 2927 3721 2983 με’

427 3009 653 3077 gloriam
707 3017 891 3074 tuam,
957 3006 1024 3060 ad
1079 3003 1482 3059 conlessionem
1523 3002 1600 3056 lui
1647 3003 1922 3068 nominis,
1967 3004 2027 3057 ad

2139 3011 2454 3082 παράστηθι
2502 3011 2581 3070 ὡς
2616 3009 2694 3080 τῷ
2740 3008 3099 3081 παραλυτικῷ
3147 3025 3302 3074 ποτε,
3337 3008 3430 3061 καὶ
3469 3006 3592 3078 ἐμοὶ
3641 3007 3724 3063 si:

430 3101 670 3156 dedecus
702 3109 756 3154 ct
802 3096 1156 3165 ignominiam
1212 3095 1600 3162 inimicorum,
1645 3095 1710 3150 ad
1761 3095 2027 3164 majorum

429 3200 654 3262 propter
691 3199 742 3246 te
775 3190 1186 3261 perpessionem
1217 3187 1585 3245 tolerantiam.

505 3385 678 3443 XXX.
716 3386 842 3442 llaec
883 3402 1007 3442 cum
1053 3387 1284 3444 dixisset
1317 3397 1563 3456 sanctus,
1600 3389 1784 3445 statim
1814 3399 1871 3446 et
1911 3397 2028 3445 rota

427 3495 456 3532 a
493 3491 666 3545 motu,
697 3489 755 3535 et
799 3478 894 3548 qui
953 3479 1358 3546 verberabant,
1402 3492 1758 3536 cessaverunt
1792 3497 1821 3536 a
1851 3481 2028 3552 plagis

429 3569 721 3624 aﬂ‘erendis
764 3587 779 3623 :
826 3580 882 3624 et
927 3581 1140 3642 martyr
1171 3571 1395 3640 quidem
1443 3570 1608 3626 simul
1649 3573 1717 3627 ab
1744 3572 2025 3638 omnibus,

428 3675 478 3719 et
513 3679 544 3716 a
578 3671 718 3729 rota,
748 3674 802 3717 et
832 3677 868 3716 a
903 3661 1133 3718 vinculis
1161 3663 1270 3719 illis
1297 3678 1397 3718 sua
1427 3674 1622 3733 sponte
1654 3664 1866 3720 solutus
1911 3663 2028 3720 fite-

430 3767 546 3822 rat,
593 3765 648 3808 et
707 3755 994 3809 restitutus
1048 3757 1100 3808 in
1146 3756 1402 3824 priorem,
1432 3757 1726 3809 sanitatem
1760 3775 1774 3810 :
1809 3756 2028 3811 lictores

426 3859 610 3904 atatem
647 3848 821 3901 subiit
872 3846 1243 3901 membrorum
1279 3847 1587 3902 dissolutio.
1633 3849 1698 3902 Et
1749 3848 1903 3903 multi
1960 3863 2025 3902 ex

428 3939 720 4005 Romanis,
776 3939 867 4009 qui
901 3941 974 3994 ad
1011 3939 1117 3994 tale
1169 3942 1542 4009 spectaculum
1594 3950 2020 4008 concurrerant,

428 4031 578 4087 sanis
618 4043 915 4086 evaserunt
943 4033 1161 4096 animis,
1207 4041 1284 4096 et,
1319 4031 1542 4102 Magnus
1580 4042 1664 4088 est
1699 4033 1840 4088 Deus
1865 4032 2026 4087 Gbri-

430 4126 773 4187 stianorum,
834 4141 1028 4194 magna
1086 4140 1220 4178 voce
1269 4125 1737 4185 eat-lamaverunt.
1800 4125 2026 4197 Magnus

431 4230 560 4269 Vero
599 4201 885 4281 Clemens,
939 4215 1031 4282 qui
1068 4225 1190 4268 erat
1223 4229 1349 4268 vere
1385 4214 1582 4270 Christi
1622 4215 1860 4286 palmes,
1898 4231 2024 4270 cum

429 4308 596 4363 veluti
638 4308 897 4376 puleliros
929 4311 1195 4378 quosdam
1244 4308 1460 4364 fruetus
1491 4325 1592 4366 sua
1627 4311 1867 4366 membra
1917 4311 2025 4367 Deo

429 4400 754 4455 obtulisset:
785 4399 903 4470 Ago
949 4400 1044 4453 tibi
1074 4400 1302 4471 gratias,
1339 4401 1582 4464 diccbat,
1618 4416 1652 4457 o
1689 4401 1852 4465 Dens,
1881 4404 2026 4473 quod

431 4489 668 4545 volueris
698 4507 784 4545 me
825 4492 878 4544 in
919 4491 1020 4545 liae
1062 4479 1297 4545 maxima
1330 4503 1387 4546 et
1416 4493 1854 4563 frequentissima
1887 4495 2025 4550 etvi-

430 4593 541 4638 tate
585 4584 696 4653 pati
749 4599 850 4654 pro
894 4581 1034 4637 Filio
1077 4595 1169 4637 tuo
1197 4585 1496 4654 unigenito,
1538 4587 1629 4654 qui
1663 4588 1778 4655 ipse
1805 4602 2025 4657 quoque

431 4693 628 4750 passus
653 4679 749 4731 iuit
782 4694 878 4748 pro
909 4677 1088 4740 nobis,
1117 4685 1172 4731 et
1199 4678 1431 4746 pretium
1463 4690 1661 4734 nostra:
1687 4681 2024 4750 captivitatis

433 4780 490 4824 et
532 4772 813 4826 servitutis
841 4787 1001 4824 suum
1041 4770 1231 4825 effudit
1264 4773 1610 4840 sanguinem.
1647 4771 1854 4827 Deinde
1894 4774 2026 4828 sub-

431 4865 616 4934 iunxit
658 4866 822 4920 etiam
855 4865 1053 4922 seriem
1097 4875 1450 4932 sanctorum,
1481 4867 1573 4935 qui
1615 4865 1803 4923 Bonna:
1831 4877 2024 4923 erant:

435 4958 606 5024 Quem
664 4957 890 5024 Petrus,
946 4959 1158 5030 inquit,
1213 4959 1403 5013 docuit
1450 4959 1664 5026 colere,
1715 4971 1773 5014 et
1826 4959 2028 5016 Paulus

434 5051 777 5122 praedicavit,
823 5060 878 5105 et
910 5052 1004 5122 qui
1041 5059 1163 5106 erat
1196 5050 1461 5120 ejusdem,
1503 5050 1660 5121 cujus
1693 5067 1817 5123 ego,
1850 5053 2027 5108 nomio

438 5140 522 5195 nis
553 5139 804 5196 Clemens
832 5141 921 5195 ille
958 5142 1201 5210 sapiens,
1235 5142 1568 5197 adorandum
1596 5158 1717 5198 esse
1746 5143 1986 5200 decrevit
2012 5163 2026 5209 ;

436 5242 491 5284 et
517 5231 734 5286 divinus
762 5231 1016 5300 deinceps
1044 5230 1338 5287 Onesimus
1357 5242 1443 5287 est
1469 5231 1773 5288 confessus.
1798 5233 2026 5302 Propter

437 5330 595 5396 quem
647 5325 744 5393 ipsi
789 5338 1008 5392 quoque
1050 5324 1218 5392 passi,
1260 5323 1431 5378 libere
1465 5323 1719 5392 loquendi
1758 5334 2028 5394 potestate

438 5415 580 5484 apud
604 5430 698 5468 eos
723 5413 902 5468 valent
935 5415 1254 5484 plurimum,
1279 5426 1333 5468 et
1358 5417 1658 5468 adorantur
1689 5433 1717 5468 ει
1753 5415 2024 5484 lidelibus,

439 5504 580 5562 haud
635 5509 710 5562 ita
749 5510 918 5562 multo
964 5521 1087 5578 post
1137 5518 1318 5564 autem
1359 5510 1733 5565 adorabuntur
1790 5512 1954 5566 etiam
1996 5527 2025 5570 a

517 5711 596 5780 e5)
635 5711 768 5767 Acta
802 5712 1006 5783 priora,
1041 5712 1234 5769 Paulo.

2059 4351 2104 4408 Β

2132 3102 2293 3168 δόξαν
2353 3103 2492 3174 σὴν,
2542 3105 2620 3166 είς
2669 3101 2964 3172 ὁμολογίαν
3017 3100 3112 3154 τοῦ
3161 3099 3258 3153 σοῦ
3309 3099 3597 3171 ὀνόματος,
3645 3099 3729 3161 είς

2133 3193 2403 3268 αἰσχύνην
2445 3196 2537 3248 καὶ
2583 3195 2854 3266 ἐντροπὴν
2895 3193 3005 3248 τῶν
3056 3191 3293 3266 ἐχθρῶν,
3337 3194 3418 3257 είς
3461 3191 3730 3245 πλειόνων

2133 3287 2274 3358 ὑπὲρ
2316 3285 2412 3340 σοῦ
2445 3287 2790 3357 παθημάτων
2821 3286 3122 3357 ὑπομονήν.

2203 3378 2284 3436 Λ’.
2321 3379 2510 3434 Ταῦτα
2532 3377 2628 3433 τοῦ
2659 3378 2816 3448 ἁγίου
2860 3379 3128 3444 εἰπόντος,
3150 3377 3352 3442 εὗθέως
3387 3378 3415 3431 6
3442 3393 3500 3431 τε
3533 3375 3729 3448 τροχὸς

2129 3473 2232 3542 τῆς
2256 3473 2451 3544 φορᾶς,
2504 3471 2600 3526 καὶ
2628 3471 2676 3525 οί
2716 3471 3015 3534 τύπτοντες
3044 3471 3156 3525 τῶν
3188 3469 3416 3541 πληγῶν
3463 3469 3725 3540 ἔστησαν.

2130 3563 2244 3616 Καὶ
2273 3565 2301 3616 6
2334 3561 2548 3633 μάρτυς
2595 3561 2697 3632 μέν
2728 3561 2947 3615 πάντων
2977 3559 3117 3632 ὁμοῦ
3140 3561 3234 3616 καὶ
3266 3560 3361 3614 τοῦ
3387 3560 3607 3631 τροχοῦ,
3633 3561 3730 3614 καὶ

2129 3655 2240 3707 τῶν
2269 3651 2488 3724 δεσμῶν
2522 3650 2748 3705 ἐκείνων
2774 3649 3098 3720 αὐτομάτως
3120 3649 3364 3716 ἐλέλυτο,
3395 3649 3489 3702 καὶ
3514 3649 3593 3710 είς
3624 3647 3728 3717 τὴν

2131 3748 2405 3819 προτέραν
2466 3743 2656 3814 ὑγείαν
2715 3743 3164 3798 ἁποκαθίστατο·
3219 3743 3348 3804 τοὺς
3398 3740 3629 3812 δημίους
3670 3740 3728 3792 δὲ

2136 3840 2369 3912 πάρεσις
2414 3839 2591 3911 εἰσῄει
2626 3837 2827 3909 μελῶν,
2876 3837 2970 3891 καὶ
3003 3835 3190 3890 πολλοὶ
3223 3835 3334 3890 τῶν
3366 3835 3462 3889 ἐπὶ
3496 3831 3728 3908 τοιαύτῃ

2132 3930 2550 4004 συνδραμόντων
2573 3931 2673 4002 θέᾳ
2701 3931 2991 4000 Ῥωμαίων
3015 3928 3114 3992 τὰς
3143 3928 3325 4000 ψυχὰς
3359 3926 3727 3996 ῦγιάσθησαν.

2131 4025 2248 4091 καὶ,
2290 4025 2478 4093 Μέγας
2502 4026 2530 4078 6
2553 4023 2688 4087 Θεὸς
2712 4023 2821 4078 τῶν
2845 4021 3218 4094 Χριστιανῶν,
3243 4021 3458 4093 μεγάλῃ
3478 4019 3552 4084 ὡς
3582 4013 3728 4088 εἶχον

2129 4117 2366 4188 ἐϐόησαν
2415 4119 2484 4187 τῇ
2543 4119 2722 4187 φωνῇ.
2784 4116 2843 4172 '0
2877 4117 3062 4188 μέντοι
3093 4117 3342 4185 γενναῖος
3374 4115 3630 4184 Κλήμης,
3665 4113 3728 4164 τὸ

2131 4213 2353 4281 εὐγενὲς
2384 4211 2459 4274 ὡς
2499 4210 2718 4282 ἀληθῶς
2771 4210 2866 4265 τοῦ
2905 4210 3144 4281 Χριστοῦ
3190 4210 3414 4280 κλῆμα,
3475 4207 3728 4277 καθάπερ

2131 4307 2282 4369 τινὰς
2312 4305 2550 4376 ὡραίους
2580 4305 2831 4374 καρποὺς
2860 4305 2929 4359 τὰ
2963 4303 3161 4358 ἑαυτοῦ
3189 4304 3329 4376 μέλη
3365 4302 3727 4374 καρποφορὴ-

2138 4416 2238 4463 σας
2263 4399 2416 4468 Θεῷ·
2446 4397 2772 4469 Εὐχαριστῶ
2812 4415 2918 4463 σοι,
2954 4398 3165 4466 ἑλεγεν,
3203 4399 3230 4451 6
3274 4397 3428 4461 Θεὸς,
3463 4396 3548 4448 δτι
3595 4409 3726 4446 κατ⁹

2133 4493 2376 4564 ηξίωσάς
2408 4509 2477 4562 με
2509 4492 2613 4546 κάν
2638 4494 2706 4562 τῇ
2743 4492 2979 4566 μεγίστῃ
3025 4491 3201 4565 ταύτῃ
3240 4492 3334 4544 καὶ
3374 4487 3726 4554 πολυανθρω-

2135 4586 2348 4658 ποτάτῃ
2380 4586 2488 4641 τῶν
2526 4585 2740 4640 πόλεων
2783 4586 2925 4656 ὑπὲρ
2955 4585 3049 4640 τοῦ
3084 4583 3408 4656 μονογενοῦς
3448 4581 3580 4636 Υἰοῦ
3628 4598 3725 4635 σου

2135 4678 2353 4744 παθεῖν,
2411 4677 2508 4732 τοῦ
2544 4677 2639 4732 καὶ
2691 4676 2857 4732 αὑτοῦ
2899 4677 3166 4740 παθόντος
3199 4676 3342 4747 ὑπὲρ
3391 4675 3572 4746 ἡμῶν,
3630 4675 3725 4730 καὶ

2135 4771 2334 4842 λύτρον
2386 4771 2486 4840 τῆς
2535 4769 2816 4842 ἡμετέρας
2863 4769 3242 4842 αἰχμαλωσίας
3267 4769 3362 4824 καὶ
3394 4771 3492 4838 τῆς
3522 4765 3714 4821 δουλώ-

2133 4885 2291 4932 σεως,
2324 4868 2384 4921 τὸ
2409 4869 2611 4924 οἰκεῖον
2635 4863 2778 4940 αἷμα
2803 4868 3116 4938 ἐκχέαντες.
3147 4864 3279 4922 Εἶτα
3303 4868 3399 4924 καὶ
3426 4869 3518 4921 τον
3545 4869 3728 4938 ὁρμα-

2131 4962 2224 5015 θὸν
2250 4962 2361 5015 τῶν
2415 4963 2472 5014 ἐν
2523 4964 2592 5033 τῇ
2642 4959 2830 5032 Ῥώμῃ
2887 4961 3062 5028 ἁγίων
3091 4963 3332 5033 ἐπῆγεν·
3369 4963 3465 5015 Ὃν
3496 4961 3724 5030 Πέτρος.

2132 5056 2322 5127 φησιν,
2377 5055 2585 5123 ἐδίδαξε
2634 5055 2840 5120 σέὃειν,
2903 5057 3000 5111 καὶ
3033 5056 3248 5118 Παῦλος
3299 5054 3538 5128 ἐκήρυξε
3569 5055 3666 5108 καὶ
3697 5053 3725 5104 6

2133 5147 2450 5218 συνώνυμος
2485 5147 2610 5217 ἐμοὶ
2665 5147 2900 5217 Κλήμης
2954 5149 2985 5201 6
3035 5149 3199 5218 σοφὸς
3249 5148 3598 5216 ἐδογμάτισε,
3633 5147 3729 5198 καὶ

2150 5241 2439 5310 Ὀνήσιμος
2471 5241 2499 5293 6
2519 5240 2660 5306 θεῖος
2683 5240 2812 5310 ἑξῆς
2844 5241 3201 5313 ὡμολόγησεν
3228 5259 3244 5272 ”
3271 5240 3339 5294 δι’
3359 5241 3420 5294 ὃν
3452 5239 3548 5293 καί
3570 5238 3728 5292 αὐτοὶ

2138 5334 2406 5397 παῠόντες
2443 5333 2649 5402 πολλήν
2684 5352 2740 5387 τε
2775 5335 2914 5406 πρὸς
2969 5334 3134 5388 αὐτὸν
3161 5331 3344 5404 ἔχουσι
3373 5331 3471 5402 τὴν
3508 5331 3730 5401 «appr,-

2139 5426 2282 5488 σίαν,
2338 5425 2434 5479 καὶ
2467 5426 2573 5480 ὑπὸ
2605 5427 2824 5480 πάντων
2858 5426 3065 5480 πιστῶν
3103 5426 3559 5496 προσκυνοῦνται,
3606 5421 3725 5491 μετ’

2135 5519 2195 5572 0'3
2229 5519 2364 5572 πολὺ
2400 5519 2455 5572 δὲ
2486 5520 2580 5573 καὶ
2631 5520 2735 5574 ὑπὸ
2780 5520 3020 5574 εὐσεῦῶν
3047 5519 3311 5590 βασιλέων
3344 5514 3725 5589 προσκυνηθῄ
