4116 6446
438 387 537 452 Sil

1481 394 1660 455 VITA
1704 394 1769 456 S.
1798 393 2235 456 CLEMENTIS
2279 390 2689 455 'ANCYRANI.

3621 389 3728 467 843

436 523 640 561 σονται.
664 506 838 561 Τοῦτο
857 505 914 560 δέ
935 501 1056 561 εἷπε
1080 504 1491 577 προαναφωνιῖη
1519 506 1620 581 τὴν
1644 507 1745 577 τῆς
1772 505 2033 567 ἀσεϐείας

2160 503 2389 560 ldelibus
2415 504 2861 574 imperatoribus.
2898 505 3009 574 lioc
3034 512 3215 560 autem
3242 502 3399 571 dixit,
3430 502 3727 578 praedicens

435 596 779 670 καθαίρεσιν.

508 760 635 816 ΛΑ’.
676 761 866 816 Ταῦτα
904 762 1132 833 μείζονα
1181 762 1557 834 Διοκλητιανῷ
1593 764 1691 818 τοῦ
1730 764 1906 835 θυμοῦ
1933 765 2033 836 τὴν

438 854 615 924 φλόγα
645 853 843 918 ἐποίει,
874 857 969 910 καὶ
1003 856 1219 920 στύλοις
1252 855 1477 909 ἐκέλευε
1527 856 1768 926 σιδηροῖς
1792 856 1856 908 τὺ
1886 872 2033 926 μαρ-

437 948 662 1019 τυρικὸν
716 950 895 1002 ἐκεῖνο
929 949 1104 1019 στόμα
1159 948 1623 1006 συνθλάττεσθαν
1661 947 1784 1005 ὃθεν
1835 950 1886 1002 oi.
1935 950 2036 1019 μὲν

430 1042 650 1103 ,ὀδόντες
681 1040 795 1093 εὖθ’
820 1059 847 1105 ς
888 1040 1265 1112 ὲξεκρούοντο,
1317 1020 1391 1093 αι
1412 1040 1666 1108 σιαγόνες
1695 1040 1751 1092 δὲ
1786 1039 2033 1108 συνετρί-

439 1132 615 1186 ϐοντο.
662 1131 725 1184 Ἢ
761 1132 816 1185 δὲ
848 1132 1000 1202 φωνὴ
1024 1132 1124 1187 οὐκ
1149 1131 1425 1202 ἐπείχετο,
1465 1131 1589 1184 οὐδὲ
1622 1147 1707 1193 τις
1739 1131 1831 1184 καί
1860 1130 2035 1202 μικρὰ

440 1225 634 1291 ὕφεσις
660 1227 760 1295 τῆς
792 1226 1014 1296 μακρᾶς
1048 1224 1263 1295 ἐκείνης
1287 1225 1604 1298 παρρησίας
1635 1224 1846 1292 ἐγίνετο
1865 1240 1879 1254 ·
1899 1224 1956 1278 ἀ)
1968 1224 2036 1278 λὰ

441 1318 536 1373 καὶ
566 1318 674 1375 τῶν
707 1318 920 1388 δημίων
955 1318 1068 1370 τῶν
1125 1317 1337 1388 σιωπὴν
1384 1316 1535 1388 αὐτῷ
1567 1316 2033 1385 ἐγκελευομένων,

442 1408 603 1471 αὐτὸς
628 1408 657 1462 ὁ
686 1407 848 1471 αὐτὸς
878 1402 967 1479 ἧν,
994 1407 1089 1462 καὶ
1120 1408 1242 1461 οὐδὲ
1279 1407 1479 1479 μικρὸν
1514 1408 1686 1477 ὑφίει,
1723 1409 2036 1463 τούναντίον

445 1501 543 1571 μὲν
572 1495 666 1555 οὖν
701 1502 794 1553 καὶ
828 1499 1039 1570 μείζονι
1059 1500 1330 1572 ἐκέχρητο
1348 1504 1413 1572 τῇ
1450 1503 1629 1572 φωνῇ.
1677 1501 1933 1570 καθάπερ
1954 1519 2037 1565 τις

442 1592 679 1663 χαλκοῦς
716 1592 942 1665 ἀνδριὰς
963 1595 1033 1664 τῇ
1060 1593 1402 1665 σφοδροτέρᾳ
1426 1595 1613 1665 πληγῇ
1646 1594 1870 1665 μείζονα
1903 1596 2040 1665 μᾶ).-

441 1682 531 1736 λον
558 1682 653 1736 τὸν
675 1678 808 1753 ἦχον
836 1683 1141 1738 ἀποτελῶν.
1169 1683 1289 1753 Ἐφ’
1314 1678 1395 1749 οἷς
1414 1687 1507 1738 καὶ
1527 1686 1689 1747 αὐτὸς
1720 1684 2038 1756 ἀπαγορεύ-

446 1792 543 1840 σας
567 1779 597 1831 ὁ
630 1777 909 1848 βασιλεὺς,
938 1777 1113 1849 δεσμὰ
1143 1778 1242 1832 καὶ
1270 1777 1369 1850 τὴν
1400 1777 1510 1831 ἀπὸ
1542 1778 1653 1832 τῶν
1692 1778 1910 1848 δεσμῶν
1942 1795 2042 1832 τα-

2137 610 2265 650 mox
2299 594 2581 650 delendam
2615 595 2972 665 impietatem.

2209 761 2401 817 XXXI.
2435 761 2560 816 Ilaec
2576 761 2901 817 Diocletiani
2941 764 3181 819 animum
3212 763 3393 819 acrius
3423 762 3728 818 inﬂamma-

2140 863 2337 909 veruut
2369 872 2382 909 :
2410 854 2577 925 jussit
2599 861 2780 909 autem
2812 854 2968 925 stylis
3011 853 3207 910 ferreis
3232 855 3362 910 illud
3404 854 3727 925 praeclarum

2142 948 2395 1019 martyris
2451 963 2514 1002 os
2585 948 2846 1003 contundi
2905 962 2968 1002 ac
3011 946 3302 1019 confringi.
3365 949 3481 1015 Quo
3525 947 3726 1001 factum

2140 1048 2246 1108 est,
2280 1049 2338 1094 ut
2358 1040 2551 1095 dentes
2576 1039 2793 1110 quidem
2824 1054 2947 1094 mox
2988 1038 3468 1117 labefactarentur,
3502 1037 3731 1107 maxilla.-

2141 1146 2272 1187 vero
2304 1140 2748 1187 contererentur.
2790 1129 2907 1186 Vox
2940 1140 3123 1186 tamen
3168 1145 3275 1185 non
3312 1132 3730 1200 reprimebatur,

2141 1239 2317 1294 neque
2366 1225 2440 1281 illi
2486 1225 2713 1296 prolixae
2767 1225 3023 1294 loquendi
3079 1223 3320 1278 libertati
3367 1221 3451 1278 vel
3505 1222 3730 1276 minima

2140 1318 2374 1372 dabatur
2428 1316 2679 1374 remissio
2725 1317 2865 1373 :sed
2902 1320 3068 1372 etiam
3116 1315 3400 1372 lictoribus
3441 1322 3500 1370 ut
3547 1314 3736 1369 sileret

2138 1411 2493 1482 jubentibus,
2536 1410 2652 1480 ipse
2685 1409 2830 1465 idem
2880 1421 3037 1476 erat,
3088 1419 3241 1467 etne
3283 1424 3473 1479 parum
3516 1406 3734 1478 quidem

2146 1505 2455 1561 remittebat
2479 1519 2493 1556 :
2522 1502 2618 1558 sed
2645 1510 2840 1559 contra
2865 1504 3029 1558 etiam
3060 1518 3196 1560 voce
3218 1503 3474 1558 utebatur
3502 1486 3733 1571 majore,

2144 1616 2252 1656 non
2284 1614 2443 1655 secus
2470 1613 2534 1654 ac
2560 1606 2738 1655 statua
2770 1600 3014 1669 quaedam
3054 1614 3228 1663 aenea,
3271 1613 3393 1669 quae
3427 1597 3533 1667 icta
3568 1595 3737 1652 velte:

2147 1692 2419 1758 mentius,
2453 1690 2724 1762 majorem
2760 1693 2872 1748 edit
2903 1691 3163 1747 sonitum.
3206 1688 3573 1757 Quamobrem
3613 1700 3735 1741 cum

2148 1786 2264 1856 ipse
2298 1800 2511 1856 quoque
2536 1786 2834 1857 imperator
2859 1795 3005 1841 esset
3036 1784 3388 1854 defatigatus,
3418 1779 3654 1837 vinculis
3681 1788 3740 1854 et

443 1871 753 1944 λαιπωρίαν
800 1875 906 1945 ξλῳ
957 1874 1036 1944 τῷ
1084 1878 1324 1947 μάρτυρι
1389 1876 1657 1947 περιθεὶς,
1710 1879 1775 1949 τῇ
1821 1876 2037 1947 φυλακῇ

2160 1893 2266 1948 tua:
2295 1894 2361 1934 ex
2391 1879 2470 1934 eis
2496 1879 2671 1934 oritur
2705 1877 2997 1933 atllictione
3038 1886 3094 1932 et
3125 1877 3348 1931 miseria
3377 1875 3474 1931 loti
3508 1872 3739 1963 martyri

446 1966 806 2037 παραδίδωσι.

516 2129 641 2193 AB’,
671 2130 744 2183 Τὸ
776 2132 961 2202 μέντοι
985 2132 1095 2187 τῶν
1126 2134 1538 2189 πιστευσάντων
1570 2134 1774 2207 πλῆθος
1793 2137 1871 2207 τῷ
1901 2140 2039 2191 κατὰ

448 2224 538 2279 τον
578 2225 775 2295 τροχὸν
828 2224 1090 2297 θαύματι,
1125 2226 1320 2299 ἄνδρες
1362 2244 1425 2281 τε
1458 2229 1555 2282 καὶ
1580 2229 1707 2283 ὅσον
1737 2228 1950 2300 ἔμφρον
1983 2234 2041 2284 ὲν

449 2318 696 2384 γυναιξὶν
724 2314 814 2389 ἦν,
847 2317 947 2391 τὴν
968 2319 1074 2390 γῆν
1106 2320 1208 2391 ἤδη
1235 2319 1333 2373 τοῦ
1366 2319 1519 2390 ἡλίου
1556 2321 1919 2386 ἀπολιπόντος
1950 2321 2045 2375 ἀλ-

449 2412 630 2485 ληλοις
654 2413 995 2484 συνθέμενοι,
1022 2412 1084 2466 τὸ
1110 2413 1489 2485 δεσμωτήριον
1534 2414 1675 2485 μετὰ
1701 2415 1810 2469 τῶν
1833 2416 2044 2471 παίδων

450 2506 731 2578 εἰσῄεσαν·
761 2503 881 2561 εἶτα
902 2507 1011 2561 τῶν
1042 2506 1254 2560 ἐκείνου
1288 2507 1466 2562 ποδῶν
1495 2496 1797 2578 ἁπτόμενοι
1829 2509 2046 2563 ἐδέοντο

455 2597 600 2667 μάλα
635 2597 855 2670 θερμῶς
909 2598 1050 2653 ὥστε
1081 2598 1175 2652 τοῦ
1208 2582 1356 2652 θείου
1403 2600 1816 2672 καταξιωθῆναι
1856 2601 2048 2673 βαπτί-

455 2707 682 2760 σματος.
742 2692 887 2764 Πρὸς
927 2691 1022 2747 οὖν
1070 2692 1260 2764 δέησιν
1295 2691 1439 2748 οὕτω
1481 2694 1693 2765 θερμὴν
1730 2694 2047 2766 θερμότατα

454 2783 549 2841 καὶ
580 2783 744 2848 αὐτὸς
784 2784 1103 2850 ἐπινεύσας,
1137 2784 1301 2849 εὐθὺς
1328 2784 1570 2838 ἐπετίθει
1603 2785 1663 2839 τὸ
1688 2785 2049 2857 ἕργον.Κατὰ

455 2876 588 2947 γοῦν
607 2877 707 2948 τὴν
736 2877 984 2948 φυλακὴν
1008 2876 1274 2947 ἀφθονίας
1308 2878 1524 2932 ὑδάτων
1556 2878 1746 2955 οὔσης,
1779 2879 1877 2943 τὰς
1909 2880 2049 2933 καθα

454 2970 697 3040 ηκούσας
745 2987 807 3023 τε
851 2971 1017 3035 αὐτὸς
1070 2972 1236 3040 εὐχὰς
1270 2973 1544 3043 ἐπιλέγει,
1590 2974 1686 3026 καὶ
1720 2973 1819 3026 σὺν
1867 2975 2050 3037 αὐτοῖς

457 3064 617 3116 παισὶ
650 3061 861 3124 πάντας
890 3062 988 3116 τοῦ
1045 3063 1196 3135 ἱεροῦ
1250 3064 1631 3136 βαπτίσματος
1659 3063 1823 3130 ἀξιοῖ.
1854 3065 2053 3119 Μέσων

454 3154 515 3207 δὲ
545 3156 759 3209 νυκτῶν
799 3155 898 3210 καὶ
944 3156 1065 3210 θεία
1090 3175 1174 3222 τις
1205 3158 1391 3221 αὐτοῖς
1425 3157 1715 3228 ἐφίσταται
1756 3157 1899 3231 ὄψις,
1935 3158 2051 3227 φῶς

2151 1971 2401 2044 imposita
2423 2012 2437 2039 ,
2473 1973 2639 2027 tradit
2672 1987 2793 2028 eum
2827 1972 2880 2027 in
2912 1971 3238 2027 custodiam.

2222 2139 2441 2196 XXXII.
2477 2123 2764 2196 Multitudo
2803 2146 2984 2195 autem
3021 2153 3232 2207 eorum,
3266 2139 3358 2212 qui
3404 2148 3535 2195 rotae
3571 2139 3745 2200 mira,

2152 2234 2275 2289 culo
2299 2233 2664 2303 crediderant,
2687 2232 2813 2296 viri,
2838 2240 2893 2285 et.
2914 2246 3255 2305 quaecunque
3278 2242 3433 2287 erant
3456 2231 3745 2303 prudentia

2151 2328 2391 2398 prteditae
2431 2326 2719 2389 mulieres,
2748 2324 2881 2393 inita
2925 2324 3071 2379 Inter
3098 2338 3158 2379 se
3197 2325 3593 2390 conventione,
3627 2338 3750 2387 car:

2156 2432 2342 2471 ceretn
2368 2431 2494 2470 cum
2523 2416 2710 2486 pueris
2741 2411 2978 2483 ingressi
3017 2422 3165 2470 sunt.
3208 2415 3417 2470 Deinde
3465 2423 3751 2496 tangentes

2155 2507 2301 2563 illius
2322 2509 2509 2579 pedes,
2529 2508 2689 2563 valde
2708 2508 2908 2563 acriter
2926 2515 3209 2577 rogarunt,
3237 2517 3296 2562 ut
3314 2506 3552 2563 ditiinum
3576 2509 3752 2577 ὺειριίτ

2155 2599 2991 2670 smumeonsequerentur.Cum
3021 2601 3201 2670 itaque
3234 2601 3486 2671 precibus
3511 2611 3619 2656 tam
3654 2616 3753 2661 ve:

2159 2694 2505 2749 hementibus
2543 2695 2658 2762 ipse
2688 2708 2905 2764 quoque
2948 2693 3270 2748 alacerrime
3301 2695 3603 2762 annuisset,
3634 2711 3747 2769 rem

2159 2783 2341 2838 statim
2368 2792 2452 2838 est
2487 2798 2795 2854 aggressus.
2842 2783 2981 2837 Dum
3022 2783 3209 2851 itaque
3260 2784 3313 2837 in
3352 2798 3577 2840 carcere
3602 2796 3751 2857 esset

2162 2889 2314 2945 aquae
2331 2875 2508 2944 copia,
2529 2884 2582 2929 et
2598 2874 2710 2945 ipse
2723 2889 2856 2943 quas
2870 2882 3086 2944 oportet
3104 2889 3294 2946 preces
3311 2874 3538 2945 profert,
3554 2886 3611 2932 ct
3628 2893 3751 2949 cum

2161 2952 2295 3037 ipsis
2324 2968 2503 3039 pueris
2551 2983 2742 3024 omnes
2775 2983 2933 3023 sacro
2965 2969 3220 3049 dignatur
3252 2969 3599 3049 baptismate,
3641 2970 3754 3044 Idea

2164 3061 2249 3115 dia
2289 3071 2468 3116 autem
2512 3070 2667 3116 nocte
2698 3060 2778 3117 eis
2816 3062 2999 3119 divina
3029 3063 3276 3145 quaedam
3318 3072 3545 3139 apparet
3591 3063 3754 3150 visio,

2165 3168 2361 3224 nempe
2386 3153 2476 3208 lux
2504 3153 2749 3223 quaadam
2769 3191 2785 3219 ,
2815 3168 2935 3223 qtue
2960 3168 3138 3222 neque
3168 3154 3350 3219 verbis
3380 3156 3614 3224 exprimi
3654 3172 3754 3244 po:

456 3242 569 3303 οἷον
603 3251 844 3325 ἄρρητον
869 3253 962 3306 καὶ
993 3253 1229 3307 ἀθέατον
1259 3254 1382 3308 ὅλον
1413 3254 1553 3324 ὁμοῦ
1589 3255 1649 3308 τὸ
1675 3255 2052 3325 δεσμωτήριον

2167 3258 2293 3316 ιοςι,
2324 3257 2378 3304 ει
2422 3263 2587 3318 quam
2616 3248 2889 3316 humanus
2925 3262 3030 3303 non
3082 3248 3323 3305 admittit
3351 3260 3627 3327 aspectus,
3662 3242 3757 3313 to:

457 3343 898 3414 καταστρὰπτον.
939 3341 1031 3397 Ἐν
1066 3344 1217 3416 μέσῳ
1264 3344 1323 3398 δέ
1367 3344 1445 3418 τῷ
1485 3344 1625 3415 φωτὶ
1653 3345 1746 3398 καὶ
1775 3345 1915 3417 ἀνὴρ
1954 3346 2056 3417 τὴν

456 3431 582 3503 ὄψιν
608 3433 749 3502 ἄγαν
794 3434 1043 3505 φαιδρὸς,
1086 3434 1189 3506 τὴν
1241 3435 1446 3506 ἐσθῆτα
1489 3435 1764 3508 λαμπρὸς,
1816 3438 1931 3507 φῶς
1958 3437 2055 3500 καὶ

459 3527 626 3592 αὐτὸς
649 3528 768 3591 ὅλος
795 3527 892 3593 ὢν,
918 3527 1149 3602 πτέρυξι
1191 3528 1526 3601 peoora-rat;
1548 3531 1761 3602 κομῶν·
1791 3518 1950 3595 οὗτος
1977 3530 2056 3602 τῷ

462 3621 753 3694 θαυμασίῳ
810 3623 1091 3695 Κλήμεντι
1152 3623 1493 3696 προσελθὼν,
1553 3626 1720 3698 ἄρτον
1773 3625 1926 3698 αὐτῷ
1960 3626 2055 3679 καὶ

461 3716 725 3787 ποτήριον
756 3716 1079 3788 ἐγχειρίζει.
1109 3718 1343 3772 Ἔπειτα
1372 3721 1400 3773 ὁ
1440 3719 1540 3789 μὲν
1562 3707 1778 3789 ἀφανὴς
1805 3714 1895 3790 ἦν,
1929 3720 2055 3784 τοὺς

459 3805 517 3860 et
550 3809 709 3879 καὶὴ
759 3808 913 3880 φωνὴ
964 3810 1105 3883 αὐτὴ
1163 3809 1438 3877 ἐπιλείπει
1489 3811 1570 3882 τῷ
1634 3811 1927 3883 παραδόξῳ
1957 3814 2055 3883 τῆς

464 3896 593 3963 θέας
621 3899 1099 3970 καταπλαγέντας.
1137 3902 1209 3954 ’Ὁ
1239 3918 1304 3970 γε
1345 3901 1452 3973 μὴν
1492 3902 1789 3973 ἱερώτατος
1821 3903 2055 3975 Κλήμης

464 3990 758 4060 συμϐαλὼν
783 3992 946 4056 εὐθὺς
975 3992 1050 4059 ὡς
1084 3992 1172 4062 εἴη
1205 3994 1314 4066 ἄρα
1350 3993 1601 4065 σύμϐολα
1630 3994 1807 4065 ταῦτα
1831 3995 1926 4048 τοῦ
1960 3998 2057 4049 Δε-

465 4082 728 4137 σποτικοῦ
761 4083 1017 4155 σώματός
1042 4101 1102 4139 τε
1124 4085 1219 4140 καὶ
1240 4086 1494 4156 αἵματος,
1522 4086 1824 4153 ὑπεδέξατό
1854 4105 1913 4140 τε
1934 4087 2055 4141 λίαν

465 4176 605 4231 αὐτὰ
634 4175 900 4248 εὐλαϐῶς,
930 4164 1026 4232 καὶ
1054 4178 1156 4247 τὰς
1187 4179 1444 4250 συνήθεις
1472 4180 1640 4251 εὐχὰς
1667 4180 1914 4236 ἐπειπὼν
1945 4198 2059 4251 κοι-

471 4272 629 4323 νωνεῖ
655 4269 836 4325 αὐτῶν
869 4271 985 4333 τοῖς
1012 4270 1115 4343 ήδη
1152 4270 1608 4350 βαπτισαμένοις.

537 4609 662 4666 ΛΓ.
690 4609 965 4667 Πλειόνων
995 4609 1181 4664 τοίνυν
1214 4610 1475 4664 ἑκάστοτε
1503 4609 1641 4679 πρὸς
1661 4609 1825 4664 αὐτὸν
1848 4612 2059 4681 ἰόντων,

469 4706 565 4760 καὶ
587 4705 651 4759 τὸ
682 4704 1060 4775 δεσμωτήριον
1108 4701 1407 4773 ἐκκλησίαν
1434 4701 1845 4773 ἐργαζομένων,
1890 4720 2064 4774 προσ-

471 4797 616 4868 θήκη
646 4813 706 4850 τε
740 4795 823 4866 τῷ
873 4795 1072 4868 πλήθει
1100 4795 1212 4849 τῶν
1258 4794 1613 4867 Χριστιανῶν
1657 4795 1984 4866 γινομένων,
2016 4799 2065 4850 οἱ

470 4888 884 4959 δεσμοφύλακες
929 4888 1341 4958 ἀπαγγέλλουσι
1382 4887 1557 4941 ταῦτα
1587 4886 1664 4957 τῷ
1701 4887 1928 4959 βασιλεῖ.
1959 4890 2068 4942 Καὶ

472 4983 531 5046 ὃς
556 4980 929 5053 συλληφθῆναι
952 4997 1014 5034 τε
1042 4980 1247 5044 αὐτοὺς
1275 4979 1493 5034 κελεύει
1527 4981 1748 5047 νυκτὸς,
1786 4982 1882 5034 καὶ
1909 4983 1960 5034 εἰ
1993 4981 2068 5053 μὴ

473 5076 573 5147 τὴν
630 5073 920 5130 εὐσέϐειαν
975 5073 1192 5145 ἔξαρνοι
1241 5073 1508 5142 γίνονται,
1564 5073 1813 5141 ἀνηλεῶς
1858 5074 2072 5138 πάντας

473 5167 860 5241 ἀναιρεθῆναι.
902 5167 968 5220 0i.
1018 5167 1079 5220 δὲ
1140 5167 1217 5228 ὡς
1267 5165 1362 5220 τοῦ
1417 5164 1684 5237 βασιλέως
1736 5165 2074 5238 πρόσταγμα

475 5264 879 5349 συλληφθέντες
912 5264 1015 5318 οὐκ
1063 5262 1300 5335 ἀμαθεῖς
1346 5262 1657 5335 εὑρέθησαν
1700 5263 1796 5317 τοῦ
1824 5264 1887 5317 τὸ
1908 5264 2074 5317 καλὸν

473 5359 800 5426 ἐκλέξασθαι
831 5360 926 5414 καὶ
962 5357 1267 5429 συμφέρον,
1317 5356 1457 5409 ἀλλὰ
1511 5357 1822 5424 ἀποστῆναι
1871 5356 2074 5428 μᾶλλον

473 5457 570 5526 τῆς
593 5452 933 5526 προσκαίρου
975 5451 1146 5519 ζωῆς,
1183 5450 1217 5522 ἦ
1250 5448 1490 5522 Χριστοῦ
1538 5450 1635 5502 τοῦ
1667 5449 1976 5515 πλάσαντος
2006 5468 2066 5504 τε

473 5549 571 5603 καὶ
593 5548 984 5617 ἀγαπήσαντος
1000 5545 1095 5600 καὶ
1120 5542 1487 5605 ἀποθανόντος
1504 5540 1605 5594 ὐπέ
1612 5559 1644 5612 ρ
1661 5541 1818 5612 ἡμῶν
1837 5542 2065 5600 εἴλοντο.

476 5642 569 5694 Διὸ
598 5640 693 5694 καὶ
719 5639 827 5710 πρὸ
854 5639 955 5709 τῆς
985 5637 1214 5700 πόλεως,
1256 5634 1512 5707 καθάπερ
1542 5638 1664 5690 τινὰ
1687 5635 1811 5708 ἱερὰ
1848 5635 2068 5708 θύματα

477 5732 706 5797 ἑαυτούς
754 5748 815 5786 τε
872 5730 969 5784 καὶ
1028 5730 1226 5793 παῖδας
1281 5727 1363 5800 τῷ
1403 5728 1647 5801 Δεσπότη
1679 5730 2069 5800 προσάγουσιν,

481 5826 692 5896 φθδενὺς
726 5826 849 5880 τᾶτε
881 5823 1012 5895 γοῦν
1044 5822 1439 5894 ὑπολειφθῆναι
1484 5823 1878 5897 ἀνασχομένου,
1931 5825 2072 5897 πλὴν

810 5927 1077 5999 ΡΑτιιοιι.
1127 5923 1243 5984 GR.
1296 5921 1506 5997 CXIV.

2162 3351 2278 3396 tum
2334 3341 2498 3396 simul
2551 3350 2807 3411 tanquam
2851 3339 3036 3410 fulgur
3084 3341 3321 3397 illustrat
3366 3356 3663 3398 carcerem.
3695 3342 3755 3415 lu

2162 3435 2339 3491 media
2391 3449 2520 3489 vero
2576 3432 2697 3495 luce
2748 3443 2867 3488 erat
2918 3433 3003 3488 vir
3053 3433 3277 3505 quidam
3325 3445 3547 3506 aspectu
3600 3435 3757 3490 valde

2161 3526 2363 3595 alacer,
2391 3523 2673 3596 splendida
2743 3533 2925 3579 autem
2981 3533 3134 3579 veste
3182 3526 3427 3597 indutus,
3486 3525 3578 3594 qui
3643 3525 3757 3595 ipsa

2162 3634 2378 3690 quoque
2402 3631 2520 3673 erat.
2541 3618 2634 3673 lux
2672 3625 2822 3673 totus
2848 3627 3111 3689 quantus,
3142 3618 3339 3690 pennis
3371 3618 3601 3689 insignis
3626 3618 3760 3678 dene

2162 3712 2418 3768 sissimis.
2449 3712 2501 3766 Is
2524 3725 2647 3765 cum
2689 3711 2755 3766 ad
2802 3709 3132 3765 Clementem
3165 3711 3490 3770 accessisset
3521 3710 3762 3770 admirag

2159 3802 2348 3871 bilem,
2373 3803 2421 3858 ei
2454 3802 2505 3867 in
2530 3817 2724 3856 manus
2755 3799 2925 3856 tradit
2954 3816 3148 3871 panem
3182 3811 3236 3855 et
3265 3800 3515 3867 calicem.
3552 3801 3758 3858 Deinde

2162 3896 2254 3951 ille
2306 3894 2525 3964 quidem
2567 3895 2818 3961 evanuit,
2859 3909 2954 3950 eos
3000 3900 3179 3947 autem
3228 3893 3342 3959 ipsa
3393 3909 3606 3964 quoque
3658 3910 3760 3965 vox;

2161 3988 2366 4063 deficit,
2421 4000 2478 4041 ot
2503 3987 2594 4058 qui
2634 3986 2947 4058 spectaculo
2995 3986 3300 4053 admirabili
3346 3997 3535 4043 essent
3571 3988 3763 4048 obsto:

2163 4079 2384 4152 pefacti.
2439 4078 2832 4134 Sanctissimus
2875 4091 3054 4132 autem
3093 4078 3346 4134 Clemens
3406 4094 3527 4134 cum
3576 4081 3759 4135 statim

2164 4171 2491 4242 coniecisset
2527 4186 2588 4225 ea
2624 4186 2746 4226 esse
2781 4170 2933 4240 signa
2969 4169 3236 4226 Dominici
3269 4172 3517 4241 corporis
3546 4183 3601 4227 et
3632 4187 3764 4233 san:

2166 4265 2382 4336 guinis,
2416 4281 2479 4320 ea
2515 4275 2568 4320 el
2621 4264 2778 4320 valde
2836 4267 2921 4335 pie
2954 4265 3242 4336 suscepit,
3295 4274 3351 4320 et
3394 4281 3517 4322 cum
3571 4281 3763 4338 preces,

2168 4357 2394 4413 dixisset
2418 4366 2728 4423 consuetas,
2754 4372 2815 4411 ea
2841 4357 3210 4423 communicat
3242 4356 3330 4421 iis,
3356 4357 3448 4428 qui
3467 4356 3581 4442 jam
3605 4370 3766 4427 erant

2170 4450 2458 4533 baptizati,

2103 4624 2146 4678 υ
2244 4610 2489 4667 XXXIII.
2526 4611 2663 4667 Cum
2709 4626 2841 4682 ergo
2887 4611 3195 4682 complures
3237 4610 3304 4665 ad
3356 4624 3479 4665 eum
3527 4612 3766 4683 undique

2172 4709 2521 4770 accederent,
2550 4716 2605 4761 et
2632 4720 2910 4760 carcerem
2946 4704 3188 4760 facerent
3209 4704 3518 4772 ecclesiam,
3542 4711 3596 4760 et
3626 4705 3768 4771 mel,

2175 4798 2393 4855 titudini
2450 4797 2890 4853 Christianorum
2959 4796 3112 4852 fieret
3169 4797 3450 4862 accessio,
3510 4797 3765 4865 custodes

2177 4892 2417 4949 carceris
2452 4894 2566 4947 haec
2616 4891 2933 4946 renuntiant
2987 4890 3323 4959 imperatori.
3366 4888 3462 4958 Ille
3498 4898 3679 4946 autem
3709 4899 3768 4962 et

2177 5001 2270 5044 eos
2290 4988 2444 5058 jubet
2469 4995 2629 5041 noctu
2654 4969 3063 5054 comprehendi,
3097 4993 3151 5038 et
3182 4982 3282 5036 nisi
3311 4982 3565 5052 pietatem
3595 4982 3765 5052 alme:

2179 5081 2447 5152 caverint,
2471 5095 2661 5135 omnes
2685 5081 2819 5133 citra
2847 5078 3009 5133 ullam
3039 5077 3277 5143 interimi
3308 5076 3764 5153 misericordiam,

2179 5174 2256 5231 Illi
2295 5190 2426 5230 vero
2476 5172 2860 5243 comprehensi
2911 5172 3072 5242 jussu
3126 5171 3507 5243 imperatoris,
3565 5170 3767 5239 inventi

2181 5277 2307 5326 sunt
2341 5284 2448 5324 non
2484 5267 2656 5338 ignari
2701 5267 2854 5335 ejus,
2897 5263 3039 5334 quod
3091 5272 3209 5319 erat
3261 5264 3459 5331 bonum
3494 5271 3548 5327 et
3594 5260 3767 5336 utile,

2179 5361 2412 5433 eligendi
2439 5377 2454 5425 ;
2492 5361 2587 5415 sed
2615 5359 2683 5413 ab
2718 5358 2841 5427 hac,
2872 5372 2991 5431 qua!
3022 5367 3107 5422 est
3136 5357 3203 5411 ad
3231 5367 3463 5427 tempus,
3505 5356 3613 5408 vita
3651 5368 3771 5414 "13-:

2184 5454 2400 5509 luerunt
2427 5455 2682 5508 recedere
2708 5493 2724 5517 ,
2753 5466 2913 5522 quam
2944 5465 2974 5504 a
3000 5448 3221 5513 Christo.
3241 5447 3477 5513 deficere
3502 5487 3517 5513 ,
3547 5444 3639 5525 qui
3671 5459 3772 5517 nos

2181 5546 2460 5611 formavit,
2486 5554 2540 5600 et
2568 5545 2777 5608 dilexit,
2802 5552 2857 5597 ct
2880 5552 3121 5599 mortuus
3146 5551 3227 5597 est
3248 5556 3344 5613 pro
3368 5541 3545 5597 nobis.
3563 5542 3772 5612 Quam:

2182 5641 2369 5695 obrem
2417 5650 2545 5695 ante
2596 5639 2913 5705 civitatem,
2957 5646 3215 5707 tanquam
3268 5650 3456 5690 sacras
3503 5636 3767 5710 quasdam

2183 5733 2419 5805 hostias,
2465 5734 2673 5805 seipsos
2714 5728 2783 5786 'ct
2842 5729 2980 5797 filios
3032 5727 3268 5798 offerunt
3312 5727 3579 5799 Domino,
3650 5745 3773 5805 οιιιῃ

2185 5825 2368 5883 nullus
2405 5835 2532 5883 tunc
2576 5838 2863 5882 remanere
2915 5823 3267 5883 sustinuisset
3313 5831 3513 5893 praeter
3559 5838 3768 5912 ιιιιιιιιι,

3345 5921 3421 6003 2?
