4116 6408
347 352 454 417 833

1574 352 1730 412 ΜΕΝ
1740 350 1857 411 SIS
1882 349 2340 413 JANUARIUS.

3507 348 3615 413 844

344 470 498 537 cujus
530 467 746 538 quidem
778 475 897 521 erat
924 466 1137 521 animus
1161 466 1440 536 aliquanto
1463 466 1759 536 juvenilior
1784 483 1797 520 :
1824 479 1930 518 nou

2044 463 2147 532 ipa
2177 462 2318 526 ἐνὸς,
2354 458 2444 513 καὶ
2492 458 2683 512 τούτου
2712 457 3105 530 νεανικώτερόν
3131 477 3181 512 τι
3218 460 3419 530 μᾶλλον
3448 462 3627 519 διατε-

344 563 488 617 cuim
543 568 881 616 remanserat
932 568 991 612 ut
1044 569 1322 614 certamen
1392 557 1684 628 cﬂ‘ugeret,
1727 559 1823 614 sed
1875 565 1932 610 ut

349 668 471 709 cum
508 650 804 721 majoribus
836 649 1014 720 potius
1048 649 1199 705 malis
1241 649 1648 713 colluctaretur,
1683 662 1854 718 caque
1885 648 1933 700 ci

345 755 528 801 essent
570 759 897 800 coronarum
933 741 1197 810 majorum
1231 741 1468 797 occasio.
1506 738 1552 795 Is
1589 750 1709 796 erat
1754 739 1931 794 admi-

350 837 536 892 rabilis
558 833 985 908 Agatbangelus,
1016 835 1081 890 de
1109 849 1218 906 quo
1246 834 1413 890 etiam
1440 833 1697 902 deinceps
1724 832 1932 887 dicetur

349 928 610 999 apertius.

419 1106 641 1162 XXXIV
697 1106 1066 1163 Diocletianus
1097 1113 1275 1159 autem
1302 1119 1425 1159 cum
1456 1101 1615 1171 paulo
1640 1111 1759 1171 post
1788 1111 1935 1157 esset

349 1202 531 1271 magni
561 1198 860 1255 Clementis
896 1197 1237 1260 recordatus,
1278 1209 1403 1250 eum
1436 1207 1624 1249 rursus
1664 1192 1933 1263 producit,

350 1304 405 1348 et
435 1292 667 1364 primum
700 1289 918 1360 quidem
943 1327 958 1354 ,
989 1293 1246 1356 tanquam
1278 1285 1544 1340 abductus
1570 1281 1891 1353 paenitentia
1913 1318 1929 1344 ,

350 1388 589 1460 priorem
622 1385 768 1439 illam
804 1382 1094 1453 abiecisset
1128 1378 1420 1442 insaniam,
1457 1377 1633 1447 ipsqu
1667 1384 1721 1430 et
1757 1374 1933 1429 laudi-

350 1481 450 1535 bus
481 1479 682 1533 sensim
720 1474 1157 1545 aggredicbatur,
1191 1479 1247 1525 et
1285 1484 1348 1524 ea
1387 1470 1597 1522 ratione
1633 1466 1935 1522 conabatur

349 1568 530 1639 potius
574 1577 834 1632 superare
863 1574 1183 1630 generosum
1227 1557 1374 1611 illum
1411 1566 1466 1610 et
1509 1554 1782 1610 excelsum
1818 1554 1936 1608 ani-

350 1674 517 1712 nmm.
564 1656 767 1709 Deinde
793 1669 914 1708 cum
954 1652 1181 1706 vidisset
1215 1665 1326 1705 rem
1363 1648 1465 1705 sibi
1506 1663 1629 1704 esse
1660 1662 1782 1703 cum
1831 1648 1933 1701 ho-

348 1747 494 1801 mine
529 1745 783 1807 cordate,
811 1750 865 1797 et
893 1741 983 1811 qui
1026 1755 1131 1795 non
1164 1740 1338 1811 magis
1383 1747 1565 1809 posset
1611 1738 1779 1792 animi
1817 1738 1934 1792 for-

349 1837 577 1891 lilttdine
615 1833 886 1888 malorum
930 1831 1077 1885 ferre
1127 1830 1396 1900 impetus,
1430 1842 1594 1898 quam
1649 1828 1934 1898 prudentia

349 1927 566 1984 blandis
604 1924 781 1980 verbis
808 1933 863 1978 et
905 1923 1123 1979 disertis
1163 1937 1267 1977 nou
1300 1920 1694 1985 succumbere;
1725 1918 1933 1989 abjecta

349 2020 531 2075 statim
573 2032 806 2089 persona
849 2025 903 2071 et
936 2014 1060 2070 ﬁcta
1092 2013 1194 2068 .illa
1228 1998 1642 2069 mansuetudine
1663 2052 1677 2079 ,
1713 2021 1935 2080 repente

349 2112 599 2183 apparuit
643 2110 695 2164 id
743 2108 888 2179 quod
939 2115 1057 2163 erat
1093 2124 1105 2160 :
1147 2115 1201 2161 et
1252 2121 1440 2161 rursus
1485 2105 1701 2174 aliquod
1734 2118 1933 2158 novum

350 2202 680 2272 elcogitavit
734 2198 1097 2272 supplicium,
1158 2199 1394 2268 quodam
1449 2196 1792 2268 Amphione,
1842 2198 1933 2266 qui

355 2296 498 2349 inter
523 2307 654 2348 suos
676 2293 913 2362 primum
947 2290 1125 2344 locum
1153 2288 1452 2356 obtinebat,
1482 2289 1547 2342 ad
1579 2289 1679 2342 hoc
1706 2288 1939 2341 maxime

355 2386 643 2440 incitante.
671 2382 803 2436 Erat
830 2390 1009 2435 autem
1038 2382 1139 2436 hoc
1160 2379 1509 2451 supplicium,
1537 2388 1593 2432 ut
1620 2379 1702 2435 sic
1732 2394 1762 2433 a
1790 2388 1938 2432 tanta

353 2477 702 2532 multitudine
735 2473 1137 2530 distenderetur
1186 2482 1413 2543 martyr,
1453 2481 1512 2525 ιιι
1552 2471 1683 2542 ipsa:
1726 2485 1941 2540 quoque

354 2569 720 2626 membrorum
773 2566 1203 2623 dissolverentur
1253 2577 1563 2635 compages,
1594 2563 1812 2629 lictores
1843 2576 1941 2617 au-

356 2670 462 2714 tem
492 2669 721 2730 quatuor
746 2658 1235 2722 circumsistentes,
1259 2656 1549 2713 exsiccatis
1573 2657 1732 2711 boum
1764 2659 1943 2712 nervis

357 2769 479 2809 eum
509 2754 599 2807 diu
639 2750 931 2807 crudeliter
968 2749 1339 2806 verberarem.

427 2925 648 2984 XXXV.
689 2925 985 2995 Postquam
1015 2939 1145 2980 vero
1192 2923 1279 2980 ille
1323 2939 1538 2995 quoque
1571 2924 1787 2981 fortiter
1818 2925 1947 2982 huic

358 3019 558 3076 restitit
605 3017 894 3089 supplicio,
925 3026 981 3072 et
1021 3017 1248 3088 perinde
1297 3031 1361 3072 ac
1395 3016 1440 3073 si
1472 3017 1609 3072 alius
1638 3026 1942 3088 pateretur,

356 3113 473 3182 ipse
497 3110 817 3182 impatibilis
861 3111 1062 3164 mansit
1103 3118 1156 3165 et
1200 3108 1536 3165 immobilis:
1563 3110 1710 3176 Scio,
1768 3111 1945 3181 inquit

354 3202 745 3269 Diocletianus,
776 3216 810 3256 ο
851 3201 1128 3269 Clemens,
1173 3210 1223 3256 te
1254 3217 1374 3258 esse
1411 3203 1596 3257 animo
1624 3203 1783 3259 valde
1816 3218 1943 3258 con-

356 3296 617 3357 tentioso,
663 3308 863 3363 corpus
910 3302 1091 3347 autem
1143 3292 1219 3347 illi
1277 3307 1438 3364 posse
1482 3294 1771 3350 inservire.
1834 3294 1945 3350 Sed

356 3384 471 3454 ipse
504 3398 571 3438 ne
594 3383 673 3438 sic
701 3381 923 3454 quidem
967 3397 1157 3438 rursus
1187 3384 1400 3450 cedam,
1433 3385 1531 3441 sed
1552 3385 1716 3439 etiam
1751 3385 1945 3442 ferreis

357 3483 409 3527 te
456 3471 742 3541 aggrediar
776 3470 992 3542 ungulis
1026 3488 1040 3526 :
1070 3486 1131 3527 es
1167 3472 1311 3527 enim
1354 3482 1409 3528 tu
1460 3472 1602 3529 forte
1644 3473 1852 3531 ferreus
1890 3485 1945 3531 et

357 3564 628 3634 torpidos,
655 3570 712 3618 et
739 3563 887 3618 nullo
919 3561 1036 3618 fere
1085 3578 1246 3619 sensu
1281 3565 1573 3634 praeditus;
1627 3575 1686 3621 ut
1732 3566 1941 3621 videant

356 3671 425 3710 an
459 3664 511 3710 te
550 3654 689 3711 forte
717 3654 800 3711 his
829 3655 1204 3723 excitaverim,
1232 3671 1392 3725 quem
1425 3672 1648 3713 somnus
1687 3670 1790 3712 tam
1822 3675 1946 3729 pro-

355 3749 552 3803 fundus
591 3748 811 3804 invasit.
845 3746 1051 3820 Martyr
1097 3762 1280 3805 autem
1316 3748 1522 3807 :Recte
1563 3752 1803 3823 quidem,
1844 3754 1943 3820 ait,

355 3839 566 3906 dixisti,
597 3853 631 3894 ο
671 3840 989 3910 imperator.
1026 3840 1246 3896 Dormio
1272 3844 1417 3897 enim
1464 3843 1627 3899 veluti
1655 3847 1942 3913 quemdam

354 3930 566 3986 dulcem
597 3944 871 3995 somnum,
907 3945 993 3986 me
1026 3945 1147 3987 meo
1172 3929 1390 3987 Christo
1420 3934 1487 3989 ad
1514 3932 1724 3989 labores
1756 3950 1853 4003 pro
1880 3950 1945 3989 co

355 4022 735 4092 suscipiendos
771 4021 1080 4077 futurorum
1126 4036 1221 4093 spe
1264 4024 1507 4093 sopieute
1537 4040 1552 4078 :
1582 4040 1772 4080 rursus
1817 4041 1946 4080 vero

354 4112 641 4181 elﬁciente,
691 4122 750 4168 ut
784 4113 888 4168 sim
933 4113 1150 4169 sobrius
1177 4125 1232 4169 et
1271 4115 1522 4186 vigilans,
1574 4117 1791 4186 quando
1820 4132 1943 4172 eum

355 4206 656 4276 praedicare
699 4214 932 4274 oportet,
964 4215 1014 4261 et
1050 4205 1220 4261 libere
1255 4206 1403 4276 loqui
1438 4224 1535 4278 pro
1571 4209 1690 4279 ejus
1719 4209 1941 4265 confes-

355 4298 529 4353 sione.
581 4295 706 4353 llacc
736 4296 827 4352 ille
858 4297 996 4353 dixit
1025 4314 1038 4351 :
1088 4306 1143 4352 et
1181 4298 1479 4368 imperator
1507 4301 1724 4369 quidem
1759 4303 1944 4356 statim

352 4389 506 4461 jubet
551 4389 773 4446 lictores
832 4389 1097 4445 desistere
1149 4402 1180 4442 a
1241 4391 1596 4456 verberibus;
1654 4392 1942 4447 sublimem

2038 553 2239 617 θέντος.
2279 553 2354 605 Οὐ
2385 551 2494 622 γὰρ
2532 551 2673 605 ὥστε
2707 553 2801 605 τὸν
2849 552 3042 620 ἀγῶνα
3085 552 3370 621 διαφυγεῖν
3410 555 3628 609 ὑπελεί-

2037 645 2166 714 φθη.
2188 644 2305 697 ἀλλ’
2325 642 2466 697 ὥστε
2506 644 2718 713 μείζοσι
2757 644 2960 715 μᾶλλον
2981 643 3389 715 προσπαὶαῖσαι
3412 648 3625 713 κακοῖς,

2038 736 2123 790 ἵνα
2167 736 2231 807 δὴ
2290 737 2383 790 καὶ
2421 734 2687 807 μειζόνων
2733 736 2889 790 λάϐοι
2944 736 3228 805 στεφάνων
3282 737 3571 791 ὑπόθεσιν
3599 742 3627 791 6

2038 825 2338 897 θαυμάσιος
2373 825 2780 895 Ἀγαθάγγελος
2808 820 2964 890 οὗτος
3002 810 3104 896 ἢν,
3133 826 3264 897 περὶ
3308 816 3371 880 οὖ
3402 827 3497 881 καὶ
3530 844 3627 881 σα-

2039 917 2303 989 φεστερον
2326 914 2454 988 ἑξῆς
2480 915 2879 988 δηλωθήσεται.

2110 1101 2230 1153 ΛΔ’.
2258 1097 2641 1169 Διοκλητιανὸς
2693 1096 2751 1152 δὲ
2801 1096 2895 1151 τοῦ
2954 1097 3190 1168 μεγάλου
3245 1096 3384 1168 μετά
3431 1098 3630 1171 μικρὸν

2038 1191 2409 1262 ἀναμνησθεὶς
2438 1188 2779 1261 Κλήμεντος,
2804 1188 3105 1260 παρίστησι
3138 1189 3300 1243 πάλιν
3329 1190 3512 1257 αὐτὸν,
3534 1192 3628 1245 καὶ

2041 1282 2101 1336 τὸ
2127 1282 2228 1352 μὲν
2251 1281 2467 1353 πρῶτον
2491 1278 2680 1349 ὥσπερ
2715 1282 2779 1334 ἐκ
2810 1279 3177 1351 μεταμελείας
3213 1280 3315 1351 τὴν
3349 1282 3630 1351 προτέραν

2042 1374 2241 1445 μανίαν
2268 1371 2580 1435 ἀποϐαλὼν,
2604 1372 2848 1437 ἐπαίνοις
2861 1389 2922 1425 τε
2948 1372 3110 1426 αὐτὸν
3132 1371 3319 1443 ὑπῄει,
3336 1374 3429 1425 καὶ
3454 1372 3629 1447 ταύτῃ

2040 1463 2395 1536 περιέσεσθαι
2433 1462 2633 1534 μᾶλλον
2667 1464 2765 1534 τῆς
2807 1463 3066 1534 ἀνδρείας
3099 1462 3310 1517 ἐκείνου
3359 1465 3457 1516 καὶ¹
3498 1479 3628 1531 γενο

2039 1555 2320 1625 ναιότητος
2378 1555 2659 1625 ἐπειρᾶτο.
2722 1553 2957 1608 Ἔπειτα
3013 1552 3090 1618 ὡς
3122 1548 3230 1606 εἶδε
3282 1554 3408 1609 νοῦν
3444 1546 3623 1624 ἔχονὲι

2041 1642 2388 1714 προσϐαλὼν,
2420 1643 2517 1697 καὶ
2543 1644 2641 1714 οἴῳ
2670 1643 2784 1696 ὄντι
2833 1643 2895 1696 οὐ
2932 1642 3134 1713 μᾶλλον
3164 1642 3395 1715 ἀνδρείᾳ
3434 1645 3623 1698 κακῶν

2042 1736 2312 1807 ἐπιφορὰν
2337 1738 2604 1804 ἐνεγκεῖν,
2634 1734 2668 1805 ἢ
2688 1735 2950 1805 φρονήσει
2985 1733 3124 1806 πρὸς
3143 1734 3433 1789 κολακείαν
3452 1735 3629 1804 λόγων

2039 1832 2133 1882 καὶ
2162 1830 2427 1899 δεινότητι
2465 1827 2540 1899 μὴ
2597 1830 2950 1891 καταπεσεῖν,
2984 1828 3044 1881 τὸ
3084 1830 3431 1897 προσωπεῖον
3466 1828 3628 1892 εὐθὺς

2037 1921 2213 1971 ἐκεῖνο
2270 1918 2364 1971 καὶ
2420 1918 2519 1987 τὴν
2593 1918 2986 1988 πεπλασμένην
3063 1919 3347 1989 πραότητα
3413 1917 3622 1989 ῥίψας,

2038 2009 2234 2077 ἁθρόον
2258 2011 2394 2081 ὅπερ
2416 2005 2483 2080 ἦν
2507 2010 2772 2081 ἀνεφάνη,
2799 2010 2894 2064 καὶ
2920 2010 3144 2063 κόλασιν
3170 2006 3330 2072 αὖθίς
3366 2027 3490 2064 τινα
3510 2028 3634 2065 καε-

2038 2103 2262 2172 νοτέραν
2290 2100 2564 2165 διενοεῖτο,
2620 2100 2912 2169 Ἀμφίονος
2945 2100 3181 2170 μάλιστά
3210 2118 3356 2164 τινος
3410 2102 3631 2174 πρώτου

2039 2194 2146 2245 τῶν
2186 2193 2280 2246 ὑπ’
2303 2192 2465 2247 αὑτὸν
2501 2194 2581 2256 είς
2610 2192 2770 2246 τοῦτο
2798 2192 3216 2265 διερεθίζοντος.
3265 2193 3333 2246 Ἦ
3379 2192 3436 2246 δὲ
3456 2193 3635 2247 κόλα-

2042 2299 2126 2346 σις
2153 2276 2220 2353 ἦν
2245 2282 2387 2352 αὕτη
2412 2298 2423 2312 ο
2449 2281 2773 2351 διαταθῆναι
2803 2282 2902 2352 μὲν
2932 2279 3096 2347 οὕτω,
3125 2282 3220 2336 καὶ
3242 2282 3348 2335 ὑπὸ
3370 2281 3634 2337 τοσούτου

2042 2374 2279 2445 πλήθους
2308 2376 2399 2429 τὸν
2424 2376 2700 2447 μάρτυρα,
2731 2374 2871 2428 ὥστε
2894 2376 2989 2428 καὶ
3018 2373 3127 2429 τῶν
3154 2373 3333 2446 μελῶν
3364 2374 3516 2444 αὐτῷ
3532 2376 3636 2439 τὰς

2043 2467 2308 2538 ἁρμονίας
2346 2467 2706 2537 διαλυθῆναι,
2744 2464 2976 2537 δημίους
3004 2464 3062 2519 δὲ
3107 2465 3472 2537 περιστάντας
3519 2466 3633 2519 άπ-

2043 2558 2185 2629 ηνῶς
2212 2558 2374 2612 αὐτὸν
2410 2557 2539 2628 άχρι
2590 2556 2788 2611 πολλοῦ
2845 2556 3033 2628 ξηροῖς
3067 2554 3381 2627 βουνεύροις
3403 2555 3634 2610 τύπτειν

2042 2651 2130 2706 διά
2154 2650 2460 2721 τεσσάρων.

2117 2918 2239 2973 ΛΕ’.
2285 2916 2438 2970 Ἐπεὶ
2467 2915 2525 2970 δὲ
2559 2916 2649 2969 καὶ
2681 2916 2816 2988 πρὸς
2860 2916 3067 2986 ταύτην
3096 2915 3305 2978 ἐκεῖνος
3338 2914 3469 2986 ἔστη
3507 2933 3631 2985 γεν-

2048 3012 2212 3075 ναίως
2245 3011 2344 3083 τὴν
2398 3009 2693 3082 τιμωρίαν,
2750 3009 2847 3063 καὶ
2876 3008 3068 3080 ὥσπερ
3101 3009 3293 3080 ἐτέρου
3326 3007 3631 3079 πάσχοντος

2047 3100 2223 3165 οὕτως
2259 3100 2489 3164 ἀπαθῶς
2540 3100 2703 3164 αὐτὸς
2754 3098 2851 3154 καὶ
2901 3099 3188 3168 ἀτρέπτως
3216 3096 3471 3163 διέκειτο,
3521 3093 3635 3153 Οἷδ⁴

2045 3193 2149 3257 ὅτι,
2192 3191 2356 3262 φησὶν
2386 3193 2414 3244 6
2445 3190 2851 3262 Διοκλητιανδς,
2883 3189 3061 3260 ψυχὴν
3099 3189 3198 3261 μὲν
3227 3188 3394 3259 ἔχεις,
3416 3182 3462 3242 ὢ
3489 3189 3637 3259 Κλή-

2049 3301 2146 3355 μη,
2205 3282 2574 3353 διαφερόντως
2620 3281 2927 3351 φιλόνεικον
2953 3322 2969 3347 ,
3022 3280 3185 3351 σῶμα
3237 3280 3294 3332 δέ
3345 3280 3638 3350 ὑπηρετεῖν

2046 3376 2232 3446 ἐκείνῃ
2284 3375 2605 3444 δυνάμενον.
2676 3373 2817 3426 Ἀλλ’
2866 3373 2991 3426 οὐδὲ
3016 3373 3178 3435 αὐτὸς
3214 3371 3412 3442 ύφήσω
3448 3371 3639 3440 πάλιν,

2045 3466 2183 3521 ἀλλὰ
2210 3468 2304 3520 καὶ⁹
2336 3467 2575 3536 σιδηροῖς
2605 3465 2942 3535 πειράσομαι
2966 3462 3116 3528 δνυξι
3134 3480 3147 3495 ·
3182 3464 3322 3534 τάχα
3348 3465 3458 3533 γὰρ
3484 3462 3638 3532 σιδη·

2047 3557 2174 3629 ροῦς
2204 3575 2289 3624 τις
2321 3553 2374 3610 εἶ
2409 3559 2531 3611 καὶ
2581 3556 2869 3628 ναρκώδης
2917 3557 2982 3609 σὺ
3027 3556 3123 3609 καὶ
3171 3555 3552 3626 δυσαίσθητος,
3582 3554 3639 3607 εί

2049 3666 2165 3711 πως
2212 3648 2278 3702 ἄν
2335 3664 2395 3700 σε
2429 3646 2991 3718 τούτοιςάφυπνίσω,
3029 3645 3197 3717 βαθὺν
3235 3645 3402 3698 ὕπνον
3436 3645 3643 3698 οὑτωσὶ

2046 3739 2397 3793 καθεύδοντα.
2426 3740 2535 3793 Καὶ
2566 3741 2593 3792 6
2626 3740 2870 3810 μάρτυς,
2906 3736 2980 3792 Εὖ
3015 3755 3104 3808 γε,
3149 3740 3336 3809 φησὶν,
3375 3733 3561 3804 εἴπας,
3592 3730 3642 3792 ὖ

2048 3832 2302 3904 βασιλεῦ’
2359 3831 2609 3885 καθεύδω
2641 3834 2750 3904 γάρ
2798 3831 2961 3885 οἱονεί
3009 3848 3136 3886 τινα
3193 3830 3401 3901 γλυκὺν
3448 3828 3640 3895 ὕπνον,

2046 3923 2190 3977 οὕτω
2231 3941 2298 3996 με
2337 3923 2431 3977 τοῦ
2475 3925 2610 3995 ἐμοῦ
2668 3924 2907 3996 Χριστοῦ
2949 3924 3087 3996 πρὸς
3114 3926 3241 3987 τοὺς
3274 3923 3419 3994 ὑπὲρ
3469 3922 3640 3978 αὑτοῦ

2046 4018 2242 4080 πόνους
2265 4018 2382 4081 ταῖς
2402 4017 2511 4071 τῶν
2535 4017 2836 4087 μελλόντων
2858 4017 3038 4071 ἐλπίσι
3061 4016 3423 4088 κοιμίζοντος·
3448 4017 3641 4088 νήφειν

2046 4108 2104 4161 δὲ
2131 4108 2292 4163 πάλιν
2320 4110 2417 4163 καὶ
2443 4111 2811 4180 ἐγρηγορέναι
2839 4109 3390 4181 παρασκευάζοντος,
3424 4111 3559 4164 ὅπου
3582 4126 3642 4164 τε

2047 4199 2210 4253 αὑτὸν
2252 4199 2490 4272 κηρύξαι
2543 4201 2674 4273 χρὴ,
2708 4201 2803 4254 καὶ
2830 4201 2973 4271 ὑπὲρ
3000 4201 3100 4272 τῆς
3128 4200 3295 4255 αὐτοῦ
3344 4200 3641 4272 ὁμολογίας

2047 4291 2561 4362 παρρησιάσασθαι.
2604 4292 2793 4347 Ταῦτα
2822 4287 2915 4346 οὖν
2955 4294 3164 4356 ἐκεῖνος
3187 4287 3331 4359 εἷπε,
3371 4293 3465 4346 καὶ
3486 4293 3515 4345 6
3542 4293 3642 4364 βα·

2049 4384 2233 4448 σιλεὺς
2282 4384 2393 4437 τῶν
2447 4385 2545 4454 μὲν
2576 4384 2803 4455 πληγῶν
2836 4383 3003 4447 εὐθὺς
3034 4386 3344 4455 ἀποστῆναι
3380 4386 3508 4448 τοὺς
3540 4384 3640 4454 δη-

355 4488 535 4535 autem
573 4493 695 4533 eum
734 4477 789 4533 in
835 4477 1039 4550 lignum
1075 4478 1292 4542 tollere,
1324 4487 1379 4535 et
1410 4494 1533 4534 eum
1583 4479 1779 4537 ferreis
1815 4498 1938 4536 car-

2053 4476 2208 4541 μίους
2257 4474 2489 4541 κελεύει,
2530 4476 2862 4547 μετεωρίσαι
2902 4475 2962 4528 δὲ
3007 4476 3171 4530 αὐτὸν
3200 4477 3294 4529 ἐπὶ
3324 4477 3507 4543 ξύλου,
3545 4477 3640 4529 καὶ

354 4583 483 4638 pere
513 4568 726 4638 ungulis
752 4608 767 4635 ,
809 4568 983 4624 donec
1010 4568 1060 4623 ei
1093 4582 1285 4624 carnes
1333 4569 1557 4624 cumino
1608 4581 1944 4641 consumptae

353 4670 560 4727 essent,
590 4659 813 4730 sanguis
831 4669 1009 4715 autem
1035 4659 1364 4723 exiuauitus,
1392 4668 1446 4715 et
1469 4661 1586 4716 sola
1607 4676 1733 4717 ossa
1767 4664 1937 4718 relin-

354 4761 668 4823 querentur.
691 4749 826 4805 Cum
853 4752 1033 4819 itaque
1066 4766 1252 4805 rursus
1280 4750 1497 4819 lictores
1517 4752 1582 4805 ad
1608 4752 1659 4807 id
1692 4767 1942 4824 magnam

355 4840 677 4896 adluberent
721 4840 1075 4910 diligentiam,
1132 4850 1189 4893 ut
1248 4837 1338 4907 qui
1395 4841 1556 4894 etiam
1605 4842 1674 4896 ab
1731 4843 1947 4900 occulto

356 4932 543 4987 lictore
561 4942 724 5003 atque
743 4934 879 4987 adeo
908 4930 1166 4985 carniﬁce
1191 4930 1259 4985 ad
1293 4945 1355 4984 ea
1386 4929 1770 5000 incitarentur;
1802 4949 1945 4988 mar-

358 5034 441 5097 tyr
462 5025 679 5094 quidem
710 5022 943 5093 primum
968 5022 1207 5091 seipsum
1235 5022 1538 5088 attendens,
1561 5023 1754 5080 deinde
1779 5026 1942 5079 etiam

355 5116 425 5171 ad
475 5113 1088 5189 tyrannum‘aspicieus
1122 5131 1136 5167 :
1168 5112 1286 5168 Non
1337 5127 1443 5183 est,
1508 5117 1706 5187 inquit,
1763 5133 1941 5173 meum

356 5220 555 5275 corpus
582 5205 637 5261 id
664 5206 808 5276 quod
837 5205 1012 5269 adest,
1042 5220 1151 5275 quo
1179 5220 1281 5277 ego
1309 5207 1527 5275 quidem
1555 5226 1674 5264 sum
1704 5210 1942 5277 indutus,

358 5307 411 5353 tu
442 5308 617 5353 autem
674 5297 726 5352 id
786 5311 951 5362 nunc,
1010 5312 1045 5352 ο
1103 5300 1420 5367 imperator,
1478 5300 1703 5355 laceras.
1758 5299 1944 5371 Neque

354 5391 500 5447 enim
541 5392 765 5447 omnino
807 5389 996 5445 dolore
1026 5391 1252 5456 alliciar,
1291 5393 1562 5460 quomodo
1591 5407 1676 5446 me
1720 5404 1942 5464 oporte-

357 5492 459 5549 ret,
519 5484 646 5537 dum
685 5484 939 5540 laceror:
974 5483 1068 5536 sed
1115 5483 1257 5550 quod
1296 5481 1425 5535 mihi
1471 5481 1691 5550 quidem
1755 5487 1940 5537 datum

356 5573 536 5629 fuerat
583 5588 612 5628 a
642 5581 835 5628 natura
869 5572 1125 5642 paulatim
1171 5572 1601 5641 prrccedcntibus
1630 5575 1777 5643 prius
1812 5591 1944 5630 con-

359 5672 630 5732 sumptum
673 5674 759 5720 est
807 5665 1086 5736 suppliciis
1128 5675 1184 5719 et
1238 5679 1337 5720 uec
1382 5680 1550 5735 parva
1578 5667 1795 5736 quidem
1825 5669 1940 5737 eius

362 5766 488 5817 pars
530 5754 660 5807 mihi
693 5764 775 5810 est
812 5753 1005 5810 relicta
1042 5771 1057 5810 :
1088 5770 1254 5812 carne
1295 5765 1501 5825 autem,
1546 5774 1666 5830 quae
1698 5775 1842 5816 nunc
1870 5761 1936 5816 ad

2046 4570 2190 4623 οὕτω
2220 4569 2523 4634 καταξάναι
2549 4567 2794 4640 σιδηροῖς
2827 4568 3029 4636 δνυξιν,
3083 4570 3188 4633 ἓως
3218 4568 3286 4624 ἂν
3315 4570 3377 4622 αἴ
3406 4587 3466 4622 τε
3500 4569 3639 4640 σάρ⁹

2052 4679 2145 4727 κες
2176 4661 2327 4734 αὐτῷ
2359 4660 2616 4727 καθάπαξ
2648 4659 3000 4728 ἀναλωθεῖεν,
3046 4660 3327 4731 ἐκκενωθῇ
3356 4660 3413 4713 δὲ
3437 4658 3534 4713 καὶ
3575 4658 3640 4713 τὸ

2047 4747 2189 4823 αἷμα
2206 4754 2303 4806 καὶ
2331 4753 2473 4820 μόνα
2493 4749 2623 4819 γοῦν
2647 4750 2717 4805 τά
2740 4750 2877 4806 ὀστᾶ
2898 4751 3256 4821 ὑπολίπηται.
3282 4750 3404 4805 Τῶν
3426 4746 3640 4820 δημίων

2049 4845 2228 4898 τοίνυν
2266 4843 2466 4913 πολλὴν
2496 4843 2861 4915 εἰσφερόντων
2881 4843 2976 4897 καὶ
2996 4842 3151 4906 αὖθις
3170 4843 3269 4913 τὴν
3290 4841 3637 4910 ἐπιμέλειαν,

2052 4939 2147 4991 ἆτε
2184 4936 2279 4989 καὶ
2340 4936 2444 4988 ὑπὸ
2491 4933 2582 4989 τοῦ
2623 4934 2870 5007 κρυπτοῦ
2917 4935 3116 5006 δημίου
3149 4936 3286 5005 πρὸς
3314 4934 3384 4988 τὰ
3411 4933 3642 4988 τοιαῦτα

2056 5024 2510 5096 παροξυνόμενοι,
2551 5026 2580 5078 6
2624 5025 2837 5097 μάρτυς
2875 5024 3070 5096 πρῶτα
3099 5024 3198 5095 μὲν
3246 5023 3425 5095 ἐαυτῷ
3472 5041 3634 5095 προσ-

2052 5119 2212 5190 έχων,
2277 5114 2400 5172 εἷτα
2432 5119 2527 5171 καὶ
2568 5120 2704 5190 πρὶς
2739 5119 2848 5173 -τδν
2905 5118 3169 5191 τύραννον
3227 5117 3472 5173 ἀπιδώνο
3527 5118 3645 5171 Οὐκ

2051 5211 2184 5281 ἐμὸν
2212 5210 2277 5263 τὸ
2305 5210 2484 5280 σῶμα,
2519 5211 2677 5280 φησὶ,
2717 5210 2778 5264 τὸ
2802 5211 2994 5282 παρὸν.
3031 5211 3169 5281 ὅπερ
3194 5210 3307 5278 ἐγὼ
3352 5211 3449 5280 μὲν
3480 5208 3642 5279 περί-

2051 5320 2264 5374 κειμαι,
2297 5304 2503 5368 ξαίνεις
2537 5305 2594 5358 δὲ
2625 5303 2721 5358 νῦν
2753 5305 2940 5370 αὐτὸς,
2971 5299 3016 5358 ὣ
3064 5302 3322 5374 βασιλεῦ·
3379 5303 3502 5356 οὐδὲ
3534 5304 3641 5373 γὰρ

2048 5396 2202 5465 ἀλγῶ
2242 5396 2461 5459 πάντως
2492 5396 2617 5450 ὅσον
2662 5395 2848 5463 ἀλγεῖν
2885 5412 2955 5465 με
2986 5395 3109 5449 δέον
3143 5394 3457 5467 ξαινόμενος
3479 5410 3493 5425 ο
3522 5393 3640 5446 ἀλλ’

2048 5488 2075 5541 ὃ
2107 5488 2205 5559 μὲν
2235 5488 2443 5541 δέδοταί
2468 5505 2560 5559 μοι
2591 5488 2743 5559 παρὰ
2770 5486 2872 5556 τῆς
2904 5487 3120 5557 φύσεως
3175 5489 3296 5553 ταῖς
3334 5483 3640 5558 προλαδού-

2051 5597 2170 5644 σαις
2227 5578 2553 5651 καταϐραχὶ)
2612 5580 2976 5650 προαναλὼθη
3031 5579 3308 5647 κολάσεσι,
3363 5580 3457 5633 καὶ
3517 5576 3638 5630 οὐδὲ

2047 5671 2213 5743 μέρος
2238 5671 2298 5735 ἐξ
2331 5671 2498 5725 αὑτοῦ
2546 5671 2744 5743 μικρὸν
2801 5671 3110 5743 ὑπελείφθη
3153 5689 3278 5742 μοι·
3312 5671 3413 5744 τὴν
3457 5670 3514 5724 δὲ
3541 5667 3636 5722 νῦν

2040 5762 2449 5834 ὑποτρέχουσαν
2470 5765 2582 5827 τοῖς
2607 5763 2813 5827 ὀστέοις
2845 5780 2948 5833 μου
2976 5767 3156 5835 σάρκα
3189 5763 3284 5818 καὶ
3314 5762 3423 5817 τῶν
3450 5759 3627 5831 μελῶν
