4116 6410
481 377 589 442 845

479 589 611 660 ἐμὸς
646 588 861 641 ὲνέδυσέ
887 605 952 659 με
977 588 1234 660 Χριστὸς,
1272 588 1341 642 δι’
1390 588 1449 641 ὃν
1497 589 1589 641 καὶ
1644 590 1744 659 τὴν
1786 588 2059 659 προτέραν

477 680 860 750 ἁπεδυσάμην.
890 673 995 744 Ἧς
1017 681 1190 750 δήπου
1219 681 1315 734 καὶ
1335 678 1430 733 νῦν
1452 680 1870 749 ἀποξεσθείσης,
1902 682 2063 733 ἐπεν-

477 772 628 826 δύσει
656 772 823 826 πάλιν
854 773 1053 843 ἑτέραν
1076 789 1088 803 ·
1123 772 1244 826 οὐδὲ
1279 773 1388 844 γὰρ
1426 774 1494 827 ἂν
1542 774 1570 827 ὁ
1600 772 1772 845 πηλὸς
1818 774 2061 829 ἐπιλίποι

479 866 569 919 τὸν
599 864 866 937 κεραμέα.
912 865 972 918 't)
1009 864 1110 935 μὲν
1160 863 1251 919 οὖν
1283 864 1458 923 ταῦτα
1504 865 1676 920 εἰπὼν
1709 868 1804 921 καὶ
1838 866 2060 922 πλείονα

478 956 685 1009 τούτων
715 954 994 1009 ἐπαύσατο
1013 972 1028 988 ο
1082 955 1466 1031 Διοκλητιανδς
1508 956 1564 1009 δὲ
1593 956 1742 1025 αὐτῷ
1769 956 2058 1027 λαμπάδας

480 1049 652 1119 πυρὸς
675 1047 888 1107 κελεύει
915 1048 1344 1121 προσφέρεσθαι,
1378 1048 1455 1121 τῷ
1491 1049 1547 1103 δὲ
1583 1051 1812 1103 κάκεῖνα
1835 1046 1904 1121 ἦν
1937 1050 2059 1120 ἡδο-

478 1142 565 1211 νὴ,
595 1140 711 1210 φῶς
731 1136 863 1206 οἷον,
894 1141 1013 1196 ἀλλ’
1038 1142 1158 1213 ούχὶ
1181 1141 1279 1197 καὶ
1308 1141 1475 1213 πυρὸς
1500 1142 1624 1214 ἔχον
1659 1142 1910 1212 δύναμιν.

1504 378 1679 441 VlT.\
1719 380 1779 439 S.
1822 378 1960 439 CLE
1978 379 2268 439 MENTIS
2310 380 2716 443 ANCYRANI.

368 534 371 537 -
479 498 580 565 τὴν
620 495 884 568 ἁρμονίαν
914 494 1270 565 συνέχουσαν,
1301 495 1494 566 ὥσπερ
1544 498 1669 551 τινα
1718 496 2015 567 περιϐολὴν
2042 498 2071 548 ὁ

2176 509 2297 550 ossa
2328 511 2445 549 mea
2479 498 2737 563 accurrit,
2773 506 2826 552 et
2860 497 3223 554 membrorum
3256 499 3495 555 continet
3530 516 3752 571 compa-

3643 383 3751 450 846

2169 603 2313 659 gem,
2347 589 2511 642 veluti
2550 591 2783 659 quodam
2835 591 3147 647 indumento
3202 607 3353 647 mens
3391 608 3475 647 me
3505 593 3754 652 Christus

2170 680 2365 744 induit,
2398 689 2619 748 propter
2666 694 2824 749 quem
2881 682 3044 749 priori
3095 699 3179 736 me
3211 682 3360 747 exui,
3390 699 3562 751 caque
3606 700 3754 740 nunc

2170 787 2347 834 erasa,
2378 786 2462 825 me
2491 786 2681 826 rursus
2709 772 2893 827 induet
2920 774 3045 826 alia.
3073 773 3255 843 Neque
3277 776 3421 829 enim
3454 774 3623 831 lutum
3652 778 3749 831 de-

2171 865 2333 920 fuerit
2365 865 2546 935 ﬁgulo.
2581 864 2715 918 Cum
2753 867 2796 919 is
2829 881 2959 937 ergo
2991 866 3106 921 hate
3128 876 3181 921 ct
3210 867 3293 931 his
3323 868 3471 936 plura
3502 869 3751 931 dixisset,

2170 958 2423 1011 cessavit.
2471 955 2838 1011 Diocletianus
2884 967 3065 1013 autent
3119 958 3277 1027 jussit
3330 961 3379 1015 ei
3426 961 3564 1032 ignis
3610 960 3756 1016 lates

2170 1049 2433 1105 adhiberi.
2499 1049 2558 1104 Ei
2609 1060 2791 1109 autem
2839 1051 2925 1106 illa
2982 1068 3199 1123 quoque
3251 1064 3404 1109 erant
3467 1057 3750 1127 voluptati,

2170 1153 2229 1198 ut
2263 1158 2383 1212 qua:
2439 1154 2622 1202 essent
2670 1156 2922 1215 tanquam
2963 1144 3076 1211 lux,
3133 1161 3252 1217 quae
3300 1147 3405 1205 vim
3456 1148 3593 1223 ignis
3645 1165 3750 1204 non

2172 1235 2417 1289 haberet.

1928 1431 2159 1489 CAPUT
2204 1434 2311 1489 νη.

1278 1662 1345 1716 In
1376 1662 1562 1719 itinere
1590 1662 1981 1719 Nicomediemi
1996 1701 2010 1727 ,
2054 1679 2115 1717 ac
2140 1667 2432 1732 pra'sertim
2470 1665 2662 1729 Rhodi,
2690 1675 2858 1738 gesta.

554 1870 696 1936 ΔΕΓ.
721 1865 1019 1935 Ἔκπληξις
1048 1861 1163 1935 εἷχε
1182 1864 1273 1919 τὸν
1311 1864 1533 1935 βασιλέα
1553 1864 1763 1928 λοιπὸν,
1800 1866 1895 1919 καὶ
1931 1864 2067 1935 πρὸς

2243 1862 2484 1917 XXXVI.
2529 1864 2820 1934 Obstupuit
2850 1864 2919 1920 de
2955 1875 3155 1921 caetero
3188 1866 3502 1936 imperator,
3535 1877 3590 1924 et
3621 1883 3753 1929 cons

477 1965 604 2027 τοὺς
633 1960 1005 2033 περιεστῶτας
1060 1958 1451 2027 ἐπιστραφεὶς,
1489 1957 1632 2025 Ἐγὼ
1681 1956 1910 2020 πολλοὺς
1942 1957 2062 2027 μὲν,

480 2050 624 2117 εἷπε,
659 2052 770 2106 τῶν
819 2051 1154 2123 δυσωνύμων
1203 2049 1555 2119 Χριστιανῶν
1609 2047 2065 2119 ἐτιμωρησάμην,

482 2145 711 2208 πολλοὺς
765 2144 822 2198 δὲ
848 2145 942 2197 καὶ
985 2142 1203 2213 Θανάτῳ
1234 2140 1615 2212 παρέπεμψαθ
1666 2139 1806 2208 πλὴν
1853 2138 2066 2193 οὐδέπω

478 2238 736 2307 τοιαύτης
791 2237 960 2308 ἄνδρα
1010 2234 1187 2305 ψυχῆς
1242 2250 1302 2286 τε
1350 2232 1445 2285 καὶ
1483 2231 1708 2302 γνώμης
1729 2231 2062 2300 ἐθεασάμην,

477 2331 593 2388 ἀλλ’
622 2331 740 2383 οὐδὲ
765 2330 925 2399 σῶμα
962 2326 1190 2399 στερρὸν
1251 2324 1396 2381 οὕτω
1455 2325 1553 2379 καὶ
1593 2323 1922 2393 καρτερικὸν
1968 2322 2066 2376 καὶ

478 2422 809 2479 δυσθάνατον
829 2437 844 2452 ο
882 2417 1244 2489 παραπέμψω
1275 2418 1409 2486 γοῦν
1439 2415 1603 2471 αὐτὸν
1636 2417 1716 2478 είς
1764 2414 1865 2487 τὴν
1899 2413 2065 2467 Νικο-

482 2519 703 2590 μήδους,
735 2518 921 2586 τέρας,
955 2514 1031 2577 ὡς
1077 2511 1245 2580 εἰκὸς,
1282 2507 1614 2581 Μαξιμιανῷ
1644 2509 1891 2564 ἄπιστον.
1924 2505 2063 2562 Οὐδὲ

478 2614 590 2683 γάρ
616 2612 683 2665 ἂν
704 2609 824 2663 οὐδὲ
860 2609 1025 2661 αὐτὸν
1054 2605 1211 2676 ἀνδρί
1263 2620 1397 2657 ποτε
1429 2598 1586 2672 οἶμαι
1616 2600 1849 2672 τοιούτῳ
1906 2616 2064 2671 περι-

477 2708 663 2776 τυχεῖν
700 2702 1024 2771 αύθεκάστῳ
1060 2698 1251 2762 δεινῶς
1287 2697 1385 2751 καὶ
1406 2693 1857 2768 ίσχυρογνώμονι.
1878 2692 2063 2746 Ταῦτα

478 2801 537 2852 ὲν
567 2796 807 2863 θαύματι
861 2793 998 2864 πρὸς
1031 2793 1155 2854 τοὺς
1201 2789 1478 2859 παρόντας
1530 2785 1721 2853 εἰπὼν,
1764 2784 2063 2857 ψηφίζεται

479 2891 774 2962 Κλήμεντά
795 2886 1017 2941 δεθέντα
1042 2886 1123 2948 είς
1156 2881 1402 2950 ἑξέτασιν
1433 2877 1765 2949 Μαξιμιανῷ
1796 2879 1932 2949 πρὸς
1961 2879 2063 2949 τὴν

478 2982 827 3053 Νικομήδους
853 2979 1162 3033 διαπόντιον
1195 2975 1448 3043 ἄγεσθαι,
1485 2972 1700 3044 γράψας
1726 2973 1823 3026 καὶ
1846 2970 1913 3024 τὰ
1938 2969 2061 3024 κατ’

479 3077 643 3140 αὐτὸν
679 3074 861 3129 πάντα
884 3111 901 3135 ,
957 3070 1059 3132 ὅσα
1097 3085 1158 3121 τε
1194 3066 1347 3135 παρὰ
1401 3063 1735 3134 Δομετιανοῦ
1769 3062 2059 3134 πρότερον,

479 3169 574 3223 καὶ
608 3168 709 3222 ὅσα
737 3165 899 3222 πάλιν
934 3164 1027 3218 ὑπ’
1070 3162 1238 3215 αὐτοῦ
1272 3158 1425 3233 παρὰ
1462 3158 1618 3223 δόξαν
1663 3159 1754 3211 καὶ
1779 3156 1942 3227 φύσιν
1967 3158 2062 3210 ἂψ
2091 3208 2131 3233 η

482 3255 759 3328 θρωπίνην
791 3253 1084 3322 ὑπενέγκοι
1109 3252 1324 3304 πᾶσαν·
1360 3249 1441 3301 ἐτι
1475 3247 1571 3301 καί⁸
1600 3246 1759 3301 τοῦτο
1787 3247 2058 3317 σημάνας,

479 3348 555 3412 ὡς
590 3351 638 3402 εί
665 3347 763 3418 μὲν
793 3346 937 3399 ἑλεῖν
979 3343 1165 3409 αὐτὸν,
1196 3342 1335 3413 ὅπερ
1368 3340 1712 3405 ἀνέλπιστον,
1752 3340 1847 3395 καὶ¹
1898 3357 2063 3411 μετα-

480 3443 668 3495 πεῖσαι
723 3439 1053 3509 δυνήσεται,
1101 3432 1260 3499 αὖθις
1310 3434 1635 3505 ἀναπέμψαι
1686 3434 1828 3506 πρὸς
1875 3435 2059 3499 αὐτὸν,

482 3535 717 3603 πρᾶγμα
772 3527 1173 3600 κεχαρισμένον
1217 3523 1492 3593 ἀπόδειξιν
1551 3524 1761 3579 ἐκείνου
1797 3524 2063 3595 μεγίστης

482 3624 680 3694 φρενὸς
732 3620 828 3674 καὶ
874 3616 1151 3689 περινοίας
1183 3616 1447 3684 ἐσόμενον
1469 3631 1483 3646 ·
1517 3614 1567 3667 εί
1601 3612 1648 3667 δ’
1673 3614 1774 3667 οὐκ
1797 3612 1933 3666 ἀλλὰ
1966 3613 2063 3682 θητ

483 3717 623 3789 ρίοις
643 3714 808 3769 αὐτὸν
832 3711 1105 3773 ἐκδοῦναι,
1128 3709 1161 3780 ἢ
1181 3710 1277 3762 καὶ
1297 3707 1488 3772 ἄλλαις
1514 3706 1810 3778 τιμωρίαις
1834 3705 2063 3775 πικραῖς

480 3805 576 3860 τοῦ
625 3805 725 3877 ζῇν
759 3803 1154 3871 ὑπεξαγαγεῖν,
1184 3801 1302 3853 Ἵνα
1352 3798 1427 3870 μὴ
1480 3797 1688 3865 περιὼν
1717 3797 1818 3863 ἔτι,
1872 3798 2058 3867 φησὶν,

482 3899 576 3960 καὶ
600 3895 961 3967 Χριστιανοὺς
994 3893 1205 3963 μεγάλα
1233 3890 1460 3961 βλάπτοι
1487 3889 1584 3943 καὶ
1615 3888 1906 3958 Ἕλληνας,
1933 3887 2063 3950 τοὺς

486 3987 585 4059 μὲν
615 3984 962 4056 ὁποφθείρων
994 3985 1089 4038 καὶ
1112 3981 1438 4054 παρασπῶν,
1464 3980 1825 4053 Χριστιανοὺς
1846 3980 1903 4034 δὲ
1936 3979 2063 4033 δυστ

486 4075 815 4148 μεταθέτους
845 4074 1046 4149 μᾶλλον
1070 4071 1243 4131 ποιῶν
1277 4072 1371 4125 καὶ
1394 4069 1848 4142 ἀσφαλιζόμενος.

550 4363 671 4417 AZ'.
724 4360 981 4431 Ἐξήγετο
1033 4357 1213 4412 τοίνυν
1240 4357 1339 4427 τῆς
1399 4355 1620 4428 Ῥώμης
1672 4359 1700 4410 ὁ
1743 4356 1897 4422 ἅγιος
1957 4357 2063 4411 ὑπὸ

481 4455 695 4511 πολλῶν
739 4452 840 4524 μὲν
884 4450 1351 4522 προπεμπόμενος
1378 4490 1394 4515 ,
1452 4449 1670 4512 πολλοῖς
1707 4450 1765 4503 δὲ
1809 4449 2063 4520 δακρύων

2170 1972 2362 2012 versus
2406 1958 2471 2010 ad
2506 1973 2622 2021 eos,
2682 1958 2776 2024 qui
2830 1957 3337 2024 circumsistebant,
3395 1960 3508 2030 Ego
3553 1960 3752 2025 multos

2169 2048 2386 2118 quidem
2437 2048 2618 2116 punii,
2668 2048 2873 2119 inquit,
2925 2063 2990 2104 ex
3040 2048 3255 2106 miseris
3305 2049 3752 2118 Cltristianis,et

2170 2139 2368 2194 multos
2399 2141 2567 2194 etiam
2602 2145 2776 2195 inorte
2810 2140 2999 2208 aﬁ'eci;
3035 2140 3129 2196 sed
3172 2141 3406 2197 nondum
3436 2143 3542 2198 vidi
3574 2143 3748 2211 virum

2170 2242 2277 2287 tam
2321 2247 2518 2302 magno
2548 2244 2604 2287 et
2640 2233 2856 2289 excelso
2881 2232 3065 2288 animo
3097 2234 3406 2305 praeditum,
3438 2236 3533 2291 sed
3574 2249 3751 2304 neque

2168 2325 2488 2396 cujusquam
2532 2339 2729 2396 corpus
2784 2325 2922 2381 adeo
2968 2324 3202 2381 validum
3248 2335 3303 2380 et
3351 2325 3653 2394 robustum,
3693 2337 3751 2395 et

2168 2417 2252 2472 cui
2322 2427 2550 2472 mortem
2624 2414 2819 2473 aﬂ‘erre
2891 2426 3036 2475 esset
3095 2415 3382 2473 diﬁicilius.
3430 2416 3565 2472 Eum
3621 2431 3750 2488 ergo

2169 2513 2537 2565 transmittam
2573 2510 2961 2577 Nicomediam,
2988 2509 3340 2576 Maximiano,
3389 2520 3451 2566 ut
3489 2519 3573 2567 est
3610 2510 3750 2566 veri.

2168 2599 2714 2672 simum-prodigium
2749 2600 2989 2656 futurum
3019 2600 3357 2657 incredibile.
3387 2600 3573 2672 Neque
3601 2602 3748 2664 enim

2166 2689 2418 2746 existimo
2439 2706 2561 2745 eum
2603 2696 2852 2761 unquam;
2884 2691 3141 2748 incidisse
3177 2692 3231 2748 in
3261 2694 3437 2763 virum
3467 2702 3577 2748 tam
3606 2693 3748 2759 ﬁrmi

2166 2792 2221 2839 et
2252 2791 2362 2837 tam
2424 2785 2725 2843 constantis
2769 2785 2956 2839 animi.
3015 2784 3141 2840 limc
3209 2800 3333 2840 cum
3393 2785 3747 2854 mirabundus

2166 2873 2395 2929 dixisset
2416 2874 2483 2929 iis
2508 2875 2600 2945 qui
2623 2875 2872 2944 aderant,
2903 2876 3145 2931 decernit
3175 2886 3230 2931 ut
3257 2875 3507 2931 Clemens
3532 2875 3748 2942 vinctus

2169 2972 2318 3020 trans
2349 2981 2498 3021 mare
2534 2967 2842 3021 mitteretur
2879 2966 3269 3034 Nicomediam,
3296 2968 3686 3027 examinandos
3712 2983 3745 3033 ει

2165 3055 2514 3121 Maximiano,
2548 3058 2617 3113 de
2663 3071 2730 3114 eo
2773 3058 3040 3125 scribens,
3067 3068 3121 3112 et
3150 3073 3272 3129 quae
3307 3058 3457 3128 prius
3491 3073 3520 3112 a
3555 3057 3745 3119 Domi:

2169 3146 2334 3211 tlano,
2369 3159 2423 3203 et
2454 3163 2573 3217 qua:
2593 3163 2622 3202 a
2640 3163 2701 3204 se
2729 3163 2915 3205 rursus
2940 3163 3133 3219 passus
3160 3150 3252 3215 sit,
3283 3164 3404 3221 quae
3434 3149 3743 3218 opinionem

2167 3250 2221 3300 et
2274 3239 2570 3294 humanam
2621 3254 2839 3295 omnem
2894 3251 3140 3295 naturam
3194 3249 3499 3311 superant:
3541 3249 3595 3294 et
3639 3239 3744 3305 hoc

2166 3338 2424 3399 praeterea
2473 3329 2808 3399 signiﬁcans,
2845 3327 2988 3397 quod
3035 3329 3080 3383 si
3126 3344 3252 3393 cum
3304 3328 3548 3398 quidem,
3598 3330 3744 3399 quod

2165 3427 2248 3474 est
2276 3418 2431 3488 plane
2450 3417 2870 3488 desperandum,
2900 3418 3121 3473 vincere,
3146 3427 3201 3473 et
3227 3419 3284 3485 in
3313 3418 3474 3479 aliam
3511 3419 3746 3488 potuerit

2168 3511 2450 3570 traducere
2477 3510 2820 3580 sententiam,
2862 3524 2985 3565 eum
3019 3524 3208 3577 rursus
3230 3511 3490 3577 remittat,
3524 3526 3636 3565 rem
3666 3511 3741 3579 illi

2165 3611 2374 3672 gratam
2421 3601 2680 3667 futuram,
2740 3613 2800 3656 ut
2850 3614 3225 3673 argumentum
3288 3603 3433 3665 illius
3492 3603 3743 3668 maxima:

2164 3692 2462 3762 prudentiae
2488 3702 2544 3748 et
2572 3694 2772 3763 ingenii
2805 3693 3038 3753 solertiae
3061 3711 3078 3761 ;
3105 3695 3151 3750 si
3185 3694 3386 3761 minus,
3410 3708 3534 3752 eum
3564 3694 3743 3763 tradat

2167 3784 2375 3847 bestiis,
2422 3783 2503 3838 vel
2552 3784 2716 3839 etiam
2759 3784 2970 3839 acerbis
3018 3784 3140 3840 aliis
3167 3785 3442 3856 suppliciis
3473 3786 3522 3841 ei
3575 3785 3739 3853 vitam

2165 3876 2393 3942 adimat,
2452 3874 2531 3932 Ne
2583 3877 2630 3933 si
2684 3876 2944 3946 amplius,
3002 3878 3205 3947 inquit,
3246 3880 3319 3933 sit
3342 3888 3652 3948 superstes.
3687 3889 3744 3945 et

2162 3967 2504 4033 Christianos
2531 3978 2587 4023 et
2613 3968 2835 4025 Graecos
2879 3970 3093 4041 magnis
3131 3969 3329 4032 alliciat.
3350 3970 3739 4044 incommodis,

2164 4062 2264 4116 bos
2309 4061 2528 4130 quidem
2573 4075 2926 4134 corrumpens
2951 4072 3007 4119 et
3053 4064 3354 4131 attrahens,
3404 4064 3743 4128 Christianos

2166 4164 2343 4207 autem
2374 4152 2613 4209 elﬁcieus
2634 4154 2878 4211 diﬂiciles
2907 4156 2974 4212 ad
3011 4158 3513 4226 transmovendum,
3542 4173 3744 4232 eosque

2165 4242 2416 4304 muniens
2437 4253 2491 4296 et
2519 4245 2869 4302 conﬁrmans.

2232 4354 2499 4411 XXXVII.
2540 4353 2713 4410 Roma
2762 4371 2891 4428 ergo
2930 4368 3151 4414 sanctus
3181 4368 3266 4415 est
3299 4359 3549 4429 eductus,
3598 4363 3739 4426 mulo.

2167 4446 2235 4502 tis
2272 4447 2487 4515 quidem
2518 4462 2643 4503 eum
2673 4449 3065 4505 deducentibus
3085 4488 3100 4514 ,
3131 4450 3315 4508 multis
3349 4460 3528 4511 autem
3560 4452 3739 4526 lacrye

480 4550 651 4612 αἴτιος
672 4545 1096 4615 καθιστάμενος,
1116 4537 1197 4605 οἷς
1222 4542 1283 4595 τὸ
1311 4540 1484 4605 πάθος
1516 4541 1932 4612 παρεμυθοῦντο
1963 4540 2057 4595 τοῦ

2168 4539 2267 4593 mis
2305 4553 2523 4609 quoque
2565 4542 3045 4611 prosequentibus,
3081 4543 3279 4610 quibus
3320 4544 3744 4615 consolabantur

480 4637 787 4714 χωρισμοῦ.
812 4637 911 4701 Τίς
935 4636 1043 4707 γὰρ
1078 4635 1145 4689 ἂν
1178 4632 1436 4697 διεξέλθοι
1465 4632 1536 4687 τὰ
1563 4633 1672 4689 τῶν
1707 4633 1936 4699 πιστῶν,
1960 4636 2059 4695 ὅσα

484 4733 583 4802 μὲν
633 4728 941 4808 τηνικαῦτα
1004 4726 1233 4796 ελεγον,
1292 4725 1393 4778 ὅσα
1446 4723 1505 4777 δὲ
1551 4722 1714 4777 πάλιν
1765 4726 1854 4776 ἐπ’
1911 4724 2061 4795 αὐτῷ

480 4825 736 4891 ἑποίουν;
796 4822 862 4876 οι
894 4821 994 4889 μὲν
1044 4820 1154 4889 γὰρ
1205 4816 1385 4871 ποδῶν
1434 4816 1694 4887 ἣπτοντο,
1729 4816 1826 4870 καὶ
1868 4817 2062 4888 χεῖρας

482 4915 794 4986 ἠσπάζοντο
814 4933 827 4947 ’
886 4913 936 4967 σί
982 4911 1039 4964 δὲ
1072 4909 1346 4982 τράχηλον
1382 4907 1803 4981 περιϐάλλοντες
1831 4908 2061 4977 κατεφίμ

479 5008 608 5063 λουν
641 5006 737 5061 καὶ
761 5002 856 5058 τοῦ
899 4998 1183 5073 χωρισμοῦ
1235 5000 1436 5069 πικρὸν
1485 4997 1575 5051 ἐπ’
1623 4996 1773 5067 αὐτῷ
1828 4996 2062 5068 δάκρυον

480 5099 708 5163 ἔσταζον
729 5112 744 5128 ο
778 5095 930 5150 ἄλλοι
956 5096 1069 5156 τοῖς
1092 5092 1287 5161 αἵμασι
1317 5088 1687 5160 κατεχρίοντο,
1718 5091 1830 5154 τοῖς
1885 5088 2061 5160 τραύ-

485 5206 620 5261 μασι
649 5186 1043 5259 προσεφύοντο,
1064 5183 1172 5247 τῶν
1200 5180 1430 5251 ἱματίων
1475 5180 1577 5237 οὐκ
1603 5178 1953 5244 ἀπεσπῶντο,
1993 5181 2058 5237 ’0

481 5280 736 5352 λαμπρὸς
764 5275 1045 5349 ἀριστεὺς,
1073 5274 1102 5325 ὁ
1122 5273 1371 5343 γενναῖος
1392 5271 1723 5339 ἀγωνιστὴς,
1753 5271 1783 5325 ὁ
1817 5270 2058 5341 σιδήρου,

481 5374 751 5443 λέγοντες,
783 5368 1150 5440 ἰσχυρότερος.
1172 5365 1236 5418 Ol
1259 5363 1391 5433 γοῦν
1420 5361 1727 5431 ἀπάγοντες
1754 5362 1920 5425 αὐτὸν
1941 5364 2066 5416 ἔπιέ

482 5462 812 5527 κλασθέντες
840 5462 954 5522 τοῖς
983 5458 1261 5529 ὀδυρμοῖς,
1315 5455 1411 5509 καὶ
1447 5452 1713 5517 παθόντες
1767 5454 1862 5507 καὶ
1908 5454 2061 5515 αὐτοὶ

482 5554 582 5616 τὰς
614 5549 816 5622 ψυχὰς,
846 5547 1082 5618 ἔστησαν
1112 5546 1241 5616 ἄχρι
1268 5539 1465 5598 πολλοῦ
1492 5541 1958 5613 παραχωροῦντες
1982 5542 2061 5613 τῷ

484 5644 670 5709 πάθει,
701 5641 801 5695 καὶ
832 5639 912 5712 τῷ
937 5636 1159 5708 ἐλεεινῷ
1211 5635 1306 5689 τοῦ
1355 5633 1650 5705 θεάματος.
1694 5634 1850 5688 Ἐπεὶ
1873 5634 1931 5688 δὲ
1960 5635 2060 5717 ἤδη

484 5734 578 5796 καὶ
608 5733 636 5786 ὁ
657 5729 850 5800 καιρὸς
883 5728 1070 5784 ἐκάλει
1096 5726 1192 5781 τοῦ
1232 5724 1419 5781 πλοίου
1453 5723 1707 5793 ἐπιϐῆναι
1732 5724 1824 5779 τὸν
1846 5724 2059 5794 μάρτυ-

487 5846 577 5909 ρα,
603 5827 715 5880 τῶν
748 5823 1160 5903 περισχομένων
1207 5821 1299 5904 βίᾳ
1347 5822 1441 5883 καὶ
1467 5820 1622 5894 μόλις
1659 5819 2056 5891 ἀποσπασθεὶς,

2163 4637 2341 4683 suam”
2373 4628 2442 4682 ab
2492 4643 2559 4684 eo
2614 4630 3032 4699 separationern.
3097 4629 3232 4707 Quis
3292 4635 3438 4687 enim
3493 4634 3742 4691 oratione

2163 4721 2415 4790 persequi
2459 4720 2699 4790 potuerit
2745 4736 2844 4790 ea,
2882 4736 3002 4790 quae
3049 4729 3180 4777 tunc
3227 4722 3479 4780 dicebant
3518 4727 3739 4797 quidem

2165 4810 2381 4877 ﬁdeles,
2433 4820 2489 4867 et
2547 4826 2669 4881 qua:
2727 4827 2914 4866 rursus
2965 4822 3185 4883 prapter
3242 4814 3417 4885 ipsum
3473 4816 3743 4879 fecerint?

2162 4900 2299 4967 Nam
2331 4902 2424 4957 alii
2459 4903 2676 4972 quidem
2722 4903 2886 4972 pedes
2926 4905 3242 4976 tangebam,
3286 4915 3342 4962 et
3388 4922 3583 4963 manus
3619 4924 3741 4968 ams

2163 4994 2567 5066 plectebantur;
2630 4994 2724 5050 alii
2774 5009 2904 5058 vero
2947 4994 3143 5051 collum
3179 4998 3602 5068 complectentes
3645 5003 3741 5065 de:

2162 5084 2569 5150 osculabantur,
2615 5093 2672 5139 et
2698 5091 2918 5155 prapter
2949 5088 3352 5156 separationem
3409 5103 3626 5151 amaras
3657 5092 3739 5155 er.

2162 5177 2463 5234 fundebant
2502 5176 2774 5246 lacrymas
2824 5194 2839 5231 :
2891 5176 2983 5237 alii
3023 5193 3084 5234 se
3138 5177 3254 5257 ejus
3290 5181 3551 5251 sanguine
3578 5180 3741 5244 inuri,-

2164 5270 2381 5343 gebant,
2416 5284 2445 5323 a
2475 5268 2715 5325 vestibus
2743 5267 2898 5324 avelli
2923 5283 3032 5325 non
3069 5279 3340 5341 poterant,
3384 5270 3484 5335 Vir
3508 5272 3739 5341 praeela:

2165 5378 2259 5420 rus
2295 5371 2351 5420 et
2404 5362 2585 5428 fortis,
2632 5372 2884 5419 strenuus
2929 5367 3256 5432 decertator,
3311 5366 3401 5437 qui
3450 5364 3620 5433 ferro,
3652 5366 3738 5431 ἀίτ

2163 5464 2370 5521 centes,
2401 5464 2484 5510 est
2521 5454 2771 5511 validior.
2814 5454 2916 5529 Qui
2951 5456 3123 5526 ipsum
3153 5463 3335 5516 autem
3372 5457 3735 5537 abducebant,

2163 5544 2319 5611 fracti
2346 5545 2583 5612 ﬂetibus,
2616 5558 2672 5603 et
2705 5546 2804 5617 ipsi
2829 5562 3045 5618 quoque
3077 5547 3252 5612 allecti
3283 5550 3500 5622 animis,
3535 5550 3738 5620 consti:

2164 5646 2349 5693 terunt
2404 5638 2528 5706 diu,
2571 5640 2827 5694 cedentes
2870 5641 3177 5697 animorum
3228 5641 3616 5712 perturbationi
3679 5652 3737 5715 et

2163 5728 2470 5799 spectaculo
2509 5728 2829 5793 miserabili.
2862 5729 2999 5795 Cum
3036 5745 3165 5787 vero
3193 5731 3320 5803 jam.
3337 5740 3547 5803 tempus
3575 5746 3735 5802 voca:

2164 5829 2266 5889 rei,
2298 5829 2354 5875 ut
2382 5832 2590 5891 martyr
2634 5835 2824 5883 navem
2865 5823 3209 5893 ascenderet,
3241 5828 3288 5880 vi
3321 5834 3373 5880 et
3409 5826 3497 5891 vix
3519 5824 3734 5896 tandem
