4116 6410
332 367 383 428 “8
396 366 454 427 Π

1574 355 1866 417 'MENSIS
1889 353 2344 446 JANU‘AItlUS.

3513 348 3623 414 848

353 478 569 534 avulsus
604 478 670 532 ab
709 477 774 532 iis
813 477 904 547 qui
941 475 1115 546 ipsum
1172 473 1556 537 continebant,
1592 483 1646 528 et
1679 484 1932 542 tanquam

2038 475 2132 526 atati.
2155 472 2346 543 ὥσπερ
2373 469 2534 542 μέλος
2571 469 2749 525 κοινὸν
2783 467 3041 524 ἁπάντων
3074 467 3434 541 ἅπορῤαγεὶς,
3471 471 3536 540 τῇ
3561 486 3625 524 τε

351 575 657 636 membrum
718 584 1000 626 commune
1051 569 1310 638 abruptus
1349 568 1416 623 ab
1466 567 1738 632 omnibus,
1794 567 1930 621 civi-

354 670 448 724 tati
497 681 562 723 ea
616 679 734 734 qua:
785 677 882 733 par
925 670 1079 724 erat,
1109 669 1163 713 et.
1219 661 1322 760 si‘bi
1389 668 1678 729 precatus,
1739 672 1930 712 navem

350 760 619 821 ascendit,
667 767 720 812 et
745 755 924 824 .caapit
957 752 1236 822 navigare.
1265 750 1390 807 'Sed
1421 751 1548 820 quid
1583 750 1800 820 sapicns
1831 765 1931 818 gu-

352 855 605 908 bernator
637 848 1016 904 universorum
1067 844 1209 898 Deus
1263 843 1314 898 iu
1363 856 1501 896 nare
1547 857 1644 897 suo
1684 841 1932 912 providet

351 941 623 998 consilio?

421 1129 709 1188 XXXVIII.
751 1126 803 1182 Is
833 1126 922 1194 qui
958 1123 1104 1193 prius
1130 1119 1276 1176 solus
1315 1117 1629 1189 martyrium
1670 1113 1932 1183 t-ll'ngrrat

352 1243 416 1282 ex
461 1225 529 1279 iis
594 1221 686 1291 qui
737 1217 837 1273 sub
873 1215 1150 1272 Clemente
1193 1211 1540 1267 crediderant
1575 1207 1627 1260 itt
1676 1222 1928 1272 carcere,

352 1322 418 1374 tle
448 1333 554 1387 quo
589 1313 748 1385 paulo
777 1319 901 1364 ante
927 1322 1112 1361 sumus
1143 1320 1240 1359 nos
1271 1319 1392 1358 esse
1421 1301 1658 1354 dicturos
1689 1297 1927 1367 polliciti,

351 1427 476 1466 cum
507 1417 649 1464 esset
689 1404 971 1458 Romanus
1002 1397 1214 1467 quidem
1249 1409 1447 1465 genere
1475 1434 1489 1458 ,
1525 1388 1930 1459 Agatltangrlus

353 1514 534 1560 autem
589 1499 827 1562 nomine,
885 1494 973 1548 hic
1043 1505 1147 1544 una
1219 1491 1430 1557 navigat
1485 1499 1606 1539 cum
1671 1490 1928 1552 martyre.

353 1599 484 1653 Cum
521 1594 664 1647 enim
698 1587 1034 1658 pervenisset
1062 1583 1127 1636 ad
1165 1595 1354 1635 navem
1394 1579 1444 1631 in
1476 1593 1580 1647 qua
1612 1583 1730 1630 erat
1763 1574 1928 1626 ltuma

351 1687 758 1756 euavigaturus,
807 1688 862 1734 et
905 1691 1027 1732 cum
1077 1674 1257 1728 nautis
1308 1684 1475 1739 pauca
1525 1665 1928 1729 cssetlocutns,

351 1782 432 1837 eis
463 1779 620 1834 facile
651 1772 959 1846 persuadet,
991 1779 1222 1836 cumque
1269 1762 1469 1818 sensim
1503 1758 1928 1820 conscendisset,

352 1879 407 1931 in
437 1875 616 1943 aliqua
649 1870 766 1938 ejus
801 1875 954 1936 parte
1001 1857 1366 1916 delitescebat.
1416 1856 1556 1910 Deus
1585 1863 1763 1907 autem
1809 1851 1930 1913 luit,

354 2154 643 2220 Postquam
669 2155 848 2200 autem
873 2141 984 2212 jam
1013 2149 1220 2206 martyr
1239 2145 1455 2202 quoque
1475 2127 1647 2183 adfuit
1673 2125 1786 2195 ipse
1808 2137 1930 2178 cum

356 2219 643 2299 militibus.
676 2247 728 2292 et
760 2248 952 2290 navem
986 2239 1111 2284 sunt
1140 2223 1392 2295 ingressi,
1421 2219 1697 2276 distabant
1731 2231 1758 2270 a
1791 2225 1933 2269 terra

355 2338 499 2390 circa
539 2333 771 2386 ducenta
803 2323 1004 2386 stadia,
1048 2320 1237 2373 videns
1289 2311 1689 2385 Agathangelus
1734 2308 1934 2362 milites

355 2427 573 2496 quidem
605 2430 659 2475 et
689 2421 829 2473 inter
873 2429 933 2468 se
969 2422 1024 2466 et
1049 2411 1192 2465 circa
1241 2420 1431 2460 navem
1461 2417 1584 2457 esse
1614 2408 1931 2467 occupatos,

355 2489 530 2574 έθιιιηι
585 2525 714 2567 ι’θτο
765 2519 980 2563 sacrum
1047 2501 1382 2556 Clementem
1449 2507 1692 2549 seorsum
1764 2489 1933 2544 Deum

355 2623 533 2673 orare,
562 2620 590 2659 a
617 2599 832 2658 nemine
862 2597 1008 2651 visus
1035 2607 1134 2648 nec
1165 2588 1581 2645 animadversus
1611 2595 1777 2654 pr0pe
1805 2594 1931 2636 eum

354 2671 606 2749 accedit:
639 2701 874 2756 cumque
897 2683 1012 2754 ejus
1039 2680 1206 2750 pedes
1237 2675 1632 2747 preltendisset,
1654 2673 1702 2726 ei
1737 2671 1789 2727 in
1823 2685 1936 2724 me-

357 2785 580 2840 moriam
632 2785 852 2834 revocat
893 2774 1034 2844 ejus,
1092 2785 1211 2840 quae
1261 2769 1314 2822 in
1365 2765 1607 2823 custodia
1639 2763 1780 2819 facta
1825 2771 1932 2828 est,

355 2873 712 2933 confessionis
745 2881 800 2925 et
834 2867 946 2922 dati
975 2861 1334 2933 baptismatis.
1373 2859 1572 2914 Deinde
1613 2857 1775 2912 etiam
1808 2869 1935 2910 nare

357 2982 464 3034 rat,
511 2965 780 3038 quomodo
819 2976 848 3016 e
893 2961 1039 3016 caede
1082 2954 1348 3024 eti'ugerit,
1397 2959 1452 3006 et
1478 2948 1932 3020 quemadmodum

357 3061 508 3132 prius
559 3055 779 3112 sciverit
824 3049 1125 3120 navigium,
1172 3054 1226 3100 et
1263 3042 1720 3114 quemadmodum
1753 3039 1821 3095 sit
1853 3039 1933 3094 in-

355 3163 610 3222 gressus,
638 3158 690 3202 et
720 3138 1174 3214 quemadmodum
1200 3137 1253 3190 in
1288 3149 1354 3192 eo
1386 3133 1678 3190 delituerit.

426 3330 669 3388 XXXIX.
713 3327 914 3397 Martyr
946 3335 1123 3378 autem
1167 3319 1473 3394 .(quomodo
1517 3319 1657 3374 enim
1709 3333 1806 3389 par
1857 3324 1938 3372 est

358 3441 483 3480 eum
515 3423 681 3476 fuisse
724 3417 1002 3482 allectum,
1037 3431 1182 3492 cunt‘
1206 3415 1424 3484 agnovit
1465 3408 1939 3482 Agatltangclum?

357 3515 488 3570 Erat
527 3515 670 3566 enim
719 3511 927 3581 primus
965 3522 1027 3562 ex
1067 3507 1134 3560 iis
1173 3505 1263 3574 qui
1299 3513 1424 3558 tunc
1464 3502 1532 3556 ab
1561 3516 1626 3556 eo
1669 3501 1819 3556 fuere
1847 3499 1940 3554 ba-

359 3605 576 3677 ptizati)
604 3601 895 3665 salutabat,
941 3597 1387 3668 amplectebatur,
1433 3593 1667 3662 benigne
1693 3607 1816 3646 eum
1861 3591 1940 3644 al-

358 3699 703 3770 loquebatur,
725 3701 910 3764 aperte
937 3705 1046 3760 pra:
1071 3703 1131 3744 se
1158 3685 1391 3750 ferebat,
1419 3699 1478 3740 se
1508 3683 1713 3738 viscera
1740 3682 1939 3738 habere

359 3800 584 3863 paterno
620 3785 817 3840 retecta
847 3781 1062 3853 gaudio.
1099 3779 1300 3833 Deinde
1333 3778 1495 3832 etiam
1529 3775 1692 3844 cmpit
1728 3774 1936 3844 precari

357 3879 756 3943 vehementius,
783 3874 980 3947 partim
1001 3871 1221 3944 quidem
1245 3871 1449 3940 gratias
1479 3881 1644 3938 agens
1672 3881 1770 3936 pro
1799 3867 1939 3935 Aga-

360 3970 703 4042 tltangelo.et
735 3967 899 4022 verba
931 3978 1050 4034 quae
1091 3963 1256 4017 animi
1289 3960 1540 4015 laetitiam
1557 3959 1939 4031 signiﬁcabant

359 4065 633 4128 offerens;
672 4058 866 4130 partim
900 4067 1081 4112 autem
1109 4055 1276 4110 Deum
1298 4067 1512 4123 quoque
1553 4053 1834 4118 invocans,
1882 4062 1940 4107 ut

360 4156 434 4212 illi
489 4153 659 4208 ferret
709 4148 1005 4212 auxilium,
1059 4155 1114 4202 et
1165 4160 1396 4216 rogans,
1435 4155 1492 4198 ιιι
1545 4145 1588 4200 is
1641 4157 1784 4199 esset
1834 4145 1937 4200 sibi

361 4247 544 4300 socius
576 4239 936 4296 coal'essionis
971 4255 985 4291 :
1015 4237 1130 4304 Ago
1166 4235 1260 4290 tibi
1303 4235 1523 4304 gratias,
1557 4233 1784 4288 Domine
1811 4233 1938 4288 .Iesu

361 4335 616 4398 Christe,
652 4331 865 4395 dicens,
895 4328 984 4398 qui
1023 4326 1152 4381 mibi
1199 4340 1257 4380 es
1291 4325 1402 4381 sola
1453 4335 1508 4380 et
1547 4327 1703 4380 unica
1746 4341 1939 4380 conso-

363 4427 494 4482 latio
533 4435 588 4480 et
617 4423 914 4487 auxilium,
945 4420 1088 4490 quod
1125 4435 1208 4474 me
1243 4434 1418 4489 neque
1457 4419 1508 4472 in
1546 4426 1690 4473 terra
1715 4459 1731 4486 ,
1765 4433 1940 4488 neque

2036 565 2190 621 πόλει
2225 566 2294 620 τὰ
2321 567 2509 620 εἰκότα
2549 566 2644 620 καὶ
2695 565 2878 636 ἑαυτῷ
2909 565 3304 634 ἐπευξάμενος,
3351 565 3496 620 οὕτω
3523 567 3624 637 τῆς

2035 658 2170 722 νεὼς
2201 658 2374 728 ἐπέϐη
2407 657 2622 712 καὶτοῦ
2653 657 2788 712 πλοῦ
2825 655 3053 728 ἡρξατο.
3083 655 3247 710 Ἀλλὰ
3271 655 3326 710 τί
3371 657 3466 712 mi.
3494 657 3628 728 περὶ

2033 749 2134 819 τὴν
2177 748 2310 803 ναῦν
2366 751 2396 804 ὁ
2449 748 2613 818 σοφὸς
2646 751 2756 804 τῶν
2781 750 2921 803 ὅλων
2965 747 3314 820 κυϐερνήτης
3347 749 3629 819 οἰκονομεῖ

2035 842 2168 902 Θεός
2187 861 2205 908 ;

2107 1107 2235 1159 ΑΠ’.
2265 1106 2374 1158 Καὶ
2409 1109 2436 1159 ὁ
2461 1105 2727 1176 πρότερον
2757 1104 2815 1157 τὺ
2843 1103 3145 1176 μαρτύριον
3174 1105 3336 1176 μόνος
3379 1106 3489 1160 τῶν
3522 1104 3627 1159 ὑπὸ

2035 1199 2354 1269 Κλήμεντος
2408 1198 2465 1251 ὲν
2493 1198 2560 1267 τῇ
2593 1196 2808 1268 φυλακῇ
2844 1198 3262 1252 πιστευσάντων
3313 1197 3622 1266 διαφυγὼν,

2035 1293 2164 1362 περὶ
2191 1283 2252 1342 οὗ
2314 1289 2524 1358 φθάσας
2563 1289 2746 1358 μικρῷ
2781 1288 3019 1359 πρόσθεν
3048 1291 3076 1343 ὁ
3132 1289 3290 1358 λόγος
3329 1289 3624 1361 ὑπέσχετο,

2045 1383 2318 1454 Ῥωμαῖος
2355 1381 2453 1450 μὲν
2500 1378 2576 1433 ὢν
2630 1380 2691 1432 τὸ
2742 1379 2920 1448 γένος,
2987 1379 3394 1450 ’Δγαοάγγελος
3429 1381 3488 1434 δὲ
3528 1383 3628 1450 τὴν

2036 1475 2250 1546 κλῆσιν,
2309 1473 2592 1541 σύμπλους
2661 1473 2899 1527 ἐνταῦθα
2965 1472 3044 1544 τῷ
3105 1473 3344 1544 μάρτυρι
3391 1473 3625 1542 γίνεται.

2036 1563 2378 1620 Καταλαϐὼν
2401 1563 2510 1635 γὰρ
2541 1563 2601 1618 τὸ
2624 1563 2810 1617 πλοῖον
2839 1563 2909 1616 δι’
2942 1557 3005 1616 οὒ
3056 1565 3157 1634 τῆς
3193 1564 3422 1636 Ῥώμης
3464 1565 3629 1629 αὐτὸς

2035 1658 2255 1712 ἐκπλεῖν
2277 1657 2491 1726 ἔμελλε,
2523 1657 2620 1709 καὶ
2651 1656 2816 1725 ὀλίγα
2847 1657 3188 1728 συλλαλήσας
3221 1661 3332 1722 τοῖς
3378 1657 3626 1723 ναύταις,

2037 1751 2216 1804 πείθει
2251 1749 2472 1820 ῥᾳδίως,
2503 1749 2678 1820 suae;
2706 1765 2764 1802 τε
2791 1749 2977 1820 ἡρέμα
3010 1750 3156 1804 κατά
3185 1768 3238 1802 τι
3271 1749 3436 1820 μέρος
3459 1749 3630 1805 αὑτοῦ

1969 1819 2008 1873 Β
2037 1819 2314 1893 meum
2341 1838 2667 1908 ἐκρύπτετο.
2695 1819 2908 1902 Θεὸς,δὲ
2936 1833 3006 1909 ἦν
3033 1838 3141 1910 ἄρα
3171 1837 3200 1890 δ
3223 1819 3319 1893 και
3348 1819 3421 1893 ea.
3438 1841 3632 1896 πλοῖον

1919 1969 1935 1980 .
2036 1931 2323 1996 ὑποδείξας
2363 1931 2777 2000 Ἀγαῦαγγέλῳ,
2814 1933 2908 1984 καὶ
2957 1933 3084 1994 τοὺς
3115 1931 3412 2002 πλωτῆρας
3438 1932 3628 1987 εὐπει-

1894 2033 1930 2086 i.
2035 2025 2147 2088 Θείς
2171 2024 2320 2093 αὐτῷ
2361 2023 2456 2077 καὶ
2489 2026 2784 2092 προσηνεῖς
2815 2024 3214 2092 ἐργασάμενος.
3257 2023 3412 2078 Ἐπεὶ
3433 2023 3491 2077 δὲ
3527 2025 3630 2094 ἢδη

2035 2117 2131 2172 καὶ
2161 2118 2188 2170 ὁ
2225 2117 2438 2185 μάρτυς
2476 2115 2639 2178 αὐτὸς
2695 2115 2833 2186 μετὰ
2866 2115 2975 2168 τῶν
3013 2115 3362 2186 στρατιωτῶν
3397 2115 3656 2186 ὲπέστη,’

2035 2211 2252 2280 καὶτῆς
2305 2208 2440 2270 νεὼς
2490 2209 2620 2262 εἴσω
2677 2208 2989 2276 γεγόνασιν,
3039 2207 3279 2278 ἀπέσχον
3301 2223 3362 2260 τε
3401 2209 3499 2278 τῆς
3527 2209 3632 2278 γῆς

2035 2303 2158 2356 ὅσον
2190 2300 2443 2362 σταδίους
2481 2297 2811 2362 διακοσίους,
2840 2298 2868 2350 ὁ
2902 2294 3307 2364 ’Δγαθάγγελος
3344 2294 3473 2357 τοὺς
3525 2295 3626 2366 μὲν

2039 2389 2382 2461 στρατιώτας
2413 2389 2544 2460 περί
2581 2405 2640 2442 τε
2674 2389 2816 2457 σφᾶς
2849 2388 3048 2452 αὐτοὺς
3092 2389 3184 2441 καὶ
3232 2389 3328 2458 τὴν
3358 2386 3493 2441 ναῦν
3523 2387 3633 2441 ἀπ-

2035 2483 2447 2553 ησχολημένους
2501 2481 2648 2546 ἰδὼν,
2711 2480 2876 2550 μόνον
2915 2479 2972 2534 δὲ
3028 2480 3122 2534 τὸν
3157 2482 3301 2551 ίερθιν
3335 2481 3634 2552 Κλήμεντα

2036 2574 2479 2644 προσευχόμενον
2540 2573 2856 2642 καταμόνας
2910 2571 3050 2644 Θεῷ,
3114 2573 3296 2626 πᾶσαν
3332 2573 3634 2642 ὀφθαλμῶν

2035 2666 2290 2738 αἴσθησιν
2325 2665 2532 2734 κλέψας
2560 2663 2790 2734 πλησίον
2823 2664 3035 2717 ἐκείνου
3078 2663 3310 2732 γίνεται,
3343 2666 3439 2718 καὶ
3469 2663 3636 2717 λαϐό-

2041 2776 2199 2831 μενος
2257 2757 2424 2812 αὑτοῦ
2461 2755 2571 2810 τῶν
2620 2755 2821 2820 ποδῶν,
2855 2756 2954 2825 τῆς
3006 2757 3064 2809 ὲν
3113 2759 3182 2827 τῇ
3219 2757 3435 2829 φυλακῇ
3465 2757 3632 2813 αὐτὸν

2035 2851 2328 2920 ὁμολογίας
2357 2849 2768 2919 ἀναμιμνήσκει
2801 2847 2895 2900 καὶ
2924 2847 3020 2900 τοῦ
3055 2845 3433 2918 βαπτίσματος
3457 2865 3474 2882 ’
3509 2844 3632 2904 εἶτα

2037 2945 2132 2996 καὶ
2161 2943 2259 3014 τὴν
2293 2942 2358 2994 ὲκ
2391 2940 2489 3010 τῆς
2540 2939 2758 3008 σφαγῆς
2818 2939 3000 3010 φυγὴν
3031 2937 3336 3009 διηγεῖται,
3379 2941 3529 3006 ὅπως
3567 2959 3629 2995 τε

2039 3035 2303 3106 προγνοίη
2361 3032 2426 3086 τὺ
2487 3020 2694 3098 πλοῖον,
2725 3031 2873 3096 ὅπως
2905 3048 2964 3084 τε
2995 3031 3158 3100 ἔλθοι,
3211 3033 3307 3088 καὶ
3365 3034 3514 3098 ὅπως
3565 3035 3632 3090 ’ἓν

1960 3152 2004 3211 C
2038 3128 2186 3200 αὐτῷ
2219 3128 2537 3198 κρύπτοιτο.

2113 3308 2236 3368 ΛΘ’.
2277 3310 2336 3363 Ὀ
2371 3309 2581 3380 μάρτυς
2639 3310 2822 3362 τοίνυν
2850 3308 2979 3380 (καὶ
3021 3307 3074 3362 τί
3098 3308 3208 3379 γὰρ
3234 3306 3301 3362 ἂν
3329 3307 3493 3363 αὐτὸν
3531 3306 3637 3365 οὐοι

2040 3403 2186 3467 εἰκὸς
2221 3402 2415 3456 παθεῖν
2445 3401 2742 3470 ἐπιγνόντα
2771 3401 2860 3453 τὸν
2911 3399 3356 3468 Ἀγαθάγγελον;
3410 3395 3480 3471 ἦν
3520 3403 3632 3472 γὰρ

2041 3497 2134 3550 καὶ
2163 3495 2377 3566 πρῶτος
2400 3494 2508 3554 τῶν
2531 3493 2623 3548 ὑπ’
2655 3492 2822 3546 αὑτοῦ
2843 3493 3151 3563 τηνικαῦτα
3179 3491 3631 3562 βαπτισαμὲνων)

2041 3587 2338 3658 ἠσπάζετο,
2403 3586 2857 3659 περιεπτύσσετο,
2903 3585 3194 3656 προσηνῶς
3257 3585 3420 3639 αὑτὸν
3481 3601 3636 3655 περι-

2040 3680 2276 3748 έόαλλε,
2327 3679 2484 3750 δῆλος
2544 3675 2613 3751 ἦν
2673 3679 2868 3749 ήδονῆς
2914 3677 3002 3731 ἐπ’
3046 3678 3196 3748 αὐτῷ
3245 3677 3528 3748 πατρικῆς
3563 3677 3635 3731 τὰ

2042 3770 2329 3840 σπλάγχνα
2360 3768 2758 3840 πληρούμενος.
2791 3768 3030 3822 Ἔπειτα
3059 3768 3157 3822 καὶ
3189 3769 3290 3838 τῆς
3318 3769 3484 3838 εὐχῆς
3511 3766 3635 3836 Bap.

2043 3863 2270 3935 μότερον
2307 3861 2506 3933 εἴχετο,
2536 3861 2698 3915 τοῦτο
2740 3861 2838 3931 μὲν
2883 3859 3227 3932 εὐχαριστῶν
3280 3859 3422 3930 ὑπὲρ
3465 3859 3634 3928 Ἀγα-

2042 3955 2308 4024 Θαγγέλου
2338 3954 2433 4008 καὶ
2454 3953 2638 4025 ψυχῆς
2671 3951 3021 4022 εὐθυμούσης
3053 3950 3353 4022 προσάγων
3387 3951 3636 4022 ῥήματα,

2040 4047 2198 4102 τοῦτο
2230 4046 2288 4100 δὲ
2311 4047 2408 4100 καὶ
2435 4045 2571 4104 Θεὸν
2599 4046 2681 4109 εἰς
2723 4044 3044 4114 συμμαχίαν
3068 4043 3265 4113 ἐκείνῳ
3289 4042 3496 4107 καλῶν,
3537 4044 3635 4095 καὶ

2039 4140 2130 4194 τὸν
2164 4139 2335 4209 ἄνδρα
2377 4137 2635 4192 κοινωνὸν
2685 4135 2866 4208 ἐαυτῷ
2923 4135 3186 4206 γενέσθαι
3216 4137 3314 4206 τῆς
3344 4134 3635 4206 ὁμολογίας

2041 4233 2362 4302 εὐχόμενος,
2419 4229 2747 4300 Εὖχαριστῶ
2797 4245 2902 4293 σοι,
2964 4227 3136 4299 Κύριε
3195 4226 3374 4297 Ἰησοῦ
3405 4227 3634 4297 Χριστὲ,

2039 4325 2238 4393 λέγων,
2275 4324 2308 4394 ἡ
2348 4322 2484 4393 μόνη
2550 4320 2644 4374 καί¹
2688 4319 2787 4391 μία
2822 4318 3172 4389 παράκλησις
3219 4317 3344 4388 ἐμοὶ
3379 4318 3475 4370 καὶ
3509 4315 3638 4390 βοή-

2041 4416 2182 4480 θεια,
2235 4414 2317 4468 ὅτι
2367 4429 2435 4482 με
2465 4411 2608 4482 μήτε
2655 4411 2797 4465 κατὰ
2849 4410 2954 4481 γῆν
3011 4408 3150 4481 μήτε
3179 4407 3324 4463 κατὰ
3357 4405 3636 4463 θάλασσαν

364 4523 416 4575 in
467 4520 604 4574 mari
637 4517 908 4587 relinquas
946 4529 974 4568 a
1021 4525 1110 4568 tuo
1151 4514 1418 4568 deSertum
1455 4511 1690 4572 auxilio,
1727 4511 1820 4566 sed
1853 4525 1934 4565 me

2042 4505 2248 4578 ἔρημον
2269 4505 2369 4574 τῆς
2397 4503 2498 4572 σῆς
2537 4500 2795 4573 βοηθείας
2819 4500 3267 4573 καταλιμπάνῃς,
3305 4497 3420 4553 ἀλλ’
3452 4500 3510 4554 ὲν
3531 4497 3636 4571 ὁδῷ

363 4627 460 4682 per
500 4620 664 4664 totam
695 4612 836 4663 viam
879 4605 1182 4662 defenderis
1225 4617 1276 4658 et
1315 4604 1637 4669 deduxeris,
1669 4613 1723 4659 et
1759 4620 1935 4658 meum

363 4705 550 4758 labore
576 4699 850 4756 defessum
879 4699 1121 4754 animum
1155 4699 1490 4752 recreaveris
1536 4713 1600 4752 eo
1637 4711 1797 4766 quem
1829 4697 1938 4752 scis

363 4795 560 4861 modo,
615 4793 734 4864 ejus
785 4791 1092 4846 consolator
1129 4788 1378 4844 .elIectns.
1425 4789 1566 4844 Ecce
1602 4789 1747 4842 enim
1795 4803 1938 4842 nunc

365 4904 580 4958 quoque
620 4887 674 4942 in
734 4885 868 4939 mari
921 4887 972 4938 in
1021 4882 1388 4953 Agatltangelo
1431 4885 1572 4938 boao
1603 4896 1721 4937 meo
1770 4881 1938 4936 fratre

363 4982 498 5038 tnilti
546 4995 606 5035 es
658 4979 944 5050 cognitus,
997 4979 1087 5046 qui
1125 4976 1208 5030 vel
1268 4975 1398 5030 mihi
1455 4991 1520 5029 ex
1562 4975 1680 5044 ipso
1724 4975 1942 5028 nomine

361 5083 514 5128 tuum
543 5070 779 5142 spondet
830 5069 1094 5124 auxilium
1119 5107 1133 5134 ,
1186 5079 1244 5120 ut
1277 5067 1366 5135 qui
1407 5065 1840 5136 Agatltangelus,
1889 5064 1940 5117 id

361 5176 478 5232 est,
513 5164 781 5218 bonorum
833 5160 1091 5224 nuntius,
1130 5168 1186 5212 et
1241 5159 1314 5212 sit
1361 5166 1418 5213 et
1461 5159 1692 5212 dicatur.
1751 5155 1856 5209 Sed
1891 5156 1938 5210 ei

361 5271 576 5325 quoque
619 5254 888 5319 concede,
915 5266 948 5305 ο
995 5265 1088 5305 rex
1123 5249 1370 5312 Christe,
1402 5258 1458 5301 ut
1486 5247 1554 5300 ad
1599 5248 1758 5301 tinem
1793 5256 1938 5300 tuam

362 5345 594 5400 deducat
622 5343 958 5398 voluntatem
983 5381 997 5404 ,
1029 5351 1084 5394 et
1108 5339 1350 5408 gloriﬁca
1385 5339 1559 5408 ipsutn
1601 5348 1692 5392 tua
1727 5335 1938 5392 confes-

361 5437 517 5492 sione
541 5475 558 5503 ,
585 5446 644 5490 ut
669 5445 724 5490 tu
755 5448 974 5504 quoque
1003 5447 1190 5487 rursus
1219 5433 1273 5486 in
1307 5433 1423 5503 ipso
1454 5430 1794 5500 gloriﬁccris.

432 5617 546 5674 XL.
579 5615 674 5674 Ille
705 5631 834 5688 ergo
865 5630 988 5670 cum
1024 5614 1393 5686 Agathangclo
1423 5616 1504 5671 sic
1539 5616 1627 5672 diu
1671 5625 1940 5685 noctuque

364 5709 710 5777 precabatur,
765 5711 943 5778 cibum
990 5710 1206 5780 quidem
1267 5726 1374 5764 non
1433 5725 1679 5776 sumens,
1715 5725 1842 5766 nam
1876 5727 1941 5765 ne

367 5797 649 5853 minimum
677 5801 892 5870 quidem
927 5804 1006 5858 eis
1042 5804 1146 5859 cibi
1185 5817 1411 5872 usquam
1445 5803 1628 5884 aderat
1649 5843 1664 5870 ,
1695 5815 1754 5860 ut
1786 5805 1941 5875 cujus

2047 4600 2198 4670 πάσῃ
2229 4594 2622 4650 συναντελάόου
2650 4594 2744 4648 καὶ⁵
2773 4596 3078 4666 προηγήσω
3126 4609 3240 4666 μοι,
3275 4593 3373 4647 καὶ
3397 4610 3640 4664 πεπονη-

2045 4689 2207 4743 κυῖάν
2245 4704 2349 4757 μου
2391 4687 2492 4758 τὴν
2545 4686 2722 4758 ψυχὴν
2783 4686 3094 4759 ἀνεκτήσω.
3145 4684 3464 4758 παρήγορος
3497 4684 3636 4755 αὐτῇ

2041 4781 2242 4852 τρόπον
2269 4781 2327 4834 ὅν
2365 4781 2528 4845 αὐτὸς
2553 4777 2700 4844 οῐδας
2721 4779 3028 4851 γινόμενος.
3065 4777 3196 4833 Ἰδοὺ
3220 4780 3331 4850 γὰρ
3357 4779 3450 4833 καἹ.
3470 4778 3640 4833 τανῦν

2044 4877 2102 4928 ὲν
2131 4874 2380 4948 Θαλάσσῃ
2433 4873 2492 4927 ὲν
2530 4872 2926 4941 Ἀγαθαγγέλῳ
2986 4871 3067 4942 τῷ
3098 4871 3274 4940 πιστῷ
3336 4869 3512 4941 τούτῳ
3547 4889 3640 4942 μοι

2044 4963 2259 5036 ἀδελφῷ
2289 4963 2648 5035 ὲγνωρίσθης,
2672 4963 2732 5026 ὃς
2759 4965 2855 5018 καὶ
2882 4961 2978 5017 ἀπ’
3024 4963 3202 5033 αὐτῆς
3234 4979 3327 5034 μοι
3370 4962 3473 5034 τῆς
3507 4964 3640 5034 κλή-

2047 5073 2185 5118 σεως
2219 5058 2318 5124 τὴν
2351 5057 2506 5125 παρὰ
2531 5055 2625 5108 σοῦ
2654 5053 2945 5108 πιστοῦται
2979 5053 3258 5125 βοήθειαν,
3285 5053 3508 5121 ἀγαθῶν
3533 5053 3636 5120 ἄγ-

2045 5146 2200 5215 γελος
2251 5147 2347 5200 καὶ
2379 5146 2674 5216 γενόμενος
2713 5147 2811 5200 καὶ
2859 5144 3220 5214 καλούμενος.
3261 5144 3428 5199 Ἀλλὰ
3460 5145 3640 5216 παρά-

2047 5253 2175 5309 σχου
2203 5237 2299 5292 καὶ
2334 5235 2504 5306 αὐτῷ,
2571 5237 2776 5307 Χριστὲ
2828 5236 3073 5306 βασιλεῦ,
3111 5236 3174 5290 τὸ
3221 5237 3314 5292 σὺν
3360 5239 3440 5301 εἰς
3464 5237 3640 5308 πέρας

2050 5331 2278 5398 ἀγαγεῖν
2307 5329 2540 5400 θέλημα,
2573 5329 2670 5384 καὶ
2693 5329 2916 5394 δόξασον
2943 5330 3106 5382 αὐτὸν
3133 5333 3200 5401 τῇ
3231 5328 3496 5402 ὁμολογίᾳ
3516 5346 3636 5397 σου,

2049 5420 2139 5475 ἵνα
2177 5421 2273 5474 καὶ
2308 5421 2372 5474 σὺ
2405 5419 2657 5475 πάλιψὲν
2689 5419 2838 5492 αὐτῷ
2866 5419 3155 5492 δοξασθῇς.

2118 5624 2216 5677 Μ’.
2259 5623 2317 5677 Ὀ
2346 5622 2448 5694 μὲν
2476 5617 2571 5678 οὖν
2601 5621 2745 5676 οὕτω
2779 5622 2876 5676 σὺν
2919 5621 3304 5694 Ἀγαθαγγέλῳ
3323 5622 3517 5684 νυκτὸς
3543 5618 3640 5674 καὶ

2049 5715 2266 5785 ἡμέρας
2308 5715 2603 5784 εὐχόμενος
2637 5711 2727 5785 ἦν.
2767 5715 2976 5786 τροφὴν
3009 5715 3108 5784 μὲν
3155 5715 3219 5768 οὐ
3280 5713 3640 5784 προσιέμενος

2051 5812 2166 5878 (καὶ
2201 5808 2310 5879 γὰρ
2339 5807 2459 5860 οὐδὲ
2501 5807 2730 5879 βραχεῖά
2756 5825 2840 5871 τις
2877 5809 3060 5871 αὐτοῖς
3091 5805 3342 5884 παροῦσα
3369 5803 3638 5874 ἐτύγχανέ
