4116 6402
525 355 630 420 ειν

527 464 715 529 ποθεν,
764 458 830 535 ἧς

526 554 834 624 Κλήμεντι)
868 571 880 583 ·
919 555 1011 604 τὶν
1044 552 1224 616 ζῶντα
1250 550 1308 604 δὲ
1334 552 1497 620 ἄρτον
1523 550 1581 603 ἐν
1610 551 1674 620 τῇ
1704 549 1899 619 καρδίᾳ
1935 549 2026 602 καὶ
2050 549 2110 600 τὸ

524 646 672 716 ὕδωρ
727 646 904 698 ἐκεῖνο
958 642 1021 695 τὸ
1068 642 1178 706 ζῶν
1229 640 1467 712 ἔχοντες,
1518 642 1611 695 καὶ
1649 639 1860 703 τούτοις
1887 639 2110 708 ἀφανῶς

523 736 847 810 τρεφόμενοί
884 751 945 786 τε
975 734 1067 787 καὶ
1099 733 1466 803 ποτιζόμενοι.
1495 732 1941 801 Κατελεήσαντες
1995 747 2111 785 τοι·-

521 828 728 901 γαροῦν
759 826 960 889 αὐτοὺς
988 826 1089 896 τῆς
1111 824 1317 895 πολλῆς
1338 825 1554 893 ἐκείνης
1590 822 1668 893 τῷ
1696 823 1872 877 δοκεῖν
1894 823 2111 886 ἀσιτίας

522 924 572 976 οἱ
603 917 954 991 στρατιῶται,
986 917 1083 973 καλ⁵
1111 916 1214 980 τὰς
1246 915 1427 988 ψυχὰς
1462 913 1771 986 συμπαθῶς
1822 932 1883 969 τε
1927 916 2110 979 αὐτοῖς

520 1012 618 1067 καὶ
648 1008 1056 1082 φιλανθρώπως
1073 1006 1434 1070 διατεθιντες,
1459 1003 1785 1078 μεταδοῦναι
1805 1004 2112 1076 βρωμάτων

520 1102 706 1165 αὐτοῖς
735 1098 1060 1171 ἐπειρῶντο.
1090 1096 1156 1150 Οί
1186 1095 1247 1150 δέ
1292 1094 1419 1159 τοὺς
1448 1092 1795 1166 στρατιώτας
1856 1092 1956 1164 μὲν
2012 1095 2111 1165 τῆς

521 1191 899 1263 προαιρέσεως
927 1189 1279 1260 ἀπεδέχοντο,
1311 1186 1412 1260 τὴν
1430 1185 1640 1258 τροφὴν
1660 1186 1716 1240 δὲ
1742 1187 1844 1240 οὐκ
1868 1186 2112 1255 ἐδέχοντο

520 1282 730 1340 ἄνωθεν
763 1280 919 1351 παρὰ
950 1280 1047 1335 τοῦ
1073 1279 1210 1334 Θεοῦ
1249 1278 1420 1349 αὐτὴν
1470 1277 1789 1349 ἐκδέχεσθαι
1835 1277 2109 1346 λέγοντες.

522 1378 703 1446 Ὅπερ
754 1378 804 1429 οἱ
856 1376 955 1443 μὲν
983 1373 1192 1442 ελεγον,
1222 1371 1354 1435 Θεὸς
1383 1370 1440 1424 δέ
1488 1373 1569 1432 εἰς
1609 1370 1769 1440 ἔργον
1797 1367 1985 1439 ἐξῆγε,
2017 1368 2113 1422 καὶ

524 1468 651 1536 περὶ
668 1466 768 1536 τὴν
793 1462 1017 1536 πρώτην
1041 1460 1291 1533 φυλακὴν
1311 1460 1411 1531 τῆς
1436 1460 1653 1523 νυκτὸς,
1676 1458 1907 1530 οὐρανία
1934 1458 2112 1529 τροφὴ

518 1560 632 1621 τοῖς
660 1555 895 1619 δικαίοις
919 1554 1026 1609 ὑπό
1048 1570 1195 1617 τινος
1223 1552 1431 1607 ἄνωθεν
1457 1552 1778 1622 ἐχορηγεῖτο
1802 1548 2108 1619 δυνάμεως,

522 1650 615 1703 καὶ
643 1648 891 1717 ἀγγέλων
916 1647 1068 1720 ἄρτῳ
1098 1647 1391 1716 ἐτρέφοντο
1417 1643 1717 1711 ἄνθρωποι.

600 1741 738 1796 MA'.
769 1739 968 1809 Συχναὶ
988 1738 1121 1807 γοῦν
1146 1736 1336 1807 ἐτρίϐη
1346 1752 1443 1789 σαν
1462 1735 1647 1798 αὐτοῖς
1668 1733 1810 1788 κατὰ
1834 1732 1925 1788 τὸν
1940 1730 2112 1788 πλοῦν

526 1835 755 1905 ήμίραι,
781 1803 879 1886 καί
901 1830 981 1893 είς
1001 1803 1102 1900 τὴν
1137 1803 1725 1897 Ῥόδον-κατασχόντες,
1752 1828 1801 1880 oi
1836 1827 1935 1897 μὲν
1956 1829 2109 1883 ἄλλοι
2144 1803 2183 1858 Β
2214 1825 2517 1893 navigando
2567 1845 2578 1879 :

527 1926 726 1989 πάντες
777 1920 1192 1975 ἐπισιτίσασθαι
1248 1917 1604 1989 βουληθέντες
1633 1918 1726 1971 τοῦ
1770 1918 1957 1972 πλοίου
2004 1919 2110 1973 ἁπ-

528 2016 757 2088 ἑϐησαν,
778 2016 893 2079 τοῖς
914 2014 974 2068 δέ
1004 2028 1071 2082 γε
1103 2011 1353 2082 φυλακῆς
1404 2009 1567 2082 χάριν
1598 2010 1705 2065 τῶν
1763 2011 1935 2078 ἁγίων
1974 2012 2109 2065 ὐποω

527 2109 793 2179 λειφθεῖσι
822 2106 1181 2177 προσέκειντο
1207 2101 1572 2174 λιπαροῦντες
1615 2102 1772 2156 αὐτοί⁹
1812 2104 1904 2157 καὶ
1923 2103 2113 2174 δεόμεο

527 2219 633 2267 νοι,
672 2198 877 2265 ἐξεῖναί
922 2215 981 2252 τε
1012 2198 1199 2261 αὐτοῖς
1231 2198 1296 2267 τῇ
1336 2194 1445 2249 τῶν
1473 2194 1816 2267 Χριστιανῶν
1846 2197 2111 2268 ἐκκλησία

528 2293 889 2365 παραϐαλεῖν,
920 2292 1013 2346 καὶ
1054 2290 1166 2345 τῶν
1214 2289 1504 2362 ἀχρὰντων
1557 2292 1852 2359 μετασχεῖν
1905 2306 2114 2359 μυστη-

531 2387 681 2457 ρίων.
723 2384 980 2457 Κυριακὴ
1016 2384 1114 2455 μέν
1143 2382 1238 2437 οῦν
1271 2382 1577 2453 τηνικαῦτα
1599 2380 1787 2451 ἡμέρα
1813 2382 1997 2450 ῆγετο,
2020 2384 2112 2435 καὶ

530 2482 733 2544 πάντες
786 2480 901 2533 ὅσοι
950 2477 1091 2533 κατὰ
1113 2477 1213 2549 τὴν
1249 2477 1415 2545 νῆσον
1459 2474 2020 2547 Χριστιανοὶξῌλίγοι
2055 2475 2112 2529 δὲ

529 2567 698 2642 οὗτοι)
752 2571 889 2643 πρὸς
936 2570 1029 2625 τδν
1079 2570 1208 2624 ναδν
1261 2569 1611 2639 συνέτρεχον.
1665 2568 1886 2621 Τούτων
1919 2568 1980 2621 δέ
2027 2586 2113 2633 τις

528 2662 775 2735 ἀκριϐῶς
801 2664 952 2727 ὅπως
987 2660 1102 2733 εἶχε
1121 2661 1193 2716 τὰ
1221 2661 1364 2716 κατὰ
1394 2662 1521 2724 τοὺς
1552 2659 1744 2729 ἁγίους
1776 2659 1986 2731 μαθὼν,
2009 2677 2114 2731 μη-

528 2756 644 2811 νύει
679 2756 855 2811 πάντα
888 2755 968 2827 τῷ
1023 2755 1125 2825 τῆς
1170 2754 1355 2808 Ῥόδου
1404 2752 1678 2825 προέδρῳ,
1712 2753 1978 2816 Φωτεινὸς
2034 2751 2114 2823 τῷ

525 2850 812 2921 ἑπισκόπῳ
853 2849 1051 2919 ὄνομα.
1089 2848 1362 2909 Κάκεῖνος
1410 2845 1564 2901 οὐδὲν
1614 2843 1697 2899 ἔτι
1719 2845 2111 2915 διαμελλήσας,

520 2941 863 3015 παραλαϐὼν
916 2941 1120 2996 αὐτίκα
1184 2940 1331 3012 μάλα
1382 2939 1617 3011 συχνοὺς
1669 2938 1778 2992 τῶν
1828 2939 2115 3009 παρόντων

523 3033 892 3103 Χριστιανῶν,
925 3032 1007 3095 είς
1027 3030 1119 3086 τὸν
1138 3028 1388 3098 αἰγιαλὸν
1414 3030 1746 3100 ἀφικνεῖται,
1770 3045 1817 3098 ῳ
1836 3044 1901 3098 γε
1932 3029 1966 3099 ἡ
1990 3027 2116 3093 τοὺς

526 3124 713 3194 ἁγίους
740 3123 939 3197 ἔχουσα
966 3122 1098 3187 ναῦς
1123 3119 1562 3193 προσωρμίζετο,
1590 3120 1683 3175 καὶ
1712 3120 1880 3185 πολὺς
1909 3114 1977 3192 ἦν
2004 3120 2115 3174 τῶν
2143 3137 2188 3199 C

527 3215 788 3287 φυλάκων
814 3216 1088 3287 δεόμενος,
1111 3212 1254 3269 ὥστε
1283 3212 1511 3284 λυθῆναι
1540 3214 1667 3276 τοὺς
1698 3213 1986 3285 μάρτυρας
2005 3212 2114 3267 τῶν

524 3306 772 3379 δεσμῶν,
803 3308 900 3362 καὶ
928 3305 1029 3379 τὴν
1055 3306 1149 3361 ἐπὶ
1184 3306 1285 3378 τῆς
1310 3304 1612 3377 ἐκκλησίας
1645 3305 1834 3369 αὐτοῖς
1858 3305 2114 3377 ἀνεθῆναι

531 3399 793 3471 πάροδον.

598 3490 735 3545 MB’.
776 3488 1034 3543 Ἐκείνων
1065 3488 1245 3542 τοίνυν
1268 3487 1366 3559 τὴν
1402 3488 1639 3559 ἱκετείριν
1661 3488 2113 3561 δυσωπηθέντων,

529 3582 636 3638 ὑπὸ
663 3579 878 3642 πολλοῖς
911 3582 1024 3642 τοῖς
1053 3580 1503 3650 εὑχαριστηρίοις
1528 3578 1720 3649 ὕμνοις
1747 3581 1797 3632 οῖ
1837 3581 2116 3652 μάρτυρες

524 3674 623 3729 ἐπὶ
644 3673 744 3745 τὴν
775 3670 1072 3741 ἐκκλησίαν
1092 3670 1539 3741 προπέμπονται,
1559 3673 1653 3726 καὶ
1676 3671 1989 3745 ἁκολούθως
2016 3671 2117 3741 τῆς

532 3743 708 3837 ῑερᾶςή
727 3747 1103 3832 προτεθείσης
1133 3762 1325 3833 βίϐλου
1362 3764 1548 3816 ἐκεῖνα
1583 3743 1910 3831 παραδόξως
1942 3764 1976 3833 ἡ
2006 3764 2118 3818 τῶν

532 3854 884 3923 Εὐαγγελίων
925 3853 1116 3924 ἐδήλου
1171 3854 1346 3922 φωνὴ,
1384 3851 1420 3906 ὃ.
1467 3852 1563 3907 καὶ
1609 3851 1689 3923 τῷ
1722 3851 1902 3924 καιρῷ
1946 3867 2119 3923 προσ-

530 3949 735 4020 ήκοντα
775 3948 869 4002 καὶ
917 3948 1032 4009 τοῖς
1075 3945 1253 4014 ἁγίοις
1283 3943 1597 4015 ἁρμόζοντα
1623 3938 1714 4014 ῆν.
1741 3941 1879 3998 Τίνα
1920 3942 1978 3998 δὲ
2008 3944 2118 4014 ἁρα

528 4041 739 4109 ταῦτα;
761 4040 854 4113 Μὴ
875 4037 1132 4110 φοϐεῖσθε
1157 4037 1269 4093 ἁπδ
1290 4036 1401 4092 τῶν
1417 4035 1827 4092 ἁποκτενόντων
1849 4035 1909 4089 τὸ
1932 4036 2115 4107 σῶμα,

520 4132 629 4206 ,τὴν
656 4133 714 4188 δέ
741 4132 921 4206 ψυχὴν
939 4132 1259 4186 ἀποκτεῖναι
1287 4129 1361 4201 μὴ
1385 4129 1728 4202 δυναμένων.
1758 4126 1931 4182 Τοῦτο
1953 4126 2118 4182 οἱονεί

528 4244 652 4283 τινα
678 4227 998 4299 γλυκύτητα
1046 4225 1201 4282 θείαν
1226 4224 1481 4290 ἐνέσταξε
1515 4225 1638 4289 ταῖς
1671 4223 1781 4278 τῶν
1809 4223 1982 4293 ἁγίων
2017 4222 2119 4294 ψυ-

531 4319 674 4390 χαῖς,
701 4318 799 4373 καὶ
829 4315 1143 4386 ὀφθαλμοὺς
1162 4312 1297 4384 ἁμοῦ
1322 4314 1419 4368 καὶ
1440 4315 1628 4385 χεῖρας
1661 4313 1825 4378 εὐθὺς
1850 4316 1934 4377 είς
1951 4313 2118 4385 οὐρα-

532 4411 656 4473 νοὺς
685 4407 1035 4479 ἀνασχόντες,
1055 4407 1121 4460 ἐκ
1148 4404 1504 4477 περιχαρείας
1531 4405 1924 4478 δεδακρυμένοι
1945 4422 2118 4477 προσ-

1546 346 1723 408 ΥΙΤΑ
1765 348 1827 408 S.
1869 345 2309 408 CLEMENTIS‘
2338 349 2744 413 ANCYHANI.

883 463 1002 516 οὗδδ
1035 461 1184 531 παρὰ
1220 460 1317 530 τὴν
1350 460 1524 530 ἀρχὴν
1555 460 1821 531 ἐμέλησεν
1865 459 2002 521 ὅλως
2035 457 2111 527 τῷ

2218 458 2463 515 Clemens
2517 461 2714 516 nullam
2760 476 2944 516 curam
2989 461 3240 530 gessisset
3274 458 3497 513 omnino
3542 477 3555 511 :

3681 345 3789 407 858

3608 473 3786 510 γιτιιιιι

2214 560 2394 606 autem
2439 567 2630 622 panem
2663 553 2715 608 in
2749 554 2913 608 corde
2960 564 3019 609 et
3049 556 3224 607 vivam
3267 552 3410 605 illam
3459 566 3652 618 aquam
3690 549 3786 602 Ita-

2216 642 2439 709 bentcs,
2489 645 2684 712 quibus
2734 646 2962 698 obscure
3007 644 3292 698 alebantur
3334 649 3390 695 et
3440 641 3782 709 putabantur.

2216 731 2492 788 Diuturnaa
2516 748 2646 804 ergo
2676 734 2914 799 illorum,
2938 744 2996 788 ιιι
3024 734 3331 797 videbatur,
3362 731 3551 787 inediae
3578 729 3788 783 miscrti

2215 825 2414 879 milites
2450 826 2693 894 motique
2726 826 2909 879 animo
2932 865 2948 889 ,
2981 826 3318 895 benigneque
3354 834 3408 881 et
3455 825 3688 878 humane
3737 824 3788 874 in

2213 929 2309 969 eos
2334 914 2507 969 aﬂ‘ccti
2530 953 2544 979 ,
2573 929 2669 970 eos
2701 915 2840 970 cibis
2878 915 3125 969 volebant
3167 915 3453 983 impertiri.
3488 915 3564 968 Illi
3611 922 3789 966 autem

2214 1004 2505 1060 laudabant
2533 1006 2750 1075 quidem
2795 1005 2992 1061 bonum
3029 1005 3262 1059 militum
3300 1006 3574 1071 animum,
3607 1004 3789 1059 cibum

2213 1114 2344 1156 vero
2377 1114 2483 1155 non
2536 1100 2907 1171 accipiebant,
2953 1100 3196 1155 dicentes
3243 1116 3301 1156 se
3332 1115 3453 1154 eum
3500 1100 3729 1168 desuper
3759 1115 3788 1151 ιι

2216 1193 2324 1247 Deo
2362 1193 2630 1262 accipere.
2660 1194 2816 1262 Quod
2849 1203 3029 1247 autem
3060 1192 3133 1247 illi
3179 1193 3455 1257 dicebant,
3488 1193 3629 1246 Deus
3661 1189 3790 1243 effe.-

2214 1293 2359 1337 ctutn
2392 1281 2658 1346 reddidit,
2694 1289 2751 1336 et
2787 1282 2932 1337 circa
2982 1283 3212 1352 primam
3244 1282 3420 1337 noctis
3453 1280 3750 1335 custodiam
3772 1319 3789 1338 ,

2216 1374 2438 1429 εωιεεῑε
2472 1373 2788 1429 alimentum
2838 1373 3000 1444 iustis
3047 1374 3515 1445 suppeditabatur,
3556 1379 3611 1427 et
3654 1384 3793 1440 pane

2215 1466 2530 1538 angelorum
2566 1465 2944 1522 nutriebantur
2973 1465 3244 1522 homines.

2286 1729 2424 1786 XLI.
2471 1729 2624 1786 Multi
2658 1747 2788 1787 vero
2831 1732 2948 1787 dies
2995 1730 3299 1798 consumpti
3345 1738 3473 1784 sunt
3515 1729 3582 1783 ab
3625 1728 3704 1783 eis
3739 1728 3793 1781 in

2635 1833 2691 1880 et
2755 1839 2876 1878 cum
2928 1821 3175 1878 Rhodum
3259 1820 3627 1890 appulissent.
3698 1819 3791 1873 alii

2212 1915 2430 1987 quidem
2460 1930 2650 1973 omnes
2682 1931 2713 1972 e
2754 1916 2876 1970 navi
2916 1914 3316 1971 descenderunt
3350 1912 3416 1967 ad
3442 1910 3792 1981 qumrendum

2210 2016 2610 2072 commeatum;
2639 2006 2719 2061 eis
2751 2015 2932 2061 autem
2952 2046 2968 2071 ,
2997 2005 3089 2075 qui
3121 2004 3293 2058 relicti
3333 2004 3545 2056 fuerant
3568 2016 3664 2072 pro
3694 2015 3792 2055 cu-

2212 2099 2386 2155 stodia
2440 2106 2796 2165 sanctorum,
2835 2098 3109 2153 instabant
3154 2095 3255 2165 ipsi
3305 2099 3656 2149 vehementer
3703 2106 3796 2147 ro-

2212 2195 2404 2261 gantes
2433 2198 2487 2243 et
2514 2198 2755 2253 orantes,
2789 2197 2848 2243 ut
2892 2188 3079 2243 liceret
3114 2187 3195 2243 eis
3223 2186 3486 2241 accedere
3522 2184 3589 2239 ad
3618 2183 3794 2240 eccle-

2213 2280 2350 2334 siam
2383 2277 2858 2342 Christianorum,
2899 2288 2953 2333 et
2987 2291 3109 2333 esse
3146 2277 3590 2331 intemeratorum
3628 2275 3798 2343 parti-

2216 2370 2368 2440 cipes
2421 2377 2904 2425 sacramentorum.
2970 2370 3146 2439 Atque
3210 2376 3340 2422 tunc
3392 2367 3609 2436 quidem
3681 2366 3798 2422 dies

2215 2462 2595 2517 celebrabatur
2644 2461 2995 2526 Dominicus,
3049 2470 3101 2517 et
3154 2461 3463 2531 quicunque
3522 2467 3679 2514 erant
3742 2457 3794 2513 in

2216 2555 2391 2609 insula
2436 2554 2769 2619 Christiani,
2794 2554 2949 2622 pauci
2981 2562 3163 2607 autem
3208 2560 3400 2619 erant,
3440 2551 3505 2607 ad
3538 2548 3795 2619 templum

2216 2646 2630 2701 concurrebant.
2685 2644 2760 2699 Ex
2813 2645 2899 2700 his
2949 2660 3077 2700 vero
3112 2659 3235 2699 cum
3275 2643 3496 2714 quidam
3548 2649 3799 2698 accurato

2217 2739 2526 2803 didicisset,
2562 2738 2832 2809 quomodo
2877 2752 2937 2793 se
2993 2737 3255 2791 haberent
3316 2750 3402 2791 res
3443 2742 3795 2798 sanctorum,

2217 2830 2442 2885 antistiti
2491 2828 2665 2884 Rhodi
2699 2828 2880 2883 omnia
2931 2827 3202 2900 signiﬁcat
3239 2844 3254 2881 :
3292 2828 3548 2896 episcopo
3596 2837 3796 2880 nomen

2217 2929 2334 2976 erat
2368 2921 2647 2976 Photinus.
2691 2918 2782 2973 Ille
2813 2928 2992 2975 autem
3036 2918 3169 2973 nihil
3205 2918 3436 2988 amplius
3471 2925 3795 2982 cunctatus,
3848 2975 3855 2981 ,

2219 3025 2342 3065 cum
2392 3009 2576 3065 statim
2618 3009 2918 3079 accepisset
2966 3006 3164 3062 multos
3206 3021 3273 3061 ex
3328 3007 3393 3061 iis
3439 3007 3528 3076 qui
3574 3006 3800 3061 aderant

2218 3102 2566 3168 Christianis,
2589 3102 2737 3157 venit
2762 3102 2826 3156 ad
2850 3102 3022 3169 littus,
3043 3101 3109 3156 ad
3142 3103 3284 3172 quod
3312 3100 3594 3172 appulerat
3619 3100 3795 3162 navis,

2218 3194 2271 3251 in
2303 3210 2406 3268 qua
2437 3201 2594 3250 erant
2620 3194 2816 3261 sancti,
2848 3201 2900 3249 et
2928 3192 3179 3249 custodes
3207 3193 3557 3249 vehementer
3591 3190 3795 3253 oravit,

2217 3294 2275 3341 ut
2310 3295 2578 3359 martyres
2607 3284 2950 3340 solverentur
2980 3298 3008 3339 τι
3040 3283 3293 3348 vinculis,
3321 3292 3375 3339 et
3410 3285 3487 3338 eis
3517 3280 3800 3353 permitte-

2219 3395 2265 3434 ιν(
2281 3386 2369 3433 tur
2402 3379 2585 3434 venire
2619 3378 2670 3432 in
2706 3376 3011 3434 ecclesiam.

2289 3504 2447 3560 XLII.
2488 3506 2623 3561 Cant
2666 3506 2738 3561 illi
2775 3516 2951 3562 autem
3012 3507 3309 3563 cessissent
3343 3506 3633 3577 precibus,
3677 3520 3797 3561 cum

2219 3601 2402 3654 multis
2435 3599 2651 3672 hymnis
2672 3638 2688 3665 ,
2723 3601 2921 3670 quibus
2956 3598 3066 3654 Deo
3099 3608 3333 3671 aguntur
3363 3601 3584 3668 gratiae,
3621 3599 3671 3653 in
3707 3614 3800 3654 ec-

2218 3687 2439 3742 clesiam
2458 3687 2799 3741 deducuntur
2817 3696 3123 3756 martyres;
3145 3695 3201 3740 ct
3224 3695 3621 3754 consequenter
3642 3700 3800 3741 sacro

2219 3775 2358 3829 libro
2396 3774 2709 3844 proposito,
2745 3772 3146 3826 admirabiliter
3174 3779 3230 3826 et
3260 3780 3455 3841 praeter
3490 3773 3800 3840 opinionem

2218 3865 2517 3921 declaravit
2563 3880 2666 3918 vos
2711 3862 3127 3933 Evangeliorum
3153 3861 3276 3928 illa,
3322 3876 3442 3931 qua:
3488 3870 3542 3917 et
3581 3868 3795 3932 tempus

2219 3956 2502 4021 decebant,
2537 3963 2591 4009 et
2614 3954 2820 4009 sanctis
2873 3952 3287 4009 conveniebant.
3333 3950 3590 4018 Quaanam
3618 3962 3799 4007 autem

2218 4061 2280 4101 ea
2317 4046 2485 4101 sunt?
2534 4045 2710 4100 Nolite
2751 4045 2942 4099 timere
2984 4059 3109 4110 eos,
3137 4044 3229 4114 qui
3264 4058 3465 4113 corpus
3504 4042 3797 4108 occidunt-,

2220 4144 2460 4193 animam
2497 4148 2679 4192 autem
2720 4151 2829 4191 non
2866 4144 3098 4206 possunt
3133 4134 3449 4191 occidere‘.
3476 4134 3588 4191 Hoc
3632 4134 3799 4190 veluti

2218 4227 2517 4299 quamdam
2541 4227 2779 4281 divinam
2810 4226 3151 4281 dulcedinem
3183 4233 3497 4283 sanctorum
3522 4225 3802 4281 instillavit

2221 4321 2451 4386 animis,
2491 4319 2794 4389 oculosque
2823 4319 2985 4373 simul
3012 4329 3067 4373 et
3092 4333 3287 4373 manus
3314 4318 3495 4374 statim
3530 4319 3597 4372 ad
3631 4319 3801 4373 celos

2225 4412 2510 4473 tollentes,
2540 4425 2650 4480 prae
2689 4410 2888 4479 gaudio
2918 4411 3151 4464 orabant
3183 4409 3566 4479 lacrymantes.
3613 4405 3805 4462 Edilt-

532 4499 783 4571 ηύχοντο.
815 4474 1178 4568 ὖῐκοδόμησις
1222 4474 1315 4549 οῦν
1353 4474 1420 4548 ’ἐν
1450 4498 1516 4567 τῇ
1572 4474 1753 4551 πίστει
1773 4474 1851 4550 τὸ
1881 4474 2115 4568 πράγμα

2224 4505 2371 4561 catio
2403 4515 2589 4558 autem.
2619 4502 2673 4556 in
2710 4501 2813 4556 [ide
2844 4501 2944 4555 fuit
2982 4517 3068 4556 res
3099 4515 3161 4556 ea
3190 4502 3255 4555 iis
3284 4500 3376 4569 qui
3408 4500 3653 4563 aderant,
3686 4513 3803 4554 om-

532 4595 646 4658 τοῖς
672 4589 940 4663 παροῦσιν
968 4587 1207 4657 ἐγένετο,
1239 4586 1336 4640 καὶ
1375 4586 1575 4650 πάντες
1604 4589 1683 4650 είς
1712 4588 1912 4652 αὐτοὺς
1945 4587 2117 4659 ὁρῶν-

533 4700 623 4748 τες
655 4683 733 4746 είς
754 4680 962 4752 φανερὰ
988 4680 1082 4733 καὶ
1102 4677 1256 4733 αὐτοὶ
1282 4677 1585 4747 κατήγοντο
1622 4678 1855 4749 δάκρυα,
1888 4678 2116 4735 καὶτῶν

534 4775 877 4848 σκαμμὰτων
898 4769 1223 4839 κοινωνῆσαι
1246 4769 1341 4822 καὶ
1365 4768 1475 4823 τῶν
1498 4769 1789 4840 βραϐείων,
1818 4775 1926 4836 τοῖς,
1965 4772 2108 4843 μάρ-

533 4885 689 4921 τυσιν
711 4864 964 4938 ηὔχοντο.

604 4955 738 5014 Ml".
806 4953 940 5012 Εἶτα
1000 4960 1029 5012 ὁ
1083 4956 1336 5030 θεοφιλὴς
1397 4956 1605 5017 ἐκεῖνος
1675 4956 1972 5020 ἐπίσκοπος
2054 4959 2121 5010 τὰ

534 5051 635 5119 τῆς
703 5051 868 5119 ἁγίας
943 5051 1222 5122 ἀναφορᾶς
1281 5046 1593 5102 ἐπιτελέσαι
1669 5042 1947 5116 μυστήρια
2025 5047 2118 5098 τὸν

539 5142 833 5214 ἱερώτατον
870 5143 1168 5214 Κλήμεντα
1206 5142 1398 5213 ἠξίου·
1438 5133 1512 5194 ὦν
1553 5139 1617 5211 δὴ
1664 5138 1806 5192 κατὰ
1832 5137 1893 5191 τὸ
1927 5137 2118 5198 εἰωθὸς

536 5237 629 5291 ὑπ’
677 5236 846 5291 αὐτοῦ
894 5235 1276 5308 τελουμένων,
1332 5234 1425 5287 καὶ
1476 5232 1694 5286 πάντων
1748 5232 1804 5284 ἐν
1855 5232 2114 5302 συντριϐῇ

428 5396 435 5401 ι
538 5329 767 5400 καρδίας
820 5329 1076 5401 καθάπερ
1132 5329 1314 5399 γυμνῇ
1369 5327 1435 5396 τῇ
1487 5323 1631 5395 ψυχῇ
1700 5322 2117 5393 προσεχόντων,

536 5424 704 5495 ὁρῶσι
735 5422 923 5477 πολλοὶ
950 5422 1061 5477 τῶν
1095 5421 1403 5492 παρόντων,
1428 5418 1541 5470 ὅσοι
1576 5415 1641 5487 δὴ
1673 5418 1767 5469 καὶ
1804 5416 1871 5468 τὰ
1895 5416 2121 5469 τοιαῦτα

537 5514 672 5584 όρᾷν
695 5513 859 5579 ἄξιοι,
889 5513 1143 5585 φοϐερὸν,
1180 5506 1224 5566 ὧ
1256 5512 1522 5571 Δέσποτα,
1556 5507 1733 5577 θέαμα
1755 5508 1849 5561 καὶ
1873 5507 2116 5578 φρικτόν·

539 5605 785 5677 ὢνθρακα
823 5607 922 5685 μέν
954 5606 1130 5676 φωτὸς
1164 5600 1519 5676 ὑδερμεγέθη
1554 5599 1651 5669 τῆς
1706 5599 1978 5670 ἁχράντιδυ
2027 5600 2122 5655 καὶ

614 5784 632 5812 ⁵
673 5780 863 5839 Matth.
902 5799 958 5853 Χ,
990 5784 1081 5840 28.

2226 4608 2432 4663 ncsque
2458 4607 2553 4646 eos
2579 4593 2873 4656 intuentes,
2900 4592 2999 4660 ipsi
3029 4602 3248 4658 quoque
3271 4598 3459 4657 aperte
3483 4589 3803 4643 emittebant

2225 4685 2513 4754 lacrymas,
2543 4692 2955 4753 martyrumque
2983 4680 3281 4736 certamina
3314 4687 3366 4735 et
3396 4694 3630 4737 coronas
3679 4696 3806 4749 par-

2223 4776 2445 4844 ticipare
2478 4774 2788 4844 cupiebant.

2306 4959 2487 5016 XLIIL
2538 4959 2740 5016 Deinde
2774 4960 2892 5031 pius
2939 4961 3028 5016 ille
3058 4969 3114 5015 et
3152 4958 3246 5016 Dei
3294 4975 3486 5015 amans
3520 4960 3805 5030 episCOpus

2231 5053 2454 5122 rogabat
2485 5049 2817 5106 Clementem
2849 5052 3279 5117 sanctissimum,
3318 5061 3379 5106 ut
3405 5061 3608 5108 sanctas
3639 5051 3806 5106 obla-

2231 5143 2393 5198 tionis
2453 5152 2734 5212 petageret
2770 5144 3051 5215 mysteria.
3111 5143 3241 5212 Quae
3301 5143 3516 5214 quidem
3568 5159 3691 5198 cum
3737 5143 3804 5197 de

2231 5250 2379 5290 more
2413 5234 2485 5289 ab
2510 5249 2574 5289 eo
2605 5245 3012 5306 peragerentur,
3046 5244 3102 5291 et
3141 5251 3335 5293 omnes
3382 5238 3434 5291 in
3481 5235 3809 5291 contritione

2230 5325 2446 5393 cordis,
2493 5325 2660 5381 veluti
2703 5327 2843 5381 nuda
2882 5337 2940 5382 et
2977 5337 3165 5399 aperta
3205 5329 3405 5394 anima,
3442 5330 3521 5383 eis
3558 5327 3807 5382 attende-

2232 5426 2350 5471 rent
2373 5458 2389 5482 ,
2442 5417 2630 5473 vident
2660 5418 2812 5473 multi
2844 5434 2909 5474 ex
2945 5420 3013 5476 iis
3061 5419 3151 5489 qui
3184 5422 3443 5488 aderant,
3476 5421 3807 5491 quicumque

2230 5510 2431 5566 seiliect
2463 5520 2621 5566 erant
2648 5511 2793 5580 digni
2833 5513 2958 5567 talia
2998 5513 3217 5577 iuttteri,
3248 5512 3599 5583 stupendum,
3645 5527 3677 5567 ο
3704 5509 3811 5566 Do-

2228 5601 2397 5668 mine,
2435 5612 2487 5658 et
2531 5602 2778 5660 mirabile
2824 5604 3229 5675 spcetaeulmn;
3268 5605 3402 5661 lucis
3435 5604 3655 5676 quidem
3688 5619 3810 5659 car-
