4116 6444
300 357 405 427 8L1

1582 348 1867 415 MENSIS
1904 342 2368 417 IANUARIUS.

3490 343 3601 410 852

302 475 495 531 bouem
537 476 859 535 maximum.
915 475 967 529 in
1017 474 1338 528 intemerata
1359 479 1415 528 et
1442 472 1672 542 mystica
1702 485 1892 526 mensa

2021 471 2285 541 μυστικῆς
2305 470 2588 542 τραπέζης
2621 465 3005 540 προκείμενον,
3039 462 3523 539 λευχημονούντων
3541 464 3601 518 δὲ

303 569 677 641 propositum,
713 567 1130 624 candidatorum
1177 573 1360 621 autem
1392 564 1797 620 multitudinem
1839 567 1892 619 in

305 674 436 718 uere
465 660 929 730 supervolantem.
963 660 1144 730 Atque
1194 658 1271 714 illi
1305 647 1525 728 quidem
1560 672 1682 712 cum
1723 657 1894 712 visio-

306 769 431 811 nem
476 752 620 808 ferre
658 769 764 809 non
801 751 1107 822 potuissent
1130 790 1147 816 ,
1174 757 1230 807 et
1258 748 1409 806 humi
1455 763 1656 819 pronos
1685 749 1896 819 seipsos

304 835 632 918 dejecissent
656 884 672 910 ,
707 846 988 915 jacebanl,
1020 848 1082 899 ιιι
1115 844 1206 915 qui
1247 857 1395 911 eum,
1425 842 1517 913 qui
1562 858 1632 897 ex
1670 842 1738 899 iis
1765 857 1894 913 pro-

302 937 566 1002 bedebat,
621 936 963 1006 splendorem
1011 943 1203 991 contra
1252 944 1360 990 non
1412 941 1645 1007 possent
1676 933 1898 988 omnino

306 1028 576 1097 aspicere.
611 1026 748 1084 Cum
776 1034 957 1081 autem
999 1024 1141 1081 fama
1171 1026 1325 1083 brevi
1359 1035 1529 1082 totam
1565 1024 1899 1097 pervasisset

305 1119 619 1186 civitatem,
675 1117 832 1173 multi
864 1118 1027 1173 etiam
1078 1133 1144 1173 ex
1176 1117 1484 1173 inﬁdelibus
1524 1116 1739 1187 publice
1769 1131 1900 1171 con-

307 1209 604 1265 ‘currebant
631 1227 646 1277 ;
679 1219 736 1264 et
771 1209 1010 1263 maxime
1064 1208 1375 1278 quicunQue
1410 1207 1623 1276 aliquos
1652 1220 1719 1261 ex
1751 1208 1894 1269 (iliis,

310 1304 558 1375 cognatis
582 1346 598 1371 ,
649 1303 731 1357 vel
785 1301 1099 1358 domesticis
1133 1301 1407 1356 habebant
1444 1300 1758 1354 laborantes
1802 1299 1900 1354 ali-

309 1399 509 1466 quibus
568 1398 774 1453 morbis
821 1394 1349 1460 immedicabilibus,
1407 1393 1723 1463 frequentes
1769 1408 1901 1449 cono

311 1493 637 1556 currebant,
702 1502 885 1544 secum
955 1496 1191 1557 aegrotos
1248 1488 1622 1549 adducentes,
1664 1496 1718 1542 et
1766 1488 1904 1541 alios

307 1583 529 1653 quidem
575 1582 640 1635 ad
687 1583 852 1650 pedes
880 1590 1181 1649 martyrum
1214 1577 1567 1648 projicientes
1588 1618 1604 1644 ,
1637 1577 1775 1632 alios
1809 1588 1907 1632 au-

313 1686 419 1729 tem
465 1674 530 1727 ad
563 1673 845 1726 beatarum
896 1684 1158 1724 manuum
1191 1677 1504 1723 contactum
1543 1670 1902 1738 adducentes,

306 1778 406 1820 eos
445 1765 628 1820 statim
682 1754 945 1818 videbant
985 1778 1014 1816 a
1080 1762 1286 1818 morbis
1309 1772 1640 1832 erpurgatos
1668 1801 1682 1815 .
1714 1761 1906 1816 Multo-

2006 563 2210 635 πλῆθος
2237 563 2333 617 ἐπὶ
2359 561 2456 616 τοῦ
2487 563 2649 635 ἀέρος
2702 559 3172 633 ύπεριπτάμενον.
3235 557 3467 610 Ἐκεῖνοι
3501 554 3603 626 μὲν

2004 653 2100 711 οὖν
2126 657 2228 727 τὴν
2259 656 2383 728 δψιν
2406 656 2510 711 οὐκ
2542 655 2882 725 ἐνεγκόντες,
2933 653 3163 725 πρηνεῖς
3198 647 3604 711 καταϐαλόντες

2007 746 2237 813 ἑαυτοὺς
2270 748 2504 816 ἔκειντο,
2535 748 2673 820 μηδέ
2709 749 2776 819 τῇ
2807 746 3022 801 ἐκεῖθεν
3049 744 3197 815 αὐγῇ
3244 742 3306 797 τὸ
3335 741 3605 813 παράπαν

2007 839 2353 895 ἀντιϐλέπειν
2370 839 2683 912 δυνάμενοι.
2710 840 2824 908 Τῆς
2849 840 3040 909 φήμης
3062 837 3120 891 δὲ
3151 836 3335 890 πᾶσαν
3352 837 3410 894 ἐν
3436 833 3605 903 ὀλίγῳ

2007 933 2106 1002 τὴν
2134 932 2291 986 πόλιν
2332 932 2764 1004 διαδραμούσης,
2818 931 3007 985 πολλοὶ
3061 927 3340 1001 πανδημεὶ
3376 927 3473 982 καὶ
3495 920 3605 980 τῶν

2009 1024 2257 1080 ἀπίστων
2297 1027 2609 1097 συνέρρεον,
2636 1026 2731 1079 καὶ
2753 1024 2988 1096 μάλιστα
3017 1025 3132 1078 ὅσοι
3158 1023 3313 1087 τινάζ
3344 1021 3453 1075 τῶν
3478 1019 3609 1074 παί-

2010 1108 2140 1183 δων,
2239 1118 2544 1187 συγγενῶν,
2578 1120 2612 1192 ἢ
2645 1121 2742 1172 καὶ
2774 1118 2886 1172 τῶν
2928 1117 3108 1181 ἄλλως
3135 1116 3356 1172 οἰκείων
3400 1114 3607 1186 ἀνηκέ-

2013 1226 2164 1274 στοις
2188 1204 2336 1282 εἶχον
2367 1210 2727 1281 πιεζομένους
2754 1213 3053 1282 νοσήμασι,
3076 1210 3367 1283 συνέρρεον
3398 1207 3455 1260 δέ
3482 1206 3610 1269 τοὺς

2013 1299 2302 1365 νοσοῦντας
2359 1302 2591 1367 ἕκαστος
2631 1303 2990 1374 ἐπαγόμενοι,
3049 1300 3309 1364 καὶτοὺς
3364 1300 3465 1372 μὲν
3495 1301 3610 1362 τοῖς

2016 1395 2380 1464 μαρτυρικοῖς
2421 1393 2584 1449 ποσὶν
2630 1395 2861 1449 ἐκείνων
2904 1390 3446 1467 παραρῤιπτοῦντες,
3483 1391 3612 1454 τοὺς

2012 1486 2070 1540 δὲ
2098 1488 2165 1558 τῇ
2185 1485 2297 1541 τῶν
2337 1487 2629 1559 μακαρίων
2654 1486 2857 1559 χειρῶν
2891 1488 3003 1558 ἀφῇ
3035 1487 3415 1558 προσάγοντες
3451 1485 3614 1539 ἐκκε-

2014 1577 2403 1650 καθαρμένους
2437 1577 2603 1642 εὐθὺς
2625 1577 2736 1631 τῶν
2773 1579 2950 1633 νόσων
2970 1577 3181 1650 ἐώρων.
3211 1576 3409 1633 Πολλοὶ
3429 1575 3487 1629 δέ
3516 1573 3615 1630 καὶ

2013 1670 2114 1733 τὰς
2133 1669 2315 1741 ψυχάς
2343 1670 2520 1734 αὐτὰς
2558 1670 2668 1724 τῶν
2718 1670 2993 1742 Ἑλλήνων
3045 1669 3481 1742 ἐθεραπεύοντο,
3516 1667 3615 1723 καὶ

2017 1759 2095 1831 τῷ
2119 1760 2243 1814 κατ’
2260 1760 2461 1825 αὐτοὺς
2492 1760 2737 1832 θαύματι
2762 1762 2864 1831 τῆς
2891 1763 3111 1826 ίάσεως,
3139 1759 3615 1833 ἐχειραγωγοῦντο

312 1859 431 1909 'rum
463 1868 681 1924 quoque
718 1853 1000 1925 gentilium
1035 1862 1243 1908 curata:
1277 1862 1406 1907 sunt
1434 1853 1659 1913 animm,
1713 1862 1768 1909 et
1816 1869 1904 1907 sa-

2021 1854 2147 1925 πρὸς
2169 1852 2270 1923 τὴν
2292 1851 2575 1923 ἀλήθειαν.
2623 1852 2955 1924 Ἐξέπληττε
2983 1852 3155 1907 ταῦτα
3178 1853 3306 1917 τοὺς
3342 1850 3613 1923 πρατιώο

312 1946 551 2001 rationis
607 1948 849 2015 ipsorum
906 1944 1171 2000 miraculo
1206 1945 1420 2000 deducti
1470 1954 1597 2000 sunt
1649 1944 1716 1999 ad
1755 1947 1895 2000 veri-

2007 1963 2128 2011 τας,
2164 1944 2380 1998 καὶτὸν
2419 1944 2590 1999 πολὺν
2643 1945 2744 2014 τῆς
2797 1945 3007 2008 πόλεως
3058 1944 3300 2015 ὁρῶντες
3335 1944 3468 2015 περὶ
3526 1943 3616 1997 τὸν

314 2049 499 2093 tatem.
545 2036 669 2095 llmc
708 2037 911 2093 milites
946 2037 1461 2106 obstupefecerant,
1510 2046 1717 2092 etcum
1754 2038 1903 2093 vide-

2021 2036 2126 2109 Κλή
2137 2044 2310 2106 μεντα
2341 2035 2531 2103 πόθον,
2562 2030 2685 2091 εἷτα
2712 2036 2809 2091 καὶ
2831 2036 3069 2100 δεδιότες
3097 2036 3173 2108 μή
3196 2054 3251 2090 τι
3279 2039 3404 2090 κατ’
3436 2034 3617 2089 αὐτῶν

314 2137 437 2185 rent
485 2130 726 2185 civitatis
764 2144 1018 2201 magnum
1053 2131 1107 2184 in
1151 2129 1488 2187 Clementem
1534 2130 1903 2198 desiderium,

315 2234 373 2277 et
405 2224 664 2278 timerent
697 2224 929 2289 deinde,
971 2237 1039 2278 ne
1068 2223 1122 2277 in
1153 2237 1248 2279 eos
1281 2223 1487 2295 aliquid
1529 2224 1906 2287 innovaretur,

319 2322 378 2368 et
408 2324 613 2385 martyr
646 2329 712 2369 ex
760 2329 948 2370 eorum
997 2315 1248 2370 manibus
1288 2314 1574 2386 effugeret,
1613 2315 1660 2369 ei
1692 2313 1905 2369 vincula

320 2419 513 2460 rursus
543 2405 863 2469 immittunt,
897 2413 951 2458 et
992 2404 1060 2459 ad
1090 2420 1279 2459 navem
1319 2407 1628 2471 abducunt,
1663 2406 1738 2460 illi
1773 2406 1912 2460 male

318 2491 550 2554 l‘acieudi
604 2506 884 2556 sumentes
930 2499 1276 2555 occasionem
1307 2515 1370 2554 θοι
1414 2499 1609 2569 insigni
1645 2498 1763 2567 ejus
1800 2501 1910 2554 vir-

320 2600 456 2647 tute.
487 2584 778 2647 Praecessit
807 2601 986 2647 autem
1021 2591 1428 2663 Agathangelns
1448 2632 1463 2658 ,
1498 2602 1552 2648 et
1580 2592 1793 2661 primus
1827 2607 1916 2645 na-

321 2686 444 2738 rem
479 2686 762 2753 ascendit,
819 2694 875 2741 ut
915 2687 1006 2757 qui
1055 2694 1199 2741 esset
1252 2686 1461 2755 primus
1500 2685 1643 2740 viam
1682 2685 1915 2741 initurus

313 2775 586 2847 litartyrii,

2012 2131 2400 2203 νεωτερισθείη
2429 2131 2528 2186 καὶ
2553 2132 2619 2184 ἐκ
2651 2131 2835 2203 μέσων
2858 2132 3044 2195 αὐτοῖς
3072 2132 3101 2185 ό
3131 2132 3346 2203 μάρτυς
3375 2128 3484 2184 τῶν
3512 2146 3621 2200 χει-

2017 2225 2126 2296 ρῶν
2156 2223 2434 2294 διαφύγοι,
2460 2223 2531 2278 τά
2559 2224 2740 2296 δεσμά
2774 2240 2832 2277 τε
2863 2223 3014 2294 αὑτῷ
3058 2222 3403 2294 περιτιθοῦσι
3452 2220 3621 2275 πάλιν

2014 2318 2111 2372 καὶ
2142 2319 2223 2381 είς
2251 2315 2314 2370 τὸ
2341 2316 2527 2371 πλοῖον
2575 2316 2908 2385 ἀπάγουσιν,
2974 2314 3255 2387 πρόφασιν
3286 2312 3383 2367 τοῦ
3428 2312 3620 2375 κακῶς

2016 2412 2225 2465 ἐκεῖνον
2252 2409 2451 2482 δρᾶσαι
2479 2409 2541 2463 τὸ
2574 2409 2766 2481 περιὸν
2791 2407 2958 2463 αὑτοῦ
2995 2407 3095 2477 τῆς
3129 2407 3338 2479 ἀρετῆς
3370 2404 3617 2475 θέμενοι.

2028 2503 2324 2574 Ἀςρηγεῖτο
2368 2503 2426 2557 δὲ
2466 2501 2875 2571 Ἀγαθάγγελος
2913 2500 3132 2573 πρῶτος
3182 2499 3366 2564 αὐτὸς,
3393 2494 3622 2566 καὶτῆς

2021 2593 2158 2659 νεὼς
2187 2594 2410 2660 ἐπιϐἀς,
2443 2588 2532 2649 οἶα
2559 2594 2624 2666 δὴ
2646 2594 2741 2647 καὶ⁹
2763 2592 3199 2665 προοδοποιῆσαι
3230 2590 3442 2663 μέλλων
3470 2586 3623 2658 αὐτῷ

2020 2685 2117 2741 τοῦ
2146 2687 2450 2758 μαρτυρίου
2485 2686 2583 2757 τὴν
2622 2685 2852 2742 εἴσοδον.

1793 2904 2029 2972 CAPUT-
2074 2906 2206 2971 vui.

1462 3059 1746 3128 Tormenta
1790 3070 2117 3127 Nicomedia:
2156 3072 2367 3127 Sanctis
2403 3062 2629 3140 inﬂicm.

389 3217 576 3289 XLIV.
601 3232 736 3290 Cum
766 3235 848 3290 eis
875 3233 1057 3304 itaque
1087 3240 1282 3287 ventus
1311 3231 1673 3288 successisset
1709 3244 1916 3285 secun-

316 3328 447 3393 tlus,
476 3323 707 3398 {Egeum
733 3342 884 3382 mare
921 3326 1299 3381 transmittunt
1322 3341 1337 3378 :
1357 3332 1556 3379 etcum
1576 3322 1918 3395 appulissent

2098 3234 2230 3289 ΜΝ.
2276 3235 2572 3307 Ἐπιφόρου
2601 3233 2781 3289 τοίνυν
2836 3233 2931 3289 τοῦ
2967 3234 3174 3306 ἀνέμου
3224 3233 3483 3304 τυχόντες
3503 3231 3625 3286 διὰ·

2027 3327 2252 3382 πλέουσι
2278 3329 2370 3382 τὸν
2404 3329 2650 3396 Αἰγαῖον,
2685 3328 2778 3383 καὶ
2811 3329 2892 3393 είς
2928 3329 3027 3399 τὴν
3057 3328 3410 3400 Νικομήδους
3458 3325 3626 3382 κατά-

324 3402 694 3474 Nicomediam
719 3457 734 3485 ,
779 3419 1125 3474 deducuntur
1158 3417 1343 3472 statim
1392 3417 1459 3472 ad
1500 3414 1912 3473 Maximianum.

2025 3438 2241 3492 ραντες,
2286 3421 2360 3484 ὡς
2400 3395 2494 3474 τὸν
2550 3419 2901 3491 Μαξιμιανὸν
2952 3395 3161 3484 εύοέως
3199 3395 3518 3489 ἀνάγονται.
3564 3418 3625 3473 Ὁ

319 3494 415 3565 ille
448 3515 632 3565 autem
671 3525 794 3566 cum
849 3509 1151 3581 accepisset
1200 3509 1410 3564 litteras
1440 3507 1810 3576 imperatoris,
1854 3515 1909 3561 et

324 3605 493 3657 multa
544 3602 764 3673 quidem
815 3603 981 3660 etiam
1018 3604 1086 3658 ab
1139 3603 1273 3673 ipsis
1308 3601 1628 3666 didicisset,
1680 3614 1746 3655 ea
1788 3614 1917 3656 vero

325 3692 555 3748 vidisset
610 3706 911 3761 congruere
942 3691 1175 3757 litteris,
1234 3707 1426 3763 nempe
1461 3700 1741 3763 aspectum
1766 3729 1782 3753 ,
1825 3691 1917 3761 qui

326 3794 493 3853 quam
551 3784 908 3854 proﬁtebatur
961 3785 1222 3840 virtutem
1282 3792 1671 3846 conservaret,
1729 3781 1921 3837 faciem

327 3867 634 3945 liberalem,
660 3893 871 3935 morum
898 3878 1246 3944 libertatem;
1278 3877 1410 3933 nihil
1444 3876 1665 3941 servile,
1696 3875 1921 3940 humile,

327 3974 388 4026 ct
415 3970 685 4041 abjectum
708 4010 724 4038 ,
756 3985 937 4040 neque
967 3971 1109 4041 quod
1149 3971 1312 4026 facile
1339 3972 1509 4041 possit
1535 3971 1586 4024 in
1622 3967 1782 4023 aliam
1813 3978 1925 4022 tra-

327 4061 457 4119 duci
490 4063 857 4129 sententiam;
892 4063 1009 4118 haec
1033 4077 1155 4118 cum
1184 4063 1410 4119 vidisset
1446 4059 1829 4125 Maximianus,
1865 4068 1924 4113 ut

324 4153 426 4223 qui
467 4153 521 4209 in
548 4153 863 4223 judicandis
911 4154 1019 4209 illis
1050 4154 1276 4210 multum
1324 4154 1529 4210 valeret
1550 4194 1564 4218 ,
1599 4154 1704 4210 sibi
1735 4151 1921 4208 statim
1951 4158 1955 4162 ’

327 4234 607 4302 interdicit
639 4245 759 4316 ejus
782 4246 1245 4302 examinationem
1270 4286 1286 4311 ,
1311 4254 1366 4301 et
1399 4247 1663 4317 quasdam
1700 4243 1923 4300 bellicas

328 4346 592 4393 causatus
644 4336 1053 4408 occupationes,
1118 4336 1373 4408 praelecto
1423 4337 1574 4393 urbis
1622 4336 1924 4409 Agrippino

324 4427 628 4484 committit
674 4427 975 4484 Clementis
1024 4430 1417 4500 cognitionem,
1476 4429 1571 4484 Ille
1621 4443 1751 4485 vero
1798 4443 1921 4483 cum

330 4536 455 4577 eum
484 4522 669 4578 statim
705 4523 824 4579 sisti
855 4534 1121 4591 curasset,
1157 4524 1261 4579 hoc
1287 4535 1412 4579 ante
1446 4523 1551 4578 alia
1594 4524 1920 4593 interrogat,

331 4629 401 4668 an
428 4614 545 4685 ipse
570 4625 721 4671 esset
752 4614 843 4671 ille
865 4614 1142 4683 Clemens,
1173 4617 1265 4687 qui
1301 4617 1460 4687 vulgo
1492 4617 1564 4671 ita
1588 4616 1921 4685 iactabatur.

2024 3513 2082 3566 δέ
2109 3512 2176 3566 τὰ
2207 3512 2467 3584 βασιλικά
2493 3512 2793 3584 δεξάμενος
2839 3513 3173 3584 γράμματα,
3228 3513 3323 3566 καὶ
3356 3511 3425 3565 τὰ
3454 3511 3626 3564 πολλά

2029 3605 2130 3675 μὲν
2190 3605 2285 3659 καὶ
2335 3605 2432 3659 ἀπ’
2476 3604 2659 3658 αὐτῶν
2709 3602 3005 3674 διδαχθεὶς,
3063 3601 3362 3674 συνᾴδοντα
3406 3600 3465 3654 δέ
3512 3600 3628 3664 τοῖς

2025 3698 2319 3769 γράμμασι
2372 3697 2468 3751 καὶ
2521 3695 2698 3750 ταῦτα
2750 3695 2897 3762 ἰδὼν,
2940 3689 3053 3749 οἷον
3109 3694 3235 3760 ὄψιν
3279 3692 3628 3763 ἀπαγγελίαν

2024 3793 2227 3862 ἀρετῆς
2253 3789 2555 3857 σώζουσαν,
2581 3790 2926 3861 παράστημα
2949 3788 3193 3859 εὐγενὲς,
3219 3788 3387 3859 ἤθους
3411 3784 3630 3839 ἐλευθε-

2028 3884 2172 3953 ρίαν,
2206 3883 2363 3937 οὐδὲν
2397 3882 2764 3949 ἐθελόδουλον,
2799 3882 2921 3936 οὐδὲ
2954 3881 3232 3947 ταπεινὸν,
3258 3879 3379 3933 οὐδὲ
3404 3877 3543 3950 πρὸς
3565 3876 3630 3931 τὸ

2030 3976 2467 4048 μεταπεισθῆναι
2497 3976 2703 4049 ῥᾴδιον,
2738 3973 2914 4030 ταῦτα
2960 3974 3058 4029 καὶ
3091 3973 3441 4045 Μαξιμιανὸς
3476 3971 3626 4038 ἰδὼν,

2024 4061 2138 4130 οἷος
2160 4068 2370 4131 ἐκεῖνος
2399 4067 2610 4140 κρίνειν
2660 4066 2730 4121 τὰ
2776 4066 3006 4121 τοιαῦτα
3051 4066 3244 4130 δεινὸς,
3283 4061 3629 4133 ἀπαγορεύει

2029 4150 2193 4226 εὐθὺς
2212 4163 2315 4233 τήν
2345 4161 2618 4227 ἐξέτασιν,
2654 4160 2750 4215 καί
2780 4178 2904 4215 τινα
2948 4158 3253 4232 φροντίδων
3314 4155 3631 4228 πολεμικῶν

2029 4254 2291 4326 ἀσχολίαν
2316 4253 2731 4324 αἰτιασάμενος,
2765 4252 2845 4324 τῷ
2895 4253 3126 4324 ἐπάρχῳ
3184 4250 3533 4322 Ἀγριππίνῳ
3562 4247 3631 4301 τά

2029 4345 2168 4400 κατᾶ
2199 4346 2289 4400 τὸν
2323 4346 2570 4416 γενναῖον
2594 4344 2882 4415 ἐπιτρέπει
2911 4344 3233 4415 Κλήμεντα.
3277 4342 3336 4396 Ὀ
3359 4341 3416 4394 δέ
3445 4357 3632 4411 παρα-

2030 4441 2372 4511 στησάμενος
2404 4437 2592 4506 αὐτὸν,
2626 4436 2789 4492 τοῦτο
2829 4435 3069 4507 πρῶτον,
3109 4436 3157 4489 εἰ
3197 4434 3364 4498 αὐτὸς
3419 4434 3630 4495 ἐκεῖνος

2027 4531 2113 4602 εἴη
2142 4531 2377 4603 Κλήμης
2402 4529 2612 4602 ἠρώτα.
2642 4530 2749 4585 Τοῦ
2780 4529 2837 4583 δέ
2859 4530 3038 4584 ἐκεῖνό
3069 4545 3130 4582 τε
3156 4525 3628 4598 ἀποκριναμένου,

2034 4624 2130 4678 καὶ
2166 4624 2226 4678 Ὁ
2264 4624 2359 4678 τοῦ
2396 4622 2636 4696 Χριστοῦ
2694 4623 2880 4687 δοῦλος
2939 4622 3294 4693 προσθέντος,
3353 4618 3635 4691 ὀργισθεὶς

325 4705 465 4761 Cum
495 4708 544 4763 is
573 4718 756 4764 autem
787 4724 849 4765 se
885 4724 1009 4765 esse
1039 4711 1446 4780 respondisset,
1483 4720 1535 4764 et
1568 4708 1771 4764 Christi
1807 4723 1912 4763 ser-

2045 4718 2407 4786 Ἀγριππῖνος
2457 4715 2674 4785 πληγάς
2732 4714 2880 4786 αὐτῷ
2902 4714 3045 4769 κατὰ
3080 4715 3247 4786 κόρης
3273 4714 3507 4766 ἐντεῖναι
3535 4724 3633 4763 κε-

333 4813 458 4853 vum
510 4809 775 4869 pratterea
830 4802 1154 4871 adiecisset,
1204 4806 1282 4858 ira
1329 4815 1506 4858 mutus
1551 4802 1920 4874 Agrippinns,

324 4890 489 4958 jussit
521 4891 807 4961 militibus,
834 4904 892 4949 ut
918 4896 967 4949 ei
997 4897 1046 4949 in
1080 4897 1217 4950 facie
1245 4896 1529 4965 colaphum
1554 4896 1922 4965 impingerent

326 4983 648 5039 dictitantes
671 5023 687 5046 .
721 5000 781 5041 se
829 5002 1047 5041 servum
1105 4989 1504 5060 imperatorum
1527 5028 1540 5053 ,
1577 5000 1681 5043 non
1735 4995 1919 5040 autem

326 5074 557 5144 Christi,
582 5088 820 5133 vocaret.
864 5078 1070 5151 Martyr
1102 5093 1308 5145 autem,
1356 5078 1602 5145 Utinam,
1635 5079 1829 5149 inquit,
1870 5085 1923 5132 et

328 5168 536 5223 domini
572 5178 626 5223 et
668 5170 1034 5240 imperatores
1067 5172 1232 5226 vestri
1270 5173 1447 5227 vocati
1494 5180 1684 5227 essent
1715 5168 1922 5225 Christi

323 5260 502 5325 ’servi,
536 5269 592 5317 et
626 5262 747 5317 aliae
777 5278 993 5334 quoque
1028 5275 1218 5319 onmes
1249 5273 1436 5335 gentes
1457 5265 1537 5318 eis
1566 5264 1837 5318 servirent
1866 5271 1923 5315 et

326 5358 610 5423 parerent,
640 5364 701 5410 et
730 5370 841 5410 non
889 5356 967 5410 eis
992 5357 1176 5425 potius
1214 5356 1460 5428 improbe
1498 5356 1798 5425 imperaret
1826 5353 1925 5407 itu-

328 5445 525 5513 pietas,
558 5455 614 5501 et
643 5446 806 5502 stulte
835 5458 935 5503 nes
964 5449 1184 5503 vincere
1215 5448 1609 5502 contenderent
1637 5447 1650 5499 l

405 5535 568 5591 XLV.
592 5536 721 5595 Haec
753 5556 875 5595 cum
908 5541 1072 5596 veluti
1090 5542 1311 5596 ﬂamma
1341 5542 1587 5611 quaedam
1607 5541 1925 5595 incidissent

324 5624 388 5680 in
421 5627 663 5684 animum
700 5631 1007 5702 Agrippini,
1043 5635 1214 5705 magis
1247 5634 1620 5689 accenderunt
1646 5634 1920 5688 fornacem

324 5717 579 5785 insaniat,
607 5733 663 5779 et
684 5724 955 5782 ‘Clemeuti
989 5729 1208 5799 quidem
1252 5730 1387 5785 nihil
1416 5731 1711 5801 respondit,
1739 5742 1795 5785 ut
1829 5732 1921 5801 ‘l'Ii

327 5808 645 5866 manderet
675 5830 991 5887 conceptam
1036 5821 1088 5877 in
1134 5838 1257 5879 eum
1288 5824 1423 5879 iram
1470 5840 1589 5880 ...τε
1620 5824 1919 5894 majorem,

2032 4808 2178 4860 λεύει
2211 4808 2324 4871 τοῖς
2357 4806 2741 4879 στρατιώταις,
2776 4806 2963 4860 δοῦλον
2987 4806 3096 4859 τῶν
3143 4805 3411 4877 βασιλέων
3442 4803 3633 4856 καλεῖν

2032 4900 2244 4966 ἑαυτὸν,
2269 4900 2406 4954 ἀλλά
2440 4900 2516 4972 μὴ
2543 4900 2637 4953 τοῦ
2674 4898 2912 4973 Χριστοῦ
2945 4900 3224 4968 λέγοντας.
3270 4900 3378 4952 Καὶ
3422 4900 3450 4951 ὁ
3487 4897 3632 4968 μάρ-

2030 5008 2162 5058 τυς,
2203 4991 2457 5062 Ὄφελον,
2520 4990 2646 5064 ἔφη,
2682 4994 2775 5045 καὶ
2832 4992 2881 5045 οἱ
2930 4992 3195 5045 δεσπόται
3243 4992 3340 5044 καὶ
3390 4989 3633 5062 βασιλεῖς

2035 5081 2189 5153 ὑμῶν
2238 5081 2478 5149 Χριστοῦ
2538 5081 2717 5136 δοῦλοι
2772 5081 3082 5153 ἐκλήθησαν
3130 5080 3216 5145 ἂν,
3270 5080 3359 5134 ἵνα
3422 5077 3488 5146 δὴ
3535 5078 3633 5129 καὶ

2032 5174 2200 5229 τᾶλλα
2231 5175 2409 5229 πάντα
2438 5172 2565 5244 ἐθνη
2612 5172 2778 5227 δοῦλά
2806 5191 2864 5226 τε
2910 5174 3095 5236 αὐτοῖς
3133 5173 3228 5226 καὶ
3265 5170 3487 5242 ὑπήκοα
3536 5162 3628 5239 ἦν,

2037 5266 2173 5321 ἀλλὰ
2201 5266 2276 5338 μὴ
2303 5266 2488 5329 κακῶς
2522 5265 2678 5320 αὐτοὶ
2710 5263 2913 5337 μᾶλλον
2945 5266 3051 5320 ὑπὸ
3081 5267 3180 5337 τῆς
3214 5264 3472 5326 ἀσεϐείας
3498 5277 3631 5316 κατι

2037 5361 2271 5431 ἤρχοντο
2303 5359 2400 5412 καὶ
2438 5359 2596 5429 ἡμῶν
2631 5361 2857 5431 κρατεῖν
2885 5359 3130 5430 ἀνοήτως
3156 5356 3555 5427 ἐφιλονείκουν.

2108 5540 2244 5597 ME’.
2273 5541 2461 5596 Ταῦτα
2508 5541 2672 5595 οἱονεί
2706 5558 2791 5605 τις
2834 5538 2968 5612 φλὸξ
3015 5544 3093 5604 εἰς
3124 5541 3226 5611 τὴν
3268 5541 3633 5613 Ἀγριππῖνον

2034 5634 2213 5707 ψυχὴν
2245 5634 2559 5705 ἐμπεσόντα
2589 5634 2960 5705 σφοδροτέραν
2980 5631 3158 5686 ἐποίει
3178 5632 3280 5703 τῆς
3314 5632 3513 5703 μανίας
3537 5631 3637 5705 τὴν

2040 5730 2296 5800 κάμινον,
2351 5728 2444 5782 καὶ
2496 5728 2632 5799 πρὸς
2683 5728 2784 5798 μὲν
2834 5729 2929 5782 τὸν
2988 5727 3285 5798 Κλήμεντα
3319 5727 3475 5781 οὐδὲν
3504 5727 3634 5779 ἀντι

2041 5819 2362 5890 εφθέτίγετο,
2397 5813 2485 5874 οἷα
2539 5820 2753 5883 δεικνὺς
2798 5818 2898 5890 τὴν
2945 5818 3069 5876 κατ’
3101 5816 3263 5873 αὐτοῦ
3316 5817 3507 5890 ὀργὴν,
3536 5815 3631 5871 καὶ
