4116 6460
543 361 652 427 853

1570 360 1750 425 VITA
1786 364 1847 426 S.
1885 363 2327 425 CLEMENTIS'
2350 365 2732 428 ANCYRANI
2747 415 2759 427 .

3698 378 3809 442 8ῦῖ

540 469 770 541 ἀπειλῆς
809 465 976 523 οὖσαν
1032 467 1277 539 μείζονα,
1326 471 1470 541 πρὸς
1507 472 1563 527 δὲ
1590 473 1683 526 τὸν
1723 472 2127 542 ’Ᾱγαθάγγελον

2244 488 2395 543 1uam
2426 485 2483 530 ut
2525 477 2686 531 minis
2715 493 2835 532 eam
2870 477 3219 548 signilitaret.
3266 481 3344 534 Ad
3385 484 3811 556 Agathangfilnm

541 562 774 630 ἀπιδὼν,
808 559 882 616 Σὺ
929 561 986 615 δὲ
1023 561 1110 625 τίς
1161 556 1246 631 si;
1281 561 1408 633 ἔφη,
1440 564 1562 619 οὐδὲ
1601 563 1712 637 γὰρ
1735 564 1986 635 ἔγκεισαι
2014 567 2130 628 τοῖς

542 653 930 725 Διοκλητιανοῦ
965 652 1280 725 γράμμασι.
1321 654 1590 719 Κάκεῖνος
1621 657 1720 728 τήν
1751 657 1944 729 ὅρασιν
1973 675 2131 729 μερι-

545 744 717 809 σθεὶς,
772 742 868 797 καὶ
896 743 1033 814 πρὸς
1063 742 1156 798 τὸν
1193 743 1424 816 οὐρανὸν
1446 744 1587 817 ἄρας
1617 747 1754 819 ὁμοῦ
1776 749 1903 812 τοὺς
1931 749 2132 816 ὀφθαλ-

544 834 683 906 μοὺς
710 832 807 889 καὶ
832 832 925 888 τὸν
954 833 1253 906 Κλήμεντα
1278 834 1646 908 (ἑκατέρωθεν
1682 838 1789 909 γὰρ
1809 839 1963 912 ἥξειν
1983 840 2133 913 αὐτῷ

541 925 641 996 τὴν
695 923 951 995 βοήθειαν
1003 924 1375 996 προσεδόκα),
1425 928 1597 997 Κάγὼ
1630 929 1958 1000 Χριστιανός
1991 934 2129 1004 εἰμι,

544 1018 672 1089 ἔφη,
715 1016 805 1072 διὰ
855 1017 953 1072 τοῦ
988 1016 1180 1073 δούλου
1232 1018 1326 1073 τού
1357 1019 1598 1091 Χριστοῦ
1655 1021 2001 1093 Κλήμεντος,
2031 1025 2134 1096 τῆς

548 1108 829 1178 μακαρίας
873 1105 1080 1178 ταύτης
1108 1105 1367 1175 ἀξιωθεὶς
1406 1108 1678 1179 κλήσεως.
1714 1112 1850 1165 Τότε
1899 1111 2130 1185 ’Δγριπ-

545 1201 699 1259 tivo;
725 1195 942 1252 κελεύει
977 1197 1275 1269 Κλήμεντα
1314 1197 1412 1269 μὲν
1448 1201 1886 1272 μετεωρισθέντα
1923 1205 2133 1258 σπαθί-

544 1285 759 1353 ζεσθαι,
809 1288 1220 1358 Ἀγαθὰγγελον
1277 1290 1334 1344 δὲ
1375 1290 1690 1362 βουνεύροις
1747 1293 1854 1347 ὑπὸ
1919 1295 2133 1365 δημίων

543 1376 809 1448 ὠμότατα
841 1378 1162 1434 τύπτεσθαι.
1213 1381 1367 1435 Ἐπεὶ
1393 1382 1450 1436 δὲ
1484 1383 1579 1437 καὶ
1624 1383 1722 1454 τὴν
1751 1385 2010 1457 τοιαύτην
2040 1387 2137 1458 βά-

548 1485 710 1523 σανον
758 1471 787 1523 ὁ
843 1470 1017 1540 μέγας
1050 1472 1287 1544 Κλήμης
1321 1472 1465 1528 οὕτω
1492 1492 1546 1529 τι
1571 1476 1838 1544 γενναίως
1868 1478 2131 1549 ὑπέμενε,

543 1559 803 1615 τοσούτου
828 1560 949 1615 δέον
981 1563 1039 1616 ὲν
1086 1562 1230 1632 λόγῳ
1262 1563 1373 1618 τινὶ
1422 1563 1519 1621 καὶ
1550 1567 1757 1638 μετρίῳ
1784 1567 1885 1633 τὰς
1920 1569 2136 1641 πληγὰς

544 1647 810 1716 τίθεσθαι,
840 1649 918 1713 ὡς
946 1651 1087 1723 ὑπὲρ
1111 1653 1306 1708 ἑαυτοῦ
1344 1671 1403 1708 τε
1430 1656 1524 1710 καὶ
1565 1656 1970 1728 Ἀγαθαγγέλου
1994 1660 2130 1714 ἁπε-

548 1739 868 1812 ρισπάστως
884 1741 1163 1814 εῦχεσθαι,
1187 1745 1216 1798 ὁ
1243 1744 1483 1817 ἔπαρχος
1518 1748 1690 1818 μικρὰ
1715 1749 1888 1805 ταῦτα
1909 1752 2136 1823 νομίσας

547 1831 643 1887 καὶ
673 1831 750 1904 μὴ
773 1833 1049 1905 δυνάμενα
1079 1814 1424 1893 καθικέσθαι-
1446 1814 1633 1911 ψυχῆς
1657 1842 1798 1897 οὕτω
1827 1814 2027 1912 πάγιον
2074 1814 2132 1899 ὲν
2168 1814 2207 1870 Β

541 1922 684 1995 αὐτῇ
737 1923 973 1997 θεμένης
1000 1925 1063 1980 τὸ
1090 1928 1515 1998 ἀμετάπειστον,
1548 1933 1751 2004 ἀνῆκεν
1781 1936 1980 2001 αὐτοὺς
2031 1936 2133 2006 τῆς

547 2013 821 2082 κολάσεως
849 2017 945 2073 καὶ
963 2020 1312 2092 ἀμφοτέρους
1336 2025 1402 2093 τῇ
1423 2024 1639 2097 φυλακῇ
1657 2025 1844 2081 δίδωσι
1865 2044 1878 2058 ·
1907 2029 2134 2100 θέατρον

544 2106 602 2160 δὲ
639 2108 723 2171 είς
748 2106 849 2180 τὴν
878 2108 1007 2181 ἑξῆς
1054 2111 1210 2184 αὐτῷ
1252 2114 1347 2167 καὶ
1377 2113 1545 2185 θηρία
1594 2117 1991 2189 ἑτοιμασθῆναι
2030 2138 2131 2175 κε-

546 2194 719 2261 λεύει,
747 2196 845 2251 καὶ
893 2197 957 2252 τὸ
1007 2198 1217 2271 πλῆθος
1249 2201 1442 2268 πολλὰ,
1476 2204 1574 2258 καὶ
1604 2205 1669 2258 τὸ
1689 2206 1844 2275 γένος
1874 2207 2130 2280 διάφορα,

546 2289 641 2343 καὶ
669 2289 927 2363 ὑπερφυᾶ
941 2289 1042 2364 τήν
1060 2291 1344 2365 ὠμότητα.

616 2559 770 2625 Μςν.
798 2558 982 2629 Ἅγιοι
1005 2559 1083 2631 τῷ
1114 2561 1475 2635 δεσμωτηρίῳ
1510 2563 1982 2635 καταλειφθέντες,
2014 2582 2138 2619 συν-

544 2649 819 2722 τονωτέρᾳ
849 2650 1053 2720 μᾶλλον
1084 2653 1473 2724 ὲπηγρύπνουν
1513 2658 1578 2726 τῇ
1620 2659 1936 2727 προσευχῇ·
1971 2655 2140 2726 ἄγγε-

547 2740 632 2794 λοι
653 2739 710 2794 δὲ
739 2742 926 2806 αὐτοῖς
951 2741 1159 2797 ἄνωθεν
1213 2744 1537 2810 ἐπιστάντες
1569 2748 1704 2818 πρὸς
1746 2747 1808 2801 τὸ
1839 2747 2137 2819 μαρτύριον

547 2830 791 2903 ήλειφον.
824 2832 980 2888 Ὅσοι
1010 2833 1142 2902 γοῦν
1164 2834 1262 2888 καὶ
1294 2834 1445 2890 ἄλλοι
1483 2838 1626 2892 κατά
1672 2855 1826 2902 τινας
1855 2838 1951 2893 καὶ
1980 2839 2138 2894 αὐτοὶ

549 2925 730 2990 αἰτίας
757 2923 933 2997 ᾤκουν
962 2929 1024 2981 τὸ
1049 2928 1451 3000 δεσμωτήριον,
1483 2930 1609 2984 τότε
1636 2930 1740 3001 τῆς
1779 2932 2019 3004 δεήσεως
2041 2932 2139 2987 αύ-

548 3017 661 3072 τῶν
692 3017 911 3083 ἐκτενὲς
934 3017 1157 3086 ἰδόντες,
1191 3015 1311 3074 εἶτα
1337 3022 1433 3075 κα)⁵
1480 3022 1577 3092 τῆς
1629 3023 1738 3077 τῶν
1770 3024 2021 3093 ἀγγέλων
2048 3027 2138 3081 αἱ·

2236 575 2416 621 autcm
2453 569 2729 638 aspiciens
2763 586 2774 620 :
2804 568 2883 622 'l'u
2918 584 3048 624 vero
3089 570 3212 640 quis
3248 571 3352 627 es?
3388 573 3580 642 inquit.
3629 573 3816 645 Neque

2233 657 2377 712 enim
2427 660 2724 715 contineris
2778 662 2830 713 in
2872 660 3067 717 litteris
3114 661 3453 719 Diocletiani.
3504 664 3597 720 l-lle
3636 676 3812 722 autem

2231 762 2353 803 cum
2398 748 2573 804 visum
2613 765 2768 805 suum
2802 751 3104 818 divisisset,
3137 764 3193 810 et
3223 753 3382 808 simul
3427 755 3480 809 in
3513 754 3709 810 malum
3756 767 3819 811 et

2233 838 2308 893 ad
2353 838 2688 895 Clementem
2737 841 3048 898 sustulisset
3115 843 3305 900 oculos
3344 842 3625 916 (utrinque
3669 846 3821 900 enim

2233 930 2301 983 ad
2333 943 2392 984 se
2416 939 2694 986 venturum
2736 932 2989 1000 sperabat
3019 934 3316 1006 auxilium)
3347 953 3362 992 :
3398 936 3509 1005 Ego
3552 951 3772 1006 quoque
3795 977 3813 1001 ,

2234 1017 2446 1086 inquit,
2498 1033 2616 1074 sum
2654 1020 3001 1075 Christianus
3022 1060 3039 1087 ,
3072 1036 3168 1092 per
3193 1037 3412 1078 servum
3441 1024 3647 1081 Christi
3688 1025 3813 1081 Cle-

2236 1112 2470 1161 mentem
2508 1106 2648 1163 banc
2698 1106 2911 1164 beatam
2952 1117 3143 1164 nactus
3181 1110 3626 1180 appellationem.
3663 1111 3816 1167 Tunc

2236 1197 2561 1267 Agrippiuus
2591 1198 2747 1268 jubet
2778 1197 3114 1255 Clementem
3149 1201 3365 1270 quidem
3391 1202 3451 1257 in
3482 1202 3650 1257 altum
3682 1204 3812 1258 sub-

2235 1289 2403 1345 latum
2483 1290 2616 1344 ξω(ιί
2692 1305 2757 1346 ac
2808 1291 3084 1359 mutilari;
3147 1292 3578 1366 Agathangelum
3635 1304 3814 1349 autem

2236 1380 2396 1435 boum
2449 1381 2632 1436 nervis
2684 1397 2714 1437 a
2755 1382 3034 1438 lictoribus
3086 1383 3467 1442 crudelissime
3519 1385 3817 1441 verberari.

2238 1471 2506 1539 Quoniam
2544 1487 2672 1527 vero
2713 1489 2941 1544 magnus
2968 1475 3222 1531 Clemens
3266 1461 3533 1546 ejusmodi
3574 1487 3817 1532 tormen-

2239 1571 2351 1616 tum
2376 1570 2485 1617 tam
2521 1577 2714 1634 magno
2739 1573 2794 1618 et
2821 1564 3040 1621 excelso
3061 1568 3244 1619 animo
3275 1564 3507 1631 ferebat,
3531 1576 3580 1622 et
3611 1575 3816 1621 tantum

2239 1653 2464 1720 aberat,
2518 1664 2580 1709 ut
2618 1655 2897 1726 plagarum
2950 1656 3034 1710 vel
3069 1656 3337 1711 modicam
3387 1656 3551 1711 ullam
3598 1659 3819 1712 duceret

2238 1745 2547 1809 rationem,
2580 1754 2641 1800 ut
2689 1760 2786 1816 pro
2836 1758 2897 1801 se
2933 1753 2989 1802 et
3030 1760 3128 1815 pro
3176 1746 3546 1818 Agathangelo
3601 1748 3819 1803 assidue

2235 1845 2453 1904 oraret;
2491 1836 2778 1907 praefectus
2802 1838 2917 1892 haec
2942 1852 3107 1906 parva
3132 1853 3251 1894 esse
3271 1839 3592 1903 arbitratus,
3616 1848 3671 1894 et
3696 1854 3818 1910 quae

2236 1926 2478 1982 animum
2511 1941 2618 1982 nou
2652 1927 2999 1997 attingerent,
3036 1927 3090 1981 in
3116 1943 3226 1997 quo
3269 1929 3371 1985 hoc
3401 1928 3538 1985 adeo
3569 1929 3734 1984 ﬁxum
3767 1939 3820 1983 et

2239 2018 2454 2073 ﬁrmum
2501 2018 2810 2085 insederat,
2845 2035 2912 2074 ne
2953 2020 3019 2073 ad
3057 2020 3388 2076 contrariam
3440 2020 3822 2078 traduceretur

2235 2111 2598 2178 sententiam;
2632 2118 2927 2182 utrumque
2964 2111 3186 2180 quidem
3221 2112 3488 2167 relaxavit
3514 2126 3544 2167 a
3581 2113 3818 2184 castiga-

2238 2201 2405 2268 tione,
2441 2210 2495 2256 et
2527 2201 2749 2257 tradidit
2780 2202 2832 2256 in
2861 2204 3162 2257 custodiam
3194 2219 3210 2257 :
3240 2203 3486 2272 sequenti
3517 2211 3697 2258 autem
3734 2203 3820 2257 die

2233 2290 2385 2361 jubet
2410 2292 2684 2347 theatrum
2714 2292 2896 2363 parari
2925 2300 2981 2348 et
3005 2293 3233 2360 bestias,
3259 2303 3313 2349 et
3344 2308 3572 2349 numero
3593 2292 3819 2357 multas,

2234 2396 2290 2441 et
2316 2400 2515 2456 genere
2541 2385 2809 2451 diversas,
2831 2396 2888 2440 et
2919 2385 3236 2442 crudelitate
3257 2385 3519 2457 insignes.

2310 2565 2493 2621 XLVI.
2540 2566 2718 2635 Atque
2758 2565 2937 2637 sancti
2985 2567 3203 2637 quidem
3256 2563 3431 2621 relicti
3472 2566 3524 2619 in
3566 2579 3821 2632 carcere,

2240 2656 2616 2712 vehementius
2645 2666 2701 2712 et
2739 2655 3004 2712 intensius
3031 2656 3351 2725 vigilantes,
3389 2655 3655 2711 vacabant
3692 2670 3820 2711 ora-

2242 2747 2376 2802 tioni
2406 2764 2420 2801 :
2456 2745 2631 2816 angeli
2660 2755 2838 2800 autem
2866 2746 2933 2800 ad
2951 2760 3045 2800 eos
3071 2744 3303 2813 desuper
3325 2745 3658 2810 advolantes,
3687 2761 3827 2815 prte-

2240 2836 2502 2906 parabant
2545 2845 2600 2890 et
2649 2836 3043 2891 conﬁrmabant
3095 2836 3163 2891 ad
3205 2836 3548 2907 martyrium.
3578 2837 3821 2903 Quicun-

2241 2942 2347 2996 que
2374 2942 2503 2982 vero
2533 2927 2624 2982 alii
2652 2935 2872 2997 propter
2900 2927 3035 2981 alias
3062 2926 3230 2981 etiam
3263 2941 3458 2982 causas
3501 2926 3824 2983 habitabant

2242 3018 2297 3074 in
2339 3033 2579 3083 carcere,
2611 3034 2735 3087 cum
2771 3032 2959 3074 eorum
2994 3019 3262 3074 intensam
3298 3019 3561 3074 vidissent
3606 3020 3817 3074 oratio-

552 3108 805 3182 σθόμενοι
836 3113 1164 3185 παρουσίας,
1193 3116 1286 3170 καὶ
1316 3115 1414 3187 τὴν
1446 3116 1768 3189 θαυμαστὴν
1795 3119 2014 3191 ἐκείνην
2044 3121 2137 3174 ἐκο

2256 3124 2401 3177 nem,
2433 3119 2487 3166 et
2511 3109 2707 3166 deinde
2736 3111 2899 3165 etiam
2936 3110 3236 3165 sensissent
3271 3111 3560 3165 adventum
3595 3110 3821 3181 angelo-

554 3203 857 3273 πλαγέντες
876 3207 1246 3280 παράκλησιν,
1277 3209 1457 3283 θέρμῃ
1502 3211 1611 3264 τινὶ
1648 3211 1768 3283 θείᾳ
1816 3212 1915 3283 τὴν
1962 3213 2140 3284 ψυχήν

2249 3218 2386 3266 rum.
2419 3211 2474 3259 et
2507 3202 2597 3258 illa
2627 3202 2932 3258 admirabili
2977 3201 3331 3273 obstupefacti
3361 3211 3545 3259 essent
3577 3202 3827 3258 consola-

551 3298 887 3369 κινηθέντες,
915 3301 1323 3373 προσπίπτουσί
1344 3320 1405 3356 τε
1435 3306 1549 3368 τοῖς
1575 3304 1774 3374 ἁγίοις,
1806 3308 1898 3360 καὶ
1919 3310 1985 3361 τὰ
2012 3310 2142 3375 περὶ

2247 3296 2414 3360 tione,
2444 3293 2627 3349 divino
2646 3295 2881 3364 quodam
2909 3294 3106 3349 ardore
3128 3309 3315 3351 eorum
3337 3294 3579 3350 incitatis
3608 3295 3826 3361 animis,

549 3389 645 3443 τοῦ
675 3391 912 3462 Χριστοῦ
940 3393 1037 3447 καὶ
1062 3393 1250 3459 αὐτοῖς
1295 3395 1378 3461 είς
1426 3395 1631 3464 γνῶσιν
1684 3397 1860 3452 ἐλθεῖν
1902 3397 2140 3464 ἀξιοῦσι,

551 3476 649 3532 καὶ
672 3478 770 3548 τῆς
798 3479 1010 3535 ἐκείνου
1040 3481 1296 3550 γενέσθαι
1321 3482 1614 3553 ὁμολογίας
1655 3484 1909 3550 ἀναξίους
1950 3486 2024 3558 μὴ
2055 3487 2142 3540 λος

550 3568 831 3641 γισθῆναι.
873 3572 937 3626 Οἱ
971 3572 1079 3644 μὲν
1100 3572 1195 3629 οὖν
1251 3573 1381 3649 ἄχρι
1415 3576 1599 3646 μέσων
1634 3577 1845 3631 νυκτῶν
1878 3580 1992 3641 τοῖς
2044 3580 2141 3630 ἁν-

551 3660 711 3732 δράσι
756 3662 1152 3735 διαλεγόμενοι,
1204 3667 1625 3737 παραινοῦντες,
1685 3668 2033 3732 διδάσκοντες
2081 3668 2142 3721 ού

556 3752 821 3826 πρότερον
842 3755 1160 3828 ἀπέστησαν
1204 3757 1309 3822 ἕως
1336 3759 1533 3822 αὐτοὺς
1565 3761 1646 3823 είς
1683 3758 1781 3831 τὴν
1807 3759 1981 3831 ἀληθῆ
2007 3776 2143 3813 κατ-

554 3848 786 3918 ήρτισαν
819 3847 1025 3916 πίστιν,
1083 3852 1179 3905 καὶ
1210 3852 1286 3921 τῷ
1322 3853 1453 3923 θείῳ
1509 3851 1856 3923 βαπτίσματι
1883 3852 2146 3922 ἐσφραγί-

557 3956 738 3995 σαντο.
780 3941 1014 3995 Ἔπειτα
1059 3941 1195 4006 ὅλως
1241 3945 1269 3996 ὁ
1303 3944 1477 4013 μέγας
1527 3943 1764 4013 Κλήμης
1794 3946 1891 4005 τὰς
1932 3943 2022 3996 τοῦ
2061 3943 2145 3996 δε-

557 4033 874 4104 σμωτηρίου
902 4033 1079 4098 πύλας
1106 4036 1291 4098 αὐτοῖς
1312 4035 1447 4106 εὐχῇ
1478 4034 1616 4108 μόνῃ
1643 4035 1980 4099 διαπετάσας
2004 4035 2149 4088 ὲκεί-

557 4142 683 4189 νους
727 4125 825 4197 μὲν
891 4126 1099 4198 χαίρων
1147 4128 1327 4200 ἀφῆκε
1394 4130 1706 4200 χαίροντας,
1753 4112 1912 4192 αὐτὸς
1956 4128 2014 4182 δὲ
2049 4129 2147 4181 σὺν

555 4216 632 4288 τῷ
683 4216 1088 4290 Ἀγαθαγγέλῳ,
1152 4219 1302 4289 μόνοι
1361 4221 1514 4291 παρὰ
1567 4223 1633 4292 τῇ
1694 4201 1909 4291 φυλακῇ
1963 4219 2151 4273 ὑπελί-

559 4327 721 4366 ποντο
729 4353 739 4367 ι

2246 3388 2532 3458 procidunt
2577 3389 2643 3443 ad
2691 3386 2857 3458 pedes
2893 3397 3233 3453 sanctorum,
3279 3397 3333 3442 et
3386 3397 3580 3460 rogant
3627 3397 3688 3442 ut
3727 3388 3827 3459 ipsi

2245 3496 2461 3552 quoque
2483 3483 2703 3538 veniant
2734 3482 2799 3537 ad
2826 3481 3032 3538 Christi
3068 3483 3453 3553 cognitionem,
3489 3490 3545 3537 et
3571 3497 3639 3539 ue
3667 3497 3829 3552 repu-

2251 3577 2432 3626 teutur
2472 3570 2697 3641 indigni,
2747 3572 2837 3641 qui
2883 3571 3032 3627 illum
3068 3572 3456 3630 conﬁteantur.
3514 3572 3597 3629 Illi
3650 3581 3828 3629 autem

2249 3673 2370 3713 cum
2414 3658 2495 3713 eis
2522 3659 2588 3713 ad
2626 3659 2858 3714 mediam
2888 3675 3059 3730 usque
3089 3671 3300 3716 noctem
3329 3661 3678 3729 disserentes,
3707 3676 3832 3717 sua-

2249 3752 2459 3817 dentes,
2506 3752 2880 3818 admonentes,
2931 3751 3211 3815 docentes,
3260 3766 3367 3805 non
3404 3753 3557 3823 prius
3603 3755 3826 3808 destite-

2250 3853 2397 3907 runt,
2427 3856 2588 3912 quam
2637 3856 2731 3897 eos
2763 3843 2816 3896 in
2849 3856 2976 3898 vera
3022 3842 3126 3898 ﬁde
3163 3843 3518 3910 instituerint,
3554 3852 3609 3899 et
3649 3844 3833 3898 divino

2250 3935 2519 4005 baptismo
2562 3934 2990 4006 obsignaverint.
3041 3934 3244 3990 Deinde
3267 3950 3390 3990 eum
3443 3950 3673 4006 magnus
3714 3936 3834 3992 Cle-

2252 4043 2404 4083 mens
2431 4028 2541 4082 sola
2570 4027 2817 4083 oratione
2843 4028 2923 4083 eis
2958 4028 3194 4083 carceris
3225 4036 3392 4083 totam
3434 4027 3835 4097 aperuissetja-

2251 4134 2436 4184 nuam,
2470 4120 2589 4175 illos
2617 4122 2835 4191 quidem
2866 4121 3019 4176 latius
3051 4122 3202 4177 Izetos
3232 4121 3436 4177 dimisit
3466 4140 3479 4177 :
3509 4121 3622 4192 ipse
3649 4128 3830 4179 autem

2252 4209 2397 4265 solus
2419 4225 2541 4265 cum
2577 4211 2949 4283 Agathangelo
2973 4212 3171 4268 mansit
3200 4211 3254 4267 in
3283 4213 3548 4269 custodia.

630 4492 760 4545 MZ'.
775 4490 948 4545 Τοῦτο
978 4489 1213 4561 ἰσχυρῶς
1240 4490 1491 4562 ὲκμαίνει
1522 4491 1613 4545 τὸν
1650 4491 2142 4563 Ἀγριππῖνον,καὶ

2324 4483 2530 4540 XLVII.
2584 4481 2699 4540 lloc
2746 4483 3101 4555 Agrippinum
3159 4480 3313 4536 valde
3358 4495 3553 4551 magno
3585 4480 3694 4538 ciet
3753 4481 3838 4536 fu-

561 4581 901 4654 παραγαγὼν
931 4582 1132 4647 αὐτοὺς
1160 4583 1243 4646 είς
1275 4582 1336 4637 τὸ
1373 4583 1624 4655 θέατρον,
1656 4583 1749 4637 καί
1782 4600 1835 4636 τι
1880 4582 2148 4655 πρότερον

559 4676 723 4741 αὐτὸς
769 4675 914 4730 κατὰ
957 4674 1068 4732 τῶν
1114 4674 1291 4744 ἁγίων
1344 4673 1549 4746 βρύξας
1604 4674 1866 4737 λεόντιον,
1903 4669 2024 4728 εἶτα
2054 4676 2147 4729 καὶ

559 4766 780 4830 λέοντας
836 4766 1024 4829 αὐτοῖς
1078 4765 1177 4817 καὶ
1249 4763 1477 4826 πολλοὺς
1534 4763 1643 4816 τῶν
1690 4762 1871 4834 θηρῶν
1922 4762 2146 4834 ἑτέρους

562 4857 830 4929 ἀφεθῆναι
860 4855 1093 4912 κελεύει.
1144 4856 1207 4910 Οἱ
1257 4855 1301 4908 δ’
1340 4854 1625 4919 ἀνεθέντες
1670 4856 1796 4919 τοὺς
1825 4855 1926 4926 μὲν
1960 4856 2148 4925 ἁγίους

561 4949 713 5003 οὐδὲν
774 4949 836 5003 τδ
892 4949 1157 5020 παράπαν
1202 4947 1389 5012 κακῶς
1424 4946 1671 5013 ἐποίουν,
1724 4947 1860 5002 ἀλλὰ
1900 4950 1993 5001 καὶ
2049 4948 2147 5018 ἡδὺ

565 5041 765 5112 μᾶλλον
787 5040 884 5094 καὶ
909 5040 1117 5111 ἥμερον
1141 5042 1222 5104 είς
1250 5040 1448 5103 αὐτοὺς
1471 5038 1681 5109 ἑώρων,
1708 5040 1803 5092 καὶ
1830 5037 1925 5091 νῦν
1954 5040 2054 5110 μὲν
2082 5041 2150 5095 τὰ

565 5133 685 5205 ἴχνη
705 5132 912 5187 τούτων
946 5131 1147 5202 ἱλαρῶς
1194 5132 1556 5203 περιέλειχον,
1582 5131 1675 5185 νῦν
1702 5131 1759 5185 δὲ
1793 5131 1888 5185 καὶ
1910 5132 2150 5204 προσήλ-

563 5225 715 5279 λοντο
745 5224 1052 5296 προσηνῶς,
1099 5224 1197 5278 ούκ
1237 5224 1468 5295 ἀνόμοια
1494 5226 1603 5287 τοῖς
1631 5224 1757 5277 κυσὶ
1783 5223 2086 5289 ποιοῦντες,
2115 5225 2150 5280 δι

564 5318 700 5391 πρὸς
730 5318 857 5380 τοὺς
888 5317 1158 5380 δεσπότας
1187 5317 1314 5380 τοὺς
1346 5316 1558 5369 ἑαυτῶν
1591 5318 1790 5369 ἐκεῖνοι
1823 5314 1991 5386 δρῶσι
2022 5314 2150 5368 πολ-

563 5409 722 5474 λάκις
746 5410 885 5481 μετὰ
928 5408 1121 5480 χρόνον
1166 5406 1521 5471 ἐπανιόνταςο
1555 5408 1681 5471 τοὺς
1712 5406 1811 5477 μὲν
1842 5402 1935 5460 οὖν
1963 5407 2150 5475 ἁγίους

564 5501 717 5557 οὐδὲν
750 5503 801 5555 0!
852 5501 1019 5572 θῆρες
1050 5501 1371 5572 εἰργάζοντο
1423 5498 1681 5570 πονηρὸν,
1726 5498 2071 5569 Ἀγριππίνῳ
2096 5497 2151 5550 δὲ

566 5593 665 5663 τὴν
701 5592 927 5663 καρδίαν
980 5592 1216 5664 ἰσχυρῶς
1287 5589 1574 5662 ἕπληττον,
1624 5590 1985 5660 ἀπορουμένῳ
2039 5592 2153 5652 τοῖς

568 5686 743 5747 ὅλοις,
777 5687 873 5737 xii.
924 5684 1085 5739 τοῦτο
1129 5686 1192 5756 δὴ
1232 5685 1292 5738 ea
1340 5684 1600 5756 ᾀδόμενον
1630 5683 1915 5753 ἀνηνύτοις
1943 5685 2154 5753 ἐπιχειο

574 5773 777 5847 ροῦντι,
806 5777 907 5831 κᾶν
929 5777 990 5832 τὺ
1026 5778 1125 5848 τῆς
1154 5778 1361 5847 πλάνης
1404 5777 1592 5841 σκότος
1628 5774 1774 5829 οὕτω
1803 5774 2009 5844 βαθέως
2058 5776 2152 5827 αύ-

2253 4593 2396 4645 rore,
2431 4589 2485 4633 et
2525 4591 2649 4633 cum
2689 4591 2782 4633 eos
2826 4575 3140 4633 deduxisset
3176 4574 3228 4627 in
3264 4572 3559 4635 theatrum,
3614 4582 3669 4627 et
3723 4574 3836 4643 ipse

2248 4670 2401 4740 prius
2432 4683 2582 4724 more
2611 4667 2782 4723 leonis
2813 4667 2864 4721 in
2894 4673 3114 4720 sanctos
3137 4663 3420 4735 rugiisset,
3449 4663 3641 4719 deinde
3666 4664 3718 4717 in
3740 4678 3836 4719 eos

2248 4775 2466 4831 quoque
2530 4760 2713 4815 leones
2758 4769 2814 4813 et
2866 4755 3064 4811 multas
3110 4755 3246 4810 alias
3298 4755 3503 4811 bestias
3542 4753 3695 4822 jubet
3735 4755 3832 4808 im-

2248 4853 2409 4908 mitti.
2443 4851 2520 4906 lili
2572 4861 2757 4906 autem
2814 4849 3064 4915 immissi,
3115 4848 3252 4904 nihil
3294 4848 3515 4918 quidem
3548 4846 3671 4901 mali
3704 4860 3834 4900 san-

2256 4946 2360 5002 ctis
2383 4945 2606 5000 omnino
2631 4943 2937 5009 faciebant;
2970 4941 3064 4997 sed
3084 4940 3297 4996 blandis
3319 4939 3500 5011 potius
3522 4948 3576 4994 et
3590 4938 3837 5009 benignis

2254 5052 2349 5093 eos
2383 5036 2734 5091 intuebantur
2774 5034 2968 5099 oculis,
3000 5043 3054 5089 et
3083 5047 3230 5088 nunc
3278 5031 3496 5101 quidem
3528 5036 3713 5084 eorum
3740 5046 3825 5099 pe-

2256 5132 2349 5184 des
2397 5127 2643 5183 hilaritcr
2684 5127 2987 5197 lingebant;
3039 5139 3186 5180 nunc
3218 5134 3401 5179 autem
3440 5122 3492 5177 in
3538 5137 3635 5178 eos
3674 5122 3836 5175 etiam
3876 5114 3884 5139 ’

2258 5220 2466 5290 placide
2508 5217 2853 5282 insiliebaut,
2889 5232 2994 5270 non
3047 5214 3387 5271 dissimiliter
3435 5213 3697 5268 facientes
3750 5212 3836 5275 iis,

2256 5327 2376 5382 quae
2406 5326 2569 5364 canes
2599 5323 2742 5378 saepe
2785 5307 2990 5363 faciunt
3017 5307 3133 5362 suis
3159 5303 3418 5369 dominis,
3449 5303 3541 5373 qui
3574 5312 3694 5372 post
3720 5300 3839 5356 lon-

2261 5419 2385 5475 gum
2425 5412 2633 5472 tempus
2667 5400 2912 5455 redeunt.
2949 5398 3129 5467 Atque
3166 5395 3373 5451 sanctis
3400 5394 3619 5464 quidem
3650 5392 3842 5448 bestiae

2263 5495 2393 5550 nihil
2426 5495 2549 5548 mali
2582 5493 2851 5548 faciebant
2886 5508 2902 5545 :
2935 5487 3216 5560 Agrippini
3258 5501 3385 5543 vero
3413 5487 3654 5540 animum
3686 5483 3843 5539 valde

2268 5588 2651 5659 percellebant,
2690 5586 2780 5656 qui
2811 5591 2930 5640 erat
2961 5585 3027 5639 de
3055 5592 3166 5637 tota
3198 5597 3259 5634 re
3291 5579 3599 5634 mirandum
3628 5577 3680 5632 in
3728 5590 3842 5630 mo-

2261 5680 2384 5733 dum
2416 5677 2769 5747 perplexuset
2792 5674 2957 5727 animi
2986 5671 3200 5735 dubius,
3233 5677 3388 5735 cl,ut
3411 5669 3631 5729 dicitur,
3668 5679 3731 5719 ea
3752 5680 3843 5735 ag-

2262 5771 2601 5842 grederetur,
2639 5785 2758 5840 qum
2798 5783 2906 5824 non
2943 5772 3162 5834 possent
3197 5762 3333 5818 edici
3367 5778 3381 5816 :
3419 5773 3728 5849 quanquam
3760 5771 3847 5813 er-
