4116 6402
220 370 325 433 357

1248 366 1422 433 l'l'I‘A
1464 373 1524 434 Ξ.
1565 360 1999 432 CLEMENTIS
2036 356 2450 431 ANCYRANL

3376 363 3483 429 858

224 484 317 537 καὶ
345 482 598 554 δαίμοσιν
622 470 716 538 ἐπὶ
744 483 948 565 τδβρος
976 489 1239 558 κηρύξας,
1267 490 1353 557 ἐφ’
1383 489 1588 559 ὑψηλοῦ
1618 490 1803 543 κάκεῖσ

1914 491 2028 557 ipse
2075 506 2289 558 qunque
2337 491 2390 543 in
2433 505 2500 546 eo
2546 490 2801 558 prtesidel
2852 487 2905 543 in
2938 486 3050 540 alto
3099 484 3355 541 tribunali
3396 493 3495 538 :rt

219 590 311 638 νος
363 575 423 628 ἐν
484 575 634 647 αὐτῷ
690 579 1018 647 προκαθίξει
1072 580 1169 633 τοῦ
1222 580 1487 650 βήματος,
1539 582 1635 635 καὶ
1676 583 1805 645 τοὺς

221 667 409 735 ἁγίους
433 669 514 731 τίς
542 668 705 739 μέσον
735 668 1099 739 παραγαγὼν,
1141 669 1207 725 Τί
1237 671 1300 742 δή
1339 690 1489 738 ποτε,
1525 672 1653 740 ἔφη,
1684 676 1806 738 ταῖς

221 757 518 827 ὑμετέραις
571 759 936 825 μαγγανείαις
987 760 1307 833 διεστήσατε
1357 762 1457 831 μὲν
1512 762 1573 817 τὸ
1602 763 1807 835 πλῆθος

217 848 316 903 ἀπ’
368 848 638 919 ἀλλήλων,
697 853 888 919 χεῖρας
926 851 984 905 δὲ
1011 840 1135 905 καθἶ
1173 854 1332 924 ήμῶν
1354 851 1487 925 ἆραι
1527 858 1622 909 καὶ
1669 857 1808 927 πρὸς

216 941 446 1013 ἄρνησιν
464 941 716 1011 χωρῆσαι
742 938 839 994 καὶ
873 941 1229 1013 βλασφημίαν
1268 945 1379 998 τῶν
1415 946 1555 1000 θεῶν
1584 949 1806 1003 ἀνεπεί-

219 1048 387 1097 σατες
445 1032 573 1085 Καΐ
604 1031 655 1084 ol
715 1034 1027 1104 μάρτυρεςο
1073 1024 1239 1105 Ἡμῖν
1306 1039 1430 1108 μὲν,
1492 1026 1802 1111 ὧὲπαρχε,

216 1118 390 1188 εἷπον,
426 1122 579 1176 οὐδὲν
612 1115 694 1186 είς
725 1124 1042 1198 ἀνατροπὴν
1066 1114 1161 1181 τοῦ
1191 1127 1366 1199 δήμου
1394 1129 1489 1184 καὶ
1520 1130 1805 1186 διάστασιν

217 1213 561 1284 πέπρακται,
606 1206 743 1268 ἀλλὰ
776 1214 869 1269 καὶ
922 1217 1081 1287 ἡμῶν
1116 1218 1471 1288 σιωπώντων,
1520 1224 1549 1276 ὁ
1595 1222 1807 1293 ἀληθὴς

214 1305 405 1369 αὐτοῖς
438 1305 548 1359 ἀπό
569 1323 630 1374 γε
660 1305 763 1386 τῆς
796 1307 1055 1378 ἀληθείας
1087 1310 1338 1383 ἐγνώσθη
1371 1301 1679 1386 Δεσπότης,
1711 1313 1808 1369 καὶ

213 1396 406 1448 τοῦτον
454 1394 559 1449 ὑπὸ
595 1382 833 1468 μεγάλῃ,
883 1396 959 1461 ὡς
1006 1400 1103 1454 καὶ
1139 1401 1302 1466 αὐτὸς
1330 1382 1516 1468 οἶσθα,
1547 1382 1616 1476 cii
1652 1407 1803 1476 φωνῇ

212 1480 395 1552 ζῶντα
430 1484 589 1556 μόνον
637 1480 771 1540 Θεὸν
802 1480 1171 1562 ἄνεκῆρυξαν.
1206 1493 1279 1547 Σὺ
1298 1494 1354 1547 δὲ
1386 1494 1442 1547 εί
1464 1513 1589 1549 τινα
1623 1495 1804 1567 βούλει

212 1577 312 1632 καὶ
343 1580 501 1632 πάλιν
528 1580 659 1648 ἡμῖν
713 1570 785 1632 δι’
812 1580 974 1635 αὑτὸν
1027 1584 1300 1654 τιμωρίαν
1342 1589 1666 1655 ἐπαγαγεῖν,
1729 1589 1804 1659 μὴ

214 1667 429 1738 μέλλων
472 1669 720 1751 ἐπάγαγε
750 1689 766 1705 ο
817 1670 1046 1735 δυνατὸς
1099 1673 1209 1744 γὰρ
1263 1669 1421 1739 οὗτος
1490 1677 1583 1729 καὶ
1632 1677 1806 1748 αὐτῆς

207 1761 363 1830 ἡμᾶς
426 1760 771 1829 ἀπαλλάξαι,
829 1764 926 1818 καὶ
1006 1765 1116 1820 τῶν
1182 1766 1469 1836 ὑμετέρων
1531 1768 1805 1833 ἐξελέσθαι

208 1851 433 1923 χειρῶν.

284 1940 416 1996 ΝΑ’.
447 1943 605 1998 Οὕτω
624 1944 720 2016 τῆς
745 1945 853 1999 τῶν
876 1936 1052 2019 μαρτῦ
1066 1964 1175 2019 ρων
1205 1935 1301 2003 καλ
1328 1948 1508 2020 ψυχῆς
1538 1952 1633 2007 καὶ
1654 1940 1799 2021 γνῶ-

213 2052 321 2104 μῃς
342 2036 583 2105 αἰσχρῶς
603 2037 631 2089 ὁ
675 2037 1032 2109 Ἀγριππίνος
1063 2038 1373 2110 ἡττώμενος
1395 2043 1503 2095 τῶν
1530 2044 1800 2113 σωμάτων

209 2129 483 2199 κρατῆσαι
510 2128 640 2198 γοῦν
664 2129 924 2184 ἔσπευδε·
959 2133 1053 2185 και)⁴
1092 2133 1229 2205 πρὸς
1258 2135 1325 2204 τῇ
1358 2134 1471 2188 ἄνω
1502 2137 1679 2207 πέτρα
1700 2141 1800 2209 τῆς

207 2219 305 2274 τοῦ
349 2220 511 2290 ὅρους
543 2224 786 2294 κορυφῆς
837 2223 1036 2288 αὐτοὺς
1093 2223 1406 2289 ἀποτείνας,
1467 2226 1563 2280 καὶ
1623 2228 1803 2295 ξύλοις

212 2315 552 2386 παχυτάτοις
580 2315 648 2370 τά
679 2332 738 2368 τε
775 2316 911 2370 ὀστᾶ
946 2317 1272 2382 συνθλάσας,
1308 2318 1403 2373 καὶ
1428 2320 1528 2383 τὰς
1567 2321 1799 2391 σάρκας,

210 2405 359 2477 οἶμοι
386 2406 400 2461 l
431 2406 779 2478 κατατεμὼν,
828 2409 924 2462 καὶ
958 2406 1078 2463 εἶτα
1107 2411 1187 2474 εἰς
1231 2411 1470 2475 σάκκους
1498 2429 1557 2465 τε
1591 2413 1801 2480 ἐμϐαλ-

210 2497 314 2564 λει,
349 2499 445 2552 καὶ
493 2499 677 2563 λίθους
714 2501 895 2555 αὐτῶν
948 2501 1181 2574 ἐκδήσας
1243 2502 1557 2573 μεγίστους,
1606 2505 1800 2576 ἀφίησι

213 2588 553 2661 σφοδρότατα
579 2593 723 2675 κατὰ
742 2595 840 2665 τῆς
868 2595 1167 2665 ὑπωρείας.
1199 2596 1319 2649 Τῶν
1346 2596 1448 2668 μὲν
1475 2591 1568 2651 οὖν
1592 2598 1800 2667 παρόν-

210 2700 322 2737 των
360 2683 535 2747 οῦδεὶς
560 2680 630 2756 ἦν
648 2684 707 2747 ὃς
725 2685 826 2738 οὐκ
850 2685 1151 2738 ἐπέπειστο
1172 2686 1376 2750 εὐθέως
1402 2688 1798 2741 ἀποθανεῖσθαι

210 2774 340 2836 τους
375 2775 655 2846 μάρτυρας
684 2776 788 2831 ὑπὸ
809 2776 908 2844 τῆς
941 2777 1207 2845 ὀξυτάτης
1236 2779 1408 2849 φορεῖς
1449 2780 1667 2850 ἐκείνης
1686 2780 1802 2833 δια-

211 2864 553 2929 σπασθέντας
579 2883 593 2897 ·
624 2868 820 2921 ἐκεῖνοι
850 2868 909 2921 δὲ
934 2869 1102 2933 ὀξέως
1134 2868 1280 2923 οὕτω
1322 2874 1642 2941 φερόμενοι,
1678 2872 1801 2925 οὐδὲ

210 2957 350 3027 πρὸς
376 2959 438 3012 τὸ
461 2960 561 3030 τῆς
590 2957 872 3030 ὑπωρείας
899 2958 1127 3030 ἔσχατον
1149 2961 1403 3033 ἔστησαν,
1427 2963 1563 3016 ἀλλὰ
1585 2964 1681 3018 καὶ
1704 2964 1802 3017 αὗ-

206 3050 304 3108 τοῦ
325 3050 700 3116 διεκπεσόντες
727 3051 819 3105 τοῦ
847 3051 1096 3122 αἰγιαλοῦ
1116 3052 1197 3125 τῷ
1220 3052 1368 3124 βυθῷ
1395 3056 1495 3125 τῆς
1522 3054 1799 3127 θαλάσσης

207 3143 567 3199 κατώλισθον.

274 3235 408 3291 NB’.
443 3223 669 3308 ’Ἄνδρες
691 3224 785 3290 οῦν
813 3237 999 3291 αὐτόθι
1047 3238 1156 3292 τῶν
1208 3238 1454 3294 εὐλαὸῶν
1512 3241 1802 3313 ἐπὶ-ἄγρᾳ

203 3328 370 3414 δῆθεν
399 3331 509 3383 τῶν
542 3330 898 3401 μαρτυρικῶν
920 3331 1192 3401 λειψάνων
1220 3333 1454 3396 ἑστῶτες
1479 3332 1797 3405 ἐτύγχανον,

207 3419 278 3475 ἵν’
317 3421 375 3475 ετ
396 3439 450 3475 τι
505 3422 659 3492 παρὰ
723 3423 823 3493 τῆς
866 3422 1142 3494 θαλάσσης
1205 3425 1388 3480 αὐτῶν
1443 3425 1796 3497 ἐκϐρασθείη,

203 3514 367 3568 τοῦτο
400 3514 695 3570 ἀνέλοιντο.
742 3515 861 3586 Ἐφ’
902 3516 1088 3570 ἱκανὸν
1120 3516 1301 3570 τοίνυν
1361 3517 1480 3572 ἐκεῖ
1521 3518 1798 3588 παραμεί-

203 3624 398 3671 ναντες
444 3596 614 3678 ὁρῶσι
648 3606 740 3660 τοῦ
782 3607 944 3677 βυθοῦ
971 3609 1096 3672 τοὺς
1134 3609 1373 3673 σάκκους
1419 3609 1796 3675 ἀναδοθέντας,

205 3700 303 3753 καὶ
334 3700 434 3769 ὴρέ
445 3718 521 3770 μα
542 3703 654 3763 τοῖς
681 3699 869 3753 ὕδασιν
898 3698 1276 3764 ἐπιπλέοντας.
1307 3700 1462 3764 Νεὼς
1480 3698 1574 3755 οὖν
1600 3702 1798 3755 αὐτίκα

209 3793 360 3861 μάλα
386 3794 701 3858 ἐπιϐάντες,
730 3794 821 3846 καὶ
842 3792 1072 3863 πλησίον
1098 3794 1208 3846 τῶν
1241 3796 1460 3848 σάκκων
1490 3794 1795 3863 γενόμενοι,

206 3882 417 3951 ζῶντας
444 3887 563 3957 (ὅση
585 3888 702 3950 σοῦ,
731 3886 934 3957 Χριστὲ
970 3885 1224 3957 βασιλεῦ,
1252 3888 1283 3957 ἡ
1316 3885 1545 3955 δύναμις
1565 3889 1577 3939 !
1601 3887 1616 3951 )
1641 3886 1797 3940 ἀναι-

207 3979 430 4049 ροῦνται
477 3979 604 4041 τοὺς
656 3978 968 4049 μάρτυρας,
1012 3977 1148 4048 μηδέ
1208 3978 1402 4047 μικρὸν
1444 3978 1666 4031 ἐκείνων
1718 3977 1797 4032 ἔτι

202 4071 319 4125 τῶν
351 4071 577 4142 πληγῶν
634 4071 721 4140 ἐφ’
775 4070 985 4126 ἑαυτῶν
1041 4070 1187 4140 [χνος
1225 4070 1468 4139 ἔχοντας.
1526 4069 1799 4140 Μέσηςδέ
1846 4120 1851 4127 .

204 4165 407 4229 νυκτὸς
438 4166 530 4219 καὶ
559 4164 702 4235 μέγα
749 4164 876 4228 τοὺς
907 4163 1094 4232 ἁγίους
1129 4163 1243 4231 φῶς
1272 4163 1330 4229 ἐξ
1378 4163 1610 4233 οὐρανοῦ
1645 4181 1802 4233 περι-

204 4257 514 4330 ήστραψεν,
554 4256 776 4325 ἄγγελοί
803 4274 861 4309 τε
894 4255 1138 4326 φανερὰν
1164 4256 1349 4320 αὕτοῖς
1377 4254 1589 4325 ὣρεξαν
1614 4259 1794 4328 χεῖρα,

204 4353 303 4403 καὶ
342 4350 476 4421 πρὸς
502 4349 602 4418 τὴν
636 4348 832 4420 χέρσον
882 4347 1266 4417 ἐξαγαγόντες,
1303 4349 1509 4417 τροφῆς
1547 4364 1607 4399 τε
1668 4364 1799 4417 μετ·-

205 4444 421 4497 έδωκαν
471 4440 762 4511 οὖρανίας,
820 4440 914 4493 καὶ
963 4439 1455 4510 καταϐεὸλημὲνην
1487 4439 1669 4493 αὐτῶν
1698 4440 1798 4510 τὴν

205 4532 443 4601 δύναμιν
502 4533 610 4587 ὑπὸ
668 4534 767 4606 τῆς
825 4533 1111 4603 συνεχείας
1167 4533 1278 4585 τῶν
1337 4531 1521 4587 κακῶν
1566 4532 1799 4604 ἁνεκτή-
1834 4532 1875 4585 D

208 4642 400 4681 σαντο.

282 4713 411 4769 NI“.
446 4702 760 4780 Εἷθόῦτως
799 4716 893 4769 ἐπὶ
927 4714 1102 4786 μέσης
1148 4716 1197 4769 oi
1253 4702 1402 4782 ἅγιοι
1453 4714 1550 4784 τῆς
1594 4713 1805 4779 πόλεως

206 4807 575 4878 ¹παρελθόντες
597 4810 712 4870 τοῖς
742 4824 801 4860 τε
828 4807 1011 4871 ἄλλοις
1034 4807 1249 4870 πιστοῖς
1281 4807 1349 4858 τὰ
1399 4806 1666 4876 μεγαλεῖα
1707 4806 1804 4860 τοῦ

206 4898 346 4955 Θεοῦ
377 4899 685 4970 διηγοῦντο,
706 4899 799 4952 καὶ
822 4899 976 4952 αὐτοὶ
994 4898 1094 4962 τὰς
1119 4900 1312 4969 χεῖρας
1338 4899 1419 4961 είς
1450 4898 1539 4951 τὸν
1570 4897 1803 4969 οὐρανὸν

208 4993 606 5056 ἀνατείνοντες,
637 4991 946 5062 θερμοτέρα
979 4990 1116 5061 πρὸς
1156 4990 1317 5043 αὑτὸν
1341 4987 1569 5059 ἐχρηντο
1602 4990 1670 5059 τῇ
1711 4990 1801 5041 εὐ·-

208 5086 491 5157 χαριστίᾳ.
546 5084 832 5155 Πάρεργον
864 5083 923 5137 δέ
980 5082 1168 5145 αὐτοῖς
1222 5082 1324 5151 τῆς
1379 5083 1474 5135 ἐπὶ
1508 5082 1607 5149 τὴν
1645 5081 1800 5135 πόλιν

210 5181 450 5252 παρόδου
483 5176 579 5233 δύο
602 5178 795 5247 τυφλοὶ⁹
831 5177 986 5247 παρά
1010 5193 1118 5230 τινι
1153 5174 1389 5239 ἑστῶτες
1418 5177 1571 5246 στοᾷ,
1605 5175 1799 5247 ἕτερός

207 5290 269 5326 τε
292 5272 392 5343 τὴν
427 5272 585 5342 χεῖρα
610 5269 1068 5339 κατεσφιγμένος,
1095 5267 1189 5322 καὶ
1210 5265 1369 5330 ἄλλος
1407 5266 1572 5320 πάλιν
1598 5284 1798 5337 παρει-

214 5368 391 5433 μένως
422 5363 561 5433 ἔχων
623 5362 716 5415 τοῦ
768 5362 1043 5431 σώματος,
1078 5361 1188 5414 τῶν
1242 5360 1533 5430 μακαρίων
1569 5361 1798 5414 ἐκείνων

210 5456 412 5527 χειρῶν
434 5453 597 5525 ψιλὴν
629 5454 725 5524 τὴν
750 5455 894 5524 ἁφὴν
931 5454 1136 5509 ἄπονον
1191 5447 1318 5522 εὗρε
1379 5453 1677 5524 θεραπείαν
1706 5455 1800 5506 καὶ

212 5547 465 5617 ἄμισθον.
499 5544 692 5599 Πολλοί
724 5563 784 5599 τε
818 5545 968 5599 ἄλλοι
1000 5544 1403 5616 συρῤεύσαντες
1448 5543 1669 5607 πολλαῖς
1706 5544 1802 5596 καὶ

212 5639 496 5710 διαφόροις
523 5639 748 5709 κάτοχοι
775 5637 952 5701 νόσοις
985 5638 1084 5707 τὴν
1122 5637 1295 5708 αὐτὴν
1349 5636 1578 5698 ἐκείνοις
1615 5636 1800 5689 πίστιν

216 5729 620 5801 ιξτενεγκόντες
648 5730 744 5803 τῆς
766 5730 937 5800 αὐτῆς
970 5729 1077 5801 ἄρα
1105 5730 1196 5785 καὶ
1230 5729 1527 5799 θεραπείας
1563 5727 1802 5783 απέλαυδ

218 5841 334 5883 σαν.

1906 596 2029 637 cum
2062 589 2281 634 sant-tus
2307 582 2359 633 in
2393 582 2628 635 medium
2669 580 3009 650 produxisset
3054 596 3069 635 :
3110 579 3238 641 Cur,
3277 576 3449 644 inquit
3476 614 3489 637 ,

1907 672 2105 727 vestris
2128 673 2419 742 praestigiis
2445 682 2498 726 et
2531 671 2992 727 incantationibus
3024 670 3077 725 in
3109 668 3304 740 populo
3344 668 3490 723 sedi-

1908 764 2108 818 tionem
2144 764 2451 828 exeitastis,
2485 773 2539 815 ut
2572 777 2764 817 manus
2794 772 2975 816 autent
3010 762 3062 816 in
3092 776 3187 815 nos
3219 759 3489 822 tollerem,

1907 866 1961 909 et
1994 856 2063 909 ad
2105 856 2234 909 deos
2269 850 2542 922 negandos
2571 862 2627 906 et
2661 844 2963 907 maledictis
2992 852 3340 906 inseetandos
3367 863 3492 918 pro-

1905 946 2185 1010 cederent,
2217 942 2609 1014 persuasistis?
2636 942 2902 1012 Martyres
2928 956 3079 1001 vero.
3109 941 3155 995 A
3187 942 3342 996 nobis
3371 940 3491 1008 qui-

1904 1038 2052 1102 dem,
2104 1037 2379 1097 dixerunt.
2426 1050 2460 1091 ο
2511 1034 2785 1103 prml’ecte,
2824 1025 2959 1088 nihil
3004 1026 3206 1085 factum
3247 1039 3347 1089 est.
3383 1044 3490 1097 quo

1906 1139 2214 1185 moveretur
2240 1138 2294 1183 et
2338 1128 2405 1182 ad
2453 1126 2773 1181 seditionem
2809 1120 3180 1179 concitaretur
3210 1119 3437 1188 populus
3471 1138 3485 1174 :

1906 1222 1999 1276 sed
2032 1221 2115 1276 vel
2146 1220 2302 1275 nobis
2339 1214 2627 1274 silentibus
2662 1231 2823 1271 verus
2857 1216 2938 1272 eis
2981 1223 3045 1269 ex
3100 1206 3212 1283 ipsa
3263 1210 3493 1265 veritate

1906 1313 2154 1384 cngnitus
2181 1316 2264 1368 est
2293 1306 2574 1375 Dominus,
2601 1316 2654 1363 et
2686 1322 2809 1364 cum
2844 1321 3063 1375 magna,
3093 1315 3150 1359 ut
3182 1304 3295 1373 ipse
3324 1306 3491 1371 nosti,

1906 1420 2039 1459 voce
2068 1404 2249 1458 vivum
2298 1405 2473 1457 solum
2511 1402 2676 1456 Deum
2713 1397 3165 1467 praedicaverunt.
3202 1384 3280 1449 Tu
3308 1406 3488 1449 antem

1907 1498 1951 1552 si
1979 1496 2195 1563 aliquod
2228 1509 2417 1549 rursus
2449 1492 2607 1547 nobis
2636 1490 2771 1547 velis
2809 1499 3029 1559 propter
3067 1487 3243 1557 ipsum
3283 1486 3488 1541 inferre

1907 1589 2255 1659 supplicium,
2301 1586 2467 1650 infer,
2503 1601 2608 1640 non
2645 1582 2923 1647 diﬂ’erens;
2965 1590 3139 1650 potest
3168 1581 3311 1635 enim
3341 1580 3387 1634 is
3418 1579 3488 1634 ab

1908 1693 1972 1733 eo
2017 1694 2232 1748 quoque
2261 1693 2361 1733 nos
2391 1677 2658 1743 liberare,
2692 1687 2744 1728 et
2785 1691 2812 1726 ιι
2848 1670 3043 1727 vestris
3093 1672 3340 1727 manibus
3374 1672 3483 1728 erl-

1910 1784 2057 1841 pere.

1978 1944 2062 2013 LI.
2107 1954 2198 2013 Sic
2229 1972 2258 2010 a
2310 1965 2611 2028 martyrum
2645 1944 2828 2009 anima
2882 1963 2936 2008 et
2964 1953 3229 2009 sententia
3261 1951 3488 2020 turpiter

1908 2049 2079 2105 victus
2115 2047 2479 2120 Agrippinus,
2528 2062 2754 2116 corpora
2802 2046 2992 2101 saltem
3027 2045 3278 2101 studebat
3323 2058 3486 2110 snpe-

1905 2138 2029 2196 rare
2083 2158 2097 2195 :
2130 2156 2359 2210 cumque
2389 2156 2485 2196 eos
2532 2141 2859 2195 extendisset
2908 2140 2959 2192 in
3014 2149 3187 2207 petra,
3221 2153 3341 2206 qua:
3371 2144 3488 2188 erat

1905 2247 2067 2300 super
2100 2233 2359 2287 verticem
2404 2233 2625 2297 montis,
2678 2242 2732 2286 et
2776 2230 3133 2286 crassissimis
3167 2228 3327 2295 lignis
3364 2242 3486 2281 ossa

1904 2340 2089 2378 eorum
2123 2324 2477 2392 confregisset
2499 2363 2514 2388 ,
2557 2331 2614 2379 et
2653 2338 2865 2386 carnes,
2898 2321 3030 2390 prolt
3065 2320 3239 2379 dolor.
3271 2317 3485 2373 consei-

1904 2418 2092 2481 disset,
2126 2418 2321 2471 deinde
2352 2417 2525 2484 injicit
2563 2415 2617 2471 in
2646 2431 2865 2482 saccos;
2909 2423 2961 2470 et
3008 2413 3089 2468 eis
3121 2410 3377 2467 maximis
3407 2406 3489 2461 al-

1902 2509 2080 2578 ιῖεειιῑε
2114 2508 2403 2574 lapidibus,
2434 2522 2530 2576 per
2559 2507 2728 2563 latera
2762 2505 2960 2560 montis
2987 2492 3172 2574 dejicit
3197 2501 3488 2555 vehemen-

1903 2601 2138 2655 tissime.
2183 2601 2359 2667 Atque
2411 2613 2600 2655 eorum
2630 2598 2872 2668 quidem,
2906 2596 2996 2665 qui
3032 2595 3278 2657 aderant,
3309 2590 3488 2645 nullus

1902 2702 2022 2749 erat
2069 2691 2156 2747 cui
2207 2706 2314 2745 non
2356 2699 2503 2746 esset
2548 2705 2893 2760 persuasum,
2956 2688 3141 2743 statim
3191 2684 3489 2739 morituros

1903 2795 2192 2855 martyres,
2229 2783 2318 2837 illo
2347 2781 2823 2837 vehementissimo
2859 2781 3061 2849 impetu
3104 2777 3403 2844 discerptas
3436 2782 3488 2829 et

1901 2877 2209 2932 distrattos.
2247 2871 2328 2928 llli
2374 2879 2553 2927 autem
2602 2887 2725 2926 cum
2761 2872 3035 2925 ferrentur
3072 2876 3179 2921 tam
3215 2864 3485 2928 celeriter,

1905 2983 1972 3022 ne
2015 2966 2082 3019 ad
2131 2974 2435 3019 extremum
2486 2962 2702 3033 quidem
2757 2959 2959 3015 montis
3014 2956 3198 3011 lateris
3228 2953 3486 3009 constiteo

1905 3069 2028 3113 runt
2066 3076 2079 3112 :
2111 3057 2205 3112 sed
2234 3072 2357 3112 eum
2390 3056 2458 3110 ab
2496 3054 2612 3124 ipso
2645 3069 2860 3125 quoque
2899 3052 3083 3107 littore
3122 3047 3484 3111 decidissent,

1905 3149 2098 3218 dilapsi
2133 3158 2258 3202 sunt
2287 3148 2338 3202 itt
2373 3147 2696 3217 prolundum
2731 3145 2921 3200 maris.

1974 3241 2085 3296 ιιι.
2129 3238 2249 3296 lllic
2282 3240 2463 3310 itaque
2513 3239 2726 3294 stabant
2776 3253 2841 3292 ex
2872 3237 2971 3307 piis
3005 3236 3210 3306 aliquot
3239 3234 3305 3289 ad
3338 3249 3486 3289 mar-

1902 3343 2080 3406 tyrum
2131 3334 2404 3389 venandas
2457 3332 2733 3401 reliquias,
2787 3340 2843 3385 ut
2891 3330 2938 3385 si
2988 3345 3053 3384 ex
3101 3329 3180 3383 eis
3213 3328 3414 3399 aliquid
3453 3343 3485 3383 α

1902 3429 2039 3483 mari
2075 3429 2386 3499 ejiceretur,
2429 3428 2483 3482 id
2532 3427 2800 3483 tollerent.
2837 3425 2970 3481 Cum
3019 3424 3130 3477 illic
3178 3438 3308 3491 ergo
3354 3422 3489 3477 satis

1900 3523 1989 3576 diu
2026 3522 2488 3591 pet-mansissent,
2540 3520 2723 3575 vident
2765 3532 2954 3573 saccos
2989 3531 3020 3570 e
3070 3515 3337 3586 profundo
3367 3520 3490 3568 red-

1900 3615 2063 3678 ditos,
2094 3622 2149 3668 et
2172 3613 2375 3668 sensim
2409 3610 2566 3679 aquis
2595 3617 3030 3677 supernatantes.
3057 3606 3192 3662 Cum
3226 3620 3356 3677 ergo
3390 3621 3487 3658 na-

1900 3721 2017 3759 vem
2045 3703 2442 3767 ascendissent,
2466 3710 2519 3757 et
2542 3715 2708 3770 prope
2737 3714 2925 3755 saccos
2950 3698 3200 3758 fuissent,
3239 3697 3483 3750 viventes

1902 3804 1956 3869 (0
1984 3806 2095 3861 tua,
2128 3795 2343 3851 Christe
2373 3810 2492 3857 rex,
2539 3792 2778 3863 potentia
2799 3793 2838 3860 l)
2862 3801 3130 3860 martyres
3160 3787 3483 3856 suscipiunt,

1903 3904 1967 3942 ne
2017 3902 2244 3957 parvum
2298 3885 2514 3955 quidem
2576 3884 2794 3940 illarum
2857 3881 3137 3951 plagarum
3194 3878 3485 3948 vestigium

1903 3979 2079 4032 adhuc
2126 3976 2272 4031 inse
2323 3975 2604 4032 habentes.
2644 3974 2816 4028 Media
2870 3984 3052 4026 autem
3088 3979 3245 4025 nocte
3293 3985 3484 4039 magna

1902 4084 2118 4139 quoque
2166 4069 2255 4123 lus
2319 4079 2538 4122 sanetos
2582 4080 2613 4121 c
2650 4065 2810 4120 .etelo
2858 4061 3254 4128 cireumfulsit;
3305 4068 3360 4116 et
3391 4076 3488 4115 an-

1900 4160 2003 4230 geli
2032 4169 2217 4228 aperte
2245 4173 2461 4212 manum
2507 4157 2587 4212 eis
2615 4156 2916 4226 praebuere,
2949 4163 3006 4208 et
3038 4169 3159 4208 cum
3194 4155 3245 4207 in
3286 4160 3487 4208 terram

1902 4250 2237 4317 eduxissent,
2280 4265 2374 4305 eos
2405 4248 2616 4304 emlesti
2651 4249 2910 4304 alimento
2937 4247 3336 4316 impertierunt,
3371 4261 3489 4299 nta-

1902 4343 2078 4412 lisque
2106 4343 2337 4401 assiduis
2389 4341 2650 4411 dejectam
2711 4356 2902 4396 eorum
2967 4339 3222 4396 virtutem
3271 4352 3487 4394 recrea-

1904 4447 2050 4493 runt.

1977 4720 2113 4777 Llll.
2159 4719 2359 4777 Deinde
2395 4734 2515 4773 cum
2548 4719 2628 4774 sic
2656 4717 2830 4772 sancti
2868 4716 2920 4771 in
2958 4716 3189 4771 mediam
3228 4714 3491 4772 accessis-

1904 4825 2025 4870 sent
2042 4816 2342 4879 civitatem,
2372 4820 2428 4866 et
2446 4811 2567 4867 aliis
2593 4811 2796 4865 sanctis
2820 4809 2910 4864 Dei
2942 4808 3234 4865 narrabant
3262 4823 3488 4878 magna-

1905 4908 1997 4972 lia,
2031 4918 2086 4962 et
2120 4906 2221 4977 ipsi
2256 4919 2448 4959 manus
2495 4903 2549 4957 in
2596 4902 2763 4958 emlos
2799 4902 3147 4967 extollentes,
3196 4903 3244 4955 ei
3288 4901 3492 4972 gratias

1903 5008 2132 5071 egerunt
2178 4997 2578 5054 vehementius.
2630 4995 2832 5049 Eorum
2886 5004 3067 5049 autem
3122 4994 3174 5048 in
3215 4993 3490 5048 civitatem

1906 5094 2169 5145 adventus
2218 5087 2464 5144 accessio
2515 5086 2568 5141 in
2600 5087 2853 5148 transitu,
2882 5083 3098 5137 fuerunt
3129 5084 3235 5138 duo
3270 5082 3491 5151 quidam

1906 5182 2057 5243 caeci,
2089 5189 2297 5235 stantes
2325 5180 2376 5233 itt
2408 5178 2638 5247 quadam
2678 5176 2913 5246 porticu,
2943 5183 2998 5228 et
3028 5173 3189 5238 alius,
3221 5175 3304 5227 cui
3334 5181 3494 5227 erant

1912 5287 2105 5325 manus
2137 5269 2469 5339 torpelactae,
2505 5277 2559 5323 et
2607 5266 2745 5321 alius
2789 5280 3001 5329 rursus,
3041 5264 3128 5319 cui
3169 5276 3366 5331 corpus
3410 5261 3491 5313 la-

1911 5365 2139 5420 borabat
2167 5362 2424 5433 paralysi,
2458 5362 2551 5430 qui
2579 5376 2645 5416 ex
2674 5360 2954 5414 beatarum
2986 5357 3199 5411 illarttm
3232 5369 3488 5408 manuunt

1911 5457 2025 5510 ευίο
2070 5461 2345 5519 contactu,
2395 5455 2512 5507 sine
2572 5451 2758 5506 labore
2794 5460 2848 5505 et
2888 5451 3135 5504 mercede
3170 5447 3491 5500 invenerunt

1909 5547 2263 5600 curationem.
2311 5542 2459 5598 Multi
2518 5558 2734 5614 quoque
2775 5542 2890 5605 alii,
2943 5540 3035 5611 qui
3086 5538 3253 5593 variis
3284 5533 3487 5591 morbis

1910 5638 2264 5699 laborabant,
2312 5652 2435 5691 cum
2489 5637 2556 5689 ad
2606 5649 2729 5689 eum
2783 5633 3189 5695 conﬂuxissent,
3238 5627 3485 5685 eamdem

1910 5750 2069 5801 quant
2104 5731 2177 5785 illi
2212 5731 2366 5785 iidem
2413 5728 2724 5795 aﬂerentes,
2761 5726 3007 5783 eamdem
3051 5738 3265 5795 quoque
3295 5736 3491 5778 conse-

1902 5827 2016 5883 cuti
2046 5824 2204 5881 luere
2231 5823 2589 5880 curationem.
