4116 6410
587 361 694 426 859

1783 352 2067 423 MENSIS
2123 361 2574 423 JANUARIUS.

3724 356 3835 420 800

2036 580 2263 639 CAPUT
2302 583 2391 638 IX.

1234 791 1456 866 Anryra:
1485 808 1667 847 rursus
1691 791 1910 845 tolerata
1932 796 2213 843 tormenta.
2240 785 2425 853 Pueri,
2450 785 2562 856 ejus
2591 785 2813 851 alumni,
2850 780 3129 856 martyres.

658 981 791 1036 LIV.
828 980 967 1036 Cum
992 995 1121 1051 ergo
1147 980 1261 1034 hazc
1291 992 1506 1048 quoque
1551 977 1826 1032 didicisset
1855 973 2159 1045 praefectus.

2338 968 2462 1024 NA'.
2489 969 2695 1024 Μαθὼν
2720 969 2906 1023 τοίνυν
2930 968 3025 1023 καὶ
3052 967 3225 1023 ταῦτα
3254 969 3283 1024 6
3308 968 3548 1042 ἔπαρχος
3573 972 3668 1025 καὶ
3701 972 3845 1047 αὐτῇ

586 1083 640 1130 et
673 1075 784 1144 ipsa
819 1072 1159 1143 cognovisset
1205 1070 1536 1139 experientia
1561 1110 1575 1133 ,
1601 1083 1661 1122 se
1705 1083 1810 1125 non
1838 1066 1995 1122 modo
2024 1064 2160 1118 nihil

586 1166 855 1234 proiicere
901 1164 1023 1218 dum
1058 1162 1269 1231 puniret
1300 1170 1584 1231 martyres,
1642 1159 1737 1214 sed
1784 1170 1933 1213 suam
1984 1155 2162 1225 potius

588 1255 784 1309 laedere
814 1254 1156 1324 religionem,
1186 1260 1242 1306 ιιι
1274 1252 1364 1320 qui
1409 1250 1606 1304 multos
1652 1251 1862 1305 videret
1889 1262 1953 1303 ex
1982 1248 2161 1318 genti-

586 1347 747 1413 libus,
795 1346 859 1401 iis
908 1360 1027 1416 quae
1077 1352 1271 1411 ιιι-αλιοΓ
1319 1342 1623 1411 Opinionem
1660 1341 1727 1395 ab
1778 1341 1911 1409 ipsis
1963 1340 2161 1395 fiebant

586 1438 886 1499 miraculis,
924 1436 1256 1505 transfugere
1301 1436 1366 1488 ad
1400 1435 1692 1503 pietatem;
1719 1449 1824 1487 non
1858 1433 2020 1488 audet
2043 1432 2162 1502 qui-

588 1533 707 1588 dem
756 1531 866 1599 ipse
900 1529 1130 1599 amplius
1175 1538 1451 1582 certamen
1493 1526 1792 1597 suscipere,
1840 1526 1932 1581 sed
1966 1526 2032 1580 de
2082 1526 2161 1581 cis

588 1624 653 1677 ad
686 1621 1070 1676 Maximianum
1109 1620 1274 1676 refert
1316 1618 1719 1687 imperatorem,
1777 1619 1868 1687 qui
1905 1616 2090 1687 procul
2131 1632 2159 1671 a

585 1706 900 1769 Nicomedia
940 1727 1062 1766 cum
1101 1721 1213 1766 toto
1253 1710 1570 1765 versabatur
1616 1709 1898 1767 exercitu:
1931 1722 2161 1777 cumque

588 1806 689 1858 alia
720 1803 1029 1874 singulatim
1071 1800 1371 1867 retulisset,
1399 1810 1457 1856 et
1501 1798 1643 1870 quod
1688 1798 1793 1854 orti
1831 1799 2045 1868 quidem
2077 1812 2163 1854 es-

588 1902 710 1948 sent
737 1893 790 1948 in
822 1893 1037 1963 regione
1068 1888 1405 1953 Galatarum,
1433 1888 1603 1957 patria
1635 1898 1815 1944 autem
1844 1887 2161 1958 Ancyrano-

588 2008 748 2058 rum;
800 2005 920 2045 cum
974 2004 1069 2045 eas
1111 1986 1407 2057 accepisset
1428 1982 1818 2049 Maximianus,
1858 1990 1913 2038 et
1940 1982 2156 2053 legisset

543 2103 549 2107 ’
588 2099 650 2137 ea
693 2066 813 2153 quae
843 2079 1277 2145 continebantur,
1320 2092 1442 2132 eum
1473 2088 1691 2132 veretur
1735 2090 1925 2131 rursus
1954 2073 2162 2131 exami-

588 2188 758 2235 nare,
789 2172 892 2227 hoc
932 2179 1193 2241 prtetextu
1232 2183 1344 2224 rem
1374 2167 1562 2223 volens
1600 2168 1823 2221 evitare.
1874 2164 2005 2221 Nam
2037 2158 2156 2220 cum

588 2278 684 2317 cos
728 2261 955 2332 Ani-yrze
992 2273 1113 2314 esse
1155 2266 1306 2313 ortos
1350 2256 1544 2311 littera:
1591 2255 1994 2325 signiﬁcarent,
2034 2255 2160 2311 illuc

2271 1059 2442 1131 πείρᾳ
2489 1059 2654 1127 γνοὺς
2699 1058 2777 1123 ὡς
2826 1059 2935 1129 ἄρα
2961 1058 3113 1112 οὐδὲν
3141 1057 3349 1127 ὀνίνησι
3397 1064 3523 1124 τοὺς
3556 1061 3847 1133 μάρτυρας

2269 1150 2699 1223 τιμωρούμενος,
2729 1150 2823 1204 καὶ
2852 1148 3033 1220 ἐαυτῷ
3057 1151 3258 1219 μᾶλλον
3278 1151 3373 1205 καὶ
3394 1154 3460 1222 τῇ
3486 1150 3684 1205 ἑαυτοῦ
3709 1152 3851 1225 θρη-

2272 1243 2430 1314 σκείᾳ
2478 1241 2821 1313 λυμαίνεται,
2886 1234 2976 1294 οἷα
3007 1241 3236 1305 πολλοὺς
3286 1242 3517 1297 καὶτῶν
3574 1243 3851 1316 Ἑλλήνων

2268 1336 2408 1406 δρῶν
2440 1337 2551 1400 τοῖς
2587 1334 2909 1405 παραδόξως
2928 1334 3276 1403 τελουμένοις
3306 1334 3399 1388 ὑπ’
3428 1334 3605 1388 αὐτῶν
3631 1334 3853 1405 θαῦμα-

2271 1445 2355 1481 σιν
2393 1427 2831 1498 αὐτομολοῦντας
2864 1426 3002 1495 πρὸς
3051 1427 3152 1488 τὴν
3204 1426 3509 1493 εὐσέϐειαν,
3541 1426 3703 1492 αὐτὸς
3746 1427 3850 1499 μὲν

2266 1515 2470 1570 οὐκέτι
2502 1515 2688 1570 λοιπὸν
2720 1514 2811 1568 τὸν
2840 1513 3030 1583 ἀγῶνα
3075 1513 3288 1586 θαρρεῖ,
3313 1513 3646 1586 Μαξιμιανῷ
3677 1514 3734 1568 δὲ
3766 1515 3852 1583 τῷ

2272 1608 2491 1679 μεγάλῳ
2525 1605 2829 1678 βασιλεῖτά
2869 1606 2992 1659 κατ’
3028 1606 3228 1669 αὐτοὺς
3282 1606 3568 1676 ἀναφέρει,
3627 1610 3855 1678 μακράν

2270 1717 2371 1753 που
2399 1697 2769 1769 Νικομηδείας
2796 1695 2931 1767 ὁμοῦ
2956 1696 3035 1767 τῷ
3058 1696 3224 1751 παντὶ⁵
3249 1697 3462 1769 στρατῷ
3491 1698 3853 1771 διατρίϐοντι·

2264 1790 2436 1845 τᾶλλα
2465 1806 2525 1843 τε
2560 1789 2700 1843 κατὰ
2733 1790 2902 1862 μέρος
2930 1788 3240 1856 διεξελθὼν,
3273 1788 3368 1843 καὶ
3398 1790 3480 1844 ὅτι
3523 1788 3706 1860 χώρας
3748 1790 3856 1862 μὲν

2265 1880 2367 1952 τῆς
2391 1881 2498 1935 τῶν
2532 1879 2807 1947 Γαλατῶν,
2842 1882 3102 1952 πατρίδος
3124 1882 3183 1934 δὲ
3215 1883 3316 1953 τῆς
3356 1880 3710 1954 ’Δγκυρανῶν
3735 1881 3858 1953 ῶρ-

2270 1990 2489 2045 μηνται.
2540 1972 2843 2044 Δεξάμενος
2876 1968 2972 2029 οὖν
3001 1973 3072 2027 τὰ
3106 1974 3414 2045 γράμματα
3447 1974 3475 2026 6
3503 1974 3856 2044 Μαξιμιανδς

2267 2063 2362 2117 καὶ
2387 2063 2456 2116 τὰ
2478 2063 2774 2133 ὲγκείμενα
2806 2062 3073 2130 ἐπελθὼν,
3107 2059 3265 2128 αὖθις
3288 2064 3442 2118 ὀκνεῖ
3457 2063 3558 2136 τὴν
3579 2063 3857 2134 ἐξέτασιν,

2266 2154 2437 2229 ταύτῃ
2488 2172 2571 2209 τοι
2628 2157 2722 2209 καὶ
2791 2156 3015 2228 ἀφορμῇ
3083 2155 3248 2210 πάλιν
3308 2156 3653 2228 εὐπροσώπῳ
3694 2175 3859 2229 περι-

2268 2248 2470 2301 στεῖλαι
2490 2248 2550 2301 τδ
2581 2248 2817 2318 πρᾶγμα
2840 2247 3185 2319 βουλόμενος.
3227 2248 3380 2302 Ἐπεὶ
3400 2248 3493 2302 καὶ
3519 2248 3621 2319 τῆς
3645 2249 3858 2317 ’Δγκυ-

586 2361 811 2408 sanctos
857 2351 923 2406 ad
978 2348 1264 2419 quemdam
1311 2353 1502 2403 ducem
1545 2347 1900 2408 transmittit.
1947 2347 2166 2403 nomine

2275 2338 2447 2409 ρανῶν
2481 2339 2773 2410 ὡρμῆσθαι
2795 2339 2993 2404 αὐτοὺς
3015 2339 3201 2412 ἐδήλου
3224 2340 3293 2394 τὰ
3322 2341 3652 2413 γράμματα,
3673 2343 3859 2395 ἐκεῖσε

588 2446 888 2508 Curieium,
921 2443 1110 2499 dicens
1144 2458 1158 2497 :
1194 2440 1431 2510 Equum
1467 2448 1571 2507 est,
1602 2450 1659 2495 ut
1689 2454 1808 2511 quae
1834 2440 2040 2512 genuit,
2072 2455 2166 2495 eos

594 2546 649 2591 tt
684 2538 894 2601 habeat,
928 2544 983 2590 et
1012 2533 1151 2599 alat,
1188 2541 1241 2588 et
1275 2531 1482 2603 puniat.

664 2710 774 2774 LV.
820 2711 1055 2767 Tantum
1091 2709 1309 2765 solertia
1350 2717 1403 2764 et
1437 2707 1702 2778 sapientia
1745 2716 1800 2763 et
1822 2706 2166 2777 excogitandi

596 2804 856 2860 facilitate
885 2801 1025 2856 valet
1060 2800 1152 2855 Dei
1196 2799 1536 2871 providentia
1561 2836 1577 2863 ,
1605 2805 1657 2851 et
1694 2798 1747 2852 in
1785 2799 1944 2853 rebus
1988 2797 2166 2853 dubiis

588 2895 796 2950 exitum
825 2902 932 2947 tam
974 2890 1131 2947 facile
1165 2891 1391 2956 invenit,
1427 2899 1481 2945 et
1519 2889 1793 2954 Clemens,
1823 2890 1914 2958 qui
1957 2897 2164 2943 tantum

596 2996 754 3041 terra:
792 2993 846 3039 et
876 2983 1045 3039 maris
1076 2983 1305 3046 obierat,
1333 2990 1387 3038 et
1419 2980 1622 3036 tamdiu
1653 2982 1827 3036 fuerat
1854 2980 2169 3050 peregrina-

592 3086 702 3143 tus,
723 3078 774 3132 in
803 3076 1175 3132 charissimam
1195 3084 1249 3129 et
1271 3073 1743 3145 iucundissimam,
1763 3074 1906 3127 sicut
1923 3072 2163 3141 optabat,

591 3172 823 3241 patriam
847 3170 1161 3226 revertitur.
1192 3167 1364 3235 Quam
1393 3183 1514 3223 cum
1544 3168 1668 3222 laeto
1707 3176 1762 3223 et
1789 3166 1954 3222 alacri
1989 3167 2169 3221 animo

595 3271 740 3318 esset
789 3262 1064 3333 ingressus
1103 3279 1117 3316 :
1157 3259 1341 3315 Gloria
1376 3260 1494 3326 tibi,
1533 3259 1762 3314 Domine
1790 3257 1919 3315 Jcsu
1952 3259 2168 3315 Christe

598 3354 776 3417 Deus,
806 3352 1055 3418 dicebat,
1100 3354 1241 3420 quod
1278 3366 1429 3407 meas
1467 3365 1656 3420 preces
1690 3350 1996 3406 exaudiaris
2018 3390 2033 3416 ,
2069 3365 2168 3420 pa-

598 3444 823 3511 trimque
870 3453 924 3498 et
971 3458 1212 3497 meorum
1266 3440 1528 3511 majorum
1590 3440 1850 3511 sepulcris
1909 3455 1995 3496 me
2043 3456 2166 3496 eum

600 3535 825 3604 pulchra
856 3535 1158 3590 reddideris
1187 3534 1518 3597 accessione,
1546 3547 1667 3587 cum
1713 3532 1882 3600 socio,
1923 3533 2165 3603 inquam,

595 3626 916 3680 certaminis
959 3624 1331 3694 Agathaugelo
1379 3640 1393 3677 :
1428 3632 1489 3678 ut
1532 3624 1620 3677 ubi
1670 3632 1829 3679 natus
1855 3638 2015 3688 sum,
2062 3623 2168 3677 illic

596 3717 764 3771 etiam
796 3716 1077 3772 decedam.
1105 3716 1307 3770 Deinde
1365 3716 1433 3770 ad
1470 3714 1747 3780 Curicium
1792 3715 2170 3785 prmsidentem

597 3808 654 3861 in
685 3809 916 3877 quodam
968 3806 1127 3873 loco,
1164 3806 1255 3876 qui
1296 3806 1588 3861 vocabatur
1634 3805 1899 3875 Cryptos,
1946 3804 1998 3858 id
2047 3813 2171 3871 est,

595 3896 878 3961 Oct'ultus,
917 3896 1006 3951 ubi
1034 3896 1194 3977 etiam
1228 3911 1395 3966 parva
1425 3897 1670 3966 quaedam
1699 3894 1968 3950 aediﬁcata
1996 3893 2174 3949 fuerat

595 3986 836 4043 ecclesia
857 4028 870 4052 ,
903 3988 1003 4041 viri
1050 3989 1322 4052 sistuntur
1355 3986 1579 4057 egregii.
1618 3985 1711 4040 Ille
1752 3993 1932 4041 autem
1965 3999 2173 4041 conans

597 4092 698 4132 eos
726 4079 1011 4142 inducere,
1042 4087 1097 4132 et
1125 4076 1194 4131 ad
1234 4093 1294 4134 se
1333 4078 1583 4147 pellicere
1615 4078 1813 4148 ingenii
1849 4078 2097 4132 acumine
2121 4087 2175 4131 et

601 4167 863 4234 solertia,
901 4182 996 4223 eos
1021 4167 1093 4222 ita
1126 4178 1206 4224 est
1241 4171 1505 4224 allocutus
1536 4170 1717 4224 statim
1760 4169 1814 4222 in
1851 4168 2112 4237 principio
2157 4186 2169 4222 :

672 4258 808 4315 LVI.
854 4260 990 4314 Cum
1017 4270 1287 4326 accurate,
1324 4275 1356 4314 o
1395 4260 1517 4326 viri,
1560 4260 1625 4314 de
1666 4260 1818 4314 vobis
1850 4260 2130 4314 didicerim
2157 4299 2171 4324 ,

598 4362 652 4408 et
681 4359 945 4422 quantum
977 4359 1134 4406 terra:
1163 4352 1426 4416 obieritis,
1454 4363 1507 4408 et
1539 4362 1690 4421 quot,
1729 4361 1784 4408 et
1811 4360 2010 4420 quanta
2041 4352 2171 4407 sub.

600 4440 778 4498 ieritis
816 4442 1077 4512 pericula,
1101 4452 1155 4498 et
1183 4451 1314 4513 quot
1343 4444 1534 4499 mortis
1562 4458 1759 4513 genera
1783 4443 1938 4497 vohis
1967 4444 2171 4496 intenta

596 4532 924 4604 eli'ugeritis,
958 4533 1074 4602 ipse
1104 4549 1324 4604 quoque
1346 4535 1528 4588 animo
1551 4533 1775 4600 afﬁcior,
1802 4545 1857 4588 ct
1881 4532 1963 4587 vel
1985 4547 2172 4588 eorum

597 4625 718 4681 sola
769 4626 989 4697 frangor
1035 4626 1342 4693 auditione,
1391 4635 1445 4681 et
1486 4625 1691 4681 ciiicior
1719 4626 1874 4681 vobis
1916 4627 2176 4693 qundam-

604 4719 766 4772 modo
794 4719 976 4774 socius
1004 4717 1377 4772 calamitatum
1410 4734 1423 4770 :
1467 4727 1520 4772 et
1562 4718 1681 4773 ideo
1708 4718 1796 4771 illa
1830 4718 2175 4786 magistratus

602 4808 843 4875 depasita
886 4808 1214 4872 severitate,
1248 4815 1355 4861 tam
1392 4807 1625 4877 benigne
1663 4806 1938 4863 vobiscum
1974 4816 2026 4862 et
2064 4808 2175 4876 pla-

596 4899 721 4954 cide
771 4897 1067 4968 colloquor.
1105 4896 1319 4953 Videris
1353 4898 1495 4953 enim
1534 4899 1658 4953 mihi
1708 4898 1965 4962 omnino,
1996 4915 2028 4954 0
2054 4898 2177 4955 Cle-

2270 2430 2394 2494 τοὺς
2430 2431 2618 2499 ἁγίους
2646 2432 2783 2503 πρὸς
2814 2432 3059 2504 ἡγεμόνα
3087 2431 3209 2486 τινὰ
3236 2432 3534 2504 Κουρίκιον
3558 2434 3861 2506 παραπέμ-

2272 2536 2363 2574 πει
2390 2519 2561 2584 οὕτως
2584 2522 2757 2576 εἰπών
2777 2538 2792 2552 ο
2820 2523 2930 2593 Τὴν
2953 2524 3367 2597 γεννησαμένην
3393 2524 3541 2596 ἔχειν
3568 2543 3628 2580 τε
3654 2526 3861 2593 αὐτοὺς

2271 2610 2365 2662 καὶ
2398 2608 2643 2680 τρέφειν,
2675 2612 2770 2664 καὶ
2803 2612 3164 2685 τιμωρεῖσθαι
3196 2613 3428 2669 δίκαιον.

2342 2702 2470 2755 NE’.
2504 2701 2693 2767 Οὕτως
2746 2703 3058 2774 εὐμήχανός
3112 2721 3173 2757 τε
3208 2707 3300 2759 καὶ
3358 2705 3496 2778 σοφὴ
3538 2708 3633 2765 καὶ
3656 2708 3716 2761 ἐν
3743 2709 3858 2775 τοῖς

2271 2793 2497 2865 ἀπόροις
2521 2792 2755 2864 εὔπορος
2779 2799 2812 2865 ὴ
2842 2794 2935 2848 τοῦ
2958 2793 3092 2849 Θεοῦ
3118 2797 3368 2868 πρόνοια,
3397 2798 3494 2852 καὶ
3521 2800 3550 2853 6
3579 2800 3855 2872 τοσαύτην

2272 2880 2515 2936 ἐπελθὼν
2546 2882 2649 2952 γῆν
2680 2900 2740 2936 τε
2764 2884 2856 2936 καὶ
2893 2882 3173 2940 θάλασσαν
3197 2886 3449 2959 Κλήμης,
3473 2889 3567 2943 καὶ
3591 2891 3858 2959 τηλικαὺς

2269 2990 2369 3044 της
2394 2974 2706 3045 ἀποδημίας
2733 2975 3104 3047 στειλάμενος,
3135 2978 3234 3044 τὴν
3276 2980 3437 3049 φίλην
3493 2982 3650 3047 αὖθις
3681 2984 3856 3037 καθά-

2273 3078 2379 3134 περ
2399 3061 2597 3134 ηὔχετο
2619 3064 2716 3116 καὶ
2736 3063 2962 3135 ἡδίστην
2984 3064 3357 3136 ἀπολαμϐάνει
3383 3069 3636 3140 πατρίδα.
3662 3065 3772 3135 Ἦς
3790 3072 3855 3143 δή

2273 3172 2373 3208 που
2415 3155 2511 3209 xai.
2538 3155 2635 3210 σὺν
2660 3155 2822 3229 ἡδονῇ
2848 3155 3045 3222 ἐπιϐὰς
3070 3157 3173 3213 καὶ
3200 3158 3536 3232 φαιδρότητι,
3585 3161 3725 3231 Δόξα
3751 3180 3856 3231 σοι,

2272 3247 2448 3319 Κύριε
2496 3248 2673 3319 Ἰησοῦ
2732 3250 2939 3321 Χριστὲ
2971 3251 2999 3305 6
3030 3251 3184 3317 Θεὸς,
3231 3252 3437 3321 ἔλεγεν,
3489 3253 3606 3310 ἀνθ’
3634 3249 3712 3311 ὧν
3750 3258 3857 3311 εισ-

2275 3341 2516 3412 ήκουσας
2547 3340 2646 3411 τῆς
2676 3341 2987 3412 προσευχῆς
3022 3359 3151 3413 μου,
3192 3343 3285 3396 καὶ
3322 3346 3388 3415 τῇ
3415 3360 3476 3397 τε
3505 3345 3727 3418 πατρίδι
3763 3347 3861 3402 καὶ

2272 3440 2386 3501 τοῖς
2407 3439 2756 3508 προγονικοῖς
2779 3453 2847 3508 με
2884 3437 3076 3505 τάφοις
3126 3440 3266 3508 μετά
3287 3439 3458 3508 καλῆς
3487 3441 3586 3511 τῆς
3611 3442 3857 3515 προσθή-

2272 3546 2375 3598 κης
2404 3528 2499 3582 τοῦ
2534 3527 2819 3595 συνάθλου,
2868 3529 3032 3601 φημὶ,
3073 3530 3479 3599 Ἀγαθαγγέλου
3539 3533 3856 3603 ἀπέδωκας,

2276 3619 2340 3671 ἵν’
2368 3619 2500 3673 ὅπου
2530 3620 2629 3689 τὴν
2672 3621 2931 3691 γέννησιν
2964 3620 3142 3692 ἔσχον,
3187 3621 3283 3675 καὶ
3308 3623 3405 3694 τὴν
3456 3626 3715 3696 τελευτὴν
3744 3629 3864 3682 ἐκεῖ

2278 3708 2537 3779 δέξωμαι.
2576 3705 2707 3762 Είτα
2741 3708 3139 3779 προκαθίσαντι
3191 3710 3268 3779 τῷ
3303 3712 3579 3784 Κουρικίῳ
3630 3718 3688 3768 ὲν
3709 3717 3863 3787 τόπῳ

2280 3800 2386 3854 τινὶ
2411 3800 2469 3864 δς
2490 3799 2736 3854 ἐκαλεῖτο
2766 3801 3043 3870 Κρυπτδς,
3073 3799 3202 3855 ἔνθα
3225 3819 3308 3866 τις
3329 3805 3423 3857 καὶ
3456 3806 3625 3876 μικρὰ
3653 3804 3861 3877 ᾠκοδό-

2285 3908 2424 3961 μητο
2482 3892 2771 3962 ἐκκλησία,
2810 3892 2861 3945 οί
2911 3895 3146 3959 γενναῖοι
3206 3893 3593 3964 παρίστανται.
3654 3898 3752 3961 Ὃς
3804 3899 3865 3954 δὲ

2282 3983 2657 4050 ἐπαγαγέσθαι
2695 3982 2891 4045 αὐτοὺς
2918 3984 3013 4036 καὶ
3042 3983 3346 4055 ὑποκλέψαι
3386 3988 3673 4061 περιουσίᾳ
3700 3990 3866 4059 δῆθεν

2282 4072 2560 4141 ἀγχινοίας
2588 4073 2947 4144 πειρώμενος,
2971 4072 3196 4127 τοιαῦτα
3219 4076 3277 4128 ἐν
3299 4078 3601 4147 προοιμίοις
3623 4079 3703 4137 ἔτι
3723 4081 3865 4151 πρὸς

2282 4165 2480 4227 αὐτοὺς
2500 4164 2791 4232 διελέγετο·

2353 4254 2493 4322 NQ".
2532 4255 2736 4311 Μαθὼν
2767 4256 3033 4328 ἀκριϐῶς,
3062 4250 3108 4311 ὧ
3138 4258 3349 4328 ἄνδρες,
3407 4260 3478 4314 τὰ
3529 4262 3650 4316 καθ’
3695 4263 3865 4333 ὑμᾶς,

2282 4349 2413 4418 ὅσην
2440 4363 2500 4399 τε
2523 4347 2845 4418 περιήλθετε
2883 4350 3010 4420 γῆν,
3037 4353 3196 4415 ὅσους
3225 4369 3283 4405 τε
3315 4354 3644 4424 ὑπεμείνατε
3676 4355 3868 4410 κινδύ-

2284 4454 2425 4503 νους,
2458 4438 2554 4491 καὶ
2582 4437 2779 4508 ¹ἡλίκας
2801 4440 3050 4495 θανάτων
3076 4443 3373 4511 ἐπαγωγὰς
3417 4444 3730 4515 διεφύγετε,
3762 4445 3868 4499 πά-

2286 4547 2396 4600 σχω
2426 4529 2520 4585 καὶ
2560 4530 2727 4595 αὐτὸς
2773 4531 2872 4603 τὴν
2917 4533 3122 4606 ψυχὴν,
3179 4535 3276 4589 καλ⁸
3305 4537 3445 4607 πρὸς
3473 4538 3645 4608 αὐτὴν
3696 4538 3870 4609 μόνην

2285 4622 2645 4693 κατακλῶμαι
2673 4623 2773 4694 τὴν
2803 4624 2993 4695 ἀκοὴν,
3017 4627 3112 4680 καὶ
3132 4629 3295 4681 οἱονεὶ
3316 4630 3573 4693 κοινωνὸς
3607 4630 3737 4700 ὑμῖν
3758 4632 3870 4684 τῶν

2285 4713 2580 4787 συμφορῶν
2618 4715 2842 4786 γίνομαι
2861 4732 2876 4748 ·
2906 4716 2995 4771 διὰ
3015 4717 3172 4771 τοῦτο
3198 4720 3294 4772 καὶ
3322 4722 3645 4791 ἀρχοντικὸν
3686 4723 3868 4778 πάντα

2282 4807 2445 4874 δγκον
2493 4806 2785 4862 ἀποϐαλὼν
2834 4806 3006 4872 οὕτως
3038 4811 3216 4880 ἠπίως
3277 4812 3407 4882 ὑμῖν
3450 4815 3545 4866 καὶ
3580 4816 3870 4885 προσηνῶς

2282 4898 2618 4967 διαλέγομαι.
2647 4899 2833 4958 Δοκετς
2857 4916 2948 4969 μοι
2970 4901 3081 4971 γὰρ
3111 4902 3350 4967 πάντως,
3371 4897 3418 4957 ὦ
3443 4904 3870 4975 θαυμασιώτατε

597 5003 755 5043 tuens
781 4990 1015 5043 maxime
1040 4998 1092 5042 ct
1117 4988 1473 5050 admirabilis,
1504 5002 1569 5044 eo
1590 4988 1732 5058 quod
1784 5004 1851 5044 ex
1897 4990 2002 5043 hac
2039 5006 2168 5057 pra:-

2285 4988 2506 5059 Κλήμη,
2541 4988 2618 5058 τῷ
2647 4989 2746 5059 τῆς
2772 4990 3004 5061 ἀρίστης
3047 4993 3254 5063 ταύτης
3281 4994 3444 5063 φῦναι
3470 4996 3699 5063 πόλεως,
3733 5015 3869 5067 τρα-

602 5079 943 5134 stantissima
975 5089 1131 5133 natus
1169 5080 1244 5133 sis
1271 5080 1523 5143 civitate,
1561 5080 1612 5133 iu
1647 5094 1817 5149 eaque
1844 5081 2080 5135 creveris
2117 5089 2168 5135 et

2281 5081 2445 5150 φῆναί
2480 5097 2539 5134 τε
2568 5082 2627 5134 ἐν
2653 5081 2813 5153 αὐτῇ,
2849 5084 2944 5136 καὶ
2992 5084 3296 5155 αὐξηθῆναι
3346 5089 3441 5142 καὶ
3484 5089 3866 5161 παιδευθῆναι,

595 5170 793 5223 doctus
821 5167 900 5221 sis
943 5179 999 5221 et
1044 5166 1309 5223 educatus
1332 5207 1347 5233 ,
1376 5183 1436 5223 ea
1470 5168 1535 5223 de
1568 5183 1733 5224 causa
1786 5184 1853 5224 ne
1885 5170 2003 5233 pius
2047 5169 2170 5238 qui.

600 5261 721 5315 dem
761 5258 816 5314 in
851 5257 983 5313 deos
1014 5259 1063 5311 in
1113 5257 1216 5312 alia
1268 5258 1434 5314 videri
1485 5257 1721 5313 voluisse
1771 5258 2027 5326 civitate,
2062 5258 2169 5313 nisi

599 5351 752 5423 prius
776 5351 832 5407 in
871 5362 1015 5405 luam
1047 5350 1302 5406 rediisses
1332 5351 1562 5419 patriam
1588 5390 1602 5414 ,
1639 5365 1735 5419 pro
1773 5351 1897 5416 alia,
1937 5360 1994 5405 ut
2024 5352 2174 5406 vide-

596 5454 714 5509 tur,
766 5445 1204 5499 renumeratione
1253 5443 1356 5497 hoc
1402 5442 1475 5496 illi
1520 5456 1827 5497 reservans.
1878 5442 2014 5497 Sunt
2049 5458 2177 5507 ergo

602 5550 750 5590 nunc
788 5550 816 5588 a
871 5546 919 5587 te
963 5534 1169 5589 civitati
1201 5543 1256 5589 et
1289 5534 1445 5588 nobis
1476 5534 1695 5603 agendae
1727 5537 1932 5604 gratiae.
1976 5534 2050 5590 Te
2083 5552 2179 5589 au-

609 5637 717 5682 tcm
749 5635 1116 5695 consequatur
1169 5625 1461 5694 praeclarus
1505 5639 1717 5694 quoque
1757 5627 2176 5696 Agathangelus.

612 5717 787 5774 Nolite
836 5736 966 5788 ergo
994 5719 1231 5784 differre,
1277 5723 1370 5774 sed
1402 5720 1505 5773 diis
1552 5722 1616 5775 de
1656 5736 1804 5774 more
1850 5722 2174 5774 sacriiit-atv.

610 5809 792 5865 Sancti
830 5828 957 5867 veto
991 5832 1004 5867 :
1042 5814 1317 5879 Quomodo
1340 5855 1352 5877 ,
1386 5813 1658 5879 dixerunt,
1713 5813 1876 5868 fueris
1913 5812 2063 5866 nobis
2094 5827 2183 5866 so-

2278 5172 2469 5226 τούτου
2492 5173 2649 5244 χάριν
2683 5175 2816 5245 μηδὲ
2848 5174 3076 5245 θελῆσαι
3109 5178 3257 5243 ὅσιος
3290 5179 3359 5233 τὰ
3404 5183 3534 5251 περὶ
3561 5181 3690 5246 τοὺς
3711 5181 3871 5243 θεοὺς

2282 5267 2340 5316 ἐν
2372 5262 2536 5337 ἑτέρᾳ
2602 5266 2948 5337 ἀναφανῆναι
2979 5270 3072 5338 γῇ,
3128 5270 3176 5322 εί
3237 5271 3313 5341 μὴ
3351 5271 3462 5342 ἄρα
3499 5272 3602 5341 τῆς
3659 5273 3870 5337 οἰκείας

2280 5356 2475 5427 ἐπιϐῇς
2506 5357 2689 5425 πάλιν,
2719 5356 2834 5411 ἀντ’
2874 5358 3062 5427 ἄλλης,
3090 5360 3167 5422 ὡς
3191 5360 3388 5431 ἔοικεν,
3422 5364 3677 5435 ἀμοιϐῆς,
3709 5366 3869 5419 τοῦτο

2281 5449 2347 5517 τῇ
2377 5447 2597 5516 πατρίδι
2623 5450 3040 5518 ταμιευόμενος.
3080 5452 3221 5521 Ὦρα
3267 5454 3399 5521 γοῦν
3426 5472 3508 5508 σοι
3536 5456 3769 5527 χάριτας
3799 5460 3865 5526 τῇ

2282 5556 2342 5591 τε
2378 5540 2529 5592 πόλει
2555 5540 2652 5594 καὶ
2677 5543 2810 5610 ἡμῖν
2837 5542 3152 5597 ἀποδοῦναι.
3182 5546 3503 5600 Συνεπὲσθω
3527 5549 3582 5601 δέ
3612 5546 3696 5600 σόι
3718 5551 3811 5602 καὶ
3839 5551 3867 5600 6

2287 5632 2451 5693 καλὸς
2499 5630 2929 5700 Ἀγαθὰγγελοςο
2973 5635 3047 5706 μὴ
3078 5632 3171 5689 οὖν
3226 5637 3471 5705 μέλλετε,
3527 5639 3663 5693 ἀλλὰ
3710 5640 3865 5695 θύετε

2291 5721 2432 5783 οεοῖς
2482 5722 2547 5775 τὰ
2598 5723 2979 5793 νενομισμένα.
3042 5726 3105 5779 Οί
3138 5726 3194 5779 δὲ
3243 5728 3412 5797 ἅγιοι,
3469 5730 3591 5794 Πῶς
3623 5731 3677 5783 δὲ
3737 5734 3866 5802 ἡμῖν

2291 5815 2547 5879 κοινωνὸς
2590 5815 2677 5883 ἂν,
2734 5813 2909 5885 εἶπεν,
2954 5818 3064 5874 τῶν
3096 5819 3331 5889 θλίψεων
3359 5822 3555 5891 γένοιο,
3590 5820 3669 5888 οἷς
3705 5822 3863 5895 ἠδονῆ
