4116 6408
239 352 351 416 861

1278 344 1457 411 ΥΙΤΑ
1497 343 1556 413 S.
1593 345 2026 415 CLEMENTIS
2066 348 2489 424 ANCYRANL

3420 360 3525 423 86:7.

241 468 445 539 μᾶλλον
473 467 528 519 αἱ
557 465 805 519 τοιαῦται
851 462 1060 536 θλίψεις
1109 465 1253 531 εἰσί;
1303 466 1584 536 Χαίρομεν
1610 468 1719 537 γὰρ
1750 465 1827 518 ὲπτ

1948 469 2066 525 cius
2089 468 2464 539 aﬂlictlooum,
2494 475 2690 547 quibus
2720 483 2847 531 sunt
2880 474 3139 546 voluptati
3169 473 3532 529 alllictiom-s?

234 564 353 624 τοῖς
381 558 675 630 παθήμασι
696 557 929 622 τούτοις,
964 560 1060 612 καὶ
1089 556 1368 625 τοσοῦτον,
1394 558 1506 628 ὅσῳ
1543 557 1638 610 καὶ
1661 557 1835 622 πάθος

240 651 447 724 μᾶλλον
473 651 568 704 καὶ
602 650 894 720 συμφορὰν
929 654 993 703 ’τὸ
1025 649 1101 720 μὴ
1132 651 1362 702 τοιαῦτα
1399 648 1593 702 παθεῖν
1623 649 1835 719 λογιζό-

244 761 411 817 μενα,
439 741 632 814 ῶσπερ
656 741 751 795 καὶ⁸
781 740 1009 810 διηνεκῆ
1052 738 1218 794 πάλιν
1251 741 1660 812 μακαριότητα,
1683 730 1731 795 εί
1776 743 1834 794 ὲν

235 840 307 908 τῇ
347 833 599 906 παρούσῃ
634 832 728 887 τοῦ
788 830 1030 905 Χριστοῦ
1078 830 1264 885 πίστει
1311 832 1410 886 καὶ
1451 834 1520 904 τῇ
1572 832 1836 905 ὁμολογίᾳ

233 930 413 1001 ταύτῃ
443 925 845 996 τελειωοῶμεν.
880 925 943 978 Εἰ
972 924 1030 978 δὲ
1056 923 1138 977 ἔτι
1160 924 1269 996 χρὴ
1301 925 1398 978 καὶ
1426 926 1705 978 κοινωνεῖν
1739 926 1835 979 ἁλι

229 1021 418 1094 λήλοις
462 1019 575 1073 τῶν
600 1016 922 1088 συμφορῶν,
977 1017 1127 1087 ἡμᾶς
1160 1016 1241 1070 δεῖ
1267 1016 1470 1087 μᾶλλον
1494 1016 1603 1070 τῶν
1630 1017 1832 1089 ύμετέ·

236 1132 348 1184 ρων
375 1110 681 1183 λαμϐάνειν
709 1107 928 1173 κακῶν,
958 1107 1014 1161 οἵ
1040 1124 1099 1176 γε
1130 1109 1223 1160 τὸν
1245 1108 1422 1179 ἀληθῆ
1457 1108 1593 1163 Θεὸν
1626 1109 1834 1179 ἀγνοή-

234 1220 430 1266 σαντες
453 1200 696 1266 εἰδώλοις
716 1200 1085 1270 ἀναισθήτοις,
1115 1199 1217 1269 φεῦ
1243 1202 1255 1254 l
1286 1201 1380 1254 καὶ
1406 1203 1610 1269 κωφοῖς
1634 1200 1834 1264 ἀθλίως

235 1293 623 1365 προστίθεσθε.

304 1383 434 1439 ΝΖ’.
471 1382 614 1454 Πρὸς
639 1382 816 1437 ταῦτα
842 1382 1032 1446 δεινῶς
1059 1382 1419 1453 ὲκθηριωθεὶς
1447 1385 1476 1436 ὁ
1508 1382 1830 1453 Κουρίκιος,

242 1476 491 1545 Ἐπειδὴ.
529 1475 687 1545 φησι,
725 1473 944 1544 μοίρας,
999 1473 1075 1537 ὡς
1126 1474 1328 1540 ἔοικεν,
1376 1474 1501 1527 ἐστὲ
1562 1476 1833 1546 πονηρᾶς,

228 1570 334 1623 καὶ
362 1565 581 1639 χαίρετε
620 1566 849 1637 μᾶλλον,
883 1566 958 1630 ὡς
990 1567 1132 1635 ὁρῶ,
1161 1567 1590 1638 τιμωρούμενοι,
1618 1551 1731 1637 ἐγὼ
1764 1567 1835 1621 τὰ

229 1659 380 1713 κατὰ
404 1656 633 1727 γνώμην
660 1656 790 1726 ὑμῖν
816 1656 1117 1727 φιλοτίμως
1166 1656 1416 1725 παρέξω.
1462 1657 1694 1729 Σίδηρον
1740 1657 1834 1712 οὖν

227 1748 566 1822 ἐκπυρώσας
595 1745 740 1801 οὓτω
761 1747 1030 1819 σφοδρῶς,
1062 1746 1138 1811 ὡς
1172 1747 1269 1802 καὶ
1297 1748 1603 1820 σπινθῆρας
1629 1767 1836 1803 παντα-

228 1839 394 1910 χόθεν
450 1836 621 1908 πυρὸς
653 1837 899 1906 ἀφιέναι,
966 1839 1086 1902 ταῖς
1115 1837 1211 1891 τοῦ
1245 1838 1483 1909 μεγάλου
1517 1840 1833 1911 Κλήμεντος

230 1928 531 1985 ὑποϐάλλει
564 1928 906 1999 μασχάλαις’
932 1923 1052 1982 εἶτα
1084 1930 1182 1984 καὶ
1205 1934 1326 1993 ταῖς
1361 1931 1626 2003 πλευραῖς
1652 1934 1835 2003 ἀσφα-

227 2021 345 2084 λῶς
370 2021 495 2084 τοὺς
517 2020 778 2090 ἀγκῶνας
811 2021 1215 2091 ὲγκαταδήσας,
1255 2022 1344 2078 ἵνα
1371 2023 1466 2078 κα)¹
1496 2025 1836 2097 πικροτέρας

230 2112 560 2183 αἰσθάνηται
618 2112 720 2183 τῆς
780 2112 997 2185 ὀδύνης,
1043 2114 1201 2180 ξύλον
1255 2133 1314 2170 τε
1354 2117 1623 2189 ίσόμηκες
1681 2118 1836 2189 ἀνδρὶ

231 2205 381 2261 κατὰ
404 2205 511 2277 τῆς
534 2202 791 2275 πηγνύει,
823 2204 918 2260 καὶ
948 2206 1039 2260 τὸν
1073 2207 1367 2278 Κλήμεντά
1398 2209 1583 2281 ὄρθιον
1606 2213 1663 2264 ὲν
1684 2212 1836 2283 αὐτῷ

231 2299 602 2373 καταδεθῆναι
636 2300 887 2355 κελεύει·
911 2302 1005 2355 τὸν
1046 2302 1449 2373 Ἀγαθάγγελον
1472 2306 1531 2360 δὲ
1570 2308 1836 2379 μετεωρί-

234 2413 360 2459 σας,
420 2394 516 2447 καὶ
561 2391 791 2464 δημίους
854 2392 1122 2448 πάντοθεν
1180 2399 1540 2467 περιστήσας,
1592 2399 1834 2467 πλευρὰς

232 2480 403 2536 αὐτοῦ
433 2483 529 2536 καὶ
556 2484 774 2553 κνήμας
805 2483 1116 2550 κατέξαινε.
1160 2486 1386 2552 Μεταξὺ
1432 2487 1491 2540 δὲ
1520 2488 1615 2542 καὶ
1643 2488 1834 2561 ὥσπερ

232 2573 616 2644 ἐπιχλευάζων
643 2575 694 2628 εἰ
736 2574 1151 2630 ὲπαισθάνοιντο
1176 2579 1285 2630 τῦν
1318 2577 1600 2633 κολάσεων
1634 2579 1837 2652 διηρώο

229 2683 326 2720 τα.
377 2666 519 2738 Πρὸς
545 2666 656 2721 ὃνὸ
693 2666 867 2739 μέγας
901 2668 1135 2740 Κλήμης
1184 2670 1246 2723 τὸ
1296 2670 1392 2724 τοῦ
1442 2671 1660 2726 Παύλου
1691 2675 1835 2727 κατὰ

232 2754 434 2826 καιρὸν
459 2755 794 2840 ἀπεκρίνατο
814 2798 832 2824 ,
867 2758 1032 2811 Ὅσον
1054 2759 1083 2810 ό
1127 2758 1329 2826 ἔξωθεν
1357 2760 1515 2832 ἡμῶν
1544 2761 1833 2834 ἄνθρωπος

230 2846 524 2919 φθείρεται
549 2887 566 2914 ,
596 2848 794 2916 λέγων,
819 2849 1074 2903 τοσοῦτον
1105 2853 1133 2904 ὁ
1169 2851 1380 2906 ἔνδοθεν
1417 2855 1828 2912 ἀνακαινοῦται.

242 2944 305 2997 '0
331 2941 556 3013 ἡγεμὼν
583 2940 679 2999 οὖν
706 2944 804 3017 τὴν
826 2946 1037 3000 ἐκείνου
1068 2948 1168 3018 τῆς
1196 2949 1496 3020 καρτερίας
1524 2951 1833 3025 ὑπερϐολὴν

229 3027 509 3107 ὑπερϐολῇ
540 3037 701 3091 πάλιν
732 3037 1010 3091 κολάσεων
1062 3041 1288 3110 νικῆσαι
1348 3041 1699 3111 φιλονεικῶν,
1739 3046 1831 3098 καὶ

1938 560 2212 617 Laetamur
2236 564 2379 619 enim
2407 565 2492 621 bis
2514 566 2979 636 perpessionibus,
3008 572 3062 620 et
3084 579 3150 620 eo
3169 565 3359 636 magis,
3387 565 3529 633 quod

1939 667 2045 707 non
2082 653 2209 709 talia
2238 655 2371 725 pati,
2419 659 2826 727 perpessionem
2862 670 2983 713 esse
3009 656 3261 713 ducimus
3290 663 3343 710 et
3383 654 3524 709 cala-

1941 746 2219 817 mitatem;
2262 749 2406 805 sicut
2437 750 2604 805 etiam
2645 758 2961 820 perpetuam
3007 764 3199 805 rursus
3228 748 3527 805 beatitudi-

1940 854 2095 906 nem,
2126 842 2172 897 si
2205 841 2260 896 in
2288 841 2540 912 praesenti
2572 841 2777 897 Christi
2824 841 2928 896 fide
2962 850 3019 896 et
3049 844 3102 896 in
3136 841 3242 896 hac
3269 855 3528 897 consum-
3554 903 3564 913 ο

1939 946 2155 988 memur
2181 935 2552 991 confessione.
2583 934 2741 1003 Quod
2772 936 2818 990 si
2851 944 3063 1003 oportet
3098 948 3196 989 nos
3228 947 3351 987 esse
3384 932 3529 987 inter

1937 1041 2039 1081 nos
2096 1029 2278 1084 socios
2333 1027 2744 1095 calamitatum,
2796 1034 3017 1096 Oportet
3069 1039 3168 1082 nos
3222 1033 3524 1078 vestrorum

1940 1117 2205 1172 malorum
2246 1118 2428 1189 potius
2470 1120 2721 1175 misereri
2747 1122 2776 1184 ,'
2802 1121 2893 1190 qui
2928 1131 3120 1172 verum
3168 1115 3336 1170 Deum
3374 1115 3527 1186 igno-

1941 1220 2156 1278 rantes,
2198 1210 2345 1267 nullo
2375 1227 2538 1269 sensu
2570 1212 2810 1283 praeditis
2870 1210 3046 1281 (prob
3094 1207 3327 1277 dolor!)
3363 1206 3531 1262 simu-

1940 1300 2101 1357 Iacris
2131 1312 2182 1356 et
2216 1303 2396 1359 surdis
2431 1304 2630 1359 misere
2656 1302 2788 1358 estis
2820 1301 3009 1356 dediti.

2012 1392 2172 1448 LVII.
2203 1395 2299 1450 His
2323 1379 2562 1465 graviter
2600 1393 2858 1449 elleratus
2895 1392 3144 1447 Curicius
3178 1407 3193 1444 :
3222 1387 3487 1458 Quoniam
3510 1425 3526 1452 ,

1943 1487 2140 1557 inquit,
2198 1496 2258 1541 ut
2291 1486 2523 1551 videtur,
2566 1489 2845 1541 malarum
2892 1487 3027 1541 estis
3061 1482 3319 1554 partium,
3360 1490 3436 1544 et,
3471 1489 3529 1535 ut

1938 1582 2181 1647 videtur,
2236 1580 2492 1634 laetamini
2528 1579 2654 1633 dum
2682 1577 3001 1634 cruciamini
3031 1617 3045 1636 ,
3096 1591 3195 1646 ego
3234 1588 3354 1644 quae
3401 1580 3529 1628 sunt

1939 1670 2090 1725 vobis
2145 1669 2339 1735 cordi,
2420 1668 2673 1738 praebebo
2728 1666 3023 1721 liberaliter
3092 1675 3147 1735 et
3209 1662 3524 1732 magniﬁce.

1936 1763 2072 1818 Cttm
2102 1763 2285 1832 itaque
2317 1760 2502 1815 statim
2535 1758 2735 1814 ferrum
2779 1760 3133 1813 vehementer
3164 1755 3525 1819 accendisset,

1939 1865 1997 1908 ut
2031 1853 2192 1908 etiam
2226 1854 2365 1923 ignis
2422 1850 2688 1905 scintillas
2739 1850 3098 1920 nndequaque
3146 1847 3438 1912 emitteret,
3477 1846 3530 1900 id

1938 1947 2154 2016 subjieit
2190 1945 2370 1999 axillis
2420 1943 2601 2014 magni
2656 1938 2957 2018 Clementis
2999 1960 3013 1996 :
3065 1947 3121 1994 et
3152 1939 3349 1994 deinde
3401 1952 3527 1993 cum

1938 2038 2199 2093 lateribus
2225 2037 2383 2091 ulnas
2419 2034 2637 2090 fortiter
2681 2033 2996 2102 alligasset,
3031 2040 3090 2085 ut
3127 2030 3368 2094 dolorem
3402 2043 3529 2083 sena

1939 2130 2065 2185 tiret
2124 2128 2499 2193 acerbiorem,
2546 2126 2753 2196 lignum
2794 2122 3167 2194 magnitudine
3215 2120 3263 2176 ei
3319 2118 3530 2190 aequale

1938 2222 2052 2290 ligit
2077 2221 2129 2274 in
2156 2228 2357 2274 terram
2393 2237 2407 2272 :
2443 2229 2494 2272 et
2520 2216 2857 2271 Clementem
2886 2214 3103 2284 quidem
3127 2211 3280 2282 jubet
3315 2222 3525 2265 rectum

1940 2316 1993 2368 in
2026 2330 2091 2367 eo
2123 2311 2333 2381 alligari
2373 2327 2387 2364 :
2417 2325 2538 2365 cum
2564 2307 2995 2378 Agatltangelnm
3030 2315 3211 2359 autem
3237 2302 3528 2359 sublimem

1937 2404 2287 2469 sustulisset,
2329 2415 2383 2456 et
2422 2400 2645 2456 lictores
2699 2401 2845 2455 circa
2898 2412 3022 2453 cum
3077 2396 3222 2450 onmi
3272 2410 3337 2450 ex
3374 2403 3530 2464 parte

1936 2498 2248 2562 statuisset,
2301 2509 2490 2549 eorum
2544 2492 2712 2548 latera
2754 2500 2808 2546 et
2857 2489 3018 2544 tibias
3054 2487 3214 2544 simul
3263 2486 3527 2543 czedebat.

1937 2589 2157 2645 interim
2199 2598 2379 2644 autem
2410 2603 2504 2641 eos
2540 2586 2706 2640 veluti
2740 2584 3107 2648 subsannans,
3162 2582 3532 2651 interrogabat

1937 2702 2004 2739 an
2051 2683 2322 2740 sentirent
2372 2680 2659 2752 supplicia.
2708 2678 2806 2733 Cui
2846 2691 3071 2746 magnus
3107 2676 3358 2730 Clemens
3396 2673 3526 2728 illud

1936 2778 2087 2833 Pauli
2117 2777 2136 2807 ⁶
2195 2775 2249 2828 in
2294 2783 2540 2841 tempore
2587 2769 2865 2839 respondit
2899 2789 2912 2824 :
2945 2767 3217 2835 Quantum
3266 2775 3528 2820 emet-nus

1942 2871 2102 2923 homo
2135 2877 2322 2922 noster
2353 2862 2749 2933 corrumpitur,
2791 2860 3003 2924 dicens,
3043 2863 3249 2911 tantum
3284 2857 3527 2909 internus

1938 2970 2249 3013 renovatur.
2294 2955 2411 3010 Dux
2463 2956 2643 3024 itaque
2687 2967 2957 3008 summam
3005 2951 3147 3006 illius
3183 2948 3524 3004 tolerantiam

1938 3051 2272 3103 eoatendens
2302 3060 2492 3100 rursus
2521 3044 2751 3101 summis
2782 3056 3040 3112 superare
3071 3040 3374 3109 suppliciis.
3415 3038 3527 3093 fer-

231 3123 461 3195 σιδηρᾶν
490 3127 928 3197 περικεφαλαίαν
956 3128 1033 3193 ῶς
1056 3130 1184 3200 ἐνῆν
1224 3129 1458 3200 μάλιστα.
1479 3132 1827 3204 ἐκπυρώσσς,

1941 3155 2087 3196 ream
2123 3154 2342 3210 quoque
2381 3137 2611 3209 galeam,
2642 3151 2765 3191 cum
2801 3151 2921 3191 eam
2950 3144 3212 3205 quantum
3259 3132 3527 3202 potuisset

229 3216 328 3271 ἐπὶ
360 3217 460 3289 τὴν
490 3218 736 3291 κεφαλὴν
792 3220 977 3293 φέρων
1026 3221 1119 3275 τοῦ
1158 3224 1437 3295 μάρτυρος
1472 3227 1824 3297 κατατίθησι,

228 3310 325 3363 καὶ
354 3310 566 3375 καπνὸς
588 3310 690 3381 μὲν
714 3312 916 3367 αὐτίκα
943 3311 1034 3367 διὰ
1058 3313 1152 3367 τοῦ
1185 3314 1478 3386 στόματος,
1501 3316 1612 3370 τῶν
1641 3318 1827 3388 ῥινῶν.

225 3400 342 3455 τῶν
371 3399 528 3455 ὢτων
552 3402 855 3474 ἐπέμπετο.
895 3404 1041 3459 Βαθὺ
1070 3407 1337 3472 στενάξας
1366 3409 1575 3474 ἐκεῖνος
1612 3410 1709 3464 καὶ
1737 3411 1829 3465 τὸν

225 3493 361 3547 Θεὸν
400 3493 856 3566 ἑπιδοησάμενος,
894 3498 968 3551 Τὸ
999 3498 1167 3568 ὕδωρ,
1229 3495 1375 3565 εἶπε,
1415 3501 1476 3555 τὸ
1507 3501 1639 3570 ζῶν,
1665 3506 1693 3559 ὁ
1725 3504 1828 3574 τῆς

225 3585 512 3657 σωτηρίας
575 3586 733 3657 ἡμῶν
791 3588 985 3652 ὑετὸς,
1022 3590 1185 3655 αὐτὸς
1248 3593 1542 3662 ὲπίσταξόν
1583 3614 1673 3667 μοι
1722 3598 1827 3670 τὴν

221 3678 415 3749 δρόσον
452 3679 554 3750 τὴν
587 3679 743 3752 παρὰ
782 3680 896 3737 σοῦ.
938 3683 1240 3755 Ἐξήγαγες
1265 3686 1413 3757 ἡμᾶς
1449 3687 1509 3741 τὸ
1538 3689 1669 3761 πρὶν
1703 3689 1830 3744 68a—

218 3786 341 3837 τος,
370 3770 611 3842 ἐξάγαγε
642 3773 737 3827 καὶ
772 3774 870 3828 νῦν
898 3776 962 3829 ὲκ
991 3777 1165 3846 πυρὸς
1193 3778 1273 3842 είς
1299 3779 1602 3853 ἀναψυχήν.
1640 3783 1829 3840 Ταῦτα

221 3857 400 3929 εἶπεν,
454 3863 550 3917 καλ⁵
607 3865 748 3918 κατὰ
789 3866 985 3937 μικρὸν
1033 3867 1244 3939 ψυχρόν
1298 3887 1358 3923 τε
1409 3871 1469 3925 τὸ
1522 3873 1827 3945 μηχάνημα

220 3954 403 4008 ἐκεῖνο
458 3954 719 4028 κατέστη,
781 3958 875 4011 καὶ
916 3960 967 4013 al
1017 3961 1107 4015 τὸν
1153 3962 1559 4033 Ἀγαθάγγελον
1611 3966 1827 4031 ξέοντες

222 4044 641 4116 ἀπηγόρευσαν.
678 4046 858 4118 Ὅπερ
887 4047 979 4103 οὖν
1016 4049 1194 4104 ἰδόντα
1221 4051 1312 4105 τὸν
1341 4053 1586 4124 ἡγεμόνα
1621 4054 1824 4126 τρόμος

218 4143 282 4189 ῖτε
307 4137 408 4190 σὺν
435 4136 699 4207 ἐκπλήξει
724 4141 988 4211 κατέσχε,
1021 4143 1116 4196 καὶ
1140 4144 1265 4208 τοὺς
1293 4144 1481 4215 ἁγίους
1512 4147 1825 4217 ἀπάγεσθαι

220 4228 364 4298 πρὸς
391 4228 452 4280 τὸ
482 4228 862 4302 δεσμωτήριον
895 4232 1059 4295 εὐθὺς
1109 4235 1390 4304 ἐκέλευσε,
1447 4238 1548 4310 τὴν
1585 4240 1824 4312 ἀπορίαν

221 4320 282 4370 ἐν
317 4319 668 4390 προσχήματι
695 4326 1042 4391 συμπαθείας
1067 4323 1434 4397 διαλυόμενῡς.

297 4410 438 4465 NH’.
477 4411 541 4465 Ἢ
573 4412 757 4482 μέντοι
784 4415 923 4488 σοῃὴ
955 4415 1146 4487 Σοφία,
1172 4421 1204 4489 ἡ
1231 4420 1321 4474 καὶ
1341 4422 1547 4493 μήτηρ,
1577 4423 1652 4486 ὠς
1677 4425 1705 4476 ὁ
1732 4423 1822 4477 λό-

1936 3232 2314 3298 acceudissct,
2360 3229 2542 3285 ferens
2581 3228 2764 3299 posuit
2809 3242 2968 3297 supra
3006 3237 3167 3294 caput
3218 3224 3521 3294 martyris:

1934 3331 1989 3379 et
2041 3323 2223 3378 statim
2269 3323 2450 3378 fumus
2500 3321 2719 3392 quidem
2782 3319 3102 3373 mittebatur
3155 3331 3250 3388 per
3287 3331 3379 3381 os,
3429 3330 3527 3382 per

1937 3431 2134 3479 nares,
2187 3430 2286 3486 per
2336 3429 2518 3470 aures.
2569 3413 2703 3467 Cum
2737 3411 2824 3465 ille
2854 3419 3036 3465 autem
3075 3406 3339 3477 profunde
3379 3405 3528 3473 inge-

1933 3507 2195 3572 muisset,
2242 3516 2295 3562 et
2328 3508 2494 3563 Deum
2544 3507 2849 3560 invocasset
2882 3519 2895 3555 :
2933 3501 2976 3555 0
3015 3516 3191 3569 aqua,
3234 3497 3523 3568 inquiens,

1933 3597 2077 3663 viva,
2121 3597 2298 3652 imber
2338 3607 2541 3651 nostra:
2588 3595 2801 3653 salutis.
2854 3593 2989 3658 ipse,
3027 3590 3222 3657 inquit,
3258 3599 3406 3642 tuum
3441 3587 3525 3641 in—

1933 3688 2074 3744 stilla
2133 3687 2268 3742 mibi
2329 3702 2532 3742 rorem.
2600 3683 2710 3740 Nos
2774 3683 2990 3752 quidem
3048 3683 3197 3749 prius
3256 3693 3320 3733 ex
3382 3694 3522 3747 aqua

1932 3780 2191 3846 eduxisti,
2227 3790 2283 3835 et
2326 3793 2469 3833 nunc
2496 3794 2559 3833 ex
2591 3777 2712 3848 igne
2738 3777 2875 3829 educ
2904 3773 2955 3826 in
3000 3771 3360 3840 refrigerium.
3396 3769 3524 3825 Haec

1932 3872 2100 3934 dixit,
2148 3881 2200 3925 ct
2231 3870 2492 3941 paulatim
2547 3868 2741 3937 frigida
2778 3865 2949 3919 evasit
2999 3864 3086 3917 illa
3140 3861 3388 3917 machina
3415 3900 3431 3925 ,
3467 3867 3524 3917 et

1933 3963 2128 4018 defessi
2174 3970 2332 4027 sunt,
2378 3960 2466 4031 qui
2521 3960 2696 4030 ipsum
2736 3960 3015 4013 caedebant
3063 3954 3516 4027 Agatbangelum.

1930 4054 2083 4122 Quod
2121 4053 2341 4125 quidem
2394 4068 2516 4107 cum
2557 4052 2663 4106 dux
2701 4051 2947 4112 vidisset,
2983 4062 3108 4102 eum
3158 4046 3357 4101 invasit
3407 4056 3520 4100 tre-

1932 4162 2055 4202 mor
2088 4156 2143 4201 et
2176 4135 2507 4211 admiratio;
2539 4153 2592 4198 ct
2634 4143 2818 4198 statim
2856 4141 3022 4212 jussit
3068 4149 3288 4193 sanctos
3326 4137 3519 4193 abduci

1930 4241 1982 4294 in
2021 4254 2329 4304 carcerem,
2374 4238 2612 4307 inopiam
2652 4235 2862 4291 consilii
2902 4241 3090 4303 tegens
3123 4242 3386 4302 praetextu
3422 4232 3525 4286 mi-

1929 4333 2262 4388 sericordiae.

2001 4420 2183 4478 LVlll.
2218 4421 2450 4492 Sapiens
2482 4432 2663 4475 autem
2701 4418 2925 4489 Sophia,
2960 4433 3115 4487 (tuae.
3152 4427 3209 4471 ut
3247 4415 3518 4480 diximus,

221 4518 321 4568 γος
362 4503 574 4571 φθάσας
598 4504 855 4576 ἐδήλωσε,
892 4509 986 4561 καὶ
1014 4510 1387 4579 παιδαγωγὸς,
1422 4515 1515 4566 καὶ
1539 4515 1718 4570 πάντα
1744 4516 1823 4587 τῷ

1934 4512 2049 4580 ejus
2079 4523 2200 4567 erat
2230 4521 2283 4565 et
2322 4520 2497 4566 mater
2532 4521 2584 4563 et
2614 4508 2952 4571 institutrix,
2986 4516 3041 4561 et
3076 4507 3215 4561 bono
3251 4504 3517 4558 Clementi

221 4593 378 4663 καλῷ
407 4595 693 4666 Κλήμεντι
720 4599 1013 4672 γενομένη,
1048 4603 1136 4656 διὰ
1171 4603 1362 4674 χρόνου
1390 4603 1581 4659 τοῦτον
1613 4606 1819 4676 ἰδοῦσα,

218 4683 367 4738 οὕτω
398 4703 458 4738 τε
494 4688 636 4757 μετὰ
689 4688 785 4743 τοῦ
845 4691 1055 4762 κόσμου
1086 4695 1186 4764 τῆς
1218 4694 1514 4762 ὁμολογίας
1546 4698 1641 4750 καὶ
1670 4697 1815 4769 λαμ-

219 4776 370 4846 πρᾶς
404 4776 773 4833 ἐπανελθόντα
823 4782 925 4851 τῆς
970 4781 1065 4835 τοῦ
1115 4783 1419 4855 μαρτυρίου
1474 4785 1689 4855 στολῆς,
1727 4790 1820 4841 καὶ

224 4866 391 4921 πάλιν
422 4869 858 4941 ἐπιφανέστερον
886 4876 944 4925 ὲν
961 4875 1028 4944 τῇ
1062 4876 1282 4945 πατρίδι
1304 4879 1369 4946 τῇ
1399 4878 1692 4953 προσθήκῃ
1713 4881 1821 4933 τῶν

222 4957 487 5010 κινδύνων
515 4960 811 5030 γενόμενον
841 4964 1047 5034 μεστήν
1069 4981 1129 5017 τε
1155 4962 1305 5036 εἶχεν
1332 4968 1528 5039 ἡδονῆς
1552 4972 1652 5038 τὴν
1683 4989 1822 5043 καρ-

218 5049 363 5114 δίαν,
395 5051 491 5104 καὶ
522 5053 832 5124 προσεδόκα
863 5055 990 5113 ὅσον
1024 5057 1238 5112 οὐδέπω
1278 5065 1816 5134 καταπεμπομένους

217 5142 429 5196 ἄνωθεν
455 5142 552 5197 καὶ
578 5145 705 5210 τοὺς
741 5148 1041 5217 στεφάνους
1077 5149 1229 5207 ίδετν.
1256 5152 1469 5218 Νυκτὸς
1492 5154 1549 5207 δὲ
1584 5156 1719 5227 πρὸς
1751 5157 1811 5209 τὸ

216 5236 597 5308 δεσμωτήριον
631 5239 944 5311 ἀφικομένη
995 5243 1092 5296 xui.
1142 5243 1222 5314 τῷ
1276 5245 1557 5316 Κλήμεντι
1593 5249 1667 5311 ὡς
1697 5244 1810 5318 εἶχε

218 5328 604 5399 περιχυθεῖσα,
635 5334 728 5387 καὶ
756 5333 950 5405 ἡδονῆς
980 5335 1070 5389 ἐπ’
1090 5336 1242 5407 αὐτῷ
1280 5336 1487 5404 δάκρυα
1539 5341 1811 5395 καταστά-

216 5420 408 5487 ζουσα,
430 5421 494 5476 τὸ
523 5425 723 5496 στόμα,
748 5428 845 5492 τὰς
875 5432 1087 5499 χεῖρας,
1122 5430 1247 5494 τοὺς
1272 5430 1601 5500 ὀφθαλμοὺς,
1630 5435 1808 5487 πάντα

216 5514 431 5570 ἐκείνου
484 5517 725 5587 γνησίως
777 5521 1058 5591 κατεφίλει
1111 5521 1180 5578 τὰ
1218 5524 1375 5595 μέλη.
1416 5523 1647 5579 Ἔπειτα
1693 5527 1812 5591 πῶς

206 5606 425 5664 ἐκεῖθεν
481 5610 729 5678 πλεύσοι,
778 5614 922 5669 τίσιν
954 5617 1309 5688 παραδοθείη,
1342 5619 1462 5673 τίνκ
1508 5618 1575 5672 τὰ
1607 5618 1809 5689 μεταξὺ

286 5790 305 5820 ε
329 5788 379 5847 tt
408 5791 538 5850 Ger.
568 5805 649 5860 ιν,
682 5791 769 5847 ιθ..

1938 4604 2129 4659 rlTeeta
2170 4614 2291 4659 erat
2326 4603 2508 4658 omnia
2531 4645 2547 4668 ,
2589 4617 2709 4655 cum
2746 4610 2863 4669 post
2898 4598 3117 4667 longum
3152 4606 3362 4666 tempus
3392 4611 3516 4648 cura

1932 4698 2157 4752 vidisset
2197 4695 2278 4750 sic
2337 4694 2568 4749 rediisse
2610 4708 2731 4747 cum
2780 4698 2975 4745 ornatu
3029 4688 3424 4754 confessionis,
3465 4698 3520 4742 et

1927 4788 2210 4857 Splendida
2245 4788 2381 4841 stola
2417 4784 2665 4857 martyrii
2695 4823 2711 4849 ,
2745 4792 2800 4836 et
2835 4796 3025 4836 rursus
3059 4782 3113 4835 in
3162 4772 3344 4848 patria
3391 4797 3524 4835 eva-

1928 4882 2064 4935 sisse
2124 4879 2411 4934 clariorem
2463 4865 2778 4931 accessione
2826 4873 3229 4942 periculorum,
3280 4873 3515 4928 habebat

1923 4990 2018 5028 eor
2063 4973 2283 5043 plenum
2333 4970 2547 5038 laetitia,
2588 4979 2642 5022 et
2687 4966 2942 5037 sperabat
2989 4980 3049 5020 se
3099 4980 3223 5019 mox
3278 4966 3514 5018 \‘isnratn

1928 5082 2198 5133 coronas,
2241 5081 2361 5134 quin
2421 5066 2655 5133 desuper
2690 5063 3058 5115 mitterentur.
3112 5059 3282 5114 Noctu
3336 5072 3513 5113 autem

1923 5161 2143 5215 veniens
2173 5163 2231 5214 in
2255 5172 2535 5214 carcerem
2558 5197 2573 5221 ,
2604 5154 2886 5225 complexa
2916 5153 3249 5210 Clementem
3273 5192 3287 5215 ,
3323 5163 3374 5207 et
3407 5168 3515 5219 pra:

1923 5252 2118 5319 gaudio
2181 5251 2233 5306 in
2284 5266 2407 5306 eum
2451 5249 2712 5303 emittens
2764 5246 3070 5316 laerymas,
3132 5258 3233 5308 os,
3285 5256 3511 5305 manus,

1924 5345 2140 5409 oculos,
2170 5354 2226 5400 et
2280 5342 2461 5398 omnia
2494 5342 2727 5411 denique
2762 5339 2907 5394 illius
2964 5337 3206 5393 membra
3257 5350 3515 5404 gertmme

1922 5448 1975 5491 et
2031 5437 2272 5491 suaviter
2307 5431 2746 5490 deosculabatur.
2795 5429 2998 5485 Deinde
3043 5428 3315 5496 quomodo
3369 5426 3516 5480 illinc

1919 5529 2279 5601 navigaverit,
2314 5528 2641 5597 quibusnam
2682 5524 2913 5579 traditus
2951 5523 3139 5590 fuerit,
3176 5530 3230 5574 et
3257 5533 3511 5588 qumnam

1914 5620 2136 5678 interim
2178 5619 2532 5683 sustinuerit,
2579 5626 2633 5674 et
2667 5615 3124 5687 quemadmodum
3160 5622 3314 5670 tanto
3369 5623 3510 5667 tem-
