4116 6414
555 378 664 441 863

560 583 661 638 boc
683 580 816 635 duce
845 576 1224 639 decertaverit,
1257 583 1310 630 et
1344 590 1465 629 cum
1511 589 1575 629 eo
1614 587 1801 628 rursus
1834 582 1918 627 est
1953 571 2127 627 inclu-

556 683 686 738 sus,
732 669 943 741 singula
994 676 1179 740 aperte
1228 666 1601 738 interrogavit.
1656 665 1948 735 Postquam
1998 679 2129 718 vero

558 778 786 834 magnus
833 760 1085 816 Clemens
1135 758 1445 829 singulatim
1488 756 1707 821 omnia,
1752 755 2024 826 quomodo
2070 768 2131 810 se

558 855 852 921 haberent,
887 853 1167 921 exposuit,
1206 866 1326 906 cum
1380 862 1568 903 eorum
1620 848 1965 903 abstersisset
1998 860 2127 900 san-

557 948 804 1017 guinem,
835 954 889 1001 et
924 944 1140 1000 mundis
1174 944 1358 998 linteis
1389 942 1698 996 inundasset
1744 937 1965 993 vulnera
1988 977 2004 1001 ,
2047 936 2128 992 eis

558 1038 779 1109 apponit
807 1036 1084 1100 alimenta,
1114 1035 1313 1106 quibus
1342 1034 1546 1090 sciebat
1568 1031 1899 1088 Clementem
1931 1030 2123 1085 nutriri

559 1136 627 1190 ab
661 1134 877 1187 ineunte
913 1138 1087 1185 actate.

628 1241 766 1299 LIX.
804 1241 938 1296 Cum
971 1239 1188 1296 interim
1217 1246 1396 1291 autem
1421 1234 1819 1290 considerasset
1855 1231 2124 1301 Curicius,

558 1336 700 1407 quod
758 1333 897 1387 nihil
948 1333 1015 1385 ab
1057 1344 1122 1384 eo
1177 1333 1358 1396 posset
1396 1325 1658 1395 ejusmodi
1710 1323 2005 1395 excogitari
2059 1326 2126 1379 ad

558 1424 906 1493 supplicium,
956 1429 1013 1474 ut
1051 1421 1290 1473 virorum
1340 1428 1541 1470 tantam
1573 1424 1852 1485 superaret
1894 1415 2129 1470 toleran-

559 1511 720 1579 tiam,
753 1513 956 1570 vicario
982 1508 1215 1575 cuidam,
1246 1509 1331 1563 cui
1388 1518 1515 1563 tunc
1566 1506 1957 1562 Amesenorum
2000 1507 2126 1561 data

556 1620 674 1665 erat
708 1607 1104 1663 administratio
1132 1605 1288 1676 (erat
1317 1613 1497 1659 autem
1531 1602 1578 1656 ei
1612 1616 1805 1656 notnen
1830 1601 2124 1671 Domitius)

557 1701 624 1755 de
649 1699 728 1754 eis
757 1697 978 1752 mandat
1000 1696 1385 1764 cognitionem.
1410 1694 1545 1749 Cum
1570 1700 1695 1747 vero
1718 1693 1784 1748 ad
1812 1710 1931 1747 cum
1956 1692 2123 1747 (lelill-

1796 373 2079 434 ΜΕΝὲιὸ
2107 370 2564 433 JANUARIUS.

558 507 689 561 pore
720 488 1073 544 tit-certaverit
1095 529 1109 553 ,
1148 495 1201 541 et
1227 486 1478 556 quisnam
1501 484 1605 546 sit,
1642 482 1732 553 qui
1767 497 1887 537 cum
1921 497 1989 536 eo
2022 482 2122 536 sub

2232 479 2529 548 ύπομείνοι,

3697 360 3809 428 εοι

2591 479 2738 540 ὅπως
2772 493 2831 529 τε
2887 474 2977 530 τὸν
3025 473 3276 529 τοσοῦτον
3304 472 3555 545 ἀθλήσειε
3588 474 3809 544 χρόνον,

2230 572 2322 626 καὶ
2365 570 2448 634 τίς
2505 571 2533 621 ὁ
2563 569 2658 623 καὶ
2694 567 3032 638 συναθλήσας
3095 566 3189 619 ἐπὶ
3224 564 3319 618 τοῦ
3353 563 3621 634 ἡγεμόνος
3656 566 3810 634 αὐτῷ

2230 666 2324 719 καὶ
2353 664 2469 735 μετ’
2493 660 2658 717 αὐτοῦ
2686 661 2849 716 πάλιν
2882 658 3358 729 ὲγκεκλεισμένος,
3385 657 3592 709 ἕκαστα
3618 658 3813 726 σαφῶς

2229 753 2507 824 ἀνηρώτα.
2551 752 2701 807 Ἐπεὶ
2729 752 2785 805 δὲ
2807 753 2836 805 ὁ
2865 751 3037 820 μέγας
3069 749 3301 817 Κλήμης
3320 748 3468 811 ὅπως
3491 745 3603 816 εἷχε
3629 748 3811 801 πάντα

2229 842 2373 899 κατά
2400 843 2563 912 μέρος
2594 840 2946 911 ἀπήγγειλεν,
2983 839 3167 907 ἀποψή
3177 850 3317 890 σασα
3337 837 3544 890 τούτων
3559 837 3621 890 τδ
3641 833 3809 907 αἷμα,

2230 935 2322 989 καὶ
2351 933 2619 1004 καθαραῖς
2648 932 2717 985 τά
2747 930 3040 1002 τραύματα
3069 929 3301 983 σινδόσιν
3338 928 3649 996 ἐκμάξασα,
3680 946 3813 999 τρο-

2229 1026 2336 1095 φὰς
2358 1026 2541 1087 αὐτοῖς
2569 1022 2934 1095 παρατίθησιν
2963 1016 3052 1085 αἷς
3082 1023 3148 1075 εκ
3176 1020 3366 1084 παιδὸς
3389 1020 3481 1074 τὸν
3513 1021 3813 1091 Κλήμεντα

2227 1115 2344 1187 ᾔδει
2367 1112 2724 1185 τρεφόμενον.

2297 1217 2424 1275 ΝΘ¹,
2476 1218 2566 1270 Ἐν
2590 1216 2764 1287 τούτῳ
2822 1215 2880 1269 δὲ
2939 1214 3279 1287 σκεψάμενος
3316 1216 3345 1269 ὁ
3381 1214 3698 1287 Κουρίκιος,
3735 1212 3815 1281 ὡς

2228 1313 2336 1383 ἀρα
2365 1312 2520 1367 οὐδὲν
2568 1312 2720 1383 αὐτῷ
2751 1311 3072 1382 τηλικοῦτον
3107 1311 3426 1381 ἐπινοηθείη
3459 1313 3597 1382 πρὸς
3630 1328 3812 1383 τιμω-

2230 1404 2373 1472 ρίαν,
2395 1402 2533 1456 ὦστε
2558 1404 2853 1474 καρτερίας
2875 1403 3083 1474 ἀνδρῶν
3106 1402 3376 1474 τοσαύτης
3401 1404 3811 1475 περιγενέσθαι,

2229 1492 2462 1563 βικαρίῳ
2489 1492 2600 1546 τινὶ
2644 1494 2744 1565 τὴν
2805 1492 3117 1565 Ἀμισηνῶν
3163 1496 3342 1567 ἀρχὴν
3392 1495 3456 1549 τὸ
3510 1494 3816 1567 τηνικαῦτα

2225 1584 2462 1638 διέποντι
2490 1585 2767 1657 (Δομέτιος
2795 1586 2945 1658 αὐτῷ
2966 1587 3155 1657 ὄνομα)
3198 1589 3267 1641 τά
3312 1588 3453 1642 κατά
3472 1588 3600 1651 τοὺς
3624 1588 3817 1655 ἁγίους

2227 1675 2564 1747 ἀνατίθησιν.
2604 1677 2920 1749 Ἀγομένοις
2942 1677 3000 1731 δὲ
3032 1681 3145 1740 τοῖς
3178 1678 3416 1750 μάρτυσι
3448 1678 3585 1750 πρὸς
3620 1678 3810 1743 αὐτὸν,

557 1740 623 1755 ..υ
650 1740 728 1754 υ...
1000 1740 1385 1764 ν..,,...-.ν..ν....
1414 1740 1543 1749 μ.-.
1581 1740 1692 1747 .-.ν
1719 1740 1784 1748 -_

554 1799 808 1847 cerentur
837 1799 1135 1858 martyres,
1168 1803 1286 1858 quae
1321 1786 1550 1841 filiorum
1584 1795 1674 1840 aut
1706 1794 2000 1855 martyrum
2031 1800 2129 1855 po-

2232 1767 2262 1837 ή
2295 1740 2569 1835 φιλόπαις,
2595 1768 2628 1838 ὴ
2661 1740 2998 1838 φιλόμαρτυς
3038 1740 3237 1839 μᾶλλον
3258 1740 3360 1823 οὐκ
3385 1740 3544 1839 ἔσχεν
3566 1740 3817 1822 ήάπολειέ

551 1885 662 1939 tius
692 1896 878 1937 amore
910 1881 1213 1945 tenebatur,
1248 1879 1315 1932 ab
1344 1878 1423 1932 eis
1452 1879 1641 1933 abesse
1671 1892 1774 1931 non
1806 1877 2000 1944 potuit,
2034 1877 2126 1932 sed

555 1984 811 2045 prompto
847 1980 901 2026 et
950 1970 1114 2024 alacri
1153 1969 1331 2024 animo
1374 1970 1705 2038 sequebatur
1757 1985 1880 2022 cum
1914 1970 1981 2025 iis
2038 1971 2127 2039 qui

554 2064 624 2119 ab
669 2073 740 2119 ea‘
781 2056 1086 2125 alebantur,
1142 2059 1364 2130 pueris;
1400 2073 1536 2129 quos
1586 2059 1825 2129 quidem,
1876 2068 1934 2113 ut
1980 2059 2130 2130 prius

555 2152 791 2205 diximus
812 2191 827 2216 ,
865 2151 913 2205 ei
944 2144 1196 2203 Clemens
1226 2147 1514 2203 asciverat.

626 2259 740 2315 LX.
769 2250 906 2313 Cum
938 2266 1115 2311 autem
1141 2254 1206 2311 ad
1240 2253 1624 2310 Maximianum
1654 2256 1837 2311 statim
1872 2264 2016 2311 esset
2041 2269 2131 2312 re-

554 2349 720 2405 latum
755 2348 819 2403 de
846 2346 1027 2417 pueris
1047 2383 1064 2410 ,
1092 2344 1246 2414 jubet
1272 2352 1358 2411 ut,
1399 2344 1446 2399 si
1477 2343 1743 2397 voluerint
1775 2342 1991 2413 quidem
2023 2344 2133 2398 dis-

554 2437 746 2491 cedere
782 2451 811 2490 a
863 2434 1137 2489 Clemente
1160 2472 1174 2497 .
1207 2433 1287 2487 eis
1319 2432 1597 2499 permittat
1630 2433 1845 2487 domum
1900 2434 2078 2487 redire
2114 2450 2129 2485 :

555 2519 641 2583 sin
698 2540 829 2581 vero
859 2525 927 2580 ab
973 2538 1042 2580 co
1067 2538 1174 2578 non
1230 2521 1387 2577 facile
1423 2523 1711 2590 recedant,
1755 2529 1811 2575 ut
1840 2536 1935 2575 eos
1968 2521 2130 2575 morti

556 2618 735 2675 dedat.
768 2617 901 2675 Cum
933 2617 1047 2672 bazc
1075 2630 1204 2685 ergo
1227 2614 1280 2668 in
1309 2627 1500 2684 pueros
1528 2614 1635 2667 lata
1661 2621 1808 2668 esset
1839 2614 2128 2678 sententia,

558 2726 654 2766 eos
709 2707 1181 2779 apprehendentes
1233 2701 1461 2771 milites,
1516 2703 1853 2758 conabantur
1901 2718 1996 2757 eos
2035 2717 2133 2773 per

558 2803 670 2859 vim
707 2801 939 2858 avellere
970 2815 1002 2855 a
1030 2805 1287 2869 martyre.
1321 2795 1456 2851 Cum
1487 2794 1555 2849 ab
1582 2810 1647 2849 eo
1681 2804 1862 2849 autem
1899 2794 2130 2864 disjupgi

554 2904 664 2951 non
695 2893 1060 2958 sustinerent,
1104 2889 1252 2960 ipsos
1285 2902 1344 2945 se
1380 2886 1531 2942 humi
1573 2884 1910 2955 dejicientes,
1930 2896 1984 2940 et
2014 2901 2134 2940 am-

555 2988 726 3045 babus
754 2985 1007 3041 manibus
1034 2982 1197 3055 pedes
1219 2981 1364 3036 illius
1394 2980 1785 3050 amplectentes
1804 3019 1818 3044 ,
1847 2994 1951 3033 non
1981 2982 2131 3049 prius

2230 1858 2429 1928 φθῆναι
2484 1857 2670 1926 Σοφία,
2702 1857 2836 1912 ἀλλὰ
2892 1859 3189 1930 προθύμως
3223 1859 3361 1931 μετὰ
3389 1860 3499 1914 τῶν
3548 1859 3641 1913 ὑπ’
3674 1860 3821 1930 αὐτῇ

2227 1948 2575 2019 τρεφομένων
2595 1946 2881 2016 ἠκολούθει
2911 1949 3161 2013 παιδίων,
3187 1949 3330 2021 ἀπερ
3356 1950 3492 2020 αὐτῇ
3526 1950 3819 2019 πρότερον,

2227 2039 2302 2103 ὡς
2326 2038 2571 2110 ἔφθημεν
2594 2039 2859 2105 εἰπόντες,
2886 2041 2914 2093 ό
2951 2040 3183 2111 Κλήμης
3217 2041 3628 2111 εἰσεποιήσατο.

2305 2225 2382 2286 ε’.
2428 2230 2739 2301 ’Δνενεχθὲν
2761 2228 2817 2285 δὲ
2844 2230 3094 2303 περὶτῶν
3120 2233 3330 2289 παίδων
3359 2233 3520 2300 εὐθὺς
3540 2236 3822 2309 Μαξιμια-

2229 2323 2328 2394 νῷ,
2371 2323 2583 2378 κελεύει
2607 2324 2747 2378 ὥστε
2773 2327 2823 2378 εί
2861 2326 2959 2396 μὲν
2993 2327 3330 2398 ἀποσχέσθαι
3350 2329 3668 2400 Κλήμεντος
3695 2331 3829 2385 έθεσ

2229 2415 2473 2487 λήσειαν,
2503 2416 2857 2488 παραχωρεῖν
2888 2418 3090 2483 αὐτοὺς
3136 2420 3317 2473 οἴκαδε
3341 2421 3733 2493 ἀναστρέφειν,
3765 2424 3827 2477 εί

2222 2507 2285 2561 δὲ
2309 2508 2501 2562 τούτου
2535 2508 2610 2580 μὴ
2637 2509 2877 2578 εὐχερῶς
2908 2509 3253 2582 ἀπόσχοιντο,
3285 2511 3500 2585 θανάτῳ
3526 2513 3827 2586 παραδιδό-

2231 2617 2341 2655 ναι.
2374 2598 2594 2668 Ταύτης
2620 2600 2911 2672 τοιγαροῦν
2938 2602 3083 2656 κατά
3112 2602 3224 2656 τῶν
3260 2603 3468 2658 παίδων
3499 2606 3598 2676 τῆς
3628 2605 3820 2677 ψήφου

2231 2692 2501 2764 δοθείσης,
2555 2693 2852 2766 ἁπτόμενοι
2894 2694 3101 2750 τούτων
3129 2697 3180 2751 οί
3233 2697 3584 2770 στρατιῶται,
3628 2699 3826 2767 βιαίως

2232 2785 2488 2857 ἀποσπᾷν
2518 2786 2659 2841 αύτά
2714 2785 2809 2840 τοῦ
2845 2788 3123 2860 μάρτυρος
3153 2789 3458 2860 ἐπειρῶντο
3478 2807 3492 2821 ·
3534 2791 3603 2844 τά
3631 2791 3687 2844 δὲ
3718 2793 3825 2864 οὐχ

2234 2874 2577 2945 ὑπομένοντα
2628 2876 2726 2948 τὴν
2764 2876 3060 2945 διάζευξιν,
3114 2878 3372 2950 ρίπτοντα
3424 2879 3593 2933 ἑαυτά
3617 2882 3821 2953 χαμαὶ,

2234 2970 2328 3022 καὶ
2356 2966 2547 3040 χερσίν
2593 2969 2934 3042 ἀμφοτέραις
2995 2971 3122 3033 τοὺς
3173 2970 3384 3026 ἐκείνου
3422 2972 3825 3044 περιϐάλλοντα

554 3077 915 3140 dimiserunt,
964 3087 1126 3143 quam
1177 3071 1549 3141 unusquisque
1594 3084 1784 3126 eorum
1825 3084 1956 3125 ense
2006 3070 2129 3124 vita:

2241 3060 2407 3124 πόδας
2452 3060 2515 3113 οὐ
2562 3060 2831 3132 πρότερον
2875 3061 3134 3133 μεθίεσαν
3180 3063 3288 3129 ἓως
3319 3064 3419 3135 τὴν
3477 3066 3567 3120 διά
3628 3064 3824 3135 ξίφους

555 3167 715 3224 linem
769 3166 1077 3236 acceperit,
1132 3179 1256 3219 cum
1310 3162 1674 3217 constantiam
1704 3169 1759 3216 et
1787 3160 2130 3230 prudentiam

557 3272 721 3329 supra
751 3267 962 3315 atatem
991 3255 1378 3319 ostendissent,
1405 3262 1459 3309 et
1492 3263 1675 3323 aperte
1708 3263 2125 3318 monstrassent,

568 3352 865 3422 perfectum
902 3350 1006 3405 hoc
1031 3349 1228 3403 donum
1266 3345 1618 3402 descendisse
1651 3345 1884 3415 desuper
1916 3359 1945 3398 a
1976 3343 2135 3400 Patre

562 3444 847 3509 luminum,
870 3441 995 3496 boni
1026 3438 1191 3494 animi
1226 3447 1280 3495 et
1307 3437 1541 3493 instituti
1569 3435 2131 3492 muniﬁcentissimam

560 3535 1081 3591 remunerationem.
1128 3532 1306 3602 Atque
1345 3530 1498 3585 locus
1527 3529 1767 3599 quidem,
1809 3529 1893 3583 cui
1940 3540 2138 3599 puero-

567 3643 683 3681 rum
706 3639 932 3697 corpora
957 3632 1103 3679 sorte
1126 3622 1461 3694 obtigerunt,
1487 3620 1863 3692 appellabatur
1881 3616 2132 3690 Campus.

560 3712 656 3771 Pia
690 3723 869 3771 autem
924 3712 1125 3784 Sophia
1151 3752 1166 3777 ,
1199 3722 1416 3781 propter
1459 3726 1726 3767 summam
1756 3725 1909 3767 suam
1953 3709 2007 3765 in
2039 3723 2136 3765 eos

561 3805 1033 3872 benevolentiam,
1079 3803 1301 3873 gerebat
1349 3802 1516 3857 etiam
1561 3815 1746 3856 curam
1798 3805 2135 3856 mortuorum

560 3912 881 3965 corporum,
930 3909 1032 3952 nec
1065 3910 1126 3950 se
1156 3896 1375 3964 dignum
1423 3908 1546 3949 esse
1577 3891 1960 3957 existimabat,
1994 3890 2040 3947 si
2070 3903 2136 3945 ea

562 3986 711 4040 bumi
768 3985 977 4040 videret
1023 3985 1304 4055 iacentia;
1364 3985 1457 4040 sed
1515 3984 1601 4040 vel
1653 3983 1820 4039 invita
1874 3997 1904 4037 a
1944 3997 2138 4051 magno

564 4072 845 4130 Clemente
874 4074 1141 4141 disiuncta
1174 4082 1257 4127 est
1280 4082 1335 4128 et
1366 4073 1551 4128 divino
1589 4071 1983 4142 Agatbangelo,
2014 4086 2137 4125 cum

563 4164 644 4220 eis
692 4165 841 4235 prius
874 4163 993 4217 vale
1040 4164 1298 4230 fecisset,
1350 4173 1405 4217 et
1447 4163 1673 4217 dixisset
1722 4161 1867 4231 quod
1897 4161 1943 4217 si
1997 4162 2139 4216 Deus

565 4257 742 4322 daret,
778 4257 844 4310 ad
878 4271 972 4311 eos
1002 4271 1186 4310 rursus
1219 4256 1440 4311 rediret.
1489 4254 1853 4321 Quamobrem
1892 4269 2013 4308 cum
2049 4253 2138 4308 illa

564 4365 855 4421 puerorum
905 4365 1132 4422 corpora
1185 4352 1435 4407 manibus
1486 4354 1688 4408 sanctis
1744 4361 1932 4409 sancte
1974 4354 2138 4410 humo

559 4444 809 4512 texisset,
843 4443 932 4498 illa
964 4443 1183 4513 quidem
1211 4442 1335 4498 laeta
1365 4442 1584 4499 domum
1616 4452 1698 4500 est
1728 4458 1966 4500 reversa.

2234 3154 2467 3207 ἕκαστον
2491 3154 2671 3209 αὐτῶν
2693 3154 2904 3225 ἐδέχετο
2925 3155 3204 3228 τελευτὴν,
3226 3155 3478 3210 ἔνστασιν
3497 3157 3592 3211 καὶ
3614 3158 3825 3229 φρένας

2235 3244 2376 3314 ὑπὲρ
2427 3244 2647 3315 ἡλικίαν
2696 3244 3106 3316 ὲπιδειξάμενα,
3144 3248 3240 3300 καὶ
3277 3246 3519 3319 ἀκριϐῶς
3565 3247 3825 3315 δείξαντα

2233 3329 2462 3403 δώρημα
2488 3331 2648 3385 τοῦτο
2703 3332 2910 3386 τέλειον
2957 3335 3022 3387 ὲκ
3070 3333 3168 3387 τοῦ
3230 3334 3445 3405 Πατρὸς
3477 3334 3588 3389 τῶν
3624 3335 3826 3405 φώτων

2234 3422 2441 3476 ἀνωθεν
2458 3423 2787 3494 καταϐῆναι,
2811 3424 3185 3496 προαιρέσεως
3215 3426 3429 3498 ἀγαθῆς
3472 3428 3567 3481 καὶ
3594 3426 3827 3501 γνώμης

2236 3515 2504 3570 ἀντίδοσιν
2535 3516 2979 3588 φιλοτιμοτάτην.
3008 3519 3074 3572 '0
3107 3519 3204 3589 μὲν
3229 3515 3323 3573 οὖν
3343 3519 3506 3584 τόπος
3528 3519 3587 3583 ὃς
3617 3520 3686 3576 τὰ
3710 3522 3827 3576 τῶν

2238 3607 2443 3660 παίδων
2482 3608 2771 3682 ὲκληρώθη
2805 3610 3058 3680 σώματα,
3091 3612 3326 3681 Κάμπος
3362 3612 3627 3668 ἐκαλεῖτο.
3670 3614 3735 3668 'H
3765 3612 3832 3668 et

2237 3700 2493 3772 θεοφιλὴς
2516 3699 2687 3771 Σοφία
2715 3704 2780 3774 τῇ
2805 3702 2907 3773 τῆς
2936 3703 3064 3773 περὶ
3086 3703 3225 3757 αὺτά
3248 3703 3633 3776 φιλοστοργίας
3655 3708 3828 3777 ὑπερ-

2238 3791 2390 3863 σολῇ,
2425 3794 2522 3847 καὶ
2576 3794 2786 3865 νεκρῶν
2847 3794 3074 3867 έκήδετο
3118 3794 3229 3848 τῶν
3278 3797 3566 3864 σωμάτων.
3601 3798 3695 3851 καὶ
3723 3798 3828 3852 οὐκ

2237 3881 2388 3949 ἄξιον
2428 3882 2602 3955 αὐτῆς
2651 3883 2933 3953 ἐλογίσατο
2979 3884 3245 3957 περιιδεῖν
3305 3887 3442 3941 αὐτὰ
3476 3888 3706 3959 κείμενα
3736 3890 3827 3942 ἐπ’

2240 3974 2498 4045 ἐδάφους·
2532 3975 2670 4030 ἀλλά
2705 3976 2799 4029 καὶ
2829 3977 3038 4032 ἄκουσα
3061 3978 3155 4032 τοῦ
3199 3993 3257 4031 τε
3289 3978 3528 4049 μεγάλου
3564 3980 3827 4051 Κλήμεν-

2238 4084 2328 4134 τος
2351 4068 2447 4124 ml.
2474 4068 2569 4122 τοῦ
2597 4069 2744 4123 θείου
2786 4068 3194 4138 Ἀγαθαγγέλου
3219 4069 3514 4134 διίσταται,
3547 4070 3842 4149 συνταξατ

2243 4160 2381 4231 μένη
2432 4160 2696 4232 πρότερον
2756 4161 2939 4225 αὐτοῖς
2970 4161 3064 4215 καὶ
3121 4162 3377 4226 εἰποῦσα,
3421 4164 3497 4227 ὡς
3543 4165 3652 4234 ἀρα
3685 4164 3828 4220 Θεοῦ

2239 4251 2471 4316 διδόντος
2497 4252 2660 4305 πάλιν
2684 4254 2881 4318 αὐτοὺς
2901 4253 3241 4325 ἀπολήψεται
3265 4276 3275 4287 ·
3308 4255 3430 4309 ὅθεν
3456 4256 3551 4308 καὶ
3580 4256 3648 4309 τὰ
3682 4274 3832 4329 μαρ-

2240 4343 2440 4413 τυρικά
2489 4345 2601 4398 τῶν
2642 4346 2849 4400 παίδων
2909 4347 3093 4401 ἐκεῖνα
3152 4348 3378 4419 σώματα
3413 4348 3599 4419 χερσὶν
3648 4349 3832 4413 ὁσίαις

2168 4427 2212 4482 Ι)
2240 4437 2403 4500 ὁσίως
2426 4438 2493 4508 τῇ
2517 4439 2586 4510 γῇ
2613 4440 3035 4513 κατακρύψασα,
3065 4441 3099 4511 ἡ
3136 4439 3237 4511 μὲν
3269 4440 3453 4494 οἴκαδε
3481 4438 3601 4510 μεθ’
3632 4440 3832 4513 ἡδονῆς

2247 4525 2535 4596 ἐπανήκει.

2081 4729 2308 4786 CAPUT
2351 4729 2416 4786 X.

1188 4937 1469 4995 Cruciatur
1501 4940 1670 4996 Amisi
1709 4941 1870 4996 illati.
1914 4939 2017 4997 SS.
2058 4939 2131 4995 ΡΙι

2232 4942 2382 5001 rantis
2428 4952 2478 4997 et
2527 4939 2765 5011 [ἔερσαι-μί
2807 4946 3144 5015 martyrium.

640 5146 774 5204 LXI.
800 5148 1064 5220 Martyres
1097 5163 1225 5206 vero
1253 5164 1371 5206 cum
1410 5153 1476 5209 ad
1514 5155 1910 5212 Amesenorum
1950 5170 2141 5225 perve-

569 5238 775 5296 nissent
813 5240 1089 5297 civitatem
1112 5280 1128 5307 ,
1157 5248 1212 5296 et
1249 5257 1423 5313 genua
1459 5243 1516 5299 in
1566 5254 1766 5300 terram
1806 5247 2137 5317 aliquamdiu

567 5329 833 5386 inclinant
858 5372 872 5398 ,
912 5338 968 5387 et
1002 5346 1123 5388 cum
1176 5343 1236 5387 ut
1276 5334 1419 5390 Deus
1466 5336 1548 5392 eis
1586 5352 1772 5393 rursus
1822 5339 2036 5395 adesset
2075 5341 2140 5395 ad

565 5422 847 5485 auxilium,
887 5428 1009 5478 rum
1040 5424 1232 5480 calidis
1260 5425 1602 5482 invocasscnt
1627 5429 1902 5500 lacryniis,
1938 5447 1965 5485 a
1997 5433 2138 5487 mili-

566 5513 714 5569 tibus
786 5517 1131 5571 adducuntur
1198 5519 1265 5570 ad
1339 5517 1656 5574 Domitium.
1714 5521 1820 5577 Sed
1870 5522 1962 5578 ille
2015 5538 2137 5577 cum

568 5610 721 5658 esset
763 5611 1059 5672 occupatus
1110 5604 1161 5658 in
1194 5606 1570 5662 examinandis
1616 5607 1736 5663 aliis
1778 5607 2143 5674 Christianis,

2313 5157 2432 5211 EA".
2461 5157 2525 5210 Οί
2557 5154 2833 5228 μάρτυρες
2855 5154 3035 5227 δὲτὴν
3078 5155 3385 5226 Ἀμισηνῶν
3414 5158 3568 5213 πόλιν
3590 5158 3833 5215 καταλα-

2244 5245 2451 5313 ϐόντες,
2486 5246 2555 5298 τά
2582 5262 2642 5298 τε
2675 5245 2877 5314 γόνατα
2907 5246 2988 5309 είς
3028 5245 3134 5315 γῆν
3163 5246 3427 5312 κλίνουσι,
3456 5249 3550 5302 καὶ
3583 5249 3674 5302 τδν
3695 5250 3836 5303 Θεὸν

2246 5336 2593 5405 παραστῆναι
2622 5335 2716 5389 καὶ
2754 5335 2917 5391 πάλιν
2966 5338 3049 5399 είς
3101 5342 3418 5408 συμμαχίαν
3474 5340 3659 5403 αὐτοῖς
3690 5340 3837 5409 μετά

2248 5426 2465 5498 θερμῶν
2495 5427 2604 5481 τῶν
2636 5427 2889 5497 δακρύων
2919 5429 3364 5498 ὲγκαλεσάμενοι,
3389 5430 3562 5494 οὕτως
3595 5432 3699 5485 ὑπὸ
3721 5432 3833 5484 τῶν

2248 5518 2598 5589 στρατιωτῶν
2643 5518 2721 5590 τῷ
2759 5519 2991 5591 βικαρίῳ
3024 5523 3413 5592 προσάγονται.
3455 5523 3596 5577 Ἀλλ’
3621 5526 3835 5587 ἐκεῖνος

2248 5608 2379 5681 περὶ
2434 5609 2628 5680 ἑτέραν
2658 5609 2961 5677 τηνικαῦτα
2996 5612 3345 5680 Χριστιανῶν
3373 5613 3621 5677 ἐξέτασιν
3665 5614 3837 5683 ἀσχοι

570 5709 665 5748 eos
695 5693 749 5747 in
781 5695 923 5748 diem
955 5705 1271 5765 sequentem
1305 5710 1546 5754 reservat
1585 5701 1750 5755 certis
1791 5703 2131 5758 tribunalibus

2250 5700 2533 5771 λούμενος,
2567 5705 2646 5765 είς
2679 5701 2778 5772 τὴν
2808 5701 2937 5773 ἑξῆς
2962 5704 3158 5769 αὖτοὺς
3220 5706 3314 5759 ἐπὶ
3369 5705 3697 5776 ὡρισμένοις
3732 5706 3835 5758 stari.

565 5792 627 5834 et
660 5784 959 5853 stuipliciis,
1009 5787 1194 5843 dicens
1241 5805 1344 5846 non
1386 5805 1504 5847 cssc
1547 5792 1855 5861 honestum,
1887 5804 1941 5849 ut
1973 5795 2039 5850 de
2070 5797 2131 5851 cii

2254 5795 2456 5865 βήματι
2516 5798 2606 5850 καὶ
2655 5795 2905 5851 κολάσεσι
2968 5800 3308 5868 ταμιεύεται,
3364 5799 3438 5870 μὴ
3480 5800 3639 5855 καλὸν
3690 5794 3829 5852 εἶναι
