4116 6404
236 323 345 391 865

1282 333 1459 419 YITA
1500 334 1560 396 S.
1604 332 2038 397 CLEMENTIS
2082 337 2485 400 ANCYRANL

3421 346 3532 412 866

234 448 421 518 φήσας
454 445 731 519 πάρεργον
755 444 943 501 θέσθαι
968 447 1036 502 τά
1072 450 1190 504 κατ’
1217 447 1437 516 αὑτούς.
1459 453 1816 524 Παρίσταντα

1947 454 2315 524 cognitionem
2369 456 2496 514 aliis
2525 455 2868 530 adiungeret.
2922 461 3003 514 Ad
3033 474 3154 516 eum
3193 475 3325 533 ergo
3368 465 3542 519 addu-

234 540 424 596 τοίνυν
453 538 605 611 αὑτῷ
632 542 712 607 εἰς
737 541 835 614 τὴν
875 542 1142 600 ἐπιοῦσαν
1176 545 1317 614 μετὰ
1343 546 1523 617 ψυχῆς
1560 548 1837 619 άτρέπτου

233 634 332 687 καὶ
363 634 619 703 γενναίου
664 640 1039 707 φρονήματος,
1086 637 1343 691 τοσοῦτον
1395 641 1695 711 ἀπέχοντες
1743 640 1837 694 τοῦ

233 726 512 791 παθόντας
538 745 591 781 τι
625 728 734 782 τῶν
763 728 1059 785 ἐπωδύνων
1103 731 1375 797 ἐνδοῦναι,
1423 735 1519 788 καὶ
1545 734 1839 805 προδοσίαν

232 820 530 891 ὑπομεῖναι
552 821 652 891 τῆς
678 823 990 888 εὐσεϐείας,
1023 823 1167 879 ὥστε
1219 829 1317 881 καὶ
1371 826 1539 886 αὑτὸν
1571 829 1836 899 μεταπεί-

230 912 349 967 θειν
373 914 402 967 ὁ
431 912 611 983 μέγας
646 915 885 987 Κλήμης
934 918 1217 990 ἐπεχείρει
1250 920 1344 975 τὸν
1378 920 1665 991 δικαστὴν,
1703 921 1836 995 περὶ

224 1005 340 1059 τῶν
389 1006 697 1076 μελλόντων
730 1009 954 1078 άγαθῶν
981 1011 1254 1067 διδάσκων
1286 1015 1382 1067 καὶ
1417 1016 1518 1087 τῆς
1557 1013 1833 1075 ἀθανάτου

227 1097 400 1166 ζωῆς,
457 1099 494 1153 ἃ.
545 1101 673 1164 τοὺς
724 1101 815 1156 διὰ
844 1104 1087 1175 Χριστὸν
1115 1105 1312 1163 παθεῖν
1343 1126 1398 1161 τι
1427 1109 1833 1180 προελομένους

229 1192 533 1263 ἐκδέχεται,
582 1195 662 1246 Δι’
693 1194 751 1248 ὃν
801 1196 894 1248 καὶ
947 1200 1133 1268 ἡμεῖς,
1166 1199 1359 1270 λέγων,
1407 1203 1506 1266 τάς
1546 1205 1832 1276 παρούσας

232 1283 482 1347 κολάσεις
513 1287 635 1355 μεθ’
675 1286 874 1358 ἡδονῆς
918 1290 1267 1362 ὑπομένομεν
1294 1310 1309 1324 ’
1346 1295 1454 1359 καὶ,
1491 1296 1699 1351 τούτων
1747 1298 1829 1352 ἔτι

228 1378 404 1431 πλείω
464 1378 737 1436 νουθετῶν
792 1382 957 1435 αὑτὸν
993 1385 1091 1438 καὶ
1143 1385 1444 1455 ὑποτιθεὶς,
1496 1392 1591 1444 καὶ
1624 1390 1829 1463 πολλῆς

223 1468 398 1522 αὑτοῦ
437 1468 508 1523 τὰ
532 1462 648 1522 ὦτα
681 1469 774 1525 καί
816 1472 1043 1544 ἡδίστης
1064 1475 1422 1541 διδασκαλίας
1462 1462 1823 1552 ἀποπληρῶν,

227 1560 304 1620 ῶς
341 1560 437 1615 καὶ
462 1562 625 1616 αὑτὸν
661 1565 854 1638 ἡδονῆς
883 1568 1307 1639 ὑποπλησθέντα
1350 1571 1442 1624 τὸν
1476 1572 1826 1643 Ἀγαθάγγε-

226 1653 318 1706 λον
353 1656 539 1708 πεσεῖν
567 1672 627 1708 τε
658 1656 796 1726 πρὸς
845 1661 974 1723 τοὺς
1026 1661 1194 1724 πόδας
1223 1662 1415 1729 αὐτοῦ,
1447 1659 1567 1719 εἶτα
1612 1667 1826 1722 ἐκεῖθεν

226 1746 537 1801 ἀναστάντα
557 1750 880 1821 περιϐαλεῖν
904 1751 1093 1819 αὑτὸν,
1110 1755 1207 1809 καὶ
1233 1756 1294 1808 τὸ
1312 1755 1409 1827 ήδὺ
1441 1757 1619 1812 ἐκεῖνο
1646 1760 1822 1832 στόμα

221 1838 450 1911 θερμῶς
485 1844 949 1913 περιπτύξασθαι.

292 1968 421 2022 EB’.
468 1970 611 2023 Ἀλλ’
636 1971 665 2023 ὁ
691 1972 951 2043 Δομέτιος
977 1974 1096 2039 δνος
1121 1969 1189 2048 ἦν
1221 1977 1320 2048 τῆς
1349 1977 1443 2037 τοῦ
1468 1981 1628 2048 λόγου
1655 1983 1825 2056 λύρας

218 2058 460 2125 ἀκούων,
488 2061 609 2114 οὑδὲ
637 2061 792 2131 ὀλίγα
816 2064 925 2118 τῶν
952 2066 1262 2137 εἰρημένων
1279 2068 1371 2123 ὑπ’
1397 2072 1567 2127 αὑτοῦ
1594 2080 1819 2144 συνιεῖς,

218 2153 344 2217 ὅλος
371 2155 428 2208 δὲ
462 2158 528 2227 τῇ
567 2157 745 2231 πλάνῃ
806 2159 1037 2230 κάτοχος
1085 2159 1183 2224 ῶν,
1211 2160 1499 2227 ὁπλίζεται
1536 2168 1679 2222 κατά
1712 2171 1822 2224 τῶν

223 2251 523 2317 μαρτύρων
573 2248 932 2318 μεταπείσειν
989 2250 1186 2314 αὐτοὺς
1222 2252 1334 2305 ἀπὸ
1395 2255 1497 2324 τῆς
1531 2258 1816 2324 εὐσεϐείας

216 2338 488 2411 οἰόμενος.
531 2340 750 2411 Ἀμέλει
780 2344 873 2395 καὶ
895 2342 1165 2414 διίστησιν
1190 2347 1390 2410 αὐτοὺς
1418 2349 1513 2401 ἀπ’
1544 2350 1815 2421 ἀλλήλων,

221 2431 309 2486 ἵνα
342 2433 438 2487 καλ⁸
469 2433 889 2506 ἀσθενεστέροις
921 2439 1106 2503 αὑτοῖς
1143 2439 1318 2505 οὕτως
1367 2446 1675 2515 περιτύχοι,
1724 2448 1819 2501 καὶ

220 2524 344 2595 ἄγει
375 2525 500 2580 καθ’
521 2526 618 2580 ἕνα
650 2526 788 2599 πρὸς
825 2527 923 2600 τὴν
948 2528 1221 2597 ἐξέτασιν.
1289 2533 1432 2587 Ἀλλ’
1463 2534 1674 2605 ἐγίνετο
1711 2539 1820 2591 πᾶν

217 2617 553 2672 τούναντίον.
630 2617 959 2682 Διαστάντες
1008 2619 1118 2693 γὰρ
1175 2625 1509 2694 σωματικῶς
1561 2626 1700 2693 ὅλως
1739 2628 1819 2700 τῷ

218 2708 499 2780 πνεύματι
532 2710 923 2783 συνεδέθησαν,
956 2713 1053 2767 καὶ
1086 2713 1187 2778 τὰς
1229 2716 1368 2788 πρὸς
1395 2716 1663 2788 ἀλλήλους
1694 2736 1819 2775 συν-

221 2799 401 2873 θήκας
425 2804 518 2856 καὶ
548 2803 646 2876 τὴν
698 2805 994 2876 ὁμολογίαν
1035 2807 1370 2878 αἰδούμενοι,
1402 2812 1816 2884 γενναιοτέρους

216 2895 398 2961 οὕτως
429 2896 656 2959 ἑαυτοὺς
687 2897 1135 2969 παρεσκεύασαν,
1171 2901 1271 2970 τὴν
1296 2900 1392 2955 ὑπ’
1418 2902 1664 2973 ἀλλήλων
1708 2920 1817 2957 πα·-

218 2989 450 3068 ράθηξιν
486 2989 619 3063 παρ’
653 2990 850 3046 ἐαυτοῦ
876 2992 1183 3064 λαμϐάνειν
1224 2992 1472 3049 σπεύδων
1494 2996 1776 3070 ἑκάτερος.

295 3274 415 3332 ΞΡ.
456 3272 520 3331 '0
554 3275 734 3331 τοίνυν
758 3276 962 3350 ἄνομος
993 3279 1255 3352 δικαστὴς
1308 3282 1517 3345 ἐκεῖνος
1556 3281 1812 3349 κολάζειν

218 3368 285 3423 ἐκ
311 3369 618 3440 προοιμίων
644 3371 1071 3444 προειρημένος,
1109 3373 1315 3428 λάκκον
1344 3374 1813 3448 τιτάνουπληρῶ-

219 3477 321 3525 σας
353 3459 411 3515 ὃν
440 3460 675 3530 σύνηθες
729 3463 994 3520 ἄσϐεστον
1021 3466 1331 3537 ὀνομάζειν,
1361 3468 1420 3521 ἐν
1451 3468 1602 3539 αὑτῷ
1640 3486 1809 3523 κατα·

215 3553 455 3629 χὼννυσι
508 3556 640 3619 τοὺς
691 3557 904 3626 ἁγίους.
970 3556 1202 3613 Ἔπειτα
1234 3560 1289 3613 δέ
1337 3561 1434 3615 καὶ
1469 3561 1812 3631 στρατιώτας

216 3649 402 3712 αὐτοῖς
459 3650 768 3721 ἐπιστήσας
825 3651 1089 3720 ἀσφαλῶς
1153 3652 1452 3722 φυλάττειν
1508 3656 1809 3710 ἐκέλευσε·

219 3741 405 3809 μήπου
432 3741 774 3811 Χριστιανοὶ,
796 3744 983 3815 φησὶν,
1002 3742 1199 3809 αὐτοὺς
1217 3745 1411 3809 νυκτὸς
1430 3747 1806 3817 ἀποκλέψωσι.

214 3833 328 3889 Καὶ
360 3832 590 3890 τοιαῦτα
634 3836 734 3905 μὲν
760 3836 788 3889 ὁ
831 3838 1064 3905 μάταιος
1115 3837 1345 3903 ἐκεῖνος,
1410 3837 1504 3894 καὶ
1557 3839 1811 3909 ματαίοις

213 3924 386 3990 ὅντως
440 3926 757 3999 ἐπιχειρῶν,
798 3924 909 3982 οἶδε
943 3931 971 3982 ὁ
1002 3930 1154 3993 Θεός.
1204 3930 1418 4002 Ὥσπερ
1453 3932 1563 4000 γάρ
1635 3933 1668 4002 ή
1707 3931 1809 3986 xci-

216 4033 370 4085 μινος
414 4017 576 4071 πάλαι
623 4018 748 4081 τοὺς
802 4022 954 4089 τρεῖς
1010 4019 1390 4092 ὑποδεξαμένη
1455 4022 1652 4084 παῖδας
1709 4024 1809 4075 οὑκ

214 4107 510 4178 ἐλύπησεν,
544 4111 605 4163 οὑ
644 4111 1098 4189 παρηνώχλησεν,
1134 4112 1224 4171 ἵνα
1254 4111 1314 4166 τὺ
1348 4113 1449 4181 τῆς
1483 4112 1637 4177 θείας
1670 4114 1808 4167 εἴπω

213 4198 257 4251 Γ
259 4201 460 4272 ραφῆς,
487 4203 545 4253 οὑ
569 4201 732 4273 τρίχα
783 4203 954 4273 μόνην
978 4203 1159 4257 αὑτῶν
1204 4204 1541 4281 ἐλυμήνατο,
1576 4204 1720 4258 οὕτω
1745 4204 1808 4281 δὴ

213 4297 311 4347 καὶ
337 4296 430 4351 ἐπὶ
462 4295 670 4349 τούτων
711 4296 891 4350 αὐτῶν
923 4296 1155 4365 ἐγίνετο.
1192 4298 1467 4370 Δευτέρας
1498 4298 1609 4371 γὰρ
1657 4298 1809 4371 ὥρας

211 4385 375 4455 ἐντῷ
404 4386 606 4458 τιτάνῳ
652 4387 944 4459 βληθέντες
973 4390 1105 4461 παρ’
1148 4389 1279 4460 ὃλην
1330 4391 1547 4467 ἡμέραν
1595 4392 1807 4465 (Παρα-

213 4479 387 4551 σκευὴ
435 4480 492 4534 δὲ
548 4477 638 4553 ἦν)
666 4482 902 4546 ἀπαθεῖς
962 4480 1136 4537 κακοῦ
1168 4482 1262 4537 τὸν
1308 4483 1442 4538 Θεὸν
1498 4485 1803 4556 ὑμνοῦντες

216 4573 547 4644 εἱστήκεσαν
566 4590 577 4602 '
608 4574 849 4643 ἑσπέρας
875 4574 934 4628 δέ
979 4575 1075 4628 κοιλ⁸
1109 4574 1225 4645 φῶς
1255 4576 1440 4639 αὐτοῖς
1467 4576 1675 4630 ἄνωθεν
1712 4578 1804 4649 εί)-

216 4664 386 4736 ράγη,
421 4667 516 4719 καὶ
551 4666 642 4720 διὰ
668 4670 853 4736 πάσης
890 4668 1090 4731 αὐτοὺς
1118 4668 1312 4731 νυκτὸς
1342 4668 1746 4741 περιέλαμπεν.

282 4792 402 4854 ΞΔἈ
418 4796 787 4868 Ἦκολοὺθησε
810 4796 886 4868 τῷ
915 4796 1157 4867 θαύματι
1188 4797 1282 4851 καὶ
1303 4795 1516 4867 καρπός
1537 4813 1551 4827 ·
1580 4795 1674 4859 δύο
1698 4797 1807 4867 γὰρ

210 4889 320 4943 τῶν
338 4892 423 4944 ἐπ’
449 4891 635 4954 αὐτοῖς
663 4891 1018 4963 τεταγμένων
1061 4889 1432 4963 στρατιωτῶν,
1463 4889 1563 4959 τὴν
1587 4889 1810 4961 λαμπη-

209 4983 340 5037 δόνα
396 4984 491 5041 καὶ
554 4983 657 5054 τὴν
723 4983 1066 5055 φαιδρότητα
1122 4982 1286 5054 τήνδε
1339 4980 1806 5049 καταπλαγέντες,

209 5073 443 5145 ἄσμενοί
464 5091 525 5128 τε
552 5075 618 5145 τῇ
651 5073 906 5143 ἀσϐέστῳ
940 5072 1390 5143 ἐμπεπηδήκασι,
1422 5070 1518 5124 καὶ
1542 5070 1808 5141 Χριστια-

209 5165 356 5232 νοὺς,
379 5167 455 5231 ὡς
492 5162 661 5236 εἶχον,
688 5165 918 5229 ἑαυτοὺς
951 5164 1337 5235 ὡμολόγησαν.
1372 5164 1536 5234 Ἀρτι
1573 5162 1632 5216 δὲ
1666 5161 1807 5232 ἠμέ-

213 5276 314 5331 ρας
366 5258 801 5330 ὑποφαινούσης,
832 5256 1091 5312 τεθνάναι
1126 5256 1226 5327 ῆδη
1257 5256 1457 5317 αὑτοὺς
1480 5253 1802 5326 προσδοκῶν

206 5353 240 5405 ὁ
264 5354 330 5423 τῇ
365 5350 658 5424 δυσσεϐείᾳ
692 5351 886 5422 νεκρὸς
920 5347 1189 5420 βικάριος,
1224 5346 1561 5418 ἐκϐληθῆναι
1593 5345 1810 5399 τούτων

207 5443 281 5498 τὰ
315 5445 549 5515 σώματα
579 5443 674 5497 τοῦ
704 5442 913 5498 λάκκου
965 5440 1200 5499 κελεύει.
1257 5440 1368 5494 Καὶ
1412 5438 1809 5510 προσελθόντες

207 5540 259 5592 oi
288 5537 389 5608 τὴν
418 5536 668 5608 φυλακήν
707 5536 886 5592 αὐτῶν
916 5535 1330 5600 πιστευθέντες,
1361 5531 1563 5604 ὁρῶσιν
1598 5530 1806 5593 αὐτούς

208 5645 267 5688 τε
307 5628 406 5683 καὶ
432 5628 562 5692 τοὺς
589 5628 1074 5701 αὐτομολήσαντας
1107 5627 1294 5691 αὐτοῖς
1322 5623 1665 5698 στρατιώτας
1705 5621 1804 5703 οὑ-

280 5805 298 5837 ’
346 5806 480 5865 Dtttt.
513 5821 595 5864 ιιι.

1944 558 2148 606 cuntur
2178 550 2270 606 die
2291 552 2543 621 sequenti
2566 565 2689 607 cum
2716 568 2984 622 generoso
3015 562 3069 610 et
3094 555 3312 611 excelso
3334 556 3541 624 animo,

1942 649 1999 696 et
2030 644 2121 712 qui
2147 652 2266 698 erat
2288 657 2484 712 expers
2506 644 2687 699 omnis
2718 644 2971 712 timoris;
3000 647 3090 716 qui
3127 657 3335 703 tantum
3359 649 3539 718 abest,

1942 741 2003 789 ut
2038 734 2086 790 si
2130 735 2260 804 quid
2305 751 2471 805 grave
2505 746 2855 804 paterentur,
2891 742 3146 794 cederent
3189 749 3244 795 et
3280 741 3536 811 pietatem

1941 827 2261 899 proderent,
2286 839 2345 883 ut
2366 828 2531 884 etiam
2559 829 2735 899 ipsum
2769 830 3008 900 judicent
3035 848 3266 903 magnus
3287 833 3541 891 Clemens

1936 927 2167 976 conatus
2204 920 2276 975 sit
2307 920 2361 975 in
2397 935 2549 975 suam
2588 921 2878 976 traducere
2931 925 3293 989 sententiam,
3332 924 3538 980 docens

1936 1012 2005 1067 de
2025 1011 2181 1067 bonis
2207 1011 2402 1068 futuris
2423 1021 2477 1068 et
2501 1012 2568 1067 de
2591 1013 2697 1068 vita
2719 1013 3042 1078 immortali,
3062 1029 3184 1084 quae
3214 1027 3537 1084 exspectant

1937 1106 2027 1174 qui
2065 1106 2175 1174 pati
2212 1115 2433 1176 preptcr
2478 1102 2760 1161 Christum
2812 1105 3220 1162 constituerunt
3263 1125 3276 1163 :
3313 1105 3540 1177 PrOpter

1935 1212 2096 1267 quem
2149 1213 2247 1253 nos
2291 1213 2508 1268 quoque
2550 1198 2884 1268 praesentia,
2943 1197 3201 1264 dicebat,
3270 1199 3536 1268 supplicia

1942 1289 2194 1345 lubenter
2228 1292 2598 1362 sustinemus;
2627 1301 2683 1347 et
2716 1291 2895 1346 adhuc
2930 1291 3017 1346 his
3053 1291 3236 1361 plures
3267 1293 3538 1361 adjiciens

1932 1382 2358 1441 admonitiones.
2382 1392 2436 1437 et
2463 1382 2581 1450 ejus
2607 1398 2768 1438 aures
2795 1384 3030 1453 implens
3061 1384 3309 1439 doctrina
3331 1390 3532 1452 jucun-

1931 1473 2179 1536 dissima,
2206 1474 2339 1527 adeo
2375 1483 2432 1527 ut
2464 1474 2578 1541 ipse
2604 1489 2827 1545 quoque
2850 1475 3257 1546 Agathangelus
3291 1479 3533 1547 repletus

1931 1566 2210 1636 voluptate
2238 1608 2253 1632 ,
2289 1566 2587 1636 prociderit
2629 1569 2693 1619 ad
2743 1566 2864 1635 ejus
2897 1568 3096 1637 pedes,
3132 1578 3336 1622 etcum
3386 1570 3533 1626 illinc

1928 1657 2126 1713 deinde
2151 1659 2504 1725 surrexisset,
2522 1673 2647 1712 eum
2669 1657 2742 1713 sit
2764 1658 3101 1731 complexus,
3127 1668 3180 1714 ct
3203 1675 3370 1717 suave
3397 1662 3529 1717 illud

1927 1764 1987 1804 os
2017 1749 2274 1807 ardenter
2303 1750 2667 1811 deosculatus.

1997 1965 2158 2023 LXII.
2192 1964 2300 2022 Sed
2334 1965 2622 2032 Domitius,
2642 1974 2702 2020 ut
2732 1972 2817 2022 est
2856 1964 2911 2021 in
2943 1964 3387 2035 proverbio,erat
3422 1967 3529 2021 asi-

1928 2074 2033 2113 nus
2062 2059 2129 2114 ad
2189 2060 2358 2130 lyram
2401 2058 2453 2113 in
2510 2057 2785 2113 audiendo
2835 2066 2935 2113 :et
2973 2072 3074 2112 nec
3100 2073 3272 2128 pauca
3303 2058 3526 2127 quidem

1925 2148 2265 2220 intelligebat
2300 2164 2364 2204 ex
2409 2148 2491 2203 eis
2554 2163 2678 2218 qua:
2722 2149 2794 2209 ab
2841 2161 2907 2203 eo
2951 2147 3093 2202 dicta
3141 2147 3403 2213 fuerant,
3433 2151 3527 2204 sed

1926 2258 2048 2295 cum
2079 2243 2147 2298 ab
2173 2257 2364 2297 errore
2404 2251 2548 2298 totus
2576 2241 2937 2305 detineretur,
2967 2254 3121 2293 arma
3159 2240 3307 2307 capit
3335 2250 3526 2296 contra

1926 2348 2227 2404 martyres,
2260 2334 2583 2389 existimans
2615 2330 2736 2387 fore
2780 2341 2838 2386 ut
2873 2345 2967 2386 eos
2999 2346 3028 2385 a
3072 2330 3275 2399 pietate
3335 2330 3527 2385 tradu-

1923 2434 2091 2479 ceret.
2120 2423 2284 2480 Certe
2325 2434 2379 2480 et
2405 2439 2501 2480 eos
2535 2440 2563 2478 a
2609 2439 2670 2481 se
2700 2423 2933 2479 invicem
2994 2431 3234 2491 separat,
3282 2434 3335 2477 ut
3362 2424 3525 2478 etiam

1922 2517 2002 2572 sic
2035 2516 2089 2572 in
2129 2531 2223 2572 eos
2260 2515 2527 2573 incideret
2554 2516 2973 2581 imbecilliores,
3006 2525 3061 2570 et
3095 2514 3338 2585 singulos
3371 2530 3524 2574 seor-

1921 2620 2040 2664 sum
2094 2608 2245 2664 ducit
2288 2608 2356 2664 ad
2394 2609 2884 2672 exanimationem.
2942 2605 3050 2662 Sed
3112 2617 3285 2662 totum
3343 2606 3529 2661 evenit

1919 2700 2283 2756 contrarium.
2343 2698 2479 2755 Nam
2532 2716 2654 2755 cum
2713 2700 2973 2770 disiuncti
3033 2709 3217 2756 essent
3271 2715 3523 2769 corpore,

1919 2801 2080 2847 erant
2121 2793 2344 2846 omnino
2393 2790 2631 2861 colligati
2672 2791 2907 2860 spiritu,
2939 2800 2993 2846 et
3043 2800 3356 2847 reverentes
3404 2804 3522 2858 eas,

1917 2901 2041 2956 quae
2084 2894 2244 2941 erant
2278 2885 2421 2940 inter
2459 2899 2519 2939 se
2554 2885 2787 2939 invicem
2821 2881 3003 2948 ἴδοιτε,
3036 2888 3429 2939 conventiones
3467 2897 3523 2937 et

1919 2974 2361 3041 confessionem,
2407 2976 2488 3029 sic
2534 2975 2746 3043 seiizsos
2795 2971 3098 3028 effecerunt
3134 2973 3308 3042 magis
3354 2987 3521 3043 gene-

1919 3071 2027 3126 rosi
2057 3078 2113 3125 et
2147 3069 2320 3139 magis
2354 3066 2554 3122 excelsi
2614 3066 2819 3130 animi,
2856 3080 2976 3121 eam
3030 3080 3151 3135 qua
3219 3075 3340 3121 erat
3388 3080 3419 3120 a
3459 3080 3521 3121 se

1841 3179 1885 3239 ο
1919 3161 2149 3218 invicem
2175 3202 2191 3227 ,
2222 3159 2600 3217 incitationem
2645 3172 2674 3212 a
2700 3173 2758 3212 se
2787 3158 3131 3216 contendens
3162 3166 3392 3230 uterque
3423 3173 3518 3213 ac-

1920 3255 2119 3326 cipere.

1989 3363 2174 3420 LXlll.
2226 3364 2425 3435 impius
2460 3379 2591 3435 ergo
2619 3362 2705 3418 ille
2734 3362 2924 3435 judex,
2956 3378 3077 3419 cum
3118 3378 3211 3419 eos
3243 3363 3313 3420 ab
3364 3364 3520 3419 initio

1915 3463 2112 3530 punire
2140 3459 2444 3520 statuisset,
2488 3459 2728 3512 cisterna
2756 3459 2994 3526 quadam
3046 3457 3196 3512 calve
3256 3457 3474 3529 impleta
3502 3499 3518 3526 ,

1918 3563 2136 3607 Sulttzlns
2171 3552 2220 3603 in
2253 3551 2371 3620 ipsa
2400 3550 2626 3605 defodit.
2658 3548 2865 3605 Deinde
2886 3565 3010 3604 cum
3043 3565 3211 3620 prone
3234 3553 3514 3608 statuisset

1917 3646 2140 3707 milites,
2169 3644 2338 3713 jussit
2362 3652 2420 3696 ut
2441 3658 2537 3699 eos
2567 3642 2857 3714 diligenter
2883 3654 3170 3698 servarent
3203 3642 3320 3698 :Ne
3349 3643 3513 3708 forte,

1916 3738 2126 3806 inquit,
2169 3732 2466 3789 Christi'ani
2523 3750 2621 3791 eos
2673 3743 2835 3790 noctu
2889 3733 3250 3789 suffurentur.
3292 3732 3359 3787 Et
3400 3734 3516 3790 haec

1913 3830 2131 3898 quidem
2169 3826 2261 3881 ille
2302 3826 2539 3892 stultus,
2574 3836 2630 3881 et
2680 3840 2809 3879 vere
2856 3824 3024 3881 stulta
3062 3826 3419 3895 aggrediens,
3457 3837 3516 3879 ut

1914 3920 2062 3974 novit
2099 3917 2265 3974 Deus.
2301 3917 2586 3985 Quomodo
2615 3917 2761 3972 enim
2795 3915 3024 3985 foruax,
3056 3932 3177 3987 quae
3232 3917 3362 3972 olim
3402 3928 3515 3975 tres

1911 4012 2149 4081 suscepit
2175 4027 2371 4081 pueros
2400 4010 2422 4042 ⁷
2444 4051 2459 4078 ,
2498 4011 2647 4065 nullo
2684 4025 2779 4065 eos
2839 4008 3031 4065 dolore
3060 4024 3161 4065 nec
3195 4010 3302 4066 ulla
3333 4008 3515 4069 affecit

1912 4105 2191 4167 molestia,
2229 4116 2285 4160 et
2337 4114 2396 4159 ut
2431 4103 2606 4158 dicam
2657 4119 2782 4158 cum
2841 4103 3029 4161 divina
3077 4098 3361 4172 Scriptdra
3387 4143 3406 4171 ,
3444 4119 3515 4158 ne

1911 4213 2080 4251 unum
2132 4196 2350 4269 quidem
2376 4211 2564 4252 eorum
2601 4195 2766 4269 pilum
2808 4194 2984 4262 laesit;
3018 4194 3088 4249 ita
3119 4194 3284 4257 etiam
3323 4197 3375 4250 in
3429 4196 3515 4251 bis

1910 4288 2117 4345 factum
2149 4299 2256 4346 est.
2294 4288 2427 4343 Nam
2459 4303 2585 4348 cum
2634 4288 2766 4343 hora
2799 4289 3033 4342 secunda
3059 4287 3193 4360 jacti
3241 4300 3422 4343 essent
3457 4289 3511 4351 in

1911 4383 2139 4446 calcem,
2181 4392 2295 4437 tuto
2325 4381 2413 4435 die
2459 4380 2612 4458 (erat
2638 4389 2819 4437 autem
2859 4378 3205 4450 Parasceve)
3238 4388 3514 4435 Steterunt

1910 4475 2060 4531 nullo
2097 4475 2238 4530 malo
2274 4472 2479 4541 aﬂ‘ecti,
2524 4470 2696 4528 Deum
2738 4471 3046 4527 laudantes.
3108 4467 3348 4542 Vespere
3382 4487 3512 4526 vero

1914 4576 1968 4625 et
1999 4568 2089 4623 lux
2122 4567 2202 4623 eis
2229 4568 2461 4638 desuper
2517 4564 2785 4632 emicuit,
2839 4572 2895 4620 et
2943 4578 3041 4635 per
3088 4573 3254 4619 totam
3296 4576 3512 4620 noetcm

1916 4676 2013 4717 eos
2043 4659 2428 4715 circumfulsit.

1984 4787 2171 4844 LXIV.
2193 4787 2513 4844 Miraculum
2532 4793 2712 4843 autem
2737 4784 2951 4842 fructus
2973 4798 3193 4856 quoque
3215 4793 3297 4840 est
3314 4799 3509 4841 conse-

1914 4891 2092 4936 cutus.
2136 4878 2255 4933 Duo
2297 4879 2442 4934 enim
2484 4895 2553 4934 ex
2590 4879 2893 4943 militibus,
2927 4878 3125 4948 quibus
3167 4888 3283 4932 erat
3313 4891 3507 4933 eorttm

1914 4969 2243 5024 demandata
2292 4969 2576 5037 custodia,
2631 4968 2779 5026 hunc
2821 4970 3164 5041 splendorem
3217 4968 3402 5025 mirati
3451 4974 3510 5023 et

1914 5059 2055 5117 hanc
2090 5061 2453 5130 alacritatem,
2481 5072 2537 5117 et
2560 5062 2817 5121 lubenter
2844 5063 2900 5119 in
2931 5062 3138 5119 calcem
3175 5063 3506 5129 insilierunt,

1909 5164 1964 5208 et
1994 5152 2334 5211 Christianos
2362 5168 2424 5211 se
2467 5168 2591 5213 esse
2618 5153 2858 5212 confessi
2884 5164 3032 5212 sunt.
3063 5153 3200 5211 Cum
3235 5169 3365 5209 vero
3390 5154 3505 5225 jam

1911 5247 2027 5303 dies
2059 5256 2375 5317 appareret,
2407 5261 2505 5304 eos
2549 5261 2679 5304 esse
2708 5255 2954 5304 mortuos
2999 5247 3322 5303 existimans
3351 5246 3506 5301 vica-

1913 5342 2052 5405 rius,
2081 5340 2176 5410 qui
2209 5348 2331 5395 erat
2360 5340 2640 5411 impietate
2675 5348 2950 5407 mortuus,
2974 5337 3131 5410 jubet
3160 5352 3350 5393 eorum
3381 5352 3509 5392 cor-

1910 5447 2043 5503 pora
2075 5430 2200 5502 ejici
2233 5444 2265 5485 e
2295 5430 2557 5489 cisterna.
2588 5427 2657 5486 Et
2682 5444 2805 5485 cum
2846 5429 3213 5486 accessissent
3243 5426 3282 5482 ii
3307 5426 3509 5496 quibus

1906 5534 2026 5580 erat
2056 5538 2246 5579 eorum
2295 5521 2592 5587 commissa
2622 5521 2897 5588 custodia,
2931 5520 3120 5578 vident
3153 5534 3270 5585 eos,
3313 5531 3369 5574 et
3404 5518 3508 5575 mis

1907 5618 2034 5677 lites
2064 5617 2157 5689 qui
2200 5617 2269 5673 ad
2313 5630 2412 5673 eos
2461 5613 2894 5688 transfugerant,
2925 5614 3062 5672 nihil
3090 5613 3311 5687 quidem
3339 5624 3509 5667 crare
