4116 6416
541 374 643 437 ξὸἶ

1768 358 2055 421 MENSIS
2092 350 2551 416 JANUARIUS.

3725 338 3837 403 868

526 485 887 549 sustinuisse;
931 481 1023 534 sed
1059 480 1261 533 habere
1294 475 1531 531 divinam
1569 471 1859 540 quamdam
1896 468 2124 539 gratiam

2246 462 2318 515 Ξὲν
2380 460 2479 530 μὲν
2531 459 2640 513 ἀπὸ
2674 458 2774 528 τῆς
2831 458 3097 512 ἀσϐέστου
3157 455 3395 527 χαλεπὸν
3458 454 3832 516 ὑποστάντας.

524 578 576 630 in
611 588 709 629 suo
733 572 882 626 vultu
907 569 1364 631 rlllorcscentem,
1391 573 1445 619 et
1468 579 1499 619 e
1529 562 1665 617 facie
1691 561 1901 615 dulcem
1928 573 2124 627 quem-

528 667 652 722 dam
684 666 892 719 radium
939 663 1211 717 emittere.
1248 661 1384 715 Cum
1415 673 1509 713 cos
1543 673 1670 727 ergo
1703 671 1733 710 e
1768 655 2001 708 cisterna
2029 667 2126 705 cx-

529 756 844 814 traxissent.
891 754 957 807 de
1017 752 1287 806 militibus
1334 750 1541 804 vicario
1586 746 1903 801 renuntiant
1936 743 2130 815 (erant

527 860 707 904 autem
753 863 941 902 eorum
995 847 1214 901 nomina
1263 844 1520 914 Phengon
1578 851 1634 895 et
1695 837 2036 907 Eucarpus),
2075 844 2127 888 et

530 943 621 997 illo
669 943 897 1013 jubente
944 941 1199 1011 protinus
1245 938 1397 993 fuere
1447 935 1699 992 cruciﬁxi
1734 935 1880 989 clara
1912 943 2129 1000 quoque

532 1034 631 1103 ipsi
657 1035 778 1090 luce
819 1032 1185 1089 confessionis
1230 1030 1492 1086 habentes
1541 1027 1728 1083 oculos
1769 1025 2124 1082 illuminatus,

531 1129 720 1198 ctjam
757 1125 1262 1183 remunerationum
1303 1123 1548 1179 fruentes
1576 1119 1838 1191 praemiis.

610 1440 770 1495 LXV.
808 1440 1059 1494 Clemens
1078 1453 1207 1491 vero
1239 1446 1293 1491 ct
1316 1433 1717 1505 Agathangclus
1748 1432 1923 1487 adhuc
1947 1448 2132 1483 curru-

536 1537 662 1589 bant
699 1536 749 1587 in
778 1532 954 1587 stadio
978 1530 1248 1601 martyrii.
1284 1527 1535 1584 Vicarius
1564 1537 1749 1581 autem
1776 1524 2031 1580 studebat
2065 1523 2131 1578 iis

532 1640 750 1701 qunque
789 1625 953 1678 vitam
993 1630 1319 1691 prazseutem
1369 1620 1642 1685 adimere,
1674 1627 1734 1672 ut
1771 1617 1862 1687 qui
1904 1630 2004 1671 nec
2051 1616 2132 1668 vi-

533 1724 687 1773 deret
717 1732 811 1772 eos
847 1715 1161 1787 persuaderi
1200 1714 1470 1768 bonorum
1509 1710 1985 1781 promissiouibus,
2031 1723 2131 1762 nec

533 1810 757 1864 omnino
801 1806 1068 1862 malorum
1110 1805 1309 1860 cedere
1358 1801 1683 1868 iusultibus,
1730 1800 1912 1871 plures
1954 1798 2131 1853 adhuc

2235 551 2387 604 θείαν
2411 549 2469 603 δέ
2506 566 2630 602 τινα
2670 548 2830 620 χάριν
2869 547 3215 603 ἐπανθοῦσαν
3272 545 3454 600 αὐτῶν
3483 546 3606 609 ταῖς
3637 543 3836 613 ὕψεσιν

2231 642 2481 714 ἔχοντας,
2544 641 2641 696 καὶ
2676 644 2874 696 ἀκτῖνα
2903 641 2998 695 τοῦ
3063 640 3360 711 προσώπου
3390 636 3516 691 τινὰ
3562 638 3838 706 γλυκεῖαν

2230 735 2593 805 ἐπαφιέντας.
2660 735 3090 805 ’Δνιμησάμενοι
3146 733 3331 786 τοίνυν
3366 729 3568 793 αὐτοὺς
3618 729 3683 782 ἐκ
3732 726 3836 782 τοῦ

2230 829 2437 882 λάκκου
2474 828 2553 898 τῷ
2596 827 2830 899 βικαρίῳ
2864 827 2994 898 περὶ
3027 826 3136 879 τῶν
3160 821 3513 895 στρατιωτῶν
3537 820 3832 891 ἀπαγγέλ-

2230 922 2380 976 λουσι
2439 920 2685 993 (Φέγγων
2742 916 2813 992 ἦν
2836 921 3020 983 αὐτοῖς
3069 919 3165 972 καὶ
3197 917 3491 986 Εὕκαρπος
3522 914 3592 968 τὰ
3624 914 3834 983 ὀνόμασι

2229 1017 2341 1086 τα),
2374 1016 2630 1071 κάκείνου
2662 1014 3093 1087 προστάξαντος,
3119 1010 3283 1075 εὐθὺς
3314 1006 3833 1072 ἀνεσκολοπίζοντο,

2231 1107 2476 1179 λαμπρῷ
2519 1108 2615 1161 καὶ
2644 1106 2801 1160 αὐτοὶ
2839 1108 2940 1176 τῆς
2977 1103 3275 1174 ὁμολογίας
3324 1102 3521 1170 φέγγει
3546 1100 3646 1163 τὰς
3679 1099 3836 1169 ὄψεις

2236 1200 2732 1272 περιλαμπόμενοι,
2797 1201 2889 1254 καὶ
2952 1198 3222 1270 προοίμια
3277 1198 3379 1267 ἤδη
3438 1195 3551 1248 τῶν
3582 1194 3869 1270 ἀμοιϐὦογ

2233 1289 2631 1361 καρπούμενοι.

2302 1436 2419 1490 EE’.
2444 1437 2675 1508 Κλήμης
2706 1436 2892 1507 μέντοι
2927 1439 3020 1490 καὶ
3052 1436 3459 1504 Ἀγαθάγγελος
3490 1436 3573 1489 ἔτι
3612 1436 3703 1490 τὸν
3734 1437 3832 1491 τοῦ

2236 1529 2545 1599 μαρτυρίου
2572 1528 2797 1583 δίαυλον
2824 1528 3046 1599 ἔτρεχον
3068 1547 3081 1560 ·
3110 1530 3139 1582 6
3171 1528 3419 1599 βικέιριος
3436 1527 3608 1583 δὲκαὶ
3632 1527 3835 1591 αὐτοὺς

2234 1621 2463 1675 ἔσπευδε
2494 1623 2591 1692 τῆς
2624 1621 2907 1693 παρούσης
2939 1622 3083 1691 ζωῆς
3132 1620 3521 1690 ὑπεξαγαγεῖν,
3568 1616 3657 1675 οἷα
3691 1621 3835 1692 μήτε

2235 1717 2458 1786 ἀγαθῶν
2499 1718 2855 1786 ἐπαγγελίαις
2885 1718 3247 1789 πειθομένους
3279 1716 3442 1787 ὁρῶν,
3469 1718 3611 1788 μήτε
3640 1715 3834 1771 κακῶν

2238 1811 2557 1878 ἐπαγωγαῖς
2605 1810 2744 1873 ὅλως
2792 1810 3063 1875 εἴκοντας,
3113 1810 3336 1875 πλείους
3382 1810 3568 1875 αὐτοῖς
3622 1808 3705 1864 ἔτι
3739 1809 3838 1863 καὶ

536 1901 911 1970 praeclariores
974 1897 1161 1952 volens
1205 1897 1287 1951 eis
1335 1909 1567 1951 coronas
1617 1894 1856 1950 contexi.
1929 1893 2128 1948 Dehinc

2246 1901 2650 1973 λαμπροτέρους
2683 1901 2961 1974 πλακῆναι
2991 1902 3121 1965 τοὺς
3153 1903 3454 1970 στεφάνους
3480 1901 3834 1972 βουλόμενος,

543 2004 693 2048 certe
745 1991 988 2046 vicarius
1031 1988 1193 2059 jussit
1253 1988 1361 2042 duo
1420 1988 1531 2041 lora
1585 1985 1829 2045 exscindi
1861 1999 1926 2040 ex
1966 1985 2131 2055 tergis

538 2066 969 2155 uniuscujusque
1002 2099 1016 2137 :
1055 2081 1248 2137 deinde
1288 2091 1468 2135 autem
1513 2082 1660 2148 ipsos
1694 2093 1911 2151 quoque
1943 2080 2131 2131 verbe-

541 2181 646 2235 rari
675 2178 843 2248 virgis
894 2183 1007 2231 toto
1056 2187 1287 2243 corpore
1328 2171 1830 2226 vehementissime.
1864 2168 1942 2223 Illi
1969 2182 2130 2231 vero,

536 2286 661 2325 cum
694 2269 860 2323 etiam
894 2267 974 2321 eis
1013 2280 1209 2319 carnes
1259 2264 1703 2330 conciderentur,
1745 2269 1801 2316 et
1841 2275 1965 2315 ossa
2004 2275 2135 2314 cou-

543 2369 873 2423 tercrentur,
909 2356 1124 2412 fortiter
1152 2365 1332 2409 tamen
1363 2363 1418 2408 et
1447 2362 1766 2407 constanter
1792 2348 2135 2408 sustinebant

540 2450 851 2522 praseutia,
906 2457 1166 2517 tanquam
1220 2448 1286 2501 ad
1332 2446 1692 2515 impatibilem
1738 2444 1850 2513 jam
1899 2443 2132 2498 traducti

540 2556 815 2606 naturam,
848 2552 904 2595 et
948 2539 1147 2593 nullam
1190 2538 1488 2593 sentientes
1521 2536 1903 2591 necessitatem
1941 2548 2136 2603 corpo-

543 2636 643 2689 ris.
691 2631 996 2688 Pra‘clarus
1040 2643 1222 2685 autem
1259 2630 1515 2686 Clemens
1549 2629 1683 2684 tales
1716 2643 1935 2699 quoque
1972 2641 2135 2682 voces

541 2729 606 2781 ad
636 2727 803 2784 Deum
837 2726 1178 2794 loquebatur,
1204 2724 1417 2778 dicens:
1449 2722 1679 2778 Domine
1726 2720 1869 2783 Jesu,
1897 2719 2133 2786 Christe,

540 2822 628 2887 qui
666 2818 928 2888 quidquid
981 2818 1186 2886 spirat,
1234 2830 1263 2869 ο
1301 2816 1411 2870 luto
1462 2814 1698 2885 propriis
1736 2812 2035 2868 fabricatus
2078 2827 2137 2866 es

542 2911 813 2971 manibus,
858 2919 912 2962 et
958 2908 1162 2962 homini
1213 2921 1410 2961 nervos
1458 2916 1514 2961 et
1564 2920 1688 2959 ossa
1725 2912 1780 2958 et
1809 2903 1969 2958 aliam
2008 2918 2139 2957 con-

541 3002 784 3056 struxisti
821 3000 1072 3070 figuram,
1107 2999 1199 3068 qui
1222 2998 1386 3052 etiam
1412 3012 1515 3052 nos
1541 3012 1685 3065 szepe
1722 2996 1986 3051 contritos
2008 3010 2140 3049 con-‘

542 3092 795 3160 firmasti,
846 3104 901 3149 et
958 3094 1308 3148 concidentes
1358 3089 1657 3157 stabiliisti,
1712 3089 2049 3158 amictusque
2084 3097 2137 3141 et

543 3195 843 3256 prostratos
890 3183 1137 3247 erexisti,
1182 3183 1299 3250 ipse
1343 3196 1464 3236 ossa
1511 3194 1728 3251 quoque
1779 3190 1964 3234 nostra
1996 3193 2139 3233 nunc

2240 1995 2438 2049 Ἔνθεν
2501 1995 2684 2049 τοίνυν
2746 1996 2843 2046 καὶ
2892 1992 2987 2046 δύο
3033 1993 3134 2062 μὲν
3184 1994 3417 2059 ἱμάντας
3446 1993 3556 2046 τῶν
3595 1993 3835 2047 ἑκάστου

2235 2086 2423 2140 νώτων
2448 2088 2476 2140 ὁ
2505 2086 2753 2158 βικάριος
2781 2085 3145 2155 διεκκοπῆναι
3170 2083 3404 2147 κελεύει,
3435 2084 3629 2139 ἔπειτα
3651 2084 3710 2137 δέ
3739 2082 3840 2140 καὶ

2240 2179 2463 2251 ῥάϐδοις
2510 2178 2712 2240 αὐτοὺς
2742 2177 2863 2230 ὅλον
2915 2177 2976 2230 τὸ
3009 2176 3169 2247 σῶμα
3213 2176 3597 2248 σφοδροτάτως
3630 2175 3839 2229 τύπτε-

2239 2273 2386 2331 σθαι.
2420 2272 2485 2325 Oi
2514 2271 2571 2325 δέ
2598 2271 2693 2325 καὶ
2722 2270 2822 2333 τὰς
2855 2269 3065 2339 σάρκας
3090 2269 3439 2341 τεμνόμενοι,
3472 2270 3567 2322 καὶ
3597 2267 3666 2322 τὰ
3700 2267 3839 2331 ὀστᾶ

2240 2363 2679 2434 συντριϐόμενοι,
2719 2362 2871 2433 ὅμως
2908 2363 3197 2433 καρτερῶς
3237 2361 3306 2415 τά
3338 2362 3585 2433 παρόντα
3619 2362 3716 2415 καὶ
3742 2361 3839 2414 εύο

2237 2456 2408 2518 τόνως
2438 2455 2739 2525 ὑπέμενον,
2763 2452 2955 2524 ὥσπερ
2980 2452 3081 2523 ἥδη
3116 2452 3255 2523 πρὸς
3302 2451 3401 2523 τὴν
3432 2451 3619 2521 ἀπαθῆ
3671 2468 3841 2520 μεταη

2240 2546 2459 2617 θέμενοι
2495 2540 2679 2614 φύσιν,
2716 2546 2810 2599 καὶ
2872 2544 3144 2614 μηδεμιᾶς
3171 2543 3423 2613 ἀνάγκης
3452 2541 3549 2596 τοῦ
3582 2539 3841 2611 σώματος

2240 2636 2647 2707 αἰσθανόμενοι.
2711 2636 2773 2690 '0
2806 2635 2861 2688 δέ
2894 2636 3145 2704 γενναῖος
3204 2634 3441 2705 Κλήμης
3495 2632 3591 2685 καὶ
3649 2631 3844 2702 φωνὰς

2240 2729 2378 2801 πρδς
2410 2729 2501 2782 τὸν
2558 2728 2692 2783 Θεὸν
2743 2726 2999 2791 τοιαύτας
3048 2726 3385 2795 ἐφθέγγετο⁶
3432 2724 3608 2795 Κύριε
3657 2721 3842 2795 Ἰησοῦ

2240 2819 2467 2889 Χριστέ,
2497 2819 2696 2888 λέγων,
2751 2821 2780 2874 6
2808 2819 2992 2871 πᾶσαν
3018 2820 3082 2871 ἐκ
3114 2817 3289 2887 πηλοῦ
3342 2815 3514 2891 πνοὴν
3542 2816 3734 2887 χερσὶν
3760 2819 3847 2870 ol—

2241 2913 2422 2976 κείαις
2468 2913 2908 2983 δημιουργήσας,
2966 2912 3061 2966 καὶ
3091 2910 3259 2982 νεῦρα
3313 2909 3396 2981 τῷ
3423 2910 3702 2983 ἀνθρώπῳ
3742 2910 3846 2965 καὶ

2240 3005 2373 3059 όστᾶ
2403 3005 2497 3059 καὶ
2540 3005 2639 3077 τὴν
2669 3005 2838 3077 ἀλλην
2868 3004 3288 3067 κατασκευάσας
3339 3004 3654 3070 διάπλασιν,
3690 3006 3721 3057 6
3743 3004 3846 3057 καὶ⁵

2244 3098 2634 3169 συντριϐέντας
2667 3097 2934 3161 πολλάκις
2966 3099 3115 3168 ἡμᾶς
3143 3096 3486 3173 ἐπιρρώσας.
3535 3100 3631 3151 καὶ
3662 3114 3842 3160 κατα-

2243 3190 2546 3255 πίπτοντας
2563 3190 2957 3262 ύποστηρίξας,
2984 3192 3080 3245 καὶ
3106 3189 3429 3261 ἀνορθώσας
3459 3192 3847 3265 κατερραγμέ-

545 3278 781 3332 contrita
810 3276 977 3345 erige,
1025 3283 1079 3329 et
1104 3284 1191 3328 tua
1222 3273 1385 3342 imple
1431 3271 1818 3329 exsultatione.
1854 3268 1971 3339 lpse
1992 3271 2136 3325 enim

2246 3300 2387 3347 νους,
2416 3285 2578 3347 αὐτὸς
2602 3284 2699 3344 καὶ
2726 3284 2794 3337 τά
2825 3284 3187 3356 συντριϐέντα
3212 3282 3371 3355 ἡμῶν
3393 3283 3532 3337 ὀστᾶ
3553 3280 3649 3337 νῦν
3678 3284 3853 3355 ἀνόρ-

546 3384 628 3435 es,
662 3383 696 3421 ο
731 3383 823 3423 rex
882 3368 1108 3430 invicte,
1156 3365 1247 3436 qui
1280 3367 1331 3419 in
1382 3365 1536 3420 nobis
1586 3365 1689 3421 hoc
1726 3372 2001 3419 certamen
2050 3363 2146 3418 de.

549 3472 729 3516 certas
760 3478 774 3514 :
816 3468 874 3514 ut
916 3475 1010 3531 per
1042 3466 1282 3514 nostram
1323 3457 1751 3514 imbecillitatem
1781 3465 1870 3511 tua
1904 3456 2146 3526 apertius

549 3553 869 3609 ostendatur
900 3552 1164 3623 potentia.
1207 3551 1490 3618 Quomodo
1516 3549 1662 3605 enim
1690 3551 1792 3605 hoc
1822 3563 2042 3620 corpus,
2089 3548 2144 3602 in

549 3648 694 3718 quod
725 3646 877 3701 cadit
911 3645 1184 3709 interitus,
1223 3643 1357 3698 tales
1392 3642 1584 3699 vicerit
1618 3640 2041 3713 perpessioues?
2069 3639 2144 3699 ιω

553 3753 784 3810 magnus
812 3738 1063 3794 Clemens
1090 3752 1211 3793 cum
1240 3737 1353 3796 Deo
1379 3736 1724 3806 loquebatur.

628 4043 813 4100 LXVI.
859 4043 1108 4099 Vicarius
1142 4053 1321 4099 autem
1351 4044 1542 4099 videns
1573 4058 1669 4100 eos
1701 4058 1964 4115 superare
2012 4058 2152 4113 prae-

558 4138 756 4205 sentia,
778 4136 847 4192 ad
879 4135 1043 4190 alium
1075 4138 1293 4192 modum
1328 4136 1597 4207 processit
1624 4136 1877 4208 supplicii
1910 4144 2002 4191 :ct
2024 4150 2148 4190 cum

565 4231 703 4285 duos
760 4227 967 4285 ferreos
1026 4228 1421 4285 caudefecisset
1473 4231 1754 4302 grabatos,
1812 4229 1943 4284 facit
1991 4238 2047 4283 ut
2096 4228 2153 4282 in

561 4319 735 4378 altero
785 4334 972 4375 eorum
1024 4320 1165 4375 alter
1217 4322 1520 4377 recumbat.
1561 4324 1700 4377 Cum
1745 4337 1873 4377 vero
1920 4320 2150 4375 multum

562 4412 705 4484 ignis
737 4411 964 4468 inferius
993 4413 1405 4479 substravisset,
1442 4413 1620 4469 oleum
1657 4424 1712 4469 ct
1758 4414 1937 4484 ignem
1972 4421 2026 4467 et
2067 4412 2153 4483 pi-

562 4520 680 4561 cem
715 4515 771 4561 et
800 4507 1031 4576 sulphur
1079 4507 1337 4563 infundit.
1374 4508 1510 4563 Cum
1559 4507 1758 4562 multus
1786 4521 1933 4578 ergo,
1978 4517 2037 4560 ut
2069 4513 2153 4561 est

2248 3376 2425 3431 θωσον
2454 3377 2551 3430 καὶ
2585 3377 2684 3448 τῆς
2740 3380 2841 3448 σῆς
2895 3376 3275 3447 ἀγαλλιάσεως
3324 3377 3638 3449 ἔμπλησον*
3676 3377 3852 3443 αὐτὸς

2247 3468 2357 3540 γὰρ
2390 3464 2461 3533 εἴ,
2498 3468 2725 3539 ἀνίκητε
2761 3468 3006 3539 βασιλεῦ,
3040 3471 3068 3523 6
3118 3470 3177 3524 ἐν
3207 3471 3341 3541 ἡμῖν
3363 3470 3455 3524 τὸν
3489 3469 3688 3537 ἀγῶνα
3719 3469 3856 3524 τοῦ-ι

2247 3577 2339 3613 τον
2369 3559 2794 3631 ἀγωνιζόμενος,
2852 3559 2994 3613 ὥστε
3045 3561 3141 3615 καὶ
3200 3562 3546 3632 σαφεστέραν
3596 3559 3686 3614 διὰ
3743 3560 3854 3633 τῆς

2250 3652 2530 3724 ἡμετέρας
2555 3651 2842 3717 ἀσθενείας
2867 3653 2968 3725 τὴν
3006 3651 3108 3726 σὴν
3154 3654 3531 3726 ἐπιδειχθῆναι
3567 3653 3805 3725 δύναμιν
3829 3670 3849 3685 ο

2249 3745 2373 3802 ἐπεὶ
2417 3744 2537 3809 πῶς
2592 3745 2660 3801 ἂν
2709 3745 2772 3803 τὸ
2803 3746 3045 3817 φθαρτὸν
3100 3745 3262 3803 τοῦτο
3301 3746 3462 3818 σῶμα
3502 3746 3853 3820 τηλικούτων

2252 3835 2602 3906 περιεγένετο
2660 3836 3042 3907 παθημάτων;
3092 3835 3280 3892 Ταῦτα
3313 3840 3341 3891 6
3397 3837 3572 3913 μέγας
3609 3838 3858 3910 Κλήμης

2250 3927 2330 4003 τῷ
2360 3927 2483 3999 Θεῷ
2507 3928 2806 3998 διελέγετο.

2322 4056 2457 4127 Ξεῗ.
2490 4059 2601 4116 Καὶ
2638 4060 2667 4112 6
2721 4057 2968 4130 βικάριος
3001 4060 3289 4131 κρείττους
3340 4060 3541 4124 αὐτοὺς
3591 4060 3688 4115 καὶ
3728 4060 3848 4123 τῶν

2254 4151 2540 4221 παρόντων
2571 4150 2714 4221 ὁρῶν
2752 4152 2889 4223 πρὸς
2918 4151 3109 4223 ’ἐτερόν
3160 4169 3285 4207 τινα
3324 4155 3601 4225 τιμωρίας
3643 4154 3855 4225 τρόπον

2254 4242 2473 4314 ἐχώρει,
2533 4242 2629 4296 καὶ
2681 4241 2774 4295 δύο
2817 4243 3074 4314 σιδηροῦς
3104 4243 3438 4315 ἐκπυρώσας
3477 4244 3852 4316 κραϐϐάτους.

2258 4336 2317 4389 ἐν
2352 4334 2603 4406 ἐκατέρῳ
2629 4333 2840 4388 τούτων
2875 4335 3139 4406 ἑκάτερον
3168 4338 3469 4392 ἀνακλίνει.
3499 4337 3765 4391 Κάτωθεν
3794 4338 3859 4393 δὲ

2257 4426 2368 4498 πῦρ
2407 4426 2641 4496 ἄφθονον
2675 4425 3062 4498 ὑποστρώσας,
3098 4428 3278 4483 ἔλαιόν
3307 4446 3369 4482 τε
3396 4430 3492 4483 καὶ
3519 4430 3724 4483 πίσσαν
3758 4430 3858 4483 καὶ

2258 4518 2402 4571 θεῖον
2435 4516 2643 4571 ἀνωθεν
2669 4517 2902 4589 ἐπιχέει.
2936 4520 3173 4579 Καπνοῦ,
3192 4522 3393 4585 τοίνυν,
3414 4522 3490 4585 ὡς
3520 4522 3686 4587 είκὸς,
3720 4521 3861 4578 7:0)..-

563 4609 1013 4667 consentaneum,
1060 4599 1242 4656 fumus
1284 4612 1339 4654 et
1384 4600 1599 4655 flamma
1649 4599 1847 4659 sublati
1880 4610 2061 4653 essent
2101 4599 2141 4652 ir

2260 4610 2354 4664 λοῦ
2391 4613 2487 4664 καὶ
2521 4609 2716 4680 φλογὸς
2758 4612 2991 4666 ἐπιπολὺ
3024 4612 3116 4667 τοῦ
3150 4613 3314 4685 ὰέρος
3342 4614 3642 4685 ἀρθέντων,
3670 4614 3724 4669 οἱ
3752 4614 3863 4686 μὲν

564 4703 819 4760 magnam
860 4700 1070 4759 partem
1127 4691 1291 4757 aeris,
1321 4691 1354 4745 ii
1396 4690 1615 4760 quidem
1645 4690 1736 4760 qui
1781 4689 2154 4745 circumsiste-

566 4780 721 4845 bant,
758 4782 1055 4851 quinetiam
1092 4783 1208 4852 ipse
1235 4796 1455 4851 quoque
1505 4796 1628 4835 cum
1662 4782 1742 4836 eis
1779 4782 2156 4851 magistratus,

567 4871 623 4933 id
650 4876 793 4947 quod
841 4883 963 4930 erat
1010 4876 1086 4930 rei
1130 4885 1185 4931 et
1212 4883 1423 4930 naturai
1466 4875 1825 4950 Consequens,
1860 4873 2159 4929 credebant

567 4980 760 5022 omnes
783 4974 1004 5021 sanctos
1023 4981 1145 5022 esse
1172 4976 1438 5023 mortuos.
1463 4966 1816 5035 Significabat
1841 4977 2022 5022 autem
2040 4965 2155 5037 jam

568 5056 853 5117 lictoribus
893 5074 1110 5128 quoque
1139 5058 1401 5126 vicarius,
1442 5067 1503 5113 ut
1533 5075 1664 5127 rogo
1699 5060 1993 5122 exstincto,
2032 5072 2158 5113 eor-

571 5164 703 5217 pora
758 5158 1071 5206 sanctorum
1104 5149 1356 5220 iacerent
1388 5150 1443 5205 in
1477 5148 1726 5206 ﬂuvium.
1757 5152 1864 5207 Eos
1901 5166 2034 5207 vero
2065 5151 2152 5205 in.

571 5252 788 5299 vaserat
825 5242 1045 5313 quidem
1093 5244 1268 5300 dulcis
1299 5259 1526 5301 sunmus
1548 5255 1604 5300 et
1636 5246 2065 5316 inexplicabilis;
2100 5248 2156 5303 in

571 5351 765 5395 somno
806 5344 988 5391 autem
1034 5336 1176 5394 visio
1214 5351 1430 5407 quoque
1483 5338 1799 5395 accedebat.
1828 5338 1983 5397 Visio
2028 5354 2156 5395 vero

573 5438 691 5483 erat
738 5428 854 5498 ipse
906 5430 1238 5500 agonetheta
1288 5430 1561 5498 Christus,
1611 5433 1704 5503 qui
1750 5447 1872 5488 cum
1913 5434 2157 5488 exercitu

573 5520 890 5592 angelorum
938 5524 1219 5595 apparuit,
1267 5535 1325 5581 et
1373 5526 1558 5582 dixit:
1592 5525 1769 5583 Nolite
1811 5528 2024 5593 timere,
2058 5541 2160 5598 ego

572 5613 718 5665 enim
762 5627 882 5667 sum
918 5617 1195 5673 vobiscum
1219 5618 1262 5673 ⁸.
1299 5618 1376 5674 llli
1412 5633 1542 5689 ergo
1584 5634 1707 5675 cum
1736 5619 1803 5675 ab
1843 5620 1944 5678 hoc
1973 5622 2161 5683 divino

649 5787 672 5818 ⁸
692 5787 887 5847 Matth.
924 5809 1114 5857 xxvnt.

2265 4703 2657 4775 περιεστῶτες,
2700 4703 2838 4758 ἀλλὰ
2870 4706 2966 4758 καὶ
2992 4705 3156 4767 αὐτὸς
3193 4707 3291 4759 σὺν
3331 4707 3520 4771 αὐτοῖς
3563 4709 3591 4760 6
3644 4707 3861 4778 ἄρχων,

2260 4797 2399 4867 ὅπερ
2422 4792 2492 4867 ἦν
2522 4794 2617 4849 καὶ
2645 4795 2725 4866 τῷ
2761 4796 3053 4867 πράγματι
3085 4798 3183 4851 καὶ
3211 4800 3277 4869 τῇ
3320 4797 3483 4874 φύσει
3535 4797 3861 4866 ἀκόλουθον,

2262 4888 2520 4947 τεθνάναι
2573 4886 2776 4952 πάντες
2803 4889 3116 4945 ἐπίστευον.
3164 4889 3461 4961 Ἐσήμαινε
3498 4890 3556 4945 δὲ
3589 4892 3682 4945 καὶ
3737 4895 3863 4957 τοῖς

2259 4978 2479 5049 δημίοις
2507 4980 2536 5033 6
2565 4977 2814 5051 βικάριος
2844 4979 2968 5052 ἤδη,
3008 4980 3310 5046 σϐέσαντας
3346 4983 3449 5054 τὴν
3480 4984 3666 5054 πυρὰν
3695 4984 3861 5055 ῥίψαι

2264 5072 2408 5125 κατά
2433 5070 2534 5125 τοῦ
2566 5070 2820 5142 ποταμοῦ
2849 5071 2960 5126 τῶν
3008 5073 3183 5142 ἁγίων
3229 5074 3300 5128 τὰ
3336 5073 3569 5144 σώματα
3590 5089 3608 5105 ⁶
3638 5076 3767 5139 τοὺς
3800 5076 3861 5138 δὲ

2261 5159 2332 5236 ἦν
2374 5164 2483 5235 ἄρα
2508 5161 2693 5217 λαϐὼν
2718 5161 2889 5231 ὕπνος
2928 5181 3014 5229 τις
3047 5165 3254 5233 γλυκὺς
3280 5166 3377 5220 καὶ
3395 5169 3732 5241 ἀπόρρητος,
3764 5170 3863 5223 ἐπὶ

2262 5254 2341 5325 τῷ
2371 5254 2527 5327 ὕπνῳ
2566 5255 2625 5315 δὲ
2646 5258 2742 5312 καὶ
2771 5257 2895 5329 ὄψις
2920 5258 3132 5327 ἐφοίτα.
3175 5256 3247 5312 Ἠ
3270 5258 3328 5312 δὲ
3366 5259 3491 5330 ὄψις
3528 5261 3693 5324 αὐτὸς
3730 5256 3803 5336 ἦν
3832 5264 3863 5321 6

2266 5347 2613 5418 ἀγωνοθέτης
2640 5349 2880 5419 Χριστὸς
2910 5351 3050 5419 μετὰ
3083 5352 3349 5421 στρατιᾶς
3377 5352 3627 5423 ἀγγέλων
3652 5356 3863 5425 ἐπιφας-

2269 5441 2404 5507 νεὶς,
2435 5441 2551 5507 καὶ,
2586 5440 2682 5513 Μὴ
2708 5442 2987 5511 φοϐεῖσθε,
3041 5443 3249 5499 εἰπών’
3282 5443 3396 5514 ἐγὼ
3442 5446 3554 5517 γάρ
3586 5448 3704 5518 είμι
3738 5448 3869 5518 μεθ’

2269 5532 2443 5604 ὑμῶν.
2477 5533 2709 5588 Ἐκεῖνοι
2733 5535 2835 5606 μὲν
2865 5534 2960 5589 οὖν
2988 5535 3086 5590 τοῦ
3111 5536 3256 5592 θείου
3299 5539 3493 5599 τούτου
3532 5538 3704 5595 ὕπνου
3760 5544 3864 5595 ἁν-

2271 5625 2594 5701 ενεγκόντες
2622 5627 2873 5698 ἀλλήλοις
2891 5628 3203 5684 ἐκοινοῦντο
3231 5631 3333 5702 τὴν
3357 5633 3574 5707 ὅρασιν,
3607 5633 3866 5715 καθάπερ
