4116 6408
241 328 350 390 869
1267 326 1449 387 VlTA
1486 325 1544 387 S.
1588 324 2023 385 CLEMENTIS
2063 325 2470 386 ANCYRANI.
3394 327 3502 389 870

241 443 300 494 ὲν
348 438 537 492 εὐώδει
569 438 676 511 πόᾳ
706 438 801 492 καὶ
832 438 1071 510 μαλακῇ,
1107 437 1221 492 ἀλλ’
1249 440 1348 493 οὐκ
1382 440 1438 492 ὲν
1486 440 1646 508 φλογὶ
1681 440 1822 513 μέσῃ
1852 466 1866 503 ,a

1875 447 1896 502 ι
1928 454 2118 494 somno
2150 446 2334 494 essent
2362 438 2749 509 expergefacti,
2785 440 3259 496 communicabant
3287 438 3389 495 sibi
3421 441 3500 493 iu-

243 533 515 603 κείμενοι.
1932 531 2103 585 vicem
2155 532 2436 594 visionem,
2475 540 2730 601 tanquam
2769 531 2821 586 in
2855 531 3021 586 herba
3068 532 3214 588 molli
3241 540 3295 586 et
3322 530 3504 586 odori-

1933 619 2068 686 fera,
2100 636 2204 676 non
2241 623 2294 675 in
2325 621 2497 677 media
2524 631 2702 678 autem
2732 621 2966 688 ﬂamma,
3003 622 3263 693 jacentes.

1700 773 1929 830 CAPUT
1984 775 2075 830 XI.

1322 1003 1467 1074 Ignis
1495 1006 1914 1060 cruciamenlum
1952 1003 2107 1059 Tarsi
2139 1012 2466 1073 superatum.

312 1231 433 1286 ΞΖ’.
464 1226 723 1298 Δομέτιος
759 1227 817 1281 δὲ
866 1227 1185 1297 παραδόξως
1227 1227 1370 1284 οὕτω
1408 1227 1497 1279 καὶ
1527 1226 1621 1279 τοῦ
1652 1224 1819 1296 πυρὸς

2004 1225 2217 1283 LXVII.
2240 1226 2374 1283 Cum
2394 1242 2490 1283 eos
2505 1243 2633 1283 vero
2649 1228 2914 1286 Domitius
2934 1232 3161 1288 vidisset
3175 1233 3247 1290 ita
3265 1236 3501 1292 admira-

236 1322 410 1377 αὐτοῦ
441 1319 901 1391 περιγενομένους
933 1317 1078 1384 ίδὼν,
1106 1319 1198 1371 καὶ
1235 1319 1310 1389 μὴ
1342 1317 1480 1388 ἔχων
1505 1318 1533 1369 δ
1554 1334 1606 1369 τι
1635 1314 1820 1370 λοιπὸν

1920 1316 2104 1372 biliter
2137 1326 2190 1372 et
2217 1328 2413 1387 praeter
2441 1319 2750 1390 opinionem
2778 1322 2955 1391 ignem
2987 1328 3368 1394 superavisse,
3401 1345 3501 1386 nec

235 1415 426 1476 αὐτοῖς
473 1413 760 1483 χρήσαιτο,
815 1411 969 1482 παρὰ
1014 1410 1359 1482 Μαξιμιανδν
1405 1405 1562 1471 αὖθις
1622 1406 1820 1470 αὐτοὺς

1922 1408 2091 1463 sciret
2118 1409 2370 1481 deinceps
2398 1412 2654 1481 quidnam
2684 1412 2764 1468 eis
2806 1412 3030 1481 faceret,
3061 1419 3287 1474 remittit
3313 1436 3405 1475 eos
3434 1421 3498 1475 ad

236 1501 554 1570 ἀναπέμπει
613 1501 678 1553 ἐκ
709 1499 926 1571 Ταρσοῦ
987 1497 1291 1570 τηνικαῦτα
1341 1498 1476 1571 πρὸς
1532 1498 1816 1567 Ἄγκυραν

1922 1496 2343 1566 Maximianum,
2414 1502 2505 1571 qui
2578 1511 2704 1558 tunc
2777 1519 2840 1558 ex
2901 1504 3071 1561 Tarso
3131 1511 3500 1565 revertebatur

236 1591 672 1662 ἀναστρέφοντα.
703 1592 767 1644 Οἱ
795 1590 939 1659 ἅγιοι
962 1592 1141 1645 τοίνυν
1168 1589 1272 1643 ὑπὸ
1296 1587 1656 1659 στρατιώταις
1683 1585 1819 1658 μετὰ

1921 1590 2211 1661 Ancyram.
2238 1590 2371 1646 Cum
2397 1594 2570 1649 sancti
2602 1610 2730 1666 ergo
2763 1595 2863 1650 sub
2890 1597 3148 1652 militibus
3171 1613 3289 1652 cum
3317 1601 3499 1656 multis

237 1683 453 1739 πολλῶν
511 1684 603 1737 καὶ
638 1683 813 1739 ἄλλων
851 1683 1195 1755 Χριστιανῶν
1255 1682 1526 1752 ἁψάμενοι
1565 1679 1666 1749 τῆς
1719 1694 1815 1730 πο-

1924 1694 2138 1750 quoque
2180 1682 2302 1737 aliis
2331 1683 2655 1741 Christianis
2709 1692 2893 1742 essent
2942 1689 3046 1742 iter
3073 1689 3323 1759 ingressi,
3360 1707 3499 1760 quo-

239 1777 414 1849 ρείας,
440 1776 627 1861 ἐπειδὴ
661 1775 740 1847 τῷ
768 1793 826 1829 τε
860 1775 960 1846 τῆς
980 1774 1103 1861 ’ὁδοῦ
1138 1775 1304 1847 μήκει
1331 1774 1399 1827 τὰ
1450 1771 1681 1842 σώματα
1712 1787 1814 1824 πε-

1924 1773 2067 1826 niam
2096 1784 2149 1853 et
2181 1776 2280 1830 vite
2326 1775 2658 1851 longitudine
2706 1780 2914 1836 defessa
2959 1792 3120 1838 erant
3160 1797 3410 1856 corpora,
3441 1793 3497 1841 et

237 1857 569 1939 πονήκεσαν,
603 1868 779 1932 ἄλλως
804 1885 864 1921 τε
914 1857 1098 1921 δὲ’καὶ
1140 1868 1172 1936 ή
1199 1865 1316 1930 ὁδὸς
1347 1864 1414 1934 ἢν
1442 1862 1669 1933 ἔμελλον
1701 1861 1815 1915 δια·
1845 1877 1862 1934 ι

1870 1879 1888 1932 ι
1919 1864 2120 1935 alioqui
2153 1867 2258 1932 via,
2293 1885 2398 1941 qua
2435 1880 2592 1925 erant
2621 1874 2922 1939 transituri,
2948 1884 3063 1929 erat
3086 1879 3371 1933 admodum
3398 1878 3495 1933 de-

236 1961 470 2026 6αίνειν,
499 1960 704 2032 ἔρημος
743 1959 974 2013 ἐπιπολὺ
1001 1952 1136 2011 οὖσα
1163 1959 1255 2011 καὶ
1285 1955 1526 2026 ἀτεχνῶς
1564 1953 1814 2024 ἄ-.υδρος,

1923 1965 2062 2009 serta
2106 1967 2159 2011 et
2191 1959 2349 2027 plane
2399 1976 2552 2030 aqua:
2588 1977 2803 2032 expers,
2829 1964 2947 2019 sitis
2976 1980 3071 2021 eos
3107 1968 3298 2022 urebat
3334 1968 3494 2022 vehe-

236 2055 317 2116 εἰς
346 2052 440 2119 ὀξὺ
471 2051 623 2122 δίψος
658 2051 855 2114 αὐτοὺς
881 2049 1165 2119 ἀνέφλεγε.
1229 2046 1416 2117 Τούτῳ
1449 2045 1506 2098 δὲ
1532 2045 1683 2114 αύτῷ
1721 2043 1816 2097 καὶ

1924 2051 2280 2108 mentissime.
2334 2050 2410 2105 Eu
2462 2070 2583 2108 cum
2624 2057 2873 2112 viderent
2905 2060 3143 2130 graviter
3169 2062 3338 2130 premi
3379 2076 3493 2127 eos,

234 2145 366 2206 τοὺς
390 2142 811 2214 ὁδοιποροῦντας
837 2141 1027 2204 δεινῶς
1078 2139 1432 2209 πιεζομένους
1456 2136 1693 2208 δρῶντες
1721 2135 1816 2189 καὶ

1923 2143 2013 2212 qui
2045 2156 2151 2195 una
2178 2144 2281 2197 iter
2310 2144 2771 2215 ingrediebantur,
2795 2158 2848 2201 et
2877 2164 3000 2202 mox
3029 2164 3149 2204 esse
3170 2151 3494 2220 defecturos,

234 2237 362 2290 ὅσον
384 2235 537 2290 ούπω
565 2234 938 2297 ἐκλείποντας,
966 2236 1043 2296 είς
1075 2231 1243 2301 εὐχὴν
1269 2230 1409 2301 μετά
1433 2230 1542 2283 τῶν
1568 2229 1816 2298 γονάτων

1922 2236 1989 2289 ad
2012 2250 2202 2305 preces
2230 2251 2351 2291 cum
2387 2238 2612 2305 genibus
2654 2240 2828 2308 ipsum
2858 2255 2952 2294 cor
2987 2257 3202 2312 quoque
3234 2244 3498 2299 inclinau-

238 2330 335 2384 καὶ
394 2329 564 2400 αὐτὴν
626 2328 906 2390 κλίναντες
955 2326 1054 2397 τὴν
1108 2324 1372 2395 καρδίαν,
1427 2321 1598 2391 Κύριε
1637 2319 1816 2390 Ἰησοῦ

1926 2335 2046 2382 tes:
2081 2327 2302 2382 Domine
2343 2327 2466 2383 Jesu
2520 2329 2764 2394 Christe,
2806 2332 2947 2386 Deus
2980 2343 3181 2400 noster,
3224 2335 3496 2393 dicebant.

237 2421 463 2495 Χριστὲ,
490 2421 520 2474 ὀ
548 2420 680 2485 Θεὸς
708 2419 891 2491 ήμῶν,
925 2415 1098 2484 εἷπον,
1133 2419 1161 2470 ὁ
1192 2416 1284 2469 καὶ
1327 2415 1602 2486 Θαλάσσης
1649 2412 1815 2467 ’ύδατα

1923 2418 2196 2488 quietiam
2226 2419 2375 2490 prius
2400 2436 2571 2491 aquas
2597 2422 2763 2477 maris
2788 2432 3043 2492 tanquam
3076 2440 3287 2479 murum
3315 2427 3499 2483 ﬂrmas

241 2514 504 2584 πρότερον
532 2511 665 2566 ὡσεὶ
694 2513 873 2582 τεῖχος
899 2509 1141 2581 παγῆναι
1166 2508 1415 2573 ποιήσας,
1448 2508 1542 2561 καὶ
1578 2505 1723 2576 ὕδωρ
1750 2506 1814 2558 ἐκ

1922 2510 2143 2565 eﬂ'eeisti
2170 2521 2224 2566 et
2265 2512 2508 2577 stabiles,
2540 2524 2593 2569 et
2624 2529 2820 2585 aquam
2861 2530 3050 2571 rursus
3078 2516 3313 2571 eduxisti
3346 2531 3377 2570 e
3408 2532 3501 2587 pe:-

242 2606 445 2676 πὲτρας
472 2604 632 2657 πάλιν
662 2599 968 2670 ἐξαγαγὼν,
999 2600 1160 2664 αὐτὸς
1190 2598 1480 2668 ὲπίὸλεψον
1506 2598 1599 2651 καὶ
1616 2595 1713 2651 νῦν
1734 2594 1816 2662 ἐφ’

1925 2611 2037 2669 tra;
2068 2601 2184 2672 ipse
2226 2619 2368 2658 nunc
2397 2619 2613 2675 quoque
2651 2621 2815 2675 super
2854 2621 2953 2661 nos
2992 2607 3233 2677 respice,
3268 2610 3496 2676 respice,

239 2699 411 2770 ἡμᾶς,
452 2694 764 2765 ἐπίϐλεψον,
814 2691 1065 2765 βασιλεῦ’
1111 2690 1503 2759 διαπέφλεκται
1526 2689 1637 2760 γὰρ
1667 2690 1818 2760 ίσχυ-

1923 2693 2167 2765 inqnam,
2219 2713 2311 2751 rex
2352 2714 2365 2751 :
2405 2698 2559 2753 valde
2592 2700 2736 2753 enim
2795 2700 2946 2755 ardet
2977 2700 3159 2755 nostra
3209 2702 3407 2766 anima,
3443 2712 3500 2755 et

244 2790 358 2863 ρῶς
390 2788 589 2861 ἡψυχὴ
617 2787 796 2859 ήμῶν,
834 2786 931 2840 καὶ
951 2785 1221 2856 τρέχομεν
1254 2786 1312 2838 ὲν
1340 2782 1482 2853 δίψει
1535 2781 1816 2853 καύματος

1925 2788 2189 2841 currimus
2240 2787 2294 2841 in
2339 2790 2429 2844 siti
2460 2799 2623 2844 aestus
2660 2789 2711 2844 in
2752 2790 2870 2846 loco
2901 2791 2991 2861 qui
3041 2800 3125 2847 est
3168 2792 3288 2846 sine
3319 2792 3495 2861 aquis.

242 2883 303 2935 ὲν
326 2879 539 2953 ἀνύδρῳ
561 2895 577 2913 ο
613 2878 707 2931 σοῦ
749 2878 806 2932 δὲ
838 2877 1186 2949 βουλομένου,
1233 2876 1449 2939 πάντως
1475 2875 1569 2929 καὶ
1602 2873 1747 2946 ὕδωρ
1776 2875 1810 2946 ὴ

1926 2875 2002 2932 Te
2030 2888 2208 2933 autem
2240 2879 2470 2945 volente,
2515 2881 2738 2936 omnino
2768 2890 2822 2937 et
2854 2892 2993 2937 terra
3035 2898 3190 2952 aqua,
3225 2893 3279 2938 et
3310 2898 3496 2940 rursus

240 2974 336 3043 γῆ,
360 2972 455 3026 καὶ
493 2967 561 3028 αὖ
586 2970 745 3024 πάλιν
774 2970 846 3041 γῆ
876 2970 937 3022 τὸ
970 2968 1112 3040 ὕδωρ
1140 2967 1450 3038 γενήσεται.
1474 2964 1664 3020 Ταῦτα
1696 2966 1815 3019 ἐλε-

1923 2982 2060 3037 aqua
2099 2976 2240 3023 terra
2280 2968 2393 3024 ﬂet.
2423 2968 2544 3025 llaec
2572 2979 2626 3024 et
2654 2971 2925 3038 dicebant,
2954 2982 3008 3027 et
3031 2973 3217 3027 calida:
3246 2973 3498 3045 laerymae

242 3064 338 3131 τόν
367 3078 451 3129 τε,
478 3061 573 3115 καὶ
594 3060 773 3131 θερμὰ
799 3060 1012 3130 δάκρυα
1052 3058 1160 3113 τῶν
1182 3056 1476 3127 ὀφθαλμῶν
1511 3056 1803 3129 ἀπέρρεον.

1923 3060 2003 3113 eis
2030 3058 2272 3115 ﬂuebant
2298 3076 2364 3114 ex
2396 3062 2586 3117 oculis.
2618 3062 2752 3118 Cum
2778 3064 2961 3134 itaque
2986 3078 3258 3127 orassent,
3289 3074 3345 3120 et
3366 3076 3518 3134 pro-'

245 3151 707 3224 Προσευξαμένων
764 3150 895 3220 γοῦν
945 3150 1040 3204 καὶ
1094 3151 1173 3214 είς
1204 3148 1295 3202 τὸν
1328 3146 1558 3219 οὐρανὸν
1612 3146 1817 3223 εὐθέως

1929 3153 2071 3207 tinus
2115 3153 2168 3206 in
2212 3153 2409 3209 coelum
2469 3157 2864 3225 suspexissent,
2902 3171 3094 3226 purum
3138 3156 3406 3227 quoddam
3443 3163 3498 3212 et

245 3245 485 3310 ἰδόντων,
513 3241 753 3316 καθαρόν
779 3258 831 3295 τι
851 3241 1003 3312 νᾶμα.
1029 3240 1125 3293 καὶ
1148 3237 1343 3303 διειδὲς
1367 3238 1470 3309 τῆς
1494 3238 1664 3309 ξηρᾶς
1688 3240 1823 3292 ὲκεί-
1846 3230 1870 3293 ί

1873 3230 1891 3293 3
1927 3247 2268 3312 perspicuum
2325 3245 2584 3301 ﬂuentum
2630 3264 2697 3303 ex
2744 3249 2831 3303 illa
2859 3249 3009 3303 arida
3035 3259 3089 3305 et
3127 3250 3328 3304 inculta
3355 3260 3498 3303 terra

242 3356 340 3408 νης
369 3338 464 3391 καὶ
501 3336 778 3407 ἀνημέρου
808 3336 913 3406 γῆς
937 3333 1245 3389 ἀναδίδοται
1267 3349 1280 3364 ·
1310 3324 1372 3387 οὗ
1397 3333 1491 3385 καὶ
1516 3331 1730 3415 πιόντες
1755 3332 1817 3386 τὸ

1923 3339 2208 3391 emittitur.
2241 3337 2314 3393 Es
2343 3357 2592 3408 quocum
2620 3341 2907 3408 bibissent,
2939 3357 3057 3397 eam
3089 3358 3210 3414 quae
3240 3358 3335 3399 eos
3377 3359 3500 3415 pre-

244 3428 433 3494 πιέζον
466 3428 664 3492 αὐτοὺς
692 3426 757 3481 τδ
778 3426 931 3496 δίψος
953 3426 1266 3497 ἑκοίμισαν.
1621 3413 1624 3417 ’

963 3426 1266 3497 ὲκοίμισαν.
1621 3413 1624 3417 ’
1921 3433 2100 3488 ιιιιιυαι
2134 3432 2278 3485 sitim
2309 3435 2588 3489 sedarunt.

314 3517 437 3575 Eﬂ'.
463 3518 578 3589 Τῆς
612 3520 801 3589 φήμης
832 3510 928 3571 οὖν
958 3516 1055 3571 καὶ
1083 3518 1197 3580 τοῖς
1245 3514 1434 3587 πόρρω
1485 3512 1820 3583 διαδοθείσης

1990 3517 2224 3574 LXVIII.
2249 3519 2387 3575 Cum
2421 3520 2581 3591 hujus
2609 3532 2787 3578 autem
2823 3522 2902 3578 rei
2931 3520 3073 3579 fama
3094 3524 3257 3580 etiam
3282 3528 3351 3581 ad
3380 3539 3495 3595 eos,

244 3615 536 3688 συνέρρεον
588 3615 726 3684 πρὸς
772 3612 971 3675 αὐτοὺς
1022 3613 1072 3664 oi
1136 3610 1427 3680 περίοικοι,
1475 3610 1568 3663 καὶ
1599 3608 1733 3662 πολύ
1763 3623 1818 3659 τι

1920 3613 2009 3678 qui
2051 3610 2239 3680 procul
2267 3620 2425 3665 erant
2464 3613 2677 3676 remoti,
2709 3615 3057 3683 pervasisset,
3091 3617 3158 3670 ad
3190 3618 3338 3685 ipsos
3369 3631 3497 3671 con-

243 3710 447 3780 πλῆθος
464 3709 649 3771 αὐτοῖς
673 3705 885 3768 πολλοῖς
903 3705 998 3758 καὶ
1020 3702 1285 3765 ποικίλοις
1316 3702 1546 3755 πάθεσιν
1572 3700 1823 3769 ἐνοχλουο

1918 3700 2156 3755 ﬂuebant
2188 3701 2277 3769 qui
2311 3700 2666 3757 circumcirca
2702 3702 3037 3771 habitabant,
3085 3715 3138 3759 et
3169 3720 3363 3774 magna
3399 3708 3497 3761 ho-

246 3804 426 3877 μένων
464 3801 791 3872 προσήγετο.
838 3796 980 3849 Ἀλλ’
1013 3796 1048 3865 ή
1102 3793 1209 3847 τῶν
1240 3794 1444 3865 χειρῶν
1496 3792 1607 3862 ἁφὴ
1661 3791 1820 3860 μόνον

1920 3791 2127 3846 minutn
2153 3790 2465 3857 multitudo,
2498 3792 2590 3862 qui
2619 3790 2801 3847 multis
2823 3802 2879 3849 et
2909 3795 3073 3849 variis
3107 3796 3310 3850 morbis
3339 3810 3496 3851 vexa-

242 3894 462 3964 ικάστῳ
518 3890 613 3945 τοῦ
672 3889 878 3952 πάθους
926 3886 1137 3955 ἐγίνετο
1180 3884 1489 3954 φάρμακον.
1535 3883 1593 3936 ’0
1642 3881 1820 3935 τοίνυν

1918 3882 2137 3948 bantur,
2169 3882 2236 3937 ad
2269 3896 2364 3937 eos
2402 3881 2792 3938 adducebatur.
2845 3883 3097 3939 Manuum
3137 3894 3315 3939 autem
3348 3886 3494 3943 solus

245 3982 668 4057 μακαριώτατος
710 3982 943 4052 Κλήμης
973 3977 1083 4050 (ἐπ’
1117 3976 1280 4031 αὑτὸν
1312 3977 1423 4047 γάρ
1475 3975 1636 4045 μόνον
1663 3969 1820 4038 αὖθις

1918 3982 2203 4031 contactus
2246 3973 2349 4028 fuit
2412 3974 2705 4044 unicuique
2778 3974 2949 4029 morbi
3019 3975 3491 4037 medicamentum.

242 4079 337 4133 τὸν
362 4078 521 4147 λόγον
572 4070 1034 4142 ὲπαναγάγωμεν)
1073 4068 1217 4123 οὕτω
1264 4069 1496 4139 πάσχειν
1538 4067 1696 4136 ὲδίψα
1732 4064 1821 4118 διὰ

1920 4067 2271 4122 Beatissimus
2310 4081 2439 4136 ergo
2484 4064 2736 4122 Clemens
2783 4065 2886 4136 (ad
2925 4065 3101 4137 ipsum
3132 4068 3278 4121 enim
3319 4068 3493 4123 solum

243 4167 500 4241 Χριστὸν,
524 4165 666 4220 ὥστε
701 4163 839 4236 μηδὲ
866 4160 1196 4231 ὀλιγωθῆναι
1226 4162 1347 4221 ταῖς
1376 4159 1672 4228 τιμωρίαις
1725 4155 1819 4211 τὸν

1920 4175 2113 4215 rursus
2162 4160 2458 4214 revertitur
2506 4158 2717 4230 oratio)
2774 4168 2994 4229 propter
3045 4158 3324 4216 Christum
3383 4161 3497 4231 pati

242 4261 437 4334 χρόνον
459 4256 608 4329 αὐτῷ
639 4257 740 4328 τῆς
774 4254 919 4324 ζωῆς
971 4251 1190 4323 ηὖχετο,
1214 4250 1349 4305 ἀλλὰ
1377 4248 1466 4303 διὰ
1500 4249 1687 4311 τέλους
1711 4265 1819 4301 πα-

1919 4252 2054 4307 adeo
2079 4251 2313 4313 sitiebat,
2348 4260 2403 4304 ut
2433 4265 2530 4305 nec
2559 4249 2681 4304 vitae
2700 4251 2918 4319 quidem
2940 4246 3054 4307 suae
3083 4261 3291 4321 tempus
3315 4262 3496 4312 oraret

245 4350 551 4423 ραταθῆναι
601 4349 669 4401 τά
704 4348 1044 4415 σκάμματα,
1091 4344 1337 4396 Δέσποτα
1383 4340 1576 4410 Κύριε,
1625 4339 1819 4409 λέγων,

1924 4344 2091 4397 minui
2142 4343 2440 4412 suppliciis,
2477 4344 2571 4396 sed
2614 4341 2731 4410 ejus
2768 4353 2920 4413 septa
2949 4345 3166 4399 extendi
3198 4355 3479 4414 perpetuo:

246 4443 380 4513 μόνε
441 4439 660 4512 βασιλεῦ
680 4436 789 4491 τῶν
821 4433 1052 4499 αἰώνων,
1093 4435 1166 4504 μὴ
1190 4434 1472 4504 ἀναγάγῃς
1503 4450 1568 4503 με
1600 4434 1657 4485 ἐν
1691 4432 1821 4503 ήμί-

1922 4435 2169 4500 Domine,
2194 4436 2401 4498 dicens,
2425 4436 2516 4505 qui
2548 4448 2606 4489 es
2630 4434 2778 4489 solus
2824 4450 2920 4490 rex
2947 4436 3289 4501 saeculorum,
3314 4451 3382 4492 ne
3410 4451 3494 4492 me

247 4551 332 4588 σει
361 4532 470 4587 τῶν
500 4528 723 4603 ἡμερῶν
758 4545 880 4599 μου,
913 4528 1024 4589 τοῖς
1058 4525 1441 4596 καθημερινοῖ³
1470 4525 1680 4590 τούτοις
1707 4541 1823 4579 κιν-
1851 4591 1872 4603 _

1871 4592 1889 4603 ι
1923 4528 2212 4583 abduxeris
2258 4526 2312 4582 in
2358 4527 2581 4582 dimidio
2608 4526 2819 4581 dierum
2872 4542 3142 4595 meorum,
3193 4528 3277 4582 his
3317 4527 3496 4598 quoti.

243 4625 422 4689 δύνοις
447 4591 937 4692 ἀπαγορεύσαντα·
958 4619 1094 4672 ἀλλά
1123 4591 1408 4689 παράσχου
1437 4633 1526 4687 μοι
1551 4617 1627 4686 τῷ
1643 4617 1823 4689 ἅμαρ-
1851 4591 1868 4647 1

1870 4592 1895 4647 )
1923 4621 2100 4675 dianis
2129 4620 2399 4675 defessum
2444 4618 2701 4687 periculis
2730 4637 2744 4673 :
2768 4618 2863 4673 sed
2909 4591 3152 4688 praebeas
3185 4591 3349 4673 mibi'
3371 4632 3495 4688 pecs

242 4716 403 4788 τωλῷ
429 4715 561 4787 παρ’
590 4713 718 4785 ὃλην
760 4729 861 4783 μου
890 4709 990 4781 τὴν
1020 4709 1166 4780 ζωὴν
1196 4708 1339 4779 ὑπὲρ
1365 4706 1459 4760 τοῦ
1487 4706 1581 4760 σοῦ
1616 4706 1823 4777 ὀνόμα-

1921 4710 2091 4765 calori
2123 4725 2217 4780 per
2236 4718 2402 4764 totam
2433 4724 2552 4764 eam
2597 4711 2760 4764 vitam
2800 4708 2980 4763 omnia
3008 4709 3116 4777 pati
3148 4723 3244 4778 pro
3274 4717 3369 4763 tuo
3398 4723 3496 4763 no.

242 4826 337 4871 τος
364 4807 458 4861 καὶ
481 4806 580 4878 τῆς
611 4804 710 4875 σῆς
743 4800 1035 4873 ὁμολογίας
1068 4799 1249 4853 πάντα
1281 4798 1497 4862 παθεῖν,
1537 4796 1631 4851 καὶ
1684 4794 1825 4851 αὐτά

1922 4803 2070 4858 mine
2115 4811 2171 4856 et
2216 4811 2305 4856 tua
2336 4799 2700 4865 confessione,
2732 4809 2787 4854 et
2831 4798 2916 4855 vel
2964 4800 3077 4868 ipsa
3126 4798 3220 4853 tibi
3248 4801 3492 4880 membra

246 4919 333 4957 σοι
361 4899 670 4955 καταθῦσαι
717 4896 787 4950 τὰ
818 4894 980 4967 μέλη,
1012 4893 1088 4958 ὡς
1119 4892 1185 4947 ἂν
1221 4891 1364 4962 μετά
1398 4888 1643 4953 πλείονος
1679 4888 1824 4942 ἀπο·

1922 4892 2263 4958 saeriﬂcare,
2323 4901 2381 4946 ut
2432 4905 2496 4945 ea
2552 4905 2741 4946 rursus
2794 4890 3055 4960 accipiam
3116 4904 3239 4944 cmn
3295 4892 3493 4962 majori

242 4994 396 5049 λάὸω
422 4991 585 5049 πάλιν
622 4986 765 5043 αὐτὰ
810 4986 913 5057 τῆς
939 4982 1350 5056 λαμπρότητος.
1381 4980 1567 5036 Ταῦτα
1595 4978 1734 5050 ὁμοῦ
1762 4996 1823 5033 τε

1922 4985 2229 5057 Splendore.
2262 4984 2389 5039 Haec
2412 4984 2571 5038 simul
2603 4999 2665 5038 ac
2689 4992 2942 5054 precatus
2970 4993 3075 5045 est.
3104 4987 3254 5039 visus
3285 4981 3369 5041 est
3390 4985 3497 5047 sib:

245 5085 469 5158 ηύξατο,
500 5084 596 5137 καὶ
632 5080 814 5151 φωνῆς
843 5075 1050 5134 ἀνωθεν
1077 5074 1280 5136 εὐθέως
1309 5071 1529 5128 ἀκούειν
1554 5070 1752 5142 ἐῴκει·
1787 5072 1820 5141 ή

1927 5092 2116 5133 vocem
2141 5078 2327 5132 audire
2349 5091 2416 5130 ex
2444 5075 2574 5141 alto,
2609 5075 2875 5130 dicentem
2906 5091 2920 5128 :
2949 5073 3079 5142 Quae
3109 5075 3331 5143 petiisti,
3376 5073 3497 5130 Cleo

246 5178 402 5247 φωνὴ
432 5175 490 5230 δὲ
517 5170 617 5246 ἦν·
646 5173 828 5243 “Am-:9
858 5170 1069 5243 ᾐτήσω,
1103 5166 1324 5237 Κλήμη,
1351 5164 1447 5218 νῦν
1479 5163 1687 5217 δέδοταί
1713 5179 1818 5216 σοι.

1927 5184 2105 5236 mens,
2146 5184 2209 5224 ea
2240 5183 2383 5222 nunc
2410 5167 2503 5221 tibi
2549 5167 2674 5222 data
2714 5176 2859 5221 sunt.
2889 5164 2965 5221 Te
2996 5166 3216 5220 fortiter
3258 5179 3404 5237 gere,
3444 5173 3498 5222 et

248 5272 433 5342 Ἰσχυε
481 5269 577 5324 καὶ
622 5262 947 5335 ἐνδυναμοῦ,
973 5261 1068 5316 καὶ
1096 5260 1187 5314 τὸν
1216 5259 1416 5331 δρόμον
1442 5258 1612 5321 ὅντως
1658 5254 1821 5325 τρέχε

1929 5271 2047 5316 tuas
2077 5260 2222 5314 vires
2245 5256 2529 5321 confirma,
2554 5266 2610 5313 et
2643 5255 2958 5312 certaminis
2985 5270 3204 5311 cursum
3240 5265 3497 5312 constano

244 5365 337 5423 τὸν
363 5367 462 5437 τῆς
512 5362 792 5435 ἀθλήσεως
814 5375 827 5389 ·
859 5361 888 5413 ὁ
919 5359 1027 5422 πᾶς
1057 5356 1168 5426 γάρ
1197 5371 1283 5407 σοι
1308 5354 1406 5425 τῆς
1433 5351 1579 5421 ζωῆς
1607 5350 1822 5403 ὑπόλοι-

1930 5365 2010 5410 ter
2050 5351 2280 5409 conﬂce.
2325 5350 2649 5407 Universum
2685 5349 2829 5406 enim
2868 5348 3010 5418 quod
3039 5347 3136 5403 tibi
3180 5357 3349 5402 restat
3376 5346 3501 5402 vitm

247 5479 349 5525 πος
373 5459 586 5531 χρόνος,
643 5455 783 5527 μετά
812 5469 876 5523 γε
897 5453 1004 5508 τῶν
1032 5452 1134 5525 ήδη
1161 5452 1226 5521 τῇ
1265 5448 1491 5520 ἀθλήσει
1526 5446 1820 5517 διηνυσμέ-

1927 5456 2162 5517 tempus,
2214 5460 2334 5500 cum
2389 5444 2478 5509 iis,
2545 5457 2666 5512 quae
2722 5441 2976 5496 certando
3025 5441 3138 5511 jam
3182 5455 3211 5495 a
3277 5449 3327 5494 te
3374 5447 3503 5497 sunt

252 5576 357 5613 νων
382 5530 464 5623 είς
495 5555 644 5614 ὀκτὼ
688 5557 784 5613 καὶ
811 5555 1015 5611 εἴκοσιν
1043 5553 1137 5627 ἐτη
1164 5551 1241 5624 τῷ
1276 5548 1561 5625 μαρτυρίῳ
1581 5542 1821 5616 ἀριθμη-

1935 5549 2155 5612 peracta
2176 5579 2193 5607 ,
2213 5536 2587 5593 numerabitur
2619 5536 2686 5592 ad
2718 5530 2902 5603 viginti
2933 5542 2987 5588 et
3011 5545 3133 5589 octo
3158 5549 3327 5590 annos
3358 5546 3503 5587 mar-

246 5647 495 5721 θήσεται.
1932 5632 2081 5705 tyrii.
