4116 6410
599 352 702 417 871

1838 348 2118 409 MENSIS
2156 348 2613 410 JANUARIUS.

3747 347 3863 414 872

670 465 851 521 LXlX.
895 465 985 521 Sic
1008 465 1395 535 ergoegregius
1412 463 1682 528 Clemens,
1712 478 1831 518 cum
1858 481 1885 518 e
1917 465 2051 519 coelo
2083 480 2173 518 ac-

2348 463 2465 516 ΞΘ’.
2498 462 2687 526 Οὕτως
2714 457 2806 516 οἷν
2840 463 2866 515 ὁ
2905 463 3147 531 γενναῖος
3189 460 3419 533 Κλήμης
3444 459 3503 526 ἐξ
3537 462 3765 532 οὐρανοῦ
3797 466 3867 517 τὸ

594 562 827 628 Cepisset
870 568 1077 612 certum
1117 557 1311 625 pignus
1358 557 1626 627 martyrii,
1665 556 1731 608 ad
1765 555 2171 627 Aucyranorum

593 655 866 707 civitatein
918 663 1106 702 rursus
1141 647 1479 703 conﬁdenter
1518 647 1850 715 procedebat
1906 662 2008 700 una
2050 660 2171 699 cum

596 740 984 812 Agatbangclo.
1028 739 1129 805 Qui
1183 753 1278 793 eos
1322 748 1499 792 autem
1549 737 1891 793 abducebant
1944 739 2172 801 milites,

596 836 873 888 audientes
924 832 1306 901 imperatorem
1360 831 1537 884 adhuc
1575 831 1782 884 versari
1842 828 2027 882 Tarsis
2078 842 2176 897 op-

596 926 722 996 pido
781 922 1010 988 Ciliciae,
1067 922 1198 976 illuc
1244 921 1310 975 ad
1351 936 1473 976 eum
1517 930 1735 975 sanctos
1797 921 2017 975 ducunt.
2083 918 2177 973 llle

596 1027 780 1072 autem
805 1033 926 1071 cum
970 1030 1064 1070 eos
1097 1014 1282 1070 statim
1318 1013 1435 1068 sisti
1459 1023 1708 1067 curasset
1745 1020 1800 1064 ct
1835 1012 1885 1064 id
1921 1012 2060 1079 quod
2095 1024 2177 1063 re-

596 1125 725 1166 vera
772 1116 890 1164 erat
934 1108 1201 1171 celasset,
1239 1106 1491 1161 simulata
1526 1105 1892 1173 benignitate,
1941 1102 2177 1157 humane

597 1213 652 1259 ct
700 1202 913 1274 placide
955 1215 1050 1255 eos
1092 1201 1325 1269 primum
1364 1197 1667 1253 conabatur
1700 1197 2000 1250 inducere:
2042 1195 2174 1248 Mihi

599 1291 888 1355 videmini,
926 1290 1144 1351 dicens,
1191 1304 1225 1343 o
1266 1287 1405 1352 viri,
1442 1293 1726 1356 propterea
1768 1286 1819 1338 in
1855 1284 2174 1343 hodiernum

597 1399 766 1451 usque
801 1383 940 1436 diem
973 1395 1077 1434 non
1121 1379 1402 1433 induxisse
1451 1379 1504 1431 in
1545 1377 1807 1440 animum,
1855 1387 1913 1431 ut
1957 1377 2177 1429 omnino

597 1473 896 1539 cederetis,
939 1472 1033 1527 sed
1081 1469 1135 1525 in
1167 1484 1261 1524 eos
1292 1468 1470 1536 potius
1495 1509 1510 1531 ,
1555 1469 1625 1522 ad
1651 1483 1786 1536 quos
1826 1467 1975 1520 missi
2009 1468 2174 1531 estis,

596 1563 928 1633 immorigeri
969 1562 1135 1616 fuisse
1181 1570 1237 1614 et
1268 1558 1617 1623 contentiosi,
1656 1569 1715 1611 ut
1756 1562 1822 1611 ad
1869 1571 1967 1612 nos
2007 1572 2177 1626 usque

599 1657 887 1719 veniretis,
926 1664 982 1708 et
1022 1669 1128 1711 non
1172 1654 1323 1722 prius
1356 1653 1409 1706 iu
1444 1651 1673 1721 alicujus
1725 1650 1980 1714 alterius,
2013 1665 2175 1718 quam

596 1750 649 1803 in
684 1747 853 1817 ipsius
892 1745 1246 1816 imperatoris
1272 1742 1445 1798 oculis
1473 1741 1843 1796 mutaremini.
1880 1740 1993 1792 Scit
2029 1740 2173 1793 enim

2274 554 2368 608 τοῦ
2406 554 2712 625 μαρτυρίου
2741 554 2924 608 λαϐὼν
2949 555 3232 625 ἐχέγγυον,
3264 555 3345 617 εις
3373 554 3472 625 τὴν
3497 555 3861 626 ’Δγκυρανῶν

2276 642 2432 710 αὖθις
2458 648 2555 700 σὺν
2598 647 2987 717 ’Δγαθαγγέλῳ
3035 645 3356 707 πεποιθότες
3385 643 3628 716 ἐχώρουν
3649 662 3664 676 ·
3713 648 3766 700 οἱ
3798 647 3863 700 δὲ

2276 736 2581 805 ἀπάγοντες
2629 737 2826 800 αὐτοὺς
2859 736 3185 807 στρατιῶται
3213 734 3511 805 διατρίϐειν
3565 736 3626 789 ὲν
3654 736 3864 807 Ταρσῷ

2276 829 2373 897 τῆς
2405 830 2658 892 Κιλικίας
2714 830 2795 882 ἑτι
2830 829 2920 884 τὸν
2956 829 3180 900 βασιλέα
3219 828 3538 899 πυθόμενοι,
3575 830 3695 883 ἐκεῖ
3721 830 3862 899 παρ’

2276 920 2435 973 αὐτὸν
2470 921 2662 988 ἄγουσι
2714 922 2840 983 τοὺς
2883 922 3092 989 ἁγίους.
3145 919 3204 973 '0
3244 920 3303 974 δὲ
3359 921 3864 991 παραστησάμενος

2276 1010 2478 1072 εὐθέως
2494 1009 2708 1073 αὐτοὺς,
2733 1012 2825 1062 καὶ
2847 1008 3062 1080 κρύψας
3082 1008 3111 1060 ὃ
3130 1010 3247 1070 ταῖς
3264 1008 3545 1077 ἀληθείαις
3564 1004 3655 1077 ἦν,
3684 1026 3863 1079 προσ-

2278 1103 2481 1173 ποιήτῳ
2516 1099 2919 1172 φιλανθρωπίᾳ,
2986 1100 3208 1168 ἡμέρως
3242 1096 3386 1151 οὕτω
3439 1099 3534 1150 καὶ
3566 1099 3861 1169 προσηνῶς

2277 1192 2657 1260 ἐπαγαγέσθαι
2686 1192 2898 1263 πρῶτον
2934 1191 3132 1253 αὐτοὺς
3151 1188 3704 1259 ὲπειρᾶτο·Ἐοίκατέ
3737 1208 3856 1259 μοι,

2276 1287 2468 1353 λέγων,
2514 1279 2559 1337 ὧ
2587 1286 2800 1354 ἄνδρες,
2839 1285 2920 1337 ὅτι
2966 1282 3054 1336 διὰ
3106 1281 3264 1335 τοῦτο
3308 1282 3470 1353 μέχρι
3503 1282 3597 1334 καὶ
3627 1281 3721 1334 νῦν
3755 1284 3861 1337 οὐκ

2277 1374 2416 1443 εἶξαι
2447 1378 2507 1431 τὸ
2541 1380 2805 1451 παράπαν
2834 1378 2953 1432 οὐδὲ
3001 1376 3243 1431 ἐνδοῦναι
3276 1377 3595 1447 ἀνέσχεσθε,
3628 1378 3745 1430 ἀλλ’
3773 1379 3858 1431 ὅτι

2281 1473 2479 1541 μᾶλλον
2528 1473 2623 1526 καὶ
2672 1473 2809 1543 πρὶς
2858 1471 2951 1535 οὒς
3004 1471 3439 1541 παρεπέμφθητε
3464 1473 3587 1526 λίαν
3612 1473 3859 1537 ἀπειθεῖς

2279 1562 2579 1630 κατέστητε
2639 1563 2733 1615 καὶ
2765 1562 3079 1629 φιλόνεικοι,
3122 1562 3188 1616 ἵν’
3223 1562 3329 1625 ἓως
3357 1562 3517 1633 ἡμῶν
3551 1563 3733 1616 αὐτῶν
3771 1564 3858 1616 ἑλ-

2278 1651 2429 1720 θητε,
2456 1653 2548 1707 καὶ
2577 1652 2650 1723 μὴ
2672 1654 2761 1706 ὐπ’
2780 1654 2924 1723 ἄλλῳ
2954 1656 3058 1707 τινί
3089 1655 3376 1726 πρότερον,
3408 1655 3524 1708 ἀλλ’
3554 1654 3586 1725 ἢ
3618 1656 3723 1709 ὐπὸ
3744 1659 3861 1719 τοῖς

2280 1745 2446 1800 αὐτοῦ
2491 1745 2754 1815 βασιλέως
2812 1747 3113 1817 ὀφθαλμοῖς
3159 1747 3525 1818 μεταϐάλητε,
3578 1744 3698 1802 Οἵδε
3746 1748 3859 1821 γὰρ

595 1854 737 1910 smpe
756 1838 1043 1909 praesentia
1078 1835 1423 1905 imperatoris
1470 1834 1712 1892 animum
1745 1841 2172 1903 quoqne‘traus-

2283 1808 2540 1899 πολλάκις
2564 1808 2835 1907 παρουσία
2856 1808 3115 1907 ¹βασιλικῇ
3146 1808 3242 1889 καὶ
3271 1808 3496 1907 γνώμην
3518 1808 3858 1907 μεταποιεῖν,

596 1941 828 1994 mutare,
881 1937 938 1983 et
979 1928 1032 1982 id
1068 1928 1209 1999 quod
1257 1937 1341 1981 est
1374 1925 1528 1979 valde
1567 1923 1845 1977 inimicum
1885 1934 2177 1992 provocare

599 2025 665 2079 ad
718 2020 1171 2081 benevolentiam.
1213 2019 1348 2072 Ecce
1399 2031 1529 2084 ergo
1578 2027 1766 2070 nosu‘o
1824 2022 2041 2082 aSpectu
2097 2010 2178 2064 di-

597 2116 742 2185 gnati
777 2114 909 2168 estis
960 2116 1012 2166 in
1061 2110 1385 2185 praesentia,
1436 2106 1747 2178 propediem
1802 2112 1983 2158 autem
2031 2103 2173 2173 digni

598 2219 814 2276 quoque
855 2213 1041 2258 nostra
1076 2199 1432 2257 censebimini
1486 2196 1867 2252 benevolentia
1894 2235 1910 2261 ,
1948 2194 1990 2249 si
2030 2193 2179 2262 prius

600 2300 731 2353 deos
776 2306 832 2350 ut
881 2304 1187 2351 servatores
1232 2299 1287 2346 et
1332 2302 1647 2346 communes
1691 2286 1967 2342 hominum
2017 2298 2177 2345 cura-

599 2398 743 2441 torcs
794 2386 1090 2440 colueritis.
1125 2381 1378 2438 Prmclari
1430 2387 1610 2433 autem
1641 2377 1744 2431 viri
1779 2376 2039 2446 praeclare
2084 2374 2179 2428 ad-

598 2480 815 2533 modum
848 2476 1240 2546 respondentes
1279 2492 1292 2527 :
1331 2471 1484 2541 Quod
1535 2471 1602 2524 ad
1642 2479 1786 2523 tuam
1823 2468 2038 2536 quidem
2082 2482 2179 2537 po-

603 2570 863 2633 tentiam,
912 2567 1202 2629 dixerunt,
1247 2563 1460 2617 deducti
1510 2576 1730 2623 sumus,
1782 2576 1814 2615 ο
1864 2561 2175 2627 imperator,

599 2659 702 2729 ipsi
732 2673 947 2730 quoque
980 2658 1225 2712 laetamur
1270 2672 1285 2709 :
1324 2652 1418 2709 sed
1450 2660 1507 2705 ut
1542 2651 1632 2721 qui
1665 2665 1763 2722 pro
1793 2659 1884 2704 tuo
1920 2649 2179 2704 tribunali

599 2752 862 2821 supplicio
894 2759 1112 2820 propter
1146 2747 1458 2811 Christum,
1498 2759 1606 2799 non
1640 2744 1825 2812 aliquo
1854 2749 2032 2796 autem
2072 2740 2180 2796 alio

601 2845 827 2905 honore,
858 2841 1005 2910 digni
1030 2842 1200 2895 simus
1231 2836 1509 2893 censendi.
1537 2836 1628 2890 Sic
1658 2835 1803 2890 enim
1834 2848 1956 2889 cum
1987 2846 2178 2903 magna

601 2933 797 2988 tiducia
848 2931 1107 2988 sistentur
1156 2929 1221 2982 ad
1267 2927 1414 2984 illius
1466 2925 1739 2989 terribile,
1780 2932 1836 2981 et
1871 2922 2013 2993 quod
2052 2937 2179 2977 cor-

601 3025 777 3093 rumpi
829 3023 1050 3078 minime
1098 3029 1313 3091 potest,
1351 3018 1584 3073 tribunal
1630 3033 1643 3069 :
1684 3031 1847 3087 quam
1878 3025 1937 3069 ut
1985 3029 2181 3071 conse-

600 3118 807 3191 quaris,
830 3127 881 3171 te
915 3130 1125 3186 quoque
1171 3127 1451 3183 rogamus,
1482 3126 1515 3166 ο
1544 3110 1857 3182 imperator.
1883 3107 2005 3178 Ipse
2034 3108 2177 3162 enim

600 3221 706 3280 est,
752 3228 848 3282 per
874 3225 1036 3280 quem
1067 3218 1120 3262 ct
1157 3221 1308 3276 reges
1346 3219 1473 3260 vere
1501 3212 1751 3274 regnant,
1783 3210 1838 3257 et
1876 3200 2089 3273 tyranni
2119 3200 2173 3259 in

602 3315 748 3363 terra
800 3304 1133 3358 dominatum
1191 3299 1459 3353 obtinent.
1490 3296 1605 3365 Ipse
1655 3294 1801 3350 enim
1852 3303 1967 3360 est,
1999 3292 2089 3362 qui
2121 3300 2177 3347 et

602 3397 834 3450 destruit
890 3408 1107 3449 omnem
1155 3401 1409 3463 gentem,
1456 3397 1510 3443 et
1558 3385 1924 3441 Romanorum
1971 3384 2180 3440 extollit

605 3485 888 3558 imperium
912 3524 925 3549 ,
960 3493 1015 3538 et
1047 3485 1222 3539 adhuc
1270 3482 1444 3557 magis
1485 3480 1741 3561 extollet,
1774 3486 1829 3534 et
1878 3493 1973 3548 per
1999 3479 2176 3547 ipsum

602 3576 855 3639 omnibus
895 3575 1262 3637 daminabitur
1309 3575 1577 3645 gentibus.
1614 3571 1767 3640 Quod
1804 3571 2020 3640 quidem
2052 3584 2179 3639 pro-

605 3668 763 3733 pheta
785 3681 998 3738 quoque
1035 3667 1270 3736 appellat
1298 3666 1501 3736 virgam
1542 3663 1772 3719 ferream
1819 3679 1833 3716 :
1872 3662 2029 3719 Dedit
2062 3660 2180 3728 tibi,

601 3756 813 3824 dicens,
859 3768 1048 3826 gentes
1079 3756 1448 3812 baereditatem
1484 3762 1652 3822 tuam,
1692 3762 1748 3809 et
1781 3751 2178 3827 possessionem

605 3857 750 3903 tuam
793 3848 927 3904 lines
978 3859 1154 3911 terrae.
1213 3848 1413 3905 Pasees
1477 3862 1572 3905 eos
1619 3848 1671 3901 in
1710 3847 1859 3916 virga
1917 3843 2092 3899 ferrea
2112 3842 2179 3897 υ.

2277 1927 2372 1979 καὶ
2401 1926 2460 1978 τὸ
2490 1927 2698 1997 σφόδρα
2717 1927 2972 1997 πολέμιον
2992 1928 3418 1997 μετακαλεῖσθαι
3450 1929 3587 2001 πρὸς
3615 1927 3856 1983 εὔνοιαν.

2291 2016 2424 2071 Ἰδού
2466 2018 2753 2086 τοιγαροῦν
2790 2019 2889 2088 τῆς
2940 2019 3213 2090 ἡμετέρας
3243 2021 3370 2086 τόγε
3400 2018 3498 2072 νῦν
3534 2019 3658 2090 ἕχον
3681 2018 3862 2088 ὅψεως

2277 2102 2583 2177 ἠξιώθητε,
2623 2106 2724 2161 οὐκ
2756 2108 2837 2167 εἰς
2900 2107 3116 2179 μακρὰν
3168 2107 3226 2160 δὲ
3264 2109 3359 2160 καὶ
3411 2108 3512 2177 τῆς
3570 2108 3861 2178 εὐμενείας

2277 2198 2672 2269 ἀξιωθήσεσθε,
2707 2198 2763 2251 ετ
2806 2216 2868 2268 γε
2894 2200 3019 2261 τούς
3052 2199 3207 2263 θεοὺς
3243 2200 3511 2271 πρότερον
3540 2198 3630 2254 οἷα
3676 2200 3861 2269 σωτῆ.

2281 2308 2381 2361 ρας
2405 2291 2497 2344 καὶ
2527 2290 2832 2361 κηδεμόνας
2873 2291 3177 2362 ἀνθρώπων
3199 2293 3409 2355 κοινοὺς
3459 2291 3866 2363 θεραπεύσητε.

2279 2386 2388 2439 Καὶ
2414 2386 2464 2438 οἱ
2484 2389 2719 2452 γενναῖοι
2749 2384 2892 2455 μάλα
2919 2386 3184 2454 γενναίως
3206 2385 3587 2449 ὑπολαϐόντες·
3607 2385 3733 2439 ’Ότι
3762 2388 3862 2455 μὲν

2277 2476 2357 2546 τῷ
2388 2475 2464 2547 σῷ
2482 2476 2671 2547 κράτει
2701 2477 2841 2547 παρέ
2851 2494 3070 2547 στημεν,
3099 2472 3273 2543 εἷπον,
3292 2470 3337 2530 ὧ
3356 2475 3599 2546 βασιλεῦ,
3619 2476 3862 2546 ἡδόμεθα

2280 2566 2455 2630 αὐτοὶ,
2495 2566 2642 2636 ’πλὴν
2679 2566 2851 2630 ἄλλως
2891 2566 3156 2636 τιμωρίας
3202 2568 3290 2622 διὰ
3339 2568 3574 2638 Χριστὸν
3618 2569 3712 2620 καὶ
3751 2566 3862 2638 πρὸ

2279 2658 2375 2712 τοῦ
2400 2660 2493 2712 σοῦ
2525 2658 2792 2729 βήματος,
2813 2661 2910 2730 οὐχ
2944 2659 3017 2723 ὦς
3056 2677 3201 2723 τινος
3241 2660 3408 2730 ἄλλης
3434 2660 3599 2730 τιμῆς
3626 2658 3865 2727 ἀξιωθηη

2282 2750 2497 2819 σόμενοι
2520 2767 2534 2781 ⁸
2563 2751 2733 2814 οὕτως
2761 2750 2827 2804 ἂν
2860 2752 2967 2823 γὰρ
3004 2752 3142 2822 μετά
3175 2752 3376 2821 πολλῆς
3408 2752 3505 2821 τῆς
3541 2751 3861 2822 παρῤησίας

2278 2841 2358 2912 τῷ
2386 2842 2600 2913 φοϐερῷ
2618 2843 2828 2903 ἐκείνου
2855 2844 2949 2896 καὶ
2981 2844 3260 2913 ἀδεκάστῳ
3282 2843 3488 2914 βήματι
3519 2842 3866 2913 παρασταίη-

2283 2948 2408 3001 μεν,
2444 2928 2511 3009 ἧς
2534 2935 2810 3003 ἐπιτυχεῖν
2836 2934 3110 3005 εὐχόμεθα
3139 2935 3234 2989 καὶ
3265 2936 3351 2999 σὲ,
3389 2933 3645 3004 βασιλεῦ·
3697 2936 3863 2997 αὐτὸς

2280 3024 2387 3095 γάρ
2420 3026 2536 3079 ἐστι
2582 3025 2649 3079 δι’
2677 3021 2741 3081 οὗ
2782 3026 3020 3097 βασιλεῖς
3059 3026 3424 3097 βασιλεύουσι,
3456 3027 3553 3079 καὶ
3603 3026 3862 3097 τύραννοι

2283 3115 2546 3187 κρατοῦσι
2567 3117 2672 3188 γῆς
2690 3132 2705 3146 ·
2732 3117 2895 3181 αὐτὸς
2922 3119 2951 3171 ὀ
2969 3120 3063 3172 καὶ
3093 3119 3201 3177 πᾶν
3227 3117 3378 3181 ἔθνος
3416 3117 3722 3188 καθαιρῶν,
3765 3119 3863 3181 καὶ

2278 3206 2379 3279 τὴν
2417 3210 2703 3280 Ῥωμαίων
2723 3210 2900 3282 ἀρχὴν
2922 3210 3094 3281 ὑψῶν,
3126 3211 3219 3267 καὶ
3248 3209 3329 3264 ἔτι
3363 3210 3565 3281 μᾶλλον
3599 3209 3857 3279 ὐψώσων,

2279 3302 2374 3359 καὶ
2403 3299 2473 3353 δι’
2502 3300 2666 3357 αὐτοῦ
2695 3300 3027 3371 βασιλεύσων
3056 3301 3276 3356 πάντων
3303 3301 3475 3357 ἐθνῶν
3503 3317 3517 3332 ⁸
3568 3302 3635 3373 ἣν
3668 3300 3734 3373 δὴ
3764 3301 3863 3363 καὶ,

2283 3391 2478 3463 ῥάϐδον
2507 3394 2535 3444 ὁ
2565 3392 2853 3464 προφήτης
2907 3392 3136 3464 σιδηρᾶν
3159 3393 3438 3461 ὀνομάζει,
3486 3393 3706 3448 Δέδωκά
3750 3409 3862 3459 σοι,

2281 3481 2476 3551 λέγων,
2505 3482 2633 3555 ἔθνη
2663 3482 2761 3555 τὴν
2790 3484 3156 3555 κληρονομίαν
3181 3503 3297 3552 σου,
3330 3486 3425 3545 καὶ
3454 3485 3555 3554 τὴν
3585 3484 3865 3555 κατάσχε-

2284 3573 2368 3627 σίν
2425 3590 2518 3631 σου
2567 3575 2637 3628 τὰ
2696 3575 2911 3647 πέρατα
2943 3576 3040 3645 τῆς
3071 3575 3195 3644 γῆς’
3251 3576 3540 3645 ποιμανεῖς
3577 3575 3774 3636 αὐτοὺς
3800 3575 3864 3629 ἐν

2290 3664 2472 3736 ρἀδῳ
2506 3665 2719 3737 σιδηρᾷ.
2757 3666 2868 3721 Καὶ
2907 3665 3150 3737 βασιλεῖς
3179 3666 3237 3720 δὲ
3273 3666 3394 3737 μεθ’
3438 3666 3585 3736 ὑμᾶς
3617 3663 3866 3727 εὐσεϐεῖς

2290 3756 2495 3828 ἀναστή
2504 3773 2606 3810 σευ
2639 3757 2910 3812 καὶτοῦτο
2927 3758 3036 3830 γὰρ
3059 3758 3138 3830 τῷ
3167 3758 3446 3830 Πνεύματι
3465 3754 3867 3829 προαναπεφώτ

2290 3862 2468 3916 νηται.

608 3942 772 3997 Porro
805 3954 985 3998 autem
1030 3942 1389 4012 imperatores
1460 3957 1699 4014 quoque,
1731 3940 1823 4012 qui
1849 3955 1947 3997 vos
1983 3947 2303 4010 sequentur,
2370 3941 2632 4005 excitabit
2672 3942 2793 4017 pios
2830 3951 2887 4003 et
2938 3943 3052 4001 veri
3102 3943 3194 4009 Dei
3263 3944 3518 4011 cultores,
3577 3942 3708 4009 Nam
3764 3945 3868 4010 lioe

605 4047 822 4110 quoque
858 4034 1009 4104 prius
1039 4034 1286 4091 elocutus
1322 4043 1408 4091 est
1438 4033 1695 4109 Spiritus,

676 4193 840 4252 LXX.
871 4194 965 4251 llis
982 4209 1112 4266 ergo
1155 4194 1529 4255 vehementius
1567 4204 1870 4253 commotus
1900 4194 2180 4256 Maximia.

608 4303 729 4354 nus,
749 4289 1049 4357 Quosnam,
1073 4287 1272 4358 inquit,
1295 4302 1328 4343 o
1350 4302 1467 4352 vos,
1497 4287 1587 4358 qui
1608 4288 1844 4343 violenta
1859 4288 1990 4343 estis
2008 4295 2183 4343 morte

609 4380 856 4451 perituri,
902 4379 1111 4450 legistis
1144 4380 1312 4435 libros
1340 4379 1609 4446 fatidicos,
1641 4380 1733 4458 qui
1771 4380 1888 4435 bare
1934 4377 2185 4433 fabulan-

609 4473 740 4527 tur?
770 4472 847 4545 Illi
877 4481 1055 4526 autem
1079 4489 1094 4527 :
1121 4470 1236 4527 Non
1280 4471 1554 4537 fatidicos,
1589 4471 1683 4527 sed
1710 4471 2055 4540 proplieticos
2082 4482 2183 4543 po-

609 4564 737 4630 tius,
772 4562 1047 4635 dixerunt,
1083 4576 1117 4617 o
1161 4562 1480 4632 imperator,
1527 4562 1580 4616 in
1626 4562 1823 4631 quibus
1856 4560 2043 4631 utique
2082 4561 2185 4615 hoc

608 4668 821 4725 quoque
857 4656 1115 4726 scriptum
1146 4665 1227 4721 est
1251 4673 1265 4709 :
1289 4653 1594 4725 Exsurgere
1624 4652 1787 4709 faciet
1820 4654 1961 4708 Deus
1988 4653 2037 4706 in
2071 4652 2185 4707 die-

610 4747 713 4801 bus
756 4746 1072 4802 novissimis
1115 4761 1269 4816 reges
1300 4747 1439 4815 pios.
1472 4745 1835 4799 Maximianus
1866 4758 2025 4807 vero,
2058 4743 2183 4799 dum

608 4836 648 4893 ii
706 4837 823 4892 haec
876 4839 1153 4905 dicereut,
1206 4840 1612 4906 interrumpens
1661 4837 1962 4891 orationem
2000 4851 2014 4889 :
2047 4833 2185 4900 Quid

611 4940 772 4995 vero,
822 4927 1017 4999 inquit,
1065 4943 1170 4982 non
1214 4943 1311 4981 nos
1343 4929 1377 4981 ii
1413 4942 1622 4993 sumus,
1656 4926 1746 4997 qui
1789 4926 1843 4981 in
1873 4925 2005 4980 deos
2037 4932 2185 4979 tanta

611 5018 812 5089 pietate
845 5021 1083 5087 utimur,
1128 5030 1187 5073 ut
1217 5034 1311 5073 eos
1337 5033 1552 5087 quoque
1582 5018 1673 5088 qui
1706 5019 1785 5073 eis
1815 5032 1920 5073 non
1951 5024 2183 5088 parent,

612 5123 672 5166 ut
705 5125 846 5165 nunc
878 5126 1004 5174 vos,
1037 5109 1190 5164 malis
1238 5107 1535 5163 aﬂieiamus
1584 5106 1961 5177 gravissimis?
1986 5107 2187 5173 Quam-

611 5209 797 5263 obrem
822 5219 1046 5274 magnus
1063 5201 1335 5265 Clemens,
1366 5203 1559 5256 silente
1581 5200 1945 5272 Agathangelo
1967 5214 1981 5253 :
2005 5198 2132 5262 Sed,
2153 5212 2187 5253 o

612 5298 926 5366 imperator,
958 5293 1151 5363 inquit,
1196 5293 1238 5345 si
1272 5292 1456 5347 fuisse!
1489 5292 1706 5361 quidem
1742 5291 1923 5360 aliqua
1954 5289 2187 5344 mutatio

615 5386 944 5457 impietatis,
981 5401 1047 5439 ex
1096 5400 1203 5455 quo
1242 5385 1372 5438 illud
1419 5386 1733 5455 prrcdictum
1788 5393 1873 5438 est
1907 5382 2186 5452 propheti-

616 5493 778 5545 cum,
810 5493 872 5533 ea
913 5493 1031 5548 quae
1077 5492 1107 5532 a
1154 5488 1204 5532 te
1252 5478 1394 5531 dicta
1441 5483 1601 5538 sunt,
1644 5476 1876 5544 aliquam
1925 5472 2190 5527 baberent

2356 4197 2434 4259 θ’.
2457 4195 2744 4267 Ὅξύτερον
2763 4195 2942 4249 τοίνυν
2968 4195 3104 4270 πρὸς
3123 4195 3296 4253 ταῦτα
3319 4196 3561 4269 κινηθεὶς
3588 4197 3870 4268 Μαξιμιατ

2286 4290 2412 4352 νός’
2444 4289 2635 4355 Ποίας,
2685 4288 2812 4359 ἔφη,
2848 4289 3234 4358 βιαιοθάνατοι,
3277 4291 3545 4359 μαντικὰς
3592 4290 3867 4360 ἀνέγνωτε

2292 4380 2506 4451 βίϐλους
2542 4380 2608 4434 τὰ
2644 4379 2868 4434 τοιαῦτα
2898 4379 3333 4449 μυθολογούσας;
3365 4409 3433 4420 -
3462 4380 3537 4433 Οὐ
3572 4381 3866 4453 μαντικὰς,

2292 4470 2427 4525 ἀλλὰ
2460 4471 2805 4542 προφητικὰς
2847 4470 3068 4540 μᾶλλον,
3102 4467 3257 4524 εἷπον
3283 4471 3503 4532 ικεῖνοι,
3546 4464 3592 4524 ὦ
3615 4470 3861 4541 βασιλεῦ,

2291 4566 2347 4617 ὲν
2375 4558 2463 4626 αἷς
2507 4580 2608 4616 που
2640 4561 2914 4615 καὶτοῦτο
2943 4561 3283 4632 γέγραπται·
3325 4560 3703 4633 Ἀναστήσειὸ
3734 4564 3866 4628 Θεὸς

2293 4657 2351 4709 ὲν
2377 4656 2501 4718 ταῖς
2549 4655 2809 4726 ἐσχάταις
2856 4655 3092 4726 ἡμέραις
3142 4653 3385 4737 βασιλεῖς
3437 4656 3705 4719 εὐσεϐεῖς.
3756 4656 3867 4708 Καὶ

2291 4744 2636 4816 Μαξιμιανὸς
2667 4744 2870 4815 μεταξύ
2920 4744 3189 4812 λεγόντων
3244 4745 3422 4798 αὐτῶν
3472 4744 3867 4814 ἐπιλαϐόμενες

2292 4835 2387 4890 τοῦ
2423 4836 2619 4904 λόγου,
2675 4836 2740 4888 Τί
2768 4836 2853 4903 ac;
2904 4838 3001 4906 οὐχ
3055 4837 3234 4907 ἡμεῖς,
3262 4833 3449 4903 εἶπεν,
3500 4833 3666 4899 οὗτοι,
3720 4838 3773 4889 οἵ
3800 4854 3863 4904 γε

2292 4928 2525 5002 τοσαύτῃ
2562 4929 2687 4998 περὶ
2739 4930 2861 4989 τοὺς
2895 4927 3051 4991 θεοὺς
3098 4929 3350 5002 εὐσεϐείᾳ
3385 4928 3670 5005 χρώμεθα,
3725 4928 3865 4983 ὥστε

2294 5023 2386 5076 καί
2406 5023 2529 5082 τοὺς
2554 5020 2909 5083 ἀπειθοῦντας
2932 5020 3135 5083 αὐτοῖς,
3167 5019 3355 5092 ὥσπερ
3384 5023 3447 5091 δὴ
3475 5025 3565 5075 καὶ
3588 5020 3681 5074 νῦν
3698 5023 3862 5092 ὑμᾶς,

2293 5116 2608 5184 ἀνηκέστοις
2634 5113 2947 5183 ὲκδιδοῦμεν
2967 5117 3158 5178 κακοῖς
3178 5131 3193 5180 ;
3238 5114 3354 5182 Ἐφ’
3371 5111 3451 5178 οἷς
3469 5118 3497 5167 ό
3528 5116 3701 5184 μέγας
3723 5116 3867 5185 KH]-

2299 5220 2426 5274 μης,
2469 5202 2698 5272 ἡσυχίαν
2730 5204 2953 5269 ἄγοντος
2990 5203 3083 5256 τοῦ
3132 5203 3578 5273 ’Δγαθαγγέλουο
3619 5205 3782 5271 Ἀλλ’,
3822 5200 3871 5258 ὦ

2297 5293 2538 5362 βασιλεῦ,
2568 5290 2740 5353 εἶπεν,
2783 5296 2830 5346 εἰ
2868 5295 2965 5363 μέν
3008 5311 3092 5357 τις
3120 5296 3336 5364 ἐγένετο
3360 5297 3456 5366 τῆς
3486 5295 3741 5360 ἀσεϐείας
3773 5315 3867 5364 με-

2290 5383 2513 5453 ταϐολὴ,
2543 5383 2724 5447 ἐξότου
2751 5383 2811 5434 τὺ
2855 5384 3189 5454 προφητικὶν
3236 5387 3384 5438 τουτὶ
3435 5387 3860 5455 προηγόρευται,

2292 5468 2437 5542 εἶχεν
2467 5472 2534 5525 ἄν
2554 5471 2677 5524 τινα
2709 5487 2791 5524 σοι
2813 5472 2969 5540 λόγον
2998 5473 3066 5524 τὰ
3086 5475 3373 5542 εἰρημένα.
3401 5473 3555 5528 Ἐπεὶ
3586 5475 3644 5528 δὲ
3676 5478 3742 5528 τὰ
3767 5477 3863 5543 τῆς

619 5571 904 5627 rationem,
959 5571 1094 5626 Cum
1135 5581 1313 5626 autem
1342 5570 1522 5625 cultus
1549 5568 1964 5623 simulacrorum
2006 5567 2058 5621 in
2095 5566 2179 5620 ho-

2296 5562 2739 5631 είδωλολατρείας
2771 5563 2850 5617 ἔτι
2889 5564 2982 5616 καὶ
3010 5564 3103 5615 νῦν
3138 5564 3457 5628 ἐπιπολάζει
3506 5567 3570 5636 τῇ
3609 5565 3867 5635 οίκουμέρ

689 5750 732 5781 ⁸·
765 5749 907 5804 Psal.
941 5765 1004 5816 tt,
1034 5748 1089 5809 9.
