4116 6422
374 356 484 417 873

1409 303 1590 411 vim
1632 350 1693 410 s.
1735 346 2174 409 CLEMENTIS
2214 344 2624 408 ANCIRANI.

3534 345 3637 408 874

378 486 464 539 νη.
493 465 650 534 δῆλον
678 465 752 528 ὡς
794 464 981 532 ἔτερος
1003 463 1070 518 ἂν
1107 462 1194 532 εἴη
1232 462 1452 526 πάντως
1521 463 1550 516 6
1577 462 1688 516 τῶν
1713 458 1954 514 εὐσεϐῶν

2082 456 2302 510 lict-num
2329 472 2497 525 usque
2521 457 2663 511 diem
2701 455 2940 512 abundet
2973 455 3027 512 in
3053 456 3186 514 orbe
3207 466 3495 522 terrarum,
3524 461 3636 512 cla-

379 557 647 630 βασιλέων
697 556 908 625 καιρός.
946 553 1088 624 Πρὸς
1137 553 1310 606 ταῦτα
1343 551 1503 623 θυμῷ
1537 551 1700 606 πάλιν
1743 551 1957 620 ἀσχέτῳ

381 648 605 720 ληφθεὶς
637 646 982 716 Μαξιμιανδς
1032 645 1131 715 τὴν
1160 645 1346 716 φωνὴν
1393 644 1601 708 εὐθέως
1631 643 1956 698 ἐσὸἑννυτο·

380 741 611 810 κὰμινός
641 757 700 792 τε
729 739 928 792 αὐτίκα
978 739 1075 808 τῆς
1098 737 1380 792 Χαλδαίων
1404 737 1558 808 παρὰ
1585 736 1720 790 πολὺ
1756 735 1959 806 μείζων

381 835 495 895 τοῖς
527 830 700 899 ἁγίοις
723 830 1018 900 ἀνήπτετο.
1065 828 1226 883 Ἀλλά
1248 830 1342 882 καὶ
1362 831 1442 892 εἰς
1465 829 1636 897 αὐτὴν
1661 827 1963 898 ἐμϐληθέν-

383 940 483 985 τας
518 925 555 997 ή
584 922 700 976 θεία
726 923 888 992 χάρις
911 921 1108 984 αὐτοὺς
1139 921 1437 993 ἐδρὸσιζεν,
1475 920 1662 992 ὥσπερ
1693 921 1811 973 ἐκεῖ
1832 919 1962 983 τοὺς

270 1034 273 1035 ⁷
385 1017 600 1079 παῖδας,
629 1015 802 1078 οὕτως
824 1014 1080 1078 ἀϐλαϐεῖς
1120 1015 1353 1068 ἐνταῦθα
1390 1014 1634 1085 τηροῦσα
1671 1014 1797 1077 τοὺς
1821 1013 1964 1083 μάρ-

382 1124 584 1180 τυρας·
616 1106 791 1161 νύκτα
829 1107 928 1176 μὲν
960 1105 1052 1161 οὖν
1101 1106 1229 1176 ὅλην
1284 1107 1380 1160 καὶ
1414 1106 1632 1176 ἡμέραν
1688 1105 1888 1166 αὐτοὺς
1928 1105 1962 1174 ή

384 1202 616 1272 κάμινος
650 1196 818 1269 εἶχεν,
857 1194 992 1269 ἦχος
1049 1199 1105 1251 δέ
1167 1215 1250 1262 τις
1311 1199 1522 1252 ἐκεῖθεν
1595 1197 1964 1268 ἑορταζόντων

384 1292 636 1362 ἠκούετο,
677 1292 769 1344 καὶ
813 1291 1020 1354 καπνὸς
1055 1291 1262 1363 εὐώδης
1294 1292 1388 1345 καὶ
1425 1292 1555 1361 ἡδὺς
1577 1290 1896 1362 ἀνεφέρετο.

460 1578 582 1635 OA'.
617 1581 803 1636 Ταῦτα
836 1582 1101 1654 μηνύεται
1127 1582 1476 1654 Μαειμιανῷ,
1509 1587 1604 1637 καὶ
1629 1587 1832 1648 ἐκεῖνος
1866 1585 1967 1656 ἤδη

391 1676 489 1746 τῆς
530 1675 728 1744 φλογὸς
777 1675 1262 1747 ἀπομαρανθείσης
1295 1677 1525 1739 ἐπιστὰς
1567 1677 1669 1746 ὁρᾷ
1709 1677 1880 1739 σώους
1911 1679 1969 1730 ἐν

393 1767 530 1839 αὐτῇ
572 1768 699 1830 τοὺς
757 1767 968 1834 ἁγίους,
995 1768 1065 1834 (ὦ
1108 1768 1199 1821 τοῦ
1230 1767 1570 1838 θαύματοςι)
1627 1767 1762 1837 μηδέ
1806 1768 1971 1837 τρίχα

396 1823 566 1929 μόνην
595 1823 774 1912 αὐτῶν
803 1823 902 1929 τῆς
925 1823 1138 1928 ⁷(ρλογδς
1171 1859 1232 1912 τὸ
1259 1823 1522 1930 παράπαν
1552 1823 1966 1930 λυμηναμέινησς,
2005 1823 2047 1878 Β

393 1950 530 2004 ἀλλά
559 1950 656 2012 τάς
685 1953 874 2022 χεῖρας
925 1952 1006 2013 είς
1036 1951 1302 2020 οὐρανοὺς
1341 1951 1755 2021 ἀνατεταμένας
1815 1951 1971 2021 ἕχον-

394 2042 515 2106 τας,
548 2043 615 2096 τὰ
649 2042 804 2114 χείλη
843 2042 898 2096 δέ
925 2043 1061 2114 πρὸς
1086 2041 1394 2110 δοξολογίαν
1417 2043 1810 2107 ὑποκινοῦντας
1830 2059 1844 2072 °
1877 2042 1974 2098 καὶ

393 2137 619 2200 τούτους
645 2137 850 2200 εὐθέως
879 2135 958 2204 τῷ
981 2136 1166 2206 οἰκείῳ
1207 2137 1415 2207 βήματι
1443 2138 1825 2206 παραστήσας,
1863 2137 1974 2189 Καὶ

396 2229 453 2281 ἐν
475 2225 648 2298 τούτῳ
675 2227 827 2296 γοῦν,
875 2227 1005 2297 ἔφη,
1041 2227 1339 2297 χαρίσασθέ
1378 2243 1490 2297 μοι,
1515 2226 1656 2281 ὥστε
1707 2228 1974 2298 γνωρίσαι

393 2319 607 2384 ὁποίαις
645 2319 843 2388 δήποτε
885 2319 1121 2388 ἐπῳδαῖς
1155 2319 1256 2390 τὴν
1285 2319 1379 2373 τοῦ
1419 2320 1593 2389 πυρὸς
1649 2321 1972 2392 ἀφαιρεῖσθε

394 2410 644 2481 δύναμιν.
668 2411 730 2464 Οἱ
757 2411 833 2470 δὲ,
863 2410 982 2464 Οὐκ
1009 2411 1258 2480 ἐπῳδαῖς,
1298 2407 1470 2475 εἶπεν,
1491 2406 1536 2464 ὣ
1569 2412 1813 2482 βασιλεῦ,
1840 2413 1977 2467 ἀλλά

400 2501 537 2573 μόνη
575 2501 668 2554 τού
706 2501 954 2565 εἰπόντος
1005 2501 1330 2574 ἐπαγγελίᾳ,
1365 2503 1447 2557 ὅτι
1491 2504 1608 2557 Κᾶν
1666 2505 1755 2558 διὰ
1804 2505 1977 2574 πυρὸς

396 2592 634 2665 διέλθῃς,
671 2593 731 2646 ού
782 2591 1121 2646 κατακαύσει
1153 2610 1212 2646 σε
1271 2593 1424 2662 φλόξ.
1489 2593 1780 2648 Ἑδὰκνετο
1841 2595 1979 2662 πρὸς

400 2685 556 2739 τοῦτο
587 2683 770 2748 πάλιν,
817 2684 911 2738 καὶ
946 2681 1304 2756 δεινιῖιςιεῐχεν
1359 2687 1387 2739 ό
1429 2685 1702 2756 βασιλεὺς,
1758 2688 1856 2740 καὶ
1885 2687 1978 2740 σύ-

406 2775 590 2845 ρεσθαι
620 2777 818 2840 αὐτοὺς
845 2776 1067 2830 ἐκέλευε
1097 2776 1352 2848 δημοσίᾳ,
1386 2779 1478 2831 καὶ
1507 2778 1612 2831 ὑπὸ
1637 2779 1745 2832 τῶν
1767 2779 1980 2849 δημίων

408 2867 834 2938 σπαράττεσθαι,
887 2870 980 2923 καὶ
1010 2869 1078 2923 τὰ
1131 2867 1336 2939 ἔσχατα
1367 2870 1684 2939 ὑπομένειν.
1723 2870 1863 2924 um
1888 2871 1980 2926 ἐπὶ

403 2960 560 3032 κακῷ
580 2961 674 3014 καὶ
694 2959 870 3014 ταῦτα
899 2961 977 3029 τῷ
1007 2961 1201 3032 ἐκείνῳ
1222 2962 1451 3030 ἐγίνετο.
1486 2946 1676 3014 [Ϊολλοὶ
1701 2961 1812 3032 γὰρ
1839 2978 1982 3030 τηνι-

403 3049 583 3106 καῦτα
611 3051 707 3106 καὶ
734 3052 842 3106 τῶν
880 3052 1127 3106 ἀπίστων
1172 3053 1430 3123 φρόνημά
1462 3071 1522 3106 τε
1549 3053 1789 3125 ὁρῶντες
1818 3053 1978 3108 ἀδού-

2063 565 2180 603 rum
2203 560 2306 615 est,
2345 550 2584 604 futurum
2619 550 2840 606 omnino
2875 548 3020 605 aliud
3056 559 3265 622 tempus
3292 551 3502 621 piorum
3535 550 3632 604 im-

2063 650 2415 710 peratorum.,
2440 640 2574 696 Cum
2602 658 2670 697 ex
2701 642 2788 698 bis
2827 643 2939 709 ira,
2972 658 3092 713 quae
3122 643 3360 699 cohiberi
3393 659 3497 698 non
3528 657 3636 712 po-

2065 717 2234 801 terat,
2289 743 2434 788 esset
2480 733 2735 789 incitatus
2788 733 3179 801 Maximianus,
3231 735 3378 807 loqui
3420 735 3635 806 quidem

2064 827 2224 882 desiit
2276 843 2290 880 :
2341 825 2532 880 foruax
2585 841 2750 892 vero,
2795 826 3169 882 Chaldaeorum
3221 827 3442 884 fornace
3480 827 3639 898 longe

2067 920 2274 988 major,
2322 921 2529 973 sanctis
2580 918 2681 974 fuit
2733 933 2982 974 accensa.
3019 918 3126 974 Sed
3180 935 3274 976 eos
3315 935 3528 992 quoque
3580 920 3638 976 in

2065 1012 2236 1079 ipsam
2284 1011 2512 1082 injectos
2578 1011 2760 1067 divina
2806 1024 2930 1067 rore
2978 1008 3216 1081 perfudit
3250 1013 3456 1079 gratia;
3499 1014 3640 1066 sicut

2069 1105 2172 1158 illic
2221 1120 2448 1174 pueros,
2493 1106 2572 1160 sic
2627 1103 2714 1160 hic
2754 1119 3085 1160 conservans
3134 1113 3418 1175 martyres.
3464 1104 3642 1174 Atque

2067 1203 2237 1250 totam
2283 1196 2499 1266 quidem
2551 1207 2762 1252 noctem
2795 1206 2850 1250 et
2881 1196 3022 1251 diem
3064 1211 3159 1251 eos
3189 1195 3381 1250 fornax
3424 1195 3593 1250 tenuit
3623 1213 3639 1251 :

2068 1289 2218 1345 illinc
2249 1303 2378 1343 vero
2417 1288 2744 1343 audiebatur
2779 1287 3000 1357 quidam
3045 1304 3210 1345 sonus
3246 1287 3442 1343 festum
3485 1286 3645 1343 cele-

2069 1380 2366 1444 brantium,
2395 1395 2667 1450 suaveque
2685 1380 2837 1437 olens
2864 1391 2918 1436 et
2937 1381 3114 1439 dulcis
3137 1381 3317 1438 fumus
3338 1396 3402 1437 ex
3431 1395 3498 1437 eo
3522 1395 3646 1436 sur-

2068 1487 2189 1526 sum
2223 1471 2592 1528 emittebatur.

2143 1585 2334 1641 LXXI.
2370 1585 2497 1642 Ilaec
2521 1587 2900 1658 signiﬁcantur
2923 1586 3272 1642 Maximiano.
3306 1583 3397 1640 Ille
3423 1595 3604 1641 autem
3626 1626 3640 1650 ,

2071 1691 2192 1732 cum
2218 1679 2330 1746 jam
2362 1677 2578 1732 ﬂamma
2609 1678 2946 1734 extabuisset
2967 1719 2983 1743 ,
3012 1680 3314 1746 accedens,
3350 1677 3492 1732 videt
3520 1691 3646 1731 san-

2072 1779 2189 1822 ctos
2225 1770 2278 1823 in
2303 1785 2368 1824 ea
2410 1769 2612 1836 salvos,
2645 1771 2665 1841 (
2685 1784 2718 1824 ο
2751 1769 3147 1842 miraculum!)
3180 1785 3302 1826 cum
3329 1769 3544 1824 ﬂamma
3577 1783 3646 1824 ne

2075 1860 2158 1914 vel
2184 1861 2356 1915 solum
2384 1861 2600 1930 quidem
2628 1876 2819 1917 eorum
2855 1861 3021 1932 pilum
3041 1861 3306 1929 laesisset,
3334 1861 3427 1917 sed
3456 1875 3646 1915 manus

2073 1951 2294 2022 quidem
2346 1954 2609 2008 haberent
2657 1953 2711 2008 in
2763 1953 2962 2010 colum
2994 1963 3278 2022 extensas,
3324 1952 3474 2008 labra
3519 1967 3648 2007 vero

2075 2056 2348 2101 moverent
2396 2047 2462 2101 ad
2512 2045 2982 2117 gloriﬁcationem.
3035 2046 3182 2114 Quos
3225 2060 3350 2101 cum
3401 2054 3647 2100 curasset

2073 2137 2254 2193 statim
2288 2138 2354 2193 ad
2386 2154 2542 2193 suum
2579 2138 2816 2193 tribunal
2855 2138 3165 2194 sistendos:
3190 2136 3285 2194 Vel
3319 2138 3369 2192 in
3403 2137 3527 2202 hoc,
3566 2137 3648 2190 iu-

2075 2231 2215 2300 quit,
2257 2231 2389 2284 mihi
2429 2231 2622 2286 saltem
2655 2231 3056 2302 gratiﬁcemini,
3094 2242 3152 2284 ut
3180 2229 3499 2299 significetis
3530 2228 3650 2298 qni-

2077 2320 2309 2375 bnsnam
2342 2323 2804 2378 incantationibus
2850 2321 2962 2389 igni
3004 2322 3109 2375 vim
3140 2321 3397 2375 adimitis.
3430 2319 3505 2374 Illi
3552 2335 3652 2374 au-

2079 2420 2185 2464 tem
2229 2429 2244 2466 :
2280 2409 2400 2466 Non
2437 2412 2918 2480 incantationibus,
2955 2413 3241 2479 dixerunt,
3271 2427 3305 2466 o
3335 2413 3650 2483 imperator,

2077 2503 2170 2556 sed
2215 2503 2331 2557 sola
2372 2503 2512 2573 ejus,
2544 2505 2636 2570 qui
2669 2505 2828 2572 dixit,
2864 2505 3225 2575 promissione
3260 2523 3274 2560 :
3306 2502 3528 2560 Etiamsi
3558 2519 3656 2572 per

2078 2597 2258 2666 ignem
2302 2605 2583 2662 transeas,
2627 2596 2840 2652 ﬂamma
2885 2613 2990 2653 non
3041 2607 3093 2654 te
3127 2599 3472 2655 comburet'.
3528 2596 3655 2651 ΙΙωο

2078 2701 2206 2754 ergo
2244 2701 2435 2741 rursus
2459 2687 2782 2742 mordebant
2814 2699 2869 2742 et
2897 2688 3036 2742 male
3065 2688 3337 2744 habebant
3365 2688 3657 2756 imperato-

2081 2791 2218 2840 rem,
2253 2787 2306 2830 et
2336 2791 2430 2830 eos
2455 2777 2620 2844 jussit
2652 2777 2793 2832 trahi
2827 2777 3062 2846 publice,
3091 2785 3143 2832 et
3165 2777 3397 2833 convelli
3425 2793 3452 2832 a
3484 2776 3656 2834 licto-

2083 2867 2232 2923 ribus
2284 2879 2340 2922 et
2386 2877 2632 2924 extrema
2680 2869 2910 2939 perpeti.
2953 2868 3080 2942 {Sed
3143 2869 3257 2924 haec
3307 2884 3525 2940 quoque
3577 2870 3655 2925 illi

2084 2961 2224 3017 tuaIe
2255 2970 2556 3017 cesserunt.
2592 2961 2728 3016 Nam
2773 2970 2900 3016 tunc
2931 2975 3146 3032 quoque
3174 2960 3324 3016 multi
3361 2976 3428 3017 ex
3460 2962 3654 3017 inﬁde-

2084 3053 2224 3108 libus
2272 3054 2514 3108 videntes
2543 3055 2796 3123 spiritus,
2831 3054 2924 3125 qui
2978 3068 3084 3108 non
3112 3063 3364 3125 poterant
3398 3054 3568 3122 redigi
3602 3056 3654 3108 in

403 3143 596 3211 λωτον,
629 3146 723 3199 καὶ
759 3144 934 3216 ψυχὴν
970 3145 1362 3213 ἀταπείνωτον,
1401 3147 1494 3200 καὶ
1539 3146 1858 3218 παρρησίας
1891 3164 1980 3200 κο-

2083 3147 2424 3210 servitutem,
2442 3154 2517 3207 .et
2552 3145 2816 3209 animum,
2850 3146 2942 3216 qui
2982 3144 3140 3214 dejici
3178 3154 3236 3201 et
3268 3145 3504 3216 "deprimi
3550 3159 3657 3199 non

407 3235 534 3307 μιδῇ
564 3235 858 3303 πνέουσαν,
886 3237 1020 3292 αὐτὸ
1046 3238 1108 3292 τὸ
1153 3238 1434 3309 μέγιστον,
1469 3238 1793 3308 ἀνθρώπους
1823 3239 1982 3292 ἑλκο-

410 3327 605 3396 μένους
632 3327 847 3398 πικρῶς
885 3330 977 3384 καὶ
1007 3330 1494 3400 σπαρασσομένους
1525 3331 1616 3386 καὶ
1644 3331 1697 3385 τί
1733 3330 1840 3384 τῶν
1871 3330 1983 3384 δει-

407 3419 515 3472 νῶν
545 3418 619 3491 μή
657 3421 984 3491 πάσχοντας.
1047 3422 1143 3475 καὶ
1197 3423 1258 3476 ού
1293 3422 1454 3493 μόνον
1501 3424 1605 3476 οὐκ
1657 3422 1980 3488 ἐνδιδόντας,

407 3511 544 3566 ἀλλά
592 3513 686 3566 καὶ
714 3513 1117 3585 ἀκμαιοτέρους
1139 3514 1306 3568 οἱονεὶ
1343 3516 1688 3586 γινομένους,
1745 3515 1986 3589 θάρσους

406 3621 467 3658 τε
497 3605 996 3676 ὑποπιπλαμένους,
1057 3607 1151 3661 καὶ
1197 3606 1362 3662 αὐτοῦ
1392 3609 1844 3679 περιγινομένους
1889 3609 1984 3662 τοῦ

410 3695 708 3764 βασιλέως·
739 3695 912 3751 ταῦτα
941 3697 1176 3767 δρῶντες
1199 3697 1302 3770 τήν
1328 3713 1390 3750 τε
1421 3700 1650 3770 πάτριον
1676 3697 1986 3768 ἐξώμνυντο

409 3785 727 3856 θρησκείαν,
781 3787 881 3842 καὶ·
903 3787 1086 3849 αὐτοῖς
1115 3802 1174 3842 τε
1209 3786 1302 3840 καὶ
1328 3785 1408 3858 τῷ
1433 3787 1526 3842 ὑπ’
1566 3787 1746 3841 αὐτῶν
1777 3804 1983 3860 κηρυτ-

408 3877 625 3948 τομένῳ
653 3877 876 3949 Χριστῷ
912 3878 1312 3950 προσετίθεντο.
1363 3930 1367 3933 ,

483 4085 604 4140 OB'.
631 4083 864 4155 Ἀπορία
889 4083 1026 4153 γοῦν
1053 4083 1320 4140 πάντοθεν
1341 4083 1686 4155 περισχεθεὶς
1714 4082 1986 4153 Μαξιμια-

412 4177 522 4241 νὸς,
559 4177 739 4239 αὐτοῖς
770 4176 848 4239 ὡς
876 4174 1022 4246 εἶχον
1051 4175 1293 4246 δεσμοῖς,
1335 4178 1403 4247 τῇ
1441 4177 1657 4246 φυλακῇ
1686 4177 1815 4239 τοὺς
1849 4175 1986 4246 μάρ-

410 4287 580 4339 τυρας
608 4267 810 4334 δίδωσι,
845 4268 1106 4338 τέταρτον
1132 4267 1252 4331 ἔτος
1290 4269 1489 4332 αὐτοὺς
1519 4268 1579 4321 τὸ
1610 4267 1987 4338 δεσμωτήριον

412 4361 580 4413 οίκεῖν
608 4358 944 4430 κατακρίνας
963 4373 977 4387 ·
1013 4357 1076 4410 Εἴ
1099 4375 1237 4423 πως,
1263 4361 1418 4429 φησὶ,
1441 4357 1544 4412 κᾶν
1575 4359 1603 4411 ὁ
1641 4358 1844 4428 μεταξὺ
1863 4357 1989 4429 χρό-

2087 3246 2334 3308 poterat,
2369 3236 2632 3308 planeque
2667 3237 2918 3292 ﬁduciam
2951 3237 3192 3308 spirabat
3222 3246 3278 3292 et
3307 3237 3611 3292 libertatem
3638 3274 3656 3300 ,

2086 3339 2140 3384 et
2165 3329 2268 3384 hoc
2288 3328 2429 3398 quod
2461 3337 2547 3384 est
2577 3329 2895 3395 max-imum,
2936 3329 3184 3386 homines
3210 3329 3303 3399 qui
3327 3329 3522 3384 acerbe
3549 3337 3662 3382 tra-

2086 3419 2355 3474 hebantur
2382 3420 2930 3486 eteonvellebantur,
2965 3430 3020 3475 et
3059 3421 3190 3491 quid
3220 3437 3325 3477 non
3359 3435 3523 3491 grave
3561 3435 3662 3490 pa-

2089 3512 2377 3576 tiebantur,
2409 3521 2465 3567 et
2504 3527 2610 3566 non
2640 3514 2813 3566 solum
2845 3529 2949 3568 non
2989 3514 3292 3580 cedebant,
3343 3515 3436 3569 sed
3467 3529 3659 3570 evase-

2090 3613 2216 3657 rant
2235 3603 2643 3672 quodammodo
2653 3604 2990 3659 robustiores
3016 3614 3072 3660 et
3092 3609 3413 3672 vegetiores,
3445 3615 3498 3660 et
3519 3605 3662 3675 pleni

2088 3704 2245 3750 erant
2291 3696 2524 3761 ﬁducia,
2570 3705 2627 3750 et
2655 3697 2986 3764 superabant
3027 3696 3202 3765 ipsum
3247 3695 3660 3764 imperatorem;

2090 3787 2204 3841 haec
2250 3786 2529 3850 videntes,
2577 3786 2631 3840 e't
2662 3786 2891 3854 patriam
2937 3787 3259 3854 abjurabant
3304 3787 3659 3857 religionem,

2087 3888 2143 3932 et
2186 3877 2266 3931 eis
2296 3891 2356 3931 se
2389 3877 2779 3948 adjungebant,
2811 3887 2865 3932 et
2897 3879 2970 3943 ei,
3000 3878 3091 3948 qui
3128 3879 3196 3933 ab
3233 3879 3364 3948 ipsis
3405 3880 3665 3950 praedica-

2090 3970 2267 4034 batur,
2299 3967 2540 4024 Christo.

2160 4084 2372 4140 LXXII.
2401 4086 2537 4140 Cum
2573 4085 2750 4153 itaque
2779 4083 2991 4140 consilii
3020 4083 3198 4152 inopia
3229 4096 3373 4140 esset
3404 4085 3562 4152 plane
3598 4099 3666 4140 ex

2089 4178 2237 4232 omni
2285 4188 2440 4248 parte
2493 4177 2800 4246 implicatus
2838 4176 3223 4240 Maximianus,
3263 4188 3548 4249 martyres,
3591 4179 3666 4232 ita

2091 4281 2152 4324 ut
2200 4278 2386 4336 erant,
2441 4269 2653 4325 vinctos
2692 4270 2857 4326 tradit
2910 4271 2962 4324 in
3017 4271 3356 4334 custodiam,
3401 4286 3522 4324 cum
3572 4285 3668 4325 eos

2092 4360 2404 4415 damnasset
2449 4372 2682 4429 quatuor
2728 4375 2900 4416 annos
2948 4361 3194 4416 habitare
3241 4376 3512 4416 carcerem
3561 4361 3667 4415 :Si

413 4469 502 4519 νος
531 4451 789 4505 ὑπολύσει
822 4449 913 4502 τὸν
936 4451 1088 4503 τόνον
1121 4451 1321 4516 αὐτοῖς,
1355 4452 1449 4503 καὶ
1473 4453 1570 4520 τῆς
1597 4451 1906 4522 προθυμίας
1928 4452 1980 4504 τὸ

2095 4452 2234 4506 furto
2259 4494 2272 4517 ,
2331 4454 2539 4522 inquit.
2593 4453 2733 4520 quod
2775 4453 3063 4507 intercedit
3090 4463 3339 4522 tempus,
3375 4453 3444 4506 sit
3473 4466 3667 4508 eorum

365 4543 368 4546 ί
412 4515 706 4613 διάθερμον
733 4541 1025 4610 ἀμϐλυνεῖ.
1063 4540 1205 4594 ’Δλλ’
1239 4513 1315 4612 ἦν’
1359 4513 1792 4613 ἀπεναντίαςτῇ.
1815 4541 1980 4595 ἐλπίδι

2095 4545 2399 4598 soluturum
2426 4546 2808 4606 constantiam,
2839 4545 3179 4613 promptiqne
3203 4554 3260 4599 et
3281 4543 3476 4598 alacris
3499 4544 3667 4598 animi

413 4635 480 4686 τὰ
512 4636 918 4703 ἀπαντήσαντατ
953 4633 1044 4685 τόν
1073 4650 1130 4685 τε
1149 4633 1258 4702 γὰρ
1289 4633 1493 4704 μεταξὺ
1527 4637 1718 4706 χρόνον
1739 4634 1988 4705 εὐψύχως

414 4726 702 4796 διήγαγον,
741 4724 833 4777 καὶ
871 4725 973 4793 τῆς
1008 4725 1349 4796 προθεσμίας
1397 4725 1497 4796 ήδη
1524 4718 1526 4720 ’
1551 4731 1991 4798 παρισταμένης,

416 4815 668 4894 καθάπερ
701 4815 829 4885 χθὲς
863 4815 957 4868 καὶ
1003 4815 1196 4886 πρώην
1245 4817 1636 4895 κατάκλειστοι
1683 4817 1994 4885 γεγονότες,

415 4908 560 4961 οὓτω
582 4908 782 4978 θερμὸν
814 4909 1043 4962 πνέοντα
1080 4908 1173 4962 τδν
1204 4909 1337 4980 πρὸς
1379 4908 1477 4980 τὴν
1512 4909 1802 4980 ὁμολογίαν
1831 4909 1996 4979 ζῆλον

386 5002 665 5070 .ἐτήρουν.
709 5001 766 5054 '0
789 5001 899 5070 γὰρ
935 5001 1016 5063 είς
1043 5002 1282 5072 Χριστὸν
1333 5001 1499 5066 πόθος
1542 5005 1635 5056 καὶ
1665 5004 1699 5072 ή
1721 5002 1830 5055 τῶν
1863 5001 1995 5072 μελ-

418 5093 618 5146 λόντων
647 5093 802 5156 ἐλπὶς
842 5093 916 5155 ὡς
937 5088 1084 5146 οἷκον
1115 5093 1297 5155 αὐτοῖς
1322 5092 1417 5146 καὶ
1452 5092 1712 5146 παλάτιον
1731 5092 1996 5162 πολυτελῆ

417 5188 517 5258 τήν
569 5187 817 5256 φυλακὴν
844 5187 1014 5238 οἰκεῖν
1045 5201 1184 5255 παρε
1197 5182 1487 5248 σκεύαζον.
1519 5187 1864 5253 Μαξιμιανὸς
1897 5183 1993 5240 οὖν

421 5276 504 5333 ετι
527 5280 623 5333 καὶ
652 5279 825 5332 ταῦτα
852 5277 1062 5348 μαθὼν,
1089 5277 1251 5340 αὐτὸς
1282 5277 1380 5346 μὲν
1410 5278 1538 5340 τοὺς
1565 5280 1702 5349 πρὸς
1747 5279 1996 5342 ἐκείνους

420 5371 638 5441 ἀγῶνας
661 5370 912 5424 ὑπελθεῖν
939 5366 1092 5434 αὖθις
1123 5369 1532 5441 ἀπαγορεύσας,
1559 5370 1856 5424 ἐσκέπτετο
1885 5369 1992 5424 τίνι

418 5461 608 5516 λοιπὸν
652 5463 849 5527 αὐτοὺς
883 5461 1298 5532 παραπέμψειε,
1334 5461 1630 5533 πρόσχημα
1665 5463 1767 5534 μὲν
1817 5461 1893 5525 ὡς
1925 5461 1994 5516 δι’

417 5555 728 5627 .⁹περ6ολὴν
765 5556 1134 5626 ἀνοσιότητος,
1159 5555 1282 5610 οὐδὲ
1315 5553 1498 5621 ἀξίους
1524 5555 1682 5619 ὄντας
1709 5553 1993 5626 βασιλικοῦ

496 5770 516 5803 ³
540 5770 642 5825 Isa.
675 5785 827 5828 me,
861 5767 916 5822 Ξ.

731 5865 1000 5924 ΡΔτιιυι..
1034 5866 1150 5926 Gtt-
1175 5863 1388 5928 CXIV.

2100 4635 2476 4690 hebetaturum
2529 4636 2946 4690 vehementiam.
3004 4635 3109 4689 Sed
3160 4649 3224 4689 ea
3275 4645 3461 4689 contra
3508 4647 3670 4705 atque

2093 4729 2338 4796 sperabat
2368 4736 2686 4782 evenerunt.
2723 4724 2870 4781 Bono
2903 4726 3046 4781 enim
3078 4735 3129 4780 et
3172 4726 3462 4794 tranquillo
3488 4731 3670 4781 animo

2094 4821 2311 4874 inerunt
2341 4820 2572 4884 interea,
2607 4829 2663 4872 et
2703 4834 2823 4872 cum
2864 4817 2978 4888 jam
3013 4829 3225 4887 tempus
3253 4819 3466 4872 adesset
3495 4819 3672 4888 praeﬁ-

2095 4913 2288 4976 nitum,
2310 4910 2528 4980 perinde
2554 4925 2616 4965 ac
2645 4910 2689 4964 si
2719 4911 2948 4966 fuissent
2973 4910 3164 4964 inclusi
3199 4910 3313 4965 heri
3346 4921 3402 4965 et
3439 4912 3666 4965 nudius-

2097 5003 2323 5066 tertius,
2373 5017 2553 5057 acretn
2604 5010 2659 5057 et
2711 5003 3088 5058 vehctuentetu
3153 5003 3447 5058 servabant
3494 5001 3670 5057 zelum

2097 5094 2162 5146 ad
2193 5091 2612 5149 confessionem.
2645 5093 2984 5149 Desiderium
3013 5095 3157 5150 enim
3189 5095 3242 5149 iu
3273 5094 3548 5149 Christum
3572 5133 3588 5156 ,
3619 5106 3674 5147 ct

2097 5201 2221 5256 spes
2257 5183 2584 5252 futurorum,
2622 5187 2924 5243 eiliciebaut
2959 5195 3016 5240 ut
3058 5187 3367 5241 habitarent
3396 5201 3672 5241 carcerem

2101 5294 2207 5332 non
2238 5293 2396 5334 secus
2430 5293 2494 5334 ac
2535 5279 2848 5350 magniﬁcas
2901 5280 3044 5334 aedes
3075 5289 3128 5334 ct
3167 5281 3448 5350 palatium.
3501 5279 3674 5334 Maxi-

2103 5369 2318 5426 mianus
2344 5385 2474 5440 ergo
2507 5385 2630 5452 qum
2663 5371 2778 5426 haec
2809 5387 3028 5442 quoque
3058 5372 3359 5437 didicisset,
3406 5373 3526 5442 ipse
3555 5374 3678 5441 qui-

2102 5461 2222 5515 dem
2261 5467 2478 5535 recusat
2505 5459 2738 5529 ainplius
2768 5460 3334 5530 suscipere'adversus
3371 5477 3466 5516 eos
3495 5469 3680 5514 certa—

2105 5553 2249 5609 mina
2295 5571 2307 5607 :
2349 5552 2682 5610 deliberabat
2724 5562 2902 5611 autem
2941 5554 3004 5608 ad
3052 5569 3214 5626 quem
3253 5567 3348 5608 eos
3383 5553 3446 5607 de
3481 5562 3680 5607 caetero

3198 5851 3283 5922 28
