4116 6446
432 372 544 434 875

1682 358 1964 420 MENSIS
1993 360 2448 423 JANUABIL‘S.

3583 367 3692 430 876

434 484 866 546 transmitteret,
901 486 1160 547 przctexlu
1210 474 1637 547 quidem,‘quod
1670 484 1893 544 propter
1929 474 1982 528 in

2118 476 2381 546 βήματος,
2417 477 2450 544 ὴ
2491 474 2535 528 δ’
2575 473 2780 546 ἀληθὴς
2823 474 2970 530 αἰτία
3004 476 3203 548 ὅτιπερ
3228 476 3446 547 ἀπάσης
3474 479 3696 546 ἐπαγωο

431 582 638 649 signi-ut
678 578 1004 645 impietatem
1032 612 1047 638 ,
1082 588 1148 627 ne
1195 570 1546 640 imperatoris
1577 570 1794 637 quidem
1827 580 2009 623 essent

432 672 575 739 digni
613 668 903 732 tribunali;
948 681 1074 721 vera
1108 672 1287 718 autem
1338 678 1499 717 causa
1534 671 1674 726 erat,
1708 661 1850 731 quod
1885 675 2007 715 cum

431 777 526 817 eos
580 761 872 816 invenisset
925 757 1179 812 omnibus
1213 770 1308 810 eos
1363 753 1649 809 inducendi
1710 751 2011 806 rationibus

431 852 775 922 Superiores,
806 858 861 904 ct
895 863 1066 917 neque
1111 847 1295 901 induci
1339 840 2012 923 bonorumpromissioni-

2115 572 2217 637 γῆς
2239 569 2545 637 ἀνωτέρους
2569 567 2765 637 εὑρὼν,
2796 569 2888 621 καὶ
2918 570 3055 639 μήτε
3083 567 3307 636 ἀγαθῶν
3335 571 3695 647 ἐπαγγελίαις

2117 659 2517 726 ὑπαγομένους.
2536 659 2674 727 μήτε
2703 660 2890 713 κακῶν
2925 662 3219 731 ἐπιφοραῖς
3244 662 3693 731 καμπτομένους,

2114 747 2278 800 ὤκνει
2301 748 2400 818 τὴν
2431 750 2512 810 εἰς
2538 748 2619 801 ἔτι
2674 750 2813 818 πρὸς
2861 750 3060 813 αὐτοὺς
3112 750 3457 820 συμπλοκὴν,
3513 752 3577 804 τὸ
3606 754 3694 804 εὑ-

2115 838 2274 905 γενὲς
2326 839 2505 891 αὐτῶν
2544 841 2638 892 καὶ¹
2677 841 3046 893 ἀταπείνωτον
3076 840 3169 895 τοῦ
3207 843 3558 912 φρονήματος
3593 860 3694 896 ται

429 946 564 1010 bus,
613 958 790 1013 neque
835 942 975 995 ﬂecti
1023 940 1288 994 malorum
1344 922 1669 1001 insultibus,
1723 934 1990 988 verebatul

2115 928 2336 983 πεινοῦν
2362 930 2512 999 αὑτῷ
2541 930 2643 1002 τὴν
2671 930 2830 996 δόξαν
2854 932 2949 986 καὶ
2981 930 3383 1003 ὑποτέμνεσθαι
3414 932 3504 985 τὸν
3528 922 3694 999 ὄγκον

429 1037 604 1091 adhuc
637 1048 827 1088 manus
852 1050 974 1086 cum
999 1035 1077 1087 eis
1109 1045 1418 1097 conserere,
1451 1041 1793 1099 generosum,
1824 1032 1879 1080 et
1911 1024 2004 1093 qui

2114 1021 2541 1091 ὑπολαμϐάνων.

429 1130 658 1198 deprimi
709 1144 813 1184 non
846 1138 1088 1198 poterat,
1162 1110 1346 1181 eorum
1384 1124 1632 1194 spiritum
1675 1120 1792 1191 ejus
1847 1116 2152 1188 deprimere
2217 1118 2444 1185 gloriam
2489 1125 2544 1173 et
2587 1119 2792 1189 aliquid
2859 1120 2925 1175 de
2967 1120 3337 1191 magnitudine
3404 1119 3693 1176 detrahere

429 1225 779 1279 existimans.

1879 1430 2109 1491 CAPUT
2150 1433 2262 1492 XII.

1370 1603 1407 1657 Α
1448 1600 1757 1655 urwsidibus
1796 1601 2081 1655 Sacerdole
2118 1610 2167 1654 et
2222 1599 2462 1654 Maximo
2500 1601 2784 1659 intentam.

496 1764 731 1821 LXXIII.
780 1763 839 1820 Ei
879 1773 1060 1819 autem
1100 1764 1180 1820 sic
1209 1763 1526 1820 deliberanti
1574 1763 1800 1818 aderant
1829 1763 1982 1818 multi

2162 1764 2278 1847 Ol".
2310 1764 2466 1819 Οὕτω
2480 1764 2537 1818 δὲ
2560 1766 2711 1835 αὐτῷ
2734 1769 3087 1839 σκεπτομένῳ
3102 1770 3357 1840 παρῆσαν
3375 1772 3563 1828 πολλοὶ⁸
3585 1773 3686 1847 μὲν

423 1873 638 1927 quoque
650 1858 738 1912 alii
758 1855 918 1913 simul
937 1857 1280 1925 magistratus
1305 1864 1360 1910 et
1376 1856 1627 1924 praesides
1650 1856 1736 1923 qui
1764 1871 1830 1910 ex
1854 1854 1992 1907 mul-
2043 1881 2055 1892 ο

424 1951 494 2005 tis
516 1957 879 2005 convenerant
903 1948 1216 2018 provinciis.
1250 1946 1396 2002 Inter
1417 1963 1551 2016 quos
1580 1956 1699 2002 erat
1724 1948 1888 2002 etiam
1916 1944 1993 2014 (4)

425 2039 715 2104 Sacerdos,
753 2039 844 2107 qui
881 2047 1001 2092 erat
1030 2036 1247 2106 quidem
1279 2037 1584 2106 principatu
1617 2034 1865 2104 insignis,
1900 2034 1994 2088 sed

423 2139 542 2185 erat
576 2131 735 2196 longe
776 2129 1052 2198 impietate
1097 2128 1383 2198 insignior,
1414 2137 1469 2183 et
1508 2128 1705 2183 multos
1732 2127 1996 2183 Christia—

425 2238 525 2278 nos
546 2224 749 2277 etuultis
782 2236 925 2291 saepe
960 2229 1016 2276 et
1050 2222 1217 2277 variis
1260 2222 1568 2289 subiecerat
1600 2220 1900 2290 suppliciis.
1933 2221 1991 2273 ιιι

426 2315 647 2370 mandat
702 2312 1063 2368 Maximianus
1106 2313 1477 2382 cognitionem
1527 2313 1594 2367 de
1645 2313 1994 2382 martyribus.

422 2407 557 2463 Cum
592 2417 775 2461 autem
809 2405 1168 2476 persuadendi
1203 2420 1395 2475 magna
1429 2406 1481 2457 vi
1514 2415 1661 2461 esset
1705 2405 1995 2473 praeditus,

423 2509 479 2555 et
508 2501 573 2555 ad
609 2499 911 2554 illiciendas
940 2498 1221 2553 hominum
1256 2508 1467 2553 mentes
1502 2495 1697 2552 artifex
1725 2497 1995 2567 egregius,

422 2601 477 2646 et
506 2590 704 2656 alioqui
755 2589 1001 2643 studeret
1030 2588 1356 2652 ostendere,
1387 2600 1483 2642 eos
1514 2587 1605 2657 qui
1638 2587 1812 2656 ipsum
1861 2602 1997 2654 prm-

422 2690 739 2745 cesserant,
782 2694 887 2735 non
923 2693 989 2733 ex
1038 2688 1339 2748 martyrum
1370 2677 1542 2733 animi
1591 2677 1992 2747 magnitudine,

423 2778 516 2830 sed
549 2790 613 2829 cx
666 2787 764 2829 sua
818 2772 1000 2841 potius
1044 2770 1396 2839 simplicitate
1437 2768 1544 2824 illis
1580 2770 1875 2838 praebuisse
1903 2769 1995 2827 ivi-

420 2865 668 2926 ctoriam,
693 2863 889 2919 sedens
912 2861 963 2917 in
989 2859 1241 2914 tribunali
1260 2859 1458 2925 eﬂecit,
1483 2868 1541 2914 ut
1567 2857 1667 2912 viri
1694 2857 1768 2911 illl
1794 2857 1994 2927 egregii

418 2971 601 3011 coram
636 2971 696 3011 se
740 2957 1086 3021 sisterentur,
1126 2964 1181 3007 et
1217 2953 1371 3007 varie.
1414 2966 1539 3006 cum
1584 2950 1663 3006 eis
1713 2949 1997 3005 decertare

417 3058 501 3103 est
542 3064 863 3120 aggressus,
916 3049 1076 3102 modo
1107 3047 1322 3116 quidem
1373 3044 1596 3099 lenitate
1636 3051 1691 3098 et
1753 3041 1995 3112 pecunia:

2097 1854 2190 1907 xui.
2207 1846 2356 1909 ἄλλοι
2378 1856 2640 1926 ἄρχοντες
2667 1858 2782 1927 ἄμα
2805 1860 2899 1910 καὶ
2934 1861 3207 1929 ἡγεμόνες
3231 1863 3296 1915 ὲκ
3326 1863 3537 1918 πολλῶν
3556 1884 3683 1919 συν-

2096 1944 2342 2009 ελθόντες
2373 1947 2651 2017 ἐπαρχιῶν
2668 1964 2684 1979 ⁸
2718 1950 2774 2001 ὲν
2803 1949 2860 2002 δὲ
2883 1949 2945 2019 δὴ
2969 1952 3063 2003 καὶ
3085 1952 3391 2024 Σακερδὼς,
3414 1957 3685 2028 ἐπιφανὴς

2099 2035 2196 2104 μὲν
2215 2035 2314 2107 τὴν
2335 2038 2655 2107 ἡγεμονίαν,
2688 2041 3114 2114 ἐπιφανέστερος
3133 2045 3190 2098 δὲ
3214 2046 3392 2117 πολλῷ
3424 2049 3532 2120 ’τὴν
3557 2051 3685 2104 ἀσέ·

2096 2126 2270 2190 ϐειαν,
2295 2129 2388 2181 καὶ
2411 2129 2637 2194 πολλοὺς
2666 2133 2774 2185 τῶν
2804 2134 3149 2204 Χριστιανῶν
3184 2138 3406 2204 πολλαῖς
3418 2141 3683 2205 πολλάκις

2094 2221 2388 2291 τιμωρίαις
2418 2222 2511 2275 καὶ
2531 2222 2802 2286 ποικίλαις
2831 2224 3140 2282 ὑποϐαλών.
3172 2220 3359 2301 Τούτῳ
3402 2233 3685 2303 Μαξιμια-

2094 2311 2184 2373 νὸς
2214 2312 2283 2365 τὰ
2316 2315 2454 2366 κατὰ
2489 2317 2614 2377 τοὺς
2648 2317 2933 2386 μάρτυρας
2956 2320 3243 2390 ἐπιτρέπει
3268 2341 3281 2354 ·
3314 2324 3485 2389 δεινὸς
3517 2327 3573 2380 δὲ
3597 2326 3674 2380 ὣν

2097 2404 2188 2454 καὶ
2219 2406 2402 2457 πεῖσαι
2427 2407 2520 2458 καὶ
2540 2406 2841 2478 ὑποκλέψαι
2865 2411 3093 2480 γνώμας
3123 2414 3336 2484 ἀνδρῶν
3364 2416 3675 2474 πιθανώτα-

2095 2511 2208 2556 τος,
2243 2495 2418 2559 ἄλλως
2446 2515 2507 2549 τε
2540 2497 2715 2552 δὲκαὶ
2741 2501 2867 2563 τοὺς
2902 2503 3009 2573 πρὸ
3042 2504 3206 2557 αὑτοῦ
3241 2507 3414 2574 δεῖξαι
3446 2509 3681 2576 φιλονει·

2096 2585 2227 2644 κῶν,
2260 2586 2362 2638 οὐκ
2396 2590 2460 2639 ὲκ
2506 2589 2604 2655 τῆς
2645 2589 2753 2641 τῶν
2794 2593 3092 2663 μαρτύρων
3140 2594 3416 2666 ἀνδρείας,
3464 2597 3581 2652 ἀλλ’
3611 2600 3678 2654 ἐκ

2096 2677 2190 2745 τῆς
2211 2676 2422 2729 ἑαυτῶν
2451 2677 2652 2745 μᾶλλον
2674 2681 2933 2748 ἀφελείας
2962 2685 3119 2754 νικᾷν
3140 2686 3369 2750 ἐκείνοις
3396 2705 3679 2761 παρασχο-

2097 2767 2313 2833 μένους,
2351 2770 2473 2821 ἐπεὶ
2520 2770 2621 2823 τοῦ
2642 2771 2887 2841 βήματος
2938 2776 3279 2843 προκαθίσας
3308 2770 3675 2852 ’παρέστησεν

2094 2856 2244 2926 αὐτῷ
2274 2859 2398 2920 τοὺς
2458 2862 2760 2927 γενναίους,
2827 2866 3087 2928 ποικίλως
3145 2869 3336 2938 μετῄει
3397 2872 3499 2942 τὴν
3532 2873 3670 2943 πρὸς

2094 2946 2292 3011 αὐτοὺς
2317 2950 2640 3021 συμπλοκήν
2666 2969 2678 2980 ο
2709 2951 2835 3022 ἄρτι
2887 2954 2987 3021 μὲν
3030 2955 3303 3028 ἐπιεικείᾳ
3334 2960 3427 3013 καὶ
3451 2964 3674 3033 χρημα-

2094 3056 2202 3094 των
2260 3043 2603 3116 ἐπαγγελίᾳ,
2657 3047 2784 3116 ἀρτι
2823 3047 2881 3101 δὲ
2948 3050 3223 3122 αὐστηρίᾳ
3274 3052 3368 3105 καὶ
3421 3056 3676 3126 πονηρῶν

407 3139 799 3209 promissione,
855 3139 1014 3193 modo
1052 3151 1178 3192 vero
1203 3135 1502 3190 acerbitate
1531 3142 1586 3188 et
1623 3132 1785 3187 minis
1809 3146 1990 3188 rerum

2099 3133 2321 3205 ἀπειλῇ,
2358 3109 2452 3187 νῦν
2481 3109 2761 3208 κολακείᾳ,
2786 3138 2882 3193 νῦν
2909 3140 3070 3209 ὀργῇ,
3104 3109 3378 3196 καὶ..τοῦτο
3419 3144 3517 3213 μὲν
3545 3109 3675 3200 ἰκτεί-

419 3230 721 3294 malarum,
762 3245 905 3285 nunc
952 3228 1261 3292 blanditiis,
1307 3240 1448 3281 nunc
1492 3225 1897 3295 indignatione,
1933 3233 1990 3278 et

420 3322 619 3392 partim
661 3320 877 3388 quidem
911 3334 1223 3388 asperarum
1263 3332 1441 3372 rerum
1472 3318 1835 3386 experientia,
1864 3332 1989 3386 par-

421 3414 517 3467 tim
550 3421 729 3466 antem
777 3411 875 3473 iis,
906 3424 1029 3479 qua:
1075 3418 1483 3479 praecesserant,
1529 3409 1836 3464 adhibendo
1875 3423 1991 3462 me-

419 3504 654 3560 dicinam
707 3511 959 3570 tanquam
1012 3500 1480 3571 expmniwntia.
1540 3498 1807 3576 caeterum
1866 3514 1987 3555 cum

418 3595 649 3666 primum
686 3593 815 3649 fecit
856 3604 914 3649 ut
947 3596 1269 3650 sisterentur
1312 3602 1616 3662 martyres:
1648 3593 1868 3658 Adeste,
1905 3592 1987 3646 in-

416 3687 553 3755 quit,
578 3685 643 3739 ad
670 3683 1039 3749 Sacerdotem,
1064 3699 1225 3753 quem
1288 3683 1469 3738 nullus
1509 3683 1697 3754 eﬂ‘ugit
1725 3699 1790 3739 ex
1822 3683 1984 3739 Chri-

415 3776 794 3847 stianis,‘qni
843 3777 1070 3831 Pontum
1127 3776 1373 3830 habitant
1432 3774 1853 3830 et'Galatiam:
1893 3777 1985 3831 sed

416 3869 614 3925 inultos
637 3867 853 3937 quidem
883 3882 1176 3937 persuasos
1200 3866 1506 3923 honoribus
1532 3866 1686 3923 alieci
1725 3874 1781 3922 et
1806 3883 1987 3922 mune-

414 3963 585 4025 ribus,
615 3968 672 4016 et
699 3959 822 4025 diis,
866 3959 1008 4028 quod
1053 3959 1271 4029 quidem
1313 3968 1396 4013 est
1433 3960 1756 4024 maximum,
1790 3972 1983 4013 recon-

412 4051 592 4105 ciliari
622 4060 675 4105 et
705 4049 860 4104 eﬂeci
906 4048 1237 4115 familiares;
1277 4048 1471 4104 multos
1502 4062 1631 4102 vero
1664 4062 1732 4100 ex
1776 4047 1863 4112 iis,
1892 4048 1982 4117 qui

414 4160 522 4198 nou
562 4150 875 4210 paruerunt,
918 4140 1063 4195 ferro
1097 4151 1154 4195 et
1199 4141 1321 4209 igne
1355 4139 1689 4209 consumpsi,
1726 4147 1783 4194 et
1825 4139 1982 4193 morti

412 4231 607 4286 tradidi
662 4230 1046 4285 acerbissimae.
1093 4230 1191 4286 Cui
1237 4232 1454 4298 quidem
1504 4245 1599 4284 vos
1640 4244 1854 4299 quoque
1886 4243 1984 4298 pa-

412 4332 625 4386 rentes,
674 4322 1009 4385 sacriﬁcate,
1048 4331 1105 4374 ut
1147 4334 1245 4390 pro
1277 4321 1523 4388 portione
1569 4328 1645 4374 tot
1684 4320 1941 4374 malorum
1966 4358 1981 4383 ,

412 4428 535 4484 qua:
567 4423 642 4466 tot
676 4427 846 4466 annos
878 4411 1161 4481 patimini,
1192 4427 1286 4465 vos
1318 4412 1472 4466 bonis
1498 4403 1774 4464 fruamiui.

484 4501 718 4561 LXXIV.
743 4507 821 4559 Ad
850 4507 963 4560 haec
982 4507 1233 4560 dixerunt
1257 4502 1429 4559 sancti
1458 4519 1471 4556 :
1500 4503 1599 4570 Qui
1627 4518 1725 4556 nos
1749 4516 1847 4572 pro
1874 4516 1985 4555 mc-

413 4600 531 4655 ritis
553 4609 635 4654 est
670 4607 1111 4654 remuneraturus
1123 4609 1175 4653 et
1202 4598 1590 4661 bonoralurus,
1610 4604 1692 4648 est
1713 4595 1980 4657 Christus,

411 4692 503 4761 qui
528 4691 662 4744 dona
687 4691 846 4745 habet
876 4699 983 4744 tam
1009 4689 1350 4755 excellentia,
1379 4698 1437 4741 ut
1463 4702 1531 4740 ne
1553 4690 1836 4756 condigna:
1864 4685 1981 4754 qui-

412 4786 533 4838 dem
565 4783 671 4837 sint
718 4783 874 4852 bujus
923 4781 1103 4837 smculi
1138 4782 1417 4848 passiones
1461 4779 1525 4832 ad
1569 4777 1827 4843 gloriam,
1866 4790 1984 4843 quin

413 4884 497 4928 est
530 4874 582 4928 in
616 4875 771 4929 nobis
799 4875 865 4927 ab
901 4873 1016 4942 ipso
1044 4871 1350 4928 revelanda.
1379 4869 1608 4938 PrOpter
1638 4884 1757 4937 qua:
1787 4867 1984 4921 Sacer.

412 4966 511 5019 dos
540 4979 753 5034 quoque
798 4963 924 5017 fecit
953 4961 1205 5018 similiter
1238 4962 1305 5015 iis
1345 4961 1432 5030 qui
1470 4968 1893 5029 praecesserant,
1929 4964 1982 5008 et

411 5072 506 5111 eos
552 5056 712 5125 jussit
758 5055 887 5110 caedi
936 5056 987 5108 in
1025 5053 1304 5117 humeris,
1362 5053 1535 5105 donec
1576 5050 1657 5103 eis
1705 5050 1815 5117 ipsa
1855 5064 1978 5101 ossa

409 5145 768 5215 aperirentur.
806 5145 939 5200 Cum
981 5157 1158 5199 autem
1194 5144 1525 5215 martyribus
1577 5142 1861 5211 pt';rsetttia
1900 5140 1978 5192 vi-

407 5238 666 5294 derentur
694 5254 813 5294 esse
849 5238 1007 5303 levia,
1037 5238 1189 5305 spina
1221 5249 1436 5305 quoque
1462 5234 1713 5289 similiter
1737 5233 1976 5287 caedeba-

411 5341 532 5395 tur,
586 5331 760 5387 doncc
799 5346 826 5381 a
876 5328 1231 5399 praesentibus
1272 5327 1443 5382 oculis
1485 5325 1597 5379 visa
1643 5334 1727 5379 est
1768 5323 1971 5378 ossium

405 5422 758 5492 compositio,
785 5429 840 5477 et
871 5432 980 5476 tota
1023 5420 1265 5476 dimensa
1301 5429 1382 5474 est
1411 5434 1670 5489 compago
1701 5416 1975 5470 vertebra-

404 5534 543 5574 rum.
571 5517 838 5574 Sacerdos
859 5532 988 5588 ergo
1017 5525 1123 5570 tam
1155 5519 1351 5569 misere
1379 5522 1433 5568 et
1456 5522 1562 5566 tam
1593 5506 1974 5564 miserabiliter

402 5610 577 5665 rictus
622 5618 707 5664 est
753 5625 782 5662 a
819 5618 1115 5677 martyrum
1162 5603 1496 5661 fortitudine.
1539 5600 1804 5667 Quocirca
1852 5610 1972 5665 qua:

2104 3238 2172 3294 ρᾳ
2214 3224 2321 3276 τῶν
2355 3224 2640 3293 ἀλγεινῶν,
2673 3227 2828 3282 τοῦτο
2856 3230 2912 3282 δὲ
2936 3229 3203 3303 θεραπείᾳ
3232 3233 3343 3286 τῶν
3373 3235 3674 3303 προλαϐόν-

2098 3332 2206 3369 των
2223 3317 2300 3380 ὡς
2325 3321 2390 3372 ἐκ
2421 3320 2710 3388 μετανοίας
2733 3327 3157 3397 προσγινομένῃ.
3194 3326 3340 3397 Πλὴν
3358 3326 3478 3381 ἀλλ’
3506 3328 3583 3392 ὡς
3609 3329 3672 3382 τὺ

2098 3406 2314 3475 πρῶτον
2361 3411 2487 3472 τοὺς
2538 3411 2820 3481 μάρτυρας
2884 3419 3300 3486 παρεστήσατο,
3362 3418 3673 3489 Σακερδῶτι

2098 3499 2454 3569 παρίστασθε,
2482 3501 2650 3569 λέγει,
2687 3503 2747 3556 ὃν
2778 3504 2953 3568 οὐδεὶς
2982 3508 3323 3575 Χριστιανῶν
3347 3510 3454 3563 τῶν
3483 3529 3671 3566 κατοι-

2096 3590 2338 3642 κούντων
2374 3590 2571 3644 Πόντον
2607 3595 2698 3646 καὶ
2736 3595 3004 3649 Γαλατίαν
3044 3598 3299 3668 διέφυγεν
3321 3616 3335 3632 ο
3369 3602 3505 3656 ἀλλά
3537 3603 3671 3657 πολ-

2078 3678 2220 3742 ’λοὺς
2254 3681 2353 3750 μὲν
2378 3684 2699 3747 πεισθέντας
2728 3689 2822 3740 καὶ
2854 3689 3030 3756 τιμῶν
3070 3691 3279 3759 ἠξίωσα
3302 3693 3396 3746 καὶ
3425 3694 3665 3765 δωρεῶν,

2095 3773 2192 3825 καὶ
2234 3772 2394 3837 θεοῖς,
2421 3775 2547 3843 τόγε
2614 3779 2820 3846 μεῖζον,
2886 3782 3198 3850 κατήλλαξα
3236 3786 3329 3837 καὶ
3378 3786 3668 3857 ᾠκείωσιν

2094 3865 2323 3931 πολλοὺς
2355 3867 2411 3920 δὲ
2433 3869 2540 3921 τῶν
2569 3871 2984 3941 ἀπειθησάντων
3020 3875 3155 3945 πυρὶ
3215 3878 3309 3930 καὶ
3339 3879 3542 3950 σιδήρῳ
3575 3882 3672 3935 ἀν-

2092 3958 2328 4024 αλώσας,
2355 3962 2449 4013 καὶ
2474 3960 2689 4033 θανάτῳ
2720 3965 3013 4034 παρέδωκα
3041 3967 3264 4040 χαλεπῷ
3290 3986 3303 3999 ·
3363 3965 3407 4040 ᾧ
3436 3988 3499 4040 γε
3545 3992 3670 4028 πει-

2096 4051 2314 4114 σθέντες
2365 4051 2459 4105 καὶ
2494 4054 2648 4107 αὐτοὶ
2675 4056 2900 4120 θύσατε.
2932 4058 3009 4123 ὡς
3043 4061 3110 4114 ἂν
3160 4063 3437 4131 ἀναλόγως
3462 4058 3538 4120 ὧν
3572 4069 3669 4122 ἐπὶ

2091 4141 2378 4205 τοσούτους
2400 4143 2622 4213 χρόνους
2656 4145 2926 4218 ὑπέστητε
2947 4152 3153 4217 κακῶν,
3176 4153 3397 4222 ἀγαθῶν
3428 4155 3668 4212 ἀπολαύ-

2093 4248 2257 4286 σοιτε.

2019 4475 2062 4529 θ
2161 4496 2263 4548 UA.
2298 4495 2437 4565 Πρὸς
2468 4496 2639 4551 ταῦτα
2667 4501 2714 4551 οἱ
2753 4500 2899 4569 ἆγιοι
2922 4518 2934 4531 ·
2983 4504 3040 4557 '0
3068 4505 3274 4573 μέλλων
3305 4510 3452 4578 ἡμᾶς
3493 4512 3660 4578 ἀξίως

2089 4585 2408 4654 ἀμείϐεσθαι
2471 4590 2566 4641 καὶ
2616 4592 2802 4662 τιμᾷν,
2858 4593 3091 4664 Χριστός
3153 4602 3319 4662 ἐστιν,
3369 4598 3544 4667 εἷπον,
3602 4605 3662 4667 ὃς

2087 4677 2355 4748 τοσαύτην
2394 4678 2508 4749 ἔχει
2535 4680 2643 4733 τῶν
2678 4681 2897 4753 δωρεῶν
2931 4687 3031 4755 τὴν
3064 4688 3367 4761 ὑπερϐολὴν
3424 4694 3499 4756 ὡς
3528 4696 3662 4765 μηδὲ

2086 4766 2213 4831 ἀξια
2240 4768 2329 4820 τοῦ
2363 4768 2459 4822 νῦν
2506 4771 2699 4843 καιροῦ
2731 4774 2800 4827 τὰ
2840 4776 3143 4847 παθήματα
3180 4775 3340 4843 εἶναι,
3381 4783 3518 4853 πρὸς
3563 4786 3663 4856 τὴν

2089 4857 2389 4927 μέλλουων
2424 4862 2552 4930 ἡμῖν
2605 4864 3058 4937 ἀποκαλυφθῆναι
3093 4871 3224 4943 παρ’
3256 4872 3423 4926 αὐτοῦ
3479 4876 3659 4940 δόξαν.

2099 4950 2215 5019 Ἐφ’
2278 4946 2358 5014 οἷς
2404 4955 2496 5007 καὶ
2543 4956 2829 5026 Σακερδὼς
2871 4963 2984 5023 τοῖς
3035 4962 3400 5033 προλαϐοῦσιν
3459 4969 3662 5038 ὁμοίως

2083 5043 2278 5108 ἐποίει,
2313 5048 2403 5097 καὶ
2421 5046 2636 5109 ξέεσθαι
2666 5048 2861 5113 αὐτοὺς
2888 5053 3031 5105 κατὰ
3057 5054 3165 5107 τῶν
3195 5054 3362 5126 ὤμων
3387 5061 3662 5124 ἐκέλευεν,

2083 5134 2239 5206 ἄχρις
2298 5139 2363 5189 ἂν
2404 5139 2498 5191 καὶ
2554 5140 2696 5193 αὐτὰ
2733 5142 3127 5213 ἐκκαλυφθεῖεν
3163 5150 3349 5213 αὐτοῖς
3393 5154 3462 5205 τὰ
3500 5154 3656 5208 ὀστᾶ.

2093 5230 2246 5282 Ἐπεὶ
2269 5232 2324 5284 δὲ
2372 5231 2548 5301 κοῦφα
2577 5237 2689 5296 τοῖς
2722 5233 2956 5306 μάρτυσι
2988 5239 3054 5291 τὰ
3088 5240 3331 5310 παρόντα
3366 5243 3536 5316 ἐώρα,
3565 5250 3660 5302 καὶ

2084 5323 2304 5392 ήρἀις
2350 5328 2459 5386 τοῖς
2508 5324 2723 5394 ξεσμοί,
2761 5329 2961 5394 ὁμοίως
3014 5330 3235 5396 ἐδίδοτο,
3269 5333 3375 5398 ἕως
3429 5339 3566 5408 αὐτή
3598 5356 3658 5392 τε

2082 5416 2193 5476 τοῖς
2258 5414 2521 5484 παροῦσιν
2576 5416 2874 5486 όςθαλμοῖς
2929 5422 2960 5489 ἡ
3014 5422 3263 5487 σύνθεσις
3295 5426 3402 5478 τῶν
3456 5428 3658 5485 ὀστέων

2081 5505 2268 5574 ὼράθη
2307 5509 2394 5558 καὶ
2420 5510 2570 5560 πᾶσα
2598 5510 2935 5579 διεμετρεῖτο
2963 5513 3071 5565 τῶν
3106 5517 3414 5572 σπονδύλων
3434 5521 3663 5590 ήὰρμοε

2083 5601 2174 5669 γή.
2219 5599 2279 5653 ’0
2330 5599 2460 5665 γοῦν
2492 5600 2778 5671 Σακερδὼς
2814 5593 2985 5666 οὕτως
3034 5605 3283 5673 ἐλεεινῶς
3316 5611 3408 5663 καὶ
3458 5613 3654 5678 ἀθλίως

474 5788 551 5856 (ι)
584 5784 856 5871 Sacerdoti
876 5825 890 5851 ,
916 5783 1235 5856 Σακέρδων,
1265 5783 1318 5839 in
1356 5782 1544 5841 Graeco
1582 5798 1688 5841 ms.
1718 5784 2015 5856 appellatur
2048 5803 2064 5839 ε
2099 5783 2401 5854 diciturquc
2434 5785 2599 5843 fuisse
2631 5786 2858 5845 Galatisc
2891 5785 3197 5859 praefectus.
