4116 6460
423 404 533 469 877

1455 398 1638 461 νΙΤΑ
1670 397 1731 459 S.
1773 395 2208 458 CLEMENTIS
2244 394 2662 460 ANCYRANI.

3591 400 3697 465 878

423 518 521 582 τῆς
555 514 736 569 αὐτῶν
799 516 1002 587 ἥττητο
1040 513 1359 588 καρτερίας,
1422 512 1565 567 ὥστε
1621 513 1716 570 καὶ
1747 511 1893 584 άπερ
1944 506 2015 582 ἦν

2139 509 2240 565 llos
2268 510 2377 579 pati
2404 520 2523 567 erat
2545 509 2859 578 verisimile,
2879 510 2995 582 ipse
3017 510 3197 581 potius
3219 510 3537 567 sustinebat.
3562 512 3701 570 Nam

425 608 670 671 ἐκείνους
702 608 936 679 πάσχειν
978 608 1126 671 είκδς
1176 606 1339 669 αὐτὸς
1390 606 1656 674 ὑφίστατο
1691 604 1914 676 μᾶλλον.
1948 604 2012 656 Οί

431 699 533 770 μὲν
603 700 713 770 γὰρ
760 700 945 763 αὐτοῖς
976 698 1106 753 ποσὶ
1157 697 1296 769 πρὸς
1332 696 1395 749 τὸ
1429 696 1809 767 δεσμωτήριον
1844 695 2013 747 ἐπαν-

426 791 616 864 ῄεσαν,
672 791 885 845 ἐκείνου
921 790 1303 854 κελεύσαντος.
1340 789 1401 844 '0
1438 789 1591 859 δὲ’τῇ
1624 789 1688 841 ἐκ
1712 788 1810 858 τῆς
1844 787 2017 857 ἥττης

425 881 661 955 αἰσχύνῃ
683 883 779 935 καὶ
806 881 1016 953 ἀθυμίᾳ
1040 880 1380 952 λιποψυχῶν,
1415 880 1510 933 καὶ
1541 879 1647 932 ὑπὸ
1676 878 1860 950 χειρὸς
1885 877 2017 930 πολ-

426 976 528 1045 λῆς
553 975 1075 1045 διαϐασταζόμενος,
1123 974 1299 1039 οὕτως
1324 973 1569 1047 αἰσχρῶς
1609 973 1890 1043 ὑπεχώρει
1920 969 2015 1023 τοῦ

425 1067 755 1139 τυραννικοῦ
791 1067 1058 1139 βήματος.
1093 1066 1313 1132 Μεταξὺ
1350 1066 1407 1120 δὲ
1439 1066 1578 1137 πρὸς
1623 1065 1721 1134 τὴν
1769 1063 2019 1135 φυλακήν

428 1160 538 1213 τῶν
575 1158 748 1226 ἁγίων
808 1159 1196 1230 πορευομένων
1247 1159 1617 1212 ἐκπίπτουσαι
1666 1156 1764 1209 σὺν
1821 1156 2017 1225 αἵματι

426 1251 636 1306 τούτων
682 1250 741 1303 αἱ
793 1251 1023 1323 σάρκες,
1079 1250 1303 1323 τρέχειν
1366 1250 1750 1321 ἁπανταχόθεν
1784 1250 1877 1301 ἐπὶ
1917 1249 2017 1319 τὴν

430 1342 699 1416 συλλογὴν
727 1343 909 1397 αὐτῶν
929 1344 1055 1407 τοὺς
1086 1344 1335 1409 πιστοὺς,
1369 1343 1446 1405 ὡς
1473 1341 1567 1395 ἐπί
1587 1358 1710 1395 τινα
1742 1339 2020 1411 θησαυρὸν

428 1432 671 1502 ἀγαθῶν,
699 1433 1140 1504 παρεσκεύαζον.
1167 1434 1384 1504 Ἀσπερ
1406 1433 1482 1497 ὡς
1512 1430 1659 1505 εἶχον
1692 1430 1854 1494 εὐθὺς
1878 1428 2017 1501 αὐτῇ

429 1525 578 1580 κόνει
600 1524 866 1596 διψώσαις
894 1526 1086 1597 ῶσπερ
1113 1527 1302 1599 χερσὶν
1323 1526 1733 1600 ἀναιρούμενοι,
1766 1523 2020 1593 εὐλογίαν

431 1616 768 1672 ἐπισπᾶσθαί
795 1636 935 1672 τιναπ
955 1620 1050 1672 καὶ
1079 1619 1240 1691 χάριν
1279 1620 1588 1674 ἐπίστευον.

506 1760 629 1817 (ιε’.
665 1760 821 1813 Ἐπεὶ
850 1761 908 1814 δὲ
942 1762 1121 1815 πάντα
1150 1759 1338 1831 φόϐον,
1368 1762 1461 1815 καὶ
1493 1763 1710 1832 πεῖραν,
1734 1761 1830 1815 καὶ
1860 1759 2015 1828 σοφί-

432 1872 638 1927 σματα,
679 1854 774 1907 καὶ
799 1854 1174 1924 τεχνάσματα,
1212 1855 1308 1913 καὶ
1357 1853 1699 1924 μαγγανείας
1732 1850 2017 1922 Σακερδὼς

2119 599 2157 655 ii
2193 601 2435 670 quidem,
2462 617 2585 657 cum
2611 602 2700 659 ille
2723 602 3001 673 jussisset,
3027 603 3141 659 suis
3166 604 3393 675 pedibus
3426 605 3706 663 redierunt

2121 692 2175 745 in
2211 707 2510 748 carcerem.
2552 693 2647 748 Ille
2679 704 2859 748 autem
2903 710 3027 750 cum
3057 710 3124 751 ex
3161 697 3367 768 pudore
3395 706 3449 752 et
3479 698 3704 767 agritu-

2119 784 2246 839 dine
2273 785 2416 854 quod
2450 784 2784 852 vinceretur,
2810 786 3150 858 linqueretur
3177 788 3360 844 animo
3387 831 3402 856 ,
3431 802 3485 844 et
3518 789 3701 846 multis

2120 888 2432 949 portaretur
2472 880 2744 946 manibus,
2803 881 3035 949 turpiter
3078 884 3303 938 recessit
3352 899 3382 937 a
3422 884 3706 956 tyrannico

2122 971 2402 1028 tribunali.
2435 972 2659 1027 Interim
2692 983 2871 1029 autem
2896 977 3023 1030 dum
3057 978 3230 1033 sancti
3256 978 3401 1032 irent
3426 980 3480 1033 in
3512 994 3705 1034 carce-

2121 1077 2259 1127 rem,
2288 1078 2481 1119 carnes
2510 1080 2631 1134 qua:
2660 1066 2741 1121 eis
2768 1066 3091 1122 decidebant
3120 1084 3241 1123 cum
3266 1071 3549 1139 sanguine,
3578 1071 3710 1126 ειπε-

2122 1164 2316 1210 cerunt
2346 1165 2405 1210 ut
2433 1157 2618 1212 ﬁdeles
2644 1158 2883 1229 undique
2908 1159 2975 1214 ad
3001 1175 3095 1215 cas
3122 1161 3454 1230 colligendas
3483 1178 3711 1217 concur-

2125 1255 2307 1299 rerent
2329 1286 2344 1311 ,
2373 1255 2633 1316 tanquam
2661 1249 2726 1301 ad
2760 1249 3050 1317 quemdam
3078 1250 3391 1304 thesaurum
3419 1250 3706 1307 bonorum.

2120 1334 2265 1402 Quas
2315 1339 2532 1407 quidem
2592 1342 2778 1397 statim
2826 1357 2951 1397 cum
3004 1342 3122 1411 ipso
3176 1344 3400 1414 pulvere
3459 1346 3712 1401 tollentes

2122 1429 2429 1486 sitientibus
2462 1432 2738 1500 manibus,
2771 1434 3069 1490 credebant
3108 1450 3170 1490 se
3202 1439 3495 1507 quamdam
3544 1439 3715 1495 bene-

2122 1521 2415 1578 dictionem
2447 1527 2727 1582 attrahere
2759 1534 2816 1582 et
2845 1527 3100 1599 gratiam.

2194 1754 2406 1811 LXXV.
2426 1756 2717 1828 PoSanam
2740 1773 2872 1814 vero
2903 1758 3171 1817 Sacerdos
3191 1764 3337 1816 omni
3362 1774 3509 1820 metu
3540 1764 3714 1822 inter.-

2127 1856 2258 1914 tato,
2292 1849 2643 1921 adhibitaqne
2666 1853 2813 1906 omni
2837 1855 3195 1923 experientia.
3231 1856 3549 1927 callidisque
3567 1875 3715 1916 com-

429 1946 671 2017 ἐνεγκὼν
696 1945 977 2015 ἄπρακτος
1017 1941 1088 2018 ἦν
1122 1946 1219 2001 καὶ⁸
1243 1946 1530 2018 ἀνήνυτος,
1552 1946 1647 2000 καὶ
1679 1943 1840 1998 τοῦτο
1870 1943 1934 2014 δὴ
1960 1942 2020 1997 τὸ

2136 1942 2323 1995 mentis
2343 1942 2695 2012 artiliciisque
2721 1953 2776 1998 et
2804 1945 3111 2015 praestigiis,
3134 1948 3266 2002 nihil
3292 1949 3711 2016 potuitellicere,

429 2041 525 2095 τοῦ
553 2040 713 2108 λόγου
742 2041 821 2103 είς
849 2039 1083 2110 οὐρανὸν
1122 2039 1366 2104 τοξεύειν
1397 2038 1713 2110 ἐπιχειρῶν,
1743 2037 2024 2108 Μαξιμια-

428 2136 519 2196 Vb;
548 2132 724 2186 ταῦτα
766 2129 977 2201 μαθὼν,
1025 2132 1119 2184 καὶ
1171 2132 1383 2185 πλατὺν
1410 2131 1505 2184 τοῦ
1542 2130 1892 2202 Σακερδῶτος
1925 2132 2021 2199 γέ-

428 2224 576 2278 λωτα
597 2221 870 2292 καταχέας
893 2262 909 2289 ,
945 2217 1116 2286 Οὗτός
1144 2225 1261 2276 ἐστι
1289 2222 1577 2294 Σακερδὼς
1599 2224 1628 2276 ὁ
1675 2222 1779 2275 ὑπὸ
1806 2222 2023 2277 πάντων

432 2314 714 2386 ᾀδόμενος,
744 2314 870 2383 ἔφη.
925 2312 1179 2383 Μάξιμος
1199 2312 1243 2364 δ’
1268 2308 1335 2384 ἦν
1367 2330 1451 2375 τις
1486 2312 1583 2371 καὶ
1610 2312 1772 2376 αὐτὸς
1801 2311 2024 2382 ἡγεμὼν

429 2404 738 2472 τηνικαῦτα
778 2403 1070 2472 παρεστὼς
1105 2402 1458 2474 Μαξιμιανῷ,
1513 2405 1606 2457 καὶ
1654 2402 1765 2456 τῶν
1794 2401 2025 2471 λεγομέ-

430 2513 540 2550 νων
570 2495 809 2560 ἁκούων,
837 2495 1003 2566 ζήλου
1030 2494 1175 2549 κατὰ
1201 2493 1310 2548 τῶν
1334 2495 1505 2563 ἁγίων
1549 2496 1647 2567 τὴν
1671 2493 1849 2565 ψυχὴν
1888 2494 2025 2547 ὑπο-

430 2588 748 2660 πίμπλαται
771 2604 784 2618 ·
817 2588 1022 2659 Δέομαι
1054 2587 1149 2642 τοῦ
1188 2586 1282 2641 σοῦ
1310 2588 1568 2659 κράτους,
1597 2588 1723 2659 ἔφη.
1777 2586 2024 2658 βασιλεῦ,

433 2681 574 2735 ὥστε
609 2680 783 2751 κάμοὶ
806 2679 933 2744 τοὺς
966 2679 1169 2749 ἄνδρας
1198 2680 1426 2742 τούτους
1465 2679 1898 2751 ἐγχειρισθῆναι,
1931 2680 2027 2733 καὶ

435 2772 617 2836 αὑτοῖς
661 2771 899 2824 πέποιθα
930 2773 1043 2833 τοῖς
1082 2770 1361 2840 μεγίστοις
1393 2771 1555 2834 θεοῖς.
1594 2772 1669 2835 ὡς
1700 2771 1733 2843 ἢ
1769 2770 2029 2840 μεταπεί-

440 2881 518 2917 σω
537 2864 773 2927 πάντως,
796 2864 830 2936 ἢ
849 2863 1034 2919 κακῶς
1052 2862 1251 2939 αὐτοὺς
1280 2862 1574 2928 ἀπαλλάξω
1601 2860 1696 2915 τοῦ
1714 2863 1833 2932 ζῇν.
1850 2860 1966 2930 Ἐφ’
1984 2855 2028 2930 ᾧ

439 2956 879 3021 κατανεύσαντος
917 2955 1289 3027 Μαξιμιανοῦ,
1322 2954 1511 3025 ὄγδοος
1540 2955 1705 3017 αὐτὸς
1735 2955 1862 3018 τοὺς
1891 2954 2031 3026 μάρ·

434 3068 608 3124 τυρας
636 3051 967 3122 διαδέχεται,
1012 3050 1108 3103 καί
1158 3067 1212 3102 τι
1247 3049 1436 3103 καινὸν
1466 3048 1588 3103 κατ’
1622 3047 1805 3102 αὐτῶν
1837 3047 2030 3102 πλέκει

440 3142 767 3213 μηχάνημα,
788 3143 852 3194 ἐκ
879 3139 1290 3211 διαλειμμάτων
1320 3139 1457 3209 πρὸς
1477 3137 1675 3202 αὐτοὺς
1696 3140 1791 3200 τὰς
1810 3136 2031 3207 ὁμιλίας

437 3233 786 3305 ποιούμενος,
822 3233 918 3287 καὶ
942 3230 1247 3302 σύμϐουλος
1279 3229 1486 3300 ἀληθὴς
1515 3225 1658 3283 εἷναι
1688 3233 1800 3292 τοῖς
1854 3230 2031 3299 ἁγίοις

435 3328 533 3383 καὶ
560 3327 715 3399 φίλος
747 3326 1198 3397 ὑποκρινόμενος.
1243 3323 1597 3396 Ἐντυγχάνει
1652 3325 1754 3393 μὲν
1792 3323 1902 3397 γὰρ
1927 3325 2028 3377 αύ-
2057 3308 2103 3370 C

436 3422 551 3483 τοῖς
579 3419 644 3474 τὸ
680 3418 898 3488 πρῶτον
944 3418 1015 3472 τὰ
1059 3417 1250 3487 φιλικά
1279 3416 1445 3487 δῆθεν
1479 3415 1706 3487 ὁμιλῶν,
1741 3417 1834 3470 καὶ
1885 3416 2025 3487 πρὸς

436 3512 636 3583 ἡδονὴν
660 3511 755 3566 καὶ
777 3511 936 3582 χάριν
955 3509 1340 3580 διαλεγόμενος
1358 3527 1372 3541 ·
1402 3509 1527 3579 ἑξῆς
1548 3508 1604 3562 δὲ
1627 3508 1790 3563 πάλιν
1817 3509 1920 3578 ήμέ
1929 3526 2031 3581 ρας

435 3605 839 3675 διαλιμπάνων,
873 3605 955 3667 εἰς
1000 3603 1176 3672 λόγων
1230 3604 1433 3667 αὐτοὺς
1467 3604 1759 3657 κοινωνίαν
1814 3602 2027 3664 ἐκάλει,

440 3697 537 3749 καὶ⁴
597 3696 915 3750 ὑποτιθέναι
956 3697 1050 3749 καὶ
1108 3694 1503 3765 συμϐουλεύειν
1552 3695 1758 3757 αὐτοῖς,
1819 3692 1934 3746 ἀλλ’
1965 3692 2027 3746 ού

443 3786 730 3859 βιάζεσθαι
775 3788 837 3841 τὸ
866 3788 1133 3859 παράπαν
1162 3787 1283 3841 οὐδὲ
1307 3785 1642 3856 ἀναγκάζειν
1667 3785 1850 3857 ἐῴκει.
1906 3846 1913 3853 ,

514 4123 651 4195 οςν.
686 4124 894 4195 Χρόνου
938 4121 993 4176 δέ
1016 4122 1199 4183 αὐτοῖς
1229 4120 1373 4175 οὕτω
1404 4120 1601 4190 συχνοῦ
1624 4117 2033 4188 διαγενομένου,

443 4216 515 4271 τὰ
557 4217 655 4286 τῆς
710 4216 926 4285 ἀπάτης
962 4213 1039 4286 τῷ
1096 4213 1336 4284 Μαξίμῳ
1372 4212 1560 4281 σαφῶς
1612 4211 1894 4282 ἠλέγχετο,
1940 4212 2036 4264 καὶ

444 4310 689 4379 φανεράν
712 4307 810 4378 τὴν
839 4306 1021 4361 αἰτίαν
1049 4305 1226 4359 ἐποίει
1271 4307 1372 4377 τῆς
1404 4305 1631 4373 δολερᾶς
1665 4304 1882 4374 ἐκείνης
1933 4305 2031 4357 καὶ

443 4402 815 4473 προσποιήτου
885 4398 1090 4469 φιλίας.
1162 4398 1688 4469 Προσκαλεσάμενος
1743 4397 1855 4468 γὰρ
1909 4397 2037 4461 τοὺς

447 4494 637 4562 ἁγίους
660 4534 675 4559 ,
706 4493 966 4563 Χαίρετε.
1002 4491 1129 4561 ἔφη,
1169 4484 1215 4545 ὧ
1249 4490 1550 4560 ἄνθρωποι,
1596 4488 1691 4554 οὒς
1731 4489 1947 4559 φιλοῦσί
1975 4506 2035 4543 τε

446 4585 648 4654 ὁμοίως
687 4585 735 4636 οἱ
776 4584 1033 4637 ἀθάνατοι
1086 4582 1219 4646 θεοὶ,
1277 4583 1373 4633 καὶ
1402 4581 1748 4652 ἀμφοτέρους
1776 4582 1835 4634 ἐν
1868 4580 2038 4652 μοίρᾳ

447 4677 688 4747 γνησίων
717 4675 901 4745 ἔχουσι
932 4674 1141 4727 παίδων
1166 4689 1178 4703 ·
1226 4672 1490 4735 πολλάκις
1516 4672 1625 4743 γάρ
1661 4689 1753 4740 μοι
1781 4673 1877 4725 καὶ
1903 4690 2039 4742 χρη-

2128 2033 2246 2099 sed,
2274 2044 2329 2087 ut
2348 2034 2570 2098 dicitur,
2590 2037 2643 2088 in
2660 2035 2858 2091 caelum
2880 2049 2956 2092 est
2979 2037 3273 2108 jaculatus,
3292 2049 3346 2093 et
3367 2041 3477 2095 lucc
3496 2043 3716 2098 rescivit

2131 2125 2517 2192 Maximianus,
2553 2139 2609 2183 et
2639 2130 2807 2182 risum
2836 2131 3075 2201 profudit
3105 2132 3160 2186 in
3190 2133 3575 2188 Sacerdotem:
3615 2134 3716 2191 llic

2126 2226 2212 2273 est
2257 2219 2548 2286 Sacerdos,
2577 2222 2772 2289 inquit,
2819 2223 2910 2292 qui
2946 2222 3269 2277 deeantatur
3309 2224 3378 2279 ab
3414 2225 3710 2281 omnibus!

2129 2309 2397 2365 Maximus
2435 2327 2566 2382 ergo
2610 2315 2855 2384 quidam,
2889 2315 2980 2391 qui
3033 2316 3145 2384 ipse
3179 2330 3395 2386 quoque
3433 2325 3552 2371 erat
3579 2319 3713 2382 dux,

2130 2418 2253 2457 cum
2287 2412 2433 2459 esset
2459 2406 2603 2477 apud
2633 2406 3044 2475 Maximianum,
3080 2419 3135 2463 et
3167 2409 3381 2464 audiret
3414 2426 3534 2480 quae
3563 2411 3717 2466 dice-

2130 2494 2369 2561 bantur,
2424 2497 2684 2568 impletur
2746 2500 2984 2570 quodam
3045 2501 3214 2555 animi
3278 2501 3396 2557 zelo
3456 2491 3719 2559 adversus

2132 2599 2375 2654 Sanctos,
2403 2598 2455 2645 et
2478 2631 2495 2656 ,
2530 2589 2699 2661 Rogo,
2727 2592 2925 2662 inquit,
2955 2608 2987 2647 ο
3013 2592 3329 2663 imperator,
3353 2603 3497 2647 tuam
3529 2604 3721 2663 poten-

2137 2681 2289 2745 tiam,
2322 2692 2380 2745 ut
2401 2681 2438 2735 ii
2472 2684 2576 2737 viri
2603 2684 2730 2738 mihi
2760 2699 2974 2754 quoque
3011 2688 3296 2739 tradantur
3326 2688 3379 2739 in
3410 2700 3628 2740 manus.
3655 2686 3717 2740 In

2135 2774 2388 2829 maximis
2434 2775 2581 2830 enim
2630 2776 2735 2831 diis
2783 2775 2959 2831 habeo
3002 2777 3290 2840 ﬁduciam,
3323 2778 3468 2845 quod
3514 2777 3597 2831 vel
3636 2779 3719 2833 eis

2134 2862 2470 2934 persuadebo
2493 2904 2509 2929 ,
2539 2873 2597 2919 ut
2629 2874 2841 2920 mutent
2872 2866 3097 2921 omnino
3125 2870 3476 2935 sententiam,
3510 2869 3597 2925 vel
3636 2870 3720 2924 eis

2137 2954 2274 3010 male
2323 2956 2491 3010 vitam
2539 2957 2797 3012 adimam.
2847 2956 3209 3024 Quamobrem
3258 2974 3381 3014 cum
3437 2961 3724 3017 annuisset

2133 3047 2523 3113 Maximianus,
2559 3058 2790 3105 octavus
2815 3050 2930 3120 ipse
2961 3051 3186 3122 suscipit
3213 3062 3503 3123 martyres.
3535 3063 3586 3108 et
3620 3069 3720 3107 no.

2136 3155 2261 3194 vum
2286 3141 2413 3210 quid
2445 3142 2500 3195 in
2535 3142 2682 3211 ipsos
2700 3143 3077 3211 machinatur,
3101 3153 3160 3199 ut
3195 3145 3287 3215 qui
3321 3144 3605 3214 interiecto
3624 3145 3722 3198 ali-

2138 3246 2245 3300 quo
2276 3233 2537 3304 temporis
2573 3233 2855 3290 intervallo
2887 3248 3009 3290 eum
3038 3234 3174 3306 ipsis
3211 3235 3639 3305 colloqueretur,
3665 3244 3724 3289 ct

2137 3344 2198 3387 se
2234 3329 2444 3385 sanctis
2487 3346 2673 3386 verum
2712 3340 2774 3388 et
2810 3332 3046 3388 amicum
3089 3333 3218 3388 dare
3271 3332 3502 3403 ﬁngeret
3534 3332 3726 3387 consi-

2139 3422 2291 3481 lium.
2321 3422 2461 3479 Nam
2516 3438 2616 3479 eos
2643 3425 2861 3496 quidem
2903 3425 3141 3495 primum
3185 3426 3501 3496 alloquitur,
3550 3425 3726 3501 amice

2137 3516 2536 3582 sermocinans,
2562 3526 2621 3572 et
2656 3533 2777 3586 qua:
2812 3517 3049 3584 jucunda
3077 3527 3132 3572 et
3169 3528 3324 3587 grata
3360 3525 3565 3581 essent,
3599 3532 3723 3571 cuna

2138 3609 2219 3663 eis
2264 3608 2565 3664 disserens.
2601 3609 2866 3679 Deinceps
2898 3624 3028 3664 vero
3057 3609 3265 3678 aliquot
3306 3623 3499 3663 rursus
3535 3607 3726 3663 diebus

2138 3699 2460 3767 interiectis,
2489 3715 2583 3755 eos
2609 3701 2676 3753 ad
2704 3715 3012 3756 sermonem
3045 3702 3439 3757 conferendum
3468 3701 3723 3766 vocabat,

2136 3806 2343 3862 eosque
2386 3792 2683 3846 admonere
2711 3800 2768 3845 et
2811 3792 2893 3847 eis
2930 3794 3250 3860 consulere,
3284 3808 3387 3848 non
3420 3802 3599 3848 autem
3642 3792 3725 3848 eis

2138 3884 2365 3939 omnino
2420 3884 2528 3938 vim
2583 3880 2814 3950 aﬂ'crre,
2878 3899 3054 3956 neque
3110 3901 3206 3942 eos
3260 3900 3459 3958 cogere
3506 3884 3724 3940 videba-

2143 3984 2252 4029 tur.

2214 4134 2457 4191 LXXVI.
2486 4139 2619 4192 Cum
2648 4150 2774 4191 vero
2802 4137 2881 4192 sic
2908 4136 3133 4192 multum
3176 4140 3435 4208 temporis
3468 4140 3732 4195 interces-

2139 4230 2323 4295 sisset,
2344 4230 2495 4286 fraus
2509 4230 2729 4284 Maximi
2750 4241 2933 4300 aperte
2950 4233 3296 4301 arguebatur,
3316 4241 3368 4284 et
3387 4233 3731 4301 aperiebatur

2143 4339 2308 4380 causa
2376 4324 2522 4378 illius
2588 4323 2963 4379 fraudulentite
3012 4332 3068 4378 ct
3116 4324 3389 4379 simulatae
3445 4326 3723 4382 amicitim.

2142 4413 2276 4469 Nam
2304 4430 2426 4469 cum
2455 4425 2676 4469 sanctos
2696 4413 3019 4470 advocassct
3043 4432 3057 4469 :
3081 4412 3321 4480 Salvete,
3347 4414 3541 4483 inquit,
3572 4431 3604 4470 ο
3630 4418 3729 4472 ho-

2144 4508 2339 4568 mines,
2376 4521 2511 4576 quos
2542 4505 2793 4560 similiter
2821 4516 3005 4560 amant
3031 4507 3102 4560 dii
3137 4505 3492 4567 immortales,
3528 4518 3582 4561 et
3611 4524 3731 4563 am-

2143 4596 2241 4651 bos
2276 4597 2480 4651 habent
2516 4595 2634 4657 loco
2670 4611 3054 4665 germanorum
3090 4595 3343 4650 ﬁliorum.
3395 4597 3550 4668 Saepe
3580 4601 3727 4654 enim

2145 4690 2279 4745 mihi
2321 4699 2376 4745 et
2416 4707 2675 4760 responsa
2713 4692 3014 4756 dederunt,
3045 4699 3098 4744 et
3130 4691 3182 4743 in
3218 4691 3425 4746 somnis
3456 4708 3729 4761 apparue-

450 4771 622 4840 σμοὺς
646 4765 825 4835 εἷπον,
852 4770 948 4821 καὶ
994 4771 1050 4821 ἐν
1079 4766 1233 4837 ὕπνῳ
1265 4766 1563 4835 ἐφοίτησαν
1592 4766 1691 4834 τῆς
1729 4764 1852 4818 καθ’
1879 4765 2030 4835 ὑμῶν

2147 4792 2292 4846 runt,
2319 4783 2454 4837 iram
2487 4784 2538 4837 in
2566 4782 3064 4852 vost'epritnentes,
3092 4782 3233 4835 nulla
3260 4782 3475 4852 quidem
3505 4784 3731 4837 omnino

447 4862 619 4933 ὀργῆς
640 4861 1081 4924 ἀναστέλλοντες,
1124 4858 1311 4929 ἐτέρου
1346 4858 1445 4928 μὲν
1482 4857 1697 4920 πάντως
1728 4856 1914 4909 ἕνεκεν
1942 4856 2037 4909 ού-

446 4954 633 5020 δενδς,
683 4953 801 5007 ἀλλ’
854 4953 889 5024 ἢ
919 4953 1017 5023 τὴν
1072 4951 1345 5021 ὑμετέραν
1399 4949 1726 5019 αὐθαίρετον
1781 4947 2037 5017 γενέσθαι

454 5046 760 5120 μεταϐολὴν
789 5045 1172 5116 ἀναμένοντες,
1201 5044 1325 5113 ἥτις
1355 5043 1527 5113 δήπου
1558 5042 1698 5111 μετὰ
1723 5041 1919 5114 μικρὸν
1945 5040 2040 5094 καὶ

452 5139 594 5212 αὑτὴ
621 5147 923 5210 παρέσται,
961 5138 1035 5201 ὡς
1068 5137 1192 5207 ἐμοὶ
1232 5136 1364 5205 γοῦν
1405 5135 1506 5206 τῆς
1542 5134 1923 5205 παρελθούσης
1948 5151 2041 5186 νυ-

450 5232 580 5296 κτδς
602 5234 631 5286 6
658 5232 831 5301 μέγας
858 5233 917 5283 ἐν
947 5229 1086 5291 θεοῖς
1112 5228 1517 5297 παρεγύμνωσε
1556 5226 1867 5291 Διονύσιος,
1902 5228 2040 5298 Φέρε

451 5326 579 5387 τοὺς
607 5323 829 5393 ἄνδρας,
862 5322 997 5393 πρὸς
1023 5321 1171 5391 ἡμᾶς
1197 5319 1531 5388 ἐπισκήψας.
1590 5318 1721 5372 Ἰδοὺ
1743 5318 1925 5372 τοίνυν
1944 5318 2039 5371 καὶ

454 5415 638 5487 βωμὸς
660 5415 953 5485 εὐτρεπὴς,
976 5414 1070 5466 καὶ
1085 5412 1156 5465 τὰ
1178 5412 1286 5465 τῶν
1337 5410 1539 5463 θυσιῶν
1566 5409 2038 5479 παρεσκεύασται⁶

454 5508 610 5560 θύετε
644 5504 1036 5576 προσελθόντες
1058 5506 1126 5575 τῇ
1158 5502 1341 5556 αὐτῶν
1376 5501 1656 5573 εὐμενείᾳ.
1694 5500 1834 5572 Πρὸς
1864 5501 2041 5556 ταῦτα

455 5599 823 5663 ὑπολαϐόντες
847 5601 896 5651 οἱ
922 5599 1069 5666 ἆγιοι
1092 5636 1107 5663 ,
1148 5596 1425 5667 Φανερῶς,
1458 5588 1503 5649 ὦ
1546 5594 1798 5660 δικαστά,
1828 5594 2040 5665 διεψεύ-

458 5711 559 5758 σω,
584 5690 761 5757 εἷπον,
794 5691 890 5747 καὶ
915 5692 1195 5754 ἀπιθάνως
1217 5706 1229 5720 ·
1251 5690 1352 5743 ὅσα
1376 5689 1486 5761 γὰρ
1502 5689 1716 5759 ἡμέρας
1752 5706 1834 5743 σοι
1866 5706 2040 5759 προσ-

458 5787 791 5854 φθέγγονται
819 5787 871 5844 οἱ
898 5786 1010 5838 θεοί
1045 5802 1163 5849 σου,
1187 5784 1423 5838 τοσαῦτα
1454 5786 1669 5847 πάντως
1692 5784 1787 5838 καὶ
1824 5786 1883 5837 ἐν
1905 5784 2045 5848 νυξί.

460 5880 621 5942 ﬂcio;
647 5878 703 5933 δέ
737 5895 819 5932 σοι
853 5880 947 5931 καὶ
991 5876 1241 5949 παρέστη
1290 5875 1607 5944 Διονύσιος;
1659 5875 1880 5941 διπλοῦς
1910 5877 2043 5951 γὰρ,

2146 4873 2250 4927 alia
2282 4874 2347 4928 de
2382 4889 2569 4939 causa,
2602 4875 2704 4929 nisi
2738 4875 2879 4944 quod
2919 4885 3239 4944 exspectant
3272 4884 3505 4929 vestram
3538 4888 3732 4944 sponte

2145 4964 2386 5020 futuram
2415 4967 2793 5036 mutationem,
2818 4984 2937 5037 qua:
2965 4967 3181 5038 quidem
3209 4968 3367 5036 paulo
3393 4977 3513 5039 post
3534 4969 3730 5035 aderit,

2147 5064 2205 5109 ut
2236 5056 2366 5110 mihi
2408 5067 2556 5112 certe
2596 5060 2869 5127 prmterita
2919 5070 3079 5115 nocte
3131 5076 3360 5130 ntagnus
3409 5060 3550 5116 inter
3596 5061 3729 5117 deos

2148 5150 2358 5217 aperuit
2382 5149 2690 5222 Dionysius,
2719 5161 2779 5206 ut
2803 5151 2895 5222 qni
2925 5152 3081 5215 nobis
3107 5153 3469 5217 mandaverit,
3500 5152 3728 5207 dicens:

2147 5240 2339 5298 Adduc
2368 5244 2533 5298 viros.
2570 5243 2709 5299 Ecce
2740 5259 2869 5310 ergo
2898 5253 2953 5299 et
2984 5259 3077 5299 ara
3104 5250 3185 5300 est
3216 5254 3426 5316 parata,
3451 5253 3506 5299 et
3539 5252 3731 5314 parata

2149 5338 2269 5384 sunt
2310 5330 2578 5385 sacriﬁcia
2610 5349 2623 5384 :
2666 5333 2945 5399 accedite,
2975 5342 3030 5387 et
3064 5334 3372 5390 sacriﬁcate
3408 5349 3597 5388 eorum
3632 5334 3732 5389 be-

2150 5416 2488 5475 nevolentiae.
2527 5417 2607 5473 Ad
2644 5419 2758 5474 haec
2790 5422 2964 5476 sancti
3004 5424 3394 5492 reSpondcntes
3428 5440 3439 5474 :
3472 5421 3692 5477 Falsum
3713 5461 3732 5488 ,

2147 5525 2179 5562 o
2205 5509 2392 5580 iudex,
2424 5523 2610 5579 aperte
2634 5510 2839 5576 dixisti,
2866 5521 2920 5566 et
2954 5513 3175 5569 minime
3193 5513 3565 5582 probabiliter.
3596 5512 3732 5569 Nam

2150 5614 2268 5668 qua:
2290 5598 2528 5653 interdiu
2558 5600 2631 5655 tui
2669 5601 2762 5655 tibi
2788 5601 2860 5655 dii
2892 5602 3290 5673 loquuntur,ea
3321 5606 3541 5658 onmino
3572 5614 3736 5659 noctu

2151 5707 2388 5762 quoque.
2440 5692 2703 5760 Quisnam
2749 5694 2895 5749 enim
2935 5694 3090 5751 adest
3153 5695 3249 5750 tibi
3297 5695 3621 5763 Dionysius?
3685 5697 3740 5750 Is

2153 5784 2297 5839 enim
2331 5795 2419 5839 est
2452 5784 2673 5854 duplex,
2706 5795 2764 5839 ut
2797 5787 3043 5846 videmus
3071 5802 3085 5840 :
3114 5793 3207 5841 aut
3233 5802 3523 5857 queinnam
3561 5786 3740 5840 nomi-

2157 5893 2254 5936 uas
2281 5892 2347 5935 ex
2384 5877 2469 5935 his
2504 5876 2909 5936 immortalem?
2950 5894 3234 5936 :encunme
3257 5919 3271 5945 ,
3327 5896 3393 5933 an
3427 5874 3742 5949 lapideum?
