4116 6406
451 407 557 467 δτθ

1649 388 1927 449 MENSIS
1966 386 2420 447 JANUARIUS.

3595 393 3704 456 880

443 520 576 572 Nam
621 518 665 570 si
692 531 813 571 eum
854 514 1023 576 dicis,
1061 512 1152 580 qui
1198 516 1413 564 constat
1446 523 1509 559 ex
1554 503 1763 573 lapide.
1817 499 2019 555 videbis

2128 497 2201 557 ὡς
2238 495 2475 564 δρῶμεν,
2507 490 2662 559 οὗτος
2686 513 2699 527 ·
2754 496 2786 567 ἢ
2821 497 2940 549 τίνα
2970 497 3158 551 τοῦτον
3198 498 3464 550 ἀθάνατον
3504 501 3704 568 ὀνομά-

443 611 602 680 pnnlo
628 619 744 677 post
775 609 916 661 hunc
959 605 1051 659 tibi
1087 602 1247 657 deum
1276 598 1636 653 immortalem
1665 594 1747 649 vel
1795 592 2013 646 cenl'ra-

444 714 608 765 ctum,
648 700 728 754 vel
763 698 1021 768 injectum
1054 697 1106 749 in
1137 693 1446 757 aediﬁcium,
1481 690 1563 744 vel
1590 698 1836 743 exustum
1874 695 1927 739 et
1961 685 2012 739 in

444 795 646 848 calcem
706 797 1146 845 transmutatum.
1213 785 1366 852 Quod
1422 783 1466 838 si
1526 794 1701 836 tecum
1762 778 2016 832 disseruit

443 899 642 943 aeneus.
678 884 723 937 is
748 897 965 951 quoque
989 880 1098 934 cito
1124 879 1344 948 pulchre
1368 875 1625 930 Iundetur
1646 873 1699 927 in
1730 886 1875 935 vasa,
1898 882 2015 938 quae

443 975 760 1029 deserviunt
828 972 1184 1034 ministeriis,
1257 966 1528 1038 quomodo
1597 962 2017 1030 unumquodque

444 1078 631 1119 eorum
671 1079 800 1117 usus
837 1061 1099 1131 exegerit.
1141 1061 1273 1114 Cum
1325 1060 1440 1113 haec
1495 1055 1666 1111 sancti
1711 1052 2016 1118 respondis-

444 1166 599 1216 sent.
637 1165 693 1209 et
718 1154 1058 1224 cognovisset
1084 1150 1346 1205 Maximus
1384 1148 1513 1202 nihil
1556 1146 1656 1203 sibi
1705 1146 1849 1199 aliud
1887 1159 2012 1213 pro-

447 1248 618 1305 fuisse
672 1248 898 1302 omnino
949 1245 1349 1301 simulationem
1408 1244 1556 1296 illam
1602 1250 1658 1295 et
1709 1240 2012 1300 ﬁctionem,

447 1353 607 1409 quam
652 1337 796 1407 quod
840 1335 952 1390 suis
989 1333 1093 1389 diis
1135 1331 1309 1388 labem
1338 1342 1392 1386 et
1435 1330 1700 1386 maculam
1735 1327 2015 1387 inusserit,

446 1445 728 1499 personam
747 1427 1001 1494 deinceps
1016 1440 1219 1479 exuens
1242 1434 1427 1493 aperte
1444 1422 1685 1478 ostendit
1702 1419 2013 1481 Maximum,

446 1532 501 1573 et
530 1520 581 1573 id
611 1519 750 1586 quod
778 1525 915 1580 erat,
945 1516 1189 1585 protinus
1218 1513 1485 1584 apparuit.

2119 588 2230 650 ζεις
2257 606 2271 654 ;
2304 588 2395 639 τὸν
2424 589 2659 658 χαλκοῦν
2689 588 2720 660 ἦ
2752 591 2845 643 τὸν
2876 589 3111 652 λίθινονς
3152 592 3211 642 Εἰ
3251 592 3350 661 μὲν
3374 592 3481 658 γὰρ
3514 591 3603 643 τὸν
3642 594 3707 644 ἐκ

2118 678 2263 731 λίθυυ
2298 678 2500 745 λέγεις,
2529 679 2650 750 ὄψει
2684 681 2821 751 μετὰ
2854 680 3028 751 βραχὺ
3065 682 3156 734 τὸν
3181 682 3447 736 ἀθάνατόν
3474 699 3555 736 σοι
3584 682 3707 735 τοῦ·

2117 786 2208 821 τον
2238 768 2379 834 θεὺν,
2416 771 2448 840 ἦ
2477 771 2776 825 θλασθέντα
2801 772 2893 825 καὶ
2918 775 2996 833 είς
3030 772 3314 844 οἰκοδομὴν
3338 773 3704 844 ἐμϐληθέντα,

2123 860 2150 929 ἢ
2188 861 2531 916 ἐκκαυθέιτα
2573 864 2666 917 καὶ
2736 865 2815 928 είς
2863 864 3126 917 ἄσϐεστον
3165 865 3698 934 μετασκευασθέντα.

2120 954 2181 1005 Ei
2212 953 2267 1005 δὲ
2301 955 2393 1006 καὶ
2428 958 2455 1007 ὁ
2487 955 2724 1024 χαλκοῦς
2760 972 2841 1009 σοι
2893 956 3214 1021 διείλεκται,
3254 957 3446 1010 θᾶττον
3501 956 3566 1009 ἂν
3611 955 3708 1008 καὶ

2119 1046 2281 1109 αὐτὸς
2336 1050 2414 1108 εἰς
2448 1049 2757 1117 ὑπηρετικά
2805 1047 2974 1119 σκεύη
3037 1050 3225 1111 καλῶς
3275 1047 3705 1118 ἀναχωνευθείη,

2118 1138 2265 1199 ὅπως
2295 1138 2359 1190 ἂν
2386 1138 2618 1192 ἕκαστον
2648 1138 2828 1193 αὐτῶν
2846 1142 3050 1209 ἀπαιτῇ
3078 1140 3144 1192 τὰ
3161 1139 3260 1208 τῆς
3284 1138 3497 1210 χρείας.
3518 1137 3704 1191 Ταῦτα

2119 1230 2228 1283 τῶν
2246 1230 2414 1299 ἁγίων
2438 1230 2911 1302 ἀποκριναμένων,
2950 1232 3111 1300 γνοὺς
3132 1233 3161 1284 ὁ
3197 1227 3449 1298 Μάξιμος
3486 1230 3563 1293 ὡς
3592 1230 3703 1299 ἄρα

2119 1320 2275 1373 οὐδὲν
2323 1320 2510 1391 ἓτερον
2540 1321 2643 1390 τῆς
2672 1320 3016 1392 ὑποκρίσεως
3049 1320 3266 1391 ἐκείνης
3316 1318 3573 1374 ἀπώνατο
3612 1322 3705 1372 καὶ

2120 1409 2215 1464 τοῦ
2244 1410 2586 1479 πλάσματος,
2621 1410 2654 1480 ἦ
2687 1411 2812 1463 δσον
2864 1410 3056 1480 μῶμον
3108 1410 3546 1482 προστρίψασθαι
3583 1412 3699 1472 τοῖς

2121 1501 2343 1563 οἰκείοις
2391 1502 2553 1564 θεοῖς,
2587 1500 2746 1562 ἐκδὺς
2774 1500 2834 1553 τὸ
2858 1502 3203 1571 προσωπεῖον
3229 1499 3433 1562 λοιπὸν,
3469 1498 3704 1569 φανερὸν

2122 1594 2305 1656 αὑτοῖς
2331 1595 2503 1647 ἐποίει
2552 1594 2643 1646 τὸν
2692 1593 2982 1663 Μάξιμον,
3037 1594 3133 1646 καὶ
3178 1594 3317 1661 ὅπερ
3352 1586 3444 1662 ἦν,
3501 1593 3702 1655 εὐθέως

2123 1686 2395 1754 ἐφαίνετο.

526 1845 663 1901 LXX
675 1844 783 1900 VII.
805 1840 963 1897 Iubet
993 1843 1173 1910 itaque
1185 1841 1450 1897 obeliscos
1476 1842 1526 1895 in
1549 1854 1792 1896 extremo
1812 1851 2019 1910 acutos,

2201 1845 2321 1902 OZ'.
2355 1846 2583 1900 Κελεύει
2609 1846 2741 1915 γοῦν
2770 1846 3086 1909 ὀϐελίσκους
3130 1846 3192 1898 τὸ
3220 1848 3391 1915 ἄκρον
3434 1843 3575 1909 ὀξεῖς
3605 1862 3703 1898 πο-

448 1942 606 1999 unius
623 1938 773 2009 pedis
796 1936 1182 1995 magnitudine.
1208 1948 1443 2003 superne
1465 1935 1723 1989 habentes
1746 1932 2019 2003 cuspides,

446 2031 606 2100 deligi
634 2030 684 2083 in
726 2036 948 2089 terram,
982 2036 1038 2080 et
1066 2025 1126 2079 Β.
1163 2024 1499 2080 Clementem
1535 2026 1786 2093 supinum
1817 2026 2022 2081 acubus

450 2124 794 2192 impositum,
824 2118 1183 2173 crassissimis
1219 2116 1379 2187 lignis
1407 2116 1686 2171 verberari
1715 2117 2014 2172 vehemen-

450 2213 659 2269 tissime
687 2229 703 2265 :
733 2208 1103 2277 Agatbangelo
1133 2214 1313 2260 autem
1339 2205 1395 2259 in
1419 2212 1581 2273 caput
1602 2202 1812 2259 infundi
1840 2204 2017 2273 plum-

450 2306 575 2359 bum
620 2302 742 2370 igne
792 2297 1166 2369 liquefactum.
1193 2298 1331 2352 Cum
1376 2311 1507 2364 ergo
1546 2300 1733 2365 jussus
1764 2295 2019 2351 eﬂ‘ectum

448 2398 699 2453 celeriter
729 2392 1058 2465 accepisset,
1110 2393 1485 2464 magnanimus
1510 2392 1727 2462 quidem
1770 2390 2021 2447 Clemens

448 2498 505 2543 et
542 2489 595 2543 in
648 2499 865 2558 pectore
938 2499 1171 2556 superne
1224 2484 1567 2549 casdebatur,
1605 2492 1661 2538 et
1702 2482 1822 2553 ejus
1872 2493 2018 2552 terga

450 2577 661 2634 inferne
690 2576 943 2633 obeliscis
974 2575 1451 2643 transﬁgebantur.
1480 2573 1585 2630 Sed
1609 2588 1675 2630 ne
1695 2576 1775 2630 sic
1802 2575 2021 2644 quidem

450 2669 630 2725 anima
658 2667 786 2724 huic
804 2678 994 2722 sancto
1019 2665 1330 2721 discedebat
1348 2682 1378 2721 a
1405 2679 1650 2735 corpore.
1681 2664 1853 2720 Verax
1875 2666 2020 2722 enim

449 2768 569 2817 erat
610 2759 706 2826 qui
734 2757 913 2814 fuerat
952 2756 1226 2827 pollicitus
1248 2797 1265 2820 ,
1302 2765 1569 2812 tormenta
1599 2771 1725 2811 eum
1765 2769 1869 2811 non
1901 2770 2023 2811 esse

449 2860 794 2922 superatura,
817 2865 919 2907 nec
941 2850 1052 2905 ullo
1071 2848 1336 2919 supplicio
1364 2850 1531 2904 vitam
1562 2864 1685 2906 esse
1719 2850 2020 2904 tinniturum.

450 2943 856 3013 Agatbangelus
886 2956 1016 2997 vero
1047 2942 1161 3010 ipse
1192 2956 1407 3012 quoque
1441 2942 1696 2998 similiter
1723 2943 2022 2997 admirabi-

451 3033 556 3088 lem
603 3036 840 3090 ostendit
905 3034 1299 3090 ίοιιίιυιιιιιεηι.
1365 3032 1632 3090 Maximus
1688 3035 1871 3103 itaque
1922 3034 2023 3089 hoc

2120 1940 2327 2003 διαίους
2359 1939 2419 1993 τδ
2453 1940 2625 2009 μῆκος
2676 1938 2774 1991 τινα
2810 1938 2994 2007 ἀκμὰς
3024 1937 3231 1992 ἄνωθεν
3263 1934 3488 2006 ἔχοντας
3516 1937 3582 2004 τῇ
3631 1936 3701 2005 γῇ

2122 2032 2461 2102 ἐμπαγῆναι,
2494 2033 2588 2084 καὶ
2614 2031 2706 2084 τὸν
2743 2031 3013 2101 μακάριον
3047 2028 3341 2098 Κλήμεντα
3366 2029 3486 2090 ταῖς
3518 2026 3701 2080 ἀκίσιν

2121 2121 2445 2175 ἐπιτεθέντα
2475 2114 2704 2185 ὕπτιον,
2761 2119 2940 2185 ξύλοις
2984 2117 3317 2187 παχυτάτοις
3366 2114 3702 2187 σφοδρότατα

2121 2211 2455 2265 τύπτεσθαι·
2488 2210 2568 2283 τῷ
2600 2210 2992 2279 Ἀγαθαγγέὶῳ
3028 2209 3086 2261 δὲ
3123 2206 3387 2277 μόλυϐδον
3439 2204 3581 2258 κατὰ
3608 2220 3700 2257 κε-

2123 2305 2301 2375 φαλῆς
2330 2305 2465 2376 πυρὶ
2483 2304 2720 2358 τακέντα
2744 2300 3089 2370 ἐπιχεθῆναι.
3117 2300 3268 2368 Ταχὺ
3299 2299 3480 2352 τοίνυν
3505 2295 3705 2350 ἐκϐάν-

2122 2415 2212 2461 τος
2246 2398 2327 2460 είς
2356 2397 2517 2467 ἔργον
2561 2395 2658 2449 τοῦ
2691 2395 3086 2460 ἐπιτάγματος,
3119 2393 3147 2443 ὁ
3188 2391 3286 2460 μὲν
3321 2387 3706 2457 γενναιότατος

2124 2487 2358 2556 Κλήμης
2415 2487 2615 2557 στέρνα
2642 2502 2701 2537 τε
2748 2484 2955 2538 ἄνωθεν
2994 2482 3276 2542 ἐτύπτετο,
3319 2482 3414 2532 καὶ
3462 2480 3531 2532 τὰ
3560 2477 3706 2530 νῶτα

2122 2579 2236 2639 τοῖς
2264 2576 2565 2640 ὀϐελίσκοις
2585 2574 2833 2628 κάτωθεν
2869 2572 3174 2642 διεπείρετο
3195 2587 3209 2601 ·
3242 2571 3362 2623 ἀλλ’
3384 2570 3506 2624 οὐδὲ
3530 2567 3705 2630 οὕτως

2125 2669 2326 2742 ἡψυχὴ
2359 2667 2453 2722 τοῦ
2504 2667 2757 2738 σώματος
2798 2666 2876 2733 τῷ
2929 2665 3069 2733 ἁγίῳ
3119 2663 3381 2716 διίστατο.
3445 2660 3706 2731 Ἀψευδὴς

2123 2757 2325 2833 γὰρῆν
2361 2761 2392 2814 ὀ
2439 2758 2910 2829 ἐπαγγειλάμενος
2944 2756 3019 2827 μὴ
3047 2755 3317 2825 βασάνους
3345 2753 3512 2810 αὑτοῦ
3541 2769 3703 2822 περι-

2129 2851 2397 2918 γενέσθαι,
2458 2850 2593 2921 μηδὲ
2649 2848 2904 2920 τιμωρίαι
2952 2846 3197 2917 μηδεμιᾷ
3245 2844 3570 2914 τελευτῆσαι
3614 2843 3708 2896 τὸν

2126 2945 2259 3017 βίον.
2289 2946 2401 2999 Καὶ
2448 2941 2847 3011 Ἀγαθάγγελος
2877 2941 2932 2993 δὲ
2964 2938 3225 3000 ὡσαύτως
3273 2936 3530 3008 ὑπερφυῆ
3583 2952 3705 2989 τινα

2122 3038 2221 3110 τὴν
2255 3035 2554 3106 καρτερίαν
2585 3034 2677 3088 καὶ
2702 3033 2865 3096 αὐτὸς
2885 3031 3216 3096 ἐπεδείξατο.
3249 3030 3502 3098 Μάξιμος
3527 3028 3709 3082 τοίνυν

449 3138 645 3198 νιτειθιο
673 3128 988 3198 opinionem
1033 3126 1296 3182 miraculo
1332 3126 1768 3197 obstupefactus,
1802 3142 1924 3183 cum
1955 3128 2019 3182 iis

2129 3129 2205 3201 τῷ
2244 3128 2534 3200 παραδόξῳ
2559 3126 2652 3181 τοῦ
2685 3125 2965 3196 θαύματος
3015 3125 3152 3194 μετὰ
3180 3123 3286 3176 τῶν
3322 3121 3707 3192 περιεστώτων

450 3223 541 3291 qui
578 3221 1044 3285 circumstabant,
1080 3219 1466 3289 propemodum
1518 3234 1585 3273 ne
1636 3228 1850 3290 poterat
1896 3220 2020 3289 qui-

452 3300 572 3366 dem
617 3312 839 3367 credere
881 3311 994 3366 suis
1035 3310 1227 3377 oculis,
1256 3311 1391 3366 adeo
1428 3311 1764 3381 inopinatum
1798 3321 1854 3367 et
1880 3311 2024 3382 quod

452 3411 570 3457 erat
619 3412 816 3472 printer
866 3401 1130 3457 rationem
1169 3402 1477 3458 videntibus
1523 3403 1881 3469 miraculum,
1927 3419 2025 3474 per

452 3505 670 3561 pectus,
710 3507 804 3547 cor
838 3502 891 3548 et
924 3502 1093 3547 tntum
1136 3493 1390 3563 deinceps
1424 3509 1659 3564 corpus,
1688 3506 1849 3552 acuto
1881 3496 2025 3551 ferro

454 3586 770 3639 transﬁxum
811 3584 1120 3649 hominem,
1148 3595 1203 3640 et
1244 3596 1505 3654 prmterea
1541 3602 1776 3657 superne
1809 3565 2024 3659 quoque

451 3666 797 3731 vehementer
834 3677 1216 3743 verberatum,
1253 3693 1361 3733 non
1408 3681 1589 3734 statim
1628 3682 1879 3737 emisisse
1909 3684 2026 3737 ani-

455 3783 620 3829 tnain,
668 3769 763 3822 sed
806 3766 986 3821 vivum
1033 3769 1211 3824 adhuc
1239 3784 1363 3826 esse
1392 3779 1448 3824 et
1475 3774 1844 3840 superstitem,
1885 3783 1939 3827 et
1973 3773 2023 3826 vi

455 3859 529 3913 illi
565 3859 890 3915 intolerabili
925 3876 1060 3917 sana
1091 3872 1269 3917 mente
1302 3863 1579 3918 resistere.
1611 3862 1714 3920 Vix
1742 3880 1872 3935 ergo
1902 3874 2026 3920 tan-

453 3949 575 4002 dem
606 3962 731 4003 eum
756 3948 991 4003 detrahit
1016 3948 1085 4004 ab
1109 3949 1384 4016 obeliscis,
1407 3966 1513 4006 non
1545 3944 1704 4007 secus
1726 3967 1792 4007 ac
1816 3961 2022 4008 vestem

454 4039 694 4108 undique
714 4039 1085 4107 dilaceratam,
1107 4052 1159 4096 et
1181 4042 1297 4098 solo
1315 4058 1568 4099 sermone
1587 4046 2023 4112 persuadentem,

453 4145 514 4185 se
561 4146 669 4185 non
718 4146 841 4187 esse
883 4133 1430 4210 mortuum..Marlyr
1476 4151 1606 4205 ergo
1635 4138 1701 4191 ad
1734 4136 2024 4194 Maximum

455 4221 702 4290 protinus
715 4222 1015 4293 aspiciens:
1044 4224 1222 4292 Modo,
1248 4227 1441 4298 inquit,
1464 4229 1819 4300 cognovistis,
1842 4243 2030 4301 quem-

2131 3221 2529 3291 καταπλαγεὶς,
2560 3219 2743 3273 οὐκέτι
2773 3216 2896 3272 οὐδὲ
2919 3216 3200 3270 πιστεύειν
3230 3211 3344 3285 εἷχε
3374 3211 3576 3284 μικροῦ
3598 3215 3711 3276 τοῖς

2133 3316 2283 3384 σφῶν
2310 3313 2627 3384 ὀφθαλμοῖς,
2666 3311 2975 3381 παράλογον
2999 3309 3168 3370 οὕτως
3194 3306 3362 3378 ὁρῶσι
3409 3306 3611 3376 θέαμα,
3639 3304 3709 3359 τὰ

2134 3408 2355 3477 στέρνα,
2382 3404 2482 3478 τὴν
2521 3404 2771 3476 καρδίαν,
2796 3404 2915 3458 ὅλον
2944 3403 3075 3472 ἑξῆς
3104 3403 3163 3455 τὸ
3190 3401 3350 3470 σῶμα
3379 3400 3598 3470 ὀξύτητι
3625 3415 3709 3451 σι-

2131 3502 2294 3572 δήρου
2319 3499 2731 3568 διαπειρόμενον
2754 3495 3063 3566 ἄνθρωπον,
3086 3491 3205 3548 εἶτα.
3240 3495 3332 3547 καὶ
3369 3490 3711 3564 προστυπτόο

2137 3611 2296 3667 μενον
2325 3591 2533 3647 ἄνωθεν
2564 3592 2709 3662 μάλα
2744 3591 2990 3660 σφοδρῶς
3015 3631 3030 3655 ,
3084 3590 3179 3643 καὶ
3207 3589 3309 3641 οὐκ
3341 3587 3503 3650 εὐθὺς
3533 3586 3707 3656 ἀπορ-

2135 3685 2376 3756 ρήξαντα
2401 3684 2500 3755 τὴν
2554 3684 2755 3755 ψυχὴν,
2789 3682 2928 3739 ἀλλὰ
2975 3680 3153 3746 ζῶντα
3184 3681 3266 3733 ἔτι
3299 3680 3393 3734 καὶ
3423 3678 3707 3749 περιόντα,

2133 3780 2228 3833 καὶ
2253 3778 2389 3848 πρὸς
2416 3778 2517 3846 τὴν
2548 3776 2822 3847 ἀφόρητον
2856 3774 3071 3843 ἐκείνην
3104 3773 3226 3843 βίαν
3258 3772 3376 3843 μεθ’
3398 3768 3580 3838 ὑγιοῦς
3610 3768 3710 3839 τῆς

2131 3869 2518 3931 καταστάσεως
2569 3867 2940 3937 ἐνιστάμενον.
2984 3866 3112 3937 Ὀψὲ
3150 3866 3209 3917 δὲ
3258 3860 3353 3917 οὖν
3401 3864 3551 3932 ὅμως
3599 3861 3709 3912 τῶν

2132 3962 2431 4016 ὀϐελίσκων
2462 3961 2625 4015 αὐτὸν
2665 3959 2988 4031 ἐξαιρεῖται,
3036 3958 3291 4024 καθάπερ
3329 3955 3546 4024 ἱμάτιον
3574 3969 3713 4004 παν-

2133 4053 2359 4126 ταχόθεν
2379 4052 2738 4125 διερρωγότα,
2771 4051 2866 4106 καὶ
2897 4050 2958 4104 τδ
2979 4050 3055 4121 μὴ
3075 4049 3267 4119 νεκρὸς
3297 4043 3438 4101 εἶναι
3471 4045 3611 4116 μόνῃ
3640 4045 3707 4114 τῇ

2138 4144 2348 4215 φθογγῇ
2400 4139 2784 4197 ἀναπείθοντα.
2853 4138 2915 4194 '0
2955 4140 3163 4210 μάρτυς
3217 4138 3397 4192 τοίνυν
3442 4138 3577 4207 πρὸς
3621 4134 3714 4188 τὸν

2135 4230 2389 4299 Μάξιμον
2417 4229 2578 4293 εὐθὺς
2605 4227 2813 4283 ἀπιδὼν
2836 4269 2852 4295 ,
2912 4227 3228 4295 Ἐγνώκατε
3264 4226 3365 4281 κᾶν
3395 4225 3542 4296 ἄρτι,
3581 4225 3710 4295 ἔφη,

457 4311 748 4369 admodum
809 4330 917 4370 non
962 4316 1138 4371 solum
1198 4331 1440 4374 nostrum
1515 4336 1713 4391 corpus
1765 4324 2019 4379 adversus

2136 4323 2284 4385 ὅπως
2320 4321 2380 4373 οὑ
2408 4320 2469 4372 τὸ
2516 4319 2788 4391 ἡμέτερον
2824 4319 2983 4389 σῶμα
3033 4320 3193 4389 μόνον
3222 4319 3357 4388 πρὸς
3384 4319 3530 4386 ὑμᾶς
3568 4316 3698 4384 ἀγω-

453 4415 552 4458 τοε
579 4404 842 4470 decertat,
880 4408 976 4461 sed
1003 4407 1169 4464 Deum
1201 4409 1385 4473 habet,
1415 4412 1505 4481 qui
1538 4426 1633 4482 per
1664 4413 1838 4483 ipsum
1871 4413 2019 4486 longe

2137 4414 2360 4479 νίζεται,
2394 4411 2531 4465 ἀλλὰ
2562 4411 2695 4465 Θεὸν
2731 4410 2843 4481 ἔχει
2876 4413 2968 4465 τὸν
3002 4412 3069 4465 δι’
3110 4411 3275 4465 αὑτοῦ
3332 4409 3472 4478 μετὰ
3512 4407 3713 4476 πολλῆς

456 4504 668 4552 vestras
692 4510 917 4567 superat
940 4500 1292 4572 insidias,qui
1323 4503 1489 4557 etiam
1512 4520 1618 4558 non
1641 4505 1769 4560 sinit
1787 4507 2019 4562 animam

2133 4505 2233 4576 τῆς
2263 4503 2585 4573 περιουσίας
2611 4501 2711 4567 τὰς
2742 4503 3015 4574 ὑμετέρας
3046 4503 3341 4564 ἐπιϐουλὰς
3382 4501 3711 4570 κατισχύον-

454 4590 675 4644 evolare
703 4603 735 4644 ο
766 4605 1032 4662 corpore,
1064 4606 1186 4647 eam
1221 4591 1484 4648 cohibens
1524 4604 1580 4649 et
1622 4593 1906 4651 continens
1937 4612 2019 4652 ar-

2132 4613 2224 4661 τα,
2254 4595 2402 4656 ὅστις
2429 4596 2524 4647 καὶ
2570 4592 2669 4665 τὴν
2723 4593 2905 4666 ψυχὴν
2937 4584 3249 4665 ἁποπτῆναι
3300 4591 3394 4646 τοῦ
3456 4590 3713 4661 σώματος

456 4692 597 4731 cano
626 4682 857 4748 quodam
884 4684 1116 4739 consilio
1140 4725 1155 4752 ,
1179 4692 1235 4741 et
1278 4700 1398 4755 quae
1430 4684 1536 4741 dici
1566 4699 1676 4741 non
1704 4695 1880 4756 potest
1906 4703 2019 4757 pro-

2132 4688 2234 4742 οὑκ
2264 4685 2349 4756 ἑᾷ,
2372 4683 2683 4757 διακμτῶν
2717 4687 2888 4758 αὐτὴν
2935 4687 3031 4741 καὶ
3066 4688 3307 4758 συνέχων
3338 4684 3599 4756 ἀρρήτοις
3632 4682 3716 4736 oi-

457 4769 713 4828 videntis.

2139 4776 2445 4848 κονομίαις.

1920 4989 2149 5045 CAPUT
2179 4990 2319 5050 XIII.

1523 5224 1830 5294 Aphrodisii
1871 5225 2048 5282 Persa:
2080 5236 2300 5281 conatus
2339 5229 2393 5282 in
2436 5225 2679 5283 Sanclos.

538 5441 825 5499 LXXVIII.
854 5444 988 5500 Cum
1018 5444 1255 5500 animum
1273 5459 1402 5515 ergo
1416 5448 1635 5503 omnino
1651 5449 2019 5518 despondisset

2208 5449 2334 5507 Oil'.
2371 5449 2783 5521 Ἀπαγορεύσας
2804 5449 2898 5504 οὖν
2914 5450 2981 5505 ὲκ
3002 5451 3219 5506 πάντων
3246 5453 3276 5507 ὀ
3304 5451 3588 5523 τύραννος,
3619 5448 3718 5507 καὶ

459 5539 755 5600 tyrannus,
788 5540 844 5584 et
887 5536 1028 5587 nulla
1070 5547 1165 5602 spe
1196 5532 1424 5604 amplius
1471 5545 1779 5603 teneretur,
1812 5552 2019 5593 sacrum

2141 5540 2414 5611 μηδεμιᾶς
2460 5539 2675 5604 ἐλπίδος
2713 5541 3014 5612 ἀνεχούσης
3064 5542 3249 5607 αὐτὸν,
3297 5543 3391 5597 τὸν
3437 5543 3536 5613 μὲν
3569 5542 3714 5613 ἱερὸν

459 5623 676 5689 quidem
719 5622 1093 5690 Clementem,
1148 5627 1237 5694 qui
1291 5625 1468 5681 adhuc
1511 5628 1851 5698 portabatur,
1904 5646 2019 5684 cum

2139 5630 2434 5702 Κλήμεντα
2467 5631 2547 5685 ἔτι
2566 5632 3061 5704 διαϐασταζόμενον
3089 5635 3189 5689 σὺν
3234 5634 3623 5707 Ἀγαθαγγέλῳ
3645 5637 3711 5705 τῇ

460 5711 826 5782 Agatbangelo
848 5714 1075 5769 includit
1112 5715 1165 5770 in
1200 5730 1439 5773 carcere.
1475 5715 1656 5773 Refert
1698 5730 1877 5776 autem
1919 5721 2019 5788 ipse

2138 5722 2354 5794 φυλακῇ
2402 5724 2738 5778 κατακλείει.
2781 5724 2839 5779 ὐ
2864 5725 2921 5779 δὲ
2954 5725 3285 5799 Μαξιμιανῷ
3324 5730 3417 5797 καὶ
3442 5728 3604 5789 αὐτὸς
3624 5721 3714 5779 οἷά

463 5814 677 5869 quoilue
697 5805 910 5876 singula
939 5806 1285 5879 Maximiano,
1317 5827 1563 5882 quaenam
1596 5812 1857 5870 adversus
1882 5829 2019 5871 mar-

2135 5831 2197 5869 τε
2221 5813 2363 5870 κατὰ
2390 5814 2500 5873 τῶν
2537 5815 2831 5889 μαρτύρων
2860 5817 3218 5891 ἐπινοήσειεν,
3260 5818 3409 5882 ὅπως
3438 5835 3500 5873 τε
3534 5815 3720 5887 κρείτ-
