4116 6404
435 328 540 394 881

1472 339 1645 402 νιΤΑ
1693 341 1752 401 S.
1795 340 2233 404 CLEMENTIS
2264 345 2672 410 ANCYBANI.

3578 334 3690 417 882

432 463 558 509 τους
587 450 680 501 καὶ
706 446 959 504 θωπειῶν
987 449 1185 515 αὐτοὺς
1215 450 1390 522 εὕροι,
1441 454 1538 508 καὶ
1589 454 1863 524 βασανων,
1920 456 1996 509 κα¹

2123 468 2268 526 tyres
2293 462 2704 530 excogitaverit,
2730 471 2785 517 et
2814 460 3266 531 quemadmodum
3297 461 3565 518 invenerit
3593 481 3689 519 eos

432 537 668 604 φύσεως,
727 538 936 593 ἕκαστα
977 541 1165 610 σαφῶς
1213 541 1498 611 ἀναφέρει.
1555 542 1903 613 Μαξιμιανὸς
1946 543 2005 596 δὲ

430 629 631 696 ὁμοίως
659 630 807 697 αὑτῷ
831 634 940 696 τοῖς
979 631 1120 696 ὅλοις
1150 632 1530 702 ἀμηχανήσας,
1558 635 1657 703 οὐχ
1685 634 1766 688 ὅτι
1796 635 1869 704 μὴ
1895 634 2006 687 πεί-

434 736 545 772 σειε
574 721 703 785 τοὺς
751 724 1054 791 γενναίους,
1103 724 1221 777 ἀλλ’
1250 725 1334 777 ὅτι
1368 724 1502 795 μηδὲ
1549 725 1759 779 άνελείν
1805 728 2006 790 αὐτοὺς

430 812 668 879 δύναιτο,
711 813 922 868 κελεύει
979 816 1132 885 παρὰ
1162 819 1229 889 τῇ
1286 816 1500 887 φυλακῇ
1556 815 1729 880 οὕτως
1763 818 2005 888 ἐρήμους

433 904 611 972 πάσης
643 905 901 974 προνοίας
929 905 1239 968 ἀπολιπεῖν,
1269 908 1428 978 ἄχρις
1462 907 1528 961 ἂν
1555 908 1655 977 τὴν
1677 911 1743 963 ἐκ
1774 909 1872 974 τῆς
1900 909 2004 978 φύ-

431 1010 568 1055 σεως
621 995 778 1049 αὐτοὶ
822 997 1086 1067 τελευτὴν
1143 999 1532 1070 ὑπομείνωσιν.
1593 1000 1657 1052 Οἱ
1701 1000 1917 1064 ἀσεϐεῖς
1947 1000 2004 1054 δὲ

429 1087 523 1140 καὶ
550 1088 746 1157 πεῖραν
772 1086 915 1142 οὕτω
942 1089 1088 1160 σαφῆ
1112 1091 1221 1143 τῶν
1254 1091 1464 1161 ἀνδρῶν
1493 1092 1774 1156 λαϐόντες,
1814 1091 1879 1162 (ὦ
1902 1093 2001 1162 τῆς

427 1178 762 1251 ὠμότητοςι)
818 1181 940 1235 οὐδέ
969 1180 1140 1246 οὕτως
1169 1183 1464 1255 ἡσυχάζειν
1507 1180 1678 1255 εῖχον,
1737 1184 1875 1238 ἀλλὰ
1910 1185 2004 1238 καὶ

429 1270 600 1343 ταύτῃ
635 1272 987 1344 περιέσεσθαι
1018 1276 1387 1345 προσεδόκων.

500 1582 620 1635 00'.
662 1584 879 1654 ’Δμέλει
913 1586 1008 1641 καὶ
1033 1587 1368 1658 Ἀφροδίσιος
1393 1590 1609 1655 ἔννατος
1628 1592 1727 1664 τὴν
1748 1592 1883 1663 πρὸς
1909 1594 2004 1645 αἰ-

429 1674 552 1737 tait;
582 1674 885 1746 ὑπέρχεται
917 1679 1118 1750 πάληνς
1146 1681 1365 1753 Πέρσης
1395 1682 1494 1752 μὲν
1519 1685 1580 1738 τὸ
1608 1686 1784 1755 γένος,
1803 1687 2002 1750 πολλὰς

2116 562 2216 601 nec
2240 548 2516 604 blanditiis
2540 550 2681 606 vinci
2715 566 2893 622 posse,
2914 567 3015 608 nec
3031 555 3342 620 tormentis,
3364 563 3525 625 atque
3553 555 3688 611 adeo

2115 639 2286 706 ipsam
2311 656 2527 710 quoque
2550 643 2618 697 ab
2642 644 2724 697 eis
2752 646 2999 711 superari
3021 658 3294 701 naturam.
3324 647 3686 704 Maximianus

2115 745 2243 786 vero
2271 747 2396 787 cum
2428 733 2683 788 similiter
2709 744 2875 805 atque
2905 737 3020 805 ipse
3039 778 3054 802 ,
3084 739 3283 792 nullam
3318 751 3501 807 [uisset
3524 755 3688 794 exco-

2113 823 2285 889 gitare
2312 823 2599 890 rationem,
2624 827 2819 880 nedum
2847 826 2993 881 viros
3026 829 3387 897 persuadendi
3415 831 3684 899 egregios,

2112 916 2206 968 sed
2239 928 2340 969 nec
2369 929 2465 970 eos
2495 914 2715 983 quidem
2751 915 3118 984 interimendi,
3147 918 3301 986 jubet
3324 934 3420 973 eos
3455 920 3685 988 relinqui

2114 1006 2167 1058 in
2204 1019 2461 1072 carcere,
2498 1020 2595 1061 nec
2637 1006 2801 1061 ullam
2829 1022 3016 1062 eorum
3048 1010 3268 1062 omnino
3313 1025 3499 1064 curam
3548 1005 3685 1080 gcr'i,

2111 1095 2283 1151 donec
2323 1097 2425 1165 ipsi
2479 1098 2786 1151 naturalem
2833 1110 3065 1154 mortem
3115 1101 3525 1154 sustinuissent.
3576 1099 3685 1154 Viri

2111 1196 2292 1241 autem
2326 1189 2472 1257 impii
2497 1228 2512 1253 ,
2537 1204 2658 1243 cum
2689 1204 2878 1244 eorum
2919 1198 3027 1244 tam
3074 1190 3414 1244 manifestam
3446 1194 3691 1260 accepis-

2115 1286 2238 1333 sent
2271 1280 2688 1348 experientiam.
2726 1281 2780 1351 (ο
2810 1282 3141 1336 amentiam!
3187 1280 3686 1347 ocrndelitatem!)

2113 1383 2181 1423 ne
2210 1368 2288 1423 sic
2319 1370 2536 1437 quidem
2565 1378 2818 1439 potrrant
2843 1370 3149 1439 quiescere,
3174 1371 3269 1426 sed
3300 1372 3463 1426 etiam
3491 1385 3687 1440 exspeo

2110 1460 2330 1515 etabant
2357 1459 2493 1525 lure,
2529 1471 2583 1515 ut
2607 1463 2686 1516 sic
2722 1464 3024 1517 vincerent.

2182 1596 2421 1654 LXXIX.
2449 1597 2611 1656 Certe
2649 1600 3004 1669 Aphrodisius
3027 1617 3242 1670 quoque
3275 1616 3454 1655 nonus
3487 1602 3684 1656 luctum

2112 1694 2561 1765 adversus'ipsos
2601 1697 2850 1766 suscipit,
2897 1712 3095 1768 genere
3119 1696 3337 1768 quidem
3382 1695 3565 1767 ἕξει-ευ,
3593 1698 3686 1768 qui

427 1764 482 1816 ἑὲ
512 1765 656 1819 κατὰ
698 1766 1044 1836 Χριστιανῶν
1100 1770 1360 1835 πολλάκις
1409 1775 1776 1847 ἐπινενοηκὼς
1828 1793 1996 1841 τιμω-

2113 1787 2278 1842 multa
2309 1798 2703 1844 tormentorum
2738 1804 2937 1857 genera
2962 1806 3102 1858 sa-pe
3130 1792 3466 1868 excogitarat
3494 1788 3688 1845 adver-

429 1858 580 1926 ρίας.
605 1857 777 1912 Τοῦτο
801 1859 859 1913 δὲ
887 1861 1157 1932 σύμϐολον
1183 1863 1411 1934 ἀκριϐὲς
1454 1866 1537 1921 ὅτι
1567 1869 1733 1930 πολὺς
1773 1865 1842 1940 ἦν
1875 1873 1996 1941 περὶ

2107 1894 2198 1933 sus
2240 1878 2602 1934 Christianos.
2648 1880 2777 1934 Erat
2824 1891 3002 1935 autem
3040 1857 3148 1936 hoc
3181 1857 3393 1951 signum
3429 1863 3680 1949 evidens,
3724 1880 3733 1887 ’

426 1947 606 2002 αὐτῶν
637 1948 965 2024 Μάξιμιανῷ
997 1952 1174 2023 λόγος,
1202 1956 1295 2009 καὶ
1321 1956 1404 2009 ὅτι
1431 1957 1632 2027 γνῶσις
1660 1961 1838 2014 τοιάδε
1869 1979 1993 2015 κατ-

427 2039 644 2110 ειλήφει
707 2043 938 2107 πάντας,
964 2043 1039 2108 ὡς
1065 2047 1094 2098 6
1118 2047 1473 2114 μεταπείσειν
1502 2051 1701 2115 αὐτοὺς
1729 2053 1999 2125 δυνηθεὶς,

318 2174 325 2179 .
424 2134 494 2186 τὰ
534 2134 768 2204 μέγιστα
796 2135 945 2210 αὐτῷ
973 2141 1269 2211 χαριεῖται,
1302 2144 1395 2196 καὶ
1418 2144 1676 2216 πλείστην
1701 2148 1833 2218 ὅσην
1861 2150 2001 2220 ὑπὲρ

425 2226 579 2280 τοῦδε
618 2228 717 2298 τὴν
747 2230 984 2302 ἀμοιϐὴν
1032 2233 1287 2304 λήψεται.
1342 2230 1511 2300 Οὗτος
1539 2237 1634 2293 οὖν
1670 2242 2002 2312 παρατυχὼν

426 2313 757 2388 Μαξιμιανῷ
776 2319 945 2391 ἡνίκα
979 2323 1105 2392 περὶ
1134 2323 1245 2377 τῶν
1271 2324 1440 2393 ἁγίων
1484 2327 1633 2397 αὐτῷ
1657 2329 1998 2400 ἀπηγγέλλε-

425 2423 506 2469 το,
552 2410 694 2462 αίτεί
720 2408 819 2481 τὴν
856 2411 977 2465 κατ’
1010 2412 1189 2466 αὐτῶν
1242 2414 1514 2481 ἐξουσίαν,
1574 2420 1624 2471 εί
1656 2420 1772 2484 καὶ,
1812 2420 1874 2472 τὸ
1906 2421 1999 2474 τοῦ

425 2495 608 2565 λόγου,
643 2497 937 2565 Σικυώνιος
964 2502 1230 2558 ἐπαπέδυ.
1269 2505 1514 2575 Αίτήσας
1562 2508 1620 2561 δὲ
1668 2509 1764 2563 καὶ
1795 2508 1998 2575 λαῦὼν,

425 2586 613 2639 δεῖπνα
636 2591 779 2643 κατὰ
801 2591 902 2660 τὴν
920 2592 1101 2646 οίκίαν
1124 2592 1287 2657 εὐθὺς
1327 2595 1585 2667 φιλότιμα
1614 2599 1708 2652 καὶ
1734 2600 1999 2671 πολυτελῆ

428 2678 733 2747 παρετίθει,
757 2682 850 2735 καὶ
879 2683 1079 2747 αὐτοὺς
1112 2686 1297 2739 ἐκάλει
1331 2686 1465 2758 πρὸς
1494 2689 1591 2759 τὴν
1613 2690 1878 2757 ἑστίασιν,
1912 2692 2000 2746 ἴνα

428 2772 774 2841 κεκμηκότας
804 2774 966 2845 δῆθεν
1013 2780 1129 2842 τοῖς
1174 2779 1454 2845 ἐπιπόνοις
1501 2785 1569 2853 τῇ
1624 2788 1838 2856 παροχῇ
1889 2786 1999 2838 τῶν

429 2865 689 2935 ἐνηδόνων
711 2870 1030 2940 χαρίσηται,
1061 2873 1157 2926 καὶ
1198 2874 1297 2941 τὴν
1326 2875 1511 2927 αὐτῶν
1526 2874 1753 2944 γνώμην
1780 2878 1998 2948 ὁμαλῶς

426 2958 745 3032 ὑφαρπάσῃ.
782 2961 902 3014 Τῶν
925 2962 983 3016 δὲ
1004 2965 1103 3035 τὴν
1151 2964 1452 3037 σύντροφον
1477 2969 1569 3020 καὶ
1601 2969 1764 3039 φίλην
1798 2972 1999 3040 μᾶλλον

424 3049 823 3137 άσπαξομένων
875 3054 1225 3128 ἐγκράτειαν,
1281 3059 1377 3112 καὶ
1426 3061 1867 3132 προστιθέντων,
1922 3064 1999 3128 ὡς

2105 1955 2495 2025 Maximiauum
2533 1987 2718 2027 eorum
2769 1988 3018 2043 magnam
3064 1974 3264 2027 habere
3307 1977 3594 2036 rationem,
3631 1986 3685 2028 et

2106 2058 2210 2114 huc
2238 2059 2486 2113 sciebant
2523 2077 2733 2124 omnes,
2765 2063 2910 2130 quod
2936 2063 3028 2131 qui
3049 2078 3142 2115 eos
3175 2064 3440 2132 potuisset
3465 2079 3682 2133 persua-

2104 2149 2232 2204 dere
2275 2150 2325 2205 ei
2371 2160 2515 2209 esset
2548 2166 2660 2206 rem
2700 2150 2946 2208 facturus
2984 2154 3345 2223 gratissimam
3370 2194 3384 2218 ,
3411 2162 3465 2209 ρι
3497 2169 3594 2224 pro
3618 2170 3683 2209 eo

2106 2240 2395 2296 maximam
2452 2252 2774 2312 accepturus
2832 2245 3346 2300 remunerationem.
3403 2246 3504 2301 Hic
3553 2261 3683 2315 ergo

2103 2347 2225 2386 cum
2260 2332 2396 2388 forte
2438 2333 2631 2388 luisset
2661 2336 2800 2403 apud
2841 2333 3227 2388 Maximianum
3253 2374 3269 2398 ,
3301 2351 3409 2406 quo
3442 2346 3683 2405 tempore

2102 2423 2169 2477 de
2211 2423 2416 2479 sanctis
2444 2426 2493 2479 ei
2534 2425 2984 2488 renuntiabatur,
3025 2426 3154 2495 putit
3191 2430 3243 2479 iu
3283 2440 3380 2480 eos
3427 2426 3529 2480 sibi
3565 2426 3682 2479 dari

2103 2522 2457 2581 potestatem,
2492 2515 2740 2579 etiamsi,
2777 2526 2831 2568 ut
2882 2524 2967 2571 est
3010 2516 3062 2569 in
3110 2516 3427 2584 proverbio,
3474 2516 3683 2570 exuerit

2109 2602 2420 2675 Sicyonium
2444 2604 2555 2676 ¹(5).
2586 2606 2722 2660 Cum
2755 2615 2935 2660 autem
2966 2607 3214 2676 pelilSMBl
3251 2617 3307 2661 et
3342 2607 3679 2675 accepisset,

2101 2694 2246 2750 domi
2269 2696 2453 2750 statim
2478 2697 2702 2766 apponit
2735 2696 2938 2751 lautam
2975 2708 3033 2752 et
3076 2697 3419 2767 magniﬁcam
3442 2709 3678 2761 orenam,
3764 2703 3770 2708 '

2099 2792 2156 2840 'et
2182 2800 2279 2842 eos
2320 2786 2516 2843 invitat
2549 2786 2616 2840 ad
2649 2786 2995 2849 convivium,
3042 2797 3102 2840 ut
3136 2786 3214 2839 eis
3256 2786 3466 2840 labores
3513 2786 3679 2841 susti-

2102 2875 2280 2932 nendo
2301 2875 2531 2933 defessis
2552 2917 2577 2943 ,
2598 2892 2689 2934 res
2711 2877 2980 2947 jucundas
3019 2878 3307 2945 praebendo
3337 2877 3674 2945 gratiﬁcare-

2101 2975 2210 3035 tur,
2235 2975 2491 3022 eteorum
2516 2968 2582 3021 ad
2604 2981 2664 3022 se
2687 2966 2927 3021 animum
2951 2966 3141 3021 leniter
3159 2965 3422 3022 alliceret.
3442 2964 3579 3020 Cum
3598 2964 3678 3035 (6)

2101 3073 2252 3123 vero,
2294 3072 2414 3128 quae
2458 3058 2537 3114 eis
2566 3058 2842 3114 coaluerat
2870 3066 2925 3112 et
2982 3067 3132 3126 grata
3173 3067 3326 3123 erat,
3360 3058 3530 3127 magis
3564 3072 3680 3111 am-

437 3139 629 3212 Ἢμεῖς
648 3143 1012 3218 τὸν-οὐράνιον
1045 3149 1299 3221 ὶσθίομεν
1316 3150 1502 3219 ἄρτον,
1535 3147 1597 3209 οὗ
1620 3156 1650 3209 6
1675 3157 1866 3225 φαγὼν
1897 3158 1996 3212 οὐκ

2102 3151 2470 3222 plecterentur
2491 3150 2876 3206 abstinentiam
2901 3188 2917 3215 ,
2941 3160 2998 3204 et
3019 3151 3314 3218 adjii-erent
3346 3166 3360 3202 :
3409 3148 3514 3204 Nos
3542 3163 3678 3216 pare

425 3232 506 3286 ἔτι
529 3234 592 3287 οὐ
631 3236 706 3306 μὴ
743 3240 998 3312 πεινάσῃ,
1038 3239 1174 3296 ἀλλὰ
1212 3243 1370 3313 ζήσει
1395 3246 1475 3309 εἰς
1505 3246 1596 3300 τὸν
1637 3248 1811 3302 αἰῶνα
1834 3266 1847 3281 ·
1882 3252 2001 3304 ἐκεῖ

423 3327 531 3397 γὰρ
561 3329 690 3397 ἡμῖν
709 3329 778 3384 τά
820 3330 1010 3386 δεῖπνα
1037 3334 1368 3405 ἡτοίμασται
1396 3355 1409 3368 ·
1444 3337 1604 3411 ὓϐριν
1660 3340 1997 3411 Ἀφροδίσιος

421 3419 482 3469 τὸ
508 3421 737 3491 πρᾶγμα
764 3422 1013 3493 νομίσας,
1050 3427 1141 3480 καὶ
1178 3428 1500 3501 σφοδρότητι
1533 3431 1620 3486 ἐπ’
1651 3432 1850 3496 αὐτοὺς
1914 3451 1999 3488 κι-

384 3508 389 3512 ’
432 3510 640 3581 νηθεὶς,
668 3515 911 3578 ἐκείνους
945 3517 1045 3587 μὲν
1094 3520 1396 3590 τηνικαῦτα
1426 3526 1492 3592 τῇ
1543 3523 1759 3597 φυλακῇ
1781 3526 1997 3581 δίδωσιν

427 3603 631 3670 εἰπὼν,
656 3605 732 3669 ὡς
757 3608 900 3679 Ἀρα
918 3609 979 3663 τὸ
1010 3610 1275 3681 ὑμέτερον
1317 3614 1532 3669 δεῖπνον
1556 3616 1816 3687 ὀδυνηρὸς
1840 3619 1995 3673 ἔσται

422 3696 674 3761 Θάνατος,
719 3698 860 3770 ὅπερ
888 3698 1002 3768 ἐγὼ
1029 3701 1128 3773 τὴν
1157 3700 1350 3775 αὔριον
1398 3706 1696 3776 φιλοτίμως
1722 3710 1851 3777 ὑμῖν
1885 3728 1992 3764 πα-

422 3788 667 3859 ραθήσω.
1636 3806 1641 3809 ’

490 3927 571 3982 η’.
639 3929 743 3982 Δύο
785 3929 844 3984 δι
903 3929 1085 3990 λίθους
1139 3933 1247 3987 ἀπὸ
1302 3936 1546 4005 μυλῶνος
1600 3940 1886 4012 ἐνεχθῆναι
1927 3947 1992 4014 τῇ

420 4019 683 4093 ὑστεραίᾳ
711 4021 943 4088 κελεύει,
970 4023 1233 4096 ἑκάτερον
1272 4027 1329 4081 δέ
1379 4030 1558 4083 αὑτῶν
1612 4032 1875 4105 ἐκατέρου
1919 4035 1996 4107 τῷ

418 4111 678 4191 τραχήλιρ
741 4113 1108 4184 περιδεθὴναι,
1175 4119 1269 4169 καὶ
1329 4116 1502 4182 οὕτως
1560 4121 1757 4184 αὐτοὺς
1826 4123 1991 4189 λίθοις

423 4204 687 4256 πάντοθεν
741 4203 1104 4274 βαλλομένους
1170 4206 1258 4260 διὰ
1291 4209 1462 4278 μέσης
1518 4214 1617 4281 τῆς
1649 4213 1860 4279 πόλεως
1909 4216 1995 4269 ἔλ-

419 4295 631 4360 κεσθαι,
671 4292 830 4349 τοῦτο
852 4296 1036 4360 αὐτοῖς
1069 4296 1180 4352 τῶν
1212 4298 1479 4356 ἑλκόντων
1527 4305 1945 4373 ἐπιφωνούντων
1977 4325 1993 4341 ⁸

420 4384 544 4449 Τοῖς
576 4386 719 4451 θεοῖς
758 4388 852 4442 καὶ
884 4389 996 4454 τοῖς
1046 4391 1444 4464 αὐτοκράτορσι
1501 4395 1752 4450 πείθεσθε
1783 4414 1797 4428 ’
1845 4400 1993 4465 ὅστις

2101 3242 2310 3299 caelesti
2333 3243 2620 3305 vescimur.
2649 3256 2810 3312 quem
2843 3242 2937 3312 qui
2962 3242 3281 3304 comederit,
3318 3255 3423 3296 non
3447 3241 3678 3307 amp-lius

2099 3333 2324 3396 esuriet,
2366 3332 2462 3387 sed
2491 3332 2635 3386 vivet
2662 3333 2715 3385 in
2752 3340 3035 3397 aeternum,
3085 3332 3194 3385 illic
3228 3332 3373 3386 enim
3420 3341 3503 3385 est
3524 3331 3679 3385 bonis

2101 3440 2255 3482 coena
2287 3435 2505 3496 parata,
2533 3425 2919 3481 contumeliam
2944 3439 3068 3481 esse
3104 3435 3254 3480 ratus
3274 3422 3676 3495 Aphrodisias,

2098 3526 2153 3571 et
2176 3518 2228 3572 in
2246 3534 2342 3574 eos
2365 3528 2672 3574 commotus
2696 3518 3095 3581 vehementius,
3122 3517 3243 3572 illos
3265 3516 3486 3587 quidem
3516 3516 3681 3571 tradit

2098 3607 2153 3663 in
2182 3610 2484 3665 custodiam
2506 3649 2521 3673 ,
2562 3607 2749 3663 dicens
2777 3626 2793 3662 :
2829 3606 3019 3663 Vestra
3049 3622 3183 3677 ergo
3206 3620 3360 3662 creua
3399 3607 3503 3661 erit
3531 3620 3680 3661 mors

2097 3712 2222 3751 cum
2263 3701 2449 3753 dolore
2472 3738 2488 3762 ,
2530 3712 2694 3767 quam
2752 3698 2968 3766 quidem
3007 3711 3109 3766 ego
3159 3711 3282 3751 cras
3320 3696 3472 3750 vobis
3508 3710 3676 3765 appo-

2096 3804 2224 3845 nam
2261 3791 2567 3863 magniﬁce.

2166 3929 2384 3985 LXXX.
2435 3928 2595 3992 Juhet
2620 3937 2797 3984 autem
2830 3927 3087 3998 postridie
3108 3925 3286 3982 all't-rri
3310 3928 3443 3981 duos
3472 3924 3675 3996 lapides

2098 4022 2365 4079 molares:
2423 4030 2713 4088 utrumque
2770 4033 2900 4073 vero
2958 4032 3144 4072 eorum
3203 4015 3339 4071 collo
3398 4016 3678 4086 utriusque

2096 4115 2341 4189 alligari,
2383 4121 2438 4169 ct
2481 4113 2560 4168 sic
2606 4127 2703 4169 eos
2749 4112 3018 4183 lapidibus
3081 4112 3318 4179 undique
3371 4109 3675 4180 appetitos,

2098 4207 2237 4263 trahi
2267 4222 2364 4278 per
2396 4207 2626 4261 mediam
2660 4205 2957 4273 civitatem,
2990 4205 3077 4271 iis,
3109 4205 3198 4273 qui
3233 4202 3540 4265 trahebant,
3578 4205 3679 4256 hoc

2095 4300 2175 4355 eis
2212 4298 2638 4355 acclamantibus
2687 4313 2704 4352 :
2745 4296 2859 4354 Diis
2903 4310 3088 4366 parete
3130 4306 3185 4351 et
3225 4294 3674 4364 imperatoribus;

2095 4391 2188 4463 qui
2235 4390 2441 4460 aliquid
2472 4389 2722 4444 decernit
2761 4398 2959 4459 praeter
2998 4396 3240 4443 nostram
3278 4386 3506 4455 patriam
3547 4385 3675 4438 reli-

419 4476 476 4528 δὶ
527 4476 682 4547 παρά
729 4479 829 4549 τὴν
860 4480 1089 4550 πάτριον
1131 4482 1287 4550 ἡμῶν
1346 4485 1644 4555 θρησκείαν
1686 4490 1990 4559 νομοθετεῖ,

2102 4484 2349 4554 gionem,
2397 4480 2458 4536 ﬁt
2504 4481 2774 4536 obnoxius
2825 4480 3023 4535 talibus
3062 4477 3359 4548 suppliciis.
3413 4474 3519 4530 Sed
3576 4477 3676 4529 hoc

427 4569 711 4637 τιμωρίαις
758 4568 1037 4633 τοιαύταις
1065 4570 1319 4631 ὑπόδικδς
1367 4572 1597 4639 γίνεται.
1641 4577 1802 4632 Ἀλλὰ
1835 4579 1993 4634 τοῦτο

422 4661 523 4728 μὲν
575 4660 697 4714 ὸλον
756 4661 1095 4732 Ἀφροδίσιος
1151 4664 1345 4728 ἐποίει,
1407 4666 1554 4728 ὅπως
1603 4668 1637 4739 ἢ
1686 4672 1991 4745 κατενέγκῃ

417 4753 596 4805 αὐτῶν
658 4754 717 4805 τὸ
787 4755 1039 4824 φρόνημα
1098 4755 1191 4807 καὶ
1251 4757 1536 4810 ὑπανεῑνοιι
1595 4764 1990 4833 παρασκευάσῃ

417 4843 518 4927 τξην
554 4840 749 4909 ἄτιμον
776 4843 1133 4913 περιαγωγὴν
1158 4845 1362 4914 ταύτην
1408 4845 1509 4898 οὐκ
1562 4849 1902 4916 ἐνεγκόντας,
1957 4853 1990 4923 ἦ

416 4933 514 5002 τὴν
544 4934 700 4986 πόλιν
736 4934 856 4987 κατ’
890 4934 1070 4987 αὐτῶν
1123 4934 1362 5007 ἑρεθίςῃ,
1413 4938 1509 4990 καὶ
1555 4942 1708 5010 κοινῇ
1761 4942 1989 5012 συνδρα⁴

418 5025 611 5092 μόντες
661 5026 864 5088 πάντες
913 5025 1113 5088 αὐτοὺς
1139 5027 1399 5079 ἀνέλοιεν.
1453 5028 1592 5080 Ἀλλ’
1645 5032 1674 5083 6
1718 5032 1992 5086 ἀνακαλύ-

418 5131 567 5168 πτων
593 5113 781 5183 βαθεῖα
801 5116 894 5169 καὶ
918 5117 1212 5186 ἀπόκρυφοι
1246 5117 1387 5169 κατὰ
1410 5117 1511 5187 τῆς
1548 5119 1755 5174 ἐκείνου
1786 5122 1988 5192 μᾶλλον

414 5208 655 5275 κεφαλῆς
690 5207 751 5260 τὸ
789 5208 1030 5276 σόφισμα
1068 5208 1446 5279 περιέτρεψεν.
1493 5209 1560 5263 Οἵ
1598 5227 1658 5263 τε
1708 5214 1817 5284 γὰρ
1849 5215 1988 5285 μὰρ-

411 5313 574 5365 τυρες
599 5297 985 5367 σεμνυνόμενοι
1027 5297 1245 5367 μᾶλλον,
1278 5298 1376 5348 οὐκ
1405 5299 1782 5369 αἰσχυνόμενοι
1830 5320 1989 5375 περι-

414 5389 630 5459 ήγοντο,
673 5388 707 5459 ἥ
744 5403 802 5441 τε
844 5389 997 5450 πόλις
1051 5388 1144 5440 ἐπὶ
1196 5384 1296 5455 τὴν
1352 5386 1479 5438 θέαν
1537 5389 1843 5457 συῤῥέουσα
1894 5397 1989 5447 καὶ

1551 5557 1577 5579 κ

488 5592 566 5665 (3)
599 5593 821 5659 Similis,
856 5614 884 5650 a
922 5597 1157 5668 Sicyone
1192 5607 1337 5652 rerlc
1373 5599 1531 5652 ducta
1564 5611 1812 5666 utraque,
1844 5603 1982 5665 apud

416 5662 661 5738 Scottutn
699 5675 942 5738 nostrum
979 5662 1221 5738 centuria
1253 5669 1340 5733 l2,
1381 5671 1569 5738 adagiu
1596 5669 1684 5731 71,
1708 5662 1776 5722 ex
1800 5662 1981 5722 Suida

422 5735 684 5804 parcentia
714 5752 727 5789 :
758 5755 777 5787 ε
810 5735 1091 5805 Sicyonius
1113 5739 1166 5793 in
1207 5753 1427 5793 arenam
1454 5735 1747 5793 dest-endit.
1783 5757 1801 5789 ι
1843 5738 1983 5793 Neu-

2098 4574 2317 4645 quidem
2351 4582 2523 4627 totum
2555 4571 2786 4626 faciebat
2813 4571 3193 4638 Aphrodisias,
3228 4579 3285 4622 ut
3322 4568 3402 4622 vel
3431 4568 3675 4635 ingentes

2097 4666 2372 4736 frangeret
2402 4677 2591 4720 eorum
2630 4662 2886 4732 spiritus,
2920 4672 2973 4716 et
3017 4660 3256 4717 eiiiceret
3285 4669 3342 4714 ut
3383 4661 3673 4722 cederent,

2096 4770 2171 4811 se
2208 4763 2316 4808 tam
2367 4754 2598 4823 turpiter
2641 4753 2849 4807 traduci
2882 4767 2985 4806 non
3043 4752 3313 4815 ferentes;
3357 4750 3444 4805 vel
3494 4750 3547 4803 itt
3582 4764 3676 4803 eos

2096 4844 2350 4900 incitaret
2396 4843 2705 4907 civitatem,
2768 4852 2822 4896 et
2873 4843 3236 4896 communiter
3283 4844 3676 4894 concurrentes

2096 4949 2289 4992 omnes
2331 4935 2480 5003 ipsos
2531 4934 2927 4988 interimerent.
2960 4932 3067 4988 Sed
3111 4932 3201 5002 qui
3238 4946 3357 4996 qure
3390 4938 3515 4984 sunt
3551 4944 3676 4999 pro-

2098 5026 2263 5082 lunda
2296 5035 2351 5080 et
2400 5023 2611 5079 occulta
2639 5027 2849 5094 aperit.
2885 5024 2937 5077 id
2966 5024 3180 5088 evertit,
3221 5023 3361 5091 quod
3404 5020 3450 5074 is
3483 5018 3675 5074 callide

2097 5118 2446 5190 cogitaverat.
2497 5116 2632 5172 Nam
2687 5125 2744 5171 et
2809 5125 3078 5187 martyres
3144 5114 3438 5184 gloriantes
3497 5112 3674 5180 potius

2094 5222 2257 5280 quam
2291 5208 2495 5280 pudore
2525 5206 2727 5271 allecti,
2769 5208 3336 5274 circutttducebantur,
3375 5204 3675 5272 civitasque

2095 5300 2376 5358 conﬂuens
2403 5301 2475 5354 ad
2513 5298 2880 5367 spectaculum
2903 5336 2919 5364 ,
2958 5309 3012 5352 et
3039 5299 3227 5352 videns
3259 5311 3420 5368 quam
3465 5287 3674 5349 alacres

2100 5399 2157 5447 et
2198 5392 2304 5447 laeti
2339 5399 2560 5461 propter
2587 5387 2863 5445 Christum
2900 5389 3113 5445 obirent
3133 5430 3146 5456 ,
3176 5401 3233 5444 et
3256 5403 3418 5460 quam
3450 5398 3570 5459 post
3601 5397 3677 5445 tot

2096 5601 2231 5655 trius
2267 5616 2420 5655 usum
2457 5599 2687 5654 afferunt
2720 5596 3193 5669 para-miographi.

2165 5670 2243 5741 (6)
2281 5671 2402 5727 llaec
2429 5672 2480 5726 in
2512 5670 2700 5725 Graeco
2720 5666 2972 5738 pluribus
3002 5666 3317 5721 efferuntur.
