4116 6404
451 335 562 401 883

1687 339 1972 403 MENSIS
2016 339 2471 405 JANUARIUS.

3612 333 3721 402 884

449 460 506 504 et
539 457 686 502 tanta
719 450 979 521 supplicia
1018 451 1192 507 valida
1231 460 1410 508 essent
1451 451 1534 506 eis
1573 465 1824 521 corpora,
1859 455 2030 506 maxi-

2143 454 2318 524 bpt’baa
2343 455 2491 517 ὅπως
2535 452 2636 522 μὲν
2685 451 2914 520 εὔθυμοι
2957 450 3046 506 διὰ
3101 449 3337 520 Χριστὸν
3365 448 3462 502 καὶ
3507 447 3724 519 φαιδροὶ

451 557 569 596 mas
591 541 708 596 illas
743 542 925 613 plagas
967 543 1076 599 cito
1101 542 1457 613 repellentia;
1491 559 1584 598 eos
1619 545 1781 599 veluti
1811 544 2028 613 impati-

447 635 584 689 bihes
611 635 988 690 existimantes
1015 645 1068 689 et
1100 635 1461 700 immortales,
1494 636 1569 690 illi
1598 651 1812 705 quoque
1841 651 2028 690 verum

448 724 618 778 Deum
646 725 1066 792 conﬁtebantur,
1093 734 1148 780 et
1171 725 1276 779 laeti
1303 726 1634 780 accedebant
1661 729 1725 779 ad
1747 727 2028 794 pietatem.

449 815 583 870 Cum
635 817 714 872 sic
745 833 876 890 ergo
921 817 1080 888 longe
1127 817 1325 874 fuisset
1370 817 1598 872 inferior
1629 818 2028 887 Aplirodisius,

449 907 565 960 haec
619 907 950 963 Maximiano
1000 925 1216 978 quoque
1260 910 1659 980 significantur.
1709 910 1802 964 Ille
1851 921 2029 963 autem

447 998 568 1051 eum
623 1015 771 1067 spem
827 1016 1047 1054 onmem
1102 1000 1387 1068 abiecisset
1426 1000 1787 1064 mutationis,
1847 1009 2032 1069 utpote

449 1088 591 1154 quod
637 1087 752 1142 ﬁeri
806 1105 913 1144 non
949 1101 1150 1161 posset,
1195 1101 1308 1145 uta
1340 1107 1436 1146 sua
1470 1091 1737 1146 sententia
1781 1091 2030 1143 traduce-

451 1188 639 1232 rentur
689 1191 995 1251 martyres,
1057 1183 1294 1236 maxime
1357 1196 1480 1236 cum
1515 1196 1581 1234 ex
1629 1196 1696 1235 eo
1739 1180 1920 1250 plures
1962 1180 2030 1233 ad

451 1284 638 1323 eorum
704 1273 1050 1328 traherentur
1100 1275 1388 1344 pietatem,
1449 1274 1515 1327 ad
1565 1283 1883 1343 perpetuum
1940 1290 2033 1329 eus

453 1365 778 1417 condemnat
840 1380 1153 1431 carcerem,
1221 1376 1277 1420 nt
1327 1380 1448 1420 cum
1504 1365 1783 1429 custodia,
1838 1380 1868 1420 a
1923 1381 2031 1434 qua

453 1454 600 1508 rutilo
639 1466 878 1524 tempore
899 1459 1306 1526 egrediiliceret,
1326 1457 1726 1520 extabuissent,
1753 1458 1831 1512 sic
1857 1475 1887 1512 e
1923 1459 2031 1512 vita

451 1547 812 1609 excederent,
872 1547 982 1602 Deo
1044 1548 1149 1604 hoc
1201 1548 1280 1603 eis
1326 1549 1683 1619 providente,
1739 1557 1798 1602 ut
1858 1551 2033 1604 oratio

451 1622 744 1689 Clenientis
775 1652 895 1691 eum
919 1675 934 1701 ,
984 1653 1145 1706 quem
1188 1639 1301 1709 ipse
1331 1647 1586 1710 precatus
1626 1640 1838 1706 fuerat,
1871 1640 2032 1697 tinem

452 1727 757 1794 acciperet,
797 1741 852 1784 et
884 1742 1070 1786 essent
1111 1731 1191 1789 eis
1226 1731 1467 1812 majores.
1504 1733 1746 1804 martyrii
1783 1747 2034 1788 remune-

453 1818 712 1874 rationes.

2135 543 2456 614 περιῄεσαν,
2493 545 2643 607 ὅπως
2679 545 2736 598 δέ
2788 544 2975 607 αὐτοῖς
3025 542 3121 596 ἐπὶ
3167 540 3456 601 τοσαύταις
3492 541 3600 610 ἄρα
3632 543 3748 597 καὶ.

2133 638 2493 708 τηλικαύταις
2522 638 2779 692 κολάσεσι
2810 638 2880 692 τά
2926 641 3156 707 σώματα
3202 636 3435 706 ἐῤῥωτο,
3464 637 3601 704 ταχύ
3626 639 3728 699 τὰς

2133 730 2471 801 ἀνηκέστους
2500 730 2715 801 πληγὰς
2751 731 2967 792 ἐκείνας
2999 728 3366 789 ἀποϐαλόντα,
3408 729 3502 779 καὶ
3537 726 3727 797 ὥσπερ

2135 822 2370 885 ἀπαθεῖς
2401 825 2600 886 αὐτοὺς
2652 826 2747 876 καὶ
2807 823 3107 885 ἀθανάτους
3149 817 3290 874 εἶναι
3324 820 3590 889 οἰόμενοι,
3636 823 3729 874 τὸν

2136 911 2312 982 ἀληθῆ
2366 914 2614 967 κάκεῖνοι
2649 913 2784 965 Θεὸν
2835 913 3173 982 ὡμολόγουν,
3209 911 3302 963 καὶ
3354 913 3421 979 τῇ
3477 911 3732 981 εὐσεϐείᾳ

2135 1003 2422 1073 χαίροντες
2451 1005 2858 1074 προσετίθεντο.
2889 1005 3077 1067 Οὐτως
3110 1001 3204 1056 οὖν
3237 1003 3331 1054 καὶ
3381 1001 3728 1071 Ἀφροδισίου

2140 1097 2281 1164 μετὰ
2344 1094 2548 1165 πολλῆς
2608 1095 2934 1165 ἡττηθέντος
2969 1094 3343 1163 ,περιουσίας.
3395 1092 3731 1162 Μαξιμιανῷ

2136 1187 2234 1239 καὶ
2284 1184 2458 1238 ταῦτα
2509 1186 2587 1256 τῷ
2629 1186 2842 1257 βασιλεῖ
2876 1187 3011 1257 δῆλα
3044 1187 3276 1254 γίνεται.
3333 1186 3392 1239 '0
3433 1185 3491 1238 δέ
3543 1186 3732 1238 πᾶσαν

2136 1275 2330 1328 ἐλπίδα
2365 1277 2676 1347 μεταϐολῆς
2734 1278 3031 1347 ἀπογνοὺς,
3079 1278 3156 1341 ὡς
3214 1277 3476 1331 ἀδύνατον
3527 1276 3587 1328 ὃν
3649 1276 3731 1328 ἐτι

2140 1369 2578 1438 μεταπεισθῆναι
2633 1371 2761 1434 τούς
2803 1371 3112 1440 μάρτυρας,
3167 1369 3343 1432 ἄλλως
3392 1386 3452 1420 τε
3493 1369 3589 1421 καὶ
3648 1369 3732 1420 ὅτι

2138 1461 2360 1526 πλείους
2411 1464 2610 1528 μᾶλλον
2653 1463 2905 1516 ἐντεῦθεν
2948 1463 3293 1516 ἐπισπῶνται
3324 1460 3462 1531 πρὸς
3507 1462 3606 1531 τὴν
3643 1461 3733 1512 εὐ-

2139 1554 2374 1621 σέϐειαν,
2395 1555 2638 1625 διηνεκὲς
2661 1557 2844 1618 αὐτοῖς
2867 1555 3308 1624 καταψηφίζεται
3327 1553 3728 1622 δεσμωτήριον,

2137 1648 2214 1708 ὡς
2255 1646 2322 1702 ἂν
2369 1649 2461 1702 τὸν
2507 1648 2726 1702 ἅπαντα
2755 1648 2948 1719 χρόνον
2995 1651 3063 1720 τῇ
3113 1647 3348 1718 ἀνεξόδῳ
3377 1647 3592 1716 φυλακῇ
3629 1664 3730 1698 κα-

2140 1739 2606 1809 ταμαρανθέντες,
2661 1740 2804 1794 οὕτω
2837 1741 2936 1812 τὴν
2985 1739 3130 1810 ζωὴν
3171 1738 3550 1808 ἀπορῤήξωσι,
3593 1736 3731 1790 Θεοῦ

2063 1817 2111 1877 Β
2140 1829 2234 1883 καὶ
2276 1831 2456 1885 ταῦτα
2514 1831 2648 1904 περὶ
2693 1831 2891 1895 αὐτοὺς
2940 1830 3418 1900 οἱκονομουμένου,
3468 1829 3536 1882 ἵν’
3575 1830 3609 1898 ἦ
3671 1843 3733 1881 τε

449 1909 546 1997 τού
568 1911 888 1983 Κλήμεντος
913 1915 1118 1988 δέησις,
1147 1918 1332 1974 ὁποῖον
1354 1920 1564 1983 ἐκεῖνος
1591 1917 1796 1991 ηὐξατο
1823 1899 2038 1991 δέξηται
2075 1924 2169 1976 καὶ
2237 1926 2435 1996 πέρας,
2484 1899 2601 1980 καὶ-
2622 1924 2868 1997 μείζονες
2935 1899 3136 1990 αὐτοῖς
3165 1899 3242 1980 αῖ
3279 1923 3374 1977 τοῦ
3430 1921 3732 1994 μαρτυρίου

450 1994 677 2076 ἀμοιϐαὶ
718 2009 1005 2078 γένωνται.

1944 2280 2169 2337 CAPUT
2215 2281 2351 2337 XIV.

1594 2489 1652 2544 S.
1693 2489 2040 2560 Agathangeli
2081 2493 2391 2562 martyrium
2432 2493 2677 2562 Ancyra.

529 2691 769 2749 LXXXI.
785 2693 920 2749 Cum
946 2693 1105 2765 longo
1127 2708 1256 2766 ergo
1277 2702 1517 2766 tempore
1534 2695 1614 2751 sic
1634 2696 1832 2750 morati
1849 2703 2035 2750 essent

2211 2697 2342 2750 ΠΜ.
2378 2696 2554 2750 Πολύν
2585 2695 2771 2749 τοίνυν
2795 2694 2940 2748 οὐτω
2963 2696 3028 2765 τῇ
3062 2693 3276 2766 φυλακῇ
3307 2695 3499 2767 χρόνον
3529 2695 3738 2768 διατριο

457 2786 511 2841 in
541 2787 826 2851 custodia,
860 2777 1013 2842 multi
1041 2786 1130 2840 alii
1157 2801 1222 2842 ex
1259 2787 1384 2857 piis,
1409 2789 1502 2856 qui
1535 2789 1859 2859 martyrium
1911 2797 2038 2859 post

2143 2788 2384 2860 ψάντων,
2415 2787 2604 2841 πολλοὶ
2641 2787 2738 2842 καὶ
2781 2786 2934 2842 ἄλλοι
2974 2785 3083 2838 τῶν
3111 2785 3352 2839 εὐσεϐῶν
3385 2785 3614 2858 ὕστερον
3641 2787 3736 2840 τοῦ

455 2894 549 2934 eos
568 2879 975 2945 inchoaveram,
1016 2891 1344 2949 acceperunt
1369 2889 1495 2936 ante
1525 2881 1670 2951 ipsos
1690 2896 2038 2936 consumma-

2147 2879 2452 2950 μαρτυρίου
2485 2879 2809 2952 ἀρξάμενοι,
2846 2878 2954 2951 πρὸ
3002 2877 3185 2932 αὐτῶν
3229 2878 3479 2943 ἐδέξαντο
3522 2880 3622 2950 τὴν
3650 2897 3740 2933 τε·

456 2971 682 3026 tionem.
717 2970 818 3037 Qui
863 2981 1042 3027 autem
1074 2971 1369 3026 Clementis
1398 2981 1454 3027 et
1492 2972 1862 3041 Agatltangeli,
1901 2987 2039 3042 prae-

2143 2971 2382 3025 λείωσιν.
2407 2971 2471 3025 Οἱ
2522 2973 2707 3040 μέντοι
2743 2969 3027 3040 Κλήμεντι
3071 2969 3167 3022 καὶ⁸
3207 2968 3596 3041 ’Ᾱγαθαγγέλῳ
3625 2971 3740 3034 τοῖς

457 3061 729 3117 clarorum
781 3062 1106 3117 athletarum
1139 3063 1383 3133 pietatis,
1425 3073 1584 3117 erant
1625 3079 1655 3117 a
1712 3063 2039 3118 Maximiano

2145 3063 2416 3132 γενναίοις
2453 3063 2555 3133 τῆς
2606 3061 2892 3122 εὐσεϐείας
2943 3062 3274 3130 ἀγωνισταῖς
3296 3061 3604 3131 ἐφεστῶτες
3633 3061 3740 3115 ὐπὸ

459 3155 700 3209 carceris
740 3153 1021 3210 constituti
1075 3156 1351 3220 custodes,
1397 3154 1596 3210 defessi
1647 3156 1904 3211 diuturna
1948 3155 2038 3211 illa

2143 3154 2492 3227 Μαξιμιανοῦ
2525 3154 2958 3225 δεσμοφύλακες,
3017 3155 3084 3224 τῇ
3145 3151 3313 3223 πολλῇ
3368 3152 3554 3224 ἐκείνῃ
3610 3153 3740 3223 περὶ

457 3245 698 3299 carceris
748 3245 988 3300 custodia
1013 3287 1027 3312 ,
1073 3245 1160 3298 vix
1197 3246 1413 3300 tandem
1451 3248 1716 3301 accedunt
1753 3250 1816 3301 ad
1857 3246 2039 3301 Maxi-

2143 3251 2270 3311 τοὺς
2337 3249 2626 3319 μάρτυρας
2684 3246 3014 3310 ὀκλάσαντες
3050 3245 3400 3316 προσεδρείᾳ,
3474 3245 3573 3315 ὀψὲ
3640 3245 3738 3298 καὶ

462 3339 671 3394 minum
719 3340 796 3408 (7)
818 3377 834 3404 ,
875 3341 966 3407 qui
998 3349 1127 3394 tunc
1162 3351 1476 3409 susceperat
1507 3340 1792 3411 imperium
1814 3383 1830 3408 ,
1867 3350 1921 3396 et
1951 3357 2039 3395 ro-

2147 3339 2389 3410 βραδέως
2430 3339 2688 3409 προσίασι
2742 3336 3096 3407 Μαξιμιανῷ,
3149 3336 3456 3406 τηνικαῦτα
3493 3337 3594 3407 τῆς
3642 3336 3740 3408 βα-

463 3440 594 3500 gant
626 3431 820 3500 ecquid
853 3430 1040 3498 iubeat
1068 3430 1134 3485 de
1161 3430 1250 3497 iis,
1285 3447 1419 3500 quos
1449 3431 1631 3486 multis
1671 3435 1827 3488 anuis
1863 3443 2046 3488 tenent

461 3522 693 3588 vinctos,
726 3522 816 3592 qui
853 3522 1179 3577 Christianae
1221 3532 1349 3576 sunt
1377 3522 1652 3592 religionis
1677 3567 1692 3591 ,
1722 3525 1814 3592 qui
1853 3524 2046 3579 diﬂici-

462 3615 591 3669 liter
643 3616 971 3681 moriuntur,
1019 3615 1102 3669 vel
1155 3624 1282 3671 sunt
1329 3616 1510 3684 petius
1557 3616 1909 3674 immortales.
1954 3617 2046 3672 Sic

461 3707 606 3761 enim
659 3705 1012 3761 nominabant
1073 3706 1305 3773 beatos,
1358 3717 1645 3778 pmpterea
1709 3712 1853 3777 quod
1909 3710 2044 3763 m'ala

461 3799 872 3862 sustinuissent,
906 3812 1026 3867 quae
1051 3796 1194 3852 ferre
1221 3814 1324 3853 non
1355 3810 1533 3868 potest
1562 3799 1793 3853 humana
1825 3812 2042 3855 natura.

461 3888 788 3944 ilaximinus
818 3899 998 3944 autem
1036 3905 1156 3943 rum
1188 3890 1336 3956 prius
1368 3907 1493 3945 suos
1523 3891 1652 3947 deos
1685 3892 2046 3956 multis’ginse-

462 3989 640 4035 ctatus
674 3981 862 4036 fuisset
905 3981 1229 4049 maledictis,
1263 3983 1404 4053 quod
1439 3998 1546 4037 non
1572 3985 1876 4052 potuissent
1906 4000 2044 4053 prte-

403 4112 418 4122 α
463 4087 670 4130 sentem
696 4075 802 4130 illis
836 4076 1004 4129 vitam
1029 4075 1292 4140 adimere,
1331 4077 1523 4132 deinde
1565 4078 1730 4132 etiam
1762 4079 2046 4146 qumsivis-

463 4175 546 4221 set
597 4167 664 4221 de
717 4167 972 4232 civitate,
1029 4167 1083 4222 in
1143 4183 1248 4239 qua
1291 4168 1400 4222 nati
1455 4176 1510 4223 et
1554 4183 1617 4223 ex
1672 4184 1776 4238 qua
1818 4168 2044 4239 profecti

465 4259 714 4326 fuerant,
761 4268 812 4316 et
863 4259 1143 4330 cuiusnam
1195 4270 1374 4316 essent
1407 4262 1662 4331 generis,
1704 4277 1825 4317 cum
1859 4277 1954 4318 eos
1996 4272 2048 4316 et

469 4351 695 4408 Galatas
734 4367 857 4409 esse
886 4353 1261 4422 intellexisset,
1293 4363 1349 4409 et
1378 4369 1445 4409 ex
1475 4355 1695 4410 civitate
1727 4355 2011 4426 Ancyrana
2031 4396 2046 4419 ,

465 4445 533 4498 ad
567 4443 793 4500 Lucium
834 4459 929 4501 eos
980 4445 1146 4502 mittit
1179 4446 1461 4517 praesidem
1509 4464 1522 4500 :
1566 4447 1612 4502 is
1641 4447 1784 4503 enim
1820 4456 1947 4502 tunc
1996 4448 2044 4501 ei

465 4545 718 4605 praeerat.
764 4534 840 4591 Ita
884 4538 1230 4603 cognoscitur
1273 4539 1537 4593 Dominus
1565 4538 1768 4608 judicia
1820 4539 2044 4604 faciens,

465 4627 556 4696 qui
593 4636 858 4698 martyres
889 4644 1107 4700 quoque
1141 4641 1262 4699 post
1305 4637 1388 4686 tot
1413 4639 1467 4684 et
1501 4638 1647 4685 tanta
1685 4630 1924 4700 pericula
1948 4670 1962 4695 ,
1995 4631 2043 4686 ei

465 4734 676 4784 rursus,
709 4734 830 4788 quae
857 4735 952 4776 eos
971 4720 1188 4788 tulerat,
1214 4723 1281 4779 iis
1310 4723 1506 4793 quibus
1535 4722 1650 4793 ipse
1678 4724 1827 4779 novit
1851 4723 2043 4787 modis,

468 4809 725 4864 restituit.
759 4809 836 4866 Illi
874 4825 1003 4883 ergo
1027 4828 1149 4868 cum
1178 4812 1366 4869 Tarsis
1398 4813 1604 4888 egressi
1635 4821 1841 4879 essent,
1875 4813 2044 4868 alacri

468 4901 603 4968 pede
641 4900 994 4956 confecerunt
1035 4904 1176 4958 viam
1217 4919 1336 4974 quae
1371 4903 1475 4960 fert
1504 4905 1558 4960 in
1608 4906 1861 4976 patriam.
1908 4906 2044 4960 Cum

469 4996 702 5062 primum
737 5003 919 5049 autem
947 4995 1196 5058 viderunt
1222 4998 1494 5068 Ancyram
1516 5037 1532 5062 ,
1565 4997 1829 5052 sistuutur
1865 5011 2047 5052 coram

463 5084 692 5150 praeside
722 5085 910 5141 Lucio.
965 5084 1061 5141 llle
1089 5102 1223 5142 vero
1248 5103 1368 5142 cum
1408 5104 1509 5144 nec
1545 5090 1625 5144 eis
1653 5088 1872 5158 quidem
1898 5087 2049 5158 prius

463 5175 715 5244 loquendi
741 5175 961 5232 fecisset-
983 5187 1325 5246 potestatem,
1351 5190 1480 5234 tunc
1505 5194 1600 5235 eos
1626 5179 1848 5249 quidem
1873 5180 2048 5236 valide

467 5266 696 5321 includit
738 5269 789 5320 in
826 5266 990 5338 ligno,
1019 5268 1196 5338 lapide
1230 5271 1446 5340 utrique
1475 5271 1715 5343 alligato,
1750 5270 1823 5324 ita
1857 5279 1912 5325 ut
1944 5286 2049 5327 nec

447 5355 568 5427 ‘ipsi
623 5358 841 5429 quidem
896 5370 1118 5432 possent
1167 5364 1390 5418 omnino
1430 5363 1669 5431 moveri,
1729 5377 1831 5418 nec
1880 5379 2042 5418 crura

462 5451 776 5506 extendere.

541 5699 616 5772 (7_)
651 5696 898 5772 _Si'ﬁn_on
953 5715 1094 5755 anno
1147 5703 1336 5759 ultimo
1401 5703 1618 5772 imperii
1677 5702 2035 5768 Diocletiani,

465 5767 664 5822 Christi
732 5768 874 5834 504,
929 5772 1093 5828 occisi
1143 5785 1268 5828 sunt
1315 5767 1520 5842 sancti,
1579 5776 1673 5830 sed
1716 5774 1820 5831 309
1853 5774 2038 5844 (quod

2145 3429 2351 3491 σιλείας
2399 3427 2811 3500 ἐπειλημμένῳ,
2841 3429 2958 3494 καὶ,
2991 3427 3058 3482 Τί
3092 3430 3221 3499 περὶ
3262 3422 3340 3482 ὦν
3363 3429 3456 3481 ἐπὶ
3521 3428 3739 3492 πολλοῖς

2143 3522 2244 3591 ἤδη
2269 3523 2486 3591 χρόνοις
2516 3519 2714 3591 ἔχομεν
2749 3520 3068 3587 δεσμωτῶν,
3094 3521 3192 3591 τῆς
3235 3520 3346 3575 τῶν
3390 3521 3737 3590 Χριστιανῶν

2145 3612 2316 3666 ὅντων
2349 3611 2673 3688 θρησκείας,
2702 3613 3052 3666 δυσθανάτων
3101 3613 3317 3683 ἀληθῶς
3359 3613 3392 3684 ἣ
3453 3613 3740 3666 ἀθανάτων

2146 3698 2456 3768 ἐπιτάττεις
2478 3721 2493 3769 ;
2521 3705 2773 3776 ἠρώτων.
2798 3704 2955 3758 Οὕτω
2976 3704 3083 3776 γὰρ
3107 3705 3234 3769 τοὺς
3267 3706 3568 3776 μακαρίους
3597 3704 3736 3758 ὠνό-

2149 3797 2321 3864 μαζον
2367 3797 2456 3850 διὰ
2500 3799 2560 3850 τὸ
2603 3797 2780 3866 μείζω
2807 3797 3025 3867 φύσεως
3053 3797 3403 3868 ἀνθρωπίνης
3449 3799 3740 3865 ὑπομεῖναι

2145 3889 2214 3941 τὰ
2247 3887 2480 3958 χαλεπά.
2500 3887 2850 3958 Μαξιμιανὺς
2874 3886 2967 3942 οὖν
2995 3887 3165 3941 πολλά
3186 3888 3311 3951 τούς
3347 3887 3543 3940 ἐαυτοῦ
3581 3886 3739 3950 θεοὺς

2147 3979 2415 4050 πρότερον
2446 3979 2873 4050 βλασφημήσας,
2904 3980 2984 4032 ὅτι
3019 3979 3095 4049 μὴ
3136 3980 3236 4049 τῆς
3278 3978 3738 4050 παρούσης’ζωῆς

2150 4073 2524 4140 ὑπεξαγαγεῖν
2548 4071 2793 4136 ἐκείνους
2821 4071 3108 4142 ἠδύναντο,
3130 4067 3252 4125 εἶτα
3301 4073 3395 4126 καὶ
3434 4071 3535 4142 τὴν
3583 4072 3739 4124 πόλιν

2149 4165 2208 4215 ἐν
2310 4180 2370 4216 τε
2395 4164 2654 4231 γεγόνασι
2701 4164 2798 4217 καὶ
2832 4163 2954 4218 ὅθεν
2985 4161 3297 4235 ῶρμηνται,
3346 4165 3439 4217 καὶ
3486 4163 3547 4217 τὸ
3584 4163 3742 4231 γένος

2148 4255 2323 4308 ὁποῖοί
2368 4254 2512 4317 τινές
2547 4256 2686 4308 εἰσιν
2711 4253 3044 4324 ἐκζητήσας,
3080 4256 3204 4308 ἐπεὶ
3253 4256 3500 4319 Γαλάτας
3542 4256 3741 4320 αὐτοὺς

2151 4341 2292 4398 εἶναι
2347 4344 2508 4414 μάθοι
2540 4345 2638 4397 καὶ
2665 4347 2782 4414 ’τῆς
2831 4346 3187 4415 Ἀγκυρανῶν
3239 4346 3472 4411 πόλεως,
3523 4347 3741 4414 Δουκίῳ

2153 4433 2349 4496 αὐτοὺς
2390 4432 2774 4496 ἐξαποστέλλει
2809 4434 2887 4503 τῷ
2921 4437 3150 4504 ἡγεμόνι
3179 4454 3192 4467 '
3239 4431 3395 4501 οὗτος
3435 4439 3543 4507 γὰρ
3587 4455 3741 4505 τηνι-

2153 4525 2329 4579 καῦτα
2367 4524 2536 4594 αὐτῆς
2567 4519 2754 4594 ἦρχεν.
2783 4525 2940 4580 Οὐτω
2986 4527 3314 4595 γινώσκεται
3374 4529 3578 4600 Κύριος
3612 4529 3740 4598 κρί-

2156 4636 2303 4689 ματα
2339 4617 2529 4682 ποιῶν,
2561 4618 2617 4680 ὃς
2649 4635 2712 4686 γε
2755 4619 2819 4688 δὴ
2869 4619 2966 4673 καὶ
3008 4619 3136 4683 τοὺς
3171 4623 3456 4692 μάρτυρας
3487 4621 3623 4690 μετά
3647 4635 3741 4672 το-

2155 4710 2378 4773 σούτους
2411 4711 2504 4763 καὶ
2529 4709 2887 4779 τηλικούτους
2921 4709 3225 4775 κινδύνους,
3279 4713 3345 4781 τῇ
3389 4710 3738 4780 ἐνεγκαμένῃ

2152 4803 2315 4857 πάλιν
2365 4797 2448 4865 οἷς
2503 4798 2610 4854 οἶδε
2651 4802 2872 4872 τρόποις
2923 4803 3087 4866 αὐτὸς
3113 4803 3458 4858 ἀποδίδωσιν.
3508 4803 3739 4856 Ἐκεῖνοι

2149 4895 2245 4950 οὖν
2297 4895 2415 4965 μετ’
2466 4893 2820 4963 εὐχαριστίας
2867 4893 3182 4965 ἀπάραντες
3211 4895 3312 4964 τῆς
3347 4894 3565 4965 Ταρσοῦ
3603 4885 3740 4965 προ-

2153 4989 2312 5058 θύμῳ
2361 4985 2484 5038 ποδὶ
2515 4985 2615 5056 τὴν
2644 4985 2738 5036 ἐπὶ⁷
2789 4985 2888 5055 τὴν
2939 4987 3176 5056 πατρίδα
3227 4988 3502 5057 φέρουσαν
3551 4987 3733 5056 ἤνυον.

2165 5078 2332 5148 Ὁμοῦ
2365 5077 2421 5129 δέ
2441 5076 2541 5145 τὴν
2579 5075 2864 5145 ’Ἄγκυραν
2901 5073 3062 5143 εἶδον,
3095 5079 3197 5132 καὶ·
3221 5077 3357 5148 ὁμοῦ
3395 5077 3476 5148 τῷ
3505 5075 3736 5147 ἡγεμόνι

2149 5168 2367 5238 Λουκίῳ
2418 5167 2829 5239 παρίστανται·
2865 5169 2894 5220 ὁ
2954 5169 3012 5221 δὲ
3068 5168 3204 5239 μηδέ
3257 5169 3419 5235 λόγου
3469 5169 3734 5238 πρότερον

2148 5263 2334 5323 αὐτοῖς
2394 5259 2659 5329 μεταδοὺς
2716 5261 2838 5312 τότε
2879 5259 2979 5329 μὲν
3035 5260 3294 5329 ἀσφαλῶς
3343 5263 3400 5314 ἐν
3454 5259 3531 5331 τῷ
3589 5259 3734 5329 ξύλῳ

2152 5353 2352 5415 αὐτοὺς
2397 5351 2758 5417 κατακλείει,
2811 5352 2960 5405 λίθον
3010 5353 3277 5422 ἐκατέρου
3325 5353 3598 5423 ἐκδήσας,
3661 5351 3734 5414 ὦς

2153 5449 2288 5521 μηδέ
2305 5447 2573 5502 κινεῖσθαι
2595 5447 2730 5511 ὅλως
2756 5448 2977 5514 αὐτοὺς,
3008 5449 3142 5519 μηδέ
3158 5448 3465 5502 ἀποτείνειν
3484 5448 3550 5500 τὰ
3565 5444 3730 5512 σκέλη

2145 5543 2425 5597 δύνασθαι.

2153 5703 2293 5758 alias
2328 5700 2664 5770 disputatum
2690 5700 2729 5770 ),
2765 5700 2830 5770 iis
2889 5695 3462 5770 GaleriiHMaximiani
3501 5695 3729 5765 quintus

2150 5774 2282 5829 fuit.
2334 5767 2496 5842 quem
2546 5767 2698 5824 multi
2748 5769 3063 5825 Graecorum
3108 5767 3457 5823 Maximinum
3509 5773 3724 5820 vocant.
