4116 6424
453 382 561 446 885

1476 381 1652 442 VlTA
1694 383 1752 442 S.
1797 380 2230 443 CLEMENTIS
2267 385 2675 447 ANCYRANI.

3605 385 3715 449 886

518 495 640 547 ﬂB’.
673 492 785 560 Τῆς
811 491 868 544 δέ
898 490 1163 561 ἐπιούσης
1195 494 1688 565 μεταστειλάμενος
1709 496 1799 547 τὸν
1823 494 2022 562 Ἀγαθ-

2203 495 2463 551 LXXXII.
2500 497 2758 566 Sequenti
2783 505 2961 551 autem
2979 497 3064 551 die
3085 493 3351 549 accersito
3371 492 3713 564 Agathange-

444 586 701 654 άγγελον,
750 579 906 648 Οἶδα,
957 584 1147 652 φησιν,
1193 582 1269 646 ὡς
1300 584 1360 636 οὺ
1390 584 1478 637 διὰ
1507 587 1864 654 κακουργίαν,
1891 587 2027 639 ἀλλὰ

441 662 623 746 ψυχῆς
652 675 906 728 εὐκολίαν
946 676 1044 728 καὶ
1088 674 1309 744 τρόπων
1354 676 1656 744 ἁπλότητα,
1706 677 1881 740 οὕτως
1923 678 2029 729 ὑπὸ

443 769 537 821 τοῦ
570 766 837 836 συνήθους
864 766 1146 836 ὴπάτησαι
1175 765 1513 835 Κλήμεντος,
1548 766 1688 820 ὥστε
1724 769 1822 822 καὶ
1852 769 2031 831 δοκεῖς

446 865 557 923 τοῖς
587 860 806 923 πολλοῖς
838 859 1049 914 οἴκοθεν
1082 858 1229 930 ἔχειν
1264 863 1325 913 τὴ
1377 858 1512 912 λίανι
1548 860 1850 926 φιλόνεικον
1880 878 1894 891 ο
1935 863 2028 913 καὶ

450 951 766 1022 θαυμαστὸν
801 950 974 1013 οὐδὲν,
1014 953 1063 1003 εἰ
1089 949 1269 1020 φαύλη
1295 949 1552 1019 συνήθεια
1576 949 1758 1020 χρόνῳ
1779 949 2032 1020 καθάπερ

449 1062 535 1101 τις
578 1043 733 1105 νόσος
781 1042 1179 1113 ἐνσκιρωθεῖσα
1231 1041 1536 1112 μεταϐολὴν
1573 1043 1867 1113 εἰργάσατο
1893 1042 2032 1109 γνώο

458 1146 583 1205 μης·
610 1131 735 1184 ἐπεὶ
779 1133 874 1215 καὶ
894 1132 1048 1202 ῥανὶς
1097 1130 1290 1191 ὕδατος
1317 1131 1617 1215 ἐνδελεχῶς
1638 1131 2029 1196 ἐπιστάζουσα,

455 1225 553 1279 καὶ
619 1212 843 1293 πέτραν
883 1218 1048 1289 οἶδεν,
1103 1223 1180 1286 ὡς
1239 1212 1420 1291 λόγος,
1473 1222 1795 1277 κοιλαίνειν.
1875 1223 2035 1277 Ἀλλὰ

457 1308 615 1369 τὸςτο
665 1315 730 1383 δή
765 1331 859 1366 σου
911 1315 973 1366 τὸ
1024 1314 1297 1379 εὐπειθὲς,
1365 1315 1762 1383 Ἀγαθάγγελε,
1814 1316 2036 1385 χάρισαί

463 1421 591 1457 ποτε
619 1407 713 1457 καὶ
748 1406 900 1474 ἡμῖν,
939 1406 1119 1475 πολλῷ
1145 1406 1586 1475 λυσιτελέστερόν
1611 1424 1671 1459 τε
1698 1407 1794 1460 καὶ
1829 1407 2037 1460 δικαιό-

461 1510 640 1564 τερον,
671 1494 900 1560 ἄγγελος
931 1496 1062 1563 ἡμῖν
1085 1495 1289 1563 ἀγαθὸς
1319 1495 1460 1549 κατὰ
1486 1498 1586 1564 τὴν
1613 1495 1806 1565 κλῆσιν
1851 1493 2034 1563 γενοῦ,

464 1586 563 1652 τὴν
619 1584 828 1638 οἰκείαν
887 1584 1107 1655 μηνύων
1175 1585 1511 1656 ἐπιστροφὴν
1560 1587 1653 1638 καὶ
1725 1586 2038 1655 μετάνοιαν.

466 1676 643 1746 “pagi
668 1676 841 1735 ταῦτα
889 1677 918 1728 ὁ
968 1677 1365 1745 Ἀγαθάγγελος
1389 1694 1404 1708 ο
1444 1678 1599 1746 Ἐμοὶ
1631 1678 1729 1746 τὴν
1760 1677 2037 1743 ἐσκτασιν,

467 1767 596 1836 εφη,
648 1767 854 1837 ταύτην
882 1767 995 1821 οὔτ’
1021 1769 1239 1821 εὐκολία
1259 1767 1507 1843 γνώμης,
1563 1768 1687 1822 οὔτε
1738 1771 2043 1840 κακουργία

2138 588 2190 640 Io
2214 609 2228 643 :
2253 586 2402 650 Scio,
2423 589 2616 656 inquit,
2636 590 2777 657 quod
2810 605 2912 643 non
2935 599 3153 659 propter
3172 586 3591 655 improbitatem,
3622 588 3714 641 sed

2140 691 2358 748 promer
2389 681 2554 734 animi
2586 679 2898 734 facilitatem
2944 692 2996 736 et
3032 696 3240 734 morum
3274 677 3672 747 simplicitatem
3700 715 3714 736 ,

2138 775 2394 839 deceptus
2425 786 2484 824 es
2515 786 2544 825 a
2579 782 2686 843 tuo.
2705 771 2956 824 familiari
2989 771 3286 825 Clemente.
3335 767 3600 836 Querirca
3634 767 3717 820 vi-

2139 863 2283 913 deris
2325 861 2507 914 multis
2553 861 2750 915 habere
2787 862 3034 914 innatum
3082 862 3306 914 nimium
3353 858 3714 915 contendendi

2139 952 2394 1005 studium.
2441 951 2556 1005 Non
2609 964 2690 1006 est
2724 964 2903 1007 autem
2951 954 3144 1005 mirum
3170 991 3184 1014 ,
3221 952 3266 1004 si
3318 950 3453 1004 mala
3487 965 3716 1004 consne~

2142 1045 2303 1109 tudo,
2339 1060 2460 1114 quae
2503 1045 2668 1097 veluti
2709 1046 2930 1098 morbus
2973 1046 3189 1111 quidam
3242 1052 3486 1112 tempore
3519 1043 3714 1097 callum

2141 1140 2387 1202 obduxit,
2433 1140 2723 1194 mutaverit
2758 1139 3107 1194 sententiam.
3155 1137 3288 1192 Nam
3326 1148 3476 1206 gutta
3509 1151 3721 1204 quoque

2143 1244 2296 1298 aqua:
2323 1231 2544 1284 assidue
2571 1231 2836 1285 distillaos
2856 1272 2870 1297 ,
2896 1238 3104 1301 petram
3129 1243 3348 1299 quoque
3375 1229 3477 1281 scit
3503 1242 3719 1293 cavare,

2144 1330 2205 1375 ut
2250 1323 2469 1376 dicitur.
2522 1323 2628 1377 Sed
2678 1324 2820 1377 hanc
2873 1333 3018 1375 tuam
3050 1322 3121 1375 "ad
3178 1334 3383 1374 morem
3425 1319 3721 1389 gerendum

2147 1411 2460 1466 facilitatem
2513 1414 2668 1467 nobis
2697 1428 2912 1482 quoque
2938 1412 3228 1481 aliquando
3277 1411 3534 1475 concede,
3584 1411 3723 1478 Aga-

2148 1502 2429 1571 thangcle,
2485 1503 2640 1574 longe
2673 1504 2940 1558 utiliorem
2987 1503 3348 1569 ctjnstiorem
3374 1546 3389 1568 ,
3436 1512 3491 1556 et
3527 1517 3726 1558 conve-

2149 1595 2359 1648 nienter
2383 1605 2474 1647 tuo
2516 1596 2721 1649 nomini
2765 1597 2842 1650 sis
2883 1595 3038 1649 nobis
3086 1595 3257 1647 bonus
3290 1595 3546 1657 nuntius,
3586 1611 3724 1648 nun-

2150 1686 2289 1738 tians
2322 1687 2731 1740 conversionem
2809 1687 3081 1756 prepriam
3128 1696 3181 1739 et
3215 1684 3608 1753 ptenitentiam.
3648 1684 3725 1739 Ad

2152 1777 2267 1830 haec
2322 1777 2722 1846 Agathangelus
2774 1795 2787 1831 :
2841 1777 3004 1841 Mihi,
3053 1776 3258 1846 inquit,
3308 1779 3445 1830 hatte
3473 1786 3727 1831 οοιιειιιι-

470 1859 793 1930 πεποίηκεν,
840 1859 956 1912 ἀλλ’
989 1861 1069 1913 ὃτι
1111 1861 1209 1930 μὲν
1272 1861 1334 1913 οὐ
1382 1862 1709 1931 κακουργία,
1760 1861 1855 1915 καὶ
1884 1862 2045 1924 αὐτὸς

2155 1865 2280 1919 tiam
2323 1880 2423 1920 nec
2455 1866 2618 1919 animi
2672 1865 2799 1920 fecit
2833 1865 3087 1926 facilitas,
3125 1880 3220 1917 nec
3250 1864 3585 1932 improbitas.
3619 1862 3726 1916 Sed

471 1951 570 2022 ἤδη
605 1952 818 2019 φθάσας
844 1951 1279 2021 διωμολόγησας.
1334 1952 1458 2004 ’Ότι
1495 1952 1552 2006 δὲ
1601 1952 1764 2006 πάλιν
1818 1953 1939 2006 ούδέ
1985 1953 2046 2006 τὸ

471 2046 584 2107 τοῖς
613 2043 867 2114 τυχοῦσιν
916 2046 1153 2106 εὐκόλως
1191 2043 1499 2108 πείθεσθαι,
1561 2046 1721 2114 δῆλον
1751 2045 2003 2100 ἐντεῦθεν
2030 2063 2050 2107 ’τ

472 2133 591 2196 πῶς
645 2134 757 2206 γὰρ
809 2133 876 2188 ἂν
939 2134 1075 2204 πρὸς
1121 2135 1407 2197 τοσούτους
1455 2136 1712 2207 ἀντέσχον
1750 2139 2046 2208 ἡγεμόνας,

473 2224 556 2278 ἐτι
587 2224 644 2279 δέ
671 2226 765 2279 καὶ
791 2225 954 2279 αὐτὸν
983 2225 1207 2297 βασιλέα
1236 2226 1285 2280 οἳ
1318 2227 1384 2296 μέ
1428 2230 1522 2281 καὶ
1587 2228 1684 2281 σὺν
1731 2229 1849 2297 ἅμα
1898 2231 2046 2301 Κλή-

477 2334 652 2386 pavet,
708 2318 805 2371 καὶ
856 2317 964 2389 ἰδίᾳ
1022 2318 1184 2372 πάλιν
1236 2318 1603 2382 ἀπολαϐόντες
1652 2321 1908 2389 οὐδεμιᾶς
1948 2323 2046 2376 ὰπ-

474 2408 694 2479 έσχοντο
724 2410 994 2479 μηχανῆς,
1046 2409 1181 2464 ἀλλὰ
1233 2410 1327 2463 καὶ
1378 2410 1712 2479 ὑποσχέσεσι
1772 2410 2050 2477 δελεάσαι,

478 2501 573 2554 καὶ
602 2501 854 2564 ἀπειλαῖς
886 2502 1256 2572 καταπλῆξαι,
1297 2502 1394 2555 καὶ
1431 2502 1689 2556 κολάσεσι
1725 2505 2053 2574 μεταπεῖσαι

477 2595 615 2665 πρὸς
651 2594 772 2665 βίαν
815 2595 1087 2649 ἔσπευσαν
1116 2613 1133 2661 ;
1168 2596 1321 2666 Μήτε
1346 2591 1441 2649 οὖν
1469 2597 1740 2662 εὐκολίαν,
1768 2602 1906 2666 μήτε
1955 2614 2055 2651 κα-

479 2686 765 2758 κουργίαν,
795 2677 929 2739 άῗίλά
970 2687 1162 2754 σοφίαν
1198 2688 1399 2756 μᾶλλον
1427 2688 1518 2740 καὶ
1541 2686 1792 2758 ἀνδρείαν
1820 2686 2053 2755 ὀνόμαζε

479 2780 549 2833 τὰ
580 2779 807 2833 τοιαῦτα
842 2799 856 2813 ·
893 2780 1086 2849 σοφίαν
1135 2780 1255 2850 μὲν,
1372 2780 1480 2832 τῶν
1526 2779 1900 2850 φθειρομένων
1932 2778 2056 2831 τού-

480 2887 590 2923 των
643 2870 712 2923 τὰ
762 2869 974 2924 ἑστῶτα
1031 2872 1127 2924 καὶ
1186 2870 1413 2939 μένοντα
1470 2868 1901 2940 προαιρούμεθα,
1962 2870 2057 2922 καὶ

386 2968 399 2983 ⁶
480 2961 606 3024 τοὺς
630 2959 844 3030 ψευδεῖς
885 2962 1039 3031 ὑμῶν
1080 2960 1236 3023 θεοὺς
1280 2962 1376 3013 καὶ
1404 2960 1689 3028 κιίῑδήλους
1720 2957 2056 3028 ἀποστρεφόο

483 3070 657 3123 μενοι,
675 3053 753 3124 τῷ
775 3052 939 3117 ζῶντι
969 3052 1115 3122 μόνῳ
1147 3054 1243 3104 καὶ
1267 3053 1458 3120 ἀληθεῖ
1483 3051 1602 3121 Θεῷ
1626 3050 2053 3122 προσανέχομεν’

480 3145 733 3215 ἀνδρείαν
753 3145 832 3207 δὲ,
863 3143 932 3199 δι’
961 3140 1027 3215 ἦς
1053 3144 1394 3214 τηλικούτοις
1426 3144 1567 3215 ὑπὲρ
1603 3142 1839 3216 Χριστοῦ
1879 3142 2057 3197 κινδύ-

480 3254 593 3301 νοις
622 3237 1037 3307 διαπαλαίομεν,
1078 3236 1174 3290 καὶ
1218 3236 1408 3306 ὥσπερ
1447 3237 1617 3290 ὕπνου
1646 3235 1789 3297 τινὸς
1819 3235 1913 3288 τοῦ
1963 3234 2057 3288 θα-

482 3325 649 3378 νάτου
698 3328 1168 3396 καταφρονοῦμεν.
1226 3325 1365 3380 υῦτε
1427 3322 1520 3379 οὖν
1567 3326 1798 3396 Κλήμης
1847 3327 1992 3379 ἐστὶν
2029 3326 2059 3377 ὁ

482 3415 686 3468 πείθων
736 3415 858 3484 ἐμὲ,
912 3415 1048 3469 ἀλλὰ
1113 3416 1349 3484 Χριστὸς
1408 3415 1543 3469 πολὺ
1593 3415 1914 3486 πρότερονὸ
1970 3414 2059 3467 διὰ

486 3507 807 3576 Κλήμεντός
849 3523 915 3576 με
957 3507 1494 3577 προσκαλεσάμενος.
1537 3507 1650 3559 Οὐκ
1682 3504 2055 3577 ἐξηπατήθην,

484 3597 623 3651 ἀλλὰ
666 3598 765 3665 τῆς
811 3597 1029 3664 ἀπάτης
1079 3596 1278 3666 μᾶλλον
1327 3597 1591 3666 ἀπέστην,
1649 3591 1716 3667 ἦς
1756 3595 2058 3663 ἀποστῆναι

486 3688 581 3740 καὶ
610 3687 754 3756 ὑμᾶς
781 3685 1032 3756 εὔχομαι,
1082 3686 1304 3752 ἀγαθὸς,
1352 3688 1400 3738 εἰ
1445 3684 1743 3754 βούλοισθε,
1785 3686 1879 3738 καὶ
1932 3685 2060 3757 ὑμῖν

485 3777 715 3846 ἅγγελος
741 3777 839 3846 τῆς
874 3776 1125 3847 ἀληθείας
1155 3776 1460 3844 γινόμενος.

561 4042 686 4099 III".
731 4044 918 4097 Ταῦτα
964 4045 1060 4096 τοῦ
1110 4042 1515 4111 Ἀγαθαγγέλου
1553 4041 1934 4107 διεξελθόντος,
1976 4042 2060 4093 ἐλ-

488 4136 639 4198 πίδος
661 4136 747 4189 ἐπ’
775 4134 924 4204 αὐτῷ
963 4133 1145 4200 πάσης
1199 4135 1227 4187 ὁ
1269 4131 1495 4203 ἡγεμὼν
1528 4130 1791 4193 ἀποστὰς,
1839 4130 2060 4199 σιδηρᾶς

489 4236 555 4278 τε
584 4225 817 4295 περόνας
866 4223 1106 4294 ἰσχυρῶς
1135 4223 1276 4290 ἄγαν
1311 4221 1725 4292 ἐκπυρωθείσας
1761 4222 1901 4272 κατὰ
1957 4219 2063 4271 τῶν

490 4317 701 4370 ἐκείνου
735 4313 889 4367 ὤτων
919 4312 1202 4383 ἐμϐάλλει,
1241 4313 1339 4366 καὶ
1359 4311 1649 4381 λαμπάδας
1675 4310 1906 4380 ἄφθονον
1935 4325 2030 4380 τρε

490 4406 697 4475 φούσας
735 4406 797 4458 τὸ
824 4404 961 4475 πῦρ,
988 4407 1111 4467 ταῖς
1144 4405 1409 4473 πλευραῖς
1448 4404 1740 4472 ἑκατέραις
1774 4403 2058 4471 προσάγει.

489 4498 750 4569 Δριμείας
775 4495 868 4550 οῦν
895 4499 958 4549 ἐκ
990 4495 1100 4549 τῶν
1132 4493 1286 4548 ὢτων
1315 4494 1507 4564 ὀδύνης
1539 4494 1878 4563 στρεφούσης
1924 4493 2066 4545 ἔνδυτ-

490 4592 584 4643 θεν
616 4589 708 4644 τὸν
736 4589 1065 4659 ἐγκέφαλον,
1094 4589 1188 4642 καὶ
1207 4586 1416 4641 καπνοῦ
1447 4587 1542 4639 καὶ
1569 4586 1877 4657 σκοτοδίνης
1903 4587 2063 4639 αὑτὸν

490 4678 875 4749 ὲμπιπλώσης,
914 4677 1201 4746 ἐκαρτέρει
1235 4674 1503 4743 γενναίως
1529 4677 1558 4728 ό
1588 4677 1800 4746 μάρτυς
1829 4677 2065 4745 Χριστὸν

488 4771 789 4841 ὁμολογῶν,
820 4771 917 4824 καὶ
946 4770 1107 4839 μόνον
1152 4768 1315 4820 αὐτὸν
1353 4769 1437 4830 εἰς
1478 4767 1801 4834 ἐπικουρίαν
1833 4766 2015 4820 καλῶν
2048 4808 2061 4829 ,

490 4864 758 4927 Δέσποτα,
788 4862 1029 4932 κράζων,
1068 4859 1244 4931 Ἰησοῦ
1289 4857 1514 4931 Χριστέ,
1568 4857 1644 4928 μὴ
1683 4859 1955 4927 στερήσῃς
1997 4876 2063 4926 με

489 4955 588 5024 τῆς
621 4952 897 5023 μακαρίας
926 4951 1141 5022 ἐκείνης
1187 4950 1295 5004 τῶν
1328 4949 1613 5005 ἀθανάτων
1656 4948 1876 5010 ἀγαθῶν
1929 4953 2064 5002 duo.

490 5044 758 5108 λαύσεως,
810 5042 948 5096 ἀλλὰ
975 5043 1098 5105 δοὺς
1136 5041 1417 5110 ὑπομονήν
1457 5057 1546 5110 μοι
1600 5041 1697 5093 καὶ
1744 5041 2062 5110 καρτερίαν,

489 5135 585 5188 καὶ
612 5134 834 5197 τελείως
859 5132 1057 5186 άνῦσαί
1093 5147 1161 5202 με
1203 5131 1295 5185 τὸν
1334 5131 1534 5203 δρόμον
1581 5130 1681 5200 τῆς
1729 5133 1828 5198 σῆς
1874 5130 2063 5198 ὁμολο-

489 5225 614 5293 γίας
668 5224 1039 5291 καταξιώσας,
1089 5222 1497 5292 συναρίθμησόν
1542 5236 1610 5289 με
1657 5220 1736 5290 τῷ
1773 5220 1944 5291 δούλῳ
1969 5237 2064 5274 σου

490 5316 789 5386 Κλήμεντι,
837 5316 933 5369 καὶ
967 5315 1138 5368 πᾶσιν
1185 5314 1234 5367 οῖ
1266 5312 1362 5366 τοῦ
1398 5311 1491 5365 σοῦ
1541 5311 1749 5376 ἐνδόξου
1802 5312 2064 5381 ὀνόματος

490 5407 899 5479 ὐπερὴθλησαν,
943 5408 1027 5460 ὅτι
1062 5405 1307 5473 ἐξέλιπεν
1338 5404 1371 5473 ἡ
1427 5402 1584 5473 ἰσχύς
1624 5420 1747 5472 μου,
1776 5401 1890 5473 ήδέ
1916 5402 2063 5473 ψυχή

494 5516 597 5568 μου
626 5502 720 5553 ἐπὶ
758 5502 845 5552 aa".
895 5499 1113 5569 ῆλπισε.
1169 5494 1358 5551 Ταῦτα
1388 5496 1417 5546 ὁ
1472 5494 1570 5566 μὲν
1597 5493 1817 5565 ηύχετο,
1846 5493 1979 5557 Θεὸς
2006 5494 2061 5547 δέ

488 5591 693 5645 ἄνωθεν
723 5591 985 5644 ἐπετέλει.

564 5776 686 5831 ιη’.
718 5776 827 5829 Καὶ
866 5776 1026 5845 γνοὺς
1063 5777 1089 5829 ὁ
1119 5772 1339 5845 ἡγεμὼν
1370 5772 1444 5838 ὡς
1470 5770 1576 5844 ἄρα
1606 5771 1666 5827 ού
1703 5771 1863 5842 μόνον
1912 5770 2065 5824 οὐδὲν

2146 1959 2289 2025 quod
2324 1972 2429 2010 non
2487 1958 2803 2025 improbitas
2853 1955 3111 2024 quidem,
3144 1956 3260 2023 ipse
3314 1954 3466 2022 prius
3503 1968 3561 2008 es
3594 1968 3727 2007 con-

2152 2045 2345 2100 fessus.
2381 2044 2533 2111 Quod
2587 2053 2766 2099 autent
2825 2060 3015 2099 rursus
3049 2059 3145 2098 nec
3195 2043 3525 2112 quibuslibet
3573 2041 3729 2096 facile

2151 2151 2408 2205 paream,
2452 2136 2578 2191 hinc
2626 2146 2705 2191 est
2750 2144 2994 2206 apertum
3043 2154 3057 2189 :
3105 2134 3380 2205 quomodo
3431 2134 3575 2188 enim
3620 2143 3727 2186 tam

2165 2226 2354 2282 multis
2408 2228 2729 2283 restitissem
2794 2226 3150 2296 przesidibus,
3209 2236 3371 2294 atque
3420 2225 3558 2278 adeo
3625 2224 3728 2292 ipsi

2153 2318 2316 2372 etiam
2352 2317 2699 2385 imperatori,
2731 2315 2824 2385 qui
2853 2330 2976 2369 cum
3008 2328 3094 2370 me
3122 2322 3176 2368 et
3207 2329 3328 2369 cum
3361 2314 3638 2367 Clemente
3675 2323 3729 2365 et

2154 2418 2402 2458 seorsum
2440 2417 2629 2458 rursus
2657 2402 3016 2471 accepissent,
3059 2402 3260 2456 nullam
3296 2418 3401 2456 non
3435 2401 3730 2456 adhibuere

2157 2492 2491 2558 machinam,
2545 2492 2639 2547 sed
2698 2501 2752 2544 et
2808 2491 3088 2563 promissis
3133 2492 3414 2557 inescare,
3460 2501 3514 2544 et.
3568 2491 3733 2545 minis

2157 2592 2482 2651 p»=rterrere,
2525 2593 2580 2638 et
2610 2582 2888 2653 suppliciis
2919 2583 3093 2638 conati
3123 2590 3252 2637 sunt
3277 2580 3331 2636 in
3359 2581 3518 2635 aliam
3552 2582 3732 2634 tradu-

2157 2690 2281 2730 cere
2306 2676 2650 2732 sententiam.
2681 2675 2862 2743 Neque
2893 2689 3020 2743 ergo
3048 2675 3381 2738 facilitatem,
3417 2686 3591 2742 neque
3628 2672 3731 2726 im-

2159 2765 2500 2830 probitatem,
2529 2770 2620 2819 sed
2650 2766 2973 2835 sapientiam
3011 2766 3190 2833 potius
3225 2774 3282 2820 et
3315 2764 3480 2818 animi
3517 2764 3733 2818 fortitu-

2159 2854 2336 2906 dinem
2368 2855 2482 2908 baec
2533 2854 2777 2907 nomines
2826 2869 2838 2905 :
2872 2852 3194 2920 sapientiam
3236 2852 3491 2921 quidem,
3529 2868 3634 2922 qua
3666 2852 3734 2909 iis

2159 2960 2278 3013 quat
2321 2946 2594 2999 intereunt
2647 2953 2700 2997 et
2752 2944 2860 2997 cito
2895 2943 3100 3007 ﬂuunt,
3142 2942 3478 3012 praeferimus
3508 2958 3571 2997 ea
3613 2958 3734 3012 qum

2158 3044 2306 3089 stant
2349 3043 2402 3090 et
2434 3045 2683 3100 manent;
2714 3033 2990 3102 ίειιεοεςμιο
3016 3044 3225 3090 vestros
3253 3036 3383 3090 deos
3418 3042 3473 3090 et
3514 3036 3729 3091 adulte—

2164 3127 2313 3182 rinos
2339 3137 2673 3193 aversantes,
2713 3126 2886 3181 solum
2920 3141 3084 3179 unum
3123 3126 3286 3181 Deum
3336 3136 3390 3181 et
3432 3141 3618 3181 verum
3654 3135 3734 3180 at—

2168 3218 2437 3272 tendimus
2467 3236 2481 3271 :
2521 3217 2892 3273 fortitudinem
2925 3227 3126 3282 autem,
3162 3233 3258 3286 per
3286 3233 3446 3286 quam
3473 3234 3596 3273 cum
3624 3229 3729 3273 tam

2164 3310 2344 3362 tnnltis
2387 3325 2485 3378 pro
2514 3310 2731 3363 Christo
2763 3309 3122 3364 colluctamur
3162 3310 3445 3375 pericnlis,
3474 3320 3530 3364 et
3570 3311 3734 3365 veluti

2162 3404 2446 3473 quemdam
2501 3418 2747 3475 somnum
2804 3414 3031 3457 mortem
3085 3405 3505 3461 contemnimus.
3553 3402 3737 3471 Neque

2163 3505 2243 3549 est
2270 3510 2400 3564 ergo
2419 3494 2689 3559 Clemens,
2722 3497 2811 3563 qui
2841 3496 2971 3549 mihi
3007 3499 3291 3561 persuadet
3318 3512 3333 3561 ;
3366 3496 3456 3551 sed
3486 3494 3736 3552 Christus

2165 3586 2331 3641 multo
2362 3588 2537 3655 prius,
2564 3587 2655 3656 qui
2696 3601 2780 3641 me
2811 3587 3021 3641 vocavit
3043 3602 3138 3654 per
3162 3588 3517 3643 Clementem.
3551 3587 3736 3656 Neque

2164 3677 2419 3751 deceptus
2459 3692 2611 3738 smn,
2656 3678 2750 3731 sed
2791 3678 2971 3751 potius
3027 3677 3259 3733 discessi.
3288 3680 3356 3732 ab
3412 3692 3648 3734 errore:
3705 3693 3735 3734 a
3794 3721 3800 3726 .

2162 3750 2291 3836 quo,
2332 3782 2482 3837 rogo,
2519 3777 2577 3821 ut
2624 3782 2719 3821 vos
2752 3750 2967 3836 quoque
3015 3770 3300 3830 recedatis,
3343 3778 3401 3822 ut
3440 3767 3543 3837 qui
3585 3768 3737 3826 vobis

2164 3871 2375 3925 quoque
2396 3897 2412 3922 ,
2441 3857 2486 3911 si
2513 3855 2671 3910 vultis
2691 3895 2707 3922 ,
2737 3856 2836 3910 sint
2873 3856 3091 3911 nuntius
3122 3858 3380 3918 veritatis.

2235 4035 2525 4092 LXXXIII.
2563 4035 2688 4092 Haec
2725 4052 2847 4092 cum
2881 4036 3106 4093 dixisset
3138 4037 3557 4109 Agathangelns,
3594 4041 3740 4092 OII‘IIII

2166 4132 2232 4187 de
2257 4147 2322 4187 eo
2339 4147 2433 4200 spe
2449 4139 2709 4201 concepta
2730 4147 2930 4200 praeses
2966 4132 3276 4197 frustratus,
3302 4141 3357 4187 et
3378 4132 3584 4191 ferreas
3610 4132 3743 4187 (ibu-

2169 4223 2245 4276 las
2278 4223 2433 4276 valde
2451 4237 2707 4276 accensas
2738 4223 2791 4276 in
2815 4221 2958 4275 illius
2990 4237 3149 4281 aures
3178 4224 3371 4294 injicit,
3401 4234 3452 4278 et
3488 4223 3634 4278 faces
3651 4240 3744 4278 cev

2167 4315 2378 4382 piosom
2436 4314 2613 4383 ignem
2651 4313 2856 4368 alentes
2895 4308 3137 4382 utrisque
3175 4316 3421 4368 admovet
3454 4314 3735 4369 lateribus.

2167 4404 2302 4458 Cum
2336 4407 2480 4458 acris
2519 4408 2699 4472 itaque
2731 4405 2885 4457 dolor
2917 4405 3042 4459 hinc
3069 4420 3135 4459 ex
3165 4406 3384 4461 auribus
3415 4406 3743 4460 intrinsecus

2102 4524 2140 4576 ι)
2171 4505 2417 4551 versaret
2462 4496 2766 4561 cerebrum,
2795 4494 3080 4562 fumusque
3119 4508 3173 4551 et
3203 4497 3511 4552 tenebratid
3551 4497 3743 4567 imple—

2174 4595 2315 4653 rent,
2354 4589 2566 4640 fortiter
2595 4587 2646 4643 id
2674 4586 2881 4642 ferebat
2908 4597 3130 4656 martyr,
3156 4588 3428 4645 Clu-:stnm
3452 4591 3743 4654 conﬁtens,

2167 4692 2221 4734 et
2251 4696 2371 4734 eum
2404 4679 2577 4732 solum
2609 4694 2806 4732 vocans
2836 4680 2886 4731 in
2911 4681 3196 4743 auxilium,
3228 4690 3280 4732 et
3310 4679 3551 4735 clamans
3588 4700 3599 4732 :
3644 4681 3745 4734 Do-

2171 4773 2316 4826 mine
2336 4770 2461 4826 Jesn
2481 4771 2717 4839 Christe,
2753 4788 2820 4825 ne
2844 4788 2926 4826 mu-
2955 4772 3254 4838 privaveris
3278 4772 3433 4825 beato
3458 4772 3545 4826 illo
3566 4772 3747 4827 fructu

2171 4864 2434 4917 bonorum
2468 4860 2851 4917 imntortalium
2876 4878 2890 4926 ;
2917 4863 3009 4913 sed
3039 4860 3134 4913 des
3170 4860 3298 4912 mihi
3340 4858 3656 4927 piIIi-CIlllattl
3688 4872 3740 4915 et

2170 4952 2544 5016 tolerantiam,
2579 4962 2633 5007 et
2680 4969 2799 5006 cum
2856 4953 3101 5022 dignatus
3146 4965 3232 5003 me
3272 4950 3438 5004 fuci-is
3485 4949 3744 5018 perficere

2171 5055 2390 5095 cursum
2425 5051 2526 5092 tua:
2561 5039 2935 5101 confessionis,
2963 5056 3085 5091 cum
3120 5050 3211 5091 tuo
3241 5037 3438 5093 famulo
3470 5038 3745 5092 Clemente

2173 5146 2258 5183 me
2287 5143 2668 5193 connumeres,
2714 5138 2766 5184 et
2800 5144 2923 5183 cum
2959 5129 3229 5193 ontnihus,
3266 5128 3356 5197 qni
3389 5143 3483 5197 pro
3513 5128 3744 5196 glorioso

2126 5245 2145 5267 ο
2175 5229 2265 5274 tuo
2325 5220 2549 5275 nomine
2580 5219 2967 5284 decertarent,
3017 5219 3273 5289 quoniam
3323 5218 3521 5273 defecit
3573 5219 3745 5272 virtus

2174 5327 2325 5379 mea;
2376 5313 2559 5366 anima
2603 5321 2781 5366 autem
2836 5327 2952 5366 mea
2996 5312 3047 5364 in
3099 5324 3149 5366 te
3191 5315 3449 5381 speravit.
3490 5309 3616 5367 "me
3655 5313 3746 5367 ille

2171 5400 2389 5468 quidem
2419 5407 2502 5454 est
2531 5412 2784 5469 precatus
2805 5442 2818 5463 ,
2853 5403 2993 5457 Dens
3021 5411 3197 5455 autem
3230 5417 3295 5477 es
3331 5402 3440 5458 alto
3472 5405 3584 5458 btec
3622 5418 3745 5472 per-

2172 5491 2319 5547 fecit.

2245 5768 2530 5826 LXXXIV.
2558 5769 2689 5824 tium
2726 5768 2924 5822 videret
2948 5781 3144 5837 ιιι-ξιτεδ
3166 5764 3298 5819 nihil
3317 5764 3416 5821 sibi
3447 5764 3740 5821 succedere
