4116 6400
423 340 525 402 £87

1643 345 1929 408 MENSIS
1969 341 2437 405 JANUARIUS.

3590 331 3696 395 888

421 474 486 510 ex
521 455 824 520 sententia,
856 454 950 510 sed
1003 454 1262 511 athletam
1293 455 1476 527 petitus
1501 458 1638 514 cllici
1671 459 2003 522 clariorem,

2113 451 2291 521 ἐαυτῷ
2314 451 2456 506 κατὰ
2485 447 2716 519 γνώμην
2746 444 2923 510 ἀνύει,
2954 443 3072 500 ἀλλ’
3098 441 3532 513 ἐπιφανέστερον
3565 438 3702 510 μᾶλ-

423 546 661 602 abducto
691 546 786 601 illo
825 545 878 599 in
910 545 1106 612 locum,
1140 547 1230 615 qui
1265 547 1518 618 (Iryptos,
1545 548 1596 602 id
1637 557 1723 602 est
1751 550 2005 615 Abditus,

419 639 744 710 appellatur,
799 651 931 694 ense
988 637 1205 694 beatum
1265 650 1428 709 caput
1480 650 1760 710 amputat,
1813 642 2007 711 quinto

419 732 626 788 mensis
669 731 1017 788 Novembris.
1085 732 1264 804 Atque
1323 743 1528 802 martyr
1571 735 1822 803 quidem,
1881 750 2003 789 cum

419 826 740 881 recessisset
786 827 855 880 ab
885 825 974 892 iis,
1004 841 1125 896 qua:
1149 834 1278 881 sunt
1318 827 1383 880 ad
1417 833 1654 895 tempus,
1689 835 1740 881 et
1780 841 1814 880 a.
1854 825 2003 882 labo-

417 918 572 975 ribus
603 918 863 974 liberatus
904 919 1096 975 fuisset
1129 928 1185 974 et
1222 919 1548 984 tormentis,
1582 918 1683 973 fttit
1728 919 1784 973 in
1816 919 2002 984 coelis;

417 1021 472 1066 et
525 1011 621 1081 qui
659 1021 830 1067 staret
868 1027 992 1067 cum
1026 1013 1254 1082 angelis,
1292 1022 1348 1068 et
1393 1027 1516 1066 cum
1547 1012 1760 1082 superis
1805 1012 2006 1068 choros

420 1103 664 1166 duceret,
700 1101 897 1172 dignus
927 1101 1025 1156 fuit
1053 1103 1294 1169 habitus,
1330 1117 1454 1156 cum
1485 1111 1755 1158 certasset
1779 1101 1880 1156 sub
1906 1101 2009 1156 im-

417 1193 770 1262 peratoribus
793 1192 1010 1262 quidem
1041 1192 1375 1247 Diocletiano
1404 1201 1458 1246 et
1487 1189 1822 1246 Maximiano
1845 1231 1860 1256 ,
1907 1193 2008 1246 sub

425 1284 836 1353 magistratibus
885 1294 1064 1338 autent
1106 1283 1428 1354 Agrippino,
1461 1282 1704 1345 Curicio,
1745 1282 2007 1348 Domitio,

427 1375 746 1440 Sacerdote,
777 1374 1034 1442 Maximo,
1059 1374 1389 1442 Aphrodisio
1411 1385 1465 1429 et
1488 1373 1675 1430 Lucio.
1702 1373 1797 1429 Pia
1823 1384 2006 1431 autem

421 1467 510 1522 illa
557 1477 613 1522 et
676 1479 976 1538 martyrum
1027 1466 1402 1522 amantissima
1460 1465 1704 1536 Sophia,
1759 1475 2010 1524 materno

421 1572 608 1612 amore
647 1558 699 1612 in
745 1558 1178 1628 Agathangelutn
1237 1572 1457 1627 quoque
1505 1574 1735 1615 accensa
1788 1569 2011 1630 propter

421 1663 674 1718 magnum
710 1648 1071 1717 Clementem,
1101 1659 1389 1725 postquam
1418 1650 1555 1705 vidit
1580 1667 1725 1715 eum,
1762 1661 1820 1705 nt
1855 1663 2013 1719 Opta-

420 1740 535 1804 bat,
573 1748 1007 1794 consummatum
1032 1781 1048 1806 ,
1080 1748 1130 1796 et
1165 1741 1233 1796 ab
1271 1741 1360 1807 iis,
1404 1755 1539 1811 quas
1574 1757 1674 1812 pro
1707 1741 1826 1813 ipso
1853 1759 2010 1815 gere-

2114 547 2206 598 λον
2236 543 2330 596 τὸν
2369 540 2612 612 ἀθλητὴν
2647 537 3045 610 ἀπεργάζεται,
3085 533 3394 604 ἀπαγαγὼν
3423 534 3586 588 αὐτὸν
3619 533 3700 596 εἰς

2111 645 2204 694 τὸν
2235 636 2495 708 Κρυπτὸν
2527 637 2737 688 ἐκεῖνον
2769 632 2916 686 οὕτω
2954 631 3294 702 καλούμενον
3337 628 3525 692 τόπον,
3558 625 3695 694 ξίφει

2111 731 2208 801 τὴν
2245 727 2528 800 μακαρίαν
2580 727 2830 797 κεφαλὴν
2887 725 3216 795 ἀποτέμνει,
3272 721 3540 791 πέμπτην
3577 718 3700 772 τότε

2112 821 2208 876 τοῦ
2234 821 2548 892 Νοεμϐρίου
2597 819 2766 891 μηνὸς
2799 818 3050 886 ἄγοντος.
3107 815 3167 869 '0
3201 814 3301 884 μὲν
3346 807 3440 866 οὖν
3485 809 3699 881 μάρτυς

2111 912 2299 968 λοιπὸν
2339 911 2584 974 ἀποστὰς
2626 910 2737 963 τῶν
2787 909 3163 980 προσκαίρων,
3199 905 3296 959 καὶ
3351 903 3533 956 πόνων
3605 899 3701 952 καὶ

2115 1005 2368 1075 βασάνων
2405 1002 2765 1072 ἀπαλλαγεὶς,
2824 1003 2885 1057 ἐν
2937 1003 3191 1074 οὐρανοῖς
3247 995 3316 1068 ἦν
3342 1013 3356 1028 ·
3413 995 3510 1077 καὶ
3563 992 3702 1062 μετὰ

2111 1096 2364 1164 ἀγγέλων
2433 1096 2657 1150 ἑστάναι
2690 1135 2705 1158 ,
2770 1094 2868 1148 καὶ
2934 1092 3074 1164 μετὰ
3123 1090 3233 1144 τῶν
3292 1088 3406 1144 άνω
3457 1084 3703 1156 χορεύειν

2113 1187 2334 1256 ἠξίωτο,
2367 1186 2610 1258 ἀθλήσας
2635 1187 2728 1241 ἐπὶ
2762 1186 2860 1257 μὲν
2893 1185 3002 1238 τῶν
3023 1182 3288 1254 βασιλέων
3317 1175 3703 1249 Διοκλητιανοῦ

2113 1277 2208 1332 καὶ
2232 1276 2603 1346 Μαξιμιανοῦ,
2635 1277 2728 1330 ἐπὶ
2752 1276 2809 1329 δὲ
2850 1273 2960 1328 τῶν
2991 1271 3275 1344 ἀρχόντων
3317 1266 3699 1336 Ἀγριππίνου,

2113 1369 2434 1440 Κουρικίου,
2465 1368 2755 1437 Δομετίου,
2787 1365 3160 1436 Σακερδῶτος,
3190 1359 3470 1430 Μαξίμου,
3508 1359 3705 1425 Ἀφρο-

2111 1462 2286 1517 δισίου
2319 1462 2415 1516 καὶ
2446 1460 2702 1515 Λουκίου.
2758 1460 2822 1513 Ἦ
2871 1460 2928 1512 δέ
2959 1475 3024 1527 γε
3067 1455 3326 1526 θεοφιλὴς
3376 1450 3561 1520 ἐκείνη
3609 1448 3704 1501 καὶ

2114 1553 2458 1625 φιλόμαρτυς
2496 1552 2668 1622 Σοφία
2717 1550 2998 1623 μητρικῶς
3031 1551 3128 1602 καὶ
3175 1541 3587 1614 Ἀγαθαγγέλου
3613 1537 3705 1594 διὰ

2111 1647 2206 1700 τὸν
2263 1646 2438 1717 μέγαν
2481 1645 2781 1716 Κλήμεντά
2813 1641 3236 1716 περικαιομένη,
3279 1638 3514 1706 ἐπείπερ
3563 1627 3703 1686 εἶδεν

2113 1737 2299 1803 αὐτὸν,
2332 1737 2409 1800 ὡς
2440 1735 2648 1803 ἐπόθει,
2682 1735 3062 1798 τελειωθέντα,
3095 1731 3323 1786 καὶτῶν
3363 1728 3508 1797 ὑπὲρ
3535 1721 3702 1778 αὐτοῦ

419 1828 533 1896 bat,
562 1829 710 1884 curis
736 1839 820 1885 est
837 1829 1109 1898 exsoluta,
1153 1840 1206 1887 et
1235 1845 1357 1886 cum
1386 1847 1580 1902 magna
1607 1814 1884 1904 voluptate
1905 1835 2010 1892 tol-

2115 1829 2416 1902 φροντίδων
2447 1828 2637 1900 ἐλύθη,
2684 1832 2782 1883 καὶ
2830 1831 2928 1883 σὺν
2952 1829 3114 1898 ἠδονῇ
3149 1822 3318 1892 πολλῇ
3350 1821 3408 1873 τὸ
3439 1814 3704 1892 μαρτυρι-

418 1919 536 1976 lens
553 1921 684 1978 illud
705 1936 909 1992 corpus
933 1924 1309 1996 martyricum,
1343 1933 1398 1978 et
1419 1939 1773 1996 componens,
1803 1929 1856 1982 in
1883 1929 2004 1984 loco

418 2015 944 2082 consummationis,
979 2015 1053 2086 ,in
1103 2014 1338 2083 quodam
1385 2015 1637 2087 sepulcro
1694 2019 2006 2088 profundis-

417 2104 590 2175 simoj,
623 2105 678 2160 in
711 2105 964 2178 ingressu
1000 2105 1185 2177 templi
1209 2109 1350 2177 quod
1384 2105 1496 2162 illic
1523 2117 1629 2171 est,
1661 2108 1934 2180 deposuit.

2111 1923 2207 1978 κὸν
2231 1921 2445 1976 ἐκείνου
2478 1923 2639 1993 σῶμα
2674 1921 2975 1992 ἀνελομένη
3017 1920 3115 1974 καὶ
3158 1914 3552 1988 περιστείλασα
3581 1907 3702 1961 κατ’

2115 2015 2280 2070 αὐτὸν
2313 2013 2406 2068 τὸν
2437 2016 2538 2086 τῆς
2568 2013 2903 2077 τελειώσεως
2951 2014 3139 2073 τόπον,
3177 2009 3234 2063 ἔν
3270 2025 3376 2060 τινι
3419 2001 3705 2076 βαθυτάτῳ

2113 2109 2295 2179 τάφῳ,
2338 2107 2477 2179 πρὸς
2513 2111 2580 2182 τῇ
2613 2107 2710 2162 τοῦ
2745 2109 2925 2162 ἐκεῖσε
2959 2103 3090 2160 ναοῦ
3120 2101 3314 2172 εἰσόδῳ
3352 2097 3630 2154 κατέθετο.

1874 2341 2104 2400 CAPUT
2141 2341 2262 2399 XV.

1279 2545 1602 2618 Martyrium
1628 2547 1728 2606 SS.
1755 2547 2066 2618 Clementia,
2085 2549 2455 2619 Christopltort'
2478 2556 2528 2601 et
2548 2544 2872 2602 Charitom's.
2975 2616 2980 2620 _

493 2767 758 2826 LXXXV.
784 2769 982 2825 PraacIa
993 2784 1084 2826 rus
1101 2760 1278 2827 autem
1301 2769 1506 2828 Christi
1520 2772 1719 2829 athleta
1734 2772 2007 2841 Clemens,

418 2877 544 2919 cum
575 2864 660 2920 sui
701 2863 754 2918 in
787 2863 1090 2923 certamine
1127 2863 1261 2921 socii
1303 2865 1662 2937 Agathangeli
1711 2866 2010 2922 intellexis-

420 2964 506 3012 set
536 2958 1063 3014 consummationem
1084 2997 1100 3019 ,
1149 2957 1266 3029 ipse
1295 2949 1524 3029 quoque.
1542 2959 1820 3030 voluptate
1844 3001 1858 3024 ,
1887 2975 2009 3031 quae

418 3045 644 3102 minime
687 3057 867 3118 potest
891 3047 1189 3119 explicari,
1230 3049 1468 3120 repletus
1493 3051 1546 3106 in
1589 3066 1812 3108 carcere
1843 3051 1916 3108 ita
1949 3059 2007 3108 ut

417 3147 539 3193 erat
587 3153 794 3208 pronus
845 3140 994 3195 humi
1051 3149 1310 3196 extensus
1350 3143 1715 3213 (prohibebat
1755 3144 1899 3200 enim
1941 3159 2010 3202 ne

419 3241 692 3302 surgeret,
743 3232 944 3304 lignum
978 3234 1120 3303 quod
1150 3235 1386 3292 habebat
1425 3237 1476 3291 in
1509 3237 1757 3307 pedibus.
1789 3246 1844 3293 et
1873 3237 2011 3306 lapis

422 3325 678 3397 alligatus
717 3327 974 3398 corpori)
1017 3328 1332 3397 emittebat,
1367 3338 1428 3384 ut
1458 3344 1558 3400 par
1587 3338 1700 3397 est,
1741 3331 1806 3385 ad
1839 3331 2007 3385 Deum

420 3432 622 3485 voces,
671 3418 870 3489 quibus
905 3419 1102 3491 agebat
1140 3419 1365 3490 gratias.
1405 3419 1510 3476 Sed
1561 3437 1742 3492 neque
1788 3423 1840 3476 in
1885 3436 2007 3477 eum

424 3518 675 3564 evaserat
707 3523 914 3579 praeses
961 3509 1337 3580 negligentior,
1379 3511 1476 3566 sed
1529 3519 1731 3583 praeter
1769 3511 2010 3575 vincula,

423 3611 481 3656 et
524 3616 691 3672 quam
747 3602 1154 3672 perpetiebatur
1194 3617 1261 3660 ex
1305 3604 1412 3660 illis
1445 3605 1760 3672 miseriam,
1788 3605 2014 3677 jubebat

422 3703 640 3748 centum
671 3702 726 3748 et
753 3692 1148 3765 quinquaginta
1189 3695 1377 3766 plagas
1404 3697 1453 3753 ei
1484 3697 1537 3752 in
1571 3697 1719 3752 vultu
1747 3708 1802 3752 et
1831 3697 1883 3751 in
1914 3711 2012 3752 ca-

422 3787 533 3855 pite
575 3785 740 3858 inﬂigi
790 3787 1057 3858 quotidie.
1096 3789 1190 3845 Sic
1239 3803 1370 3859 ergo
1404 3789 1650 3859 quotidie
1692 3805 1757 3844 ex
1787 3803 1854 3844 eo
1883 3788 2015 3844 llue-

421 3877 558 3933 bant
594 3878 693 3933 rivi
729 3881 1036 3951 sanguinis.
1075 3890 1132 3938 ut
1171 3882 1288 3954 ipse
1323 3898 1542 3954 quoque
1579 3882 1736 3954 lapis,
1771 3885 1861 3956 qui
1893 3895 2013 3938 erat

422 3972 472 4026 ei
506 3970 792 4042 alligatus,
834 3983 892 4029 et
933 3982 1080 4030 totus
1109 3975 1390 4047 subjectus
1433 3977 1586 4033 locus
1619 3977 1775 4034 fleret
1806 3994 2012 4048 purpu-

422 4075 571 4116 reus.
603 4060 776 4118 Nocte
807 4073 988 4120 autem
1026 4079 1219 4122 rursus
1257 4067 1619 4134 adveniente,
1649 4078 1704 4124 et
1746 4069 1833 4123 lux
1866 4069 2012 4124 circa

423 4152 605 4222 ipsum
635 4153 798 4209 veluti
827 4155 999 4210 eluxit
1023 4165 1078 4212 et
1105 4157 1280 4229 angeli
1313 4158 1629 4225 astiterunt,
1655 4171 1708 4215 et
1736 4158 1854 4230 ejus
1883 4160 2014 4213 lihe-

426 4245 555 4303 ralis
585 4257 880 4304 consecuta
923 4258 1007 4306 est
1034 4251 1264 4306 curatio.

493 4521 784 4579 LXXXVI.
829 4521 966 4580 Cum
996 4522 1112 4595 ipse
1133 4539 1263 4595 ergo
1293 4533 1348 4580 et
1377 4524 1614 4593 lapidem
1639 4534 1695 4581 et
1715 4525 1924 4581 vincula
1958 4535 2014 4584 et

420 4622 716 4670 nocturnas
737 4614 858 4670 illas
877 4614 1061 4686 plagas
1077 4613 1242 4670 ferret
1265 4616 1387 4670 forti
1397 4615 1604 4686 terjam
1631 4616 1789 4686 longo
1814 4625 2016 4687 tempo-

423 4722 518 4772 re,
553 4707 884 4764 Christianis
921 4708 1140 4779 quidem
1176 4709 1289 4779 jam
1335 4719 1492 4764 erant
1538 4709 1672 4766 festa
1713 4712 2012 4767 adventura

421 4800 729 4858 Servatoris
745 4802 915 4857 nostri
932 4801 1057 4858 Jesu
1078 4802 1283 4859 Christi
1303 4803 1654 4880 Theophania
1686 4821 1701 4859 :
1723 4805 1808 4874 pia
1828 4815 2011 4860 autem

2190 2770 2322 2824 IIE'.
2371 2768 2430 2822 Ὀ
2480 2766 2664 2838 μέντοι
2714 2763 2964 2830 γενναῖος
3017 2754 3258 2827 ἀθλητὴς
3314 2750 3410 2806 τοῦ
3459 2750 3700 2821 Χριστοῦ

2115 2861 2376 2934 Κλήμης,
2408 2859 2506 2932 τὴν
2541 2856 2636 2911 τοῦ
2662 2853 2928 2909 συνάθλου
2959 2847 3245 2903 τελείωσιν
3293 2843 3705 2914 Ἀγαθαγγέλου

2118 2954 2330 3027 μαθὼν,
2366 2953 2462 3006 καὶ
2490 2949 2689 3022 ἡδονῆς
2742 2947 2838 3000 καὶ
2881 2943 3044 3006 αὐτὸς
3093 2941 3192 3011 τὴν
3255 2937 3434 3008 ψυχὴν
3489 2936 3702 3005 ἀφάτου

2118 3046 2403 3119 πλησθεὶς,
2433 3044 2508 3107 ὼς
2539 3039 2688 3114 εἶχεν
2721 3040 2817 3094 ἐπὶ
2834 3036 2931 3091 τοῦ
2956 3031 3336 3105 δεσμωτηρίου
3375 3029 3590 3101 πρηνὴς
3619 3029 3709 3080 ἐκ·

2116 3139 2304 3204 ταθεὶς
2352 3137 2430 3209 τῷ
2479 3135 2670 3205 ἐδάφει
2717 3130 2982 3204 (ἐκώλυον
3033 3126 3143 3195 γάρ
3192 3123 3354 3176 αὑτὸν
3404 3119 3704 3185 ἀναστῆναι

2115 3235 2178 3288 τό
2199 3250 2258 3287 τε
2285 3232 2440 3298 ξύλον
2463 3230 2526 3282 τὸ
2552 3229 2642 3282 ἐπὶ
2675 3227 2792 3290 τοῖς
2822 3223 2951 3278 ποσὶ
2984 3219 3082 3274 καλ⁸
3110 3220 3138 3273 ὁ
3164 3215 3518 3286 ἐκδεδεμένος
3557 3211 3706 3274 λίθος

2116 3325 2211 3380 τοῦ
2243 3321 2544 3397 σώματος),
2594 3319 2778 3390 φωνάς
2806 3318 2944 3387 πρδς
2977 3315 3072 3369 τὸν
3108 3313 3262 3376 Θεὸν,
3297 3305 3386 3364 οἶα
3412 3308 3582 3372 εἰκὸς,
3613 3304 3708 3359 εὐ-

2118 3419 2408 3490 χαριστίας
2433 3415 2755 3484 ἐφθέγγετο.
2793 3411 2868 3464 Οὐ
2902 3409 3009 3480 μὴν
3043 3408 3164 3462 ούδέ
3197 3404 3330 3476 περὶ
3351 3402 3512 3456 αὑτὸν
3543 3400 3708 3472 ρᾳθυ-

2125 3511 2356 3580 μότερον
2406 3508 2564 3579 ἔσχεν
2601 3509 2628 3560 ὁ
2680 3502 2926 3575 ἡγεμὼν,
2967 3500 3104 3555 ἀλλὰ
3137 3498 3274 3568 πρὸς
3319 3499 3431 3560 τοῖς
3484 3496 3708 3562 δεσμοῖς

2041 3569 2084 3625 C
2117 3569 2214 3656 καὶ
2360 3569 2612 3654 ἀπὸϋτῶν
2661 3569 2877 3667 δεσμῶν
2931 3593 3160 3647 ἐκείνων
3209 3587 3580 3658 ταλαιπωρίᾳ,
3613 3587 3708 3639 καὶ

2117 3696 2336 3768 πληγὰς
2366 3693 2517 3764 αύτῷ
2537 3691 2684 3746 κατά
2711 3707 2773 3743 τε
2804 3687 2902 3742 τοῦ
2941 3684 3238 3759 προσώπου
3271 3687 3364 3739 καὶ
3397 3681 3498 3751 τῆς
3530 3695 3707 3748 κεφα-

2115 3792 2215 3861 λῆς
2273 3788 2412 3860 πρδς
2459 3789 2581 3849 ταῖς
2632 3783 2828 3851 ἐκᾳτὺν
2881 3781 3121 3848 ἑκάστης
3180 3776 3394 3848 ἡμέρας
3442 3773 3708 3828 ἐκτείνειν

2115 3883 2425 3938 ἐκέλευσεν.
2454 3879 2702 3951 Αἵματος
2740 3878 2840 3948 μὲν
2884 3874 2979 3932 οὖν
3029 3874 3176 3928 οὕτω
3209 3869 3332 3925 καθ’
3369 3869 3606 3937 ἑκάστην
3651 3865 3711 3930 ἐξ

2115 3975 2283 4030 αὐτοῦ
2334 3973 2646 4044 κατήγοντο
2679 3971 2907 4042 ῥύακες,
2959 3969 3036 4032 ὼς
3081 3965 3178 4020 καὶ
3213 3963 3377 4018 αὐτὸν
3407 3961 3583 4030 δήπου
3617 3957 3709 4010 τὸν

2116 4064 2471 4138 ἐκδεδεμένον
2507 4063 2675 4117 αὐτοῦ
2718 4062 2889 4125 λίθον,
2921 4061 3019 4115 καὶ
3050 4060 3232 4112 πάντα
3272 4057 3329 4110 δέ
3368 4055 3460 4110 τὸν
3487 4050 3712 4105 ὑποκεί-

2119 4178 2283 4234 μενον
2314 4157 2693 4229 φοινίσσεσθαι
2731 4155 2920 4210 τόπον.
2950 4152 3165 4218 Νυκτὸς
3193 4151 3251 4204 δέ
3277 4149 3439 4202 πάλιν
3464 4149 3710 4215 ἐπιγινο-

2119 4257 2312 4328 μένης,
2341 4253 2457 4323 φῶς
2488 4268 2548 4304 τε
2580 4252 2710 4322 περὶ
2731 4249 2895 4304 αὑτὸν
2919 4245 3032 4301 οἷον
3050 4245 3349 4316 ἐξέλαμπε,
3371 4241 3467 4297 καὶ
3483 4239 3711 4310 ἄγγελοι

2116 4345 2550 4416 ἐφειστήκεσαν,
2607 4342 2701 4394 καὶ
2764 4343 2794 4410 ἡ
2847 4338 3115 4410 θεραπεία
3153 4335 3454 4405 φιλοτίμως
3508 4335 3714 4402 ἐπηκο-

2115 4437 2318 4491 λούθει.

2189 4531 2333 4597 Πίῖθ.
2359 4529 2550 4591 Οὕτως
2586 4521 2680 4580 οῦν
2706 4523 2872 4580 αὐτοῦ
2900 4522 2980 4595 τῷ
3009 4521 3166 4590 λίθῳ,
3206 4521 3300 4575 καὶ
3329 4520 3440 4581 τοῖς
3463 4517 3708 4586 δεσμοῖς,

2117 4623 2212 4678 καὶ
2255 4625 2376 4686 ταῖς
2425 4621 2830 4694 καθημεριναῖς
2888 4617 3128 4678 ἐκείναις
3197 4612 3434 4681 πληγαῖς
3484 4611 3714 4673 διακαρ-

2114 4716 2404 4787 τεροῦντος
2437 4715 2532 4769 ἐπὶ
2562 4713 2758 4786 χρόνον
2793 4712 2895 4784 ἤδη
2951 4709 3170 4780 συχνὸν,
3219 4708 3409 4776 ἑορταὶ
3457 4703 3557 4774 μὲν
3606 4701 3709 4772 ἤδη

2116 4811 2469 4883 Χριστιανοῖς
2501 4809 2728 4880 ἔμελλον
2773 4807 2844 4861 τὰ
2880 4803 2984 4859 ’τοῦ
3033 4804 3288 4872 Σωτῆρος
3332 4798 3488 4871 ἡμῶν
3531 4793 3712 4866 Ἰησοῦ

324 5211 328 5215 .
419 5180 476 5224 et
513 5174 692 5242 magni
725 5172 912 5229 animi.
955 5173 1090 5230 Cum
1123 5173 1453 5231 famulorum
1487 5177 1794 5248 accepisset
1822 5177 2007 5232 multi-

419 4905 477 4950 et
508 4893 602 4950 Dei
629 4909 820 4951 amans
853 4894 1080 4967 Sophia,
1113 4911 1234 4966 qua:
1255 4897 1560 4952 vehementi
1588 4897 1806 4967 quidem
1841 4898 2010 4968 pieta-

2117 4905 2358 4976 Χριστοῦ
2395 4906 2668 4974 Θεοφάνια
2700 4916 2715 4931 ⁸
2747 4904 2781 4970 ὴ
2812 4900 2870 4955 δέ
2902 4917 2967 4968 γε
2996 4897 3249 4967 θεοφιλὴς
3278 4895 3452 4966 Σοφία
3495 4890 3712 4962 σφοδρῷ

423 4987 492 5044 tis
515 4987 630 5042 zelo
655 5002 872 5057 semper
896 4991 1236 5053 movebatur,
1255 5000 1309 5046 et
1332 4989 1533 5060 alioqui
1566 4991 1857 5046 ardentiori
1881 5002 2009 5046 tunc

2118 5001 2217 5072 μὲν
2235 5003 2331 5055 καὶ
2349 5002 2438 5055 ἀεὶ
2464 4999 2541 5071 τῷ
2561 4999 2660 5070 τῆς
2686 4995 2964 5058 εὐσεϐείας
2984 4993 3281 5061 κινουμένη
3306 4987 3472 5060 ζήλῳ,
3533 4985 3712 5048 ἄλλως

419 5079 665 5135 fervebat
703 5081 928 5151 spiritu,
981 5083 1146 5137 audet
1188 5082 1511 5153 praeclarum
1547 5085 1765 5156 aggredi
1798 5084 2009 5142 facinus

2113 5109 2173 5144 τε
2229 5092 2286 5144 δὲ
2344 5092 2436 5144 καὶ
2478 5089 2797 5160 θερμοτέρῳ
2850 5083 3155 5155 τηνικαῦτα
3181 5080 3390 5145 ζέσασα
3411 5077 3710 5145 πνεύματι,

2115 5186 2290 5255 τολμᾷ
2320 5202 2368 5237 τι
2401 5185 2650 5252 γενναῖον
2681 5182 2776 5236 καὶ
2824 5178 3081 5249 ἀνδρικόν
3106 5191 3119 5205 ·
3163 5178 3258 5231 καί
3311 5169 3710 5244 παραλαϐοῦσα

2119 5278 2324 5344 πλῆθός
2349 5294 2410 5330 τε
2443 5274 2698 5335 οἰκετῶν,
2733 5273 2830 5326 καὶ
2873 5271 2983 5324 τῶν
3029 5267 3384 5340 τρεφομένων
3430 5265 3522 5318 ὑπ’
3565 5264 3706 5333 αὐτῇ

2119 5369 2346 5434 παίδων,
2396 5369 2522 5422 ὅσον
2570 5384 2631 5419 τε
2679 5365 2812 5434 θῆλυ
2846 5363 2944 5418 καὶ¹
2993 5363 3119 5416 ὅσον
3181 5363 3239 5414 ἐν
3269 5361 3518 5432 assam,
3559 5357 3711 5410 ἔνδον

421 5263 688 5329 tudinem,
718 5273 771 5319 et
795 5279 1114 5336 puerorum,
1148 5269 1239 5339 qui
1264 5269 1332 5323 ab
1357 5284 1421 5323 ea
1452 5269 1762 5336 alebantur,
1792 5285 2008 5326 mascu-

421 5355 501 5410 los
533 5366 583 5411 et
614 5354 867 5424 feminas,
909 5357 1214 5429 ingreditur
1241 5375 1545 5427 carcerem,
1579 5371 1634 5415 et
1665 5376 1788 5416 cum
1819 5362 1980 5417 vincn

420 5449 490 5504 lis
516 5449 808 5506 solvissent
841 5464 1161 5524 martyrem,
1195 5454 1485 5509 educunte
1518 5470 1769 5510 carcere.
1811 5457 2013 5513 Deinde

418 5554 553 5596 vero
587 5557 710 5596 cum
755 5541 957 5612 Sophia
989 5559 1112 5598 eum
1143 5554 1294 5600 veste
1341 5545 1610 5601 induisset
1643 5548 1872 5603 candida
1898 5587 1914 5613 ,
1957 5560 2012 5604 et

422 5633 876 5697 superhumerale
908 5635 956 5689 ei
993 5636 1362 5706 imposuisset,
1393 5644 1447 5692 et
1482 5639 1532 5692 ei
1573 5639 1626 5693 in
1672 5656 1863 5695 manus
1896 5649 2010 5694 tra-

422 5722 648 5777 didisset
672 5722 1050 5794 Evangetium,
1073 5744 1197 5785 cum
1226 5727 1407 5785 multis
1437 5729 1776 5800 lampadibus
1807 5744 1858 5787 et
1884 5733 1973 5788 sul
1986 5766 2007 5773 -

427 5811 614 5869 litibus
643 5817 1064 5889 circumseptuut
1097 5821 1399 5878 deducebat
1429 5823 1494 5878 ad
1527 5824 1833 5880 ecclesiam.
1868 5824 2002 5881 Cum

2116 5459 2210 5514 τοῦ
2240 5459 2621 5530 δεσμωτηρίου
2643 5458 2878 5526 γίνεται,
2911 5456 3007 5510 καὶ
3032 5455 3295 5516 λύσαντες
3323 5453 3413 5505 τὸν
3452 5452 3711 5520 μάρτυρα

2115 5553 2225 5605 τῶν
2256 5552 2497 5622 δεσμῶν,
2549 5549 2807 5619 ἐξάγουσι
2869 5547 2965 5602 τοῦ
3011 5547 3420 5618 δεσμωτηρίου.
3473 5545 3709 5597 Ἔπειτα

2115 5645 2172 5698 δέ
2204 5646 2300 5699 καὶ
2349 5644 2541 5715 στολὴν
2580 5643 2732 5714 αὐτῷ
2776 5642 3064 5714 περιθεῖσα
3094 5640 3293 5711 λευκὴν
3323 5640 3356 5709 ἡ
3384 5637 3577 5706 Σοφία,
3614 5635 3712 5688 καὶ

2115 5737 2215 5808 τὴν
2272 5737 2526 5807 ἐπωμίδα
2586 5735 2998 5808 περιϐαλοῦσα,
3059 5736 3153 5788 καὶ
3207 5735 3399 5804 χερσὶν
3451 5729 3712 5783 ἐπιδοῦσα

2114 5829 2174 5882 τὸ
2217 5828 2573 5899 Εὐαγγέλιον,
2606 5827 2783 5892 οὕτως
2811 5828 2920 5882 ὑπὸ
2963 5827 3187 5892 πολλαῖς
3233 5826 3400 5881 αὑτὸν
3457 5820 3708 5892 λαμπάσι
