4116 6406
373 357 480 420 889

1406 364 1578 422 VI'I‘A
1621 363 1680 423 S.
1715 364 2152 428 CLEMENTIS
2190 369 2601 433 ANCYRANI.

3537 380 3642 446 89’)

377 475 474 526 καί
503 469 817 542 θυμιάμασι
845 469 1011 542 μέσον
1038 472 1474 544 ἀπειλημμένον,
1505 474 1600 527 ἐπὶ
1629 477 1728 546 τὴν
1758 477 1957 549 ὲκοκλη-

2067 483 2181 548 ipsa
2207 493 2388 538 autem
2423 497 2626 540 vestem
2658 501 2872 557 quoque
2919 489 3187 548 induisset
3233 493 3551 560 candidam,
3588 510 3643 552 et

379 565 503 618 σίαν
553 563 914 634 παρέπεμπε.
970 563 1187 634 Λευκὴν
1215 563 1272 617 δὲ
1323 563 1462 631 αὐτὴ
1491 564 1686 634 στολὴν
1723 567 1958 639 περιϐα-

373 654 603 724 λομένη,
630 654 726 708 καὶ
759 654 858 724 τὴν
881 653 1031 708 ἔνδον
1057 656 1150 708 ἐπὶ
1175 655 1252 724 τῷ
1275 655 1512 725 γενναίῳ
1545 656 1828 727 Κλήμεντι
1858 661 1960 729 τῆς

375 745 560 816 ψυχῆς
600 743 974 799 άποδεικνῦσα
1032 747 1389 818 φαιδρότητα,
1452 749 1550 800 καὶ
1596 750 1757 818 χεῖρα
1816 752 1959 805 κατὰ

375 837 438 890 τὸ
468 835 751 906 εὐώνυμον
781 836 951 908 μέρος
982 838 1229 908 ὑπεῖχεν,
1259 838 1563 908 ἀνέχουσαν
1589 841 1682 893 καὶ
1704 856 1956 913 συναιροο

379 929 550 1000 μένην
578 929 714 999 πρὸς
737 929 835 1002 τὴν
871 929 1102 1001 πορείαν
1135 930 1212 1001 τῷ
1251 930 1518 1002 μάρτυρι.

446 1091 573 1149 ΠΖ’.
616 1093 737 1146 Ἔτι
777 1095 870 1147 οὖν
899 1093 1107 1165 εἴχοντο
1129 1093 1228 1163 τῆς
1249 1093 1392 1160 όδοῦ,
1426 1093 1519 1148 καὶ
1550 1095 1580 1148 ό
1613 1095 1784 1164 μέγας
1809 1094 1960 1166 Κλή-

377 1201 510 1254 μης,
541 1184 795 1256 καθάπερ
827 1185 926 1255 ἤδη
959 1184 1052 1238 τοῦ
1083 1185 1355 1239 Δεσπότου
1391 1186 1521 1256 πρὸς
1546 1186 1708 1240 αὑτὸν
1732 1186 1958 1240 καλοῦν-

373 1293 468 1339 τος
498 1275 843 1347 αἰσθόμενος,
873 1277 973 1346 τήν
996 1275 1178 1342 δεξιὰν
1208 1279 1286 1340 είς
1315 1276 1408 1330 τὸν
1433 1276 1662 1348 οὐρανὸν
1705 1275 1958 1350 ἀνασχὼν

376 1366 436 1437 (ή
468 1367 631 1433 ἑτέρα
680 1368 790 1439 γάρ
822 1367 885 1422 τὸ
914 1369 1246 1437 Εύαγγέλιον
1279 1365 1440 1440 εἶχε),
1481 1371 1822 1441 ὑπερηύχετο
1857 1371 1958 1441 τῆς

377 1458 552 1514 κατά
581 1458 799 1530 πνεῦμα
855 1461 1062 1531 μητρὸς
1107 1461 1272 1514 αὐτοῦ
1326 1462 1563 1528 Σοφίας,
1615 1463 1960 1533 ύπερηύχετο

379 1549 472 1604 τοῦ
526 1551 733 1622 κλήρου
767 1552 864 1604 καὶ
921 1551 1017 1604 τοῦ
1079 1552 1333 1620 ποιμνίου
1367 1553 1567 1617 παντός
1593 1570 1606 1584 ⁸
1637 1556 1819 1624 ᾐτεῖτο
1847 1557 1959 1618 τοῖς

381 1643 830 1713 ἐπικαλουμένοις
853 1644 1018 1697 αὐτὸν
1053 1644 1194 1714 μετὰ
1254 1645 1354 1715 τὴν
1388 1644 1640 1698 ἐντεῦθεν
1665 1645 1956 1716 ἐκδημίαν,

377 1733 473 1787 καὶ
511 1733 688 1795 ἄλλως
709 1733 1075 1804 θεραπεύουσι
1101 1736 1197 1787 καὶ
1216 1733 1469 1804 τιμῶσιν,
1496 1734 1778 1806 ἀντίληψιν
1808 1735 1960 1805 παρὰ

2063 575 2332 630 internam
2386 588 2608 647 propter
2644 582 2919 652 egregium
2971 582 3302 641 Clementem
3332 589 3646 644 ostenderet

2062 668 2227 722 animi
2259 669 2527 739 laetitiam,
2559 673 2608 726 ei
2640 674 2694 728 in
2729 676 2948 730 sinistra
2997 686 3153 744 parte
3193 695 3412 736 manum
3465 683 3640 752 subii.

2060 759 2272 825 ciebat,
2307 776 2428 829 qua
2468 776 2591 817 eum
2645 765 2976 836 sustineret,
3013 779 3067 827 et
3113 773 3180 826 ad
3234 773 3640 843 ingrediendum

2064 850 2229 908 ferret
2255 867 2415 923 opem
2443 857 2690 926 martyri.

2132 1109 2442 1168 LXXXVII.
2473 1111 2663 1169 Adhuc
2690 1122 2871 1170 autem
2890 1116 3116 1171 erantin
3148 1116 3362 1184 itinere,
3379 1133 3500 1174 cum
3519 1120 3642 1176 Cle-

2063 1217 2238 1268 mens,
2266 1213 2322 1259 ut
2350 1205 2441 1275 qui
2461 1203 2572 1270 jam
2609 1209 2888 1272 sensisset,
2916 1207 3202 1265 Dominum
3225 1225 3350 1266 eum
3374 1211 3441 1266 ad
3463 1217 3523 1267 se
3547 1226 3640 1266 vo-

2061 1306 2295 1360 cantem,
2317 1297 2367 1352 in
2384 1298 2578 1353 cmlum
2593 1299 2801 1355 sublata
2822 1301 3039 1358 dextera
3063 1303 3252 1374 (altera
3267 1303 3409 1359 enim
3427 1305 3646 1360 tenebat

2064 1387 2458 1459 Evangelium),
2493 1393 2667 1448 oravit
2709 1401 2763 1447 et
2787 1409 2886 1462 pro
2917 1410 3014 1449 sua
3055 1397 3352 1451 secundum
3389 1397 3641 1467 spiritum

2065 1489 2241 1534 matre
2274 1479 2497 1550 Sophia,
2531 1494 2586 1540 et
2613 1485 2792 1539 oravit
2819 1486 2978 1541 etiam
3005 1502 3104 1556 pro
3138 1487 3283 1542 clero
3308 1497 3362 1542 et
3387 1489 3644 1544 universo

2062 1586 2259 1642 grege,
2310 1584 2364 1629 et
2394 1576 2548 1644 petiit
2597 1577 2688 1639 iis,
2743 1579 2833 1647 qui
2880 1578 3056 1648 ipsum
3107 1581 3442 1646 invocarent,
3497 1591 3642 1650 post-

2062 1677 2220 1731 quam
2255 1665 2382 1720 hinc
2409 1669 2760 1734 excessisset,
2785 1679 2840 1726 et
2866 1687 2988 1726 eum
3013 1673 3212 1741 alioqui
3241 1673 3570 1727 bonorarent
3591 1682 3645 1725 et

2064 1754 2327 1820 colerent,
2365 1757 2577 1814 Domini
2615 1761 2988 1818 defensionem
3015 1772 3070 1820 et
3100 1764 3352 1828 salutem,
3392 1773 3446 1819 et
3483 1765 3644 1834 quid-

377 1827 584 1897 Κυρίου
601 1827 700 1880 καὶ¹
733 1826 1028 1898 σωτηρίαν,
1059 1829 1155 1880 καὶ
1187 1827 1296 1882 πᾶν
1327 1827 1412 1879 ὄτι
1442 1843 1547 1896 περ
1579 1826 1645 1880 ἂν
1674 1826 1854 1891 αὐτοῖς
1879 1829 1957 1891 είς

2066 1844 2193 1910 quid
2222 1845 2288 1898 ad
2324 1860 2514 1901 eorum
2547 1849 2862 1918 petitionem
2903 1853 3166 1909 tributum
3224 1854 3464 1909 futurum
3500 1864 3646 1910 esset

375 1913 659 1991 αῖτησινῇ
709 1917 847 1988 πρὸς
899 1917 962 1972 τὸ
1005 1917 1286 1988 συμφέρον
1331 1916 1804 1988 οἰκονομούμενον,
1865 1919 1960 1971 καὶ

372 2007 628 2079 δεόμενος
654 2008 799 2063 οὕτω
827 2007 898 2062 τά
927 2009 1237 2074 τελευταῖα,
1282 2007 1478 2061 εἴσεισι
1510 2007 1644 2078 μετὰ
1678 2008 1776 2077 τῆς
1810 2008 1960 2076 φιλο-

379 2103 659 2173 μάρτυρος
703 2102 902 2171 Σοφίας
930 2104 1026 2156 καὶ
1075 2101 1184 2155 τῶν
1213 2101 1699 2172 παραπεμπόντων
1730 2103 1828 2173 τὴν
1865 2103 1959 2156 ὲκ-

375 2194 630 2265 κλησίαν.
675 2195 906 2248 Ἐκεῖνοι
939 2195 1040 2266 μὲν
1089 2189 1186 2267 ρύν
1243 2194 1462 2264 μοχλοῖς
1500 2194 1596 2248 καὶ
1639 2193 1814 2248 κλεισὶ
1859 2194 1960 2257 τὰς

377 2287 549 2358 θύρας
597 2287 1031 2357 ἀσφαλισάμενοι
1085 2287 1377 2359 (ἐδεδίεσαν
1402 2287 1512 2359 γὰρ
1551 2287 1626 2357 μή
1667 2304 1811 2351 τινες
1863 2287 1962 2341 αύ-

373 2381 488 2442 τοῖς
537 2378 648 2430 τῶν
707 2379 922 2434 ἀσεϐῶν
975 2379 1328 2450 ἐπιπέσωσι),
1374 2379 1464 2432 διὰ
1537 2380 1720 2450 πάσης
1765 2379 1961 2442 νυκτὸς

375 2473 593 2545 ᾅδοντες
616 2468 779 2544 ἦσαν.
829 2471 916 2538 Ὠς
950 2472 1014 2526 δὲ
1045 2473 1140 2527 καὶ
1179 2474 1212 2543 ή
1245 2473 1517 2542 σωτήριος
1546 2471 1728 2542 ἡμέρα
1752 2471 1958 2541 παρῆν,

375 2565 602 2636 φαιδρόν
641 2581 694 2618 τι
744 2565 869 2620 λίαν
897 2566 992 2620 καὶ
1026 2565 1126 2636 ήδὺ
1162 2565 1457 2633 λάμπουσα
1491 2567 1610 2627 ταῖς
1640 2564 1750 2618 τῶν
1791 2563 1959 2631 ἀξίων

374 2658 598 2728 ψυχαῖς,
637 2657 908 2729 λαμπρῶς
928 2657 1069 2726 ἄγαν
1097 2657 1126 2710 ό
1169 2658 1380 2728 μάρτυς
1401 2657 1498 2728 τὴν
1529 2656 1682 2726 ἱεράν
1711 2648 1960 2726 λειτουρ-

377 2751 504 2818 γίαν
533 2749 870 2814 διατελέσας,
911 2750 1008 2802 καὶ
1041 2748 1142 2818 τῆς
1177 2749 1448 2820 ἀχράντου
1483 2751 1822 2818 κοινωνήσας
1845 2751 1960 2810 τοῖς

375 2841 616 2912 παροῦσι
673 2840 770 2896 καὶ
825 2841 1170 2912 άναιμάκτου
1227 2839 1439 2904 θυσίας,
1469 2836 1591 2894 εἶτα
1625 2839 1720 2894 καὶ
1753 2839 1960 2906 γλυκὺν

372 2935 556 2999 αὐτοῖς
572 2935 633 2990 τὸ
661 2933 754 2989 τοῦ
784 2932 1021 3007 Χριστοῦ
1058 2933 1247 3006 κλῆμα
1274 2935 1368 2988 τὸν
1394 2929 1539 2989 οἶνον
1576 2935 1676 3005 τῆς
1703 2932 1960 2988 διδασκα-

374 3029 494 3092 λίας
515 3027 813 3096 άπέσταξε.
1283 3014 1288 3020 ’

2064 1935 2143 1989 eis
2186 1937 2360 1990 utile:
2409 1948 2463 1992 et
2491 1940 2570 1994 sic
2621 1953 2896 2011 postremo
2941 1960 3137 2010 orans,
3171 1961 3292 2002 cum
3345 1956 3642 2017 martyrum

2063 2040 2281 2083 amante
2314 2026 2541 2099 Sophia,
2574 2040 2629 2085 et
2665 2033 2732 2088 iis
2771 2036 2860 2102 qui
2892 2051 3016 2090 eum
3052 2037 3423 2100 deducebant,
3466 2038 3645 2107 ingre-

2063 2116 2213 2170 ditur
2240 2119 2552 2176 ecclesiam.
2587 2121 2763 2188 Atque
2793 2124 2865 2178 illi
2902 2127 3120 2195 quidem
3154 2142 3278 2182 cum
3311 2128 3558 2183 clavibus
3588 2138 3643 2183 et

2062 2213 2304 2268 vectibus
2338 2213 2482 2271 fores
2518 2218 2838 2274 muniissent
2881 2221 3185 2290 (timebant
3217 2222 3363 2277 enim
3386 2263 3401 2287 ,
3450 2240 3515 2277 ne
3546 2223 3645 2278 ali-

2062 2305 2154 2371 qui
2182 2322 2248 2360 ex
2277 2307 2458 2376 impiis
2485 2309 2537 2364 in
2561 2325 2654 2365 eos
2687 2311 3006 2385 irruerent),
3028 2321 3141 2368 tota
3169 2327 3327 2369 nocte
3356 2315 3642 2370 canebant.

2067 2394 2356 2465 Postquam
2389 2409 2568 2452 autem
2597 2401 2713 2456 dies
2744 2401 2964 2457 advenit
2993 2402 3271 2466 salutaris,
3309 2403 3550 2474 jucunde
3588 2413 3645 2458 et

2063 2491 2302 2544 suaviter
2327 2489 2652 2548 illucescens
2675 2506 2888 2559 eorum,
2914 2495 3003 2565 qui
3035 2495 3182 2566 digni
3208 2505 3390 2556 erant,
3421 2497 3642 2563 animis,

2063 2593 2186 2635 cum
2219 2582 2478 2651 praeclare
2504 2584 2793 2661 admodum
2826 2595 3034 2656 martyr
3070 2602 3286 2642 sacrum
3318 2588 3648 2646 celebrasset

2065 2672 2462 2740 ministerium,
2513 2685 2568 2731 et
2608 2675 2937 2732 intemerato
2988 2687 3044 2733 et
3095 2679 3380 2734 incruento
3429 2694 3525 2736 eos
3551 2683 3644 2750 qui

2063 2765 2310 2830 aderant,
2363 2765 3037 2836 impertiissetsacrilicio,
3066 2771 3145 2826 eis
3206 2772 3392 2827 suavis
3439 2771 3644 2828 Christi

2063 2854 2286 2922 palmes,
2314 2857 2587 2923 Clemens,
2643 2860 2902 2931 inquam,
2941 2863 3021 2918 eis
3056 2862 3336 2918 instillavit
3365 2863 3522 2919 dulce
3565 2865 3646 2918 vi-

2065 2965 2190 3005 num
2219 2951 2501 3009 doctrinae.

443 3187 582 3244 DH’.
617 3187 897 3259 Περιδεεῖς
947 3186 1004 3242 δὲ
1042 3185 1244 3250 αὐτοὺς
1277 3185 1371 3238 καὶ
1399 3183 1747 3252 καταφόϐους
1784 3186 1948 3256 ὁρῶν,

2129 3197 2459 3256 LXXXVIII.
2502 3201 2637 3257 Cum
2678 3213 2856 3258 autem
2889 3207 3092 3263 videret
3119 3208 3461 3279 perturbatos
3486 3220 3543 3266 et
3577 3213 3645 3266 ti-

371 3279 460 3336 οἶά
484 3300 605 3336 τινα
619 3280 728 3334 τῶν
755 3278 998 3333 ἀπίστων
1023 3277 1310 3332 ὲπέλευσιν
1336 3276 1760 3340 ὑποπτεύοντας,
1793 3277 1958 3348 ἐπέρα

374 3381 550 3451 ρωσεν
577 3375 758 3430 αὐτῶν
789 3374 858 3428 τὰ
890 3377 1243 3444 φρονήματα,
1285 3372 1379 3426 καὶ
1424 3371 1524 3443 τὴν
1560 3370 1764 3425 δειλίαν
1795 3372 1954 3425 ἐκϐέ-

373 3468 566 3538 ϐληκε,
601 3466 814 3538 φανερὰ
868 3467 964 3520 καὶ
1012 3464 1106 3518 ὑπ’
1154 3463 1469 3535 ὀφθαλμοὺς
1509 3464 1693 3528 αὐτοῖς
1719 3465 1787 3518 τὰ
1824 3465 1958 3535 μέλ-

369 3563 533 3615 λοντα
586 3559 964 3630 συμϐήσεσθαι
1030 3561 1410 3629 παραστήσας.
1476 3557 1742 3627 Θαρσεῖτε
1809 3559 1953 3631 γὰρ,

372 3653 559 3725 φησὶν,
585 3651 829 3722 ἀδελφοὶ,
851 3651 1102 3722 θαρσεῖτε
1118 3668 1134 3683 ο
1156 3644 1236 3714 εἷς
1261 3651 1321 3718 ἐξ
1339 3652 1369 3704 ύ
1378 3650 1494 3722 μῶν
1528 3651 1628 3705 ούκ
1650 3650 1953 3717 ἀπολεῖται,

369 3746 465 3800 δύο
497 3746 552 3800 δέ
586 3761 732 3807 τινες
783 3747 879 3798 καὶ
928 3743 1114 3814 τρίτος
1165 3743 1278 3816 ἐγὼ
1333 3744 1431 3797 σὺν
1475 3743 1678 3807 αὐτοῖς,
1721 3743 1826 3813 ήδη
1857 3744 1958 3814 τὴν

368 3838 690 3892 τελευταίαν
723 3837 987 3908 ἐκδημίαν
1015 3835 1283 3907 ἀφ’ύμῶν
1314 3835 1699 3908 ὲκδημήσομεν
1719 3851 1733 3865 ·
1767 3837 1956 3890 ἔπειτα
2023 3840 2026 3841 ⁷

373 3930 736 4001 σσεσθήσεται
775 3929 930 4000 μὲν.ή
973 3929 1116 3983 κατὰ
1157 3927 1506 3998 Χριστιανῶν
1537 3926 1730 3992 λύσσα,
1761 3929 1953 4000 εἰρήνη

369 4023 426 4077 δὲ
457 4023 596 4096 πρὸς
619 4023 686 4078 τὰ
723 4022 1014 4092 Ῥωμαίων
1042 4022 1316 4084 άνατελεῖ,
1356 4019 1451 4074 καὶ
1480 4022 1631 4074 πᾶσα
1672 4020 1826 4082 πόλις
1858 4022 1953 4074 καὶ

369 4113 526 4186 χώρα
566 4114 667 4185 τῆς
727 4114 1080 4183 ἐπιγνώσεως
1126 4113 1501 4185 πλησθήσεται
1541 4111 1635 4166 τοῦ
1670 4112 1907 4181 Χριστοῦ
1937 4130 1951 4143 ο

371 4207 467 4262 καὶ
502 4207 855 4280 ἀνοιγήσεται
898 4210 997 4278 μὲν
1030 4211 1176 4273 ἆπας
1217 4211 1244 4263 ὁ
1282 4210 1427 4280 ἱερὸς
1483 4203 1653 4273 οἶκος,
1699 4208 1955 4286 κλεισθήο

372 4315 554 4353 σονται
616 4299 675 4353 δὲ
727 4301 777 4354 οἱ
818 4301 926 4354 τῶν
971 4300 1246 4370 Ἑλλήνων
1271 4301 1412 4368 ναοὶ,
1439 4301 1535 4353 καὶ
1580 4300 1870 4366 φεύξονται
1903 4301 1954 4354 οί

371 4389 804 4459 προσκυνοῦντες
837 4392 894 4443 ὲν
924 4392 1132 4456 αὐτοῖς,
1164 4392 1258 4445 καὶ
1288 4392 1379 4445 τὸν
1411 4392 1578 4461 φόϐον
1610 4393 1767 4462 ἡμῶν
1796 4391 1954 4447 αὐτοὶ

369 4480 796 4552 φοϐηθήσονται.
815 4481 874 4537 '0
900 4483 954 4537 δὲ
979 4483 1167 4556 καιρὸς
1184 4476 1342 4547 οὗτος
1366 4485 1553 4554 ἐγγὺς,
1585 4484 1678 4538 καί
1706 4497 1851 4548 τινες
1889 4485 1948 4549 ἐξ

369 4571 526 4644 ὑμῶν
542 4574 641 4646 τὴν
661 4592 868 4630 καταστ
877 4577 1048 4648 ροφήν
1067 4577 1178 4630 τῶν
1201 4576 1510 4632 διωκόντων
1532 4576 1680 4647 ἡμᾶς
1700 4576 1944 4648 ὄψονται.

2069 3308 2220 3348 more
2241 3293 2481 3363 aﬂ'cctos,
2503 3305 2557 3350 ut
2587 3297 2678 3367 qui
2711 3299 3116 3368 suspicarentur
3147 3302 3262 3358 fore
3290 3302 3524 3370 aliquam
3561 3304 3648 3358 in-.

2067 3387 2300 3444 ﬁdelium
2326 3390 2716 3459 incursionem,
2743 3395 3082 3450 conﬁrmavit
3107 3410 3295 3452 eorum
3327 3399 3574 3468 spiritus,
3594 3411 3650 3454 et

2065 3494 2187 3532 cum
2233 3494 2354 3549 quae
2385 3481 2561 3536 futura
2595 3493 2776 3544 erant.
2813 3499 3000 3540 eorum
3050 3489 3376 3558 subiecisset
3411 3492 3584 3546 oculis
3630 3509 3644 3547 :

2066 3568 2235 3636 Bono,
2265 3571 2459 3639 inquit,
2491 3574 2613 3630 sitis
2640 3576 2844 3638 animo,
2882 3577 3100 3642 fratres,
3126 3596 3230 3634 non
3259 3583 3457 3651 peribit
3509 3599 3648 3640 unus

2065 3675 2128 3715 ex
2173 3664 2350 3721 vobis.
2386 3665 2502 3721 Duo
2545 3677 2726 3723 autem
2779 3669 3020 3736 quidam,
3051 3683 3107 3725 et
3147 3687 3249 3742 ego
3295 3676 3484 3729 tertius
3522 3691 3645 3730 cum

2065 3753 2144 3806 eis
2197 3765 2476 3822 postremo
2515 3771 2543 3809 ιι
2585 3757 2736 3813 vobis
2779 3761 3129 3816 excedemus.
3190 3763 3391 3818 Deinde
3433 3768 3645 3820 exstin-

2063 3853 2257 3913 guetur
2297 3845 2535 3914 quidem,
2573 3863 2694 3918 qnze
2733 3852 2886 3904 saevit
2922 3851 2972 3904 in
3014 3852 3370 3921 Christianos,
3419 3857 3644 3913 rabies:

2063 3935 2272 3990 orietur
2303 3953 2430 3992 vero
2455 3955 2555 4009 pax
2581 3941 2634 3994 in
2663 3942 2890 4011 imperio
2917 3943 3280 4000 Rniiianorum
3311 3963 3325 4003 :
3358 3949 3645 4018 omnisque

2063 4027 2257 4082 civitas
2307 4040 2360 4082 et
2399 4031 2548 4099 regio
2598 4032 2910 4102 implebitur
2951 4032 3156 4091 Christi
3207 4039 3558 4107 cognitione:
3589 4049 3646 4094 et

2065 4120 2342 4187 aperietur
2392 4124 2612 4192 quidem
2661 4128 2840 4182 omnis
2890 4130 3035 4183 aedes
3085 4145 3266 4196 sacra,
3324 4131 3648 4187 claudentur

2065 4224 2246 4268 autem
2299 4216 2494 4285 templa
2541 4219 2845 4287 gentilium,
2877 4229 2931 4275 et
2971 4220 3200 4292 fugient,
3235 4223 3326 4288 qui
3357 4225 3408 4277 in
3443 4225 3522 4278 eis
3553 4229 3648 4278 ai-

2063 4316 2254 4372 urant,
2285 4317 2339 4362 et
2375 4323 2464 4374 eo,
2513 4326 2620 4380 quo
2653 4327 2796 4366 nunc
2831 4327 2948 4376 vos,
2978 4314 3080 4382 ipsi
3109 4313 3304 4370 timore
3322 4314 3644 4371 adicientur.

2066 4395 2178 4454 Hoc
2210 4408 2394 4455 autem
2437 4412 2649 4472 tempus
2690 4419 2858 4474 prope
2901 4416 3004 4471 est,
3029 4414 3084 4461 et
3127 4407 3348 4478 quidam
3390 4421 3458 4463 ex
3495 4408 3648 4464 vobis

2060 4491 2319 4547 videbunt
2351 4509 2575 4550 eversos
2601 4509 3002 4566 persecutores.

440 4770 571 4825 118'.
603 4771 794 4826 Ταῦτα
829 4771 1045 4826 ἐκείνου
1079 4773 1311 4844 γυμνῶς
1353 4771 1632 4830 οί.’›τω’καλ⁵
1658 4775 1943 4830 ἀποκεκα-

2123 4779 2414 4836 LXXXIX.
2473 4781 2596 4836 Haec
2631 4796 2753 4836 cum
2783 4781 2870 4836 ille
2913 4790 3019 4834 tam
3047 4791 3231 4848 aperte
3258 4782 3547 4838 dissereret
3577 4785 3644 4842 iis

367 4865 660 4936 λυμμένως
683 4869 798 4930 τοῖς
832 4866 1071 4937 παροῦσι
1103 4867 1415 4934 διεξιόντος,
1447 4870 1480 4938 ἡ
1514 4867 1861 4939 φιλόχριστός
1894 4889 1954 4924 τε

367 4957 464 5011 καὶ
493 4957 831 5027 φιλόμαρτυς
880 4957 1054 5027 Σοφία
1102 4960 1307 5029 μεστὴν
1345 4959 1541 5029 ήδονῆς
1570 4960 1666 5013 ἐπὶ
1699 4960 1779 5028 τῷ
1810 4961 1955 5031 Κλή-

369 5064 526 5118 μεντι
556 5049 648 5100 καὶ
680 5045 1038 5117 φαιδρότητπ
1057 5045 1257 5117 ἔχουσα
1285 5047 1386 5118 τήν
1406 5047 1656 5116 καρδίαν,
1690 5048 1874 5118 χήρας
1896 5066 1955 5102 τε

366 5141 462 5193 καὶ
494 5141 765 5208 ὀρφανοὺς
806 5141 1114 5203 συνεκάλει,
1151 5141 1246 5194 καὶ
1295 5140 1462 5212 ἄρτον
1499 5141 1684 5206 αὐτοῖς
1713 5141 1810 5195 καὶ
1835 5141 1951 5194 ἑδέ-

372 5248 555 5303 σματα
585 5232 680 5285 καὶ
716 5228 859 5285 οῐνον
893 5231 1100 5300 ἄφθονα
1149 5233 1466 5303 προσετίθει
1514 5233 1715 5294 πάντα,
1751 5233 1847 5286 καὶ
1875 5233 1953 5297 ὡς

368 5325 402 5390 ὴ
456 5323 580 5392 χεὶρ
631 5319 776 5392 εἶχεν
819 5324 1107 5388 ἐδεξιοῦτο.
1147 5325 1336 5379 Ταῦτα
1387 5327 1486 5395 μὲν
1518 5310 1612 5380 ούν
1641 5327 1954 5396 δωδεκάτην

370 5415 499 5484 ἑξῆς
530 5416 764 5471 ἐτελεῖτο
792 5419 1029 5486 ἡμέραν,
1054 5420 1148 5474 καὶ
1187 5419 1488 5489 φιλοτίμως
1507 5421 1635 5483 τοὺς
1668 5421 1956 5490 παραϐάλ-

367 5506 561 5571 λοντας
601 5510 635 5579 ή
694 5509 869 5579 Σοφία
889 5511 1087 5577 εἱστία,
1115 5513 1210 5565 καὶ
1238 5508 1380 5583 ἦσαν
1417 5513 1477 5566 έν
1513 5515 1728 5584 ἑορταῖς
1755 5514 1958 5578 πάντες

370 5601 466 5653 καὶ
491 5599 838 5667 εὐπαθείαις,
861 5605 955 5656 καὶ
986 5605 1304 5676 Κλήμεντος
1327 5607 1428 5676 τὴν
1449 5607 1789 5678 ἐπεκδημίαν
1817 5606 1956 5676 ἑώρ-

368 5691 532 5755 ταζον
557 5708 570 5722 ·
604 5693 726 5747 ἐπεὶ
749 5695 804 5748 δὲ
837 5697 929 5749 καὶ
959 5697 993 5766 ή
1026 5697 1337 5768 προθεσμία
1374 5701 1558 5768 παρῆν
1589 5697 1868 5770 (Κυριακὴ
1895 5698 1952 5751 δὲ

365 5777 434 5854 ἦν
465 5786 497 5854 ή
522 5784 725 5858 ἡμέρα)
749 5787 839 5841 τὸν
867 5786 1105 5860 ἀθλητὴν
1126 5790 1237 5844 ἀπὸ
1268 5792 1364 5857 τῆς
1394 5792 1680 5861 παρούσης
1713 5790 1951 5844 καλοῦσα

2062 4875 2154 4943 qui
2187 4875 2434 4935 aderant,
2469 4873 2671 4928 Christi
2708 4883 2762 4928 et
2793 4884 3089 4943 martyrum
3129 4875 3499 4930 amantissima
3538 4878 3644 4932 So-

2063 4965 2211 5034 phia,
2237 4967 2473 5021 maximo
2491 4967 2688 5037 gaudio
2710 4976 2764 5020 et
2783 4965 2961 5020 laetitia
2987 4975 3204 5035 propter
3226 4966 3557 5021 Clementem
3587 4967 3640 5022 in

2016 5111 2030 5122 ,
2063 5056 2226 5110 corde
2271 5056 2460 5124 plena,
2513 5057 2848 5112 convocabat
2895 5057 3084 5111 viduas
3120 5057 3495 5127 etorphanos,
3547 5073 3643 5124 pa-

2063 5160 2298 5215 nemque
2328 5157 2383 5201 et
2414 5145 2593 5200 cibum
2643 5157 2696 5199 et
2726 5147 2911 5200 vinum
2947 5148 3027 5201 eis
3072 5148 3288 5202 abunde
3315 5147 3641 5216 suppedita-

2060 5237 2174 5300 bat,
2205 5246 2260 5292 et
2289 5253 2384 5306 pro
2420 5237 2629 5292 viribus
2671 5252 2766 5293 eos
2799 5237 3280 5307 complectebatur.
3322 5241 3497 5306 Atque
3529 5240 3643 5294 huic

2059 5328 2278 5397 quidem
2307 5329 2588 5383 duodecim
2626 5330 2882 5398 deinceps
2926 5329 3041 5382 dies
3079 5327 3219 5383 facta
3249 5339 3396 5391 sunt,
3429 5341 3482 5384 et
3512 5345 3605 5384 eos
3625 5369 3643 5395 ,

2060 5417 2150 5486 qui
2191 5417 2545 5480 accedebant,
2571 5419 2820 5473 convivio
2848 5417 3145 5472 liberaliter
3167 5421 3377 5489 accepit
3403 5418 3601 5487 Sophia
3626 5460 3642 5484 ,

2063 5508 2342 5579 festosque
2365 5510 2480 5565 dies
2509 5510 2856 5564 celebrabant
2881 5523 2934 5566 et
2967 5511 3214 5565 hilariter
3249 5511 3641 5579 transigebant,

2063 5611 2118 5657 et
2144 5601 2439 5657 Clementis
2463 5603 2751 5656 adventum
2776 5601 3139 5658 honorabant.
3167 5601 3300 5657 Cum
3330 5611 3507 5657 autem
3526 5603 3637 5667 jam

2063 5694 2179 5750 dies
2225 5694 2442 5751 adesset
2484 5695 2817 5764 praestitutus
2865 5696 3020 5762 (erat
3048 5710 3182 5750 vero
3233 5695 3349 5749 dies
3403 5693 3643 5765 Doptiui~

2059 5791 2197 5859 cus)
2229 5789 2258 5840 a'
2291 5786 2543 5856 praesenti
2577 5786 2683 5839 vita
2714 5785 2975 5842 athletam
3007 5799 3264 5852 evocans,
3305 5784 3392 5840 ille
3420 5782 3638 5853 quidem
