4116 6418
510 352 614 421 991

1755 352 2046 419 MENSIS
2072 350 2535 414 IANUARIUS.

3666 342 3776 406 892

506 467 749 522 divinum
779 466 1019 525 celebrat
1042 469 1395 525 sacriﬁcium.
1426 469 1724 539 Postquam
1751 478 1933 526 autem
1963 484 2083 540 per-

2201 465 2358 532 ζωῆς,
2381 466 2409 517 ὁ
2435 464 2535 530 μὲν
2559 461 2826 533 ἐτύγχανε
2849 459 2949 531 τὴν
2981 459 3133 515 θείαν
3168 457 3516 530 λειτουργίαν
3564 458 3781 528 ἱερουρ-

509 556 650 613 fecta
685 558 919 623 fuerant,
955 577 1074 627 quae
1106 573 1530 625 consueverant,
1565 573 1620 618 et
1649 563 1943 633 participes
1976 560 2089 617 lue-

511 661 637 705 runt
688 651 873 706 ﬁdeles
919 654 1113 707 viviﬁci
1152 655 1399 724 corporis
1442 665 1497 708 et
1541 654 1844 725 sanguinis,
1893 652 2092 707 divinis

508 742 688 796 adhuc
732 744 891 798 danis
938 744 991 797 in
1023 760 1181 800 sacra
1238 761 1421 800 mensa
1479 748 1790 814 propositis,
1839 754 1894 799 et
1927 746 1992 798 ad
2027 761 2089 799 ea

510 845 747 904 martyre
797 836 994 890 collum
1041 838 1274 892 habente
1321 838 1677 902 inclinatum,
1738 838 1963 908 quidam
2023 851 2090 890 ex

512 928 947 995 magistratibus,
977 928 1287 983 Alexander
1326 931 1567 994 nomine,
1611 931 1812 998 impetu
1867 936 2091 995 repente

509 1012 655 1069 facto
689 1031 812 1070 cum
855 1016 1143 1084 militibus,
1180 1017 1335 1085 jubet
1381 1019 1472 1073 uni
1521 1035 1586 1073 ex
1643 1019 1755 1073 suis
1812 1027 2093 1088 amputare

509 1118 727 1159 sacrum
748 1116 909 1177 caput
938 1109 1252 1164 Clementis.
1290 1110 1490 1166 Deinde
1518 1111 1681 1188 etiam
1717 1113 2090 1164 intemeratam

508 1195 837 1252 oblationem
870 1198 924 1269 (υ
957 1210 1124 1268 tuam,
1146 1202 1363 1257 Christe
1402 1219 1520 1267 rex,
1541 1205 1867 1273 patientiam
1889 1202 1928 1274 ι)
1950 1203 2092 1272 deje-

511 1297 707 1340 cerunt
744 1288 795 1341 in
830 1299 1051 1357 terram,
1086 1302 1135 1345 et
1168 1291 1411 1361 profanis
1445 1294 1674 1360 pedibus
1703 1292 1915 1362 profani
1956 1307 2090 1347 conv

512 1376 813 1434 Culcarunt.
861 1380 1043 1449 Atque
1068 1381 1149 1435 sic
1187 1382 1403 1451 quidem
1444 1398 1672 1451 magnus
1712 1384 1800 1438 ille
1837 1382 2093 1438 Clemens

511 1468 859 1533 sacriﬁcans,
921 1482 1200 1541 acceptum
1244 1489 1340 1542 pro
1389 1474 1571 1543 aliquo
1626 1475 1733 1529 alio
1763 1478 2090 1532 sacriﬁcium

513 1560 631 1629 ipse
665 1562 772 1616 Deo
803 1562 1053 1618 oﬁ‘ertnr.
1089 1564 1287 1620 Eorum
1325 1581 1504 1622 autem
1537 1569 1628 1636 qui
1663 1570 1887 1623 aderant
1913 1570 2097 1625 multi-

514 1650 708 1718 tiludo,
746 1654 837 1708 alii
888 1657 1113 1725 quidem
1162 1670 1509 1715 recesserunt
1550 1662 1944 1745 lacrymantes;
1985 1664 2094 1720 duo

510 1754 640 1795 vero
673 1744 772 1797 soli
818 1760 885 1800 ex
930 1746 1154 1814 Levitis,
1197 1751 1289 1820 qui
1328 1752 1492 1806 etiam
1551 1744 1872 1810 intemerato
1933 1759 2093 1810 mini-

2196 553 2331 621 γῶν.
2391 553 2481 614 Ὧς
2534 551 2595 605 δὲ
2651 551 2831 606 πάντα
2871 550 3126 619 ἐτελέσθη
3176 549 3245 602 τὰ
3283 548 3534 610 εἰωθότα,
3565 548 3660 600 καὶ
3684 545 3783 599 τοῦ

2197 644 2467 708 ζωοποιοῦ
2511 645 2775 714 μετέσχον
2805 643 2856 696 οἱ
2894 641 3078 694 πιστοὶ
3113 637 3363 709 σώματός
3388 655 3447 690 τε
3494 637 3591 690 καὶ
3617 636 3785 704 αἵμα-

2192 755 2307 800 τος,
2356 737 2434 790 ἐτι
2474 737 2583 788 τῶν
2628 736 2788 790 θείων
2844 735 3033 806 δώρων
3062 734 3160 804 τῆς
3212 732 3364 801 ἱερᾶς
3403 726 3785 799 προκειμένων

2192 829 2512 900 τραπέζης,
2555 831 2649 882 καὶ
2703 827 2798 881 τοῦ
2856 829 3138 896 μάρτυρος
3203 818 3637 890 ύποκεκλιμένον
3692 817 3790 870 αὐ-

2192 924 2304 984 τοῖς
2350 921 2566 989 ἔχοντος
2610 920 2702 974 τὸν
2745 920 2987 990 αὐχένα,
3040 915 3181 987 μετά
3225 913 3467 984 πλήθους
3514 926 3791 976 στρατιω-

2193 1015 2301 1068 τῶν
2365 1015 2550 1086 ἄρχων
2589 1031 2696 1078 τις,
2739 1010 3088 1079 Ἀλέξανδρος
3135 1007 3327 1076 ὄνομα,
3364 1004 3429 1056 ὲκ
3472 1001 3566 1055 τοῦ
3603 1001 3789 1067 αἰφνι-

2193 1106 2306 1160 δίου
2367 1105 2713 1159 ἐπεισπεσὼν
2767 1103 2980 1158 κελεύει
3030 1101 3139 1154 τῶν
3177 1098 3270 1152 ὑπ’
3307 1095 3490 1150 αὐτῶν
3540 1092 3621 1146 ἑνὶ
3641 1092 3789 1160 ξίφει

2192 1203 2295 1269 τὴν
2357 1199 2510 1270 ίεράν
2562 1199 2658 1252 καὶ
2710 1196 2862 1250 θείαν
2910 1193 3004 1248 τοῦ
3067 1192 3387 1261 Κλήμεντος
3455 1184 3790 1254 ἀποτέμνειν

2196 1290 2464 1359 κεφαλήν.
2492 1284 2625 1343 Εἶτα
2686 1289 2782 1343 καὶ
2827 1287 2926 1357 τὴν
2968 1286 3239 1357 ἄχραντον
3284 1278 3629 1351 προσφορὰν,
3655 1278 3778 1346 (ὅση

2196 1397 2318 1443 σου,
2361 1379 2568 1450 Χριστὲ
2622 1378 2864 1449 βασιλεῦ,
2917 1379 2952 1446 ἡ
3007 1372 3365 1446 μακροθυμία
3388 1372 3426 1441 !)
3485 1367 3629 1423 κατὰ
3680 1367 3786 1436 γῆς

2196 1473 2513 1543 ἐρρίπτουν,
2539 1473 2636 1525 καὶ
2667 1472 2795 1523 ποσὶ
2809 1470 3057 1539 βεϐήλοις
3085 1470 3135 1520 οἱ
3162 1466 3383 1537 βέόηλοι
3415 1462 3780 1549 κατεπάτουν.

2196 1564 2353 1618 Οὕτω
2391 1566 2487 1634 μὲν
2513 1559 2605 1617 οὖν
2646 1563 2791 1616 θύων
2824 1565 2852 1616 δ
2894 1565 3068 1631 μέγας
3104 1560 3357 1630 Κλήμης,
3416 1555 3564 1624 θῦμα
3595 1553 3786 1605 δεκτὸν

2196 1658 2315 1712 ἀντ’
2349 1656 2510 1712 ἄλλον
2546 1656 2691 1720 τινὸς
2747 1655 2913 1718 αὐτὸς
2972 1654 3315 1721 προσάγεται
3355 1649 3434 1717 τῷ
3459 1646 3611 1716 Θεῷο
3640 1646 3701 1696 τὸ
3726 1643 3785 1696 δὲ

2195 1748 2306 1803 τῶν
2344 1748 2721 1819 παρεστώτων
2770 1746 2996 1815 πλῆθος,
3044 1746 3095 1797 οἱ
3143 1744 3240 1812 μὲν
3265 1742 3416 1796 ἄλλοι
3456 1737 3787 1808 δακρύοντες

509 1832 761 1890 strabant
785 1840 1072 1904 sacriﬁcio,
1105 1854 1244 1897 unus
1277 1843 1495 1913 quidem
1527 1844 1979 1914 Cbristophorus,
2016 1850 2093 1904 al-

2201 1841 2541 1912 ὑπεχώρουν,
2596 1839 2690 1893 δύο
2731 1839 2787 1893 δὲ
2846 1839 2996 1909 μόνοι
3053 1839 3162 1889 τῶν
3211 1832 3477 1894 Λευῖτῶν,
3513 1830 3563 1884 οἳ
3600 1831 3694 1882 καὶ
3720 1830 3787 1897 τῇ

510 1931 597 1978 ter
626 1935 806 1981 autem
850 1928 1117 1985 Chariten
1169 1934 1409 1998 nomine,
1444 1946 1500 1991 ut
1549 1938 1665 2005 ipse
1694 1938 1845 2006 prius
1883 1938 2091 2007 signiﬁ-

511 2016 660 2070 cavit
715 2017 926 2086 beatus,
978 2025 1044 2077 ad
1103 2024 1338 2079 divinam
1380 2026 1604 2095 quidem
1670 2028 1790 2095 ejus
1847 2044 2089 2085 mensam

512 2102 727 2160 beatum
758 2106 861 2177 ipsi
888 2123 1104 2180 quoque
1127 2112 1288 2168 linem
1325 2126 1676 2184 acceperunt.

589 2282 698 2341 XC.
743 2284 946 2342 Fidelis
971 2300 1149 2343 antem
1185 2288 1411 2361 Sophia,
1443 2306 1564 2361 qua:
1599 2308 1793 2362 magno
1825 2293 2090 2350 Clementi

515 2374 620 2430 fuit
646 2392 712 2431 ex
740 2377 853 2433 Deo
900 2391 1071 2435 mater
1116 2389 1171 2435 et
1199 2384 1378 2438 nutrix
1418 2395 1473 2440 et
1525 2384 1847 2453 institntrix,
1883 2401 2005 2442 cum
2038 2389 2091 2444 in

519 2466 641 2549 aula
676 2468 941 2523 tutissima
969 2469 1199 2527 haberet
1240 2474 1407 2528 lilium
1440 2477 1765 2547 repositum,
1803 2487 1858 2533 et
1890 2480 1981 2546 qni
2027 2482 2093 2534 ad

518 2572 783 2627 supernas
806 2563 1099 2616 transierat
1121 2579 1349 2620 coronas
1367 2605 1383 2633 ,
1411 2578 1467 2621 et
1492 2567 1846 2622 immobilium
1881 2569 2093 2624 illorum

519 2651 785 2704 bonorum
839 2656 1329 2721 remunerationes,
1399 2659 1820 2714 sollicitudinem
1878 2678 2094 2719 omnem

516 2741 736 2797 solvens
767 2752 822 2798 et
851 2759 1163 2812 mmrorem,
1185 2757 1241 2801 et
1275 2750 1617 2803 lucernarum
1652 2754 1915 2813 accendit
1960 2755 2097 2807 mul-

519 2839 827 2904 titndinem,
874 2841 1153 2913 multaque
1184 2859 1499 2913 perpessum
1545 2857 1600 2902 et
1626 2849 1772 2917 quod
1813 2851 1977 2905 multa
2019 2854 2097 2907 vi-

517 2940 664 2984 cerat
701 2932 1024 2998 certamina,
1056 2936 1138 2989 sui
1174 2936 1487 2992 amicissimi
1520 2940 1716 2994 mortui
1751 2941 1943 2998 tollens
1975 2958 2097 2997 eor-

517 3036 640 3091 pus,
671 3023 886 3080 mundis
926 3026 1166 3081 vestibus
1212 3036 1268 3082 et
1302 3028 1481 3086 linteis
1517 3030 1761 3099 involvit,
1789 3043 1845 3089 et
1880 3035 1933 3089 in
1978 3035 2098 3106 ipso

521 3114 743 3185 templo,
778 3116 920 3184 quod
953 3126 1037 3173 est
1068 3119 1119 3172 in
1155 3120 1293 3187 loco,
1321 3123 1412 3191 qui
1447 3123 1649 3178 dicitur
1675 3125 1928 3196 Cryptos,
1962 3144 2097 3198 prm-

517 3207 729 3262 clarnm
763 3208 1023 3276 praeclare
1053 3211 1274 3280 deponit
1302 3231 1315 3266 :
1344 3215 1434 3269 ubi
1466 3215 1629 3270 etiam
1657 3218 1809 3287 prius
1832 3222 2100 3289 deposue-

520 3305 609 3349 rat
651 3297 1116 3368 Agathangelum,
1179 3310 1238 3355 ut
1289 3304 1379 3357 uni
1441 3306 1692 3376 sepulcro
1746 3309 2103 3365 crederentur

519 3400 772 3452 corpora,
806 3402 1036 3453 quorum
1068 3388 1278 3442 animas
1308 3393 1446 3446 idem
1490 3395 1612 3448 caeli
1647 3400 1887 3465 suscepit
1919 3399 2097 3453 taber-

523 3476 802 3532 naculum.
829 3479 1005 3547 Prope
1034 3494 1129 3534 eos
1165 3491 1370 3544 autem,
1404 3483 1523 3539 illos
1549 3485 1714 3539 etiam
1758 3488 1949 3557 sepelit
1980 3489 2097 3541 dia-

523 3583 711 3635 conos,
743 3570 831 3638 qui
883 3586 1006 3625 cum
1051 3587 1246 3641 magno
1290 3573 1571 3632 Clemente
1626 3589 2096 3643 concertaverant,

521 3673 631 3727 quo
663 3659 714 3713 in
749 3663 865 3716 loco
904 3676 1092 3715 eorum
1123 3677 1340 3733 quoque
1365 3679 1529 3733 parva
1555 3667 1819 3721 aediﬁcata
1853 3678 1937 3722 est
1973 3670 2099 3722 ardi-

520 3752 665 3806 cula.
700 3752 904 3808 Deinde
941 3769 1064 3809 cum
1113 3753 1408 3811 Clementis
1456 3758 1756 3815 assedisset
1811 3761 2098 3830 sepulcro,

523 3839 636 3894 ba'c
651 3843 911 3909 praeclara
926 3844 1373 3915 bnmanitateque
1390 3859 1445 3903 et
1458 3848 1742 3905 ati‘ectione
1758 3852 1911 3920 plena
1933 3856 2097 3909 verba

521 3926 878 4000 eloquebatur
905 3951 919 3988 :
954 3935 1066 4006 Ego
1094 3939 1309 4008 quidem
1343 3954 1456 4006 vos,
1485 3956 1518 3995 ο
1550 3940 1667 4007 ﬁlii,
1702 3943 1755 3997 in
1786 3944 2010 4015 Crypto,
2048 3947 2099 4000 id

525 4035 610 4078 est
661 4028 713 4078 in
766 4027 973 4092 abdito,
1021 4028 1418 4097 deposui:sed“
1451 4048 1550 4089 vos
1582 4038 1804 4090 omnino
1851 4038 2102 4093 Christus

526 4113 579 4167 in
619 4125 807 4183 aperto
833 4118 1063 4174 deducet
1107 4121 1159 4174 in
1192 4124 1460 4190 requiem,
1494 4136 1719 4196 propter
1748 4142 1907 4197 quem
1939 4137 2019 4183 tot
2047 4139 2103 4184 et

526 4214 676 4261 tanta
704 4219 881 4261 vestra
909 4219 1103 4278 sponte
1140 4212 1249 4281 pati
1286 4214 1587 4285 delegistis,
1617 4229 1673 4271 et
1705 4218 1857 4273 vobis
1881 4220 2098 4288 dignam

523 4298 693 4353 aedem
720 4301 1000 4366 excitabit,
1033 4311 1088 4356 et
1116 4316 1293 4360 vestra
1325 4322 1553 4377 corpora
1580 4309 1632 4363 in
1661 4324 1722 4363 ea
1750 4321 2097 4379 rcponentnr.

522 4390 692 4447 Porro
718 4403 896 4449 autem
921 4410 1010 4450 me
1038 4411 1257 4466 quoque
1283 4399 1394 4468 jam
1424 4401 1489 4455 ad
1514 4415 1608 4457 vos
1639 4414 1794 4457 vocat
1827 4414 2098 4469 senectus,

2199 1933 2456 2005 ἀχράντῳ
2486 1933 2647 2002 θυσίᾳ
2678 1932 3087 1998 διακονούμενοι
3114 1924 3276 1994 ἦσαν,
3305 1928 3334 1979 ὁ
3361 1925 3459 1995 μὲν
3485 1920 3791 1992 Χριστοφό-

2202 2042 2313 2097 ρος,
2333 2027 2361 2078 ὁ
2383 2025 2440 2077 δὲ
2464 2025 2723 2094 Χαρίτων
2755 2022 3110 2092 καλούμενοι,
3135 2020 3209 2081 ὡς
3238 2017 3399 2079 αὐτὸς
3420 2012 3785 2085 προαγγείλας

2199 2113 2268 2186 ἦν
2294 2117 2322 2168 ὁ
2358 2116 2648 2185 μακάριος,
2679 2111 2847 2166 αὐτοῦ
2874 2128 2978 2165 που
3032 2110 3184 2178 παρὰ
3208 2111 3275 2181 τῇ
3311 2107 3433 2179 θείᾳ
3452 2106 3704 2178 τραπέζῃ
3728 2102 3790 2156 τὸ

2204 2208 2475 2278 μακάριον
2506 2206 2598 2258 καὶ
2632 2204 2787 2258 αὐτοὶ
2818 2202 2973 2264 τέλος
2996 2201 3264 2266 ἐδέξαντο.

2272 2304 2343 2367 h’.
2390 2298 2454 2351 'H
2486 2298 2675 2367 μέντοι
2715 2294 2883 2365 πιστὴ
2940 2294 3132 2362 Σοφία,
3166 2295 3198 2363 ἠ
3232 2295 3324 2346 καὶ
3358 2294 3546 2363 μήτηρ
3580 2289 3659 2360 τῷ
3692 2306 3789 2359 με-

2201 2393 2351 2461 γὰλῳ
2372 2391 2660 2461 Κλήμεντι
2691 2388 2836 2443 κατά
2871 2387 3028 2453 Θεὸν,
3082 2388 3177 2440 καὶ
3230 2385 3448 2454 τροφὸς,
3483 2387 3579 2438 καὶ
3642 2382 3790 2437 παιδ-

2202 2484 2415 2552 αγωγὸς
2442 2483 2733 2552 γενομένη,
2767 2480 2958 2551 ἐπειδὴ
2986 2480 3080 2532 καὶ
3107 2479 3199 2531 τὸν
3224 2478 3339 2531 υἱὸν
3369 2478 3471 2548 ἤδη
3503 2477 3692 2530 λοιπὸν
3729 2478 3789 2529 ἐν

2202 2574 2386 2645 ἀσύλῳ
2419 2572 2753 2628 ἀποτεθέντα
2802 2568 2916 2641 εἶχε
2943 2570 3179 2640 ταμείῳ,
3220 2571 3314 2622 καὶ
3348 2568 3485 2639 πρὸς
3512 2569 3642 2632 τοὺς
3676 2567 3789 2621 ἄνω

2202 2664 2464 2719 διαϐάντα
2493 2665 2811 2732 στεφάνους,
2840 2662 3057 2717 καὶτῶν
3094 2663 3369 2730 ἀκινήτων
3395 2659 3617 2727 ἀγαθῶν
3647 2658 3794 2711 ὲκεί-

2203 2774 2310 2811 νων
2338 2756 2435 2820 τὰς
2480 2756 2796 2817 ἀντιδόσεις,
2832 2753 3113 2824 φροντίδος
3168 2752 3353 2823 πάσης
3400 2752 3497 2805 καὶ
3550 2752 3792 2815 ἀγωνίας

2204 2849 2407 2918 ἑαυτὴν
2439 2849 2674 2910 ἀνιεῖσα,
2731 2844 3034 2916 λαμπάδων
3063 2860 3123 2896 τε
3168 2841 3373 2911 πλῆθος
3402 2839 3658 2899 ἀνάπτει,
3695 2834 3790 2887 καὶ

2203 2942 2430 3012 ⁴ἡδίστης
2474 2940 2703 3004 εὐωδίας
2755 2939 2847 2991 τὸν
2894 2936 3030 3007 ἀέρα
3077 2936 3298 3006 πληροῖ,
3332 2933 3508 2996 θείους
3545 2949 3607 2985 τε
3637 2926 3789 3000 αὐτῷ

2207 3032 2408 3104 ὕμνους
2458 3034 2668 3103 ἐπᾴδει,
2725 3029 2821 3083 καὶ
2861 3026 3006 3080 οὕτω
3056 3029 3146 3079 τὸν
3203 3024 3492 3092 πολυπαθῆ
3535 3021 3631 3075 καὶ
3685 3036 3787 3075 το-

2206 3126 2435 3180 λύαθλον
2495 3128 2702 3178 ἐκεῖνον
2766 3120 2861 3175 τοῦ
2919 3118 3178 3189 φιλτάτου
3240 3115 3540 3185 ἀνελομένη
3592 3113 3788 3184 νεκρὸν

2206 3217 2482 3288 ὲσθήμασί
2509 3233 2569 3268 τε
2601 3215 2696 3268 καὶ
2738 3213 2939 3265 σινδόσι
2995 3210 3258 3279 καθαροῖς
3307 3205 3662 3278 περιελίττει,
3692 3205 3786 3257 καὶ

2202 3309 2262 3362 ἐν
2293 3306 2442 3377 αὐτῷ
2466 3306 2545 3376 τῷ
2570 3306 2711 3358 κατά
2736 3304 2825 3355 τὸν
2847 3305 3013 3355 τόπον
3035 3299 3168 3371 ναῷ,
3203 3299 3259 3362 ὃς
3274 3299 3382 3368 ἄρα
3408 3301 3503 3351 καὶ
3532 3296 3789 3367 Κρυπτὸς

2202 3399 2471 3465 ἐκαλεῖτο,
2535 3397 2789 3467 λαμπρὸν
2826 3393 3096 3465 λαμπρῶς
3143 3392 3518 3453 κατατίθεται,
3567 3391 3656 3443 ἵνα
3691 3390 3789 3441 καὶ

2200 3492 2293 3545 τὸν
2334 3490 2739 3559 Ἀγαθάγγελον
2794 3490 3059 3559 ἐτύγχανε
3098 3484 3582 3557 προκαταθεμένη,
3636 3484 3787 3546 ὅπως

2204 3584 2297 3637 καὶ
2340 3584 2512 3652 τάφος
2567 3576 2649 3645 εἷς
2682 3582 2750 3636 τὰ
2807 3580 3037 3652 σώματα
3085 3579 3379 3648 πιστευθῇ,
3427 3571 3501 3631 ὧν
3549 3578 3583 3647 ἡ
3643 3576 3787 3643 αὐτὴ

2204 3674 2377 3744 σκηνὴ
2409 3672 2619 3736 καὶτὰς
2643 3672 2821 3742 ψυχὰς
2845 3672 2903 3725 ὲν
2926 3672 3178 3743 οὐρανοῖς
3211 3669 3526 3736 ὑπεδέξατο.
3554 3666 3792 3737 Πλησίον

2201 3765 2257 3817 δὲ
2289 3764 2387 3816 καὶ
2422 3764 2622 3827 αὐτοὺς
2674 3763 2872 3816 θάπτει
2930 3764 3057 3825 τοὺς
3109 3760 3556 3831 συναθλήσαντας
3585 3758 3666 3827 τῷ
3699 3774 3794 3827 με.

2203 3855 2354 3927 γὰλῳ
2384 3857 2668 3925 Κλήμεντι
2699 3856 3004 3917 διακόνους,
3034 3854 3162 3909 ἔνθα
3197 3856 3292 3907 καὶ
3334 3853 3508 3922 μικρά
3528 3869 3609 3914 τις
3639 3849 3788 3921 ᾤκοο

2201 3948 2406 4020 δόμητο
2443 3949 2671 4003 ἐκείνων
2716 3949 2881 4002 οἰκία.
2933 3942 3067 4001 Εἶτα
3120 3945 3554 4026 παρακαθίσασα
3582 3942 3660 4014 τῷ
3690 3942 3787 3994 τοῦ

2206 4038 2520 4108 Κλήμεντος
2567 4038 2747 4107 τάφῳ,
2800 4037 2943 4090 οὓτω
2970 4052 3085 4098 πως
3140 4034 3517 4103 ὑπεφθέγγετο
3557 4032 3627 4084 τά
3657 4048 3785 4099 γεν-

2203 4133 2328 4182 ναῖα
2361 4134 2518 4183 ταυτὶ
2546 4132 2643 4183 καὶ
2669 4130 3026 4199 φιλάνθρωπα
3060 4128 3155 4181 καὶ
3187 4124 3473 4197 περιπαθῆ
3520 4125 3745 4195 ῥήματα
3769 4139 3782 4151 ·

2216 4222 2356 4290 Ἐγὼ
2399 4224 2496 4293 μὲν
2528 4224 2691 4294 ὑμᾶς,
2723 4216 2768 4274 ὦ
2788 4222 2975 4284 τέκνα,
3005 4223 3062 4272 ὲν
3082 4219 3160 4290 τῷ
3180 4217 3423 4288 Κρυπτῷ
3454 4215 3787 4285 κατεθέμην,

2205 4315 2339 4368 ἀλλά
2368 4315 2605 4384 Χριστὸς
2632 4314 2691 4365 ἐν
2730 4312 2808 4382 τῷ
2850 4311 3068 4381 φανερῷ
3125 4310 3341 4372 πάντως
3388 4305 3745 4361 διαναπαύσει
3769 4319 3785 4334 ·

2204 4408 2268 4461 δι’
2300 4406 2359 4459 δν
2381 4407 2477 4458 καὶ
2525 4406 2595 4458 τὰ
2621 4405 2864 4458 τοσαῦτα
2894 4404 3088 4457 παθεῖν
3110 4402 3281 4471 ἡδέως
3324 4399 3663 4470 προείλεσθε,
3694 4396 3790 4449 καὶ

521 4498 644 4553 quae
680 4497 970 4555 propterea
1010 4490 1063 4541 in
1105 4488 1428 4545 hodiernum
1462 4507 1634 4562 usque
1666 4494 1807 4549 diem
1850 4504 1934 4550 est
1967 4511 2097 4550 con-

2210 4495 2356 4553 οἷκον
2387 4500 2516 4568 ὑμῖν
2546 4498 2694 4562 ἄξιον
2723 4498 3042 4568 ἀναστήσει,
3078 4497 3172 4549 καὶ
3201 4495 3268 4547 τὰ
3304 4494 3531 4562 σώματα
3552 4490 3708 4562 ὑμῶν
3729 4492 3789 4543 ὲν

522 4598 762 4655 servata,
819 4578 878 4643 ut
927 4589 1084 4645 vobis
1139 4606 1483 4648 communem
1543 4596 1766 4650 omnino
1811 4611 2097 4667 congeram

2206 4592 2357 4662 αὐτῷ
2404 4586 2960 4661 ἀποθήσεται.“Κάμὲ
3018 4589 3074 4642 δὲ
3127 4587 3188 4640 τδ
3235 4590 3412 4657 γῆρας
3461 4584 3563 4653 ἥδη
3602 4581 3788 4635 λοιπὸν

524 4678 833 4746 pulverem,
892 4694 1028 4748 quos
1082 4696 1152 4735 ne
1188 4681 1409 4751 longum
1445 4685 1662 4753 quidem
1701 4696 1910 4754 tempus
1962 4703 2104 4741 mar—

526 4768 706 4845 Iyrii‘a
741 4784 801 4843 se
835 4769 1066 4826 invicem
1102 4776 1396 4843 separavit,
1426 4783 1482 4829 et
1506 4776 1768 4845 meipsam
1802 4776 1954 4830 vobis
1986 4779 2104 4846 pul-

519 4858 714 4912 chrum
751 4859 967 4915 bustum
1000 4864 1290 4931 praebeam.
1329 4862 1436 4917 Sed
1465 4858 1742 4933 orateipro
1772 4879 1878 4929 me,
1909 4880 1941 4918 ο
1969 4865 2102 4919 cha-

521 4949 748 5019 rissimi,
781 4966 902 5021 qua:
950 4967 1069 5007 sum
1119 4965 1309 5013 mater,
1352 4963 1409 5008 et
1438 4955 1648 5019 nutrix,
1691 4964 1746 5010 et
1773 4954 2017 5025 supplex,
2047 4964 2105 5010 ut

523 5042 724 5109 possim
773 5043 915 5097 sicut
962 5042 1072 5109 hic,
1107 5044 1176 5098 ita
1210 5047 1375 5099 etiam
1402 5046 1524 5109 illic,
1542 5060 1759 5115 quoque
1791 5060 1910 5100 esse
1932 5062 2099 5116 prope
2136 5110 2141 5115 _

521 5148 641 5198 vos,
665 5143 720 5189 et
751 5134 896 5204 apud
928 5135 1213 5192 Dominum
1251 5138 1452 5207 possim
1493 5152 1710 5205 quoque
1748 5152 1969 5206 parvam
1996 5139 2098 5193 ali-

522 5240 686 5292 quam
718 5225 919 5282 habere
944 5226 1221 5282 ﬁduciam.
1262 5228 1440 5294 Atque
1465 5227 1553 5281 illa
1576 5228 1793 5297 quidem
1822 5229 1935 5283 haec
1957 5231 2100 5298 apud

524 5316 836 5385 sepulcrum
889 5318 1235 5387 loquebatur,
1291 5329 1347 5374 et
1399 5318 1620 5389 sensim.
1649 5336 1752 5374 una
1801 5337 1923 5375 cum
1970 5334 2101 5377 voce

521 5412 682 5464 ctiam
710 5410 1000 5466 ellluebant
1029 5412 1301 5484 lacrymae.

2209 4681 2363 4737 καλεῖ
2396 4682 2531 4751 πρὸς
2558 4683 2725 4751 ὑμᾶς,
2787 4681 2874 4735 διὰ
2902 4681 3059 4733 τοῦτο
3101 4680 3194 4731 καὶ
3223 4679 3303 4741 είς
3334 4676 3495 4747 δεῦρο
3528 4673 3786 4744 τηρηθεῖ-

2206 4792 2326 4835 σαν,
2365 4774 2453 4827 ἵνα
2482 4774 2701 4835 πάντως
2749 4774 2936 4840 κοινὴν
2992 4772 3122 4840 ὑμῖν
3163 4768 3423 4840 ὲπιχώσω
3481 4768 3650 4830 κόνιν,
3693 4763 3786 4827 οὓς

2204 4869 2328 4921 οὐδὲ
2352 4870 2380 4921 ὁ
2412 4868 2621 4938 μακρὸς
2656 4866 2750 4920 ἀπ’
2781 4865 3028 4935 ἀλλήλων
3073 4863 3165 4917 τοῦ
3196 4861 3498 4934 μαρτυρίου
3526 4859 3788 4927 ,διέστησε

2207 4959 2417 5031 χρόνος,
2450 4960 2546 5011 καὶ
2584 4960 2749 5012 καλὸν
2771 4956 3015 5027 ἐμαυτὴν
3041 4955 3311 5026 παράσχω
3333 4953 3608 5021 ἐντάφιον.
3646 4947 3785 5003 Ἀλλ’

2207 5051 2438 5117 εὔξασθε
2472 5051 2614 5119 ὑπὲρ
2642 5049 2800 5119 ἐμοῦ,
2840 5048 3112 5118 φίλτατοι,
3150 5048 3246 5117 τῆς
3279 5046 3370 5097 καὶ
3414 5043 3642 5114 μητρὸς,
3696 5044 3787 5094 καὶ

2207 5141 2432 5214 τροφοῦ,
2460 5142 2556 5195 καὶ
2592 5140 2847 5203 ἱκέτιδας,
2903 5139 3044 5193 ὥστε
3094 5137 3390 5207 δυνηθῆναι
3419 5135 3672 5202 καθάπερ
3704 5134 3790 5184 έν-

2208 5233 2404 5301 ταῦθα,
2436 5234 2581 5288 οὕτω
2618 5236 2711 5287 καὶ
2733 5233 2920 5286 αὐτόθι
2939 5230 3188 5300 γίνεσθαί
3208 5247 3312 5282 που
3341 5227 3569 5297 πλησίον
3609 5225 3787 5297 ὑμῶν,

2208 5330 2301 5379 καὶ
2338 5327 2539 5397 μικρᾶς
2594 5343 2739 5390 τινος
2801 5322 2947 5395 κᾶμὲ
2979 5326 3113 5394 πρὸς
3145 5326 3237 5377 τὸν
3266 5324 3442 5377 κοινὸν
3505 5323 3789 5386 Δεσπότην

2207 5418 2539 5487 κοινωνῆσαι
2600 5419 2699 5485 τῆς
2747 5417 3084 5489 παρρησίας.
3129 5417 3195 5469 Ἡ
3234 5417 3335 5487 μὲν
3381 5415 3475 5469 οὖν
3506 5414 3657 5484 παρά
3710 5412 3789 5483 τῷ

521 5505 680 5575 τάφῳ
745 5504 919 5559 ταῦτα
946 5506 1267 5575 ἐφθέγγετο,
1319 5506 1413 5559 καὶ
1452 5505 1630 5575 ἡσυχῆ
1668 5505 1807 5575 μετά
1840 5508 1937 5577 τῆς
1977 5510 2161 5580 φωνῆς
2190 5511 2467 5582 παρέρρει
2507 5512 2603 5565 καὶ
2630 5512 2861 5581 δάκρυα.

596 5600 730 5656 XCI.
769 5599 1074 5656 Praeclarus
1113 5612 1294 5656 autem
1344 5600 1543 5655 Christi
1598 5603 1797 5656 athleta
1848 5602 2101 5657 Clemens

523 5689 687 5763 (nam
739 5704 861 5744 cum
916 5691 1008 5751 iis.
1054 5708 1172 5762 qua:
1214 5693 1358 5747 dicta
1412 5703 1570 5756 sum,
1628 5707 1793 5759 pauca
1851 5693 2097 5762 qna'dnm

526 5781 797 5849 adiecero,
837 5784 1017 5838 ﬁniant
1059 5785 1396 5855 orationem)
1440 5796 1699 5856 perpetuo
1745 5787 1960 5855 quidem
2009 5786 2101 5841 de-

2280 5611 2399 5674 ιιΑν.
2447 5609 2516 5661 "0
2563 5625 2625 5676 γε
2668 5608 2773 5678 μὴν
2825 5609 3070 5675 γενναῖος
3100 5607 3194 5659 τοῦ
3251 5605 3486 5677 Χριστοῦ
3551 5601 3789 5673 ἀθλητὴς

2178 5694 2442 5764 ’Κλήμης
2485 5694 2706 5765 (μικρὸν
2762 5695 2870 5762 γὰρ
2922 5695 3003 5747 ἔτι
3036 5697 3149 5758 τοῖς
3189 5693 3504 5765 εἰρημένοις
3526 5692 3789 5762 προσθεὶς

2209 5784 2499 5839 καταλύσω
2528 5784 2615 5836 τὸν
2649 5781 2824 5853 λόγον)
2856 5784 3125 5838 διετέλεσε
3151 5785 3252 5853 μὲν
3287 5783 3464 5837 ἁθλῶν
3503 5782 3595 5835 ἐπὶ
3631 5781 3787 5851 βασι-
