  <div class='ocr_page' id='page_1' title='image "/cluster/home/n/w/nwhite01/storage/ocr_20150623/114:no.1/coo.31924054870187/454.png"; bbox 0 0 4116 6400; ppageno 0'>
   <div class='ocr_carea' id='block_1_1' title="bbox 353 346 465 414">
    <p class='ocr_par' dir='ltr' id='par_1_1' title="bbox 353 346 465 414">
     <span class='ocr_line' id='line_1_1' title="bbox 353 346 465 414; baseline 0.009 -1"><span class='ocrx_word' id='word_1_1' title='bbox 353 346 465 414; x_wconf 78' lang='lat'><strong>893</strong></span> 
     </span>
    </p>
   </div>
   <div class='ocr_carea' id='block_1_2' title="bbox 1301 349 2632 417">
    <p class='ocr_par' dir='ltr' id='par_1_2' title="bbox 1301 349 2632 417">
     <span class='ocr_line' id='line_1_2' title="bbox 1301 349 2632 417; baseline 0.005 -6"><span class='ocrx_word' id='word_1_2' title='bbox 1301 350 1473 411; x_wconf 85' lang='lat' dir='ltr'><strong>VITA</strong></span> <span class='ocrx_word' id='word_1_3' title='bbox 1516 350 1579 413; x_wconf 88' lang='lat' dir='ltr'><strong>S.</strong></span> <span class='ocrx_word' id='word_1_4' title='bbox 1619 349 1946 413; x_wconf 80' lang='lat' dir='ltr'><strong>JOANNIS</strong></span> <span class='ocrx_word' id='word_1_5' title='bbox 1978 351 2632 417; x_wconf 74' lang='lat' dir='ltr'><strong>ELEEMOSYNARII.</strong></span> 
     </span>
    </p>
   </div>
   <div class='ocr_carea' id='block_1_3' title="bbox 3529 361 3635 424">
    <p class='ocr_par' dir='ltr' id='par_1_3' title="bbox 3529 361 3635 424">
     <span class='ocr_line' id='line_1_3' title="bbox 3529 361 3635 424; baseline 0.009 -1"><span class='ocrx_word' id='word_1_6' title='bbox 3529 361 3635 424; x_wconf 74' lang='grc'><strong>894</strong></span> 
     </span>
    </p>
   </div>
   <div class='ocr_carea' id='block_1_4' title="bbox 352 459 2008 539">
    <p class='ocr_par' dir='ltr' id='par_1_4' title="bbox 352 459 2008 537">
     <span class='ocr_line' id='line_1_4' title="bbox 352 459 2008 537; baseline 0.001 -18"><span class='ocrx_word' id='word_1_7' title='bbox 352 465 495 520; x_wconf 77' lang='grc' dir='ltr'><strong>λέων</strong></span> <span class='ocrx_word' id='word_1_8' title='bbox 522 459 909 534; x_wconf 76' lang='grc' dir='ltr'>Διοκλητιανοῦ</span> <span class='ocrx_word' id='word_1_9' title='bbox 951 460 1047 517; x_wconf 75' lang='grc' dir='ltr'><strong>καὶ</strong></span> <span class='ocrx_word' id='word_1_10' title='bbox 1108 462 1482 534; x_wconf 76' lang='grc' dir='ltr'>Μαξιμιανοῦ,</span> <span class='ocrx_word' id='word_1_11' title='bbox 1528 465 1626 519; x_wconf 74' lang='grc' dir='ltr'><strong>ἐπὶ</strong></span> <span class='ocrx_word' id='word_1_12' title='bbox 1663 466 1942 537; x_wconf 80' lang='grc' dir='ltr'><strong>ἀρχόντων</strong></span> <span class='ocrx_word' id='word_1_13' title='bbox 1972 474 2008 529; x_wconf 77' lang='grc' dir='ltr'><strong><em>Α</em></strong></span> 
     </span>
    </p>
   </div>
   <div class='ocr_carea' id='block_1_5' title="bbox 2047 459 3641 539">
    <p class='ocr_par' dir='ltr' id='par_1_5' title="bbox 2047 469 3641 539">
     <span class='ocr_line' id='line_1_5' title="bbox 2047 469 3641 539; baseline 0.006 -21"><span class='ocrx_word' id='word_1_14' title='bbox 2047 469 2281 522; x_wconf 73' lang='lat' dir='ltr'><strong>certavit</strong></span> <span class='ocrx_word' id='word_1_15' title='bbox 2330 470 2434 525; x_wconf 86' lang='lat' dir='ltr'><strong>sub</strong></span> <span class='ocrx_word' id='word_1_16' title='bbox 2489 472 2913 539; x_wconf 77' lang='lat' dir='ltr'><strong>imperatoribus</strong></span> <span class='ocrx_word' id='word_1_17' title='bbox 2969 470 3307 526; x_wconf 71' lang='lat' dir='ltr'><strong>Diocletiano</strong></span> <span class='ocrx_word' id='word_1_18' title='bbox 3359 481 3416 528; x_wconf 94' lang='lat' dir='ltr'><strong>et</strong></span> <span class='ocrx_word' id='word_1_19' title='bbox 3472 474 3641 528; x_wconf 83' lang='lat' dir='ltr'><strong>Maxi-</strong></span> 
     </span>
    </p>
   </div>
   <div class='ocr_carea' id='block_1_6' title="bbox 354 550 1936 624">
    <p class='ocr_par' dir='ltr' id='par_1_6' title="bbox 354 550 1936 624">
     <span class='ocr_line' id='line_1_6' title="bbox 354 550 1936 624; baseline -0.001 -15"><span class='ocrx_word' id='word_1_20' title='bbox 354 555 414 609; x_wconf 74' lang='grc' dir='ltr'>δὲ</span> <span class='ocrx_word' id='word_1_21' title='bbox 433 550 789 623; x_wconf 83' lang='grc' dir='ltr'><strong>Δομετιανοῦ,</strong></span> <span class='ocrx_word' id='word_1_22' title='bbox 840 551 1225 622; x_wconf 85' lang='grc' dir='ltr'>Ἀγριππίνου,</span> <span class='ocrx_word' id='word_1_23' title='bbox 1281 554 1602 624; x_wconf 86' lang='grc' dir='ltr'>Κουρικίου,</span> <span class='ocrx_word' id='word_1_24' title='bbox 1655 555 1936 623; x_wconf 76' lang='grc' dir='ltr'><strong>Δομετίου,</strong></span> 
     </span>
    </p>
   </div>
   <div class='ocr_carea' id='block_1_7' title="bbox 352 644 1941 716">
    <p class='ocr_par' dir='ltr' id='par_1_7' title="bbox 352 644 1941 716">
     <span class='ocr_line' id='line_1_7' title="bbox 352 644 1941 716; baseline 0.001 -16"><span class='ocrx_word' id='word_1_25' title='bbox 352 644 726 716; x_wconf 75' lang='grc' dir='ltr'>Σακερδῶτος,</span> <span class='ocrx_word' id='word_1_26' title='bbox 785 644 1474 716; x_wconf 77' lang='grc' dir='ltr'>Μαξίμου,”Αφροδισίου,</span> <span class='ocrx_word' id='word_1_27' title='bbox 1534 647 1790 711; x_wconf 82' lang='grc' dir='ltr'>Λουκίου,</span> <span class='ocrx_word' id='word_1_28' title='bbox 1846 648 1941 701; x_wconf 78' lang='grc' dir='ltr'><strong>καὶ</strong></span> 
     </span>
    </p>
   </div>
   <div class='ocr_carea' id='block_1_8' title="bbox 365 737 1940 812">
    <p class='ocr_par' dir='ltr' id='par_1_8' title="bbox 365 737 1940 812">
     <span class='ocr_line' id='line_1_8' title="bbox 365 737 1940 812; baseline 0.002 -20"><span class='ocrx_word' id='word_1_29' title='bbox 365 737 720 808; x_wconf 74' lang='grc' dir='ltr'>Ἀλεξάνδρου</span> <span class='ocrx_word' id='word_1_30' title='bbox 739 753 754 768; x_wconf 82' lang='lat'><strong><em>°</em></strong></span> <span class='ocrx_word' id='word_1_31' title='bbox 785 737 877 792; x_wconf 79' lang='grc' dir='ltr'>τὸν</span> <span class='ocrx_word' id='word_1_32' title='bbox 898 737 1088 808; x_wconf 82' lang='grc' dir='ltr'>ἀγῶνα</span> <span class='ocrx_word' id='word_1_33' title='bbox 1111 740 1169 793; x_wconf 80' lang='grc' dir='ltr'>δὲ</span> <span class='ocrx_word' id='word_1_34' title='bbox 1210 739 1366 811; x_wconf 80' lang='grc' dir='ltr'>τρίτῃ</span> <span class='ocrx_word' id='word_1_35' title='bbox 1400 741 1570 812; x_wconf 68' lang='grc' dir='ltr'><strong>μηνὸς</strong></span> <span class='ocrx_word' id='word_1_36' title='bbox 1604 741 1940 812; x_wconf 84' lang='grc' dir='ltr'>Ἰανουαρίου</span> 
     </span>
    </p>
   </div>
   <div class='ocr_carea' id='block_1_9' title="bbox 351 826 1943 902">
    <p class='ocr_par' dir='ltr' id='par_1_9' title="bbox 351 826 1943 902">
     <span class='ocr_line' id='line_1_9' title="bbox 351 826 1943 902; baseline 0.001 -19"><span class='ocrx_word' id='word_1_37' title='bbox 351 830 450 885; x_wconf 76' lang='grc' dir='ltr'><strong>καὶ</strong></span> <span class='ocrx_word' id='word_1_38' title='bbox 474 831 695 900; x_wconf 76' lang='grc' dir='ltr'><strong>εἰκοστῇ</strong></span> <span class='ocrx_word' id='word_1_39' title='bbox 728 828 1013 893; x_wconf 83' lang='grc' dir='ltr'>καταλύει,</span> <span class='ocrx_word' id='word_1_40' title='bbox 1041 830 1116 893; x_wconf 77' lang='grc' dir='ltr'><strong>ὡς</strong></span> <span class='ocrx_word' id='word_1_41' title='bbox 1133 826 1274 883; x_wconf 80' lang='grc' dir='ltr'>εἶναι</span> <span class='ocrx_word' id='word_1_42' title='bbox 1298 830 1390 884; x_wconf 71' lang='grc' dir='ltr'><strong>τὸν</strong></span> <span class='ocrx_word' id='word_1_43' title='bbox 1414 833 1592 885; x_wconf 77' lang='grc' dir='ltr'>πάντα</span> <span class='ocrx_word' id='word_1_44' title='bbox 1614 832 1705 885; x_wconf 79' lang='grc' dir='ltr'><strong>τοῦ</strong></span> <span class='ocrx_word' id='word_1_45' title='bbox 1733 849 1943 902; x_wconf 80' lang='grc' dir='ltr'>μαρτυ-</span> 
     </span>
    </p>
   </div>
   <div class='ocr_carea' id='block_1_10' title="bbox 354 922 1942 995">
    <p class='ocr_par' dir='ltr' id='par_1_10' title="bbox 354 922 1942 995">
     <span class='ocr_line' id='line_1_10' title="bbox 354 922 1942 995; baseline 0.003 -21"><span class='ocrx_word' id='word_1_46' title='bbox 354 922 474 994; x_wconf 75' lang='grc' dir='ltr'>ρίου</span> <span class='ocrx_word' id='word_1_47' title='bbox 502 923 695 994; x_wconf 88' lang='grc' dir='ltr'>χρόνον</span> <span class='ocrx_word' id='word_1_48' title='bbox 723 924 966 977; x_wconf 84' lang='grc' dir='ltr'>εἰκοστὸν</span> <span class='ocrx_word' id='word_1_49' title='bbox 999 923 1150 995; x_wconf 82' lang='grc' dir='ltr'>αὐτῷ</span> <span class='ocrx_word' id='word_1_50' title='bbox 1173 925 1269 977; x_wconf 78' lang='grc' dir='ltr'><strong>καὶ</strong></span> <span class='ocrx_word' id='word_1_51' title='bbox 1295 925 1480 993; x_wconf 74' lang='grc' dir='ltr'>ὄγδοον</span> <span class='ocrx_word' id='word_1_52' title='bbox 1518 925 1659 990; x_wconf 77' lang='grc' dir='ltr'>ἔτος.</span> <span class='ocrx_word' id='word_1_53' title='bbox 1706 927 1772 980; x_wconf 79' lang='grc'><strong>⁸⁵0</strong></span> <span class='ocrx_word' id='word_1_54' title='bbox 1804 926 1942 995; x_wconf 82' lang='grc' dir='ltr'><strong>πρὸς</strong></span> 
     </span>
    </p>
   </div>
   <div class='ocr_carea' id='block_1_11' title="bbox 352 1015 1943 1090">
    <p class='ocr_par' dir='ltr' id='par_1_11' title="bbox 352 1015 1943 1090">
     <span class='ocr_line' id='line_1_11' title="bbox 352 1015 1943 1090; baseline 0.001 -21"><span class='ocrx_word' id='word_1_55' title='bbox 352 1015 621 1087; x_wconf 77' lang='grc' dir='ltr'>ἁνάνηψιν</span> <span class='ocrx_word' id='word_1_56' title='bbox 672 1016 821 1086; x_wconf 78' lang='grc' dir='ltr'>ἡμᾶς</span> <span class='ocrx_word' id='word_1_57' title='bbox 853 1018 952 1087; x_wconf 79' lang='grc' dir='ltr'><strong>τῆς</strong></span> <span class='ocrx_word' id='word_1_58' title='bbox 980 1016 1189 1078; x_wconf 75' lang='grc' dir='ltr'><strong>οἰκείας</strong></span> <span class='ocrx_word' id='word_1_59' title='bbox 1224 1016 1369 1086; x_wconf 75' lang='grc' dir='ltr'>ἔχειν</span> <span class='ocrx_word' id='word_1_60' title='bbox 1396 1017 1479 1069; x_wconf 83' lang='grc' dir='ltr'><strong>δεῖ</strong></span> <span class='ocrx_word' id='word_1_61' title='bbox 1515 1017 1812 1090; x_wconf 62' lang='grc' dir='ltr'>ῥᾳθυμίας,</span> <span class='ocrx_word' id='word_1_62' title='bbox 1847 1018 1943 1071; x_wconf 77' lang='grc' dir='ltr'><strong>καὶ</strong></span> 
     </span>
    </p>
   </div>
   <div class='ocr_carea' id='block_1_12' title="bbox 352 1103 1939 1180">
    <p class='ocr_par' dir='ltr' id='par_1_12' title="bbox 352 1103 1939 1180">
     <span class='ocr_line' id='line_1_12' title="bbox 352 1103 1939 1180; baseline 0.002 -21"><span class='ocrx_word' id='word_1_63' title='bbox 352 1104 454 1176; x_wconf 78' lang='grc' dir='ltr'>τὴν</span> <span class='ocrx_word' id='word_1_64' title='bbox 492 1105 712 1175; x_wconf 73' lang='grc' dir='ltr'>μακρὰν</span> <span class='ocrx_word' id='word_1_65' title='bbox 741 1103 947 1175; x_wconf 78' lang='grc' dir='ltr'>ταύτην</span> <span class='ocrx_word' id='word_1_66' title='bbox 976 1104 1245 1160; x_wconf 80' lang='grc' dir='ltr'>αἰδεῖσθαι</span> <span class='ocrx_word' id='word_1_67' title='bbox 1265 1107 1374 1160; x_wconf 82' lang='grc' dir='ltr'><strong>τῶν</strong></span> <span class='ocrx_word' id='word_1_68' title='bbox 1396 1106 1575 1161; x_wconf 74' lang='grc' dir='ltr'>ἄθλων</span> <span class='ocrx_word' id='word_1_69' title='bbox 1604 1109 1939 1180; x_wconf 78' lang='grc' dir='ltr'>παράτασιν,</span> 
     </span>
    </p>
   </div>
   <div class='ocr_carea' id='block_1_13' title="bbox 351 1197 1941 1273">
    <p class='ocr_par' dir='ltr' id='par_1_13' title="bbox 351 1197 1941 1273">
     <span class='ocr_line' id='line_1_13' title="bbox 351 1197 1941 1273; baseline 0.003 -21"><span class='ocrx_word' id='word_1_70' title='bbox 351 1199 471 1252; x_wconf 78' lang='grc' dir='ltr'>ὅσοι</span> <span class='ocrx_word' id='word_1_71' title='bbox 514 1198 651 1269; x_wconf 84' lang='grc' dir='ltr'>μηδὲ</span> <span class='ocrx_word' id='word_1_72' title='bbox 686 1197 950 1270; x_wconf 79' lang='grc' dir='ltr'>βραχεῖάν</span> <span class='ocrx_word' id='word_1_73' title='bbox 976 1214 1099 1252; x_wconf 87' lang='grc' dir='ltr'>τινα</span> <span class='ocrx_word' id='word_1_74' title='bbox 1135 1198 1331 1267; x_wconf 80' lang='grc' dir='ltr'>καιροῦ</span> <span class='ocrx_word' id='word_1_75' title='bbox 1362 1200 1535 1272; x_wconf 74' lang='grc' dir='ltr'>ῥοπὴν</span> <span class='ocrx_word' id='word_1_76' title='bbox 1566 1200 1857 1273; x_wconf 81' lang='grc' dir='ltr'>ὑπομεῖναί</span> <span class='ocrx_word' id='word_1_77' title='bbox 1890 1221 1941 1257; x_wconf 87' lang='grc' dir='ltr'><strong>τι</strong></span> 
     </span>
    </p>
   </div>
   <div class='ocr_carea' id='block_1_14' title="bbox 358 1291 1944 1366">
    <p class='ocr_par' dir='ltr' id='par_1_14' title="bbox 358 1291 1944 1366">
     <span class='ocr_line' id='line_1_14' title="bbox 358 1291 1944 1366; baseline 0.004 -21"><span class='ocrx_word' id='word_1_78' title='bbox 358 1293 457 1346; x_wconf 77' lang='grc' dir='ltr'><strong>καὶ</strong></span> <span class='ocrx_word' id='word_1_79' title='bbox 510 1291 622 1345; x_wconf 85' lang='grc' dir='ltr'><strong>τῶν</strong></span> <span class='ocrx_word' id='word_1_80' title='bbox 676 1291 1023 1364; x_wconf 74' lang='grc' dir='ltr'><strong>ἀηδεστέρων</strong></span> <span class='ocrx_word' id='word_1_81' title='bbox 1073 1294 1161 1348; x_wconf 86' lang='grc' dir='ltr'><strong>διὰ</strong></span> <span class='ocrx_word' id='word_1_82' title='bbox 1207 1295 1445 1362; x_wconf 79' lang='grc' dir='ltr'>Χριστὸν</span> <span class='ocrx_word' id='word_1_83' title='bbox 1488 1294 1817 1366; x_wconf 81' lang='grc' dir='ltr'>ἀνεχόμεθα,</span> <span class='ocrx_word' id='word_1_84' title='bbox 1846 1297 1944 1351; x_wconf 76' lang='grc' dir='ltr'><strong>καὶ</strong></span> 
     </span>
    </p>
   </div>
   <div class='ocr_carea' id='block_1_15' title="bbox 351 1383 1942 1460">
    <p class='ocr_par' dir='ltr' id='par_1_15' title="bbox 351 1383 1942 1460">
     <span class='ocr_line' id='line_1_15' title="bbox 351 1383 1942 1460; baseline 0.003 -21"><span class='ocrx_word' id='word_1_85' title='bbox 351 1383 497 1439; x_wconf 69' lang='grc' dir='ltr'>οὕτω</span> <span class='ocrx_word' id='word_1_86' title='bbox 516 1385 988 1456; x_wconf 80' lang='grc' dir='ltr'>παρεσκευάσθαι,</span> <span class='ocrx_word' id='word_1_87' title='bbox 1018 1386 1115 1441; x_wconf 75' lang='grc' dir='ltr'><strong>καὶ</strong></span> <span class='ocrx_word' id='word_1_88' title='bbox 1131 1386 1276 1442; x_wconf 78' lang='grc' dir='ltr'>οὕτω</span> <span class='ocrx_word' id='word_1_89' title='bbox 1299 1388 1546 1460; x_wconf 66' lang='grc' dir='ltr'>θαρρεῖν,</span> <span class='ocrx_word' id='word_1_90' title='bbox 1576 1388 1717 1443; x_wconf 78' lang='grc' dir='ltr'>ὥστε</span> <span class='ocrx_word' id='word_1_91' title='bbox 1741 1389 1811 1443; x_wconf 82' lang='grc' dir='ltr'>δι’</span> <span class='ocrx_word' id='word_1_92' title='bbox 1838 1391 1942 1445; x_wconf 78' lang='grc' dir='ltr'><strong>αὺ-</strong></span> 
     </span>
    </p>
   </div>
   <div class='ocr_carea' id='block_1_16' title="bbox 351 1477 1947 1553">
    <p class='ocr_par' dir='ltr' id='par_1_16' title="bbox 351 1477 1947 1553">
     <span class='ocr_line' id='line_1_16' title="bbox 351 1477 1947 1553; baseline 0.004 -22"><span class='ocrx_word' id='word_1_93' title='bbox 351 1480 467 1540; x_wconf 74' lang='grc' dir='ltr'>τὸν,</span> <span class='ocrx_word' id='word_1_94' title='bbox 501 1477 553 1530; x_wconf 88' lang='grc' dir='ltr'><strong>εἰ</strong></span> <span class='ocrx_word' id='word_1_95' title='bbox 587 1477 795 1546; x_wconf 82' lang='grc' dir='ltr'>δεήσει,</span> <span class='ocrx_word' id='word_1_96' title='bbox 848 1478 1031 1533; x_wconf 82' lang='grc' dir='ltr'>πάντα</span> <span class='ocrx_word' id='word_1_97' title='bbox 1071 1479 1286 1546; x_wconf 80' lang='grc' dir='ltr'>παθεῖν,</span> <span class='ocrx_word' id='word_1_98' title='bbox 1317 1481 1404 1534; x_wconf 75' lang='grc' dir='ltr'>ἵνα</span> <span class='ocrx_word' id='word_1_99' title='bbox 1436 1483 1530 1535; x_wconf 80' lang='grc' dir='ltr'><strong>καὶ</strong></span> <span class='ocrx_word' id='word_1_100' title='bbox 1564 1483 1721 1536; x_wconf 78' lang='grc' dir='ltr'>αὐτοὶ</span> <span class='ocrx_word' id='word_1_101' title='bbox 1747 1499 1947 1553; x_wconf 85' lang='grc' dir='ltr'>προαι-</span> 
     </span>
    </p>
   </div>
   <div class='ocr_carea' id='block_1_17' title="bbox 363 1562 1942 1647">
    <p class='ocr_par' dir='ltr' id='par_1_17' title="bbox 363 1562 1942 1647">
     <span class='ocr_line' id='line_1_17' title="bbox 363 1562 1942 1647; baseline 0.006 -26"><span class='ocrx_word' id='word_1_102' title='bbox 363 1569 563 1640; x_wconf 74' lang='grc' dir='ltr'>ρέσεως</span> <span class='ocrx_word' id='word_1_103' title='bbox 593 1562 745 1640; x_wconf 84' lang='grc' dir='ltr'>ὦμεν</span> <span class='ocrx_word' id='word_1_104' title='bbox 776 1571 1077 1643; x_wconf 83' lang='grc' dir='ltr'>μαρτύριον</span> <span class='ocrx_word' id='word_1_105' title='bbox 1107 1571 1481 1640; x_wconf 79' lang='grc' dir='ltr'>διανύσαντες,</span> <span class='ocrx_word' id='word_1_106' title='bbox 1509 1575 1604 1627; x_wconf 76' lang='grc' dir='ltr'><strong>καὶ</strong></span> <span class='ocrx_word' id='word_1_107' title='bbox 1629 1578 1942 1647; x_wconf 76' lang='grc' dir='ltr'>παρῤησῖας</span> 
     </span>
    </p>
   </div>
   <div class='ocr_carea' id='block_1_18' title="bbox 2048 561 3637 635">
    <p class='ocr_par' dir='ltr' id='par_1_18' title="bbox 2048 561 3637 635">
     <span class='ocr_line' id='line_1_18' title="bbox 2048 561 3637 635; baseline 0.005 -21"><span class='ocrx_word' id='word_1_108' title='bbox 2048 561 2231 615; x_wconf 89' lang='lat' dir='ltr'><strong>miauo</strong></span> <span class='ocrx_word' id='word_1_109' title='bbox 2281 580 2296 616; x_wconf 90' lang='lat'>:</span> <span class='ocrx_word' id='word_1_110' title='bbox 2356 562 2459 617; x_wconf 89' lang='lat' dir='ltr'><strong>sub</strong></span> <span class='ocrx_word' id='word_1_111' title='bbox 2516 564 2921 631; x_wconf 85' lang='lat' dir='ltr'><strong>magistratibus</strong></span> <span class='ocrx_word' id='word_1_112' title='bbox 2974 577 3153 619; x_wconf 88' lang='lat' dir='ltr'><strong>autem</strong></span> <span class='ocrx_word' id='word_1_113' title='bbox 3206 581 3271 620; x_wconf 86' lang='lat' dir='ltr'><strong>ac</strong></span> <span class='ocrx_word' id='word_1_114' title='bbox 3312 568 3637 635; x_wconf 65' lang='lat' dir='ltr'><strong>praesidibus</strong></span> 
     </span>
    </p>
   </div>
   <div class='ocr_carea' id='block_1_19' title="bbox 2048 642 3633 725">
    <p class='ocr_par' dir='ltr' id='par_1_19' title="bbox 2048 642 3633 725">
     <span class='ocr_line' id='line_1_19' title="bbox 2048 642 3633 725; baseline 0.004 -19"><span class='ocrx_word' id='word_1_115' title='bbox 2048 653 2376 717; x_wconf 87' lang='lat' dir='ltr'><strong>Domitiano,</strong></span> <span class='ocrx_word' id='word_1_116' title='bbox 2407 656 2724 725; x_wconf 83' lang='lat' dir='ltr'><strong>Agrippino,</strong></span> <span class='ocrx_word' id='word_1_117' title='bbox 2748 656 2991 725; x_wconf 87' lang='lat' dir='ltr'><strong>Curicio,</strong></span> <span class='ocrx_word' id='word_1_118' title='bbox 3015 642 3275 722; x_wconf 83' lang='lat' dir='ltr'><strong>Domitio,</strong></span> <span class='ocrx_word' id='word_1_119' title='bbox 3309 658 3633 725; x_wconf 88' lang='lat' dir='ltr'><strong>Sacerdote,</strong></span> 
     </span>
    </p>
   </div>
   <div class='ocr_carea' id='block_1_20' title="bbox 2049 744 3636 817">
    <p class='ocr_par' dir='ltr' id='par_1_20' title="bbox 2049 744 3636 817">
     <span class='ocr_line' id='line_1_20' title="bbox 2049 744 3636 817; baseline 0.006 -18"><span class='ocrx_word' id='word_1_120' title='bbox 2049 744 2305 811; x_wconf 83' lang='lat' dir='ltr'><strong>Maximo,</strong></span> <span class='ocrx_word' id='word_1_121' title='bbox 2359 747 2707 817; x_wconf 87' lang='lat' dir='ltr'><strong>Aphrodisio,</strong></span> <span class='ocrx_word' id='word_1_122' title='bbox 2763 749 2932 804; x_wconf 82' lang='lat' dir='ltr'><strong>Lucio</strong></span> <span class='ocrx_word' id='word_1_123' title='bbox 2977 760 3034 804; x_wconf 88' lang='lat' dir='ltr'><strong>et</strong></span> <span class='ocrx_word' id='word_1_124' title='bbox 3083 752 3417 809; x_wconf 78' lang='lat' dir='ltr'><strong>Alexandro.</strong></span> <span class='ocrx_word' id='word_1_125' title='bbox 3469 751 3636 808; x_wconf 85' lang='lat' dir='ltr'><strong>Fiuiit</strong></span> 
     </span>
    </p>
   </div>
   <div class='ocr_carea' id='block_1_21' title="bbox 2046 839 3635 914">
    <p class='ocr_par' dir='ltr' id='par_1_21' title="bbox 2046 839 3635 914">
     <span class='ocr_line' id='line_1_21' title="bbox 2046 839 3635 914; baseline 0.004 -22"><span class='ocrx_word' id='word_1_126' title='bbox 2046 853 2178 894; x_wconf 80' lang='lat' dir='ltr'><strong>vero</strong></span> <span class='ocrx_word' id='word_1_127' title='bbox 2228 848 2506 894; x_wconf 82' lang='lat' dir='ltr'><strong>certamen</strong></span> <span class='ocrx_word' id='word_1_128' title='bbox 2535 840 2609 895; x_wconf 75' lang='lat'><strong>9.5</strong></span> <span class='ocrx_word' id='word_1_129' title='bbox 2632 839 2899 906; x_wconf 75' lang='lat' dir='ltr'><strong>Januarii,</strong></span> <span class='ocrx_word' id='word_1_130' title='bbox 2934 843 3071 896; x_wconf 86' lang='lat' dir='ltr'><strong>adeo</strong></span> <span class='ocrx_word' id='word_1_131' title='bbox 3108 855 3169 896; x_wconf 87' lang='lat' dir='ltr'><strong>ut</strong></span> <span class='ocrx_word' id='word_1_132' title='bbox 3221 853 3391 897; x_wconf 88' lang='lat' dir='ltr'><strong>totum</strong></span> <span class='ocrx_word' id='word_1_133' title='bbox 3425 853 3635 914; x_wconf 82' lang='lat' dir='ltr'><strong>tempus</strong></span> 
     </span>
    </p>
   </div>
   <div class='ocr_carea' id='block_1_22' title="bbox 2046 932 3633 1005">
    <p class='ocr_par' dir='ltr' id='par_1_22' title="bbox 2046 932 3633 1005">
     <span class='ocr_line' id='line_1_22' title="bbox 2046 932 3633 1005; baseline 0.001 -19"><span class='ocrx_word' id='word_1_134' title='bbox 2046 932 2294 1003; x_wconf 80' lang='lat' dir='ltr'><strong>martyrii</strong></span> <span class='ocrx_word' id='word_1_135' title='bbox 2323 932 2373 987; x_wconf 91' lang='lat' dir='ltr'><strong>ei</strong></span> <span class='ocrx_word' id='word_1_136' title='bbox 2408 932 2568 987; x_wconf 75' lang='lat' dir='ltr'><strong>fuerit</strong></span> <span class='ocrx_word' id='word_1_137' title='bbox 2602 932 2789 1004; x_wconf 83' lang='lat' dir='ltr'><strong>viginti</strong></span> <span class='ocrx_word' id='word_1_138' title='bbox 2817 943 2871 986; x_wconf 91' lang='lat' dir='ltr'><strong>et</strong></span> <span class='ocrx_word' id='word_1_139' title='bbox 2897 945 3022 988; x_wconf 91' lang='lat' dir='ltr'><strong>octo</strong></span> <span class='ocrx_word' id='word_1_140' title='bbox 3052 934 3202 989; x_wconf 91' lang='lat' dir='ltr'><strong>anni.</strong></span> <span class='ocrx_word' id='word_1_141' title='bbox 3233 935 3385 1001; x_wconf 84' lang='lat' dir='ltr'><strong>Quod</strong></span> <span class='ocrx_word' id='word_1_142' title='bbox 3414 936 3633 1005; x_wconf 84' lang='lat' dir='ltr'><strong>quidem</strong></span> 
     </span>
    </p>
   </div>
   <div class='ocr_carea' id='block_1_23' title="bbox 2048 1023 3637 1092">
    <p class='ocr_par' dir='ltr' id='par_1_23' title="bbox 2048 1023 3637 1092">
     <span class='ocr_line' id='line_1_23' title="bbox 2048 1023 3637 1092; baseline 0.002 -16"><span class='ocrx_word' id='word_1_143' title='bbox 2048 1037 2146 1077; x_wconf 90' lang='lat' dir='ltr'><strong>nos</strong></span> <span class='ocrx_word' id='word_1_144' title='bbox 2186 1030 2402 1092; x_wconf 78' lang='lat' dir='ltr'><strong>oportet</strong></span> <span class='ocrx_word' id='word_1_145' title='bbox 2439 1034 2622 1078; x_wconf 89' lang='lat' dir='ltr'><strong>tenere</strong></span> <span class='ocrx_word' id='word_1_146' title='bbox 2672 1023 2932 1078; x_wconf 84' lang='lat' dir='ltr'><strong>memoria</strong></span> <span class='ocrx_word' id='word_1_147' title='bbox 2960 1033 3018 1077; x_wconf 89' lang='grc' dir='ltr'><strong>ιιι</strong></span> <span class='ocrx_word' id='word_1_148' title='bbox 3048 1037 3077 1075; x_wconf 90' lang='lat' dir='ltr'><strong>a</strong></span> <span class='ocrx_word' id='word_1_149' title='bbox 3119 1033 3304 1076; x_wconf 88' lang='lat' dir='ltr'><strong>nostra</strong></span> <span class='ocrx_word' id='word_1_150' title='bbox 3336 1026 3637 1079; x_wconf 79' lang='lat' dir='ltr'><strong>excitemur</strong></span> 
     </span>
    </p>
   </div>
   <div class='ocr_carea' id='block_1_24' title="bbox 2044 1116 3635 1185">
    <p class='ocr_par' dir='ltr' id='par_1_24' title="bbox 2044 1116 3635 1185">
     <span class='ocr_line' id='line_1_24' title="bbox 2044 1116 3635 1185; baseline -0.001 -13"><span class='ocrx_word' id='word_1_151' title='bbox 2044 1116 2322 1179; x_wconf 83' lang='lat' dir='ltr'><strong>socordia,</strong></span> <span class='ocrx_word' id='word_1_152' title='bbox 2344 1124 2400 1170; x_wconf 90' lang='lat' dir='ltr'><strong>et</strong></span> <span class='ocrx_word' id='word_1_153' title='bbox 2421 1116 2540 1170; x_wconf 57' lang='lat' dir='ltr'><strong>hac</strong></span> <span class='ocrx_word' id='word_1_154' title='bbox 2564 1124 2669 1169; x_wconf 90' lang='lat' dir='ltr'><strong>tam</strong></span> <span class='ocrx_word' id='word_1_155' title='bbox 2699 1116 2911 1185; x_wconf 79' lang='lat' dir='ltr'><strong>prolixa</strong></span> <span class='ocrx_word' id='word_1_156' title='bbox 2938 1129 3286 1171; x_wconf 85' lang='lat' dir='ltr'><strong>revereamur</strong></span> <span class='ocrx_word' id='word_1_157' title='bbox 3311 1119 3635 1182; x_wconf 84' lang='lat' dir='ltr'><strong>certamina,</strong></span> 
     </span>
    </p>
   </div>
   <div class='ocr_carea' id='block_1_25' title="bbox 2046 1208 3636 1279">
    <p class='ocr_par' dir='ltr' id='par_1_25' title="bbox 2046 1208 3636 1279">
     <span class='ocr_line' id='line_1_25' title="bbox 2046 1208 3636 1279; baseline 0.003 -19"><span class='ocrx_word' id='word_1_158' title='bbox 2046 1208 2138 1279; x_wconf 88' lang='lat' dir='ltr'><strong>qui</strong></span> <span class='ocrx_word' id='word_1_159' title='bbox 2182 1221 2283 1262; x_wconf 87' lang='lat' dir='ltr'><strong>nec</strong></span> <span class='ocrx_word' id='word_1_160' title='bbox 2324 1223 2551 1277; x_wconf 88' lang='lat' dir='ltr'><strong>parvum</strong></span> <span class='ocrx_word' id='word_1_161' title='bbox 2591 1209 2815 1276; x_wconf 85' lang='lat' dir='ltr'><strong>aliquod</strong></span> <span class='ocrx_word' id='word_1_162' title='bbox 2862 1217 3198 1262; x_wconf 72' lang='lat' dir='ltr'><strong>inculcatum</strong></span> <span class='ocrx_word' id='word_1_163' title='bbox 3232 1208 3493 1279; x_wconf 89' lang='lat' dir='ltr'><strong>temporis</strong></span> <span class='ocrx_word' id='word_1_164' title='bbox 3532 1211 3636 1265; x_wconf 90' lang='lat' dir='ltr'><strong>ali-</strong></span> 
     </span>
    </p>
   </div>
   <div class='ocr_carea' id='block_1_26' title="bbox 2046 1300 3632 1370">
    <p class='ocr_par' dir='ltr' id='par_1_26' title="bbox 2046 1300 3632 1370">
     <span class='ocr_line' id='line_1_26' title="bbox 2046 1300 3632 1370; baseline 0.003 -18"><span class='ocrx_word' id='word_1_165' title='bbox 2046 1302 2175 1370; x_wconf 89' lang='lat' dir='ltr'><strong>quid</strong></span> <span class='ocrx_word' id='word_1_166' title='bbox 2207 1300 2417 1356; x_wconf 79' lang='lat' dir='ltr'><strong>molesti</strong></span> <span class='ocrx_word' id='word_1_167' title='bbox 2444 1310 2667 1370; x_wconf 83' lang='lat' dir='ltr'><strong>propter</strong></span> <span class='ocrx_word' id='word_1_168' title='bbox 2689 1301 2970 1357; x_wconf 82' lang='lat' dir='ltr'><strong>Christum</strong></span> <span class='ocrx_word' id='word_1_169' title='bbox 2995 1301 3231 1358; x_wconf 89' lang='lat' dir='ltr'><strong>tolerare</strong></span> <span class='ocrx_word' id='word_1_170' title='bbox 3255 1302 3593 1357; x_wconf 84' lang='lat' dir='ltr'><strong>sustinemus</strong></span> <span class='ocrx_word' id='word_1_171' title='bbox 3618 1320 3632 1357; x_wconf 90' lang='lat'><strong>:</strong></span> 
     </span>
    </p>
   </div>
   <div class='ocr_carea' id='block_1_27' title="bbox 2047 1393 3641 1464">
    <p class='ocr_par' dir='ltr' id='par_1_27' title="bbox 2047 1393 3641 1464">
     <span class='ocr_line' id='line_1_27' title="bbox 2047 1393 3641 1464; baseline -0.001 -16"><span class='ocrx_word' id='word_1_172' title='bbox 2047 1402 2103 1449; x_wconf 89' lang='lat' dir='ltr'><strong>et</strong></span> <span class='ocrx_word' id='word_1_173' title='bbox 2156 1394 2237 1449; x_wconf 90' lang='lat' dir='ltr'><strong>sic</strong></span> <span class='ocrx_word' id='word_1_174' title='bbox 2282 1408 2382 1449; x_wconf 89' lang='lat' dir='ltr'><strong>nos</strong></span> <span class='ocrx_word' id='word_1_175' title='bbox 2437 1408 2858 1462; x_wconf 83' lang='lat' dir='ltr'><strong>comparemus,</strong></span> <span class='ocrx_word' id='word_1_176' title='bbox 2909 1403 2965 1448; x_wconf 90' lang='lat' dir='ltr'><strong>et</strong></span> <span class='ocrx_word' id='word_1_177' title='bbox 3018 1403 3223 1448; x_wconf 87' lang='lat' dir='ltr'><strong>tantam</strong></span> <span class='ocrx_word' id='word_1_178' title='bbox 3278 1393 3641 1464; x_wconf 86' lang='lat' dir='ltr'><strong>suscipiamus</strong></span> 
     </span>
    </p>
   </div>
   <div class='ocr_carea' id='block_1_28' title="bbox 2046 1486 3639 1557">
    <p class='ocr_par' dir='ltr' id='par_1_28' title="bbox 2046 1486 3639 1557">
     <span class='ocr_line' id='line_1_28' title="bbox 2046 1486 3639 1557; baseline -0.001 -15"><span class='ocrx_word' id='word_1_179' title='bbox 2046 1486 2455 1551; x_wconf 85' lang='lat' dir='ltr'><strong>conﬁdentiam,</strong></span> <span class='ocrx_word' id='word_1_180' title='bbox 2477 1496 2537 1541; x_wconf 92' lang='lat' dir='ltr'><strong>ut</strong></span> <span class='ocrx_word' id='word_1_181' title='bbox 2559 1498 2780 1557; x_wconf 85' lang='lat' dir='ltr'><strong>propter</strong></span> <span class='ocrx_word' id='word_1_182' title='bbox 2803 1489 3004 1557; x_wconf 86' lang='lat' dir='ltr'><strong>ipsum,</strong></span> <span class='ocrx_word' id='word_1_183' title='bbox 3023 1487 3068 1538; x_wconf 78' lang='lat' dir='ltr'><strong>si</strong></span> <span class='ocrx_word' id='word_1_184' title='bbox 3092 1502 3229 1555; x_wconf 89' lang='lat' dir='ltr'><strong>opus</strong></span> <span class='ocrx_word' id='word_1_185' title='bbox 3250 1486 3435 1552; x_wconf 80' lang='lat' dir='ltr'><strong>fuerit,</strong></span> <span class='ocrx_word' id='word_1_186' title='bbox 3458 1487 3639 1541; x_wconf 88' lang='lat' dir='ltr'><strong>omnia</strong></span> 
     </span>
    </p>
   </div>
   <div class='ocr_carea' id='block_1_29' title="bbox 2050 1579 3644 1650">
    <p class='ocr_par' dir='ltr' id='par_1_29' title="bbox 2050 1579 3644 1650">
     <span class='ocr_line' id='line_1_29' title="bbox 2050 1579 3644 1650; baseline 0.002 -19"><span class='ocrx_word' id='word_1_187' title='bbox 2050 1579 2338 1649; x_wconf 85' lang='lat' dir='ltr'><strong>patiamur,</strong></span> <span class='ocrx_word' id='word_1_188' title='bbox 2365 1589 2425 1634; x_wconf 89' lang='lat' dir='ltr'><strong>ut</strong></span> <span class='ocrx_word' id='word_1_189' title='bbox 2450 1580 2549 1649; x_wconf 92' lang='lat' dir='ltr'><strong>ipsi</strong></span> <span class='ocrx_word' id='word_1_190' title='bbox 2573 1580 2874 1639; x_wconf 83' lang='lat' dir='ltr'><strong>voluntatis</strong></span> <span class='ocrx_word' id='word_1_191' title='bbox 2896 1581 3191 1633; x_wconf 82' lang='lat' dir='ltr'><strong>subeamus</strong></span> <span class='ocrx_word' id='word_1_192' title='bbox 3214 1579 3558 1650; x_wconf 85' lang='lat' dir='ltr'><strong>martyrium,</strong></span> <span class='ocrx_word' id='word_1_193' title='bbox 3584 1585 3644 1634; x_wconf 87' lang='lat' dir='ltr'><strong>et</strong></span> 
     </span>
    </p>
   </div>
   <div class='ocr_carea' id='block_1_30' title="bbox 357 1661 2008 1743">
    <p class='ocr_par' dir='ltr' id='par_1_30' title="bbox 357 1661 1944 1739">
     <span class='ocr_line' id='line_1_30' title="bbox 357 1661 1944 1739; baseline 0.004 -25"><span class='ocrx_word' id='word_1_194' title='bbox 357 1661 495 1733; x_wconf 80' lang='grc' dir='ltr'>πρὸς</span> <span class='ocrx_word' id='word_1_195' title='bbox 533 1661 667 1715; x_wconf 81' lang='grc' dir='ltr'>Θεὸν</span> <span class='ocrx_word' id='word_1_196' title='bbox 701 1662 817 1733; x_wconf 70' lang='grc' dir='ltr'>ἃμα</span> <span class='ocrx_word' id='word_1_197' title='bbox 856 1664 954 1718; x_wconf 69' lang='grc' dir='ltr'><strong>σὺν</strong></span> <span class='ocrx_word' id='word_1_198' title='bbox 980 1664 1175 1736; x_wconf 80' lang='grc' dir='ltr'>ἐκείνῳ</span> <span class='ocrx_word' id='word_1_199' title='bbox 1201 1665 1568 1737; x_wconf 65' lang='grc' dir='ltr'>μετάσχοιμεν</span> <span class='ocrx_word' id='word_1_200' title='bbox 1590 1682 1605 1695; x_wconf 89' lang='grc'><strong>·</strong></span> <span class='ocrx_word' id='word_1_201' title='bbox 1645 1662 1712 1739; x_wconf 84' lang='grc' dir='ltr'><strong>ἦς</strong></span> <span class='ocrx_word' id='word_1_202' title='bbox 1735 1669 1944 1736; x_wconf 79' lang='grc' dir='ltr'>γένοιτο</span> 
     </span>
    </p>
   </div>
   <div class='ocr_carea' id='block_1_31' title="bbox 2047 1661 3637 1743">
    <p class='ocr_par' dir='ltr' id='par_1_31' title="bbox 2047 1670 3637 1743">
     <span class='ocr_line' id='line_1_31' title="bbox 2047 1670 3637 1743; baseline 0.001 -19"><span class='ocrx_word' id='word_1_203' title='bbox 2047 1670 2188 1740; x_wconf 90' lang='lat' dir='ltr'><strong>apud</strong></span> <span class='ocrx_word' id='word_1_204' title='bbox 2224 1670 2392 1725; x_wconf 89' lang='lat' dir='ltr'><strong>Deum</strong></span> <span class='ocrx_word' id='word_1_205' title='bbox 2425 1673 2675 1727; x_wconf 88' lang='lat' dir='ltr'><strong>liduciam</strong></span> <span class='ocrx_word' id='word_1_206' title='bbox 2709 1688 2833 1727; x_wconf 90' lang='lat' dir='ltr'><strong>cum</strong></span> <span class='ocrx_word' id='word_1_207' title='bbox 2865 1672 2969 1727; x_wconf 87' lang='lat' dir='ltr'><strong>illis</strong></span> <span class='ocrx_word' id='word_1_208' title='bbox 2999 1686 3400 1741; x_wconf 87' lang='lat' dir='ltr'><strong>consequamur</strong></span> <span class='ocrx_word' id='word_1_209' title='bbox 3433 1686 3637 1743; x_wconf 86' lang='lat' dir='ltr'><strong>:quam</strong></span> 
     </span>
    </p>
   </div>
   <div class='ocr_carea' id='block_1_32' title="bbox 354 1752 2008 1834">
    <p class='ocr_par' dir='ltr' id='par_1_32' title="bbox 354 1752 1941 1830">
     <span class='ocr_line' id='line_1_32' title="bbox 354 1752 1941 1830; baseline 0.004 -25"><span class='ocrx_word' id='word_1_210' title='bbox 354 1754 568 1813; x_wconf 82' lang='grc' dir='ltr'>πάντας</span> <span class='ocrx_word' id='word_1_211' title='bbox 597 1752 746 1823; x_wconf 76' lang='grc' dir='ltr'>ἡμᾶς</span> <span class='ocrx_word' id='word_1_212' title='bbox 778 1753 1077 1825; x_wconf 77' lang='grc' dir='ltr'>ἐπιτυχεῖν,</span> <span class='ocrx_word' id='word_1_213' title='bbox 1112 1757 1297 1827; x_wconf 86' lang='grc' dir='ltr'>χάριτι</span> <span class='ocrx_word' id='word_1_214' title='bbox 1321 1757 1415 1810; x_wconf 84' lang='grc' dir='ltr'><strong>καὶ</strong></span> <span class='ocrx_word' id='word_1_215' title='bbox 1446 1756 1830 1830; x_wconf 61' lang='grc' dir='ltr'>φιλανθρωπίᾳ</span> <span class='ocrx_word' id='word_1_216' title='bbox 1847 1759 1941 1812; x_wconf 80' lang='grc' dir='ltr'><strong>τοῦ</strong></span> 
     </span>
    </p>
   </div>
   <div class='ocr_carea' id='block_1_33' title="bbox 2047 1752 3641 1834">
    <p class='ocr_par' dir='ltr' id='par_1_33' title="bbox 2051 1761 3641 1834">
     <span class='ocr_line' id='line_1_33' title="bbox 2051 1761 3641 1834; baseline -0.001 -18"><span class='ocrx_word' id='word_1_217' title='bbox 2051 1763 2210 1816; x_wconf 89' lang='lat' dir='ltr'><strong>detur</strong></span> <span class='ocrx_word' id='word_1_218' title='bbox 2249 1763 2404 1816; x_wconf 90' lang='lat' dir='ltr'><strong>nobis</strong></span> <span class='ocrx_word' id='word_1_219' title='bbox 2442 1763 2697 1817; x_wconf 87' lang='lat' dir='ltr'><strong>omnibus</strong></span> <span class='ocrx_word' id='word_1_220' title='bbox 2738 1763 2998 1833; x_wconf 86' lang='lat' dir='ltr'><strong>consequi</strong></span> <span class='ocrx_word' id='word_1_221' title='bbox 3050 1763 3222 1834; x_wconf 87' lang='lat' dir='ltr'><strong>gratia</strong></span> <span class='ocrx_word' id='word_1_222' title='bbox 3271 1771 3326 1817; x_wconf 89' lang='lat' dir='ltr'><strong>et</strong></span> <span class='ocrx_word' id='word_1_223' title='bbox 3352 1761 3641 1817; x_wconf 84' lang='lat' dir='ltr'><strong>clementia</strong></span> 
     </span>
    </p>
   </div>
   <div class='ocr_carea' id='block_1_34' title="bbox 355 1843 2008 1929">
    <p class='ocr_par' dir='ltr' id='par_1_34' title="bbox 355 1843 2008 1921">
     <span class='ocr_line' id='line_1_34' title="bbox 355 1843 2008 1921; baseline 0.004 -21"><span class='ocrx_word' id='word_1_224' title='bbox 355 1845 567 1917; x_wconf 81' lang='grc' dir='ltr'>Κυρίου</span> <span class='ocrx_word' id='word_1_225' title='bbox 618 1846 777 1916; x_wconf 79' lang='grc' dir='ltr'>ἡμῶν</span> <span class='ocrx_word' id='word_1_226' title='bbox 824 1847 1005 1919; x_wconf 79' lang='grc' dir='ltr'>Ἰησοῦ</span> <span class='ocrx_word' id='word_1_227' title='bbox 1053 1848 1320 1921; x_wconf 81' lang='grc' dir='ltr'>Χριστοῦ,</span> <span class='ocrx_word' id='word_1_228' title='bbox 1371 1849 1492 1920; x_wconf 84' lang='grc' dir='ltr'>μεθ’</span> <span class='ocrx_word' id='word_1_229' title='bbox 1548 1845 1610 1905; x_wconf 75' lang='grc' dir='ltr'><strong>οὗ</strong></span> <span class='ocrx_word' id='word_1_230' title='bbox 1649 1850 1729 1921; x_wconf 83' lang='grc' dir='ltr'><strong>τῷ</strong></span> <span class='ocrx_word' id='word_1_231' title='bbox 1761 1853 1940 1921; x_wconf 74' lang='grc' dir='ltr'>Πατρὶ</span> <span class='ocrx_word' id='word_1_232' title='bbox 1976 1843 2008 1898; x_wconf 77' lang='grc' dir='ltr'><strong><em>Ε</em></strong></span> 
     </span>
    </p>
   </div>
   <div class='ocr_carea' id='block_1_35' title="bbox 2047 1843 3636 1929">
    <p class='ocr_par' dir='ltr' id='par_1_35' title="bbox 2049 1854 3636 1929">
     <span class='ocr_line' id='line_1_35' title="bbox 2049 1854 3636 1929; baseline 0 -21"><span class='ocrx_word' id='word_1_233' title='bbox 2049 1854 2262 1909; x_wconf 89' lang='lat' dir='ltr'><strong>Domini</strong></span> <span class='ocrx_word' id='word_1_234' title='bbox 2305 1855 2475 1910; x_wconf 88' lang='lat' dir='ltr'><strong>nostri</strong></span> <span class='ocrx_word' id='word_1_235' title='bbox 2524 1855 2653 1911; x_wconf 65' lang='lat' dir='ltr'><strong>Jesu</strong></span> <span class='ocrx_word' id='word_1_236' title='bbox 2712 1855 2939 1922; x_wconf 84' lang='lat' dir='ltr'><strong>Christi,</strong></span> <span class='ocrx_word' id='word_1_237' title='bbox 2979 1870 3243 1929; x_wconf 89' lang='lat' dir='ltr'><strong>cumquo</strong></span> <span class='ocrx_word' id='word_1_238' title='bbox 3291 1856 3439 1910; x_wconf 86' lang='lat' dir='ltr'><strong>Patri</strong></span> <span class='ocrx_word' id='word_1_239' title='bbox 3472 1854 3636 1911; x_wconf 87' lang='lat' dir='ltr'><strong>simul</strong></span> 
     </span>
    </p>
   </div>
   <div class='ocr_carea' id='block_1_36' title="bbox 353 1937 2008 2020">
    <p class='ocr_par' dir='ltr' id='par_1_36' title="bbox 353 1937 1941 2015">
     <span class='ocr_line' id='line_1_36' title="bbox 353 1937 1941 2015; baseline 0.004 -23"><span class='ocrx_word' id='word_1_240' title='bbox 353 1937 476 2008; x_wconf 77' lang='grc' dir='ltr'>ἅμα</span> <span class='ocrx_word' id='word_1_241' title='bbox 516 1938 594 2007; x_wconf 85' lang='grc' dir='ltr'><strong>τῷ</strong></span> <span class='ocrx_word' id='word_1_242' title='bbox 628 1938 771 2007; x_wconf 81' lang='grc' dir='ltr'><strong>ἁγίῳ</strong></span> <span class='ocrx_word' id='word_1_243' title='bbox 809 1940 1103 2011; x_wconf 82' lang='grc' dir='ltr'>Πνεύματι-</span> <span class='ocrx_word' id='word_1_244' title='bbox 1136 1941 1287 2009; x_wconf 79' lang='grc' dir='ltr'>δόξα,</span> <span class='ocrx_word' id='word_1_245' title='bbox 1341 1943 1565 2015; x_wconf 78' lang='grc' dir='ltr'>κράτος,</span> <span class='ocrx_word' id='word_1_246' title='bbox 1620 1944 1777 2015; x_wconf 81' lang='grc' dir='ltr'>τιμὴ,</span> <span class='ocrx_word' id='word_1_247' title='bbox 1843 1948 1941 2000; x_wconf 78' lang='grc' dir='ltr'><strong>καὶ</strong></span> 
     </span>
    </p>
   </div>
   <div class='ocr_carea' id='block_1_37' title="bbox 2047 1937 3640 2020">
    <p class='ocr_par' dir='ltr' id='par_1_37' title="bbox 2051 1947 3640 2020">
     <span class='ocr_line' id='line_1_37' title="bbox 2051 1947 3640 2020; baseline 0.001 -19"><span class='ocrx_word' id='word_1_248' title='bbox 2051 1964 2174 2002; x_wconf 91' lang='lat' dir='ltr'><strong>cum</strong></span> <span class='ocrx_word' id='word_1_249' title='bbox 2215 1958 2406 2004; x_wconf 84' lang='lat' dir='ltr'><strong>sancto</strong></span> <span class='ocrx_word' id='word_1_250' title='bbox 2448 1947 2655 2020; x_wconf 86' lang='lat' dir='ltr'><strong>Spiritu</strong></span> <span class='ocrx_word' id='word_1_251' title='bbox 2696 1948 2890 2020; x_wconf 87' lang='lat' dir='ltr'><strong>gloria,</strong></span> <span class='ocrx_word' id='word_1_252' title='bbox 2926 1951 3189 2018; x_wconf 86' lang='lat' dir='ltr'><strong>potentia,</strong></span> <span class='ocrx_word' id='word_1_253' title='bbox 3226 1951 3399 2004; x_wconf 82' lang='lat' dir='ltr'><strong>honor</strong></span> <span class='ocrx_word' id='word_1_254' title='bbox 3445 1958 3502 2004; x_wconf 85' lang='lat' dir='ltr'><strong>et</strong></span> <span class='ocrx_word' id='word_1_255' title='bbox 3543 1947 3640 2003; x_wconf 85' lang='lat' dir='ltr'><strong>ad-</strong></span> 
     </span>
    </p>
   </div>
   <div class='ocr_carea' id='block_1_38' title="bbox 354 2029 2008 2110">
    <p class='ocr_par' dir='ltr' id='par_1_38' title="bbox 354 2029 1940 2103">
     <span class='ocr_line' id='line_1_38' title="bbox 354 2029 1940 2103; baseline 0.006 -22"><span class='ocrx_word' id='word_1_256' title='bbox 354 2029 756 2100; x_wconf 79' lang='grc' dir='ltr'>προσκύνησις,</span> <span class='ocrx_word' id='word_1_257' title='bbox 787 2032 885 2088; x_wconf 85' lang='grc' dir='ltr'>νῦν</span> <span class='ocrx_word' id='word_1_258' title='bbox 935 2034 1032 2088; x_wconf 77' lang='grc' dir='ltr'><strong>καὶ</strong></span> <span class='ocrx_word' id='word_1_259' title='bbox 1056 2034 1167 2103; x_wconf 79' lang='grc' dir='ltr'>ἀεὶ,</span> <span class='ocrx_word' id='word_1_260' title='bbox 1203 2036 1299 2090; x_wconf 76' lang='grc' dir='ltr'><strong>καὶ</strong></span> <span class='ocrx_word' id='word_1_261' title='bbox 1329 2037 1410 2099; x_wconf 79' lang='grc' dir='ltr'>εἰς</span> <span class='ocrx_word' id='word_1_262' title='bbox 1439 2037 1566 2100; x_wconf 82' lang='grc' dir='ltr'>τοὺς</span> <span class='ocrx_word' id='word_1_263' title='bbox 1599 2036 1808 2101; x_wconf 80' lang='grc' dir='ltr'>αἰῶνας</span> <span class='ocrx_word' id='word_1_264' title='bbox 1828 2036 1940 2091; x_wconf 84' lang='grc' dir='ltr'><strong>τῶν</strong></span> 
     </span>
    </p>
   </div>
   <div class='ocr_carea' id='block_1_39' title="bbox 2047 2029 3637 2110">
    <p class='ocr_par' dir='ltr' id='par_1_39' title="bbox 2052 2040 3637 2110">
     <span class='ocr_line' id='line_1_39' title="bbox 2052 2040 3637 2110; baseline -0.001 -17"><span class='ocrx_word' id='word_1_265' title='bbox 2052 2041 2254 2107; x_wconf 86' lang='lat' dir='ltr'><strong>oratio,</strong></span> <span class='ocrx_word' id='word_1_266' title='bbox 2301 2055 2444 2097; x_wconf 92' lang='lat' dir='ltr'><strong>nunc</strong></span> <span class='ocrx_word' id='word_1_267' title='bbox 2472 2049 2526 2097; x_wconf 88' lang='lat' dir='ltr'><strong>et</strong></span> <span class='ocrx_word' id='word_1_268' title='bbox 2561 2054 2781 2110; x_wconf 85' lang='lat' dir='ltr'><strong>semper</strong></span> <span class='ocrx_word' id='word_1_269' title='bbox 2812 2049 2870 2097; x_wconf 90' lang='lat' dir='ltr'><strong>et</strong></span> <span class='ocrx_word' id='word_1_270' title='bbox 2915 2041 2970 2097; x_wconf 88' lang='lat' dir='ltr'><strong>in</strong></span> <span class='ocrx_word' id='word_1_271' title='bbox 3026 2041 3222 2097; x_wconf 66' lang='lat' dir='ltr'><strong>saecula</strong></span> <span class='ocrx_word' id='word_1_272' title='bbox 3278 2040 3637 2102; x_wconf 66' lang='lat' dir='ltr'><strong>saeculorum,</strong></span> 
     </span>
    </p>
   </div>
   <div class='ocr_carea' id='block_1_40' title="bbox 351 2120 2008 2195">
    <p class='ocr_par' dir='ltr' id='par_1_40' title="bbox 351 2120 810 2195">
     <span class='ocr_line' id='line_1_40' title="bbox 351 2120 810 2195; baseline 0.013 -21"><span class='ocrx_word' id='word_1_273' title='bbox 351 2120 587 2180; x_wconf 80' lang='grc' dir='ltr'>αἰώνων.</span> <span class='ocrx_word' id='word_1_274' title='bbox 609 2123 810 2195; x_wconf 84' lang='grc' dir='ltr'>Ἀμήν.</span> 
     </span>
    </p>
   </div>
   <div class='ocr_carea' id='block_1_41' title="bbox 2047 2120 2249 2195">
    <p class='ocr_par' dir='ltr' id='par_1_41' title="bbox 2052 2135 2249 2187">
     <span class='ocr_line' id='line_1_41' title="bbox 2052 2135 2249 2187; baseline -0.005 -2"><span class='ocrx_word' id='word_1_275' title='bbox 2052 2135 2249 2187; x_wconf 79' lang='lat' dir='ltr'><strong>Amen.</strong></span> 
     </span>
    </p>
   </div>
   <div class='ocr_carea' id='block_1_42' title="bbox 818 2439 3177 2645">
    <p class='ocr_par' dir='ltr' id='par_1_42' title="bbox 818 2439 3177 2645">
     <span class='ocr_line' id='line_1_42' title="bbox 818 2439 3177 2645; baseline -0.001 -28"><span class='ocrx_word' id='word_1_276' title='bbox 818 2439 997 2617; x_wconf 88' lang='lat' dir='ltr'><strong>DE</strong></span> <span class='ocrx_word' id='word_1_277' title='bbox 1084 2500 1206 2615; x_wconf 88' lang='lat' dir='ltr'><strong>s.</strong></span> <span class='ocrx_word' id='word_1_278' title='bbox 1300 2499 1859 2619; x_wconf 86' lang='lat' dir='ltr'><strong>JOANNE</strong></span> <span class='ocrx_word' id='word_1_279' title='bbox 1945 2498 3177 2645; x_wconf 80' lang='lat' dir='ltr'><strong>ELEEMOSYNARIO</strong></span> 
     </span>
    </p>
   </div>
   <div class='ocr_carea' id='block_1_43' title="bbox 1485 2723 2500 2787">
    <p class='ocr_par' dir='ltr' id='par_1_43' title="bbox 1485 2723 2500 2787">
     <span class='ocr_line' id='line_1_43' title="bbox 1485 2723 2500 2787; baseline -0.002 -4"><span class='ocrx_word' id='word_1_280' title='bbox 1485 2726 1937 2787; x_wconf 77' lang='lat' dir='ltr'><strong>PATRIARCHA</strong></span> <span class='ocrx_word' id='word_1_281' title='bbox 1974 2723 2500 2786; x_wconf 76' lang='lat' dir='ltr'><strong>ALEXANDRINO.</strong></span> 
     </span>
    </p>
   </div>
   <div class='ocr_carea' id='block_1_44' title="bbox 1167 2892 2810 2959">
    <p class='ocr_par' dir='ltr' id='par_1_44' title="bbox 1167 2892 2810 2959">
     <span class='ocr_line' id='line_1_44' title="bbox 1167 2892 2810 2959; baseline -0.001 -13"><span class='ocrx_word' id='word_1_282' title='bbox 1167 2897 1336 2959; x_wconf 82' lang='lat' dir='ltr'><strong>(Anno</strong></span> <span class='ocrx_word' id='word_1_283' title='bbox 1356 2893 1469 2958; x_wconf 63' lang='lat'><strong>596,</strong></span> <span class='ocrx_word' id='word_1_284' title='bbox 1496 2897 1618 2947; x_wconf 83' lang='lat' dir='ltr'><strong>Acta</strong></span> <span class='ocrx_word' id='word_1_285' title='bbox 1636 2902 1921 2946; x_wconf 86' lang='lat' dir='ltr'><strong>sanctorum</strong></span> <span class='ocrx_word' id='word_1_286' title='bbox 1951 2895 2177 2947; x_wconf 88' lang='lat' dir='ltr'><strong>Bollaud.</strong></span> <span class='ocrx_word' id='word_1_287' title='bbox 2206 2893 2269 2945; x_wconf 88' lang='lat' dir='ltr'><strong>ad</strong></span> <span class='ocrx_word' id='word_1_288' title='bbox 2290 2893 2425 2944; x_wconf 90' lang='lat' dir='ltr'><strong>diem</strong></span> <span class='ocrx_word' id='word_1_289' title='bbox 2456 2895 2519 2945; x_wconf 78' lang='grc'><strong>25</strong></span> <span class='ocrx_word' id='word_1_290' title='bbox 2546 2892 2810 2956; x_wconf 85' lang='lat' dir='ltr'><strong>Januarii.)</strong></span> 
     </span>
    </p>
   </div>
   <div class='ocr_carea' id='block_1_45' title="bbox 424 3197 3640 3281">
    <p class='ocr_par' dir='ltr' id='par_1_45' title="bbox 424 3197 3640 3281">
     <span class='ocr_line' id='line_1_45' title="bbox 424 3197 3640 3281; baseline -0.002 -20"><span class='ocrx_word' id='word_1_291' title='bbox 424 3206 693 3264; x_wconf 80' lang='lat' dir='ltr'><strong>Amathus</strong></span> <span class='ocrx_word' id='word_1_292' title='bbox 722 3206 853 3261; x_wconf 91' lang='lat' dir='ltr'><strong>urbs</strong></span> <span class='ocrx_word' id='word_1_293' title='bbox 883 3213 966 3260; x_wconf 87' lang='lat' dir='ltr'><strong>est</strong></span> <span class='ocrx_word' id='word_1_294' title='bbox 993 3203 1158 3281; x_wconf 80' lang='lat' dir='ltr'><strong>Cypri</strong></span> <span class='ocrx_word' id='word_1_295' title='bbox 1189 3212 1499 3273; x_wconf 88' lang='lat' dir='ltr'><strong>pervetusta</strong></span> <span class='ocrx_word' id='word_1_296' title='bbox 1535 3205 1586 3276; x_wconf 88' lang='lat' dir='ltr'><strong>(a</strong></span> <span class='ocrx_word' id='word_1_297' title='bbox 1630 3218 1738 3276; x_wconf 85' lang='lat' dir='ltr'><strong>qua</strong></span> <span class='ocrx_word' id='word_1_298' title='bbox 1773 3203 2006 3259; x_wconf 88' lang='lat' dir='ltr'><strong>insulam</strong></span> <span class='ocrx_word' id='word_1_299' title='bbox 2034 3200 2208 3272; x_wconf 84' lang='lat' dir='ltr'><strong>ipsam</strong></span> <span class='ocrx_word' id='word_1_300' title='bbox 2247 3199 2540 3271; x_wconf 89' lang='lat' dir='ltr'><strong>aliquando</strong></span> <span class='ocrx_word' id='word_1_301' title='bbox 2573 3198 2952 3255; x_wconf 86' lang='lat' dir='ltr'><strong>Amathusiam</strong></span> <span class='ocrx_word' id='word_1_302' title='bbox 2984 3197 3313 3271; x_wconf 87' lang='lat' dir='ltr'><strong>appellatam</strong></span> <span class='ocrx_word' id='word_1_303' title='bbox 3354 3212 3421 3254; x_wconf 78' lang='lat' dir='ltr'><strong>ex</strong></span> <span class='ocrx_word' id='word_1_304' title='bbox 3460 3198 3640 3257; x_wconf 84' lang='lat' dir='ltr'><strong>Plinio</strong></span> 
     </span>
    </p>
   </div>
   <div class='ocr_carea' id='block_1_46' title="bbox 351 3292 3643 3373">
    <p class='ocr_par' dir='ltr' id='par_1_46' title="bbox 351 3292 3643 3373">
     <span class='ocr_line' id='line_1_46' title="bbox 351 3292 3643 3373; baseline -0.002 -18"><span class='ocrx_word' id='word_1_305' title='bbox 351 3309 503 3373; x_wconf 88' lang='lat' dir='ltr'><strong>patet</strong></span> <span class='ocrx_word' id='word_1_306' title='bbox 529 3300 625 3359; x_wconf 89' lang='lat' dir='ltr'><strong>lib.</strong></span> <span class='ocrx_word' id='word_1_307' title='bbox 657 3317 710 3365; x_wconf 81' lang='grc' dir='ltr'><strong>ν,</strong></span> <span class='ocrx_word' id='word_1_308' title='bbox 747 3315 865 3369; x_wconf 89' lang='lat' dir='ltr'><strong>cap.</strong></span> <span class='ocrx_word' id='word_1_309' title='bbox 898 3299 990 3369; x_wconf 77' lang='grc'><strong>51)</strong></span> <span class='ocrx_word' id='word_1_310' title='bbox 1045 3299 1150 3361; x_wconf 84' lang='lat' dir='ltr'><strong>sita</strong></span> <span class='ocrx_word' id='word_1_311' title='bbox 1183 3299 1237 3354; x_wconf 92' lang='lat' dir='ltr'><strong>in</strong></span> <span class='ocrx_word' id='word_1_312' title='bbox 1264 3313 1359 3354; x_wconf 90' lang='lat' dir='ltr'><strong>ora</strong></span> <span class='ocrx_word' id='word_1_313' title='bbox 1390 3297 1710 3364; x_wconf 89' lang='lat' dir='ltr'><strong>meridiana,</strong></span> <span class='ocrx_word' id='word_1_314' title='bbox 1743 3294 2037 3367; x_wconf 86' lang='lat' dir='ltr'><strong>episcopali</strong></span> <span class='ocrx_word' id='word_1_315' title='bbox 2063 3293 2327 3366; x_wconf 87' lang='lat' dir='ltr'><strong>dignitate</strong></span> <span class='ocrx_word' id='word_1_316' title='bbox 2357 3294 2425 3348; x_wconf 90' lang='lat' dir='ltr'><strong>ab</strong></span> <span class='ocrx_word' id='word_1_317' title='bbox 2457 3293 2589 3364; x_wconf 89' lang='lat' dir='ltr'><strong>ipsis</strong></span> <span class='ocrx_word' id='word_1_318' title='bbox 2618 3292 2878 3349; x_wconf 83' lang='lat' dir='ltr'><strong>Ecclesiae</strong></span> <span class='ocrx_word' id='word_1_319' title='bbox 2912 3294 3258 3351; x_wconf 89' lang='lat' dir='ltr'><strong>incunabulis</strong></span> <span class='ocrx_word' id='word_1_320' title='bbox 3287 3300 3506 3349; x_wconf 84' lang='lat' dir='ltr'><strong>ornata.</strong></span> <span class='ocrx_word' id='word_1_321' title='bbox 3540 3292 3643 3351; x_wconf 83' lang='lat' dir='ltr'><strong>Hic</strong></span> 
     </span>
    </p>
   </div>
   <div class='ocr_carea' id='block_1_47' title="bbox 350 3389 3641 3464">
    <p class='ocr_par' dir='ltr' id='par_1_47' title="bbox 350 3389 3641 3464">
     <span class='ocr_line' id='line_1_47' title="bbox 350 3389 3641 3464; baseline -0.003 -11"><span class='ocrx_word' id='word_1_322' title='bbox 350 3399 531 3453; x_wconf 90' lang='lat' dir='ltr'><strong>editus</strong></span> <span class='ocrx_word' id='word_1_323' title='bbox 571 3398 621 3450; x_wconf 91' lang='lat' dir='ltr'><strong>iu</strong></span> <span class='ocrx_word' id='word_1_324' title='bbox 662 3397 835 3452; x_wconf 90' lang='lat' dir='ltr'><strong>lucem</strong></span> <span class='ocrx_word' id='word_1_325' title='bbox 876 3406 962 3451; x_wconf 90' lang='lat' dir='ltr'><strong>est</strong></span> <span class='ocrx_word' id='word_1_326' title='bbox 989 3394 1048 3450; x_wconf 89' lang='lat' dir='ltr'><strong>S.</strong></span> <span class='ocrx_word' id='word_1_327' title='bbox 1089 3392 1329 3449; x_wconf 86' lang='lat' dir='ltr'><strong>Joannes</strong></span> <span class='ocrx_word' id='word_1_328' title='bbox 1370 3392 1888 3464; x_wconf 86' lang='lat' dir='ltr'><strong>Elcemosynarius,</strong></span> <span class='ocrx_word' id='word_1_329' title='bbox 1933 3389 2337 3446; x_wconf 80' lang='lat' dir='ltr'><strong>Alexandrinus</strong></span> <span class='ocrx_word' id='word_1_330' title='bbox 2369 3389 2718 3458; x_wconf 85' lang='lat' dir='ltr'><strong>patriarcha;</strong></span> <span class='ocrx_word' id='word_1_331' title='bbox 2763 3389 3075 3458; x_wconf 90' lang='lat' dir='ltr'><strong>ibidemque</strong></span> <span class='ocrx_word' id='word_1_332' title='bbox 3133 3391 3374 3445; x_wconf 83' lang='lat' dir='ltr'><strong>excessit</strong></span> <span class='ocrx_word' id='word_1_333' title='bbox 3408 3406 3439 3444; x_wconf 89' lang='lat' dir='ltr'><strong>e</strong></span> <span class='ocrx_word' id='word_1_334' title='bbox 3481 3390 3641 3446; x_wconf 79' lang='lat' dir='ltr'><strong>vivis.</strong></span> 
     </span>
    </p>
   </div>
   <div class='ocr_carea' id='block_1_48' title="bbox 350 3483 3644 3561">
    <p class='ocr_par' dir='ltr' id='par_1_48' title="bbox 350 3483 3644 3561">
     <span class='ocr_line' id='line_1_48' title="bbox 350 3483 3644 3561; baseline -0.003 -15"><span class='ocrx_word' id='word_1_335' title='bbox 350 3489 485 3561; x_wconf 86' lang='lat' dir='ltr'><strong>Ejus</strong></span> <span class='ocrx_word' id='word_1_336' title='bbox 522 3490 699 3549; x_wconf 83' lang='lat' dir='ltr'><strong>Vitam</strong></span> <span class='ocrx_word' id='word_1_337' title='bbox 731 3490 910 3560; x_wconf 74' lang='lat' dir='ltr'><strong>primo</strong></span> <span class='ocrx_word' id='word_1_338' title='bbox 944 3489 1286 3556; x_wconf 87' lang='lat' dir='ltr'><strong>scripserunt</strong></span> <span class='ocrx_word' id='word_1_339' title='bbox 1321 3484 1560 3543; x_wconf 88' lang='lat' dir='ltr'><strong>Joannes</strong></span> <span class='ocrx_word' id='word_1_340' title='bbox 1592 3494 1646 3540; x_wconf 93' lang='lat' dir='ltr'><strong>et</strong></span> <span class='ocrx_word' id='word_1_341' title='bbox 1683 3484 2025 3553; x_wconf 90' lang='lat' dir='ltr'><strong>Sophronius</strong></span> <span class='ocrx_word' id='word_1_342' title='bbox 2047 3523 2063 3549; x_wconf 92' lang='lat'><strong>,</strong></span> <span class='ocrx_word' id='word_1_343' title='bbox 2097 3485 2190 3556; x_wconf 91' lang='lat' dir='ltr'><strong>qui</strong></span> <span class='ocrx_word' id='word_1_344' title='bbox 2224 3500 2253 3539; x_wconf 91' lang='lat' dir='ltr'><strong>a</strong></span> <span class='ocrx_word' id='word_1_345' title='bbox 2294 3483 2523 3539; x_wconf 87' lang='lat' dir='ltr'><strong>Leontio</strong></span> <span class='ocrx_word' id='word_1_346' title='bbox 2559 3484 2611 3538; x_wconf 91' lang='lat' dir='ltr'><strong>iu</strong></span> <span class='ocrx_word' id='word_1_347' title='bbox 2646 3483 2769 3538; x_wconf 85' lang='lat' dir='ltr'><strong>Vita</strong></span> <span class='ocrx_word' id='word_1_348' title='bbox 2806 3484 3154 3554; x_wconf 86' lang='lat' dir='ltr'><strong>appellantur</strong></span> <span class='ocrx_word' id='word_1_349' title='bbox 3190 3501 3210 3534; x_wconf 81' lang='grc' dir='ltr'>ι</span> <span class='ocrx_word' id='word_1_350' title='bbox 3250 3483 3343 3539; x_wconf 90' lang='lat' dir='ltr'><strong>Dei</strong></span> <span class='ocrx_word' id='word_1_351' title='bbox 3376 3484 3644 3548; x_wconf 84' lang='lat' dir='ltr'><strong>cultores,</strong></span> 
     </span>
    </p>
   </div>
   <div class='ocr_carea' id='block_1_49' title="bbox 351 3572 3643 3650">
    <p class='ocr_par' dir='ltr' id='par_1_49' title="bbox 351 3572 3643 3650">
     <span class='ocr_line' id='line_1_49' title="bbox 351 3572 3643 3650; baseline -0.003 -14"><span class='ocrx_word' id='word_1_352' title='bbox 351 3594 627 3638; x_wconf 84' lang='lat' dir='ltr'><strong>amatores</strong></span> <span class='ocrx_word' id='word_1_353' title='bbox 661 3583 955 3647; x_wconf 86' lang='lat' dir='ltr'><strong>virtutum,</strong></span> <span class='ocrx_word' id='word_1_354' title='bbox 989 3582 1210 3649; x_wconf 87' lang='lat' dir='ltr'><strong>pietatis</strong></span> <span class='ocrx_word' id='word_1_355' title='bbox 1240 3591 1704 3650; x_wconf 83' lang='lat' dir='ltr'><strong>propugnatores;</strong></span> <span class='ocrx_word' id='word_1_356' title='bbox 1741 3598 1761 3631; x_wconf 72' lang='grc' dir='ltr'>ι</span> <span class='ocrx_word' id='word_1_357' title='bbox 1804 3579 2062 3634; x_wconf 83' lang='lat' dir='ltr'><strong>Leontius</strong></span> <span class='ocrx_word' id='word_1_358' title='bbox 2095 3578 2317 3641; x_wconf 87' lang='lat' dir='ltr'><strong>deimle,</strong></span> <span class='ocrx_word' id='word_1_359' title='bbox 2354 3575 2656 3646; x_wconf 83' lang='lat' dir='ltr'><strong>Neapoleos</strong></span> <span class='ocrx_word' id='word_1_360' title='bbox 2729 3574 2893 3646; x_wconf 87' lang='lat' dir='ltr'><strong>Cypri</strong></span> <span class='ocrx_word' id='word_1_361' title='bbox 2939 3576 3258 3645; x_wconf 83' lang='lat' dir='ltr'><strong>episcopus,</strong></span> <span class='ocrx_word' id='word_1_362' title='bbox 3295 3574 3453 3643; x_wconf 88' lang='lat' dir='ltr'><strong>cujus</strong></span> <span class='ocrx_word' id='word_1_363' title='bbox 3487 3572 3643 3629; x_wconf 88' lang='lat' dir='ltr'><strong>testi-</strong></span> 
     </span>
    </p>
   </div>
   <div class='ocr_carea' id='block_1_50' title="bbox 353 3663 3646 3744">
    <p class='ocr_par' dir='ltr' id='par_1_50' title="bbox 353 3663 3646 3744">
     <span class='ocr_line' id='line_1_50' title="bbox 353 3663 3646 3744; baseline -0.004 -13"><span class='ocrx_word' id='word_1_364' title='bbox 353 3676 597 3731; x_wconf 88' lang='lat' dir='ltr'><strong>monium</strong></span> <span class='ocrx_word' id='word_1_365' title='bbox 655 3688 753 3744; x_wconf 91' lang='lat' dir='ltr'><strong>pro</strong></span> <span class='ocrx_word' id='word_1_366' title='bbox 798 3672 1236 3728; x_wconf 85' lang='lat' dir='ltr'><strong>Christianorum</strong></span> <span class='ocrx_word' id='word_1_367' title='bbox 1291 3670 1536 3739; x_wconf 73' lang='lat' dir='ltr'><strong>apologis</strong></span> <span class='ocrx_word' id='word_1_368' title='bbox 1588 3680 1777 3724; x_wconf 90' lang='lat' dir='ltr'><strong>contra</strong></span> <span class='ocrx_word' id='word_1_369' title='bbox 1833 3667 2086 3732; x_wconf 74' lang='lat' dir='ltr'><strong>Judteos,</strong></span> <span class='ocrx_word' id='word_1_370' title='bbox 2136 3681 2200 3719; x_wconf 88' lang='lat' dir='ltr'><strong>ac</strong></span> <span class='ocrx_word' id='word_1_371' title='bbox 2252 3669 2319 3720; x_wconf 87' lang='lat' dir='ltr'><strong>de</strong></span> <span class='ocrx_word' id='word_1_372' title='bbox 2363 3666 2694 3735; x_wconf 81' lang='lat' dir='ltr'><strong>imaginibus</strong></span> <span class='ocrx_word' id='word_1_373' title='bbox 2740 3675 3057 3719; x_wconf 86' lang='lat' dir='ltr'><strong>sanctorum</strong></span> <span class='ocrx_word' id='word_1_374' title='bbox 3088 3673 3305 3730; x_wconf 81' lang='lat' dir='ltr'><strong>exstat,</strong></span> <span class='ocrx_word' id='word_1_375' title='bbox 3351 3663 3406 3716; x_wconf 88' lang='lat' dir='ltr'><strong>in</strong></span> <span class='ocrx_word' id='word_1_376' title='bbox 3434 3663 3646 3732; x_wconf 85' lang='lat' dir='ltr'><strong>synodo</strong></span> 
     </span>
    </p>
   </div>
   <div class='ocr_carea' id='block_1_51' title="bbox 352 3752 3646 3830">
    <p class='ocr_par' dir='ltr' id='par_1_51' title="bbox 352 3752 3646 3830">
     <span class='ocr_line' id='line_1_51' title="bbox 352 3752 3646 3830; baseline -0.005 -8"><span class='ocrx_word' id='word_1_377' title='bbox 352 3763 571 3822; x_wconf 61' lang='lat' dir='ltr'><strong>Nicena</strong></span> <span class='ocrx_word' id='word_1_378' title='bbox 602 3781 662 3829; x_wconf 90' lang='lat' dir='ltr'><strong>II,</strong></span> <span class='ocrx_word' id='word_1_379' title='bbox 693 3765 908 3819; x_wconf 88' lang='lat' dir='ltr'><strong>actione</strong></span> <span class='ocrx_word' id='word_1_380' title='bbox 932 3763 988 3830; x_wconf 77' lang='grc'>4,</span> <span class='ocrx_word' id='word_1_381' title='bbox 1017 3763 1107 3817; x_wconf 90' lang='lat' dir='ltr'><strong>ubi</strong></span> <span class='ocrx_word' id='word_1_382' title='bbox 1137 3772 1193 3817; x_wconf 90' lang='lat' dir='ltr'><strong>et</strong></span> <span class='ocrx_word' id='word_1_383' title='bbox 1229 3780 1248 3813; x_wconf 86' lang='grc' dir='ltr'>ι</span> <span class='ocrx_word' id='word_1_384' title='bbox 1290 3761 1688 3817; x_wconf 86' lang='lat' dir='ltr'><strong>Constantinus</strong></span> <span class='ocrx_word' id='word_1_385' title='bbox 1715 3759 2097 3813; x_wconf 85' lang='lat' dir='ltr'><strong>sanctissimus</strong></span> <span class='ocrx_word' id='word_1_386' title='bbox 2126 3757 2418 3827; x_wconf 89' lang='lat' dir='ltr'><strong>episcopus</strong></span> <span class='ocrx_word' id='word_1_387' title='bbox 2447 3756 2781 3811; x_wconf 71' lang='lat' dir='ltr'><strong>Constantia:</strong></span> <span class='ocrx_word' id='word_1_388' title='bbox 2812 3755 2976 3826; x_wconf 85' lang='lat' dir='ltr'><strong>Cypri</strong></span> <span class='ocrx_word' id='word_1_389' title='bbox 3013 3755 3150 3809; x_wconf 79' lang='lat' dir='ltr'><strong>dixit</strong></span> <span class='ocrx_word' id='word_1_390' title='bbox 3178 3772 3191 3808; x_wconf 94' lang='lat'><strong>:</strong></span> <span class='ocrx_word' id='word_1_391' title='bbox 3221 3752 3319 3806; x_wconf 90' lang='lat' dir='ltr'><strong>Hic</strong></span> <span class='ocrx_word' id='word_1_392' title='bbox 3347 3752 3437 3821; x_wconf 90' lang='lat' dir='ltr'><strong>qui</strong></span> <span class='ocrx_word' id='word_1_393' title='bbox 3472 3753 3646 3809; x_wconf 89' lang='lat' dir='ltr'><strong>lectus</strong></span> 
     </span>
    </p>
   </div>
   <div class='ocr_carea' id='block_1_52' title="bbox 353 3843 3646 3927">
    <p class='ocr_par' dir='ltr' id='par_1_52' title="bbox 353 3843 3646 3927">
     <span class='ocr_line' id='line_1_52' title="bbox 353 3843 3646 3927; baseline -0.006 -10"><span class='ocrx_word' id='word_1_394' title='bbox 353 3870 442 3924; x_wconf 83' lang='lat' dir='ltr'><strong>est</strong></span> <span class='ocrx_word' id='word_1_395' title='bbox 463 3859 645 3926; x_wconf 89' lang='lat' dir='ltr'><strong>Pater,</strong></span> <span class='ocrx_word' id='word_1_396' title='bbox 680 3860 731 3913; x_wconf 91' lang='lat' dir='ltr'><strong>in</strong></span> <span class='ocrx_word' id='word_1_397' title='bbox 769 3874 873 3913; x_wconf 89' lang='lat' dir='ltr'><strong>una</strong></span> <span class='ocrx_word' id='word_1_398' title='bbox 903 3857 1117 3911; x_wconf 91' lang='lat' dir='ltr'><strong>urbium</strong></span> <span class='ocrx_word' id='word_1_399' title='bbox 1146 3854 1310 3927; x_wconf 91' lang='lat' dir='ltr'><strong>Cypri</strong></span> <span class='ocrx_word' id='word_1_400' title='bbox 1345 3855 1541 3909; x_wconf 90' lang='lat' dir='ltr'><strong>decore</strong></span> <span class='ocrx_word' id='word_1_401' title='bbox 1573 3851 1951 3908; x_wconf 86' lang='lat' dir='ltr'><strong>sacratissimo</strong></span> <span class='ocrx_word' id='word_1_402' title='bbox 1980 3849 2212 3913; x_wconf 89' lang='lat' dir='ltr'><strong>claruit,</strong></span> <span class='ocrx_word' id='word_1_403' title='bbox 2242 3861 2295 3904; x_wconf 91' lang='lat' dir='ltr'><strong>et</strong></span> <span class='ocrx_word' id='word_1_404' title='bbox 2329 3848 2493 3902; x_wconf 88' lang='lat' dir='ltr'><strong>multa</strong></span> <span class='ocrx_word' id='word_1_405' title='bbox 2524 3848 2793 3917; x_wconf 62' lang='lat' dir='ltr'><strong>praeconia</strong></span> <span class='ocrx_word' id='word_1_406' title='bbox 2854 3857 2907 3901; x_wconf 90' lang='lat' dir='ltr'><strong>et</strong></span> <span class='ocrx_word' id='word_1_407' title='bbox 2955 3846 3181 3900; x_wconf 78' lang='lat' dir='ltr'><strong>festivos</strong></span> <span class='ocrx_word' id='word_1_408' title='bbox 3214 3859 3497 3900; x_wconf 90' lang='lat' dir='ltr'><strong>sermones</strong></span> <span class='ocrx_word' id='word_1_409' title='bbox 3527 3843 3646 3910; x_wconf 87' lang='lat' dir='ltr'><strong>ejus</strong></span> 
     </span>
    </p>
   </div>
   <div class='ocr_carea' id='block_1_53' title="bbox 353 3937 3647 4021">
    <p class='ocr_par' dir='ltr' id='par_1_53' title="bbox 353 3937 3647 4021">
     <span class='ocr_line' id='line_1_53' title="bbox 353 3937 3647 4021; baseline -0.006 -10"><span class='ocrx_word' id='word_1_410' title='bbox 353 3955 619 4011; x_wconf 86' lang='lat' dir='ltr'><strong>habemus</strong></span> <span class='ocrx_word' id='word_1_411' title='bbox 645 3972 660 4007; x_wconf 86' lang='lat'><strong>:</strong></span> <span class='ocrx_word' id='word_1_412' title='bbox 684 3967 806 4007; x_wconf 89' lang='lat' dir='ltr'><strong>cum</strong></span> <span class='ocrx_word' id='word_1_413' title='bbox 833 3949 1029 4021; x_wconf 83' lang='lat' dir='ltr'><strong>quibus</strong></span> <span class='ocrx_word' id='word_1_414' title='bbox 1053 3958 1138 4004; x_wconf 92' lang='lat' dir='ltr'><strong>est</strong></span> <span class='ocrx_word' id='word_1_415' title='bbox 1169 3949 1335 4003; x_wconf 90' lang='lat' dir='ltr'><strong>etiam</strong></span> <span class='ocrx_word' id='word_1_416' title='bbox 1364 3962 1545 4003; x_wconf 90' lang='lat' dir='ltr'><strong>sermo</strong></span> <span class='ocrx_word' id='word_1_417' title='bbox 1574 3947 1694 4016; x_wconf 88' lang='lat' dir='ltr'><strong>ejus</strong></span> <span class='ocrx_word' id='word_1_418' title='bbox 1721 3944 1775 3998; x_wconf 90' lang='lat' dir='ltr'><strong>in</strong></span> <span class='ocrx_word' id='word_1_419' title='bbox 1808 3941 2373 4013; x_wconf 84' lang='lat' dir='ltr'><strong>Trausliguralionem</strong></span> <span class='ocrx_word' id='word_1_420' title='bbox 2412 3938 2717 3994; x_wconf 86' lang='lat' dir='ltr'><strong>Salvatoris</strong></span> <span class='ocrx_word' id='word_1_421' title='bbox 2774 3939 2971 3994; x_wconf 85' lang='lat' dir='ltr'><strong>nostri.</strong></span> <span class='ocrx_word' id='word_1_422' title='bbox 3018 3937 3358 4007; x_wconf 89' lang='lat' dir='ltr'><strong>Conscripsit</strong></span> <span class='ocrx_word' id='word_1_423' title='bbox 3387 3947 3567 3992; x_wconf 91' lang='lat' dir='ltr'><strong>autem</strong></span> <span class='ocrx_word' id='word_1_424' title='bbox 3591 3944 3647 3991; x_wconf 93' lang='lat' dir='ltr'><strong>et</strong></span> 
     </span>
    </p>
   </div>
   <div class='ocr_carea' id='block_1_54' title="bbox 353 4031 3647 4113">
    <p class='ocr_par' dir='ltr' id='par_1_54' title="bbox 353 4031 3647 4113">
     <span class='ocr_line' id='line_1_54' title="bbox 353 4031 3647 4113; baseline -0.005 -11"><span class='ocrx_word' id='word_1_425' title='bbox 353 4044 534 4103; x_wconf 81' lang='lat' dir='ltr'><strong>Vitam</strong></span> <span class='ocrx_word' id='word_1_426' title='bbox 580 4046 638 4101; x_wconf 94' lang='lat' dir='ltr'><strong>S.</strong></span> <span class='ocrx_word' id='word_1_427' title='bbox 691 4045 918 4101; x_wconf 89' lang='lat' dir='ltr'><strong>Joannis</strong></span> <span class='ocrx_word' id='word_1_428' title='bbox 983 4042 1382 4113; x_wconf 88' lang='lat' dir='ltr'><strong>archiepiscopi</strong></span> <span class='ocrx_word' id='word_1_429' title='bbox 1434 4040 1811 4104; x_wconf 80' lang='lat' dir='ltr'><strong>Alexandriae,</strong></span> <span class='ocrx_word' id='word_1_430' title='bbox 1861 4047 2226 4108; x_wconf 84' lang='lat' dir='ltr'><strong>cognomento</strong></span> <span class='ocrx_word' id='word_1_431' title='bbox 2270 4034 2612 4097; x_wconf 86' lang='lat' dir='ltr'><strong>Eleemonis,</strong></span> <span class='ocrx_word' id='word_1_432' title='bbox 2671 4032 2725 4087; x_wconf 91' lang='lat' dir='ltr'><strong>id</strong></span> <span class='ocrx_word' id='word_1_433' title='bbox 2778 4041 2862 4088; x_wconf 89' lang='lat' dir='ltr'><strong>est</strong></span> <span class='ocrx_word' id='word_1_434' title='bbox 2960 4031 3375 4088; x_wconf 86' lang='lat' dir='ltr'><strong>misericordis:</strong></span> <span class='ocrx_word' id='word_1_435' title='bbox 3429 4031 3559 4100; x_wconf 92' lang='lat' dir='ltr'><strong>quin</strong></span> <span class='ocrx_word' id='word_1_436' title='bbox 3592 4040 3647 4085; x_wconf 90' lang='lat' dir='ltr'><strong>et</strong></span> 
     </span>
    </p>
   </div>
   <div class='ocr_carea' id='block_1_55' title="bbox 356 4123 3645 4212">
    <p class='ocr_par' dir='ltr' id='par_1_55' title="bbox 356 4123 3645 4212">
     <span class='ocr_line' id='line_1_55' title="bbox 356 4123 3645 4212; baseline -0.006 -14"><span class='ocrx_word' id='word_1_437' title='bbox 356 4142 417 4198; x_wconf 91' lang='lat' dir='ltr'><strong>S.</strong></span> <span class='ocrx_word' id='word_1_438' title='bbox 448 4142 722 4199; x_wconf 88' lang='lat' dir='ltr'><strong>Simeonis</strong></span> <span class='ocrx_word' id='word_1_439' title='bbox 755 4140 1031 4212; x_wconf 88' lang='lat' dir='ltr'><strong>Simplicis</strong></span> <span class='ocrx_word' id='word_1_440' title='bbox 1055 4180 1071 4208; x_wconf 91' lang='lat'><strong>,</strong></span> <span class='ocrx_word' id='word_1_441' title='bbox 1108 4148 1164 4194; x_wconf 90' lang='lat' dir='ltr'><strong>et</strong></span> <span class='ocrx_word' id='word_1_442' title='bbox 1194 4139 1299 4192; x_wconf 88' lang='lat' dir='ltr'><strong>alia</strong></span> <span class='ocrx_word' id='word_1_443' title='bbox 1328 4138 1575 4208; x_wconf 83' lang='lat' dir='ltr'><strong>quaedam</strong></span> <span class='ocrx_word' id='word_1_444' title='bbox 1596 4177 1611 4203; x_wconf 91' lang='lat'><strong>,</strong></span> <span class='ocrx_word' id='word_1_445' title='bbox 1645 4142 1809 4205; x_wconf 86' lang='lat' dir='ltr'><strong>atque</strong></span> <span class='ocrx_word' id='word_1_446' title='bbox 1845 4134 1900 4188; x_wconf 88' lang='lat' dir='ltr'><strong>in</strong></span> <span class='ocrx_word' id='word_1_447' title='bbox 1936 4131 2195 4189; x_wconf 90' lang='lat' dir='ltr'><strong>omnibus</strong></span> <span class='ocrx_word' id='word_1_448' title='bbox 2235 4129 2581 4187; x_wconf 88' lang='lat' dir='ltr'><strong>sermonibus</strong></span> <span class='ocrx_word' id='word_1_449' title='bbox 2615 4129 2730 4182; x_wconf 89' lang='lat' dir='ltr'><strong>suis</strong></span> <span class='ocrx_word' id='word_1_450' title='bbox 2763 4127 3103 4182; x_wconf 79' lang='lat' dir='ltr'><strong>orthodoxus</strong></span> <span class='ocrx_word' id='word_1_451' title='bbox 3132 4128 3400 4180; x_wconf 86' lang='lat' dir='ltr'><strong>cernitur.</strong></span> <span class='ocrx_word' id='word_1_452' title='bbox 3434 4123 3645 4179; x_wconf 87' lang='lat' dir='ltr'><strong>Floruit</strong></span> 
     </span>
    </p>
   </div>
   <div class='ocr_carea' id='block_1_56' title="bbox 351 4232 1652 4307">
    <p class='ocr_par' dir='ltr' id='par_1_56' title="bbox 351 4232 1652 4307">
     <span class='ocr_line' id='line_1_56' title="bbox 351 4232 1652 4307; baseline -0.009 -12"><span class='ocrx_word' id='word_1_453' title='bbox 351 4249 536 4295; x_wconf 86' lang='lat' dir='ltr'><strong>autem</strong></span> <span class='ocrx_word' id='word_1_454' title='bbox 568 4236 904 4307; x_wconf 85' lang='lat' dir='ltr'><strong>temporibus</strong></span> <span class='ocrx_word' id='word_1_455' title='bbox 939 4233 1189 4290; x_wconf 84' lang='lat' dir='ltr'><strong>Mauricii</strong></span> <span class='ocrx_word' id='word_1_456' title='bbox 1223 4232 1591 4302; x_wconf 68' lang='lat' dir='ltr'><strong>imperato-is.</strong></span> <span class='ocrx_word' id='word_1_457' title='bbox 1633 4249 1652 4283; x_wconf 73' lang='grc' dir='ltr'>ι</span> 
     </span>
    </p>
   </div>
   <div class='ocr_carea' id='block_1_57' title="bbox 420 4315 3645 4399">
    <p class='ocr_par' dir='ltr' id='par_1_57' title="bbox 420 4315 3645 4399">
     <span class='ocr_line' id='line_1_57' title="bbox 420 4315 3645 4399; baseline -0.006 -15"><span class='ocrx_word' id='word_1_458' title='bbox 420 4331 539 4384; x_wconf 86' lang='lat' dir='ltr'><strong>Alia</strong></span> <span class='ocrx_word' id='word_1_459' title='bbox 571 4339 747 4385; x_wconf 81' lang='lat' dir='ltr'><strong>exstat</strong></span> <span class='ocrx_word' id='word_1_460' title='bbox 774 4330 1020 4399; x_wconf 86' lang='lat' dir='ltr'><strong>ejusdem</strong></span> <span class='ocrx_word' id='word_1_461' title='bbox 1061 4326 1121 4382; x_wconf 92' lang='lat' dir='ltr'><strong>S.</strong></span> <span class='ocrx_word' id='word_1_462' title='bbox 1153 4325 1376 4382; x_wconf 87' lang='lat' dir='ltr'><strong>Joannis</strong></span> <span class='ocrx_word' id='word_1_463' title='bbox 1411 4322 1557 4389; x_wconf 85' lang='lat' dir='ltr'><strong>Vita,</strong></span> <span class='ocrx_word' id='word_1_464' title='bbox 1583 4324 1698 4379; x_wconf 77' lang='lat' dir='ltr'><strong>sive</strong></span> <span class='ocrx_word' id='word_1_465' title='bbox 1725 4339 1752 4375; x_wconf 89' lang='lat' dir='ltr'><strong>a</strong></span> <span class='ocrx_word' id='word_1_466' title='bbox 1787 4321 2041 4378; x_wconf 87' lang='lat' dir='ltr'><strong>Simeone</strong></span> <span class='ocrx_word' id='word_1_467' title='bbox 2080 4320 2470 4390; x_wconf 86' lang='lat' dir='ltr'><strong>Metapbraste,</strong></span> <span class='ocrx_word' id='word_1_468' title='bbox 2507 4333 2605 4374; x_wconf 88' lang='lat' dir='ltr'><strong>seu</strong></span> <span class='ocrx_word' id='word_1_469' title='bbox 2643 4334 2751 4388; x_wconf 85' lang='lat' dir='ltr'><strong>quo</strong></span> <span class='ocrx_word' id='word_1_470' title='bbox 2781 4318 2888 4372; x_wconf 90' lang='lat' dir='ltr'><strong>alio</strong></span> <span class='ocrx_word' id='word_1_471' title='bbox 2924 4317 3233 4386; x_wconf 86' lang='lat' dir='ltr'><strong>antiquiore</strong></span> <span class='ocrx_word' id='word_1_472' title='bbox 3264 4315 3475 4377; x_wconf 84' lang='lat' dir='ltr'><strong>Graeco,</strong></span> <span class='ocrx_word' id='word_1_473' title='bbox 3511 4326 3645 4365; x_wconf 86' lang='lat' dir='ltr'><strong>con-</strong></span> 
     </span>
    </p>
   </div>
   <div class='ocr_carea' id='block_1_58' title="bbox 351 4405 3642 4496">
    <p class='ocr_par' dir='ltr' id='par_1_58' title="bbox 351 4405 3642 4496">
     <span class='ocr_line' id='line_1_58' title="bbox 351 4405 3642 4496; baseline -0.006 -15"><span class='ocrx_word' id='word_1_474' title='bbox 351 4426 589 4496; x_wconf 80' lang='lat' dir='ltr'><strong>scripta,</strong></span> <span class='ocrx_word' id='word_1_475' title='bbox 625 4424 817 4480; x_wconf 84' lang='lat' dir='ltr'><strong>Latine</strong></span> <span class='ocrx_word' id='word_1_476' title='bbox 851 4424 1060 4483; x_wconf 81' lang='lat' dir='ltr'><strong>reddita</strong></span> <span class='ocrx_word' id='word_1_477' title='bbox 1087 4437 1120 4478; x_wconf 88' lang='lat' dir='ltr'><strong>a</strong></span> <span class='ocrx_word' id='word_1_478' title='bbox 1160 4421 1430 4479; x_wconf 88' lang='lat' dir='ltr'><strong>Gentiano</strong></span> <span class='ocrx_word' id='word_1_479' title='bbox 1470 4420 1734 4486; x_wconf 83' lang='lat' dir='ltr'><strong>Herveto,</strong></span> <span class='ocrx_word' id='word_1_480' title='bbox 1776 4430 1832 4475; x_wconf 91' lang='lat' dir='ltr'><strong>et</strong></span> <span class='ocrx_word' id='word_1_481' title='bbox 1869 4422 1938 4475; x_wconf 89' lang='lat' dir='ltr'><strong>ab</strong></span> <span class='ocrx_word' id='word_1_482' title='bbox 1967 4420 2185 4492; x_wconf 84' lang='lat' dir='ltr'><strong>Aloysio</strong></span> <span class='ocrx_word' id='word_1_483' title='bbox 2213 4416 2512 4488; x_wconf 89' lang='lat' dir='ltr'><strong>Lipomano</strong></span> <span class='ocrx_word' id='word_1_484' title='bbox 2551 4414 2692 4470; x_wconf 78' lang='lat' dir='ltr'><strong>edita</strong></span> <span class='ocrx_word' id='word_1_485' title='bbox 2788 4421 2933 4470; x_wconf 79' lang='lat' dir='ltr'><strong>torno</strong></span> <span class='ocrx_word' id='word_1_486' title='bbox 2964 4413 3040 4482; x_wconf 93' lang='lat' dir='ltr'><strong>V,</strong></span> <span class='ocrx_word' id='word_1_487' title='bbox 3071 4415 3137 4469; x_wconf 89' lang='lat' dir='ltr'><strong>de</strong></span> <span class='ocrx_word' id='word_1_488' title='bbox 3178 4409 3312 4465; x_wconf 88' lang='lat' dir='ltr'><strong>Vitis</strong></span> <span class='ocrx_word' id='word_1_489' title='bbox 3339 4417 3513 4465; x_wconf 91' lang='lat' dir='ltr'><strong>sanct.</strong></span> <span class='ocrx_word' id='word_1_490' title='bbox 3552 4405 3642 4466; x_wconf 75' lang='grc'><strong>12.</strong></span> 
     </span>
    </p>
   </div>
   <div class='ocr_carea' id='block_1_59' title="bbox 351 4505 3644 4591">
    <p class='ocr_par' dir='ltr' id='par_1_59' title="bbox 351 4505 3644 4591">
     <span class='ocr_line' id='line_1_59' title="bbox 351 4505 3644 4591; baseline -0.005 -15"><span class='ocrx_word' id='word_1_491' title='bbox 351 4520 712 4577; x_wconf 84' lang='lat' dir='ltr'><strong>Novembris:</strong></span> <span class='ocrx_word' id='word_1_492' title='bbox 761 4534 923 4591; x_wconf 91' lang='lat' dir='ltr'><strong>quam</strong></span> <span class='ocrx_word' id='word_1_493' title='bbox 971 4518 1154 4575; x_wconf 90' lang='lat' dir='ltr'><strong>tom.l</strong></span> <span class='ocrx_word' id='word_1_494' title='bbox 1226 4516 1474 4574; x_wconf 89' lang='lat' dir='ltr'><strong>Vitarum</strong></span> <span class='ocrx_word' id='word_1_495' title='bbox 1525 4519 1628 4574; x_wconf 89' lang='lat' dir='ltr'><strong>hoc</strong></span> <span class='ocrx_word' id='word_1_496' title='bbox 1661 4515 1829 4572; x_wconf 83' lang='lat' dir='ltr'><strong>XXIII</strong></span> <span class='ocrx_word' id='word_1_497' title='bbox 1878 4515 2130 4573; x_wconf 88' lang='lat' dir='ltr'><strong>Januarii</strong></span> <span class='ocrx_word' id='word_1_498' title='bbox 2164 4514 2397 4569; x_wconf 88' lang='lat' dir='ltr'><strong>inseruit</strong></span> <span class='ocrx_word' id='word_1_499' title='bbox 2432 4512 2757 4568; x_wconf 85' lang='lat' dir='ltr'><strong>Laurentius</strong></span> <span class='ocrx_word' id='word_1_500' title='bbox 2804 4513 3044 4566; x_wconf 85' lang='lat' dir='ltr'><strong>Surius:</strong></span> <span class='ocrx_word' id='word_1_501' title='bbox 3091 4519 3147 4565; x_wconf 93' lang='lat' dir='ltr'><strong>et</strong></span> <span class='ocrx_word' id='word_1_502' title='bbox 3176 4524 3277 4564; x_wconf 88' lang='lat' dir='ltr'><strong>nos</strong></span> <span class='ocrx_word' id='word_1_503' title='bbox 3318 4507 3405 4563; x_wconf 87' lang='lat' dir='ltr'><strong>hic</strong></span> <span class='ocrx_word' id='word_1_504' title='bbox 3450 4505 3644 4560; x_wconf 90' lang='lat' dir='ltr'><strong>damus</strong></span> 
     </span>
    </p>
   </div>
   <div class='ocr_carea' id='block_1_60' title="bbox 352 4597 3637 4686">
    <p class='ocr_par' dir='ltr' id='par_1_60' title="bbox 352 4597 3637 4686">
     <span class='ocr_line' id='line_1_60' title="bbox 352 4597 3637 4686; baseline -0.006 -13"><span class='ocrx_word' id='word_1_505' title='bbox 352 4631 477 4673; x_wconf 87' lang='lat' dir='ltr'><strong>cum</strong></span> <span class='ocrx_word' id='word_1_506' title='bbox 509 4617 720 4672; x_wconf 89' lang='lat' dir='ltr'><strong>duobus</strong></span> <span class='ocrx_word' id='word_1_507' title='bbox 744 4615 1025 4686; x_wconf 68' lang='lat' dir='ltr'><strong>praeclaris</strong></span> <span class='ocrx_word' id='word_1_508' title='bbox 1048 4613 1254 4670; x_wconf 73' lang='lat' dir='ltr'><strong>Graacis</strong></span> <span class='ocrx_word' id='word_1_509' title='bbox 1283 4613 1679 4684; x_wconf 89' lang='lat' dir='ltr'><strong>antiquissimis</strong></span> <span class='ocrx_word' id='word_1_510' title='bbox 1715 4628 1845 4667; x_wconf 86' lang='lat' dir='ltr'><strong>mss.</strong></span> <span class='ocrx_word' id='word_1_511' title='bbox 1888 4612 2171 4667; x_wconf 83' lang='lat' dir='ltr'><strong>codicibus</strong></span> <span class='ocrx_word' id='word_1_512' title='bbox 2194 4609 2472 4674; x_wconf 87' lang='lat' dir='ltr'><strong>collatam,</strong></span> <span class='ocrx_word' id='word_1_513' title='bbox 2504 4625 2569 4665; x_wconf 90' lang='lat' dir='ltr'><strong>ac</strong></span> <span class='ocrx_word' id='word_1_514' title='bbox 2596 4608 2696 4664; x_wconf 89' lang='lat' dir='ltr'><strong>sub</strong></span> <span class='ocrx_word' id='word_1_515' title='bbox 2730 4607 2949 4662; x_wconf 89' lang='lat' dir='ltr'><strong>nomine</strong></span> <span class='ocrx_word' id='word_1_516' title='bbox 2982 4602 3200 4673; x_wconf 88' lang='lat' dir='ltr'><strong>quidem</strong></span> <span class='ocrx_word' id='word_1_517' title='bbox 3230 4597 3637 4671; x_wconf 71' lang='lat' dir='ltr'><strong>Metaphrastte,</strong></span> 
     </span>
    </p>
   </div>
   <div class='ocr_carea' id='block_1_61' title="bbox 352 4698 3040 4779">
    <p class='ocr_par' dir='ltr' id='par_1_61' title="bbox 352 4698 3040 4779">
     <span class='ocr_line' id='line_1_61' title="bbox 352 4698 3040 4779; baseline -0.005 -16"><span class='ocrx_word' id='word_1_518' title='bbox 352 4705 482 4765; x_wconf 81' lang='lat' dir='ltr'><strong>licet</strong></span> <span class='ocrx_word' id='word_1_519' title='bbox 512 4708 565 4764; x_wconf 91' lang='lat' dir='ltr'><strong>hi</strong></span> <span class='ocrx_word' id='word_1_520' title='bbox 599 4707 816 4765; x_wconf 86' lang='lat' dir='ltr'><strong>codices</strong></span> <span class='ocrx_word' id='word_1_521' title='bbox 845 4707 1110 4779; x_wconf 87' lang='lat' dir='ltr'><strong>plurimas</strong></span> <span class='ocrx_word' id='word_1_522' title='bbox 1140 4703 1317 4773; x_wconf 80' lang='lat' dir='ltr'><strong>Vitas,</strong></span> <span class='ocrx_word' id='word_1_523' title='bbox 1349 4702 1419 4759; x_wconf 88' lang='lat' dir='ltr'><strong>ab</strong></span> <span class='ocrx_word' id='word_1_524' title='bbox 1443 4703 1511 4760; x_wconf 90' lang='lat' dir='ltr'><strong>iis</strong></span> <span class='ocrx_word' id='word_1_525' title='bbox 1540 4716 1675 4774; x_wconf 86' lang='lat' dir='ltr'><strong>quas</strong></span> <span class='ocrx_word' id='word_1_526' title='bbox 1706 4701 2107 4773; x_wconf 82' lang='lat' dir='ltr'><strong>Metapbrastes</strong></span> <span class='ocrx_word' id='word_1_527' title='bbox 2138 4702 2364 4773; x_wconf 89' lang='lat' dir='ltr'><strong>scripsit</strong></span> <span class='ocrx_word' id='word_1_528' title='bbox 2395 4701 2665 4770; x_wconf 86' lang='lat' dir='ltr'><strong>diversas,</strong></span> <span class='ocrx_word' id='word_1_529' title='bbox 2698 4698 3040 4755; x_wconf 88' lang='lat' dir='ltr'><strong>contineant.</strong></span> 
     </span>
    </p>
   </div>
  </div>
