4116 6414
471 332 579 396 895

1697 335 1983 396 MENSIS
2021 338 2460 405 JANUARIUS

477 551 3720 582 ww

1313 738 1675 855 ΒΙΟΣ
1748 738 2025 850 ΚΑΙ
2101 734 2862 861 ΙΙΟΛΙΤΕΙΑ

1653 950 1793 1007 ΤΟΥ
1830 952 2037 1006 ΟΣΙΟΥ
2073 952 2348 1009 ΠΑΤΡΟΣ
2381 946 2581 1008 ΗΜΩΝ

884 1122 1382 1213 ιΩΑΝΝΟΥ
1454 1122 2390 1212 ΑΡΧΙΕΠΙΣΚΟΠΟΥ
2466 1114 3329 1220 ΛΛΕΞΑΝΔΡΕΙΑΣ.

1234 1492 1601 1611 VITA
1679 1492 1865 1609 ET
1955 1492 2979 1609 CONVEBSATIO

1776 1714 1833 1771 S.
1872 1713 2124 1773 PATRIS
2164 1710 2420 1772 NOSTRI

875 1889 1396 1983 JOANNIS
1468 1887 2290 1978 ALEXANDBIIE
2378 1889 3306 1985 ARCHIEPISCOPI
3416 2022 3419 2027 ς

1457 2080 1942 2145 COGNOMINE
1983 2078 2393 2142 ELEEMOS
2406 2080 2562 2145 YNA
2579 2081 2725 2147 RII.

471 2253 688 2317 (Tutus
714 2254 911 2305 Graecus
935 2261 1064 2301 nunc
1087 2249 1299 2312 primum
1325 2244 1488 2309 prodit
1508 2258 1570 2295 ex
1592 2244 1764 2294 codice
1798 2240 1962 2307 Regio
1986 2254 2035 2290 ιι.
2064 2240 2183 2291 1307
2212 2248 2400 2301 notato,
2429 2243 2596 2292 seculi
2622 2256 2667 2291 ιι
2692 2257 2705 2303 ;
2736 2243 2908 2293 Latine
2938 2245 3066 2306 apud
3121 2244 3347 2297 Bolland.
3374 2246 3513 2297 Eutr.
3555 2246 3733 2312 Pun.)

1843 2545 2074 2606 CAPUT
2116 2498 2404 2604 PRIMUM.

1432 2672 1616 2737 Ortus,
1650 2670 1975 2743 confugium,
2018 2666 2442 2729 Patriarchalns,
2489 2668 2847 2727 Eleemosuna.

822 2793 1072 2856 Benedic,
1105 2789 1350 2846 Domine.

537 2906 576 2961 1.
602 2907 869 2976 Bonorum
900 2907 1139 2961 virorum
1166 2906 1383 2975 scriptis
1421 2904 1678 2958 mandare
1703 2902 1968 2964 actiones,
1992 2908 2046 2953 et

472 2996 794 3053 memoriam
834 3010 1027 3051 eorum
1058 2994 1273 3050 tradere
1304 2993 1577 3064 posteris,
1614 2991 1869 3047 conciliat
1926 2992 2044 3043 ma-

464 3101 628 3157 gnam
652 3086 774 3141 vitae
799 3085 1114 3139 utilitatem.
1142 3083 1441 3150 Quemdam
1471 3082 1613 3137 enim
1639 3082 1737 3136 zeli
1763 3079 2042 3136 stimulum

465 3179 715 3235 immittit
742 3177 939 3233 animis
980 3178 1217 3246 piorum,
1263 3190 1455 3232 eorum
1501 3189 1623 3246 quae
1660 3174 1729 3229 ab
1773 3175 1854 3228 eis
1898 3183 2045 3229 recte

464 3278 615 3341 gesta
645 3277 796 3335 sunt,
823 3266 1089 3333 narratio,
1115 3276 1170 3322 et
1195 3268 1264 3322 ad
1288 3266 1485 3322 similia
1513 3266 1758 3322 facienda
1790 3265 2046 3321 adhorta-

463 3370 574 3417 tur.
603 3362 840 3427 Quarum
876 3372 985 3415 una
1018 3368 1102 3414 est
1129 3373 1193 3413 ea
1225 3373 1442 3429 quoque
1469 3359 1593 3423 vita,
1624 3373 1744 3428 quae
1774 3373 1917 3413 nunc
1949 3372 2046 3412 no-

466 3453 549 3510 bis
566 3463 651 3509 est
675 3453 948 3523 proposita
972 3449 1040 3506 ad
1064 3450 1418 3515 narrandum,
1444 3450 1592 3513 horti,
1616 3454 1855 3521 inquam,
1873 3448 2041 3506 Joan-

464 3549 586 3612 nis,
622 3546 780 3615 cujus
809 3546 1010 3601 actioni
1051 3558 1245 3599 nomen
1285 3552 1370 3600 est
1407 3544 1738 3600 conveniens
1770 3562 1785 3599 :
1823 3552 2046 3598 vocatur

464 3642 609 3699 enim
650 3642 928 3706 Eleemon,
972 3639 1025 3696 id
1063 3649 1147 3696 est
1180 3638 1503 3704 Misericors,
1534 3646 1755 3709 pr0ptcr
1793 3653 2043 3708 magnam

463 3749 618 3791 suam
649 3734 716 3788 ad
752 3734 854 3789 hoc
886 3734 1306 3804 propensionem
1337 3741 1392 3787 et
1420 3746 1689 3787 summam
1720 3730 2042 3787 bonitatem.

532 3903 604 3964 il.
623 3905 792 3973 Quem
821 3905 942 3960 tulit
966 3904 1185 3974 quidem
1216 3900 1389 3967 insula
1423 3904 1653 3976 Cyprus,
1678 3915 1730 3962 et
1754 3906 1888 3960 aluit
1923 3917 2041 3959 tan-

464 4011 627 4067 quam
675 3995 915 4066 plantam
952 3995 1192 4066 aliquam
1228 3996 1510 4051 ﬂorentem
1543 4004 1597 4051 et
1631 4009 1898 4052 comatam
1935 4002 2041 4053 vir-

2080 2786 2130 2843 Δ

2442 2789 2635 2861 Κύριε,
2667 2793 2996 2861 εὖλὸγησονί

2215 2899 2295 2955 Δ’.
2321 2901 2432 2965 τὰς
2460 2902 2571 2957 τῶν
2606 2902 2830 2972 ἀγαθῶν
2857 2903 3072 2975 ἀνδρῶν
3106 2904 3495 2977 ἀναγρᾶπτους
3522 2905 3731 2960 τιθέναι

2147 2991 2399 3062 πράξεις,
2440 2993 2534 3045 καὶ
2581 2992 2680 3063 τὴν
2727 2992 2933 3053 τούτων
2972 2994 3197 3065 μνήμην
3247 2993 3325 3065 τῷ
3362 2997 3507 3066 μετὰ
3562 2995 3734 3048 ταῦτα

2146 3084 2323 3153 χρόνῳ
2356 3083 2705 3154 παραδιδόναι
2731 3085 2965 3155 πρᾶγμα
2996 3084 3197 3155 πολλῆς
3233 3086 3501 3158 ὠφελείας
3524 3087 3601 3157 τῷ
3632 3086 3733 3157 βίῳ

2147 3174 2453 3246 καθέστηκε
2511 3174 2787 3246 πρὸξενον.
2847 3175 3019 3247 Ζήλου
3063 3176 3171 3248 γάρ
3198 3195 3253 3231 τι
3299 3178 3524 3250 κέντρον
3556 3180 3733 3248 ἐνίησι

2146 3269 2266 3331 ταῖς
2294 3265 2402 3320 τῶν
2432 3266 2695 3336 φιλοθέων
2724 3266 2927 3338 ψυχαῖς
2981 3269 3014 3338 ή
3059 3269 3168 3321 τῶν
3220 3269 3402 3333 αὐτοῖς
3451 3271 3733 3341 κατορθω-

2147 3358 2349 3413 θέντων
2380 3359 2655 3429 διήγησις,
2694 3360 2789 3411 καὶ
2813 3360 2951 3429 πρὸς
2980 3359 3078 3431 τὴν
3106 3360 3214 3413 τῶν
3240 3359 3443 3432 ὁμοίων
3468 3362 3731 3431 ἐργασίαν

2148 3450 2477 3523 παρακαλετ.
2514 3443 2612 3502 Ὧν
2635 3443 2716 3513 εἷς
2748 3453 2865 3503 ἐστι
2897 3450 2994 3504 καὶ
3031 3453 3060 3505 ὁ
3084 3450 3181 3506 νῦν
3204 3453 3336 3523 ἡμῖν
3371 3453 3450 3517 είς
3478 3452 3733 3525 διήγησιν

2146 3544 2507 3614 προκείμενος
2538 3542 2670 3612 βίος,
2710 3543 2978 3611 Ἰωάννου,
3004 3542 3280 3615 φημὶ,τοῦ
3301 3544 3559 3616 χρηστοῦ,
3591 3539 3636 3613 ᾧ
3663 3547 3729 3615 τῇ

2146 3635 2345 3708 πράξει
2370 3635 2704 3707 κατάλληλος
2727 3638 2761 3708 ἡ
2787 3637 3095 3708 ἐπωνυμία.
3115 3637 3396 3709 Ἐλεήμων
3419 3640 3528 3710 γὰρ
3561 3656 3733 3710 προσ-

2143 3728 2442 3799 ηγόρευται
2472 3726 2561 3782 διὰ
2590 3727 2688 3799 τὴν
2725 3728 2925 3799 πολλὴν
2954 3727 3091 3799 πρὸς
3138 3728 3298 3782 τοῦτο
3335 3729 3508 3800 ῥοπὴν
3540 3731 3636 3783 καὶ
3672 3731 3733 3784 τὸ

2145 3820 2338 3893 περιὸν
2360 3824 2461 3891 τῆς
2488 3821 2877 3894 χρηστότητος.

2216 3910 2292 3966 B'.
2334 3912 2430 3965 Ὃν
2486 3912 2687 3982 ἤνεγκε
2736 3911 2836 3982 μὲν
2884 3910 3109 3982 Κύπρος
3160 3912 3194 3981 ἡ
3259 3912 3455 3984 νῆσος·
3487 3914 3580 3966 καὶ
3615 3913 3734 3967 ὄστι

2146 4002 2307 4076 [fork
2332 4001 2408 4065 ὥς
2458 4000 2536 4074 τι]
2584 4004 2751 4072 φυτὸν
2783 4002 3009 4065 εὐθαλὲς
3043 4005 3136 4056 καὶ
3172 4003 3395 4075 ἀρεταῖς
3424 4003 3735 4074 κατάκομον

468 4087 717 4142 tutihus:
761 4088 905 4142 clara
953 4096 1133 4143 autem
1180 4088 1505 4144 Alexandria
1552 4103 1676 4143 eum
1720 4090 1910 4143 sortita
1961 4101 2083 4186 estl

2147 4096 2561 4167 ἀνεθρέψατο.ἠ
2618 4094 2925 4166 περιφανὴς
2972 4094 3029 4148 δὲ
3063 4094 3441 4165 Ἀλεξάνδρεια
3472 4096 3737 4166 ἀρχιερέα

469 4177 774 4249 pontiﬁcem
805 4186 862 4233 et
903 4186 1185 4250 patronum
1215 4179 1475 4235 civitatis.
1515 4178 1576 4233 Ei
1624 4190 1777 4248 pater
1820 4179 2038 4251 quidem

465 4280 590 4327 erat
620 4272 868 4338 illustris,
902 4272 1123 4327 nomine
1165 4271 1520 4342 Epiphanius.
1549 4272 1649 4328 Cui
1673 4273 1834 4328 etiam
1871 4272 2044 4328 virtu-

464 4364 535 4418 tis
566 4363 879 4433 praestantia
911 4362 1109 4427 el'l'ecit,
1146 4376 1206 4417 ut
1234 4365 1283 4418 ei
1315 4365 1748 4420 committeretur
1780 4364 1926 4419 illius
1957 4365 2041 4419 in-

463 4453 596 4511 sula:
632 4455 821 4511 rectio.
854 4454 1025 4510 Mater
1053 4467 1234 4510 autem
1266 4455 1527 4521 honesta,
1556 4466 1611 4510 et
1644 4471 1764 4527 quae
1805 4457 1895 4511 tali
1930 4472 2046 4510 ma-

465 4546 571 4601 rito
610 4546 967 4602 conveniebat
992 4586 1008 4610 ,
1051 4558 1108 4601 nt
1140 4562 1259 4615 quze
1301 4547 1672 4615 resplenderet
1713 4548 1958 4616 corporis
1993 4557 2048 4602 et

460 4636 665 4693 animo:
686 4637 1113 4708 pulchritudine.
1152 4637 1349 4694 Joanni
1391 4655 1516 4694 cum
1565 4638 1702 4694 tales
1726 4638 2049 4709 obtigissent

459 4738 743 4797 parentes,
772 4745 879 4785 non
907 4728 1088 4785 all‘ecit
1112 4746 1283 4801 genus
1304 4747 1460 4785 suum
1487 4732 1752 4785 dedecore
1776 4747 1790 4784 :
1817 4732 1912 4786 sed
1935 4741 2049 4785 slu-

459 4819 578 4874 duit
613 4820 791 4890 potius
821 4821 873 4874 id
900 4836 1120 4885 ornare,
1145 4822 1281 4875 adeo
1308 4833 1362 4873 ut
1392 4824 1555 4889 arbor
1582 4838 1647 4876 ex
1685 4821 1860 4877 fructu
1893 4824 2049 4877 lleret

461 4913 777 4978 rnanil'esta,
805 4921 863 4970 et
896 4930 1001 4969 non
1038 4914 1155 4983 ipse
1179 4930 1247 4969 ex
1278 4914 1383 4969 illis
1411 4923 1793 4969 ornamentum
1826 4915 2044 4984 accipe-

466 5014 569 5069 ret,
605 5006 700 5061 sed
725 5005 799 5060 illi
833 5007 1012 5073 potius
1047 5005 1414 5075 gloriarentur
1442 5004 1575 5071 lilio,
1606 5021 1727 5059 cum
1755 5021 2049 5075 cognosce-

469 5108 665 5153 rentur
684 5113 805 5154 esse
835 5110 1019 5170 patres
1048 5099 1169 5153 talis
1192 5099 1308 5151 lilii.

546 5281 631 5334 Ill.
660 5280 804 5336 Cum
861 5292 1041 5335 autem
1093 5292 1239 5337 recte
1287 5282 1548 5337 educatus
1594 5283 1933 5353 pervenisset
1983 5287 2049 5340 ad

2146 4205 2207 4241 τε
2229 4188 2325 4242 καὶ
2361 4186 2645 4257 πολιοῦχον
2676 4187 2996 4256 εὐμοίρησε.
3037 4185 3225 4257 Τούτῳ
3258 4186 3440 4257 πατὴρ
3473 4186 3573 4257 μὲν
3625 4188 3737 4239 τῶν

2147 4279 2448 4348 ἐπιφανῶν,
2490 4277 2807 4346 Ἐπιςράνιος
2827 4275 3089 4346 τοῦνομα,
3114 4270 3157 4343 ᾧ
3187 4277 3282 4329 καὶ
3307 4279 3369 4329 τὸ
3391 4277 3498 4329 τῶν
3523 4276 3735 4329 πολλῶν

2147 4373 2404 4442 διαφέρον
2454 4369 2535 4432 είς
2590 4369 2795 4439 ἀρετὴν
2828 4360 3238 4437 ’ἐπιτραπῆναι
3286 4366 3386 4438 τῆς
3436 4367 3605 4437 νήσου
3635 4368 3733 4436 τὴν

2147 4464 2323 4534 ἀρχὴν
2376 4460 2791 4530 παρεσκεύασε·
2856 4459 3041 4529 μήτηρ
3099 4457 3158 4512 δὲ
3204 4458 3407 4528 κοσμία
3440 4457 3535 4510 καὶ
3580 4456 3737 4528 ἀνδρὶ

2146 4552 2374 4622 τοιούτῳ
2396 4552 2771 4622 προσήκουσα.
2809 4549 2946 4620 πρός
2966 4548 3047 4620 τῷ
3082 4547 3379 4619 σωματικῷ
3406 4548 3594 4602 κάλλει
3640 4549 3736 4602 καὶ

2148 4643 2227 4715 τῷ
2255 4643 2471 4714 ψυχικῷ
2503 4642 2911 4712 διαλάμπουσα,
2943 4640 3233 4703 Τοιούτους
3268 4641 3523 4709 Ἰωάννης
3554 4638 3733 4710 λαχὼν

2150 4737 2501 4806 γεννήτορας,
2549 4733 2651 4786 οὐκ
2677 4732 2879 4801 ᾔσχυνε
2915 4729 2972 4783 τὸ
3000 4730 3181 4798 γένος,
3209 4728 3325 4781 ἀλλ’
3360 4729 3734 4798 ἐπικοσμῆσαι

2154 4828 2354 4898 μᾶλλον
2373 4826 2461 4880 διὰ
2495 4824 2731 4892 σπουδῆς
2763 4822 2917 4875 ἔθετο
2936 4839 2951 4854 ο
2982 4821 3123 4875 ὥστε
3150 4821 3306 4891 δῆλον
3335 4820 3443 4874 ἀπὸ
3476 4819 3570 4872 τοῦ
3594 4836 3735 4889 καρ-

2151 4918 2256 4972 ποῦ
2295 4918 2541 4986 γίνεσθαι
2589 4916 2651 4967 τὸ
2696 4914 2935 4984 δένδρον,
2972 4912 3067 4966 καὶ
3087 4914 3187 4965 οἰικ
3211 4911 3371 4966 αὑτὸν
3399 4911 3610 4964 ἐκεῖθεν
3637 4913 3733 4978 ἐγ-

2152 5008 2624 5072 καλλωπίζεσθαι,
2671 5005 2784 5081 air
2817 5004 3063 5067 ἐκείνους
3110 5004 3219 5056 ἀπὸ
3265 5002 3362 5056 τοῦ
3417 5003 3606 5066 παιδὸς
3642 5019 3732 5054 σε-

2156 5100 2448 5172 μνύνεσθαι
2484 5097 2705 5169 μᾶλλον,
2734 5096 2982 5167 πατέρας
3009 5090 3151 5147 εἶναι
3175 5093 3267 5146 τοῦ
3293 5093 3538 5146 τοιούτου
3590 5109 3733 5161 γνω-

2155 5194 2494 5264 ριζομένους.

2224 5284 2298 5340 ιν.
2348 5284 2501 5337 Ἐπεὶ
2522 5283 2578 5336 δὲ
2605 5284 2682 5344 εἰς
2711 5282 2907 5350 μέτρον
2939 5278 3153 5347 ἡλικίας
3185 5277 3365 5341 καλῶς
3389 5278 3482 5329 καὶ
3503 5277 3735 5345 τραφεὶς

471 5389 779 5430 mensuram
827 5376 1024 5436 atatis,
1070 5374 1154 5429 vel
1195 5374 1399 5428 invitus
1440 5389 1471 5427 a
1522 5376 1839 5443 parentibus
1890 5379 2046 5432 uxori

2156 5378 2254 5432 καὶ
2286 5375 2600 5436 παιδευθεὶς
2632 5372 2900 5443 ἐληλύίὶει,
2917 5370 3140 5440 γυναικὶ
3166 5371 3303 5441 πρὸς
3332 5368 3513 5439 γάμου
3540 5385 3735 5421 κοινωιο

464 5466 708 5538 jungitur
741 5466 1132 5521 matrimonio:
1168 5482 1290 5519 cum
1330 5481 1437 5534 qua
1474 5465 1751 5532 habitare,
1789 5483 1944 5531 cum,
1986 5480 2045 5521 ut
2078 5479 2083 5513 ι

2156 5471 2274 5523 νίαν
2297 5468 2392 5520 καὶ
2422 5466 2575 5521 ἄκων
2597 5464 2747 5532 παρὰ
2776 5461 2884 5513 τῶν
2912 5459 3257 5529 γεννητόρων
3302 5457 3592 5527 ζεύγνυται
3613 5474 3626 5488 ⁸
3666 5468 3733 5527 ης

474 5559 793 5628 parentibus
820 5559 1087 5623 obediret,
1125 5558 1455 5624 admisisset,
1491 5571 1772 5614 aversatus
1806 5570 1888 5615 est
1918 5575 2049 5616 con-

2155 5565 2255 5631 τὴν
2286 5559 2599 5627 συνοίκησιν
2624 5554 2704 5625 τῷ
2726 5552 3010 5606 πείθεσθαι
3047 5554 3149 5603 κάν
3184 5549 3362 5621 τούτῳ
3381 5553 3494 5613 τοῖς
3514 5547 3735 5619 γονεῦσι

469 5649 832 5713 iunctionem,
853 5648 1267 5718 temperantiam
1286 5660 1339 5705 et
1362 5651 1749 5704 continentiam
1770 5651 2050 5719 amplexus

2155 5649 2596 5721 παραδεξάμενος
2618 5646 2715 5715 τὴν
2748 5642 3045 5711 συνάφειαν
3066 5641 3412 5710 ἀπεστράφη,
3434 5641 3494 5694 τὸ
3518 5641 3733 5710 σῶφρον

478 5738 641 5792 etiam
683 5740 737 5793 in
794 5741 1161 5796 matrimonio.
1218 5743 1324 5798 Sed
1381 5758 1570 5812 magna
1628 5747 1800 5799 soceri
1846 5746 2045 5811 impor-

2160 5744 2261 5798 κάν
2294 5741 2367 5813 τῷ
2397 5740 2559 5810 γάμῳ
2611 5737 2703 5790 καὶ
2750 5734 3016 5804 ἐγκρατὲς
3075 5734 3483 5802 ἀσπασάμενος.
3532 5731 3670 5785 Ἀλλ’
3700 5730 3734 5800 ἡ
