4116 6402
359 360 470 429 897

1348 370 1527 430 VITA
1563 370 1618 430 S.
1665 368 1986 430 JOANNIS
2022 371 2665 437 ELEEMOSYNARII.

3524 379 3633 444 898

359 475 530 543 πολλὴ
572 473 667 526 τοῦ
727 475 988 543 κηδεστοῦ
1039 476 1286 542 ἐπίθεσις
1335 479 1621 550 ἠνάγκασε
1649 480 1740 535 τὸν
1768 482 1935 554 μέγαι

2051 485 2253 551 tunitas
2290 488 2470 558 coegit
2504 504 2758 559 magnum
2792 490 3055 545 Joannem
3085 490 3280 547 cedere
3316 502 3524 551 natum
3559 496 3635 551 le-

357 568 471 628 τοῖς
526 570 778 632 φυσικοῖς
833 565 1054 632 ὑπεῖξαι
1111 570 1354 641 θεσμοῖς,
1404 574 1465 638 ἐξ
1498 571 1559 629 οὗ
1598 576 1806 630 παίδων
1842 576 1944 647 μὲν

358 658 543 727 πατὴρ
582 655 966 710 ἀποδείκνυται
985 675 998 689 ⁸
1022 658 1221 714 θᾶττον
1254 663 1308 715 δὲ
1354 665 1415 716 τὸ
1447 665 1730 720 καλεῖσθαι
1759 670 1944 739 πατὴρ

357 751 692 819 ἀφαιρεῖται.
741 749 972 804 Θανάτου
1019 756 1160 825 τομῇ
1217 754 1327 807 τῶν
1364 756 1572 809 παίδων
1638 759 1790 828 αὐτῷ
1839 762 1944 832 πρὸ

356 842 506 913 ὥρας
536 842 903 897 ὲκκοπέντων.
938 843 1092 897 Ἐπεὶ
1127 845 1186 899 δὲ
1220 849 1333 910 τοῖς
1365 848 1577 921 κλάδοις
1605 851 1699 904 καὶ
1719 853 1819 921 τὴν
1859 855 1943 921 ρε-

355 933 457 998 ζαν
484 935 512 987 ὁ
541 933 717 997 κοινὸς
745 933 839 987 τοῦ
862 934 1056 1003 γένους
1077 935 1311 1007 φθορεὺς
1343 920 1593 1006 συνεξέτε
1605 959 1692 1010 με,
1728 920 1823 996 καὶ
1842 920 1943 1011 ’τὴν

354 1026 611 1080 κοινωνὸν
670 1026 818 1096 αὐτῷ
865 1026 961 1080 τοῦ
1013 1027 1131 1098 βίον
1166 1030 1439 1099 ἀφείλετο,
1475 1034 1793 1103 εὐχαριστεῖ
1844 1037 1943 1106 μὲν

353 1118 446 1174 ἐπὶ
496 1121 662 1172 πᾶσιν
718 1118 1084 1189 ἠεύγνώμων
1111 1120 1259 1192 ψυχὴ
1289 1120 1366 1192 τῷ
1407 1124 1502 1176 καὶ
1543 1124 1799 1180 δεδωκότι
1846 1128 1943 1181 καὶ

352 1211 678 1281 ἀφελομένῳ
691 1209 834 1281 Θεῷ,
859 1209 991 1281 ὕλην
1011 1212 1068 1264 δὲ
1091 1212 1292 1284 ἀρετῆς
1321 1214 1383 1267 τὸ
1418 1217 1656 1285 πρᾶγμα
1683 1221 1938 1285 ποιεῖται,

355 1299 453 1355 καὶ
488 1301 588 1370 τὴν
612 1300 842 1355 ἐκείνων
866 1302 1126 1374 στέρησιν
1164 1303 1466 1374 φροντίδων
1500 1307 1762 1361 ἀπόθεσιν
1793 1309 1942 1377 λογι-

357 1394 589 1464 σάμενος
637 1397 1065 1464 ἀπερισπάστως
1125 1398 1461 1468 προσήδρευε
1513 1399 1589 1469 τῷ
1644 1400 1785 1472 Θεῷ,
1846 1404 1942 1454 καὶ

356 1486 491 1557 πρὸς
527 1489 591 1556 τῇ
625 1486 718 1538 τοῦ
749 1486 987 1556 Χριστοῦ
1021 1487 1162 1559 Θύρξι
1213 1489 1303 1542 διὰ
1353 1492 1555 1554 παντὸς
1585 1493 1841 1563 κρούοντι
1875 1495 1942 1548 τὰ

361 1573 647 1644 σπλάγχνα·
671 1573 771 1643 τῆς
804 1573 957 1637 θείας
1007 1574 1376 1646 χρηστότητος
1429 1575 1580 1648 αὐτῷ
1629 1577 1932 1646 διανοίγον·

359 1683 465 1720 ται.
506 1665 725 1734 Ἀμέλει
762 1665 895 1735 γοῦν
919 1665 1014 1718 καὶ
1044 1666 1207 1730 αὐτὸς
1248 1668 1432 1721 ἐκεῖνα
1465 1670 1608 1722 κατὰ
1628 1669 1687 1722 τὸ
1717 1669 1943 1723 δυνατόν

354 1755 788 1829 ἐκμιμούμενος,
813 1756 1022 1827 ἀνοίγει
1051 1758 1147 1812 καὶ
1194 1759 1481 1831 σπλάγχνα
1507 1762 1603 1815 καὶ
1641 1761 1811 1830 θύρας
1835 1762 1937 1816 πά·

2048 571 2238 640 gibus,
2289 587 2355 627 ex
2400 589 2509 645 quo
2555 575 2794 631 eﬂicitur
2846 579 3062 647 quidem
3109 590 3263 649 pater
3310 581 3633 639 liberorum.

2048 660 2263 717 Patrem
2287 674 2468 720 autem
2508 668 2689 721 vocari
2722 669 2832 722 cito
2854 669 2901 723 ei
2938 680 3019 724 est
3046 672 3311 735 ablatum,
3342 673 3633 730 immatura

2049 766 2224 809 Ittmle
2255 756 2303 809 ei
2342 760 2627 827 prmreptis
2661 761 2807 814 ﬁliis.
2841 759 3135 830 Postquam
3172 777 3353 818 autem
3390 780 3512 820 cum
3547 782 3634 820 ra-

2051 846 2149 899 mis
2184 849 2419 903 radicem
2442 865 2658 920 quoque
2680 851 2842 907 simul
2873 855 3076 908 excidit
3110 856 3415 911 communis
3455 855 3629 911 hostis

2047 942 2294 1007 generis,
2333 950 2386 996 et
2418 942 2645 996 abstulit
2671 944 2720 995 ei
2759 943 2885 999 vita:
2914 945 3116 998 seciam
3140 985 3155 1010 ,
3199 958 3420 1015 propter
3449 950 3628 1004 ontnia

2045 1032 2258 1099 quidem
2306 1033 2418 1103 agit
2461 1035 2663 1101 gratias
2690 1043 2844 1106 grata
2897 1047 2951 1091 et
3006 1051 3217 1091 memor
3259 1038 3441 1092 anima
3490 1038 3627 1107 Deo,

2044 1125 2136 1192 qui
2182 1125 2405 1179 dederat
2444 1135 2501 1181 et
2541 1128 2878 1194 abstulerat;
2923 1144 3042 1183 eant
3085 1140 3262 1184 autem
3302 1145 3416 1186 rem
3463 1131 3631 1188 elﬁcit

2047 1218 2331 1271 materiam
2366 1218 2608 1285 virtutis,
2655 1230 2709 1275 et
2747 1235 2871 1275 cum
2907 1220 3118 1275 illorum
3150 1222 3508 1291 privationem
3544 1240 3627 1279 re-

2045 1317 2291 1375 putasset
2335 1324 2457 1366 esse
2487 1326 2742 1365 curarum
2780 1312 3200 1382 depositionem,
3236 1312 3343 1368 Deo
3369 1323 3632 1385 perpetuo

2046 1402 2118 1455 ita
2144 1401 2439 1470 assidebat,
2487 1415 2544 1460 nt
2580 1405 2758 1460 divelli
2803 1421 2912 1460 non
2954 1417 3161 1477 posset,
3213 1413 3267 1462 et
3308 1409 3375 1462 ad
3425 1408 3630 1464 Christi

2045 1504 2255 1564 portam
2289 1497 2505 1551 assidue
2540 1498 2808 1567 pulsanti,
2861 1500 2910 1554 ei
2959 1499 3281 1569 aperiuntur
3309 1501 3516 1554 viscera
3547 1502 3633 1554 di-

2046 1586 2183 1641 vinae
2214 1587 2582 1659 benignitatis.
2633 1588 2820 1658 itaque
2860 1591 2975 1660 ipse
3018 1606 3236 1661 quoque
3278 1592 3365 1646 illa
3411 1593 3633 1648 imitans

2045 1692 2142 1748 pro
2175 1678 2406 1743 viribus,
2449 1680 2621 1747 aperit
2661 1684 2868 1736 viscera
2903 1691 2957 1736 et
2988 1693 3172 1752 portas
3201 1697 3394 1738 omnes
3428 1695 3484 1738 et
3514 1699 3631 1737 nino

2048 1779 2175 1818 num
2212 1765 2605 1837 indigentibus,
2638 1784 2744 1823 non
2779 1769 3170 1825 misericordiae
3199 1780 3379 1842 guttas
3421 1770 3628 1841 aliquas

355 1826 455 1914 σας
475 1826 573 1905 καὶ
591 1826 748 1921 χεῖρα
765 1851 881 1914 τοῖς
904 1826 1200 1921 δεομένοις,
1222 1850 1284 1904 οὗ
1312 1826 1557 1921 esseea;
1586 1826 1742 1916 τινὰς
1761 1853 1935 1916 ἐλέους

2053 1868 2219 1924 parce
2245 1826 2516 1925 praebens,
2548 1826 2644 1912 sed
2672 1859 2929 1915 emittens
2954 1860 3158 1917 imbres
3180 1826 3551 1932 benignitatis,
3576 1870 3631 1917 et

356 1939 698 2011 μικρολόγως
748 1939 1029 2011 παρέχων,
1091 1940 1209 1994 ἀλλ’
1239 1940 1483 2014 ὄμϐρους
1534 1943 1689 2006 ὅλους
1717 1944 1943 2009 ὑετίζων

351 2033 722 2104 χρηστότητος
739 2073 753 2097 ,
788 2034 885 2087 καὶ
903 2033 1243 2104 ἀμφοτέραις
1270 2036 1360 2088 τὸν
1404 2034 1635 2089 πλοῦτον
1668 2036 1942 2102 ἐξαντλᾶιν

354 2127 467 2190 τοῖς
499 2124 818 2196 χρῄζουσιν.

424 2221 499 2271 Δ’.
517 2216 803 2271 Ἐντεῦθεν
827 2216 1082 2287 ἐπίδηλος
1107 2219 1218 2280 τοῖς
1248 2219 1382 2271 πᾶσι
1408 2219 1640 2287 γίνεται,
1668 2221 1769 2275 οὐκ
1798 2220 1941 2274 ίδιὼ-

350 2326 471 2372 ταις
510 2310 673 2380 μόνον
708 2310 806 2362 καὶ
838 2310 1120 2381 ἄρχουσιν,
1159 2310 1298 2364 ἀλλὰ
1360 2312 1458 2364 καὶ
1516 2311 1666 2381 αὐτῷ
1696 2311 1937 2380 βασιλεῖ·

356 2404 682 2476 Ἡράκλειος
715 2404 771 2457 δὲ
788 2404 910 2457 τότε
927 2399 996 2476 ἦν
1016 2405 1082 2459 τὰ
1116 2403 1404 2474 Ῥωμαίων
1437 2406 1693 2477 σκῆπτρα
1717 2408 1936 2459 διέπων

347 2496 469 2550 ὅθεν
495 2498 529 2566 ἡ
555 2495 663 2548 τῶν
680 2493 1076 2566 Ἀλεξανδρέων
1111 2496 1288 2564 πόλις,
1316 2498 1658 2569 πατριάρχου
1691 2499 1814 2552 τότε
1837 2517 1936 2570 χη-

351 2587 604 2658 ρεύουσα,
632 2588 725 2641 ἐπὶ
750 2587 843 2641 τὸν
876 2587 1047 2659 ἄνδρα
1076 2588 1266 2642 τοῦτον
1298 2590 1404 2662 ὅλῳ
1436 2592 1587 2662 πόθῳ
1618 2595 1810 2663 χωρεῖ,
1847 2592 1939 2645 καὶ

349 2678 616 2748 βασιλέως
637 2680 809 2732 δεῖται
834 2678 911 2751 μὴ
935 2678 1262 2751 διαμαρτεῖν
1305 2681 1400 2735 τοῦ
1431 2682 1658 2745 σκοποῦ,
1694 2682 1810 2735 ἀλλ’
1835 2684 1939 2735 ὑπὸ

350 2773 598 2841 ἀρχιερεῖ
620 2770 757 2840 τῷδε
778 2771 878 2838 τὴν
906 2770 1026 2824 κατ’
1055 2773 1255 2836 αὐτοὺς
1283 2774 1673 2842 ποιμαίνεσθαι
1707 2775 1937 2845 Ἐκκλη-

354 2864 496 2916 σίαν.
540 2863 649 2917 Kal.
697 2864 728 2915 ὁ
779 2866 880 2933 μὲν
914 2864 1076 2926 εὐθὺς
1109 2866 1498 2933 μετακαλεῖται
1521 2866 1610 2918 τὸν
1641 2866 1814 2936 μέγαν
1845 2867 1937 2919 καὶ

351 2954 483 3008 πᾶσι
513 2957 737 3025 τρόποις
762 2953 1021 3023 ἐπιϐῆναι
1049 2955 1142 3007 τοῦ
1171 2954 1364 3026 θρόνου
1392 2955 1581 3009 τοῦτον
1639 2957 1930 3028 ἐπιχειρεῖ.

360 3045 420 3101 Ὀ
460 3047 516 3101 δὲ
560 3048 881 3102 ἀνθίσταται
908 3047 1307 3119 γενναιότερον,
1344 3050 1437 3101 τόν
1479 3048 1644 3116 όγκον
1670 3048 1762 3102 τοῦ
1795 3051 1935 3121 πρά-

350 3156 555 3211 γματος
581 3140 880 3194 δεδοικέναι
910 3140 1107 3209 λέγων,
1133 3141 1229 3195 καὶ
1260 3142 1336 3211 μὴ
1373 3136 1484 3204 οἷός
1509 3159 1566 3195 τε
1599 3136 1749 3196 εἷναί
1766 3144 1934 3210 ἁξιώ-
1960 3163 2005 3225 C

353 3247 522 3302 ματος
551 3231 807 3286 τοσούτου
844 3232 1075 3303 μέγεθος
1109 3232 1384 3288 ὑπελθεῖν.
1424 3233 1577 3289 Ἐπεὶ
1614 3234 1669 3288 δὲ
1691 3236 1937 3307 Νικήτας

349 3326 379 3378 ό
407 3324 505 3396 τὴν
538 3325 697 3392 ἀξίαν
727 3325 1037 3397 πατρίκιος,
1101 3325 1313 3396 μεγάλα
1363 3327 1424 3379 τὸ
1450 3327 1753 3398 τηνικαῦτα
1788 3331 1939 3400 παρὰ

350 3414 562 3484 βασιλεῖ
590 3414 910 3484 δυνάμενος,
935 3413 1165 3484 ἀδελφός
1193 3432 1252 3468 τε
1302 3416 1444 3469 κατὰ
1476 3418 1690 3489 πνεῦμα
1720 3417 1800 3488 τῷ
1834 3437 1939 3490 μα-

350 3506 528 3575 καρίῳ
556 3505 748 3566 τελῶν,
779 3506 872 3561 καὶ
904 3508 1127 3578 δεσμοῖς
1160 3506 1310 3575 αὐτῷ
1345 3508 1529 3576 φιλίας
1578 3510 1783 3580 ἄριστα
1807 3528 1935 3566 συν-

347 3595 595 3669 ημμένος
613 3636 631 3662 ,
662 3596 838 3660 ἄλλως
864 3613 924 3651 τε
976 3597 1032 3650 δὲ
1084 3597 1180 3653 καὶ
1210 3598 1272 3650 τδ
1304 3599 1686 3670 ἀπαράμιλλον
1710 3602 1812 3671 τῆς
1840 3603 1935 3656 τοῦ

347 3688 539 3759 ἀνδρὸς
561 3688 768 3759 ἀρετῆς
795 3689 1192 3760 ἀκριϐέστερον
1225 3690 1614 3761 ἐπιστάμενος,
1656 3694 1751 3746 καὶ
1785 3694 1936 3759 ἄξιον

347 3777 484 3836 εἶναι
504 3780 600 3835 τοῦ
622 3781 837 3853 θρόνου,
863 3783 913 3834 εί
941 3783 1032 3836 καί
1051 3800 1173 3836 τινα
1204 3783 1415 3854 ἕτερον,
1436 3783 1714 3853 ἐγνωκὼς,
1744 3787 1820 3858 τῷ
1839 3787 1933 3857 βα-

346 3874 488 3928 σιλεῖ
526 3874 767 3946 σφοδρῶς
817 3875 1077 3937 ἐνέκειτο,
1137 3877 1212 3946 μὴ
1246 3876 1531 3931 ὑπανεῖναι
1562 3876 1756 3946 λέγων,
1799 3879 1935 3933 ἀλλὰ

348 3965 444 4020 καὶ
477 3965 682 4021 ἄκοντα
715 3966 855 4036 πρὸς
883 3965 981 4019 τὸν
1001 3965 1193 4035 θρόνον
1232 3968 1535 4037 ἀναγαγεῖν
1555 3984 1568 3999 ·
1618 3972 1646 4023 ό
1684 3969 1939 4052 βασιλεὺς

345 4060 488 4129 ὁρμῇ
520 4055 728 4110 πλείονι
779 4060 875 4111 καὶ
936 4056 1212 4128 πνεύματι
1274 4059 1530 4131 προσχὼν
1586 4059 1928 4133 θερμοτέρῳ,

346 4148 522 4203 πείθει
562 4150 659 4204 τὸν
706 4148 877 4220 ἄνδρα
906 4148 1009 4221 τὴν
1033 4148 1338 4221 ἱερωσύνην
1366 4151 1794 4218 καταδέξασθαι,
1831 4153 1931 4207 οὐκ

344 4242 499 4297 ἀθεεὶ
551 4241 807 4311 γενέσθαι
859 4243 962 4313 τήν
1021 4259 1083 4295 τε
1138 4244 1412 4314 τοσαύτην
1468 4247 1563 4299 τοῦ
1613 4245 1790 4317 δήμου
1821 4246 1932 4301 τῶν

356 4332 748 4403 Ἀλεξανδρέων
778 4335 1124 4405 συγκενησιν,
1161 4337 1258 4389 καὶ
1296 4335 1389 4390 τοῦ
1447 4336 1782 4407 κρατοῦντος
1828 4339 1930 4409 τὴν

344 4426 618 4491 ενστασιν,
654 4425 1039 4496 λογισάμενον.
1077 4428 1290 4481 Γίνεται
1315 4427 1495 4481 τοίνυν
1536 4430 1631 4483 τοῦ
1657 4431 1927 4502 μακαρίου

2046 1944 2308 1999 ambabus
2345 1946 2596 2003 manibus
2632 1963 2763 2019 opes
2798 1948 3080 2007 effundens
3109 1951 3376 2022 inepibus.

2115 2200 2204 2258 IV.
2246 2202 2384 2260 Hinc
2413 2207 2595 2261 evadit
2617 2209 2873 2264 omnibus
2896 2209 3238 2277 manifestus,
3259 2228 3366 2267 non
3390 2212 3622 2282 privatis

2043 2296 2216 2351 solum
2247 2309 2302 2352 et
2331 2300 2685 2369 principibus,
2712 2304 2806 2357 sed
2830 2304 2994 2356 etiam
3020 2303 3128 2374 ipsi
3166 2303 3486 2374 imperatori
3517 2306 3619 2377 (Ι).
3656 2328 3661 2331 “

2044 2387 2323 2444 lieraclius
2352 2403 2534 2446 autem
2568 2401 2699 2448 tunc
2724 2402 2937 2465 sceptra
2975 2396 3195 2450 tenebat
3224 2394 3618 2453 Rounanorum.

2041 2479 2408 2547 Quamobrem
2429 2497 2555 2539 cum
2584 2486 2780 2541 civitas
2810 2486 3179 2542 Alexandrina
3215 2498 3342 2544 tunc
3370 2499 3512 2544 esset
3543 2509 3629 2544 ur-

2043 2575 2164 2629 bata
2196 2577 2528 2644 patriarcha,
2557 2580 2624 2633 ad
2656 2579 2803 2635 hunc
2831 2580 3011 2634 virum
3035 2588 3149 2635 toto
3174 2582 3456 2635 contendit
3480 2582 3627 2636 desi—

2040 2667 2212 2732 derio,
2247 2679 2303 2725 et
2337 2679 2490 2741 rogat
2539 2660 2943 2740 imperatorem,
2975 2687 3043 2728 ne
3082 2672 3195 2743 ipsa
3240 2688 3270 2727 a
3316 2687 3484 2743 scopo
3511 2670 3627 2731 ’δυο

2039 2761 2344 2827 excideret,
2391 2761 2489 2816 sed
2536 2762 2605 2817 ab
2655 2777 2720 2817 eo
2761 2764 3020 2832 pontiﬁce
3066 2774 3385 2831 pasceretur
3432 2780 3622 2820 eorum

2043 2851 2301 2906 Ecclesia.
2354 2852 2420 2907 Et
2472 2852 2562 2908 ille
2604 2853 2826 2923 quidem
2881 2868 3136 2922 magnum
3188 2853 3338 2907 illum
3393 2856 3627 2910 accersit

2040 2945 2309 3014 protinus,
2336 2955 2394 3000 et
2420 2944 2672 3000 omnibus
2716 2945 2896 3000 modis
2923 2948 3156 3000 conatur
3180 2944 3230 2999 ei
3269 2946 3625 3014 persuadere,

2040 3044 2098 3090 ut
2141 3037 2208 3090 ad
2239 3037 2423 3092 sedem
2462 3038 2749 3092 ascendat.
2780 3037 2875 3092 Ille
2901 3047 3084 3091 autem
3138 3050 3363 3093 strenue
3393 3038 3622 3101 resistit,

2040 3131 2227 3185 dicens
2259 3146 2320 3185 se
2370 3132 2565 3186 timere
2599 3132 2679 3186 rei
2713 3128 3179 3200 titagnitsdinem,
3215 3144 3318 3186 nec
3362 3145 3421 3185 se
3459 3146 3624 3200 posse

2039 3230 2245 3275 tantam
2303 3222 2577 3276 sustinere
2632 3223 2972 3291 dignitatem.
3022 3220 3158 3277 Cum
3215 3236 3345 3278 vero
3402 3220 3623 3278 Nicetas

2035 3311 2299 3384 dignitate
2334 3313 2615 3381 patricius,
2655 3314 2747 3381 qui
2778 3322 2908 3367 tunc
2951 3311 3178 3368 multum
3219 3325 3436 3384 paterat
3479 3316 3621 3384 apud

2037 3405 2445 3475 imperatorem,
2496 3416 2552 3460 et
2598 3405 2657 3460 Β.
2705 3404 2898 3460 Joanni
2945 3414 3064 3461 erat
3094 3405 3264 3462 frater
3295 3407 3513 3476 spiritu,
3560 3418 3616 3462 et

2038 3490 2268 3553 vinculis
2318 3499 2574 3553 amicitiae
2620 3507 2738 3553 erat
2794 3497 2843 3552 ei
2893 3500 3099 3567 optime
3148 3496 3507 3567 coniunctus,
3564 3509 3622 3554 et

2035 3588 2238 3660 alioqui
2262 3600 2412 3645 recte
2436 3589 2647 3645 sciebat
2671 3589 2932 3643 virtutem
2960 3588 3078 3657 ejus
3107 3589 3612 3658 incomparabilem.

2035 3690 2089 3737 et
2115 3691 2344 3737 neverat
2386 3681 2557 3747 illum,
2586 3683 2629 3735 si
2683 3679 2826 3735 ullus
2857 3689 3003 3735 esset
3033 3680 3192 3745 alius,
3235 3695 3295 3735 ea
3341 3683 3468 3735 sedc
3501 3693 3620 3736 esse

2035 3776 2281 3844 dignum,
2314 3775 2665 3828 vehementer
2696 3773 2925 3826 instaret
2956 3772 3300 3842 imperatori,
3336 3773 3523 3827 dicens
3552 3788 3620 3827 ne

2036 3875 2158 3920 eum
2189 3865 2527 3927 remitteret,
2558 3864 2650 3919 sed
2683 3865 2765 3917 vel
2805 3862 3032 3917 invitum
3065 3863 3131 3917 ad
3178 3863 3362 3918 sedem
3395 3863 3621 3917 invehe-

2039 3968 2160 4023 ret;
2211 3972 2412 4027 urgens
2453 3955 2752 4024 imperator
2805 3954 3014 4017 majore
3060 3955 3263 4023 impetu
3300 3961 3358 4008 et
3394 3954 3614 4023 spiritu,

2035 4050 2330 4119 persuadet
2367 4045 2587 4114 Joanui,
2618 4055 2673 4100 ttt
2708 4045 2971 4115 suscipiat
3005 4044 3399 4115 pontiﬁcatum,
3437 4054 3495 4099 ut
3524 4046 3614 4114 qui

2034 4142 2366 4212 reputaverit
2415 4157 2521 4195 non
2577 4140 2699 4196 sine
2750 4139 2847 4195 Dei
2900 4140 3126 4194 numine
3175 4138 3346 4194 fuisse
3410 4147 3615 4193 tantam

2031 4233 2385 4290 Alexandrini
2435 4232 2617 4303 populi
2668 4232 3095 4288 commotionem
3155 4239 3212 4287 et
3263 4229 3616 4299 imperatoris

2033 4325 2457 4381 contentionem.
2514 4322 2601 4377 Fit
2646 4323 2829 4393 itaque
2881 4323 3028 4379 sedis
3083 4322 3249 4401 Marci
3302 4340 3614 4388 successor,

2032 4431 2277 4487 tempore
2293 4416 2521 4485 quidem
2554 4415 2622 4470 ab
2647 4415 2737 4471 illo
2760 4415 2916 4485 longe
2942 4423 3202 4479 remotus,
3225 4417 3317 4470 sed
3346 4432 3450 4471 non
3480 4418 3617 4472 nud-

344 4516 536 4590 θρόνου
561 4517 827 4588 διάδοχος,
852 4517 931 4588 τῷ
958 4519 1142 4589 χρόνῳ
1170 4520 1267 4590 μὲν
1297 4520 1591 4581 πολλοστὸς
1635 4500 1756 4591 μετ’
1785 4500 1924 4576 ἐκεῖ·

2038 4515 2146 4564 tum
2171 4519 2411 4566 remotus
2437 4524 2466 4563 a
2496 4509 2605 4562 vita
2632 4508 2773 4563 illius
2796 4516 2849 4562 et
2878 4509 3082 4563 virtute
3111 4525 3125 4563 :
3148 4509 3421 4578 quomodo
3447 4511 3613 4564 etiam

344 4626 454 4675 νον,
485 4609 547 4663 ού
574 4610 707 4662 πολὺ
733 4609 789 4662 δὲ
822 4609 917 4662 τοῦ
945 4610 1061 4681 βίου
1088 4613 1182 4665 καὶ
1214 4611 1314 4682 τῆς
1346 4613 1551 4683 ἀρετῆς
1581 4612 1925 4685 λειπόμενοςο

343 4699 533 4772 ὥσπερ
557 4702 668 4772 ἄρα
720 4702 814 4755 καὶ
841 4702 1036 4773 δηλοῦν
1080 4703 1266 4774 έχουσι
1313 4704 1384 4757 τὰ
1425 4706 1565 4774 μετὰ
1611 4706 1710 4779 τὴν
1748 4709 1925 4778 ἀρχὴν

342 4792 505 4856 εὐθὺς
535 4793 630 4846 τοῦ
661 4794 853 4866 ἀνδρὸς
877 4796 1305 4867 κατορθώματα.

414 4882 490 4938 E'.
511 4883 599 4949 Ὧς
630 4885 740 4956 γὰρ
765 4885 941 4957 ἐπέϐη
970 4887 1064 4940 τοῦ
1091 4886 1305 4957 θρόνου,
1327 4887 1480 4957 ἀγὼν
1503 4887 1650 4959 αὐτῷ
1677 4888 1766 4943 διὰ
1788 4906 1923 4943 πανς

343 4974 434 5037 τὸς
455 4975 646 5046 ἑτέρου
667 4977 726 5030 τὸ
746 4978 979 5047 Μάρκου
1006 4981 1271 5050 κήρυγμα
1299 4982 1392 5033 καὶ
1419 4980 1518 5051 τὴν
1545 4981 1656 5035 τῶν
1682 4982 1926 5050 φθασάν-

343 5082 451 5118 των
470 5065 735 5137 Πατέρων
759 5067 944 5121 πίστιν
970 5070 1407 5136 ἀνανεώσασθαι,
1432 5070 1527 5124 καὶ
1550 5070 1619 5122 τὰ
1638 5069 1746 5122 τῶν
1768 5069 1924 5142 αίρε-

341 5157 513 5211 τικῶν
570 5160 934 5229 παραφυέντα
993 5159 1208 5226 ζιζάνια
1265 5161 1443 5233 ῥίζαις
1476 5162 1670 5218 αὑταῖς
1698 5160 1922 5227 ἐξελεῖν.

343 5242 576 5323 τοῧγὰρ
596 5252 858 5322 Κναφέως
882 5253 1090 5325 Πέτρου
1116 5253 1436 5325 προσθήκην
1456 5255 1580 5308 τινὰ
1604 5254 1921 5326 βλάσφημον

418 5394 497 5467 (Ι)
537 5395 933 5464 Metaph..tstes
986 5398 1240 5454 fortassis
1295 5397 1460 5452 verba
1514 5399 1629 5451 haec
1682 5397 1921 5466 adjecit:

343 5477 493 5522 certe
523 5467 750 5537 nonidiu
788 5480 917 5521 ante
958 5469 1134 5537 potuit
1176 5481 1298 5522 esse
1338 5478 1498 5521 notus
1530 5467 1782 5522 Heraclio
1809 5468 1920 5535 jam

344 5536 680 5607 imperatori,
712 5552 835 5591 cum
858 5536 1098 5591 autmox
1126 5538 1433 5607 patriarcha
1458 5538 1532 5592 sit
1566 5548 1802 5602 creatus,
1828 5550 1923 5592 aut

340 5606 527 5675 potius
547 5606 762 5675 aliquot
793 5616 917 5661 ante
944 5609 1126 5663 annis.

413 5676 490 5746 (2)
530 5674 623 5748 Pet
635 5674 729 5732 rus
752 5676 1211 5748 Cnapheustsive
1238 5674 1414 5748 Fullo.
1447 5677 1546 5732 sub
1573 5676 1917 5748 Leoneiimp.

341 5744 529 5801 l-‘avore
576 5744 1012 5816 Zenonisducis
1052 5744 1294 5802 Orientis
1341 5747 1453 5816 (qui
1507 5749 1703 5803 deinde
1752 5744 1918 5803 Leoni

336 5817 605 5879 successit
627 5830 718 5873 an.
743 5814 872 5887 m)
897 5816 1199 5875 Antiochiae
1245 5814 1437 5875 contra
1461 5818 1771 5890 episcopum
1801 5818 1919 5891 ejus

2036 4612 2256 4673 possunt
2304 4602 2615 4667 ostendere,
2652 4614 2770 4670 quae
2800 4601 2985 4655 statim
3023 4611 3141 4670 post
3190 4611 3498 4671 susceptam
3532 4619 3615 4659 re-

2033 4695 2267 4749 ctionem
2292 4702 2440 4749 recte
2473 4694 2538 4747 ab
2568 4693 2658 4747 il'o
2691 4702 2841 4761 gesta
2874 4703 3021 4747 sunt.

2109 4877 2174 4934 V.
2212 4878 2501 4948 Postquam
2535 4878 2679 4932 enim
2719 4877 2961 4932 ascendit
2989 4878 3195 4939 sedem,
3218 4877 3320 4932 hoc
3351 4887 3478 4932 ante
3505 4874 3610 4934 alia

2033 4973 2216 5027 omnia
2240 4964 2540 5036 contendit,
2567 4979 2623 5024 ut
2648 4980 2934 5025 renovaret
2952 4967 3120 5024 Marci
3146 4970 3610 5040 praedicationem,

2032 5073 2084 5119 et
2130 5063 2289 5119 ﬁdem
2322 5062 2541 5118 Patrum
2566 5063 2656 5131 qui
2689 5073 3113 5130 praecesserant,
3145 5071 3200 5117 et
3232 5065 3608 5118 haereticorum

2030 5173 2153 5230 qua:
2183 5166 2345 5212 enata
2379 5153 2593 5210 fuerant
2627 5152 2837 5208 zizania
2868 5155 3125 5209 evelleret
3154 5154 3436 5210 radicitus.
3468 5149 3605 5206 Nam

2030 5266 2154 5308 cum
2211 5249 2407 5305 Petrus
2449 5246 2738 5315 Cnaphens
2780 5246 2859 5319 (2)
2905 5247 3274 5318 blasphematu
3318 5246 3606 5318 quamdam

2023 5397 2175 5452 urbis
2203 5394 2567 5451 orthodoxnm
2591 5392 2907 5460 Martyrium
2937 5391 3208 5447 concitata
3235 5390 3602 5457 multitudine,

2022 5483 2141 5522 eam
2171 5467 2354 5521 sedem
2395 5465 2610 5526 invasit,
2641 5480 2706 5516 ac
2733 5462 3252 5531 TheOpaschiturum
3283 5461 3607 5531 instauravit

2025 5537 2298 5600 haeresim,
2323 5535 2388 5588 tle
2419 5550 2522 5599 qua
2553 5533 2791 5600 pluribus
2821 5529 2993 5585 acturi
3024 5547 3212 5585 sumus
3242 5546 3345 5584 xxv
3368 5529 3605 5600 Februa-

2024 5606 2089 5660 rii
2121 5608 2187 5660 ad
2218 5597 2394 5658 Vitam
2427 5597 2484 5658 S.
2523 5597 2718 5657 Felicis
2747 5601 2807 5655 Ill
2840 5617 3009 5671 pupae.
3039 5600 3297 5656 Leontius
3329 5616 3505 5671 num._
3533 5597 3605 5652 ϐῆ

2024 5675 2508 5737 Severianitarunt,
2534 5676 2649 5728 sive
2677 5669 3103 5738 Acephalornm,
3130 5671 3476 5740 aliorumque
3490 5669 3602 5725 ha:-

2025 5747 2318 5806 reticorum
2352 5745 2621 5813 meminit,
2657 5757 2762 5801 non
2788 5741 2934 5799 Petri
2963 5741 3228 5813 Cnaphei.
