4116 6406
463 336 578 402 899

1709 331 1996 394 MENSIS
2024 332 2487 397 JANUARIUS.

3635 315 3745 402 900'

464 452 518 506 in
556 448 899 504 Divinitatem
939 447 1274 502 additionem
1324 448 1524 519 hymno
1557 455 1640 501 ter
1666 456 1856 500 saneto
1885 460 2049 501 ausus

2156 428 2296 499 κατά
2324 445 2426 515 τῆς
2456 444 2712 516 θεότητος
2747 444 2825 516 τῷ
2855 447 3138 518 Τρισαγίῳ
3171 449 3493 520 παρενεῖραι
3542 449 3746 520 τολμή-

460 550 610 598 esset
636 541 899 604 inserere,
928 549 982 592 et
1012 540 1084 603 ei,
1114 540 1257 606 quod
1296 547 1399 600 est,
1435 556 1454 589 ι
1489 536 1725 591 Sanctus
1762 538 2044 589 immorta-

460 631 558 695 lis;
580 649 600 682 ι
635 628 944 696 adiecisset,
979 646 998 679 ι
1035 628 1135 693 Qui
1168 627 1463 682 cruciﬁxus
1492 635 1575 680 est
1613 634 1831 694 propter
1859 640 1990 689 nos;
2021 643 2040 675 ι

462 724 679 777 divinus
714 721 805 776 ille
836 721 940 786 vir,
972 721 1075 774 bac
1120 719 1462 789 blasphemia
1506 717 1741 779 sublata,
1780 716 2049 785 itnpatibi-

464 813 567 866 lem
607 823 661 867 et
705 811 1065 867 immortalem
1110 812 1449 867 divinitatem
1482 827 1581 866 suo
1623 812 1876 880 dogmate
1897 825 2045 863 asse-

465 904 591 970 ruit,
625 913 679 958 et
704 919 922 976 gregem
946 905 1021 958 ita
1054 904 1259 958 sentire
1293 904 1497 957 docuit.
1528 901 1662 957 Cum
1693 911 1872 955 autem
1901 901 2049 954 iuve-

462 998 635 1052 nisset
690 1007 897 1063 septem
960 996 1072 1050 sola
1137 996 1564 1049 orthodnxom-u
1643 994 1915 1058 oratoria,
1981 1007 2044 1045 ea

460 1088 631 1145 efﬁcit
657 1089 838 1144 decies
884 1088 1060 1159 plura,
1112 1099 1168 1139 nt
1223 1088 1313 1155 qui
1359 1103 1420 1141 ea
1452 1088 1793 1156 septuaginta
1841 1085 2047 1139 consti-

465 1184 650 1236 tuerit.
688 1179 894 1234 Deinde
942 1194 1103 1234 omne
1142 1180 1352 1234 confert
1383 1180 1641 1242 studium,
1677 1189 1732 1231 ut
1778 1179 1867 1247 qui
1903 1177 2043 1247 capti

458 1275 678 1328 fuerant
708 1288 867 1326 omne
913 1286 1082 1340 genus
1128 1271 1444 1335 haeresibus,
1481 1281 1937 1325 converterentur
1978 1271 2046 1340 ad

466 1365 745 1435 pietatem.
804 1338 1032 1431 Fuitque
1079 1363 1230 1417 zelus
1273 1362 1390 1430 ejus
1434 1362 1944 1417 vehementissimus
1990 1338 2045 1416 in

465 1456 920 1517 ordinationibus,
963 1464 1021 1507 nt
1066 1469 1144 1508 ea:
1185 1453 1399 1521 quitiam
1428 1468 1577 1521 purae
1604 1461 1788 1507 essent
1816 1468 1844 1507 a
1878 1453 2047 1508 lueris

465 1558 520 1603 et
550 1547 864 1602 muneribus
899 1563 913 1601 :
942 1547 1081 1600 nulla
1125 1557 1306 1601 autem
1342 1561 1528 1602 earum
1565 1546 1720 1600 ﬁeret
1749 1546 1885 1601 citra
1918 1563 2048 1602 exa-

465 1640 835 1693 minatiouem.
870 1637 1135 1691 Praeterea
1186 1647 1366 1693 autem
1413 1638 1707 1693 maxim-un
1754 1639 2048 1693 adhibebat

464 1728 798 1799 diligentiam
835 1728 887 1781 in
918 1728 1275 1782 defendendis
1307 1728 1373 1782 iis
1399 1729 1597 1797 quibus
1626 1729 1787 1782 ﬁebat
1824 1727 2044 1795 injuria,

2151 553 2362 601 σαντος,
2390 536 2484 589 καὶ
2510 536 2589 609 τῷ
2612 537 2806 607 ’Ἄγιος
2837 537 3128 602 ἀθάνατος,
3150 536 3287 592 τὸὋ
3310 536 3647 611 σταυρωθεὶς
3673 540 3745 593 δι’

2147 628 2298 698 ἡμᾶς
2326 627 2681 699 προσθέντος
2709 630 2736 682 ὁ
2760 629 2903 692 θεῖος
2922 631 3133 692 ἐκεῖνος
3158 629 3301 701 ἀνὴρ
3330 630 3392 685 τὸ
3420 628 3745 702 βλάσφημον

2148 717 2309 771 τοῦτο
2355 718 2656 785 ύπεξελὼν,
2691 719 2878 791 ἀπαθῆ
2928 722 3023 776 καὶ
3061 722 3331 777 ἀθάνατον
3359 726 3462 792 τὴν
3512 722 3746 787 θεότητα

2148 807 2475 876 ὲδογμάτισέ
2496 825 2557 860 τε
2582 808 2678 862 καὶ
2703 809 2765 861 τὸ
2792 810 3044 880 ποίμνιον
3066 812 3211 865 οὕτω
3232 815 3453 885 φρονεῖν
3475 813 3741 878 ἐδίδαξεν.

2163 897 2338 952 Ἐπτά
2363 899 2420 951 δὲ
2456 901 2595 970 μόνα
2626 900 2879 970 εὑρηκὼς
2912 902 3212 972 ὀρθοδόξων
3239 906 3510 976 εὐκτήρια
3532 945 3548 970 ,
3578 905 3745 960 δεκα-

2150 990 2441 1057 πλασιάζει
2464 990 2659 1057 ταῦτα,
2690 996 2770 1059 είς
2800 994 3175 1064 ἐϐδομήκοντα
3204 998 3580 1067 καταστήσας.
3606 994 3747 1052 Εἶτα.

2152 1083 2387 1150 σπουδήν
2416 1101 2473 1136 τε
2509 1084 2690 1138 πᾶσαν
2720 1086 2988 1156 εἰσφέρει,
3021 1090 3147 1149 τοὺς
3181 1089 3557 1153 παντοδαπαῖς
3584 1088 3746 1143 ἁλόν-

2149 1190 2248 1237 τας
2285 1174 2565 1245 αίρέσεσιν
2613 1176 2942 1248 ἐπιστρέψαι
2976 1178 3115 1250 πρὸς
3146 1180 3247 1250 τὴν
3299 1181 3608 1247 εὐσέϐειαν,
3641 1183 3742 1236 καὶ

2149 1266 2310 1336 ζῆλον
2354 1262 2466 1320 οἷον
2503 1269 2631 1338 περὶ
2673 1267 2771 1330 τὰς
2809 1271 3153 1340 χειροτονίας
3184 1270 3522 1341 θερμότατον
3549 1314 3565 1338 ,
3596 1272 3741 1327 ὥστε

2149 1356 2451 1427 λημμάτων
2487 1359 2586 1427 μὲν
2629 1358 2800 1423 αὑτὰς
2841 1360 3190 1429 καθαρεύειν,
3236 1362 3396 1427 ἐκτὸς
3426 1363 3484 1418 δὲ
3512 1366 3744 1435 δοκιμα-

2151 1450 2273 1513 σίας
2306 1450 2579 1520 μηδεμὶαν
2616 1450 2798 1504 αὐτῶν
2828 1452 3083 1519 γίνεσθαι
3112 1456 3246 1524 πρὸς
3282 1456 3507 1519 τούτους
3541 1458 3743 1527 ἐπιμέ-

2149 1542 2327 1595 λειαν·
2360 1544 2491 1614 ὅσην
2527 1546 2654 1616 περὶ
2679 1546 2777 1617 τὴν
2811 1546 2922 1598 τῶν
2969 1548 3344 1617 ἀδικουμένων
3374 1552 3736 1620 προστασίαν,

2149 1636 2243 1688 καὶ
2271 1634 2332 1687 τὸ
2373 1636 2449 1706 μὴ
2478 1638 2601 1699 τοὺς
2636 1637 2960 1703 δικάζοντας
2990 1638 3261 1711 θεραπείᾳ
3296 1641 3606 1711 προσώπων
3633 1660 3736 1699 κα-

2149 1726 2529 1796 ταπροδιδόναι
2573 1729 2635 1781 τὸ
2694 1729 2922 1798 δίκαιον,
2991 1730 3130 1786 ἀλλὰ
3169 1731 3322 1803 ζυγῷ
3382 1731 3736 1805 δικαιοσύνης

463 1834 518 1876 et
551 1797 855 1892 nejudices
903 1823 1264 1891 gratiticamlo
1314 1822 1563 1891 personis
1603 1822 1693 1892 jus
1731 1822 2047 1891 proderent,

2156 1816 2500 1887 σταθμᾶσθαι
2520 1818 2619 1882 τὰς
2641 1819 2873 1890 κρίσεις,
2901 1797 2995 1874 καὶ
3020 1822 3159 1893 μήτε
3351 1823 3511 1895 χάριν
3538 1797 3738 1890 αὐτούς

464 1913 560 1968 sed
594 1912 818 1983 iustitiae
854 1913 1058 1966 trutina
1102 1913 1465 1981 pontlerarent
1491 1914 1722 1982 judicia,
1767 1923 1821 1968 et
1849 1928 1949 1967 nec
1984 1914 2049 1967 ad

465 2007 695 2076 gratiam
724 2006 1053 2072 aspicerent,
1081 2020 1179 2059 nec
1210 2004 1275 2058 ad
1310 2005 1524 2059 odium.

540 2095 630 2152 Vl.
688 2096 841 2163 Quod
885 2106 1064 2151 autem
1105 2107 1223 2151 erat
1267 2098 1316 2152 ei
1372 2100 1666 2151 tuaximum
1716 2106 1771 2152 et
1815 2099 2053 2152 maxime

468 2190 772 2260 proprium,
795 2198 915 2244 erat
945 2188 1162 2243 fervens
1187 2189 1561 2244 misericordia
1595 2190 1649 2245 in
1679 2205 1966 2260 pauperes,
1999 2202 2053 2244 et

468 2284 521 2336 in
547 2282 807 2337 curandis
834 2281 1201 2351 indigentibus
1231 2283 1614 2337 insatiabilitas
1637 2295 1692 2339 et
1713 2284 2050 2353 proclivitas,

468 2390 591 2443 quae
624 2390 728 2426 non
779 2383 990 2443 poterat
1031 2374 1364 2444 comprimi;
1396 2384 1453 2429 et
1497 2376 1630 2429 nihil
1673 2376 1896 2431 omnino
1925 2392 2050 2446 par-

474 2480 601 2519 cere
635 2465 900 2537 pecuniis,
922 2466 1056 2518 adeo
1085 2474 1144 2517 ut
1169 2466 1332 2520 etiam
1364 2481 1508 2536 saepe
1537 2470 1604 2521 ad
1627 2466 1849 2523 fundum
1877 2469 2051 2537 ipsum

469 2556 802 2624 perveniret.
845 2556 980 2609 Cum
1019 2557 1204 2625 itaque
1249 2567 1445 2626 praeter
1485 2557 1590 2612 alia
1636 2574 1732 2613 sua
1768 2559 2049 2625 beneﬁcia,

467 2650 833 2703 exstruxisset
875 2647 1220 2703 xenodochia
1260 2658 1316 2703 et
1358 2650 1670 2704 nosocomia
1726 2660 1782 2704 et
1827 2650 2053 2721 ptocbo-

470 2740 711 2807 tr0phia,
772 2739 855 2794 eis
908 2739 1241 2795 frumentum
1292 2740 1543 2795 attribuit
1601 2743 1980 2811 quotidianum
2034 2757 2049 2795 :

467 2839 735 2900 tantaeque
765 2830 881 2884 haec
907 2840 1063 2884 erant
1104 2829 1153 2883 ei
1191 2844 1357 2891 curae.
1395 2841 1454 2883 ut
1500 2830 1664 2884 etiam
1719 2832 2052 2901 pauperibus

469 2922 707 2988 feminis,
754 2923 954 2993 quibus
1003 2925 1069 2977 ad
1105 2923 1421 2993 pariendum
1473 2937 1581 2986 non
1625 2935 1786 2977 erant
1838 2924 2053 2978 habita-

465 3016 611 3080 cula,
642 3021 816 3084 neque
849 3014 1051 3086 aliquid
1075 3031 1264 3070 eorum
1293 3030 1413 3085 quae
1452 3024 1575 3070 sunt
1607 3024 1731 3085 apta
1760 3016 1825 3070 ad
1863 3032 2051 3071 earum

466 3112 830 3174 curationem,
879 3121 1089 3180 septem
1122 3110 1312 3164 domos
1352 3108 1666 3163 attribuerit
1717 3110 1767 3163 in
1822 3109 2052 3163 diversis

468 3291 708 3361 stragula
741 3301 796 3343 et
830 3288 1192 3359 suppeditatio
1218 3288 1621 3355 alimentorum,
1654 3306 1759 3360 qua
1796 3290 2048 3345 reﬁcere-

472 3393 563 3438 tur
593 3383 885 3452 indigentia
936 3380 1283 3450 parientium.
1324 3381 1529 3437 Praeter
1570 3381 1685 3436 haec
1721 3383 2053 3452 pauperibus

468 3489 687 3544 quoque
713 3472 927 3526 clericis
962 3472 1303 3541 providebat,
1336 3482 1391 3526 et
1422 3472 1710 3541 unicuique
1743 3488 1928 3528 eorum
1961 3490 2054 3539 pe-

469 3569 645 3619 cunia:
669 3563 1046 3633 praebebantur
1076 3578 1293 3617 annuae.
1318 3563 1436 3619 Non
1463 3564 1543 3618 eis
1570 3575 1749 3618 autem
1783 3565 1935 3631 solis,
1959 3566 2054 3619 sed

470 3658 632 3711 etiam
662 3655 966 3723 episcopis,
1002 3656 1200 3723 quibus
1243 3665 1497 3726 sumptus
1534 3656 1753 3710 minime
1793 3668 2050 3728 suppete-

470 3740 601 3802 baut
650 3749 713 3800 ad
762 3749 985 3802 victum.
1028 3747 1133 3802 Sed
1182 3748 1311 3817 quid
1349 3750 1465 3803 bare
1491 3750 1555 3802 ad
1603 3765 1857 3819 magnum
1904 3766 2056 3804 mare

467 3838 586 3909 ejus
632 3838 870 3895 liberalis
924 3839 1236 3902 voluntatis,
1283 3849 1337 3893 et
1379 3849 1591 3893 vastum
1648 3841 1777 3893 illud
1830 3840 2054 3910 pelagus

469 3930 865 4000 benignitatis?
907 3930 1036 3983 Erat
1062 3931 1206 3983 enim
1245 3929 1385 3983 alter
1420 3930 1571 3983 Nilus
1597 3931 1819 3997 cepioso
1855 3930 2055 3985 ﬂuento

469 4020 850 4090 eleemosynae,
890 4034 997 4073 non
1030 4019 1222 4081 solam,
1268 4028 1325 4071 ut
1367 4018 1478 4082 ille,
1522 4020 1704 4090 rigans
1734 4018 2052 4091 JEgyplum,

470 4112 566 4165 sed
595 4109 766 4177 ipsum
793 4108 1122 4171 universam,
1170 4116 1228 4161 nt
1262 4108 1433 4163 semel
1476 4108 1679 4173 dicam,
1704 4119 1904 4165 terram
1949 4110 2056 4164 cir-

468 4201 789 4257 cumﬂuens.
821 4200 958 4267 Quis
1004 4199 1151 4255 enim
1182 4215 1248 4255 ex
1290 4201 1357 4255 iis
1392 4201 1484 4271 qui
1518 4202 1756 4273 undique
1795 4202 2057 4257 adventa-

474 4297 626 4359 bant,
664 4295 804 4349 vietu
838 4293 1108 4364 indigens,
1141 4293 1187 4348 si
1217 4292 1286 4347 ad
1326 4295 1498 4363 ipsum
1529 4295 1878 4359 accessisset,
1914 4298 2052 4351 tristi

471 4388 623 4444 vultu
668 4399 724 4443 et
758 4390 943 4442 vacuis
990 4394 1244 4443 reversus
1288 4398 1373 4442 εει
1418 4388 1688 4454 manibus,
1729 4397 1783 4443 et
1824 4406 1931 4444 non
1974 4402 2057 4445 est

2153 1911 2302 1980 ὁρᾷν,
2332 1912 2470 1980 μήτε
2499 1911 2604 1982 μὴν
2633 1912 2767 1983 πρὸς
2789 1912 3111 1984 ἀπέχθειαν.

2226 2087 2419 2154 quae
2449 2085 2506 2139 δὲ
2545 2086 2730 2157 μεῖζον
2777 2087 2926 2158 αὖτῷ
2956 2088 3050 2142 καὶ
3085 2087 3376 2144 ίδιαίτατον
3415 2092 3443 2144 ὁ
3475 2090 3740 2165 διάπυρος

2154 2176 2289 2248 πρὸς
2319 2179 2446 2241 τοὺς
2477 2178 2718 2248 πένητας
2768 2177 2917 2242 ἕλεος
2947 2177 3035 2251 ἦν,
3062 2180 3157 2243 καὶ
3186 2181 3249 2235 τὸ
3278 2183 3412 2253 περὶ
3443 2183 3544 2254 τὴν
3568 2183 3736 2256 θερα-

2156 2270 2318 2323 πείαν
2345 2270 2454 2323 τῶν
2480 2271 2748 2341 δεομένων
2778 2271 3055 2341 ἄπληστον
3100 2273 3193 2326 καὶ
3229 2274 3540 2342 ἀφύλακτον
3560 2315 3577 2342 ,
3641 2277 3740 2329 καὶ

2152 2364 2214 2417 τὸ
2251 2363 2385 2434 μηδὲ
2412 2363 2548 2426 ὅλως
2580 2362 2748 2432 φειδὼ
2782 2364 3057 2418 ποιεῖσθαι
3101 2366 3403 2436 χρημάτων
3423 2405 3439 2431 ,
3469 2365 3612 2421 ὥστε
3642 2368 3740 2422 καὶ

2154 2455 2320 2531 αὐτοῦ
2348 2457 2610 2519 πολλάκις
2653 2456 2747 2509 τοῦ
2795 2458 3073 2529 πυθμένος
3125 2459 3389 2530 ἅψασθαι.
3422 2460 3742 2531 Ξενοδοχεία

2154 2547 2287 2614 γοῦν
2336 2548 2430 2601 καὶ
2482 2551 2837 2619 νοσοκομεῖα,
2871 2552 3288 2623 πτωχοτροφείά
3331 2569 3390 2605 τε
3447 2552 3583 2622 πρὲς
3616 2555 3741 2617 ταῖς

2154 2640 2343 2704 ἄλλαις
2369 2640 2534 2694 αὐτοῦ
2570 2641 2846 2705 εὐποιίαις
2876 2642 3228 2713 δειμάμενος,
3263 2644 3504 2712 άπέταξε
3526 2646 3741 2709 τούτοις

2155 2733 2504 2806 καθημερινὰ
2527 2734 2834 2805 σιτηρέσια,
2863 2736 2959 2789 καὶ
2980 2736 3234 2791 τοσοῦτον
3260 2738 3411 2810 αὐτῷ
3436 2740 3497 2792 τὸ
3520 2741 3649 2812 περὶ
3669 2742 3741 2794 τὰ

2153 2826 2378 2878 τοιαῦτα
2438 2825 2693 2897 ὲπιμελὲ;
2730 2822 2821 2898 ἦν,
2855 2827 2930 2889 ὡς
2979 2829 3074 2882 καὶ
3102 2831 3351 2898 γυναιξὶν
3383 2831 3613 2903 ἀπόροις
3650 2827 3742 2896 αἶς

2154 2916 2291 2986 πρὸς
2313 2916 2373 2969 τὸ
2397 2917 2605 2971 τίκτειν
2629 2917 2730 2971 οὐκ
2751 2914 2820 2988 ἦν
2850 2919 3193 2990 καταγώγια.
3224 2922 3346 2976 ούδὲ
3377 2940 3429 2976 τι
3462 2923 3572 2977 τῶν
3603 2924 3740 2993 πρὸς

2155 3006 2454 3077 θεραπείαν
2508 3010 2854 3080 ἐπιτηδείων,
2898 3010 3082 3075 οἴκους
3148 3013 3289 3067 ἑπτὰ
3347 3014 3406 3066 ἐν
3458 3013 3742 3084 διαφόροις

2107 3170 2119 3186 ν
2156 3100 2427 3165 ἁποτάξαι
2480 3103 2669 3167 τόποις
2702 3102 2800 3172 τῆς
2852 3105 3086 3172 πόλεως,
3102 3106 3309 3170 ,κλίνας
3338 3123 3397 3160 τε
3433 3107 3530 3160 καὶ
3560 3123 3745 3177 στρω-

470 3201 902 3263 locis-civitatis,
926 3197 1279 3268 ell‘eceritque
1310 3209 1368 3254 ut
1397 3200 1447 3253 in
1488 3200 1568 3254 eis
1611 3212 1795 3255 essent
1843 3200 1965 3255 lecti
1997 3210 2051 3254 et
2080 3197 2119 3221 “

2159 3194 2297 3263 μνὰς
2353 3195 2412 3247 ἐν
2444 3194 2657 3259 τούτοις
2710 3192 2851 3249 εἶναι
2897 3200 3356 3269 παρασκευάσαι,
3390 3200 3483 3252 καὶ
3521 3199 3740 3270 τροφῶν

2156 3284 2423 3353 χορηγίαν
2464 3285 2525 3338 τὸ
2571 3286 2680 3339 τῶν
2706 3288 3011 3341 τικτουσῶν
3053 3288 3263 3352 ὲπιδεὲς
3303 3288 3736 3359 θεραπεύουσαν.

2168 3375 2292 3427 Ἐπὶ
2315 3379 2528 3440 τούτοις
2559 3377 2667 3430 τῶν
2693 3381 3008 3444 πενομένων
3034 3380 3129 3432 τοῦ
3159 3380 3365 3451 κλήρου
3402 3381 3737 3451 προμήθεια,

2158 3470 2251 3521 καὶ
2275 3469 2332 3521 τὶ
2357 3469 2573 3541 ἑκάστῳ
2601 3468 2804 3523 τούτων
2830 3472 3023 3541 ἐτήσια
3050 3475 3308 3544 χρήματα
3331 3474 3578 3544 ἐπιρρεῖν
3596 3490 3611 3504 ·
3640 3476 3741 3527 οὐκ

2157 3561 2341 3623 αὐτοῖς
2369 3562 2424 3614 δὲ
2452 3562 2657 3632 μόνοις,
2687 3562 2823 3615 ἀλλὰ
2855 3566 2949 3616 καὶ
2979 3566 3085 3616 τῶν
3111 3565 3427 3617 ἐπισκόπων
3472 3567 3617 3629 ὅσοις
3637 3566 3742 3619 οὐκ

2157 3652 2408 3723 αὐτάρκη
2454 3654 2522 3706 τὰ
2574 3656 2710 3726 πρὸς
2767 3657 2826 3708 τὸ
2885 3653 2989 3725 ζῇν
3029 3656 3293 3726 ἐτύγχανε
3346 3658 3737 3727 δαπανήματα.

2169 3742 2331 3795 Ἀλλά
2363 3743 2413 3795 τί
2443 3743 2615 3796 ταῦτα
2640 3744 2782 3815 πρὸς
2804 3745 2902 3816 τὴν
2929 3745 3174 3816 μεγάλην
3225 3746 3326 3816 τῆς
3360 3749 3740 3818 προαιρέσεως

2157 3833 2321 3886 αὐτοῦ
2356 3834 2650 3897 θάλασσαν,
2698 3840 2796 3889 καὶ
2826 3838 2888 3890 τὸ
2920 3838 3118 3906 ἀχανὲς
3149 3839 3324 3891 ἐκεῖνο
3355 3839 3593 3908 πέλαγος
3638 3840 3740 3910 τῆς

2158 3926 2564 3997 χρηστότητοςς
2600 3927 2788 3991 Νεῖλος
2823 3929 2931 4001 γάρ
2960 3947 3043 3992 τις
3072 3925 3140 4000 ἦν
3189 3930 3376 3997 ἕτερος
3409 3930 3625 4000 δαψιλεῖ
3658 3930 3736 4001 τῷ

2161 4018 2393 4089 ῥεύματι
2419 4020 2520 4088 τῆς
2543 4021 2933 4092 ὲλεημοσύνης,
2961 4022 3021 4075 οὐ
3056 4024 3155 4090 τὴν
3184 4022 3461 4092 Αἴγυπτον
3489 4022 3565 4086 ὡς
3595 4023 3739 4076 ἐκεί-

2158 4126 2246 4170 νος
2272 4109 2448 4180 ἄρδων
2513 4112 2705 4179 μόνην,
2750 4111 2886 4165 ἀλλὰ
2915 4111 3010 4165 καὶ
3062 4112 3230 4183 αὐτὴν
3273 4113 3374 4182 τὴν
3415 4114 3734 4183 σύμπασαν.

2158 4200 2231 4263 ὡς
2254 4202 2451 4268 εἰπεῖν,
2476 4204 2805 4274 περιρρέων.
2838 4203 2932 4265 Τίς
2956 4204 3062 4274 γὰρ
3082 4204 3190 4257 τῶν
3214 4205 3587 4275 ἁπανταχόθεν
3617 4206 3737 4258 sm-

2158 4293 2495 4363 δημούντων,
2550 4293 2667 4362 βίου
2724 4294 3000 4359 σπανίζων
3064 4295 3157 4348 καὶ
3215 4295 3365 4366 αὐτῷ
3397 4296 3737 4367 προσελθὼν,

2161 4384 2376 4453 στυγνῴ
2407 4384 2707 4455 προσώπῳ,
2739 4388 2922 4449 κεναῖς
2955 4386 3227 4454 ἐπανῆλθε
3281 4388 3460 4457 χερσὶ,
3494 4387 3737 4458 καὶ.οὑχὶ

473 4481 857 4550 benignitatem
890 4481 1102 4535 abunde
1131 4489 1460 4536 consecutus
1484 4480 1641 4535 llmo
1678 4496 1805 4537 vero
1832 4484 2052 4550 quinam

2161 4477 2419 4540 πλουσίας
2444 4478 2726 4546 άπήλαυσε
2744 4484 2844 4548 τῆς
2869 4479 3237 4551 χρηστότητος
3260 4495 3274 4545 ;
3309 4481 3512 4548 μᾶλλον
3534 4481 3591 4532 δὲ
3616 4482 3738 4533 τίνα

472 4588 536 4627 ex
572 4574 655 4634 iis,
701 4571 796 4641 qui
833 4581 1076 4642 egestate
1127 4572 1455 4628 laborabant
1506 4573 1816 4643 ubicunque
1874 4584 2047 4627 terra-

477 4681 595 4719 rum
629 4680 750 4719 eum
781 4680 902 4720 esse
933 4664 1232 4732 accepisset
1263 4705 1279 4731 ,
1318 4681 1424 4720 non
1457 4681 1518 4721 ea
1561 4667 1813 4734 praebuit,
1846 4682 1965 4737 quae
1987 4668 2053 4720 ad

390 4815 398 4823 ,
476 4771 631 4810 usum
679 4754 1043 4810 sufﬁcerent?
1075 4752 1211 4808 Nam
1256 4770 1380 4809 cum
1417 4765 1543 4810 tunc
1585 4757 1770 4811 Persa:
1819 4756 2056 4825 populati

473 4854 656 4900 essent
690 4845 1003 4901 universam
1035 4845 1275 4915 Syriam,
1303 4846 1395 4915 qui
1436 4862 1629 4902 eorum
1662 4864 1856 4904 manus
1901 4858 2055 4917 pote-

476 4946 600 4992 rant
629 4936 884 5005 ellugere,
914 4949 969 4992 et
993 4937 1142 5003 laici,
1168 4946 1277 4992 tam
1312 4939 1345 4993 ii
1379 4940 1469 5007 qui
1497 4940 1875 5011 magistratum
1911 4954 2059 5010 gere-

477 5030 627 5093 bant,
663 5045 825 5098 quam
869 5031 1088 5100 privati,
1136 5044 1191 5084 et
1239 5016 1421 5086 clerici
1452 5046 1574 5085 cum
1625 5032 1896 5101 episcoliis
1935 5046 2060 5086 con-

478 5121 690 5192 fugiunt
722 5119 1124 5176 Alexandriam.
1156 5119 1365 5188 Quibus
1406 5122 1658 5177 omnibus
1704 5124 1856 5179 dives
1891 5126 1977 5179 ille
2007 5132 2060 5176 et

479 5214 701 5266 minime
747 5222 1008 5281 angustus
1042 5215 1359 5267 convivator
1384 5214 1627 5282 quotidie
1681 5217 2060 5283 suppeditabat

476 5288 597 5370 quae
619 5311 775 5353 erant
808 5303 873 5352 ad
904 5316 1061 5354 usum
1089 5302 1421 5363 necessaria,
1455 5316 1559 5353 non
1602 5300 1670 5354 ad
1703 5302 2057 5372 indigentimn

484 5392 753 5462 aspiciens
801 5391 1231 5453 multitudinem,
1288 5403 1345 5443 ut
1385 5392 1587 5460 aliquid
1636 5392 1860 5457 faceret,
1918 5397 2060 5465 quod

476 5494 622 5539 esset
651 5482 857 5538 sordidi
895 5494 947 5536 et
992 5482 1273 5536 illiberalis
1299 5484 1489 5547 animi,
1555 5488 1650 5540 sed
1684 5490 1749 5540 ad
1793 5504 1937 5552 Clllll,
1968 5490 2057 5559 qui

482 5576 659 5645 aperit
683 5591 926 5637 manum,
950 5584 1006 5629 et
1026 5589 1187 5629 omne
1208 5574 1408 5627 animal
1442 5576 1627 5643 implet
1661 5578 2058 5633 benedictione.

479 5669 616 5723 Cum
647 5679 828 5723 autem
868 5666 1183 5721 llasmiszus
1216 5665 1319 5737 (5).
1358 5669 1465 5722 dux
1503 5675 1772 5725 exercitus
1797 5673 2059 5736 Chosroc,

553 5781 629 5848 (ὅ)
672 5780 768 5835 Ms.
812 5781 986 5836 Graec.
1036 5781 1421 5848 Rhusmiozus;
1458 5785 1682 5840 alterum
1737 5806 1836 5842 ms.
1874 5789 2049 5844 Grmc.

484 5846 799 5905 Rasmozus.
844 5852 1179 5907 Describitur
1215 5855 1329 5911 haec
1364 5846 1651 5911 Persarum
1684 5860 1955 5929 expeditio
2003 5864 2055 5914 in

2157 4567 2267 4620 τῶν
2302 4568 2493 4629 ἐνδεῶς
2543 4569 2775 4639 ἑχόντων
2817 4570 2954 4623 ὅπου
2994 4570 3114 4623 ποτ’
3146 4569 3211 4624 ἂν
3258 4573 3353 4624 καὶ
3388 4573 3489 4638 γῆς
3525 4571 3739 4641 ὑπῆρχε

2164 4657 2375 4727 μαθὼν,
2411 4660 2511 4712 οὐκ
2539 4661 2787 4731 αὐτάρκη
2813 4661 2878 4714 τὰ
2910 4664 3045 4723 πρὸς
3075 4664 3172 4732 τὴν
3201 4663 3391 4733 χρείαν
3421 4663 3569 4733 αὐτῷ
3598 4680 3739 4733 παρ-

2161 4753 2286 4821 έσχε
2314 4770 2329 4818 ;
2364 4754 2589 4824 Περσῶν
2617 4756 2724 4825 γὰρ
2756 4756 2816 4807 τὸ
2842 4756 3144 4824 τηνικαῦτα
3164 4756 3261 4825 τὴν
3283 4756 3470 4827 Σύρων
3497 4757 3602 4827 γῆν
3629 4758 3738 4809 πᾶ-

2163 4859 2261 4894 σαν
2312 4843 2676 4911 ληῐσαμένων,
2741 4847 2790 4898 οί
2845 4847 2944 4908 τὰς
3001 4846 3208 4899 τούτων
3240 4851 3427 4918 χεῖρας
3477 4850 3740 4917 ἐκφυγεῖν

2160 4932 2502 5003 δυνηθὲιτες,
2538 4935 2651 4987 ὅσοι
2680 4953 2737 4988 τε
2766 4938 2873 4990 τῶν
2905 4938 3106 4992 λαῐκῶν
3138 4934 3278 5010 ἦσαν
3308 4940 3566 5009 ἄρχοντες
3600 4940 3739 5008 ὁμοῦ

2162 5031 2255 5081 καὶ
2286 5030 2602 5098 ἀρχόμενοι,
2635 5029 2731 5080 καὶ
2755 5030 2870 5081 ὅσοι
2901 5031 2994 5081 τοῦ
3024 5029 3227 5100 κλήρου
3274 5031 3456 5093 αὐτοῖς
3516 5032 3742 5085 ἐπισκό-

2163 5139 2282 5185 ποις
2315 5123 2394 5184 aii;
2433 5121 2839 5191 Ἀλεξάνδρειαν
2887 5124 3327 5190 καταφεύγουσιν
3349 5141 3363 5156 ο
3396 5119 3477 5188 οἷς
3504 5125 3670 5177 πᾶσιν
3714 5126 3742 5177 ὁ

2161 5212 2415 5274 πλούσιος
2451 5214 2653 5275 ἐκεῖνος
2693 5230 2726 5264 κ
2765 5214 2786 5264 ὶ
2818 5214 3261 5285 άστενοχώρητος
3321 5217 3591 5287 ἑστιάτωρ
3624 5218 3742 5269 ἱλα-

2166 5306 2271 5374 ρῶς
2297 5304 2415 5356 καθ’
2442 5306 2681 5373 ἑκάστην
2713 5308 2968 5378 ἐχορήγει
3015 5308 3082 5358 τά
3110 5308 3245 5376 πρὸς
3274 5309 3372 5377 τὴν
3420 5309 3633 5379 χρείαν,
3681 5309 3742 5361 οὐ

2164 5397 2304 5464 πρὸς
2326 5397 2385 5449 τὸ
2407 5397 2611 5463 πλῆθος
2638 5398 2853 5466 βλέπων
2870 5398 2977 5450 τῶν
3004 5399 3298 5468 δεομένων,
3337 5400 3422 5452 ἵνα
3448 5418 3500 5452 τι
3527 5403 3620 5452 καὶ
3657 5417 3746 5469 μι-

2166 5491 2439 5561 κρόψυχον
2487 5492 2718 5563 ύποστῇ,
2775 5491 2911 5546 ἀλλὰ
2942 5492 3076 5563 πρὸς
3122 5493 3214 5545 τὸν
3244 5495 3530 5561 ἀνοίγοντα
3589 5496 3747 5563 χεῖρα

2166 5584 2259 5635 καὶ
2290 5585 2452 5635 παντὶ
2485 5583 2609 5653 ζιῖκῳ
2633 5585 2882 5646 εὐδοκίας
2916 5584 3293 5651 μεταδιδόντα.
3340 5586 3666 5654 Ῥασμιόζου
3688 5585 3747 5637 δὲ

2170 5672 2263 5725 τοῦ
2298 5676 2736 5744 ἀρχιστρατήγου
2788 5674 3029 5742 Χοτρὸου
3076 5676 3204 5736 τοὺς
3251 5675 3583 5739 σεϐιροιίους
3634 5677 3746 5729 τῶν

2164 5790 2439 5845 Chronico
2485 5780 2855 5846 Alexandrino
2890 5808 3033 5846 anno
3074 5792 3312 5848 Heraclii
3356 5808 3407 5847 tv
3435 5814 3454 5859 δ
3482 5809 3511 5847 a
3572 5794 3751 5848 Theo-

2171 5861 2348 5930 phane
2378 5862 2469 5916 lib.
2490 5878 2655 5950 inut,
2689 5876 2810 5932 Cap.
2846 5862 2898 5930 ὕ,
2935 5878 3042 5918 non
3069 5864 3349 5919 nominato
3377 5866 3511 5928 duce
3538 5869 3750 5921 exerci—
