4116 6420
399 339 471 402 90
482 341 502 403 1

1367 341 1540 403 νιΤΑ
1578 341 1637 401 S.
1681 341 2008 404 JOANNIS
2050 345 2694 408 ELEEMOSYNARII.

3553 350 3659 416 902

383 452 649 524 Ἰεροσολύ
660 469 774 523 μων
799 452 998 516 τόπους
1031 451 1340 524 δῃώσαντός
1371 470 1428 506 τε
1456 453 1549 507 καὶ
1571 454 1949 527 ἐκπορθήσαν-

2066 466 2334 511 vastasset
2358 467 2414 511 et
2441 459 2796 528 depopulatus
2839 470 2987 515 esset
3021 460 3334 517 veneranda
3377 463 3491 520 loca
3536 466 3659 524 Hie-

367 563 462 608 τος
484 585 498 610 ,
530 544 654 596 ἐπεὶ
684 544 843 597 τοῦτο
884 544 1117 614 ἤκουσεν
1160 548 1189 598 ὁ
1216 546 1313 598 τοῦ
1348 545 1485 597 Θεοῦ
1516 545 1828 616 ἄνθρωπος,
1861 549 1958 601 καὶ

369 636 449 700 ὡς
469 637 647 689 πάντα
680 635 748 687 τὰ
776 634 908 701 ἅγια
940 635 1073 703 πυρὶ
1099 635 1398 705 παρεδόθη,
1427 635 1618 706 θρηνεῖ
1649 636 1748 706 μὲν
1766 638 1960 707 ἐπίσης

383 726 628 798 Ἱερεμίᾳ
648 724 710 777 τὸ
744 724 987 792 γεγονὸς,
1011 725 1070 777 ού
1111 725 1272 795 μέχρι
1299 726 1353 778 δὲ
1374 726 1562 779 τούτου
1583 727 1645 780 τὸ
1673 728 1959 798 συμπαθὲς

372 819 578 888 ῐστησι,
601 816 926 885 Κτήσιππόν
945 833 1068 868 τινα
1099 817 1319 885 θεοφιλῆ
1339 817 1625 888 ἄνθρωπον
1638 821 1958 875 ἀποστέλλει

369 909 595 980 χρυσίον
622 907 773 979 αὐτῷ
793 907 986 977 συχνὸν
1020 908 1332 977 ἐγχειρίσας
1356 948 1371 973 ,
1399 909 1543 962 σῖτόν
1558 927 1616 962 τε
1637 912 1730 964 καὶ
1751 913 1957 983 τροφὰς

378 1003 573 1072 ἑτέρας
608 1002 703 1052 καὶ
724 999 1068 1069 περιϐόλαια,
1115 1000 1210 1051 καὶ
1246 1000 1383 1073 πρὸς
1424 1001 1525 1071 τὴν
1567 1002 1748 1056 αὐτῶν
1791 1021 1958 1073 μετα-

370 1091 600 1163 κομιδὴν
625 1089 903 1159 ὑποζύγια
944 1090 1264 1160 πάμπολλα,
1300 1091 1437 1161 ὁμοῦ
1471 1092 1572 1163 μὲν
1605 1095 1703 1153 τὴν
1728 1094 1954 1165 ἐρήμων

372 1202 459 1238 σιν
486 1183 857 1253 κατοψόμενον
884 1223 899 1245 ,
923 1184 1057 1252 ὁμοῦ
1090 1184 1147 1236 δὲ
1186 1183 1313 1246 τοὺς
1344 1186 1408 1236 ὲκ
1447 1185 1542 1254 τῆς
1579 1184 1957 1255 αἰχμαλωσίας

306 1344 311 1351 ,
372 1274 825 1347 περιλειφθέντας
862 1273 1063 1338 ἱκανῶς
1101 1274 1190 1327 διὰ
1216 1274 1327 1327 τῶν
1350 1275 1662 1344 εἰρημένων
1707 1276 1953 1348 ἀνακτη-

372 1368 618 1438 σόμενον.
676 1367 818 1436 Πρὸς
875 1366 1051 1436 τούτῳ
1099 1366 1193 1421 καὶ
1246 1366 1520 1437 Θεόδωρον
1591 1367 1954 1437 Ἀμαθοῦντος

372 1460 691 1522 ἐπίσκοπον,
729 1459 823 1511 καὶ
883 1459 1230 1513 ’Λναστάσιον
1275 1460 1367 1512 τὸν
1410 1459 1504 1512 τοῦ
1536 1459 1696 1530 ὅρους
1727 1460 1823 1516 τοῦ
1857 1480 1954 1532 με-

375 1550 538 1620 γάλου
569 1549 983 1620 καθηγούμενον
1027 1550 1337 1615 Ἀντωνίου,
1370 1550 1465 1603 καὶ
1494 1551 1800 1622 Γρηγόριον
1837 1553 1952 1607 Ῥι-

375 1639 747 1710 νοκουρούρων
771 1640 1090 1705 ἐπίσκοπον,
1122 1641 1215 1692 ἐπὶ
1242 1640 1512 1711 ἀναλήψει
1533 1641 1641 1695 τῶν
1665 1644 1949 1714 αἰχμαλω-

370 1731 666 1785 τισθέντων
732 1732 1046 1803 ἐκπέμπει,
1118 1733 1343 1803 χρυσίον
1409 1733 1508 1787 οὐκ
1575 1734 1950 1807 εὐαρίθμητον

372 1822 811 1894 παρασχόμενος.

2065 549 2515 620 rosolymorum;
2575 562 2857 622 postquam
2920 554 3023 609 hoc
3083 555 3292 609 audivit
3341 556 3506 611 homo
3563 561 3652 615 ille

2064 638 2182 705 Dei,
2228 649 2282 694 et
2314 642 2457 707 quod
2510 642 2690 695 omnia
2739 654 2927 698 sancta
2982 643 3217 699 fuissent
3273 646 3379 715 igni
3432 651 3652 716 tradita,

2060 729 2224 785 deﬂet
2261 731 2513 799 quidem,
2549 747 2653 787 non
2696 747 2855 790 secus
2880 747 3043 805 atque
3082 738 3380 806 Jeremias,
3418 741 3468 796 id
3504 744 3650 811 quod

2060 816 2263 874 factum
2307 819 2523 875 fuerat:
2569 837 2673 876 non
2717 823 2982 881 hactenus
3012 838 3193 883 autem
3235 834 3484 885 constitit
3531 833 3650 899 ejus

2060 910 2487 974 commiseratio,
2511 913 2603 967 sed
2630 915 2793 968 mittit
2822 917 2986 970 etiam
3010 918 3323 989 Cctsippum
3347 921 3425 993 (4)
3455 938 3649 993 quein-

2059 1005 2206 1066 dam,
2245 1006 2419 1058 virum
2445 1005 2616 1072 pium,
2639 1007 2862 1062 tradens
2882 1009 2932 1062 ei
2960 1009 3187 1063 multum
3221 1014 3360 1078 auri,
3392 1013 3642 1070 frumen-

2059 1106 2280 1165 tumque
2332 1106 2385 1152 et
2427 1098 2532 1151 alia
2573 1097 2829 1154 alimenta
2885 1109 2941 1154 et
2991 1100 3338 1167 indumenta,
3385 1114 3440 1158 et
3482 1109 3546 1159 ad
3578 1123 3646 1162 ea

2058 1187 2305 1240 vehenda
2331 1185 2575 1253 iumenta
2606 1187 2878 1256 plurima:
2923 1198 3036 1243 tum
3077 1200 3134 1245 ut
3170 1193 3441 1261 aspiceret
3474 1197 3646 1250 vasti-

2057 1286 2245 1341 tatem,
2279 1286 2390 1330 tum
2416 1279 2605 1343 etiam,
2640 1288 2701 1333 ut
2738 1294 2831 1334 eos
2859 1280 2954 1349 qui
2986 1292 3358 1338 remanserant
3381 1298 3449 1339 ex
3473 1288 3650 1355 capti-

2054 1368 2245 1432 vitate,
2284 1371 2418 1425 satis
2461 1385 2557 1439 per
2596 1385 2658 1425 ea
2706 1386 2828 1440 qua:
2874 1373 3018 1436 dicta
3050 1372 3298 1439 fuerunt,
3348 1390 3643 1438 recrearet.

2062 1459 2337 1515 Praeterea
2388 1471 2568 1516 autem
2625 1462 2970 1518 Theodorum
3026 1480 3243 1534 quoque
3296 1469 3648 1525 Amathuntis

2054 1551 2366 1620 episcopum
2390 1591 2406 1617 ,
2438 1561 2507 1605 .ct
2535 1553 2880 1606 Anastasium
2935 1555 3247 1624 praefectum
3281 1560 3458 1628 magni
3492 1576 3645 1614 mou-

2056 1640 2124 1693 tis
2166 1642 2387 1694 Antonii
2430 1642 2506 1711 (5)
2536 1684 2551 1707 ,
2592 1656 2646 1697 et
2677 1643 2997 1713 Gregorium
3046 1647 3360 1718 episcopum
3398 1649 3640 1706 liinoeu-

2055 1747 2238 1786 rorum
2268 1732 2369 1804 (6),
2403 1735 2602 1788 emittit
2638 1736 2704 1788 ad
2743 1750 2836 1790 eos
2876 1738 3245 1806 recipiendos,
3286 1739 3378 1809 qui
3422 1742 3643 1797 abducti

2057 1824 2275 1878 fuerant
2319 1825 2373 1878 in
2420 1827 2821 1895 captivitatem,
2867 1827 2975 1882 vim
3023 1831 3141 1885 auri
3182 1832 3432 1902 praebens
3474 1848 3645 1905 prope

2060 1915 2511 1989 imiunterahileut
2525 1957 2539 1971 .

1770 2098 1777 2105 ι
1840 2029 2171 2086 CAPUTIL

1474 2123 1635 2180 l'aria
1657 2126 2039 2183 missi-immite
2071 2133 2513 2197 (meracam-cita.

442 2242 513 2297 Z'.
548 2240 669 2304 Πῶς
698 2242 742 2296 δ’
782 2242 847 2295 ἄν
871 2260 952 2307 τις
989 2242 1147 2297 τοῦτο
1191 2246 1370 2315 σιωπῇ
1406 2244 1699 2315 παραδοίη,
1724 2244 1819 2299 καὶ
1872 2247 1947 2317 μὴ

370 2335 572 2404 μᾶλλον
621 2337 810 2397 ἀκοαῖς
872 2336 1265 2406 εὐσπλάγχνων
1322 2338 1609 2407 χαρίσαιτο
1661 2337 1730 2391 δι’
1758 2338 1946 2402 αὐτοῦ,

368 2424 465 2481 ἅτε
488 2428 583 2479 καὶ
606 2426 765 2479 πλέον
786 2426 1142 2496 διασημαῖνον
1170 2427 1232 2483 τὸ
1264 2430 1392 2499 περὶ
1422 2427 1518 2499 τὴν
1572 2428 1947 2500 ἐλεημοσύνην

367 2514 459 2569 τοῦ
487 2516 680 2586 ἀνδρὸς
739 2517 1165 2588 ἐπιμελέστατον
1221 2520 1316 2573 καὶ
1369 2519 1738 2591 θερμότατον;
1790 2521 1948 2591 *Αμα

366 2608 477 2681 γὰρ
533 2608 612 2678 τῷ
662 2610 1018 2679 πιστευθῆναι
1068 2611 1167 2679 τὴν
1219 2611 1651 2682 ἀρχιερωσύνην,
1708 2629 1947 2681 μετακα-

368 2700 664 2771 λεσάμενος
684 2702 810 2765 τοὺς
839 2703 935 2765 τὰς
954 2703 1249 2770 ἐκκλησίας
1269 2703 1709 2772 οῖκονομοῦντας,
1724 2704 1951 2759 ἀκουόν-

368 2807 476 2844 των
509 2792 643 2861 ὁμοῦ
672 2793 767 2845 καὶ
798 2791 908 2845 τῶν
952 2792 1047 2847 τοῦ
1079 2794 1339 2864 σεκρέτου
1360 2813 1374 2826 ·
1410 2795 1486 2848 Oti
1513 2795 1740 2859 δίκαιον,
1774 2791 1947 2864 εἶπεν,

368 2879 590 2948 ἀδελφοί
617 2899 676 2935 τε
699 2883 793 2935 καὶ
817 2882 1245 2954 συλλειτουργοὶ,
1274 2883 1461 2955 ἔτερόν
1484 2899 1537 2936 τι
1561 2883 1669 2954 πρὸ
1694 2881 1789 2937 τοῦ
1811 2884 1949 2954 Χρι-

368 2970 496 3024 στοῦ
527 2972 615 3027 διὰ
672 2972 951 3044 φροντίδος
985 2975 1134 3043 ἡμᾶς
1180 2973 1530 3044 ποιήσασθαι.
1578 2971 1790 3027 Οὐκοῦν
1843 2974 1948 3029 ἀνὰ

368 3066 547 3118 πᾶσαν
570 3065 929 3135 πορευθέντες
949 3065 1049 3137 τὴν
1079 3066 1235 3119 πόλιν
1260 3066 1382 3119 καθ’
1415 3066 1512 3118 ἕνα
1537 3066 1601 3137 δὴ
1632 3067 1758 3128 τοὺς
1781 3067 1948 3135 ἐμοὺς

368 3157 764 3228 ἀπογράψασθε
795 3158 1082 3221 δεσπότας.
1142 3159 1263 3211 Τῶν
1319 3159 1376 3212 δὲ
1418 3160 1512 3211 ἐπὶ
1543 3158 1621 3228 τῷ
1646 3158 1789 3229 λόγῳ
1833 3159 1948 3212 δια-

366 3250 750 3319 πορουμένων,
786 3252 880 3302 καὶ
936 3251 1082 3312 τίνες
1110 3250 1176 3304 ἂν
1204 3247 1315 3302 εἷεν
1346 3252 1396 3304 οἱ
1449 3249 1546 3304 τοῦ
1602 3251 1947 3321 πατριάρχου

365 3339 624 3394 δεσπόται
648 3340 1184 3409 διαπυνθανομένων.
1214 3339 1321 3404 Οὓς
1349 3341 1526 3410 ὑμεῖς,
1552 3339 1678 3410 ἔφη,
1711 3340 1949 3410 πένητας

367 3434 460 3486 καὶ
484 3433 782 3502 προσαίτας
806 3431 989 3486 καλεῖν
1009 3431 1258 3495 εἰώθατε,
1285 3432 1508 3495 τούτους
1540 3428 1651 3497 ἐγὼ
1681 3430 1950 3494 δεσπότας

366 3522 503 3592 ὁμοῦ
529 3522 623 3576 καὶ
645 3522 1022 3593 συλλήπτορας
1062 3521 1332 3592 ὀνομάζω.
1363 3522 1531 3576 Αὐτοὶ
1566 3521 1673 3593 γὰρ
1728 3538 1820 3591 μοι
1851 3522 1943 3575 καὶ
1970 3511 2014 3570 C

371 3615 522 3683 μόνοι
553 3614 786 3668 δύναιντ’
812 3615 879 3669 ἂν
899 3614 1258 3669 συλλαὸέσθαι
1292 3614 1427 3685 πρὸς
1457 3615 1515 3668 τὸ
1538 3614 1636 3684 τῆς
1671 3612 1945 3683 βασιλείας

368 3706 604 3775 Χριστοῦ
653 3706 729 3777 μὴ
770 3706 1117 3778 διαμαρτεῖν.
1181 3706 1267 3769 Ὠς
1300 3707 1357 3759 δὲ
1419 3710 1556 3776 ταχὺ
1613 3706 1838 3774 γεγονὸς
1884 3709 1946 3759 τὸ

368 3797 712 3868 προσταχθὲν
735 3798 1053 3867 κατενόησε,
1080 3798 1175 3852 καὶ
1194 3798 1274 3860 είς
1301 3795 1742 3867 ἑπτακισχιλίους
1771 3797 1948 3850 ᾶπαν-

365 3905 466 3952 τας
495 3888 632 3960 πρὸς
665 3891 775 3953 τοῖς
810 3890 1191 3953 πεντακοσίοις
1255 3886 1685 3959 ἁριθμηθὲντας,
1723 3888 1941 3958 ἑκάστῳ

367 3979 573 4034 τούτων
609 3981 896 4034 ἐκέλευσεν
953 3981 1266 4053 ἡμερησίαν
1319 3979 1656 4050 παρέχεσθαι
1712 3977 1809 4050 τὴν
1853 3970 1946 4032 δα-

368 4072 566 4141 πάνην.

439 4163 521 4215 H'.
552 4161 687 4216 Μετ’
707 4163 886 4216 ἐκεῖνο
909 4160 1234 4233 σπούδασμα
1264 4160 1359 4214 τοῦ
1400 4160 1594 4232 ἀνδρὸς
1618 4160 1851 4228 γίνεται,
1880 4159 1941 4212 τὸ

366 4252 593 4316 δικαίοις
621 4251 808 4320 ζυγοῖς
834 4254 934 4307 καὶ
964 4254 1226 4323 σταθμοῖς
1255 4253 1493 4324 χρῆσθαι
1549 4254 1675 4316 τοὺς
1703 4253 1771 4307 τὰ
1809 4252 1943 4305 ὥνια

368 4343 682 4407 πωλοῦντας
732 4348 874 4398 κατὰ
919 4345 1019 4413 τὴν
1052 4346 1151 4415 τῆς
1182 4346 1390 4409 πόλεως
1424 4346 1652 4415 ἀγορὰν,
1677 4344 1705 4397 ὃ
1740 4345 1804 4415 δὴ
1849 4345 1945 4397 καὶ

365 4432 433 4488 δι’
468 4435 761 4505 ἐγγράφων
797 4435 1158 4506 προθεμάτων
1197 4435 1556 4507 κατώρθωται
1601 4435 1679 4507 τῷ
1723 4434 1939 4506 δικαίῳο

366 4525 461 4578 καὶ
501 4526 660 4579 τοῦτο
700 4526 756 4579 δὲ
791 4525 951 4598 ἔργον
999 4528 1210 4581 ἐκείνου
1237 4567 1251 4593 ,
1282 4527 1424 4581 κατά
1454 4527 1654 4599 πολλὴν
1685 4529 1943 4598 πρόνοιαν

363 4616 475 4669 τῶν
522 4618 897 4687 ἀδικουμένων
939 4619 1253 4689 γενόμενον.
1298 4617 1503 4671 Μαθὼν
1553 4620 1661 4688 γὰρ
1712 4620 1941 4683 πολλοὺς

365 4708 515 4778 αὐτῷ
546 4710 871 4778 προσελθεῖν
915 4710 1209 4779 μέλλοντας
1238 4713 1334 4763 καὶ
1385 4710 1511 4778 περὶ
1543 4704 1617 4763 ὧν
1657 4710 1942 4781 ἠδίκηνται

363 4801 642 4871 δεηθῆναι,
673 4803 954 4874 εἴργεσθαι
1008 4804 1161 4874 παρά
1209 4801 1318 4854 τῶν
1353 4801 1635 4870 ἑπομένων
1683 4803 1833 4873 αύτῷ
1882 4804 1937 4856 τί

366 4896 510 4946 ποιεῖ
530 4910 544 4958 ;
563 4894 666 4946 Δύο
693 4895 792 4964 τῆς
822 4894 1113 4963 ἑϐδομάδος
1139 4892 1416 4959 ἀποτάξας
1445 4895 1682 4965 ἡμέρας,
1704 4896 1935 4966 τετράδα

364 4985 531 5056 φημὶ,
584 4985 680 5039 καὶ
725 4986 1112 5058 Παρασκευὴν,
1172 4989 1230 5041 ὲν
1267 4987 1489 5050 ταύταις
1540 4987 1691 5056 παρά
1736 4987 1806 5040 τὰ
1842 4987 1937 5039 τού

2127 2245 2237 2301 VII.
2265 2249 2734 2314 Quemadmodum
2772 2259 2954 2307 autem
2986 2251 3093 2310 hoc
3120 2255 3389 2328 quispiam
3418 2257 3642 2310 manda.

2052 2340 2123 2394 rit
2163 2340 2412 2404 silentio,
2459 2352 2515 2395 et
2560 2359 2666 2395 non
2714 2343 2892 2410 potius
2943 2345 3374 2423 misericordium
3419 2347 3643 2403 auribus

2051 2448 2148 2501 per
2186 2433 2365 2500 ipsum
2402 2432 2569 2486 fuerit
2601 2433 2956 2502 gratificatus,
2995 2444 3051 2488 ut
3086 2435 3230 2504 quod
3270 2436 3440 2507 magis
3474 2437 3642 2509 signi-

2051 2521 2210 2586 ficet,
2245 2535 2406 2590 quam
2439 2522 2486 2574 is
2532 2521 2584 2575 in
2621 2522 2963 2594 eleemosyna
2998 2522 3153 2594 longe
3191 2523 3641 2596 diligentissimus

2049 2609 2213 2667 fuerit
2252 2622 2306 2666 et
2347 2611 2906 2673 vehementissimus?
2934 2612 3067 2668 Nam
3096 2630 3220 2669 eum
3258 2615 3489 2684 primum
3517 2615 3639 2685 ejus

2050 2703 2172 2759 fidei
2212 2705 2450 2759 creditus
2486 2704 2678 2759 fuisset
2708 2704 3079 2773 pontiﬁcatus,
3117 2705 3183 2761 iis
3225 2705 3511 2760 accersitis
3544 2706 3636 2775 qui

2052 2811 2137 2850 res
2175 2796 2431 2852 Ecclesiae
2464 2795 2874 2864 dispensabant,
2914 2797 2981 2851 iis
3017 2799 3181 2853 etiam
3213 2799 3373 2853 simul
3411 2798 3636 2852 audien-

2058 2886 2208 2942 tibus
2237 2873 2332 2955 qui
2366 2894 2527 2941 erant
2559 2899 2588 2939 a
2616 2899 2863 2940 secreto:
2895 2885 3012 2941 Non
3051 2897 3155 2951 est,
3186 2889 3377 2957 inquit,
3401 2889 3634 2959 justum,

2049 2993 2083 3034 o
2127 2979 2326 3034 fratres
2380 2988 2435 3035 et
2465 2979 2517 3033 in
2558 2977 2861 3034 ministerio
2899 2981 3065 3046 socii,
3113 2980 3271 3036 ullius
3306 2981 3528 3036 alterius
3556 2982 3635 3037 rei

2050 3087 2234 3128 curam
2276 3086 2467 3142 gerere
2507 3070 2688 3139 prius,
2727 3086 2888 3140 quant
2939 3070 3163 3126 Christi.
3210 3071 3415 3126 Euntes
3446 3072 3631 3141 itaque

2051 3178 2145 3233 per
2192 3170 2357 3217 tutam
2403 3164 2718 3230 civitatem,
2771 3163 3082 3233 singulatim
3131 3162 3429 3218 describite
3483 3178 3635 3217 tuens

2050 3257 2321 3311 dominos.
2363 3257 2496 3310 Cum
2528 3267 2713 3310 autem
2763 3256 2869 3322 illi,
2908 3267 3191 3323 postquam
3238 3256 3341 3310 hoc
3382 3254 3633 3320 dixisset,

2052 3348 2393 3414 dubitarent,
2437 3359 2491 3403 et
2523 3350 2744 3417 quinam
2790 3357 2973 3403 essent
3029 3347 3353 3415 patriarcha:
3399 3345 3630 3408 domini,

2055 3441 2495 3508 interrogarent,
2535 3439 2684 3506 Quos
2729 3454 2842 3504 vos,
2897 3437 3036 3491 dixit
3083 3436 3203 3501 ille,
3244 3452 3508 3506 pauperes
3581 3445 3637 3491 et

2048 3532 2329 3586 mendicos
2360 3531 2547 3585 soletis
2576 3530 2887 3601 appellare,
2923 3545 3018 3584 eos
3069 3543 3166 3599 rgo
3204 3527 3452 3582 dominos
3485 3542 3636 3583 uicos

2047 3621 2387 3689 etadjutores
2410 3623 2651 3676 nomino.
2685 3619 2819 3675 Nam
2844 3621 2880 3675 ii
2917 3619 3017 3674 soli
3057 3619 3184 3672 mihi
3210 3628 3436 3688 possunt
3468 3634 3629 3688 opem

2047 3711 2227 3775 ferre,
2273 3723 2329 3765 ut
2367 3728 2396 3765 a
2438 3713 2636 3767 Christi
2679 3727 2846 3781 regno
2888 3726 2993 3767 non
3029 3710 3302 3764 excidam.
3338 3708 3631 3778 Postquam

2047 3814 2226 3857 autem
2273 3803 2382 3857 cito
2425 3803 2626 3858 factum
2665 3804 2841 3857 fuerat
2872 3803 3014 3871 quod
3050 3801 3328 3871 jnsserat,
3363 3801 3634 3856 intellexit

2045 3909 2254 3959 omnes,
2294 3894 2384 3963 qui
2417 3894 2684 3948 numerati
2716 3894 2954 3958 fuerant,
2984 3892 3206 3948 efﬁcere
3232 3902 3439 3962 septem
3463 3892 3631 3945 millia

2043 3997 2099 4040 et
2164 3985 2520 4053 quingentos,
2589 3996 2643 4038 et
2699 3985 2862 4054 jussit
2918 3982 3213 4052 unicuique
3273 3997 3463 4038 eorum
3510 3983 3630 4038 dari

2045 4071 2314 4144 sumptum
2352 4076 2632 4131 diurnum.

2114 4164 2257 4219 Vlll.‘
2288 4165 2417 4220 Post
2462 4166 2578 4220 haec
2613 4180 2768 4220 suum
2813 4165 3084 4221 convertit
3115 4166 3355 4221 studium
3400 4166 3467 4221 ad
3502 4166 3632 4232 hoc,

2044 4266 2104 4312 ut
2132 4257 2294 4327 juStis
2316 4258 2644 4325 ponderibus
2667 4265 2720 4311 et
2746 4259 3018 4311 mensuris
3047 4266 3349 4322 uterentur,
3384 4259 3473 4326 qui
3503 4273 3632 4312 ven-

2042 4350 2240 4403 debant
2290 4349 2342 4401 in
2381 4348 2620 4402 civitate.
2656 4348 2805 4414 Quod
2839 4350 3053 4416 quidem
3098 4348 3323 4417 pulchre
3371 4349 3495 4403 ferit
3550 4352 3633 4404 vir

2038 4442 2240 4508 justus,
2279 4440 2495 4510 publice
2529 4440 2858 4508 prasscriptis
2897 4440 3111 4494 edictis.
3154 4439 3324 4495 Porro
3362 4455 3487 4494 vero
3528 4441 3629 4496 hoc

2043 4547 2265 4603 quoque
2307 4533 2373 4586 ab
2423 4532 2514 4586 illo
2553 4531 2755 4585 factum
2803 4541 2916 4596 est,
2961 4533 3104 4602 quod
3148 4544 3396 4597 magnam
3439 4547 3627 4586 curam

2044 4627 2267 4691 gerebat
2314 4638 2534 4687 eorum,
2585 4622 2783 4690 quibus
2833 4622 2996 4674 ﬁebat
3052 4620 3270 4689 injuria.
3325 4617 3459 4674 Nam
3502 4637 3624 4675 cum

2046 4719 2343 4787 accrpisset
2377 4718 2576 4770 multus
2609 4715 2673 4767 ad
2704 4728 2824 4766 eum
2856 4728 3196 4778 accessuros,
3226 4722 3279 4766 et
3311 4717 3374 4768 de
3408 4714 3476 4767 iis
3507 4730 3628 4783 qua:

2047 4810 2151 4864 illis
2184 4809 2341 4863 factm
2370 4808 2584 4862 fuerant
2621 4806 2828 4874 injuriis
2867 4806 3294 4874 supplicaturas,
3335 4806 3402 4860 ab
3438 4805 3502 4867 iis
3531 4805 3625 4875 qui

2045 4902 2218 4969 ipsum
2245 4898 2632 4967 sequebantur,
2657 4896 2864 4960 arceri;
2897 4895 3023 4964 quid
3047 4893 3216 4948 facit?
3246 4894 3462 4947 Duobus
3492 4897 3623 4947 heb-

2046 4992 2289 5047 domadas:
2320 4989 2634 5044 constitutis
2664 4988 2873 5051 dielms,
2904 4999 3123 5057 quarto,
3156 4989 3399 5056 inquam,
3437 4987 3547 5051 die,
3571 4995 3626 5040 et

362 5077 493 5130 ναοῦ
528 5078 845 5149 προπύλαια
902 5079 1288 5149 καθεζόμενος.
1353 5080 1515 5132 παντὶ
1567 5079 1647 5150 τῷ
1697 5081 1938 5149 ἐντυχεῖν

2051 5082 2130 5137 die
2156 5082 2504 5147 Parasceves,
2534 5082 2729 5136 sedens
2754 5079 2808 5133 in
2843 5080 3029 5149 templi
3062 5081 3382 5147 porticibus,
3414 5094 3472 5134 se
3502 5078 3625 5132 cui-

363 5169 676 5241 βουλομένῳ
713 5172 903 5235 ἄνετος
948 5167 1017 5243 ἦν
1069 5174 1160 5225 καὶ
1206 5172 1547 5243 εὐπρόσιτος,
1601 5171 1776 5234 ἐνίους
1824 5170 1938 5223 τῶν

2051 5174 2176 5227 libet
2204 5171 2405 5227 volenti
2431 5171 2703 5240 praebebat
2735 5171 3074 5236 adenudmu,
3124 5170 3408 5226 nonnullos
3450 5185 3517 5225 ex
3558 5169 3625 5225 iis

361 5340 492 5389 tus:
527 5342 607 5386 ast
634 5334 701 5385 ab
729 5334 830 5386 hoc
853 5347 969 5400 cap.
1003 5333 1074 5387 55
1096 5346 1323 5387 vocatur
1350 5330 1715 5386 Sarbaraznn.
1759 5331 1938 5386 Theo-
2037 5332 2446 5387 successoribus
2472 5342 2526 5387 et
2557 5326 2850 5387 abbatibus
2888 5348 2984 5388 seu
3026 5328 3301 5401 praefectis
3347 5341 3624 5387 monaste-

399 5403 909 5481 lianqm_sequi_tttr
975 5401 1298 5469 Ccdrenus;
1363 5406 1504 5469 apud
1571 5418 1710 5471 quos
1788 5403 1933 5457 nulla
2043 5405 2104 5456 rii
2146 5403 2334 5481 §_5_.___
2700 5473 2711 5481 _
2814 5472 2916 5481 Μ-
3063 5473 3077 5481 _
3303 5469 3316 5481 _
3400 5469 3412 5481 ο

384 5473 629 5543 iasmiszi
667 5469 894 5543 mentio.
1591 5469 1614 5543 ί
1882 5541 1905 5543 μ
2058 5542 2063 5543 ί
2114 5469 2191 5543 (6)
2238 5474 2635 5543 Rhinocorura,
2670 5473 2781 5529 sive
2814 5472 3203 5535 Rhinocolura,
3238 5469 3366 5524 urbs
3399 5469 3450 5523 in
3479 5486 3613 5535 con-

431 5542 511 5607 (4)
542 5542 748 5617 -ὃυλτίιιε
773 5542 1106 5611 Cresippum,
1147 5543 1415 5599 Baronius
1452 5559 1542 5597 an.
1590 5542 1714 5608 6H,
1759 5559 1814 5597 n.
1846 5541 1932 5606 ιδ,
2041 5541 2178 5617 [inin
2213 5541 2528 5617 {Egyptiet
2558 5542 2747 5617 Syr-ite,
2790 5552 2847 5617 ut
2877 5543 3369 5617 plitt'ibt)§_dicttlnl
3414 5549 3617 5617 est‘xvt

360 5610 712 5681 Chrysippum
742 5610 931 5668 vocat.
1682 5680 1687 5681 ί
2039 5613 2263 5667 .lanuar.
2292 5610 2363 5665 ad
2409 5610 2681 5667 Vitant‘S.
2720 5610 2889 5677 Μυιιιξ,
2937 5613 3053 5668 sive
3098 5610 3343 5674 Melanis,
3379 5610 3617 5677 ejusdem

429 5683 506 5754 (ﬁt
553 5684 627 5736 De
658 5684 855 5754 montis
884 5683 1049 5754 hujus
1070 5682 1173 5737 situ
1197 5693 1493 5754 actumest
1528 5698 1646 5754 xvur
1666 5680 1934 5747 Januarii,
2043 5685 2194 5739 urbis
2229 5684 2491 5754 episcopi.

356 5754 423 5807 ad
453 5750 511 5806 Vi
542 5767 628 5806 am
667 5752 725 5810 ὃ.
761 5750 981 5809 Antonii
1028 5752 1056 5824 ᾗ
1102 5754 1137 5807 2
1185 5754 1237 5809 in
1280 5752 1580 5828 Prolcgom.
1632 5753 1708 5810 De
1749 5755 1940 5825 primis
