4116 6410
483 352 588 414 903

1702 345 1986 406 MENSIS
2031 346 2490 410 JANUARIUS.

3654 348 3760 411 90F.

491 477 580 529 qm
630 470 786 515 erant
814 462 1015 512 virtute
1046 455 1308 527 insignes,
1339 457 1547 510 habens
1576 470 1760 510 secum
1791 457 2073 510 conliden-

2183 457 2269 509 ἐπ’
2299 457 2468 528 ἁρετῇ
2501 457 2788 530 διασήμων
2826 459 2968 529 ἔχων
2997 454 3147 526 αὐτῷ
3197 453 3636 523 συνεδρεύοντας,
3685 452 3768 520 οἷς

494 564 594 607 tes.
615 550 824 616 Quibus
853 563 994 616 sa-pe
1013 546 1298 601 dictitabat
1329 545 1479 610 illud,
1511 546 1730 616 dignum
1758 549 1899 616 quod
1934 549 2076 602 scri-

490 653 596 715 ptts
625 653 680 697 et
721 641 995 696 memoriae
1037 639 1325 692 mandetur
1355 655 1367 690 :
1409 637 1469 690 Si
1500 639 1694 701 nobis,
1733 640 1946 702 dicens,
1980 640 2073 707 qui

490 750 674 790 sumus
699 732 963 795 homines,
986 730 1112 784 licet
1131 730 1354 783 omnino
1379 732 1444 783 ad
1471 730 1634 783 Deum
1668 730 1926 784 accedere
1953 729 2074 783 abs-

489 840 592 894 que
631 825 738 878 ullo
785 824 1176 887 intercessore,
1234 830 1290 875 et.
1333 821 1398 874 de
1429 820 1629 890 quibus
1661 821 1912 874 volumus
1949 834 2072 873 eum

494 931 715 986 rogare;
747 915 1019 984 quomodo
1045 928 1149 966 non
1183 913 1285 981 ipsi
1316 926 1529 979 quoque
1561 910 1767 964 nostris
1797 909 2075 964 conservis

489 1016 672 1074 portas
705 1007 1017 1075 aperuimus
1042 1003 1248 1073 absque
1281 1003 1388 1056 ullo
1419 1003 1844 1072 impedimento,
1884 1011 1938 1055 et
1968 1015 2072 1054 non

488 1098 744 1162 cuilibet,
777 1100 862 1152 cui
893 1106 976 1152 est
1011 1110 1147 1166 opus
1169 1135 1185 1160 ,
1229 1094 1518 1165 benignam
1551 1107 1738 1148 aurem
1783 1092 2078 1162 praebueri-

495 1189 656 1244 mus?
713 1189 931 1245 Scimus
959 1191 1126 1254 enim,
1159 1206 1264 1258 qua
1299 1189 1468 1244 mensi
1501 1187 1766 1242 fuerimus
1792 1199 2072 1248 mensura,

491 1284 680 1339 eadem
717 1297 814 1336 nos
838 1296 959 1338 esse
995 1296 1241 1336 mensum
1274 1280 1519 1335 vicissim
1554 1287 1878 1349 accepturos
1911 1277 1953 1329 ‘.

562 1374 653 1430 IX.
694 1375 828 1430 Cum
863 1384 1068 1439 autem,
1101 1381 1159 1426 ut
1187 1381 1571 1435 consueverat,
1606 1371 1899 1439 aliquando
1936 1383 2078 1439 pra!-

490 1467 739 1533 sedisset,
769 1476 821 1520 et
850 1466 1032 1520 nullus
1062 1469 1407 1528 accessisset,
1445 1479 1680 1534 surgens
1711 1477 1958 1532 vespere,
1988 1476 2077 1516 re-

488 1559 654 1613 cessit
695 1557 867 1612 tristis
907 1565 962 1614 et
996 1557 1325 1627 lacrymans.
1359 1555 1514 1610 Nullo
1549 1570 1676 1609 vero
1704 1556 1949 1609 audente
1987 1569 2076 1608 ro-

2182 549 2417 619 ἐπέφερε
2472 551 2712 620 συνεχῶς
2761 552 2822 605 τὺ
2875 551 3099 621 γραφῆς
3155 549 3334 602 έκεῖνο
3385 548 3480 600 καὶ
3542 550 3768 618 μνήμης

2177 640 2350 706 ἄξιον,
2377 642 2438 693 ΕΞ
2474 644 2626 712 ἡμῖν,
2651 643 2862 711 υλέγων,
2899 641 3208 712 ἀνθρώποις
3242 639 3392 692 οὖσιν
3427 639 3580 692 ἄδεια
3613 643 3763 694 πᾶσα

2179 731 2499 801 προσελθεῖν
2532 735 2751 804 άμέσως
2778 735 2856 804 τῷ
2889 735 3030 805 Θεῷ,
3064 736 3159 788 καὶ
3190 733 3319 802 περὶ
3350 727 3427 784 ὧν
3458 731 3765 802 βουλόμεθα

2175 823 2456 894 δεηθῆναι,
2489 825 2609 888 πῶς
2637 827 2760 896 ούχὶ
2788 830 2904 888 τοῖς
2924 825 3239 895 ὁμοδούλοις
3270 824 3584 886 ἀκωλύτους
3607 824 3766 877 αὐτοὶ

2176 916 2274 978 τὰς
2305 915 2475 986 θύρας
2496 917 2837 986 ἀνοίξαιμεν,
2855 919 2950 971 καλ⁸
2967 919 3130 969 παντὶ
3152 915 3230 986 τῷ
3248 915 3438 986 χρείαν
3464 916 3640 985 ἔχοντι
3671 911 3766 980 οὖς

2178 1008 2438 1078 φιλήκοον
2485 1009 2914 1078 ύποκλίναιμενς
2943 1008 3180 1076 Οἴδαμεν
3217 1009 3350 1077 γὰρ,
3377 1001 3530 1076 ὅτιῷ
3583 1009 3770 1079 μέτρῳ

2180 1101 2548 1172 μετρήσομεν,
2585 1100 2724 1154 κατά
2755 1100 2818 1154 τὸ
2845 1100 2976 1154 αὐτὸ
3008 1101 3103 1154 καὶ
3134 1099 3266 1169 ἡμῖν
3297 1098 3770 1168 ἀντιμετρηθήσε-

2176 1209 2283 1244 ται.

2249 1366 2326 1421 Θ’.
2362 1367 2615 1440 Συνήθως
2646 1365 2777 1435 γοῦν
2810 1382 2940 1420 ποτε
2971 1363 3446 1437 προκαθεσθέντος
3475 1360 3643 1418 αὑτοῦ
3674 1365 3771 1418 καὶ

2183 1459 2414 1529 μηδενὸς
2447 1457 2863 1525 προσελθόντος,
2895 1455 3136 1519 ἀναστάς
3188 1453 3320 1525 περὶ
3351 1454 3535 1525 δείλην
3583 1453 3766 1523 ὀψίαν,

2177 1550 2428 1620 κατηφὴς
2454 1547 2531 1602 ὢν
2561 1549 2656 1602 καὶ
2681 1548 2985 1619 σύνδακρυς
3011 1547 3240 1618 ἐπανῄει
3263 1563 3279 1578 ·
3319 1547 3545 1617 μηδενὸς
3569 1546 3626 1599 δὲ
3648 1546 3770 1598 τολ-

489 1665 618 1720 gare
661 1665 881 1704 causam
923 1663 1022 1703 cur
1063 1659 1209 1703 esset
1257 1649 1459 1713 tristis,
1505 1647 1722 1701 divinus
1763 1647 1856 1716 qui
1886 1646 2074 1700 aderat

2180 1643 2390 1714 μῶντος
2421 1642 2688 1696 πυθέσθαι
2739 1642 2838 1713 τὴν
2889 1641 3069 1695 αἰτίαν
3099 1643 3195 1712 τῆς
3229 1640 3710 1711 σκυθρωπότητος,
3741 1641 3771 1692 6

493 1737 856 1808 Sophronius,
901 1737 1040 1804 Quid
1071 1747 1174 1801 est,
1213 1738 1412 1807 inquit,
1439 1753 1472 1792 ο
1499 1737 1585 1791 vir
1613 1736 1812 1798 divine,
1849 1737 1987 1804 quod
2019 1744 2074 1790 te

2179 1733 2321 1794 θεῖος
2351 1731 2544 1803 παρὼν
2574 1733 2906 1802 Σωφρόνιος,
2943 1732 3009 1785 Τί
3057 1733 3118 1785 τὸ
3168 1731 3442 1800 λυπῆσαν,
3495 1730 3622 1802 ἔφη,
3675 1730 3770 1783 θε-

486 1831 670 1884 aﬂ'ecit
708 1830 988 1894 molestia,
1031 1838 1086 1883 et
1128 1829 1294 1882 animi
1330 1829 1653 1899 aegritudine
1697 1828 1891 1882 bonam
1925 1836 2072 1882 tuam

2182 1824 2391 1890 σπέσιε,
2410 1798 2504 1878 καὶ
2521 1825 2622 1878 άθυ
2631 1798 2758 1896 μίας
2775 1825 2874 1896 τήν
2887 1824 3100 1896 ἀγαθήν
3119 1842 3213 1878 σου
3237 1798 3535 1896 πληρῶσαν
3552 1798 3733 1894 ψυχήν
3752 1842 3767 1888 ;

489 1920 731 1989 implevit
755 1919 1031 1975 animam?
1059 1919 1152 1975 Ille
1181 1931 1360 1974 autem
1395 1919 1512 1974 miti
1543 1929 1597 1974 et
1631 1919 1734 1973 lcni
1770 1934 1933 1974 voce:
1968 1917 2074 1974 llo-

2189 1914 2249 1967 'O
2281 1915 2338 1968 δὲ
2371 1916 2577 1987 πραείᾳ
2606 1917 2700 1970 καὶ
2728 1917 2938 1988 γαληνῇ
2962 1919 3028 1987 τῇ
3055 1919 3233 1988 φωνῇ,
3260 1917 3508 1988 Σήμερον
3529 1916 3559 1969 6
3583 1932 3772 1988 ταπει-

487 2013 616 2080 die,
667 2013 882 2081 inquit,
931 2013 1274 2067 miserandus
1318 2011 1561 2066 Joannes
1618 2028 1724 2066 non
1773 2015 1840 2066 ah
1892 2013 2074 2082 aliquo

2179 2007 2270 2071 νὸς
2311 2008 2586 2078 Ἰωάννης,
2632 2005 2776 2073 εἷπε,
2834 2009 3028 2079 μισθὸν
3086 2008 3199 2062 οὐδ’
3233 2009 3338 2062 ὑπό
3376 2026 3524 2070 τινος
3575 2008 3772 2062 οὐδένα

487 2105 648 2158 ullam
671 2106 880 2174 accepit
908 2105 1237 2170 mercedem,
1265 2120 1442 2174 neque
1481 2104 1649 2158 ullum
1678 2105 1760 2158 vel
1789 2104 2072 2158 minimum

2179 2099 2561 2170 διεκομίσατο,
2616 2101 2724 2155 οὐδ’
2771 2101 2897 2172 ἔσχε
2927 2101 3126 2172 μικρόν
3155 2119 3206 2154 τι
3245 2101 3338 2154 καλ⁵
3373 2101 3433 2156 τὸ
3481 2104 3642 2172 τυχδν
3678 2103 3769 2168 ἐξ·
3827 2157 3832 2162 _

485 2194 757 2265 piaculum
802 2192 976 2263 potuit
1017 2191 1215 2247 ollerre
1257 2193 1480 2247 Christo
1523 2208 1618 2260 pro
1653 2191 1837 2244 multis
1870 2199 1926 2244 et
1963 2205 2078 2244 ma-

488 2289 607 2360 gnis
648 2288 762 2342 suis
805 2287 1055 2354 delictis,
1107 2287 1376 2356 quomodo
1419 2302 1597 2354 neque
1642 2284 1777 2340 alias
1810 2299 2073 2354 unquam.

488 2382 626 2448 Quid
681 2382 783 2434 hoc
833 2380 926 2434 illo
973 2381 1188 2444 minus,
1238 2379 1341 2432 nisi
1397 2379 1563 2432 etiam
1613 2378 1789 2444 majus
1844 2375 2074 2442 dixeris,

488 2473 631 2544 quod
665 2475 851 2527 dicunt
884 2487 1005 2528 esse
1040 2473 1319 2541 cujusdam
1352 2471 1430 2540 ('7)
1473 2471 1818 2540 imperatoris
1872 2467 2078 2522 Roma-

490 2581 706 2629 norum,
739 2564 831 2632 qui
858 2564 993 2617 dixit
1023 2585 1036 2620 :
1072 2563 1244 2618 Hodie
1278 2577 1382 2616 non
1421 2563 1786 2631 regnavimus,
1817 2561 2075 2631 quoniam

489 2658 762 2712 neminem
807 2656 1089 2711 all'ecimus
1133 2655 1442 2710 beneﬁt-io?
1478 2654 1609 2709 Cum
1659 2657 1843 2724 itaque
1887 2671 2074 2710 sacro-

470 2757 711 2813 ,sanctus
759 2747 1114 2802 intellexisset
1161 2745 1538 2815 Sophronius,
1585 2747 1716 2817 quid
1760 2748 1863 2802 sibi
1896 2749 2074 2809 vellet,

487 2841 628 2910 quod
665 2841 731 2894 ah
758 2855 822 2894 eo
849 2843 1052 2894 dictum
1083 2839 1258 2894 fuerat
1288 2857 1300 2892 :
1335 2838 1412 2894 Te
1442 2841 1643 2910 potius,
1679 2841 1876 2909 inquit,
1908 2841 2074 2893 laetari

489 2943 724 3002 oportet,
752 2939 805 2986 ct
841 2946 946 2986 non
982 2931 1201 2986 tristitia
1225 2930 1391 2995 afllci,
1419 2947 1452 2985 ο
1483 2933 1798 2987 beatissime
1828 2931 2071 2997 domine,

487 3026 632 3095 quod
661 3024 753 3078 tibi
781 3025 1137 3079 commissum
1161 3039 1378 3092 gregem
1407 3024 1602 3078 feceris
1627 3025 1809 3078 vivere
1843 3025 1895 3078 in
1927 3032 2072 3078 tanta

2182 2193 2410 2263 ίλασμα,
2431 2193 2570 2266 ὑπὲρ
2595 2195 2702 2248 τῶν
2740 2195 2991 2265 μεγάλων
3015 2194 3181 2248 αὑτοῦ
3216 2197 3308 2248 καὶ
3343 2195 3555 2248 πολλῶν
3587 2194 3763 2264 σφαλ-

2183 2284 2370 2353 μάτων
2400 2289 2794 2357 προσενεγκεῖν
2820 2284 2897 2356 τῷ
2945 2286 3168 2357 Χριστῷ
3194 2324 3209 2348 ,
3256 2284 3451 2357 ὥσπερ
3485 2284 3616 2354 γοῦν
3637 2285 3763 2338 οὐδὲ

2179 2375 2369 2431 ἄλλοτέ
2423 2394 2587 2431 ποτε.
2626 2375 2692 2430 Τί
2729 2377 2886 2430 τοῦτο
2925 2379 3136 2431 ἐκείνου
3197 2378 3444 2441 ἔλαττον,
3480 2380 3529 2431 εξ
3565 2378 3640 2450 μὴ
3671 2381 3769 2431 καὶ

2183 2467 2369 2538 μεῖζον
2398 2468 2568 2538 ἐρεῖς,
2603 2468 2630 2520 6
2659 2469 2818 2522 Τίτου
2845 2467 2940 2522 τοῦ
2979 2469 3265 2539 Ῥωμαίων
3289 2469 3554 2539 ἄρξαντος
3582 2469 3770 2538 λέγου-

2181 2577 2267 2612 σιν
2287 2555 2449 2626 εἶναι,
2482 2560 2542 2613 τὸ
2572 2561 2646 2631 μὴ
2669 2560 2987 2631 βασιλεῦσαι
3019 2563 3256 2634 σήμερον
3279 2565 3478 2628 εἰπεῖν,
3509 2563 3631 2616 ἐπεὶ
3658 2580 3767 2632 μη-

2177 2650 2302 2704 δένα
2365 2651 2850 2722 εύεργετήσαμενς
2930 2653 2988 2705 '0
3024 2655 3205 2706 τοίνυν
3262 2653 3407 2722 ἱερὸς
3459 2654 3766 2723 Σωφρόνιος

2182 2745 2369 2807 συνεὶς
2401 2744 2428 2796 6
2460 2746 2518 2796 τὸ
2548 2743 2714 2815 ῥηθὲν
2768 2745 2916 2816 αύτῷ
2955 2744 3226 2809 ἐϐούλετο,
3261 2747 3487 2816 Χαίρειν
3515 2746 3622 2799 ἔδει
3667 2748 3766 2817 σή-

2183 2853 2348 2906 μερον
2383 2837 2478 2889 καὶ
2506 2835 2790 2906 εὐθυμεῖν,
2833 2837 3222 2908 μακαριώτατε
3248 2837 3504 2900 δέσποτα,
3532 2836 3648 2890 ἀνθ’
3689 2833 3766 2891 ὧν

2177 2926 2321 2981 οὕτω
2349 2929 2446 3000 τὴν
2485 2929 2871 2984 πιστευθείσάν
2918 2947 3000 2983 σοι
3047 2930 3286 3001 ποίμνην
3333 2931 3433 3000 ζῇν
3479 2930 3537 2984 ἑν
3569 2913 3764 3002 εἰρήνῃ

2180 3020 2618 3090 παρεσκεύασας,
2645 3022 2717 3084 ὡς
2757 3022 2964 3093 μηδένα
2996 3021 3118 3092 μηδ’
3156 3018 3362 3088 οὗτινος
3385 3019 3479 3078 οὖν
3508 3023 3644 3094 πρὸς
3673 3025 3767 3076 τὸν

487 3131 650 3188 pace,
695 3124 750 3169 ut
794 3115 974 3169 nullus
1021 3115 1088 3169 de
1138 3131 1194 3168 re
1244 3115 1424 3183 aliqua
1477 3131 1602 3170 cum
1651 3115 1830 3170 vicino
1879 3115 2074 3170 habeat

2183 3113 2410 3186 πλησίον
2453 3115 2842 3184 ἀμφισϐητεῖν,
2905 3114 3020 3168 ἀλλ’
3055 3114 3246 3186 ὥσπερ
3295 3116 3448 3179 τινας
3494 3115 3764 3184 ἀγγέλους

486 3209 917 3264 controvet'siam
947 3226 961 3263 :
999 3208 1094 3263 sed
1129 3218 1384 3281 tanquam
1423 3208 1597 3279 angeli
1629 3207 1831 3278 aliqui,
1871 3208 2078 3277 absque

489 3300 597 3354 ulla
644 3299 736 3353 lite
782 3309 834 3354 et
880 3301 1230 3354 contentione
1282 3301 1530 3355 homines
1573 3299 1759 3354 vivant
1811 3301 1865 3355 in
1908 3309 2073 3356 terra.

492 3390 627 3445 Cum
654 3398 834 3444 autem
859 3404 1046 3444 verum
1076 3405 1198 3445 esse
1221 3391 1365 3459 quod
1397 3391 1630 3456 dixerat,
1662 3391 1956 3446 invenisset
1994 3390 2079 3444 vir

493 3481 832 3544 mitissimus,
863 3480 1045 3535 statim
1078 3480 1180 3534 fuit
1205 3481 1485 3535 traductus
1511 3481 1578 3536 ad
1604 3481 1773 3536 animi
1807 3481 2074 3545 laetitiam,

488 3584 544 3629 et
585 3587 683 3643 pro
717 3587 782 3626 eo
812 3571 923 3627 Deo
960 3576 1071 3642 egit
1109 3575 1334 3640 gratias.
1372 3572 1486 3628 lloc
1524 3575 1713 3629 dicunt
1756 3574 1924 3630 etiam
1959 3590 2079 3630 esse

490 3665 796 3727 inritatum,
835 3665 926 3735 qui
967 3664 1214 3719 Heraclio
1255 3668 1306 3719 in
1344 3668 1573 3738 imperio
1601 3668 1898 3732 successit,
1935 3667 2080 3722 Con-

488 3768 809 3824 stauttnnm,
842 3758 930 3827 qni
959 3757 1119 3812 etiam
1161 3757 1323 3829 hujus
1346 3759 1513 3814 divini
1545 3760 1644 3814 viri
1680 3758 1783 3815 fuit
1811 3759 1954 3814 ﬁlius
1993 3775 2078 3815 se-

488 3849 727 3907 cundum
773 3848 1049 3916 Spiritum.

563 3943 632 3999 Χ.
658 3945 764 3996 Sed
785 3959 905 4013 qua?
929 3951 1058 3998 sunt
1083 3945 1383 4012 proposita,
1411 3953 1772 4014 persequatur
1797 3944 1994 4007 oratio,
2023 3954 2078 3999 et

491 4033 673 4086 tradat
710 4033 934 4086 auribus
972 4048 1035 4086 ea
1075 4049 1196 4101 qua:
1230 4042 1359 4087 sunt
1390 4034 1577 4088 auditu
1613 4036 1771 4104 digna
1811 4045 1863 4090 et
1898 4035 2076 4090 utilis-

491 4123 648 4176 sima.
673 4119 826 4176 Tunc
847 4132 1052 4188 autent,
1080 4138 1202 4177 cum
1231 4124 1295 4177 ad
1331 4123 1391 4179 Β.
1423 4123 1685 4180 Joannem
1719 4125 2077 4181 accessissent

491 4209 551 4278 ii,
589 4213 786 4280 quibus
815 4201 992 4266 fuerat
1020 4211 1312 4267 commissa
1349 4213 1658 4269 distributio
1697 4215 2073 4285 eleemosynze,

488 4311 544 4356 et
565 4301 672 4355 tale
703 4301 831 4372 quid
853 4303 1292 4370 annuntiassent,
1313 4304 1465 4372 quod.
1484 4305 1692 4360 scilicet
1713 4307 1904 4375 puellae
1925 4323 2076 4376 qna:-

488 4395 611 4448 dam
653 4396 788 4448 bene
827 4404 1056 4458 ornatae,
1089 4403 1143 4450 et
1171 4411 1292 4464 quas
1327 4396 1470 4452 collo
1508 4398 1791 4467 gestabant
1834 4399 2072 4462 monilia,

2180 3210 2409 3280 ἀμάχως
2434 3209 2641 3278 διάγειν
2672 3210 2798 3272 τοὺς
2847 3209 3170 3279 ἀνθρώπους
3219 3210 3312 3263 ἐπὶ
3359 3211 3459 3280 τῆς
3503 3211 3626 3280 γῆς.
3681 3210 3769 3274 Ὡς

2178 3300 2271 3355 οὖν
2291 3301 2489 3372 ἀληθὲς
2535 3297 2768 3354 εἶναιτὸ
2824 3301 2991 3372 ῥηθὲν
3049 3300 3306 3372 εὕρισκεν
3357 3303 3385 3354 6
3434 3303 3766 3372 πραότατος,

2179 3391 2273 3444 ἐπὶ
2304 3391 2365 3444 τὸ
2396 3391 2760 3462 εὐθυμότερον
2795 3392 2958 3454 εὐθὺς
2995 3393 3380 3462 μετεϐάλλετο,
3415 3393 3510 3447 καὶ
3540 3393 3616 3464 τῷ
3646 3393 3766 3462 Θεῷ

2179 3484 2410 3556 χάριτας
2438 3484 2578 3555 ὑπὲρ
2608 3484 2798 3538 τούτου
2833 3485 3180 3555 διωμολόγει.
3235 3486 3406 3541 Τοῦτό
3431 3505 3562 3556 φασι
3597 3488 3768 3557 μιμή-

2182 3575 2376 3629 σασθαι
2409 3576 2503 3629 καὶ
2538 3575 2629 3630 τὸν
2679 3577 2821 3647 μετὰ
2863 3576 3187 3648 Ἡράκλειον
3211 3579 3309 3650 τῆς
3357 3577 3635 3648 βασιλείας
3665 3579 3766 3646 ἄρα

2181 3666 2346 3731 ξαντα
2385 3669 2820 3733 Κωνσταντῖνον,
2854 3667 2912 3733 ὃς
2945 3669 3039 3724 καὶ
3091 3670 3235 3724 κατά
3263 3669 3484 3741 πνεῦμα
3513 3672 3626 3735 υἱὸς
3668 3670 3762 3725 τοῦ

2181 3760 2328 3813 θείου
2361 3759 2554 3830 ἀνδρὸς
2602 3760 2866 3830 ἐγεγόνει.

2254 3943 2312 3999 l'.
2372 3946 2514 3999 Ἀλλ’
2570 3947 2781 4018 ὲχέσθω
2811 3949 2920 4002 τῶν
2960 3951 3344 4021 προκειμένων
3399 3954 3429 4005 6
3459 3951 3638 4020 λόγος,
3670 3951 3764 4006 καὶ

2179 4037 2372 4100 ἀκοαῖς
2425 4039 2620 4092 διδότω
2681 4041 2750 4092 τὰ
2788 4043 2959 4109 ἀκοῆς
3010 4039 3135 4107 ἄξια
3186 4044 3283 4096 καὶ
3337 4044 3762 4114 ὠφελιμώτατα.

2179 4128 2314 4179 Τότε
2345 4126 2478 4194 γοῦν
2515 4128 2591 4199 τῷ
2626 4131 2883 4200 μακαρίῳ
2917 4132 3326 4203 προσελθόντων
3354 4135 3464 4188 τῶν
3501 4135 3598 4205 τήν
3645 4137 3765 4188 δια-

2178 4220 2350 4290 νομὴν
2375 4221 2474 4289 τὴν
2520 4221 2620 4290 τῆς
2653 4223 3024 4294 ἐλεημοσύνης
3088 4227 3518 4293 πιστευθέντων,
3571 4228 3662 4280 καί
3709 4245 3764 4280 τι

2178 4312 2388 4364 τοιοῦτο
2421 4315 2967 4383 προσαγγειλάντων.
3011 4317 3085 4380 ὡς
3117 4319 3276 4389 κόραι
3305 4320 3451 4384 τινὲς
3476 4321 3680 4388 κόσμιά
3703 4337 3764 4374 τε

2180 4405 2272 4457 καὶ
2305 4405 2628 4475 περιδέραια
2653 4407 3120 4479 περιϐεϐλημέναι
3163 4412 3518 4482 συνέρχονται
3541 4413 3636 4465 καὶ
3666 4407 3763 4466 αὗ-

488 4487 618 4556 ipsae
646 4502 863 4555 quoque
905 4489 1234 4542 comeniunt
1265 4498 1320 4542 ut
1367 4491 1476 4544 sint
1523 4491 1818 4560 participes
1858 4505 2070 4556 eorum,

2179 4510 2268 4545 ται
2307 4494 2416 4545 τῶν
2445 4497 2559 4558 τοῖς
2611 4496 2808 4567 πένησι
2865 4497 3159 4570 διδομένων
3209 4481 3558 4572 μεταλαϐεῖν,
3599 4507 3690 4561 καὶ
3713 4509 3763 4560 εἰ

486 4593 607 4647 quae
629 4579 829 4631 dantur
855 4579 1221 4650 pauperibus,
1265 4589 1320 4634 et
1354 4581 1639 4650 petiissent
1660 4598 1728 4636 an
1756 4582 1836 4636 eis
1857 4597 2073 4650 quoque

2182 4585 2286 4654 χρὴ
2322 4583 2551 4650 ταύταις
2569 4586 2784 4658 ὀρέγειν
2807 4605 2821 4620 ⁸
2855 4592 2882 4644 6
2906 4594 3214 4662 πραότατος
3244 4596 3410 4667 δριμύ
3429 4615 3482 4652 τι
3516 4600 3608 4653 καὶ
3641 4598 3761 4668 βλο-

488 4667 733 4737 praebere
763 4678 1049 4736 Oporteat,
1093 4669 1412 4724 mitissimus
1442 4669 1678 4725 Joannes
1716 4682 1865 4726 torve
1895 4673 1947 4725 itt
1981 4688 2074 4726 eos

2182 4677 2344 4746 συρὺν
2393 4679 2472 4740 είς
2505 4680 2705 4744 αὐτοὺς
2739 4682 3077 4754 ἀποϐλέψας,
3114 4686 3178 4740 Εί
3209 4689 3308 4757 μὲν
3351 4689 3447 4742 τοῦ
3480 4667 3758 4754 ταπεινοῦ,

367 4837 377 4847 ι
487 4754 744 4808 intuens:
789 4754 845 4808 Si
885 4754 1106 4809 humilis
1133 4757 1350 4826 quidem
1381 4768 1437 4812 et
1469 4759 1666 4830 abjecti
1705 4760 1948 4826 Joannis,
1986 4761 2070 4815 vel

2179 4771 2365 4838 φησιν,
2385 4771 2656 4838 Ἰωάννου,
2693 4775 2894 4843 μᾶλλον
2919 4778 2976 4829 δὲ
3005 4754 3273 4850 Χριστοῦ,
3312 4781 3584 4854 ὑπηρέται
3619 4779 3760 4836 εἶναι

488 4846 666 4914 potius
707 4847 874 4914 ipsius
905 4846 1106 4902 Christi
1151 4849 1389 4904 ministri
1422 4865 1546 4904 esse
1585 4853 1746 4907 vultis
1785 4866 1838 4908 et
1880 4853 2068 4908 distri-

2179 4863 2271 4914 καὶ
2289 4862 2562 4933 διανομεῖς
2581 4864 2858 4935 βούλεσθε,
2888 4869 2968 4940 τῷ
2990 4846 3121 4942 θείῳ
3144 4874 3338 4927 τούτου
3373 4846 3759 4945 προστάγματι

487 4937 729 5003 butores,
766 4950 952 5009 parete
987 4941 1172 4996 divino
1201 4942 1400 5011 jussui,
1432 4945 1523 5013 qui
1552 4944 1704 5013 jubet
1735 4947 1866 5000 dare
1896 4949 2068 5003 cuivis

2179 4953 2451 5020 πείθεσθε,
2477 4955 2504 5007 6
2535 4957 2699 5010 παντὶ
2718 4958 2792 5028 τῷ
2819 4937 3060 5016 αἰτούντι
3089 4937 3327 5019 δίδοσθαι
3361 4937 3678 5020 κελεύειο-εί
3701 4967 3760 5020 ἱδ

489 5029 716 5096 petenti.
751 5031 846 5084 Sin
880 5042 1059 5087 autem
1093 5034 1280 5091 dicitis
1308 5051 1403 5090 vos
1423 5050 1545 5092 esse
1572 5037 1800 5106 alicujus
1827 5040 2067 5105 altanus,

2179 5047 2270 5102 καὶ
2295 5049 2483 5120 ἑτέρου
2517 5051 2664 5126 τινὸς
2696 5048 2838 5106 εἶναι
2864 5055 3073 5122 λέγετε,
3103 5058 3162 5121 6;
3190 5058 3468 5124 ἐξετάζειν
3507 5063 3637 5132 ὑμῖν
3664 5062 3760 5114 καὶ

483 5120 574 5186 qni
602 5120 834 5186 imperat
873 5131 930 5175 ttt
963 5125 1291 5180 examinetis
1327 5128 1492 5180 vitam
1528 5137 1585 5182 et
1623 5140 1826 5184 Statum
1867 5135 2074 5187 mendi-

2179 5138 2553 5211 διερευνᾶσθαι
2584 5145 2711 5209 τοὺς
2739 5147 2850 5200 τῶν
2882 5152 3324 5217 προσαιτούντων
3356 5153 3505 5224 βίους
3539 5157 3634 5208 καὶ
3657 5155 3756 5225 τὴν

484 5215 745 5275 cautium,
803 5215 991 5269 sciatis
1029 5217 1173 5284 quod
1215 5233 1387 5286 neque
1431 5219 1679 5282 Christus
1708 5223 1854 5291 ipse,
1898 5242 2070 5294 neque

2179 5233 2510 5285 κατάστασιν
2547 5237 2863 5290 ἐπιτάττει·
2909 5242 3024 5293 ίστε
3047 5243 3123 5306 ὡς
3158 5243 3281 5297 οὕτε
3313 5246 3548 5317 Χριστὸς
3566 5246 3752 5312 αὐτὸς,

485 5303 705 5359 humilis
733 5305 975 5363 Joannes
999 5325 1135 5378 opus
1164 5311 1327 5366 habet
1355 5311 1589 5368 curiosis
1618 5315 1906 5370 ministris.
1933 5317 2068 5373 Nam

2179 5321 2284 5377 οὔθ’
2341 5327 2368 5378 6
2407 5329 2664 5392 ταπεινὸς
2728 5330 2976 5403 Ἰωάννης
3034 5333 3327 5406 ὑπηρετῶν
3379 5338 3553 5393 δεῖται
3601 5337 3753 5408 φιλο·

551 5475 576 5516 ’⁸
612 5483 744 5542 Luc.
771 5503 844 5553 vs,
889 5487 982 5544 '68.

551 5640 636 5720 t7)
658 5642 878 5729 Titusis
905 5646 1030 5712 fuit,
1062 5660 1251 5729 nequo
1272 5647 1570 5708 Suetonius
1596 5669 1717 5722 cap.
1744 5655 1812 5710 8:
1843 5679 1862 5707 α
1890 5661 2062 5729 Atque

491 5723 652 5790 cltum
683 5720 999 5792 recordatus
1026 5721 1296 5792 quotttlnttt
1324 5738 1486 5788 sttpt‘r
1514 5720 1722 5779 ("(Bttztltl
1753 5741 1894 5792 quod
1925 5720 2058 5785 IIl-hi!

485 5788 737 5848 cuiquam
780 5794 892 5840 toto
923 5788 1009 5842 die
1052 5791 1423 5879 praestitisset,
1475 5788 1878 5852 memorabilem
1909 5801 2057 5855 illaut

2172 5678 2411 5790 ἔέῖῖιμιε
2441 5665 2716 5726 laudatam
2751 5688 2934 5733 vocem
2971 5675 3178 5735 edidit:
3215 5680 3420 5750 Amici,
3451 5681 3592 5738 diem
3630 5695 3754 5752 per-
