4116 6480
412 446 529 511 905

1384 442 1563 505 VITA
1604 440 1663 502 s.
1701 426 2024 501 IOANNIS
2060 432 2702 507 ELEEMOSYNARII.

3557 450 3667 523 908

413 557 770 630 πραγμόνων.
824 554 888 610 El
938 554 1037 626 μιν
1082 552 1192 622 γὰρ
1223 552 1471 623 ἡμέτερα
1525 548 1595 623 ἦν
1623 551 1692 604 τὰ
1738 549 1993 621 διδόμενα

2111 552 2142 606 si
2176 562 2358 608 nostra
2391 556 2606 626 quidem
2640 567 2845 626 essent,
2874 574 2992 631 qua
3019 565 3238 631 dantur,
3267 572 3322 621 et
3346 579 3407 622 ea
3442 581 3471 622 a
3513 571 3669 626 nobis

412 650 510 704 καὶ
545 650 675 721 παρ’
721 647 880 720 ἡμῶν
907 644 1082 700 ταῦτα
1115 644 1490 713 εἰσενήνεκται
1521 645 1602 707 εἰς
1637 642 1729 694 τὸν
1767 643 1990 713 κόσμον,

415 744 548 804 ἴσως
575 740 641 794 ἂν
674 740 771 793 καὶ
830 736 1125 808 συγγνώμη
1180 752 1267 798 τις
1312 730 1382 806 ἦν
1428 736 1507 805 τῷ
1557 735 1731 804 φειδοῖ
1782 734 1995 798 τούτοις

412 833 715 905 χρωμένῳ·
750 835 796 885 εί
828 832 884 884 δὲ
913 828 1007 884 τοῦ
1034 828 1170 883 Θεοῦ
1214 829 1394 883 πάντα
1436 829 1800 905 τυγχάνουσιν
1839 827 1990 892 ὄντα,

505 898 670 980 αύτοῦ
695 927 1027 997 πρόσταγμα
1050 924 1270 987 πάντως
1291 924 1350 977 ὲν
1382 898 1498 986 τοῖς
1533 920 1701 977 αὑτοῦ
1728 923 1993 994 προσήκει

416 1021 814 1090 φυλάττεσθαι·
847 1021 897 1072 εί
925 1017 981 1073 δὲ
1016 1018 1109 1071 καὶ
1137 1017 1303 1085 φόϐος
1334 1017 1479 1087 ὑμᾶς
1514 1014 1756 1085 ὑπῆλθεν
1789 1014 1849 1079 ἐξ
1867 1017 1996 1068 ἀπικ-

417 1109 592 1173 στίας,
614 1108 693 1172 ὡς
714 1109 788 1180 μή
823 1124 954 1162 ποτε
983 1107 1044 1161 τὸ
1061 1106 1170 1160 τῶν
1189 1104 1637 1179 ἀναλισκομένων
1669 1103 1875 1173 πλῆθος
1897 1104 1997 1166 τὰς

417 1199 878 1271 ὲκκλησιαστικάς
921 1199 1220 1270 προσόδους
1254 1197 1619 1269 ὑπερϐάλλον
1660 1194 1772 1265 ἐγὼ
1799 1213 1995 1250 κοινω-

417 1297 532 1347 νεῖν
563 1295 693 1364 ὑμῖν
722 1293 820 1363 τῆς
851 1292 1228 1361 ὁλιγοπιστίας
1275 1289 1480 1361 ταύτης
1531 1289 1654 1344 οὐδὲ
1694 1288 1875 1352 ποσῶς
1905 1289 1998 1341 ἁνε-

418 1368 613 1453 έξομαι
637 1399 651 1413 ⁸
691 1383 995 1454 πέπεισμαι
1022 1383 1132 1454 γάρ
1154 1383 1237 1436 ὅτι
1269 1380 1377 1437 κᾶν
1404 1381 1496 1435 τὸν
1535 1380 1741 1450 κόσμον
1763 1380 1889 1434 ὅλον
1916 1380 1998 1442 είς

416 1475 516 1547 τὴν
553 1474 962 1546 Ἀλεξάνδρειαν
1004 1477 1063 1527 ὲν
1103 1471 1288 1545 ταυτῷ
1322 1472 1537 1541 γένοιτο
1574 1470 1853 1525 συνελθεῖν
1901 1471 1996 1523 εὐ-

418 1567 603 1631 ποιίας
626 1567 878 1637 δεόμενον
895 1605 911 1631 ,
939 1565 1142 1637 ἥκιστα
1175 1564 1242 1619 ἂν
1263 1565 1391 1629 τοὺς
1412 1563 1506 1617 τοῦ
1532 1562 1675 1616 Θεοῦ
1708 1560 1997 1616 στενώσειε

422 1659 754 1732 θησαυρούς.

493 1751 596 1806 IA'.
638 1752 727 1815 Ὠς
752 1751 810 1804 δὲ
834 1751 1014 1806 πᾶσαν
1033 1750 1216 1805 αὐτῶν
1238 1742 1496 1806 ἀπιστίαν
1531 1750 1776 1814 συνεταῖς
1797 1764 1999 1821 παραι-

421 1845 605 1899 νέσεσι
634 1844 983 1916 θεραπεύσας
1009 1844 1287 1915 ἐξέπεμψε
1307 1883 1324 1907 ,
1352 1846 1466 1907 τοῖς
1509 1844 2001 1914 συγκαθεζομένθις

421 1938 515 1992 ἐπὶ
540 1936 618 2009 τῷ
648 1936 1012 2009 μεγαλοδώρῳ
1040 1938 1139 2008 τῆς
1166 1936 1332 1990 αὐτοῦ
1360 1920 1738 2007 προαιρέσεως
1765 1934 2003 2007 ἐκπλητ-

422 2030 691 2100 τομένοις,
741 2028 982 2082 τοιοῦτόν
1029 2046 1083 2082 τι
1121 2028 1411 2082 ἀναλαϐὼν
1453 2027 1702 2099 ἐξηγεῖτο
1731 2027 1997 2099 διήγημα,

436 2123 611 2192 Ἐμοὶ,
647 2122 842 2190 λέγων,
879 2123 1047 2175 πέντε
1100 2122 1237 2193 πρὸς
1275 2123 1389 2184 τοῖς
1417 2119 1552 2174 δέκα
1582 2120 1792 2192 χρόνων
1826 2118 2003 2190 ύπάρ-

424 2229 596 2281 κονίει,
650 2211 794 2265 κατά
825 2212 928 2283 τὴν
961 2211 1189 2283 Κύπρον
1238 2228 1299 2265 τε
1331 2210 1686 2280 διατρίϐοντι,
1732 2211 1863 2278 μιᾶς
1893 2209 2002 2263 τῶν

426 2303 660 2369 νυκτῶν,
718 2304 857 2374 κόρη
902 2322 986 2369 τις
1034 2304 1169 2376 όναρ
1220 2303 1606 2373 ἐπιφαίνεται*
1639 2301 1831 2363 κάλλος
1891 2298 2003 2355 οἷον

425 2394 665 2459 ἐξαίσιον
687 2397 782 2447 καί
796 2393 1131 2466 ἀπόρρητον,
1150 2394 1376 2448 ἔσταλτο
1400 2394 1457 2446 δὲ
1483 2390 1774 2463 λαμπρῶς,
1804 2391 1900 2445 καὶ
1926 2390 2005 2460 τῷ

425 2485 488 2550 ἐξ
515 2485 714 2540 ἐλαιῶν
747 2488 999 2557 στεφάνῳ
1026 2487 1126 2555 τὴν
1157 2485 1404 2555 κεφαλὴν
1423 2485 1675 2537 έστεπτο.
1722 2483 1918 2551 Ἐγγυς
1949 2482 2005 2534 δέ

432 2591 523 2644 μοι
557 2574 1025 2644 παραστᾶσαῖκαὶ
1045 2576 1110 2645 τῇ
1148 2575 1291 2644 χειρὶ
1312 2573 1454 2627 κατά
1493 2572 1735 2644 πλευρὰν
1777 2570 2004 2635 νύξασα,

426 2665 728 2736 θροηθέντα
762 2683 829 2736 με
859 2665 1130 2729 διυπνίζει
1154 2678 1168 2693 ⁸
1193 2664 1289 2718 καὶ
1312 2664 1474 2727 εὐθὺς
1499 2664 1684 2717 οὐκέτι
1722 2662 2007 2733 ὄναρ,ἀλλ’

433 2755 581 2826 ῦπαρ
608 2751 676 2827 ἦν
703 2755 763 2808 τὸ
792 2752 1117 2825 φαινόμενον
1141 2772 1154 2786 ·
1179 2754 1272 2807 καὶ
1308 2753 1390 2817 τίς
1421 2754 1506 2824 εἴη
1549 2753 1765 2824 ἠρόμην
1809 2751 2002 2822 αὐτὴν,

431 2847 597 2905 πίῦεν
627 2869 685 2904 τε
715 2853 942 2922 παρείη,
978 2851 1071 2903 κ..ὶ
1110 2851 1226 2912 πῶς
1257 2843 1515 2900 ὑπνοῦντί
1553 2861 1642 2914 μοι
1681 2843 2004 2914 τολμήσειεν

432 2943 702 2997 ἐπελθεῖν.
735 2943 798 2995 'll
829 2943 886 2994 δὲ
914 2940 1193 3011 ’μειδιῶντι
1236 2940 1328 2993 καὶ
1349 2937 1469 3008 ἡδεῖ
1496 2935 1773 3004 προσώπῳ
1824 2935 2009 3004 ἱλαρόν

431 3050 486 3085 τι
515 3033 610 3086 καὶ
631 3033 888 3101 γαλὴνιον
929 3030 1200 3096 ἐνιδοῦσα,
1246 3028 1387 3098 Ἐγὼ
1450 3028 1643 3100 πρώτη
1690 3027 1800 3081 τῶν
1841 3026 2011 3095 θυγαο

431 3127 606 3196 τέρων
634 3126 727 3178 τοῦ
784 3123 1019 3196 μεγάλου
1050 3121 1346 3188 Βασιλέως,
1374 3120 1532 3192 φησι·
1588 3120 1688 3190 ἐμὲ
1721 3119 1883 3189 φίλην
1914 3119 2010 3170 αὖ·

2099 643 2243 698 illata
2293 657 2476 702 essent
2529 648 2581 702 in
2634 651 2929 719 mundum;
2980 652 3210 712 fortasse
3259 652 3437 728 aliqua
3490 658 3670 717 danda

2094 747 2242 792 esset
2269 739 2428 792 venia
2462 740 2534 807 ei,
2562 741 2652 810 qui
2678 756 2842 812 parce
2872 744 2953 800 eis
2983 756 3248 804 uteretur.
3279 749 3337 806 Si
3361 761 3541 808 autem
3576 752 3670 809 Dei

2096 833 2222 880 sunt
2269 829 2453 883 omnia
2494 844 2612 897 quae
2660 839 2789 886 sunt
2828 831 2979 902 ejus,
3022 850 3241 894 servare
3287 848 3519 908 oportet;
3576 840 3671 897 Sin

2096 927 2277 973 autem
2312 935 2405 975 vos
2449 921 2621 977 subiit
2662 924 2826 979 timor
2866 939 2931 978 ex
2980 925 3376 998 incredulitate,
3424 946 3491 987 ne
3531 930 3674 988 forte

2098 1013 2391 1068 multitudo
2421 1015 2789 1085 impensarum
2814 1028 3034 1086 superet
3064 1021 3304 1077 redditus
3340 1025 3678 1081 ecclesiasti-

2098 1119 2212 1170 cos,
2244 1120 2344 1177 ego
2373 1122 2439 1162 ne
2469 1107 2738 1163 tantillum
2770 1109 2989 1191 quidem
3022 1111 3304 1168 sustinebo
3337 1128 3459 1171 esse
3492 1118 3676 1172 socius

2098 1206 2296 1253 vestrae
2332 1200 2556 1254 modicae
2585 1200 2728 1255 ﬁdei.
2760 1199 3086 1257 Persuasum
3122 1202 3268 1264 enim
3305 1205 3502 1272 habeo,
3534 1207 3676 1277 quod

2098 1289 2312 1345 etiamsi
2351 1291 2689 1362 contingeret
2728 1292 3041 1349 universum
3076 1294 3333 1351 mundum
3373 1297 3559 1353 venire
3597 1298 3677 1356 si-

2100 1381 2207 1434 mul
2256 1380 2662 1448 Alexandriam,
2704 1394 2954 1454 egentem
2998 1387 3391 1457 beneﬁcentia,
3436 1390 3537 1447 bos
3584 1390 3680 1454 Dei

2095 1474 2387 1529 thesauros
2417 1490 2757 1546 nequaquam
2788 1476 2844 1532 in
2881 1489 3170 1548 angustum
3212 1483 3503 1556 redegerit.

2172 1726 2264 1795 XI.
2292 1740 2586 1812 Postquam
2619 1754 2799 1799 autem
2842 1726 3030 1799 eorum
3062 1741 3445 1798 incredulitate
3492 1743 3682 1798 admo~

2104 1829 2403 1885 nitionibus
2443 1842 2670 1899 curata,
2708 1848 2803 1888 eos
2842 1836 3055 1900 emisit,
3091 1834 3158 1888 iis
3192 1833 3286 1904 qui
3322 1833 3682 1889 considebant

2030 1910 2075 1966 Β
2106 1921 2418 1976 muniﬁcum
2454 1922 2572 1990 ejus
2609 1924 2848 1978 animum
2889 1925 3262 1996 stupentibus,
3298 1925 3460 1981 talem
3494 1926 3681 1981 retulit

2099 2011 2511 2077 narrationem,
2558 2009 2789 2066 dicens:
2841 2012 3003 2080 Mihi,
3030 2028 3153 2068 cum
3197 2029 3372 2069 essem
3409 2031 3478 2071 xv
3507 2029 3681 2070 annos

2102 2110 2284 2163 natus,
2317 2107 2372 2154 et
2409 2093 2660 2156 versarer
2697 2101 2750 2156 in
2788 2100 2998 2173 Cypro,
3036 2103 3269 2173 quadam
3313 2114 3474 2160 nocte
3504 2105 3681 2176 puella

2103 2190 2347 2259 quaedam
2379 2202 2606 2262 apparet
2636 2192 2690 2247 in
2712 2194 2920 2250 somnis
2948 2195 3146 2250 eximia
3177 2195 3603 2266 pulchritudine,
3626 2205 3684 2250 et

2105 2293 2227 2350 quae
2261 2279 2443 2335 verbis
2480 2296 2589 2337 non
2625 2291 2807 2352 potest
2833 2283 3102 2353 exprimi,
3131 2294 3253 2340 erat
3290 2294 3469 2341 autem
3499 2286 3684 2355 splen-

2107 2371 2232 2425 dide
2261 2372 2482 2436 vestita,
2511 2383 2568 2428 et
2599 2372 2850 2441 oleagina
2880 2389 3081 2430 corona
3123 2383 3243 2429 erat
3275 2375 3326 2431 ei
3354 2386 3516 2444 caput
3547 2377 3686 2431 redi.
3788 2418 3795 2427 ,

2109 2460 2320 2516 mitum.
2353 2460 2488 2517 Cum
2518 2476 2837 2532 veroprope
2862 2477 2951 2518 me
2973 2465 3241 2530 stetisset,
3276 2474 3330 2520 et
3356 2481 3515 2519 manu
3543 2465 3684 2520 latus

2106 2551 2446 2622 pupugisset,
2474 2566 2561 2607 me
2585 2553 2836 2608 territum
2864 2568 2895 2608 e
2920 2568 3113 2610 sonmo
3139 2555 3362 2616 excitat,
3394 2557 3685 2623 statimque

2110 2659 2214 2697 non
2257 2643 2491 2713 amplius
2530 2658 2813 2710 somnum,
2849 2643 2946 2699 sed
2976 2660 3034 2699 re
3065 2660 3193 2699 vera
3230 2648 3417 2701 aderat
3450 2647 3500 2701 id
3539 2648 3682 2716 quod

2108 2732 2425 2803 apparebat.
2471 2731 2675 2802 Rogavi
2714 2744 2891 2788 autem
2944 2749 3101 2799 eam,
3145 2750 3392 2804 quamam
3438 2747 3582 2790 esset
3629 2748 3685 2791 et

2111 2824 2254 2878 unde
2289 2822 2526 2888 veniret,
2564 2833 2621 2877 et
2667 2823 2939 2892 quomodo
2980 2839 3110 2879 ausa
3137 2835 3284 2881 esset
3321 2827 3579 2882 accedere
3616 2831 3683 2880 ad

2111 2932 2198 2970 me
2225 2917 2610 2971 dormientem.
2642 2915 2732 2970 Illa
2758 2928 2939 2972 autem
2964 2917 3267 2972 subridenti
3298 2929 3354 2972 et
3384 2919 3506 2974 lzeto
3536 2922 3682 2974 vultu

2112 3022 2197 3063 me
2219 3008 2465 3062 hilariter
2491 3018 2547 3065 et
2579 3009 2788 3079 placide
2810 3009 3063 3064 intuens:
3098 3009 3252 3075 Sum,
3287 3009 3485 3079 inquit,
3513 3011 3686 3080 prima

2112 3115 2177 3154 ex
2207 3100 2421 3155 liliabus
2444 3102 2627 3172 magni
2659 3100 2843 3171 Regis.
2872 3101 2928 3156 Si
2954 3111 3008 3155 tu
3045 3117 3131 3156 tne
3156 3103 3249 3157 tibi
3278 3104 3506 3158 amicam
3537 3121 3688 3175 para-

429 3219 523 3282 τὸς
550 3220 599 3271 εἰ
630 3218 828 3289 κτήσῃ,
855 3213 1279 3285 προσοικειῶσαί
1311 3229 1370 3266 σε
1400 3211 1548 3282 αὐτῷ
1581 3210 1839 3280 δύναμαι·
1868 3208 2007 3279 ἐμοῦ

2117 3191 2288 3258 veris,
2330 3203 2522 3261 potero
2560 3202 2613 3247 te
2643 3194 2691 3247 ei
2733 3192 2952 3248 efﬁcsre
2984 3194 3330 3249 familiarem.
3364 3193 3502 3248 Nulli
3541 3196 3687 3250 enim

2116 3282 2287 3307 ...υ-ξλι-
2318 3291 2393 3307 Α...
2436 3284 2573 3307 ..-η-,Ι
2605 3297 2724 3307 Δια.-.
2787 3299 2940 3307 ..-λ---.
2969 3285 3102 3307 .._!l_2
3158 3285 3188 3307 Λ
3216 3287 3348 3307 L__:-
3380 3303 3392 3307 -
3433 3289 3590 3307 .___--,!
3635 3304 3678 3307 μ-

433 3307 545 3377 γὰρ
571 3305 746 3358 οὐδενὶ
758 3305 867 3359 τῶν
892 3303 1067 3358 ἄλλων
1086 3302 1368 3375 παρρησία
1392 3301 1596 3356 πλείων
1622 3319 1706 3364 τις
1730 3300 1804 3364 ὡς
1827 3300 2010 3366 αὐτὸν,

432 3398 517 3452 δτι
550 3415 632 3452 τοι
655 3399 749 3452 καὶ
776 3397 1057 3451 κατελθεῖν
1101 3396 1265 3450 αὐτὸν
1313 3395 1608 3468 οὐρανόθεν
1650 3394 1731 3456 είς
1756 3392 1884 3463 γῆν,
1917 3392 2013 3445 καὶ

437 3493 618 3564 σάρκα
665 3491 851 3544 λαϐεῖν
888 3488 1278 3561 ἀνθρωπίνην,
1334 3486 1446 3557 ἐγὼ
1504 3488 1780 3557 πείσαιμι.
1827 3484 2012 3538 Ταῦτα

437 3582 580 3645 εἷπε,
617 3583 710 3636 καὶ
740 3582 904 3644 εὐθὺς
949 3579 1193 3634 ἀπιοῦσα
1220 3579 1418 3651 ᾤχετο.
1456 3578 1599 3648 Ἐγὼ
1619 3578 1675 3630 δὲ
1704 3580 1762 3632 ὲν
1793 3578 2015 3648 ἐμαυτῷ

434 3676 747 3747 γενόμενος,
777 3675 872 3729 καὶ
903 3674 965 3727 τὸ
982 3673 1174 3728 θεαθὲν
1191 3674 1220 3726 ὃ
1237 3690 1289 3726 τι
1310 3673 1394 3743 εἴη
1425 3671 1674 3741 στρέφων
1702 3671 1845 3723 κατά
1868 3671 2012 3734 νοῦν,

435 3767 535 3837 τὴν
568 3765 940 3837 ἐλεημοσύνην
970 3765 1141 3835 αὐτὴν
1190 3762 1409 3834 ἔκρινον
1436 3758 1579 3816 εἶναι
1605 3776 1618 3790 ·
1670 3761 1760 3815 διὰ
1810 3761 2015 3832 ταύτης

438 3859 549 3928 γὰρ
574 3860 669 3912 καὶ
694 3858 826 3921 Θεὸς
860 3858 955 3911 ἐπὶ
1001 3857 1105 3927 γῆς
1135 3855 1312 3909 ὲλθεῖν
1348 3853 1445 3907 κοιλ⁹
1483 3852 1795 3922 ἀνθρώποις
1832 3852 2016 3922 ὅμοιος

439 3946 669 4017 ὀφθῆναι
698 3949 796 4001 οὐκ
821 3947 1152 4017 ἀπηξίωσεν.

518 4042 615 4095 IB'.
646 4040 864 4104 Εὐθέως
886 4038 979 4095 οὖν
1015 4039 1254 4102 ἀναστὰς
1277 4038 1369 4092 ἐπὶ
1401 4040 1500 4108 τὴν
1531 4036 1828 4108 ἐκκλησίαν
1859 4035 2016 4106 μόνος

440 4134 707 4198 ἐϐάδιζον
743 4133 940 4203 ὄρθρος
990 4131 1099 4203 γὰρ
1125 4129 1444 4201 ὑπηύγαζεν
1485 4128 1585 4200 ἤδη
1609 4143 1623 4158 ·
1650 4129 1743 4181 καὶ
1774 4126 2018 4181 συναντῶ

441 4228 635 4297 πένητι
659 4225 813 4296 ἀνδρὶ
846 4223 1040 4294 γυμνῷ
1077 4239 1137 4274 τε
1182 4221 1296 4275 ὄντι
1321 4222 1416 4275 καὶ
1454 4221 1532 4292 τῷ
1566 4218 1723 4290 κρύει
1774 4218 2019 4290 σφοδρῶς

441 4316 777 4386 πηγνυμένῳ
802 4330 816 4343 ·
847 4314 1025 4384 τούτῳ
1075 4311 1486 4380 ἀποδυσάμενος
1521 4309 1549 4361 ὂ
1574 4307 2020 4379 περιεϐεϐλήμην

425 4409 663 4475 ’ἱμάτιον
692 4404 1001 4474 ἐπιδίδωμι,
1035 4402 1171 4472 πρὸς
1198 4400 1432 4471 ἐμαυτὸν
1457 4398 1717 4470 εἰρηκὼς,
1746 4397 1820 4460 ώς
1848 4397 2020 4465 Εἴπερ

444 4499 644 4570 ἀληθὲς
671 4500 759 4566 εἴη
791 4497 884 4549 καὶ
911 4494 986 4566 μὴ
1010 4494 1193 4564 ἀπάτη
1224 4493 1284 4545 τὸ
1312 4492 1524 4555 θεαθὶν,
1549 4489 1787 4560 εἴσομαι.
1816 4489 2020 4559 Πρότε-

2116 3282 2287 3348 major
2315 3291 2399 3337 est
2434 3284 2574 3351 apud
2601 3297 2749 3348 eum,
2782 3299 2943 3354 quam
2969 3285 3127 3348 mihi,
3158 3285 3351 3341 ﬁducia
3379 3303 3394 3338 :
3426 3289 3685 3358 quoniam

2112 3375 2185 3443 ei,
2215 3384 2276 3429 ut
2296 3388 2326 3430 e
2350 3372 2489 3431 cmlo
2512 3378 2863 3433 descenderet
2891 3379 2944 3432 in
2973 3388 3199 3444 terram,
3228 3393 3279 3435 et
3311 3396 3528 3435 carrwttt
3552 3381 3692 3436 ascia

2113 3477 2268 3536 peret
2296 3468 2616 3535 humanam,
2644 3485 2746 3541 ego
2775 3472 3041 3540 persuasi.
3073 3471 3196 3527 litec
3224 3475 3388 3541 dixit,
3417 3487 3471 3528 et
3501 3478 3686 3529 statim

2115 3564 2362 3617 recessit.
2387 3561 2499 3631 Ego
2530 3578 2659 3617 vero
2682 3579 2803 3617 cum
2838 3565 2905 3618 ad
2940 3579 3026 3618 me
3057 3566 3358 3629 rediissem,
3386 3578 3438 3621 et
3466 3569 3516 3620 id
3546 3570 3687 3636 quod

2115 3655 2289 3707 visum
2318 3652 2514 3718 fuerat,
2544 3667 2727 3709 mente
2757 3669 3053 3718 versarent,
3081 3655 3386 3724 judicabant
3420 3674 3538 3711 eam
3569 3673 3691 3713 esse

2119 3744 2566 3798 misericordiam.
2592 3743 2820 3813 Propter
2848 3761 2966 3799 eam
2992 3745 3135 3800 enim
3163 3756 3218 3801 et
3243 3747 3384 3800 Deus
3408 3749 3458 3801 in
3490 3758 3687 3801 terram

2117 3835 2323 3898 venire,
2358 3842 2413 3888 et
2444 3835 2755 3890 hominibus
2785 3835 2976 3890 similis
3012 3837 3251 3906 conspici
3286 3853 3388 3893 non
3423 3848 3508 3893 est
3538 3841 3690 3894 dedi-

2116 3935 2332 3994 gnatus.

2192 4036 2306 4092 Xll.
2331 4038 2528 4094 Statim
2562 4053 2692 4108 ergo
2725 4053 2953 4108 surgens
2988 4038 3057 4094 ivi
3083 4039 3232 4096 solus
3268 4040 3334 4096 ad
3367 4040 3647 4098 ecclesiam
3676 4062 3689 4097 :

2122 4145 2280 4184 mane
2319 4131 2462 4184 enim
2505 4130 2620 4200 jam
2666 4130 3063 4185 illucesccbat:
3113 4142 3168 4186 et
3202 4129 3279 4186 llo
3323 4135 3535 4187 obviam
3576 4135 3694 4189 viro

2120 4223 2366 4293 pauperi,
2398 4223 2490 4292 qui
2519 4232 2638 4277 erat
2662 4223 2837 4277 nudus
2860 4232 2911 4277 et
2933 4222 3088 4278 Valde
3109 4224 3450 4295 allligehatur
3470 4224 3692 4297 frigere.

2122 4315 2204 4379 Ei,
2237 4330 2358 4370 cum
2390 4330 2475 4370 me
2507 4315 2775 4369 exuissem
2811 4330 2872 4370 ea
2910 4325 3091 4383 veste,
3135 4331 3240 4386 qua
3274 4332 3423 4372 eram
3453 4319 3692 4385 indutus,

2125 4406 2300 4472 trado,
2329 4408 2467 4476 apud
2501 4422 2585 4462 me
2614 4408 2800 4463 dicens
2824 4425 2838 4460 :
2871 4408 3075 4473 Sciam,
3102 4425 3168 4463 au
3198 4410 3271 4464 sit
3300 4425 3484 4463 verum
3509 4421 3562 4467 et
3587 4427 3694 4467 non

2123 4499 2368 4565 deceptio
2400 4499 2449 4552 id
2470 4500 2611 4568 quod
2643 4515 2671 4552 a
2705 4514 2789 4553 me
2811 4500 2979 4554 visunt
3009 4509 3114 4556 est.
3137 4499 3201 4554 Et
3231 4501 3384 4570 prius
3414 4516 3572 4569 quam
3592 4519 3697 4567 ,νυ-

449 4609 541 4662 ρον
569 4588 662 4644 οὖν
691 4592 725 4660 ἢ
759 4588 857 4659 τὴν
882 4587 1181 4657 ἐκκλησίαν
1211 4583 1539 4637 καταλαϐεῖν
1579 4578 1892 4653 προσελθών
1928 4578 2009 4648 μοί

2125 4591 2323 4643 nissem
2352 4589 2404 4645 in
2458 4573 2776 4656 ecclesiam,
2809 4594 2876 4646 ad
2912 4605 2998 4647 me
3045 4595 3313 4646 accedens
3348 4593 3428 4646 vir
3475 4595 3692 4663 quidam

444 4700 526 4746 τις
560 4685 700 4751 ἀνὴρ
745 4680 919 4734 λευκὰ
961 4675 1451 4750 περιϐεϐλημένος,
1488 4672 1765 4727 ἐπιδίδωσι
1792 4671 2019 4742 χρυσίου

446 4774 755 4842 ἀπόδεσμον
785 4771 980 4825 ἑκατὸν
1036 4767 1424 4839 νομισμάτων,
1463 4764 1643 4829 Δέξαι,
1683 4762 2019 4833 προσειπὼν,

447 4868 592 4937 φίλε,
625 4868 818 4921 ταῦτα.
858 4867 1013 4936 Ἐμοὶ
1049 4866 1107 4918 δὲ
1159 4864 1339 4916 καίτοι
1394 4860 1650 4930 ἁσμένως
1693 4857 1832 4910 αὐτὰ
1867 4856 2022 4920 δεξα-

450 4961 599 5028 μένῳ
659 4958 958 5028 μετέμελεν
995 4954 1177 5020 αὖθις,
1215 4954 1309 5008 καὶ
1348 4951 1408 5004 τὸ
1457 4954 1622 5020 τάχος
1669 4948 2024 5017 ἐπιστραφεὶς

446 5050 743 5104 ἀποδοῦναι
779 5049 859 5119 τῷ
895 5048 1152 5101 δεδωκότι
1181 5045 1243 5098 τὸ
1279 5042 1501 5115 χρυσίον
1538 5041 1880 5111 διενοούμην,
1927 5042 2022 5093 an

453 5143 624 5212 μηδὲν
651 5142 904 5213 δεόμενος
939 5155 953 5169 ·
987 5139 1083 5192 καὶ
1111 5139 1139 5190 ὁ
1186 5135 1438 5197 δεδωκὼς
1472 5133 1632 5196 εὐθὺς
1688 5132 1902 5201 ἀφανὴς
1931 5127 2020 5201 ἦν.

450 5234 584 5286 ἰ’ότε
638 5234 876 5302 συνῆκα,
930 5230 1009 5302 μὴ
1048 5226 1351 5298 φαντασίαν
1404 5220 1544 5277 εἶναι
1597 5222 1694 5292 τὴν
1731 5221 2022 5283 ὀπτασίαν,

449 5327 585 5378 ἀλλά
612 5327 781 5398 δήλην
839 5324 1123 5395 ἀλήθειαν.
1169 5320 1259 5387 Ἐξ
1310 5317 1521 5373 ἐκείνου
1571 5316 1755 5369 τοίνυν
1803 5313 2023 5367 ἐπειδάν

448 5421 555 5472 τινί
592 5437 645 5472 τι
671 5421 955 5490 παρεῖχον,
996 5416 1217 5487 Ἰδοιμι,
1257 5414 1466 5481 ἔλεγον,
1509 5409 1626 5478 εἴτε
1647 5408 1711 5478 δὴ
1766 5407 1908 5461 κατὰ
1927 5407 2024 5474 τὴι

453 5513 748 5584 ὑπόσχεσιν
774 5508 1309 5566 ἑκατονταπλασίονά
1365 5521 1456 5574 μοι
1495 5500 1945 5572 ἀντιμετρήσειεν
1998 5500 2025 5550 ὁ

452 5606 719 5675 Χριστός*
745 5605 893 5667 ώςδὲ
919 5603 1176 5673 μυριάκις
1202 5598 1346 5653 οὕτω
1373 5595 1543 5650 ποιῶν
1561 5595 1746 5655 αὐτοῖς
1774 5590 2025 5645 ἐπιστού-

454 5715 564 5766 μην
597 5695 797 5766 ἔργοις,
824 5695 1060 5759 Παῦσαι,
1092 5694 1229 5764 πρὸς
1253 5689 1509 5762 ἐμαυτὸν,
1533 5687 1687 5758 ἔφην,
1723 5685 1851 5756 ἄχρι
1881 5683 2025 5745 τίνος

452 5788 545 5839 τὸν
599 5788 928 5856 ἁπείραστον
986 5785 1373 5856 ὲκπειράσειςς
1432 5781 1474 5832 Τ
1477 5779 1710 5841 οσαύτας
1772 5776 2023 5846 ἐναργεῖς

456 5880 593 5950 ἐμοῦ
646 5880 747 5943 τὰς
791 5878 1001 5939 πίστεις
1028 5874 1355 5947 δεξαμένου,
1403 5874 1451 5925 οἱ
1479 5870 1802 5944 μικρόψυχοι
1852 5865 2019 5932 οὗτοι,

542 5980 565 6005 ⁸
699 5976 974 6036 Parum.
1008 5972 1128 6030 Gn.
1159 5967 1356 6030 CXIV.

2123 4683 2443 4737 candidatus
2463 4684 2624 4736 tradit
2653 4668 2783 4737 mihi
2808 4683 2923 4737 auri
2945 4683 3260 4738 lasciculum
3289 4704 3303 4739 :
3334 4683 3457 4740 lla'c
3487 4688 3692 4757 accipe,

2123 4775 2333 4837 dicens,
2355 4790 2386 4826 ο
2416 4774 2607 4828 amice.
2632 4769 2743 4841 Ego
2764 4785 2942 4828 autem
2980 4773 3079 4828 etsi
3125 4773 3253 4829 illud
3291 4776 3520 4833 libenter
3540 4794 3695 4834 acce-

2124 4867 2359 4935 pissem,
2402 4866 2594 4920 ductus
2635 4881 2752 4920 sum
2809 4851 3154 4935 pmnilentia,
3191 4876 3245 4921 et
3294 4872 3691 4939 quamprimum

2123 4971 2438 5021 conversus,
2471 4956 2774 5026 cogitabam
2808 4958 2860 5012 id
2899 4959 3121 5013 reddere
3146 4958 3195 5013 ei
3226 4961 3316 5029 qui
3344 4960 3596 5025 dederat,
3635 4973 3697 5017 ut

2125 5034 2216 5118 Qui
2250 5065 2355 5104 non
2384 5049 2704 5117 indigerem.
2741 5047 2788 5103 ls
2821 5058 3002 5104 autem
3032 5050 3123 5120 qui
3165 5050 3406 5111 dederat.
3450 5054 3696 5121 protinus

2125 5152 2440 5197 evanuerat.
2477 5137 2631 5195 Tunc
2653 5140 2892 5195 intellexi
2924 5141 3186 5196 visionem
3226 5157 3335 5197 non
3370 5158 3491 5199 esse
3519 5152 3695 5213 phan-

2127 5233 2343 5296 tasiam,
2366 5231 2460 5285 sed
2492 5240 2731 5298 apertam
2762 5231 3047 5286 visionem.
3076 5230 3157 5283 Ah
3182 5229 3272 5286 illo
3302 5240 3545 5300 tempore
3570 5248 3694 5286 cum

2127 5324 2329 5394 aliquid
2373 5322 2517 5377 aliud
2559 5320 2944 5392 praebuissem,
2994 5319 3260 5387 ‘Videam,
3306 5323 3590 5389 dicebam,
3628 5341 3696 5378 an

2127 5415 2512 5471 convenienter
2554 5413 2900 5483 promissioni
2936 5414 3009 5467 sit
3051 5413 3181 5468 mihi
3219 5413 3470 5470 Christus
3503 5427 3698 5469 et-ntuo

2128 5504 2272 5573 plum
2317 5504 2643 5560 redditurus.
2694 5503 2828 5559 Cu»;
2873 5514 3054 5558 autem
3100 5504 3293 5559 millies
3343 5505 3425 5560 sic
3471 5506 3697 5575 iaciens,

2129 5593 2258 5662 ipsis
2298 5591 2456 5647 factis
2492 5608 2602 5646 rem
2639 5592 2713 5646 ita
2743 5607 2865 5647 esse
2888 5608 3061 5647 essem
3086 5604 3375 5662 expertus,
3420 5593 3529 5669 dixi
3558 5596 3698 5664 apud

2128 5700 2252 5740 me:
2288 5684 2452 5739 Cessa
2473 5701 2490 5750 ;
2513 5699 2794 5753 quousque
2827 5684 3060 5740 tentabis
3083 5701 3231 5747 eum,
3261 5685 3351 5755 qui
3385 5700 3488 5738 non
3522 5696 3702 5755 potest

2130 5776 2367 5832 tentari?
2395 5777 2528 5830 Cum
2556 5790 2679 5847 ego,
2709 5776 2901 5845 inquit,
2934 5787 3041 5831 tam
3071 5777 3342 5831 evidentia
3367 5778 3694 5846 accepissem

2131 5878 2473 5942 argumenta,
2499 5869 2620 5936 isti;
2638 5868 2729 5938 qui
2753 5880 2877 5926 sunt
2899 5870 3103 5926 sordidi
3123 5878 3180 5925 et.
3208 5869 3518 5937 illiberales,
3544 5884 3700 5925 vene-

3332 5959 3409 6020 29
