4116 6408
449 410 555 478 90⁸1

1673 379 1834 443 ΜΕΝ
1841 379 1954 442 SIS
1991 374 2446 440 JANUARIUS.

3591 353 3698 416 9l8

448 530 576 579 runt
615 525 673 574 ut
704 529 788 570 me
815 509 1117 580 arriperent
1151 515 1201 560 et
1247 499 1530 558 el‘iicerent
1561 481 1768 552 socium
1799 507 1909 548 sua:
1933 491 2016 544 iu-
2047 540 2053 554 ,

2152 487 2276 560 μησὶ,
2315 487 2556 554 τήμερον
2605 473 2794 549 ἦλθον.
2817 473 3164 548 συναρπάσαι
3213 481 3274 524 τε
3305 466 3402 523 καὶ
3440 467 3696 522 κοινωνὸν

2163 579 2172 580 κ
2301 577 2310 580 -
2368 576 2392 580 _
2471 576 2482 580 -
2641 574 2651 580 .
2776 569 2880 580 -_-
3069 566 3086 580 .
3221 565 3236 580 ,
3327 559 3696 580 ,ων-,Πλω-

451 609 747 676 Iidelitatis,
773 613 829 661 et
861 617 945 662 me
970 605 1224 654 vocarent
1253 593 1317 648 ad
1348 584 1882 645 immisericordiam.

521 787 658 844 XIII.
685 783 849 856 tiujus
881 781 1169 836 maximam
1202 771 1589 842 benignitatem
1614 782 1738 822 cum
1772 762 2022 818 conside-

454 887 628 934 rasset
660 876 878 945 quidam
911 871 1152 930 advena,
1200 861 1453 932 cogitavit
1491 873 1613 912 eum
1647 866 1888 918 tentare,
1931 851 2020 922 qui

453 979 570 1044 erat
599 965 846 1036 superior
881 959 1028 1017 omni
1063 953 1377 1013 tentatione.
1415 949 1549 1004 Cum
1583 961 1639 1002 se
1667 959 1798 1014 ergo
1837 940 2026 1009 parmi-

453 1040 590 1117 culis
620 1057 905 1118 induisset,
939 1047 1148 1106 accedit
1174 1045 1240 1100 ad
1277 1057 1398 1099 eum
1429 1049 1645 1095 euntem
1673 1038 1739 1090 ad
1769 1031 2026 1088 visendos

456 1167 550 1206 eos
573 1149 662 1219 qui
694 1160 848 1202 erant
876 1145 928 1196 in
959 1135 1274 1196 nosocomio
1299 1131 1527 1204 (solebat
1555 1128 1702 1184 enim
1742 1125 1846 1180 hoc
1869 1123 1951 1178 bis
1973 1132 2028 1176 et

458 1257 540 1296 ter
575 1215 752 1294 facere
777 1237 828 1290 in
867 1227 1220 1298 hebdomade)
1249 1235 1302 1280 et
1335 1223 1508 1278 verbis
1539 1218 1890 1291 lugubribus:
1924 1215 2029 1268 Mi-

459 1347 640 1388 serere
673 1329 812 1393 mei,
846 1323 1043 1394 inquit,
1088 1319 1335 1383 domine,
1365 1313 1454 1384 qui
1486 1327 1606 1368 sum
1639 1309 1908 1379 eaptivus.
1939 1306 2031 1360 llle

460 1436 640 1479 autem
673 1421 828 1491 jubet
865 1410 1202 1470 distributori
1243 1407 1376 1462 dare
1413 1404 1463 1460 ei
1497 1418 1592 1459 sex
1633 1413 1906 1455 nummos.
1937 1396 2030 1451 Ille

461 1530 588 1571 vero
616 1489 686 1568 Iis
715 1507 952 1576 acceptis
983 1513 1036 1558 et
1073 1509 1278 1554 mutato
1309 1495 1492 1552 habitu
1514 1533 1528 1557 ,
1566 1507 1662 1549 uer
1691 1490 1852 1546 aliam
1887 1489 2030 1541 viam

459 1605 665 1659 accedit
715 1575 904 1654 rursus
952 1592 1202 1649 similiter
1252 1599 1468 1658 rogans.
1513 1583 1707 1638 Beatus
1752 1588 1930 1634 autem
1981 1575 2030 1630 ei

461 1709 645 1749 rursus
679 1689 832 1761 jubet
860 1685 972 1740 dari
1009 1697 1102 1738 sex
1137 1693 1405 1736 nummos.
1459 1676 1535 1730 Ad
1565 1685 1817 1744 maguum
1851 1678 2032 1723 autem

443 1766 632 1840 ’νίι-υιιι
667 1757 931 1836 accedens
959 1777 1027 1840 is,
1060 1773 1149 1843 qtti
1187 1769 1372 1834 dabat,
1405 1766 1480 1820 illi
1514 1765 1567 1819 in
1605 1777 1792 1817 aurem
1822 1757 2032 1829 signiﬁ-

2122 559 2222 646 τῆς
2253 576 2434 631 αὐτῶν
2459 574 2721 636 ἀπιστίας
2771 569 2964 636 δεῖξαι,
3000 566 3094 622 καὶ
3142 565 3276 637 πρὸς
3316 559 3698 631 ἀσπλαγχνίαν

2127 689 2191 740 με
2227 665 2648 721 ἐκκαλέσασθαι.

2195 765 2292 818 Il".
2325 762 2527 815 Τούτου
2559 759 2658 832 τὴν
2679 757 2884 828 πολλὴν
2915 751 3260 825 χρηστότητα
3282 749 3390 802 τῶν
3414 745 3700 817 ἐπηλύδων

2127 874 2208 918 τις
2237 853 2573 923 κατανοῆσαι
2603 833 3132 920 πειράσαςδιενοήθη
3169 842 3262 894 τὸν
3305 838 3485 910 πάσης
3504 837 3702 906 πείρας

2127 948 2424 1016 ἀνώτερον.
2477 943 2674 996 Ῥἁκια
2702 939 2890 1000 τοίνυν,
2922 933 3342 1006 ἀμφιασάμενος
3363 971 3377 992 ,
3419 929 3702 998 πρόσεισιν

2128 1036 2276 1107 αὐτῷ
2317 1035 2596 1107 προσιόντι
2648 1028 3046 1098 ἐπισκέψασθαι
3077 1025 3204 1088 τοὺς
3237 1026 3296 1077 ἐν
3355 1021 3434 1092 τῷ
3485 1037 3705 1074 νοσοκο-

2133 1129 2268 1201 μείῳ
2305 1128 2532 1200 (εἴθιστο
2553 1126 2661 1196 γὰρ
2703 1121 2852 1191 αὐτῷ
2880 1121 2962 1183 δίς
2986 1119 3082 1172 καὶ
3109 1118 3228 1186 τρὶς
3250 1114 3410 1169 τοῦτο
3431 1114 3530 1180 τῆς
3559 1111 3710 1167 ἐϐδο-

2132 1221 2294 1292 μὰῖοέ
2319 1218 2536 1290 ποιεῖν),
2563 1219 2655 1270 καὶ
2681 1217 2889 1288 ρἡασι
2916 1213 3150 1282 γοεροῖφ,
3169 1207 3421 1278 Ἐλέησόν
3451 1223 3517 1277 με
3565 1204 3711 1258 οὕτω

2133 1279 2289 1380 irriget,
2322 1279 2582 1374 δέσποτα,
2614 1279 2707 1360 τὸν
2732 1279 3101 1376 αίχμάλωτον.
3145 1297 3208 1354 ’0
3248 1299 3305 1353 δὲ
3337 1297 3414 1369 τῷ
3439 1279 3705 1369 διανομεῖ,

2131 1403 2190 1470 ἓξ
2215 1401 2365 1472 αὐτῷ
2414 1401 2725 1472 νομίσματα
2772 1398 2954 1452 δοῦναι
3003 1395 3256 1449 κελεύειο
3289 1393 3384 1447 καὶ
3431 1391 3491 1454 ὃς
3533 1391 3708 1444 ταῦτα

2132 1491 2312 1566 irai-56w
2350 1492 2442 1544 καὶ
2491 1488 2729 1560 ἀμείψας
2772 1487 2832 1540 τὸ
2880 1485 3088 1556 σχῆμα,
3128 1485 3379 1554 πρόσεισι
3435 1480 3504 1534 δι’
3543 1480 3708 1548 ἄλλης

2134 1582 2295 1635 πάλιν
2329 1579 2528 1650 ὁμοίως
2553 1578 2823 1648 δεόμενος.
2863 1575 2922 1628 ’0
2957 1575 3138 1629 τοίνυν
3179 1573 3449 1644 μακάριος
3479 1569 3537 1634 ἒξ
3563 1568 3712 1636 αὐτῷ

2135 1673 2229 1725 καὶ
2247 1670 2404 1735 αὖθις
2429 1669 2742 1741 νομίσματα
2771 1668 3058 1740 ἐπιτρέπει
3097 1666 3339 1736 δοθῆναι.
3377 1663 3632 1732 Ἐγγίσας
3654 1663 3710 1713 δὲ

2137 1763 2214 1834 τῷ
2247 1763 2469 1834 μεγάλῳ
2499 1761 2636 1832 πρὸς
2679 1760 2740 1813 τὺ
2768 1755 2860 1823 οὖς
2889 1758 3133 1824 ὁδιδοῦς,
3160 1756 3351 1810 τοῦτον
3381 1753 3546 1808 αὐτὸν
3571 1747 3711 1805 εἶναι

461 1890 547 1934 cat
580 1893 700 1932 cum
743 1885 899 1934 esse,
935 1869 1026 1937 qui
1057 1863 1214 1935 paulo
1249 1869 1372 1914 ante
1415 1858 1550 1911 alios
1586 1868 1681 1908 sex
1724 1859 2028 1920 acceperat.

2152 1854 2225 1907 τὸν
2264 1853 2358 1937 καὶ
2375 1853 2481 1924 πρὸ
2511 1851 2740 1922 βραχέος
2771 1851 2839 1904 τὰ
2863 1850 3030 1920 ἕτερα
3059 1849 3117 1915 ἓξ
3147 1847 3409 1918 εἰληφότα
3432 1845 3710 1917 γνωρίζει.

459 1973 593 2028 Cum
628 1981 754 2022 vero
785 1962 1050 2019 simulans
1085 1957 1247 2012 tertio
1287 1967 1478 2008 rursus
1509 1947 1752 2003 venisset
1789 1943 1858 1998 ad
1886 1939 2036 1998 'acci—

462 2061 746 2132 piendum,
797 2053 1120 2110 distributor
1167 2047 1342 2102 innuit
1394 2037 1750 2112 patriarcha,
1785 2035 2034 2092 eumdem

461 2169 584 2209 esse
625 2163 815 2204 rursus
853 2127 1184 2213 signiﬁcans.
1224 2135 1317 2188 llic
1349 2142 1529 2187 autem
1565 2131 1694 2185 illud
1721 2125 2036 2200 praeclarum

463 2258 655 2300 rursus
695 2240 826 2294 dicit
855 2246 912 2290 et
949 2233 1092 2292 facit,
1138 2239 1198 2283 ut
1237 2227 1326 2297 qui
1371 2225 1612 2280 dixerit:
1650 2223 1726 2276 Da
1763 2219 1812 2275 ei
1841 2216 2041 2273 duode-

467 2333 569 2386 cim
601 2340 890 2389 nummos;
925 2338 1046 2376 nam
1080 2319 1168 2372 ille
1199 2319 1312 2384 ipse
1345 2323 1426 2370 est
1459 2312 1720 2367 Dominus
1745 2322 1918 2372 meus,
1949 2307 2040 2376 qui

455 2401 554 2475 .me
585 2427 777 2472 tentat.
821 2413 928 2468 Sed
970 2413 1086 2466 haec
1115 2407 1330 2477 quidem
1369 2403 1469 2459 sic.
1501 2400 1692 2457 Oratio
1719 2409 1897 2454 autem
1926 2397 2040 2450 vult

467 2512 632 2566 etiam
676 2507 780 2562 alia
844 2505 1072 2575 plurima
1127 2509 1402 2559 tractare,
1447 2492 1810 2564 signiﬁcantia
1862 2489 2038 2560 qualis

468 2615 610 2662 esset
633 2603 715 2659 vir
743 2599 834 2656 ille
857 2609 1104 2655 summus
1133 2593 1278 2648 circa
1311 2587 1716 2656 benignitatem.

2145 1946 2246 2008 Ὠς
2270 1936 2333 1999 ’δὲ
2365 1947 2796 2016 ὑποκρινάμενος
2828 1947 2892 1998 ἐκ
2931 1944 3116 2014 τρίτου
3147 1942 3308 1997 πάλιν
3332 1939 3472 1994 ἔλθοι
3504 1939 3712 2000 λαῦεἴν,

2133 2040 2160 2090 6
2182 2037 2470 2106 διανομεὺς
2503 2037 2688 2090 νύττει
2733 2035 2823 2089 τὸν
2853 2033 3222 2106 πατριάρχην,
3252 2031 3342 2086 τὸν
3381 2029 3543 2084 αὐτὸν
3573 2024 3714 2082 εἶναι

2135 2129 2415 2199 σημαίνων
2437 2145 2449 2158 ⁵
2483 2129 2576 2182 καὶ
2625 2128 2684 2192 ὃς
2703 2129 2764 2181 τὸ
2797 2127 3040 2196 ἀοίδιμον
3086 2127 3260 2180 ἐκεῖνο
3287 2125 3380 2177 καὶ
3415 2121 3716 2192 φθέγγεται

2136 2223 2421 2286 καί”ποιεῖ,
2482 2221 2702 2274 Δώδεκα
2733 2219 2822 2284 δὸς
2879 2217 3026 2289 αὐτῷ
3057 2217 3392 2288 νομίσματα,
3447 2211 3710 2284 εἰρηκὼς,

2140 2314 2214 2384 μή
2245 2330 2372 2366 ποτε
2411 2313 2506 2365 καὶ
2539 2311 2702 2376 αὐτὸς
2749 2311 2954 2375 ἐκεῖνος
2985 2311 3014 2362 6
3071 2307 3275 2379 Κύριός
3318 2303 3421 2376 μοῦ
3471 2307 3590 2357 ἐστι
3625 2305 3720 2356 καὶ

2147 2403 2382 2474 πειράζῃ
2415 2418 2504 2472 με.
2545 2401 2709 2456 Ἀλλὰ
2750 2399 2925 2454 ταῦτα
2955 2399 3055 2470 μὲν
3078 2391 3202 2454 ὧδε.
3249 2396 3310 2452 '0
3337 2395 3496 2464 λόγος
3531 2392 3590 2447 δὲ
3625 2393 3722 2446 καὶ

2145 2493 2308 2564 ἐτερα
2331 2493 2552 2547 πλεῖστα
2571 2491 2846 2547 διαλαδεῖν
2875 2491 3147 2562 βούλεται,
3166 2485 3275 2552 οἵας
3299 2483 3367 2558 ἦν
3398 2489 3566 2559 ἄκρος
3593 2487 3722 2556 περὶ

2153 2585 2210 2638 τὸ
2241 2585 2621 2655 φιλάνθρωπον
2651 2588 2677 2638 ό
2713 2585 2886 2655 μέγας
2921 2584 3204 2656 δηλοῦντα.

1950 2721 2179 2780 CAPUT
2221 2721 2306 2778 III.

1496 2847 1814 2902 Subrentum
1845 2843 2064 2912 pauperi
2103 2845 2414 2908 mercatori,
2449 2854 2494 2898 el
2529 2844 2706 2898 nobili.

545 2973 684 3032 XIV.
713 2973 978 3028 Mercator
1007 2968 1085 3039 (9)
1121 2965 1338 3036 quid-.m
1377 2961 1660 3032 possidens
1689 2972 1882 3011 navem
1921 2969 2044 3024 pro-
2075 2965 2118 3022 ο

473 3071 668 3143 priam,
709 3081 830 3123 cum
879 3063 929 3118 ei
981 3057 1360 3116 inielieissime
1413 3053 1672 3110 cessisset
1717 3056 2048 3110 mercatura,

472 3141 620 3236 gravi
661 3155 1006 3230 premebatur
1045 3151 1250 3220 inopia.
1287 3148 1350 3202 Ei
1387 3161 1538 3216 ergo,
1583 3158 1704 3198 eum
1732 3141 2053 3196 accessisset

475 3231 530 3308 et
563 3249 810 3320 petiisset
839 3241 1040 3314 aliquid
1087 3239 1307 3304 auxilii,
1347 3233 1716 3301 beatusjubet
1749 3231 1865 3286 dari
1891 3231 2054 3300 quin-

477 3358 580 3412 que
611 3342 776 3394 libras
813 3337 952 3390 auri.
981 3334 1128 3399 Quas
1157 3327 1374 3400 quidem
1408 3343 1531 3383 eum
1559 3326 1882 3394 accepisset,
1909 3333 1963 3376 et
1988 3335 2053 3375 ea

479 3433 674 3504 quibus
722 3443 856 3498 opus
907 3426 1140 3480 habebat
1191 3433 1336 3478 esset
1387 3428 1695 3482 mercatus,
1756 3415 2054 3484 navigavit:

481 3525 770 3592 Postquam
817 3529 996 3575 autem
1034 3515 1138 3571 fuit
1183 3515 1328 3570 circa
1373 3511 1619 3576 Pharon,
1671 3509 1718 3561 vi
1768 3515 2053 3562 ventorum

483 3625 732 3679 vexatus,
753 3611 954 3666 amittit
984 3609 1200 3678 quidem
1224 3621 1306 3669 ea,
1337 3619 1456 3673 qua:
1484 3603 1752 3667 vehebat;
1779 3599 2054 3670 navigium

485 3723 610 3762 vero
643 3705 816 3760 solum
847 3711 1030 3756 servat
1059 3713 1308 3754 vacuum.
1352 3697 1577 3750 Accedit
1608 3709 1738 3764 ergo
1773 3707 1960 3746 rursus
1989 3691 2055 3746 ad

487 3795 847 3868 patriarcbam
888 3790 1048 3847 simul
1080 3789 1302 3858 quidem
1334 3783 1544 3854 tragice
1579 3781 1780 3838 deﬂens
1817 3781 1868 3835 id
1909 3781 2054 3849 quod

484 3889 780 3951 acciderat,
805 3894 858 3940 et
880 3899 1000 3937 eum
1029 3882 1094 3934 ad
1121 3877 1376 3948 majorem
1404 3889 1602 3930 vocans
1627 3872 2059 3929 commiseratio-

487 3994 634 4035 nem.
667 3977 756 4032 Ille
790 3984 966 4028 autem
993 3988 1114 4028 cum
1145 3969 1422 4032 audiisset,
1463 3968 1708 4022 hortatur
1736 3965 1954 4034 quidem
1993 3977 2060 4016 ne

487 4071 729 4126 animum
755 4066 1103 4135 despondeat,
1127 4073 1311 4130 aperte
1333 4071 1510 4114 autem
1535 4056 1831 4125 subiungit,
1849 4054 2054 4109 dicens:

415 4229 418 4233 ,
489 4163 605 4216 Nisi
635 4163 719 4226 iis,
745 4173 863 4228 quae
893 4155 988 4210 tibi
1015 4155 1236 4224 reliquae
1263 4161 1418 4206 crant
1445 4166 1508 4204 ex
1539 4149 1845 4218 iniquitate,
1873 4145 2062 4199 Eccle-

488 4258 580 4312 sia:
599 4267 814 4326 quoque
843 4247 1097 4320 pecunias
1121 4244 1510 4314 conjunxisses,
1543 4255 1650 4294 non
1682 4241 1782 4294 hoc
1810 4238 1902 4292 tibi
1925 4251 2058 4292 con-

2225 2957 2324 3012 lA’.
2363 2957 2642 3028 Ἕμπορός
2676 2974 2755 3018 τις
2794 2956 2928 3010 ναῦν
2970 2955 3304 3026 κεκτημένος
3343 2953 3498 3018 ἰδίαν,
3531 2953 3729 3006 duaru-

2153 3049 2387 3120 χέστατα
2427 3049 2689 3110 δ;ατεθεὶς
2718 3047 2850 3118 πρὸς
2876 3049 2972 3119 τὴν
3013 3045 3538 3118 ἐμπορίαν,·ὰπορίᾳ
3577 3044 3729 3097 ἐπιέ-

2154 3138 2276 3204 ζετο
2311 3139 2543 3209 χαλεπῇ.
2603 3138 2790 3208 Τούτῳ
2845 3138 2975 3206 γοῦν
3030 3136 3402 3208 προσελθόντι,
3459 3135 3552 3188 καί
3585 3152 3730 3198 τινος

2155 3230 2473 3302 ἐπικουρίας
2494 3227 2730 3293 ἀξιοῦντι
2747 3229 2952 3297 τυχεῖν,
2975 3228 3002 3280 6
3023 3227 3290 3297 μακάριος
3315 3226 3478 3278 πέντε
3506 3225 3732 3294 χρυσίου

2155 3323 2342 3396 λίτρας
2374 3321 2590 3393 δοθῆναι
2623 3323 2979 3392 προστάττειο
3003 3321 3182 3392 ἇσπερ
3205 3321 3270 3389 δὴ
3303 3321 3397 3374 καὶ
3422 3319 3602 3373 λαϐὼν
3637 3317 3734 3371 καὶ

2157 3408 2232 3468 ὧν
2255 3415 2424 3468 ἐδεῖτο
2457 3411 2962 3482 ἐμπορευσάμενος,
3017 3409 3192 3464 ἔπλει.
3243 3410 3330 3474 Ὣς
3365 3411 3422 3463 δὲ
3457 3408 3590 3479 περὶ
3641 3405 3732 3460 τὸν

2155 3507 2331 3578 Φάρον
2367 3506 2604 3572 ἐγένετο,
2660 3503 2804 3574 βίαις
2838 3503 3194 3572 περιληφθεὶς
3225 3503 3442 3574 ἀνέμων
3487 3499 3734 3558 ἀποϐάλ-

2157 3596 2307 3649 λεται
2350 3595 2446 3665 μὲν
2478 3594 2544 3646 τὰ
2581 3593 2862 3663 ἀγώγιμα,
2897 3593 3055 3662 μόνον
3089 3591 3146 3645 δὲ
3177 3591 3236 3645 τὺ
3271 3592 3453 3643 πλοῖον
3481 3588 3738 3652 διασώζει

2160 3685 2332 3739 κενόν.
2364 3682 2733 3754 Προσέρχεται
2767 3682 2943 3734 τοίνυν
2980 3682 3070 3733 καὶ
3102 3675 3256 3740 αὖθις
3275 3677 3353 3748 τῷ
3395 3676 3734 3746 πατριάρχῃ,

2161 3776 2276 3848 ἅμα
2307 3775 2410 3847 μὲν
2437 3773 2798 3844 ὲκτραγῳδῶν
2860 3773 2921 3825 τὸ
2955 3771 3191 3842 συμϐὰν,
3227 3770 3343 3840 ἅμα
3369 3769 3424 3822 δὲ
3475 3769 3571 3823 καὶ
3601 3767 3740 3840 πρὸς

2164 3867 2509 3937 συμπάθειαν
2549 3865 2712 3917 αὐτὸν
2767 3864 2985 3916 πλείονα
3043 3861 3468 3931 ἐκκαλούμενος.
3509 3860 3620 3914 Καὶ
3675 3857 3736 3922 ὃς

2162 3959 2421 4026 ἀκούσας,
2461 3963 2715 4031 παραινεῖ
2742 3959 2842 4029 μὲν
2872 3960 2947 4030 μὴ
2975 3957 3364 4029 ἀπαγορεύειν,
3410 3955 3652 4024 ἐπιλέγει
3679 3953 3738 4006 δὲ

2163 4052 2412 4122 φανερῶς
2433 4051 2508 4114 ὡς
2529 4093 2545 4117 ,
2571 4051 2634 4104 Εἰ
2663 4051 2737 4121 μὴ
2767 4053 2878 4113 τοῖς
2905 4050 2964 4114 ἐξ
2988 4049 3196 4112 ἀδικίας
3225 4041 3620 4116 περιλειφθεῖσι
3646 4044 3742 4097 καὶ

2163 4145 2230 4198 τὰ
2253 4145 2350 4214 τῆς
2388 4144 2712 4212 Ἐκκλησίας
2763 4143 3023 4214 χρήματα
3057 4141 3319 4212 συνῆψας,
3345 4141 3443 4194 οὐκ
3470 4139 3536 4193 ἂν
3583 4135 3744 4191 τοῦτο

2167 4234 2526 4306 συμὸεσὴκοι.
2580 4231 2742 4296 Αὖθις
2769 4229 2860 4286 οὖν
2913 4233 3045 4288 δέκα
3083 4233 3273 4304 λίτρας
3331 4229 3480 4300 αὐτῷ
3518 4228 3743 4298 δοθῆναι

489 4321 741 4418 ιὶεἰεειξῐ.⁷
765 4343 976 4399 Rursus
1030 4353 1158 4412 ergo
1201 4338 1349 4408 jubet
1401 4336 1450 4391 ei
1501 4334 1614 4389 dari
1659 4333 1845 4388 decem
1890 4329 2053 4383 libras

2165 4327 2375 4380 κελεύει
2404 4325 2648 4398 χρυσίου,
2699 4325 3072 4395 παραγγείλας
3101 4325 3264 4394 ἕτερα
3288 4325 3499 4387 τούτοις
3539 4321 3612 4392 μὴ
3642 4323 3760 4389 ἐμ-’

489 4440 645 4505 auri,
675 4438 901 4509 jubeus,
939 4448 1006 4488 ne
1039 4447 1132 4487 eas
1162 4430 1408 4498 injiceret
1437 4441 1556 4481 cum
1595 4423 1736 4478 aliis.
1772 4418 2060 4486 Quampri-

491 4547 636 4586 mum
671 4543 800 4598 ergo
826 4523 1100 4595 navigavit
1131 4514 1660 4583 mercator,'aeeidit
1689 4523 1746 4566 ut
1772 4521 1826 4566 et
1851 4521 2059 4578 patere-

493 4631 580 4676 tur
619 4619 784 4690 priori
829 4616 1045 4686 gravius
1093 4611 1476 4680 naufragium,
1521 4615 1579 4661 ut
1627 4605 1718 4674 qui
1761 4616 1886 4657 eum
1931 4614 2064 4653 nave

491 4726 630 4764 onus
661 4707 821 4762 simul
861 4704 1124 4759 amiserit.
1163 4701 1298 4756 Cum
1336 4711 1466 4768 ergo
1495 4696 1550 4748 in
1591 4704 1891 4748 extremam
1920 4689 2064 4742 ceci-

493 4802 661 4858 disset
689 4797 1153 4869 desperationem,
1186 4802 1242 4849 et
1269 4791 1444 4846 victus
1475 4791 1622 4842 esset
1649 4783 1816 4838 animi
1851 4781 2066 4851 regritu-

491 4889 654 4955 dine',
685 4898 738 4944 et
767 4903 866 4943 uec
899 4886 1166 4942 tantillum
1196 4882 1412 4952 quidem
1445 4886 1630 4949 posset
1666 4875 1920 4930 cohibere
1949 4887 2068 4926 mo-

495 4994 607 5036 tuin
649 4979 850 5043 animi,
891 4987 946 5032 et
982 4977 1093 5046 jam
1149 4986 1366 5028 manum
1417 4970 1522 5024 sibi
1577 4974 1722 5023 esset
1767 4965 2066 5026 allaturus;

495 5075 690 5128 deinde
725 5070 1019 5138 cumquod
1061 5067 1260 5122 factum
1303 5069 1460 5127 erat,
1505 5074 1694 5114 rursus
1737 5055 2066 5117 rescivisset,

498 5165 804 5234 patriarcha
843 5177 965 5216 eum
1007 5158 1259 5215 accersit.
1293 5154 1386 5208 Ille
1433 5163 1612 5206 autem
1645 5148 1877 5206 accessit
1919 5157 2071 5203 veste

496 5257 742 5324 disrupta
763 5293 777 5318 ,
811 5267 964 5308 coma
1012 5248 1221 5312 evulsa,
1271 5253 1324 5298 et
1357 5251 1522 5313 caput
1555 5240 1764 5296 habens
1804 5254 2070 5306 consper-

497 5366 615 5404 squ
647 5347 862 5409 cinere,
895 5343 1081 5400 habitu
1120 5337 1464 5407 miserabilis,
1492 5324 1852 5404 miserabilior
1890 5343 2069 5386 autem

497 5441 763 5514 gravitate
805 5435 1152 5498 calamitatis,
1195 5443 1246 5488 et
1279 5429 1462 5485 tnultis
1510 5427 1764 5498 laerymis
1807 5425 2074 5496 laerymas

499 5531 777 5587 oculorum
811 5528 1110 5582 attrahens.
1152 5525 1323 5590 Quem
1353 5520 1514 5576 etiam
1553 5517 1641 5572 hic
1683 5529 1910 5586 magnus
1949 5531 2071 5570 cum

501 5621 724 5676 vidisset
755 5618 1087 5688 :PrOpitius,
1121 5614 1322 5686 inquit,
1367 5611 1439 5668 sit
1475 5609 1568 5664 tibi
1608 5606 1768 5662 Deus.
1805 5605 1917 5660 Cur
1949 5621 2073 5674 pro-

577 5781 714 5849 t8-9)
753 5776 1034 5864 Leoni-ius,
1085 5776 1397 5840 nauclerus,
1429 5771 1568 5842 quod
1614 5767 1752 5825 inira
1798 5769 1882 5822 hic
1928 5767 2144 5822 dicitur.

2166 4417 2372 4474 ϐαλεῖν.
2435 4416 2590 4469 Κατὰ
2623 4417 2786 4486 τάχος
2840 4415 2933 4470 οὖν
2964 4418 2992 4470 6
3029 4416 3268 4487 ἔμπορος
3302 4415 3454 4468 ἔπλει
3490 4415 3585 4468 καὶ
3619 4432 3746 4468 ναυ-

2163 4509 2306 4580 αγίῳ
2331 4509 2494 4563 πάλιν
2523 4509 2720 4578 χρῆται
2741 4507 2834 4562 τοῦ
2871 4507 3143 4580 προτέρου
3191 4509 3577 4578 χαλεπωτέρῳ,
3603 4507 3740 4575 αὐτῇ

2165 4601 2254 4672 νηῒ
2295 4601 2391 4654 καὶ
2448 4601 2535 4654 τὸν
2567 4601 2764 4670 φόρτον
2815 4600 3126 4655 ἀποϐαλών.
3190 4601 3426 4670 Ἐσχάτῃ
3455 4595 3743 4668 τοιγαροῦν

2165 4692 2473 4758 ἀπογνώσει
2497 4692 2832 4764 περιπεσὼν,
2853 4693 3034 4762 ἦττων
3049 4709 3109 4744 τε
3125 4691 3224 4761 τῆς
3251 4692 3490 4761 ἀθυμίας
3513 4691 3743 4758 γενόμε-

2168 4799 2257 4846 νος
2286 4783 2378 4836 καὶ
2407 4783 2542 4854 μηδὲ
2576 4783 2750 4854 βραχὺ
2780 4782 2874 4836 τοῦ
2935 4783 3140 4845 πάθους
3177 4783 3454 4852 ἐγκρατὴς
3483 4776 3624 4834 εἶναι
3653 4781 3746 4832 δυ-

2169 4873 2425 4942 νάμενος,
2449 4876 2543 4927 καὶ
2565 4877 2757 4928 ἑαυτὸν
2783 4874 2883 4944 ἤδη
2929 4873 3357 4944 διαχειρίζεσθαι
3379 4873 3594 4942 ἔμελλε,
3625 4867 3746 4924 εἶτα

2169 4969 2229 5018 τὸ
2252 4967 2474 5034 γεγονὸς
2499 4967 2591 5020 καὶ
2623 4963 2778 5030 αὖθις
2811 4971 2839 5020 ὁ
2873 4969 3218 5038 πατριάρχης
3242 4964 3536 5034 ἀναμαθὼν
3559 4969 3746 5018 εἰσκα-

2171 5057 2342 5110 λεῖται
2370 5055 2557 5110 τοῦτον
2581 5075 2594 5088 ·
2629 5057 2724 5110 καὶ
2747 5056 2804 5120 ὃς
2821 5057 3048 5128 προσῄει
3067 5059 3166 5129 τὴν
3191 5057 3394 5126 ἐσθῆτα
3413 5055 3747 5129 διερρηγμέ-

2171 5165 2282 5210 νος,
2314 5148 2415 5216 τὴν
2469 5147 2649 5216 κόμην
2680 5147 3098 5218 διεσπασμένος,
3159 5149 3305 5202 κόνει
3345 5150 3446 5219 τὴν
3499 5149 3744 5218 κεφαλὴν

2174 5238 2690 5307 καταπεπασμένος,
2746 5237 2979 5297 ἐλεεινὸς
3022 5238 3085 5290 τὸ
3121 5238 3332 5308 σχῆμα,
3387 5239 3746 5308 ἐλεεινότερος

2173 5331 2250 5397 τῷ
2283 5329 2439 5400 βάρει
2472 5331 2578 5383 τῶν
2611 5329 2929 5400 συμφορῶν,
2959 5329 3189 5398 δάκρυσί
3212 5325 3271 5382 τε
3295 5327 3508 5392 πολλοῖς
3534 5328 3746 5396 δάκρυα

2173 5421 2283 5474 τῶν
2311 5419 2607 5490 ὀφθαλμῶν
2629 5421 3013 5490 ἐφελκόμενος.
3049 5421 3147 5472 Ὃν
3175 5422 3270 5474 καὶ
3299 5423 3327 5474 6
3365 5420 3536 5490 μέγας
3585 5418 3746 5480 αὐτὸς

2177 5513 2510 5584 θεασάμενος
2532 5551 2548 5576 ,
2577 5511 2764 5576 Ἵλεώς
2802 5528 2905 5578 σοι,
2965 5513 3152 5582 φησιν,
3217 5514 3246 5566 6
3293 5513 3446 5575 θεὸς.
3479 5510 3543 5564 Ti
3573 5507 3746 5570 οὕτως

2178 5603 2340 5659 αὑτὸν
2397 5603 2460 5657 ἐκ
2511 5601 2878 5672 μικροψυχίας
2926 5601 3220 5673 διέθηκα;;
3257 5602 3497 5658 Πέποιθα
3528 5599 3602 5669 τῷ
3631 5596 3750 5666 Θιῴ
