4116 6398
390 484 501 549 909

1379 474 1554 545 νιΤΑ
1594 482 1651 541 s.
1695 478 2015 541 JOANNIS
2054 466 2691 543 ELEEMOSYNARII.

3542 464 3646 548 9‘10

391 613 525 665 μου,
594 593 669 657 ὡς
731 593 912 648 οὑκέτι
952 609 1032 646 σοι
1101 591 1193 645 τοῦ
1246 589 1432 645 λοιποῦ
1492 589 1676 641 πλοῖον
1733 585 1972 657 οὑδαμοῦ

2100 595 2199 637 iter
2233 585 2487 654 pusillum
2516 592 2571 640 et
2604 587 2869 653 abjeclum
2914 589 3154 644 animum
3197 590 3267 645 ita
3296 603 3355 645 es
3384 589 3649 649 affectus?

399 688 721 759 ναυαγήσει.
766 687 911 755 Πλὴν
963 685 1072 738 ἴσθι
1106 683 1293 752 σαφῶς
1344 682 1473 751 παρ’
1500 681 1651 735 οὐδὲν
1697 680 1825 735 ἄλλο
1876 681 1971 734 κσι⁸ι⁹

395 779 554 833 τοῦτο
585 778 879 847 συμϐῆναι,
927 776 957 845 ἢ
1011 777 1092 828 ὅτι
1140 792 1222 826 σοι
1262 775 1351 826 καὶ
1405 771 1536 824 αὑτδ
1574 772 1634 823 το
1696 771 1877 823 πλοῖον
1909 771 1969 821 οὑ

397 867 619 930 δικαίως
643 865 764 919 οὑδὲ
794 865 973 928 καλῶς
1016 864 1278 933 ἐτύγχανε
1314 859 1677 932 προσκτηθέν.

473 1041 571 1094 lE'.
599 1039 785 1093 Ταῦτα
808 1037 977 1092 εἰπὼν
1002 1039 1219 1105 δοθῆναί
1238 1039 1286 1091 οἱ
1309 1039 1366 1091 ἓν
1388 1039 1496 1091 τῶν
1521 1037 1621 1107 τῆς
1643 1036 1974 1105 Ἐκκλησίας

402 1119 604 1186 πλοίων
650 1130 883 1196 κελεύει,
918 1131 1065 1184 σίτου
1095 1133 1373 1200 μυριάδων
1402 1130 1495 1183 δύο
1523 1129 1974 1199 πεπληρωμένον,

401 1228 539 1295 ὅπερ
572 1221 751 1275 λαϐὼν
784 1222 998 1287 ἐξέπλει
1040 1223 1136 1292 τῆς
1173 1222 1544 1291 Ἀλεξάνδρου.
1578 1222 1687 1276 Καὶ
1709 1222 1845 1289 δῆτα
1858 1222 1977 1274 ἐπια

403 1314 554 1384 φόρῳ
599 1313 943 1383 χρησάμενος
998 1312 1308 1381 πνεύματι,
1360 1313 1636 1383 παραδοὺς
1666 1312 1857 1365 ἑαυτὸν
1902 1311 1979 1380 τῷ

404 1402 644 1472 φέροντι,
703 1404 869 1472 ἤγετο
902 1403 1065 1473 μηδὲν
1114 1403 1271 1466 εἰδὼς
1300 1406 1421 1457 ὅποι
1472 1406 1567 1457 καὶ
1612 1403 1735 1470 εἴη·
1768 1403 1981 1473 ἡμέρας

404 1493 511 1563 γὰρ
551 1492 722 1544 εἴκοςι
744 1492 836 1544 καὶ
867 1492 1064 1566 νύκτας
1095 1491 1194 1553 τὰς
1233 1492 1354 1554 ἴσας
1378 1492 1476 1561 τῆς
1505 1490 1631 1560 νηὸς
1656 1490 1798 1543 οὕτω
1828 1488 1982 1542 θεού-

408 1598 529 1651 σης,
564 1579 682 1632 οὔτ’
711 1580 895 1646 αὑτὸς,
927 1578 1050 1633 οὔτε
1080 1597 1164 1643 τις
1192 1581 1300 1633 τῶν
1333 1582 1391 1634 ὲν
1414 1583 1478 1651 τῇ
1514 1579 1603 1651 νηῒ
1634 1579 1849 1652 ἕτερος,
1885 1580 1982 1633 οὐκ

409 1674 470 1726 ἐκ
495 1673 604 1726 τῶν
620 1672 834 1743 ἄστρων
853 1712 868 1735 ,
898 1673 997 1725 οὑκ
1016 1673 1071 1737 ἐξ
1097 1671 1379 1742 ἐγχωρίων
1405 1672 1468 1742 δή
1490 1689 1651 1724 τινων
1668 1673 1983 1741 γνωρισμά-

407 1781 513 1816 των
550 1764 685 1817 ὅπου
706 1763 836 1816 ποτὲ
863 1764 964 1832 γῆς
989 1757 1152 1833 ἦσαν,
1185 1761 1437 1815 ἐδύναντο
1461 1761 1773 1830 διαγνῶναι,
1804 1763 1886 1815 ὅτι
1911 1762 1986 1833 μὴ

409 1853 485 1925 τῷ
519 1853 826 1925 κυϐερνήτῃ
883 1854 1029 1923 μόνῳ
1090 1855 1117 1906 ὁ
1163 1853 1509 1923 πατριάρχης
1558 1854 1986 1923 ὑποςραινόμενος

2074 676 2298 730 Confido
2325 678 2376 730 iu
2410 676 2517 731 Deo
2543 693 2681 743 mea,
2722 681 2861 748 quod
2892 682 2954 733 de
2980 692 3175 736 cmtero
3205 683 3296 736 libi
3330 685 3480 738 navis
3518 688 3644 738 nul-

2077 766 2186 818 lum
2222 768 2456 834 patietur
2501 768 2859 839 naufragium.
2906 770 3009 824 Sed
3059 775 3198 827 si-ias
3246 776 3347 829 hoc
3377 776 3469 831 tibi
3499 778 3643 831 nulla

2079 856 2180 910 alia
2210 858 2276 910 de
2318 873 2481 911 causa
2523 858 2811 922 accidisse,
2841 860 2948 914 nisi
2994 864 3136 930 quod
3185 868 3295 918 haec
3328 865 3497 932 Inavis
3526 862 3641 921 neu

2072 948 2236 1016 juste,
2282 964 2384 1002 nou
2422 951 2667 1012 beneste,
2706 966 2732 1002 a
2765 960 2815 1003 te
2840 960 2985 1006 esset
3012 953 3297 1019 aequisita.

2149 1040 2263 1095 XV.
2309 1040 2431 1095 llaec
2473 1053 2595 1095 cum
2640 1042 2889 1106 dixisset,
2935 1043 3097 1112 jussit
3137 1046 3186 1099 ci
3220 1040 3335 1100 dari
3376 1062 3536 1103 unam
3582 1066 3649 1105 ex

2082 1134 2306 1188 navibus
2342 1132 2615 1195 Ecclesia},
2653 1134 2924 1204 impletam
2955 1137 3144 1203 viginti
3184 1138 3418 1194 millibus
3446 1144 3652 1196 modiu-

2084 1240 2199 1278 rum
2234 1225 2510 1278 frumenti.
2560 1225 2674 1292 Qua
2721 1226 2938 1295 quidem
2977 1239 3220 1297 aerepta,
3265 1230 3535 1300 navigavi:
3584 1248 3649 1287 ex

2054 1317 2404 1385 ,Alexandria
2439 1355 2457 1381 ,
2504 1327 2559 1370 et
2590 1325 2750 1371 tento
2780 1333 2907 1373 usus
2942 1321 3200 1385 secundo,
3227 1335 3350 1375 cum
3384 1337 3444 1377 se
3477 1323 3649 1391 ipsum

2086 1408 2396 1462 tradidisset
2438 1410 2510 1471 ei,
2552 1409 2642 1477 qui
2684 1408 2924 1469 ferebat,
2964 1409 3262 1465 ducebatur
3287 1412 3427 1474 nihil
3472 1415 3655 1469 sciens

2086 1498 2300 1550 ubinam
2337 1505 2500 1551 esset.
2548 1497 2679 1550 Nam
2712 1513 2833 1553 cum
2872 1499 3055 1569 viginti
3082 1500 3195 1555 dies
3229 1512 3281 1556 et
3307 1503 3526 1558 totidem
3557 1520 3649 1559 no-

2086 1600 2201 1642 ctes
2249 1588 2402 1642 navis
2435 1589 2513 1642 sic
2551 1599 2818 1654 curreret,
2872 1605 3047 1660 neque
3097 1592 3235 1661 ipse,
3284 1609 3462 1663 neque
3517 1593 3656 1649 ullus

2090 1679 2224 1732 alius
2253 1694 2318 1732 ex
2363 1679 2449 1745 iis,
2487 1679 2577 1746 qui
2622 1688 2781 1733 erant
2823 1679 2877 1733 in
2914 1680 3057 1745 navi,
3097 1696 3197 1739 nec
3239 1698 3306 1738 ex
3337 1685 3518 1750 astris,
3556 1699 3659 1739 nec

2088 1782 2151 1820 ex
2195 1768 2427 1836 regionis
2478 1768 2716 1833 indiciis,
2755 1770 2972 1824 ubinam
3019 1782 3198 1827 essent
3241 1784 3491 1842 poterant
3544 1775 3656 1829 diss

2090 1874 2336 1923 eernere,
2387 1859 2489 1913 nisi
2524 1860 2668 1929 quod
2711 1861 2809 1914 soli
2845 1863 3192 1931 gubernatori
3237 1866 3534 1934 apparebat
3559 1878 3655 1936 pa-

406 1939 497 2016 ἦν,
536 1943 729 1999 ἰθύνων
765 1946 862 1997 σὺν
909 1944 1056 2014 αὑτῷ
1084 1944 1145 1997 τὸ
1175 1944 1461 2015 πηδάλιον.
1498 1944 1651 1997 Ἐπεὶ
1676 1944 1733 1995 δὲ
1767 1946 1985 2013 εἰκοστὴ

2100 1948 2344 2013 Lriareba,
2377 1963 2499 2003 cum
2531 1962 2596 2003 eo
2625 1949 2833 2003 clavum
2861 1950 3120 2020 dirigens.
3153 1951 3287 2006 Cum
3313 1962 3492 2010 autem
3527 1927 3658 2023 pira.»

411 2036 690 2106 παρέλθοι,
758 2037 945 2109 νήσοις
995 2035 1385 2106 ἐντυγχάνουσι
1434 2038 1554 2098 ταῖς
1607 2037 1983 2105 Βρετανικαῖς,

412 2129 541 2184 ἔνθα
582 2128 647 2200 δὴ
700 2129 793 2181 καὶ
843 2128 1368 2199 προσορμισάμενοι,
1424 2127 1582 2198 λιμὸν
1637 2127 1986 2198 εὑρίσκουσιν

413 2221 803 2291 ἀπηνέστατον,
841 2218 998 2288 λιμὸν
1033 2219 1232 2283 ἀθλίως
1281 2220 1408 2282 τοὺς
1463 2219 1762 2290 ἐγχωρίους
1789 2234 1988 2287 κατερ-

413 2309 734 2380 γαζόμενον.
777 2310 930 2362 Ἐπεὶ
960 2309 1016 2361 δέ
1049 2309 1126 2379 τῷ
1182 2310 1382 2380 πρώτῳ
1433 2309 1640 2362 τούτων
1701 2308 1987 2377 ἐνέτυχον,

416 2405 508 2456 καὶ
538 2404 618 2455 ὅτι
647 2405 790 2455 σῖτον
826 2402 1040 2472 φέροιεν
1073 2400 1223 2471 αὑτῷ
1248 2400 1681 2472 διεγνώσθησαν,
1723 2400 1989 2468 εὐθυμίας

416 2486 720 2565 ἐπληροῦτο
742 2495 942 2562 πάσης,
984 2498 1079 2545 καὶ
1114 2494 1210 2546 σὺν
1232 2492 1402 2563 πολλῇ
1427 2492 1650 2555 τούτους
1702 2491 1992 2559 ὑπεδέχετο

417 2589 482 2657 τῇ
529 2585 874 2658 περιχαρείᾳ,
924 2584 1023 2638 οὑκ
1070 2586 1222 2637 ἀθεεὶ
1268 2585 1598 2654 γεγενῆσθαι
1647 2583 1747 2654 τὴν
1807 2584 1993 2638 αὑτῶν

415 2660 773 2747 λογισάμενος
804 2677 1128 2746 παρουσίαν.
1178 2676 1336 2730 Ἐπεὶ
1361 2672 1455 2730 οὖν
1486 2678 1535 2728 οἱ
1559 2676 1660 2746 τῆς
1694 2677 1858 2746 νήσου
1901 2674 1993 2728 τὸν

418 2769 540 2821 ὅλον
572 2769 833 2838 ἐπρίαντο
873 2770 1040 2835 σῖτον,
1066 2767 1293 2839 χρυσίον
1328 2767 1425 2838 μὲν
1456 2767 1597 2838 ὑπὲρ
1624 2767 1719 2819 τοῦ
1749 2766 1993 2837 ἡμίσεως

422 2861 848 2931 παρασχόμενοι,
879 2860 1211 2929 κασσίτερον
1240 2859 1296 2911 δὲ
1328 2858 1424 2912 τοῦ
1454 2857 1641 2912 λοιποῦ
1701 2856 1862 2929 (οὕτω
1888 2854 1995 2926 γὰρ

421 2954 663 3023 ὑπῆρχεν
715 2951 1047 3027 ἀμφοτέροις
1090 2950 1492 3020 συμφωνηθέν),
1539 2949 1635 3003 καὶ
1675 2951 1703 3002 ὁ
1756 2947 1996 3017 ἔμπορος

422 3044 524 3118 ἢδη
556 3043 931 3115 ἀνεκομίζετο,
954 3042 1162 3111 γίνεταί
1190 3059 1240 3094 τι
1266 3043 1498 3109 πρᾶγμα
1522 3041 1742 3110 μνήμης
1782 3040 1880 3108 μὲν
1907 3038 1997 3090 καὶ

423 3137 667 3209 γραφῆς,
715 3135 871 3205 εἴπερ
918 3132 1041 3188 ἄλλο
1086 3150 1160 3194 τι,
1219 3130 1388 3196 ἀξιον,
1429 3130 1771 3195 εἰσδέξασθαι
1814 3128 1872 3180 δὲ
1903 3127 1998 3181 καὶ

2090 2038 2330 2094 teriisset
2383 2038 2677 2095 vicesimus
2728 2039 2877 2105 dies,
2945 2040 3264 2109 perveniunt
3324 2042 3390 2096 ad
3451 2044 3656 2098 insulas

2098 2130 2455 2186 Britannicas.
2479 2130 2647 2197 Quem
2681 2133 2731 2184 in
2755 2132 2930 2185 locum
2966 2146 3088 2186 eum
3118 2135 3471 2203 appulissent,
3509 2137 3658 2191 inve-

2089 2228 2242 2277 niunt
2276 2222 2469 2277 famem
2510 2224 2959 2289 crudelissimam,
2993 2225 3187 2279 famem
3240 2237 3361 2296 qua:
3409 2226 3657 2283 homines
3732 2243 3738 2252 ·

2090 2314 2236 2368 illius
2297 2314 2535 2381 regionis
2602 2315 2800 2369 misere
2862 2315 3204 2370 conficiebat.
3276 2318 3411 2372 Cum
3476 2326 3656 2373 autem

2089 2419 2279 2460 eorum
2316 2404 2618 2473 principem
2643 2406 3135 2472 com'enissenl,'et
3180 2410 3247 2462 ab
3277 2409 3354 2463 eis
3384 2410 3655 2479 cognitum

2089 2504 2258 2558 esset,
2286 2494 2426 2563 quod
2458 2494 2786 2550 frumentum
2820 2496 3099 2563 afferrent,
3126 2516 3318 2570 magna
3350 2501 3461 2573 (l0)
3492 2502 3659 2557 animi

2091 2583 2372 2652 alacritate
2392 2584 2611 2654 impleta
2638 2595 2721 2651 est
2749 2594 2858 2641 tota
2886 2589 3097 2653 civitas,
3127 2597 3181 2644 et
3209 2603 3302 2644 eos
3320 2606 3441 2645 cum
3468 2600 3657 2660 magna

2093 2674 2303 2742 accepit
2338 2674 2520 2728 laetitia
2541 2714 2557 2739 ,
2587 2691 2694 2732 non
2729 2678 2847 2733 sine
2871 2679 2966 2735 Dei
2993 2681 3211 2735 numine
3256 2697 3349 2737 eos
3380 2681 3663 2738 advenisse

2093 2777 2373 2839 reputans.
2406 2767 2540 2823 Cum
2589 2780 2769 2825 autem
2806 2773 3069 2828 insulares
3111 2781 3279 2827 totum
3328 2774 3660 2830 frumentum

2095 2862 2376 2925 emissent,
2428 2877 2529 2931 pro
2566 2862 2790 2918 dimidio
2833 2865 3048 2933 quidem
3097 2881 3288 2918 aurum
3338 2867 3662 2937 praebentes.

2098 2964 2196 3019 pro
2223 2949 2432 3017 reliquo
2461 2961 2639 3003 autem
2677 2960 2932 3005 stannum
2980 2951 3077 3020 (ita
3134 2949 3277 3005 enim
3313 2962 3453 3005 Inter
3487 2961 3666 3005 utros-

2097 3057 2201 3111 que
2234 3044 2594 3111 convenerat)
2645 3051 2697 3096 et
2740 3050 3009 3097 mercator
3046 3043 3155 3113 jam
3205 3043 3426 3107 rediret,
3471 3042 3530 3097 fit
3578 3058 3665 3095 res

2098 3136 2364 3204 quaedam,
2399 3150 2520 3203 quae
2549 3136 2704 3205 digna
2733 3142 2848 3200 est,
2876 3135 2921 3190 si
2955 3132 3062 3190 ulla
3095 3135 3218 3201 alia,
3248 3150 3368 3205 qua:
3394 3134 3666 3191 memoriie

426 3231 709 3285 πιστεῦσαι
747 3229 813 3298 τῇ
843 3229 919 3298 μὴ
950 3226 1088 3281 πάνυ
1119 3224 1415 3295 πιστοτάτῃ
1449 3224 1557 3276 τῶν
1603 3221 1803 3288 ἀκοῶν,
1839 3221 1996 3274 οὐδα-

2100 3227 2317 3297 quidem
2353 3237 2407 3281 et
2444 3227 2661 3295 scriptis
2698 3228 2983 3281 mandetur
3027 3245 3042 3283 :
3080 3228 3368 3284 admittere
3396 3237 3573 3284 autem
3616 3238 3670 3283 et

420 3322 546 3393 ’μῶς
577 3322 779 3393 ῥᾴδιον.

498 3502 616 3567 ις’.
650 3500 736 3561 Ὠς
769 3499 876 3569 γὰρ
908 3498 1003 3569 τὴν
1031 3496 1329 3551 Δεκάττολιν
1351 3497 1451 3567 ἤδη
1484 3495 1640 3550 κατέ)
1655 3496 1783 3549 αϐον
1816 3495 2003 3546 πλέον·
2031 3484 2037 3489 ’

426 3610 542 3659 τες,
588 3594 617 3643 ὁ
669 3590 969 3662 ναύκληρος
1005 3591 1103 3661 τῆς
1152 3591 1279 3658 νηὸς
1322 3589 1553 3653 ἀποϐὰς,
1586 3590 1725 3658 φίλῳ
1754 3587 1862 3641 τινὶ
1911 3589 2004 3639 καὶ

428 3684 648 3754 συνήθει
688 3682 1053 3753 ἀργυροκόπῳ
1096 3682 1192 3752 τὴν
1226 3681 1423 3750 τέχνην
1479 3679 1813 3751 περιτυχὼν,
1869 3694 2002 3730 πεν-

429 3776 663 3844 τήκοντα
683 3773 872 3843 λίτρας
906 3772 1053 3843 αὑτῴ
1082 3771 1175 3840 ἀφ’
1215 3765 1387 3841 οὗπερ
1438 3770 1633 3837 εἴληφε
1679 3768 2002 3839 κασσιτέρου

429 3860 573 3928 δοὺς,
600 3865 697 3936 τὴν
727 3865 866 3935 ὑπὲρ
899 3862 1065 3916 αὑτοῦ
1099 3863 1265 3933 τιμὴν
1295 3860 1691 3931 ἀντελάμϐσινε.
1713 3860 1770 3913 Ὀ
1807 3858 1863 3911 δὲ
1894 3858 2007 3911 δια-

432 3956 721 4011 ϐασανίσαι
741 3954 929 4010 τοῦτον
960 3955 1095 4026 πυρὶ
1128 3954 1471 4025 βουλόμενος,
1504 3952 1647 4006 ὥστε
1681 3950 1872 4021 μαθεῖν
1896 3946 2005 4013 οἷος

363 4064 373 4073 ο
431 4045 540 4116 εἴη,
575 4046 811 4118 ἄργυρον
841 4046 1090 4117 εὑρίσκει
1122 4044 1344 4115 δόκιμον
1367 4061 1425 4097 τε
1456 4036 1552 4097 καὶ
1593 4040 2003 4112 καθαρώτατον.

428 4130 675 4207 Νομίσας
703 4138 795 4192 οὑν
832 4136 1159 4207 πειράζοντα
1204 4136 1403 4207 μᾶλλον
1452 4135 1485 4205 ἢ
1534 4132 1866 4204 ἀληθεύοντα
1916 4133 2009 4185 τὸν

429 4229 734 4300 ναύκληρον
756 4222 897 4283 οὑτω
922 4227 1137 4300 δρᾶσαι,
1161 4227 1400 4292 ὠνείδιζε
1425 4227 1731 4297 παραστὰς,
1765 4226 1831 4277 Τί
1854 4224 2009 4278 τοῦτό

432 4335 515 4372 σοι
546 4319 855 4388 πέπρακται
875 4334 889 4384 ;
912 4316 1085 4387 λέγων
1117 4335 1129 4347 ·
1168 4317 1261 4387 Μὴ
1288 4320 1396 4388 γὰρ
1443 4317 1542 4387 οὑχ
1580 4315 1759 4391 ἱκανὸς
1788 4315 1817 4366 ὁ
1846 4314 2010 4385 μέχρι

432 4414 672 4481 τήμερον
719 4409 1095 4465 πιστώσασθαι
1140 4413 1353 4482 χρόνος,
1407 4411 1555 4472 ὅπως
1598 4409 1798 4473 ἀδόλως
1853 4410 2011 4479 ἡμεῖς

434 4502 565 4574 περὶ
596 4502 665 4556 τὰ
700 4502 1126 4572 συναλλάγματα
1165 4519 1248 4555 σοι
1281 4498 1681 4571 συγχρὼμεθα,
1721 4500 1785 4552 σὺ
1810 4498 1867 4551 δὲ
1903 4500 2008 4569 ἀρ-

2104 3320 2345 3384 credere,
2394 3317 2497 3373 nisi
2548 3317 2875 3374 fidelissimis
2924 3320 3165 3384 auribus,
3213 3336 3555 3391 nequaquam
3586 3330 3672 3377 est

2104 3410 2280 3466 facile.

2171 3498 2310 3554 XVI.
2352 3498 2487 3554 Cum
2513 3499 2788 3567 cnimjam
2818 3498 3121 3567 Deeapolim
3150 3497 3262 3570 (11)
3297 3499 3677 3569 pervenissent

2104 3587 2441 3657 navigantes,
2466 3586 2753 3641 nauclerus
2788 3586 2855 3639 de
2901 3601 3037 3639 nave
3084 3586 3439 3650 descendens,
3468 3599 3590 3640 cum
3620 3586 3674 3644 in

2104 3676 2392 3747 quemdam
2442 3675 2723 3730 incidisset
2770 3676 3004 3729 amicum
3055 3683 3110 3729 et
3162 3673 3505 3740 familiarem,
3558 3684 3677 3728 arte

2103 3768 2401 3831 aurificem,
2447 3768 2587 3821 datis
2617 3768 2664 3821 ei
2718 3766 3109 3836 quinquaginta
3160 3765 3313 3820 libris
3367 3781 3398 3819 e
3440 3775 3677 3831 stanno,

2106 3861 2249 3930 quod
2280 3868 2592 3928 acceperat,
2619 3873 2716 3927 pro
2745 3874 2811 3914 eo
2838 3858 3046 3927 accepit
3071 3858 3327 3929 pretium.
3358 3858 3450 3915 Ille
3474 3869 3678 3924 autem,

2108 3968 2231 4007 eum
2284 3952 2336 4007 id
2367 3951 2529 4006 vellet
2568 3950 2692 4020 igne
2724 3950 2975 4020 probare,
3010 3960 3069 4005 ut
3108 3952 3273 4007 sciret
3309 3952 3469 4021 quale
3510 3961 3678 4019 esset,

2110 4045 2318 4099 invenit
2350 4052 2634 4115 argentum
2679 4046 2903 4113 probum
2936 4052 2991 4098 et
3032 4045 3406 4113 purissimum.
3435 4043 3680 4099 Arbitra~

2114 4146 2196 4190 tus
2226 4135 2412 4204 itaque
2452 4133 2762 4189 nauelerum
2809 4135 2862 4189 id
2895 4136 3067 4204 magis
3098 4134 3299 4199 facere,
3331 4144 3389 4190 ut
3420 4143 3676 4201 tentaret,

2111 4242 2273 4297 quam
2303 4227 2445 4295 quod
2468 4242 2654 4280 verum
2689 4241 2809 4283 esse
2834 4236 3067 4297 putaret,
3100 4227 3363 4283 accedens
3386 4242 3508 4282 eum
3541 4242 3669 4297 pro-

2112 4319 2225 4374 bris
2252 4329 2337 4374 est
2374 4320 2695 4382 insectatus,
2737 4320 2958 4375 dicens:
2994 4319 3130 4386 Quid
3180 4320 3283 4375 hoc
3328 4334 3358 4373 a
3395 4328 3451 4375 te
3482 4319 3683 4374 factum

2114 4411 2242 4466 est?
2279 4413 2472 4465 Annon
2520 4410 2724 4466 sufficit
2784 4421 2993 4482 tempus
3044 4411 3111 4467 ad
3179 4411 3337 4467 fidem
3382 4411 3685 4466 faciendam

2116 4516 2286 4571 usque
2317 4503 2370 4556 in
2402 4502 2721 4557 hodiernum
2746 4503 2907 4567 diem,
2939 4506 3079 4571 quod
3111 4504 3228 4559 sine
3258 4502 3379 4558 dolo
3409 4514 3690 4558 versamur

435 4592 626 4662 γύριον
684 4594 779 4647 νῦν
844 4593 919 4656 ὡς
983 4593 1048 4647 ἂν
1110 4591 1456 4661 ἐκπειράζων
1508 4590 1628 4643 ἀντὶ
1678 4588 1996 4658 κασσιτέροι

2116 4594 2168 4648 in
2214 4593 2624 4650 contractibus?
2658 4594 2736 4647 Tu
2784 4604 2964 4648 autem
3015 4609 3178 4658 nunc,
3214 4604 3398 4665 utpote
3449 4603 3687 4661 tentans,

433 4683 777 4753 κατέθηκαςς
816 4686 1023 4738 Δὺτίκα
1068 4683 1196 4752 γοῦν
1226 4685 1319 4735 ἐπὶ
1350 4679 1427 4751 τῷ
1458 4680 1602 4751 λόγῳ
1647 4680 2015 4748 καταπλαγεὶς

433 4777 462 4827 ὁ
491 4776 821 4847 ναύκληρος,
852 4778 949 4844 Οὑ,
981 4778 1169 4847 φησὶν,
1222 4775 1428 4845 ἑταῖρε,
1477 4776 1554 4843 μά
1585 4771 1683 4843 τὴν
1730 4771 2011 4842 ἀλήθειαν,

434 4867 587 4921 οὑδέν
611 4871 689 4931 είς
722 4872 914 4937 πεῖραν
946 4869 1127 4941 ἡμεῖς,
1170 4867 1306 4923 ἀλλὰ
1364 4863 1689 4935 κασσίτερον
1744 4852 2010 4933 ἄντικρυς

434 4952 552 5011 οἷδά
582 4975 662 5011 σοι
693 4958 1012 5029 παρασχών.
1046 4960 1109 5013 Εἰ
1159 4958 1215 5011 δὲ
1240 4958 1334 5012 κοιλ¹
1373 4959 1493 5020 ταῖς
1525 4954 1620 5009 τοῦ
1668 4955 2008 5025 πατριάρχου

436 5050 619 5120 εὐχαῖς
642 5050 936 5122 ἀμειφθείη
970 5052 1106 5124 προς
1137 5049 1400 5122 ἄργυρον,
1452 5049 1610 5104 τοῦτο
1645 5047 1796 5114 ξένον
1828 5046 2001 5099 οὐδέν·

436 5140 636 5193 δυνατά
660 5142 767 5210 γὰρ
801 5140 994 5211 ἐκείνῳ
1022 5140 1215 5205 ταῦτα,
1243 5139 1302 5203 ὃς
1331 5138 1424 5192 καὶ
1446 5136 1590 5208 ὕδωρ
1620 5139 1700 5199 εις
1722 5130 1866 5190 οἶνον
1911 5136 2007 5189 καὶ

440 5233 518 5294 εἰς
545 5227 682 5301 αἷμα
716 5231 878 5285 πάλιν
933 5232 1123 5286 ἄλλοτε
1180 5229 1606 5304 μεταϐέϐληκεν.
1648 5230 1762 5282 Ἵνα
1815 5227 1873 5281 δὲ
1913 5228 2008 5280 καὶ

439 5323 663 5376 αὐτόθεν
695 5325 779 5397 εἴη
811 5342 894 5378 σοι
947 5324 1007 5377 τὸ
1048 5323 1360 5389 πιστεῦσαι,
1396 5323 1477 5385 είς
1523 5321 1582 5375 τὸ
1627 5320 1814 5375 πλοῖον
1838 5319 2018 5389 ἐμϐὰς

438 5416 532 5466 καὶ
558 5415 618 5467 τὸ
645 5415 763 5469 ὃλον
811 5417 889 5480 ὡς
936 5416 1047 5487 ἔχει
1083 5416 1298 5486 φύσεως
1342 5412 1750 5485 καταμάνθανε,
1793 5413 1905 5465 Καὶ
1950 5410 2011 5473 ὃς

437 5504 694 5559 εἰσελθὼν
717 5506 963 5578 εὑρίσκει
990 5510 1084 5562 καὶ
1109 5508 1272 5561 αὑτὸν
1295 5503 1583 5577 ἐμφανῶς,
1620 5503 1811 5575 ὥσπερ
1835 5503 1901 5572 δὴ
1924 5506 2019 5558 καὶ

436 5590 526 5666 ἦν,
557 5600 798 5671 ἄργυρον
830 5600 1243 5672 καθαρώτατον.
1302 5601 1359 5655 ’0
1389 5598 1696 5669 ναύκληρος
1751 5598 1809 5651 δὲ
1841 5598 2020 5652 πάντα

511 5738 626 5818 illi}
664 5738 1090 5818 Ita-gentianus,
1133 5739 1199 5795 ad
1236 5738 1365 5818 Mss.
1401 5739 1454 5793 id
1500 5740 1748 5796 referunt
1792 5736 1861 5793 de
1905 5734 2023 5792 solo

445 5810 694 5879 principe
728 5810 872 5864 Illius
901 5810 1026 5879 loci,
1059 5826 1218 5877 quem
1245 5810 1459 5879 πρῶτον
1488 5819 1700 5866 voeaul.

509 5877 554 5935 ll
576 5877 635 5948 Ι)
663 5879 739 5933 Ita
772 5879 897 5935 Mss.
932 5877 1138 5948 Grzcea,
1179 5895 1244 5937 ac
1272 5877 1531 5938 Leontius
1557 5879 1920 5951 Pentapolim.

2118 4697 2401 4756 argentum
2447 4686 2742 4753 deposuisti
2780 4701 2877 4754 pro
2904 4696 3123 4741 atanno.
3148 4683 3403 4740 Pretinus
3431 4700 3584 4755 ergo,
3622 4701 3690 4740 eo

2112 4777 2254 4847 quod
2279 4777 2489 4831 dixerat
2522 4776 2929 4847 obstupefactus
2952 4776 3239 4832 nauclerus
3269 4776 3471 4843 :Nibil,
3494 4779 3688 4849 inquit,

2109 4884 2207 4939 per
2229 4869 2421 4938 ipsam,
2450 4883 2484 4923 ο
2508 4870 2702 4935 amice,
2739 4869 3045 4933 veritatem,
3070 4869 3200 4923 nihil
3229 4867 3457 4925 fecimus
3482 4880 3542 4923 ut
3575 4879 3692 4925 ten-

2112 4969 2348 5013 taremus
2398 4975 2412 5012 :
2463 4959 2559 5013 sed
2620 4962 2862 5015 seiotme
2911 4960 3003 5014 tibi
3043 4969 3294 5014 stanuum
3328 4968 3514 5030 aperte
3554 4977 3694 5031 prae-

2119 5051 2322 5105 buisse.
2362 5048 2418 5104 Si
2449 5059 2630 5104 autem
2660 5051 2986 5118 patriarchae
3017 5051 3275 5120 precibus
3305 5059 3572 5106 mutatum
3608 5063 3693 5107 est

2119 5142 2170 5194 in
2202 5153 2512 5212 argentum,
2556 5156 2664 5195 non
2709 5151 2795 5196 cst
2828 5143 2930 5197 boc
2961 5157 3157 5197 novum
3213 5153 3264 5198 et
3300 5143 3561 5198 alienum.
3602 5142 3697 5199 llle

2115 5234 2258 5287 enim
2302 5234 2414 5288 haec
2454 5243 2630 5303 potest
2682 5234 2770 5304 qui
2805 5248 3001 5304 aquam
3046 5235 3099 5290 in
3150 5236 3371 5303 vinum,
3402 5247 3458 5291 et
3507 5251 3697 5291 rursus

2116 5324 2407 5394 aliquando
2434 5340 2552 5379 eam
2574 5323 2686 5395 (l2)
2717 5325 2944 5379 mutavit
2971 5324 3025 5381 in
3046 5327 3390 5396 sanguinem.
3417 5324 3487 5381 Ut
3509 5338 3690 5381 autem

2117 5415 2198 5469 vel
2233 5415 2360 5470 hinc
2387 5417 2561 5485 possis
2598 5415 2843 5481 credere,
2871 5416 3111 5473 ascende
3135 5416 3190 5471 in
3227 5432 3416 5473 navem
3446 5427 3501 5473 et
3530 5428 3700 5474 letum

2114 5507 2270 5563 disce
2308 5507 2615 5576 cuiusmodi
2669 5508 2740 5562 sit
2793 5517 3018 5563 naturae.
3070 5507 3165 5563 llle
3209 5522 3340 5564 vero
3392 5507 3699 5579 ingressus.

2116 5604 2300 5666 aperte
2351 5595 2559 5652 invenit
2608 5597 2786 5666 ipsum
2808 5638 2824 5665 ,
2859 5598 3001 5654 sicut
3030 5607 3171 5664 erat,
3207 5607 3486 5669 argentum
3516 5598 3702 5666 puris-4

2208 5731 2319 5799 (19.)
2366 5732 2698 5796 Gentianus.
2750 5735 2825 5801 id,
2875 5735 3025 5803 quasi
3069 5734 3251 5789 vinum
3301 5734 3351 5789 in
3384 5735 3702 5805 sanguinem

2133 5816 2404 5858 Inutatutn
2438 5804 2610 5875 dicat.
2659 5805 2784 5859 Mss.
2835 5806 3006 5875 ipsam
3053 5820 3246 5870 aquam
3289 5805 3343 5859 in
3389 5804 3704 5873 sanguinem

2137 5886 2396 5929 nmtatmn
2437 5874 2663 5942 habent,
2694 5878 2834 5945 quod
2864 5876 3072 5932 scilicet
3111 5875 3275 5930 Exodi
3314 5888 3384 5931 vn
3426 5884 3703 5928 narratur.
