4116 6414
472 464 568 528 911

1702 460 1984 523 MENSIS
2018 463 2476 524 JANUARIUS.

3616 461 3719 526 912

473 575 690 626 simum.
736 568 1033 626 Nauclerus
1079 580 1258 626 autem
1309 588 1431 626 eum
1487 572 1667 625 omnia
1727 575 1908 627 statim
1977 573 2044 625 ab

2154 575 2305 636 εὐθὺς
2329 575 2401 627 τὰ
2453 574 2545 625 ἀπ’
2578 574 2753 644 ἀρχῆς
2783 573 2910 645 ἄχρι
2930 570 3022 625 καὶ
3055 572 3238 635 τέλους
3283 570 3716 643 ἐξηγησάμενος,

472 662 629 716 initio
653 675 824 731 usque
854 660 919 715 ad
963 660 1122 716 finem
1169 662 1529 734 exposuisset,
1573 664 1640 717 ad
1687 664 1912 731 gloriam
1946 663 2037 716 Dei

465 764 521 808 et
553 754 758 806 laudem
798 753 1141 822 patriarchae,
1188 755 1278 822 qui
1325 753 1424 807 fuit
1456 755 1502 807 ei
1535 755 1887 823 gratiﬁcatus,
1919 770 2039 805 om-

473 860 568 901 nes
624 847 869 899 evocavit
926 846 1221 899 auditores.
1289 845 1393 900 Sed
1458 847 1787 915 pergendum
1832 855 1915 899 est
1970 845 2036 899 ad

469 945 783 1004 sequentem
815 938 1205 991 narrationem.

532 1026 701 1098 XVJI.
738 1027 818 1080 Ad
844 1043 1097 1097 magnum
1117 1027 1407 1096 aliquando
1427 1035 1644 1081 euntem
1667 1028 1734 1081 ad
1753 1028 2036 1082 ecclesiam

463 1124 672 1177 accedit
703 1126 921 1193 quidam
973 1125 1188 1192 nobilis,
1217 1125 1303 1178 cui
1343 1124 1488 1180 fures
1526 1140 1663 1194 quas
1694 1125 1926 1180 habebat
1958 1127 2035 1179 fa-

468 1216 703 1269 cultates
744 1216 1103 1282 diripuerant,
1151 1228 1203 1269 et
1242 1217 1332 1284 qui
1372 1218 1451 1272 sic
1481 1227 1597 1271 erat
1639 1219 1705 1271 ad
1740 1228 2037 1273 extremam

468 1309 715 1362 redactus
763 1317 1134 1377 paupertatem
1179 1324 1194 1360 :
1237 1310 1390 1376 cujus
1440 1311 1717 1373 misertus,
1768 1326 1890 1378 qua:
1931 1321 2037 1364 tam

468 1397 618 1451 brevi
645 1410 882 1467 tempore
912 1397 1199 1459 acciderat,
1231 1397 1446 1465 inopiae,
1467 1399 1632 1467 jussit
1659 1398 1706 1454 ei
1741 1402 1856 1454 dari
1881 1400 2040 1470 quin-

466 1490 640 1543 decim
682 1489 849 1542 libras
899 1488 1038 1540 auri.
1090 1487 1183 1541 llle
1237 1499 1439 1554 autem,
1492 1491 1582 1558 qui
1633 1489 1816 1558 jussus
1864 1492 2040 1547 fuerat

467 1583 616 1646 dare,
663 1579 860 1647 partim
901 1578 1114 1646 quidem
1154 1581 1351 1633 cedens
1397 1581 1794 1649 inobedientize,
1843 1585 2036 1653 partim

472 1682 648 1725 autem
691 1670 1029 1740 suggestioni
1075 1686 1283 1737 eorum,
1330 1672 1421 1741 qui
1469 1675 1924 1733 administrabant
1952 1692 2039 1729 res

470 1761 721 1815 Ecclesiae
741 1802 756 1826 ,
787 1773 1037 1830 tanquam
1070 1777 1175 1816 non
1203 1772 1384 1817 essent
1408 1765 1574 1819 multa
1602 1767 1833 1837 reliqua,
1858 1777 2042 1837 utpote

462 1854 603 1922 quod
649 1854 885 1908 nesciret
933 1870 1162 1923 magnus
1208 1853 1442 1910 Joannes
1488 1857 1799 1912 thesaurum
1853 1874 2043 1912 rccon~

2145 670 2226 728 εἰς
2253 665 2409 729 δόξαν
2431 664 2589 728 Θεοῦ,
2619 664 2838 717 ἔπαινόν
2869 681 2925 717 τε
2974 663 3065 718 τοῦ
3120 663 3265 733 αὑτῷ
3314 663 3716 733 κεχαρισμένου

2148 757 2485 825 πατριάρχου
2514 797 2528 819 ,
2563 755 2687 813 τοὺς
2736 755 3009 826 ἀκροατὰς
3067 755 3274 818 πάντας
3323 753 3713 819 ἐξεκαλέσατιγ

2145 847 2261 902 ἀλλ’
2287 847 2380 900 ἐπὶ
2402 848 2466 900 τὰ
2495 847 2621 916 ἑξῆς
2642 840 2786 900 ἶτέον
2809 850 2907 918 τῆς
2947 846 3268 917 διηγήσεως.

2218 1028 2314 1083 ιζ’.
2361 1030 2600 1082 Ἀπιόντι
2661 1028 2742 1098 τῷ
2773 1029 2996 1098 μεγάλῳ
3051 1030 3182 1081 ποτὲ
3227 1028 3364 1099 πρὸς
3392 1027 3491 1095 τὴν
3524 1027 3723 1097 ἐκκλη-

2148 1121 2291 1186 σίαν,
2320 1120 2567 1190 πρόσεισί
2600 1137 2678 1180 τις
2714 1120 2821 1172 τῶν
2838 1118 3074 1187 εὐγενῶν
3104 1120 3207 1173 ὑπὸ
3224 1119 3473 1172 κλεπτῶν
3497 1120 3564 1172 τὰ
3592 1119 3721 1173 ὅντα

2144 1213 2620 1282 διασεσυλημένος,
2668 1214 2762 1266 καὶ
2821 1215 3002 1267 πάντα
3056 1215 3192 1285 πρὸς
3251 1215 3484 1285 ἐσχάτην
3530 1216 3720 1267 πενίαν

2149 1305 2457 1367 συνελαθείς
2478 1322 2492 1336 °
2517 1305 2574 1358 ὃν
2602 1307 2828 1377 ἐλεήσας
2851 1308 2948 1376 τῆς
2968 1309 3025 1359 ὲν
3050 1306 3241 1378 βραχεῖ
3259 1308 3460 1377 ταύτης
3490 1309 3719 1373 ἐνδείας,

2148 1398 2539 1451 πεντεκαίδεκα
2592 1398 2818 1467 χρυσίου
2866 1398 3055 1469 λίτρας
3110 1399 3326 1469 δοθῆναί
3370 1401 3419 1452 οἱ
3451 1386 3721 1453 διεκελεύ-

2149 1506 2297 1543 σατο.
2351 1489 2409 1542 Ὀ
2447 1489 2630 1557 μέντοι
2664 1488 2847 1542 δοῦναι
2875 1490 3371 1560 προστεταγμένας,
3404 1488 3563 1541 τοῦτο
3620 1489 3718 1557 μὲν

2146 1580 2401 1649 παρακοῇ
2460 1579 2630 1644 εἴξας,
2688 1578 2845 1631 τοῦτο
2876 1579 2931 1631 δὲ
2987 1581 3083 1633 καὶ
3133 1579 3368 1651 ὑποϐολῇ
3395 1579 3502 1632 τῶν
3526 1581 3594 1632 τὰ
3619 1578 3721 1648 τῆς

2157 1667 2484 1737 Ἐκκλησίας
2523 1668 3068 1740 διοικονομουμένων,
3100 1669 3173 1733 ὡς
3200 1671 3276 1739 μὴ
3308 1667 3520 1720 πολλῶν
3549 1669 3719 1721 ὖντων

2146 1762 2255 1815 τῶν
2269 1761 2765 1831 ὑπολελειμμένων,
2784 1760 2877 1814 ἅτε
2895 1761 2987 1814 τοῦ
3007 1761 3243 1832 μεγάλου
3279 1762 3351 1830 μὴ
3373 1760 3723 1831 θησαυρίζειν

2147 1851 2537 1921 ἐπισταμένου,
2587 1851 2749 1903 πέντε
2778 1852 2948 1921 μόνας
2981 1852 3056 1921 τῷ
3110 1851 3356 1920 δεηθέντι
3392 1851 3719 1920 παρέσχετο.

3747 736 3765 809 i

3746 811 3753 821 ι

3750 894 3764 909 υ

3752 926 3770 964 γ.

463 1947 613 2008 dere,
646 1945 876 2012 praabuit
909 1946 1149 2014 quinque
1175 1946 1316 2000 solas
1341 1948 1390 2000 ei
1421 1946 1515 2016 qui
1543 1958 1850 2017 rogaverat.
1878 1950 2039 2004 Beato

2158 1943 2384 2008 Ἐξιόντι
2438 1941 2495 1994 δὲ
2525 1941 2603 2012 τῷ
2660 1944 2918 2022 μακαρίῳ
2964 1944 3064 2013 τῆς
3100 1942 3420 2013 ἐκκλησίας,
3473 1944 3611 2013 γυνή
3640 1959 3722 2004 τις
3750 1950 3761 1955 '

466 2047 646 2092 autem
689 2036 882 2092 Joanni
916 2054 985 2093 ex
1028 2039 1258 2093 ecclesia
1298 2040 1620 2106 egredienti,
1667 2041 1865 2095 mulier
1896 2058 2043 2113 qua:-

467 2130 587 2184 dam
628 2129 789 2183 vidua
824 2131 1111 2200 admodum
1159 2127 1433 2191 dives,'ei
1464 2129 1629 2184 tradit
1673 2130 1941 2195 chartam,
1989 2132 2040 2183 in

466 2238 569 2287 qua
600 2223 862 2289 scriptum
894 2230 1011 2272 erat
1051 2221 1253 2273 donum
1302 2220 1720 2291 quingentarum
1753 2222 2038 2277 librarum.

469 2318 644 2377 QUam
696 2327 819 2363 cum
874 2309 1112 2379 legisset,
1163 2310 1427 2364 intellexit
1467 2326 1531 2364 ex
1567 2315 1662 2378 eaf,
1688 2327 1811 2380 qua!
1840 2314 1892 2366 in
1930 2314 2045 2381 ipso

472 2405 774 2465 habitabat,
815 2402 1010 2471 gratia,
1048 2400 1100 2454 id
1135 2402 1281 2471 quod
1313 2416 1418 2456 non
1447 2403 1622 2457 fuerat
1653 2404 1854 2458 factum
1888 2414 2046 2473 prout

461 2500 718 2563 jussrrat,
750 2495 813 2548 de
840 2494 1214 2560 diminutione,
1255 2494 1495 2563 inquam,
1531 2495 1839 2563 quindecim
1884 2495 2046 2549 libra-

483 2605 598 2640 rum
642 2587 782 2639 auri.
816 2584 953 2640 Cum
991 2600 1085 2640 eos
1114 2600 1263 2654 ergo,
1307 2588 1399 2655 qui
1434 2586 1485 2640 id
1519 2586 1781 2651 fecerant,
1811 2587 2048 2642 accersi-

472 2683 657 2743 visset,
693 2682 757 2732 de
785 2693 849 2732 eo
882 2677 1237 2733 examinavit.
1270 2676 1404 2731 Cum
1438 2677 1474 2731 ii
1499 2687 1679 2733 autem
1710 2679 1777 2733 de
1812 2692 1870 2732 re
1897 2687 2044 2750 gesta

467 2772 714 2828 in.entiri
749 2779 1097 2837 conarentur,
1133 2779 1188 2824 et
1222 2782 1329 2824 non
1360 2771 1534 2825 solum
1564 2770 1616 2824 in
1658 2785 1716 2826 re
1755 2772 1926 2840 prius,
1955 2771 2046 2825 sed

469 2864 634 2918 etiam
678 2864 967 2916 mendaces
1007 2860 1273 2917 exsistere
1306 2861 1361 2914 in
1399 2877 1672 2925 sermone,
1701 2878 1767 2917 eo
1810 2863 1924 2931 ipso
1955 2861 2047 2930 qui

472 2966 754 3026 rogaverat
790 2953 1078 3019 accersito,
1107 2965 1235 3008 eum
1278 2952 1588 3007 rescivisset
1618 2968 1741 3007 eum
1771 2955 2048 3021 accepisse

474 3054 620 3104 solas
665 3048 906 3115 quinque
944 3046 1111 3100 libras
1144 3047 1286 3109 auri,
1320 3046 1617 3099 ostendens
1649 3047 1756 3099 illis
1802 3047 2044 3100 chartam

476 3140 761 3194 mulieris:
797 3140 841 3191 A
892 3137 1068 3202 vobis,
1112 3136 1308 3206 inquit,
1345 3136 1606 3191 Dominus
1631 3147 1716 3190 est
1754 3147 2048 3191 exacturus

473 3232 610 3286 alias
633 3230 797 3284 mille.
840 3228 895 3282 Si
927 3229 1069 3282 enim
1106 3243 1202 3283 vos
1231 3228 1538 3295 quindecim
1577 3227 1764 3291 libras,
1793 3236 1848 3281 ttt
1876 3243 1907 3282 a
1945 3243 2044 3281 1ιο-

2146 2037 2289 2105 χὴρα
2340 2034 2480 2087 πάνυ
2533 2035 2735 2108 σφόδρα
2776 2034 3029 2099 πλουσία,
3059 2034 3267 2106 χάρτην
3306 2035 3454 2102 αὐτῷ
3488 2034 3727 2104 ἐγχειρε-

2145 2127 2246 2191 (az,
2271 2119 2315 2193 ᾧ
2343 2126 2522 2196 δωρεὰ
2552 2128 2776 2195 χρυσίου
2807 2127 3180 2180 πεντακοσίων
3229 2126 3428 2196 λιτρῶν
3457 2126 3729 2195 ἐγγέγρα-

2146 2237 2271 2285 πτο,
2301 2219 2362 2271 ὃν
2394 2218 2638 2271 ἐπελθὼν
2690 2219 2859 2289 συνῆν
2891 2219 2997 2272 ὑπὸ
3028 2218 3128 2288 τῆς
3154 2218 3302 2289 αὑτῷ
3350 2219 3723 2289 ὲνσκηνούσης

2146 2311 2365 2381 χάριτος
2383 2350 2396 2375 ,
2427 2310 2456 2363 ὃ
2480 2313 2555 2381 μὴ
2589 2311 2730 2364 κατὰ
2762 2311 2821 2363 τὸ
2864 2311 3290 2380 ἐπιτεταγμένον
3319 2309 3410 2362 ὑπ’
3438 2308 3604 2362 αὑτοῦ
3632 2309 3723 2378 γέ-

2146 2421 2324 2474 γονεν,
2352 2404 2444 2457 ἐπὶ
2473 2406 2538 2474 τῇ
2574 2403 2761 2471 ὑφέσει
2790 2403 2963 2472 δήπου
2992 2401 3102 2455 τῶν
3124 2401 3285 2455 πέντε
3308 2400 3404 2454 καὶ
3431 2400 3561 2454 δέκα
3588 2418 3715 2470 χρι-

2150 2498 2263 2550 σίου
2297 2495 2515 2568 λιτρῶν.
2544 2496 2683 2558 Τοὺς
2721 2491 2814 2548 οὖν
2845 2494 3297 2564 διενεργήσαντας
3349 2493 3725 2563 μετακαλεσάη

2151 2607 2309 2660 μενος
2330 2588 2497 2659 ἧταζε
2520 2588 2650 2657 περὶ
2670 2587 2885 2641 τούτου.
2918 2587 3008 2650 Ὠς
3028 2587 3083 2639 δὲ
3105 2586 3259 2639 αὐτοὶ
3279 2585 3372 2639 τοῦ
3401 2586 3698 2656 πεπραγμέ
3713 2613 3728 2624 -

2150 2698 2240 2737 νου
2300 2672 2731 2750 καταψεύδεσθαι
2786 2680 3109 2747 ἐπειρῶντο,
3165 2677 3560 2749 καὶπρότερον
3595 2680 3724 2749 περὶ

2148 2773 2209 2825 τὸ
2240 2774 2472 2842 πρᾶγμα
2499 2772 2678 2841 μόνον,
2712 2772 2826 2826 ἀλλ’
2858 2771 2957 2842 ήδη
3002 2771 3097 2824 καὶ
3128 2771 3256 2840 περὶ
3285 2770 3374 2823 τὸν
3405 2769 3561 2838 λόγον
3589 2768 3726 2846 ψεύ-

2152 2881 2281 2926 στας
2298 2862 2568 2931 γίνεσοαι,
2591 2862 2752 2915 αὑτὸν
2770 2860 2862 2914 τὸν
2886 2860 3147 2931 δεηθέντα
3203 2860 3722 2929 μεταπεμψάμενος,

2151 2947 2468 3024 καὶ’μαθὼν
2498 2954 2580 3006 ὅτι
2617 2953 2777 3007 πέντε
2809 2954 2976 3021 μόνας
3001 2952 3212 3020 εἰλήφει
3249 2951 3439 3022 λίτρας
3460 2949 3684 3021 χρυσίου
3709 2987 3727 3013 ,

2150 3049 2241 3099 τὸν
2279 3046 2377 3114 τῆς
2402 3045 2662 3113 γυναικὸς
2689 3044 2896 3114 χάρτην
2935 3043 3163 3106 ἐκείνοις
3201 3041 3593 3101 ὑποδεικνύων,
3637 3038 3730 3105 Ἐξ

2152 3139 2329 3209 ἡμῶν,
2361 3138 2487 3207 ἔφη,
2520 3137 2722 3207 Κύριος
2748 3138 2848 3198 τὰς
2878 3136 3070 3206 ἑτέρας
3100 3134 3279 3204 χιλίας
3316 3134 3570 3187 ἀπαιτεῖν
3597 3130 3728 3201 μέλ-

2151 3231 2253 3284 λει.
2277 3230 2338 3281 Et
2361 3227 2470 3299 γὰρ
2506 3229 2663 3295 ὑμεῖς
2691 3227 2789 3289 τὰς
2825 3227 2987 3280 πέντε
3020 3228 3118 3279 καὶ
3157 3222 3286 3276 δέκα
3316 3224 3526 3298 λίτρας,
3557 3220 3629 3283 ὦς
3661 3237 3726 3289 γε

480 3325 560 3375 bis
608 3329 871 3375 statutum
926 3319 1120 3383 fuerat,
1168 3319 1217 3371 ei
1248 3294 1338 3386 qui
1394 3326 1611 3387 rogarat
1661 3318 2045 3385 praehuissetis,

2154 3294 2406 3389 διιὺριστο
2437 3294 2566 3389 παρ’
2596 3317 2781 3387 ἡμῶν,
2814 3316 2895 3386 τῷ
2918 3315 3166 3387 δεηθέντι
3218 3294 3508 3384 παρέχετε,
3551 3312 3731 3381 χιλίας

476 3413 622 3464 mille
649 3423 702 3465 et
734 3410 1057 3479 quingentas
1091 3408 1199 3462 Deo
1228 3408 1545 3478 praebuisset
1580 3408 1793 3462 mulier.
1844 3408 1916 3464 Ut
1953 3424 2050 3462 au-

481 3514 589 3560 tem
627 3502 782 3556 factis
819 3502 951 3554 lides
978 3500 1071 3553 fiat
1095 3500 1214 3570 ejus
1249 3501 1389 3568 quod
1421 3499 1573 3554 vobis
1600 3506 1682 3554 est
1713 3500 2048 3565 incredibile,

476 3596 740 3650 accersite
766 3594 916 3660 mihi,
948 3593 1144 3661 inquit,
1176 3595 1316 3647 hanc
1348 3594 1492 3662 piam
1528 3594 1834 3648 mulierem.

490 3663 500 3675 ”
548 3685 739 3742 ΧΥΙΗ.
779 3684 911 3740 Cum
937 3700 997 3738 ea
1034 3694 1211 3737 autem
1244 3686 1585 3749 accessisset,
1618 3692 1672 3737 et
1700 3698 1890 3737 aurum
1928 3699 2052 3754 pro-

479 3781 703 3835 missnm
751 3777 1017 3831 attulisset
1045 3793 1059 3830 :
1098 3776 1192 3830 Die
1223 3776 1376 3838 mihi,
1410 3777 1583 3847 inquit
1612 3777 1949 3846 patriarcha,
1982 3793 2049 3832 an

482 3886 686 3925 ιειιιιιιιιι
735 3872 977 3941 pecuniae
1019 3870 1307 3924 statuisses
1347 3867 1456 3923 Deo
1499 3868 1697 3924 offerre
1741 3870 1809 3923 ab
1856 3871 2055 3924 initio?

478 3969 569 4023 Illa
601 3982 730 4023 vero
761 3982 882 4020 cum
918 3968 1179 4020 sensisset
1216 3964 1366 4017 illum
1411 3981 1517 4017 non
1558 3966 1781 4019 latuisse
1825 3967 1877 4019 id
1910 3966 2052 4036 quod

480 4074 724 4113 seorsum
749 4059 815 4109 ab
837 4074 900 4109 ea
933 4055 1132 4109 factum
1164 4053 1358 4119 fuerat,
1382 4066 1746 4123 inagnmnetn
1778 4068 2049 4126 correpta,

483 4152 791 4201 universum
832 4160 1095 4199 arcanum
1148 4148 1492 4208 enuntiavit,
1540 4147 1776 4199 dicens:
1821 4146 2052 4211 Revera,

486 4240 747 4304 Domine,
784 4238 928 4291 mille
972 4247 1025 4292 et
1067 4238 1393 4307 quingentas
1439 4237 1602 4291 libras
1641 4239 1967 4307 scripseram
2001 4242 2052 4292 in

483 4335 670 4385 charta
725 4330 820 4382 tibi
873 4330 1017 4382 data.
1069 4327 1263 4381 Paucis
1313 4338 1491 4381 autem
1542 4341 1661 4398 post
1693 4329 1887 4384 diebus
1932 4343 2054 4382 cum

483 4440 603 4475 eam
666 4421 1027 4485 evolvissem,
1068 4420 1244 4474 inveni
1298 4420 1460 4484 mille,
1507 4421 1687 4473 nescio
1731 4435 1838 4489 quo
1897 4423 2057 4473 mtnlo

486 4531 581 4568 sua
616 4526 807 4582 sponte
830 4514 1056 4571 deletas.
1095 4512 1229 4566 Hinc
1272 4512 1505 4578 iudicavi
1542 4512 1650 4564 Deo
1693 4512 1916 4564 omnino
1950 4528 2053 4566 non

490 4603 723 4667 placere,
773 4609 832 4653 ut
866 4600 1043 4669 plures
1074 4600 1386 4671 quingentis
1428 4601 1578 4653 libris
1621 4599 1891 4654 offerrem.
1932 4601 2053 4655 llaec

491 4693 620 4755 illis,
648 4692 741 4762 qui
769 4693 1073 4756 audierant,
1110 4707 1361 4761 inagnum
1394 4703 1589 4745 metum
1620 4691 1918 4759 injecerunt
1955 4709 1970 4746 :
2003 4705 2058 4747 et

490 4787 811 4837 accedentes
845 4783 1006 4837 simul
1032 4784 1097 4836 ad
1125 4787 1287 4853 pedes
1306 4784 1483 4852 magni
1512 4781 1756 4850 Joannis,
1787 4785 2060 4853 petierunt

492 4884 550 4927 ut
579 4874 679 4927 sibi
715 4875 1084 4928 remitteretur
1112 4885 1391 4944 peccatum
1425 4867 1819 4930 inebedientiae.
1855 4875 1932 4929 Illi
1965 4891 2061 4928 au-

494 4978 597 5018 tem
629 4965 830 5019 Christi
877 4967 1078 5020 amanti
1118 4966 1287 5019 vidua:
1324 4966 1545 5019 multam
1599 4984 1627 5020 a
1659 4967 1769 5022 Deo
1805 4980 2064 5039 precatus

491 5056 945 5122 benedictionem,
975 5057 1183 5111 dimisit
1221 5060 1406 5110 beatus
1426 5054 1682 5127 Joannes,
1715 5071 1771 5114 ut
1798 5063 1972 5115 abiret
2010 5063 2062 5116 in

493 5167 643 5220 pace.

2087 4651 2134 4710 ι)

2152 3414 2244 3464 καὶ
2279 3409 2639 3473 πεντακοσίας
2688 3409 2755 3462 ἂν
2787 3409 2881 3461 καὶ
2915 3410 2948 3478 ἠ
2985 3408 3121 3479 γυνὴ
3160 3407 3237 3475 τῷ
3263 3406 3382 3477 Θεῷ
3410 3405 3680 3475 παρέσχεν
3710 3419 3724 3433 ·

2154 3506 2241 3558 ἵνα
2267 3504 2324 3557 δὲ
2354 3503 2446 3557 καὶ
2479 3502 2659 3573 ἔργοις
2694 3500 2992 3570 πιστωθείη
3027 3500 3088 3552 τὸ
3124 3498 3280 3566 ὑμῶν
3314 3496 3543 3549 ἄπιστον
3567 3535 3583 3559 ,
3624 3510 3728 3546 κα-

2151 3597 2290 3648 λεῖτέ
2325 3613 2436 3665 μοι,
2477 3594 2603 3664 ἔφη,
2638 3591 2737 3663 τὴν
2770 3590 2995 3658 θεοφιλῆ
3022 3590 3226 3660 ταύτην
3259 3590 3513 3657 γυναῖκα.

2224 3687 2331 3740 ιιιο.
2366 3685 2443 3756 Τῇ
2470 3683 2526 3738 δὲ
2556 3686 2886 3757 παραστάσῃ
2915 3683 3009 3735 καὶ
3045 3683 3106 3734 τὸ
3132 3679 3473 3749 ἐπαγγελθεν
3501 3677 3727 3749 χρυσίον

2152 3777 2628 3848 διακομισαμένη,
2688 3775 2825 3829 Εἰπέ
2887 3791 2999 3844 μηι,
3055 3773 3159 3842 ἔφη
3200 3775 3227 3826 ὁ
3274 3772 3642 3841 πατριάρχης,
3680 3770 3730 3822 et

2154 3870 2395 3923 τοσαῦτα
2427 3866 2505 3937 τῷ
2544 3867 2663 3940 Θεῷ
2695 3870 2955 3939 χρήματα
2987 3871 3052 3920 ἐκ
3081 3863 3304 3937 πρώτης
3341 3864 3510 3932 ἔγνως
3554 3877 3728 3933 προσ-

2156 3967 2423 4034 ενεγκεῖν.
2461 3966 2533 4018 "H
2581 3965 2638 4017 δὲ
2688 3965 2762 4027 ὡς
2807 3963 3003 4034 ᾔσθετο
3048 3962 3122 4033 μὴ
3169 3960 3420 4014 διαλαθὸν
3471 3956 3732 4012 ὲκεῖνονδ
3804 4010 3812 4017 _

2158 4059 2297 4111 κατὰ
2330 4057 2496 4128 μόνας
2558 4057 2694 4126 αὑτῇ
2744 4056 3050 4123 πέπρακτο,
3101 4053 3210 4105 δέει
3258 4051 3435 4122 πολλῷ
3463 4049 3734 4120 ληφθεῖσα

2158 4149 2266 4201 πᾶν
2306 4148 2366 4199 τὸ
2394 4147 2702 4217 ἀπόρρητον
2731 4145 3107 4214 ὲξηγόρευσεν,
3144 4143 3444 4197 ὲπειποῦσα
3475 4141 3571 4207 ὡς,
3598 4141 3733 4203 Ταῖς

2156 4240 2460 4310 ἀληθείαις,
2480 4239 2733 4303 δέσποτα,
2751 4238 2927 4308 χιλίας
2958 4241 3049 4291 καὶ
3072 4236 3430 4299 πεντακοσίας
3449 4234 3631 4302 λίτρας
3655 4231 3735 4302 τῷ

2159 4332 2461 4386 ὲπιδοθέντι
2511 4346 2594 4384 σοι
2626 4332 2805 4402 χάρτῃ
2856 4331 3186 4400 ὲγγράψασα
3239 4325 3328 4400 ἦν.
3384 4327 3621 4395 Ὀλίγαις
3675 4325 3735 4377 δὲ

2159 4426 2422 4495 πρότερον
2445 4424 2678 4494 ἡμέραις
2706 4420 3000 4487 ἁνελίξασα
3039 4420 3250 4488 τοῦτον,
3283 4421 3384 4483 τὰς
3423 4418 3603 4490 χιλίας
3632 4417 3733 4468 οὐκ

2159 4512 2253 4568 οἷδ’
2290 4516 2438 4578 ὅπως
2470 4508 2627 4581 εὗρον
2657 4514 2793 4567 κατὰ
2821 4513 2882 4567 τὸ
2909 4512 3217 4583 αὐτόματον
3239 4508 3696 4581 ἀπαληλιμμένας
3717 4522 3732 4535 ⁸

2163 4605 2455 4660 κάντεῦθεν
2486 4606 2679 4676 ἔκρινα
2711 4605 2787 4677 μὴ
2834 4602 3026 4658 δοκοῦν
3072 4600 3213 4657 εἶναι
3243 4602 3320 4673 τῷ
3356 4600 3486 4670 ’Θεῷ
3515 4600 3735 4658 πάντως

2161 4696 2345 4750 πλεῖόν
2397 4714 2463 4768 με
2503 4697 2614 4749 τῶν
2649 4695 3024 4751 πεντακοσίων
3082 4694 3491 4765 προσενεγκεῖν.
3552 4688 3738 4742 Ταῦτα

2158 4788 2387 4850 ἐκείνοις
2423 4787 2712 4850 ἀκούσασι,
2769 4787 2937 4839 πολὺν
2968 4784 3282 4854 ἐμϐέϐληκε
3334 4781 3500 4851 φόϐον
3533 4779 3613 4842 είς
3640 4779 3739 4847 τὴν

2160 4878 2361 4949 ψυχὴν,
2381 4881 2475 4932 καὶ
2500 4877 2900 4950 προσπεσόντες
2929 4875 3046 4945 ἅμα
3066 4878 3177 4936 τιεῖς
3194 4878 3320 4928 ποσὶ
3346 4873 3442 4927 τοῦ
3472 4871 3738 4943 μεγάλου,

2161 4972 2428 5042 ἀφεθῆναι
2458 4972 2668 5033 τούτοις
2693 4970 2753 5022 τὸ
2801 4969 3107 5040 ἁμάρτημα
3142 4967 3244 5037 τῆς
3295 4964 3581 5036 παρακοῆς
3608 4961 3745 5034 ᾐτή-

2165 5078 2345 5115 σαντο.
2381 5061 2460 5131 Τῇ
2498 5061 2680 5129 μέντοι
2717 5056 3046 5129 φιλοχρίστῳ
3089 5056 3293 5124 πολλὴν
3333 5055 3444 5109 ἀπὸ
3471 5051 3609 5106 Θεοῦ
3638 5051 3741 5121 τὴν

2165 5152 2417 5222 εὐλογίαν
2446 5152 2817 5223 ἐπευξάμενος
2846 5152 2876 5204 ὁ
2903 5151 3195 5223 μακάριος,
3226 5150 3441 5222 ἀφῆκεν
3481 5144 3740 5204 ἀπελθεῖν

2169 5249 2226 5297 ὲν
2258 5246 2471 5316 εἰρήνῃ.

1921 5386 2150 5440 carri“
2178 5356 2288 5441 tv.

1348 5497 1568 5552 Abunde
1609 5499 2045 5563 subministrata,
2091 5516 2209 5570 quia
2255 5500 2541 5570 largiretur
2588 5498 2928 5567 pauperibus.

567 5606 706 5663 XIX.
748 5607 886 5663 Huic
938 5608 1190 5666 munifico
1245 5609 1426 5663 animo
1473 5621 1527 5662 et
1578 5612 1757 5662 manui
1814 5611 2062 5666 invidens

499 5700 764 5768 malignus
802 5701 1033 5768 daemon,
1069 5702 1309 5771 suggerit
1356 5702 1586 5770 patricio
1632 5702 1855 5769 Nicette,
1898 5718 2059 5774 quem

500 5787 549 5837 ei
582 5788 751 5842 fuisse
793 5792 1024 5845 atn'icunt
1073 5803 1130 5846 et
1174 5791 1496 5848 familiarem
1528 5793 1678 5863 prius
1721 5795 1975 5860 diximus,
2008 5806 2068 5848 ιιι

501 5874 756 5936 quiddam
773 5893 923 5932 suam
950 5880 1145 5937 virtute
1166 5881 1444 5951 indignum
1466 5884 1730 5953 cogitaret
1758 5896 1811 5941 et
1837 5886 2061 5941 diceret.

2242 5611 2344 5665 18'.
2389 5611 2576 5681 Τούτῳ
2634 5610 2733 5680 τῆς
2767 5607 3150 5680 μεγαλοδώρου
3184 5613 3389 5680 ταύτης
3423 5611 3516 5664 καὶ
3551 5626 3747 5679 προαι-

2173 5702 2378 5774 ρέσεως
2410 5703 2506 5757 καὶ
2541 5703 2721 5775 χειρδς
2750 5704 2779 5755 ὁ
2809 5701 3043 5773 πονηρὸς
3078 5702 3292 5773 δαίμων
3349 5704 3750 5772 διαϐασκήνας.

2174 5795 2563 5866 ὑποϐάλλειτῷ
2591 5797 2867 5869 πατρικίῳ
2900 5797 3138 5868 Νικῇτᾳ,
3168 5797 3224 5849 ὃν
3246 5797 3448 5866 συνήθη
3478 5795 3626 5864 αὑτῷ
3656 5792 3752 5846 καί

2178 5888 2331 5956 φίλον
2357 5888 2613 5956 γενέσθαι
2639 5889 2666 5940 ὁ
2687 5889 2842 5956 λόγος
2873 5888 3084 5956 φθάσας
3117 5888 3406 5959 ἐδήλωσεν,
3446 5887 3660 5949 ὀτνάξγεν
3690 5900 3745 5936 τι
