  <div class='ocr_page' id='page_1' title='image "/cluster/home/n/w/nwhite01/storage/ocr_20150623/114:no.1/coo.31924054870187/464.png"; bbox 0 0 4116 6404; ppageno 0'>
   <div class='ocr_carea' id='block_1_1' title="bbox 438 277 546 344">
    <p class='ocr_par' dir='ltr' id='par_1_1' title="bbox 438 277 546 344">
     <span class='ocr_line' id='line_1_1' title="bbox 438 277 546 344; baseline -0.009 0"><span class='ocrx_word' id='word_1_1' title='bbox 438 277 546 344; x_wconf 81' lang='grc'><strong>913</strong></span> 
     </span>
    </p>
   </div>
   <div class='ocr_carea' id='block_1_2' title="bbox 1395 270 2723 339">
    <p class='ocr_par' dir='ltr' id='par_1_2' title="bbox 1395 270 2723 339">
     <span class='ocr_line' id='line_1_2' title="bbox 1395 270 2723 339; baseline -0.006 0"><span class='ocrx_word' id='word_1_2' title='bbox 1395 276 1574 339; x_wconf 81' lang='lat' dir='ltr'><strong>VITA</strong></span> <span class='ocrx_word' id='word_1_3' title='bbox 1614 275 1674 338; x_wconf 90' lang='lat' dir='ltr'><strong>S.</strong></span> <span class='ocrx_word' id='word_1_4' title='bbox 1718 272 2042 334; x_wconf 74' lang='lat' dir='ltr'><strong>JOANNIS</strong></span> <span class='ocrx_word' id='word_1_5' title='bbox 2076 270 2723 335; x_wconf 70' lang='lat' dir='ltr'><strong>ELEEMOSYNARII.</strong></span> 
     </span>
    </p>
   </div>
   <div class='ocr_carea' id='block_1_3' title="bbox 3586 259 3696 326">
    <p class='ocr_par' dir='ltr' id='par_1_3' title="bbox 3586 259 3696 326">
     <span class='ocr_line' id='line_1_3' title="bbox 3586 259 3696 326; baseline 0 -1"><span class='ocrx_word' id='word_1_6' title='bbox 3586 259 3696 326; x_wconf 75' lang='lat' dir='ltr'><strong>9M</strong></span> 
     </span>
    </p>
   </div>
   <div class='ocr_carea' id='block_1_4' title="bbox 439 362 2046 466">
    <p class='ocr_par' dir='ltr' id='par_1_4' title="bbox 439 362 2020 466">
     <span class='ocr_line' id='line_1_4' title="bbox 439 362 2020 466; baseline -0.006 -17"><span class='ocrx_word' id='word_1_7' title='bbox 439 397 539 466; x_wconf 82' lang='grc' dir='ltr'><strong>τῆς</strong></span> <span class='ocrx_word' id='word_1_8' title='bbox 572 393 781 457; x_wconf 82' lang='grc' dir='ltr'><strong>οίκείας</strong></span> <span class='ocrx_word' id='word_1_9' title='bbox 817 390 1020 464; x_wconf 79' lang='grc' dir='ltr'><strong>ἀρετῆς</strong></span> <span class='ocrx_word' id='word_1_10' title='bbox 1047 390 1299 462; x_wconf 66' lang='grc' dir='ltr'><strong>ἐννοῆσαί</strong></span> <span class='ocrx_word' id='word_1_11' title='bbox 1328 407 1390 445; x_wconf 88' lang='grc' dir='ltr'><strong>τε</strong></span> <span class='ocrx_word' id='word_1_12' title='bbox 1422 390 1521 446; x_wconf 75' lang='grc' dir='ltr'><strong>καὶ</strong></span> <span class='ocrx_word' id='word_1_13' title='bbox 1549 362 1747 445; x_wconf 77' lang='grc' dir='ltr'><strong>εἰπεῖν.</strong></span> <span class='ocrx_word' id='word_1_14' title='bbox 1781 387 2020 460; x_wconf 85' lang='grc' dir='ltr'><strong>Προσελ-</strong></span> 
     </span>
    </p>
   </div>
   <div class='ocr_carea' id='block_1_5' title="bbox 2149 362 3700 466">
    <p class='ocr_par' dir='ltr' id='par_1_5' title="bbox 2149 370 3700 460">
     <span class='ocr_line' id='line_1_5' title="bbox 2149 370 3700 460; baseline -0.012 -16"><span class='ocrx_word' id='word_1_15' title='bbox 2149 370 2402 447; x_wconf 78' lang='lat' dir='ltr'><strong>tceedens</strong></span> <span class='ocrx_word' id='word_1_16' title='bbox 2437 390 2622 460; x_wconf 99' lang='lat' dir='ltr'><strong>itaque</strong></span> <span class='ocrx_word' id='word_1_17' title='bbox 2650 385 2718 443; x_wconf 89' lang='lat' dir='ltr'><strong>ad</strong></span> <span class='ocrx_word' id='word_1_18' title='bbox 2745 384 2969 441; x_wconf 84' lang='lat' dir='ltr'><strong>Beatum</strong></span> <span class='ocrx_word' id='word_1_19' title='bbox 3000 396 3015 437; x_wconf 87' lang='lat'><strong>:</strong></span> <span class='ocrx_word' id='word_1_20' title='bbox 3050 378 3261 447; x_wconf 76' lang='lat' dir='ltr'><strong>Manus,</strong></span> <span class='ocrx_word' id='word_1_21' title='bbox 3295 377 3492 449; x_wconf 89' lang='lat' dir='ltr'><strong>inquit,</strong></span> <span class='ocrx_word' id='word_1_22' title='bbox 3530 378 3700 448; x_wconf 80' lang='lat' dir='ltr'><strong>impe.</strong></span> 
     </span>
    </p>
   </div>
   <div class='ocr_carea' id='block_1_6' title="bbox 366 480 2029 556">
    <p class='ocr_par' dir='ltr' id='par_1_6' title="bbox 366 480 2029 556">
     <span class='ocr_line' id='line_1_6' title="bbox 366 480 2029 556; baseline -0.005 -14"><span class='ocrx_word' id='word_1_23' title='bbox 366 510 379 521; x_wconf 88' lang='grc'>·</span> <span class='ocrx_word' id='word_1_24' title='bbox 443 486 554 543; x_wconf 86' lang='grc' dir='ltr'><strong>θὼν</strong></span> <span class='ocrx_word' id='word_1_25' title='bbox 570 484 748 539; x_wconf 86' lang='grc' dir='ltr'><strong>τοίνυν</strong></span> <span class='ocrx_word' id='word_1_26' title='bbox 773 483 850 556; x_wconf 84' lang='grc' dir='ltr'><strong>τῷ</strong></span> <span class='ocrx_word' id='word_1_27' title='bbox 882 484 1156 555; x_wconf 83' lang='grc' dir='ltr'><strong>μακαρίῳ,</strong></span> <span class='ocrx_word' id='word_1_28' title='bbox 1203 482 1269 537; x_wconf 86' lang='grc' dir='ltr'><strong>Ἡ</strong></span> <span class='ocrx_word' id='word_1_29' title='bbox 1318 481 1572 555; x_wconf 74' lang='grc' dir='ltr'><strong>βασιλικὴ</strong></span> <span class='ocrx_word' id='word_1_30' title='bbox 1612 484 1756 553; x_wconf 73' lang='grc' dir='ltr'><strong>χεὶρ,</strong></span> <span class='ocrx_word' id='word_1_31' title='bbox 1788 480 1913 550; x_wconf 76' lang='grc' dir='ltr'><strong>ἔφη,</strong></span> <span class='ocrx_word' id='word_1_32' title='bbox 1941 480 2029 534; x_wconf 86' lang='grc' dir='ltr'><strong>δέ·</strong></span> 
     </span>
    </p>
   </div>
   <div class='ocr_carea' id='block_1_7' title="bbox 449 573 2029 647">
    <p class='ocr_par' dir='ltr' id='par_1_7' title="bbox 449 573 2029 647">
     <span class='ocr_line' id='line_1_7' title="bbox 449 573 2029 647; baseline -0.006 -12"><span class='ocrx_word' id='word_1_33' title='bbox 449 597 649 645; x_wconf 83' lang='grc' dir='ltr'><strong>σποτα,</strong></span> <span class='ocrx_word' id='word_1_34' title='bbox 692 576 904 632; x_wconf 81' lang='grc' dir='ltr'>πολλῶν</span> <span class='ocrx_word' id='word_1_35' title='bbox 945 577 1115 631; x_wconf 84' lang='grc' dir='ltr'><strong>δεῖται</strong></span> <span class='ocrx_word' id='word_1_36' title='bbox 1148 576 1449 647; x_wconf 84' lang='grc' dir='ltr'><strong>χρημάτων</strong></span> <span class='ocrx_word' id='word_1_37' title='bbox 1491 577 1574 638; x_wconf 83' lang='grc' dir='ltr'><strong>είς</strong></span> <span class='ocrx_word' id='word_1_38' title='bbox 1604 573 1908 643; x_wconf 81' lang='grc' dir='ltr'><strong>ἀναγκαίας</strong></span> <span class='ocrx_word' id='word_1_39' title='bbox 1934 573 2029 627; x_wconf 81' lang='grc' dir='ltr'><strong>τοῦ</strong></span> 
     </span>
    </p>
   </div>
   <div class='ocr_carea' id='block_1_8' title="bbox 450 662 2030 740">
    <p class='ocr_par' dir='ltr' id='par_1_8' title="bbox 450 662 2030 740">
     <span class='ocr_line' id='line_1_8' title="bbox 450 662 2030 740; baseline -0.004 -15"><span class='ocrx_word' id='word_1_40' title='bbox 450 670 635 725; x_wconf 79' lang='grc' dir='ltr'><strong>κοινοῦ</strong></span> <span class='ocrx_word' id='word_1_41' title='bbox 663 669 853 740; x_wconf 88' lang='grc' dir='ltr'><strong>χρείας</strong></span> <span class='ocrx_word' id='word_1_42' title='bbox 880 669 1002 722; x_wconf 83' lang='grc' dir='ltr'><strong>ὅσαι</strong></span> <span class='ocrx_word' id='word_1_43' title='bbox 1043 662 1183 738; x_wconf 81' lang='grc' dir='ltr'><strong>ὧραι</strong></span> <span class='ocrx_word' id='word_1_44' title='bbox 1216 666 1694 722; x_wconf 77' lang='grc' dir='ltr'><strong>καταναλίσκουσα</strong></span> <span class='ocrx_word' id='word_1_45' title='bbox 1713 679 1730 698; x_wconf 80' lang='grc' dir='ltr'><strong>ο</strong></span> <span class='ocrx_word' id='word_1_46' title='bbox 1765 666 1896 737; x_wconf 77' lang='grc' dir='ltr'><strong>ὁρᾷς</strong></span> <span class='ocrx_word' id='word_1_47' title='bbox 1921 665 2030 736; x_wconf 79' lang='grc' dir='ltr'><strong>γὰρ</strong></span> 
     </span>
    </p>
   </div>
   <div class='ocr_carea' id='block_1_9' title="bbox 444 757 2029 832">
    <p class='ocr_par' dir='ltr' id='par_1_9' title="bbox 444 757 2029 832">
     <span class='ocr_line' id='line_1_9' title="bbox 444 757 2029 832; baseline -0.003 -16"><span class='ocrx_word' id='word_1_48' title='bbox 444 764 542 816; x_wconf 75' lang='grc' dir='ltr'><strong>καὶ</strong></span> <span class='ocrx_word' id='word_1_49' title='bbox 564 761 833 827; x_wconf 81' lang='grc' dir='ltr'><strong>αὐτὸς,ὡ;</strong></span> <span class='ocrx_word' id='word_1_50' title='bbox 859 763 917 815; x_wconf 79' lang='grc' dir='ltr'><strong>ἐν</strong></span> <span class='ocrx_word' id='word_1_51' title='bbox 934 759 1105 830; x_wconf 82' lang='grc' dir='ltr'><strong>στενῷ</strong></span> <span class='ocrx_word' id='word_1_52' title='bbox 1128 760 1322 832; x_wconf 82' lang='grc' dir='ltr'><strong>κομιδῇ</strong></span> <span class='ocrx_word' id='word_1_53' title='bbox 1341 758 1411 814; x_wconf 72' lang='grc' dir='ltr'><strong>τὰ</strong></span> <span class='ocrx_word' id='word_1_54' title='bbox 1423 758 1518 813; x_wconf 82' lang='grc' dir='ltr'><strong>τοῦ</strong></span> <span class='ocrx_word' id='word_1_55' title='bbox 1540 757 1724 812; x_wconf 88' lang='grc' dir='ltr'><strong>κοινοῦ</strong></span> <span class='ocrx_word' id='word_1_56' title='bbox 1748 758 2029 830; x_wconf 78' lang='grc' dir='ltr'><strong>περιέστη.</strong></span> 
     </span>
    </p>
   </div>
   <div class='ocr_carea' id='block_1_10' title="bbox 447 849 2031 923">
    <p class='ocr_par' dir='ltr' id='par_1_10' title="bbox 447 849 2031 923">
     <span class='ocr_line' id='line_1_10' title="bbox 447 849 2031 923; baseline -0.003 -16"><span class='ocrx_word' id='word_1_57' title='bbox 447 854 731 923; x_wconf 79' lang='grc' dir='ltr'><strong>ῐίροσῆκον</strong></span> <span class='ocrx_word' id='word_1_58' title='bbox 764 852 857 908; x_wconf 81' lang='grc' dir='ltr'><strong>οὖν</strong></span> <span class='ocrx_word' id='word_1_59' title='bbox 881 853 997 906; x_wconf 73' lang='grc' dir='ltr'><strong>ἐστι</strong></span> <span class='ocrx_word' id='word_1_60' title='bbox 1038 852 1109 906; x_wconf 69' lang='grc' dir='ltr'><strong>’τᾶ</strong></span> <span class='ocrx_word' id='word_1_61' title='bbox 1135 853 1257 921; x_wconf 85' lang='grc' dir='ltr'><strong>είκῆ</strong></span> <span class='ocrx_word' id='word_1_62' title='bbox 1299 852 1394 906; x_wconf 72' lang='grc' dir='ltr'><strong>καὶ</strong></span> <span class='ocrx_word' id='word_1_63' title='bbox 1423 852 1503 915; x_wconf 71' lang='grc' dir='ltr'><strong>εἰς</strong></span> <span class='ocrx_word' id='word_1_64' title='bbox 1530 850 1686 905; x_wconf 78' lang='grc' dir='ltr'><strong>οὐδὲν</strong></span> <span class='ocrx_word' id='word_1_65' title='bbox 1717 849 1839 904; x_wconf 85' lang='grc' dir='ltr'><strong>δέον</strong></span> <span class='ocrx_word' id='word_1_66' title='bbox 1878 851 2031 920; x_wconf 79' lang='grc' dir='ltr'><strong>παρᾶ</strong></span> 
     </span>
    </p>
   </div>
   <div class='ocr_carea' id='block_1_11' title="bbox 450 942 2035 1016">
    <p class='ocr_par' dir='ltr' id='par_1_11' title="bbox 450 942 2035 1016">
     <span class='ocr_line' id='line_1_11' title="bbox 450 942 2035 1016; baseline -0.002 -17"><span class='ocrx_word' id='word_1_67' title='bbox 450 947 544 1000; x_wconf 78' lang='grc' dir='ltr'><strong>σοῦ</strong></span> <span class='ocrx_word' id='word_1_68' title='bbox 585 945 976 1015; x_wconf 83' lang='grc' dir='ltr'><strong>δαπανώμενα,</strong></span> <span class='ocrx_word' id='word_1_69' title='bbox 1006 946 1085 1016; x_wconf 83' lang='grc' dir='ltr'><strong>τῷ</strong></span> <span class='ocrx_word' id='word_1_70' title='bbox 1111 944 1206 999; x_wconf 79' lang='grc' dir='ltr'><strong>τοῦ</strong></span> <span class='ocrx_word' id='word_1_71' title='bbox 1234 944 1496 1016; x_wconf 77' lang='grc' dir='ltr'><strong>δημοσίου</strong></span> <span class='ocrx_word' id='word_1_72' title='bbox 1521 942 1736 1014; x_wconf 85' lang='grc' dir='ltr'><strong>ταμείῳ</strong></span> <span class='ocrx_word' id='word_1_73' title='bbox 1771 959 2035 1015; x_wconf 84' lang='grc' dir='ltr'><strong>προσενε-</strong></span> 
     </span>
    </p>
   </div>
   <div class='ocr_carea' id='block_1_12' title="bbox 448 1034 2033 1110">
    <p class='ocr_par' dir='ltr' id='par_1_12' title="bbox 448 1034 2033 1110">
     <span class='ocr_line' id='line_1_12' title="bbox 448 1034 2033 1110; baseline -0.011 -12"><span class='ocrx_word' id='word_1_74' title='bbox 448 1040 666 1110; x_wconf 51' lang='grc' dir='ltr'><strong>χέῆναι.</strong></span> <span class='ocrx_word' id='word_1_75' title='bbox 696 1039 761 1092; x_wconf 89' lang='grc' dir='ltr'><strong>Ὀ</strong></span> <span class='ocrx_word' id='word_1_76' title='bbox 793 1037 851 1091; x_wconf 75' lang='grc' dir='ltr'><strong>δὲ</strong></span> <span class='ocrx_word' id='word_1_77' title='bbox 888 1037 1053 1109; x_wconf 83' lang='grc' dir='ltr'><strong>μηδὲν</strong></span> <span class='ocrx_word' id='word_1_78' title='bbox 1098 1037 1186 1091; x_wconf 78' lang='grc' dir='ltr'><strong>ἐπ’</strong></span> <span class='ocrx_word' id='word_1_79' title='bbox 1217 1037 1366 1108; x_wconf 84' lang='grc' dir='ltr'><strong>αὐτῷ</strong></span> <span class='ocrx_word' id='word_1_80' title='bbox 1398 1036 1811 1109; x_wconf 71' lang='grc' dir='ltr'><strong>διαταραχθεὶς,</strong></span> <span class='ocrx_word' id='word_1_81' title='bbox 1846 1036 1921 1089; x_wconf 85' lang='grc' dir='ltr'>Οὐ</span> <span class='ocrx_word' id='word_1_82' title='bbox 1951 1034 2033 1087; x_wconf 82' lang='grc' dir='ltr'><strong>δί-</strong></span> 
     </span>
    </p>
   </div>
   <div class='ocr_carea' id='block_1_13' title="bbox 453 1124 2035 1203">
    <p class='ocr_par' dir='ltr' id='par_1_13' title="bbox 453 1124 2035 1203">
     <span class='ocr_line' id='line_1_13' title="bbox 453 1124 2035 1203; baseline -0.003 -19"><span class='ocrx_word' id='word_1_83' title='bbox 453 1147 631 1196; x_wconf 89' lang='grc' dir='ltr'><strong>καιον,</strong></span> <span class='ocrx_word' id='word_1_84' title='bbox 647 1130 776 1203; x_wconf 76' lang='grc' dir='ltr'><strong>ἔφη,</strong></span> <span class='ocrx_word' id='word_1_85' title='bbox 797 1132 867 1185; x_wconf 84' lang='grc' dir='ltr'><strong>τὰ</strong></span> <span class='ocrx_word' id='word_1_86' title='bbox 889 1130 968 1201; x_wconf 83' lang='grc' dir='ltr'><strong>τῷ</strong></span> <span class='ocrx_word' id='word_1_87' title='bbox 988 1130 1296 1201; x_wconf 82' lang='grc' dir='ltr'><strong>ἐπουρανίῳ</strong></span> <span class='ocrx_word' id='word_1_88' title='bbox 1323 1130 1533 1200; x_wconf 87' lang='grc' dir='ltr'><strong>βασιλεῖ</strong></span> <span class='ocrx_word' id='word_1_89' title='bbox 1559 1127 1944 1201; x_wconf 81' lang='grc' dir='ltr'><strong>καθιερωμένα</strong></span> <span class='ocrx_word' id='word_1_90' title='bbox 1957 1124 2035 1198; x_wconf 80' lang='grc' dir='ltr'><strong>τῷ</strong></span> 
     </span>
    </p>
   </div>
   <div class='ocr_carea' id='block_1_14' title="bbox 452 1221 2034 1294">
    <p class='ocr_par' dir='ltr' id='par_1_14' title="bbox 452 1221 2034 1294">
     <span class='ocr_line' id='line_1_14' title="bbox 452 1221 2034 1294; baseline -0.002 -18"><span class='ocrx_word' id='word_1_91' title='bbox 452 1223 684 1294; x_wconf 68' lang='grc' dir='ltr'><strong>ἔπιγείῳ</strong></span> <span class='ocrx_word' id='word_1_92' title='bbox 741 1223 1174 1292; x_wconf 75' lang='grc' dir='ltr'><strong>καταπροέσθαι.</strong></span> <span class='ocrx_word' id='word_1_93' title='bbox 1244 1221 1541 1294; x_wconf 83' lang='grc' dir='ltr'><strong>Ίεροσυλία</strong></span> <span class='ocrx_word' id='word_1_94' title='bbox 1597 1222 1707 1291; x_wconf 82' lang='grc' dir='ltr'><strong>γὰρ</strong></span> <span class='ocrx_word' id='word_1_95' title='bbox 1767 1222 2034 1290; x_wconf 85' lang='grc' dir='ltr'><strong>ἄντικρυς</strong></span> 
     </span>
    </p>
   </div>
   <div class='ocr_carea' id='block_1_15' title="bbox 454 1310 2033 1395">
    <p class='ocr_par' dir='ltr' id='par_1_15' title="bbox 454 1310 2033 1395">
     <span class='ocr_line' id='line_1_15' title="bbox 454 1310 2033 1395; baseline -0.001 -31"><span class='ocrx_word' id='word_1_96' title='bbox 454 1310 634 1395; x_wconf 62' lang='grc' dir='ltr'><strong>τοῦτο,</strong></span> <span class='ocrx_word' id='word_1_97' title='bbox 665 1313 762 1365; x_wconf 75' lang='grc' dir='ltr'><strong>καὶ</strong></span> <span class='ocrx_word' id='word_1_98' title='bbox 788 1313 869 1377; x_wconf 85' lang='grc' dir='ltr'><strong>είς</strong></span> <span class='ocrx_word' id='word_1_99' title='bbox 913 1312 1049 1365; x_wconf 79' lang='grc' dir='ltr'><strong>Θεὸν</strong></span> <span class='ocrx_word' id='word_1_100' title='bbox 1077 1313 1139 1365; x_wconf 81' lang='grc' dir='ltr'><strong>οὗ</strong></span> <span class='ocrx_word' id='word_1_101' title='bbox 1173 1311 1376 1381; x_wconf 79' lang='grc' dir='ltr'><strong>φαῦλον</strong></span> <span class='ocrx_word' id='word_1_102' title='bbox 1407 1312 1733 1383; x_wconf 84' lang='grc' dir='ltr'><strong>ἁμάρτημα.</strong></span> <span class='ocrx_word' id='word_1_103' title='bbox 1765 1312 1829 1366; x_wconf 82' lang='grc' dir='ltr'><strong>Εί</strong></span> <span class='ocrx_word' id='word_1_104' title='bbox 1854 1311 1912 1364; x_wconf 77' lang='grc' dir='ltr'><strong>δέ</strong></span> <span class='ocrx_word' id='word_1_105' title='bbox 1952 1328 2033 1364; x_wconf 89' lang='grc' dir='ltr'><strong>σοι</strong></span> 
     </span>
    </p>
   </div>
   <div class='ocr_carea' id='block_1_16' title="bbox 455 1400 2035 1473">
    <p class='ocr_par' dir='ltr' id='par_1_16' title="bbox 455 1400 2035 1473">
     <span class='ocr_line' id='line_1_16' title="bbox 455 1400 2035 1473; baseline 0.002 -19"><span class='ocrx_word' id='word_1_106' title='bbox 455 1400 599 1454; x_wconf 76' lang='grc' dir='ltr'><strong>οὕτω</strong></span> <span class='ocrx_word' id='word_1_107' title='bbox 657 1401 901 1455; x_wconf 85' lang='grc' dir='ltr'><strong>δέδοκται</strong></span> <span class='ocrx_word' id='word_1_108' title='bbox 946 1402 1231 1471; x_wconf 77' lang='grc' dir='ltr'><strong>πράττειν,</strong></span> <span class='ocrx_word' id='word_1_109' title='bbox 1276 1401 1387 1456; x_wconf 74' lang='grc' dir='ltr'><strong>ἰδοὺ</strong></span> <span class='ocrx_word' id='word_1_110' title='bbox 1441 1401 1511 1456; x_wconf 84' lang='grc' dir='ltr'><strong>τὰ</strong></span> <span class='ocrx_word' id='word_1_111' title='bbox 1562 1403 1660 1472; x_wconf 83' lang='grc' dir='ltr'><strong>τῆς</strong></span> <span class='ocrx_word' id='word_1_112' title='bbox 1704 1401 2035 1473; x_wconf 84' lang='grc' dir='ltr'><strong>Ἐκκλησίας</strong></span> 
     </span>
    </p>
   </div>
   <div class='ocr_carea' id='block_1_17' title="bbox 457 1489 2036 1561">
    <p class='ocr_par' dir='ltr' id='par_1_17' title="bbox 457 1489 2036 1561">
     <span class='ocr_line' id='line_1_17' title="bbox 457 1489 2036 1561; baseline 0.002 -20"><span class='ocrx_word' id='word_1_113' title='bbox 457 1490 634 1544; x_wconf 86' lang='grc' dir='ltr'><strong>πάντα</strong></span> <span class='ocrx_word' id='word_1_114' title='bbox 660 1489 842 1543; x_wconf 75' lang='grc' dir='ltr'><strong>λαϐὼν</strong></span> <span class='ocrx_word' id='word_1_115' title='bbox 867 1489 1010 1543; x_wconf 87' lang='grc' dir='ltr'><strong>ποίει</strong></span> <span class='ocrx_word' id='word_1_116' title='bbox 1037 1490 1176 1543; x_wconf 71' lang='grc' dir='ltr'><strong>κατὰ</strong></span> <span class='ocrx_word' id='word_1_117' title='bbox 1211 1491 1310 1561; x_wconf 83' lang='grc' dir='ltr'><strong>τὴν</strong></span> <span class='ocrx_word' id='word_1_118' title='bbox 1359 1490 1458 1560; x_wconf 79' lang='grc' dir='ltr'><strong>σὴν</strong></span> <span class='ocrx_word' id='word_1_119' title='bbox 1494 1489 1733 1559; x_wconf 87' lang='grc' dir='ltr'><strong>θέλησιν,</strong></span> <span class='ocrx_word' id='word_1_120' title='bbox 1787 1490 1903 1558; x_wconf 74' lang='grc' dir='ltr'><strong>εἴγε</strong></span> <span class='ocrx_word' id='word_1_121' title='bbox 1933 1507 2036 1561; x_wconf 79' lang='grc' dir='ltr'><strong>μη-</strong></span> 
     </span>
    </p>
   </div>
   <div class='ocr_carea' id='block_1_18' title="bbox 455 1581 2034 1653">
    <p class='ocr_par' dir='ltr' id='par_1_18' title="bbox 455 1581 2034 1653">
     <span class='ocr_line' id='line_1_18' title="bbox 455 1581 2034 1653; baseline -0.001 -18"><span class='ocrx_word' id='word_1_122' title='bbox 455 1582 567 1645; x_wconf 81' lang='grc' dir='ltr'><strong>δείς</strong></span> <span class='ocrx_word' id='word_1_123' title='bbox 601 1599 662 1635; x_wconf 88' lang='grc' dir='ltr'><strong>σε</strong></span> <span class='ocrx_word' id='word_1_124' title='bbox 706 1582 862 1651; x_wconf 81' lang='grc' dir='ltr'>λόγος</span> <span class='ocrx_word' id='word_1_125' title='bbox 886 1582 985 1653; x_wconf 82' lang='grc' dir='ltr'><strong>τῆς</strong></span> <span class='ocrx_word' id='word_1_126' title='bbox 1008 1582 1236 1653; x_wconf 82' lang='grc' dir='ltr'>γνώμης</span> <span class='ocrx_word' id='word_1_127' title='bbox 1276 1581 1480 1652; x_wconf 81' lang='grc' dir='ltr'><strong>ταύτης</strong></span> <span class='ocrx_word' id='word_1_128' title='bbox 1519 1583 1798 1653; x_wconf 83' lang='grc' dir='ltr'><strong>ἀφίστησι·</strong></span> <span class='ocrx_word' id='word_1_129' title='bbox 1836 1598 2034 1652; x_wconf 88' lang='grc' dir='ltr'><strong>προαι-</strong></span> 
     </span>
    </p>
   </div>
   <div class='ocr_carea' id='block_1_19' title="bbox 464 1673 2035 1746">
    <p class='ocr_par' dir='ltr' id='par_1_19' title="bbox 464 1673 2035 1746">
     <span class='ocr_line' id='line_1_19' title="bbox 464 1673 2035 1746; baseline -0.001 -20"><span class='ocrx_word' id='word_1_130' title='bbox 464 1674 613 1746; x_wconf 88' lang='grc' dir='ltr'><strong>ρέσει</strong></span> <span class='ocrx_word' id='word_1_131' title='bbox 670 1673 777 1745; x_wconf 84' lang='grc' dir='ltr'><strong>γὰρ</strong></span> <span class='ocrx_word' id='word_1_132' title='bbox 829 1675 1027 1745; x_wconf 66' lang='grc' dir='ltr'><strong>οἰκείᾳ,</strong></span> <span class='ocrx_word' id='word_1_133' title='bbox 1070 1674 1183 1727; x_wconf 78' lang='grc' dir='ltr'><strong>οὐδ’</strong></span> <span class='ocrx_word' id='word_1_134' title='bbox 1235 1673 1423 1726; x_wconf 79' lang='grc' dir='ltr'><strong>ὀϐολὸν</strong></span> <span class='ocrx_word' id='word_1_135' title='bbox 1466 1673 1565 1727; x_wconf 69' lang='grc' dir='ltr'><strong>ἕνα</strong></span> <span class='ocrx_word' id='word_1_136' title='bbox 1600 1673 1709 1727; x_wconf 84' lang='grc' dir='ltr'><strong>τῶν</strong></span> <span class='ocrx_word' id='word_1_137' title='bbox 1762 1673 2035 1744; x_wconf 78' lang='grc' dir='ltr'><strong>κειμένων</strong></span> 
     </span>
    </p>
   </div>
   <div class='ocr_carea' id='block_1_20' title="bbox 468 1763 2035 1837">
    <p class='ocr_par' dir='ltr' id='par_1_20' title="bbox 468 1763 2035 1837">
     <span class='ocr_line' id='line_1_20' title="bbox 468 1763 2035 1837; baseline 0.001 -21"><span class='ocrx_word' id='word_1_138' title='bbox 468 1767 804 1837; x_wconf 74' lang='grc' dir='ltr'><strong>προήσομαι.</strong></span> <span class='ocrx_word' id='word_1_139' title='bbox 864 1765 1032 1819; x_wconf 72' lang='grc' dir='ltr'><strong>Οὐδὲν</strong></span> <span class='ocrx_word' id='word_1_140' title='bbox 1085 1764 1181 1818; x_wconf 75' lang='grc' dir='ltr'><strong>οὖν</strong></span> <span class='ocrx_word' id='word_1_141' title='bbox 1234 1768 1263 1819; x_wconf 88' lang='grc' dir='ltr'>ὁ</span> <span class='ocrx_word' id='word_1_142' title='bbox 1324 1763 1632 1833; x_wconf 77' lang='grc' dir='ltr'><strong>θαυμάσιος</strong></span> <span class='ocrx_word' id='word_1_143' title='bbox 1658 1766 1864 1827; x_wconf 83' lang='grc' dir='ltr'><strong>ἐκεῖνος</strong></span> <span class='ocrx_word' id='word_1_144' title='bbox 1893 1764 2035 1835; x_wconf 82' lang='grc' dir='ltr'><strong>ἀνὴρ</strong></span> 
     </span>
    </p>
   </div>
   <div class='ocr_carea' id='block_1_21' title="bbox 460 1853 2037 1927">
    <p class='ocr_par' dir='ltr' id='par_1_21' title="bbox 460 1853 2037 1927">
     <span class='ocr_line' id='line_1_21' title="bbox 460 1853 2037 1927; baseline 0 -17"><span class='ocrx_word' id='word_1_145' title='bbox 460 1857 559 1910; x_wconf 83' lang='grc' dir='ltr'><strong>οὐκ</strong></span> <span class='ocrx_word' id='word_1_146' title='bbox 576 1853 675 1909; x_wconf 78' lang='grc' dir='ltr'><strong>οἷδ’</strong></span> <span class='ocrx_word' id='word_1_147' title='bbox 697 1858 846 1920; x_wconf 82' lang='grc' dir='ltr'><strong>ὅπως</strong></span> <span class='ocrx_word' id='word_1_148' title='bbox 876 1856 1359 1927; x_wconf 80' lang='grc' dir='ltr'><strong>ὑποστειλάμενος,</strong></span> <span class='ocrx_word' id='word_1_149' title='bbox 1398 1856 1735 1911; x_wconf 79' lang='grc' dir='ltr'><strong>είσκαλετται</strong></span> <span class='ocrx_word' id='word_1_150' title='bbox 1756 1857 1884 1920; x_wconf 79' lang='grc' dir='ltr'><strong>τοὺς</strong></span> <span class='ocrx_word' id='word_1_151' title='bbox 1907 1858 2037 1911; x_wconf 76' lang='grc' dir='ltr'><strong>ἑπο-</strong></span> 
     </span>
    </p>
   </div>
   <div class='ocr_carea' id='block_1_22' title="bbox 464 1944 2038 2019">
    <p class='ocr_par' dir='ltr' id='par_1_22' title="bbox 464 1944 2038 2019">
     <span class='ocr_line' id='line_1_22' title="bbox 464 1944 2038 2019; baseline 0.002 -20"><span class='ocrx_word' id='word_1_152' title='bbox 464 1949 658 2018; x_wconf 82' lang='grc' dir='ltr'><strong>μένους</strong></span> <span class='ocrx_word' id='word_1_153' title='bbox 690 1949 785 2001; x_wconf 69' lang='grc' dir='ltr'><strong>καὶ</strong></span> <span class='ocrx_word' id='word_1_154' title='bbox 809 1948 879 2001; x_wconf 77' lang='grc' dir='ltr'><strong>τὰ</strong></span> <span class='ocrx_word' id='word_1_155' title='bbox 928 1947 1185 2019; x_wconf 76' lang='grc' dir='ltr'><strong>χρήματα</strong></span> <span class='ocrx_word' id='word_1_156' title='bbox 1214 1947 1379 2011; x_wconf 78' lang='grc' dir='ltr'><strong>εὐθὺς</strong></span> <span class='ocrx_word' id='word_1_157' title='bbox 1409 1944 1542 2015; x_wconf 86' lang='grc' dir='ltr'><strong>ἆραι</strong></span> <span class='ocrx_word' id='word_1_158' title='bbox 1592 1947 1828 2013; x_wconf 78' lang='grc' dir='ltr'><strong>κελεύει,</strong></span> <span class='ocrx_word' id='word_1_159' title='bbox 1870 1949 2038 2019; x_wconf 78' lang='grc' dir='ltr'><strong>μηδὲν</strong></span> 
     </span>
    </p>
   </div>
   <div class='ocr_carea' id='block_1_23' title="bbox 463 2037 2037 2111">
    <p class='ocr_par' dir='ltr' id='par_1_23' title="bbox 463 2037 2037 2111">
     <span class='ocr_line' id='line_1_23' title="bbox 463 2037 2037 2111; baseline -0.002 -18"><span class='ocrx_word' id='word_1_160' title='bbox 463 2040 647 2105; x_wconf 76' lang='grc' dir='ltr'><strong>πλέον,</strong></span> <span class='ocrx_word' id='word_1_161' title='bbox 691 2040 771 2093; x_wconf 81' lang='grc' dir='ltr'><strong>ὅτι</strong></span> <span class='ocrx_word' id='word_1_162' title='bbox 806 2038 880 2111; x_wconf 84' lang='grc' dir='ltr'><strong>μὴ</strong></span> <span class='ocrx_word' id='word_1_163' title='bbox 912 2039 1106 2092; x_wconf 75' lang='grc' dir='ltr'><strong>ἑκατὸν</strong></span> <span class='ocrx_word' id='word_1_164' title='bbox 1142 2038 1311 2110; x_wconf 88' lang='grc' dir='ltr'><strong>μόνας</strong></span> <span class='ocrx_word' id='word_1_165' title='bbox 1339 2037 1436 2092; x_wconf 78' lang='grc' dir='ltr'><strong>τοῦ</strong></span> <span class='ocrx_word' id='word_1_166' title='bbox 1469 2038 1696 2108; x_wconf 83' lang='grc' dir='ltr'><strong>χρυσίου</strong></span> <span class='ocrx_word' id='word_1_167' title='bbox 1727 2038 1918 2109; x_wconf 83' lang='grc' dir='ltr'><strong>λίτρας</strong></span> <span class='ocrx_word' id='word_1_168' title='bbox 1957 2038 2037 2109; x_wconf 75' lang='grc' dir='ltr'><strong>τῷ</strong></span> 
     </span>
    </p>
   </div>
   <div class='ocr_carea' id='block_1_24' title="bbox 462 2128 1145 2200">
    <p class='ocr_par' dir='ltr' id='par_1_24' title="bbox 462 2128 1145 2200">
     <span class='ocr_line' id='line_1_24' title="bbox 462 2128 1145 2200; baseline 0 -18"><span class='ocrx_word' id='word_1_169' title='bbox 462 2128 775 2200; x_wconf 80' lang='grc' dir='ltr'><strong>πατριάρχῃ</strong></span> <span class='ocrx_word' id='word_1_170' title='bbox 811 2128 1145 2182; x_wconf 82' lang='grc' dir='ltr'><strong>καταλιπών.</strong></span> 
     </span>
    </p>
   </div>
   <div class='ocr_carea' id='block_1_25' title="bbox 532 2212 2036 2291">
    <p class='ocr_par' dir='ltr' id='par_1_25' title="bbox 532 2212 2036 2291">
     <span class='ocr_line' id='line_1_25' title="bbox 532 2212 2036 2291; baseline 0.003 -19"><span class='ocrx_word' id='word_1_171' title='bbox 532 2217 616 2274; x_wconf 84' lang='grc' dir='ltr'><strong>Κ’.</strong></span> <span class='ocrx_word' id='word_1_172' title='bbox 651 2221 743 2272; x_wconf 83' lang='grc' dir='ltr'><strong>Ἐν</strong></span> <span class='ocrx_word' id='word_1_173' title='bbox 772 2212 816 2288; x_wconf 79' lang='grc' dir='ltr'>ᾧ</span> <span class='ocrx_word' id='word_1_174' title='bbox 846 2219 903 2272; x_wconf 80' lang='grc' dir='ltr'><strong>δὲ</strong></span> <span class='ocrx_word' id='word_1_175' title='bbox 954 2219 1230 2291; x_wconf 79' lang='grc' dir='ltr'><strong>κατῄεσαν</strong></span> <span class='ocrx_word' id='word_1_176' title='bbox 1271 2220 1323 2275; x_wconf 80' lang='lat' dir='ltr'><strong>oi</strong></span> <span class='ocrx_word' id='word_1_177' title='bbox 1354 2218 1530 2274; x_wconf 80' lang='grc' dir='ltr'><strong>ταῦτα</strong></span> <span class='ocrx_word' id='word_1_178' title='bbox 1556 2219 2036 2288; x_wconf 69' lang='grc' dir='ltr'><strong>διαϐαστάζοντες,</strong></span> 
     </span>
    </p>
   </div>
   <div class='ocr_carea' id='block_1_26' title="bbox 464 2296 2037 2384">
    <p class='ocr_par' dir='ltr' id='par_1_26' title="bbox 464 2296 2037 2384">
     <span class='ocr_line' id='line_1_26' title="bbox 464 2296 2037 2384; baseline 0.002 -22"><span class='ocrx_word' id='word_1_179' title='bbox 464 2310 799 2364; x_wconf 86' lang='grc' dir='ltr'><strong>συναντῶσιν</strong></span> <span class='ocrx_word' id='word_1_180' title='bbox 821 2311 1207 2381; x_wconf 81' lang='grc' dir='ltr'><strong>ἀνερχομένοις</strong></span> <span class='ocrx_word' id='word_1_181' title='bbox 1246 2310 1362 2366; x_wconf 77' lang='grc' dir='ltr'><strong>τισὶ</strong></span> <span class='ocrx_word' id='word_1_182' title='bbox 1391 2296 1528 2383; x_wconf 73' lang='grc' dir='ltr'><strong>πρὸς</strong></span> <span class='ocrx_word' id='word_1_183' title='bbox 1551 2313 1642 2366; x_wconf 84' lang='grc' dir='ltr'><strong>τὸν</strong></span> <span class='ocrx_word' id='word_1_184' title='bbox 1670 2314 2037 2384; x_wconf 83' lang='grc' dir='ltr'><strong>πατριάρχην,</strong></span> 
     </span>
    </p>
   </div>
   <div class='ocr_carea' id='block_1_27' title="bbox 462 2395 2040 2474">
    <p class='ocr_par' dir='ltr' id='par_1_27' title="bbox 462 2395 2040 2474">
     <span class='ocr_line' id='line_1_27' title="bbox 462 2395 2040 2474; baseline 0 -18"><span class='ocrx_word' id='word_1_185' title='bbox 462 2399 701 2473; x_wconf 77' lang='grc' dir='ltr'><strong>κεράμια</strong></span> <span class='ocrx_word' id='word_1_186' title='bbox 730 2401 943 2473; x_wconf 76' lang='grc' dir='ltr'><strong>μέλιτος</strong></span> <span class='ocrx_word' id='word_1_187' title='bbox 964 2400 1467 2473; x_wconf 73' lang='grc' dir='ltr'><strong>ἐπικομιζομένοις·</strong></span> <span class='ocrx_word' id='word_1_188' title='bbox 1506 2395 1580 2456; x_wconf 84' lang='grc' dir='ltr'>ὧν</span> <span class='ocrx_word' id='word_1_189' title='bbox 1603 2404 1716 2466; x_wconf 83' lang='grc' dir='ltr'><strong>τοῖς</strong></span> <span class='ocrx_word' id='word_1_190' title='bbox 1741 2402 1860 2471; x_wconf 81' lang='grc' dir='ltr'><strong>μὲν,</strong></span> <span class='ocrx_word' id='word_1_191' title='bbox 1885 2404 2040 2474; x_wconf 87' lang='grc' dir='ltr'><strong>Πρω-</strong></span> 
     </span>
    </p>
   </div>
   <div class='ocr_carea' id='block_1_28' title="bbox 460 2491 2043 2562">
    <p class='ocr_par' dir='ltr' id='par_1_28' title="bbox 460 2491 2043 2562">
     <span class='ocr_line' id='line_1_28' title="bbox 460 2491 2043 2562; baseline 0.001 -16"><span class='ocrx_word' id='word_1_192' title='bbox 460 2496 625 2558; x_wconf 83' lang='grc' dir='ltr'><strong>τεϊον,</strong></span> <span class='ocrx_word' id='word_1_193' title='bbox 661 2496 771 2556; x_wconf 84' lang='grc' dir='ltr'><strong>τοῖς</strong></span> <span class='ocrx_word' id='word_1_194' title='bbox 801 2493 878 2555; x_wconf 74' lang='grc' dir='ltr'><strong>δὲ,</strong></span> <span class='ocrx_word' id='word_1_195' title='bbox 916 2495 1203 2548; x_wconf 76' lang='grc' dir='ltr'><strong>Ἀκαπνον</strong></span> <span class='ocrx_word' id='word_1_196' title='bbox 1243 2492 1638 2562; x_wconf 80' lang='grc' dir='ltr'><strong>ὲπιγέγραπτο.</strong></span> <span class='ocrx_word' id='word_1_197' title='bbox 1686 2492 1840 2545; x_wconf 72' lang='lat' dir='ltr'><strong>’Erts‘t</strong></span> <span class='ocrx_word' id='word_1_198' title='bbox 1875 2491 1969 2547; x_wconf 81' lang='grc' dir='ltr'><strong>οὖν</strong></span> <span class='ocrx_word' id='word_1_199' title='bbox 2015 2495 2043 2546; x_wconf 88' lang='grc' dir='ltr'><em>ὁ</em></span> 
     </span>
    </p>
   </div>
   <div class='ocr_carea' id='block_1_29' title="bbox 465 2583 2043 2656">
    <p class='ocr_par' dir='ltr' id='par_1_29' title="bbox 465 2583 2043 2656">
     <span class='ocr_line' id='line_1_29' title="bbox 465 2583 2043 2656; baseline 0 -18"><span class='ocrx_word' id='word_1_200' title='bbox 465 2583 756 2655; x_wconf 80' lang='grc' dir='ltr'><strong>πατρίκιος</strong></span> <span class='ocrx_word' id='word_1_201' title='bbox 786 2584 1051 2638; x_wconf 80' lang='grc' dir='ltr'><strong>ἐθεάσατο</strong></span> <span class='ocrx_word' id='word_1_202' title='bbox 1080 2585 1276 2651; x_wconf 81' lang='grc' dir='ltr'><strong>ταῦτα,</strong></span> <span class='ocrx_word' id='word_1_203' title='bbox 1318 2585 1412 2638; x_wconf 76' lang='grc' dir='ltr'><strong>καὶ</strong></span> <span class='ocrx_word' id='word_1_204' title='bbox 1437 2585 1536 2656; x_wconf 81' lang='grc' dir='ltr'><strong>τὴν</strong></span> <span class='ocrx_word' id='word_1_205' title='bbox 1561 2584 1876 2655; x_wconf 69' lang='grc' dir='ltr'><strong>ἐπιγραφὴν</strong></span> <span class='ocrx_word' id='word_1_206' title='bbox 1895 2585 2043 2649; x_wconf 75' lang='grc' dir='ltr'><strong>ὅπως</strong></span> 
     </span>
    </p>
   </div>
   <div class='ocr_carea' id='block_1_30' title="bbox 465 2673 2044 2748">
    <p class='ocr_par' dir='ltr' id='par_1_30' title="bbox 465 2673 2044 2748">
     <span class='ocr_line' id='line_1_30' title="bbox 465 2673 2044 2748; baseline 0.001 -19"><span class='ocrx_word' id='word_1_207' title='bbox 465 2673 613 2747; x_wconf 80' lang='grc' dir='ltr'><strong>εἶχεν</strong></span> <span class='ocrx_word' id='word_1_208' title='bbox 643 2676 873 2744; x_wconf 79' lang='grc' dir='ltr'><strong>ἀνέγνω,</strong></span> <span class='ocrx_word' id='word_1_209' title='bbox 907 2676 1059 2747; x_wconf 84' lang='grc' dir='ltr'><strong>δηλοῖ</strong></span> <span class='ocrx_word' id='word_1_210' title='bbox 1107 2677 1451 2748; x_wconf 86' lang='grc' dir='ltr'><strong>παραχρῆμα</strong></span> <span class='ocrx_word' id='word_1_211' title='bbox 1497 2675 1576 2745; x_wconf 83' lang='grc' dir='ltr'><strong>τῷ</strong></span> <span class='ocrx_word' id='word_1_212' title='bbox 1615 2677 1929 2747; x_wconf 83' lang='grc' dir='ltr'><strong>πατριάρχῃ</strong></span> <span class='ocrx_word' id='word_1_213' title='bbox 1986 2675 2044 2730; x_wconf 85' lang='grc' dir='ltr'><strong>ἒν</strong></span> 
     </span>
    </p>
   </div>
   <div class='ocr_carea' id='block_1_31' title="bbox 465 2765 2045 2837">
    <p class='ocr_par' dir='ltr' id='par_1_31' title="bbox 465 2765 2045 2837">
     <span class='ocr_line' id='line_1_31' title="bbox 465 2765 2045 2837; baseline -0.001 -17"><span class='ocrx_word' id='word_1_214' title='bbox 465 2767 574 2820; x_wconf 70' lang='grc' dir='ltr'><strong>τῶν</strong></span> <span class='ocrx_word' id='word_1_215' title='bbox 603 2767 882 2837; x_wconf 84' lang='grc' dir='ltr'><strong>κεραμίων</strong></span> <span class='ocrx_word' id='word_1_216' title='bbox 909 2765 1059 2837; x_wconf 82' lang='grc' dir='ltr'><strong>αὐτῷ</strong></span> <span class='ocrx_word' id='word_1_217' title='bbox 1086 2766 1496 2836; x_wconf 60' lang='grc' dir='ltr'><strong>ἐκπεμφθῆναι,</strong></span> <span class='ocrx_word' id='word_1_218' title='bbox 1517 2766 1626 2820; x_wconf 80' lang='grc' dir='ltr'><strong>Τοῦ</strong></span> <span class='ocrx_word' id='word_1_219' title='bbox 1645 2766 1704 2819; x_wconf 82' lang='grc' dir='ltr'><strong>δὲ</strong></span> <span class='ocrx_word' id='word_1_220' title='bbox 1728 2767 2045 2821; x_wconf 81' lang='grc' dir='ltr'><strong>πιστευθέν-</strong></span> 
     </span>
    </p>
   </div>
   <div class='ocr_carea' id='block_1_32' title="bbox 465 2852 2048 2928">
    <p class='ocr_par' dir='ltr' id='par_1_32' title="bbox 465 2852 2048 2928">
     <span class='ocr_line' id='line_1_32' title="bbox 465 2852 2048 2928; baseline -0.001 -17"><span class='ocrx_word' id='word_1_221' title='bbox 465 2864 555 2921; x_wconf 79' lang='grc' dir='ltr'><strong>τδς</strong></span> <span class='ocrx_word' id='word_1_222' title='bbox 585 2858 723 2910; x_wconf 78' lang='grc' dir='ltr'><strong>αὐτὰ</strong></span> <span class='ocrx_word' id='word_1_223' title='bbox 736 2858 1043 2928; x_wconf 81' lang='grc' dir='ltr'><strong>διάπειραν,</strong></span> <span class='ocrx_word' id='word_1_224' title='bbox 1070 2857 1143 2919; x_wconf 81' lang='grc' dir='ltr'><strong>ὡς</strong></span> <span class='ocrx_word' id='word_1_225' title='bbox 1174 2855 1315 2921; x_wconf 78' lang='grc' dir='ltr'><strong>ἔθος,</strong></span> <span class='ocrx_word' id='word_1_226' title='bbox 1350 2856 1528 2910; x_wconf 83' lang='grc' dir='ltr'><strong>αὐτῶν</strong></span> <span class='ocrx_word' id='word_1_227' title='bbox 1554 2857 1898 2926; x_wconf 82' lang='grc' dir='ltr'><strong>ποιουμένου·</strong></span> <span class='ocrx_word' id='word_1_228' title='bbox 1928 2852 2048 2910; x_wconf 78' lang='grc' dir='ltr'><strong>εἶτα</strong></span> 
     </span>
    </p>
   </div>
   <div class='ocr_carea' id='block_1_33' title="bbox 465 2946 2046 3016">
    <p class='ocr_par' dir='ltr' id='par_1_33' title="bbox 465 2946 2046 3016">
     <span class='ocr_line' id='line_1_33' title="bbox 465 2946 2046 3016; baseline -0.001 -14"><span class='ocrx_word' id='word_1_229' title='bbox 465 2948 559 3002; x_wconf 74' lang='grc' dir='ltr'><strong>καὶ</strong></span> <span class='ocrx_word' id='word_1_230' title='bbox 579 2949 641 3000; x_wconf 82' lang='grc' dir='ltr'><strong>τὸ</strong></span> <span class='ocrx_word' id='word_1_231' title='bbox 668 2949 892 3016; x_wconf 72' lang='grc' dir='ltr'><strong>γεγονὸς</strong></span> <span class='ocrx_word' id='word_1_232' title='bbox 913 2948 998 3001; x_wconf 79' lang='grc' dir='ltr'><strong>ἐπ’</strong></span> <span class='ocrx_word' id='word_1_233' title='bbox 1042 2948 1226 3011; x_wconf 79' lang='grc' dir='ltr'><strong>αὐτοῖς</strong></span> <span class='ocrx_word' id='word_1_234' title='bbox 1260 2946 1447 3016; x_wconf 82' lang='grc' dir='ltr'><strong>θαῦμα</strong></span> <span class='ocrx_word' id='word_1_235' title='bbox 1481 2949 1915 3015; x_wconf 82' lang='grc' dir='ltr'><strong>καταμαθόντος,</strong></span> <span class='ocrx_word' id='word_1_236' title='bbox 1954 2950 2046 3002; x_wconf 76' lang='grc' dir='ltr'><strong>καὶ</strong></span> 
     </span>
    </p>
   </div>
   <div class='ocr_carea' id='block_1_34' title="bbox 2133 468 3703 552">
    <p class='ocr_par' dir='ltr' id='par_1_34' title="bbox 2133 468 3703 552">
     <span class='ocr_line' id='line_1_34' title="bbox 2133 468 3703 552; baseline -0.006 -16"><span class='ocrx_word' id='word_1_237' title='bbox 2133 481 2333 537; x_wconf 87' lang='lat' dir='ltr'><strong>ratoris</strong></span> <span class='ocrx_word' id='word_1_238' title='bbox 2360 488 2482 552; x_wconf 72' lang='lat' dir='ltr'><strong>eget</strong></span> <span class='ocrx_word' id='word_1_239' title='bbox 2510 478 2690 534; x_wconf 88' lang='lat' dir='ltr'><strong>multis</strong></span> <span class='ocrx_word' id='word_1_240' title='bbox 2718 475 2988 549; x_wconf 83' lang='lat' dir='ltr'><strong>pecuniis,</strong></span> <span class='ocrx_word' id='word_1_241' title='bbox 3020 483 3080 531; x_wconf 92' lang='lat' dir='ltr'><strong>ut</strong></span> <span class='ocrx_word' id='word_1_242' title='bbox 3108 485 3244 544; x_wconf 83' lang='lat' dir='ltr'><strong>quas</strong></span> <span class='ocrx_word' id='word_1_243' title='bbox 3269 469 3336 526; x_wconf 85' lang='lat' dir='ltr'><strong>ad</strong></span> <span class='ocrx_word' id='word_1_244' title='bbox 3364 468 3703 526; x_wconf 81' lang='lat' dir='ltr'><strong>necessarios</strong></span> 
     </span>
    </p>
   </div>
   <div class='ocr_carea' id='block_1_35' title="bbox 2132 560 3704 642">
    <p class='ocr_par' dir='ltr' id='par_1_35' title="bbox 2132 560 3704 642">
     <span class='ocr_line' id='line_1_35' title="bbox 2132 560 3704 642; baseline -0.009 -13"><span class='ocrx_word' id='word_1_245' title='bbox 2132 588 2264 629; x_wconf 88' lang='lat' dir='ltr'><strong>usus</strong></span> <span class='ocrx_word' id='word_1_246' title='bbox 2274 572 2583 642; x_wconf 83' lang='lat' dir='ltr'><strong>reipublicae</strong></span> <span class='ocrx_word' id='word_1_247' title='bbox 2607 569 2851 641; x_wconf 74' lang='lat' dir='ltr'><strong>quotidie</strong></span> <span class='ocrx_word' id='word_1_248' title='bbox 2865 575 3170 625; x_wconf 72' lang='lat' dir='ltr'><strong>consumat.</strong></span> <span class='ocrx_word' id='word_1_249' title='bbox 3191 563 3329 620; x_wconf 89' lang='lat' dir='ltr'><strong>Nam</strong></span> <span class='ocrx_word' id='word_1_250' title='bbox 3350 560 3467 633; x_wconf 85' lang='lat' dir='ltr'><strong>ipse</strong></span> <span class='ocrx_word' id='word_1_251' title='bbox 3488 575 3704 637; x_wconf 89' lang='lat' dir='ltr'><strong>quoque</strong></span> 
     </span>
    </p>
   </div>
   <div class='ocr_carea' id='block_1_36' title="bbox 2131 650 3702 731">
    <p class='ocr_par' dir='ltr' id='par_1_36' title="bbox 2131 650 3702 731">
     <span class='ocr_line' id='line_1_36' title="bbox 2131 650 3702 731; baseline -0.009 -12"><span class='ocrx_word' id='word_1_252' title='bbox 2131 663 2310 726; x_wconf 85' lang='lat' dir='ltr'><strong>vides,</strong></span> <span class='ocrx_word' id='word_1_253' title='bbox 2340 663 2395 717; x_wconf 91' lang='lat' dir='ltr'><strong>in</strong></span> <span class='ocrx_word' id='word_1_254' title='bbox 2425 669 2655 731; x_wconf 84' lang='lat' dir='ltr'><strong>quantas</strong></span> <span class='ocrx_word' id='word_1_255' title='bbox 2690 658 2968 729; x_wconf 78' lang='lat' dir='ltr'><strong>angustias</strong></span> <span class='ocrx_word' id='word_1_256' title='bbox 3006 657 3224 712; x_wconf 87' lang='lat' dir='ltr'><strong>redacta</strong></span> <span class='ocrx_word' id='word_1_257' title='bbox 3264 654 3336 708; x_wconf 91' lang='lat' dir='ltr'><strong>sit</strong></span> <span class='ocrx_word' id='word_1_258' title='bbox 3374 650 3702 721; x_wconf 80' lang='lat' dir='ltr'><strong>respublica.</strong></span> 
     </span>
    </p>
   </div>
   <div class='ocr_carea' id='block_1_37' title="bbox 2131 747 3707 827">
    <p class='ocr_par' dir='ltr' id='par_1_37' title="bbox 2131 747 3707 827">
     <span class='ocr_line' id='line_1_37' title="bbox 2131 747 3707 827; baseline -0.012 -13"><span class='ocrx_word' id='word_1_259' title='bbox 2131 756 2354 827; x_wconf 87' lang='lat' dir='ltr'><strong>Oportet</strong></span> <span class='ocrx_word' id='word_1_260' title='bbox 2382 769 2533 825; x_wconf 73' lang='lat' dir='ltr'><strong>ergo,</strong></span> <span class='ocrx_word' id='word_1_261' title='bbox 2558 762 2617 807; x_wconf 89' lang='lat' dir='ltr'><strong>ut</strong></span> <span class='ocrx_word' id='word_1_262' title='bbox 2648 767 2769 824; x_wconf 62' lang='lat' dir='ltr'><strong>quae</strong></span> <span class='ocrx_word' id='word_1_263' title='bbox 2799 760 3000 807; x_wconf 89' lang='lat' dir='ltr'><strong>temere</strong></span> <span class='ocrx_word' id='word_1_264' title='bbox 3023 760 3078 805; x_wconf 90' lang='lat' dir='ltr'><strong>et</strong></span> <span class='ocrx_word' id='word_1_265' title='bbox 3106 749 3173 804; x_wconf 90' lang='lat' dir='ltr'><strong>ad</strong></span> <span class='ocrx_word' id='word_1_266' title='bbox 3197 747 3333 803; x_wconf 88' lang='lat' dir='ltr'><strong>nihil</strong></span> <span class='ocrx_word' id='word_1_267' title='bbox 3369 747 3513 818; x_wconf 87' lang='lat' dir='ltr'><strong>quod</strong></span> <span class='ocrx_word' id='word_1_268' title='bbox 3543 758 3707 813; x_wconf 84' lang='lat' dir='ltr'><strong>opor-</strong></span> 
     </span>
    </p>
   </div>
   <div class='ocr_carea' id='block_1_38' title="bbox 2136 838 3705 912">
    <p class='ocr_par' dir='ltr' id='par_1_38' title="bbox 2136 838 3705 912">
     <span class='ocr_line' id='line_1_38' title="bbox 2136 838 3705 912; baseline -0.012 -7"><span class='ocrx_word' id='word_1_269' title='bbox 2136 860 2211 907; x_wconf 89' lang='lat' dir='ltr'><strong>tet</strong></span> <span class='ocrx_word' id='word_1_270' title='bbox 2243 866 2274 906; x_wconf 89' lang='lat' dir='ltr'><strong>a</strong></span> <span class='ocrx_word' id='word_1_271' title='bbox 2319 858 2371 905; x_wconf 89' lang='lat' dir='ltr'><strong>te</strong></span> <span class='ocrx_word' id='word_1_272' title='bbox 2406 856 2837 912; x_wconf 87' lang='lat' dir='ltr'><strong>consumuntur,</strong></span> <span class='ocrx_word' id='word_1_273' title='bbox 2875 843 3187 900; x_wconf 78' lang='lat' dir='ltr'><strong>deferantur</strong></span> <span class='ocrx_word' id='word_1_274' title='bbox 3214 842 3278 895; x_wconf 89' lang='lat' dir='ltr'><strong>ad</strong></span> <span class='ocrx_word' id='word_1_275' title='bbox 3318 838 3569 895; x_wconf 66' lang='lat' dir='ltr'><strong>aerarium</strong></span> <span class='ocrx_word' id='word_1_276' title='bbox 3607 851 3705 906; x_wconf 88' lang='lat' dir='ltr'><strong>pu-</strong></span> 
     </span>
    </p>
   </div>
   <div class='ocr_carea' id='block_1_39' title="bbox 2134 925 3703 1007">
    <p class='ocr_par' dir='ltr' id='par_1_39' title="bbox 2134 925 3703 1007">
     <span class='ocr_line' id='line_1_39' title="bbox 2134 925 3703 1007; baseline -0.013 -8"><span class='ocrx_word' id='word_1_277' title='bbox 2134 941 2353 999; x_wconf 90' lang='lat' dir='ltr'><strong>blicum.</strong></span> <span class='ocrx_word' id='word_1_278' title='bbox 2382 940 2477 996; x_wconf 79' lang='lat' dir='ltr'><strong>Ille</strong></span> <span class='ocrx_word' id='word_1_279' title='bbox 2502 948 2682 996; x_wconf 86' lang='lat' dir='ltr'><strong>autem</strong></span> <span class='ocrx_word' id='word_1_280' title='bbox 2705 937 2839 994; x_wconf 83' lang='lat' dir='ltr'><strong>nihil</strong></span> <span class='ocrx_word' id='word_1_281' title='bbox 2860 945 3143 1007; x_wconf 82' lang='lat' dir='ltr'><strong>propterea</strong></span> <span class='ocrx_word' id='word_1_282' title='bbox 3167 930 3524 988; x_wconf 87' lang='lat' dir='ltr'><strong>conturbatus</strong></span> <span class='ocrx_word' id='word_1_283' title='bbox 3548 947 3562 983; x_wconf 87' lang='lat'><strong>:</strong></span> <span class='ocrx_word' id='word_1_284' title='bbox 3587 925 3703 982; x_wconf 82' lang='lat' dir='ltr'><strong>Non</strong></span> 
     </span>
    </p>
   </div>
   <div class='ocr_carea' id='block_1_40' title="bbox 2134 1023 3708 1103">
    <p class='ocr_par' dir='ltr' id='par_1_40' title="bbox 2134 1023 3708 1103">
     <span class='ocr_line' id='line_1_40' title="bbox 2134 1023 3708 1103; baseline -0.011 -14"><span class='ocrx_word' id='word_1_285' title='bbox 2134 1042 2238 1099; x_wconf 90' lang='lat' dir='ltr'><strong>est,</strong></span> <span class='ocrx_word' id='word_1_286' title='bbox 2279 1033 2473 1103; x_wconf 89' lang='lat' dir='ltr'><strong>inquit,</strong></span> <span class='ocrx_word' id='word_1_287' title='bbox 2500 1032 2732 1103; x_wconf 86' lang='lat' dir='ltr'><strong>justum,</strong></span> <span class='ocrx_word' id='word_1_288' title='bbox 2761 1038 2821 1084; x_wconf 91' lang='lat' dir='ltr'><strong>ut</strong></span> <span class='ocrx_word' id='word_1_289' title='bbox 2848 1043 2971 1098; x_wconf 65' lang='lat' dir='ltr'><strong>quae</strong></span> <span class='ocrx_word' id='word_1_290' title='bbox 3009 1025 3142 1093; x_wconf 77' lang='lat' dir='ltr'><strong>Regi</strong></span> <span class='ocrx_word' id='word_1_291' title='bbox 3171 1023 3377 1080; x_wconf 63' lang='lat' dir='ltr'><strong>caelesti</strong></span> <span class='ocrx_word' id='word_1_292' title='bbox 3418 1033 3546 1077; x_wconf 89' lang='lat' dir='ltr'><strong>sunt</strong></span> <span class='ocrx_word' id='word_1_293' title='bbox 3574 1034 3708 1074; x_wconf 66' lang='lat' dir='ltr'><strong>eou«</strong></span> 
     </span>
    </p>
   </div>
   <div class='ocr_carea' id='block_1_41' title="bbox 2135 1107 3706 1191">
    <p class='ocr_par' dir='ltr' id='par_1_41' title="bbox 2135 1107 3706 1191">
     <span class='ocr_line' id='line_1_41' title="bbox 2135 1107 3706 1191; baseline -0.013 -12"><span class='ocrx_word' id='word_1_294' title='bbox 2135 1132 2369 1188; x_wconf 86' lang='lat' dir='ltr'><strong>secrata,</strong></span> <span class='ocrx_word' id='word_1_295' title='bbox 2401 1122 2698 1191; x_wconf 83' lang='lat' dir='ltr'><strong>prodantur</strong></span> <span class='ocrx_word' id='word_1_296' title='bbox 2724 1118 2837 1188; x_wconf 77' lang='lat' dir='ltr'><strong>regi</strong></span> <span class='ocrx_word' id='word_1_297' title='bbox 2869 1124 3107 1172; x_wconf 84' lang='lat' dir='ltr'><strong>terreno.</strong></span> <span class='ocrx_word' id='word_1_298' title='bbox 3127 1113 3220 1168; x_wconf 84' lang='lat' dir='ltr'><strong>Est</strong></span> <span class='ocrx_word' id='word_1_299' title='bbox 3245 1112 3347 1166; x_wconf 91' lang='lat' dir='ltr'><strong>hoc</strong></span> <span class='ocrx_word' id='word_1_300' title='bbox 3374 1109 3514 1165; x_wconf 90' lang='lat' dir='ltr'><strong>enim</strong></span> <span class='ocrx_word' id='word_1_301' title='bbox 3548 1107 3706 1175; x_wconf 87' lang='lat' dir='ltr'><strong>plane</strong></span> 
     </span>
    </p>
   </div>
   <div class='ocr_carea' id='block_1_42' title="bbox 2136 1197 3704 1286">
    <p class='ocr_par' dir='ltr' id='par_1_42' title="bbox 2136 1197 3704 1286">
     <span class='ocr_line' id='line_1_42' title="bbox 2136 1197 3704 1286; baseline -0.014 -15"><span class='ocrx_word' id='word_1_302' title='bbox 2136 1214 2502 1286; x_wconf 73' lang='lat' dir='ltr'><strong>sacrilegium,</strong></span> <span class='ocrx_word' id='word_1_303' title='bbox 2532 1220 2586 1268; x_wconf 88' lang='lat' dir='ltr'><strong>et</strong></span> <span class='ocrx_word' id='word_1_304' title='bbox 2619 1226 2725 1267; x_wconf 89' lang='lat' dir='ltr'><strong>non</strong></span> <span class='ocrx_word' id='word_1_305' title='bbox 2750 1223 2974 1281; x_wconf 85' lang='lat' dir='ltr'><strong>parvum</strong></span> <span class='ocrx_word' id='word_1_306' title='bbox 3004 1207 3059 1261; x_wconf 93' lang='lat' dir='ltr'><strong>in</strong></span> <span class='ocrx_word' id='word_1_307' title='bbox 3089 1206 3257 1261; x_wconf 90' lang='lat' dir='ltr'><strong>Deum</strong></span> <span class='ocrx_word' id='word_1_308' title='bbox 3276 1211 3583 1274; x_wconf 89' lang='lat' dir='ltr'><strong>peccatum.</strong></span> <span class='ocrx_word' id='word_1_309' title='bbox 3608 1197 3704 1251; x_wconf 87' lang='lat' dir='ltr'><strong>Sin</strong></span> 
     </span>
    </p>
   </div>
   <div class='ocr_carea' id='block_1_43' title="bbox 2137 1297 3711 1363">
    <p class='ocr_par' dir='ltr' id='par_1_43' title="bbox 2137 1297 3711 1363">
     <span class='ocr_line' id='line_1_43' title="bbox 2137 1297 3711 1363; baseline -0.011 -2"><span class='ocrx_word' id='word_1_310' title='bbox 2137 1316 2317 1362; x_wconf 89' lang='lat' dir='ltr'><strong>autem</strong></span> <span class='ocrx_word' id='word_1_311' title='bbox 2360 1305 2458 1360; x_wconf 89' lang='lat' dir='ltr'><strong>tibi</strong></span> <span class='ocrx_word' id='word_1_312' title='bbox 2502 1305 2678 1359; x_wconf 86' lang='lat' dir='ltr'><strong>visum</strong></span> <span class='ocrx_word' id='word_1_313' title='bbox 2724 1309 2808 1358; x_wconf 87' lang='lat' dir='ltr'><strong>est</strong></span> <span class='ocrx_word' id='word_1_314' title='bbox 2848 1302 2929 1356; x_wconf 87' lang='lat' dir='ltr'><strong>sic</strong></span> <span class='ocrx_word' id='word_1_315' title='bbox 2962 1297 3162 1363; x_wconf 81' lang='lat' dir='ltr'><strong>facere,</strong></span> <span class='ocrx_word' id='word_1_316' title='bbox 3195 1309 3324 1352; x_wconf 87' lang='lat' dir='ltr'><strong>ecce</strong></span> <span class='ocrx_word' id='word_1_317' title='bbox 3371 1305 3711 1363; x_wconf 62' lang='lat' dir='ltr'><strong>quacunque</strong></span> 
     </span>
    </p>
   </div>
   <div class='ocr_carea' id='block_1_44' title="bbox 2137 1378 3711 1460">
    <p class='ocr_par' dir='ltr' id='par_1_44' title="bbox 2137 1378 3711 1460">
     <span class='ocr_line' id='line_1_44' title="bbox 2137 1378 3711 1460; baseline -0.015 -8"><span class='ocrx_word' id='word_1_318' title='bbox 2137 1405 2264 1452; x_wconf 89' lang='lat' dir='ltr'><strong>sunt</strong></span> <span class='ocrx_word' id='word_1_319' title='bbox 2296 1394 2567 1460; x_wconf 68' lang='lat' dir='ltr'><strong>Ecclesiae,</strong></span> <span class='ocrx_word' id='word_1_320' title='bbox 2596 1407 2657 1448; x_wconf 88' lang='lat' dir='ltr'><strong>ea</strong></span> <span class='ocrx_word' id='word_1_321' title='bbox 2692 1391 2898 1459; x_wconf 88' lang='lat' dir='ltr'><strong>accipe,</strong></span> <span class='ocrx_word' id='word_1_322' title='bbox 2935 1396 2991 1443; x_wconf 90' lang='lat' dir='ltr'><strong>et</strong></span> <span class='ocrx_word' id='word_1_323' title='bbox 3028 1387 3114 1440; x_wconf 81' lang='lat' dir='ltr'><strong>fac</strong></span> <span class='ocrx_word' id='word_1_324' title='bbox 3141 1393 3199 1440; x_wconf 91' lang='lat' dir='ltr'><strong>ut</strong></span> <span class='ocrx_word' id='word_1_325' title='bbox 3225 1381 3484 1444; x_wconf 88' lang='lat' dir='ltr'><strong>volueris,</strong></span> <span class='ocrx_word' id='word_1_326' title='bbox 3509 1378 3556 1434; x_wconf 91' lang='lat' dir='ltr'><strong>si</strong></span> <span class='ocrx_word' id='word_1_327' title='bbox 3591 1378 3711 1445; x_wconf 84' lang='lat' dir='ltr'><strong>qui-</strong></span> 
     </span>
    </p>
   </div>
   <div class='ocr_carea' id='block_1_45' title="bbox 2139 1471 3708 1545">
    <p class='ocr_par' dir='ltr' id='par_1_45' title="bbox 2139 1471 3708 1545">
     <span class='ocr_line' id='line_1_45' title="bbox 2139 1471 3708 1545; baseline -0.017 0"><span class='ocrx_word' id='word_1_328' title='bbox 2139 1491 2259 1545; x_wconf 89' lang='lat' dir='ltr'><strong>dem</strong></span> <span class='ocrx_word' id='word_1_329' title='bbox 2292 1496 2345 1544; x_wconf 91' lang='lat' dir='ltr'><strong>te</strong></span> <span class='ocrx_word' id='word_1_330' title='bbox 2378 1485 2527 1541; x_wconf 79' lang='lat' dir='ltr'><strong>nulla</strong></span> <span class='ocrx_word' id='word_1_331' title='bbox 2565 1483 2703 1540; x_wconf 88' lang='lat' dir='ltr'><strong>ratio</strong></span> <span class='ocrx_word' id='word_1_332' title='bbox 2726 1485 2794 1539; x_wconf 88' lang='lat' dir='ltr'><strong>ab</strong></span> <span class='ocrx_word' id='word_1_333' title='bbox 2833 1483 2937 1537; x_wconf 89' lang='lat' dir='ltr'><strong>hac</strong></span> <span class='ocrx_word' id='word_1_334' title='bbox 2972 1477 3194 1534; x_wconf 89' lang='lat' dir='ltr'><strong>abducit</strong></span> <span class='ocrx_word' id='word_1_335' title='bbox 3235 1471 3507 1531; x_wconf 85' lang='lat' dir='ltr'><strong>sententia</strong></span> <span class='ocrx_word' id='word_1_336' title='bbox 3543 1487 3556 1524; x_wconf 91' lang='lat'><strong>:</strong></span> <span class='ocrx_word' id='word_1_337' title='bbox 3594 1483 3708 1522; x_wconf 82' lang='lat' dir='ltr'><strong>mea</strong></span> 
     </span>
    </p>
   </div>
   <div class='ocr_carea' id='block_1_46' title="bbox 2138 1564 3709 1642">
    <p class='ocr_par' dir='ltr' id='par_1_46' title="bbox 2138 1564 3709 1642">
     <span class='ocr_line' id='line_1_46' title="bbox 2138 1564 3709 1642; baseline -0.015 -8"><span class='ocrx_word' id='word_1_338' title='bbox 2138 1580 2283 1634; x_wconf 87' lang='lat' dir='ltr'><strong>enim</strong></span> <span class='ocrx_word' id='word_1_339' title='bbox 2308 1578 2582 1634; x_wconf 83' lang='lat' dir='ltr'><strong>voluntate</strong></span> <span class='ocrx_word' id='word_1_340' title='bbox 2610 1591 2676 1631; x_wconf 91' lang='lat' dir='ltr'><strong>ne</strong></span> <span class='ocrx_word' id='word_1_341' title='bbox 2709 1573 2924 1631; x_wconf 89' lang='lat' dir='ltr'><strong>obolum</strong></span> <span class='ocrx_word' id='word_1_342' title='bbox 2954 1570 3175 1642; x_wconf 88' lang='lat' dir='ltr'><strong>quidem</strong></span> <span class='ocrx_word' id='word_1_343' title='bbox 3210 1564 3478 1621; x_wconf 82' lang='lat' dir='ltr'><strong>dimittam</strong></span> <span class='ocrx_word' id='word_1_344' title='bbox 3522 1574 3709 1614; x_wconf 86' lang='lat' dir='ltr'><strong>eorum</strong></span> 
     </span>
    </p>
   </div>
   <div class='ocr_carea' id='block_1_47' title="bbox 2141 1649 3711 1740">
    <p class='ocr_par' dir='ltr' id='par_1_47' title="bbox 2141 1649 3711 1740">
     <span class='ocr_line' id='line_1_47' title="bbox 2141 1649 3711 1740; baseline -0.012 -18"><span class='ocrx_word' id='word_1_345' title='bbox 2141 1685 2262 1740; x_wconf 80' lang='lat' dir='ltr'><strong>quae</strong></span> <span class='ocrx_word' id='word_1_346' title='bbox 2291 1677 2420 1725; x_wconf 87' lang='lat' dir='ltr'><strong>sunt</strong></span> <span class='ocrx_word' id='word_1_347' title='bbox 2458 1667 2713 1738; x_wconf 86' lang='lat' dir='ltr'><strong>reposita.</strong></span> <span class='ocrx_word' id='word_1_348' title='bbox 2765 1663 2911 1719; x_wconf 84' lang='lat' dir='ltr'><strong>Nihil</strong></span> <span class='ocrx_word' id='word_1_349' title='bbox 2956 1649 3110 1731; x_wconf 75' lang='lat' dir='ltr'><strong>ergo,</strong></span> <span class='ocrx_word' id='word_1_350' title='bbox 3147 1658 3329 1714; x_wconf 89' lang='lat' dir='ltr'><strong>nescio</strong></span> <span class='ocrx_word' id='word_1_351' title='bbox 3371 1669 3480 1724; x_wconf 90' lang='lat' dir='ltr'><strong>quo</strong></span> <span class='ocrx_word' id='word_1_352' title='bbox 3529 1654 3711 1716; x_wconf 85' lang='lat' dir='ltr'><strong>modo,</strong></span> 
     </span>
    </p>
   </div>
   <div class='ocr_carea' id='block_1_48' title="bbox 2139 1744 3712 1829">
    <p class='ocr_par' dir='ltr' id='par_1_48' title="bbox 2139 1744 3712 1829">
     <span class='ocr_line' id='line_1_48' title="bbox 2139 1744 3712 1829; baseline -0.015 -11"><span class='ocrx_word' id='word_1_353' title='bbox 2139 1777 2204 1818; x_wconf 81' lang='lat' dir='ltr'><strong>ex</strong></span> <span class='ocrx_word' id='word_1_354' title='bbox 2236 1776 2301 1816; x_wconf 90' lang='lat' dir='ltr'><strong>eo</strong></span> <span class='ocrx_word' id='word_1_355' title='bbox 2334 1774 2617 1829; x_wconf 88' lang='lat' dir='ltr'><strong>repressus</strong></span> <span class='ocrx_word' id='word_1_356' title='bbox 2648 1759 2731 1813; x_wconf 85' lang='lat' dir='ltr'><strong>vir</strong></span> <span class='ocrx_word' id='word_1_357' title='bbox 2762 1757 2851 1811; x_wconf 87' lang='lat' dir='ltr'><strong>ille</strong></span> <span class='ocrx_word' id='word_1_358' title='bbox 2883 1752 3241 1817; x_wconf 83' lang='lat' dir='ltr'><strong>admirabilis,</strong></span> <span class='ocrx_word' id='word_1_359' title='bbox 3277 1755 3434 1803; x_wconf 87' lang='lat' dir='ltr'><strong>vocat</strong></span> <span class='ocrx_word' id='word_1_360' title='bbox 3476 1759 3571 1800; x_wconf 86' lang='lat' dir='ltr'><strong>eos</strong></span> <span class='ocrx_word' id='word_1_361' title='bbox 3618 1744 3712 1812; x_wconf 87' lang='lat' dir='ltr'><strong>qui</strong></span> 
     </span>
    </p>
   </div>
   <div class='ocr_carea' id='block_1_49' title="bbox 2139 1833 3711 1920">
    <p class='ocr_par' dir='ltr' id='par_1_49' title="bbox 2139 1833 3711 1920">
     <span class='ocr_line' id='line_1_49' title="bbox 2139 1833 3711 1920; baseline -0.014 -13"><span class='ocrx_word' id='word_1_362' title='bbox 2139 1851 2528 1920; x_wconf 84' lang='lat' dir='ltr'><strong>sequebantur,</strong></span> <span class='ocrx_word' id='word_1_363' title='bbox 2563 1857 2618 1903; x_wconf 91' lang='lat' dir='ltr'><strong>et</strong></span> <span class='ocrx_word' id='word_1_364' title='bbox 2639 1846 2821 1903; x_wconf 86' lang='lat' dir='ltr'><strong>statim</strong></span> <span class='ocrx_word' id='word_1_365' title='bbox 2854 1844 3008 1914; x_wconf 88' lang='lat' dir='ltr'><strong>jubet</strong></span> <span class='ocrx_word' id='word_1_366' title='bbox 3047 1837 3543 1910; x_wconf 55' lang='lat' dir='ltr'><strong>tollere&#39;pecunias,</strong></span> <span class='ocrx_word' id='word_1_367' title='bbox 3577 1833 3711 1887; x_wconf 85' lang='lat' dir='ltr'><strong>nihil</strong></span> 
     </span>
    </p>
   </div>
   <div class='ocr_carea' id='block_1_50' title="bbox 2141 1923 3713 2010">
    <p class='ocr_par' dir='ltr' id='par_1_50' title="bbox 2141 1923 3713 2010">
     <span class='ocr_line' id='line_1_50' title="bbox 2141 1923 3713 2010; baseline -0.013 -15"><span class='ocrx_word' id='word_1_368' title='bbox 2141 1940 2285 1996; x_wconf 82' lang='lat' dir='ltr'><strong>aliud</strong></span> <span class='ocrx_word' id='word_1_369' title='bbox 2319 1940 2627 2010; x_wconf 88' lang='lat' dir='ltr'><strong>relinquens</strong></span> <span class='ocrx_word' id='word_1_370' title='bbox 2645 1935 2964 2008; x_wconf 81' lang='lat' dir='ltr'><strong>patriarchae</strong></span> <span class='ocrx_word' id='word_1_371' title='bbox 2995 1934 3102 1988; x_wconf 85' lang='lat' dir='ltr'><strong>nisi</strong></span> <span class='ocrx_word' id='word_1_372' title='bbox 3129 1931 3271 1986; x_wconf 85' lang='lat' dir='ltr'><strong>solas</strong></span> <span class='ocrx_word' id='word_1_373' title='bbox 3296 1934 3510 1984; x_wconf 89' lang='lat' dir='ltr'><strong>centum</strong></span> <span class='ocrx_word' id='word_1_374' title='bbox 3547 1923 3713 1978; x_wconf 73' lang='lat' dir='ltr'><strong>libras</strong></span> 
     </span>
    </p>
   </div>
   <div class='ocr_carea' id='block_1_51' title="bbox 2141 2040 2283 2095">
    <p class='ocr_par' dir='ltr' id='par_1_51' title="bbox 2141 2040 2283 2095">
     <span class='ocr_line' id='line_1_51' title="bbox 2141 2040 2283 2095; baseline -0.014 0"><span class='ocrx_word' id='word_1_375' title='bbox 2141 2040 2283 2095; x_wconf 87' lang='lat' dir='ltr'><strong>auri.</strong></span> 
     </span>
    </p>
   </div>
   <div class='ocr_carea' id='block_1_52' title="bbox 2210 2208 3717 2279">
    <p class='ocr_par' dir='ltr' id='par_1_52' title="bbox 2210 2208 3717 2279">
     <span class='ocr_line' id='line_1_52' title="bbox 2210 2208 3717 2279; baseline -0.007 -7"><span class='ocrx_word' id='word_1_376' title='bbox 2210 2213 2330 2274; x_wconf 80' lang='lat' dir='ltr'><strong>XX.</strong></span> <span class='ocrx_word' id='word_1_377' title='bbox 2369 2216 2593 2274; x_wconf 81' lang='lat' dir='ltr'><strong>Interim</strong></span> <span class='ocrx_word' id='word_1_378' title='bbox 2619 2223 2798 2270; x_wconf 84' lang='lat' dir='ltr'><strong>autem</strong></span> <span class='ocrx_word' id='word_1_379' title='bbox 2828 2213 2957 2270; x_wconf 86' lang='lat' dir='ltr'><strong>dum</strong></span> <span class='ocrx_word' id='word_1_380' title='bbox 2982 2210 3383 2270; x_wconf 81' lang='lat' dir='ltr'><strong>descendebant</strong></span> <span class='ocrx_word' id='word_1_381' title='bbox 3412 2209 3475 2274; x_wconf 92' lang='lat' dir='ltr'><strong>ii,</strong></span> <span class='ocrx_word' id='word_1_382' title='bbox 3504 2208 3596 2279; x_wconf 87' lang='lat' dir='ltr'><strong>qui</strong></span> <span class='ocrx_word' id='word_1_383' title='bbox 3625 2222 3717 2262; x_wconf 77' lang='lat' dir='ltr'><strong>eas</strong></span> 
     </span>
    </p>
   </div>
   <div class='ocr_carea' id='block_1_53' title="bbox 2144 2301 3714 2383">
    <p class='ocr_par' dir='ltr' id='par_1_53' title="bbox 2144 2301 3714 2383">
     <span class='ocr_line' id='line_1_53' title="bbox 2144 2301 3714 2383; baseline -0.012 -17"><span class='ocrx_word' id='word_1_384' title='bbox 2144 2310 2472 2383; x_wconf 83' lang='lat' dir='ltr'><strong>portabant,</strong></span> <span class='ocrx_word' id='word_1_385' title='bbox 2509 2316 2802 2364; x_wconf 90' lang='lat' dir='ltr'><strong>occurrunt</strong></span> <span class='ocrx_word' id='word_1_386' title='bbox 2841 2306 3158 2375; x_wconf 84' lang='lat' dir='ltr'><strong>quibusdam</strong></span> <span class='ocrx_word' id='word_1_387' title='bbox 3202 2301 3620 2358; x_wconf 85' lang='lat' dir='ltr'><strong>ascendentibus</strong></span> <span class='ocrx_word' id='word_1_388' title='bbox 3652 2302 3714 2352; x_wconf 81' lang='lat' dir='ltr'><strong>ad</strong></span> 
     </span>
    </p>
   </div>
   <div class='ocr_carea' id='block_1_54' title="bbox 2146 2391 3720 2472">
    <p class='ocr_par' dir='ltr' id='par_1_54' title="bbox 2146 2391 3720 2472">
     <span class='ocr_line' id='line_1_54' title="bbox 2146 2391 3720 2472; baseline -0.008 -14"><span class='ocrx_word' id='word_1_389' title='bbox 2146 2403 2545 2472; x_wconf 85' lang='lat' dir='ltr'><strong>patriarcham,</strong></span> <span class='ocrx_word' id='word_1_390' title='bbox 2587 2399 2678 2469; x_wconf 87' lang='lat' dir='ltr'><strong>qui</strong></span> <span class='ocrx_word' id='word_1_391' title='bbox 2727 2397 2902 2453; x_wconf 83' lang='lat' dir='ltr'><strong>mellis</strong></span> <span class='ocrx_word' id='word_1_392' title='bbox 2936 2397 3049 2468; x_wconf 78' lang='lat' dir='ltr'><strong>(l5)</strong></span> <span class='ocrx_word' id='word_1_393' title='bbox 3087 2396 3377 2466; x_wconf 87' lang='lat' dir='ltr'><strong>amphoras</strong></span> <span class='ocrx_word' id='word_1_394' title='bbox 3419 2391 3720 2447; x_wconf 78' lang='lat' dir='ltr'><strong>aﬁ‘erehant</strong></span> 
     </span>
    </p>
   </div>
   <div class='ocr_carea' id='block_1_55' title="bbox 2146 2483 3717 2562">
    <p class='ocr_par' dir='ltr' id='par_1_55' title="bbox 2146 2483 3717 2562">
     <span class='ocr_line' id='line_1_55' title="bbox 2146 2483 3717 2562; baseline -0.009 -14"><span class='ocrx_word' id='word_1_395' title='bbox 2146 2495 2217 2550; x_wconf 87' lang='lat' dir='ltr'><strong>ad</strong></span> <span class='ocrx_word' id='word_1_396' title='bbox 2260 2509 2420 2556; x_wconf 87' lang='lat' dir='ltr'><strong>eum,</strong></span> <span class='ocrx_word' id='word_1_397' title='bbox 2472 2492 2525 2547; x_wconf 90' lang='lat' dir='ltr'><strong>in</strong></span> <span class='ocrx_word' id='word_1_398' title='bbox 2563 2506 2793 2562; x_wconf 83' lang='lat' dir='ltr'><strong>quarum</strong></span> <span class='ocrx_word' id='word_1_399' title='bbox 2844 2487 3119 2543; x_wconf 88' lang='lat' dir='ltr'><strong>nonnullis</strong></span> <span class='ocrx_word' id='word_1_400' title='bbox 3150 2485 3467 2553; x_wconf 86' lang='lat' dir='ltr'><strong>inscriptum</strong></span> <span class='ocrx_word' id='word_1_401' title='bbox 3501 2483 3717 2552; x_wconf 87' lang='lat' dir='ltr'><strong>quidem</strong></span> 
     </span>
    </p>
   </div>
   <div class='ocr_carea' id='block_1_56' title="bbox 2145 2573 3718 2650">
    <p class='ocr_par' dir='ltr' id='par_1_56' title="bbox 2145 2573 3718 2650">
     <span class='ocr_line' id='line_1_56' title="bbox 2145 2573 3718 2650; baseline -0.004 -13"><span class='ocrx_word' id='word_1_402' title='bbox 2145 2594 2284 2650; x_wconf 87' lang='lat' dir='ltr'><strong>erat,</strong></span> <span class='ocrx_word' id='word_1_403' title='bbox 2338 2581 2699 2648; x_wconf 89' lang='lat' dir='ltr'><strong>Primarium;</strong></span> <span class='ocrx_word' id='word_1_404' title='bbox 2753 2579 2807 2635; x_wconf 89' lang='lat' dir='ltr'><strong>in</strong></span> <span class='ocrx_word' id='word_1_405' title='bbox 2850 2579 2971 2634; x_wconf 88' lang='lat' dir='ltr'><strong>aliis</strong></span> <span class='ocrx_word' id='word_1_406' title='bbox 3012 2585 3226 2643; x_wconf 87' lang='lat' dir='ltr'><strong>autem,</strong></span> <span class='ocrx_word' id='word_1_407' title='bbox 3280 2573 3453 2630; x_wconf 88' lang='lat' dir='ltr'><strong>Fumo</strong></span> <span class='ocrx_word' id='word_1_408' title='bbox 3501 2588 3718 2630; x_wconf 89' lang='lat' dir='ltr'><strong>carens.</strong></span> 
     </span>
    </p>
   </div>
   <div class='ocr_carea' id='block_1_57' title="bbox 2147 2666 3719 2746">
    <p class='ocr_par' dir='ltr' id='par_1_57' title="bbox 2147 2666 3719 2746">
     <span class='ocr_line' id='line_1_57' title="bbox 2147 2666 3719 2746; baseline -0.007 -16"><span class='ocrx_word' id='word_1_409' title='bbox 2147 2678 2440 2746; x_wconf 83' lang='lat' dir='ltr'><strong>Postquam</strong></span> <span class='ocrx_word' id='word_1_410' title='bbox 2466 2689 2596 2744; x_wconf 79' lang='lat' dir='ltr'><strong>ergo</strong></span> <span class='ocrx_word' id='word_1_411' title='bbox 2640 2674 2756 2727; x_wconf 57' lang='lat' dir='ltr'><strong>hinc</strong></span> <span class='ocrx_word' id='word_1_412' title='bbox 2790 2672 2921 2746; x_wconf 83' lang='lat' dir='ltr'><strong>vidit</strong></span> <span class='ocrx_word' id='word_1_413' title='bbox 2962 2669 3253 2736; x_wconf 85' lang='lat' dir='ltr'><strong>Patricius,</strong></span> <span class='ocrx_word' id='word_1_414' title='bbox 3288 2676 3344 2723; x_wconf 88' lang='lat' dir='ltr'><strong>et</strong></span> <span class='ocrx_word' id='word_1_415' title='bbox 3376 2667 3595 2738; x_wconf 79' lang='lat' dir='ltr'><strong>agnovit</strong></span> <span class='ocrx_word' id='word_1_416' title='bbox 3634 2666 3719 2719; x_wconf 80' lang='lat' dir='ltr'><strong>in-</strong></span> 
     </span>
    </p>
   </div>
   <div class='ocr_carea' id='block_1_58' title="bbox 2146 2744 3719 2839">
    <p class='ocr_par' dir='ltr' id='par_1_58' title="bbox 2146 2744 3719 2839">
     <span class='ocr_line' id='line_1_58' title="bbox 2146 2744 3719 2839; baseline -0.009 -18"><span class='ocrx_word' id='word_1_417' title='bbox 2146 2744 2529 2839; x_wconf 81' lang='lat' dir='ltr'><strong>scriptionem,</strong></span> <span class='ocrx_word' id='word_1_418' title='bbox 2572 2744 3299 2836; x_wconf 46' lang='lat' dir='ltr'><strong>significavitpatriarchm,</strong></span> <span class='ocrx_word' id='word_1_419' title='bbox 3336 2768 3395 2813; x_wconf 93' lang='lat' dir='ltr'><strong>ut</strong></span> <span class='ocrx_word' id='word_1_420' title='bbox 3434 2759 3501 2812; x_wconf 89' lang='lat' dir='ltr'><strong>ad</strong></span> <span class='ocrx_word' id='word_1_421' title='bbox 3544 2756 3719 2824; x_wconf 85' lang='lat' dir='ltr'><strong>ipsum</strong></span> 
     </span>
    </p>
   </div>
   <div class='ocr_carea' id='block_1_59' title="bbox 2150 2844 3724 2935">
    <p class='ocr_par' dir='ltr' id='par_1_59' title="bbox 2150 2844 3724 2935">
     <span class='ocr_line' id='line_1_59' title="bbox 2150 2844 3724 2935; baseline -0.008 -23"><span class='ocrx_word' id='word_1_422' title='bbox 2150 2859 2397 2935; x_wconf 82' lang='lat' dir='ltr'><strong>mittatur</strong></span> <span class='ocrx_word' id='word_1_423' title='bbox 2427 2871 2536 2911; x_wconf 89' lang='lat' dir='ltr'><strong>una</strong></span> <span class='ocrx_word' id='word_1_424' title='bbox 2577 2868 2642 2910; x_wconf 81' lang='lat' dir='ltr'><strong>ex</strong></span> <span class='ocrx_word' id='word_1_425' title='bbox 2692 2852 2991 2921; x_wconf 87' lang='lat' dir='ltr'><strong>amphoris.</strong></span> <span class='ocrx_word' id='word_1_426' title='bbox 3035 2850 3169 2905; x_wconf 80' lang='lat' dir='ltr'><strong>Cum</strong></span> <span class='ocrx_word' id='word_1_427' title='bbox 3213 2849 3258 2904; x_wconf 89' lang='lat' dir='ltr'><strong>is</strong></span> <span class='ocrx_word' id='word_1_428' title='bbox 3302 2857 3481 2902; x_wconf 90' lang='lat' dir='ltr'><strong>autem</strong></span> <span class='ocrx_word' id='word_1_429' title='bbox 3507 2887 3527 2912; x_wconf 88' lang='lat'><strong>,</strong></span> <span class='ocrx_word' id='word_1_430' title='bbox 3568 2844 3724 2913; x_wconf 84' lang='lat' dir='ltr'><strong>cujus</strong></span> 
     </span>
    </p>
   </div>
   <div class='ocr_carea' id='block_1_60' title="bbox 2151 2935 3724 3009">
    <p class='ocr_par' dir='ltr' id='par_1_60' title="bbox 2151 2935 3724 3009">
     <span class='ocr_line' id='line_1_60' title="bbox 2151 2935 3724 3009; baseline -0.011 -3"><span class='ocrx_word' id='word_1_431' title='bbox 2151 2952 2273 3007; x_wconf 82' lang='lat' dir='ltr'><strong>ﬁdei</strong></span> <span class='ocrx_word' id='word_1_432' title='bbox 2306 2951 2421 3005; x_wconf 75' lang='lat' dir='ltr'><strong>hmc</strong></span> <span class='ocrx_word' id='word_1_433' title='bbox 2453 2946 2747 3003; x_wconf 87' lang='lat' dir='ltr'><strong>commissa</strong></span> <span class='ocrx_word' id='word_1_434' title='bbox 2778 2945 3008 3009; x_wconf 79' lang='lat' dir='ltr'><strong>fuerant,</strong></span> <span class='ocrx_word' id='word_1_435' title='bbox 3038 2956 3250 3007; x_wconf 89' lang='lat' dir='ltr'><strong>eorum,</strong></span> <span class='ocrx_word' id='word_1_436' title='bbox 3283 2947 3343 2994; x_wconf 92' lang='lat' dir='ltr'><strong>ut</strong></span> <span class='ocrx_word' id='word_1_437' title='bbox 3372 2953 3488 2993; x_wconf 90' lang='lat' dir='ltr'><strong>mos</strong></span> <span class='ocrx_word' id='word_1_438' title='bbox 3507 2946 3609 3002; x_wconf 90' lang='lat' dir='ltr'><strong>est,</strong></span> <span class='ocrx_word' id='word_1_439' title='bbox 3646 2935 3724 2990; x_wconf 84' lang='lat' dir='ltr'><strong>l‘e-</strong></span> 
     </span>
    </p>
   </div>
   <div class='ocr_carea' id='block_1_61' title="bbox 463 3028 2046 3121">
    <p class='ocr_par' dir='ltr' id='par_1_61' title="bbox 463 3040 2045 3112">
     <span class='ocr_line' id='line_1_61' title="bbox 463 3040 2045 3112; baseline -0.001 -17"><span class='ocrx_word' id='word_1_440' title='bbox 463 3041 541 3112; x_wconf 83' lang='grc' dir='ltr'>τῷ</span> <span class='ocrx_word' id='word_1_441' title='bbox 570 3041 826 3112; x_wconf 76' lang='grc' dir='ltr'><strong>μακαρίῳ</strong></span> <span class='ocrx_word' id='word_1_442' title='bbox 856 3041 1248 3112; x_wconf 82' lang='grc' dir='ltr'><strong>γνωρίσαντος,</strong></span> <span class='ocrx_word' id='word_1_443' title='bbox 1279 3040 1354 3103; x_wconf 85' lang='grc' dir='ltr'><strong>ὼς</strong></span> <span class='ocrx_word' id='word_1_444' title='bbox 1396 3041 1576 3096; x_wconf 80' lang='grc' dir='ltr'><strong>πάντα</strong></span> <span class='ocrx_word' id='word_1_445' title='bbox 1616 3042 1790 3111; x_wconf 74' lang='grc' dir='ltr'><strong>μεστὰ</strong></span> <span class='ocrx_word' id='word_1_446' title='bbox 1818 3042 2045 3112; x_wconf 79' lang='grc' dir='ltr'><strong>χρυσίου</strong></span> 
     </span>
    </p>
   </div>
   <div class='ocr_carea' id='block_1_62' title="bbox 2149 3028 3722 3121">
    <p class='ocr_par' dir='ltr' id='par_1_62' title="bbox 2152 3028 3722 3111">
     <span class='ocr_line' id='line_1_62' title="bbox 2152 3028 3722 3111; baseline -0.01 -13"><span class='ocrx_word' id='word_1_447' title='bbox 2152 3045 2317 3098; x_wconf 86' lang='lat' dir='ltr'><strong>cisset</strong></span> <span class='ocrx_word' id='word_1_448' title='bbox 2370 3038 2703 3111; x_wconf 88' lang='lat' dir='ltr'><strong>periculum,</strong></span> <span class='ocrx_word' id='word_1_449' title='bbox 2738 3045 2793 3092; x_wconf 89' lang='lat' dir='ltr'><strong>et</strong></span> <span class='ocrx_word' id='word_1_450' title='bbox 2827 3034 3025 3091; x_wconf 89' lang='lat' dir='ltr'><strong>deinde</strong></span> <span class='ocrx_word' id='word_1_451' title='bbox 3063 3031 3452 3095; x_wconf 79' lang='lat' dir='ltr'><strong>intellexisset,</strong></span> <span class='ocrx_word' id='word_1_452' title='bbox 3491 3028 3634 3098; x_wconf 88' lang='lat' dir='ltr'><strong>quod</strong></span> <span class='ocrx_word' id='word_1_453' title='bbox 3670 3029 3722 3082; x_wconf 89' lang='lat' dir='ltr'><strong>in</strong></span> 
     </span>
    </p>
   </div>
   <div class='ocr_carea' id='block_1_63' title="bbox 463 3130 2046 3205">
    <p class='ocr_par' dir='ltr' id='par_1_63' title="bbox 463 3130 2046 3205">
     <span class='ocr_line' id='line_1_63' title="bbox 463 3130 2046 3205; baseline -0.002 -17"><span class='ocrx_word' id='word_1_454' title='bbox 463 3134 825 3203; x_wconf 72' lang='grc' dir='ltr'><strong>τυγχάνουσιν</strong></span> <span class='ocrx_word' id='word_1_455' title='bbox 853 3133 1008 3201; x_wconf 79' lang='grc' dir='ltr'><strong>ὄντα,</strong></span> <span class='ocrx_word' id='word_1_456' title='bbox 1058 3130 1117 3186; x_wconf 75' lang='grc' dir='ltr'><strong>ἓν</strong></span> <span class='ocrx_word' id='word_1_457' title='bbox 1141 3133 1323 3187; x_wconf 80' lang='grc' dir='ltr'><strong>αὐτῶν</strong></span> <span class='ocrx_word' id='word_1_458' title='bbox 1351 3134 1699 3205; x_wconf 79' lang='grc' dir='ltr'><strong>παραχρῆμα</strong></span> <span class='ocrx_word' id='word_1_459' title='bbox 1728 3134 1936 3203; x_wconf 82' lang='grc' dir='ltr'><strong>πέμπει</strong></span> <span class='ocrx_word' id='word_1_460' title='bbox 1967 3134 2046 3203; x_wconf 85' lang='grc' dir='ltr'><strong>τῷ</strong></span> 
     </span>
    </p>
   </div>
   <div class='ocr_carea' id='block_1_64' title="bbox 466 3221 2045 3297">
    <p class='ocr_par' dir='ltr' id='par_1_64' title="bbox 466 3221 2045 3297">
     <span class='ocr_line' id='line_1_64' title="bbox 466 3221 2045 3297; baseline -0.001 -16"><span class='ocrx_word' id='word_1_461' title='bbox 466 3224 761 3297; x_wconf 78' lang='grc' dir='ltr'><strong>πατρικίῳ,</strong></span> <span class='ocrx_word' id='word_1_462' title='bbox 812 3224 845 3279; x_wconf 74' lang='grc' dir='ltr'><strong>ὃ</strong></span> <span class='ocrx_word' id='word_1_463' title='bbox 895 3226 1035 3280; x_wconf 78' lang='grc' dir='ltr'><strong>Μέλι</strong></span> <span class='ocrx_word' id='word_1_464' title='bbox 1088 3229 1379 3297; x_wconf 80' lang='grc' dir='ltr'><strong>πρωτεῖον,</strong></span> <span class='ocrx_word' id='word_1_465' title='bbox 1409 3226 1509 3297; x_wconf 83' lang='grc' dir='ltr'><strong>τὴν</strong></span> <span class='ocrx_word' id='word_1_466' title='bbox 1564 3225 1877 3297; x_wconf 76' lang='grc' dir='ltr'><strong>ἐπιγραφὴν</strong></span> <span class='ocrx_word' id='word_1_467' title='bbox 1910 3221 2045 3296; x_wconf 79' lang='grc' dir='ltr'><strong>εἶχε.</strong></span> 
     </span>
    </p>
   </div>
   <div class='ocr_carea' id='block_1_65' title="bbox 469 3310 2049 3389">
    <p class='ocr_par' dir='ltr' id='par_1_65' title="bbox 469 3310 2049 3389">
     <span class='ocr_line' id='line_1_65' title="bbox 469 3310 2049 3389; baseline -0.001 -17"><span class='ocrx_word' id='word_1_468' title='bbox 469 3318 656 3389; x_wconf 82' lang='grc' dir='ltr'><strong>Τούτῳ</strong></span> <span class='ocrx_word' id='word_1_469' title='bbox 693 3316 986 3387; x_wconf 79' lang='grc' dir='ltr'><strong>τοιγαροῦν</strong></span> <span class='ocrx_word' id='word_1_470' title='bbox 1015 3319 1108 3373; x_wconf 74' lang='grc' dir='ltr'><strong>καὶ</strong></span> <span class='ocrx_word' id='word_1_471' title='bbox 1138 3318 1442 3388; x_wconf 81' lang='grc' dir='ltr'><strong>γράμματα</strong></span> <span class='ocrx_word' id='word_1_472' title='bbox 1467 3317 1696 3382; x_wconf 86' lang='grc' dir='ltr'><strong>στέλλει,</strong></span> <span class='ocrx_word' id='word_1_473' title='bbox 1733 3310 1808 3371; x_wconf 83' lang='grc' dir='ltr'>ὧν</span> <span class='ocrx_word' id='word_1_474' title='bbox 1835 3320 1868 3387; x_wconf 83' lang='grc' dir='ltr'>ἡ</span> <span class='ocrx_word' id='word_1_475' title='bbox 1889 3317 2049 3370; x_wconf 76' lang='grc' dir='ltr'><strong>δύνα·</strong></span> 
     </span>
    </p>
   </div>
   <div class='ocr_carea' id='block_1_66' title="bbox 472 3406 2050 3483">
    <p class='ocr_par' dir='ltr' id='par_1_66' title="bbox 472 3406 2050 3483">
     <span class='ocr_line' id='line_1_66' title="bbox 472 3406 2050 3483; baseline -0.002 -18"><span class='ocrx_word' id='word_1_476' title='bbox 472 3429 565 3483; x_wconf 83' lang='grc' dir='ltr'><strong>μις</strong></span> <span class='ocrx_word' id='word_1_477' title='bbox 586 3411 756 3474; x_wconf 70' lang='grc' dir='ltr'><strong>οὕτως</strong></span> <span class='ocrx_word' id='word_1_478' title='bbox 779 3406 849 3482; x_wconf 82' lang='grc' dir='ltr'><strong>ἦν</strong></span> <span class='ocrx_word' id='word_1_479' title='bbox 867 3427 877 3440; x_wconf 83' lang='lat'>&#39;</span> <span class='ocrx_word' id='word_1_480' title='bbox 896 3409 954 3464; x_wconf 90' lang='lat'><strong>&#39;0</strong></span> <span class='ocrx_word' id='word_1_481' title='bbox 973 3408 1141 3464; x_wconf 81' lang='grc' dir='ltr'><strong>εἰπὼν</strong></span> <span class='ocrx_word' id='word_1_482' title='bbox 1174 3410 1514 3480; x_wconf 75' lang='grc' dir='ltr'><strong>Κύριος,ιού</strong></span> <span class='ocrx_word' id='word_1_483' title='bbox 1535 3411 1607 3481; x_wconf 84' lang='grc' dir='ltr'><strong>μή</strong></span> <span class='ocrx_word' id='word_1_484' title='bbox 1622 3426 1681 3462; x_wconf 91' lang='grc' dir='ltr'><strong>σε</strong></span> <span class='ocrx_word' id='word_1_485' title='bbox 1706 3409 1841 3475; x_wconf 81' lang='grc' dir='ltr'><strong>ἀνῶ,</strong></span> <span class='ocrx_word' id='word_1_486' title='bbox 1865 3409 1972 3464; x_wconf 75' lang='grc' dir='ltr'><strong>οὐδ’</strong></span> <span class='ocrx_word' id='word_1_487' title='bbox 1990 3410 2050 3462; x_wconf 76' lang='grc' dir='ltr'><strong>οὐ</strong></span> 
     </span>
    </p>
   </div>
   <div class='ocr_carea' id='block_1_67' title="bbox 474 3492 2052 3574">
    <p class='ocr_par' dir='ltr' id='par_1_67' title="bbox 474 3492 2052 3574">
     <span class='ocr_line' id='line_1_67' title="bbox 474 3492 2052 3574; baseline -0.003 -19"><span class='ocrx_word' id='word_1_488' title='bbox 474 3506 547 3574; x_wconf 83' lang='grc' dir='ltr'><strong>μή</strong></span> <span class='ocrx_word' id='word_1_489' title='bbox 581 3519 640 3555; x_wconf 86' lang='grc' dir='ltr'><strong>σε</strong></span> <span class='ocrx_word' id='word_1_490' title='bbox 671 3501 1094 3570; x_wconf 51' lang='grc' dir='ltr'><strong>ἐγκαταλίπωέ»</strong></span> <span class='ocrx_word' id='word_1_491' title='bbox 1133 3499 1370 3571; x_wconf 71' lang='grc' dir='ltr'><strong>ἀψευδὴς</strong></span> <span class='ocrx_word' id='word_1_492' title='bbox 1397 3498 1473 3553; x_wconf 84' lang='grc' dir='ltr'><strong>ὢν</strong></span> <span class='ocrx_word' id='word_1_493' title='bbox 1502 3499 1684 3566; x_wconf 80' lang='grc' dir='ltr'><strong>αὐτὸς,</strong></span> <span class='ocrx_word' id='word_1_494' title='bbox 1723 3500 1817 3553; x_wconf 75' lang='grc' dir='ltr'><strong>καὶ</strong></span> <span class='ocrx_word' id='word_1_495' title='bbox 1846 3499 1942 3553; x_wconf 78' lang='grc' dir='ltr'><strong>νῦν</strong></span> <span class='ocrx_word' id='word_1_496' title='bbox 1978 3492 2052 3552; x_wconf 79' lang='grc' dir='ltr'><strong>ὧν</strong></span> 
     </span>
    </p>
   </div>
   <div class='ocr_carea' id='block_1_68' title="bbox 471 3592 2047 3669">
    <p class='ocr_par' dir='ltr' id='par_1_68' title="bbox 471 3592 2047 3669">
     <span class='ocr_line' id='line_1_68' title="bbox 471 3592 2047 3669; baseline -0.004 -18"><span class='ocrx_word' id='word_1_497' title='bbox 471 3600 505 3669; x_wconf 69' lang='grc' dir='ltr'><strong>ἡ</strong></span> <span class='ocrx_word' id='word_1_498' title='bbox 543 3596 610 3667; x_wconf 78' lang='grc' dir='ltr'><strong>σὴ</strong></span> <span class='ocrx_word' id='word_1_499' title='bbox 640 3594 850 3661; x_wconf 80' lang='grc' dir='ltr'><strong>ὲνδοξία</strong></span> <span class='ocrx_word' id='word_1_500' title='bbox 886 3595 1136 3665; x_wconf 79' lang='grc' dir='ltr'><strong>ἀφείλετο</strong></span> <span class='ocrx_word' id='word_1_501' title='bbox 1166 3594 1464 3665; x_wconf 81' lang='grc' dir='ltr'><strong>χρημάτων</strong></span> <span class='ocrx_word' id='word_1_502' title='bbox 1490 3593 1831 3648; x_wconf 77' lang='grc' dir='ltr'><strong>ἀντιδίδωσιν</strong></span> <span class='ocrx_word' id='word_1_503' title='bbox 1862 3592 2047 3664; x_wconf 77' lang='grc' dir='ltr'><strong>ἕτερα.</strong></span> 
     </span>
    </p>
   </div>
   <div class='ocr_carea' id='block_1_69' title="bbox 472 3683 2052 3760">
    <p class='ocr_par' dir='ltr' id='par_1_69' title="bbox 472 3683 2052 3760">
     <span class='ocr_line' id='line_1_69' title="bbox 472 3683 2052 3760; baseline -0.004 -18"><span class='ocrx_word' id='word_1_504' title='bbox 472 3688 715 3760; x_wconf 78' lang='grc' dir='ltr'><strong>Δηλώσει</strong></span> <span class='ocrx_word' id='word_1_505' title='bbox 749 3688 806 3740; x_wconf 83' lang='grc' dir='ltr'><strong>δέ</strong></span> <span class='ocrx_word' id='word_1_506' title='bbox 839 3704 920 3740; x_wconf 89' lang='grc' dir='ltr'><strong>σοι</strong></span> <span class='ocrx_word' id='word_1_507' title='bbox 948 3688 1043 3741; x_wconf 76' lang='grc' dir='ltr'><strong>καὶ</strong></span> <span class='ocrx_word' id='word_1_508' title='bbox 1095 3685 1157 3739; x_wconf 76' lang='grc' dir='ltr'><strong>τὸ</strong></span> <span class='ocrx_word' id='word_1_509' title='bbox 1187 3685 1284 3738; x_wconf 79' lang='grc' dir='ltr'><strong>νῦν</strong></span> <span class='ocrx_word' id='word_1_510' title='bbox 1315 3685 1638 3755; x_wconf 77' lang='grc' dir='ltr'><strong>ἑκπεμφθὲν</strong></span> <span class='ocrx_word' id='word_1_511' title='bbox 1670 3684 1961 3755; x_wconf 81' lang='grc' dir='ltr'><strong>κεράμιον,</strong></span> <span class='ocrx_word' id='word_1_512' title='bbox 1993 3683 2052 3736; x_wconf 82' lang='grc' dir='ltr'><strong>ἓν</strong></span> 
     </span>
    </p>
   </div>
   <div class='ocr_carea' id='block_1_70' title="bbox 475 3776 2053 3851">
    <p class='ocr_par' dir='ltr' id='par_1_70' title="bbox 475 3776 2053 3851">
     <span class='ocr_line' id='line_1_70' title="bbox 475 3776 2053 3851; baseline -0.005 -16"><span class='ocrx_word' id='word_1_513' title='bbox 475 3782 676 3836; x_wconf 86' lang='grc' dir='ltr'><strong>τούτων</strong></span> <span class='ocrx_word' id='word_1_514' title='bbox 725 3781 996 3851; x_wconf 80' lang='grc' dir='ltr'><strong>ὑπάρχον.</strong></span> <span class='ocrx_word' id='word_1_515' title='bbox 1029 3780 1169 3832; x_wconf 86' lang='grc' dir='ltr'><strong>Ἰσθι</strong></span> <span class='ocrx_word' id='word_1_516' title='bbox 1190 3778 1372 3831; x_wconf 84' lang='grc' dir='ltr'><strong>τοίνυν</strong></span> <span class='ocrx_word' id='word_1_517' title='bbox 1423 3776 1669 3846; x_wconf 78' lang='grc' dir='ltr'><strong>ἀκριϐῶς</strong></span> <span class='ocrx_word' id='word_1_518' title='bbox 1706 3777 1789 3831; x_wconf 86' lang='grc' dir='ltr'><strong>ὄτι</strong></span> <span class='ocrx_word' id='word_1_519' title='bbox 1823 3776 1915 3829; x_wconf 79' lang='grc' dir='ltr'><strong>τὸν</strong></span> <span class='ocrx_word' id='word_1_520' title='bbox 1946 3778 2053 3829; x_wconf 72' lang='grc' dir='ltr'><strong>’καὶ</strong></span> 
     </span>
    </p>
   </div>
   <div class='ocr_carea' id='block_1_71' title="bbox 478 3866 2053 3944">
    <p class='ocr_par' dir='ltr' id='par_1_71' title="bbox 478 3866 2053 3944">
     <span class='ocr_line' id='line_1_71' title="bbox 478 3866 2053 3944; baseline -0.006 -18"><span class='ocrx_word' id='word_1_521' title='bbox 478 3873 643 3944; x_wconf 82' lang='grc' dir='ltr'><strong>πνοὴν</strong></span> <span class='ocrx_word' id='word_1_522' title='bbox 668 3874 762 3926; x_wconf 73' lang='grc' dir='ltr'><strong>καὶ</strong></span> <span class='ocrx_word' id='word_1_523' title='bbox 782 3871 991 3942; x_wconf 81' lang='grc' dir='ltr'><strong>τροφὴν</strong></span> <span class='ocrx_word' id='word_1_524' title='bbox 1021 3870 1157 3923; x_wconf 80' lang='grc' dir='ltr'><strong>πᾶσι</strong></span> <span class='ocrx_word' id='word_1_525' title='bbox 1185 3866 1617 3938; x_wconf 83' lang='grc' dir='ltr'><strong>διαχορηγοῦντα</strong></span> <span class='ocrx_word' id='word_1_526' title='bbox 1638 3866 1792 3931; x_wconf 75' lang='grc' dir='ltr'><strong>Θεὸν,</strong></span> <span class='ocrx_word' id='word_1_527' title='bbox 1813 3866 2053 3936; x_wconf 77' lang='grc' dir='ltr'><strong>φθαρτὸς</strong></span> 
     </span>
    </p>
   </div>
   <div class='ocr_carea' id='block_1_72' title="bbox 476 3957 2047 4035">
    <p class='ocr_par' dir='ltr' id='par_1_72' title="bbox 476 3957 2047 4035">
     <span class='ocr_line' id='line_1_72' title="bbox 476 3957 2047 4035; baseline -0.008 -13"><span class='ocrx_word' id='word_1_528' title='bbox 476 3964 762 4035; x_wconf 78' lang='grc' dir='ltr'><strong>ἄνθρωπος</strong></span> <span class='ocrx_word' id='word_1_529' title='bbox 809 3962 1072 4019; x_wconf 75' lang='grc' dir='ltr'><strong>στενῶσαι</strong></span> <span class='ocrx_word' id='word_1_530' title='bbox 1101 3958 1162 4013; x_wconf 76' lang='grc' dir='ltr'><strong>οὔ</strong></span> <span class='ocrx_word' id='word_1_531' title='bbox 1192 3976 1324 4012; x_wconf 82' lang='grc' dir='ltr'><strong>ποτε</strong></span> <span class='ocrx_word' id='word_1_532' title='bbox 1357 3957 1424 4012; x_wconf 81' lang='grc' dir='ltr'><strong>ἂν</strong></span> <span class='ocrx_word' id='word_1_533' title='bbox 1459 3957 1712 4027; x_wconf 74' lang='grc' dir='ltr'><strong>οὐδαμῶς</strong></span> <span class='ocrx_word' id='word_1_534' title='bbox 1739 3958 2047 4027; x_wconf 82' lang='grc' dir='ltr'><strong>δυνήσεται.</strong></span> 
     </span>
    </p>
   </div>
   <div class='ocr_carea' id='block_1_73' title="bbox 442 4048 2043 4128">
    <p class='ocr_par' dir='ltr' id='par_1_73' title="bbox 442 4048 2043 4128">
     <span class='ocr_line' id='line_1_73' title="bbox 442 4048 2043 4128; baseline -0.006 -17"><span class='ocrx_word' id='word_1_535' title='bbox 442 4056 820 4128; x_wconf 69' lang='grc' dir='ltr'><strong>⁵Πειρηγγειλε</strong></span> <span class='ocrx_word' id='word_1_536' title='bbox 858 4056 915 4108; x_wconf 82' lang='grc' dir='ltr'><strong>δὲ</strong></span> <span class='ocrx_word' id='word_1_537' title='bbox 945 4054 1040 4108; x_wconf 75' lang='grc' dir='ltr'><strong>καὶ</strong></span> <span class='ocrx_word' id='word_1_538' title='bbox 1082 4056 1196 4116; x_wconf 80' lang='grc' dir='ltr'><strong>τοῖς</strong></span> <span class='ocrx_word' id='word_1_539' title='bbox 1228 4052 1290 4105; x_wconf 83' lang='grc' dir='ltr'><strong>τὸ</strong></span> <span class='ocrx_word' id='word_1_540' title='bbox 1316 4050 1582 4124; x_wconf 72' lang='grc' dir='ltr'><strong>κεράμιον</strong></span> <span class='ocrx_word' id='word_1_541' title='bbox 1613 4048 2043 4120; x_wconf 74' lang='grc' dir='ltr'><strong>διακομίζουσιν,</strong></span> 
     </span>
    </p>
   </div>
   <div class='ocr_carea' id='block_1_74' title="bbox 476 4138 2051 4218">
    <p class='ocr_par' dir='ltr' id='par_1_74' title="bbox 476 4138 2051 4218">
     <span class='ocr_line' id='line_1_74' title="bbox 476 4138 2051 4218; baseline -0.008 -15"><span class='ocrx_word' id='word_1_542' title='bbox 476 4149 572 4203; x_wconf 75' lang='grc' dir='ltr'><strong>ἐπὶ</strong></span> <span class='ocrx_word' id='word_1_543' title='bbox 604 4150 875 4218; x_wconf 76' lang='grc' dir='ltr'><strong>μάρτυσιν</strong></span> <span class='ocrx_word' id='word_1_544' title='bbox 900 4145 1083 4207; x_wconf 71' lang='grc' dir='ltr'><strong>αὺτοῖς</strong></span> <span class='ocrx_word' id='word_1_545' title='bbox 1106 4141 1393 4212; x_wconf 73' lang='grc' dir='ltr'><strong>ἀνοιγῆναι</strong></span> <span class='ocrx_word' id='word_1_546' title='bbox 1427 4138 1547 4192; x_wconf 90' lang='grc' dir='ltr'><strong>κατ’</strong></span> <span class='ocrx_word' id='word_1_547' title='bbox 1581 4138 1704 4208; x_wconf 73' lang='grc' dir='ltr'><strong>ὄψιν</strong></span> <span class='ocrx_word' id='word_1_548' title='bbox 1722 4138 1817 4191; x_wconf 79' lang='grc' dir='ltr'><strong>τοῦ</strong></span> <span class='ocrx_word' id='word_1_549' title='bbox 1850 4155 2051 4208; x_wconf 78' lang='grc' dir='ltr'><strong>πατρι-</strong></span> 
     </span>
    </p>
   </div>
   <div class='ocr_carea' id='block_1_75' title="bbox 475 4231 2052 4306">
    <p class='ocr_par' dir='ltr' id='par_1_75' title="bbox 475 4231 2052 4306">
     <span class='ocr_line' id='line_1_75' title="bbox 475 4231 2052 4306; baseline -0.006 -13"><span class='ocrx_word' id='word_1_550' title='bbox 475 4239 618 4301; x_wconf 84' lang='grc' dir='ltr'><strong>κίου,</strong></span> <span class='ocrx_word' id='word_1_551' title='bbox 645 4235 976 4306; x_wconf 79' lang='grc' dir='ltr'><strong>ἀπαγγεῖλαί</strong></span> <span class='ocrx_word' id='word_1_552' title='bbox 1002 4253 1064 4288; x_wconf 78' lang='grc' dir='ltr'><strong>τε</strong></span> <span class='ocrx_word' id='word_1_553' title='bbox 1102 4234 1177 4299; x_wconf 78' lang='grc' dir='ltr'><strong>ὡς</strong></span> <span class='ocrx_word' id='word_1_554' title='bbox 1209 4233 1304 4287; x_wconf 70' lang='grc' dir='ltr'><strong>καὶ</strong></span> <span class='ocrx_word' id='word_1_555' title='bbox 1326 4232 1494 4286; x_wconf 76' lang='grc' dir='ltr'><strong>τᾶλλα</strong></span> <span class='ocrx_word' id='word_1_556' title='bbox 1516 4232 1715 4297; x_wconf 80' lang='grc' dir='ltr'><strong>πάντα,</strong></span> <span class='ocrx_word' id='word_1_557' title='bbox 1742 4232 1845 4285; x_wconf 83' lang='grc' dir='ltr'><strong>ὅσα</strong></span> <span class='ocrx_word' id='word_1_558' title='bbox 1872 4231 1937 4302; x_wconf 80' lang='grc' dir='ltr'><strong>δὴ</strong></span> <span class='ocrx_word' id='word_1_559' title='bbox 1960 4231 2052 4284; x_wconf 79' lang='grc' dir='ltr'><strong>καὶ</strong></span> 
     </span>
    </p>
   </div>
   <div class='ocr_carea' id='block_1_76' title="bbox 474 4321 2056 4398">
    <p class='ocr_par' dir='ltr' id='par_1_76' title="bbox 474 4321 2056 4398">
     <span class='ocr_line' id='line_1_76' title="bbox 474 4321 2056 4398; baseline -0.008 -13"><span class='ocrx_word' id='word_1_560' title='bbox 474 4332 750 4390; x_wconf 79' lang='grc' dir='ltr'><strong>τεθέαται,</strong></span> <span class='ocrx_word' id='word_1_561' title='bbox 776 4328 945 4391; x_wconf 72' lang='grc' dir='ltr'><strong>οὕτως</strong></span> <span class='ocrx_word' id='word_1_562' title='bbox 975 4326 1088 4398; x_wconf 76' lang='grc' dir='ltr'><strong>ἔχει</strong></span> <span class='ocrx_word' id='word_1_563' title='bbox 1110 4368 1125 4390; x_wconf 92' lang='grc'><strong>,</strong></span> <span class='ocrx_word' id='word_1_564' title='bbox 1160 4326 1256 4379; x_wconf 76' lang='grc' dir='ltr'><strong>καὶ</strong></span> <span class='ocrx_word' id='word_1_565' title='bbox 1279 4324 1507 4396; x_wconf 80' lang='grc' dir='ltr'><strong>χρυσίου</strong></span> <span class='ocrx_word' id='word_1_566' title='bbox 1543 4322 1802 4394; x_wconf 82' lang='grc' dir='ltr'><strong>τυγχάνει</strong></span> <span class='ocrx_word' id='word_1_567' title='bbox 1842 4321 2056 4391; x_wconf 69' lang='grc' dir='ltr'><strong>πεπλη-</strong></span> 
     </span>
    </p>
   </div>
   <div class='ocr_carea' id='block_1_77' title="bbox 481 4401 2131 4493">
    <p class='ocr_par' dir='ltr' id='par_1_77' title="bbox 481 4401 2131 4493">
     <span class='ocr_line' id='line_1_77' title="bbox 481 4401 2131 4493; baseline -0.007 -18"><span class='ocrx_word' id='word_1_568' title='bbox 481 4422 721 4493; x_wconf 85' lang='grc' dir='ltr'><strong>ρωμένα.</strong></span> <span class='ocrx_word' id='word_1_569' title='bbox 748 4419 1139 4490; x_wconf 75' lang='grc' dir='ltr'><strong>Εύωχούμενον</strong></span> <span class='ocrx_word' id='word_1_570' title='bbox 1152 4418 1330 4471; x_wconf 87' lang='grc' dir='ltr'><strong>τοίνυν</strong></span> <span class='ocrx_word' id='word_1_571' title='bbox 1357 4414 1780 4481; x_wconf 76' lang='grc' dir='ltr'><strong>καταλαϐόντες,</strong></span> <span class='ocrx_word' id='word_1_572' title='bbox 1813 4414 2052 4484; x_wconf 80' lang='grc' dir='ltr'><strong>ὲγχειρί-</strong></span> <span class='ocrx_word' id='word_1_573' title='bbox 2090 4401 2131 4453; x_wconf 68' lang='grc' dir='ltr'><strong>ί)</strong></span> 
     </span>
    </p>
   </div>
   <div class='ocr_carea' id='block_1_78' title="bbox 478 4508 2059 4584">
    <p class='ocr_par' dir='ltr' id='par_1_78' title="bbox 478 4508 2059 4584">
     <span class='ocr_line' id='line_1_78' title="bbox 478 4508 2059 4584; baseline -0.006 -15"><span class='ocrx_word' id='word_1_574' title='bbox 478 4515 662 4580; x_wconf 79' lang='grc' dir='ltr'><strong>ζουσιν</strong></span> <span class='ocrx_word' id='word_1_575' title='bbox 692 4514 839 4584; x_wconf 82' lang='grc' dir='ltr'><strong>αὐτῷ</strong></span> <span class='ocrx_word' id='word_1_576' title='bbox 880 4514 981 4583; x_wconf 79' lang='grc' dir='ltr'><strong>τὴν</strong></span> <span class='ocrx_word' id='word_1_577' title='bbox 1008 4508 1295 4581; x_wconf 76' lang='grc' dir='ltr'><strong>ἐπιστολὴν</strong></span> <span class='ocrx_word' id='word_1_578' title='bbox 1324 4508 1724 4571; x_wconf 74' lang='grc' dir='ltr'><strong>ἐπιδεικνύντες</strong></span> <span class='ocrx_word' id='word_1_579' title='bbox 1752 4511 1851 4561; x_wconf 79' lang='grc' dir='ltr'><strong>καὶ</strong></span> <span class='ocrx_word' id='word_1_580' title='bbox 1882 4509 1941 4561; x_wconf 73' lang='grc' dir='ltr'><strong>τὸ</strong></span> <span class='ocrx_word' id='word_1_581' title='bbox 1964 4526 2059 4561; x_wconf 78' lang='grc' dir='ltr'><strong>κε-</strong></span> 
     </span>
    </p>
   </div>
   <div class='ocr_carea' id='block_1_79' title="bbox 481 4600 2059 4680">
    <p class='ocr_par' dir='ltr' id='par_1_79' title="bbox 481 4600 2059 4680">
     <span class='ocr_line' id='line_1_79' title="bbox 481 4600 2059 4680; baseline -0.007 -19"><span class='ocrx_word' id='word_1_582' title='bbox 481 4610 706 4680; x_wconf 79' lang='grc' dir='ltr'><strong>ράμιον·</strong></span> <span class='ocrx_word' id='word_1_583' title='bbox 763 4608 899 4676; x_wconf 84' lang='grc' dir='ltr'><strong>ὅπερ</strong></span> <span class='ocrx_word' id='word_1_584' title='bbox 937 4603 1013 4667; x_wconf 78' lang='grc' dir='ltr'><strong>ὡς</strong></span> <span class='ocrx_word' id='word_1_585' title='bbox 1069 4603 1352 4666; x_wconf 74' lang='grc' dir='ltr'><strong>ἐθεάσατο,</strong></span> <span class='ocrx_word' id='word_1_586' title='bbox 1425 4601 1571 4672; x_wconf 83' lang='grc' dir='ltr'><strong>Χολᾷ</strong></span> <span class='ocrx_word' id='word_1_587' title='bbox 1622 4617 1711 4671; x_wconf 85' lang='grc' dir='ltr'><strong>μοι</strong></span> <span class='ocrx_word' id='word_1_588' title='bbox 1765 4601 1981 4662; x_wconf 83' lang='grc' dir='ltr'><strong>πάντως</strong></span> <span class='ocrx_word' id='word_1_589' title='bbox 2032 4600 2059 4650; x_wconf 79' lang='grc' dir='ltr'>ὁ</span> 
     </span>
    </p>
   </div>
   <div class='ocr_carea' id='block_1_80' title="bbox 478 4692 2058 4769">
    <p class='ocr_par' dir='ltr' id='par_1_80' title="bbox 478 4692 2058 4769">
     <span class='ocr_line' id='line_1_80' title="bbox 478 4692 2058 4769; baseline -0.007 -15"><span class='ocrx_word' id='word_1_590' title='bbox 478 4702 742 4769; x_wconf 78' lang='grc' dir='ltr'><strong>δεσπότης</strong></span> <span class='ocrx_word' id='word_1_591' title='bbox 769 4716 893 4768; x_wconf 92' lang='grc' dir='ltr'><strong>μου,</strong></span> <span class='ocrx_word' id='word_1_592' title='bbox 914 4697 1038 4765; x_wconf 74' lang='grc' dir='ltr'><strong>ἔφη,</strong></span> <span class='ocrx_word' id='word_1_593' title='bbox 1070 4695 1194 4749; x_wconf 73' lang='grc' dir='ltr'><strong>ἐπεὶ</strong></span> <span class='ocrx_word' id='word_1_594' title='bbox 1218 4694 1317 4748; x_wconf 81' lang='grc' dir='ltr'><strong>οὐκ</strong></span> <span class='ocrx_word' id='word_1_595' title='bbox 1340 4692 1405 4746; x_wconf 83' lang='grc' dir='ltr'><strong>ἂν</strong></span> <span class='ocrx_word' id='word_1_596' title='bbox 1424 4694 1482 4746; x_wconf 80' lang='grc' dir='ltr'><strong>ἓν</strong></span> <span class='ocrx_word' id='word_1_597' title='bbox 1503 4710 1591 4762; x_wconf 82' lang='grc' dir='ltr'><strong>μοι</strong></span> <span class='ocrx_word' id='word_1_598' title='bbox 1615 4692 1772 4763; x_wconf 84' lang='grc' dir='ltr'><strong>μόνον</strong></span> <span class='ocrx_word' id='word_1_599' title='bbox 1802 4692 2058 4745; x_wconf 74' lang='grc' dir='ltr'><strong>ἐπέστελσ</strong></span> 
     </span>
    </p>
   </div>
   <div class='ocr_carea' id='block_1_81' title="bbox 479 4778 2057 4859">
    <p class='ocr_par' dir='ltr' id='par_1_81' title="bbox 479 4778 2057 4859">
     <span class='ocr_line' id='line_1_81' title="bbox 479 4778 2057 4859; baseline -0.01 -13"><span class='ocrx_word' id='word_1_600' title='bbox 479 4793 594 4853; x_wconf 67' lang='grc' dir='ltr'><strong>λεν.</strong></span> <span class='ocrx_word' id='word_1_601' title='bbox 625 4794 688 4847; x_wconf 82' lang='grc' dir='ltr'><strong>Οί</strong></span> <span class='ocrx_word' id='word_1_602' title='bbox 744 4793 929 4859; x_wconf 77' lang='grc' dir='ltr'><strong>μέντοι</strong></span> <span class='ocrx_word' id='word_1_603' title='bbox 960 4787 1331 4856; x_wconf 61' lang='grc' dir='ltr'><strong>διακομισταλ,</strong></span> <span class='ocrx_word' id='word_1_604' title='bbox 1365 4782 1550 4848; x_wconf 85' lang='grc' dir='ltr'><strong>καθὼς</strong></span> <span class='ocrx_word' id='word_1_605' title='bbox 1611 4778 1679 4852; x_wconf 80' lang='grc' dir='ltr'><strong>ἦν</strong></span> <span class='ocrx_word' id='word_1_606' title='bbox 1714 4783 1900 4844; x_wconf 74' lang='grc' dir='ltr'><strong>αὐτοῖς</strong></span> <span class='ocrx_word' id='word_1_607' title='bbox 1937 4784 2057 4833; x_wconf 75' lang='grc' dir='ltr'><strong>ἐπι-</strong></span> 
     </span>
    </p>
   </div>
   <div class='ocr_carea' id='block_1_82' title="bbox 480 4870 2056 4945">
    <p class='ocr_par' dir='ltr' id='par_1_82' title="bbox 480 4870 2056 4945">
     <span class='ocr_line' id='line_1_82' title="bbox 480 4870 2056 4945; baseline -0.007 -13"><span class='ocrx_word' id='word_1_608' title='bbox 480 4879 904 4945; x_wconf 78' lang='grc' dir='ltr'><strong>τετεταγμὲνον,</strong></span> <span class='ocrx_word' id='word_1_609' title='bbox 931 4876 1024 4928; x_wconf 71' lang='grc' dir='ltr'><strong>ὑπ’</strong></span> <span class='ocrx_word' id='word_1_610' title='bbox 1055 4873 1178 4943; x_wconf 58' lang='grc' dir='ltr'><strong>ὄψιν</strong></span> <span class='ocrx_word' id='word_1_611' title='bbox 1204 4871 1370 4927; x_wconf 82' lang='grc' dir='ltr'><strong>αὐτοῦ</strong></span> <span class='ocrx_word' id='word_1_612' title='bbox 1412 4870 1779 4935; x_wconf 78' lang='grc' dir='ltr'><strong>διανοίξαντες</strong></span> <span class='ocrx_word' id='word_1_613' title='bbox 1798 4870 1861 4922; x_wconf 83' lang='grc' dir='ltr'><strong>τὸ</strong></span> <span class='ocrx_word' id='word_1_614' title='bbox 1891 4870 2056 4939; x_wconf 76' lang='grc' dir='ltr'><strong>κερά-</strong></span> 
     </span>
    </p>
   </div>
   <div class='ocr_carea' id='block_1_83' title="bbox 485 4962 2057 5040">
    <p class='ocr_par' dir='ltr' id='par_1_83' title="bbox 485 4962 2057 5040">
     <span class='ocr_line' id='line_1_83' title="bbox 485 4962 2057 5040; baseline -0.006 -18"><span class='ocrx_word' id='word_1_615' title='bbox 485 4986 608 5040; x_wconf 81' lang='grc' dir='ltr'><strong>μιον</strong></span> <span class='ocrx_word' id='word_1_616' title='bbox 637 4968 833 5023; x_wconf 77' lang='grc' dir='ltr'><strong>καὶτὰ</strong></span> <span class='ocrx_word' id='word_1_617' title='bbox 877 4967 1140 5037; x_wconf 76' lang='grc' dir='ltr'><strong>χρήματα</strong></span> <span class='ocrx_word' id='word_1_618' title='bbox 1200 4963 1627 5027; x_wconf 82' lang='grc' dir='ltr'><strong>έκκενὼσαντες,</strong></span> <span class='ocrx_word' id='word_1_619' title='bbox 1681 4962 1906 5033; x_wconf 81' lang='grc' dir='ltr'><strong>χρυσίου</strong></span> <span class='ocrx_word' id='word_1_620' title='bbox 1961 4979 2057 5013; x_wconf 84' lang='grc' dir='ltr'><strong>πε-</strong></span> 
     </span>
    </p>
   </div>
   <div class='ocr_carea' id='block_1_84' title="bbox 484 5053 2052 5134">
    <p class='ocr_par' dir='ltr' id='par_1_84' title="bbox 484 5053 2052 5134">
     <span class='ocr_line' id='line_1_84' title="bbox 484 5053 2052 5134; baseline -0.007 -17"><span class='ocrx_word' id='word_1_621' title='bbox 484 5062 801 5134; x_wconf 83' lang='grc' dir='ltr'><strong>πληρῶσθαι</strong></span> <span class='ocrx_word' id='word_1_622' title='bbox 830 5061 926 5115; x_wconf 72' lang='grc' dir='ltr'><strong>καὶ</strong></span> <span class='ocrx_word' id='word_1_623' title='bbox 942 5061 1012 5113; x_wconf 74' lang='grc' dir='ltr'><strong>τὰ</strong></span> <span class='ocrx_word' id='word_1_624' title='bbox 1043 5057 1207 5112; x_wconf 71' lang='grc' dir='ltr'><strong>λοιπὰ</strong></span> <span class='ocrx_word' id='word_1_625' title='bbox 1238 5057 1440 5126; x_wconf 82' lang='grc' dir='ltr'><strong>ὁμοίως</strong></span> <span class='ocrx_word' id='word_1_626' title='bbox 1471 5055 1839 5124; x_wconf 80' lang='grc' dir='ltr'><strong>ἀπήγγελλον.</strong></span> <span class='ocrx_word' id='word_1_627' title='bbox 1877 5054 1968 5117; x_wconf 83' lang='grc' dir='ltr'><strong>Ὠς</strong></span> <span class='ocrx_word' id='word_1_628' title='bbox 1996 5053 2052 5107; x_wconf 79' lang='grc' dir='ltr'><strong>δὲ</strong></span> 
     </span>
    </p>
   </div>
   <div class='ocr_carea' id='block_1_85' title="bbox 482 5144 2057 5225">
    <p class='ocr_par' dir='ltr' id='par_1_85' title="bbox 482 5144 2057 5225">
     <span class='ocr_line' id='line_1_85' title="bbox 482 5144 2057 5225; baseline -0.008 -17"><span class='ocrx_word' id='word_1_629' title='bbox 482 5157 579 5209; x_wconf 71' lang='grc' dir='ltr'><strong>καὶ</strong></span> <span class='ocrx_word' id='word_1_630' title='bbox 602 5156 704 5225; x_wconf 86' lang='grc' dir='ltr'><strong>τὴν</strong></span> <span class='ocrx_word' id='word_1_631' title='bbox 731 5152 1021 5221; x_wconf 69' lang='grc' dir='ltr'><strong>ὶπιστολὴν</strong></span> <span class='ocrx_word' id='word_1_632' title='bbox 1062 5148 1255 5216; x_wconf 77' lang='grc' dir='ltr'><strong>ἐπιὼν,</strong></span> <span class='ocrx_word' id='word_1_633' title='bbox 1297 5144 1455 5219; x_wconf 78' lang='grc' dir='ltr'><strong>εὗρεν</strong></span> <span class='ocrx_word' id='word_1_634' title='bbox 1481 5148 1563 5201; x_wconf 78' lang='grc' dir='ltr'><strong>ὅτι</strong></span> <span class='ocrx_word' id='word_1_635' title='bbox 1593 5147 1725 5201; x_wconf 73' lang='grc' dir='ltr'><strong>Θεὸν</strong></span> <span class='ocrx_word' id='word_1_636' title='bbox 1770 5146 2057 5216; x_wconf 77' lang='grc' dir='ltr'><strong>ἄνθρωπος</strong></span> 
     </span>
    </p>
   </div>
   <div class='ocr_carea' id='block_1_86' title="bbox 483 5239 2052 5310">
    <p class='ocr_par' dir='ltr' id='par_1_86' title="bbox 483 5239 2052 5310">
     <span class='ocr_line' id='line_1_86' title="bbox 483 5239 2052 5310; baseline -0.006 -10"><span class='ocrx_word' id='word_1_637' title='bbox 483 5248 747 5302; x_wconf 83' lang='grc' dir='ltr'><strong>στενῶσαι</strong></span> <span class='ocrx_word' id='word_1_638' title='bbox 805 5245 866 5301; x_wconf 79' lang='grc' dir='ltr'><strong>οὐ</strong></span> <span class='ocrx_word' id='word_1_639' title='bbox 901 5245 1163 5309; x_wconf 82' lang='grc' dir='ltr'><strong>δύναται,</strong></span> <span class='ocrx_word' id='word_1_640' title='bbox 1219 5241 1504 5304; x_wconf 72' lang='grc' dir='ltr'><strong>συσταλεὶς</strong></span> <span class='ocrx_word' id='word_1_641' title='bbox 1562 5241 1655 5292; x_wconf 74' lang='grc' dir='ltr'><strong>ἐπὶ</strong></span> <span class='ocrx_word' id='word_1_642' title='bbox 1701 5239 1898 5310; x_wconf 84' lang='grc' dir='ltr'><strong>τούτῳ,</strong></span> <span class='ocrx_word' id='word_1_643' title='bbox 1957 5240 2052 5291; x_wconf 72' lang='grc' dir='ltr'><strong>καὶ</strong></span> 
     </span>
    </p>
   </div>
   <div class='ocr_carea' id='block_1_87' title="bbox 482 5329 2052 5408">
    <p class='ocr_par' dir='ltr' id='par_1_87' title="bbox 482 5329 2052 5408">
     <span class='ocr_line' id='line_1_87' title="bbox 482 5329 2052 5408; baseline -0.008 -13"><span class='ocrx_word' id='word_1_644' title='bbox 482 5339 631 5403; x_wconf 74' lang='grc' dir='ltr'><strong>δέους</strong></span> <span class='ocrx_word' id='word_1_645' title='bbox 663 5338 1033 5408; x_wconf 76' lang='grc' dir='ltr'><strong>ὑποπλησθεὶς</strong></span> <span class='ocrx_word' id='word_1_646' title='bbox 1064 5337 1280 5408; x_wconf 81' lang='grc' dir='ltr'><strong>(ταχεῖα</strong></span> <span class='ocrx_word' id='word_1_647' title='bbox 1327 5332 1435 5402; x_wconf 75' lang='grc' dir='ltr'><strong>γὰρ</strong></span> <span class='ocrx_word' id='word_1_648' title='bbox 1469 5332 1549 5395; x_wconf 86' lang='grc' dir='ltr'><strong>είς</strong></span> <span class='ocrx_word' id='word_1_649' title='bbox 1579 5331 1675 5400; x_wconf 76' lang='grc' dir='ltr'><strong>τὴν</strong></span> <span class='ocrx_word' id='word_1_650' title='bbox 1721 5330 1814 5383; x_wconf 81' lang='grc' dir='ltr'><strong>τοῦ</strong></span> <span class='ocrx_word' id='word_1_651' title='bbox 1849 5329 1924 5401; x_wconf 79' lang='grc' dir='ltr'><strong>μὴ</strong></span> <span class='ocrx_word' id='word_1_652' title='bbox 1951 5348 2052 5383; x_wconf 78' lang='grc' dir='ltr'><strong>κα-</strong></span> 
     </span>
    </p>
   </div>
   <div class='ocr_carea' id='block_1_88' title="bbox 560 5519 2079 5593">
    <p class='ocr_par' dir='ltr' id='par_1_88' title="bbox 560 5519 2079 5593">
     <span class='ocr_line' id='line_1_88' title="bbox 560 5519 2079 5593; baseline -0.004 -14"><span class='ocrx_word' id='word_1_653' title='bbox 560 5524 673 5591; x_wconf 68' lang='grc' dir='ltr'><strong>(ιδ)</strong></span> <span class='ocrx_word' id='word_1_654' title='bbox 717 5524 976 5577; x_wconf 76' lang='lat' dir='ltr'><strong>Leontius</strong></span> <span class='ocrx_word' id='word_1_655' title='bbox 1010 5521 1331 5593; x_wconf 78' lang='lat' dir='ltr'><strong>lagunculas</strong></span> <span class='ocrx_word' id='word_1_656' title='bbox 1377 5520 1587 5593; x_wconf 70' lang='lat' dir='ltr'><strong>scribit</strong></span> <span class='ocrx_word' id='word_1_657' title='bbox 1630 5521 1828 5593; x_wconf 74' lang='lat' dir='ltr'><strong>missas</strong></span> <span class='ocrx_word' id='word_1_658' title='bbox 1867 5519 2079 5593; x_wconf 30' lang='lat' dir='ltr'><strong>fuisse”</strong></span> 
     </span>
    </p>
   </div>
   <div class='ocr_carea' id='block_1_89' title="bbox 491 5584 2065 5662">
    <p class='ocr_par' dir='ltr' id='par_1_89' title="bbox 491 5584 2065 5662">
     <span class='ocr_line' id='line_1_89' title="bbox 491 5584 2065 5662; baseline -0.003 -16"><span class='ocrx_word' id='word_1_659' title='bbox 491 5584 749 5649; x_wconf 68' lang='lat' dir='ltr'><strong>tabentes</strong></span> <span class='ocrx_word' id='word_1_660' title='bbox 798 5584 1090 5662; x_wconf 53' lang='lat' dir='ltr'><strong>pecunias:</strong></span> <span class='ocrx_word' id='word_1_661' title='bbox 1135 5609 1238 5645; x_wconf 86' lang='lat' dir='ltr'><strong>uuu</strong></span> <span class='ocrx_word' id='word_1_662' title='bbox 1288 5591 1389 5645; x_wconf 86' lang='lat' dir='ltr'><strong>mel</strong></span> <span class='ocrx_word' id='word_1_663' title='bbox 1420 5584 1434 5644; x_wconf 68' lang='grc' dir='ltr'><em>ἐ</em></span> <span class='ocrx_word' id='word_1_664' title='bbox 1468 5606 1564 5644; x_wconf 80' lang='lat' dir='ltr'><strong>nec</strong></span> <span class='ocrx_word' id='word_1_665' title='bbox 1608 5586 2065 5662; x_wconf 30' lang='lat' dir='ltr'><strong>mirucnlnnt‘hic&#39;</strong></span> 
     </span>
    </p>
   </div>
   <div class='ocr_carea' id='block_1_90' title="bbox 493 5657 2061 5737">
    <p class='ocr_par' dir='ltr' id='par_1_90' title="bbox 493 5657 2061 5737">
     <span class='ocr_line' id='line_1_90' title="bbox 493 5657 2061 5737; baseline -0.003 -20"><span class='ocrx_word' id='word_1_666' title='bbox 493 5667 657 5725; x_wconf 80' lang='lat' dir='ltr'><strong>ullum</strong></span> <span class='ocrx_word' id='word_1_667' title='bbox 690 5657 873 5720; x_wconf 75' lang='lat' dir='ltr'><strong>mutati</strong></span> <span class='ocrx_word' id='word_1_668' title='bbox 909 5663 960 5718; x_wconf 88' lang='lat' dir='ltr'><strong>iu</strong></span> <span class='ocrx_word' id='word_1_669' title='bbox 994 5663 1274 5737; x_wconf 74' lang='lat' dir='ltr'><strong>pecuniam</strong></span> <span class='ocrx_word' id='word_1_670' title='bbox 1311 5663 1504 5723; x_wconf 79' lang='lat' dir='ltr'><strong>mellis,</strong></span> <span class='ocrx_word' id='word_1_671' title='bbox 1529 5662 1621 5715; x_wconf 66' lang='lat' dir='ltr'><strong>sal</strong></span> <span class='ocrx_word' id='word_1_672' title='bbox 1655 5660 1890 5714; x_wconf 80' lang='lat' dir='ltr'><strong>divinam</strong></span> <span class='ocrx_word' id='word_1_673' title='bbox 1930 5657 2061 5713; x_wconf 78' lang='lat' dir='ltr'><strong>Pro-</strong></span> 
     </span>
    </p>
   </div>
   <div class='ocr_carea' id='block_1_91' title="bbox 2152 3120 3726 3195">
    <p class='ocr_par' dir='ltr' id='par_1_91' title="bbox 2152 3120 3726 3195">
     <span class='ocr_line' id='line_1_91' title="bbox 2152 3120 3726 3195; baseline -0.012 -3"><span class='ocrx_word' id='word_1_674' title='bbox 2152 3137 2231 3192; x_wconf 89' lang='lat' dir='ltr'><strong>eis</strong></span> <span class='ocrx_word' id='word_1_675' title='bbox 2256 3135 2460 3190; x_wconf 76' lang='lat' dir='ltr'><strong>factum</strong></span> <span class='ocrx_word' id='word_1_676' title='bbox 2488 3140 2607 3187; x_wconf 90' lang='lat' dir='ltr'><strong>erat</strong></span> <span class='ocrx_word' id='word_1_677' title='bbox 2639 3128 2984 3195; x_wconf 80' lang='lat' dir='ltr'><strong>miraculum,</strong></span> <span class='ocrx_word' id='word_1_678' title='bbox 3015 3134 3067 3180; x_wconf 87' lang='lat' dir='ltr'><strong>et</strong></span> <span class='ocrx_word' id='word_1_679' title='bbox 3098 3125 3258 3181; x_wconf 88' lang='lat' dir='ltr'><strong>beato</strong></span> <span class='ocrx_word' id='word_1_680' title='bbox 3286 3120 3480 3178; x_wconf 82' lang='lat' dir='ltr'><strong>Joanui</strong></span> <span class='ocrx_word' id='word_1_681' title='bbox 3517 3120 3726 3191; x_wconf 79' lang='lat' dir='ltr'><strong>signiti-</strong></span> 
     </span>
    </p>
   </div>
   <div class='ocr_carea' id='block_1_92' title="bbox 2153 3210 3727 3299">
    <p class='ocr_par' dir='ltr' id='par_1_92' title="bbox 2153 3210 3727 3299">
     <span class='ocr_line' id='line_1_92' title="bbox 2153 3210 3727 3299; baseline -0.015 -12"><span class='ocrx_word' id='word_1_682' title='bbox 2153 3237 2350 3294; x_wconf 83' lang='lat' dir='ltr'><strong>casset,</strong></span> <span class='ocrx_word' id='word_1_683' title='bbox 2368 3226 2512 3299; x_wconf 90' lang='lat' dir='ltr'><strong>quod</strong></span> <span class='ocrx_word' id='word_1_684' title='bbox 2527 3226 2653 3282; x_wconf 81' lang='lat' dir='ltr'><strong>sunt</strong></span> <span class='ocrx_word' id='word_1_685' title='bbox 2669 3222 2849 3280; x_wconf 88' lang='lat' dir='ltr'><strong>omnia</strong></span> <span class='ocrx_word' id='word_1_686' title='bbox 2870 3220 2985 3274; x_wconf 88' lang='lat' dir='ltr'><strong>auri</strong></span> <span class='ocrx_word' id='word_1_687' title='bbox 3002 3233 3187 3288; x_wconf 62' lang='lat' dir='ltr'><strong>plena,</strong></span> <span class='ocrx_word' id='word_1_688' title='bbox 3208 3215 3353 3270; x_wconf 88' lang='lat' dir='ltr'><strong>illico</strong></span> <span class='ocrx_word' id='word_1_689' title='bbox 3370 3229 3532 3268; x_wconf 89' lang='lat' dir='ltr'><strong>unum</strong></span> <span class='ocrx_word' id='word_1_690' title='bbox 3564 3210 3727 3265; x_wconf 88' lang='lat' dir='ltr'><strong>mittit</strong></span> 
     </span>
    </p>
   </div>
   <div class='ocr_carea' id='block_1_93' title="bbox 2154 3303 3722 3387">
    <p class='ocr_par' dir='ltr' id='par_1_93' title="bbox 2154 3303 3722 3387">
     <span class='ocr_line' id='line_1_93' title="bbox 2154 3303 3722 3387; baseline -0.016 -9"><span class='ocrx_word' id='word_1_691' title='bbox 2154 3323 2220 3379; x_wconf 86' lang='lat' dir='ltr'><strong>ad</strong></span> <span class='ocrx_word' id='word_1_692' title='bbox 2256 3320 2589 3384; x_wconf 86' lang='lat' dir='ltr'><strong>Patricium,</strong></span> <span class='ocrx_word' id='word_1_693' title='bbox 2635 3314 2778 3387; x_wconf 89' lang='lat' dir='ltr'><strong>quod</strong></span> <span class='ocrx_word' id='word_1_694' title='bbox 2825 3311 3146 3380; x_wconf 80' lang='lat' dir='ltr'><strong>inscriptum</strong></span> <span class='ocrx_word' id='word_1_695' title='bbox 3185 3316 3339 3371; x_wconf 87' lang='lat' dir='ltr'><strong>erat,</strong></span> <span class='ocrx_word' id='word_1_696' title='bbox 3377 3303 3478 3359; x_wconf 78' lang='lat' dir='ltr'><strong>Mel</strong></span> <span class='ocrx_word' id='word_1_697' title='bbox 3519 3303 3722 3371; x_wconf 75' lang='lat' dir='ltr'><strong>prima-</strong></span> 
     </span>
    </p>
   </div>
   <div class='ocr_carea' id='block_1_94' title="bbox 2154 3399 3727 3469">
    <p class='ocr_par' dir='ltr' id='par_1_94' title="bbox 2154 3399 3727 3469">
     <span class='ocr_line' id='line_1_94' title="bbox 2154 3399 3727 3469; baseline -0.015 -1"><span class='ocrx_word' id='word_1_698' title='bbox 2154 3415 2317 3469; x_wconf 89' lang='lat' dir='ltr'><strong>rium.</strong></span> <span class='ocrx_word' id='word_1_699' title='bbox 2349 3411 2433 3467; x_wconf 86' lang='lat' dir='ltr'><strong>Ad</strong></span> <span class='ocrx_word' id='word_1_700' title='bbox 2458 3426 2581 3467; x_wconf 88' lang='lat' dir='ltr'><strong>eum</strong></span> <span class='ocrx_word' id='word_1_701' title='bbox 2618 3419 2798 3465; x_wconf 85' lang='lat' dir='ltr'><strong>autem</strong></span> <span class='ocrx_word' id='word_1_702' title='bbox 2835 3403 3002 3459; x_wconf 89' lang='lat' dir='ltr'><strong>mittit</strong></span> <span class='ocrx_word' id='word_1_703' title='bbox 3030 3402 3193 3457; x_wconf 88' lang='lat' dir='ltr'><strong>etiam</strong></span> <span class='ocrx_word' id='word_1_704' title='bbox 3225 3399 3462 3460; x_wconf 69' lang='lat' dir='ltr'><strong>litteras,</strong></span> <span class='ocrx_word' id='word_1_705' title='bbox 3498 3410 3727 3465; x_wconf 90' lang='lat' dir='ltr'><strong>quarum</strong></span> 
     </span>
    </p>
   </div>
   <div class='ocr_carea' id='block_1_95' title="bbox 2156 3483 3734 3564">
    <p class='ocr_par' dir='ltr' id='par_1_95' title="bbox 2156 3483 3734 3564">
     <span class='ocr_line' id='line_1_95' title="bbox 2156 3483 3734 3564; baseline -0.016 -3"><span class='ocrx_word' id='word_1_706' title='bbox 2156 3506 2271 3561; x_wconf 69' lang='lat' dir='ltr'><strong>haec</strong></span> <span class='ocrx_word' id='word_1_707' title='bbox 2300 3510 2423 3560; x_wconf 87' lang='lat' dir='ltr'><strong>erat</strong></span> <span class='ocrx_word' id='word_1_708' title='bbox 2457 3501 2539 3557; x_wconf 80' lang='lat' dir='ltr'><strong>vis</strong></span> <span class='ocrx_word' id='word_1_709' title='bbox 2569 3522 2581 3558; x_wconf 91' lang='lat'><strong>:</strong></span> <span class='ocrx_word' id='word_1_710' title='bbox 2622 3498 2883 3552; x_wconf 79' lang='lat' dir='ltr'><strong>Dominus</strong></span> <span class='ocrx_word' id='word_1_711' title='bbox 2920 3495 3008 3564; x_wconf 90' lang='lat' dir='ltr'><strong>qui</strong></span> <span class='ocrx_word' id='word_1_712' title='bbox 3040 3492 3203 3555; x_wconf 77' lang='lat' dir='ltr'><strong>dixit,</strong></span> <span class='ocrx_word' id='word_1_713' title='bbox 3243 3509 3261 3542; x_wconf 83' lang='grc' dir='ltr'><strong>ι</strong></span> <span class='ocrx_word' id='word_1_714' title='bbox 3306 3489 3423 3543; x_wconf 80' lang='lat' dir='ltr'><strong>Non</strong></span> <span class='ocrx_word' id='word_1_715' title='bbox 3463 3496 3512 3541; x_wconf 89' lang='lat' dir='ltr'><strong>te</strong></span> <span class='ocrx_word' id='word_1_716' title='bbox 3547 3483 3734 3539; x_wconf 72' lang='lat' dir='ltr'><strong>dimito</strong></span> 
     </span>
    </p>
   </div>
   <div class='ocr_carea' id='block_1_96' title="bbox 2157 3581 3728 3662">
    <p class='ocr_par' dir='ltr' id='par_1_96' title="bbox 2157 3581 3728 3662">
     <span class='ocr_line' id='line_1_96' title="bbox 2157 3581 3728 3662; baseline -0.016 -11"><span class='ocrx_word' id='word_1_717' title='bbox 2157 3607 2288 3662; x_wconf 89' lang='lat' dir='ltr'><strong>tam,</strong></span> <span class='ocrx_word' id='word_1_718' title='bbox 2315 3609 2419 3650; x_wconf 90' lang='lat' dir='ltr'><strong>nec</strong></span> <span class='ocrx_word' id='word_1_719' title='bbox 2450 3602 2503 3649; x_wconf 86' lang='lat' dir='ltr'><strong>te</strong></span> <span class='ocrx_word' id='word_1_720' title='bbox 2537 3590 2944 3658; x_wconf 85' lang='lat' dir='ltr'><strong>derelinquam,</strong></span> <span class='ocrx_word' id='word_1_721' title='bbox 2978 3606 3000 3639; x_wconf 76' lang='grc' dir='ltr'><strong>ι</strong></span> <span class='ocrx_word' id='word_1_722' title='bbox 3030 3585 3145 3655; x_wconf 84' lang='lat' dir='ltr'><strong>ipse</strong></span> <span class='ocrx_word' id='word_1_723' title='bbox 3188 3596 3285 3651; x_wconf 86' lang='lat' dir='ltr'><strong>pro</strong></span> <span class='ocrx_word' id='word_1_724' title='bbox 3325 3581 3421 3643; x_wconf 89' lang='lat' dir='ltr'><strong>iis,</strong></span> <span class='ocrx_word' id='word_1_725' title='bbox 3468 3592 3603 3648; x_wconf 80' lang='lat' dir='ltr'><strong>quas</strong></span> <span class='ocrx_word' id='word_1_726' title='bbox 3645 3586 3728 3629; x_wconf 86' lang='lat' dir='ltr'><strong>tua</strong></span> 
     </span>
    </p>
   </div>
   <div class='ocr_carea' id='block_1_97' title="bbox 2155 3666 3730 3746">
    <p class='ocr_par' dir='ltr' id='par_1_97' title="bbox 2155 3666 3730 3746">
     <span class='ocr_line' id='line_1_97' title="bbox 2155 3666 3730 3746; baseline -0.016 -3"><span class='ocrx_word' id='word_1_727' title='bbox 2155 3687 2427 3743; x_wconf 89' lang='lat' dir='ltr'><strong>Celsitudo</strong></span> <span class='ocrx_word' id='word_1_728' title='bbox 2468 3698 2611 3739; x_wconf 92' lang='lat' dir='ltr'><strong>nunc</strong></span> <span class='ocrx_word' id='word_1_729' title='bbox 2656 3679 2912 3744; x_wconf 82' lang='lat' dir='ltr'><strong>abstulit,</strong></span> <span class='ocrx_word' id='word_1_730' title='bbox 2967 3674 3214 3746; x_wconf 90' lang='lat' dir='ltr'><strong>pecuniis</strong></span> <span class='ocrx_word' id='word_1_731' title='bbox 3259 3671 3438 3726; x_wconf 82' lang='lat' dir='ltr'><strong>reddit</strong></span> <span class='ocrx_word' id='word_1_732' title='bbox 3486 3669 3642 3722; x_wconf 82' lang='lat' dir='ltr'><strong>alias.</strong></span> <span class='ocrx_word' id='word_1_733' title='bbox 3676 3666 3730 3719; x_wconf 90' lang='lat' dir='ltr'><strong>ld</strong></span> 
     </span>
    </p>
   </div>
   <div class='ocr_carea' id='block_1_98' title="bbox 2157 3757 3733 3839">
    <p class='ocr_par' dir='ltr' id='par_1_98' title="bbox 2157 3757 3733 3839">
     <span class='ocr_line' id='line_1_98' title="bbox 2157 3757 3733 3839; baseline -0.013 -9"><span class='ocrx_word' id='word_1_734' title='bbox 2157 3789 2335 3833; x_wconf 83' lang='lat' dir='ltr'><strong>autem</strong></span> <span class='ocrx_word' id='word_1_735' title='bbox 2383 3775 2478 3830; x_wconf 83' lang='lat' dir='ltr'><strong>tibi</strong></span> <span class='ocrx_word' id='word_1_736' title='bbox 2526 3771 2825 3829; x_wconf 86' lang='lat' dir='ltr'><strong>declarabit</strong></span> <span class='ocrx_word' id='word_1_737' title='bbox 2859 3782 2983 3839; x_wconf 70' lang='lat' dir='ltr'><strong>qute</strong></span> <span class='ocrx_word' id='word_1_738' title='bbox 3030 3780 3173 3820; x_wconf 90' lang='lat' dir='ltr'><strong>nunc</strong></span> <span class='ocrx_word' id='word_1_739' title='bbox 3220 3763 3286 3816; x_wconf 88' lang='lat' dir='ltr'><strong>ad</strong></span> <span class='ocrx_word' id='word_1_740' title='bbox 3333 3775 3382 3817; x_wconf 87' lang='lat' dir='ltr'><strong>te</strong></span> <span class='ocrx_word' id='word_1_741' title='bbox 3427 3760 3587 3814; x_wconf 80' lang='lat' dir='ltr'><strong>missa</strong></span> <span class='ocrx_word' id='word_1_742' title='bbox 3634 3757 3733 3811; x_wconf 80' lang='lat' dir='ltr'><strong>fuit</strong></span> 
     </span>
    </p>
   </div>
   <div class='ocr_carea' id='block_1_99' title="bbox 2156 3848 3732 3939">
    <p class='ocr_par' dir='ltr' id='par_1_99' title="bbox 2156 3848 3732 3939">
     <span class='ocr_line' id='line_1_99' title="bbox 2156 3848 3732 3939; baseline -0.015 -17"><span class='ocrx_word' id='word_1_743' title='bbox 2156 3868 2446 3939; x_wconf 86' lang='lat' dir='ltr'><strong>amphora,</strong></span> <span class='ocrx_word' id='word_1_744' title='bbox 2497 3878 2615 3934; x_wconf 86' lang='lat' dir='ltr'><strong>quae</strong></span> <span class='ocrx_word' id='word_1_745' title='bbox 2662 3871 2745 3916; x_wconf 83' lang='lat' dir='ltr'><strong>est</strong></span> <span class='ocrx_word' id='word_1_746' title='bbox 2784 3873 2889 3914; x_wconf 91' lang='lat' dir='ltr'><strong>una</strong></span> <span class='ocrx_word' id='word_1_747' title='bbox 2933 3872 2999 3914; x_wconf 80' lang='lat' dir='ltr'><strong>ex</strong></span> <span class='ocrx_word' id='word_1_748' title='bbox 3045 3855 3132 3909; x_wconf 89' lang='lat' dir='ltr'><strong>iis.</strong></span> <span class='ocrx_word' id='word_1_749' title='bbox 3195 3852 3349 3906; x_wconf 88' lang='lat' dir='ltr'><strong>Scias</strong></span> <span class='ocrx_word' id='word_1_750' title='bbox 3392 3863 3542 3917; x_wconf 82' lang='lat' dir='ltr'><strong>ergo.</strong></span> <span class='ocrx_word' id='word_1_751' title='bbox 3589 3848 3732 3916; x_wconf 90' lang='lat' dir='ltr'><strong>quod</strong></span> 
     </span>
    </p>
   </div>
   <div class='ocr_carea' id='block_1_100' title="bbox 2160 3943 3730 4028">
    <p class='ocr_par' dir='ltr' id='par_1_100' title="bbox 2160 3943 3730 4028">
     <span class='ocr_line' id='line_1_100' title="bbox 2160 3943 3730 4028; baseline -0.015 -13"><span class='ocrx_word' id='word_1_752' title='bbox 2160 3964 2361 4026; x_wconf 86' lang='lat' dir='ltr'><strong>Deum,</strong></span> <span class='ocrx_word' id='word_1_753' title='bbox 2396 3958 2488 4028; x_wconf 90' lang='lat' dir='ltr'><strong>qui</strong></span> <span class='ocrx_word' id='word_1_754' title='bbox 2530 3952 2785 4026; x_wconf 83' lang='lat' dir='ltr'><strong>spiritum</strong></span> <span class='ocrx_word' id='word_1_755' title='bbox 2814 3958 2869 4007; x_wconf 89' lang='lat' dir='ltr'><strong>et</strong></span> <span class='ocrx_word' id='word_1_756' title='bbox 2904 3950 3218 4004; x_wconf 87' lang='lat' dir='ltr'><strong>alimentum</strong></span> <span class='ocrx_word' id='word_1_757' title='bbox 3255 3943 3507 4021; x_wconf 76' lang='lat' dir='ltr'><strong>omnibus</strong></span> <span class='ocrx_word' id='word_1_758' title='bbox 3536 3953 3730 4008; x_wconf 83' lang='lat' dir='ltr'><strong>suppe-</strong></span> 
     </span>
    </p>
   </div>
   <div class='ocr_carea' id='block_1_101' title="bbox 2157 4035 3730 4117">
    <p class='ocr_par' dir='ltr' id='par_1_101' title="bbox 2157 4035 3730 4117">
     <span class='ocr_line' id='line_1_101' title="bbox 2157 4035 3730 4117; baseline -0.015 -12"><span class='ocrx_word' id='word_1_759' title='bbox 2157 4053 2323 4117; x_wconf 81' lang='lat' dir='ltr'><strong>ditat,</strong></span> <span class='ocrx_word' id='word_1_760' title='bbox 2360 4049 2558 4114; x_wconf 89' lang='lat' dir='ltr'><strong>homo,</strong></span> <span class='ocrx_word' id='word_1_761' title='bbox 2603 4046 2655 4100; x_wconf 91' lang='lat' dir='ltr'><strong>in</strong></span> <span class='ocrx_word' id='word_1_762' title='bbox 2684 4057 2843 4115; x_wconf 90' lang='lat' dir='ltr'><strong>quem</strong></span> <span class='ocrx_word' id='word_1_763' title='bbox 2875 4039 3020 4095; x_wconf 86' lang='lat' dir='ltr'><strong>cadit</strong></span> <span class='ocrx_word' id='word_1_764' title='bbox 3060 4035 3357 4117; x_wconf 60' lang='lat' dir='ltr'><strong>interitus,</strong></span> <span class='ocrx_word' id='word_1_765' title='bbox 3394 4044 3730 4100; x_wconf 85' lang='lat' dir='ltr'><strong>nequaquam</strong></span> 
     </span>
    </p>
   </div>
   <div class='ocr_carea' id='block_1_102' title="bbox 2157 4121 3738 4213">
    <p class='ocr_par' dir='ltr' id='par_1_102' title="bbox 2157 4121 3738 4213">
     <span class='ocr_line' id='line_1_102' title="bbox 2157 4121 3738 4213; baseline -0.017 -13"><span class='ocrx_word' id='word_1_766' title='bbox 2157 4143 2356 4213; x_wconf 87' lang='lat' dir='ltr'><strong>poterit</strong></span> <span class='ocrx_word' id='word_1_767' title='bbox 2380 4142 2433 4195; x_wconf 92' lang='lat' dir='ltr'><strong>in</strong></span> <span class='ocrx_word' id='word_1_768' title='bbox 2461 4147 2749 4209; x_wconf 78' lang='lat' dir='ltr'><strong>angustum</strong></span> <span class='ocrx_word' id='word_1_769' title='bbox 2779 4132 3044 4202; x_wconf 81' lang='lat' dir='ltr'><strong>redigere.</strong></span> <span class='ocrx_word' id='word_1_770' title='bbox 3074 4128 3241 4182; x_wconf 84' lang='lat' dir='ltr'><strong>Porro</strong></span> <span class='ocrx_word' id='word_1_771' title='bbox 3266 4135 3446 4208; x_wconf 62' lang='lat' dir='ltr'><strong>autem</strong></span> <span class='ocrx_word' id='word_1_772' title='bbox 3482 4121 3738 4192; x_wconf 78' lang='lat' dir='ltr'><strong>praecepit</strong></span> 
     </span>
    </p>
   </div>
   <div class='ocr_carea' id='block_1_103' title="bbox 2157 4215 3736 4304">
    <p class='ocr_par' dir='ltr' id='par_1_103' title="bbox 2157 4215 3736 4304">
     <span class='ocr_line' id='line_1_103' title="bbox 2157 4215 3736 4304; baseline -0.017 -9"><span class='ocrx_word' id='word_1_773' title='bbox 2157 4240 2322 4295; x_wconf 87' lang='lat' dir='ltr'><strong>etiam</strong></span> <span class='ocrx_word' id='word_1_774' title='bbox 2351 4238 2437 4302; x_wconf 90' lang='lat' dir='ltr'><strong>iis,</strong></span> <span class='ocrx_word' id='word_1_775' title='bbox 2470 4236 2560 4304; x_wconf 88' lang='lat' dir='ltr'><strong>qui</strong></span> <span class='ocrx_word' id='word_1_776' title='bbox 2598 4232 2845 4288; x_wconf 81' lang='lat' dir='ltr'><strong>ferebant</strong></span> <span class='ocrx_word' id='word_1_777' title='bbox 2877 4226 3218 4297; x_wconf 81' lang='lat' dir='ltr'><strong>amphoram.</strong></span> <span class='ocrx_word' id='word_1_778' title='bbox 3249 4222 3425 4298; x_wconf 67' lang='lat' dir='ltr'><strong>uteie</strong></span> <span class='ocrx_word' id='word_1_779' title='bbox 3454 4215 3736 4289; x_wconf 58' lang='lat' dir='ltr'><strong>praesenti-</strong></span> 
     </span>
    </p>
   </div>
   <div class='ocr_carea' id='block_1_104' title="bbox 2159 4312 3738 4400">
    <p class='ocr_par' dir='ltr' id='par_1_104' title="bbox 2159 4312 3738 4400">
     <span class='ocr_line' id='line_1_104' title="bbox 2159 4312 3738 4400; baseline -0.016 -13"><span class='ocrx_word' id='word_1_780' title='bbox 2159 4336 2260 4387; x_wconf 87' lang='lat' dir='ltr'><strong>bus</strong></span> <span class='ocrx_word' id='word_1_781' title='bbox 2295 4330 2599 4400; x_wconf 81' lang='lat' dir='ltr'><strong>aperiretur</strong></span> <span class='ocrx_word' id='word_1_782' title='bbox 2643 4327 2694 4380; x_wconf 90' lang='lat' dir='ltr'><strong>in</strong></span> <span class='ocrx_word' id='word_1_783' title='bbox 2736 4328 3031 4391; x_wconf 83' lang='lat' dir='ltr'><strong>conspectu</strong></span> <span class='ocrx_word' id='word_1_784' title='bbox 3070 4315 3419 4387; x_wconf 43' lang='lat' dir='ltr'><strong>PatriciiLet</strong></span> <span class='ocrx_word' id='word_1_785' title='bbox 3449 4312 3499 4365; x_wconf 91' lang='lat' dir='ltr'><strong>ei</strong></span> <span class='ocrx_word' id='word_1_786' title='bbox 3537 4323 3738 4393; x_wconf 82' lang='lat' dir='ltr'><strong>renun-</strong></span> 
     </span>
    </p>
   </div>
   <div class='ocr_carea' id='block_1_105' title="bbox 2165 4401 3735 4491">
    <p class='ocr_par' dir='ltr' id='par_1_105' title="bbox 2165 4401 3735 4491">
     <span class='ocr_line' id='line_1_105' title="bbox 2165 4401 3735 4491; baseline -0.016 -15"><span class='ocrx_word' id='word_1_787' title='bbox 2165 4425 2382 4488; x_wconf 85' lang='lat' dir='ltr'><strong>tiarent,</strong></span> <span class='ocrx_word' id='word_1_788' title='bbox 2413 4420 2553 4491; x_wconf 91' lang='lat' dir='ltr'><strong>quod</strong></span> <span class='ocrx_word' id='word_1_789' title='bbox 2581 4419 2700 4472; x_wconf 73' lang='lat' dir='ltr'><strong>alia:</strong></span> <span class='ocrx_word' id='word_1_790' title='bbox 2729 4429 2940 4477; x_wconf 86' lang='lat' dir='ltr'><strong>omnes,</strong></span> <span class='ocrx_word' id='word_1_791' title='bbox 2967 4424 3105 4482; x_wconf 88' lang='lat' dir='ltr'><strong>quas</strong></span> <span class='ocrx_word' id='word_1_792' title='bbox 3132 4408 3282 4471; x_wconf 84' lang='lat' dir='ltr'><strong>vidit,</strong></span> <span class='ocrx_word' id='word_1_793' title='bbox 3314 4406 3389 4459; x_wconf 89' lang='lat' dir='ltr'><strong>ita</strong></span> <span class='ocrx_word' id='word_1_794' title='bbox 3419 4418 3478 4458; x_wconf 90' lang='lat' dir='ltr'><strong>se</strong></span> <span class='ocrx_word' id='word_1_795' title='bbox 3511 4401 3735 4462; x_wconf 84' lang='lat' dir='ltr'><strong>habent,</strong></span> 
     </span>
    </p>
   </div>
   <div class='ocr_carea' id='block_1_106' title="bbox 2167 4489 3740 4575">
    <p class='ocr_par' dir='ltr' id='par_1_106' title="bbox 2167 4489 3740 4575">
     <span class='ocr_line' id='line_1_106' title="bbox 2167 4489 3740 4575; baseline -0.015 -9"><span class='ocrx_word' id='word_1_796' title='bbox 2167 4521 2220 4565; x_wconf 91' lang='lat' dir='ltr'><strong>et</strong></span> <span class='ocrx_word' id='word_1_797' title='bbox 2246 4511 2328 4566; x_wconf 87' lang='lat' dir='ltr'><strong>sic</strong></span> <span class='ocrx_word' id='word_1_798' title='bbox 2355 4489 2485 4564; x_wconf 76' lang='lat' dir='ltr'><strong>sunt</strong></span> <span class='ocrx_word' id='word_1_799' title='bbox 2524 4520 2656 4561; x_wconf 84' lang='lat' dir='ltr'><strong>auro</strong></span> <span class='ocrx_word' id='word_1_800' title='bbox 2686 4503 2882 4575; x_wconf 70' lang='lat' dir='ltr'><strong>plenae.</strong></span> <span class='ocrx_word' id='word_1_801' title='bbox 2919 4501 3053 4556; x_wconf 88' lang='lat' dir='ltr'><strong>Cum</strong></span> <span class='ocrx_word' id='word_1_802' title='bbox 3086 4511 3208 4553; x_wconf 82' lang='lat' dir='ltr'><strong>eum</strong></span> <span class='ocrx_word' id='word_1_803' title='bbox 3245 4508 3376 4563; x_wconf 83' lang='lat' dir='ltr'><strong>ergo</strong></span> <span class='ocrx_word' id='word_1_804' title='bbox 3406 4489 3740 4545; x_wconf 78' lang='lat' dir='ltr'><strong>invenissent</strong></span> 
     </span>
    </p>
   </div>
   <div class='ocr_carea' id='block_1_107' title="bbox 2164 4584 3738 4663">
    <p class='ocr_par' dir='ltr' id='par_1_107' title="bbox 2164 4584 3738 4663">
     <span class='ocr_line' id='line_1_107' title="bbox 2164 4584 3738 4663; baseline -0.016 -6"><span class='ocrx_word' id='word_1_805' title='bbox 2164 4600 2576 4663; x_wconf 83' lang='lat' dir='ltr'><strong>convivantem,</strong></span> <span class='ocrx_word' id='word_1_806' title='bbox 2632 4597 2685 4651; x_wconf 83' lang='lat' dir='ltr'><strong>ei</strong></span> <span class='ocrx_word' id='word_1_807' title='bbox 2738 4598 2955 4663; x_wconf 83' lang='lat' dir='ltr'><strong>tradunt</strong></span> <span class='ocrx_word' id='word_1_808' title='bbox 3003 4587 3327 4660; x_wconf 82' lang='lat' dir='ltr'><strong>epistolam,</strong></span> <span class='ocrx_word' id='word_1_809' title='bbox 3382 4584 3738 4639; x_wconf 81' lang='lat' dir='ltr'><strong>ostendentes</strong></span> 
     </span>
    </p>
   </div>
   <div class='ocr_carea' id='block_1_108' title="bbox 2163 4671 3839 4761">
    <p class='ocr_par' dir='ltr' id='par_1_108' title="bbox 2163 4671 3839 4761">
     <span class='ocr_line' id='line_1_108' title="bbox 2163 4671 3839 4761; baseline -0.015 -12"><span class='ocrx_word' id='word_1_810' title='bbox 2163 4693 2327 4749; x_wconf 87' lang='lat' dir='ltr'><strong>etiam</strong></span> <span class='ocrx_word' id='word_1_811' title='bbox 2371 4680 2707 4761; x_wconf 59' lang='lat' dir='ltr'><strong>amphoi‘am.</strong></span> <span class='ocrx_word' id='word_1_812' title='bbox 2749 4686 2920 4755; x_wconf 77' lang='lat' dir='ltr'><strong>Quam</strong></span> <span class='ocrx_word' id='word_1_813' title='bbox 2971 4681 3189 4759; x_wconf 74' lang='lat' dir='ltr'><strong>quidem</strong></span> <span class='ocrx_word' id='word_1_814' title='bbox 3242 4685 3525 4747; x_wconf 90' lang='lat' dir='ltr'><strong>postquam</strong></span> <span class='ocrx_word' id='word_1_815' title='bbox 3559 4671 3733 4726; x_wconf 87' lang='lat' dir='ltr'><strong>vidit:</strong></span> <span class='ocrx_word' id='word_1_816' title='bbox 3836 4696 3839 4699; x_wconf 54' lang='grc' dir='ltr'><strong>η</strong></span> 
     </span>
    </p>
   </div>
   <div class='ocr_carea' id='block_1_109' title="bbox 2163 4764 3738 4836">
    <p class='ocr_par' dir='ltr' id='par_1_109' title="bbox 2163 4764 3738 4836">
     <span class='ocr_line' id='line_1_109' title="bbox 2163 4764 3738 4836; baseline -0.013 -1"><span class='ocrx_word' id='word_1_817' title='bbox 2163 4780 2418 4836; x_wconf 80' lang='lat' dir='ltr'><strong>Irascitur</strong></span> <span class='ocrx_word' id='word_1_818' title='bbox 2443 4780 2570 4833; x_wconf 88' lang='lat' dir='ltr'><strong>mihi</strong></span> <span class='ocrx_word' id='word_1_819' title='bbox 2600 4775 2825 4831; x_wconf 86' lang='lat' dir='ltr'><strong>omnino</strong></span> <span class='ocrx_word' id='word_1_820' title='bbox 2846 4773 3096 4828; x_wconf 90' lang='lat' dir='ltr'><strong>dominus</strong></span> <span class='ocrx_word' id='word_1_821' title='bbox 3121 4783 3297 4829; x_wconf 89' lang='lat' dir='ltr'><strong>meus,</strong></span> <span class='ocrx_word' id='word_1_822' title='bbox 3320 4764 3529 4834; x_wconf 89' lang='lat' dir='ltr'><strong>inquit:</strong></span> <span class='ocrx_word' id='word_1_823' title='bbox 3563 4777 3738 4829; x_wconf 83' lang='lat' dir='ltr'><strong>neque</strong></span> 
     </span>
    </p>
   </div>
   <div class='ocr_carea' id='block_1_110' title="bbox 2163 4857 3739 4926">
    <p class='ocr_par' dir='ltr' id='par_1_110' title="bbox 2163 4857 3739 4926">
     <span class='ocr_line' id='line_1_110' title="bbox 2163 4857 3739 4926; baseline -0.013 0"><span class='ocrx_word' id='word_1_824' title='bbox 2163 4875 2306 4926; x_wconf 88' lang='lat' dir='ltr'><strong>enim</strong></span> <span class='ocrx_word' id='word_1_825' title='bbox 2342 4886 2501 4925; x_wconf 87' lang='lat' dir='ltr'><strong>unam</strong></span> <span class='ocrx_word' id='word_1_826' title='bbox 2536 4869 2665 4924; x_wconf 87' lang='lat' dir='ltr'><strong>mihi</strong></span> <span class='ocrx_word' id='word_1_827' title='bbox 2697 4869 2866 4922; x_wconf 89' lang='lat' dir='ltr'><strong>solam</strong></span> <span class='ocrx_word' id='word_1_828' title='bbox 2908 4863 3167 4920; x_wconf 88' lang='lat' dir='ltr'><strong>misisset.</strong></span> <span class='ocrx_word' id='word_1_829' title='bbox 3196 4857 3297 4926; x_wconf 86' lang='lat' dir='ltr'><strong>Qui</strong></span> <span class='ocrx_word' id='word_1_830' title='bbox 3338 4866 3514 4912; x_wconf 89' lang='lat' dir='ltr'><strong>autem</strong></span> <span class='ocrx_word' id='word_1_831' title='bbox 3555 4866 3739 4924; x_wconf 87' lang='lat' dir='ltr'><strong>porta-</strong></span> 
     </span>
    </p>
   </div>
   <div class='ocr_carea' id='block_1_111' title="bbox 2165 4945 3740 5032">
    <p class='ocr_par' dir='ltr' id='par_1_111' title="bbox 2165 4945 3740 5032">
     <span class='ocr_line' id='line_1_111' title="bbox 2165 4945 3740 5032; baseline -0.011 -15"><span class='ocrx_word' id='word_1_832' title='bbox 2165 4965 2315 5030; x_wconf 86' lang='lat' dir='ltr'><strong>bant,</strong></span> <span class='ocrx_word' id='word_1_833' title='bbox 2348 4961 2617 5032; x_wconf 84' lang='lat' dir='ltr'><strong>quomodo</strong></span> <span class='ocrx_word' id='word_1_834' title='bbox 2659 4961 2833 5014; x_wconf 79' lang='lat' dir='ltr'><strong>fuerat</strong></span> <span class='ocrx_word' id='word_1_835' title='bbox 2861 4956 2940 5012; x_wconf 82' lang='lat' dir='ltr'><strong>eis</strong></span> <span class='ocrx_word' id='word_1_836' title='bbox 2979 4956 3326 5023; x_wconf 87' lang='lat' dir='ltr'><strong>imperatum,</strong></span> <span class='ocrx_word' id='word_1_837' title='bbox 3367 4964 3489 5004; x_wconf 92' lang='lat' dir='ltr'><strong>cum</strong></span> <span class='ocrx_word' id='word_1_838' title='bbox 3531 4949 3582 5000; x_wconf 89' lang='lat' dir='ltr'><strong>in</strong></span> <span class='ocrx_word' id='word_1_839' title='bbox 3619 4945 3740 5015; x_wconf 81' lang='lat' dir='ltr'><strong>ejus</strong></span> 
     </span>
    </p>
   </div>
   <div class='ocr_carea' id='block_1_112' title="bbox 2162 5037 3737 5124">
    <p class='ocr_par' dir='ltr' id='par_1_112' title="bbox 2162 5037 3737 5124">
     <span class='ocr_line' id='line_1_112' title="bbox 2162 5037 3737 5124; baseline -0.013 -13"><span class='ocrx_word' id='word_1_840' title='bbox 2162 5064 2457 5124; x_wconf 89' lang='lat' dir='ltr'><strong>conspectu</strong></span> <span class='ocrx_word' id='word_1_841' title='bbox 2489 5052 2828 5122; x_wconf 86' lang='lat' dir='ltr'><strong>aperuissent</strong></span> <span class='ocrx_word' id='word_1_842' title='bbox 2857 5048 3196 5119; x_wconf 85' lang='lat' dir='ltr'><strong>amphoram,</strong></span> <span class='ocrx_word' id='word_1_843' title='bbox 3231 5054 3284 5098; x_wconf 89' lang='lat' dir='ltr'><strong>et</strong></span> <span class='ocrx_word' id='word_1_844' title='bbox 3318 5042 3576 5113; x_wconf 77' lang='lat' dir='ltr'><strong>pecmiias</strong></span> <span class='ocrx_word' id='word_1_845' title='bbox 3599 5037 3737 5093; x_wconf 80' lang='lat' dir='ltr'><strong>eli&#39;u-</strong></span> 
     </span>
    </p>
   </div>
   <div class='ocr_carea' id='block_1_113' title="bbox 2164 5129 3740 5213">
    <p class='ocr_par' dir='ltr' id='par_1_113' title="bbox 2164 5129 3740 5213">
     <span class='ocr_line' id='line_1_113' title="bbox 2164 5129 3740 5213; baseline -0.013 -12"><span class='ocrx_word' id='word_1_846' title='bbox 2164 5145 2390 5211; x_wconf 88' lang='lat' dir='ltr'><strong>dissent,</strong></span> <span class='ocrx_word' id='word_1_847' title='bbox 2433 5142 2829 5198; x_wconf 88' lang='lat' dir='ltr'><strong>annuntiabant</strong></span> <span class='ocrx_word' id='word_1_848' title='bbox 2862 5138 3035 5194; x_wconf 78' lang='lat' dir='ltr'><strong>fuisse</strong></span> <span class='ocrx_word' id='word_1_849' title='bbox 3063 5137 3301 5213; x_wconf 82' lang='lat' dir='ltr'><strong>reliquas</strong></span> <span class='ocrx_word' id='word_1_850' title='bbox 3327 5146 3459 5186; x_wconf 88' lang='lat' dir='ltr'><strong>auro</strong></span> <span class='ocrx_word' id='word_1_851' title='bbox 3484 5129 3740 5187; x_wconf 84' lang='lat' dir='ltr'><strong>similiter</strong></span> 
     </span>
    </p>
   </div>
   <div class='ocr_carea' id='block_1_114' title="bbox 2167 5222 3755 5305">
    <p class='ocr_par' dir='ltr' id='par_1_114' title="bbox 2167 5222 3755 5305">
     <span class='ocr_line' id='line_1_114' title="bbox 2167 5222 3755 5305; baseline -0.012 -14"><span class='ocrx_word' id='word_1_852' title='bbox 2167 5236 2422 5305; x_wconf 86' lang='lat' dir='ltr'><strong>repletas.</strong></span> <span class='ocrx_word' id='word_1_853' title='bbox 2456 5235 2591 5290; x_wconf 88' lang='lat' dir='ltr'><strong>Cum</strong></span> <span class='ocrx_word' id='word_1_854' title='bbox 2629 5248 2754 5288; x_wconf 87' lang='lat' dir='ltr'><strong>vero</strong></span> <span class='ocrx_word' id='word_1_855' title='bbox 2786 5231 3071 5302; x_wconf 82' lang='lat' dir='ltr'><strong>perlegens</strong></span> <span class='ocrx_word' id='word_1_856' title='bbox 3106 5227 3414 5300; x_wconf 83' lang='lat' dir='ltr'><strong>epistolam,</strong></span> <span class='ocrx_word' id='word_1_857' title='bbox 3447 5222 3755 5278; x_wconf 77' lang='lat' dir='ltr'><strong>invenisset.</strong></span> 
     </span>
    </p>
   </div>
   <div class='ocr_carea' id='block_1_115' title="bbox 2165 5316 3758 5398">
    <p class='ocr_par' dir='ltr' id='par_1_115' title="bbox 2165 5316 3758 5398">
     <span class='ocr_line' id='line_1_115' title="bbox 2165 5316 3758 5398; baseline -0.01 -16"><span class='ocrx_word' id='word_1_858' title='bbox 2165 5330 2306 5398; x_wconf 87' lang='lat' dir='ltr'><strong>quod</strong></span> <span class='ocrx_word' id='word_1_859' title='bbox 2332 5332 2493 5383; x_wconf 92' lang='lat' dir='ltr'><strong>homo</strong></span> <span class='ocrx_word' id='word_1_860' title='bbox 2530 5327 2692 5381; x_wconf 76' lang='lat' dir='ltr'><strong>Deum</strong></span> <span class='ocrx_word' id='word_1_861' title='bbox 2725 5340 2828 5379; x_wconf 92' lang='lat' dir='ltr'><strong>non</strong></span> <span class='ocrx_word' id='word_1_862' title='bbox 2859 5333 3034 5393; x_wconf 90' lang='lat' dir='ltr'><strong>potest</strong></span> <span class='ocrx_word' id='word_1_863' title='bbox 3066 5323 3119 5375; x_wconf 90' lang='lat' dir='ltr'><strong>iu</strong></span> <span class='ocrx_word' id='word_1_864' title='bbox 3149 5328 3438 5389; x_wconf 79' lang='lat' dir='ltr'><strong>angustum</strong></span> <span class='ocrx_word' id='word_1_865' title='bbox 3469 5316 3758 5389; x_wconf 61' lang='grc' dir='ltr'><strong>νειιὶεειηι,⁸</strong></span> 
     </span>
    </p>
   </div>
   <div class='ocr_carea' id='block_1_116' title="bbox 2168 5511 3747 5602">
    <p class='ocr_par' dir='ltr' id='par_1_116' title="bbox 2168 5511 3747 5602">
     <span class='ocr_line' id='line_1_116' title="bbox 2168 5511 3747 5602; baseline -0.013 -31"><span class='ocrx_word' id='word_1_866' title='bbox 2168 5521 2460 5602; x_wconf 77' lang='lat' dir='ltr'><strong>videntium</strong></span> <span class='ocrx_word' id='word_1_867' title='bbox 2503 5518 2747 5595; x_wconf 78' lang='lat' dir='ltr'><strong>agnoscit</strong></span> <span class='ocrx_word' id='word_1_868' title='bbox 2790 5516 2844 5571; x_wconf 92' lang='lat' dir='ltr'><strong>in</strong></span> <span class='ocrx_word' id='word_1_869' title='bbox 2872 5516 3021 5571; x_wconf 80' lang='lat' dir='ltr'><strong>hisee</strong></span> <span class='ocrx_word' id='word_1_870' title='bbox 3049 5511 3367 5568; x_wconf 81' lang='lat' dir='ltr'><strong>muneribus</strong></span> <span class='ocrx_word' id='word_1_871' title='bbox 3398 5523 3481 5563; x_wconf 23' lang='lat' dir='ltr'><strong>co.</strong></span> <span class='ocrx_word' id='word_1_872' title='bbox 3503 5514 3747 5572; x_wconf 61' lang='lat' dir='ltr'><strong>tempore~</strong></span> 
     </span>
    </p>
   </div>
   <div class='ocr_carea' id='block_1_117' title="bbox 2168 5606 2369 5648">
    <p class='ocr_par' dir='ltr' id='par_1_117' title="bbox 2168 5606 2369 5648">
     <span class='ocr_line' id='line_1_117' title="bbox 2168 5606 2369 5648; baseline 0 -4"><span class='ocrx_word' id='word_1_873' title='bbox 2168 5606 2369 5648; x_wconf 66' lang='grc' dir='ltr'><strong>ιιιεεειε.</strong></span> 
     </span>
    </p>
   </div>
  </div>
