4138 6406
365 274 470 341 935

1557 271 1841 332 MENSIS
1879 270 2338 334 JANUARIUS.

3520 268 3628 333 θιθ

359 387 429 449 ad
473 399 535 440 se
584 393 771 456 postea
814 400 1068 442 reversus
1091 396 1144 441 et
1185 387 1382 442 timore
1430 388 1675 458 repletus
1722 384 1928 457 (eorum

2039 385 2146 442 λῶς
2173 387 2564 458 πεπραγμένου
2594 385 2883 455 μετάνοιαν
2931 385 3159 457 εὐγενὴς
3199 384 3351 457 ψυχὴ
3385 384 3479 438 καὶ
3505 386 3630 454 φιλ-

358 477 524 543 enim,
551 491 671 547 quae
696 491 800 532 non
827 488 972 533 recte
1000 477 1140 533 facta
1172 489 1319 541 sunt.
1345 479 1664 548 paenitentia
1688 479 1795 533 cito
1820 492 1940 533 mo-

362 579 519 624 vetur
551 584 816 641 generosa
856 570 1076 626 virtutis
1117 586 1306 626 amans
1338 572 1573 641 anima),
1609 570 1750 626 Vivit
1780 571 1945 637 Deus,

2050 476 2285 549 ἀρετος),
2319 478 2395 547 Ζῇ
2433 474 2662 546 Κύριος,
2700 475 3011 547 ἐξεϐόησεν,
3042 476 3162 530 οὐδὲ
3193 478 3221 529 ὁ
3251 474 3504 535 ταπεινός
3529 471 3631 531 Νιη

2057 569 2231 636 κήτας
2266 565 2534 619 πενῶσαι
2560 566 2750 619 τοῦτον
2778 564 3108 637 πειραθῆναι
3137 564 3408 629 ἀνέξεται.

361 660 716 730 exclamavit;
749 677 849 719 nec
879 663 1102 720 humilis
1137 661 1357 720 Nicelas
1392 664 1686 720 sustinebit
1727 672 1941 718 tentare
1977 674 2103 715 eum
2135 659 2189 712 in
2220 668 2507 728 angustum
2539 658 2806 726 redigere.

434 751 578 809 XXI.
618 753 753 810 Cum
787 754 968 809 statim
999 754 1180 825 itaque
1209 755 1561 823 surrexisset,
1593 766 1647 811 et
1666 771 1939 826 quascun-

360 859 469 913 que
515 859 580 900 ex
626 844 854 902 ecclesia
901 845 1191 903 sustulerat
1232 847 1487 916 pecunias
1562 864 1750 904 rursus
1792 864 1939 905 sum-

362 938 582 1007 psiSSCI,
607 944 663 992 et
692 938 862 1008 ipsam
885 953 1007 1007 quae
1033 939 1194 994 missa
1212 938 1390 995 fuerat
1415 940 1754 1009 amphoram,
1779 942 1939 1011 quin-

2119 751 2251 803 KA'.
2279 749 2603 820 Παραυτίκα
2625 750 2807 803 τοίνυν
2830 749 3144 817 διαναστάς,
3165 750 3262 805 καὶ
3277 750 3345 804 τὰ
3370 749 3475 821 χρή
3486 766 3635 820 ματα

2049 841 2228 896 πάντα
2254 843 2353 895 ὅσα
2381 841 2445 912 δὴ
2488 843 2585 896 καὶ
2611 842 2679 896 τὰ
2705 842 2806 912 τῆς
2833 842 3133 913 ἐκκλησίας
3170 843 3424 912 ἀφείλετο
3467 843 3635 898 πάλιν

2048 936 2360 999 ἀναλαϐὼν,
2419 938 2514 991 καὶ
2553 938 2684 990 αὐτὸ
2715 937 2776 990 τὺ
2810 939 3003 992 σταλὲν
3029 938 3319 1009 κεράμιον,
3372 936 3509 991 ἀλλά
3536 937 3634 991 καὶ

360 1030 523 1083 etiam
565 1043 596 1083 e
634 1042 735 1084 suo
783 1027 953 1083 libras
993 1038 1265 1085 trecentas
1317 1030 1642 1095 addidisset,
1694 1032 1928 1085 ascendit

2043 1029 2174 1100 παρ’
2204 1028 2399 1082 ἑαυτοῦ
2426 1030 2653 1099 χρυσίου
2687 1029 2878 1098 λίτρας
2894 1031 3219 1103 τριακοσίας
3245 1030 3627 1100 προσεπιθεὶς,

359 1119 427 1172 ad
460 1119 860 1189 patriarcham,
904 1120 1121 1174 veniam
1167 1131 1356 1191 petens
1390 1121 1775 1175 inconsiderati
1805 1137 1928 1177 con-

2041 1121 2219 1175 ἄνεισι
2246 1122 2384 1192 πρὸς
2404 1122 2497 1175 τὸν
2547 1122 2919 1193 πατριάρχην,
2953 1124 3291 1194 συγγνώμην
3331 1123 3434 1192 τῆς
3463 1121 3632 1176 ἀϐου-

360 1211 485 1265 silii.
536 1210 628 1279 Ille
660 1220 840 1266 autem
878 1226 999 1265 eum
1040 1211 1270 1267 libenter
1307 1212 1617 1282 excipiens,
1673 1227 1853 1278 neque
1888 1215 1928 1266 ei

2037 1213 2159 1276 λίας
2196 1214 2535 1283 αἰτούμενος.
2604 1214 2676 1266 ιὈ
2709 1214 2766 1267 δὲ
2815 1214 3070 1282 ἀσμένως
3100 1215 3265 1268 αὐτὸν
3311 1214 3628 1284 δεξάμενος,

362 1302 735 1373 exprobravit,
760 1317 936 1372 neque
960 1303 1158 1373 aliquid
1181 1305 1393 1359 locutus
1415 1313 1518 1371 est,
1543 1305 1686 1373 quod
1714 1306 1761 1359 ei
1786 1304 1928 1359 aﬂ‘er-

2037 1302 2160 1356 οὔτε
2192 1303 2490 1366 ὠνείδισεν,
2519 1301 2645 1356 οὔτε
2677 1321 2729 1356 τι
2760 1303 2869 1356 τῶν
2899 1304 3218 1358 λυπούντων
3243 1303 3637 1374 ἀπεφθέγξατο

362 1404 447 1450 ret
476 1394 777 1451 molestiam
809 1412 821 1448 :
852 1395 943 1449 sed
970 1395 1147 1449 verbis
1170 1395 1348 1464 potius
1379 1397 1618 1450 animum
1653 1397 1928 1452 consolan-

2044 1394 2181 1461 πρὸς
2210 1395 2407 1448 αὑτόνπ
2440 1393 2620 1463 λόγοις
2646 1394 2702 1446 δὲ
2752 1395 2955 1464 μᾶλλον
2989 1396 3369 1466 παρακαλοῦσι
3424 1396 3629 1466 ψυχὴν,

361 1486 507 1541 tibus
540 1495 596 1540 et
635 1484 1009 1554 spiritualibus
1055 1484 1514 1541 admonitionibus
1557 1487 1928 1542 conﬁrmatum

2038 1487 2134 1539 καὶ
2157 1485 2460 1549 νουθεσίαις
2481 1484 2840 1557 ὲπιστηρίξας
2860 1488 3285 1554 πνευματικαῖς,
3309 1485 3626 1540 ἀπέστειλε.

360 1575 686 1629 amandavit.
735 1574 816 1629 Ab
874 1589 940 1630 eo
995 1583 1174 1629 autem
1229 1586 1473 1653 tempore
1526 1586 1674 1631 tanto
1723 1577 1928 1632 fuerunt

2040 1577 2151 1632 Καὶ
2168 1577 2227 1629 τὸ
2255 1577 2362 1630 ἀπὸ
2389 1577 2546 1630 τοῦδε
2580 1577 2725 1631 οὕτω
2758 1577 2895 1648 πρὸς
2931 1577 3115 1643 φιλίαν
3152 1578 3403 1649 ἀλλήλοις
3446 1578 3629 1647 ἀμφό-

359 1667 505 1727 inter
543 1681 603 1722 se
646 1667 922 1736 conjuncti
964 1667 1181 1722 vinculo
1224 1669 1510 1733 amicitiae,
1560 1671 1811 1723 utetiam
1845 1686 1928 1740 pa-

2045 1687 2196 1741 τεροι
2224 1670 2609 1739 συνεδέθησαν,
2643 1670 2719 1733 ὡς
2741 1673 2833 1722 καὶ
2859 1671 3123 1738 άνὰδοχον
3149 1670 3260 1722 τῶν
3294 1671 3460 1723 αὐτοῦ
3496 1671 3627 1724 παί-

359 1756 594 1809 triarcha
638 1741 802 1811 fuerit
846 1755 963 1826 ejus
1002 1757 1236 1810 ﬁliorum
1286 1768 1590 1827 susceptor.
1645 1756 1717 1815 Ut
1757 1770 1928 1816 autem

2042 1761 2148 1813 δων
2175 1759 2436 1827 γενέσθαι
2467 1759 2560 1813 τὸν
2596 1759 2969 1829 πατριάρχην.
3004 1760 3120 1812 Ἵνα
3148 1759 3206 1812 δὲ
3236 1758 3311 1829 μὴ
3345 1744 3626 1830 μόνον’δια

358 1858 464 1897 non
497 1843 671 1905 solum
713 1859 810 1921 per
848 1846 1153 1901 uberiorem
1190 1846 1474 1916 laxamque
1505 1859 1560 1903 et
1590 1850 1823 1904 solutam
1859 1852 1928 1904 vi~

2039 1850 2139 1919 τῆς
2160 1848 2550 1918 ἀφθονωτέρας
2579 1848 2806 1918 ἀγωγῆς
2840 1849 2935 1902 καὶ
2958 1849 3172 1913 ἀνέτου,
3211 1849 3271 1901 τὸ
3301 1847 3625 1918 ἀπαράϐλη-

353 1934 515 1990 vcndi
548 1935 813 1997 rationem
859 1949 1283 2007 cognosceretur
1315 1930 1531 1995 animus
1581 1939 1699 2009 ejus
1734 1941 1928 1996 incom-

2037 1959 2131 1994 τον
2158 1941 2262 2011 τῆς
2286 1941 2379 1994 τοῦ
2430 1941 2623 2011 ἀνδρὸς
2652 1941 3051 2012 προαιρέσεως,
3103 1940 3203 2011 τῆς
3234 1957 3297 1993 τε
3324 1940 3461 2011 πρὸς
3490 1939 3627 1993 Θεὸν

353 2028 653 2097 parabilis,
700 2040 756 2086 et
798 2031 939 2089 bona
984 2046 1107 2101 spes
1153 2031 1274 2101 ejus
1317 2034 1370 2088 in
1419 2033 1587 2089 Deum
1634 2034 1798 2104 Iidei,
1842 2037 1928 2091 sed

2037 2036 2274 2096 πίστεως
2297 2032 2357 2084 τὸ
2376 2030 2568 2085 εὔελπι
2583 2030 2884 2102 γνωρισθῇ,
2915 2030 3051 2084 ἀλλά
3075 2032 3170 2085 καὶ
3195 2030 3284 2084 διὰ
3302 2035 3403 2101 τῆς
3425 2048 3625 2087 στενωιι

353 2120 519 2174 etiam
557 2135 653 2190 per
678 2123 1069 2193 angustiorem,
1102 2139 1267 2199 quam
1306 2135 1451 2182 esset
1479 2127 1761 2197 probatus,
1793 2138 1928 2183 esset

2034 2123 2202 2193 τέρας
2224 2123 2285 2177 τὸ
2309 2123 2553 2193 δοκίμιον
2587 2117 2699 2185 οἶος
2747 2123 2982 2193 φανερὸς
3012 2124 3241 2193 γένηται
3267 2140 3282 2154 ·
3315 2122 3495 2193 (δῆλον
3512 2122 3625 2193 γάρ

354 2212 616 2268 evidens:
656 2214 889 2285 (clarum
920 2226 1005 2272 est
1039 2217 1214 2283 enim,
1247 2218 1390 2287 quod
1420 2228 1548 2274 sunt
1572 2231 1810 2291 utraque
1845 2236 1928 2290 pe-

2034 2220 2107 2282 ὼς
2139 2218 2418 2288 ἐπισφαλῆ
2440 2219 2732 2288 ἀμφότερα
2758 2234 2772 2248 ·
2802 2218 3080 2289 εύημερία
3101 2217 3377 2288 χαυνοῦσα
3404 2218 3499 2270 καὶ
3522 2217 3621 2286 τῆς

353 2303 625 2371 riculosa,
670 2321 863 2375 nempe
900 2319 955 2362 et
994 2324 1081 2363 res
1120 2311 1400 2374 secundae,
1433 2326 1553 2381 qua:
1584 2320 1849 2381 enervant
1876 2323 1928 2366 et

2037 2308 2131 2363 τοῦ
2156 2308 2295 2362 Θεοῦ
2336 2310 2557 2381 μνήμης
2590 2310 2956 2375 ἐκϐάλλουσα,
2982 2312 3078 2362 καὶ
3104 2310 3418 2378 δυσπραγία
3456 2307 3625 2362 πάλιν

354 2395 658 2461 emolliunt,
703 2412 733 2451 a
784 2398 988 2470 Deique
1029 2400 1404 2456 recordatione
1445 2402 1705 2472 ejiciunt;
1754 2414 1807 2457 et
1841 2419 1928 2459 res

354 2487 599 2542 adversa:
628 2505 847 2557 rursus,
878 2506 998 2561 qua:
1035 2491 1090 2546 in
1122 2501 1334 2547 arctum
1371 2504 1600 2564 cogunt,
1648 2494 1930 2565 pusillum-

356 2594 463 2648 que
478 2592 532 2634 et
551 2581 817 2649 abjectum
850 2584 1090 2636 animum
1122 2581 1723 2654 et‘ticiunt):propterea
1750 2585 1931 2654 provi-

2037 2400 2414 2456 ἀποστενοῦσα
2449 2402 2544 2454 καὶ
2575 2400 2713 2471 πρὸς
2760 2399 3128 2471 μικροψυχίαν
3158 2398 3502 2468 ἐλαύνουσα)·
3533 2398 3626 2450 διὰ

2037 2490 2212 2544 ταῦτα
2244 2492 2520 2561 οἰκονομεῖ
2551 2490 2744 2545 τοῦτον
2790 2490 2968 2562 ἐνδείᾳ
3018 2491 3339 2562 περιπεσεῖν
3380 2491 3408 2543 ό
3465 2488 3619 2552 Θεός,

2039 2584 2136 2648 Τίς
2166 2584 2223 2637 δὲ
2256 2586 2285 2637 ὁ
2312 2584 2410 2654 τῆς
2435 2582 2748 2653 οἰκονομίας
2776 2583 2999 2654 τρόπος,
3031 2582 3164 2654 ἐρῶ.

355 2672 435 2724 dit
467 2673 629 2738 Deus,
665 2682 720 2726 ut
764 2674 810 2729 is
838 2675 997 2730 cadat
1034 2677 1088 2730 in
1131 2683 1453 2746 egestatem.
1490 2678 1737 2743 Quonam
1773 2677 1931 2731 modo
1969 2685 2149 2731 autem
2177 2676 2226 2728 id
2255 2674 2536 2746 provisum
2566 2677 2660 2742 sit,
2692 2676 2894 2730 dicam.

429 2762 589 2819 XXII.
626 2765 761 2821 Cum
795 2783 989 2840 magna
1020 2768 1303 2824 multitudo
1333 2785 1542 2836 eorum,
1580 2770 1670 2840 qui
1713 2784 1931 2825 manum

354 2855 625 2911 Persicam
666 2857 999 2929 eII'ugerant,
1047 2862 1380 2935 confugisset
1418 2861 1833 2927 Alexandriam,
1879 2874 1931 2917 et

2112 2768 2240 2821 KB’.
2284 2767 2391 2822 Τοῦ
2418 2767 2616 2823 πολλοῦ
2639 2769 2885 2839 πλήθους
2912 2768 3022 2821 τῶν
3043 2769 3142 2839 τὴν
3167 2768 3444 2839 Περσικὴν
3464 2769 3626 2840 χεῖρα

2038 2859 2415 2929 διαφυγόντων
2444 2861 2525 2923 είς
2543 2859 2641 2930 τὴν
2657 2859 3069 2931 Ἀλεξάνδρειαν
3099 2859 3622 2927 καταπεφευγότων,

354 2957 502 3002 esset
541 2962 734 3020 magna
784 2950 1026 3007 alimenti
1067 2954 1326 3022 penuria,
1377 2954 1618 3009 maxime
1657 2955 1802 3025 quod
1836 2969 1928 3010 nec

2038 2952 2262 3006 καὶτῶν
2287 2952 2506 3022 τροφῶν
2542 2953 2750 3022 σφόδρα
2793 2951 3193 3018 σπανιζουσῶν,
3255 2950 3335 3023 τῷ
3387 2951 3624 3023 μάλιστα

354 3038 448 3093 illo
488 3047 730 3109 tempore
771 3041 921 3099 Nilus
952 3044 1318 3109 ascendisset,
1359 3055 1418 3099 ut
1451 3056 1843 3113 consueverat,
1875 3055 1929 3101 et

355 3133 597 3203 pecuniae
616 3131 873 3190 Ecclesiae
895 3146 1076 3191 essent
1098 3147 1463 3205 consumptae;
1483 3151 1703 3196 coactus
1730 3150 1812 3195 est
1839 3140 1930 3195 ille

354 3239 583 3295 magnus
624 3224 771 3281 mille
813 3227 980 3284 libras
1019 3229 1134 3283 auri
1181 3240 1397 3285 mutuas
1439 3230 1683 3300 accipere
1726 3233 1795 3287 ab
1834 3232 1933 3287 ali—

354 3316 573 3383 quibus.
596 3315 730 3371 Cum
763 3328 943 3373 autem
964 3334 1055 3374 eas
1077 3332 1289 3389 quoque.
1311 3321 1932 3392 consumpsisset,agita-

354 3409 513 3462 batur
539 3423 733 3486 magna
768 3410 1147 3477 sollicitudine,
1183 3422 1236 3465 et
1268 3410 1361 3465 1)ρί
1398 3413 1590 3466 orabat
1621 3413 1928 3481 benignita-

355 3510 487 3567 tem,
530 3510 587 3554 ut
618 3502 670 3556 in
716 3502 877 3557 rebus
906 3502 1086 3557 dubiis
1116 3503 1351 3572 aliquam
1386 3504 1527 3559 viam
1568 3506 1925 3575 excogitaret.

356 3591 464 3646 Sed
491 3592 705 3649 etiamsi
732 3592 797 3647 ad
823 3602 1023 3649 tantam
1049 3598 1297 3652 redactus
1319 3596 1509 3653 luisset
1535 3599 1794 3669 inopiam,
1822 3615 1929 3654 non

355 3680 457 3734 fuit
487 3692 664 3738 tamen
694 3685 869 3739 victus
899 3699 926 3737 a
964 3684 1289 3754 calamitate,
1324 3706 1427 3745 non
1458 3690 1668 3747 divinas
1696 3692 1838 3761 lvges
1876 3701 1930 3747 et

356 3789 541 3829 sacras
571 3774 989 3831 constitutiones
1017 3776 1198 3831 allecit
1228 3780 1519 3846 deder-ore,
1556 3797 1655 3837 nec
1690 3784 1934 3837 illlt'l‘llli-

348 3862 422 3917 sit
446 3862 798 3917 commissum
832 3864 932 3919 sibi
966 3880 1181 3936 gregem
1223 3883 1475 3925 accurate
1507 3887 1713 3942 regere.
1747 3874 1933 3942 Itaque

348 3967 470 4006 cum
507 3952 726 4024 quidam
777 3953 1045 4023 clericus,
1084 3972 1149 4013 ex
1184 3959 1250 4015 iis
1286 3961 1377 4030 qui
1408 3964 1678 4019 secundas
1711 3967 1929 4034 nuptias

347 4052 773 4111 contraxerant,
826 4046 1109 4103 abundans
1157 4051 1401 4118 divitiis,
1450 4054 1613 4109 vellet
1665 4058 1926 4125 consequi

346 4135 569 4208 gradum
604 4133 962 4202 diaconatus,
995 4138 1322 4205 ,rescivisset
1350 4151 1540 4197 autem
1566 4144 1662 4199 lias
1692 4146 1927 4214 patriar-

348 4227 465 4281 cha:
517 4227 816 4297 angustias,
851 4237 906 4284 et
934 4231 1255 4299 arripuisset
1288 4241 1503 4304 tempus
1536 4246 1792 4306 tanquam
1825 4253 1924 4306 op-

350 4326 665 4389 portunum,
690 4318 735 4373 si
767 4322 1012 4390 pecuniis
1040 4321 1211 4376 levata
1239 4325 1415 4393 inopia
1440 4339 1822 4396 asscqueretur
1844 4330 1921 4394 id,

349 4410 492 4478 quod
510 4412 870 4479 desiderabat,
887 4414 1132 4469 chartam
1155 4417 1377 4472 tradidit
1395 4418 1550 4474 beato
1561 4418 1780 4487 Joanni,
1806 4437 1925 4491 qua:

349 4501 429 4556 sic
478 4501 743 4558 habebat:
797 4505 932 4560 Cum
985 4508 1318 4577 accepissem
1363 4512 1640 4579 angustias
1686 4514 1739 4567 in
1790 4529 1927 4584 quas

353 4591 570 4661 redacta
606 4604 687 4648 est
719 4597 970 4652 muniﬁca
1007 4598 1231 4653 dextera
1266 4600 1371 4655 mei
1400 4600 1637 4669 domini,
1670 4617 1776 4659 non
1806 4605 1926 4659 exi-

351 4681 570 4738 stimavi
603 4697 854 4755 oportere
892 4703 979 4743 me
1014 4689 1233 4759 quidem
1283 4690 1480 4761 degere
1525 4678 1582 4748 in
1629 4693 1838 4750 deliciis
1874 4709 1943 4756 et-

352 4787 531 4827 rerum
557 4774 902 4842 abundantia,
930 4774 1209 4833 dominum
1234 4789 1411 4837 autem
1440 4798 1616 4838 meum
1645 4785 1920 4840 redactum

348 4878 468 4925 esse
498 4866 551 4920 in
595 4871 892 4937 angustias.
937 4868 1077 4925 Sunt
1105 4874 1245 4942 apud
1279 4889 1363 4929 me
1401 4866 1656 4930 frumenti
1702 4879 1919 4946 quidem

350 4951 516 5009 multa
548 4954 733 5021 millia,
761 4957 876 5010 auri
909 4966 1089 5013 autem
1123 4970 1343 5016 centum
1381 4963 1532 5020 libra:
1568 4974 1625 5020 et
1655 4967 1924 5034 quinqua-

346 5045 535 5117 ginta:
563 5060 656 5103 eas
683 5049 841 5103 velim
877 5066 973 5123 per
1007 5060 1059 5105 te
1087 5053 1220 5108 dare
1251 5054 1488 5124 Christo,
1521 5058 1566 5112 si
1599 5066 1805 5111 tantum
1830 5059 1886 5126 jtt
1906 5089 1919 5098 -

345 5134 557 5192 dicatus
600 5137 754 5193 fuero
793 5140 988 5212 dignus
1032 5143 1150 5214 ejus
1199 5147 1486 5202 diaconatu
1529 5164 1625 5217 per
1679 5160 1919 5204 sanctam

348 5235 493 5284 tuam
524 5227 941 5285 ordinationem.
975 5230 1255 5290 Inventum
1283 5238 1428 5291 cnim
1458 5248 1542 5293 est
1568 5238 1764 5294 alicubi
1790 5241 1916 5310 quid

343 5316 545 5374 dictum
578 5317 747 5377 fuisse
771 5323 909 5390 apud
936 5324 1251 5394 Apostolqu
1276 5332 1320 5396 ',
1344 5344 1407 5384 ex
1436 5332 1757 5387 necessitate
1784 5334 1918 5404 Ii-gis

342 5422 561 5478 quoque
591 5411 707 5467 ﬁeri
745 5416 1176 5475 limis-lationem.

407 5672 426 5720 l
457 5670 615 5735 llebr,
645 5691 742 5737 ιἰι.

2032 3045 2153 3096 κατ’
2182 3045 2360 3096 ἐκεῖνο
2387 3042 2585 3113 καιροῦ
2620 3042 2756 3112 μηδὲ
2812 3042 2904 3096 τὸν
2931 3042 3123 3096 Νεῖλον
3175 3041 3366 3112 ὥσπερ
3393 3040 3624 3111 σύνηθες

2032 3135 2364 3205 ποιήσασθαι
2414 3133 2512 3205 τὴν
2556 3134 2840 3201 ἀνάϐασιν,
2892 3136 2986 3190 καὶ
3019 3135 3128 3188 τῶν
3162 3137 3258 3204 τῆς
3292 3133 3625 3205 Ἐκκλησίας

2033 3242 2137 3295 χρη
2148 3225 2334 3294 μάτων
2351 3224 2764 3291 ἀναλωθέντων,
2790 3224 3193 3296 άπηναγκάσθη
3210 3226 3237 3277 ό
3261 3225 3433 3295 μέγας
3446 3224 3626 3293 χιλίας

2034 3318 2257 3387 χρυσίου
2283 3318 2473 3387 λίτρας
2500 3318 2654 3389 παρά
2684 3336 2849 3372 τινων
2875 3317 3312 3373 ὲκδανείσασθαι·
3334 3315 3410 3381 ὡς
3438 3317 3498 3371 δὲ
3529 3319 3625 3371 καὶ

2032 3409 2235 3473 ταύτας
2266 3409 2535 3474 ἀνάλωσε,
2578 3410 2749 3479 πολλή
2782 3409 2867 3471 τίς
2899 3410 3064 3464 αὐτὸν
3096 3411 3309 3463 έκλόνει
3370 3410 3622 3480 φροντὶς,

2034 3503 2131 3553 καὶ
2163 3501 2262 3570 τῆς
2315 3501 2409 3554 τοῦ
2455 3500 2593 3555 Θεοῦ
2643 3501 3059 3572 φιλανθρωπίας
3116 3502 3290 3556 ἐδεῖτο
3339 3502 3509 3567 πόρον
3556 3503 3624 3553 ἐν

2033 3593 2263 3663 ἀπόροις
2289 3593 2688 3665 ὲπινοήσασθαι
2721 3609 2736 3625 ·
2762 3594 2900 3649 ἀλλά
2927 3594 3023 3647 καὶ
3062 3593 3237 3658 οὓτως
3286 3595 3367 3657 είς
3391 3591 3623 3663 ἔσχατον

2033 3684 2269 3755 ἀπορίας
2322 3685 2624 3756 ἐληλακὼς,
2659 3688 2758 3757 οὐχ
2790 3687 2970 3759 ἥττων
2998 3685 3153 3755 ᾣφθη
3179 3687 3279 3756 τῆς
3307 3685 3618 3756 συμφορᾶς.

2033 3777 2094 3829 ού
2121 3778 2248 3841 τοὺς
2273 3778 2452 3841 θείους
2485 3778 2685 3848 νόμους
2729 3780 2826 3833 καὶ
2854 3780 2953 3842 τὰς
2987 3779 3138 3849 ίεράς
3174 3778 3377 3849 ᾔσχυνε
3423 3777 3619 3832 διατά-

2034 3868 2167 3934 ξεις,
2200 3870 2322 3923 οὐδὲ
2350 3869 2642 3941 καθυφῆκέ
2673 3889 2727 3924 τι
2764 3870 2858 3926 τοῦ
2907 3871 2980 3943 μὴ
3012 3872 3149 3941 πρὸς
3178 3870 3469 3941 ἀκρίϐειαν
3504 3869 3622 3923 ἰθύ·

2034 3980 2145 4016 νειν
2168 3963 2230 4016 τὸ
2251 3964 2546 4018 πιστευθὲν
2577 3964 2851 4035 ποίμνιον.
2876 3963 3063 4037 Ταύτῃ
3092 3982 3176 4017 τοι
3211 3965 3308 4017 καὶ
3357 3963 3620 4033 κληρικός

2033 4070 2117 4116 τις
2179 4054 2288 4107 τῶν
2355 4054 2633 4125 δευτέροις
2698 4054 2900 4125 γάμοις
2955 4054 3342 4124 ὡμιληκότων,
3400 4053 3620 4119 πλούτῳ

2034 4147 2308 4216 περιττῶς
2357 4147 2521 4218 ἔχων,
2578 4147 2673 4201 τοῦ
2711 4148 2822 4201 τῶν
2868 4147 3133 4202 διακόνων
3193 4146 3401 4217 βαθμοῦ
3433 4150 3616 4216 τυχεῖν

2036 4239 2320 4308 ἐφιέμενος
2340 4239 2438 4310 τὴν
2469 4238 2728 4293 στένωσιν
2749 4238 2954 4309 ταύτην
2976 4240 3055 4309 τῷ
3092 4240 3405 4311 πατριάρχῃ
3441 4256 3619 4309 μεμα-

2034 4330 2236 4401 θηκὼς,
2278 4333 2374 4384 καὶ
2398 4330 2490 4384 τὸν
2519 4331 2710 4402 καιρὺν
2740 4329 2998 4401 ἀρπάσας
3026 4332 3100 4395 ὡς
3123 4331 3430 4399 ἐπιτήδειον
3451 4372 3466 4396 ,
3498 4329 3615 4397 εἴγε

2030 4425 2274 4495 χρήμασι
2302 4421 2402 4493 τὴν
2433 4421 2642 4476 ἔνδειαν
2671 4423 3018 4493 θεραπεύσας
3045 4422 3208 4486 αὐτὸς
3242 4423 3489 4493 ἐπιτύχοι
3518 4423 3615 4475 τοῦ

2031 4516 2389 4585 ποθουμένου,
2444 4514 2655 4587 χάρτην
2712 4516 3010 4586 ἐγχειρίζει
3060 4516 3138 4585 τῷ
3174 4514 3433 4585 μακαρίῳ
3470 4513 3615 4567 οὕτω

2032 4624 2148 4669 πως
2179 4607 2370 4676 ἔχοντα
2397 4622 2410 4636 ⁸
2432 4606 2545 4679 Τὴν
2570 4607 2903 4677 συνέχουσαν
2936 4608 3204 4661 -στένωσιν
3245 4608 3344 4677 τὴν
3378 4607 3613 4677 μεγαλό-

2032 4698 2204 4767 δωρον
2224 4697 2407 4763 δεξιάν
2433 4698 2529 4751 τοῦ
2553 4699 2690 4765 ἐμοῦ
2713 4700 2975 4754 δεσπότου
3010 4699 3366 4770 καταμαθὼν,
3400 4700 3462 4752 ού
3491 4698 3612 4751 δέον

2029 4789 2326 4860 ἡγησάμην
2358 4789 2459 4860 ἐμὲ
2497 4790 2598 4860 μὲν
2628 4792 2687 4845 ὲν
2717 4793 3019 4847 ἀπολαύσει
3063 4792 3272 4859 διάγειν
3311 4793 3409 4845 καὶ
3440 4789 3613 4859 ἀφθο-

2027 4881 2133 4950 νίᾳ,
2164 4881 2254 4933 τὸν
2283 4880 2552 4952 δεσπότην
2571 4882 2629 4935 δὲ
2656 4882 2748 4935 τὸν
2782 4882 2914 4953 ἐμὸν
2936 4884 2995 4936 ὲν
3026 4882 3283 4935 στενώσει
3322 4880 3609 4936 διατελεῖν.

2027 4972 2146 5024 Εἰσὶ
2169 4973 2350 5026 τοίνυν
2402 4972 2533 5043 παρ’
2586 4974 2712 5044 ἐμοὶ
2754 4974 2902 5027 σίτου
2940 4974 3039 5045 μὲν
3084 4973 3323 5045 χιλιάδες
3371 4972 3607 5037 πολλαὶ,

2026 5065 2249 5135 χρυσίου
2284 5065 2341 5118 δὲ
2376 5066 2556 5135 λίτραι
2597 5067 2792 5121 ἑκατὸν
2841 5070 2939 5122 xui.
2995 5069 3353 5135 πεντήκοντα.
3388 5063 3608 5127 Ταύτας

2023 5158 2215 5227 δέομαι
2238 5157 2420 5212 δοῦναι
2442 5158 2529 5211 διὰ
2548 5158 2641 5212 σοῦ
2669 5158 2745 5229 τῷ
2772 5160 3015 5229 Χριστῷ,
3054 5161 3102 5212 εί
3136 5159 3295 5229 μόνον
3316 5157 3465 5222 ἄξιος
3506 5157 3607 5225 τῆς

2023 5250 2190 5303 αὑτοῦ
2219 5249 2499 5315 διακονίας
2534 5249 2786 5321 κριθείην
2816 5250 2903 5303 διὰ
2932 5250 3031 5321 τῆς
3063 5249 3164 5318 σῆς
3218 5248 3377 5317 ἀγέας
3418 5262 3605 5317 χειρο-

2023 5339 2228 5403 τονίας.
2247 5339 2488 5411 Εὕρηται
2515 5341 2624 5412 γάρ
2645 5358 2745 5394 που
2771 5340 3014 5395 τοιοῦτον
3041 5342 3134 5394 καὶ
3155 5339 3308 5411 παρά
3327 5337 3423 5391 τοῦ
3446 5338 3608 5392 Ἀπο-

2027 5430 2215 5484 στόλου
2261 5431 2491 5501 λεχθὲν,
2545 5432 2605 5499 ἐξ
2654 5432 2901 5503 ἀνάγκης
2949 5433 3044 5489 καὶ
3097 5432 3264 5504 νόμου
3312 5428 3605 5501 μετάθεσις

2025 5519 2297 5587 γενεσθαι.
