4138 6420
510 328 619 395 ΩΠ

1514 328 1692 391 VlTA
1732 327 1796 388 S.
1837 325 2157 389 JOANNIS
2194 320 2834 388 ELEEMOSY-NARII.

3656 314 3762 381 918

585 445 707 502 Kl".
736 444 1177 502 Μεταστέλλεται
1202 443 1385 499 τοίνυν
1414 444 1444 498 ὁ
1473 445 1822 516 πατριάρχης
1861 442 1969 514 ἰδίᾳ
1988 442 2082 497 τὸν

2258 439 2449 496 XXIII.
2493 441 2626 496 Eum
2673 454 2803 512 ergo
2851 451 3100 495 seorsum
3148 436 3379 494 accersit
3428 436 3757 508 patriarcha,

511 540 701 610 ἄνδρα,
730 537 981 610 αἰσχῦναι
1011 537 1201 593 τοῦτον
1243 538 1336 593 ἐπὶ
1366 538 1579 593 πολλῶν
1628 539 1704 611 μὴ
1734 538 2080 611 βουλόμενος,

514 634 605 682 καί
641 646 809 700 φησιν
862 630 999 697 πρὸς
1047 630 1212 685 αὐτόν
1242 631 1259 664 δ
1298 630 1367 686 Ἦ
1426 630 1526 702 μὲν
1579 633 1914 704 προσαγωγὴ
1965 649 2082 696 σου,

509 724 722 788 τέκνον,
756 723 924 793 πολλή
956 740 1013 777 τε
1034 725 1129 777 καὶ
1150 722 1230 795 τῷ
1258 721 1354 778 νῦν
1382 725 1561 796 καιρῷ
1608 725 1904 793 ἀναγκαία,
1954 725 2078 778 ἐπίο

516 832 703 886 μωμος
734 815 791 869 δὲ
812 817 905 870 καὶ
926 816 994 869 δι’
1021 816 1154 870 αὐτὸ
1185 816 1345 871 τοῦτο
1393 819 1489 871 καὶ
1522 818 1901 889 ἀπαράδεκτος
1924 836 1937 849 ο
1985 818 2085 871 οὐκ

510 907 727 973 ἀγνοεῖς
763 905 872 977 γὰρ
886 907 974 960 ὅτι
995 906 1064 960 τὰ
1094 908 1234 961 κατὰ
1266 909 1430 979 νόμον
1461 910 1849 980 προσαγόμενοι
1877 909 2085 980 πρόϐα·-

510 1015 600 1063 τκ,
627 999 674 1052 εἰ
701 1001 776 1069 μὴ
797 997 1007 1069 ἄμωμα
1035 995 1125 1071 ἦν,
1150 999 1251 1054 κᾶν
1287 1000 1495 1070 μεγάλα
1511 999 1804 1072 ἐτύγχανεν
1831 1002 1979 1067 ὄντα,
2005 1004 2084 1066 εἰς

511 1090 706 1145 θυσίαν
749 1092 1098 1162 ἁπρόσδεκτα
1129 1088 1233 1164 ἦν·
1273 1093 1398 1147 καθ’
1423 1095 1489 1166 ἢν
1510 1096 1691 1149 αἰτίαν
1728 1095 1851 1148 οὐδὲ
1898 1097 1965 1148 τὰ
1988 1096 2081 1149 τοῦ

511 1183 653 1237 Κάῖν
699 1181 779 1251 τῷ
826 1182 945 1252 θεῷ
991 1183 1350 1255 προσεδέχθη.
1408 1185 1482 1239 Τὸ
1535 1185 1594 1239 δὲ
1632 1186 1691 1251 ἐξ
1715 1185 1959 1257 ἀνάγκης
1988 1188 2085 1241 καὶ

510 1272 677 1343 νόμου
707 1273 1000 1344 μετάθεσιν
1033 1274 1301 1342 γίνεσθαι,
1347 1275 1506 1332 τοῦτο
1534 1277 1663 1351 περί
1709 1278 1802 1332 τοῦ
1850 1278 2081 1332 παλαιοῦ

509 1364 673 1434 νόμου
705 1363 957 1435 εἰρῆσθαι
980 1365 1061 1436 τῷ
1099 1366 1411 1439 Ἀποστόλῳ
1442 1366 1805 1438 γινώσκομεν,
1850 1370 2003 1423 Ἐπεὶ
2031 1370 2082 1423 τί

510 1473 592 1509 σοι
617 1455 765 1509 δοκεῖ
792 1458 855 1510 τὸ
882 1457 1034 1529 παρὰ
1076 1459 1152 1529 τῷ
1193 1459 1470 1531 θεαδέλφῳ
1498 1462 1755 1531 κείμενον
1801 1460 2080 1531 Ἰακὼ6ῳ;

522 1547 680 1618 Ἔχει
700 1549 757 1602 δὲ
781 1549 987 1615 οὕτως·
1019 1571 1037 1604 ι
1072 1552 1175 1605 Τὸν
1208 1553 1390 1607 πάντα
1429 1553 1521 1606 τὸν
1573 1554 1734 1624 νόμον
1764 1554 2080 1618 τελέσαντα,

508 1638 813 1692 πταίσαντα
835 1638 892 1693 δὲ
922 1641 981 1694 ὲν
1012 1640 1114 1707 ἑνὶ,
1144 1640 1328 1713 ἔνοχον
1358 1637 1500 1696 εἶναι
1540 1643 1780 1698 πάντων.
1814 1663 1832 1696 ι
1861 1643 2000 1710 Τοὺς
2025 1645 2081 1699 δὲ

507 1726 769 1796 ἀδελφοὺς
788 1730 945 1799 ἡμῶν
972 1733 1101 1795 τοὺς
1146 1733 1404 1802 πένητας,
1433 1733 1536 1787 κᾶν
1577 1737 1740 1807 ἡμεῖς
1778 1736 2082 1807 ἀπορήσαι-

511 1834 633 1886 μεν,
661 1816 778 1871 ἀλλ’
799 1820 894 1887 ὅγε
916 1820 1119 1891 θρέψας
1146 1823 1225 1886 εἰς
1246 1822 1405 1894 δεῦρο
1427 1823 1579 1891 Θεὸς,
1613 1824 1775 1887 αὐτὸς
1805 1828 1936 1897 περὶ
1957 1828 2082 1880 τού-

506 1927 616 1962 των
642 1912 737 1963 καὶ
761 1912 854 1965 τοῦ
882 1908 1070 1968 λοιποῦ
1117 1920 1375 1988 φροντιεῖ,
1410 1919 1570 1989 μόνον
1599 1922 1646 1973 εἰ
1677 1922 1841 1991 ἡμεῖς
1871 1922 1970 1987 τὰς
2002 1925 2085 1976 ὲν-

506 1999 666 2100 condi;
694 2003 1084 2100 auroﬁ‘sinpau
1136 2010 1408 2100 ἀκινήτως
1435 2012 1836 2083 διατηροῦντες.
1870 2016 1936 2069 Τί
1974 2017 2083 2089 γὰρ

507 2088 769 2146 ἀδύνατον
796 2095 829 2165 ἢ
854 2095 1115 2169 δυσχερὲς
1136 2098 1214 2170 τῷ
1244 2103 1370 2165 τοὺς
1397 2103 1555 2157 πέντε
1589 2104 1788 2177 ἄρτους
1812 2109 1868 2160 ἐν
1892 2088 2084 2179 ἐρήμιρ

510 2184 642 2236 ποτὲ
663 2184 1024 2255 πληθύναντι,
1058 2190 1152 2244 καὶ
1181 2193 1308 2255 τοὺς
1351 2192 1485 2248 δέκα
1511 2195 1725 2264 μοδίους
1745 2199 1871 2261 τοὺς
1899 2201 1955 2251 ἐν
2005 2199 2083 2269 τῷ

511 2274 695 2375 item
824 2278 943 2350 ἐμῷ
963 2281 1318 2375 εὐλογήσαντι
1342 2325 1357 2351 ,
1398 2287 1535 2355 πρὸς
1566 2288 1700 2341 πολὺ
1751 2289 1955 2361 πλῆθος
1984 2291 2083 2343 αὑ-

509 2363 688 2437 ξῆσαι.
719 2367 808 2421 Διό
845 2385 947 2437 σοι,
982 2371 1190 2437 τέκνον,
1221 2374 1281 2426 τὸ
1311 2376 1368 2426 ἐν
1399 2379 1517 2439 ταῖς
1546 2377 1789 2448 Πράξεσι
1825 2380 1962 2446 πρὸς
1990 2381 2082 2433 Σί-

512 2472 669 2524 μωνα
700 2453 991 2542 εἰρημένον
1025 2464 1256 2534 ἁρμόσει
1286 2466 1390 2532 ὅτι,
1420 2487 1441 2518 ι
1478 2470 1591 2522 Οὐκ
1637 2469 1754 2527 ἔστι
1809 2488 1889 2524 σοι
1923 2473 2080 2545 μερὶς

508 2547 629 2601 οὐδὲ
659 2549 857 2623 κλῆρος
883 2553 1134 2626 ἐντούτῳ
1172 2555 1251 2628 τῷ
1287 2560 1463 2628 μέρει.
1500 2577 1519 2609 ι
1908 2544 1942 2603 ί

583 2727 708 2783 KA'.
733 2729 901 2784 Οὔπω
925 2731 1015 2787 τὸν
1045 2735 1241 2789 ἑαυτοῦ
1265 2730 1423 2792 οἶκον
1456 2737 1664 2803 ἐκεῖνος
1696 2740 2085 2813 ἀποπεμφθεὶς
2112 2783 2120 2790 .

513 2821 793 2892 ἄπρακτος
821 2825 1035 2898 ὑπῆρχε
1065 2828 1412 2898 καταλαϐὼν,
1443 2830 1542 2886 καί
1586 2832 1963 2904 μηνύεταιίτῷ
1989 2850 2085 2903 με-

510 2913 662 2984 γάλῳ
690 2913 783 2969 δύο
814 2916 928 2970 τῶν
969 2922 1069 2989 τῆς
1094 2919 1423 2992 Ἐκκλησίας
1455 2924 1655 2983 πλοίων
1696 2927 1754 2980 ἐν
1774 2924 1853 2997 τῷ
1901 2925 2085 2995 λιμένι

510 3008 767 3078 κατᾶραι,
793 3007 941 3063 σίτου
967 3010 1167 3077 πολλὰς
1191 3014 1439 3085 χιλιάδας
1460 3018 1525 3071 ὲκ
1548 3017 1799 3082 Σικελίας
1825 3019 1949 3090 ἄρτι
1975 3018 2086 3071 δια-

2115 1793 2152 1846 Β

2190 551 2296 591 non
2328 533 2516 590 volens
2559 533 2742 588 multis
2784 531 3141 602 praesentibus
3183 545 3305 586 eum
3342 528 3559 585 afﬁcere
3592 530 3762 584 dedo.-

2188 641 2335 693 core,
2374 638 2429 682 et
2471 626 2600 682 dicit
2635 626 2687 681 ei
2719 643 2732 679 :
2767 623 2881 678 Tua
2921 623 3138 694 quidem
3190 618 3427 689 oblatio,
3469 634 3503 678 o
3535 619 3643 684 lili,
3677 624 3759 674 esl

2190 734 2383 790 triagna
2421 726 2476 773 et
2515 717 2640 772 huic
2668 716 2895 787 tempori
2931 714 3262 774 necessaria.
3298 711 3405 768 Sed
3435 719 3519 769 est
3546 710 3754 788 ViliOSa,

2186 821 2242 867 ct
2263 818 2483 881 promer
2508 808 2609 863 hoc
2638 807 2813 879 ipsum
2841 821 2947 861 non
2976 805 3330 863 admittenda.
3384 801 3501 860 Non
3542 803 3759 873 ignoras

2186 904 2354 968 enim,
2385 901 2526 973 quod
2558 915 2721 966 oves,
2757 913 2876 970 quae
2906 914 2973 954 ex
3003 898 3118 969 lege
3143 896 3526 961 offerebantur,
3567 894 3614 951 si
3648 908 3755 948 non

2185 1004 2373 1054 essent
2398 994 2514 1048 vitii
2535 1004 2803 1061 expertes,
2820 991 3032 1047 etiamsi
3053 998 3239 1046 essent
3264 1004 3490 1060 magnae,
3525 1003 3631 1042 non
3658 1000 3757 1056 po—

2190 1095 2366 1144 terant
2407 1086 2615 1142 admitti
2663 1084 2729 1139 ad
2777 1082 3127 1138 sacriﬁcium.
3173 1080 3291 1148 Qua
3336 1080 3403 1135 de
3450 1093 3611 1133 causa
3658 1092 3755 1132 nec

2186 1196 2409 1239 munera
2440 1179 2570 1235 Cain
2601 1178 2712 1233 Deo
2746 1175 2966 1231 fuerunt
2995 1178 3239 1242 accepta.
3272 1169 3406 1225 Illud
3447 1178 3646 1233 autem,
3679 1167 3753 1222 Es

2187 1273 2510 1330 necessitate
2545 1271 2709 1326 etiam
2746 1265 2863 1323 ﬁeri
2898 1266 3032 1336 legis
3069 1263 3477 1320 translationem
3501 1302 3516 1329 ,
3550 1261 3654 1316 hoc
3692 1261 3758 1312 alt

2185 1365 2442 1438 Apostolo
2487 1363 2686 1419 dictum
2730 1374 2852 1415 esse
2884 1359 3089 1414 scimus
3130 1357 3196 1411 de
3233 1355 3351 1426 lege
3390 1350 3583 1409 veteri.
3621 1349 3757 1417 Quid

2183 1458 2326 1512 enim
2372 1455 2467 1511 tibi
2520 1453 2765 1517 videtur,
2817 1449 2963 1520 quod
2998 1449 3163 1505 situm
3210 1456 3295 1502 est
3341 1445 3481 1516 apud
3536 1443 3757 1498 fratrem

2188 1548 2396 1603 Domini
2439 1543 2738 1600 Jacobum?
2775 1539 2867 1596 Sic
2910 1548 3088 1594 autem
3125 1538 3330 1593 habet:
3381 1554 3399 1587 ι
3441 1534 3542 1603 Qui
3593 1540 3756 1588 totam

2186 1640 2355 1707 legem
2385 1634 2709 1706 impleverit,
2738 1632 2793 1685 in
2824 1644 2933 1684 uno
2968 1637 3145 1682 autem
3172 1626 3350 1696 lapsus
3373 1624 3463 1688 sit,
3494 1636 3615 1678 esse
3643 1637 3760 1677 om-

2187 1731 2334 1783 nium
2380 1726 2603 1783 reum’.
2648 1744 2667 1775 ι
2716 1721 2939 1776 Fratres
2982 1728 3164 1775 autem
3211 1724 3424 1771 nostros
3471 1727 3757 1784 pauperes,

2185 1818 2400 1878 etiamsi
2440 1833 2541 1873 nos
2583 1811 2953 1885 versemurin
2994 1811 3203 1881 inOpia,
3240 1817 3296 1863 at
3334 1807 3422 1876 qui
3454 1805 3589 1861 aluit
3621 1805 3759 1859 Deus

2188 1928 2357 1984 usque
2396 1912 2450 1967 in
2479 1910 2799 1966 hodiernum
2835 1907 3001 1970 diem,
3049 1905 3165 1974 ipse
3203 1916 3393 1957 eorum
3434 1911 3649 1968 quoque
3692 1895 3759 1948 de

2185 2014 2380 2060 caetero
2405 2014 2592 2056 curam
2623 2006 2794 2068 geret,
2826 1998 2870 2053 si
2898 1995 3057 2069 modo
3087 2008 3187 2049 nos
3215 1990 3331 2059 ejus
3361 1988 3617 2067 mandata
3643 2000 3756 2041 ser-

2186 2108 2377 2149 vamus
2416 2089 2734 2146 immobilia.
2779 2086 2918 2154 Quid
2955 2092 3042 2142 est
3071 2083 3213 2140 enim
3253 2081 3395 2153 quod
3432 2078 3621 2134 facere
3653 2090 3757 2131 non

2184 2184 2394 2256 possit?
2429 2191 2522 2238 aut
2549 2180 2677 2251 quid
2706 2180 2778 2235 sit
2800 2177 3021 2234 difficile
3044 2176 3116 2241 ei,
3139 2174 3229 2245 qui
3256 2174 3493 2243 quinque
3518 2182 3684 2240 panes
3706 2166 3758 2220 in

2184 2278 2404 2334 deserto
2445 2272 2734 2345 aliquando
2773 2268 3174 2339 multiplicavit,
3213 2266 3260 2319 si
3295 2264 3484 2319 decem
3529 2257 3757 2321 modios,

2185 2370 2278 2441 qui
2307 2375 2433 2423 sunt
2453 2367 2507 2422 in
2535 2378 2655 2420 meo
2681 2363 2906 2424 horreo,
2927 2356 3286 2421 benedixerit,
3311 2367 3404 2408 eos
3427 2351 3480 2405 in
3513 2364 3758 2419 magnam

2188 2477 2387 2533 augere
2416 2454 2852 2515 multitudinem?
2879 2450 3244 2521 Quamobrem
3282 2445 3400 2511 tibi,
3434 2458 3467 2499 ο
3501 2442 3595 2509 lili,
3633 2456 3763 2496 con-

2186 2529 2367 2609 veniet
2400 2552 2488 2615 id,
2518 2547 2662 2619 quod
2690 2544 2897 2602 Simoni
2925 2544 3125 2598 dictum
3158 2548 3241 2596 est
3271 2538 3326 2594 in
3357 2533 3510 2592 Actis
3537 2552 3550 2588 :
3591 2551 3609 2585 ι
3642 2529 3761 2586 Non

2186 2646 2384 2704 esttibi
2414 2658 2562 2713 pars,
2604 2654 2780 2711 neque
2803 2652 2923 2694 sors
2952 2637 3004 2690 in
3034 2636 3138 2693 hac
3171 2641 3324 2703 parte
3347 2630 3388 2684 ⁸.
3430 2649 3449 2682 ι

2260 2735 2447 2792 XXIV.
2480 2732 2730 2788 Nondum
2758 2731 2848 2786 ille
2878 2729 3133 2784 dimissus
3166 2730 3412 2789 domum,
3444 2736 3502 2777 re
3537 2719 3759 2784 infecta,

2188 2830 2447 2893 redierat,
2476 2841 2599 2881 cum
2639 2837 2833 2894 magno
2854 2819 3046 2876 Joanni
3074 2814 3412 2886 significatur
3437 2813 3571 2869 duas
3595 2810 3762 2866 naves

2189 2921 2443 2979 Ecclesia:
2480 2920 2534 2974 in
2579 2924 2794 2989 portum
2844 2912 3137 2987 appulisse,
3185 2907 3421 2971 ferentes
3467 2921 3533 2963 ex
3575 2902 3761 2959 Sicilia

2190 3015 2354 3072 multa
2386 3008 2643 3068 frumenti
2668 3007 2854 3062 millia.
2885 3005 3036 3071 Quod
3072 3001 3288 3072 quidem
3324 3013 3447 3055 cum
3489 2997 3583 3052 ille
3612 2996 3763 3052 audi--

510 3097 827 3168 κομίζοντα·
842 3102 981 3173 ὅπερ
1009 3104 1270 3174 ἀκούσας,
1315 3108 1521 3171 ἐκεῖνος
1540 3111 1620 3173 εἰς
1643 3096 1849 3178 γόνατα
1866 3087 2082 3174 πεσὼν,

2192 3109 2380 3172 visset,
2405 3102 2695 3175 procidens
2719 3100 2774 3154 in
2797 3108 2994 3166 genua,
3021 3093 3131 3148 Deo
3160 3092 3269 3161 egit
3291 3090 3514 3160 gratias,
3541 3087 3761 3143 dicens:

509 3189 827 3262 ηὐχαρίστει
860 3195 938 3266 τῷ
965 3195 1086 3268 Θεῷ
1129 3197 1326 3267 λέγων,
1378 3201 1459 3255 ὅτι
1489 3202 1553 3255 Ol
1593 3200 1952 3271 ὲκζητοῦντές
2003 3219 2086 3266 σε,

516 3283 713 3355 Κύριε,
744 3287 962 3353 καὶτὰς
991 3290 1213 3356 ἐντολάς
1247 3310 1340 3346 σου
1376 3293 1762 3363 φυλάττοντες,
1808 3294 1908 3348 οὐκ
1930 3295 2088 3348 ἐλατ-

510 3375 849 3445 τωθήσονται
898 3380 1101 3445 παντὸς
1162 3383 1398 3452 ἀγαθοῦ*
1445 3384 1525 3437 διὸ
1567 3385 1856 3455 μεγαλῦνω
1888 3402 1980 3445 σου
2028 3387 2088 3439 τδ

513 3467 778 3537 πενάγιον
805 3469 996 3541 ὄνομα,
1032 3473 1114 3527 ὅτι
1158 3477 1235 3546 μὴ
1259 3476 1646 3548 συνεχώρησας
1683 3479 1761 3549 τῷ
1790 3478 1961 3549 δούλῳ
1995 3496 2087 3532 σου

514 3562 827 3632 χρημάτων·
856 3563 1018 3620 ὢνιον
1063 3566 1163 3637 τὴν
1206 3568 1367 3642 χάριν
1395 3588 1487 3624 σου
1519 3571 1730 3627 θέσθαι.
1774 3573 1916 3626 Ἀλλ’
1945 3572 2090 3626 οὓτω

518 3654 616 3722 μὲν
639 3654 698 3708 ὲν
727 3657 984 3710 στενὼσει
1020 3658 1346 3725 πλατυνοείς
1374 3663 1403 3716 ό
1429 3663 1670 3732 ἀοίδιμος
1701 3663 1760 3717 οὐ
1807 3665 2088 3735 προήκατο

514 3746 614 3821 τῆς
648 3749 950 3832 ἀναγκαίας
981 3751 1174 3823 χρείας
1202 3751 1301 3823 τὴν
1333 3753 1425 3806 τοῦ
1460 3754 1680 3818 κανόνος
1711 3754 2014 3825 ἀκρίϐειαν.

2191 3198 2297 3266 Qui
2323 3208 2376 3252 te
2409 3199 2677 3266 quaerunt,
2714 3187 2974 3253 Domine,
3004 3193 3059 3240 et
3095 3190 3318 3237 servant
3350 3188 3438 3235 tua
3483 3178 3761 3241 mandata,
3819 3176 3823 3185 ’

2191 3308 2299 3348 non
2335 3289 2649 3345 minuentur
2687 3281 2836 3339 omni
2874 3279 3039 3334 bono.
3084 3275 3444 3343 Quamobrem
3481 3269 3764 3342 magniﬁco
3848 3336 3851 3339 ἢ

2192 3381 2597 3441 sanctissimum
2638 3388 2837 3432 nomen
2885 3381 3069 3437 tuum,
3120 3368 3262 3438 quod
3302 3380 3406 3422 non
3450 3361 3767 3434 permiseris

2193 3491 2353 3534 servo
2386 3482 2510 3541 tuo,
2558 3480 2617 3525 ut
2656 3478 2800 3524 tuam
2836 3464 3080 3537 'gratiam
3128 3460 3484 3517 venumdaret
3515 3453 3764 3526 pecunia.

2196 3570 2302 3626 Sed
2341 3566 2422 3622 sic
2463 3563 2683 3634 quidem
2711 3560 2764 3614 in
2800 3554 3066 3627 angustiis
3100 3554 3355 3608 dilatatus
3394 3550 3478 3604 vir
3510 3548 3767 3620 inclytus,

2194 3675 2300 3716 non
2331 3654 2570 3729 prodidit
2598 3666 2697 3722 pro
2726 3664 2823 3704 usu
2858 3660 3042 3703 rerum
3073 3641 3502 3700 necessariarum
3540 3653 3768 3695 accura-

2199 3763 2305 3806 tam
2346 3747 2543 3819 regulm
2573 3739 3026 3800 observationem.

1922 3940 1929 3945 ·
1987 3916 2215 3973 CAPUT
2257 3916 2320 3972 Υ.

1866 4033 2224 4089 Mansuetudo
2265 4032 2454 4086 animi;

588 4177 717 4232 KE'.
748 4179 841 4231 Δεῖ
867 4177 922 4231 δὲ
951 4177 1046 4232 καὶ
1066 4177 1266 4248 δείγμα
1296 4176 1396 4247 τῆς
1419 4177 1618 4250 πολλῆς
1647 4172 1716 4250 ἦς
1738 4175 1886 4250 εἶχεν
1910 4180 2091 4247 ἀνεξι-

517 4270 712 4332 κακίας
739 4271 903 4340 ἐρεῖν,
938 4269 1033 4323 καί
1059 4269 1147 4322 οἷα
1176 4265 1245 4341 ἦν
1272 4251 1421 4342 αῦτῷ
1453 4270 1582 4343 περί
1607 4272 1765 4342 τήνδε
1819 4270 1918 4344 τὴν
1943 4273 2091 4326 ὲντο-

515 4360 613 4431 λὴν
645 4362 678 4430 ἡ
711 4359 968 4430 ἀκρίϐεια
1019 4360 1406 4431 διηγήσασθαι,
1452 4362 1559 4416 Δύο
1586 4364 1741 4426 τινὰς
1782 4362 1891 4417 τῶν
1920 4363 2091 4417 αὑτοῦ

517 4453 793 4524 κληρικῶν
847 4454 1101 4527 ἀλλήλοις
1156 4455 1528 4525 ὲπιμανέντας
1579 4440 1872 4527 ἀφορισμῷ
1957 4454 2091 4509 καθ-

519 4547 789 4600 υπέϐαλεν
817 4549 845 4601 ὁ
866 4548 1192 4620 Θαυμάσιοςο
1218 4543 1292 4602 ὧν
1323 4550 1354 4601 ὁ
1391 4548 1491 4619 μὲν
1515 4545 1617 4614 εἰς,
1684 4549 1918 4620 ἄσμενος
1962 4566 2097 4603 κατ-

2272 4176 2440 4234 XXV.
2481 4173 2706 4244 Oportet
2738 4176 2918 4225 autem
2950 4166 3132 4222 dicere
3158 4159 3324 4220 etiam
3359 4155 3617 4215 indicium
3651 4169 3770 4211 ma-

2198 4286 2338 4343 gnae,
2373 4283 2532 4339 quam
2564 4265 2791 4330 habuit,
2823 4258 3156 4325 tolerantiae,
3184 4264 3239 4312 et
3266 4267 3497 4310 narrare
3522 4264 3681 4323 quam
3713 4263 3772 4305 se.

2200 4363 2441 4435 perfecte
2466 4367 2675 4431 gereret
2703 4356 2756 4411 in
2784 4354 2889 4411 hoc
2915 4357 3208 4423 praecepto.
3237 4346 3386 4401 Duos
3412 4343 3673 4415 quosdam
3701 4356 3767 4396 es

2204 4433 2319 4511 suis
2348 4451 2564 4510 clericis
2587 4492 2601 4516 ,
2647 4447 2742 4518 qui
2773 4447 2915 4500 inter
2953 4457 3014 4500 se
3050 4440 3281 4497 invicem
3312 4436 3527 4492 fuerant
3569 4433 3772 4489 debac-

2205 4544 2374 4611 chati,
2403 4545 2485 4599 vir
2513 4537 2867 4598 admirandus
2892 4534 3197 4604 subiecerat
3220 4523 3603 4598 segregationi.
3631 4523 3776 4590 ρηο-

521 4640 740 4707 εδέξατο
785 4640 885 4712 τὴν
930 4616 1214 4712 ἐπιτιμίαν
1235 4657 1251 4673 ο
1282 4616 1511 4711 θάτερος
1540 4641 1599 4694 δὲ
1617 4616 1888 4713 πρόφασιν
1910 4642 2089 4714 ὥσπερ

2204 4655 2325 4696 rum
2357 4651 2498 4693 unus
2529 4634 2748 4706 quidem
2790 4642 3008 4702 poenam
3046 4626 3278 4682 libenter
3317 4622 3594 4685 subierat;
3636 4616 3777 4671 alter

402 4796 411 4802 ,
516 4737 617 4806 τῆς
641 4735 836 4789 ἑαυτοῦ
871 4734 1146 4806 ῥᾳθυμίας
1167 4735 1338 4806 αὐτὴν
1359 4732 1632 4806 εὑρηκὼς,
1666 4734 1844 4804 εὐχῶν
1877 4734 1975 4805 μὲν
2001 4734 2094 4788 καὶ

511 4831 792 4897 συνάξεων
838 4830 899 4884 τὸ
929 4831 1197 4902 παράπαν
1244 4829 1474 4901 ἡμέλει,
1529 4829 1851 4898 ἐπιθυμίαις
1883 4829 1942 4884 δὲ
1973 4832 2095 4894 ταῖς

519 4922 678 4985 ἰδίαις
707 4922 1000 4986 διαπαντὸς
1049 4921 1405 4993 ἐνεσχόλαζεν
1425 4939 1442 4954 ο
1464 4916 1584 4975 εἶτα
1612 4922 1976 4993 προσηπείλει
2000 4922 2096 4975 καὶ

517 5016 595 5086 τῷ
627 5017 848 5089 μεγάλῳ
906 5018 1539 5090 καταπανουργήσασθαι
1573 5016 1673 5086 τῆς
1703 5015 1906 5085 πολλῆς
1944 5015 2094 5069 ὲκεί-

520 5126 615 5176 νης
656 5109 753 5162 καὶ
800 5109 1113 5179 ἁγιωτάτης
1162 5108 1485 5178 ἁπλότητος.
1537 5107 1676 5161 Φασὶ
1735 5105 1804 5167 δέ,
1826 5122 1973 5168 τινες
2006 5105 2099 5158 καὶ
2138 5177 2143 5181 ἡ

517 5200 707 5253 τοῦτον
730 5200 895 5253 αὐτὸν
917 5196 1060 5254 εἶναι
1089 5200 1183 5255 τὸν
1211 5199 1624 5268 ὑποϐεϐληκότα
1648 5198 1866 5268 Νικήτᾳ
1902 5213 2100 5267 πατρι-

521 5292 623 5362 κίῳ
649 5294 723 5348 τὰ
740 5295 839 5364 τῆς
863 5291 1195 5363 Ἐκκλησίας
1230 5290 1515 5346 ἀνελέσθαι
1536 5292 1643 5363 χρή
1654 5306 1822 5361 ματα,
1852 5288 2101 5359 οἰόμενον

522 5384 586 5437 ὲκ
620 5385 810 5439 τούτου
841 5385 1022 5456 λύπης
1049 5385 1224 5440 αἴτιον
1254 5384 1594 5455 καταστῆναι
1635 5381 1713 5453 τῷ
1758 5381 2097 5453 πατριάρχῃ.

535 5472 691 5527 Ἐπεὶ
717 5477 903 5530 τοίνυν
927 5476 1168 5545 ἔγνωστο
1195 5474 1347 5530 τουτί
1376 5475 1455 5544 τῷ
1490 5473 2101 5546 μεγάλῳ,λογισάμενος
2140 5512 2145 5515 »

526 5565 738 5640 μήποτε
770 5567 866 5622 καὶ
885 5566 962 5641 τῷ
989 5568 1223 5640 διαὸόλῳ
1243 5567 1620 5639 παρανάλωμα
1644 5567 1888 5639 γένηται,
1915 5566 2102 5621 καλεῖν

588 5752 607 5785 ³
636 5749 749 5809 Jac.
775 5770 838 5821 ιι,
868 5752 951 5810 l0.
1020 5753 1038 5785 ‘
1063 5753 1182 5809 Act.
1214 5768 1335 5820 vm,
1380 5753 1463 5815 l2,

2199 4737 2379 4787 autem
2401 4744 2524 4785 cum
2552 4742 2672 4784 eam
2694 4722 2994 4780 invenisset
3026 4727 3285 4789 tanquam
3316 4722 3634 4785 praetextum
3661 4725 3778 4765 sua:

2200 4822 2484 4886 socordiae,
2503 4834 2726 4891 precum
2750 4814 2967 4888 quidem
2990 4819 3047 4868 et
3065 4806 3550 4881 congregationum
3573 4802 3774 4859 nullam

2200 4915 2422 4972 omnino
2447 4926 2634 4969 curam
2664 4909 2905 4980 gerebat,
2939 4903 3168 4960 vacabat
3195 4910 3376 4957 autem
3402 4897 3630 4954 omnino
3660 4894 3776 4951 suis

2201 4996 2645 5078 cupiditatibus:
2677 5001 2875 5057 deinde
2916 4998 3225 5053 minabatur
3260 4993 3456 5058 etiam,
3495 5002 3555 5044 se
3595 4987 3775 5056 magni

2204 5102 2347 5155 illius
2379 5098 2478 5152 viri
2513 5109 2781 5151 summam
2818 5091 2963 5147 illam
2995 5097 3050 5145 et
3078 5085 3481 5143 sanctissimam
3516 5078 3779 5148 simplici-

2206 5202 2368 5249 tatem
2422 5187 2721 5245 calliditate
2768 5185 2952 5255 aliqua
3010 5181 3531 5236 circumventuram.
3585 5170 3781 5224 Dicunt

2204 5299 2334 5339 vero
2365 5281 2556 5352 aliqui,
2586 5281 2731 5335 hunc
2753 5288 2969 5348 quoque
2997 5288 3123 5329 eum
3150 5285 3290 5336 esse,
3323 5268 3417 5339 qui
3449 5263 3655 5322 Hiceta".
3686 5276 3780 5331 pa.

2208 5373 2366 5428 tricio
2413 5378 2791 5442 suggesserat,
2839 5375 2898 5421 ut
2939 5363 3200 5435 pecunias
3243 5360 3458 5417 tolleret
3499 5353 3780 5416 Ecclesiae,

2208 5468 2335 5522 dum
2371 5463 2713 5520 existimaret
2737 5475 2796 5516 se
2819 5474 2882 5516 ea
2912 5458 3123 5514 ratione
3151 5451 3519 5526 patriarcham
3555 5446 3782 5502 allectat-

2209 5574 2326 5618 rum
2374 5556 2639 5614 molestia.
2689 5554 2823 5610 Cum
2867 5565 2998 5620 ergo
3028 5548 3132 5604 boc
3177 5558 3401 5616 magnus
3441 5539 3803 5614 regnovisset,
