4138 6406
384 256 497 323 919

1584 251 1867 331 HENSIS
1903 275 2361 342 JANUARIUS.

3519 298 3625 361 920

383 370 730 438 patriarcha,
765 371 964 428 timens
996 388 1061 428 ne
1097 373 1237 431 forte
1270 376 1315 435 is
1344 392 1376 432 a
1410 379 1624 435 diabolo
1657 397 1946 440 consume-

2054 391 2249 462 ἔμελλε
2269 395 2458 450 τοῦτον
2495 400 2586 452 καὶ
2604 401 2949 470 συμπαθείας
2970 403 3284 471 καταξιοῦν·
3315 409 3629 481 προμηθείᾳ

382 470 555 527 retur,
597 475 723 516 eum
754 472 875 518 eral.
913 473 1202 526 vocaturus
1228 474 1278 521 et
1315 467 1632 537 dignaturus
1660 474 1953 528 commise-

383 553 633 611 ratione:
668 555 889 612 meliore
918 566 1097 617 autem
1128 558 1466 628 providentia
1501 563 1792 619 mandatur
1816 567 1951 622 obli-

385 642 534 700 vioni
574 643 662 711 id,
696 647 841 719 quod
885 646 1066 703 animo
1103 649 1404 722 cogitabat,
1444 660 1505 708 ut
1544 667 1796 725 suprema
1836 658 1954 727 ejus

380 737 839 796 bumilitasfieret
868 740 1092 803 evidens
1125 743 1320 814 majori
1349 745 1841 805 commiseratione.

453 826 645 883 XXVI.
684 826 817 888 Nam
848 845 973 886 cum
1003 830 1217 889 adesset
1248 833 1455 889 dierum
1487 835 1728 891 omnium
1758 841 1948 908 praei.

377 932 537 986 puus,
558 919 676 990 ipse
707 928 888 978 autem
929 933 1135 981 astaret
1163 926 1215 979 in
1254 926 1410 983 altari
1443 927 1579 1000 (14),
1615 939 1670 984 et
1700 931 1951 988 incruen-

383 1018 496 1064 tum
524 1009 747 1068 offerret
777 1016 1138 1082 sacrificium,
1164 1033 1228 1073 ea
1271 1021 1386 1089 ipsa
1423 1024 1581 1090 hora,
1625 1025 1677 1080 in
1713 1041 1815 1097 qua
1861 1045 1950 1085 sa—

381 1110 531 1150 crum
577 1099 755 1154 velum
789 1102 1031 1159 auferret
1073 1120 1103 1160 a
1148 1109 1352 1163 sanctis
1405 1110 1582 1178 donis,
1635 1118 1949 1174 recordatus

374 1186 516 1255 ejus,
550 1190 641 1256 qui
674 1191 856 1246 odium
882 1194 934 1249 in
974 1210 1096 1249 eum
1122 1212 1461 1270 conceperat,
1493 1214 1548 1260 et
1580 1221 1786 1263 memor
1814 1225 1951 1279 prae-

374 1280 516 1348 cepti
554 1277 841 1349 Dominici,
868 1287 1008 1354 quod
1028 1289 1183 1355 jubet
1209 1291 1425 1361 quidem
1447 1294 1720 1354 dimittere
1750 1277 1948 1358 donum

376 1379 505 1427 ante
532 1370 724 1438 altare,
770 1377 1063 1445 procedere
1104 1389 1283 1437 autem
1324 1385 1478 1453 prius
1522 1386 1590 1442 ad
1628 1387 1815 1446 fratris
1859 1408 1946 1448 re-.-

377 1462 807 1520 conciliationem
829 1466 873 1531 ⁵,
911 1475 966 1522 et
1005 1477 1134 1524 tunc
1175 1471 1377 1529 donum
1408 1475 1640 1548 offerre;
1677 1482 1950 1552 signiﬁcat

377 1552 632 1617 diacono,
670 1565 729 1609 ut
763 1571 1059 1613 connexam
1090 1574 1332 1618 resumat
1365 1568 1701 1638 petitionem,
1730 1583 1782 1628 et
1806 1590 1949 1646 saepe

375 1643 538 1708 dicat,
572 1647 743 1701 donec
774 1645 890 1714 ipse
920 1650 1159 1707 redierit.
1192 1651 1310 1722 Ipse
1337 1666 1517 1713 autem
1543 1671 1783 1718 ventrem
1813 1643 1945 1735 prte-

378 1746 587 1802 texens,
636 1752 888 1809 egressus
935 1749 1021 1796 est
1074 1744 1143 1800 ab
1187 1745 1370 1820 altari,
1420 1760 1474 1805 et
1529 1754 1694 1810 mittit
1752 1729 1946 1829 titagna
1979 1729 2023 1784 Β

374 1827 679 1894 celeritate,
702 1830 769 1883 ad
808 1844 868 1886 se
907 1847 1109 1891 vocans
1150 1836 1301 1895 illum
1351 1841 1613 1899 clericum
1649 1865 1663 1902 :
1696 1849 1786 1918 qui
1828 1827 1951 1920 qui-

375 1920 497 1975 dem
537 1936 660 1976 mox
708 1922 916 1980 aderat.
971 1923 1204 1983 Sanctus
1255 1946 1379 1987 vero
1426 1935 1662 2005 procidit
1708 1942 1774 1994 ad
1830 1943 1948 2010 ejus

375 2011 567 2078 pedes,
607 2010 737 2066 nihil
784 2013 1007 2069 omnino
1050 2030 1310 2075 aversans
1361 2022 1551 2081 oculos
1594 2041 1817 2094 eorum,
1857 2033 1947 2100 qui

374 2103 621 2172 aderant,
673 2107 881 2162 veniam
930 2112 1227 2178 postulans.
1270 2115 1477 2175 Deinde
1513 2120 1622 2190 ille,
1664 2127 1754 2194 qui
1800 2128 1949 2197 prius
1988 2148 1995 2153 ·

374 2192 554 2250 fuerat
597 2197 885 2269 insipiens,
933 2202 1122 2259 videns
1177 2206 1279 2260 hoc
1333 2192 1739 2270 sacrosanctum
1787 2192 1973 2289 caput.

376 2287 670 2355 projectum
700 2292 764 2350 ad
789 2307 917 2350 suos
946 2295 1131 2364 pedes,
1160 2296 1260 2352 fuit
1298 2303 1477 2356 statim
1506 2302 1711 2362 fractus
1745 2287 1947 2377 animo,

376 2381 576 2435 timens
603 2382 777 2450 ignem
807 2383 874 2439 de
909 2388 1071 2453 caelo,
1108 2397 1162 2442 et
1187 2404 1308 2459 quas
1349 2393 1495 2450 illinc
1529 2400 1814 2456 mittuntur
1850 2403 1951 2457 ful-

385 2473 551 2526 mina.
597 2471 715 2542 Ipse
762 2491 976 2549 quoque
1027 2493 1232 2548 pronus
1281 2487 1500 2554 cadens,
1558 2493 1717 2561 petiit
1765 2496 1835 2552 ab
1885 2513 1951 2552 eo

375 2566 606 2618 veniam.
640 2564 834 2623 Beatus
858 2579 1040 2625 autem
1070 2570 1338 2630 Joannes:
1372 2576 1826 2662 Deusambobus.
1863 2588 1950 2642 in-

383 2657 525 2726 quit,
562 2660 831 2728 iguoscat,
866 2660 938 2717 Illi
973 2664 1066 2718 mi.
1108 2663 1315 2723 Deinde
1364 2686 1487 2725 eum
1518 2657 1734 2745 quoque
1763 2694 1946 2735 secum

374 2749 626 2815 assumit,
668 2759 723 2804 ct
766 2766 887 2806 cum
937 2755 1133 2823 gaudio
1164 2767 1220 2814 et
1259 2774 1384 2815 cum
1423 2774 1626 2832 quanta
1679 2766 1785 2823 dici
1838 2787 1948 2828 non

374 2849 551 2907 potest
588 2842 861 2915 voluptate
887 2861 1039 2905 aram
1063 2849 1354 2919 ingressus,
1388 2863 1514 2912 tunc
1539 2859 1703 2915 ausus
1728 2872 1810 2918 est
1840 2864 1950 2921 Deo

375 2930 555 2988 dicere
601 2949 724 2990 cum
773 2937 966 2993 fiducia
1005 2957 1019 3002 :
1066 2940 1286 3000 Dimitte
1335 2949 1492 3004 nobis
1518 2950 1701 3008 debita
1741 2965 1947 3024 nostra,

2054 482 2111 536 δὲ
2133 488 2401 555 κρείττονι
2426 487 2563 560 λήθῃ
2591 497 2940 564 παραιρεῖται
2975 495 3036 548 τὸ
3070 495 3467 567 μελετώμενον,
3487 499 3631 552 ὥστε

2054 577 2117 628 τὸ
2154 577 2443 650 ὑπέρμεγα
2467 582 2562 652 τῆς
2588 583 2757 637 αὑτοῦ
2785 586 3192 652 ταπεινώσεως,
3228 587 3438 658 μείζονι
3486 605 3631 659 eu.»

2055 668 2257 738 παθείᾳ
2289 671 2542 738 γενέσθαι
2564 677 2893 746 καταφανές.

2126 850 2269 919 KCT'.
2290 850 2376 915 Ὠς
2405 851 2512 922 γὰρ
2538 853 2749 924 ἠκυρία
2767 854 2873 910 τῶν
2893 856 3119 927 ἡμερῶν
3148 857 3355 928 παρῆν,
3387 858 3550 923 αὐτὸς
3571 857 3630 913 δὲ

2052 944 2131 1016 τῷ
2148 944 2352 1014 βήματι
2369 948 2657 1016 παραστὰς
2686 945 2782 1017 τὴν
2805 948 3142 1016 ἀναίμακτον
3174 949 3438 1019 ἐτύγχανε
3456 964 3631 1018 προσ-

2052 1035 2232 1105 φέρων
2248 1037 2435 1089 θυσίαν
2462 1037 2582 1091 κατ’
2600 1038 2771 1109 αὐτὴν
2797 1040 2896 1107 τὴν
2918 1038 3067 1111 ὥραν
3085 1041 3142 1092 ὲν
3209 1040 3269 1093 τὸ
3294 1042 3339 1093 is
3349 1040 3438 1109 ρδν
3458 1056 3629 1093 κατα-ε

2053 1127 2309 1196 πέτασμα
2325 1127 2432 1178 τῶν
2456 1127 2616 1181 θείων
2641 1128 2828 1199 δώρων
2844 1130 3178 1202 ἀφαιρεῖται,
3195 1132 3274 1194 είς
3295 1131 3517 1201 μνήμην
3532 1128 3629 1191 τοῦ

2055 1219 2521 1289 μνησικακοῦντος
2539 1219 2729 1285 ἐλθὼν,
2765 1221 2859 1274 καὶ
2889 1221 2989 1288 τῆς
3015 1221 3352 1291 Δεσποτικῆς
3386 1223 3627 1290 ἐπιμνη-

2054 1308 2200 1372 σθεὶς
2241 1309 2481 1381 ἐντολῆς,
2532 1311 2566 1382 ἢ
2597 1311 2657 1364 τὸ
2691 1310 2790 1381 μὲν
2850 1311 3025 1378 δῶρον
3062 1310 3374 1382 ἔμπροσθεν
3405 1313 3628 1380 ἀφεῖναι

2050 1399 2144 1453 τοῦ
2170 1400 2557 1473 θυσιαστηρίου
2579 1402 2813 1469 κελεύει,
2857 1404 2990 1474 πρὸς
3028 1403 3372 1472 καταλλαγὰς
3411 1404 3469 1457 δὲ
3494 1405 3628 1474 πρό-

2049 1508 2208 1562 τερον
2242 1493 2491 1563 χωρῆσαι
2526 1494 2620 1547 τοῦ
2657 1494 2909 1562 ἀδελφοῦ,
2946 1495 3041 1547 καὶ
3087 1495 3207 1548 τότε
3238 1494 3303 1564 δὴ
3348 1493 3408 1548 τὸ
3454 1494 3633 1564 δῶρον

2051 1587 2460 1655 προσενεγκεῖν,
2491 1584 2642 1653 δηλοῖ
2668 1586 2746 1656 τῷ
2782 1587 3012 1658 διακόνῳ
3042 1587 3139 1657 τὴν
3163 1587 3445 1655 συναπτὴν
3476 1586 3630 1654 αττη-

2054 1691 2138 1727 σιν
2164 1675 2544 1739 ἐπαναλαϐεῖν,
2566 1677 2660 1730 καὶ
2693 1678 2952 1740 πολλάκις
2984 1680 3157 1731 εἰπεῖν
3190 1678 3386 1747 μέχρις
3415 1676 3482 1730 ἂν
3528 1677 3630 1728 αὐ-

2048 1766 2140 1829 τὸς
2169 1768 2471 1822 ἐπανέλθοι.
2490 1770 2659 1833 Αὐτὸς
2675 1771 2731 1824 δὲ
2757 1770 2851 1839 τὴν
2878 1772 3121 1840 γαστέρα
3152 1769 3631 1840 προφασισάμενος

2051 1856 2315 1928 ὑπεξῆλθε
2352 1858 2445 1911 τοῦ
2487 1859 2901 1930 θυσιαστηρίου,
2943 1861 3038 1913 καί¹
3078 1861 3288 1930 πέμπει
3337 1857 3516 1927 πολλῷ
3551 1857 3630 1927 τῷ

2049 1945 2202 2015 τάχει
2231 1945 2322 1999 τὸν
2352 1946 2611 2018 κληρικδν
2644 1950 2853 2002 ἐκεῖνον
2899 1949 3394 2019 μετακαλούμενος,
3439 1947 3547 1998 Καὶ
3571 1946 3630 2009 ὃς

2050 2039 2251 2092 αὐτίκα
2293 2039 2496 2111 παρῆν.
2539 2041 2604 2093 Ὅ
2648 2040 2705 2093 δὲ
2726 2043 2838 2104 τοῖς
2881 2041 3048 2094 αὐτοῦ
3081 2041 3416 2112 προσπίπτει
3470 2040 3629 2093 ποσὶν

2049 2127 2202 2182 οὒδὲν
2228 2129 2363 2192 ὅλως
2417 2131 2545 2192 τοὺς
2585 2129 2697 2183 τῶν
2729 2131 3014 2202 παρόντων
3059 2131 3383 2202 διατραπεὶς
3429 2128 3631 2198 ὀφθαλιτ

2054 2222 2208 2290 μους,
2242 2221 2587 2293 συγχώρησιν
2613 2222 3015 2294 ἐξαιτούμενος.
3048 2220 3182 2276 Εἶτα
3211 2224 3240 2275 ὁ
3273 2223 3403 2294 πρὶν
3461 2221 3629 2274 ἀσύν-

2051 2330 2171 2376 ετος
2194 2314 2423 2380 ἐκεῖνος,
2441 2319 2539 2385 τὴν
2560 2316 2712 2384 ἱερὰν
2735 2314 2941 2385 ταύτην
2968 2313 3110 2387 ὁρῶν
3131 2315 3374 2383 κεφαλὴν
3401 2312 3510 2366 τῶν
3530 2312 3632 2363 αὐη

2049 2406 2144 2458 τοῦ
2196 2406 2374 2459 ποδῶν
2428 2406 2821 2477 προκειμένην,
2846 2405 3196 2476 κατεκλάσθη
3228 2422 3287 2458 τε
3309 2404 3479 2466 εὐθὺς
3532 2401 3631 2472 τὴν

2050 2496 2230 2567 ψυχὴν
2271 2497 2332 2550 τὸ
2373 2496 2433 2562 ἐξ
2471 2498 2701 2569 οὐρανοῦ
2731 2498 2912 2561 δείσας
2962 2497 3072 2569 πῦρ
3126 2498 3221 2551 καὶ
3257 2497 3385 2558 τοὺς
3418 2492 3630 2548 ἐκεῖθεν

2051 2570 2393 2662 πρηστῆρας,
2421 2593 2514 2645 καὶ
2539 2592 2751 2663 πρηνὴς
2777 2592 2867 2645 καὶ
2896 2591 3060 2654 αὐτὸς
3080 2588 3282 2653 πεσὼν,
3305 2589 3472 2641 ἐδεῖτο
3500 2602 3632 2652 συγ-ρ

2051 2682 2275 2754 γνώμης
2305 2685 2508 2753 τυχεῖν.
2544 2683 2604 2736 '0
2637 2682 2696 2736 δὲ
2734 2682 3025 2754 μακάριος,
3071 2682 3132 2734 '0
3163 2680 3294 2753 Θεὸς
3324 2678 3418 2732 καὶ
3445 2679 3629 2745 ἀμφ’

2043 2757 2226 2845 ’τέροις
2246 2774 2672 2846 συγχωρήσειεν,
2704 2773 2832 2843 ἔφη,
2861 2772 3051 2827 τέκνον
3075 2771 3224 2842 ἐμόιῇ
3244 2770 3466 2823 Ἔπειτα
3497 2768 3633 2835 λαμτ

2056 2868 2210 2922 ϐάνει
2241 2868 2428 2921 τοῦτον
2461 2865 2580 2937 μεθ’
2612 2863 2835 2931 ἑαυτοῦ,
2868 2865 2963 2919 καὶ
2992 2863 3108 2935 μετ’
3141 2862 3482 2932 εὐφροσύνης
3535 2859 3630 2912 καὶ

2050 2960 2179 3028 ὅσης
2203 2957 2303 3009 οὐκ
2330 2957 2395 3010 ἄν
2425 2971 2510 3018 τις
2529 2953 2672 3010 εἴποι
2698 2955 2796 3026 τῆς
2823 2954 3020 3025 ἡδονῆς
3044 2953 3124 3016 είς
3151 2951 3212 3006 τὸ
3244 2950 3630 3019 θυσιαστήριον

375 3026 516 3081 sicut
543 3038 597 3082 et
633 3044 728 3084 nos
756 3030 1077 3090 dimittimus
1109 3035 1447 3096 debitoribus
1488 3045 1708 3101 nostris.
1734 3046 1950 3105 Abhinc

2051 3026 2329 3115 εἰσελθὼν,
2358 3049 2480 3102 τότε
2529 3048 2593 3119 δὴ
2641 3049 2774 3118 μετὰ
2807 3047 3123 3119 παρρησίας
3150 3046 3325 3105 εἰπεῖν
3358 3042 3630 3112 ἐθάρσησε

377 3132 503 3188 ergo
529 3119 631 3174 fuit
663 3123 751 3177 hic
786 3124 1018 3182 clericus
1045 3127 1180 3186 adeo
1211 3132 1487 3190 modestus
1518 3145 1571 3191 et
1613 3139 1943 3210 moderatus,

375 3219 433 3263 ut
465 3210 616 3269 visus
647 3214 715 3268 sit
746 3215 961 3284 dignus,
997 3220 1093 3288 qui
1122 3221 1472 3279 ordinaretur
1502 3228 1806 3301 presbyter.
1838 3231 1943 3287 Sed

375 3304 478 3356 hoc
519 3304 758 3372 quidem,
798 3307 942 3362 sicut
998 3310 1253 3378 diximus,
1306 3324 1386 3371 est
1440 3318 1696 3373 indicium
1741 3336 1948 3392 magna:

373 3395 517 3452 illius
552 3397 855 3456 tolerantiae
883 3413 937 3459 et
960 3406 1367 3463 moderationis.

2051 3140 2127 3210 τῷ
2159 3139 2310 3210 Θεῴο
2354 3141 2524 3210 ’Ἄφες
2557 3141 2691 3209 ἡμῖν
2742 3139 2813 3193 τὰ
2839 3139 3184 3208 ὀφειλήματα
3214 3136 3289 3199 ὡς
3330 3136 3422 3188 καὶ⁴
3466 3134 3632 3203 ἡμεῖς

2052 3233 2287 3305 ἀφίεμεν
2336 3235 2449 3296 τοῖς
2497 3232 2805 3301 ὀφειλέταις
2868 3232 3047 3302 ἡμῶν.
3088 3228 3357 3286 Τοσοῦτον
3424 3224 3517 3280 οὖν
3568 3225 3632 3278 τὸ

2052 3326 2160 3379 ἀπὸ
2208 3324 2384 3390 τοῦδε,
2438 3324 2867 3396 συνεσταλμένος
2923 3324 3162 3393 κατέστη
3202 3321 3295 3375 καὶ
3345 3320 3563 3390 μέτριος
3601 3320 3631 3376 6

2056 3414 2312 3486 κληρικὸς
2338 3409 2492 3480 οὗτος
2513 3457 2528 3482 ,
2554 3415 2696 3473 ὥστε
2728 3418 2822 3470 καὶ¹
2852 3417 2951 3487 τῆς
2987 3414 3081 3469 τοῦ
3110 3414 3481 3486 πρεσϐυτέρου
3510 3429 3626 3481 χειρ

376 3488 619 3561 ροτονίας
646 3491 797 3560 ἄξιος
821 3494 1186 3568 ἀναφανῆναι,
1239 3499 1397 3557 Ἀλλὰ
1424 3501 1579 3558 τοῦτο
1618 3506 1716 3575 μὲν
1742 3506 1929 3577 ὥσπερ
1959 3509 2188 3580 ἔφημεν,
2251 3508 2452 3579 δεῖγμα
2481 3490 2578 3579 τῆς
2636 3509 2834 3579 πολλῆς
2894 3507 3245 3574 ἀνεξικακίας
3276 3507 3485 3572 ἐκείνου
3530 3507 3623 3560 καὶ

376 3585 598 3656 μετρίου
646 3588 815 3659 φρονή
825 3605 1014 3659 ματος.

444 3677 659 3737 XXVII.
703 3680 865 3738 Aliud
898 3694 1078 3741 autem
1106 3690 1361 3755 narrabo,
1390 3694 1533 3763 quod
1555 3706 1640 3751 est
1671 3712 1775 3751 non
1804 3699 1945 3753 mul-

375 3781 485 3827 tum
540 3773 803 3829 dissimile
845 3777 894 3831 ei
927 3777 1071 3846 quod
1113 3783 1406 3847 praecessit.
1452 3782 1548 3840 Est
1593 3789 1945 3860 Augelorum,

374 3863 450 3918 ait
475 3863 691 3933 quidam
724 3880 791 3921 ex
816 3864 1090 3934 I’atribus,
1111 3886 1455 3944 nequaquam
1489 3879 1821 3949 depugnare,
1851 3884 1944 3937 sed

376 3968 500 4011 esse
539 3955 590 4009 iu
623 3970 755 4026 pace
782 3967 1039 4027 perpetua
1077 3977 1092 4014 :
1127 3962 1428 4021 daemonum
1456 3979 1635 4026 autem
1676 3973 1947 4031 irrevoca-

377 4046 512 4101 biles
546 4061 644 4115 per
686 4056 849 4103 totam
877 4052 1040 4105 vitam
1088 4066 1344 4112 exercere
1375 4060 1685 4118 inimicitias
1718 4080 1733 4121 :
1774 4066 1948 4121 homi-

375 4149 504 4192 num
537 4152 666 4192 vero
706 4138 1011 4209 sapientum
1061 4144 1295 4201 breviter
1322 4149 1539 4218 quidem
1574 4152 1806 4210 fortasse
1840 4159 1946 4213 ira-

371 4228 471 4294 sci,
503 4229 614 4283 cito
641 4239 822 4285 autem
880 4242 936 4286 et
966 4235 1127 4302 paqu
1171 4247 1292 4307 post
1328 4255 1552 4298 currere
1592 4248 1659 4299 ad
1696 4253 1942 4306 reconci-

373 4321 644 4377 liationes.
671 4320 806 4377 Cum
847 4338 978 4395 ergo
1022 4327 1148 4383 huic
1195 4345 1386 4402 magno
1417 4332 1616 4392 Joanni
1664 4339 1946 4399 incidisset

370 4420 431 4466 ut
458 4413 704 4473 nonnihil
730 4425 879 4471 esset
918 4417 999 4472 ira
1040 4422 1276 4487 percitus
1306 4425 1568 4485 adversus
1600 4444 1748 4495 eum,
1790 4435 1946 4504 cujus

2125 3696 2250 3756 KZ'.
2288 3699 2515 3769 Ἕτερον
2554 3698 2610 3750 δὲ
2644 3697 2703 3749 οὐ
2741 3696 2893 3767 παρὰ
2942 3697 3074 3750 πολὺ
3119 3697 3214 3749 τοῦ
3264 3696 3627 3765 προλαϐόντος

2051 3791 2305 3860 ἀνόμοιον
2338 3792 2687 3863 διηγήσομαι.
2735 3790 3025 3857 Ἀγγέλων,
3062 3789 3163 3858 ἔφη
3200 3806 3285 3853 τις
3313 3789 3419 3842 τῶν
3451 3790 3628 3843 Πατέ-

2058 3900 2188 3953 ρων,
2210 3883 2271 3936 τὸ
2312 3883 2575 3953 μηδαμῶς
2613 3881 2994 3953 διαμάχεσθαι,
3026 3881 3144 3959 ρλλ⁹
3171 3884 3228 3943 ἐν
3266 3882 3458 3953 εἰρήνῃ
3487 3876 3628 3943 εἶναι

2053 3976 2324 4046 διηνεκείο
2385 3976 2656 4045 δαιμόνων
2702 3975 2759 4027 δὲ
2811 3974 2873 4026 τὸ
2919 3973 3327 4027 ἀκατάλλακτον
3374 3973 3460 4027 διὰ
3512 3972 3628 4042 βίου

2057 4065 2285 4121 θάλπειν
2307 4066 2402 4138 τὴν
2425 4067 2627 4138 ἔχθραν
2648 4082 2661 4096 ⁸
2697 4065 3001 4134 ἀνθρώπων
3024 4066 3080 4118 δὲ
3116 4065 3374 4127 συνετῶν,
3406 4067 3464 4119 τὸ
3493 4066 3628 4136 βρα-

2055 4160 2156 4228 χέα
2218 4159 2315 4228 μὲν
2372 4160 2504 4223 ἴσως
2544 4156 2878 4227 ὀργίζεσθαι,
2930 4160 3066 4227 ταχὺ
3112 4156 3170 4209 δὲ
3202 4156 3300 4210 καὶ
3348 4157 3418 4210 δι’
3445 4157 3626 4224 ὀλίγου

2056 4223 2198 4303 θέειν
2219 4223 2356 4318 πρὸς
2387 4223 2755 4316 καταλλαγάς.
2799 4245 2953 4301 Ἐπεὶ
2989 4223 3121 4315 γοῦν
3171 4248 3264 4301 καὶ
3292 4247 3370 4318 τῷ
3404 4223 3626 4317 μεγάλῳ

2053 4342 2228 4411 τούτῳ
2277 4340 2625 4420 παροξυσμύν
2660 4357 2784 4393 τινα
2818 4340 3016 4410 συνέϐη
3050 4339 3185 4410 πρὸς
3236 4341 3328 4394 τὸν
3368 4340 3628 4403 πολλάκις

2052 4432 2140 4484 δια
2148 4448 2251 4501 μνη
2261 4430 2588 4500 μονευοέντα
2618 4428 2873 4497 γενέσθαι
2897 4430 3207 4501 πατρίκιον,
3241 4430 3631 4500 συναγορεύον-

368 4517 511 4572 saepe
553 4506 884 4562 mentionem
936 4510 1186 4581 fecimus,
1215 4517 1543 4586 patricium;
1575 4521 1669 4577 illo
1719 4525 1940 4595 quidem

2051 4540 2141 4586 τος
2171 4523 2459 4594 πράγματι
2491 4521 2715 4592 κέρδους
2744 4522 2926 4586 ἕνεκα,
2946 4521 3138 4576 τούτου
3172 4523 3227 4575 δὲ
3258 4523 3333 4592 μὴ
3364 4521 3628 4591 ἀνεχομέ-

369 4594 692 4652 defendente
726 4613 841 4654 rem
863 4600 1119 4671 injustam
1146 4605 1284 4663 lucri
1320 4623 1519 4674 causa,
1564 4625 1672 4667 non
1705 4614 1951 4682 patiente

2052 4629 2143 4666 νου
2174 4613 2317 4667 κατὰ.
2359 4612 2522 4683 ζῆλον
2555 4612 2938 4684 δικαιοσύνης
2996 4612 3097 4678 τῆς
3139 4613 3433 4682 ἑνδεκάτης
3478 4610 3628 4682 ὥρας

367 4695 548 4742 autem
576 4685 783 4746 Joanne
811 4696 1028 4763 propter
1051 4697 1223 4753 zelum
1237 4697 1499 4769 justitim;
1528 4718 1652 4758 cum
1668 4704 1783 4774 jam
1811 4707 1950 4762 hora

2051 4705 2153 4775 ἤδη
2193 4703 2628 4775 καταλαϐούσης,
2668 4705 2699 4758 ὀ
2748 4705 3092 4777 πατριάρχης
3148 4705 3217 4758 δι’
3254 4703 3489 4775 ἀγγέλου
3529 4702 3626 4777 τοῦ

371 4778 683 4837 advenisset
720 4784 1029 4853 undecima,
1077 4789 1388 4858 patriarcha
1431 4810 1528 4863 per
1566 4797 1812 4851 nuntium
1837 4799 1944 4866 pri-

371 4883 516 4924 mum
545 4884 610 4927 ex
645 4875 979 4944 presbyteris
1017 4877 1067 4932 ci
1099 4878 1401 4950 significat,
1438 4877 1663 4939 dicens:
1696 4882 1788 4940 Sol
1825 4885 1939 4955 jam

369 4968 452 5015 est
485 4962 538 5017 in
571 4978 794 5031 occasu,
831 4983 865 5023 ο
899 4968 982 5023 vir
1021 4971 1256 5027 maxime
1278 4976 1604 5030 venerande.
1639 4975 1734 5031 Ille
1756 4988 1938 5034 autem

370 5051 477 5109 hoc
521 5056 690 5110 verbo
760 5067 1015 5130 tanquam
1073 5062 1295 5119 stimqu
1347 5066 1529 5137 aliquo
1579 5079 1938 5139 compunctus

366 5144 571 5212 animo,
601 5150 783 5204 statim
809 5152 1048 5207 surrexit
1075 5163 1132 5209 et
1166 5155 1323 5211 venit
1342 5157 1409 5212 ad
1452 5159 1735 5215 Sanctum.
1771 5161 1939 5228 Quem

370 5250 492 5291 cum
525 5238 613 5295 ille
643 5239 818 5297 libens
850 5246 1152 5316 excepisset
1177 5259 1232 5304 et
1256 5260 1401 5306 esset
1426 5253 1705 5322 amplexus
1728 5275 1742 5310 :
1767 5255 1944 5313 Crede

370 5328 523 5390 mihi,
559 5330 753 5399 inquit,
779 5335 883 5394 nisi
926 5334 1119 5395 fuisset
1157 5341 1291 5397 mihi
1316 5344 1677 5411 exploratum,
1710 5350 1852 5415 qum!
1894 5361 1943 5405 te

400 5438 403 5443 Δ
443 5480 463 5507 ⁵
496 5478 687 5536 ilatth.
719 5496 770 5545 ν,
795 5480 887 5541 25.

2049 4796 2267 4867 πρώτου
2284 4795 2393 4849 τῶν
2411 4797 2821 4869 πρεσϐυτέρων*
2848 4797 2906 4850 '0
2927 4798 3098 4867 ἥλιος,
3122 4795 3269 4864 αὐτῷ
3291 4796 3460 4867 δηλοῖ.
3492 4796 3628 4864 πρὸς

2045 4891 2256 4961 δυσμὰς
2276 4891 2399 4961 ἤδη,
2440 4889 2775 4960 τιμιώτατε’
2810 4893 2874 4943 Ὃ
2912 4890 2970 4943 δὲ
2994 4890 3077 4960 τῷ
3124 4891 3326 4960 ῥήματι
3376 4889 3628 4957 καθάπερ

2049 4983 2262 5055 κέντρῳ
2291 4984 2399 5038 τινι
2441 4984 2712 5051 διανυγεὶς
2758 4984 2856 5052 τὴν
2880 4982 3078 5054 ψυχὴν,
3108 4984 3307 5037 αὐτίκα
3336 4982 3625 5046 διαναστὰς

2046 5074 2304 5145 δρομαῖος
2332 5077 2560 5144 ἀφίκετο
2588 5079 2724 5145 πρὸς
2744 5077 2835 5129 τὸν
2861 5077 3030 5140 ὅσιον,
3062 5076 3121 5128 ὃν
3151 5076 3386 5145 ἄσμενος
3419 5077 3627 5135 ἐκεῖνος

2050 5166 2446 5237 ὑποδεξάμενός
2474 5184 2535 5235 τε
2595 5168 2687 5221 καὶ
2737 5168 3264 5236 κατασπασάμενος,
3304 5168 3622 5228 Πίστευσον,

2050 5262 2175 5328 ἔφη,
2203 5260 2252 5312 εἰ
2280 5258 2354 5330 μὴ
2395 5262 2630 5313 συνεῖδον
2667 5261 2749 5313 ὅτι
2768 5259 2996 5330 λυπήσω
3034 5275 3092 5313 σε
3125 5259 3356 5330 πράξας,
3387 5258 3525 5328 τάχα
3559 5257 3623 5309 ἂν

2050 5354 2203 5405 οῦδὲν
2233 5352 2716 5422 ὑπολογισάμενος,
2749 5352 2885 5423 πρὸς
2933 5354 3031 5422 τὴν
3071 5352 3170 5424 σὴν
3203 5353 3365 5416 αὐτὸς
3392 5351 3619 5421 ἐφοίτων

442 5634 550 5695 illi
590 5632 1425 5705 VerteratHervetustribunali;
1454 5658 1751 5713 perperam.
1789 5645 1950 5702 Gru'ct

442 5704 562 5741 actia
593 5712 731 5741 ποιοί
794 5720 890 5741 mm
932 5705 1084 5741 αἰπονῖ
1112 5710 1342 5741 sumtu...

2051 5649 2079 5717 ξ’›
2109 5650 2312 5720 βήματι
2348 5653 2651 5718 παραστὰς,
2691 5655 2832 5723 quod
2858 5653 2907 5708 iu
2946 5670 3002 5709 re
3033 5668 3208 5722 sacra,
3239 5664 3296 5710 ut
3317 5654 3412 5741 hic
3441 5669 3502 5709 ea
3537 5655 3622 5717 ad-

362 5699 562 5763 junctus
593 5712 756 5774 patet.
793 5720 890 5779 pro
931 5705 1085 5765 altari
1112 5710 1360 5770 sumitur.
