4138 6404
456 339 552 405 921

1401 341 1581 402 νιΤΑ
1621 343 1676 400 S.
1722 338 2041 402 JOANNIS
2077 339 2718 404 ELEEIIOSYNARII.
2800 339 2804 343 ”

3600 342 3709 404 922

456 451 948 524 μεγαλοπρέπειαν.
973 451 1038 503 Τί
1059 450 1128 518 γά
1139 467 1188 520 ρ,
1218 451 1265 503 εἰ
1289 453 1384 505 καὶ
1400 453 1429 506 ό
1459 452 1639 513 κοινὸς
1659 454 1692 521 ἡ
1701 451 1814 521 μῶν
1834 451 2019 502 Δεσπό-

2141 454 2382 506 irulestia
2421 454 2743 516 affecissem,
2797 456 2934 510 forte
2977 454 3111 510 nihil
3145 453 3393 508 dubitans
3439 461 3531 506 aut
3557 460 3708 520 pensi

452 563 552 617 της
595 545 694 598 οὑκ
725 545 957 614 ἀπηξίου
999 544 1140 598 κατὰ
1181 545 1366 608 πόλεις
1421 544 1620 600 διιέναι
1667 545 1758 598 καὶ
1809 543 2024 614 κώμας,

451 636 718 708 ὠφελείας
746 637 906 708 χάριν
935 638 1026 690 καὶ
1061 635 1394 707 θεραπείαςς

521 892 658 950 KH'.
690 895 916 948 Πάντων
940 894 994 948 δὲ
1039 894 1148 946 τῶν
1198 894 1313 948 ὅσοι
1362 894 1485 948 τότε
1519 895 1772 964 παρῆσαν
1795 895 1898 963 τῆς
1931 911 2029 964 μευ

449 988 736 1058 τριότητος
799 987 896 1054 τὴν
963 986 1268 1057 ὑπερόολὴν
1320 987 1636 1057 ἀγαμένων,
1681 988 1710 1039 ό
1739 975 2026 1056 πατρίκιος

451 1080 588 1150 πρὸς
612 1079 795 1142 αὑτὸν,
819 1078 1014 1132 Ούκέτι
1047 1095 1148 1147 μου
1165 1081 1232 1132 τὰ
1254 1074 1388 1144 ὦτα,
1410 1078 1535 1147 ἔφη,
1555 1081 1743 1148 χωρεῖ,
1768 1078 2024 1144 δέσποτα,

449 1172 559 1224 τῶν
611 1170 1064 1224 ἐνδιαϐαλλόντων
1109 1170 1424 1240 μηνύματα.
1459 1173 1602 1240 Πρὸς
1632 1171 1689 1223 ὃν
1709 1173 1736 1225 ὁ
1761 1171 1922 1239 σοφὸς
1945 1171 2024 1224 δι-

448 1265 714 1325 δάσκαλος
735 1305 750 1326 ,
783 1261 1038 1326 Πιπεισο,
1072 1260 1216 1327 εἷπε,
1266 1262 1456 1316 τέκνον
1481 1263 1827 1326 πιστότατον,
1875 1261 1950 1326 ὡς
1976 1263 2024 1314 εί

454 1355 740 1424 μέλλοιμεν
787 1353 959 1415 οὑτως
1005 1353 1194 1416 ἁπλῶς
1240 1355 1332 1407 καὶ
1381 1354 1756 1418 ἀϐασανίστως
1794 1355 1862 1408 τὰ
1908 1349 2024 1408 ὦτα

449 1447 617 1498 πᾶσιν
647 1446 888 1514 ὑπέχειν,
944 1446 1152 1515 μυρίων
1185 1447 1351 1515 ἐσμὸν
1383 1446 1792 1517 ἁμαρτημάτων
1813 1448 2026 1510 ἑαυτοῖς

454 1535 809 1608 ποριούμεθα,
839 1539 932 1590 καὶ
967 1538 1203 1606 μάλιστα
1228 1537 1322 1592 νῦν
1364 1539 1423 1591 ἐν
1446 1538 1622 1608 καιρῷ
1650 1538 1898 1607 τοιούτῳ,
1934 1537 2024 1590 ὅτε

448 1628 512 1698 δὴ
556 1629 649 1680 καὶ
682 1626 995 1696 ἁπέψυκται
1048 1629 1182 1680 πᾶσι
1235 1627 1304 1680 τὰ
1335 1629 1432 1697 τῆς
1463 1628 1705 1698 ἀγάπης.
1759 1625 1889 1683 Οἶδα
1916 1630 2023 1699 γὰρ

450 1718 559 1786 ἐγὼ
587 1719 868 1780 πολλάκις,
899 1719 977 1790 τῷ
1003 1718 1289 1772 πιστεῦσαί
1323 1737 1432 1772 τισι
1463 1720 1572 1772 τῶν
1619 1722 1688 1774 τὰ
1721 1721 1877 1774 κοινά
1922 1722 2022 1789 τῆς

450 1814 653 1874 πόλεως
691 1813 993 1882 πράγματα
1024 1812 1296 1880 λαχόντων
1335 1812 1556 1874 ἰθύνειν,
1590 1813 1816 1875 καὶτοῖς
1840 1813 2021 1866 αὐτῶν
2052 1789 2101 1848 Β

449 1905 629 1972 λόγοις
651 1905 836 1968 ἁπλῶς
868 1905 1197 1975 ὑπαχθῆναι,
1221 1903 1469 1974 λυπήσας
1491 1906 1643 1958 οὐδὲν
1669 1905 1788 1958 δέον
1824 1906 2019 1970 ὲνίους.

460 1998 572 2064 Ἐφ’
604 1992 684 2058 οἷς
705 1997 804 2050 οὑκ
835 1996 990 2064 ὀλίγα
1022 2012 1112 2065 μοι
1134 1996 1193 2048 τὸ
1218 1995 1404 2049 λοιπὸν
1438 1997 1827 2066 μετεμέλησεν.
1861 1997 2024 2050 Ὀθεν

447 2090 522 2151 ὼς
562 2088 708 2154 ἅπαξ
741 2090 833 2142 καὶ
870 2087 951 2150 δὶς
984 2088 1081 2142 καὶ
1133 2087 1396 2151 πολλάκις
1423 2088 1780 2158 παρενεχθεὶς
1833 2088 2023 2158 ἔτυχον

446 2181 510 2248 τῇ
547 2179 656 2232 τῶν
680 2178 1070 2231 διαϐαλλόντων
1110 2179 1315 2249 ἀπάτῃ,
1373 2180 1433 2231 τὸ
1492 2179 1629 2246 μετὰ
1682 2179 1855 2232 ταῦτα
1898 2181 2023 2248 ὅρον

446 2271 668 2339 ἐμαυτῴ
691 2269 1033 2340 περιέϐαλον,
1077 2273 1151 2341 μὴ
1180 2270 1444 2340 πρότερόν
1466 2289 1517 2324 τι
1548 2271 1688 2324 κατά
1707 2288 1853 2333 τινος
1883 2272 2021 2323 ἁπο-

448 2361 738 2430 φήνασθαι,
765 2365 895 2433 πρὶν
923 2361 988 2416 ἂν
1023 2363 1300 2432 ἑκατέρων
1324 2362 1502 2433 μερῶν
1532 2363 1629 2428 τὰς
1656 2364 2019 2430 δικαιολογίας

447 2455 744 2524 ἀκούσαιμι
762 2473 776 2487 ’
805 2458 898 2510 καὶ
927 2460 1039 2520 τοῖς
1083 2457 1556 2528 προσαναφέρουσι
1579 2457 1642 2526 δή
1680 2475 1770 2526 μοι
1791 2459 1859 2509 τὰ
1879 2475 2022 2525 πρα-

448 2547 580 2602 κτέα
629 2547 935 2618 ἠπείλησα,
983 2549 1058 2611 ὡς
1093 2551 1140 2602 εί
1171 2547 1478 2618 φωραθεῖεν
1521 2550 1602 2612 είς
1646 2548 1705 2601 τὸ
1732 2549 1861 2619 ἑξῆς
1916 2549 2022 2618 μά·

445 2645 596 2696 ταιόν
645 2661 696 2696 τι
745 2644 836 2696 καὶ
878 2643 1274 2712 συκοφαντικὸν
1324 2642 1434 2695 τῶν
1465 2642 1612 2712 ἐμῶν
1664 2642 1818 2695 ὢτων
1851 2660 2021 2695 κατα-

449 2734 855 2804 φλυαροῦντες,
920 2734 1019 2803 τὴν
1073 2734 1246 2804 αὐτὴν
1303 2737 1369 2806 ἣν
1431 2738 1457 2787 ὁ
1518 2734 2021 2802 συκοφαντούμενος

450 2827 638 2896 ἔμελλε
692 2825 1001 2897 φιλαλήθως
1043 2827 1518 2897 κατηγορούμενος
1578 2829 1784 2880 τίσουσι
1838 2828 2017 2897 δίκην.

461 2920 552 2984 Ἐξ
605 2921 813 2973 ἐκείνου
859 2919 990 2988 γοῦν
1051 2921 1200 2972 πᾶσα
1227 2921 1337 2972 τῶν
1385 2920 1738 2989 συκοφαντῶν
1784 2919 2018 2986 ἐξεκόπη

445 3013 700 3082 διαϐολήο
736 3012 816 3064 διὸ
860 3013 952 3064 καὶ
993 3013 1093 3081 τῆς
1131 3013 1230 3080 σῆς
1271 3012 1463 3082 δέομαι
1515 3013 2017 3083 μεγαλοπρεπείας,

449 3105 523 3174 μὴ
538 3104 733 3167 ’ἁπλῶς
765 3104 906 3157 οὕτω
956 3105 1048 3156 καὶ
1076 3104 1498 3172 εὑπαραδέκτως
1543 3104 1679 3174 πρὸς
1716 3105 1815 3165 τὰς
1838 3105 2020 3158 διαϐο-

367 3271 370 3274 γ
447 3197 542 3260 ait;
570 3196 714 3266 ἔχειν
757 3195 866 3248 τῶν
900 3196 1367 3248 ὲθελοκακούντων
1399 3195 1630 3265 ἀνδρῶν,
1681 3197 1816 3249 ἀλλὰ
1851 3197 2016 3266 πολλῇ

448 3291 712 3360 πρότερον
751 3289 1078 3342 ὑποϐάλλειν
1126 3289 1345 3360 ἐρεύνῃ.
1373 3288 1508 3342 Οὑδὲ
1555 3289 1662 3358 γὰρ
1706 3289 1774 3340 τὰ
1826 3290 2022 3358 μέτρια

447 3380 698 3434 ἐντεῦθεν
727 3381 872 3433 κακά
897 3380 1195 3441 τίκτονται,
1248 3379 1388 3431 ἀλλὰ
1437 3379 1532 3431 καὶ
1571 3378 1888 3448 δημεύσεις,
1925 3379 2019 3431 καὶ

451 3471 733 3539 μάστιγες,
789 3469 884 3521 καὶ
947 3469 1094 3536 φόνοι
1151 3468 1410 3531 πολλάκις
1471 3469 1740 3531 ἀναίτιοι,
1804 3470 2019 3533 πολλοῖς

447 3559 1009 3629 ιπικαταψευσθέντες
1042 3559 1276 3628 ἐπῆλθον
1309 3574 1322 3589 ·
1358 3563 1453 3612 καὶ
1490 3559 1674 3630 σχεδὸν
1717 3562 1744 3613 ὁ
1796 3561 2019 3630 σύμπας

447 3653 553 3707 ὑπὸ
579 3651 686 3705 τῶν
715 3651 969 3705 τοιούτων
997 3652 1399 3722 ἀνατέτραπται
1431 3652 1564 3721 βίος.
1607 3651 1822 3716 Ταύτας
1849 3652 1924 3716 ὡς
1953 3655 2017 3707 ἐκ

447 3745 582 3798 Θεοῦ
610 3745 708 3807 τὰς
752 3743 1102 3813 παραινέσεις
1135 3742 1470 3813 παραλαὸὼν
1500 3744 1528 3795 ὁ
1572 3745 1881 3815 πατρίκιος,
1911 3764 2015 3814 φυ-

449 3837 662 3891 λάττειν
691 3836 1059 3908 ἐπηγγείλατο
1087 3838 1215 3907 ἄχρι
1246 3838 1452 3900 τέλους.

524 4013 646 4068 ΚΘ’.
702 4017 926 4088 Ἕτερον
978 4017 1334 4088 προστεθήτω
1386 4020 1498 4080 τοῖς
1527 4019 1872 4089 είρημένοις,
1923 4021 2017 4072 καὶ

446 4109 577 4160 aurs
598 4107 658 4160 τὸ
692 4111 868 4177 πρᾶον
909 4109 1004 4162 καὶ
1035 4109 1360 4172 ἀνεξίκακον
1385 4110 1479 4162 τοῦ
1531 4109 1728 4180 ἀνδρὸς
1783 4111 2017 4180 ἀρκούν-

444 4216 550 4260 τως
583 4199 982 4269 χαρακτηρίσαι
1029 4199 1350 4270 δυνάμενον.
1412 4200 1654 4269 Ἀνεψιδς
1692 4197 1760 4270 ἦν
1814 4201 1890 4271 τῷ
1921 4218 2012 4270 με·

443 4289 595 4358 γάλῳ
623 4287 893 4359 Γεώργιος
916 4288 1153 4360 τοῦνομα
1172 4307 1182 4328 θ
1204 4285 1357 4353 οὗτος
1385 4290 1664 4360 ὑϐρισθεὶς
1692 4291 1840 4359 παρά
1871 4308 2016 4353 τινος

441 4386 551 4436 τῶν
581 4382 840 4451 καπήλων
893 4383 993 4452 τῆς
1025 4382 1252 4446 πόλεως,
1295 4383 1529 4452 ἰσχυρῶς
1578 4399 1640 4435 τι
1688 4381 1888 4452 ἐδήχθη
1921 4383 2016 4435 καὶ

2133 545 2360 608 habens,
2409 547 2524 614 ipse
2589 548 2652 600 ad
2706 559 2854 602 luam
2901 549 3171 602 venissem
3229 543 3707 614 Magnificentiam.

2131 637 2271 704 Quid
2307 639 2477 702 enim,
2522 639 2566 693 si
2601 641 2902 694 communis
2949 654 3165 710 quoque
3219 646 3405 692 noster
3450 636 3710 692 Dominus

2131 746 2236 784 non
2268 741 2350 785 est
2377 732 2701 801 dedignatus
2730 733 2881 786 obire
2914 734 3162 790 civitates
3185 741 3238 788 et
3268 732 3435 796 vicos,
3458 731 3710 786 utilitatis

2131 823 2302 892 gratia
2330 835 2383 877 et
2416 824 2718 878 curationis
2737 825 2762 877 ?

2200 913 2436 970 XXVIII.
2475 914 2743 970 Omnibus
2779 925 2957 970 autem
2994 918 3086 985 qui
3117 919 3343 972 aderant
3385 915 3706 970 admiranti-

2132 1006 2231 1060 bus
2274 1023 2538 1060 summam
2585 1009 3050 1074 moderationem,
3107 1009 3240 1062 dixit
3289 1009 3336 1062 ei
3390 1007 3702 1076 patricius:

2129 1093 2242 1148 Non
2277 1097 2509 1165 amplius
2539 1100 2759 1166 capiunt
2789 1114 2951 1152 aures
2979 1113 3134 1162 mete,
3161 1097 3357 1164 inquit,
3384 1113 3416 1149 0
3461 1098 3699 1158 demitte,

2129 1188 2428 1242 delationes
2477 1205 2689 1254 eorum,
2721 1190 2810 1258 qui
2853 1189 3240 1244 criminantur.
3287 1186 3384 1240 Cui
3434 1187 3570 1239 dixit
3617 1201 3705 1238 sa-

2129 1281 2280 1350 piens
2327 1281 2628 1350 magister:
2677 1281 3001 1335 Persuasum
3051 1282 3147 1335 tibi
3193 1281 3282 1340 sit,
3319 1279 3518 1346 inquit,
3557 1293 3589 1331 ο
3631 1278 3703 1329 fili

2129 1372 2458 1436 fidelissime,
2494 1373 2635 1440 quod
2671 1374 2714 1427 si
2753 1373 3068 1442 simpliciter
3108 1384 3161 1426 et
3191 1373 3393 1439 absque
3427 1371 3708 1423 exauiiaa-

2133 1465 2274 1518 tione
2303 1479 2545 1519 essemus
2576 1481 2735 1520 aures
2775 1466 3045 1534 prmbituri
3077 1465 3350 1529 oumibus,
3381 1478 3705 1533 pararemus

2130 1556 2288 1611 nobis
2321 1571 2548 1610 examen
2584 1558 2767 1611 decies
2797 1557 2943 1610 mille
2969 1569 3311 1624 peccatorum
3339 1595 3354 1620 ,
3385 1564 3440 1609 et
3471 1557 3706 1608 maxime

2129 1662 2270 1701 nunc
2315 1648 2405 1700 tali
2441 1649 2493 1700 in
2527 1656 2788 1717 tempore,
2827 1649 3040 1715 quando
3064 1649 3278 1700 refrixit
3303 1644 3704 1699 omnibuscha-

2131 1725 2280 1795 ritas:
2325 1740 2447 1793 Scio
2479 1741 2620 1794 enim
2653 1756 2772 1809 ego,
2801 1739 2943 1809 quod
2974 1748 3256 1807 propterea
3279 1736 3420 1806 quod
3459 1736 3703 1790 credide-

2131 1847 2246 1884 ram
2275 1830 2579 1898 aliquibus,
2615 1830 2811 1898 quibus
2854 1829 3117 1898 obtigerat
3151 1829 3321 1882 rcrtio
3350 1827 3608 1890 civitatis,
3647 1839 3703 1880 et

2127 1938 2313 1976 eorum
2372 1922 2553 1976 verbis
2602 1922 2776 1975 solum
2829 1936 3005 1975 essem
3063 1923 3333 1984 inductus,
3382 1919 3695 1981 nonnullos,

2125 2031 2247 2069 cmn
2283 2016 2503 2069 miuime
2550 2024 2846 2084 oporteret,
2901 2030 3042 2084 smpe
3099 2013 3370 2068 alfecerim
3425 2012 3696 2067 moleStia.

2127 2106 2245 2171 Quo
2277 2108 2474 2162 factum
2513 2115 2614 2172 est,
2644 2116 2700 2159 ut
2755 2122 2860 2159 non
2912 2121 3206 2176 paucorqu
3256 2120 3340 2158 me
3390 2105 3454 2158 de
3503 2113 3702 2156 cetera

2126 2201 2351 2254 Subierit
2384 2199 2721 2267 pmnitentia.
2741 2198 3102 2264 Quamobrem
3137 2213 3258 2250 cum
3279 2197 3443 2250 semel
3467 2206 3519 2249 et
3541 2197 3621 2247 bis
3647 2207 3704 2247 et

2126 2309 2266 2359 saepe
2301 2293 2613 2346 incidissem
2647 2292 2700 2343 in
2740 2291 2988 2344 fraudem
3020 2305 3205 2342 eorum
3227 2329 3242 2352 ,
3276 2290 3366 2358 qui
3404 2288 3695 2342 criminan-

2129 2396 2232 2450 tur,
2264 2385 2328 2439 de
2358 2395 2555 2438 czetero
2590 2385 2730 2453 apud
2763 2397 2846 2436 me
2873 2382 3151 2443 constitui,
3201 2397 3306 2434 non
3339 2380 3569 2448 amplius
3601 2378 3670 2430 ali
3701 2411 3704 2414 ~

2125 2479 2252 2546 quid
2286 2476 2635 2545 pronuntiare
2666 2476 2717 2528 iu
2753 2474 3007 2542 aliquem,
3041 2473 3354 2540 priusquam
3402 2470 3690 2524 audiissem

2121 2570 2208 2639 jus
2245 2571 2523 2637 utriusque
2568 2571 2735 2638 partis
2787 2585 2800 2620 :
2847 2578 2898 2621 et
2953 2567 3027 2622 iis
3057 2567 3146 2635 qui
3187 2564 3328 2618 facta
3364 2563 3428 2618 ad
3471 2578 3554 2616 me
3605 2565 3699 2614 dv-

2128 2662 2400 2720 fi-rebant.
2437 2677 2557 2715 sum
2595 2661 2852 2721 minatus,
2896 2659 3037 2727 quod
3085 2659 3128 2710 si
3175 2656 3426 2722 deinceps
3476 2654 3704 2708 fuissent

2125 2751 2445 2817 deprehensi
2475 2751 2662 2802 inanes
2697 2749 2904 2816 aliquas
2945 2763 3114 2818 nugas
3156 2746 3219 2798 ad
3251 2762 3397 2799 meas
3423 2760 3580 2797 aures
3605 2745 3698 2794 «ιι--

2127 2842 2268 2896 ferre
2295 2857 2389 2907 per
2426 2841 2774 2903 calumniam,
2812 2840 3026 2892 easdem
3060 2835 3234 2889 daturi
3267 2846 3448 2890 essent
3486 2849 3606 2904 pmn
3630 2852 3696 2895 ιε,

2125 2949 2261 3002 quas
2313 2935 2508 3001 quiest
2564 2946 2750 2986 revera
2803 2931 3185 2985 calumniator.
3234 2929 3317 2982 Ab
3371 2928 3464 2982 illo
3518 2929 3700 2995 itaque

2129 3036 2366 3094 tempore
2399 3023 2578 3077 excisa
2609 3023 2711 3076 fuit
2733 3022 2911 3076 omnis
2935 3021 3200 3076 calumnia
3222 3019 3696 3090 sycophantarum.

2048 3143 2090 3196 ο
2125 3115 2484 3182 Quamobrem
2521 3126 2666 3168 tuam
2701 3129 2918 3183 quoque
2953 3128 3082 3181 rogo
3120 3111 3596 3181 Maguiﬁcentiam,
3631 3126 3699 3162 ne

2127 3219 2233 3261 tam
2266 3207 2588 3275 simpliciter
2623 3215 2677 3260 et
2716 3216 2822 3259 tam
2859 3205 3019 3260 facile
3051 3205 3308 3258 admittas
3337 3203 3691 3271 malignorum

2125 3300 2401 3352 hominum
2442 3298 2764 3362 calumnias,
2805 3296 2899 3351 sed
2927 3311 3020 3350 eas
3054 3297 3206 3366 prius
3247 3295 3534 3363 diligenter
3567 3308 3698 3346 exa-

2127 3391 2319 3444 mines.
2342 3389 2526 3459 Neque
2545 3390 2688 3442 enim
2712 3388 2838 3442 hinc
2863 3388 3000 3442 mala
3030 3396 3325 3441 nascuntur
3359 3383 3648 3438 mediocria
3679 3401 3692 3434 :

2124 3463 2312 3538 scduet
2337 3482 2598 3551 bonorum
2633 3479 3048 3550 publicationes,
3085 3489 3136 3531 et
3160 3477 3401 3540 verbera,
3442 3489 3494 3528 et
3524 3475 3698 3527 cazdrs

2125 3589 2264 3644 Smpe
2290 3589 2383 3644 per
2411 3572 2750 3627 mendacium
2787 3571 2940 3624 multi
2976 3571 3288 3623 innocentes
3317 3566 3618 3630 subierunt,
3644 3576 3698 3619 ct

2124 3666 2192 3720 ab
2226 3665 2293 3719 iis
2327 3665 2576 3717 universa
2615 3662 3006 3730 propemodum
3038 3667 3121 3714 est
3152 3674 3342 3714 eversa
3379 3659 3484 3710 vita
3519 3657 3696 3710 homi-

2126 3771 2273 3810 num.
2307 3752 2416 3807 Ilas
2445 3751 2842 3806 admonitiones
2878 3764 3002 3802 cum
3037 3757 3290 3816 tanquam
3331 3762 3357 3798 a
3399 3747 3506 3799 Deo
3533 3758 3693 3797 acre-

2125 3849 2292 3916 pisset
2324 3842 2585 3914 patricius
2607 3883 2620 3905 ,
2647 3841 2918 3912 pollicitus
2950 3848 3033 3894 cst
3073 3854 3132 3894 se
3163 3853 3255 3892 eas
3285 3852 3405 3891 esse
3436 3846 3696 3905 perpetuo

2123 3949 2483 3992 εεινιιιιηιιιιι.

2193 4030 2382 4085 XXIX.
2427 4031 2584 4084 Aliud
2617 4030 2844 4082 addatur
2891 4027 2954 4080 iis
2996 4041 3116 4094 quze
3155 4025 3298 4078 dicta
3343 4033 3502 4088 sunt,
3553 4023 3695 4090 quoi

2121 4123 2255 4174 Salis
2299 4131 2467 4188 potest
2511 4122 2815 4184 evprimere
2851 4115 2968 4185 ejus
3011 4113 3475 4167 mansitelndinem
3530 4119 3696 4178 atque

2123 4211 2456 4277 patientiam.
2484 4210 2661 4276 Magni
2684 4207 2909 4262 Joannis
2934 4204 3291 4259 consobrinus
3315 4213 3452 4268 erat,
3481 4203 3696 4254 neruiue

2122 4306 2406 4376 Georgius.
2440 4302 2480 4356 ξς
2519 4300 2844 4354 contumelia
2878 4299 3108 4353 affectus
3133 4299 3201 4351 ab
3239 4297 3422 4362 aliquo
3451 4308 3697 4362 caupone

2123 4398 2358 4450 civitatis
2407 4397 2755 4448 vehementer
2797 4391 2970 4445 fuerat
3014 4405 3262 4454 morsus,
3304 4399 3358 4441 et
3396 4389 3444 4440 id
3492 4387 3696 4440 ferebat

444 4474 807 4551 χαλεπώτατα
859 4473 1080 4543 ἤνεγκε.
1117 4472 1288 4526 Τοῦτο
1335 4474 1443 4543 γὰρ
1476 4473 1650 4527 ἐποίει
1699 4477 1761 4528 τὸ
1789 4475 1927 4528 πολὺ
1956 4476 2015 4528 τὸ

2124 4490 2458 4560 gravissime.
2493 4487 2545 4539 ld
2584 4485 2730 4538 enim
2763 4482 2995 4537 faciebat
3022 4493 3075 4535 et
3114 4495 3368 4551 maguum
3406 4479 3546 4547 quod
3578 4487 3694 4530 crat

447 4565 650 4635 μεταξὺ
708 4565 1070 4634 ἀμφοτέρων,
1119 4567 1154 4637 ἦ
1182 4583 1242 4620 τε
1279 4565 1416 4635 πρὸς
1467 4567 1560 4619 τὸν
1618 4567 1796 4634 μέγαν
1845 4568 2014 4620 αὑτοῦ

441 4657 752 4728 ἀγχιστεία,
774 4657 870 4710 καὶ
895 4660 952 4708 τὸ
982 4659 1124 4711 πάνυ
1154 4657 1248 4710 τοῦ
1289 4657 1614 4728 ὑδρίσαντος
1645 4659 2015 4729 ὲξουδενωμέ-

441 4770 550 4806 νον.
610 4752 982 4822 Προσέρχεται
1039 4749 1220 4802 τοίνυν
1266 4750 1582 4816 καταμόνας
1631 4750 1710 4820 τῷ
1757 4751 2014 4822 μακαρίῳ

437 4845 696 4914 δάκρυσιν
722 4847 749 4898 ὀ
779 4844 895 4906 νέος
947 4844 1040 4896 καὶ
1068 4843 1262 4912 συνοχῇ
1293 4841 1528 4911 καρδίας
1559 4843 1658 4914 τὴν
1686 4842 1843 4912 ὓϐριν
1881 4846 2014 4898 ἀνα-

437 4937 775 5006 κλαιόμενος.
802 4936 867 4989 Ὃ
894 4935 951 4986 δὲ
973 4934 1145 4997 οὕτως
1177 4934 1301 4988 ἰδὼν
1331 4933 1631 5004 ἡττηθέντα
1661 4934 1754 4986 τοῦ
1782 4935 2010 5000 πάθους,

436 5032 686 5100 καταψᾷν
717 5031 878 5082 αὑτὸν
899 5028 1086 5098 ὥσπερ
1110 5027 1206 5081 καὶ
1220 5027 1628 5097 ἀναλαμϐάνειν
1661 5026 2009 5096 βουλόμενος,

435 5124 550 5188 καὶ,
576 5123 777 5184 Ὅλως,
806 5121 991 5190 φησὶν,
1019 5121 1284 5188 ἐτόλμησε
1315 5121 1455 5172 κατὰ
1479 5119 1573 5173 σοῦ
1603 5120 1776 5189 στόμα
1805 5120 2009 5189 διᾶραι,

433 5214 568 5277 ὅλως
598 5213 928 5284 καθυϐρίσαι
976 5231 1061 5276 τις
1086 5213 1178 5266 τὸν
1207 5213 1339 5282 ἐμὸν
1366 5212 1618 5279 φίλτατον
1647 5230 1663 5276 ;
1704 5211 2009 5282 Εὐλογητὸς

437 5306 662 5376 Κύριος⁹
699 5309 938 5377 πρᾶγμα
968 5307 1054 5358 ἐπ’
1088 5306 1238 5376 αὑτῷ
1266 5308 1496 5375 ποιήσω,
1533 5306 1675 5358 ὥστε
1706 5307 1888 5359 πᾶσαν
1923 5307 2013 5359 ὲκ-

437 5395 708 5464 πλαγῆναι
762 5399 861 5474 τὴν
897 5399 1327 5469 Ἀλεξάνδρειαν.
1372 5399 1459 5461 Ὠς
1506 5398 1562 5451 δὲ
1609 5395 1758 5451 εἶδεν
1811 5399 1904 5451 ἐπὶ
1931 5399 2010 5467 τῷ

435 5485 579 5556 λόγῳ
605 5489 776 5558 βραχύ
807 5508 856 5543 τι
891 5491 1150 5544 ἀνεθέντα
1176 5491 1276 5560 τῆς
1296 5490 1555 5561 ἀθυμίας,
1581 5491 1804 5555 Τέκνον,
1834 5487 2010 5557 εἶπεν,

433 5582 558 5649 ἐμοὶ
587 5582 987 5651 ποθεινότατον,
1021 5587 1068 5638 εἰ
1097 5587 1213 5647 ταῖς
1243 5584 1525 5654 ἀληθείαις
1579 5583 1760 5652 βούλει
1791 5583 2009 5653 ἀνεψιὸς

428 5674 529 5742 τῆς
565 5674 706 5746 ἐμῆς
765 5677 1114 5746 μετριότητος
1173 5673 1314 5729 εἷναί
1374 5693 1432 5729 τε
1487 5677 1582 5730 καὶ
1619 5676 2006 5745 ὀνομάζεσθαι,

428 5769 856 5844 παρασκεύασον
884 5771 1124 5837 σεαυτὸν,
1157 5771 1213 5824 οὐ
1245 5770 1375 5846 πρὸς
1411 5770 1566 5844 ὕϐριν
1601 5770 1779 5840 μόνον,
1814 5770 1927 5824 ἀλλ’
1962 5773 2006 5822 εἰ

2126 4585 2269 4634 inter
2297 4596 2389 4634 eos
2417 4579 2730 4642 discrimen,
2764 4590 2952 4643 rietnpe
2979 4587 3032 4628 et
3070 4575 3187 4644 ejus
3212 4588 3332 4627 cum
3365 4571 3554 4640 Magno
3577 4567 3694 4621 affi-

2125 4672 2287 4731 nitas,
2311 4677 2364 4723 et
2397 4668 2574 4722 nimim
2608 4667 2802 4720 sordes
2828 4674 2882 4718 et
2915 4665 3192 4718 humilitas
3221 4664 3336 4734 cjns
3364 4668 3453 4732 qui
3493 4662 3696 4716 fecerat

2125 4760 2399 4828 injuriam.
2427 4758 2650 4813 Aonedit
2670 4773 2798 4825 ergo
2822 4771 3064 4810 seorsum
3091 4757 3155 4807 ad
3192 4755 3404 4809 beatum
3427 4754 3690 4807 J0aunum

2122 4852 2456 4912 adolescens,
2490 4865 2610 4901 cum
2640 4847 2914 4918 Iactymis,
2940 4857 2992 4899 et
3025 4846 3207 4898 dolore
3236 4845 3415 4897 cordis
3440 4860 3546 4912 quo
3567 4858 3694 4912 age-

2121 4942 2308 5005 batur,
2342 4939 2628 5006 deplorans
2668 4937 2944 5004 injuriam.
3001 4935 3135 4989 Cum
3191 4937 3266 4988 sic
3308 4951 3431 4986 enin
3473 4936 3695 4987 vidisset

2125 5033 2326 5086 victum
2371 5031 2438 5084 ab
2471 5029 2641 5082 animi
2688 5029 3094 5098 perturbatione
3124 5025 3457 5096 patriarcha,
3508 5025 3696 5079 volens

2119 5141 2244 5179 eum
2275 5125 2584 5179 demulcere
2625 5131 2680 5178 et
2717 5124 2880 5177 veluti
2915 5135 3192 5185 recreare,
3235 5131 3291 5174 et
3326 5138 3340 5174 :
3373 5119 3550 5174 Ausus
3587 5131 3693 5178 est,

2121 5216 2325 5284 inquit,
2351 5214 2574 5268 omnino
2607 5228 2670 5267 os
2717 5213 2980 5265 adversus
3014 5220 3067 5263 te
3105 5210 3348 5277 aperire,
3376 5219 3432 5262 et
3471 5207 3694 5262 omnino

2119 5304 2443 5361 contumelia
2474 5303 2690 5358 afficere
2719 5302 2916 5371 aliquis
2939 5317 3083 5365 etim,
3114 5301 3204 5370 qui
3230 5311 3312 5354 est
3333 5300 3461 5356 mihi
3483 5299 3693 5355 charis-

2120 5396 2327 5452 simus?
2356 5395 2678 5450 Benedictus
2706 5394 2986 5458 Dominus,
3015 5408 3126 5446 rem
3159 5392 3211 5446 iu
3245 5393 3358 5461 ipso
3387 5393 3604 5457 faciam,
3637 5403 3696 5445 ut

2122 5490 2424 5546 admiretur
2451 5487 2629 5541 ontnis
2652 5485 2999 5541 Alexandria.
3028 5484 3320 5552 Postquam
3345 5496 3528 5538 autem
3560 5484 3696 5538 vidit

2119 5599 2240 5636 eum
2275 5589 2492 5650 propter
2522 5579 2597 5642 id,
2631 5578 2774 5647 quod
2807 5577 3049 5638 dixerat,
3103 5577 3374 5645 paululum
3412 5577 3693 5631 remisisse

2119 5678 2183 5729 de
2204 5674 2368 5729 animi
2395 5672 2744 5742 :egritudine:
2771 5670 2893 5736 Fili,
2913 5669 3108 5738 inquit,
3135 5669 3690 5736 mihiiucundissime.

2121 5772 2165 5828 si
2203 5783 2387 5823 revera
2423 5768 2502 5822 vis
2542 5780 2672 5821 mete
2702 5763 2984 5835 parvitatis
3015 5779 3135 5819 csse
3169 5773 3220 5818 et
3263 5760 3526 5816 nominari
3562 5776 3692 5816 con-
