4138 6408
446 334 556 398 923

1621 325 1782 386 ΜΕΝ
1790 326 1906 386 SIS
1958 325 2419 390 JANUARIUS.

3607 333 3723 400 921a

440 448 732 513 sobrinus,
763 457 895 512 para
930 450 981 499 te
1021 440 1200 510 ipsum
1232 452 1338 492 non
1379 438 1554 493 solum
1600 440 1864 493 adversus
1895 452 2031 493 con-

2152 440 2217 492 isi'
2247 457 2299 493 τι
2329 438 2424 492 καὶ
2454 437 2620 494 πλέον
2648 438 2850 507 εἰπεῖν,
2910 439 3005 495 καὶ
3035 439 3173 511 πρὸς
3227 441 3398 507 αὐτὰς
3431 441 3724 513 μάστιγας.

445 538 716 602 tumelias,
737 535 831 591 sed
852 533 1039 594 etiam,
1059 531 1104 586 si
1133 529 1203 585 sit
1230 527 1459 597 amplius
1487 527 1694 598 aliquid
1723 527 2031 595 dicendum,

442 630 609 683 etiam
641 627 899 681 adversus
930 623 1047 692 ipsa
1071 621 1258 691 llagra.
1292 618 1429 673 Vera
1460 619 1604 673 enim
1638 618 1897 673 nobilitas
1923 634 2029 673 non

443 730 511 768 ex
539 714 802 785 sanguine
830 720 885 765 et
910 724 1106 776 carne,
1144 708 1239 763 sed
1280 723 1347 763 ex
1378 708 1580 762 virtute
1611 708 1810 763 animre
1834 708 2036 778 accipit

445 806 675 860 formam
702 814 753 859 ct
779 804 1182 859 characterem.
1212 800 1408 855 Statim
1436 815 1569 870 ergo
1590 800 1860 855 accersito
1883 800 2038 869 prin-

444 899 564 968 cipe
581 912 907 967 cauponam,
924 895 973 950 ei
993 894 1346 959 denuntiavit,
1363 908 1431 947 ne
1444 903 1761 950 consuetum
1781 892 2038 961 deinceps

444 988 672 1055 vectigal
691 985 1039 1057 aeeiperetab
1057 1000 1143 1050 eo,
1163 987 1252 1053 qui
1269 999 1425 1039 suum
1448 986 1830 1039 consobrinum
1846 982 2034 1039 affece-

446 1091 532 1134 rat
554 1077 901 1143 contumelia,
933 1085 1023 1131 aut
1053 1076 1250 1144 aliquid
1283 1091 1345 1129 ex
1373 1075 1596 1145 iis,qu:P.
1618 1076 1683 1129 ah
1711 1090 1776 1130 eo
1801 1076 1865 1129 de
1891 1090 2040 1129 more

447 1173 720 1225 dabantur
781 1170 1062 1237 Ecclesiae.
1099 1170 1325 1238 Propter
1375 1184 1493 1237 qua:
1539 1168 1795 1222 admirati
1834 1168 2041 1221 incom~

450 1264 744 1333 parabilem
766 1264 907 1318 illius
943 1262 1281 1331 patientiam,
1315 1260 1698 1316 intellexerunt
1719 1274 1911 1314 omnes
1939 1258 2038 1313 hoc

447 1371 568 1411 esse
586 1357 930 1425 supplicium,
952 1355 1091 1423 quod
1112 1362 1229 1408 erat
1251 1352 1511 1406 miratura
1555 1360 1665 1406 tota
1685 1350 2035 1406 Alexandria.

520 1450 690 1504 XXX.
734 1447 840 1502 Sed
873 1446 1011 1502 forte
1036 1446 1087 1499 in
1112 1446 1177 1499 iis
1209 1445 1451 1515 quidem,
1479 1444 1571 1512 qui
1601 1444 1668 1497 ad
1702 1444 1878 1514 ipsum
1908 1457 2031 1512 per—

450 1543 726 1607 tint-haut,
773 1548 881 1591 tam
920 1536 1211 1607 diligenter
1244 1536 1503 1601 cavebat,
1541 1550 1608 1589 ne
1650 1550 1857 1590 memor
1885 1543 2035 1590 esset

448 1640 687 1697 acceptae
733 1628 988 1697 injuriae,
1035 1626 1168 1680 alios
1207 1636 1385 1680 autem
1432 1625 1739 1696 negligebat
1780 1625 1835 1679 in
1877 1624 2038 1679 rebus

451 1719 782 1787 hnjnsmodi.
846 1717 1234 1786 Nequaquam.
1306 1717 1442 1772 Cum
1512 1715 1658 1771 enim
1732 1714 2040 1771 reseivisset

2141 533 2174 601 ἡ
2223 533 2334 602 γὰρ
2377 530 2588 603 ἀληθὴς
2614 531 2885 600 εὐγένεια,
2908 533 3008 585 οὐκ
3037 530 3097 596 ἐξ
3122 531 3356 603 αἵματος
3379 534 3475 588 καὶ
3501 536 3726 605 σαρκὸς,

2142 624 2260 678 ἀλλ’
2289 623 2348 690 ἐξ
2378 623 2581 696 ἀρετῆς
2599 623 2778 695 ψυχῆς
2807 620 2915 677 οἶδε
2948 624 3479 696 χαρακτηρίζεσθαι.
3522 625 3598 680 Τὸ
3625 628 3729 681 τάς

2141 732 2235 784 χος
2266 710 2359 768 οὖν
2386 714 2479 768 τὸν
2502 712 2609 767 τῶν
2637 715 2898 786 καπήλων
2929 714 3228 789 ὲξάρχοντα
3276 715 3733 787 μετακαλεσάμεο

2145 822 2255 870 νος,
2291 804 2636 877 παραγγελία
2691 806 3032 877 παρήγγειλε
3082 804 3357 876 μηδέποτε
3407 806 3502 859 τοῦ
3533 807 3729 860 λοιποῦ

2142 897 2295 973 παρὰ
2313 897 2408 950 τοῦ
2438 897 2787 970 ἐξυϐρικότος
2824 898 2906 960 εἰς
2937 897 3031 951 τὸν
3056 897 3278 967 ἀνεψιὸν
3300 898 3361 950 τὸ
3385 897 3612 968 σύνηθες
3641 901 3733 952 τέ-

2141 987 2233 1052 λος
2263 988 2473 1054 λαϐεῖν,
2502 988 2536 1057 ἥ
2566 988 2695 1041 ἄλλο
2725 1005 2781 1041 τι
2807 988 2918 1041 τῶν
2966 989 3109 1041 κατὰ
3160 988 3453 1059 συνήθειαν
3503 993 3568 1060 τῇ
3607 991 3736 1043 Ἕκα

2143 1080 2343 1151 κλησίᾳ
2377 1081 2507 1150 παρ’
2535 1080 2701 1133 αὐτοῦ
2735 1080 3052 1149 διδομένων.
3084 1080 3201 1148 Ἐφ’
3232 1075 3315 1142 οἷς
3347 1080 3727 1149 ἐκπλαγέντες

2142 1172 2202 1225 τὸ
2225 1172 2614 1242 ἁπαράκλητον
2638 1170 2741 1240 τῆς
2761 1171 2855 1225 τοῦ
2882 1170 3072 1242 ἀνδρὸς
3095 1169 3729 1240 ἀνεξικακίας,συνῆκαν

2143 1265 2383 1327 ἅπαντες
2446 1263 2655 1333 ταύτην
2701 1260 2841 1316 εἶναι
2916 1265 3014 1333 τὴν
3056 1262 3350 1332 τιμωρίαν,
3402 1263 3470 1332 ἣν
3522 1264 3727 1333 πᾶσαή

2154 1352 2536 1424 Ἀλεξάνδρεια
2576 1353 3025 1423 ὲκπλαγήσεσθαι
3060 1353 3310 1424 ἔμελλεν.

2213 1445 2293 1497 A'.
2321 1440 2450 1515 'Ap‘
2477 1439 2570 1497 οὖν
2593 1443 2661 1497 τὰ
2693 1444 2793 1514 μὲν
2841 1445 2977 1516 πρὸς
3010 1445 3172 1500 αὐτὸν
3202 1444 3346 1499 οὕτω
3378 1446 3728 1517 πεφυλαγμέ-

2143 1552 2233 1598 νος
2260 1531 2330 1605 ἦν
2359 1537 2439 1597 εἰς
2463 1535 2854 1605 μνησικακίαν,
2884 1536 3080 1606 ἡμέλει
3104 1537 3161 1591 δὲ
3183 1536 3292 1591 τῶν
3329 1537 3506 1592 ἄλλων
3532 1539 3589 1592 ὲν
3618 1542 3730 1600 τοῖς

2143 1625 2447 1691 τοιούτοις;
2483 1626 2771 1697 Οὐδαμῶς.
2832 1625 2968 1680 de:
2998 1628 3108 1697 γὰρ
3136 1627 3243 1681 τῶν
3273 1628 3560 1693 διακόνων,
3619 1632 3732 1682 Δαο

2148 1717 2336 1788 μιανδν
2356 1716 2616 1787 τοῦνομα,
2655 1722 3013 1789 μνησικακεῖν
3039 1719 3114 1790 τῷ
3142 1720 3371 1791 πλησίον
3403 1721 3501 1775 άνα
3513 1722 3735 1791 μαθὼν,

360 1884 371 1893 ,
450 1811 742 1881 queundam
790 1825 856 1865 ex
909 1808 1187 1874 diaconis,
1239 1808 1459 1863 nomine
1509 1808 1864 1872 Damianum,
1914 1807 2039 1862 odio

2152 1810 2218 1880 τῷ
2247 1810 2609 1881 ἀρχιδιακόνῳ
2644 1812 3015 1883 παρήγγειλεν
3066 1811 3212 1866 κατὰ
3237 1813 3328 1867 τὸν
3373 1815 3566 1883 καιρὸν
3624 1815 3722 1883 τῆς

450 1902 653 1957 habere
699 1902 1095 1971 propinquum,
1141 1909 1201 1955 ut
1242 1902 1332 1970 qui
1378 1900 1759 1956 recordaretur
1798 1908 2038 1969 acceptae

2152 1901 2248 1955 τῶν
2280 1903 2592 1972 μυστηρίων
2641 1903 3020 1975 μεταλήψεως,
3054 1903 3212 1972 δῆλον
3239 1904 3389 1976 αὐτῷ
3422 1905 3608 1959 θέσθαι
3637 1907 3727 1959 τὸν

457 1993 711 2062 injurim,
754 1992 1094 2046 denuntiavit
1135 1992 1560 2057 archidiacono,
1601 2000 1659 2046 ut
1703 1992 1756 2045 in
1792 2000 2042 2060 tempore

451 2082 887 2151 parltcipatiouis
925 2080 1404 2136 Sacramentorum
1450 2082 1500 2135 ei
1537 2081 1849 2136 ostenderet
1891 2095 2040 2147 eum,

454 2174 546 2242 qui
596 2189 804 2228 memor
854 2183 972 2228 erat
1020 2175 1255 2241 injuriae.
1304 2173 1440 2227 Cum
1494 2188 1628 2243 ergo
1673 2175 2043 2244 cognovisset,

452 2280 577 2319 eum
614 2280 776 2318 manu
808 2264 1080 2333 accipiens
1113 2279 1129 2317 :
1168 2260 1349 2327 Vade,
1380 2261 1513 2318 dicit
1540 2263 1612 2329 ei,
1652 2271 1707 2317 et
1739 2260 1894 2315 fratri
1933 2260 2048 2330 pri-

455 2370 601 2409 mum
630 2354 1005 2418 reconciliare,
1029 2363 1088 2407 ut
1110 2353 1221 2407 vult
1244 2360 1594 2423 praeceptum,
1622 2362 1677 2406 et
1703 2362 1832 2407 tunc
1863 2366 2051 2407 sumes

458 2454 805 2500 sacramenta
858 2444 1095 2509 Christi,
1137 2444 1229 2514 qui
1275 2459 1380 2497 non
1434 2451 1516 2497 est
1561 2457 1770 2496 memor
1816 2448 2051 2510 accepta:

459 2536 690 2604 injuriae.
725 2535 815 2589 Ille
840 2550 905 2588 au
918 2544 1019 2589 tem
1043 2535 1247 2603 pudore
1267 2533 1514 2598 aﬂ'ectus,
1547 2532 1908 2604 praesentibus
1929 2545 2051 2585 om-

466 2628 625 2682 nibus
661 2628 909 2696 promisit
939 2641 1000 2681 se
1038 2628 1139 2681 hoc
1169 2642 1291 2681 esse
1322 2628 1597 2681 [acturum
1621 2665 1639 2691 ,
1674 2635 1729 2678 et
1764 2633 1894 2678 tunc
1925 2638 2049 2676 eum

462 2720 709 2789 impertit
752 2718 1127 2774 sanctiticatis.
1172 2719 1436 2787 Deinceps
1482 2733 1613 2785 ergo
1658 2716 1856 2771 invasit
1888 2714 2051 2768 timor

462 2828 566 2865 non
617 2810 791 2866 solum
841 2811 1092 2876 clericos,
1118 2809 1212 2865 sed
1262 2811 1427 2865 etiam
1464 2809 1651 2872 laicos,
1676 2817 1733 2863 et
1771 2806 2051 2862 cavebant

462 2920 533 2959 ne
564 2906 727 2958 ullum
772 2904 898 2960 odio
931 2904 1227 2966 haberent,
1259 2909 1315 2957 et
1346 2909 1531 2956 essent
1566 2908 1804 2968 acceptae
1836 2896 2048 2967 injuria:

464 3012 773 3062 memores,
812 2997 1066 3052 timentes
1105 3012 1171 3052 ne
1216 2995 1403 3050 multis
1436 2992 1796 3063 praesentibus
1831 2990 1913 3046 sic
1944 3004 2045 3058 pu-

2149 1993 2612 2063 μνησικακοῠντα.
2649 1992 2805 2046 Ἐπεὶ
2844 1990 2937 2047 οὖν
2967 1994 3129 2061 ἔγνω,
3153 1994 3455 2066 λαϐόμενος
3489 1996 3584 2064 τῆς
3618 2012 3733 2065 χει-

2148 2081 2260 2152 ρὸς,
2292 2080 2534 2149 ’Υπαγε,
2591 2080 2739 2151 αὐτῷ
2772 2080 3011 2152 πρῶτον,
3044 2082 3173 2153 ἔφη,
3202 2082 3281 2154 τῷ
3336 2083 3551 2154 ἀδελφῷ
3590 2083 3735 2137 κατὰ

2145 2172 2243 2241 τὴν
2267 2171 2485 2242 ἐντολήν
2520 2171 2893 2242 καταλλάγηθι
2917 2212 2933 2237 ,
2960 2174 3055 2226 καὶ
3077 2175 3199 2227 τότε
3229 2173 3339 2226 τῶν
3365 2172 3458 2227 τοῦ
3494 2168 3736 2243 ἀμνησι-

2154 2262 2324 2315 κάκου
2355 2262 2670 2332 μυστηρίων
2707 2262 2988 2333 μεταλήψῃ
3019 2262 3280 2333 Χριστοῦ.
3329 2263 3388 2317 ’0
3417 2263 3475 2317 δὲ
3510 2265 3735 2333 αἰσχυν-

2151 2349 2265 2412 θεὶς
2295 2350 2389 2402 ἐπὶ
2427 2349 2664 2415 πάντων,
2726 2349 2887 2404 τοῦτο
2918 2351 3163 2421 ποιήσειν
3216 2351 3602 2420 ἐπηγγείλατο,
3636 2353 3734 2405 καὶ

2151 2441 2275 2493 τότε
2303 2441 2412 2494 τῶν
2442 2440 2803 2510 άγιασμάτων
2850 2442 2998 2512 αὖτῷ
3042 2443 3389 2513 μεταδίδωσι.
3437 2444 3605 2506 Φόϐος
3638 2440 3733 2497 οὖν

2155 2531 2219 2585 τὸ
2249 2531 2357 2585 ἀπὸ
2381 2533 2558 2596 τοῦδε,
2591 2533 2649 2585 οὐ
2677 2534 2802 2597 τοὺς
2830 2535 2924 2588 τοῦ
2980 2536 3183 2606 κλήρου
3241 2537 3422 2607 μόνον,
3465 2537 3602 2591 ἀλλὰ
3642 2540 3737 2591 καὶ

2152 2624 2277 2686 τοὺς
2312 2623 2534 2687 λαϊκοὺς
2558 2624 2967 2697 κατελάμϐανεο
3002 2630 3095 2681 καὶ
3126 2628 3187 2682 τὸ
3209 2634 3572 2700 μνησικακεῖν
3601 2632 3737 2699 ἐφυ-

2151 2715 2428 2778 λάττοντο,
2459 2716 2690 2781 δεδιότες
2724 2719 2801 2789 μὴ
2823 2717 2994 2781 οὕτως
3027 2720 3119 2771 ἐπὶ
3146 2720 3358 2773 πολλῶν
3388 2721 3497 2774 τῶν
3531 2722 3736 2792 παρόν-

2157 2825 2264 2862 των
2288 2808 2390 2877 τὴν
2417 2809 2684 2879 αἰσχύνην
2735 2810 3055 2880 ὀφλήσαιεν.
3093 2810 3234 2864 Ἀλλ’
3256 2810 3401 2865 οὕτω
3450 2813 3550 2882 μὲν
3577 2814 3737 2883 ἀκρι-

2153 2898 2306 2963 ϐείας
2338 2899 2476 2969 βίου,
2504 2900 2643 2971 πρὸς
2674 2902 2863 2955 ἑαυτόν
2890 2919 2949 2955 τε
2975 2896 3109 2973 εἶχε,
3134 2904 3229 2957 καὶ
3252 2905 3379 2969 τοὺς
3409 2905 3500 2958 ὑπ’
3526 2906 3743 2959 ἐκείνου

2156 2989 2634 3058 ποιμαινομένους.

462 3093 594 3145 dore
636 3089 1005 3146 afﬁcerentur.
1048 3089 1154 3144 Sed
1200 3096 1313 3142 tam
1364 3096 1617 3143 accurata
1677 3084 1935 3155 quidem,
1980 3089 2037 3138 et
2080 3092 2270 3137 exacta
2302 3084 2405 3138 fuit
2465 3082 2585 3155 ejus
2636 3084 2768 3152 vita,
2822 3095 2929 3140 tam
2970 3089 3114 3157 quod
3143 3090 3208 3141 ad
3244 3087 3413 3158 ipsum
3454 3089 3736 3146 attitzt‘liat'

463 3198 623 3249 quam
661 3181 801 3249 quod
830 3179 894 3233 ad
937 3192 1028 3232 eos
1049 3218 1064 3240 ,
1099 3178 1191 3247 qui
1219 3177 1286 3231 ab
1317 3177 1410 3233 illo
1440 3178 1805 3249 pascebantur
1830 3216 1848 3233 .

1963 3294 2194 3354 CAPUT
2246 3295 2334 3351 Vi.

1462 3418 1759 3490 Disciplina
1785 3420 2099 3490 domestica,
2143 3421 2354 3491 ratioqu
2371 3436 2396 3474 e
2428 3421 2551 3477 vitae
2578 3420 2829 3478 exterior.

539 3541 732 3603 XXXI.
795 3542 1000 3598 Prreter
1057 3542 1163 3598 alia
1209 3551 1387 3598 autem
1440 3544 1618 3610 bona,
1668 3545 1724 3599 in
1771 3558 2047 3600 sacrarum

2225 3544 2352 3599 AA'.
2390 3542 2532 3614 Πρὸς
2552 3545 2665 3607 τοῖς
2696 3540 2880 3604 ἄλλοις
2906 3540 2963 3595 δὲ
2995 3539 3220 3611 ἀγαθοῖς
3245 3540 3344 3595 καὶ
3370 3542 3403 3612 ή
3428 3542 3540 3595 τῶν
3572 3539 3744 3611 ἁγίων

460 3649 682 3704 quoque
706 3632 1111 3703 Scripturarum
1132 3636 1445 3701 cognitione
1464 3650 1682 3691 summe
1710 3637 2056 3691 laboraverat

467 3735 523 3779 et
567 3726 859 3794 plurimum
901 3733 986 3781 est
1035 3727 1360 3794 meditatus,
1403 3743 1508 3781 non
1556 3729 1675 3782 sine
1702 3727 1976 3797 voluptate
2001 3736 2056 3781 et

467 3816 646 3872 studio
697 3818 989 3873 acerrimo.
1040 3817 1264 3873 Licebat
1306 3832 1436 3889 ergo
1488 3819 1675 3874 videre
1720 3819 1963 3889 quotidie
2002 3820 2054 3873 in

468 3911 856 3979 cengrcssione
896 3927 1017 3981 qua:
1052 3910 1216 3966 ﬂebat
1248 3911 1299 3965 in
1332 3920 1580 3975 secreto,
1621 3925 1746 3965 eum
1784 3911 1919 3966 nihil
1943 3911 2056 3967 fere

468 4003 614 4057 aliud
646 4002 951 4073 loquentem
985 4013 1077 4058 aut
1112 4013 1475 4074 quaerentem,
1513 4020 1672 4073 quam
1708 4004 2049 4060 narrationes

473 4094 726 4158 Patrum,
771 4096 862 4164 qui
909 4104 1063 4148 erant
1099 4095 1275 4164 magni
1324 4096 1585 4159 nominis,
1628 4105 1683 4150 et
1717 4094 2053 4165 problemata

470 4187 778 4254 dogmatica
803 4195 857 4241 et
878 4186 1204 4255 quaesuones
1234 4186 1298 4239 ad
1326 4185 1661 4255 Scripturam
1693 4187 2046 4254 pertinentes.

474 4276 602 4332 Ilzee
637 4286 816 4332 autem
859 4279 1095 4333 maxime
1132 4287 1440 4348 propterea,
1475 4272 1616 4348 quod
1652 4289 1779 4335 tunc
1813 4281 2055 4333 abunda-

473 4368 563 4423 bat
589 4366 878 4422 multitudo
911 4368 1312 4434 haereticorum,
1341 4369 1407 4423 ad
1440 4383 1576 4438 quos
1605 4371 1927 4425 evertendas
1962 4369 2057 4423 ad-

475 4462 716 4515 sciverat
760 4476 879 4526 eos,
914 4461 1007 4530 qui
1034 4461 1138 4516 illis
1167 4463 1498 4530 temporibus
1526 4472 1683 4518 erant
1709 4462 2055 4517 excellentis-

470 4554 621 4618 simi,
650 4550 933 4620 Joannem,
966 4554 1205 4624 inquam,
1229 4567 1285 4610 et
1313 4552 1700 4625 Sophronium.

546 4642 762 4698 XXXII.
802 4643 971 4700 Porro
1004 4654 1185 4700 autem
1218 4646 1265 4700 ei
1298 4661 1516 4718 quoque
1547 4655 1668 4701 erat
1697 4645 1877 4701 studio
1910 4661 2047 4700 con-

473 4742 1040 4790 servare'consessum
1066 4736 1197 4792 nulli
1221 4736 1541 4791 detractioni
1567 4735 1806 4801 amnem,
1832 4748 1887 4791 et
1918 4737 2051 4791 nulli

477 4842 614 4879 vano
637 4828 901 4882 sermoni.
937 4828 1089 4894 Quod
1115 4828 1159 4882 si
1193 4829 1316 4898 quis
1347 4843 1415 4882 ex
1448 4829 1515 4884 iis
1546 4829 1636 4897 qui
1671 4828 2050 4892 considebant,

478 4917 588 4972 tale
611 4918 740 4987 quid
772 4918 1164 4990 proposuisset,
1194 4920 1285 4974 ille
1316 4921 1595 4990 ingeniose
1623 4908 1839 4988 et'apte
1874 4920 1926 4974 id
1965 4936 2053 4974 re-

479 5008 745 5078 pellebat,
785 5009 1036 5079 injieiens
1080 5011 1274 5065 bonam
1325 5012 1561 5079 aliquam
1608 5011 1963 5080 quaestionem
2001 5019 2056 5066 et

479 5101 673 5156 anima:
699 5101 908 5159 utilem.
939 5101 994 5156 Si
1022 5102 1066 5157 is
1089 5112 1267 5157 autem
1293 5111 1436 5158 esset
1457 5116 1678 5157 crassus
1698 5111 1755 5157 et
1778 5102 2054 5171 plebeius,

480 5205 534 5246 et
558 5192 652 5262 qui
678 5208 783 5248 non
815 5193 1101 5249 recedebat
1126 5194 1194 5249 ab
1222 5193 1287 5249 iis
1317 5207 1437 5262 quat
1459 5201 1585 5248 sunt
1609 5203 1894 5257 consueta,
1920 5208 2060 5263 pra:-

483 5280 696 5340 sentem
722 5285 938 5355 quidem
966 5300 1073 5338 non
1096 5285 1237 5339 male
1264 5284 1551 5347 tractabat,
1582 5299 1681 5340 nee
1709 5299 1769 5339 se
1797 5285 2061 5339 iracunde

483 5389 540 5433 et
569 5392 762 5448 aspere
796 5377 848 5431 in
884 5391 1006 5433 eum
1035 5375 1277 5447 gerebat,
1310 5377 1657 5447 praecipiebat
1688 5391 1818 5433 vero
1843 5391 1912 5433 ne
1936 5390 2062 5433 eum

483 5468 730 5524 sinerent
757 5467 988 5537 amplius
1022 5481 1143 5524 esse
1171 5482 1203 5523 e
1229 5467 1484 5531 concilio,
1521 5477 1581 5522 ut
1610 5482 1709 5540 per
1735 5483 1861 5524 eum
1890 5482 2056 5522 unum

486 5557 681 5614 ﬁerent
707 5558 799 5613 alii
830 5561 1101 5615 cautiores
1128 5568 1183 5614 et
1207 5557 1599 5628 diligentiores.

562 5646 798 5704 XXXIII.
843 5646 912 5702 Ut
938 5658 1116 5703 autem
1147 5649 1336 5705 mortis
1371 5652 1686 5705 memoriam
1710 5664 1822 5706 suae
1853 5651 2060 5722 cogita-

494 5736 623 5789 tioni
655 5736 916 5803 profunde
943 5739 1299 5809 imprimeret,
1326 5755 1380 5796 et
1408 5757 1524 5797 eam
1556 5753 1814 5812 perpetuo
1842 5744 2060 5798 habent

2154 3635 2392 3708 Γραφῶν
2414 3634 2617 3704 γνῶσις
2637 3636 2717 3697 εἰς
2746 3634 2915 3705 ἄκρον
2941 3634 3092 3704 αὐτῷ
3121 3636 3414 3703 πεπόνητο,
3454 3635 3550 3686 καὶ
3581 3632 3739 3703 μελέ-

2151 3746 2305 3800 τημα
2358 3721 2427 3798 ἦν
2457 3726 2816 3796 χαριέστατόν
2853 3742 2913 3779 τε
2947 3724 3043 3779 καὶ
3091 3724 3579 3793 περισπούδαστον.
3628 3719 3736 3777 Ἧι

2154 3819 2249 3874 οὖν
2304 3819 2432 3873 ίδεῖν
2469 3818 2709 3889 ἑκάστης
2742 3819 2958 3889 ἡμέρας
2991 3819 3050 3871 ὲν
3077 3820 3144 3888 τῇ
3193 3818 3334 3871 κατὰ
3365 3817 3425 3869 τὸ
3474 3817 3738 3886 σέκρετον

2157 3911 2464 3966 συνελεύσει
2493 3886 2814 3982 μηδὲννᾶλλο
2844 3886 3028 3980 signa;
3051 3886 3471 3977 διαλαλούμενον
3494 3908 3526 3979 ἢ
3549 3908 3745 3979 ζητού-

2158 4022 2338 4075 μενον,
2369 4003 2402 4074 ἢ
2430 4004 2747 4075 διηγήματα
2780 4003 2825 4056 Π
2836 4002 3045 4073 ατέρων
3068 4001 3179 4055 τῶν
3214 4000 3408 4055 πολλοῦ
3437 4018 3500 4069 γε
3528 4001 3738 4070 ὀνόμα-

2154 4111 2245 4157 τος
2273 4092 2614 4163 ἠξιωμένων,
2648 4092 2855 4163 προϐλή
2867 4092 3014 4160 ματά
3038 4109 3097 4144 τε
3122 4091 3448 4159 δογματικᾶ,
3471 4093 3566 4145 καὶ
3596 4093 3742 4163 Γρα-

2157 4185 2292 4254 φικὰ
2318 4182 2614 4255 ζητήματα
2644 4200 2659 4215 ο
2686 4183 2781 4237 καὶ
2808 4182 2985 4237 ταῦτα
3011 4183 3070 4236 δὲ
3101 4183 3335 4253 μάλιστα
3366 4183 3455 4235 διὰ
3488 4183 3548 4236 τὸ
3582 4184 3744 4237 πλεο-

2155 4277 2318 4341 νάζον
2363 4274 2667 4342 τηνικαῦτα
2707 4274 2819 4327 τῶν
2874 4274 3170 4343 αἰρετικῶν
3235 4273 3471 4344 πλῆθοςο
3544 4268 3619 4328 ὧν
3656 4277 3745 4327 ἐπ’

2155 4369 2436 4439 ἀνατροπῇ
2459 4367 2556 4421 καὶ
2576 4366 2916 4439 καθαιρέσει,
2932 4367 3058 4429 τοὺς
3075 4368 3132 4419 ὲν
3150 4368 3264 4429 τοῖς
3278 4367 3492 4436 καιροῖς
3518 4366 3748 4429 ἐκείνοις

2155 4458 2607 4529 διαφορωτάτους
2647 4457 3117 4529 προσηταιρὶσατο
3137 4495 3153 4521 ,
3208 4456 3463 4527 Ἰωάννην
3487 4473 3560 4526 φη
3571 4458 3632 4526 μ“ι
3656 4457 3749 4510 καὶ

2163 4551 2497 4620 Σωφρόνιον.

2228 4645 2351 4698 AB’.
2395 4642 2761 4698 Ἐσπούδαστο
2814 4643 2872 4697 δὲ
2905 4644 3060 4714 αὐτῷ
3100 4643 3195 4697 καὶ
3256 4642 3591 4705 καταλαλιᾶς
3651 4643 3745 4696 καὶ

2156 4734 2481 4806 ἀργολογίας
2512 4735 2693 4806 πάσης
2726 4735 3003 4804 ἄψαυστον
3042 4735 3320 4803 διατηρεῖν
3349 4735 3409 4786 τὺ
3441 4733 3739 4803 συνέδριον·

2158 4826 2259 4880 κᾶν
2288 4843 2372 4888 τις
2420 4826 2529 4880 τῶν
2582 4824 3042 4895 συνεδριαζόντων
3103 4824 3342 4877 τοιοῦτον
3400 4824 3738 4893 προέτεινεν,

2163 4918 2279 4971 ἀλλ’
2307 4920 2515 4980 ἐκεῖνος
2565 4918 2782 4987 εὐφυῶς
2850 4919 2982 4971 αὐτὸ
3032 4917 3308 4983 διωθεῖτο,
3360 4914 3651 4968 σπουδαῖόν
3692 4930 3755 4968 τι

2161 5009 2257 5062 καὶ
2308 5008 2623 5079 ψυχωφελὲς
2653 5008 3025 5079 παρεμϐαλὼν
3074 5006 3391 5078 πρόϐλημα.
3446 5005 3637 5076 Παχῦν
3686 5004 3745 5057 δὲ

2156 5101 2344 5154 τοῦτον
2365 5100 2588 5171 εἰτύχοι
2615 5099 2744 5154 ὄντα
2776 5103 2871 5154 καὶ
2899 5100 3315 5169 δημωδέστερον
3374 5099 3470 5153 καὶ
3492 5096 3603 5151 τῶν
3634 5113 3753 5151 συν-

2158 5193 2310 5264 ήθων
2336 5193 2436 5247 οὐκ
2464 5192 2835 5262 ἀφιστάμενον
2860 5231 2875 5256 ,
2910 5193 3033 5245 κατ’
3056 5192 3183 5261 ὄψιν
3216 5191 3312 5260 μὲν
3339 5189 3493 5244 οὐδὲν
3526 5187 3747 5242 διετίθει

2163 5280 2373 5348 κακῶς,
2401 5281 2523 5335 οὐδὲ
2551 5281 2769 5351 ὀργίλον
2790 5297 2845 5333 τυι
2880 5280 2976 5333 καὶ
3000 5280 3176 5351 τραχὺ
3222 5265 3375 5347 αὐτῷ
3438 5275 3749 5337 ἐπεδείκνυ,

2167 5378 2511 5450 παρήγγελλε
2540 5378 2598 5431 δὲ
2632 5377 2835 5447 μηκέτι
2865 5375 3031 5432 αὐτὸν
3061 5377 3157 5446 ὲᾷν
3210 5375 3312 5442 τῆς
3341 5374 3563 5429 συνόδου
3596 5370 3747 5440 γίνε-

2172 5470 2295 5523 σθαι
2311 5485 2325 5498 ·
2351 5469 2495 5524 ὥστε
2523 5468 2593 5522 δι’
2617 5467 2736 5532 ἑνὸς
2758 5465 2914 5522 τοῦδε
2942 5467 3071 5530 τοὺς
3096 5465 3289 5530 ἄλλους
3317 5463 3605 5536 ἀκριϐείας
3627 5461 3750 5539 sgn-

2169 5559 2566 5632 λαμϐάνεσθαι.
3664 5554 3698 5589 ’⁵

2241 5652 2363 5707 AF'.
2388 5652 2508 5705 Ἰνα
2535 5651 2590 5705 δὲ
2611 5652 2703 5705 καὶ
2735 5650 2831 5720 τὴν
2854 5648 2944 5704 τοῦ
2976 5648 3206 5703 θανάτου
3233 5648 3457 5720 μνήμην
3480 5646 3561 5709 είς
3589 5642 3753 5715 βάθις

2181 5743 2459 5816 ἐγχαρᾷιξῃ
2506 5745 2569 5815 τῇ
2602 5742 2828 5814 διαλοῗᾳ.
2882 5742 2975 5795 καὶ
3038 5739 3124 5793 διὰ
3175 5738 3374 5803 παντὸς
3409 5736 3557 5807 αὐτῷ
3588 5749 3750 5807 παρις
