4138 6406
418 320 526 385 925

1369 325 1544 388 VITA
1589 330 1649 390 S.
1694 326 2019 389 JOANNIS
2056 328 2706 396 ELEEMOSYNARII.

3580 340 3684 405 926

421 433 723 503 ισταμένην
746 432 844 504 ἔχῃ
864 432 959 487 καὶ
985 433 1093 504 πρὸ
1118 434 1401 505 ὀμμάτων,
1431 438 1482 490 τί
1510 441 1687 505 ποιεῖ;
1720 440 1989 508 Μνημείοι

2106 451 2447 509 praesentem,
2487 454 2540 499 et
2570 453 2694 499 ante
2738 444 2958 510 oculos,
2996 445 3126 515 quid
3173 444 3341 502 facit?
3376 445 3538 503 Jubet
3578 451 3681 504 sibi

415 524 568 595 αὐτῷ
600 524 928 595 προστάττει
956 525 1430 595 διοικοδομηθῆναι
1451 544 1467 560 ·
1498 528 1745 599 τούτῳδέ
1777 531 1852 600 μὴ
1879 532 1999 582 ἐπι-

414 613 640 684 τεθῆναι
699 613 897 682 πέρας,
929 614 1046 668 ἀλλ’
1076 614 1333 686 ἡμιτελὲς
1363 615 1508 671 οὕτω
1541 618 1995 689 καταλειφθῆναιο

416 701 539 759 εἶτα
566 706 693 767 τοὺς
739 706 834 759 ἐπὶ
872 706 955 777 τῷ
981 705 1128 777 ἐργῳ
1157 709 1528 777 τεταγμένους
1557 710 1779 763 ἐπειδάν
1805 711 1994 779 ἐπίσηο

419 797 519 867 μός
548 812 634 858 τις
676 795 842 866 ἑορτὴ
876 796 984 866 εἴη,
1033 796 1128 848 ἐπὶ
1158 797 1379 853 πάντων
1433 799 1835 869 ἐφισταμένους
1889 802 1999 856 τῶν

416 887 848 958 συνεδρευόντων
878 889 935 940 ἐν
965 887 1043 957 τῷ
1076 892 1344 959 προφανεῖ
1370 890 1576 958 λέγειν⁹
1619 891 1693 945 Τὸ
1723 894 1913 963 μνῆμα
1938 894 2000 947 τὸ

415 977 509 1031 σὺν
534 977 663 1048 ἄχρι
715 976 954 1046 τήμερον
996 976 1206 1043 ἀτελὲς,
1240 977 1510 1032 δέσποτα’
1572 980 1864 1050 ἐπίτρεψον
1905 980 1999 1035 οὖν

413 1069 547 1122 αὐτὸ
573 1068 748 1137 πέρας
772 1068 959 1121 λαϐεῖν
980 1084 995 1098 ⁸
1027 1067 1222 1141 ἄδηλον
1265 1072 1373 1143 γὰρ
1429 1071 1592 1144 ὁποίᾳ
1641 1072 1762 1144 ὥρᾳ
1809 1075 1839 1127 ὀ
1874 1073 2001 1127 κλέ-

413 1175 557 1227 πτης
594 1157 778 1213 ἔπεισι
807 1158 1057 1223 θάνατος.

483 1248 604 1304 AA'.
641 1250 804 1302 Ἀλλὰ
835 1250 920 1313 τίς
935 1249 1002 1305 ἂν
1027 1250 1238 1304 ἐκείνου
1269 1253 1329 1305 τὸ
1347 1251 1492 1306 λιτὸν
1517 1253 1616 1321 τῆς
1644 1254 1876 1325 διαίτης,
1900 1257 1998 1312 καὶ

413 1340 473 1393 τὸ
512 1340 640 1409 περί
691 1339 790 1408 τὴν
817 1340 1021 1410 ἐσθῆτα
1052 1340 1148 1393 καὶ
1206 1342 1496 1411 στρωμνὴν
1553 1343 1774 1407 εὐτελές
1802 1361 1864 1397 τε
1901 1346 1999 1399 καὶ

414 1430 639 1500 μέτριον
669 1429 872 1492 ἐξείποι
928 1428 1142 1495 καλῶς;
1182 1430 1340 1484 Μετὰ
1371 1432 1479 1503 γὰρ
1509 1433 1619 1485 τῶν
1667 1435 1846 1487 ἄλλων
1876 1436 2000 1489 οὐδὲ

409 1521 613 1591 ταύτης
640 1522 831 1591 ἠμέλει
852 1522 950 1592 τῆς
968 1523 1169 1594 ἀρετῆς
1189 1538 1202 1552 ο
1225 1521 1366 1576 ὥστε
1397 1518 1576 1594 μηδὲν
1593 1526 1757 1580 πλέον
1802 1532 1859 1580 ἐν
1884 1527 2002 1581 τούο

410 1630 526 1676 τοις
554 1613 662 1665 τῶν
690 1612 900 1665 πολλῶν
940 1612 1084 1683 ἐχειν
1116 1613 1212 1667 καὶ
1239 1613 1752 1685 εύκαταφρονήτων,
1791 1615 1999 1685 Ἀμέλει

409 1723 496 1769 τις
528 1703 639 1756 τῶν
668 1703 973 1773 οἰκητόρων
1012 1704 1113 1773 τῆς
1143 1704 1351 1769 πόλεως
1405 1704 1800 1778 συνηθέστερος
1841 1706 1995 1778 αὑτῷ

2101 535 2313 589 exstrui
2337 536 2732 590 monimentum
2763 554 2778 591 :
2811 538 2859 592 ei
2894 547 3075 592 autem
3112 538 3273 593 linem
3310 554 3418 594 non
3456 541 3678 610 imponi,

2100 630 2193 686 sed
2245 629 2690 700 semiperfectum
2740 632 2818 687 sic
2870 632 3147 703 relinqui;
3202 635 3400 692 deinde
3448 651 3542 691 eos
3589 639 3680 707 qui

2103 721 2344 793 praefecti
2371 733 2531 778 erant
2559 724 2730 794 Operi,
2760 716 2883 780 cum
2914 736 3060 782 esset
3085 727 3280 783 festum
3311 728 3527 798 aliquod
3552 729 3683 783 insi-

2101 828 2226 885 gne,
2259 815 2582 870 accedentes
2612 817 2665 870 in
2699 828 2996 886 conspectu
3029 820 3297 887 omnium,
3319 822 3411 889 qui
3438 821 3681 876 conside-
3756 887 3763 896 _

2099 905 2255 971 bant,
2290 916 2476 976 aperte
2505 907 2691 963 dicere
2722 924 2738 963 :
2772 909 3158 964 Munimentum
3194 921 3343 965 tuum
3376 913 3429 966 in
3462 912 3679 966 hodier-

2101 1013 2230 1051 num
2261 1013 2435 1068 usque
2481 1001 2622 1055 diem
2667 1010 2750 1055 est
2793 1000 3212 1072 imperfectum,
3265 1003 3506 1057 domine.
3546 1001 3682 1056 Jube

2100 1103 2263 1157 ergo,
2300 1097 2361 1144 ut
2390 1091 2441 1145 id
2473 1090 2636 1147 linem
2673 1094 2930 1162 accipiat.
2970 1092 3237 1148 Incertum
3269 1102 3350 1148 est
3376 1094 3540 1159 enim,
3574 1109 3680 1164 qua

2101 1179 2231 1235 hora
2261 1180 2349 1235 l'ur
2376 1184 2733 1251 ingrediatur,
2763 1199 2958 1256 nempe
2983 1201 3164 1240 mors.

2172 1271 2418 1327 XXXIV.
2458 1274 2562 1329 Sed
2596 1276 2717 1344 quis
2745 1275 2886 1329 illius
2910 1276 3085 1332 victus
3115 1277 3452 1342 tenuitatem,
3485 1285 3533 1330 et
3562 1291 3683 1344 qme

2102 1372 2218 1416 erat
2251 1363 2394 1417 circa
2422 1376 2626 1418 vestem
2659 1376 2714 1418 et
2744 1374 2972 1418 stratum
3015 1366 3273 1420 vilitatem
3305 1374 3359 1419 et
3394 1367 3682 1419 mediam-i-

2105 1464 2293 1521 tatem,
2329 1464 2475 1509 recte
2507 1455 2920 1510 cnuntiaverit?
2948 1457 3080 1510 Cum
3115 1457 3236 1511 aliis
3269 1444 3414 1509 eiiim
3447 1471 3512 1510 ne
3543 1456 3681 1509 hanc.

2102 1544 2318 1614 quidem
2349 1545 2585 1614 neglexit
2612 1546 2888 1610 virtutem,
2915 1546 3050 1601 adeo
3080 1557 3136 1600 ut
3163 1547 3354 1616 vulgus
3380 1558 3432 1601 et
3461 1562 3554 1601 eos
3589 1547 3678 1614 qui

2105 1644 2226 1687 sunt
2249 1635 2567 1703 contempti,
2602 1637 2654 1687 in
2680 1635 2763 1689 bis
2785 1652 2850 1689 ue
2876 1646 3158 1705 superaret
3180 1637 3418 1704 quidem.
3449 1636 3677 1701 Quidam

2103 1734 2250 1779 certe
2279 1739 2345 1778 ex
2385 1726 2782 1780 habitatoribus
2812 1726 3068 1790 civitatis,
3101 1726 3191 1795 qui
3218 1734 3331 1779 erat
3362 1725 3409 1777 ei
3440 1724 3676 1778 fatnilia-

410 1794 721 1864 τυγχάνων,
745 1793 897 1856 ὅπως
929 1787 1045 1864 εἷχε
1079 1793 1289 1862 μαθὼν,
1339 1794 1570 1864 σισύραν
1601 1794 1662 1861 ἓξ
1702 1796 1801 1850 καὶ
1831 1797 1989 1866 τριά-

2101 1818 2231 1880 rior,
2259 1832 2382 1871 cum
2412 1817 2725 1873 rescivisset
2753 1819 3019 1887 quomodo
3046 1833 3133 1873 res
3161 1833 3220 1873 se
3245 1818 3486 1881 haberet,
3518 1831 3680 1887 oper-

414 1902 577 1949 κοντα
605 1885 962 1954 νομισμάτων
996 1887 1318 1953 πριάμενος.
1352 1886 1560 1938 στέλλει
1584 1884 1661 1955 τῷ
1686 1886 1944 1956 μακαρίῳ
1974 1926 1989 1949 ,

411 1977 638 2035 πλεῖστα
672 1976 746 2046 μὴ
797 1974 1124 2031 ἀπώσασθαι
1175 1976 1413 2048 δεηθεὶς,
1444 1976 1561 2031 ἀλλ’
1592 1979 1788 2032 ἐαυτὸν
1816 1982 1993 2052 ταύτῃ

414 2071 805 2144 περιστέλλειν.
844 2070 1015 2123 Τοῦτο
1042 2067 1135 2124 οὖν
1163 2072 1257 2125 καὶ
1285 2073 1375 2126 διὰ
1396 2074 1457 2126 τὸ
1484 2073 1578 2127 τοῦ
1608 2074 1803 2146 ἀνδρὸς
1839 2071 1996 2126 εὕπιο

415 2181 540 2216 στον
574 2164 670 2216 καὶ
722 2163 906 2234 τὸτῆς
952 2164 1232 2231 ἀξιώσεως
1279 2165 1539 2236 ἐπιμελὲς
1590 2168 1685 2220 καὶ
1731 2167 1995 2236 διάπυρον

411 2258 639 2325 ποιῆσαι
696 2254 955 2325 θελήσας,
990 2255 1052 2307 οὐ
1100 2254 1341 2308 διέλιπεν
1372 2258 1523 2326 ὅμως
1565 2256 1697 2328 παρ’
1738 2257 1867 2325 ὃλην
1895 2258 1994 2331 τὴν

411 2346 586 2400 νύκτα
614 2345 913 2411 ταλανίζων
947 2345 1172 2411 ἑαυτὸν,
1217 2346 1292 2409 ὡς
1341 2346 1390 2398 οί
1422 2348 1858 2418 παρεδρεύοντες
1909 2353 1991 2414 είς

411 2438 637 2508 ἔσχατον
667 2437 1025 2508 ἐξηγήσαντο,
1058 2437 1177 2501 καὶ,
1214 2437 1310 2499 Τίς
1355 2437 1422 2491 ἂν
1467 2440 1527 2491 οὐ
1558 2441 1857 2509 καταγνοίη
1890 2459 1992 2511 μου

410 2530 506 2585 τοῦ
534 2527 823 2595 ταπεινοῦ,
875 2529 1074 2598 λέγων,
1118 2531 1391 2592 Ἰωάννου,
1440 2532 1490 2583 εί
1550 2532 1674 2601 ἐμοὶ
1718 2533 1823 2602 μὲν
1876 2533 1993 2588 ἐστι

409 2620 707 2692 τριάκοντα
767 2620 864 2675 καὶ
894 2618 954 2687 ἐξ
1006 2621 1362 2690 νομισμάτων
1396 2620 1735 2691 ὲπιᾶλήματι
1793 2623 1991 2677 σκέπε-

412 2711 559 2776 σθαι,
577 2714 688 2774 τοῖς
714 2711 771 2764 δέ
801 2713 946 2767 κατὰ
969 2712 1227 2790 Χριστὸν,
1264 2713 1391 2782 φεύ,
1415 2712 1667 2782 ἀδελφοῖς
1695 2718 1808 2776 τοῖς
1840 2717 1993 2785 ἐμοῖς

412 2806 474 2859 τὸ
513 2805 813 2877 ὑπαίθρους
843 2804 921 2875 τῷ
965 2804 1121 2874 κρύει
1157 2806 1540 2874 πηγνυμένους
1578 2805 1866 2873 διατελεῖν,
1897 2809 1993 2861 καὶ

415 2895 550 2965 μηδὲ
581 2895 746 2966 ῥάκος
780 2894 1122 2964 βραχύτατον
1161 2912 1214 2948 τι
1244 2896 1340 2948 καὶ
1369 2894 1568 2949 εὔωνον
1597 2897 1849 2967 εὐπορεῖν
1871 2915 1886 2929 ο
1918 2893 1993 2953 ὧν

409 2988 461 3039 οἱ
496 2984 713 3050 πλείους
740 2986 836 3040 καὶ
858 2986 1006 3039 κενοὶ
1038 2987 1138 3057 τὴν
1157 2986 1401 3057 γαστέρα
1428 2987 1522 3040 καὶ
1555 2987 1798 3041 ἄδειπνοι
1855 3005 1993 3040 κατ-

410 3076 729 3147 εκληθίσαν,
753 3076 849 3131 καὶ
871 3077 1073 3141 αὐτῶν,
1101 3078 1273 3147 οἶμοι,
1300 3077 1410 3132 τῶν
1437 3077 1869 3132 ἀποπιπτουσῶν
1894 3079 1993 3149 τῆς

410 3169 555 3239 ἐμῆς
582 3167 867 3239 τραπέζης
903 3168 1080 3240 ψιχῶν
1133 3169 1417 3240 ἐφιέμενοι
1465 3169 1609 3225 κατὰ
1653 3171 1745 3224 τὸν
1783 3171 1993 3242 πένητα

411 3261 686 3330 Λάζαρον.
718 3260 786 3314 Ai
823 3260 837 3313 ἱ
864 3260 945 3322 αῖ,
978 3262 1134 3315 πόσοι
1167 3260 1263 3315 νῦν
1295 3261 1437 3326 ξένοι
1482 3262 1579 3315 καὶ
1622 3261 1992 3331 παρεπίδημοι

410 3354 548 3423 πρὶς
586 3352 789 3424 ταύτην
827 3353 1087 3420 ἀφίκοντο
1115 3354 1215 3423 τὴν
1253 3354 1407 3407 πόλιν
1436 3353 1485 3406 οἳ
1517 3354 1591 3424 μὴ
1617 3354 1831 3425 ἔχοντες
1861 3354 1985 3407 ὅποι

409 3447 508 3519 τὴν
524 3436 769 3516 κεφαλὴν
797 3445 1052 3510 κλίνοιεν,
1076 3445 1391 3512 πεινῶντες,
1416 3447 1560 3500 κατὰ
1585 3447 1758 3519 μέσην
1783 3450 1992 3501 κεῖνται

410 3535 509 3605 τὴν
549 3535 792 3605 ἀγοράν·
826 3534 937 3603 ἐγὼ
968 3536 1026 3589 δὲ
1063 3534 1341 3599 παντοίοις
1393 3536 1715 3590 ἐνευπαθῶν
1769 3537 1993 3605 ἀγαθοῖς

412 3628 547 3698 πρὸς
570 3631 636 3697 τῇ
670 3627 808 3701 ἄλλῃ
837 3630 1038 3697 τρυφῇ,
1063 3629 1159 3682 καὶ
1179 3628 1314 3698 τῷδε
1348 3627 1425 3698 τῷ
1460 3630 1744 3683 πολυτελεῖ
1766 3630 1993 3700 ἐπιϐλή-

413 3732 544 3788 ματι
593 3719 688 3773 νῦν
744 3720 1191 3790 περιστέλλομαι.
1254 3720 1320 3773 Τί
1372 3721 1551 3773 τοίνυν
1609 3721 1729 3774 κατ’
1776 3722 1992 3792 ἐκείνην

411 3811 735 3864 ἀκούσεσθαι
758 3811 1040 3879 προσδοκῶ
1068 3811 1164 3883 τὴν
1195 3804 1441 3882 ἡμέραν;
1467 3813 1533 3867 Τί
1571 3813 1779 3885 ἕτερον,
1813 3814 1847 3885 ἢ
1883 3814 1989 3882 ὅτι,

413 3904 709 3968 Ἀπὲλαϐες
748 3904 819 3960 τὰ
848 3902 1028 3972 ἀγαθά
1063 3922 1155 3956 σου
1189 3907 1245 3957 ἐν
1269 3907 1334 3975 τῇ
1365 3905 1476 3974 ζωῇ
1506 3921 1620 3971 σου,
1651 3906 1699 3957 οἱ
1734 3905 1789 3958 δέ
1810 3922 1872 3973 γε
1890 3906 1990 3957 πέ-

413 4011 568 4064 νητες
595 3995 664 4048 τὰ
689 3996 855 4060 κακὰ,
873 3995 968 4049 καὶ
992 3995 1079 4053 διὰ
1100 3994 1256 4048 τοῦτο
1281 3995 1374 4048 νῦν
1402 3996 1558 4049 αὐτοὶ
1599 3996 1699 4065 μὲν
1727 4013 1986 4069 παρακα-

409 4083 644 4149 λοῦνται,
690 4086 757 4139 σὺ
802 4085 858 4139 δὲ
915 4085 1082 4149 ἀξίως
1138 4085 1450 4150 dativis-att;
1499 4085 1640 4138 Ἀλλ’
1697 4086 1990 4158 εὐλογητὸς

410 4174 636 4246 Κύριος,
673 4175 773 4230 οὐκ
840 4175 921 4229 ἔτι
983 4174 1141 4228 τοῦτο
1181 4176 1210 4227 ὁ
1256 4174 1510 4237 ταπεινὸς
1541 4175 1986 4247 σκεπασθήσεται

419 4266 695 4337 Ἰωάννης,
725 4264 862 4319 ἀλλὰ
881 4265 980 4335 τὴν
1012 4262 1179 4319 αὐτοῦ
1213 4263 1376 4334 τιμὴν
1409 4263 1642 4334 πένητες
1680 4264 1985 4336 άμφιάσον-

406 4373 524 4412 ται.

2102 1909 2300 1962 torium
2332 1908 2445 1980 (15)
2478 1921 2712 1978 emptum
2748 1911 2962 1979 triginta
3005 1925 3098 1963 sex
3138 1911 3374 1964 nummis
3406 1909 3570 1964 mittit
3608 1909 3674 1964 ad

2096 2000 2347 2064 Beatum,
2373 2000 2664 2070 plurimum
2690 2016 2884 2071 rogans
2911 2017 2982 2055 ne
3009 2001 3057 2055 id
3082 2014 3382 2067 recusaret,
3408 2004 3499 2057 sed
3524 2018 3582 2058 se
3610 2018 3676 2058 eo

2098 2091 2367 2146 indueret.
2408 2091 2520 2147 lloc
2550 2107 2683 2162 ergo
2716 2108 2837 2146 eum
2873 2102 2925 2147 et
2953 2105 3175 2162 propter
3198 2094 3299 2147 viri
3335 2093 3674 2163 ﬁdelitatem,

2096 2198 2424 2253 precumque
2457 2186 2863 2239 contentionem
2898 2194 2949 2238 et
2980 2187 3228 2239 ardorem
3259 2185 3440 2241 facere
3469 2187 3679 2243 voluis-

2095 2286 2210 2340 set,
2252 2291 2363 2329 non
2406 2277 2644 2331 cessavit
2692 2284 2871 2331 tamen
2926 2286 3035 2331 tota
3078 2287 3235 2333 nocte
3278 2279 3564 2337 lamentari
3599 2278 3680 2350 (ut

2095 2376 2371 2434 postremo
2413 2377 2821 2437 exposuerunt,
2871 2368 2963 2436 qui
3002 2368 3051 2424 ei
3099 2369 3471 2438 assidcbant),
3520 2368 3676 2436 Quis,

2095 2457 2307 2522 dicens,
2350 2472 2456 2511 non
2489 2457 2866 2512 condemnarit
2892 2472 2980 2512 me
3021 2458 3277 2512 miserum
3309 2456 3594 2523 Joannem,
3631 2459 3675 2511 si

2096 2549 2227 2600 mihi
2275 2548 2404 2603 licet
2451 2548 2555 2617 tegi
2604 2556 2914 2617 tegumento
2956 2549 3174 2618 triginta
3209 2558 3262 2603 et
3303 2563 3395 2603 sex
3428 2564 3679 2603 nummo-

2098 2653 2244 2700 rum,
2288 2638 2487 2692 fratres
2521 2648 2703 2692 autem
2753 2640 2855 2693 mei
2902 2637 3077 2709 (proh
3112 2638 3677 2711 dolor!)'secundum

2092 2730 2390 2789 Christum.
2424 2731 2528 2784 sub
2552 2731 2644 2785 dio
2674 2740 2933 2801 perpetuo
2956 2736 3155 2802 degant
3183 2733 3422 2788 concreti
3449 2733 3675 2803 frigore,

2092 2828 2146 2875 et
2175 2834 2276 2874 nec
2302 2821 2592 2873 minimum
2621 2820 2840 2888 quidem
2872 2830 2926 2875 et
2955 2822 3278 2877 vilissimum
3313 2837 3546 2891 pannum
3579 2825 3677 2878 lia--

2094 2912 2298 2965 beant?
2325 2926 2558 2980 quorum
2590 2912 2806 2980 plurimi
2837 2913 3056 2979 quidem
3092 2924 3277 2968 ventre
3306 2931 3477 2971 vacuo
3506 2923 3559 2971 et
3586 2917 3676 2971 in-

2092 3001 2291 3056 cmnati
2331 3002 2671 3067 recumbunt,
2701 3012 2756 3057 et
2791 3005 2871 3058 vel
2912 3005 3078 3074 ipsas,
3114 3005 3226 3077 (hei
3262 3006 3448 3075 mihi!)
3489 3022 3609 3076 qum
3643 3023 3673 3060 a

2017 3113 2062 3174 η
2098 3108 2279 3147 mensa
2327 3108 2448 3148 mea
2497 3095 2731 3160 cadunt,
2769 3097 2938 3151 micas
2979 3097 3237 3163 cupiunt,
3285 3097 3427 3152 sicut
3471 3113 3676 3166 pauper

2097 3185 2355 3240 Lazarus.
2401 3184 2553 3240 Πευὲ
2592 3186 2726 3241 heu!
2769 3201 2932 3256 quam
2977 3187 3131 3242 multi
3171 3203 3315 3243 nunc
3345 3190 3583 3259 hosp'tes
3618 3196 3673 3242 rt

2098 3276 2367 3348 peregrini
2401 3277 2467 3331 ad
2501 3282 2641 3332 hanc
2679 3287 2939 3333 venerunt
2976 3278 3276 3345 civitatem,
3314 3280 3405 3350 qui
3437 3297 3545 3335 non
3578 3284 3675 3336 ha-

2097 3369 2227 3421 bent
2257 3366 2345 3421 ubi
2374 3376 2537 3436 caput
2562 3368 2846 3435 reclinent,
2880 3369 3291 3440 esurientesque
3319 3381 3372 3425 et
3401 3371 3670 3437 sitientes,

2089 3456 2271 3525 jaceut
2307 3457 2359 3510 in
2390 3457 2566 3511 medio
2606 3455 2746 3511 foro.
2780 3456 2896 3528 Ego
2926 3464 3104 3513 autem
3138 3474 3229 3513 me
3257 3459 3486 3515 delicate
3512 3476 3672 3517 omne

2093 3562 2263 3618 genus
2289 3547 2515 3617 explens
2547 3548 2725 3613 bonis,
2751 3559 2947 3617 praeter
2973 3550 3109 3604 alias
3141 3550 3366 3605 delicias
3399 3551 3502 3605 hoc
3533 3568 3675 3621 quo-

2093 3653 2199 3707 que
2228 3653 2376 3693 nunc
2414 3650 2731 3710 sumptuoso
2762 3640 2959 3695 induor
2988 3649 3325 3710 tegumenta.
3362 3642 3506 3708 Quid
3538 3660 3670 3715 ergo

2094 3728 2182 3781 illo
2214 3728 2302 3783 die
2329 3741 2585 3798 exspecto
2616 3746 2701 3785 me
2729 3730 3081 3789 auditurum?
3110 3733 3247 3798 Quid
3276 3734 3444 3801 aliud,
3465 3751 3629 3805 quam
3651 3755 3665 3769 ·

2090 3820 2363 3893 Recepisti
2417 3824 2555 3879 bona
2605 3834 2692 3880 tua
2744 3826 2796 3880 in
2848 3827 2954 3881 vita
3002 3837 3123 3891 tua,
3182 3843 3445 3897 pauperes
3486 3841 3666 3885 autem

2094 3915 2232 3967 mala
2258 3932 2272 3968 :
2307 3923 2363 3969 et
2386 3925 2673 3984 propterea
2699 3917 2799 3986 ipsi
2825 3918 3042 3989 quidem
3074 3934 3214 3974 nunc
3238 3920 3509 3987 accipiunt
3536 3936 3669 3976 cou-

2091 4006 2451 4070 solutionem,
2497 4017 2551 4060 tu
2591 4020 2772 4063 autem
2827 4010 3090 4065 cruciaris
3132 4026 3228 4079 pro
3271 4011 3515 4066 meritis?
3558 4012 3668 4067 Sed

2090 4098 2409 4154 benedictus
2457 4098 2651 4163 Deus,~
2679 4118 2786 4156 non
2837 4102 3066 4171 amplius
3097 4119 3161 4158 eo
3201 4116 3409 4175 legetur
3451 4107 3668 4163 humilis

2088 4188 2351 4256 Joannes,
2383 4193 2475 4246 sed
2503 4189 2619 4260 ejus
2646 4193 2819 4262 pretio
2849 4193 3140 4248 indueutur
3171 4211 3452 4265 pauperes.

476 4449 602 4501 AE'.
629 4449 782 4517 Ἀμα
804 4447 936 4516 γοῦν
964 4448 1103 4517 φωτὶ
1137 4447 1235 4518 τὴν
1268 4447 1499 4516 σισύραν
1543 4450 1623 4513 είς
1655 4450 1753 4521 τὴν
1781 4450 1984 4522 ἀγορὰν

2160 4447 2380 4503 XXXV.
2441 4448 2585 4505 Cum
2637 4465 2871 4520 prmium
2921 4451 3100 4521 itaque
3143 4453 3445 4520 illuxisset,
3501 4458 3664 4513 mittit

408 4538 617 4608 πέμπει
644 4537 1179 4609 διαπραθησομένην,
1216 4537 1284 4607 ἢν
1318 4540 1346 4591 ὁ
1367 4537 1752 4609 προσενεγκὼν
1782 4538 1983 4592 θεασά-

372 4654 379 4661 ι
410 4647 592 4700 μενος,
621 4626 776 4693 αὖθις
806 4631 1128 4700 πριάμενος,
1147 4626 1309 4693 αὖθις
1324 4629 1420 4683 καὶ
1448 4630 1717 4700 προσάγει
1736 4647 1751 4663 ⁸
1771 4633 1799 4684 ὁ
1819 4632 1875 4685 δὲ
1898 4632 1986 4685 δέ-

406 4740 562 4792 χεται
597 4722 717 4792 μὲν,
748 4723 885 4792 πρὸς
914 4722 973 4777 δὲ
1000 4723 1101 4794 τὴν
1127 4721 1333 4792 ἀγοράν
1368 4724 1461 4775 καὶ
1494 4721 1649 4785 αὖθις
1681 4724 1981 4790 ἐκπέμπει.

415 4815 504 4872 Ὡς
530 4812 586 4867 δὲ
611 4814 691 4877 δὶς
719 4814 819 4867 καὶ
874 4814 1135 4877 πολλάκις
1162 4814 1321 4867 τοῦτο
1351 4815 1579 4881 γένοιτο,
1613 4817 1641 4866 ὁ
1674 4814 1818 4883 μέγα
1829 4832 1849 4877 ;
1883 4815 1981 4885 δη-

401 4903 485 4955 λοῖ
507 4900 586 4971 τῷ
617 4902 988 4973 προσάγοντι·
1023 4902 1273 4972 Ἷδωμεν,
1336 4902 1528 4965 εἰπὼν,
1579 4903 1663 4966 τίς
1717 4903 1982 4973 πρότερον

398 4994 771 5064 ἐπαγορεύσει
804 4994 914 5048 τῶν
962 4995 1078 5059 δύο,
1109 4994 1220 5065 ἐγὼ
1261 4995 1365 5065 μὲν
1413 4995 1582 5066 αὐτὴν
1631 4996 1978 5066 πιπράσκων,

402 5084 465 5137 σὺ
495 5083 551 5137 δὲ
578 5083 884 5155 ὠνούμενος
915 5085 1009 5138 καὶ
1034 5086 1378 5156 προσφέρων.
1415 5085 1522 5137 Καὶ
1552 5084 1660 5154 γὰρ
1685 5078 1751 5155 ἦν
1781 5085 1810 5136 ὁ
1837 5085 1978 5156 ἀνὴρ

368 5172 507 5248 ⁸τῶν
534 5172 654 5227 λίαν
682 5175 958 5247 εὐπόρων,
990 5169 1052 5229 οὗ
1089 5175 1250 5246 χάριν
1302 5162 1557 5245 ἐπίτηδες
1601 5178 1626 5230 ὁ
1655 5178 1827 5247 μέγας
1876 5178 1973 5230 καὶ

403 5264 860 5333 παρακερδαίνειν
916 5262 1080 5317 αὐτοῦ
1134 5263 1417 5332 ἠϐούλετο,
1471 5262 1610 5316 ὥστε
1658 5264 1727 5316 τά
1756 5264 1969 5319 ἐκείνου

403 5349 539 5415 apii;
568 5351 692 5413 τοὺς
741 5352 983 5422 πένητας
1037 5355 1371 5425 παραρρεῖν.
1431 5353 1627 5422 Ἔλεγε
1661 5354 1717 5407 δὲ
1767 5355 1860 5408 καί
1917 5373 1972 5410 τι

407 5433 637 5489 ςοιοῦτον
665 5433 762 5505 ὡς,
796 5438 865 5494 Εἴ
885 5459 967 5505 τις
991 5442 1098 5493 ἀπὸ
1118 5444 1226 5494 τῶν
1252 5442 1435 5512 ἁϐρῶν
1462 5442 1665 5495 τούτων
1688 5443 1781 5495 καὶ
1810 5445 1974 5497 πλου-

400 5526 531 5592 σίων
560 5528 778 5585 δύναιτο
825 5534 919 5584 καὶ
964 5531 1201 5602 μάλιστα
1250 5534 1357 5586 τῶν
1414 5533 1778 5605 άσπλάγχνων
1809 5536 1969 5608 τέχνῃ

2086 4539 2416 4605 opertorium
2451 4538 2503 4592 iu
2535 4537 2710 4592 forum
2746 4542 3217 4596 venumdandum:
3254 4548 3394 4613 quod
3429 4561 3549 4600 cum
3584 4548 3662 4603 vi-

2081 4630 2252 4684 disset
2303 4629 2348 4682 is
2397 4630 2492 4698 qui
2546 4631 2854 4695 obtulerat,
2911 4650 3101 4687 rursus
3149 4637 3280 4689 emit
3325 4644 3379 4690 et
3425 4639 3490 4691 ad
3537 4654 3660 4695 eum

2081 4719 2262 4777 affert.
2316 4721 2408 4775 Ille
2479 4733 2658 4777 autem
2713 4725 2911 4793 accipit
2971 4725 3228 4794 quidem,
3287 4744 3475 4784 rursus
3529 4747 3661 4787 vero

2082 4809 2330 4881 mittitad
2365 4810 2563 4867 lorum.
2596 4811 2727 4866 Cum
2755 4823 2933 4869 autem
2960 4815 3042 4869 bis
3069 4828 3123 4870 et
3150 4832 3292 4886 saepe
3319 4818 3420 4873 hoc
3450 4821 3649 4876 factum
3713 4882 3719 4889 _

2079 4911 2258 4967 esset,
2308 4919 2533 4973 magnus
2560 4902 2797 4961 Joannes
2838 4906 3106 4978 signiﬁca:
3144 4909 3192 4962 ei
3236 4911 3329 4979 qui
3356 4909 3657 4973 oﬂerebat:

2082 4990 2405 5058 Videamus,
2437 4996 2624 5050 dicens
2644 5035 2660 5059 ,
2701 4997 2827 5066 quis
2855 5013 2918 5053 ex
2962 4999 3118 5054 nobis
3147 5001 3297 5069 prius
3337 5003 3657 5075 defatigabi-

2080 5090 2190 5148 tur,
2221 5099 2322 5154 ego
2352 5086 2568 5154 quidem
2599 5086 2776 5158 ipsum
2802 5091 3060 5157 vendens,
3098 5101 3152 5146 tu
3179 5103 3357 5149 autem
3389 5109 3574 5152 emens
3602 5107 3655 5153 et

2079 5175 2316 5231 oliereus
2338 5193 2351 5229 :
2374 5188 2494 5245 erat,
2519 5181 2664 5234 enim
2701 5181 2855 5237 valde
2879 5183 3050 5239 dives.
3082 5185 3444 5250 Quamobrem
3473 5188 3655 5253 dedita

2074 5280 2236 5333 opera
2270 5267 2481 5323 volebat
2506 5284 2732 5338 magnus
2752 5270 2988 5329 Joannes
3024 5290 3087 5329 et
3121 5290 3185 5329 eo
3216 5276 3565 5340 lucrifacere,
3595 5290 3653 5335 ut

2074 5358 2218 5412 illius
2260 5361 2397 5414 bona
2438 5362 2505 5415 ad
2549 5378 2813 5432 pauperes
2855 5365 3150 5421 elllnerent.
3201 5365 3426 5424 Dicebat
3470 5382 3647 5424 autem

2074 5449 2236 5503 etiam
2273 5450 2378 5504 tale
2406 5454 2559 5521 quid,
2583 5454 2727 5523 quod
2767 5455 2813 5509 si
2843 5457 2963 5524 quis
2993 5456 3061 5511 ab
3090 5456 3176 5513 his
3203 5458 3451 5515 delicatis
3482 5470 3538 5515 et
3564 5462 3652 5516 di-

2077 5540 2309 5607 vitibus,
2358 5551 2414 5597 ει
2463 5543 2695 5600 maxime
2748 5546 2814 5601 iis
2863 5547 2955 5617 qui
2993 5557 3120 5602 sunt
3163 5548 3647 5617 iutiuisericordcs,

468 5708 581 5793 με)
610 5709 891 5783 uervetus,
925 5714 1181 5777 riliciuut.
1211 5712 1396 5771 Greece
1426 5715 1670 5793 σισύραν,
1697 5721 1989 5795 stragulum
2016 5722 2357 5785 barbaricum
2388 5742 2416 5779 e
2448 5726 2645 5782 villosis
2669 5730 2919 5801 pellibus.
3422 5736 3451 5748 ”’
