4138 6410
467 312 568 378 927

1693 307 1981 369 ΜΕΝὸιὸ
2018 309 2477 374 JANUARIUS.

3616 316 3723 380 928

464 437 650 501 posset
678 436 796 484 arte
820 428 1000 499 aliqua
1033 436 1091 483 et
1117 426 1327 481 ratione
1355 425 1423 481 ad
1459 426 1609 486 insas
1635 439 1808 496 usque
1832 425 2051 484 auferre

2160 430 2260 485 τινὶ
2318 431 2414 486 καὶ
2442 429 2653 501 μεθόδῳ
2699 429 2829 500 ἄχρι
2859 429 2955 484 καὶ
3011 429 3192 484 αὐτῶν
3239 431 3592 502 ἀφαιρεῖσθαι
3621 435 3735 488 τῶν

467 521 717 588 tunicas,
760 530 820 576 ut
862 519 1204 577 benefaceret
1249 519 1655 590 indigentibus,
1696 519 1766 574 ab
1810 533 1876 574 eo
1906 519 2048 588 quod

467 615 623 668 decet
663 612 885 667 minime
916 614 1217 668 aberraret.
1254 611 1346 667 Sic
1381 612 1524 666 enim
1561 626 1650 667 res
1689 611 1825 665 duas
1852 610 2052 665 emciet

467 705 859 773 pulcherrimas
891 722 904 758 :
943 718 1105 759 unam
1138 704 1379 774 quidem,
1418 702 1564 773 quod
1599 702 1812 758 illorum
1853 702 2053 757 animis

468 797 701 851 salutem
735 797 1090 863 conciliabit;
1124 796 1351 851 alteram
1386 805 1589 859 autem,
1618 797 1761 865 quod
1787 810 1854 851 ex
1889 793 2053 850 rebus

394 874 401 881 ’
468 889 660 943 alienis
691 905 796 944 non
839 906 1059 960 parvam
1102 905 1284 958 neque
1320 888 1488 943 levem
1529 888 1634 943 sibi
1666 888 1877 956 parabit
1907 901 2053 941 mer-

471 982 677 1037 cedem.
735 981 794 1036 ln
836 982 1431 1055 testimoniumautem
1466 980 1586 1049 ejus
1628 981 1770 1049 quod
1809 978 2050 1045 dicebat,

470 1075 775 1129 adducebat
802 1076 964 1129 etiam
1000 1077 1050 1129 id
1086 1075 1233 1144 quod
1274 1089 1501 1143 magnus
1542 1072 1667 1128 fecit
1702 1072 2055 1141 Epiphanius,

472 1166 566 1236 qui
593 1165 794 1232 effecit,
830 1176 888 1221 ttt
919 1167 1159 1235 pecunia:
1195 1165 1419 1221 Joannis
1461 1164 1702 1233 episcopi
1739 1161 2052 1234 Hierosoly-

477 1257 665 1311 mitani
713 1259 797 1327 pia
842 1258 1072 1329 quadam
1118 1257 1202 1310 via
1244 1265 1297 1311 el
1340 1256 1549 1312 ratione
1594 1253 2054 1310 distribuerentur

477 1350 826 1417 pauperibus.

2148 522 2390 596 χιτώνων
2417 522 2520 593 τῆς
2546 522 2655 577 τῶν
2677 522 2872 578 ἐνδεῶν
2893 522 3082 576 ἕνεκεν
3110 522 3378 587 εὐποιίας,
3416 524 3513 594 οὐχ
3546 525 3735 597 ἁμαρ-

2148 616 2374 688 τήσεται
2399 614 2493 668 τοῦ
2527 617 2915 688 προσήκοντος.
2947 615 3051 669 Δύο
3076 617 3184 688 γὰρ
3212 615 3355 670 οὕτω
3373 615 3737 686 διοικονομείο

2149 720 2240 759 ται
2259 705 2327 757 τὰ
2353 704 2639 768 κάλλιστα,
2680 705 2740 758 ἓν
2769 705 2873 772 μὲν
2897 707 2978 760 ὅτι
3001 706 3097 760 καὶ
3116 708 3239 769 ταῖς
3271 706 3497 759 ἐκείνων
3528 706 3735 777 ψυχαῖς

2153 797 2519 868 μνηστεύεται
2544 800 2838 870 σωτηρίως
2875 799 3066 870 ἕτερον
3107 799 3165 853 δὲ
3193 802 3276 854 ὅτι
3305 801 3401 853 καὶ
3429 800 3611 869 ἑαυτῷ
3643 818 3736 870 μι-

2151 889 2277 944 σθὸν
2303 892 2368 944 ὲκ
2394 891 2505 943 τῶν
2535 891 2850 962 ἀλλοτρίων.
2869 890 2987 945 οὔτι
3021 892 3214 963 μικρὸν
3238 891 3362 945 οὐδὲ
3384 891 3474 945 τὸν
3499 892 3733 961 τυχόντα

2148 985 2447 1054 περιποιεῖ.
2463 984 2554 1038 Mat
2564 984 2779 1055 ρτύριον
2794 983 2851 1038 δὲ
2870 983 2967 1038 τοῦ
2991 984 3151 1053 λόγου
3175 984 3268 1038 καὶ
3294 984 3355 1037 τὸ
3380 985 3471 1038 τοῦ
3495 984 3735 1053 μεγάλου

2147 1074 2432 1143 παρετίθει
2466 1075 2806 1143 Ἐπιφανίου,
2843 1076 2905 1140 ὃς
2960 1076 3208 1130 Ἰωάννου
3258 1077 3329 1130 τὰ
3354 1076 3451 1130 τοῦ
3478 1077 3738 1147 ἀρχιεπι-

2151 1164 2356 1219 σκόπου
2393 1164 2784 1235 Ἱεροσολύμων
2809 1168 3069 1237 χρήματα
3100 1166 3319 1221 εὐσεϐεῖ
3354 1167 3564 1239 μεθόδῳ
3594 1182 3739 1239 παρ.-

2149 1256 2420 1314 εσκεύασε
2448 1259 2562 1321 τοῖς
2586 1255 2862 1327 δεομένοις
2894 1256 3280 1328 ὲκκενωθῆναι.

1934 1459 2165 1518 CAPUT
2204 1461 2314 1519 VII.

1716 1579 1961 1637 Historia
1997 1580 2056 1638 S.
2092 1582 2240 1638 Petri
2277 1582 2589 1637 Teloniarii.

543 1688 786 1745 XXXVI.
824 1690 1067 1748 Addebat
1093 1708 1224 1748 vero
1249 1694 1393 1748 aliud
1413 1694 1822 1766 quoqtte,'quod
1852 1713 1882 1751 a
1909 1695 2051 1752 tideli

2230 1699 2374 1765 Λςν.
2418 1696 2743 1769 Προσετίθει
2784 1696 2841 1751 δὲ
2889 1700 2984 1753 καὶ
3028 1698 3212 1766 ἕτερον
3251 1699 3389 1768 ὅπερ
3442 1701 3592 1771 παρὰ
3644 1703 3741 1756 τού

472 1784 704 1850 quodam
736 1793 791 1837 et
819 1792 1036 1839 amante
1065 1785 1316 1842 veritatis
1348 1788 1560 1844 dicebat
1593 1803 1654 1844 se
1685 1788 1963 1845 audivisse
1994 1789 2048 1844 in

471 1871 685 1944 Cypro,
723 1874 813 1944 qui
855 1877 936 1931 sic
979 1878 1268 1944 narrabat,
1302 1894 1364 1933 ea
1424 1895 1544 1949 quae
1590 1881 1807 1937 dicebat
1844 1859 2063 1950 jureju:

473 1968 648 2024 rando
678 1969 1038 2025 conlirmans:
1061 1971 1194 2026 Cum
1221 1987 1396 2028 essent
1431 1974 1482 2028 in
1507 1974 1711 2039 Africa,
1742 1974 2050 2029 habitaan

475 2061 618 2130 apud
652 2063 939 2131 quemdam
974 2064 1340 2133 publicanum,
1372 2066 1527 2122 valde
1558 2067 1774 2136 quidem
1807 2067 2050 2133 divitem,

475 2153 571 2207 sed
606 2153 891 2209 admodum
936 2156 1456 2222 inmisericordem,
1492 2169 1546 2215 et
1580 2174 1872 2230 pauperem
1909 2160 2052 2229 quod

473 2245 670 2299 attinet
698 2247 764 2300 ad
797 2247 1247 2303 misericordiam.
1276 2251 1417 2305 Cum
1447 2262 1624 2305 autem
1655 2252 1965 2317 accidisset,
1998 2261 2055 2304 ut

476 2342 720 2405 tempore
746 2337 972 2392 hiberno
997 2339 1077 2393 sol
1104 2340 1310 2395 luceret
1335 2341 1584 2407 calidius,
1609 2358 1870 2413 pauperes
1894 2342 2053 2398 simul

477 2427 788 2495 congregati
818 2428 1003 2483 calore
1032 2428 1370 2485 fruebantur.
1408 2430 1479 2485 Ut
1510 2432 1649 2486 solet
1675 2438 1860 2486 autem
1894 2432 1946 2485 in
1974 2433 2056 2486 his

476 2520 729 2583 evenire,
777 2520 968 2576 domos
998 2523 1433 2577 enumerabant:
1473 2522 1593 2578 illas
1635 2524 1892 2592 quidem,
1936 2539 2057 2593 qua:

475 2618 635 2664 erant
657 2612 1064 2667 misericordium
1105 2624 1160 2668 et
1179 2628 1275 2667 sua
1303 2616 1848 2681 communicantium,
1883 2618 2047 2670 bean-

480 2710 587 2764 tes;
626 2717 719 2755 cas
750 2714 953 2768 autem,
983 2719 1101 2771 quae
1128 2703 1544 2773 possidebantur
1569 2722 1596 2760 a
1628 2707 1805 2774 parcis
1835 2718 1891 2762 et
1923 2707 2054 2761 nihil

478 2793 881 2862 ciargimtilms,
909 2796 1138 2849 miseras
1163 2796 1401 2851 dicentes
1430 2806 1482 2851 et
1509 2809 1857 2855 exsecrantes
1886 2816 1902 2855 :
1933 2814 2054 2855 cum

479 2888 705 2955 quibus,
740 2889 911 2956 inquit
933 2928 948 2953 ,
981 2889 1144 2942 etiam
1175 2904 1356 2944 meum
1387 2902 1847 2946 connumerarnnt
1876 2892 2055 2948 derui-

479 2993 628 3033 ttum.
661 2980 749 3032 Sic
786 2981 967 3046 itaque
1009 2980 1244 3033 invicem
1286 2980 1579 3050 rogabant,
1616 2998 1683 3037 an
1726 2982 1924 3053 aliqu'is
1959 3001 2052 3037 un-

2155 1787 2349 1842 πιστοῦ
2379 1789 2475 1841 καὶ
2526 1787 2855 1858 φιλαλήθους
2899 1787 3092 1857 ἀνδρὸς
3139 1786 3295 1856 ἔλεγε
3326 1789 3468 1841 κατὰ
3492 1791 3593 1859 τὴν
3622 1791 3742 1845 Κύ-

2160 1898 2297 1951 προν
2324 1880 2581 1945 ἀκοῦσαι,
2614 1880 2674 1943 ὃς
2700 1878 2873 1940 οὕτως
2908 1878 3178 1947 ἐξηγεῖτο,
3211 1879 3396 1948 φησὶν,
3432 1881 3581 1951 ὅρκῳ
3611 1884 3743 1948 τοὺς

2153 1971 2345 2039 λόγους
2395 1970 2778 2040 πιστούμενος·
2817 1970 3051 2037 Ὅτιπῖρ
3097 1971 3154 2022 ὲν
3197 1971 3431 2042 Ἀφρικῇ
3473 1972 3741 2040 γεγονὼς,

2157 2062 2447 2134 παρῴκουν
2476 2061 2685 2133 τελώνῃ
2712 2062 2842 2125 τινὶ,
2889 2061 3033 2115 πάνυ
3079 2062 3177 2131 μὲν
3222 2061 3485 2133 πλουσίῳ,
3513 2065 3654 2117 πάνυ
3680 2066 3740 2119 δὶ

2155 2155 2488 2226 ὰτπλὰγχνῳ
2534 2150 2632 2207 καὶ
2677 2153 2921 2224 πενιχρῷ
2969 2154 3039 2206 τὰ
3094 2153 3230 2224 πρὸς
3270 2153 3438 2210 ἔλεον.
3487 2155 3643 2209 Οὕτω
3678 2156 3739 2211 δὲ

2158 2246 2395 2317 συμϐὰν,
2416 2246 2538 2317 ὥρᾳ
2565 2245 2831 2317 χειμῶνος
2861 2244 3011 2314 ἡλίου
3034 2244 3364 2316 θερμότερον
3395 2245 3743 2318 ἐπιλάμψανο

2156 2355 2269 2403 τος,
2297 2340 2530 2409 πένητες
2555 2338 2673 2408 ἅμα
2698 2337 3201 2407 συναθροισθέντες,
3237 2337 3341 2407 τῆς
3384 2337 3595 2409 θέρμης
3637 2342 3744 2393 ἀπ·

2158 2431 2368 2485 έλαϐον.
2392 2432 2603 2501 Ὠσπερ
2620 2430 2676 2483 δὲ
2701 2429 2848 2491 εἰκὸς
2880 2430 2972 2489 ἐπὶ
3004 2429 3213 2493 τούτοις
3246 2429 3592 2500 συμϐαίνειν,
3631 2432 3738 2484 ἀπ-

2155 2523 2490 2595 ηριθμοῠντο
2513 2524 2611 2586 τὰς
2632 2524 2828 2585 οἰκίας,
2866 2522 2966 2585 τὰς
2988 2524 3085 2592 μὲν
3110 2540 3216 2575 των
3234 2523 3628 2594 εὐσπλὰγχνων
3648 2523 3747 2580 καὶ

2156 2616 2490 2671 κοινωνικῶν
2522 2615 2942 2686 μακαρίζοντες,
2974 2616 3074 2678 τὰς
3101 2614 3157 2667 δὲ
3184 2615 3484 2683 φειδωλοὺς
3515 2615 3742 2685 ἐχούσας

2156 2711 2253 2764 καὶ
2279 2708 2643 2779 ἀμεταδότους
2684 2709 2810 2771 τοὺς
2856 2707 3228 2778 κεκτημένους
3270 2703 3651 2771 ταλανίζοντές
3678 2722 3742 2760 τε

2157 2804 2252 2856 καὶ
2305 2802 2674 2872 ὲπαρώμενοι,
2719 2795 2804 2863 οἷς
2860 2799 2956 2852 καὶ
3006 2799 3097 2852 τὸν
3141 2798 3313 2866 ὲμδν,
3361 2798 3503 2869 ἔφη,
3554 2798 3749 2869 κύριον.

2160 2893 2546 2963 συνηρίθμουν.
2589 2891 2985 2945 Ἐπυνθάνοντο
3026 2890 3159 2960 γοῦν
3213 2891 3478 2961 ἀλλήλους
3529 2890 3585 2943 εί
3612 2890 3744 2944 ποτέ

2158 3003 2241 3049 τις
2269 2984 2480 3038 ἐκεῖθεν
2513 2982 2887 3054 ἐλεημοσύνης
2925 2983 3208 3053 μετάσχοι.
3245 2983 3336 3047 Ὠς
3374 2982 3431 3035 δὲ
3463 2982 3651 3053 μηδεὶς
3676 2978 3746 3053 ἦν

479 3086 639 3137 quam
692 3071 841 3125 illinc
889 3070 1083 3125 luisset
1131 3072 1490 3143 eleernosynte
1556 3075 1865 3145 particeps?
1919 3074 2051 3130 Cum

2161 3078 2225 3131 ὲκ
2250 3078 2465 3130 πάντων
2503 3075 2532 3128 ὃ
2560 3075 2749 3128 λαϐεῖν
2791 3074 3164 3145 καταθέμενος
3186 3112 3202 3139 ,
3242 3070 3324 3138 εἷς
3362 3091 3445 3137 τις
3493 3074 3741 3135 ἐκείνων,

479 3179 608 3217 vero
640 3163 816 3217 nullus
840 3171 985 3216 esset
1015 3178 1078 3216 ex
1104 3164 1358 3219 omnibus
1380 3166 1469 3234 qni
1494 3164 1787 3220 aﬂirmaret
1812 3181 1871 3221 se
1902 3181 2055 3223 acce-

480 3259 657 3328 pisse,
694 3272 831 3308 uuns
859 3271 925 3310 ex
956 3256 1092 3311 illis:
1126 3257 1230 3311 Sed
1263 3258 1415 3326 quid,
1444 3258 1640 3326 inquit,
1672 3259 1801 3312 mihi
1833 3260 2052 3324 dabitis,

481 3351 525 3403 si
557 3363 655 3412 ego
686 3348 843 3402 hodie
880 3349 1137 3402 ret-edens
1171 3348 1319 3403 illinc
1347 3360 1673 3404 consecutus
1704 3350 1860 3405 fuero
1895 3352 2056 3406 mise-

483 3440 808 3495 ricordiam?
829 3440 964 3494 Cum
987 3450 1169 3495 autem
1194 3440 1262 3496 de
1276 3455 1340 3496 ea
1364 3456 1424 3495 re
1447 3451 1602 3510 pacta
1627 3452 1894 3498 conventa
1920 3444 2059 3498 inter

481 3552 541 3591 se
569 3537 845 3601 fecissent,
864 3551 1068 3605 pauper
1090 3552 1215 3591 cum
1242 3535 1435 3593 fuisset
1460 3553 1528 3592 ex
1553 3538 1783 3594 adverso
1808 3539 2055 3594 vestibuli

482 3629 786 3701 publicani,
838 3630 1043 3684 invenit
1089 3630 1203 3699 ipsa
1259 3630 1394 3685 hora
1448 3632 1706 3701 pistorem
1753 3632 2057 3694 trahentem

484 3726 686 3777 mulum
714 3738 851 3792 pane
868 3732 1144 3788 onustum,
1166 3723 1452 3792 ipsumque
1472 3725 1774 3779 venientem
1799 3740 1895 3795 per
1917 3726 2059 3778 viam

482 3834 601 3888 qua:
641 3818 812 3871 tendit
849 3818 914 3871 ad
950 3818 1115 3872 aedes.
1149 3816 1284 3872 Cum
1326 3817 1510 3886 itaque
1543 3831 1839 3888 pauperem
1866 3828 1935 3872 ex
1968 3804 2063 3872 ad;

482 3926 638 3962 verso
664 3915 893 3963 stantem
926 3911 1152 3965 vidisset
1182 3911 1527 3979 publicanus,
1554 3924 1610 3965 et
1641 3910 1758 3966 solo
1790 3911 1929 3966 tristi
1967 3912 2062 3964 hil-

482 4001 594 4055 bitu
633 4013 1015 4071 provocnntem
1075 4017 1199 4057 eum
1255 4006 1321 4057 ad
1365 4003 1803 4059 misericordiam
1854 4004 2063 4074 (neque

482 4094 626 4147 enim
664 4093 741 4146 vel
774 4094 944 4149 solam
979 4109 1169 4149 vocem
1205 4096 1445 4150 audebat
1474 4096 1748 4161 emittere,
1784 4110 1851 4150 ne
1887 4095 2059 4148 virum

487 4184 730 4236 irritaret
754 4183 986 4253 alienum
1019 4199 1047 4238 a
1076 4185 1500 4256 misericordia),
1528 4187 1607 4241 sic
1635 4199 1851 4256 quoque
1881 4184 2064 4249 furore

485 4277 757 4346 percitus,
809 4292 914 4329 nuo
949 4292 1086 4345 parte
1134 4288 1381 4347 arrepto,
1428 4287 1483 4332 et
1521 4292 1586 4332 eo
1635 4292 1767 4332 usus
1807 4285 2061 4345 tanquam

489 4371 519 4422 l:
537 4369 679 4438 pide.
701 4368 835 4435 jacit
859 4369 909 4421 in
936 4372 1247 4436 pauperem.
1266 4369 1435 4434 Quem
1461 4369 1547 4425 ille
1568 4369 1818 4439 protinus
1835 4368 2063 4441 accepit,

2171 3168 2311 3223 Ἀλλ’
2349 3168 2474 3239 ἐμοὶ
2508 3167 2642 3221 τίᾶν
2662 3168 2863 3235 δοίητε,
2904 3166 3032 3237 ἔφη,
3080 3165 3179 3239 [εἰ]
3216 3168 3452 3238 σήμερον
3496 3165 3746 3219 ἀπελθὼν

2159 3261 2342 3324 ἐλέους
2371 3260 2580 3313 ἐκεῖθεν
2622 3260 2868 3330 μεθέξως
2914 3260 3001 3323 Ὠς
3029 3260 3087 3313 δὲ
3119 3258 3216 3312 καὶ
3251 3258 3525 3330 συνθήκας
3558 3259 3742 3312 ἔθεντο

2160 3356 2291 3425 περὶ
2333 3353 2525 3408 τούτου
2551 3392 2566 3417 ,
2610 3356 2639 3408 ὁ
2681 3353 2855 3423 πένης
2900 3354 3233 3415 ἀπεναντίας
3272 3352 3350 3421 τῷ
3393 3351 3603 3405 πυλῶνι
3647 3350 3745 3405 τοῦ

2159 3446 2389 3500 τελώνου
2412 3447 2722 3516 γενόμενος,
2744 3442 2903 3515 εὗρεν
2922 3445 3092 3515 αὐτῆς
3113 3445 3262 3514 ὧρας
3275 3444 3500 3514 ἡμίονον
3514 3444 3742 3497 ἕλκοντα

2161 3540 2251 3593 τὸν
2288 3539 2600 3609 ἀρτοποιὸν,
2649 3537 2836 3607 ἄρτοις
2882 3539 3344 3609 πεφορτισμένην,
3386 3538 3481 3590 καὶ
3525 3535 3612 3589 διὰ
3647 3536 3747 3602 τῆς

2162 3630 2304 3701 πρὸς
2359 3630 2451 3685 τὸν
2511 3625 2658 3684 οἷκον
2723 3628 3000 3700 φερούσης
3058 3630 3221 3684 αὑτὸν
3276 3629 3587 3699 ἐρχόμενον.
3641 3627 3745 3680 Τὸν

2161 3724 2374 3793 πένητα
2407 3722 2538 3791 γοῦν
2563 3726 2591 3777 ό
2616 3721 2853 3787 τελώνης
2884 3721 3147 3776 ἀπέναντί
3190 3739 3292 3774 που
3339 3722 3744 3790 παριστάμενον

2156 3810 2503 3885 θεασάμενος
2542 3816 2638 3870 καὶ.
2668 3798 2909 3887 σχήματι
2943 3818 3179 3886 κατηφεῖ
3228 3815 3374 3884 μόνῳ
3417 3811 3555 3882 προς
3598 3810 3746 3863 ἔλεον

2163 3909 2327 3963 αὐτὸν
2369 3910 2772 3979 ὲκκαλούμενον
2830 3909 2973 3981 (οὐδὲ
3013 3909 3121 3979 γὰρ
3173 3908 3267 3961 καὶ
3312 3908 3495 3975 φωνήν
3528 3904 3750 3974 ἐθάρρει

2165 4003 2302 4073 π’ρδς
2335 4002 2497 4055 αὐτδν
2529 4004 2766 4072 ἀφεῖναι,
2803 4000 2897 4055 τοῦ
2932 4001 3007 4071 μὴ
3051 3998 3354 4069 παροξῦναι
3397 3996 3490 4049 τὸν
3540 3994 3751 4049 ἄσπλα-

2156 4095 2373 4163 ³(χνόν),
2401 4093 2560 4163 θυμῷ
2592 4096 2694 4147 κάν
2745 4093 2919 4163 τούτῳ
2973 4090 3219 4161 ληφθεὶς,
3250 4090 3344 4141 ἕνα
3385 4088 3492 4140 τῶν
3539 4084 3749 4154 ψωμῶν

2164 4174 2498 4257 διαρπᾶσας,
2528 4186 2624 4238 καὶ
2659 4178 2749 4237 οἷα
2775 4182 2908 4252 λίθῳ
2949 4181 3317 4252 χρησάμενος,
3370 4178 3555 4246 βάλλει
3607 4174 3750 4228 κατὰ

2163 4271 2268 4331 ΐὸἴ
2290 4262 2550 4346 έπένητος·
2607 4275 2667 4329 ὃν
2725 4277 2936 4338 ἐκεῖνος
2990 4272 3331 4343 παραχρῆμα
3388 4268 3589 4333 λαϐὼν,
3639 4267 3749 4328 τοῖς

2168 4369 2349 4432 ἄλλοις
2384 4367 2638 4421 ἀπελθὼν
2669 4368 2901 4431 ἐδείκνυ,
2941 4363 2976 4438 ἦ
3009 4368 3114 4436 μὴν
3140 4364 3644 4432 διαϐεϐαιούμενος,
3675 4362 3781 4431 ὡς⁵

483 4437 753 4517 etabiens
781 4462 1019 4516 ostendit
1045 4461 1188 4527 aliis,
1212 4461 1486 4517 aliirmans
1511 4437 1654 4531 quod
1677 4437 1982 4530 accepisset
2001 4458 2057 4513 al

2176 4462 2236 4526 ἐξ
2277 4461 2459 4514 αὐτῶν
2487 4460 2642 4513 λάϐοι
2673 4458 2862 4512 τοῦτον
2901 4458 2995 4511 τοῦ
3027 4457 3263 4510 τελώνου
3294 4455 3515 4525 χειρῶν.

486 4554 616 4623 ipsis
643 4552 893 4605 manibus
918 4553 1211 4621 publicani.
2006 4618 2011 4621 _

557 4640 818 4694 XXXVII.
863 4622 1109 4696 Nondum
1144 4643 1250 4697 duo
1280 4642 1396 4697 dies
1428 4643 1840 4711 prmterierant,
1874 4652 1926 4697 et
1960 4658 2060 4714 pu-

485 4733 735 4787 blicanus
780 4736 970 4788 morbo
1018 4743 1302 4803 correptus
1339 4732 1658 4799 mortifero,
1699 4748 1821 4788 cum
1866 4734 2062 4789 mentis

485 4826 741 4879 subiisaet
766 4826 1049 4889 exstasim,
1078 4826 1296 4881 videbat
1325 4841 1354 4879 a
1383 4840 1444 4881 se
1472 4826 1611 4897 exigi
1638 4826 1899 4879 rationem
1934 4842 2062 4881 sua-

486 4932 606 4970 rum
649 4918 941 4971 actionum.
976 4917 1176 4971 Dcindc
1205 4918 1493 4972 videbatur
1519 4918 1684 4971 etiam
1717 4917 1910 4971 adesse
1944 4929 2057 4971 tru—

487 5009 622 5070 tina,
652 5017 884 5076 utraque
918 5010 1273 5063 discernens:
1317 5008 1371 5063 in
1406 5008 1561 5077 cujus
1592 5010 1811 5064 sinistra
1844 5010 2059 5080 quidem

485 5100 642 5155 lance
696 5102 909 5155 videbat
966 5102 1149 5171 nigros
1188 5114 1579 5172 congregatos,
1626 5109 1683 5156 et
1731 5107 1894 5156 multa
1943 5101 2062 5171 ejus

488 5192 664 5259 turpia
732 5190 875 5254 [acta
939 5191 991 5244 in
1054 5191 1210 5246 lance
1278 5192 1657 5259 disponentes:
1722 5192 1776 5247 in
1840 5193 2062 5247 dextera

487 5290 666 5335 autem
689 5320 705 5345 ,
735 5282 880 5335 viros
910 5280 1126 5349 quidem
1162 5281 1483 5336 candidatos
1514 5294 1567 5335 et
1598 5282 1768 5336 forma
1797 5282 2064 5336 terribdes

487 5377 805 5430 assistentes
856 5375 990 5429 nihil
1031 5387 1159 5429 vero
1203 5368 1329 5427 boni
1361 5373 1720 5440 invenientes,
1758 5373 1902 5443 quod
1930 5388 2063 5427 con-

485 5478 571 5525 tra
608 5478 829 5539 possent
860 5467 913 5522 in'
950 5468 1103 5521 lance
1143 5466 1433 5533 collocare,
1477 5480 1710 5536 esseque
1743 5475 1968 5520 maestos
2010 5474 2066 5520 et

484 5562 708 5621 tristes,
754 5571 810 5613 et
858 5560 1141 5612 dicentes:
1189 5556 1331 5611 Nihil
1386 5557 1649 5612 habemus
1694 5557 1873 5616 aliud,
1923 5557 2063 5624 quod

483 5665 843 5719 opponamus,
892 5650 994 5704 nisi
1041 5663 1236 5716 panem
1285 5648 1455 5713 illum,
1487 5664 1648 5718 quem
1691 5650 1902 5703 duobus
1941 5659 2067 5701 ante

484 5722 790 5802 diebusfet
815 5752 915 5796 nec
945 5738 1121 5808 ipsum
1162 5737 1387 5809 quidem
1413 5749 1605 5811 sponte
1626 5778 1640 5805 ,
1672 5739 1815 5794 dedit
1853 5738 2063 5794 cuidam

2241 4636 2362 4692 AZ'.
2399 4636 2567 4691 Οὔπω
2605 4635 2701 4690 δύο
2726 4634 3002 4705 παρῆλθον
3044 4634 3272 4705 ἡμέραι,
3307 4633 3401 4685 καὶ
3443 4632 3471 4682 6
3512 4629 3753 4696 τελώνης

2171 4727 2533 4798 θανατηφόρῳ
2571 4727 2712 4797 νόσῳ
2742 4726 3080 4794 κατάσχετος
3120 4721 3383 4793 γεγονὼς,
3403 4721 3663 4776 ἕκστασίν
3692 4736 3749 4772 τε

2170 4821 2383 4889 φρενῶν
2432 4821 2692 4884 ὑποστὰς,
2731 4820 2924 4871 ἑαυτδν
2985 4817 3136 4887 ἑώρα
3193 4816 3385 4884 λόγους
3440 4814 3549 4866 τῶν
3602 4816 3750 4867 ἰδίων

2171 4911 2545 4981 πραττόμενον
2568 4908 2840 4979 πράξεων,
2861 4906 2979 4962 εἶτα
3004 4911 3098 4961 καὶ
3122 4908 3286 4975 ζυγὸς
3314 4905 3474 4977 ὲῲκει
3496 4908 3749 4973 παρεῖναι

2169 5004 2460 5076 διακρίνων
2510 5004 2766 5075 ἑκάτερα,
2822 4997 2884 5057 οὗ
2931 5006 3072 5056 κατὰ
3122 5002 3219 5072 μὲν
3270 5000 3370 5070 τὴν
3412 4998 3571 5053 λαιὰν
3611 4998 3749 5049 πλά-

2173 5110 2373 5162 στιγγα
2401 5094 2638 5162 μέλανας
2669 5091 2865 5145 ἐϐλεπε
2894 5090 3437 5161 συναθροιζομένους,
3460 5088 3555 5141 καὶ
3584 5085 3750 5140 πολλὰ

2171 5186 2279 5239 τῶν
2307 5185 2473 5240 αὐτοῦ
2515 5186 2767 5255 πράξεων
2820 5184 2997 5238 ἄτοπα
3049 5187 3119 5255 τῇ
3168 5183 3466 5251 πλάστιγγι
3525 5197 3747 5234 κατατι-

2172 5280 2384 5344 θέντας,
2417 5279 2559 5333 κατὰ
2584 5279 2641 5349 δὲ
2682 5282 2780 5348 τὴν
2820 5278 3002 5342 δεξιὰν
3029 5277 3383 5347 λευχείμονας
3420 5274 3518 5345 μὲν
3553 5274 3750 5342 ἄνδρας

2172 5374 2267 5426 καὶ
2314 5370 2578 5442 φοϐεροὺς
2635 5370 2734 5441 τὴν
2790 5370 3006 5441 μορφὴν
3068 5369 3425 5437 ἱσταμένους,
3480 5365 3647 5435 μηδὲν
3695 5363 3752 5415 δὲ

2172 5462 2377 5529 ἀγαθὸν
2409 5461 2831 5530 ἀντισταθμῐσαι
2875 5460 3433 5529 παρεξευρίσκοντας,
3482 5455 3749 5525 κατηςεῖς

2173 5571 2230 5606 τε
2256 5549 2396 5606 εἶναι
2427 5554 2522 5605 καὶ
2553 5550 2930 5622 σκυθρωποὺς,
2959 5550 3127 5603 Οὐδὲν
3152 5550 3301 5613 ἄλλο,
3332 5551 3609 5618 λέγοντας,
3630 5547 3748 5616 ἔχο·

2177 5665 2277 5718 μεν
2328 5644 2646 5709 ἀντιθεῖναι,
2696 5645 2809 5696 ὅτι.
2841 5646 2915 5713 μὴ
2960 5644 3050 5696 τὸν
3111 5642 3206 5696 ἕνα
3248 5644 3411 5714 ἄρτον
3453 5643 3658 5695 ἐκεῖνον
3692 5639 3752 5691 ὃν

2174 5738 2295 5791 δυσὶ
2338 5735 2600 5808 πρότερον
2650 5736 2906 5807 ἡμέραις,
2945 5735 3035 5790 καὶ
3088 5736 3208 5791 οὐδὲ
3260 5735 3420 5790 αὑτὸν
3468 5731 3591 5789 ὲκού
3608 5749 3753 5789 sur).
