4138 6458
493 439 605 502 ίὶῖὶθ
727 432 763 460 ⁸

1455 440 1629 502 YlTA
1679 444 1738 502 S.
1781 436 2105 500 JOANNIS
2146 437 2787 502 ELEEMOSYNARII.

3646 440 3753 505 930

494 555 687 622 πένητι
718 555 958 624 παρέσχε
987 554 1114 607 τινί.
1149 555 1225 622 Τῇ
1257 555 1420 625 ἑτέρᾳ
1458 556 1747 627 τοιγαροῦν
1779 554 2071 621 πλάστιγγι

2181 553 2426 620 paupeti.
2454 553 2589 609 Cum
2625 557 2675 609 in
2706 556 2876 611 altera
2908 557 3089 626 itaque
3120 556 3274 612 lance
3309 570 3430 611 cum
3465 558 3757 629 imposuis-

492 643 679 697 τοῦτον
731 644 1030 714 ἐνθέμενοι,
1083 647 1346 717 ίσορρεπῆ
1397 648 1739 715 κατέστησαν
1786 647 1856 699 τὰ
1908 645 2071 713 ζυγὰ,

494 737 616 789 τότε
655 736 719 805 δὴ
749 735 826 805 τῷ
848 736 1056 810 τελώνῃ
1088 739 1249 807 φασὶν
1296 740 1343 789 οἱ
1371 736 1716 808 λευχείμονες
1746 756 1758 769 ·
1800 738 2075 791 Ἀπελθών

494 825 732 897 πρόσθες
764 829 857 879 ἐπὶ
887 828 963 897 τῷ
994 828 1146 898 ἄρτῳ
1171 827 1345 897 τούτῳ
1366 829 1460 882 καὶ
1481 827 1618 898 ἔργα
1654 844 1773 894 σου,
1794 830 1916 880 ἐπεὶ
1950 827 2076 899 μέλ⁸

493 919 679 970 λουσιν
703 916 796 979 οὓς
819 917 952 988 ὁρᾷς
983 917 1213 987 μέλανες
1242 917 1350 970 οἵδε
1377 917 1826 988 παραλαμϐάνειν
1857 933 1938 970 σε.
1965 918 2043 969 Αὺ
2065 947 2075 956 -

494 1010 620 1062 τίκα
650 1009 827 1061 τοίνυν
861 1009 1174 1074 διαναστὰς,
1214 1009 1313 1062 καὶ
1351 1010 1486 1062 εἵσω
1525 1009 1740 1080 φρενῶν
1765 1008 2026 1078 γενόμενο
2037 1028 2075 1077 ξ,

496 1103 672 1173 ἁληθῆ
724 1103 793 1159 τὰ
840 1102 1101 1156 θεαθέντα
1150 1102 1390 1171 ἐπέγνω.
1423 1103 1673 1156 ’Ἀπαντα
1718 1102 1828 1173 γὰρ
1869 1102 1969 1154 ὅσα
2014 1106 2077 1154 ἐκ

495 1195 616 1249 νέου
643 1195 889 1264 ὑπῆρχεν
919 1194 1068 1264 αὐτῷ
1095 1178 1575 1265 διαπεπραγμένα,
1595 1194 1688 1247 καὶ
1709 1189 1783 1247 ὧν
1806 1196 1884 1254 εἰς
1907 1193 2077 1263 λήθην

495 1284 599 1356 ὶὶτιδη
624 1286 882 1355 κατέστη,
912 1287 1038 1348 τοὺς
1072 1285 1334 1347 Αίθίοπας
1362 1286 1607 1349 ἐκείνους
1637 1282 1787 1355 ἑώρα
1817 1284 2079 1351 συνάγον-

496 1393 597 1439 τας
625 1376 784 1445 δῆθεν
829 1380 924 1429 καὶ
953 1380 1018 1448 τῇ
1071 1377 1365 1446 πλάστιγγι
1398 1377 1882 1446 ὲγκατατιθὲντας.
1913 1376 2078 1430 Ὅθεν

494 1468 563 1539 δὴ
604 1469 699 1521 καὶ
734 1471 811 1531 είς
854 1467 1119 1539 ἔκπληξιν
1149 1469 1408 1533 πολλάκις
1462 1468 1577 1532 ἰὼν,
1627 1467 1821 1532 Βαὸαἱ,
1869 1467 2074 1537 ἔλεγεν,

499 1561 602 1628 ὅση
630 1560 730 1628 τῆς
760 1560 1132 1631 ἐλεημοσύνης
1172 1562 1204 1632 ἡ
1246 1561 1509 1630 δύναμιςῑ
1552 1562 1614 1613 Εί
1641 1562 1751 1631 γὰρ
1775 1555 1852 1622 εἷς
1888 1562 2072 1628 ἄρτος,

503 1653 593 1704 καὶ
646 1652 809 1714 αὐτὸς
846 1652 1114 1721 ἐπιχόλως
1160 1655 1356 1725 πένητι
1394 1655 1721 1724 προσριφεὶς
1768 1653 1956 1722 ἴσχυσε
1987 1669 2076 1705 το-

503 1740 708 1803 σοῦτον,
748 1742 928 1795 πόσων
961 1742 1026 1796 ἂν
1054 1744 1312 1814 δυνηθείη
1349 1743 1537 1798 κακῶν
1580 1745 1770 1797 ἑαυτὸν
1796 1743 2077 1796 ἀπολύσας

504 1832 627 1884 σθαι
678 1835 705 1885 ό
744 1834 943 1902 ίλαρῶς
1000 1834 1069 1888 τὰ
1120 1834 1250 1889 ὄντα
1311 1839 1423 1898 τοῖς
1473 1836 1668 1905 πένησι
1723 1835 2073 1907 προϊέμενοςί

501 1924 766 1977 Τοσοῦτον
838 1923 932 1979 οὖν
999 1926 1298 1996 φιλοτίμως
1358 1927 1696 1999 ἐλεημοσύνη
1768 1928 2077 1997 ἐχρήσατο,

499 2016 593 2066 καὶ
626 2014 799 2078 οὕτως
839 2017 1072 2085 ἀφειδῶς
1101 2018 1311 2071 ἐκείνου
1347 2021 1549 2089 ἀμφοῖν
1579 2022 1692 2072 τοῖν
1717 2022 1920 2090 χεροῖν,
1948 2020 2024 2083 ὡς
2054 2023 2081 2073 ὁ

498 2105 674 2175 λόγος,
725 2111 806 2171 είς
838 2110 939 2172 τὰς
990 2110 1098 2162 τῶν
1129 2111 1379 2182 πενήτων
1427 2111 1700 2183 γαστέρας
1740 2112 1968 2175 ἀντλῶν,
2005 2112 2080 2176 ὼς

502 2200 642 2269 μετὰ
669 2201 730 2253 τὸ
756 2201 933 2255 πάντα
964 2203 1253 2274 προέσθαι,
1290 2204 1424 2275 μηδὲ
1452 2204 1619 2259 αὐτοῦ
1653 2205 1943 2272 φείσασθαι
1977 2205 2082 2258 σώ-

502 2309 693 2359 ματος,
723 2292 859 2346 ἀλλὰ
889 2295 982 2347 καὶ
1018 2295 1193 2366 τούτῳ
1236 2295 1475 2366 πένητας
1506 2296 1701 2368 θρέψαι
1748 2297 2080 2367 ἀποδόμενον

496 2384 590 2452 τὴν
639 2384 970 2456 ἐλευθερίαν,
1021 2386 1098 2451 ὼς
1155 2388 1274 2458 μετ’
1302 2387 1485 2456 ὀλίγον
1530 2388 1828 2460 φανότερον
1864 2390 1895 2441 ό
1925 2390 2081 2458 λόγος

496 2474 750 2545 δηλώσει.

568 2566 697 2621 AH’.
734 2569 981 2640 Προϊόντι
1012 2571 1118 2640 γὰρ
1150 2571 1298 2642 αὐτῷ
1323 2574 1415 2625 ἐπὶ
1454 2572 1517 2625 τὸ
1546 2572 1852 2639 τελωνεῖον,
1876 2577 2079 2648 ναύτης

497 2660 573 2713 ὑπ
590 2664 775 2730 ’,ντησε
800 2664 864 2715 ὲκ
896 2665 1155 2731 ναυαγίου
1178 2665 1403 2734 γυμνός,
1432 2667 1603 2737 ὅνπερ
1627 2666 1691 2737 δὴ
1720 2667 2075 2738 θεασάμενος,

495 2752 556 2804 τὸ
586 2753 798 2822 ἱμάτιον
833 2754 994 2818 εὐθὺς
1027 2756 1228 2820 ἀποδὺς
1256 2757 1423 2828 ἁδρόν
1462 2775 1517 2811 τι
1554 2763 1651 2814 καὶ
1674 2762 1972 2833 πολύτιμον
1996 2763 2076 2828 ὃν,

498 2844 644 2914 αὑτῷ
676 2845 876 2910 δίδωσι,
915 2846 1085 2902 πολλὰ
1113 2848 1327 2919 δεηθεὶς
1381 2849 1469 2902 διὰ
1507 2853 1708 2917 παντὸς
1754 2854 1886 2906 αὐτὸ
1922 2871 2078 2925 περι-

499 2937 778 2992 ϐαλέσθαι.
819 2941 882 2991 Ὃ
926 2940 1005 3005 δὲ,
1038 2939 1196 2994 τοῦτο
1239 2942 1337 3009 μὲν
1371 2943 1640 3013 ἐρυθριῶν
1675 2945 2078 3014 μεγαλοπρεπεῖ

493 3031 731 3099 χρῆσθαι
762 3032 1007 3103 τοιούτῳ,
1039 3033 1197 3085 τοῦτο
1240 3034 1299 3087 δὲ
1339 3037 1429 3088 καὶ
1466 3037 1600 3103 πρὸς
1633 3039 1701 3090 τὰ
1755 3038 1891 3092 ἄλλα
1920 3040 2079 3092 πενό-

500 3138 684 3190 μενος,
712 3124 792 3184 εἰς
820 3122 917 3193 τὴν
962 3124 1170 3195 ἀγορὰν
1195 3124 1375 3196 τίθησι
1419 3126 1943 3199 δισπραθησόμενον.
1985 3129 2074 3194 Ὣς

491 3212 949 3290 δεὺποστρέφων
1005 3216 1034 3268 ό
1087 3217 1325 3287 τελώνης
1381 3218 1481 3271 ἴδοι
1536 3220 1905 3290 κρεμάμενον,
1952 3224 2077 3292 ἀνίᾳ

494 3306 791 3375 συνεσχέθη
822 3304 1013 3378 πολλῇ,
1051 3306 1463 3379 σκυθρωπάζων
1487 3327 1546 3363 τε
1589 3306 1658 3381 ἦν
1697 3312 2078 3384 διαλογιζόμε-

493 3412 583 3457 νος
612 3397 693 3448 ὅτι
741 3397 815 3467 μὴ
869 3399 1146 3466 ἐξεγένετο
1199 3400 1350 3469 αὑτῷ
1387 3402 1600 3455 κεῖσθαί
1654 3420 1708 3456 τι
1769 3404 1848 3474 τῷ
1883 3407 2075 3477 πένητι

494 3488 629 3556 παρ’
662 3487 829 3540 αὑτοῦ
878 3489 1249 3562 ἐλεημοσύνης
1299 3491 1618 3562 ὑπόμνημα.
1669 3492 1854 3546 Ταῦτα
1895 3494 2077 3549 τοίνυν

493 3576 828 3651 λογιζομένῳ
859 3578 1025 3642 ὕπνος
1055 3582 1212 3652 ἐπῄει
1239 3599 1255 3613 ο
1286 3582 1575 3651 ἐφίσταται
1629 3584 1686 3638 δὲ
1739 3586 1888 3657 αὐτῷ
1943 3586 2077 3660 ὄναρ

492 3671 720 3733 εὕοπτός
747 3688 832 3733 τις
862 3672 1002 3742 ἀνὴρ
1033 3673 1184 3742 ἡλίου
1212 3673 1310 3745 τὴν
1338 3673 1488 3745 ὤραν
1513 3676 1886 3748 φαιδρότερος,
1915 3696 2077 3732 σταυ-

494 3763 586 3834 ρὸν
618 3763 714 3835 μὲν
751 3765 846 3818 ἐπὶ
874 3766 971 3835 τῆς
1004 3766 1248 3834 κεφαλῆς
1284 3764 1443 3835 ἔχων,
1480 3766 1541 3819 τὸ
1579 3767 1636 3820 δὲ
1680 3769 1893 3838 ίμάτιον
1938 3772 2075 3840 ὅπερ

494 3854 651 3918 αὐτὸς
707 3856 786 3927 τῷ
837 3858 1006 3928 ναύτῃ
1065 3859 1401 3928 παρέσχετο,
1462 3857 1957 3930 περιϐεϐλημένος,
2014 3861 2074 3924 ὃς

496 3945 720 4015 πλησίον
768 3949 1096 4020 γενόμενος·
1151 3950 1215 4001 Τί
1276 3949 1449 4019 δῆτα,
1500 3949 1622 4018 φίλε
1672 3951 1845 4021 Πέτρε
1897 3953 2076 4023 (τοῦτο

495 4040 602 4110 γὰρ
637 4036 700 4109 ἦν
728 4039 899 4109 ὄνομα
927 4041 1007 4108 τῷ
1036 4040 1291 4111 τελώνῃ),
1346 4041 1531 4104 ἀλύεις
1573 4041 1669 4094 καὶ
1711 4042 1873 4114 casuve
1895 4046 1987 4111 ;“0
2019 4046 2075 4098 δὲ

492 4129 682 4201 ὥσπερ
705 4131 868 4198 γνοὺς
895 4133 1043 4194 ὅστις
1070 4131 1157 4202 εἴη
1191 4134 1219 4183 ὁ
1251 4133 1769 4202 προσφθεγγόμενος
1789 4150 1803 4166 ⁸
1829 4135 2072 4210 Ἐπειδὴ,

493 4220 620 4292 ἔφη,
648 4223 906 4285 δέσποτα,
935 4216 1010 4277 ὧν
1041 4224 1203 4286 αὐτὸς
1239 4224 1510 4287 πλουσίως
1553 4225 1684 4294 ἡμῖν
1717 4229 2072 4299 ἐμπαρέχεις,

493 4312 754 4376 πολλάκις
778 4315 891 4367 τισὶ
924 4314 1315 4378 κοινωνοῦντες
1359 4317 1457 4385 οὐχ
1495 4316 1714 4388 ὁρῶμεν
1758 4320 1939 4383 καλῶς
1980 4323 2077 4375 αὺ-

493 4406 617 4469 τοὺς
670 4408 781 4470 τοῖς
842 4406 1045 4460 δοθεῖσι
1101 4407 1415 4477 χρωμένους
1483 4409 1551 4460 δι’
1608 4412 2072 4481 αἰσχροκέρδειαν.

2176 652 2330 706 sent,
2373 644 2614 699 fecerunt
2656 648 2914 701 trutinam
2942 664 3004 701 ex
3049 659 3278 717 utraque
3318 659 3469 718 parte
3502 666 3571 705 ett
3599 667 3756 720 aequo

2178 736 2619 800 prnpt‘tttlentetu.
2662 726 2816 789 Tunc
2844 737 2916 788 illi
2953 738 3238 805 publicano
3278 742 3465 795 dicunt
3496 742 3594 794 viri
3625 757 3756 795 can-

2179 823 2346 876 didati
2375 840 2390 876 :
2435 823 2715 881 Recedcus
2745 829 2881 881 adde
2915 829 3040 883 huic
3080 834 3225 899 pani,
3259 840 3313 886 rt
3342 849 3591 901 operare.
3618 834 3752 889 Nam

2184 912 2258 966 illi
2290 929 2448 981 quos,
2486 916 2637 969 vides
2668 916 2806 983 nigri
2827 930 2954 972 sunt
2987 929 3036 971 te
3069 923 3364 989 accepturi.
3397 909 3538 978 Cum
3570 926 3753 980 statim

2179 1002 2361 1072 itaque
2388 1017 2743 1072 experrectus
2771 1019 2939 1074 esset,
2972 1016 3026 1064 rt
3054 1012 3120 1064 ad
3152 1027 3210 1066 se
3243 1014 3510 1081 rediiasct,
3541 1018 3759 1087 agnovit

2178 1110 2305 1157 vera
2346 1111 2494 1163 esse,
2537 1113 2656 1166 quae
2697 1099 2806 1153 visa
2853 1100 3085 1155 fuerant.
3135 1102 3269 1157 Nam
3321 1119 3652 1174 qumcunque
3689 1110 3758 1162 ab

2180 1180 2402 1243 ineunte
2430 1197 2588 1243 actate
2621 1191 2688 1244 ab
2731 1206 2797 1244 eo
2828 1191 2965 1245 facta
2992 1191 3244 1257 fuerant,
3286 1205 3340 1248 et
3381 1212 3607 1263 quorum
3647 1200 3757 1266 jam

2179 1290 2294 1332 erat
2325 1280 2556 1346 oblitus,
2594 1281 2809 1337 videbat
2836 1284 2955 1336 illus
2996 1284 3281 1350 Ethiopcs
3313 1288 3499 1355 utique
3526 1305 3756 1357 congre-

2178 1380 2390 1442 gantes,
2421 1381 2475 1427 et
2505 1375 2555 1428 in
2587 1374 2797 1430 lmeem
2834 1376 3192 1447 imponentes.
3228 1380 3587 1447 Quamobrem
3616 1399 3760 1453 saepe

2179 1465 2606 1534 obstupefactus,
2634 1467 2817 1535 Papa!
2843 1470 3077 1535 dicebat,
3103 1485 3301 1539 quanta
3326 1483 3408 1527 est
3430 1476 3600 1530 virtus
3622 1480 3765 1530 ulce-

2183 1573 2441 1630 mosynre.
2474 1559 2531 1614 Si
2572 1560 2714 1611 enim
2748 1576 2887 1638 unus
2922 1565 3099 1631 panis,
3133 1565 3284 1631 isque
3322 1581 3417 1634 per
3448 1567 3582 1620 iram
3624 1584 3763 1637 pan--

2181 1651 2297 1719 peri
2332 1650 2629 1719 projeclus,
2662 1660 2866 1706 tantum
2896 1655 3098 1724 potuitl,
3132 1670 3160 1709 a
3194 1672 3355 1725 quam
3390 1660 3574 1712 multis
3606 1662 3762 1716 malis

2182 1756 2241 1797 se
2260 1744 2457 1811 poterit
2484 1742 2735 1805 liberare,
2762 1746 2852 1813 qui
2878 1745 3121 1801 hilariter
3144 1750 3296 1802 hunis
3320 1750 3432 1806 suis
3460 1753 3763 1821 impertitur

2182 1833 2478 1902 pauperes?
2506 1834 2655 1889 Adeo
2676 1850 2807 1904 ergo
2835 1839 3087 1893 inuniiice
3119 1856 3248 1896 usus
3277 1852 3360 1895 est
3389 1843 3758 1914 electuosyna,

2187 1933 2293 1977 tam
2315 1923 2529 1979 abunde
2553 1925 2837 1992 ambabus,
2871 1940 2930 1982 ut
2955 1930 3059 1985 dici
3086 1932 3246 1997 solet,
3273 1930 3459 1988 ell'udit
3486 1938 3758 1998 inanibus,

2185 2016 2237 2070 in
2268 2027 2486 2071 ventres
2508 2033 2806 2089 pauperum
2835 2021 3127 2078 infundens
3145 2061 3162 2089 ,
3188 2036 3243 2077 ut
3266 2033 3551 2095 postquam
3574 2027 3757 2082 omnia

2185 2106 2537 2178 profudisset,
2565 2126 2635 2165 ne
2663 2127 2763 2166 suo
2784 2113 3000 2182 quidem
3031 2126 3280 2184 parceret
3302 2119 3539 2187 corpori,
3574 2119 3667 2174 sed
3691 2136 3760 2175 eo

2182 2213 2402 2268 quoque
2425 2199 2590 2255 aleret
2626 2216 2913 2271 pauperes,
2945 2206 3158 2259 vendita
3191 2206 3470 2274 libertate;
3518 2218 3573 2263 ut
3601 2209 3761 2280 paulo

2183 2302 2303 2359 post
2335 2291 2538 2348 clarius
2568 2294 2942 2350 ostendemus.

2253 2562 2544 2620 XXXVI".
2583 2563 2642 2619 Ei
2688 2566 2831 2620 enim
2880 2566 3028 2620 eunti
3079 2566 3130 2620 in
3189 2564 3479 2633 telonium,
3525 2571 3766 2624 occurrit

2184 2670 2347 2715 nauta
2390 2664 2563 2713 nudus
2602 2674 2665 2712 ex
2705 2659 3033 2730 naufragio:
3064 2674 3226 2729 quem
3259 2662 3474 2729 quidem
3521 2679 3640 2716 cum
3685 2664 3764 2717 vi-

2181 2752 2380 2812 disset,
2416 2763 2564 2807 veste
2593 2753 2774 2805 statim
2802 2767 2862 2806 se
2890 2767 3120 2817 exuens,
3153 2768 3273 2821 qua:
3301 2764 3421 2807 erat
3452 2754 3678 2809 delicata
3705 2765 3761 2811 et

2180 2853 2525 2912 Sumptuosa,
2570 2844 2617 2897 ci
2660 2845 2856 2906 donat,
2890 2844 3119 2898 multum
3147 2854 3431 2913 pret-atus,
3466 2856 3520 2899 ut
3549 2861 3609 2899 ea
3640 2863 3764 2914 per-

2180 2945 2345 3007 petuo
2399 2937 2734 2991 indueretur.
2777 2934 2871 2990 Ille
2912 2936 3093 2990 autem
3138 2935 3334 3006 partim
3377 2938 3594 3004 quidem
3633 2953 3763 2992 ert:-

2181 3027 2406 3083 bescens
2449 3027 2526 3081 uti
2570 3039 2718 3081 veste
2765 3027 3081 3096 magniﬁca,
3123 3028 3318 3094 partim
3359 3042 3487 3081 vero
3531 3028 3760 3082 aliarum

2182 3133 2396 3187 quoque
2421 3132 2599 3172 rerum
2626 3131 2849 3187 egenus,
2876 3117 2928 3171 in
2953 3116 3070 3171 loro
3095 3119 3315 3186 exponit
3339 3126 3396 3171 ut
3413 3119 3759 3173 νοιιιιει·ριιιι·.

2104 3202 2148 3260 C
2180 3211 2315 3265 Cum
2348 3220 2530 3265 autem
2564 3221 2845 3265 revertens
2870 3208 3192 3279 publicanus
3214 3225 3334 3264 eam
3366 3211 3497 3265 vidit
3518 3213 3759 3280 penden-

2180 3315 2312 3371 tem,
2347 3320 2540 3375 tnagno
2568 3303 2669 3358 fuit
2699 3302 2926 3361 allectus
2950 3307 3170 3371 dolore,
3213 3315 3268 3360 et
3296 3318 3415 3361 erat
3438 3309 3645 3380 tristis,
3678 3325 3762 3364 re-

2179 3409 2376 3467 putans
2428 3399 2571 3468 quod
2629 3414 2736 3453 non
2788 3399 2837 3454 ei
2886 3398 3131 3455 licuisset
3179 3400 3488 3470 relinquere
3533 3405 3757 3471 pauperi

2179 3490 2396 3560 aliquod
2434 3490 2825 3545 monimentum
2874 3505 2987 3545 sum
3027 3492 3438 3547 misericordia).
3478 3492 3603 3549 Hzec
3631 3509 3757 3549 cum

2178 3584 2478 3652 cegitaret,
2511 3583 2561 3636 ci
2593 3583 2809 3652 obrepit
2854 3598 3103 3641 somnus.
3144 3583 3199 3637 In
3243 3585 3450 3640 somnis
3479 3595 3661 3639 autem
3694 3587 3759 3641 ad

2176 3689 2301 3730 eum
2335 3676 2546 3729 accedit
2588 3675 2673 3729 vir
2709 3677 2929 3744 quidam
2974 3676 3239 3745 insignis,
3280 3677 3395 3732 sole
3422 3679 3607 3746 specie
3639 3679 3752 3732 ala-

2176 3766 2356 3831 orior,
2407 3779 2624 3819 crucem
2668 3766 2887 3835 quidem
2936 3767 3142 3820 habens
3187 3767 3238 3821 in
3283 3768 3486 3835 capite,
3540 3770 3758 3823 indutus

2176 3867 2360 3911 autem
2401 3867 2584 3922 veste,
2627 3871 2791 3924 quam
2834 3857 2951 3926 ipse
2992 3858 3213 3910 dederat
3255 3869 3451 3910 nautae.
3488 3856 3588 3923 Qui
3627 3873 3751 3912 cum

2175 3961 2343 4016 prope
2359 3948 2711 4001 accessisset:
2739 3945 2848 4000 Cur
2871 3945 3066 4015 inquit,
3090 3946 3254 4001 chare
3279 3947 3436 4000 Pctre
3459 3947 3586 4017 (hoc
3608 3949 3751 4001 enim

2176 4047 2294 4094 erat
2334 4052 2527 4092 nomen
2560 4038 2891 4108 publicano),
2932 4038 3148 4107 angeris
3193 4048 3250 4091 et
3305 4039 3612 4093 cruciaris?
3658 4038 3754 4093 IIIc

2179 4140 2360 4185 autem
2395 4130 2623 4200 perinde
2666 4144 2731 4183 ac
2765 4129 2809 4182 si
2836 4138 3051 4196 nosset,
3091 4130 3340 4199 quisnam
3372 4140 3515 4186 esset
3552 4131 3643 4199 qui
3672 4131 3755 4187 Io-

2178 4226 2475 4294 quebatur:
2507 4221 2799 4289 Quoniam,
2839 4222 3038 4292 inquit,
3077 4222 3333 4290 Domine,
3366 4239 3485 4291 qua:
3513 4233 3565 4278 tu
3599 4224 3757 4280 nobis

2178 4320 2390 4372 abunde
2414 4319 2650 4388 praebes,
2681 4332 2743 4372 ea
2772 4317 3044 4372 nonnullis
3065 4332 3209 4385 saepe
3230 4318 3625 4386 impertientes,
3644 4332 3755 4370 non

2180 4408 2425 4461 videmus
2465 4422 2559 4461 eos
2599 4416 2748 4460 recte
2792 4406 2868 4460 uti
2914 4406 2980 4459 iis
3013 4420 3133 4474 quae
3173 4409 3291 4460 data
3334 4415 3488 4469 sunt,
3539 4419 3760 4473 propter

497 4496 667 4550 υῠπω
696 4500 785 4552 τὸν
819 4500 978 4569 λόγον
1018 4502 1225 4562 ἐκεῖνος
1257 4499 1521 4570 ἐπλήρου,
1545 4502 1637 4553 καὶ
1665 4504 1693 4554 ό
1724 4507 1914 4572 φανεὶς
1944 4505 2075 4558 ὑπο-

2184 4509 2338 4569 turpe
2366 4499 2599 4554 lucrum.
2638 4498 2729 4552 Ille
2770 4497 3005 4551 nondum
3048 4497 3296 4566 implerat
3328 4497 3628 4550 orationem
3651 4533 3671 4559 ,
3702 4507 3758 4550 et

494 4589 750 4643 δεικνύων
812 4591 962 4663 αὐτῷ
1010 4592 1071 4644 τὸ
1115 4592 1364 4662 ἱμάτιονο
1403 4590 1823 4660 Ἐπιγινώσκεις
1871 4596 2066 4664 τοῦτο;

494 4682 658 4751 φησίς
713 4683 818 4737 Τοῦ
869 4684 926 4737 δὲ
975 4684 1373 4756 καταθεμένου,
1424 4685 1585 4736 πάλιν
1632 4686 1874 4749 ἐκεῖνος’
1921 4687 2074 4759 Ἰδοὺ,

492 4771 677 4836 ὲξότου
739 4792 830 4843 μοι
861 4775 955 4829 καὶ
993 4776 1272 4847 παρέσχες
1304 4773 1458 4840 αὐτὸ,
1504 4773 1594 4826 διὰ
1645 4777 1844 4840 παντὸς
1877 4778 2076 4832 ὲνδιδύο

493 4881 591 4918 σκο
598 4883 719 4934 μαι.
998 4899 1036 4936 ,ς

564 4954 692 5011 ΛΘ’.
743 4956 898 5011 Ἐπεὶ
928 4957 985 5011 δὲ
1013 4959 1107 5012 καὶ
1131 4961 1159 5014 ό
1187 4959 1356 5024 ὕπνος
1385 4961 1586 5032 ἀνῆκεν
1610 4960 1796 5024 αὑτὸν,
1828 4963 1921 5015 ἐπὶ
1954 4962 2076 5017 νοῦν

491 5049 686 5117 ἐλθὼν,
717 5051 1025 5123 Εὐλογητὸς
1063 5053 1290 5126 Κύριος,
1316 5054 1598 5124 ἐλεγεν,.εί
1622 5057 1715 5110 καὶ
1734 5057 1970 5139 Χριστὸς
1997 5053 2075 5122 εἷς

492 5138 631 5197 εἶναι
654 5143 765 5197 τῶν
793 5143 992 5199 ἐνδεῶν
1027 5145 1296 5215 φαίνεται,
1319 5148 1421 5201 οὐκ
1450 5150 1639 5220 ἀνήσω
1666 5138 1956 5220 μέχριςᾶν
1982 5152 2077 5203 καὶ

491 5236 652 5299 αὐτὸς
682 5232 763 5300 εἷς
788 5237 956 5290 τῶνδε
979 5237 1088 5291 τῶν
1111 5239 1409 5310 ἐλαχίστων
1430 5241 1696 5312 γένωμαι.
1728 5243 2076 5313 Παραχρῆμα

488 5325 670 5379 τοίνυν
708 5327 801 5381 τὸν
837 5327 1135 5398 ἐπίτροπον
1159 5330 1261 5400 τῆς
1285 5331 1461 5397 οἰκίας
1490 5332 1550 5396 ὃς
1577 5328 1646 5404 ἦν
1664 5364 1667 5365 ν
1688 5333 2074 5404 ἀργυρώνητος

441 5477 447 5482 _
493 5416 640 5486 αὐτῷ
666 5420 927 5485 καλέσας,
970 5421 1118 5492 Ἐχω
1172 5423 1257 5477 σοί
1303 5441 1377 5491 τι,
1422 5425 1551 5495 ἔφη,
1602 5424 1711 5479 τῶν
1746 5426 2076 5499 ἀπορρήτων

490 5509 797 5575 πιστεῦσαι,
848 5512 986 5583 ὅπερ
1033 5516 1083 5567 εί
1121 5512 1356 5587 ἔκφορον
1387 5515 1561 5587 θείης,
1613 5515 1646 5588 ἢ
1692 5515 1766 5587 μὴ
1807 5516 2076 5590 ἐργάσῃὸ

490 5597 578 5651 ἐπ’
600 5600 748 5670 αὐτῴ
773 5601 1061 5673 βούλομαι,
1096 5604 1317 5677 μακρὰν
1340 5605 1440 5678 ἔσῃ
1472 5607 1566 5660 τοῦ
1595 5606 1731 5677 ἐμοῦ
1757 5606 2071 5677 προσώπου,

486 5688 583 5741 καὶ
614 5692 695 5753 εἰς
726 5689 1005 5762 βάρόαρον
1030 5695 1472 5767 ἀπεμποληθήσῃ
1499 5697 1626 5765 γῆν.
1660 5695 1849 5750 Ταῦτα
1878 5696 2071 5763 εἰπὼν,

485 5781 620 5834 δέκα
652 5782 749 5836 τοῦ
780 5785 1006 5855 χρυσίου
1034 5785 1227 5857 λίτρας
1270 5788 1422 5861 αὑτῷ
1461 5788 1758 5860 ἐγχειρίζει
1808 5790 1901 5841 ἐπὶ
1934 5806 2075 5860 πραο

485 5872 722 5946 γματείᾳ
741 5873 918 5945 τούτῳ
943 5876 1519 5949 καταϐληθησομένας·
1543 5877 1682 5945 εἶτα,
1701 5881 1779 5951 Τῇ
1808 5896 2069 5951 πραγμα-

2180 4594 2271 4663 qui
2320 4601 2651 4660 apparuerat
2690 4593 2986 4645 ostendens
3031 4589 3082 4643 ei
3133 4597 3367 4643 vestem:
3421 4588 3755 4657 Agnoscisne

2179 4686 2361 4740 hanc?
2389 4683 2582 4753 inquit.
2606 4681 2742 4737 Cum
2767 4683 2812 4737 is
2841 4691 3021 4735 autem
3047 4678 3387 4744 aﬂirtnassct,
3420 4681 3509 4734 ille
3532 4695 3751 4735 rursus:

2181 4775 2342 4842 Ecce,
2377 4776 2574 4845 inquit,
2606 4789 2672 4829 ex
2706 4787 2814 4842 quo
2833 4780 2890 4826 tu
2917 4771 3045 4825 mihi
3074 4770 3519 4841 eamgpracbuisti,
3541 4786 3605 4827 ea
3631 4787 3752 4840 per-

2179 4875 2340 4936 petuo
2372 4867 2587 4921 induor.

2249 4967 2497 5022 XXXIX.
2541 4966 2834 5036 Postquam
2865 4973 3047 5020 autem
3087 4977 3211 5019 eum
3259 4962 3464 5019 dimisit
3505 4978 3756 5027 somnus,

2184 5061 2301 5115 bace
2328 5068 2510 5114 mente
2555 5060 2800 5128 agitans,
2831 5056 3154 5113 Benedictus
3203 5056 3481 5118 Dominus,
3520 5057 3704 5110 aiebat
3737 5078 3751 5113 :

2178 5152 2223 5206 si
2268 5152 2519 5204 Christus
2547 5150 2763 5204 videtur
2790 5162 2911 5203 esse
2948 5161 3089 5202 unus
3122 5160 3188 5201 ex
3219 5145 3604 5214 indigentibus,
3645 5161 3750 5198 non

2179 5242 2458 5306 desistant,
2487 5241 2661 5295 donec
2701 5241 2818 5309 ipse
2851 5253 3067 5309 quoque
3102 5238 3203 5291 sim
3232 5250 3370 5290 unus
3397 5250 3465 5290 ex
3495 5235 3565 5291 iis
3595 5236 3753 5288 mini-

2182 5331 2307 5386 mis.
2352 5331 2550 5387 Statim
2601 5344 2733 5399 ergo
2773 5337 2967 5384 vocato
3017 5336 3367 5398 procuratore
3410 5327 3621 5390 domus,
3660 5327 3754 5395 qui

2181 5420 2360 5478 fuerat
2397 5420 2468 5476 ab
2508 5421 2628 5490 ipso
2671 5429 2923 5491 emptus:
2959 5417 3115 5483 Volo,
3151 5420 3352 5488 inquit,
3391 5418 3485 5473 tibi
3526 5417 3754 5473 credere

2178 5512 2448 5583 quoddam
2491 5525 2774 5575 arcanum,
2815 5509 2963 5580 quod
3000 5509 3046 5565 si
3091 5509 3481 5576 enuntiaveris,
3524 5520 3618 5562 aut
3648 5507 3756 5564 nisi

2175 5606 2426 5661 etl'ectum
2481 5602 2806 5670 reddideris,
2859 5602 3003 5672 quod
3051 5604 3197 5666 volo,
3244 5601 3428 5669 procul
3475 5601 3692 5655 recedes
3723 5615 3755 5655 a

2177 5714 2298 5755 meo
2349 5707 2663 5765 conspectu,
2718 5706 2774 5751 et
2818 5694 3074 5752 venderis
3123 5695 3177 5749 in
3225 5695 3456 5749 barbara
3505 5696 3749 5764 regione.

2177 5787 2304 5843 Haec
2328 5803 2451 5843 cum
2475 5787 2724 5850 dixisset,
2761 5789 2946 5841 decem
2978 5785 3147 5841 libras
3180 5787 3299 5839 auri
3329 5786 3375 5840 ei
3409 5786 3594 5848 tradit,
3628 5799 3751 5854 quae

2185 5889 2341 5935 erant
2377 5881 2426 5935 ei
2481 5879 2753 5934 solvenda:
2791 5879 2862 5934 ob
2905 5876 3348 5946 negotiationem.
3400 5876 3636 5932 Deinde:
3666 5872 3752 5928 Me
