4138 6468
404 446 505 513 931

1641 427 1925 500 MENSIS
1963 423 2422 498 JANUARIUS.

3547 422 3653 487 £232

405 579 656 636 quoque,
699 562 907 632 inquit,
955 575 1172 617 assun'c
1223 559 1288 614 ad
1349 559 1490 612 hanc
1557 557 1975 627 negotiationem

2102 551 2222 621 :stqt,
2279 547 2448 619 φησὶ,
2509 545 2652 616 κάμὲ
2717 540 3166 614 συμπαραλαϐὼν
3233 540 3411 613 (τοίτο
3461 543 3668 612 γὰρτὸ

408 657 536 729 (hoc
565 665 648 712 est
691 654 1153 730 cni-n_arcanunt)
1189 660 1244 706 ct
1283 666 1407 705 ctnn
1461 664 1548 704 me
1585 649 1880 703 abduxeris
1914 647 1978 698 ad

411 757 590 816 partes
627 753 826 800 Sancta:
868 743 1128 808 civitatis,
1167 742 1278 796 illic
1318 755 1402 794 me
1458 740 1628 794 vende
1672 737 1982 792 Chrisﬁano

409 837 568 892 alicui
623 845 877 904 tanquam
912 833 1264 903 mancipium.
1307 831 1459 915 Quqd
1503 840 1681 884 autem
1720 830 1787 884 ad
1834 839 1884 883 te
1915 843 1981 882 ex

407 941 472 980 eo
511 925 706 979 redibit
761 925 1028 994 pretium,
1078 932 1558 991 quantumcunque
1605 917 1790 980 fuerit,
1825 918 1984 972 detur

416 1017 766 1088 pauperibus.
785 1014 944 1079 Cum,
977 1024 1262 1084 postquam
1291 1013 1383 1066 diu
1405 1011 1710 1072 institisset,
1745 1009 1832 1062 vix
1859 1016 1980 1061 tan-

407 1112 528 1163 dem
580 1109 630 1162 ei
673 1107 1053 1176 persuasisset,
1107 1106 1251 1160 venit
1299 1119 1421 1158 cum
1472 1117 1538 1157 eo
1588 1102 1980 1170 Hierosolyma.

410 1201 526 1266 Quo
570 1201 622 1254 in
676 1200 817 1263 loco,
848 1214 970 1253 cum
1019 1197 1072 1250 in
1110 1199 1394 1264 quemdam
1443 1195 1700 1255 amicum,
1742 1193 1834 1260 qui
1865 1197 1984 1244 erat.

411 1293 630 1362 quidem
686 1301 806 1345 arte
850 1290 1082 1352 aurifex,
1131 1288 1411 1341 incidisset
1487 1294 1806 1354 procurator
1844 1285 1984 1347 (erat

411 1393 590 1435 autem
618 1381 664 1434 ei
701 1396 894 1434 nomen
931 1379 1132 1443 Zoilus,
1163 1379 1250 1444 qui
1279 1385 1500 1445 propter
1528 1374 1765 1442 a'iqucm
1797 1387 1982 1438 casum

413 1473 665 1526 reduetus
699 1479 815 1524 erat
841 1472 906 1522 ad
936 1466 1221 1536 inopiam),
1255 1465 1456 1522 Servus
1483 1477 1587 1529 est,
1621 1465 1818 1533 inquit,
1852 1462 1982 1516 mibi

413 1561 567 1614 valde
615 1563 784 1612 bonus
821 1575 834 1610 :
887 1573 1045 1626 quem
1099 1559 1143 1612 si
1183 1571 1268 1610 me
1316 1555 1541 1610 audiens
1585 1553 1805 1619 emt-ris,
1851 1552 1984 1606 nihil

413 1653 518 1706 erit
582 1650 994 1718 impedimento,
1033 1649 1323 1717 quominus
1363 1650 1428 1701 ad
1483 1647 1764 1717 pristinam
1801 1647 1989 1699 redtas

413 1741 748 1798 felicitatem.
777 1742 872 1796 Est
903 1743 1044 1794 enim
1073 1757 1176 1795 non
1209 1741 1380 1795 solum
1414 1740 1570 1794 bonis
1595 1739 1862 1802 moribus,
1893 1737 1986 1791 sed

413 1837 578 1890 etiam
619 1835 673 1889 in
709 1834 980 1888 tundendo
1008 1849 1143 1888 auro
1171 1849 1382 1889 sunnne
1413 1833 1768 1898 exercitatus,
1811 1831 1989 1884 fuerat

2081 643 2438 712 ἀπόρρητον),
2454 638 2548 692 καὶ
2569 637 2709 708 πρὸς
2725 637 2797 690 τὰ
2816 637 2918 706 τῆς
2945 637 3108 704 ἁγίας
3128 637 3332 702 πόλεως
3361 639 3667 706 ἀπαγαγὼν

2087 734 2246 804 μέρη,
2280 733 2398 784 ἐκεῖ
2436 747 2503 800 με
2548 729 2862 801 Χριστιανῷ
2906 746 3012 782 τινι
3059 729 3313 800 καθάπερ
3348 729 3406 782 ἓν
3435 727 3544 782 τῶν
3574 729 3668 783 ἀν-

2081 825 2362 898 δραπόδων
2392 825 2674 894 πώλησον⁹
2708 825 2769 878 τὸ
2797 824 2852 878 δὲ
2886 823 3138 878 ἐντεῦθεν
3173 823 3664 894 περιελευσόμενόν

2087 935 2170 970 σοι
2201 917 2440 986 τίμημα,
2475 916 2600 968 ὅσον
2631 915 2697 968 ἂν
2731 919 2824 968 καὶ
2855 916 2962 985 εἴη,
3007 917 3216 988 δοθήτω
3261 916 3479 984 πένησι.
3512 916 3671 969 Μετὰ

2089 1009 2296 1078 πολλὴν
2325 1007 2460 1076 γοῦν
2495 1007 2596 1078 τὴν
2619 1007 2891 1074 ἔνστασιν,
2923 1007 3248 1061 καταπειθοῖ
3279 1007 3432 1078 μόλις
3462 1009 3671 1062 ἐκεῖνον

2085 1097 2283 1163 λαόὼν,
2317 1097 2509 1166 φθάνει
2541 1098 2637 1151 σὺν
2663 1097 2904 1176 αὑτῷοτέι
2937 1098 3310 1169 Ἱεροσόλυμα·
3333 1097 3462 1150 ἔνθα
3497 1104 3672 1169 προσ-

2084 1189 2230 1256 φιλεί
2254 1206 2360 1242 τινι
2382 1191 2410 1242 ὁ
2429 1190 2723 1260 ἐπίτροπος
2753 1189 2992 1261 ἐντυχὼν
3025 1191 3392 1263 ἁργυροκόπῳ
3429 1191 3528 1262 μὲν
3573 1193 3672 1262 τὴν

2083 1280 2304 1350 τέχνην,
2337 1279 2528 1349 Ζωίλῳ
2573 1281 2630 1333 δὲ
2661 1279 2922 1348 τοῦνομα,
2953 1282 3075 1334 τότε
3107 1281 3163 1334 δὲ
3199 1282 3342 1336 κατά
3370 1299 3490 1334 τινα
3520 1299 3672 1352 περι-

2087 1371 2309 1424 πέτειαν
2335 1369 2452 1440 βίου
2483 1371 2702 1440 ἀπόρως
2728 1371 2822 1424 καὶ
2855 1371 3047 1433 ἐνδεῶς
3075 1371 3280 1441 ἔχοντι,
3333 1372 3530 1436 Δοῦλός
3556 1373 3672 1426 ἐστί

2091 1478 2202 1532 μοι,
2235 1460 2340 1532 ἔφη
2389 1461 2556 1532 αὐτῷ,
2598 1463 2739 1516 πάνυ
2800 1463 3006 1533 σφόδρα
3054 1463 3238 1527 καλός.
3293 1466 3389 1518 ’ον
3441 1467 3488 1518 εί
3541 1465 3671 1534 ἐμοῦ

2088 1553 2330 1617 ἀκούσας
2353 1553 2563 1626 ὠνήσῃ.
2595 1555 2747 1608 οὐδὲν
2785 1556 2846 1607 το
2879 1555 3090 1610 κωλῦον
3114 1554 3278 1620 ἕξεις,
3315 1556 3386 1626 μὴ
3411 1557 3480 1609 δι’
3505 1555 3672 1610 αὑτοῦ

2091 1646 2254 1699 πάλιν
2299 1648 2381 1710 είς
2443 1647 2504 1700 τὸ
2542 1643 2600 1700 εὖ
2649 1647 2912 1717 πράττειν
2957 1647 3270 1700 ἐπανελθεῖν
3313 1648 3388 1710 ὡς
3437 1640 3498 1700 τδ
3537 1649 3676 1718 πρό-

2089 1754 2144 1790 τε
2156 1754 2268 1808 ρον.
2297 1739 2452 1792 Ἔστι
2472 1738 2582 1810 γὰρ
2607 1739 2666 1792 ού
2688 1739 2862 1805 δεξιὸς
2887 1739 3050 1809 μόνον
3076 1739 3166 1793 τὸν
3188 1739 3407 1810 τρόπον,
3427 1738 3560 1792 ἀλλὰ
3585 1739 3680 1791 καὶ

2090 1831 2192 1899 τὴν
2223 1830 2588 1902 χρυσοχοϊκὴν
2620 1829 2808 1900 ἄκρως
2842 1831 3240 1902 ἐξησκημένος.
3277 1829 3388 1884 Καὶ
3422 1829 3530 1900 γὰρ
3553 1825 3624 1898 ἦν
3651 1833 3680 1882 ὁ

410 1929 554 1982 enim
589 1927 782 1981 Petrus
809 1926 936 1982 huic
979 1941 1198 1995 quoque
1241 1925 1343 1978 arti
1377 1937 1588 1978 summe
1627 1922 1858 1976 deditus.
1894 1921 1986 1975 ille

2102 1893 2304 1992 Πέτρος
2471 1893 2608 1992 πρίὸς
2636 1893 2798 1976 τούτο
2835 1893 2974 1994 ἔχων
3003 1893 3344 1996 ἐπιτηδείως.
3383 1893 3447 1976 ’ό
3489 1893 3548 1975 δὲ

411 2029 592 2074 autent
637 2018 820 2072 statim
875 2019 928 2072 in
981 2017 1214 2072 medium
1269 2017 1544 2069 adducens
1588 2023 1983 2085 paupertatem,

411 2130 535 2166 cunt
562 2123 683 2179 qua
718 2111 1148 2172 roullirtabatur,
1187 2109 1398 2162 dicebat
1445 2123 1501 2160 se
1537 2123 1642 2160 non
1682 2121 1839 2174 posse
1865 2119 1986 2159 eum

411 2214 617 2256 emere.
665 2199 772 2255 Sed
821 2208 998 2254 tamen
1031 2199 1118 2253 ille
1165 2199 1344 2252 verbis
1381 2198 1539 2251 amici
1592 2211 1904 2268 persuasus,
1935 2205 1990 2249 et

416 2308 552 2348 auro
586 2302 808 2364 accepto
861 2293 1056 2356 fenori,
1102 2289 1235 2345 emit
1283 2291 1400 2344 zelo
1441 2291 1734 2344 ferventem
1767 2289 1988 2343 Petrum

419 2391 522 2458 trig
547 2397 638 2440 nta
667 2381 944 2439 ‘nuntntis.
978 2384 1126 2451 Quos
1154 2398 1276 2438 cum
1313 2383 1616 2451 accepisset
1643 2387 1988 2451 pro‘curator,

418 2479 512 2534 ινὶι
542 2477 1095 2544 Constantinopolim.
1875 2487 1878 2494 '

491 2568 602 2622 XL.
649 2567 873 2620 Licebat
907 2580 1035 2634 ergo
1063 2566 1248 2620 videre
1279 2579 1424 2630 eum,
1459 2563 1549 2633 qui
1581 2571 1800 2634 propter
1839 2559 1993 2616 Chri—

419 2672 562 2716 stum
591 2661 948 2714 voluntariam
979 2669 1296 2726 susceperat
1328 2658 1665 2720 servitutem,
1690 2655 1960 2724 diligentis
1979 2681 1996 2696 -

419 2753 557 2808 sime
587 2751 804 2806 domino
843 2766 944 2805 suo
971 2749 1355 2804 inservientem
1387 2749 1438 2801 in
1469 2747 1742 2812 omnibus,
1781 2759 1902 2814 quae
1927 2743 1994 2797 ad

421 2859 576 2898 usuin
607 2843 800 2896 domus
841 2843 1208 2910 pertinebant,
1251 2839 1583 2908 jejuniizque
1629 2847 1911 2890 vacantem
1943 2843 1999 2889 et

422 2935 620 3006 vigiliis
654 2951 668 2988 :
702 2948 820 3003 qua:
851 2934 1138 2998 faciebant,
1170 2941 1232 2988 ut
1257 2949 1344 2988 res
1366 2931 1569 2986 domini
1597 2930 1992 2984 incrementum

425 3027 760 3098 acciperent,
813 3037 870 3080 ut
917 3029 1366 3082 benedicerentut‘
1419 3024 1536 3092 ejus
1587 3023 1800 3086 ultima,
1851 3023 1996 3076 sicut

420 3117 558 3174 Jobo
587 3119 630 3184 ',
681 3120 854 3188 magis
903 3135 1066 3188 quam
1119 3118 1316 3187 priora.
1373 3117 1471 3183 Qui
1519 3117 1682 3170 etiam
1731 3127 1997 3168 summam

421 3209 542 3276 ejus
575 3212 828 3264 virtutem
882 3225 1172 3273 venerans,
1222 3209 1494 3280 cogitabat
1534 3223 1656 3262 eum
1703 3206 1995 3260 manumit-

427 3311 560 3364 tere,
590 3301 804 3354 etiamsi
849 3301 940 3354 ille
989 3303 1039 3354 id
1073 3302 1296 3354 minime
1341 3300 1658 3364 admiserit,
1694 3298 1881 3352 volens
1913 3310 2002 3364 po-

430 3390 539 3444 tius
591 3391 642 3443 in
695 3392 958 3445 servitute
1001 3401 1220 3460 propter
1252 3391 1527 3444 Christum
1571 3390 1802 3460 perpeti,
1837 3402 1999 3457 quam

425 3499 548 3537 cum
598 3483 847 3538 libertate
895 3485 1200 3553 quiescere.
1253 3485 1356 3538 Sed
1405 3485 1530 3553 quis
1571 3485 1751 3537 dicere
1783 3481 2003 3536 munitio

363 3604 368 3610 ο
430 3577 670 3644 potuerit
698 3590 954 3643 eas,qn:e
992 3579 1040 3628 ei
1082 3590 1111 3628 a
1155 3576 1391 3644 maligno
1433 3576 1822 3636 inferebantur,
1865 3573 2002 3626 allii-

427 3663 674 3717 ctiones?
714 3663 1037 3732 Quicunque
1059 3667 1201 3718 enint
1234 3673 1394 3718 erant
1423 3681 1455 3718 a
1486 3664 1708 3730 lamilia,
1747 3675 2002 3732 tauquam

427 3766 623 3810 emoue
683 3757 882 3810 tuentis
938 3757 1249 3826 quempiam
1302 3765 1655 3826 reputantes,
1713 3757 2006 3827 aliquando

427 3847 646 3916 quidem
699 3861 828 3902 eum
888 3848 1206 3912 irridebanl,
1250 3848 1538 3916 aliquando
1590 3857 1770 3902 autem
1821 3847 2006 3917 alapas

430 3936 765 4008 inll'ogebant,
809 3947 864 3992 et
906 3953 1013 3992 non
1065 3938 1396 3992 desistebant
1435 3939 1484 3992 ei
1531 3937 1784 3992 omnibus
1837 3937 2007 3990 modis

433 4029 630 4082 allerre
677 4029 1000 4084 molestiam.
1049 4029 1486 4098 Quotiescunque
1539 4038 1718 4083 autem
1752 4030 2009 4098 contigis-

431 4127 518 4174 set
539 4133 688 4184 eum,
719 4121 1062 4174 contumeliis
1091 4136 1120 4174 a
1145 4123 1423 4174 conservis
1449 4119 1728 4185 allectum,
1763 4120 2006 4174 dormire

434 4224 561 4264 cum
599 4211 767 4263 animi
805 4211 1149 4280 aegritudine,
1194 4213 1351 4266 toties
1379 4213 1428 4266 ei
1459 4213 1753 4266 assistebat
1783 4212 1838 4266 in
1865 4227 2010 4267 som-

439 4301 548 4364 nis,
584 4302 676 4370 qui
701 4303 753 4356 iu
780 4303 963 4356 Africa
986 4302 1053 4355 ab
1079 4317 1144 4356 eo
1172 4303 1322 4358 visus
1348 4304 1544 4369 fuerat,
1576 4303 1864 4374 ferensque
1897 4303 2012 4371 ejus

444 4405 688 4459 vestem,
721 4403 777 4448 et
805 4395 1038 4463 pretium
1081 4395 1302 4462 triginta
1335 4408 1532 4450 aureos
1560 4397 1764 4452 habens
1809 4398 1862 4448 in
1886 4387 2014 4450 'ma-

433 4487 596 4542 nibus
628 4503 644 4540 :
669 4484 747 4540 Ne
773 4487 852 4540 'sis
882 4487 1072 4554 tristis,
1105 4489 1304 4556 aiebat,
1337 4489 1505 4544 frater
1529 4491 1703 4546 Petre.
1729 4491 1844 4563 Ego
1868 4493 2012 4548 enim

435 4577 598 4631 etiam
641 4584 790 4631 tuum
828 4577 1012 4646 accepi
1052 4579 1308 4648 pretium,
1333 4583 1476 4637 sicut
1501 4583 1652 4652 prius
1674 4595 1902 4640 vestem.

508 4667 645 4723 XLI.
688 4670 1006 4728 Intercessit
1037 4673 1372 4741 aliquantum
1403 4677 1683 4744 temporis,
1713 4685 1767 4729 et
1795 4676 2014 4744 quidam

432 4760 528 4828 qui
557 4770 714 4814 erant
742 4761 984 4830 ejusdem
1021 4763 1182 4832 cujus
1211 4763 1404 4820 Petrus
1433 4765 1689 4835 regionis,
1722 4777 1840 4820 arte
1867 4767 2016 4820 auri-

438 4854 590 4913 lices,
619 4853 726 4904 voti
765 4867 929 4906 causa
965 4863 1019 4906 et
1068 4855 1399 4908 adorationis
1419 4867 1785 4926 pervenerunt
1807 4860 1872 4912 ad
1897 4859 2014 4912 loca

433 4945 760 4998 veneranda.
790 4943 938 5010 Quos
961 4945 1212 5001 dominus
1243 4945 1383 5014 ejus,
1419 4957 1478 5001 ut
1519 4949 1610 5019 qui
1649 4959 1837 5004 essent
1865 4951 2014 5020 ejus-

435 5034 557 5090 dem
592 5035 749 5101 artis,
779 5035 997 5091 domum
1033 5038 1223 5094 ductos
1249 5040 1458 5108 accepit
1479 5041 1625 5094 omni
1660 5041 2010 5110 benignitate.

435 5123 632 5181 Petrus
658 5137 836 5180 autem
857 5142 1006 5183 -cum
1061 5131 1141 5182 eis
1187 5129 1560 5196 ministraret,
1587 5140 1642 5184 et
1670 5131 1816 5186 viros
1845 5147 2014 5202 agno-

433 5218 638 5280 visset,
672 5219 908 5287 seipsum
969 5220 1178 5276 celabat
1227 5237 1324 5288 pro
1374 5221 1606 5285 vitibus,
1659 5232 1714 5277 et
1757 5225 2013 5281 erunibus

433 5309 614 5364 modis
639 5310 936 5364 conabatur
963 5311 1155 5367 latere.
1186 5308 1268 5366 llli
1323 5327 1451 5366 vero
1481 5323 1732 5383 tanquam
1759 5330 1854 5384 per
1876 5317 2016 5386 ﬁgu-
2051 5315 2056 5320 ’

433 5415 553 5454 ram
592 5403 837 5471 corporis
859 5418 982 5457 eum
1031 5404 1372 5474 indagantes,
1405 5417 1758 5474 agnoverunt.
1792 5409 1856 5462 Et
1900 5409 2015 5478 pri-

435 5507 582 5548 mum
635 5495 850 5560 quidem
889 5502 1030 5549 mter
1075 5509 1134 5551 se
1167 5497 1526 5552 susurrabant
1562 5516 1579 5552 ,ε
1620 5498 2012 5554 dubitationem

433 5584 578 5641 enim
603 5583 686 5641 eis
707 5585 968 5643 all’erebat
989 5588 1306 5644 similitudo.
1336 5589 1630 5660 Postquam
1657 5601 1838 5648 autem
1862 5591 2012 5646 illum

437 5671 619 5742 ipsum
663 5690 785 5732 esse
825 5689 1011 5748 aperte
1054 5691 1428 5750 agnoverunt,
1483 5683 1844 5739 communiter
1888 5699 2010 5739 cum

513 5853 532 5881 ⁵
562 5853 681 5906 δαί).
713 5871 813 5908 ll.“
851 5861 930 5912 l2.

2095 2013 2346 2068 σύνοικον
2373 2015 2536 2078 εὐθὺς
2560 2014 2996 2086 προϐαλλόμενος
3026 2015 3282 2082 ἀπορίαν,
3317 2014 3392 2086 μὴ
3417 2013 3678 2068 δύνασθαι

2094 2106 2192 2178 τὴν
2225 2107 2400 2176 ἀρχὴν
2429 2106 2582 2175 ἔλεγε
2626 2105 2818 2160 τοῦτον
2861 2107 3143 2160 ὠνεῖσθαι.
3195 2105 3342 2174 Πλὴν
3390 2105 3526 2158 ἀλλὰ
3567 2107 3681 2166 τοῖς

2095 2198 2190 2250 τοῦ
2227 2199 2383 2268 φίλου
2428 2199 2609 2266 λόγοις
2648 2197 2893 2262 πεισθεὶς
2951 2198 3046 2250 καὶ
3096 2198 3320 2268 χρυσίον
3369 2195 3552 2251 λαϐὼν
3599 2196 3681 2257 είς

2095 2289 2340 2355 δάνειον,
2391 2288 2616 2342 ὠνεῖται
2663 2291 2755 2344 τὸν
2812 2290 3016 2362 θερμὸν
3067 2281 3277 2362 Πέτρον
3328 2288 3680 2360 νομισμάτων

2096 2381 2416 2452 τρίακοντα,
2457 2381 2493 2436 ἃ
2531 2384 2626 2438 καὶ
2671 2382 3006 2454 παραλαϐὼν
3048 2384 3075 2435 ὁ
3121 2384 3438 2454 ἐπίτροπος,
3487 2379 3684 2451 ἐχώρει

2101 2473 2236 2543 πρὸς
2259 2475 2360 2541 τὴν
2385 2475 2986 2528 Κωνσταντινούπολιν.

2171 2567 2393 2623 Μ’.Ἦν
2422 2567 2514 2622 οὖν
2566 2569 2697 2620 ἰδεῖν
2751 2569 2842 2620 τὸν
2895 2568 2982 2622 διὰ
3024 2568 3258 2638 Χριστὸν
3306 2565 3554 2620 ἑκούσιον
3581 2564 3682 2634 τὴν

2099 2659 2344 2714 δουλείαν
2369 2659 2776 2730 προῃρημένον,
2807 2661 3210 2731 ἐπιμελέστατα
3232 2658 3311 2730 τῷ
3349 2659 3583 2728 δεσπότῃ
3606 2659 3684 2727 τῷ

2101 2751 2296 2806 ἑαυτὸῦ
2319 2753 2414 2806 ἐπὶ
2443 2752 2644 2816 πάσαις
2661 2754 2780 2816 ταῖς
2804 2753 2924 2808 κατ’
2955 2749 3106 2807 οἶκον
3126 2752 3342 2824 χρείαις
3377 2750 3652 2821 ὑπηρετού
3667 2779 3686 2790 ο

2107 2860 2301 2914 μενον·
2363 2843 2640 2912 νηστείαις
2705 2860 2763 2896 τε
2811 2844 2873 2898 τὺ
2925 2845 3189 2914 παράπαν
3234 2843 3327 2896 καὶ
3358 2842 3688 2913 ἀγρυπνίαις

2105 2932 2498 3004 προσκείμενον
2524 2950 2544 2968 ο
2579 2933 2616 2988 8t
2643 2936 2736 2988 καὶ
2762 2935 2899 3005 πρὸς
2929 2934 3246 3005 πληθυσμὸν
3275 2933 3446 2986 ἐποίει
3473 2933 3567 2986 καὶ
3593 2931 3690 2986 αὖ·

2105 3026 2257 3093 ξησιν
2310 3026 2380 3079 τὰ
2421 3025 2515 3079 τοῦ
2546 3026 2810 3080 δεσπότου
2859 3027 3197 3091 ἐπιδιδόναι,
3247 3027 3324 3091 ὡς
3371 3027 3677 3096 εὐλογηθῆ-

2105 3135 2192 3170 ναι
2217 3117 2359 3170 κατὰ
2395 3117 2486 3171 τδν
2556 3117 2677 3170 Ἰὼϐ
2726 3121 2796 3172 τὰ
2854 3118 3060 3188 ἔσχατα
3093 3119 3296 3190 μᾶλλον
3343 3118 3511 3172 αὑτοῦ
3554 3119 3690 3190 ἢτὰ

2107 3210 2437 3280 ἔμπροσθεν,
2485 3211 2544 3274 ὃς
2577 3213 2671 3266 καὶ
2727 3211 2824 3282 τὴν
2853 3211 3028 3282 ἄκραν
3077 3213 3280 3283 ἀρετὴν
3337 3211 3502 3264 αὐτοῦ
3539 3212 3690 3265 ,δυσ-

2101 3301 2252 3354 ωπού
2261 3318 2440 3370 μενος,
2461 3303 2676 3370 αφεῖναι
2701 3301 2796 3370 τῆς
2817 3301 3062 3364 δουλείας
3077 3301 3346 3365 διενοεῖτο,
3368 3301 3468 3354 κᾶν
3485 3301 3692 3364 ἐκεῖνος

2103 3393 2306 3463 ἥκιστα
2347 3391 2685 3462 παρεδέξατο
2713 3393 2814 3461 τὴν
2837 3395 2896 3445 ὲν
2918 3392 3134 3464 δουλείᾳ
3177 3391 3266 3446 διὰ
3309 3391 3544 3464 Χριστὸν
3575 3394 3692 3444 H.6-

2107 3501 2266 3554 μενος
2298 3473 2749 3552 κακοπάθειαν,ἣ
2789 3483 2890 3555 τὴν
2929 3483 3046 3554 μετ’
3097 3469 3410 3554 ἐλευθερίας
3447 3483 3692 3537 ἀνάπαυ-

2108 3594 2212 3630 σιν.
2251 3575 2412 3629 Ἀλλὰ
2439 3575 2521 3638 τίς
2548 3575 2612 3628 ἂν
2639 3574 2845 3638 ἐξείποι
2867 3573 2964 3636 τὰς
2987 3576 3050 3628 ἐκ
3075 3573 3170 3628 τοῦ
3213 3573 3454 3645 πονηροῦ
3475 3577 3691 3638 πάντως

2106 3667 2452 3738 ἐπαγομένας
2481 3666 2631 3735 αὑτῷ
2660 3666 2902 3735 θλίψεις
2935 3667 2999 3719 Οἱ
3022 3667 3130 3736 γὰρ
3161 3667 3258 3736 τῆς
3289 3666 3468 3730 οἰκίας
3493 3667 3692 3730 πάντες

2107 3760 2181 3824 ὥς
2201 3778 2324 3814 τινα
2355 3760 2678 3830 παράκοπον
2699 3759 2828 3812 ὅντα
2849 3762 2969 3822 ταῖς
3001 3761 3164 3831 φρεσὶ
3188 3756 3530 3828 λογιζόμενοι
3562 3758 3690 3814 ποτὲ

2113 3853 2212 3924 μὲν
2240 3854 2604 3906 ἀπέσκωπτον
2633 3853 2711 3916 είς
2746 3853 2926 3918 αὐτὸν,
2981 3850 3112 3906 ποτὲ
3140 3849 3198 3904 δὲ
3221 3853 3314 3904 καὶ
3365 3853 3458 3905 ἐπὶ
3490 3851 3694 3924 κόρρης

2109 3950 2425 4021 ἐρράπιζον,
2449 3949 2546 4002 καὶ
2567 3950 2745 4004 πάντα
2762 3967 2790 4000 τ
2800 3949 2963 4019 ρόπον
2975 3947 3234 4010 ἀνιῶντες
3249 3949 3308 4000 οὐ
3321 3945 3692 4016 διελίμπανον.

2120 4041 2348 4104 Ὀσάκις
2374 4039 2470 4093 οὖν
2501 4041 2744 4111 συμϐαίη
2776 4038 2967 4092 τοῦτον
2991 4039 3096 4092 ὑπὸ
3122 4039 3231 4092 τῶν
3253 4039 3562 4110 ὁμοδούλων
3586 4041 3689 4106 sp.-

2113 4133 2566 4204 παροινούμενον,
2626 4134 2683 4184 έν
2756 4131 2902 4202 λύπῃ
2963 4131 3315 4202 κοιμηθῆναι,
3367 4131 3696 4192 τοσαυτάκις

2113 4224 2264 4296 αὐτῷ
2291 4225 2426 4294 ὁναρ
2457 4224 2719 4292 ἐφίστατο
2743 4225 2770 4275 ὁ
2805 4224 2862 4274 ὲν
2895 4221 3128 4292 Ἀφρικῇ
3156 4221 3399 4292 ὁραθείς,
3426 4221 3610 4290 φορῶν
3636 4237 3698 4273 τε

2113 4315 2282 4370 αὐτοῦ
2339 4315 2402 4367 τὸ
2445 4315 2661 4384 ἱμάτιον
2727 4314 2820 4366 καὶ
2877 4313 2978 4384 τὴν
3010 4315 3178 4384 τιμὴν
3217 4315 3344 4377 τοὺς
3399 4315 3698 4384 τριάκοντα

2115 4407 2350 4476 χρυσοῦς
2383 4405 2524 4477 μετὰ
2548 4408 2740 4476 χεῖρας
2789 4405 2926 4475 έχων
2948 4439 2964 4470 ,
2999 4405 3090 4474 Μὴ
3143 4404 3341 4474 ἀθύμει
3369 4423 3448 4468 τε,
3481 4404 3697 4474 ἀδελφέ,

2115 4501 2312 4567 λέγων,
2348 4498 2544 4568 Πέτρε.
2598 4497 2730 4549 Ἰδοὺ
2763 4496 2871 4568 γὰρ
2902 4496 3012 4564 ἐγὼ
3061 4497 3156 4549 καὶ
3181 4495 3283 4566 τὴν
3311 4494 3476 4566 τιμὴν
3503 4497 3700 4564 εἴληφα

2044 4585 2088 4640 D
2118 4594 2218 4663 τὴν
2262 4593 2386 4662 σὴν,
2419 4589 2610 4660 ὥσπερ
2637 4590 2904 4660 πρότερον
2928 4589 2989 4641 τὸ
3023 4589 3262 4658 ἱμάτιον.

2192 4677 2331 4734 MA'.
2367 4679 2572 4748 Χρόνος
2605 4679 2796 4748 ἐτρίϐη
2843 4677 2904 4730 τὸ
2931 4679 3156 4748 μεταξὺ,
3184 4677 3276 4730 καί
3309 4693 3452 4741 τινες
3482 4677 3700 4749 ὁμόχωο

2121 4789 2205 4841 ροι
2229 4770 2308 4840 τῷ
2336 4770 2526 4840 Πέτρῳ
2559 4771 2930 4840 ἁργυροκόποι
2955 4768 3054 4840 τὴν
3085 4771 3300 4840 τέχνην,
3329 4768 3495 4838 εὐχῆς
3543 4771 3704 4840 χάριν

2119 4862 2213 4914 καὶ
2253 4861 2681 4930 προσκυνήσεως
2729 4859 2854 4920 τοὺς
2904 4859 3236 4930 σεϐασμίους
3275 4859 3576 4914 κατέλαϐον
3609 4858 3702 4912 τό·

2119 4970 2282 5015 πους·
2338 4951 2432 5016 οὓς
2465 4954 2494 5006 ὁ
2529 4953 2796 5023 δεσπότης
2833 4952 3000 5006 αὐτοῦ
3027 4953 3124 5006 ὅτε
3160 4952 3487 5022 ὁμοτέχνους
3515 4951 3703 5004 οἴκαδε

2118 5045 2343 5128 ἁγαγξλν
2395 5044 2535 5098 κατὰ
2573 5047 2755 5099 πᾶσαν
2815 5045 3089 5109 ἐδεξιοῦτο
3145 5043 3567 5116 φιλοφροσύνην.
3641 5044 3702 5098 Ὅ

2121 5137 2308 5206 μέντοι
2359 5136 2562 5204 Πέτρος
2587 5133 3006 5203 διακονούμενος
3063 5133 3158 5198 ὢν,
3211 5135 3462 5197 καὶτοὺς
3500 5133 3704 5204 ἄνδρας

2117 5228 2518 5300 ἁναγνωρίσας,
2547 5226 2917 5297 συνέκρυπτεν
2936 5225 3130 5280 ἑαυτὸν
3144 5224 3317 5296 ὁπόση
3339 5225 3536 5295 δύναμι
3553 5245 3589 5292 ·,
3610 5227 3707 5280 καὶ

2116 5322 2296 5374 πάντα
2326 5320 2524 5390 τρόπον
2569 5320 2884 5389 ἐμηχανᾶτο
2908 5317 3114 5372 λαθεῖν.
3164 5319 3392 5373 Ἐκεῖνοι
3420 5319 3478 5372 δὲ
3517 5317 3706 5388 ὥσπερ

2117 5411 2208 5465 διὰ
2233 5411 2342 5464 τῶν
2367 5411 2735 5482 χαρακτήρων
2766 5409 3185 5481 ρινηλατοῢντες
3223 5410 3390 5464 αὑτὸν
3444 5409 3706 5478 ἀνεγίνω-

2117 5521 2268 5564 σκον.
2300 5505 2400 5556 καὶ
2433 5503 2631 5574 πρῶτα
2679 5504 2780 5574 μὲν
2833 5501 3204 5573 διεψιθύριζον
3249 5501 3386 5574 πρὸς
3443 5501 3707 5570 ἀλλήλους

2109 5593 2467 5673 (ἐνεδοιάζετο
2517 5593 2626 5662 γὰρ
2671 5593 2852 5656 αὐτοῖς
2905 5592 2978 5645 τὰ
3010 5591 3110 5661 τῆς
3137 5589 3486 5662 ὲμφερείας),
3523 5591 3617 5643 καὶ
3643 5589 3706 5641 ti.-

2111 5684 2317 5755 κριὸῶς
2351 5685 2514 5738 αὐτον
2554 5685 2762 5739 ἐκεῖνον
2785 5681 2924 5738 εἶναι
2946 5683 3024 5736 διέ
3035 5682 3444 5751 γνωσαν,εὐθὺς
3461 5679 3596 5752 πρὸς
3619 5677 3707 5732 τὸν
