4138 6402
448 368 559 432 933

1411 360 1591 428 VITA
1632 367 1692 427 S.
1734 364 2059 429 JOANNIS
2102 369 2746 434 ELEEMOSYNARII.

3601 380 3707 442 934

444 476 753 546 κεκλριὸτα
807 474 1304 546 κοινολογούμενοι,
1340 475 1405 528 Τί
1432 478 1515 530 ὅτι
1545 495 1646 543 σοι,
1679 473 1857 545 εἷπον,
1889 480 2022 548 ἀνὴρ

2128 482 2312 537 statim
2362 484 2718 552 alloqncntes,
2760 483 2849 551 qui
2882 498 2976 540 eos
3013 482 3373 539 invitaverat:
3417 485 3554 551 Quid
3600 491 3701 544 sibi

439 565 682 627 τοιοῦτος
735 565 814 627 είς
865 564 1159 631 διακονίαν,
1213 561 1294 629 εἷς
1331 565 1430 636 μὲν
1478 567 1588 619 τῶν
1644 555 2022 640 συγκλητικῶν

442 658 538 713 καὶ
577 654 849 727 μεγάλων,
895 656 1107 719 οὐδενὸς
1146 655 1203 709 δὲ
1233 657 1331 726 τὴν
1365 658 1688 727 ἐπιφάνειαν
1736 660 2022 730 δεύτερος;

441 742 613 811 Οὗτος
658 746 768 816 γὰρ
791 748 818 799 ὁ
833 744 928 798 νῦν
949 749 1082 817 ἡμῖν
1103 748 1196 800 ἐπὶ
1223 748 1322 818 τῆς
1337 749 1617 820 τραπέζης
1640 750 1913 822 ὕπηρετού
1923 769 2023 823 με-

441 856 530 903 νος
560 839 763 909 Πέτρος
800 838 947 890 ἐστὶν
989 841 1017 893 ὁ
1061 836 1301 910 τελώνης
1324 858 1337 873 ·
1376 841 1509 913 napi.
1538 835 1599 895 οὗ
1632 841 1732 912 μὲν
1756 843 2024 914 πολλὴτῷ

444 923 654 1003 βασιλεῖ
681 930 849 1000 λύπη,
883 931 1054 1002 πολλὴ
1080 927 1136 984 δὲ
1166 933 1258 986 καὶ
1289 934 1353 1005 τῇ
1387 932 1678 1003 συγκλήτῳ
1724 935 1894 1005 πάσῃ,
1948 936 2023 997 ὡς

439 1024 507 1080 ἂν
541 1023 783 1093 ἀφανοῦς
813 1023 980 1076 αὑτοῦ
1015 1024 1332 1095 γενομένου.

509 1108 644 1170 MB'.
678 1113 895 1168 Τούτων
922 1114 1174 1185 ὁῐῖέτρος
1208 1116 1317 1169 τῶν
1371 1116 1633 1188 ῥημάτων
1680 1111 2023 1188 διομιλουμέ-

443 1223 549 1259 νων
575 1205 845 1269 ἀκούσας,
878 1205 1075 1260 αὐτίκα
1105 1208 1284 1277 ῥίπτει
1320 1209 1419 1278 μὲν
1450 1210 1528 1272 είς
1548 1208 1809 1278 τοῦδαφος
1825 1209 1883 1262 ὃν
1912 1208 2024 1280 εἶχε

444 1297 647 1349 πίνακα
684 1294 823 1365 μετὰ
866 1297 1076 1367 χεῖρας,
1107 1289 1316 1350 κάτεισι
1345 1296 1400 1349 δὲ
1429 1296 1616 1367 δρόμῳ
1646 1292 1782 1366 πρὸς
1811 1297 1902 1350 τὸν
1925 1316 2025 1350 τευ-

441 1385 607 1450 λῶνα,
638 1376 680 1451 ᾧ
710 1384 893 1453 κωφός
921 1401 1004 1447 τις
1039 1384 1133 1438 καὶ
1158 1383 1353 1447 ἄλαλος
1387 1385 1671 1448 νεανίσκος
1706 1386 1770 1439 ἐκ
1797 1386 2024 1456 γενετῆς

439 1474 780 1543 ἐφειστήκει,
808 1472 1039 1543 νεύματι
1073 1462 1277 1527 κλείειν
1306 1490 1366 1525 τε
1396 1475 1490 1526 καὶ
1521 1473 1760 1542 ἀνοίγειν
1793 1473 2025 1544 δυνάμε-

438 1583 548 1628 νος.
574 1567 715 1635 Πρὸς
741 1564 800 1617 ὃν
821 1566 848 1617 ὁ
884 1565 1110 1634 Πέτρος,
1140 1564 1232 1618 Σοὶ
1274 1558 1436 1633 λέγω,
1473 1565 1601 1634 ἔφη,
1629 1565 1705 1636 τῷ
1730 1566 1898 1636 κωφῷ
1932 1566 2024 1618 καὶ

438 1657 645 1727 ἁλάλῳ,
677 1658 735 1710 ἐν
769 1656 994 1726 ὀνόματι
1024 1654 1264 1727 Χριστοῦ
1288 1657 1380 1709 τοῦ
1411 1656 1546 1710 Θεοῦ
1579 1657 1757 1727 ἡμῶν,
1792 1656 2022 1711 ἄκουσόν

443 1765 545 1819 μου
572 1748 666 1800 καὶ
702 1747 913 1811 ἄνοιξον
934 1762 947 1774 ·
988 1747 1016 1800 ὃ
1048 1746 1126 1810 δὲ,
1166 1748 1254 1810 Ὠς
1284 1747 1528 1812 κελεύεις
1549 1766 1632 1815 τε,
1662 1749 2020 1819 ἀπεκρίνατο,

2127 569 2259 634 vult,
2291 571 2565 634 dixerunt,
2600 572 2741 639 quod
2776 572 2858 625 vir
2886 571 3011 627 talis
3042 572 3135 627 libi
3171 574 3468 639 ministrat,
3500 581 3590 646 qui
3622 592 3706 631 est

2126 678 2262 715 ttntts
2287 664 2502 732 quidem
2530 664 2736 717 ordinis
2758 664 3039 730 senatorii,
3062 663 3344 734 Splendore
3366 675 3546 723 autem
3576 670 3704 724 nulli

2124 761 2208 806 est
2241 751 2552 806 secundus?
2596 753 2646 805 Is
2692 734 2857 818 (Enim,
2909 755 2998 824 qni
3049 769 3190 810 tunc
3242 757 3396 812 nobis
3443 761 3611 813 servit
3651 759 3705 813 in

2128 858 2333 905 mensa,
2383 855 2466 897 est
2502 841 2698 899 Petrus
2736 846 3076 915 publicanus,
3132 853 3197 901 de
3264 867 3370 919 qno
3412 852 3708 922 imperator

2126 932 2341 1000 quidem
2381 949 2629 1005 magnum
2679 937 2879 1005 accipit
2913 938 3176 1003 dolorem,
3226 957 3481 1012 magnum
3527 953 3705 1000 antem

2126 1021 2362 1078 Senatus
2390 1037 2630 1093 quoque,
2664 1033 2720 1077 ut
2752 1024 2840 1094 qui
2872 1027 3176 1080 evanuerit.

2198 1112 2356 1167 XLII.
2420 1116 2525 1169 Eos
2585 1116 2698 1170 haec
2749 1118 2912 1169 verba
2966 1118 3204 1172 dicentes
3270 1134 3391 1173 cum
3445 1124 3713 1181 audiisset

2126 1206 2338 1271 Petrus,
2389 1208 2568 1261 statim
2614 1209 2758 1261 humi
2807 1209 3024 1279 quidem
3069 1210 3205 1280 jacit
3250 1212 3457 1266 discum
3489 1254 3504 1279 ,
3546 1231 3711 1284 ῳιιιιιι

2128 1297 2361 1352 habebat
2419 1298 2471 1352 in
2525 1300 2806 1366 manibus;
2855 1314 3016 1354 cursu
3071 1312 3248 1355 autem
3307 1304 3586 1360 descendit
3644 1310 3709 1358 ad

2126 1390 2478 1454 vestibulum,
2511 1392 2560 1444 in
2591 1406 2697 1461 quo
2746 1390 2960 1446 astabat
2999 1393 3212 1458 quidam
3274 1395 3608 1462 adolescens,
3641 1397 3710 1451 ab

2127 1491 2245 1535 ortu
2278 1483 2474 1537 surdus
2503 1492 2555 1535 et
2580 1472 2787 1547 (mutus,
2818 1483 2908 1550 qui
2959 1491 3094 1536 nutu
3136 1491 3341 1552 poterat
3371 1486 3623 1541 claudere
3654 1499 3709 1542 et

2127 1573 2360 1645 aperire.
2382 1573 2480 1629 Cui
2506 1574 2700 1630 Petrus
2733 1592 2747 1627 :
2777 1574 2894 1630 Tibi
2929 1575 3073 1640 dico,
3103 1578 3391 1649 inquit,qui
3417 1596 3475 1635 es
3504 1582 3702 1636 surdus

2127 1677 2180 1719 et
2206 1675 2409 1729 mutus,
2454 1669 2507 1719 in
2535 1668 2748 1719 nomine
2779 1664 2982 1720 Christi
3017 1666 3107 1722 Dei
3144 1670 3335 1734 nostri,
3366 1671 3489 1725 andi
3522 1685 3624 1735 nze,
3652 1684 3706 1727 et

2129 1757 2299 1825 aperi.
2348 1755 2441 1811 ille
2476 1766 2677 1819 autem,
2718 1757 2872 1811 Sicut
2900 1758 3077 1827 jnbes,
3115 1761 3396 1828 respondit
3443 1778 3458 1816 :
3501 1770 3553 1814 et
3586 1770 3704 1818 sta-

439 1839 534 1891 καὶ
562 1836 723 1900 εὐθὺς
746 1836 951 1907 ἤνοιξε,
980 1840 1073 1891 καὶ
1088 1836 1147 1901 ὃς
1176 1837 1364 1908 ἐξῆλθε
1383 1838 1662 1908 δρομαῖος,
1689 1835 1806 1892 εἶτα
1836 1842 1862 1892 ὁ
1886 1840 2021 1892 πυλ-

2124 1844 2216 1899 tim
2249 1846 2480 1913 aperuit.
2517 1845 2608 1900 Ille
2651 1862 2780 1900 vero
2823 1863 3072 1911 currens,
3107 1850 3350 1917 protinus
3394 1861 3478 1906 est
3514 1867 3705 1922 egres-

437 1929 582 2001 ωρδς
632 1927 891 1991 ἀνελθὼν,
947 1928 1046 1999 τὴν
1081 1930 1161 1990 εἰς
1190 1929 1351 1982 αὑτὸν
1377 1929 1582 1999 χαίρων
1622 1928 1869 1999 ἐξηγεῖτο
1899 1929 2024 1982 θαυ-

444 2019 805 2092 ματουργίαν,
835 2018 990 2086 ἔλεγέ
1014 2035 1073 2071 τε
1102 2018 1275 2087 φλόγα
1307 2019 1482 2090 πυρὸς
1510 2019 1604 2072 τοῦ
1636 2021 1900 2090 στόματος
1930 2020 2024 2074 τοῦ

441 2112 678 2182 μεγάλου
737 2112 945 2181 Πέτρου
1016 2110 1319 2179 προϊοῦσαν
1384 2112 1706 2176 θεάσασθαι,
1761 2115 1852 2165 καὶ
1916 2113 2024 2165 τῶν

437 2206 592 2260 ὢτων
619 2204 784 2259 αὐτοῦ
810 2204 1056 2259 διαδῦναι
1080 2218 1094 2232 '
1133 2202 1255 2274 ἣτις
1280 2202 1397 2264 καὶ,
1448 2201 1637 2272 φησὶν,
1672 2203 1792 2255 ὅλον
1827 2221 1895 2273 με
1926 2216 2025 2269 πε-

442 2297 782 2369 ριλάμψασα,
807 2294 1040 2350 ἀκοῦσαί
1069 2313 1130 2349 τε
1167 2295 1514 2367 παραχρῆμα
1546 2294 1639 2348 καὶ
1665 2294 1900 2366 λαλῆσαι
1933 2312 2025 2348 πε-

440 2389 655 2458 ποίηκε.
679 2386 866 2440 Ταῦτα
892 2384 988 2439 τοῦ
1011 2385 1148 2449 τέως
1168 2383 1354 2454 κωφοῦ
1383 2401 1439 2438 τε
1469 2385 1563 2439 καὶ
1589 2384 1787 2440 ἀλάλου
1809 2386 2027 2457 διηγου-

442 2478 626 2548 μένου,
682 2477 871 2547 θαῦμά
919 2494 979 2528 τε
1011 2477 1107 2529 καὶ
1139 2475 1401 2546 ἔκπληξις
1433 2476 1643 2539 πάντας
1702 2476 1898 2547 εἰσῄει,
1930 2474 2026 2528 καλ⁸

440 2569 786 2639 παραχρῆμα
823 2564 898 2628 ὡς
923 2560 1035 2634 εἶχε
1077 2563 1253 2618 ποδῶν
1299 2564 1551 2630 ἕκαστος,
1581 2563 1802 2618 διώκειν
1829 2562 2026 2635 ὥρμη-

436 2675 563 2713 σαν.
592 2657 878 2728 Πανταχοῦ
917 2657 975 2711 δὲ
1005 2656 1486 2730 διερευνησάμενοι
1513 2657 1613 2711 οὐκ
1645 2657 1804 2729 ἔσχον
1855 2673 2028 2711 κατα-

440 2750 624 2804 λαϐεῖν
655 2749 747 2804 τὸν
779 2748 1136 2821 ζητούμενον,
1168 2750 1253 2819 ἐφ’
1290 2743 1334 2819 ᾧ
1384 2751 1482 2803 καὶ
1514 2751 1683 2823 πολλή
1716 2768 1801 2814 τις
1826 2750 2027 2814 αὐτοὺς

438 2840 655 2912 εἰσῆλθε
685 2842 964 2910 μετάνοια,
992 2842 1085 2896 καὶ
1099 2841 1203 2914 τὴν
1228 2845 1500 2915 προτέραν
1532 2840 1673 2914 ἦσαν
1699 2844 2026 2914 ἀπροσεξίαν

443 2933 925 3004 μετακλαιόμενοι,
955 2934 1077 2988 καθ’
1112 2933 1140 2986 ὃ
1186 2934 1279 2988 τὸν
1316 2934 1410 2988 τοῦ
1435 2934 1571 2989 Θεοῦ
1604 2935 1894 3006 ἄνθρωπον
1940 2936 2028 2991 διὰ

442 3025 712 3095 τοσαύτης
735 3020 870 3096 ἦγον
895 3027 992 3095 τῆς
1024 3025 1335 3096 παροινίας,
1364 3026 1664 3091 τύπτοντές
1688 3045 1747 3080 τε
1779 3028 1871 3081 καὶ
1895 3044 2029 3093 προ-

451 3114 844 3185 πηλακίζοντες
886 3118 981 3171 καὶ
1034 3117 1248 3189 ἡμέρας
1280 3117 1518 3189 ἑκάστης
1574 3120 1654 3182 εἰς
1682 3118 1846 3171 αὐτὸν
1882 3120 2021 3172 ἀπο-

445 3219 806 3272 σκιυπτοντες.

2126 1950 2236 1990 sus.
2276 1936 2475 1991 Deinde
2500 1937 2797 1991 ascendens
2816 1937 3020 2004 janitor
3049 1939 3223 2001 laetus,
3252 1943 3495 1995 narravit
3557 1947 3703 2012 qnnd

2127 2026 2179 2080 in
2203 2026 2383 2096 ipsum
2413 2025 2610 2080 fecerat
2644 2026 2980 2081 miraculum.
3006 2028 3223 2083 Dicebat
3248 2032 3390 2085 enim
3423 2046 3480 2087 sc
3506 2033 3555 2085 vi
3581 2034 3706 2089 tisse

2128 2119 2401 2173 ﬂammam
2437 2116 2574 2188 ignis
2600 2120 2977 2188 procedentem
3008 2136 3073 2175 ex
3104 2137 3197 2175 ore
3227 2124 3407 2193 mag‘ni
3441 2124 3606 2188 Petri,
3636 2126 3704 2178 ad

2129 2225 2284 2263 aures
2317 2209 2432 2277 ejus
2463 2211 2803 2281 pervenisse.
2835 2211 2995 2278 Quae,
3036 2213 3226 2282 inquit,
3268 2230 3387 2268 cum
3420 2231 3505 2269 me
3536 2225 3706 2271 totum

2127 2298 2597 2363 eirenml‘nlsisset,
2646 2311 2864 2370 repente
2907 2300 3038 2357 fecit
3083 2303 3267 2356 audire
3301 2315 3354 2357 et
3380 2304 3542 2374 loqui.
3585 2304 3709 2359 lbet:

2127 2408 2250 2446 cum
2295 2402 2544 2447 narraret
2587 2391 2655 2457 is,
2693 2393 2781 2462 qni
2817 2395 2968 2461 prius
3009 2402 3127 2448 erat
3169 2396 3366 2448 surdus
3418 2408 3470 2449 et
3501 2402 3706 2461 mutus,

2128 2479 2292 2533 snhiit
2320 2494 2509 2534 omnes
2558 2488 2748 2548 stupor
2779 2490 2833 2533 et
2875 2481 3186 2545 admiratio,
3228 2491 3283 2536 et
3314 2483 3494 2536 statim
3538 2498 3699 2550 quam

2129 2571 2361 2625 maxima
2415 2580 2708 2640 potuerunt
2758 2570 3056 2641 celeritate,
3109 2574 3350 2643 aggressi
3404 2583 3529 2628 sunt
3577 2589 3701 2629 enm

2128 2665 2400 2736 persequi.
2433 2664 2568 2718 Cum
2612 2663 2810 2734 ubique
2858 2673 3034 2719 autem
3070 2666 3295 2719 scrutati
3341 2674 3544 2727 essent,
3598 2681 3704 2720 non

2140 2763 2433 2823 potuerunt
2467 2770 2612 2820 eum,
2647 2769 2806 2822 quem
2844 2755 3181 2824 quaerebant,
3218 2756 3706 2824 comprehendere.

2130 2844 2493 2911 Quamobrem
2529 2858 2624 2899 eos
2660 2860 2848 2914 magna
2884 2846 3047 2899 subiit
3077 2846 3416 2915 poenitentia,
3443 2857 3494 2898 et
3520 2846 3703 2915 deplo-

2130 2938 2324 2991 rabant
2355 2937 2498 3006 quod
2540 2951 2646 2990 non
2682 2937 2854 3006 magis
2886 2936 3125 2991 animum
3157 2935 3544 3000 attendissent,
3597 2953 3706 3006 quo

2130 3022 2328 3078 factum
2356 3032 2496 3088 erat,
2531 3024 2606 3078 uti
2645 3023 2739 3079 Dei
2764 3024 3037 3078 hominem
3068 3026 3232 3078 tantis
3267 3023 3545 3078 abicerent
3569 3039 3707 3078 con-

2138 3115 2396 3180 tumeliis,
2426 3114 2776 3171 verberantes
2809 3124 2862 3169 et
2898 3115 3240 3181 insultantes,
3274 3121 3330 3170 et
3370 3128 3492 3169 eum
3524 3113 3708 3182 quoti-

2048 3176 2093 3238 θ’
2131 3208 2217 3263 die
2250 3176 2559 3262 irridentes.

1893 3387 2123 3445 CAPUT
2162 3387 2297 3443 Vill.

1721 3548 1923 3601 Alienw
1956 3548 2168 3603 virtutis
2199 3548 2452 3601 imitatio.

519 3704 655 3765 III".
690 3706 929 3762 Τοιαῦτα
980 3707 1081 3776 τῆς
1118 3704 1440 3776 συμπαθοῦς
1499 3708 1591 3761 καὶ
1649 3708 2026 3781 φιλανθρώπου

445 3801 623 3873 ψυχῆς
671 3802 918 3856 Ἰωάννου
943 3801 1010 3854 τὰ
1041 3800 1396 3871 φιλάνθρωπα
1417 3801 1758 3871 διηγήματα.
1803 3799 1889 3863 Ὠς
1919 3800 2027 3870 γὰρ

447 3892 541 3946 ἐπὶ
574 3891 842 3958 πλεῖστον,
875 3893 974 3944 ὃσα
1000 3892 1135 3963 πρὸς
1163 3892 1509 3962 συμπάθειαν
1528 3890 1750 3962 ἠρέθιζε
1771 3891 1862 3943 καὶ
1881 3890 2028 3958 cptio-

448 3983 723 4053 πτωχείαν
776 3982 958 4051 λέγειν
1007 4000 1068 4037 τε
1102 3983 1199 4036 καὶ
1231 3982 1452 4037 ἀκούειν
1494 3981 1788 4051 ἠϐούλετο·
1834 3981 2025 4050 ἀμέλει

449 4074 543 4127 καὶ
565 4076 686 4126 ὅσαι
711 4068 851 4143 ὧραι
881 4074 986 4126 τῶν
1012 4074 1104 4127 ἐπὶ
1149 4072 1486 4144 ἐλεημοσύνη
1533 4072 1877 4143 βεϐοημένων
1916 4072 2026 4123 Πα-

446 4166 620 4236 τέρων
647 4166 893 4236 ἀνίχνευε
922 4167 1044 4228 τοὺς
1077 4165 1246 4234 βίους,
1276 4164 1371 4218 καὶ
1396 4163 1557 4232 ἔργον
1581 4162 1728 4233 αὐτῷ
1758 4161 1915 4215 τοῦτο
1937 4160 2022 4212 διὰ

448 4256 564 4326 βίου
620 4257 681 4308 τὸ
742 4257 1200 4321 σπουδαιότατον,
1261 4259 1356 4309 ὅτε
1413 4255 1512 4327 τὴν
1578 4253 1746 4326 αὐτὴν
1792 4254 2018 4316 ἐκείνοις

444 4349 649 4419 ὁδεύειν
683 4349 1137 4421 προθυμουμένῳ.

515 4523 647 4576 MA'.
697 4522 966 4593 Ἐντυχὼν
991 4518 1083 4577 οῦν
1115 4541 1244 4577 ποτε
1277 4524 1352 4594 τῷ
1375 4524 1470 4578 τοῦ
1497 4523 1641 4581 θείου
1671 4525 2020 4595 Σαραπὶωνος

447 4615 556 4686 Βίῳ
579 4616 671 4668 τοῦ
697 4616 976 4680 Σιδωνίου,
1007 4617 1067 4669 οὐ
1090 4617 1297 4670 διέλιπε
1319 4617 1410 4671 τὸν
1437 4618 1605 4687 ἄνδρα
1634 4630 1691 4669 τε
1727 4618 2023 4687 ἐκπληττό-

446 4722 607 4776 μενος
638 4708 733 4761 καὶ
759 4707 829 4760 τὰ
874 4708 1085 4761 ἐκείνου
1118 4708 1559 4779 ἐκδιηγούμενος,
1610 4710 1760 4772 ὅπως
1793 4727 1851 4762 τε
1883 4711 2022 4764 ἁπο-

443 4796 626 4867 ροῦντι
651 4797 967 4869 περιτυχὼν
998 4799 1212 4868 πένητι,
1241 4799 1419 4853 καὶτὸ
1448 4799 1691 4871 συνήθως
1732 4799 2020 4869 λεγόμενον

440 4890 756 4960 ὡμοφόριον
785 4890 988 4955 ἀποδὺς
1019 4891 1247 4967 δέδωκεν
1268 4907 1281 4920 ⁸
1316 4888 1435 4947 εἶτα
1475 4895 1807 4963 συναντήσας
1850 4892 2020 4963 ἑτέρῳ

443 4980 690 5049 ῥιγοῦντι
716 4980 778 5032 τὸ
803 4980 1080 5052 στιχάριον
1110 4982 1312 5053 ὁμοίως
1344 4982 1668 5054 παρέσχετο,
1719 4983 1813 5036 καὶ
1835 4982 2019 5036 λοιπον

444 5070 652 5141 κάθητο
681 5072 915 5142 γυμνὸς,
969 5074 1064 5127 ἐπὶ
1095 5075 1194 5143 τῆς
1227 5074 1472 5144 ἀγκάλης
1493 5077 1652 5142 μόνον
1689 5073 1931 5144 κατέχων
1961 5073 2019 5125 τὸ

445 5164 802 5233 Εὐαγγέλιον.
826 5163 960 5220 Εἶτα
990 5170 1127 5236 πρός
1153 5184 1293 5232 τινος
1310 5168 1605 5238 ἐρωτηθεὶς
1630 5168 1713 5230 τίς
1742 5170 1769 5220 ὁ
1796 5166 2017 5237 γυμνώ-

445 5268 541 5313 σας
572 5255 677 5325 εἴη,
705 5255 1044 5327 Τοῦτο,ἔφη,
1075 5257 1254 5325 δείξας
1277 5260 1337 5312 τὸ
1354 5260 1702 5329 Εὐαγγέλιον.
1734 5261 1817 5322 Ὠς
1837 5260 1895 5313 δὲ
1926 5261 2018 5313 καὶ

446 5342 704 5413 πωλήσας
736 5350 837 5419 τὴν
862 5350 1004 5422 ὑπὲρ
1032 5341 1201 5404 αὑτοῦ
1256 5351 1421 5424 τιμὴν
1448 5356 1561 5418 τοῖς
1600 5354 1797 5427 πένησι
1826 5354 2017 5409 διενεί-

448 5448 608 5502 ματο,
641 5439 930 5512 πυθομένῳ
978 5443 1058 5514 τῷ
1102 5445 1345 5517 μαθητῇ,
1378 5445 1488 5499 Ποῦ
1522 5449 1661 5512 ἐστι,
1712 5446 1914 5518 Πάτερ,
1955 5447 2016 5500 τὸ

447 5524 776 5594 Εὐαγγέλιον
794 5532 855 5584 τὸ
881 5537 1075 5605 μικρόν
1101 5555 1189 5606 ;--
1210 5538 1523 5605 Πίστευσον,
1545 5537 1676 5609 ἔφη,⁴
1696 5539 2017 5609 πειθόμενος

440 5619 519 5690 τῷ
548 5620 780 5690 λέγοντι,
817 5625 1075 5698 Πιὺλησόν
1125 5647 1219 5686 σου
1279 5632 1346 5687 τὰ
1399 5631 1733 5706 ὑπάρχοντα,
1776 5633 1868 5688 καὶ
1928 5633 2013 5696 δὸς

514 5778 559 5811 ⁸⁸
592 5778 782 5835 Matth.
821 5797 930 5847 arx,
960 5784 1052 5837 5-1.

2199 3704 2385 3759 XLlll.
2426 3700 2584 3761 Tales
2649 3710 2803 3761 erant
2872 3703 3242 3760 misericordis
3303 3713 3357 3762 et
3423 3706 3704 3765 clementis

2124 3792 2350 3848 Joannis
2398 3793 2591 3848 anima:
2645 3793 2887 3862 benigna:
2938 3802 2992 3847 et
3036 3796 3283 3847 humanm
3338 3798 3700 3853 narrationes.

2128 3884 2358 3938 Maxima
2405 3885 2548 3939 enim
2585 3899 2651 3939 ex
2691 3894 2844 3953 parte
2868 3923 2883 3947 ,
2939 3898 3273 3954 qnmeunque
3309 3886 3602 3941 incitabant
3634 3891 3736 3940 ad-

2125 3976 2649 4031 commiserationem
2691 3985 2744 4029 et
2780 3990 3019 4028 antorem
3050 3974 3106 4029 in
3144 3991 3431 4046 pauperes,
3463 3992 3527 4031 ea
3553 3980 3702 4032 vole—

2131 4069 2221 4123 bat
2254 4068 2438 4122 dicere
2474 4076 2527 4122 et
2561 4067 2767 4121 audire.
2799 4067 3027 4121 Assidue
3058 4068 3278 4136 quidem
3299 4077 3447 4122 certe
3478 4070 3701 4124 investi-

2127 4162 2289 4231 gabat
2332 4160 2494 4212 vitam
2541 4174 2726 4214 eorum
2772 4158 3015 4222 Patrum,
3049 4158 3140 4227 qui
3180 4152 3400 4213 fuerunt
3442 4160 3698 4215 celebrati

2125 4259 2348 4321 propter
2389 4248 2810 4320 eleemosynam,
2855 4259 2909 4303 et
2959 4249 3012 4304 in
3054 4250 3155 4303 hoc
3193 4264 3290 4318 per
3327 4258 3492 4303 totam
3534 4251 3698 4305 vitam

2053 4367 2097 4422 ί)
2127 4359 2381 4412 magnum
2413 4344 2645 4412 ponebat
2673 4342 2931 4408 studium,
2965 4350 3025 4395 ut
3057 4342 3146 4412 qui
3181 4341 3338 4396 vellet
3365 4343 3553 4394 eadem
3589 4343 3695 4408 via,

2126 4455 2227 4508 qua
2255 4438 2350 4501 illi,
2381 4436 2614 4503 ingredi.

2194 4525 2381 4581 XLIV.
2422 4520 2558 4581 Cum
2594 4526 2772 4594 itaque
2805 4524 3094 4593 aliquando
3124 4520 3403 4577 incidisset
3441 4523 3492 4576 in
3518 4522 3693 4579 Vitam

2124 4618 2316 4672 divinis
2347 4616 2658 4686 Serapionis
2684 4616 2915 4682 Sidonii,
2935 4630 3040 4669 non
3065 4615 3315 4670 cessabat
3343 4615 3513 4667 virum
3543 4615 3692 4667 illum

2123 4708 2386 4763 admirari
2424 4717 2479 4763 et
2520 4722 2607 4763 res
2639 4706 2785 4761 illius
2812 4720 3052 4771 narrare,
3089 4705 3540 4774 quemadmodum
3569 4721 3690 4760 cum

2123 4801 2416 4874 aliquando
2445 4804 2497 4858 in
2525 4810 2772 4874 egentem
2808 4799 3088 4855 incidisset
3123 4812 3439 4870 pauperem,
3475 4816 3533 4854 se
3566 4798 3693 4869 pal—

2122 4898 2195 4953 lio
2239 4898 2389 4952 exuit
2434 4906 2488 4951 et
2529 4896 2577 4951 ei
2614 4895 2779 4949 dedit.
2826 4892 3029 4948 Deinde
3077 4907 3201 4946 cum
3247 4891 3462 4947 obviam
3508 4891 3691 4946 factus

2121 4995 2266 5045 esset
2310 4985 2466 5041 alteri
2510 4985 2736 5055 algenti,
2767 4983 3016 5040 similiter
3057 4983 3104 5038 ei
3136 4983 3364 5052 praebuit
3397 4983 3634 5038 tunicam
3673 4998 3689 5035 :

2119 5076 2174 5135 et
2204 5081 2271 5134 de
2310 5088 2507 5132 caatero
2544 5077 2681 5131 sedit
2712 5075 2906 5139 nudus,
2934 5075 3072 5130 ulnis
3095 5074 3266 5129 solum
3294 5082 3484 5129 tenens
3514 5073 3693 5129 Evan-

2119 5172 2339 5240 gelium.
2391 5168 2591 5223 Deinde
2635 5168 2702 5222 ab
2759 5167 2940 5235 aliquo
2996 5168 3386 5235 interrogatus,
3438 5165 3690 5233 quisnam

2117 5284 2237 5322 enm
2264 5267 2538 5329 nudasset,
2558 5262 2694 5327 Hoc,
2718 5263 2915 5333 inquit,
2939 5261 3232 5315 ostendens
3250 5261 3597 5331 Evangelium
3624 5261 3688 5313 θ’.

2117 5359 2250 5414 Cum
2283 5372 2409 5412 vero
2436 5372 2502 5412 eo
2529 5371 2741 5426 quoque
2778 5353 2993 5409 vendito
3026 5366 3123 5420 pro
3153 5366 3219 5405 eo
3252 5361 3534 5422 acceptum
3564 5367 3695 5420 pre-

2118 5449 2252 5504 tium
2307 5448 2671 5503 distribuisset
2722 5445 3082 5514 pauperibns,
3141 5443 3357 5498 cuidam
3404 5442 3691 5514 discipulo,

2117 5541 2208 5609 qni
2237 5554 2360 5593 emn
2397 5538 2606 5609 rogavit
2648 5556 2661 5591 :
2693 5535 2793 5592 Ubi
2824 5543 2929 5601 est,
2970 5531 3153 5598 Pater,
3193 5546 3416 5602 parvum
3448 5530 3692 5600 Evange-

2117 5629 2286 5686 linm?
2316 5629 2488 5686 Crede
2519 5629 2672 5696 mihi,
2705 5628 2902 5698 inquit,
2948 5623 3046 5686 iiii,
3074 5636 3274 5694 parens
3319 5624 3367 5679 ei
3414 5624 3502 5695 qui
3530 5622 3685 5688 dixit,
