4138 6412
484 388 593 453 925

1606 350 1613 357 ’
1690 393 1977 455 MENSIS
2016 387 2479 459 JANUARIUS.

3639 391 3747 462 936

473 504 670 559 -Vei.dc
715 522 831 573 qua:
876 506 1078 572 habes,
1113 517 1169 560 et
1209 508 1272 560 da
1308 506 1658 576 pauperibus,
1714 523 1781 563 ne
1821 508 1919 577 ipsi
1951 508 2069 578 qni-

2179 511 2435 581 πτωχοῖς,
2461 508 2583 564 οὐδὲ
2608 508 2776 565 αὐτοῦ
2809 509 2900 565 τοῦ
2934 510 3165 583 βιϐλίου,
3200 511 3257 564 ὲν
3284 496 3329 581 ᾧ
3346 509 3505 565 τοῦτο
3526 510 3764 581 ἐγέγραο

486 600 608 649 dum
663 598 821 664 libro,
869 597 920 651 in
963 614 1070 667 quo
1111 598 1213 652 hoc
1260 600 1521 669 scriptum
1572 592 1709 665 erat,
1749 601 1913 653 statui
1950 616 2072 671 par-

485 703 622 740 (ore.

556 779 717 833 XLV.
759 779 1007 835 Addatur
1050 780 1158 837 hoc
1209 795 1426 853 quoque
1462 782 1528 837 iis
1571 796 1693 851 quae
1739 784 1879 836 dicta
1924 792 2070 841 sunt,

483 873 717 927 aiferens
742 873 1080 929 auditoribus
1107 890 1210 929 non
1244 875 1573 931 mediocrem
1602 876 1910 929 utilitatem.
1941 872 2074 940 Qui-

483 967 607 1021 dam
641 969 940 1021 monachus
978 968 1066 1024 illo
1099 979 1342 1038 tempore
1377 967 1604 1036 puellam
1638 968 1837 1021 ducens
1862 967 2074 1034 specio-

482 1076 630 1125 sum,
675 1060 860 1113 obibat
892 1062 1167 1114 civitatein
1196 1079 1208 1114 :
1243 1054 1364 1115 cum
1404 1070 1584 1113 autem
1618 1060 1837 1128 quidam
1877 1072 1943 1112 ex
1974 1055 2065 1110 Ee-

484 1154 652 1209 ilesia
684 1169 807 1206 eum
838 1153 1105 1206 vidissent
1142 1154 1206 1205 ad
1242 1150 1531 1205 multorum
1563 1150 1917 1205 olfensionem
1950 1163 2070 1203 eam

484 1247 966 1315 circun‘iagentem,
989 1245 1337 1298 introducunt
1359 1244 1659 1297 adbeatum
1682 1241 1963 1296 Joannem.
1981 1240 2074 1293 Ille

485 1352 666 1394 autem
706 1339 894 1393 verbis
925 1339 1136 1391 illorum
1178 1337 1451 1401 inductus,
1486 1347 1542 1391 ut
1573 1337 1664 1407 qui
1704 1336 2074 1391 existimasset

483 1448 579 1488 cos
609 1434 726 1487 zelo
758 1434 938 1486 divino
965 1432 1112 1484 illum
1140 1430 1515 1494 admonuisse,
1551 1432 1728 1499 ipsum
1753 1439 1809 1484 et
1836 1429 2071 1500 puellam

479 1525 632 1592 jubet
676 1525 1027 1578 vehementer
1069 1522 1226 1590 caedi,
1257 1522 1454 1577 deinde
1486 1536 1579 1577 eos
1621 1522 1676 1576 in
1710 1522 1943 1576 diversis
1972 1536 2071 1576 cu-

482 1620 675 1673 stodiis
701 1617 924 1670 includi.
949 1614 1084 1668 Cum
1106 1627 1287 1669 autem
1315 1613 1521 1669 factum
1556 1624 1701 1670 esset
1727 1616 1867 1684 quod
1886 1615 2071 1684 jusse-

482 1720 585 1773 rat,
614 1721 666 1765 et
696 1724 791 1764 eos
821 1709 1163 1778 accepissent
1192 1708 1476 1772 custodite,
1506 1717 1561 1761 et
1591 1723 1694 1761 nox
1725 1709 1836 1775 jam
1873 1708 2074 1761 adven-

483 1812 684 1867 tasset,
726 1806 1025 1857 monachus
1054 1801 1103 1855 ei
1139 1811 1363 1870 apparet
1392 1801 1444 1855 in
1487 1801 1729 1865 somnis,
1776 1801 2073 1856 ostendens

483 1904 688 1962 tergum
724 1901 967 1947 notatum
1002 1891 1272 1946 vibicibus
1307 1902 1360 1946 et
1391 1891 1760 1961 stigmatibus,
1802 1891 1849 1945 ei
1888 1891 2071 1945 dicens

481 1984 806 2054 simpliciter
849 1996 905 2039 et
939 1985 1145 2054 placide
1179 2002 1192 2038 :
1221 1984 1360 2050 Quid
1394 1998 1522 2038 vero
1558 1984 1669 2037 bare
1703 1984 1796 2037 tibi
1832 1983 2068 2053 placent,

486 2077 744 2130 nomine?
775 2075 971 2142 Crede,
1008 2091 1152 2130 nunc
1179 2073 1403 2145 quidem
1439 2083 1588 2130 certe
1616 2074 1785 2129 semel
1818 2075 2075 2145 deceptus

484 2187 562 2233 es,
603 2181 657 2223 ut
692 2170 873 2224 homo.

555 2349 743 2406 XLVI.
788 2350 832 2403 Λ
869 2365 1062 2406 somno
1098 2360 1281 2404 autem
1326 2349 1631 2413 excitatus,
1668 2348 1901 2404 accersit
1933 2346 2075 2402 illico

488 2444 838 2507 monachum,
866 2444 1103 2497 educens
1133 2457 1253 2496 eum
1284 2458 1315 2497 e
1343 2442 1613 2507 cnstodia,
1644 2456 1755 2512 plus
1785 2442 1958 2510 plagis
1984 2441 2072 2495 vix

484 2536 756 2607 valentem
797 2533 1025 2603 ingredi.
1067 2531 1268 2587 Deinde
1303 2547 1427 2586 cum
1461 2533 1514 2586 in
1549 2530 1666 2599 ejus
1701 2531 1910 2585 vultum
1946 2545 2077 2584 con-

479 2627 700 2697 jecisset
734 2626 944 2691 oculos,
978 2628 1201 2694 agnuvit
1231 2639 1353 2679 eum
1390 2639 1534 2689 esse,
1571 2625 1659 2693 qui
1697 2623 1876 2676 fuerat
1902 2621 1970 2676 ab
2009 2636 2076 2677 eo

488 2724 649 2775 visus.
683 2720 924 2787 Cumque
951 2721 1110 2775 vellet
1134 2722 1296 2787 scire,
1320 2736 1388 2774 an
1416 2730 1524 2773 tam
1553 2719 1749 2773 multas
1777 2720 2076 2788 accepisset

485 2811 691 2880 plagas,
723 2826 884 2879 quam
924 2811 1125 2865 multas
1156 2810 1362 2866 habens
1395 2810 1450 2865 in
1489 2814 1697 2865 somnis
1729 2820 2073 2879 apparuerat,

480 2905 632 2972 jubet
670 2921 792 2959 eum
838 2905 1004 2959 linteo
1048 2905 1387 2958 succinctum
1416 2904 1630 2971 aperire
1656 2903 1904 2957 dorsum.
1940 2901 2073 2957 Cum

483 2999 667 3052 divma
701 3010 881 3052 autem
927 2997 1265 3068 providentia
1320 2998 1515 3051 fuisset
1549 2995 1775 3049 linteum
1812 2995 2072 3056 solutum,

483 3100 686 3161 aperta:
709 3090 927 3144 fuerunt
958 3099 1140 3158 partes
1160 3089 1406 3153 occultat,
1430 3100 1481 3143 et
1501 3098 1826 3158 c0nspectus
1848 3095 1931 3141 est
1959 3102 2075 3141 mo-

484 3184 691 3236 nachus
740 3180 1128 3250 propemodum
1169 3192 1425 3235 exsectos
1455 3189 1510 3233 et
1552 3193 1778 3233 mancus
1802 3176 2070 3241 virilibus,
2098 3200 2142 3262 ρ

484 3276 696 3327 etiamsi
732 3281 953 3342 propter
981 3269 1167 3324 florem
1202 3273 1380 3325 aetatis
1414 3284 1518 3324 neu
1555 3267 1750 3322 fuisset
1780 3266 1931 3334 prius
1973 3265 2074 3318 im-

488 3366 667 3416 munis
698 3378 727 3415 a
764 3364 1100 3432 stlspicitilte.
1126 3360 1323 3416 Statim
1355 3377 1487 3432 ergo
1515 3375 1609 3416 eos
1639 3360 1729 3431 qui
1762 3360 1883 3415 illos
1916 3360 2076 3415 detu-

485 3456 684 3518 lerant,
709 3470 739 3509 a
776 3455 888 3510 suis
918 3456 1172 3524 gradibus
1208 3458 1549 3519 deturbatos,
1584 3466 1694 3510 tres
1723 3468 1896 3509 annos
1924 3462 2075 3507 arcet

487 3567 516 3604 a
558 3551 963 3604 communione.
1001 3547 1097 3602 Pio
1128 3563 1257 3602 vero
1286 3549 1556 3603 monacho
1594 3562 1674 3614 se,
1712 3556 1768 3599 ut
1803 3562 1900 3616 par
1932 3556 2073 3611 erat,

487 3647 790 3711 excusavit,
821 3653 873 3699 et
906 3643 1115 3713 rosavit
1146 3654 1203 3697 ut
1232 3645 1279 3698 ei
1314 3639 1646 3698 condonaret
1677 3652 1956 3711 peccatum
1980 3641 2076 3695 ad-

486 3735 712 3791 missum
758 3751 854 3805 per
903 3736 1290 3804 ignorantiam.
1330 3735 1438 3789 Sed
1481 3733 1587 3811 hoc
1625 3735 1798 3789 solum
1838 3733 1975 3787 dixit
2017 3745 2079 3786 se

406 3891 419 3907 .
485 3846 594 3886 non
629 3830 866 3893 laudare,
898 3830 1039 3900 quod
1072 3830 1218 3883 nullo
1254 3830 1500 3884 adhibito
1535 3831 1757 3884 custode
1791 3829 1968 3884 obiret
1997 3827 2077 3882 ci-

489 3922 708 3982 vitates,
736 3936 857 3973 cum
895 3926 1043 3974 esset
1078 3920 1404 3986 monachus,
1436 3929 1489 3972 et
1520 3919 1796 3972 videretur
1831 3921 1967 3971 adeo
1991 3917 2079 3986 ju-

488 4027 673 4076 venis,
707 4022 761 4065 et
804 4013 1048 4066 traheret
1080 4028 1266 4066 secum
1295 4012 1594 4078 feminam,
1627 4020 1682 4067 et
1711 4020 1856 4066 esset
1899 4012 2080 4065 nmltis

490 4120 654 4158 eausa
688 4103 1026 4158 oﬂ'ensionis.

565 4194 771 4250 XLVII.
800 4196 889 4249 Ille
913 4210 1038 4249 vero
1063 4210 1183 4249 cum
1213 4209 1298 4259 ea,
1324 4208 1431 4263 qna
1460 4209 1558 4263 par
1583 4204 1725 4258 erat,
1753 4193 2076 4260 reverentia,

490 4297 545 4341 et
580 4288 839 4340 mode5tia
869 4305 883 4340 :
920 4285 1240 4340 Beneuictns
1267 4282 1524 4338 Dominus
1543 4322 1559 4348 ,
1605 4282 1812 4352 inquit,
1840 4282 2077 4347 domine,

494 4396 598 4433 non
641 4392 895 4433 utentior.
946 4377 1061 4432 Non
1108 4377 1293 4431 multis
1330 4388 1457 4430 ante
1497 4377 1692 4430 diebus
1735 4390 1859 4428 cum
1905 4387 2079 4428 essem

493 4470 672 4535 Gaza,
707 4483 762 4525 et
792 4470 940 4525 illmc
987 4469 1300 4524 festinarem
1344 4471 1410 4522 ad
1452 4468 1789 4521 adorandum
1826 4465 1925 4519 SS.
1961 4464 2077 4535 Cy—

2179 622 2305 669 πτο,
2327 603 2621 673 φείσασθαι
2653 603 3043 676 διενοησάμην.

2248 782 2382 835 ME'.
2420 784 2776 853 Προσκείσθω
2811 784 3099 838 καὶ“τούτο
3159 786 3272 849 τοῖς
3331 783 3666 855 εἰρημένοις,
3701 782 3762 839 οὗ

2180 875 2410 946 μετρίαν
2440 876 2606 946 φέρον
2639 879 2750 940 τοῖς
2784 879 3084 948 ἀκροαταῖς
3122 876 3219 948 τὴν
3253 876 3540 944 ὠφέλειαν·
3579 879 3765 931 Movet-

2174 966 2268 1035 κός
2297 983 2379 1028 τις
2412 966 2531 1019 κατ’
2565 967 2739 1019 ἐκεῖνο
2764 965 2958 1037 καιροῦ
3001 968 3170 1038 κόρην
3205 966 3387 1035 εὐειδῆ
3419 966 3768 1034 ἐπαγόμενος

2179 1055 2401 1128 περιῄει
2453 1059 2554 1129 τὴν
2601 1060 2790 1113 πόλιν·
2844 1060 2937 1113 καί
2987 1076 3131 1122 τινες
3159 1058 3268 1111 τῶν
3297 1061 3396 1128 τῆς
3436 1042 3764 1128 Ἐκκλτξσξας

2178 1149 2505 1219 θεασάμενοι
2530 1150 2720 1204 τοῦτον
2753 1151 2828 1215 ὡς
2859 1153 2954 1205 ἐπὶ
2996 1151 3280 1222 σκανδάλῳ
3311 1150 3472 1221 δῆθεν
3501 1152 3613 1205 τῶν
3636 1151 3768 1203 πολ-

2176 1240 2284 1295 λῶν
2338 1242 2511 1313 αὐτὴν
2570 1244 2926 1313 περιάγοντα,
2966 1243 3313 1314 εἰσηγοῦνται
3342 1244 3417 1313 τῷ
3460 1242 3720 1313 μακαρίῳ
3745 1260 3759 1272 ·

2177 1335 2271 1388 καὶ
2294 1333 2352 1398 ὃς
2381 1336 2493 1394 τοῖς
2522 1336 2748 1389 ἐκείνων
2781 1335 3049 1405 ὑπαχθεὶς
3077 1335 3277 1404 λόγοις,
3312 1336 3407 1390 ἆτε
3440 1338 3581 1390 κατᾶ
3602 1336 3760 1405 ζῆλον

2177 1427 2320 1479 θεῖον
2372 1426 2577 1496 οίηθεὶς
2629 1426 2825 1490 αὐτοὺς
2876 1427 2974 1496 τὴν
3040 1426 3350 1498 ὑπόμνησιν
3406 1425 3756 1492 πεποιῆσθαι,

2140 1505 2148 1512 ’
2176 1516 2339 1570 αὐτόν
2365 1533 2425 1569 τε
2456 1517 2550 1570 καὶ
2579 1515 2678 1588 τὴν
2705 1517 2876 1587 κόρην
2923 1517 3135 1571 κελεύει
3167 1518 3439 1594 τνφθῆναι
3491 1518 3757 1588 σφοδρῶς,

2176 1606 2277 1663 εἷθ’
2304 1608 2478 1673 οὕτως
2530 1612 2587 1664 ἐν
2619 1610 2888 1678 φυλακαῖς
2927 1611 3311 1682 διαιρεθέντας
3362 1610 3763 1680 κατακλεισθῆ-

2177 1718 2297 1754 ναι..
2326 1701 2412 1765 Ὠς
2433 1701 2491 1755 δὲ
2514 1700 2705 1770 γέγονε
2737 1703 2797 1756 τὸ
2820 1703 3135 1768 κελευσθὲν,
3167 1707 3263 1757 καὶ
3291 1705 3345 1756 αἱ
3372 1703 3615 1772 φυλακαὶ
3641 1701 3764 1756 τού-

2181 1811 2305 1855 τους
2343 1793 2671 1866 ἐλάμϐανον,
2704 1795 2802 1861 νύξ
2832 1814 2893 1850 τε
2915 1797 3016 1867 ἤδη
3057 1798 3263 1868 παρῆν,
3297 1796 3430 1867 δναρ
3459 1797 3533 1867 τῷ
3569 1814 3767 1868 πατριο

2177 1888 2321 1958 ἀρχῃ
2369 1889 2398 1941 ὁ
2441 1889 2674 1959 μοναχὸς
2721 1889 3008 1958 ἐφίσταται
3062 1890 3156 1943 τὸν
3189 1888 3360 1943 νῶτον
3395 1888 3763 1942 ὑποδεικνύων

2176 1982 2631 2051 κατεστιγμένον,
2690 1982 2866 2050 λέγων
2899 1999 2959 2035 τε
3011 1982 3150 2054 πρὸς
3185 1982 3346 2036 αὑτὸν
3389 1980 3577 2045 ἁπλῶς
3619 1981 3764 2034 οὕτω

2175 2073 2270 2125 καὶ
2308 2070 2540 2141 ἀφελῶςο
2573 2071 2638 2124 Τί
2659 2071 2715 2124 δὲ
2766 2072 2992 2142 ἀρέσκει
3020 2090 3103 2127 σοι
3142 2071 3337 2139 ταῦτα,
3366 2072 3639 2138 δέσποτα;
3666 2073 3764 2127 Hil-

2180 2180 2430 2230 στευσον,
2462 2164 2669 2235 ταύτην
2691 2164 2823 2234 γοῦν
2840 2165 2940 2238 τὴν
2976 2166 3108 2238 μίαν
3134 2167 3415 2238 ὴπάτησαι
3467 2167 3562 2220 καὶ
3600 2165 3762 2228 αύτδς

2174 2249 2250 2319 ἱῦς
2286 2256 2382 2310 ἄνθ
2392 2273 2596 2327 ρωπος.

2246 2347 2399 2414 MCT.
2440 2347 2680 2412 Ἀνεθεὶς
2703 2347 2761 2402 δὲ
2790 2348 2887 2403 τοῦ
2919 2349 3089 2406 ’ύπνου
3111 2352 3531 2422 μεταστέλλεται
3581 2367 3765 2422 παρα·

2176 2439 2365 2511 χρῆμα
2387 2440 2479 2493 τὸν
2512 2441 2768 2510 μοναχὸν,
2791 2441 3003 2511 ἐξάγων
3044 2445 3152 2499 ἀπὸ
3176 2448 3295 2515 τῆς,
3321 2444 3566 2515 φυλακῆς
3606 2443 3758 2514 μόλις

2179 2531 2420 2604 βαδίζειν
2452 2532 2752 2599 δυνάμενον
2787 2534 2892 2587 ὑπὸ
2913 2534 3021 2589 τῶν
3056 2537 3316 2607 πληγῶνο
3349 2535 3466 2591 εἶτα
3485 2535 3758 2590 meum

2178 2625 2343 2678 αὑτοῦ
2376 2627 2442 2695 τῇ
2467 2624 2588 2693 ὄψει
2613 2628 2739 2690 τοὺς
2786 2627 3123 2698 ὀφθαλμοὺς,
3157 2631 3373 2698 ἐπέγνω
3402 2631 3591 2685 τοῦτον
3618 2625 3758 2682 εἶναι

2175 2718 2267 2770 τὸν
2292 2717 2579 2772 θεαθέντα·
2617 2718 2941 2789 βουλόμενός
2963 2739 3023 2774 τε
3054 2722 3269 2792 μαθεῖν,
3294 2725 3343 2776 εἰ
3372 2727 3466 2777 καὶ
3493 2723 3762 2785 τοσαύτας

2179 2811 2336 2881 φέροι
2367 2810 2608 2881 πληγέις,
2641 2813 2772 2876 ὅσας
2798 2814 2863 2885 δὴ
2912 2816 3007 2868 καὶ
3042 2816 3184 2869 κατὰ
3210 2818 3336 2880 τοὺς
3375 2817 3576 2875 ὖπνους
3620 2815 3760 2885 ἔχων

2178 2904 2375 2974 ἐφάνη,
2410 2903 2625 2957 κελεύει
2648 2905 2839 2977 λεντίῳ
2871 2906 3279 2978 διαζωσάμενον
3314 2908 3404 2963 τὸν
3429 2909 3596 2962 νῶτον
3625 2910 3763 2962 ὑπο·

2178 2994 2487 3063 γυμνῶσαι.
2525 2996 2811 3065 Κρείττονι
2866 2998 2923 3050 δὲ
2951 2999 3094 3069 τάχα
3148 3001 3376 3071 προνοίᾳ
3427 3000 3519 3053 τοῦ
3553 3001 3762 3054 λεντίου

2179 3084 2521 3150 διαλυθέντος
2546 3086 2891 3159 ἐξεκαλύφθη
2926 3092 2993 3143 τὰ
3023 3094 3385 3163 κεκρυμμένα
3425 3093 3612 3163 μόρια,
3668 3093 3763 3146 καὶ

2178 3176 2361 3248 ὼρᾶτο
2393 3180 2421 3230 ὁ
2454 3181 2685 3249 μοναχὸς
2708 3182 2987 3245 ἁπόκοπος
3022 3183 3202 3250 ὀλίγον
3239 3185 3333 3237 καὶ
3366 3188 3463 3255 τὴν
3502 3186 3636 3239 αἰδὼ
3668 3203 3764 3240 πει

2178 3271 2532 3339 πηρωμένος,
2556 3273 2606 3323 εἰ
2644 3276 2741 3325 καὶ
2766 3272 2855 3327 διὰ
2881 3274 2979 3344 τὴν
3008 3275 3109 3344 τῆς
3141 3276 3355 3347 ἡλικίας
3409 3278 3595 3349 ἀκμὴν
3625 3279 3762 3349 πρό-

2177 3376 2334 3430 τερον
2394 3362 2496 3413 ούκ
2552 3362 2854 3416 ἀπολέλυτο
2919 3365 3197 3430 ὑπονοίας.
3250 3368 3465 3434 Εὐθέως
3515 3370 3608 3424 οὖν
3637 3371 3762 3434 τοὺς

2177 3451 2546 3517 κατειπόντας
2581 3453 2748 3507 αὑτοῦ
2776 3454 2886 3509 τῶν
2914 3459 3134 3512 οἰκείων
3168 3459 3375 3524 ὲξὼσας
3405 3462 3648 3531 βαθμῶν,
3668 3460 3763 3515 ἐπὶ

2177 3543 2328 3611 τρισὶ
2344 3543 2555 3612 χρόνοις
2585 3544 2840 3614 ἀπείργει
2881 3547 2981 3615 τῆς
3031 3548 3374 3620 Ἐκκλησίας’
3410 3553 3484 3622 τῷ
3507 3553 3561 3605 δὲ
3584 3553 3764 3621 θεοφι-

2176 3633 2261 3686 λεῖ
2289 3635 2509 3704 μοναχῷ
2548 3635 2871 3706 ἀπελογεῖτό
2897 3656 2955 3692 τε
2985 3644 3055 3695 τα
3100 3652 3451 3716 προσήκοντα
3492 3649 3588 3701 καὶ
3632 3666 3763 3717 συγ-

2178 3726 2384 3793 γνῶναι
2412 3728 2562 3799 αύτῷ
2584 3727 2739 3798 ἠξίου
2772 3731 2867 3785 τοῦ
2900 3736 3042 3788 κατὰ
3067 3736 3288 3805 ἄγνοιαν
3308 3742 3724 3813 ἁμαρτήσαντος
3743 3756 3762 3778 ⁶

2182 3818 2333 3891 Πλὴν
2367 3823 2528 3875 τοῦτο
2555 3822 2716 3893 μόνον
2737 3825 2837 3878 οὐκ
2865 3825 2995 3897 ἔχω,
3025 3828 3233 3898 ἔλεγεν,
3263 3834 3506 3887 ἐπαινεῖν
3534 3835 3595 3888 τδ
3616 3839 3763 3904 ἀφυ-

2178 3912 2391 3977 λάκτως
2428 3918 2486 3969 ἐν
2537 3920 2659 3981 ταῖς
2694 3918 2918 3974 πόλεσιν
2973 3923 3137 3977 αὐτὸν
3171 3927 3475 3996 περιάγειν,
3530 3932 3763 4000 μοναχὸν

2180 4006 2314 4059 ὄντα
2338 4009 2434 4060 καὶ
2464 4009 2586 4061 νέον
2608 4010 2781 4073 οὕτως
2814 4012 3117 4082 ὁρώμενον,
3149 4021 3390 4085 γυναῖκά
3416 4038 3475 4073 τε
3504 4024 3762 4093 ἐπισύρε-

2184 4098 2332 4164 σθαι,
2368 4102 2459 4153 καὶ
2489 4100 2706 4166 πολλοῖς
2727 4105 2988 4176 ἀφορμὴν
3020 4103 3162 4161 εἶναι
3193 4112 3514 4169 σκανδάλου.

2252 4192 2384 4245 MZ'.
2422 4194 2487 4245 ’Ὀ
2513 4193 2571 4246 δὲ
2607 4196 2746 4262 μετὰ
2795 4197 2896 4265 τῆς
2947 4203 3334 4273 προσηκούσης
3372 4206 3556 4270 αἰδοῦς
3580 4224 3639 4260 τε
3673 4211 3768 4262 xci.

2184 4286 2562 4356 μετριότητος,
2606 4288 2914 4357 Εὐλογητὸς
2960 4294 3187 4363 Κύριος,
3220 4297 3475 4364 δέσποτα,
3504 4296 3679 4366 εἶπεν,
3703 4308 3765 4357 ο)

2180 4376 2482 4447 ψεύδομαι·
2524 4378 2589 4455 ού
2629 4380 2858 4446 πολλαῖς
2914 4387 3181 4458 πρότερον
3238 4392 3473 4461 ἡμέραις
3499 4397 3638 4449 κατὰ
3674 4398 3767 4467 ιὴν

2185 4466 2363 4530 Γάζαν
2386 4486 2477 4537 μοι
2504 4472 2804 4544 γενομένῳ,
2839 4476 3096 4530 κάκεῖθεν
3117 4481 3195 4540 εἰς
3236 4483 3612 4554 προσκύνησιν
3659 4466 3768 4541 τόν

466 4614 469 4617 ,
495 4583 612 4619 runt
634 4578 686 4620 et
706 4563 994 4629 Joannem,
1016 4566 1127 4618 huic
1156 4563 1327 4632 puella
1354 4562 1483 4616 mihi
1510 4562 1735 4630 vespere
1757 4560 1817 4613 ﬁt
1838 4560 2074 4623 obviam,

2186 4560 2357 4626 ἁγίων
2393 4560 2575 4631 Κύρου
2607 4564 2702 4616 καὶ
2731 4565 2980 4619 Ἰωάννου
3008 4570 3371 4641 ἐπειγομένῳ,
3407 4578 3645 4648 συναντᾷ
3679 4597 3767 4645 μοι

492 4668 547 4712 et
581 4659 645 4711 ad
697 4673 846 4713 meos
884 4659 1049 4727 pedes
1094 4656 1363 4725 procidit,
1400 4668 1599 4724 regalis
1628 4664 1687 4704 ut
1728 4667 1937 4706 mecum
1974 4653 2077 4705 iter

492 4749 901 4818 ingrcderetuﬁ,
945 4764 1010 4802 co
1051 4750 1194 4817 quod
1227 4745 1390 4800 vellet
1428 4758 1550 4798 esse
1579 4742 1919 4808 Christiana,
1960 4753 2078 4795 erat

493 4843 638 4895 enim
672 4838 921 4894 Hebrtea.
954 4840 1065 4909 Ego
1096 4846 1275 4893 autem
1317 4836 1410 4890 Dei
1434 4837 1638 4888 veritus
1667 4833 1953 4904 judicium,
1987 4834 2076 4901 qni

493 4936 655 5001 dixit,
683 4951 750 4990 ne
776 4950 840 4989 es
863 4933 1072 5003 pusillis
1100 4933 1332 5001 aliquem
1363 4930 1790 4998 despiceremus,
1822 4927 2078 4982 obedieus

495 5026 694 5082 admisi
728 5041 848 5079 eam
881 5027 982 5079 via:
1009 5026 1298 5087 comitem,
1335 5023 1571 5075 maxime
1602 5018 1903 5083 conlidens,
1936 5022 2079 5087 quod

495 5134 619 5173 cum
650 5126 836 5173 essent
866 5117 1000 5170 mihi
1048 5116 1287 5169 incinbra
1322 5115 1396 5168 ita
1429 5112 1658 5178 alfecta,
1691 5126 1794 5165 non
1826 5121 1973 5165 esset
1996 5109 2080 5162 fa;

496 5213 599 5270 cile
638 5210 859 5265 inimico
902 5221 1117 5263 struere
1160 5207 1214 5261 ln
1257 5222 1343 5259 me
1377 5204 1750 5260 tentationem.
1784 5203 1918 5257 Cum
1955 5201 2083 5256 illuc

495 5314 676 5360 autem
728 5304 1028 5366 venissem,
1083 5312 1140 5356 et
1183 5308 1308 5355 vota
1359 5300 1748 5363 reddidissem,
1806 5296 1910 5351 feci
1961 5310 2079 5350 eam

491 5397 829 5452 catechismo
862 5395 1056 5450 instrui
1116 5402 1173 5448 et
1206 5392 1506 5462 baptizari,
1544 5400 1598 5446 et
1626 5391 1693 5444 de
1737 5399 1935 5449 ctetero
1964 5404 2081 5443 eam

492 5490 851 5545 circumduco
877 5490 928 5541 in
948 5485 1295 5556 simplicitate
1320 5484 1522 5547 cordis,
1547 5492 1601 5536 et
1622 5480 1937 5536 mendicans
1964 5495 2082 5534 eam

496 5580 609 5645 alo,
641 5582 870 5636 Studens
898 5579 941 5635 si
978 5579 1182 5648 possim
1217 5593 1338 5632 eam
1369 5577 1638 5631 collocare
1669 5576 1721 5627 in
1755 5573 1938 5643 aliquo
1974 5587 2087 5627 mo-

501 5673 742 5726 nasterio
791 5673 1087 5741 virginum.
1137 5668 1264 5725 Haec
1295 5686 1415 5725 cum
1460 5669 1702 5723 audisset
1746 5669 1833 5722 ille
1869 5668 2083 5733 Beatus,

502 5760 692 5830 Papae,
737 5765 947 5833 inquit,
994 5778 1157 5833 quam
1193 5763 1343 5818 multi
1388 5771 1514 5816 sunt
1549 5762 1746 5816 occulti
1789 5760 1932 5816 serti
1971 5762 2086 5825 Dei,

501 5851 718 5906 etiamsi
754 5855 866 5908 sint
902 5856 1059 5911 nobis
1105 5855 1307 5924 ignoti!
1351 5854 1487 5909 Cum
1535 5862 1713 5910 autem
1755 5854 2085 5911 monachqu

2182 4655 2318 4723 πρδς
2343 4653 2595 4721 ἑσπέραν·
2618 4656 2651 4724 ή
2680 4657 2816 4729 κόρη
2850 4657 3013 4730 αὕτη,
3046 4663 3277 4727 καὶτοῖς
3322 4666 3452 4719 ποσὶ
3473 4670 3584 4732 τοῖς
3614 4672 3767 4740 ὲμοῖς

2183 4745 2520 4818 προσπίπτει
2575 4749 2894 4805 συνοδεῦσαί
2948 4770 3038 4822 μοι
3076 4754 3306 4829 δεομένη
3356 4758 3434 4830 τῷ
3478 4762 3769 4833 βούλεσθαι

2183 4838 2436 4908 γενέσθαι
2472 4838 2842 4921 Χριστιανήνο
2890 4845 3116 4918 Ἐὁραία
3167 4852 3275 4921 γὰρ
3303 4848 3392 4925 ἦν.
3429 4854 3645 4927 Ἔγωγε
3673 4860 3768 4914 οὖν

2182 4930 2244 4983 τὸ
2267 4932 2375 4984 ἀπὸ
2430 4931 2567 4986 Θεοῦ
2597 4934 2783 5000 δείσας
2835 4939 3156 5012 κατάκριμα
3182 4946 3465 5015 εἰρηκότος
3507 4954 3583 5021 μή
3624 4967 3769 5018 τινος

2185 5027 2550 5094 καταφρονεῖν
2602 5028 2712 5080 τῶν
2762 5031 2995 5102 μικρῶν,
3032 5033 3347 5101 ὑπακούσας
3385 5043 3768 5117 παρεδεξάμην

2184 5116 2284 5185 τὴν
2313 5117 2583 5184 συνοδίαν,
2608 5119 2783 5185 ἄλλως
2811 5140 2870 5175 τε
2903 5127 3000 5179 καὶ
3028 5116 3311 5200 θαρρήσας
3338 5133 3422 5187 ὅτι
3459 5153 3554 5206 μοι
3587 5116 3765 5209 μελῶν

2186 5209 2359 5304 οὕτως
2414 5212 2611 5280 ἔχοντι,
2664 5216 2765 5267 οὐκ
2821 5218 2889 5270 ἂν
2935 5219 3021 5289 εἴη
3051 5221 3130 5291 τῷ
3161 5225 3343 5296 ἐχθρῷ
3371 5229 3556 5300 ῥᾴδιον
3580 5249 3772 5304 πειραο
3804 5272 3811 5280 ο

2190 5299 2325 5368 σμόν
2363 5316 2452 5369 μοι
2515 5304 2898 5360 ἐπισκευάσαι.
2963 5309 3177 5365 Ἐκεῖσε
3241 5299 3425 5383 μέντοι
3478 5299 3775 5394 γενόμενος

2188 5394 2281 5444 καὶ
2308 5392 2406 5455 τὰς
2436 5394 2600 5465 εὐχὰς
2630 5397 2888 5464 ἀποδοὺς,
2944 5405 3328 5478 κατηχηθῆναί
3366 5428 3424 5464 τε
3456 5392 3629 5486 αὐτὴν
3677 5417 3774 5471 καὶ

2191 5482 2558 5578 βαπτισθῆναι
2583 5491 2897 5561 πεποίηκα·
2941 5497 3035 5546 καὶ
3072 5500 3132 5549 τὸ
3181 5500 3292 5553 ἀπὸ
3341 5504 3495 5557 τοῦδε
3541 5482 3774 5578 καρδίας

2191 5575 2456 5645 ἁπλότητι
2506 5579 2758 5648 περιάγω
2784 5581 2879 5634 καὶ
2909 5586 3225 5654 προσαιτῶν
3258 5591 3466 5661 τρέφω,
3500 5575 3771 5660 σπεύδων,

2190 5668 2238 5719 εί
2262 5667 2488 5743 δυνατὸς
2523 5670 2809 5741 γενοίμην,
2846 5675 2942 5729 καὶ
2986 5678 3296 5749 παρθενῶνι
3327 5684 3498 5755 αὐτὴν
3536 5688 3777 5754 ἐγκατα-

2190 5762 2374 5828 τάξαι.
2407 5764 2596 5818 Ταῦτα
2647 5767 2961 5825 ἀκούσαντα
2989 5774 3081 5826 τὸν
3108 5777 3401 5848 μακάριον,
3442 5780 3642 5846 Βαὸαὶ,
3677 5779 3779 5834 πόο

2195 5872 2303 5922 σοι,
2333 5856 2521 5925 φάναι,
2552 5857 2778 5927 κρύφιοι
2810 5862 2906 5916 τοῦ
2934 5864 3070 5919 Θεοῦ
3096 5866 3297 5938 δοῦλοι,
3339 5870 3441 5924 κᾶν
3472 5872 3604 5942 ἡμῖν
3625 5864 3775 5926 οὗτοι
