4138 6406
394 346 498 411 9°37

1354 339 1532 399 VITA
1569 337 1630 402 S.
1672 335 1996 398 JOANNIS
2036 335 2678 402 ELEEMOSYNARII.

3534 347 3642 412 9.78

388 457 732 529 τυγχάνωσιν
769 456 1062 524 ἄγνωστοι.
1084 450 1188 506 Τὸν
1224 451 1407 522 μέντοι
1439 450 1672 521 μοναχδν
1703 449 1971 520 νομίσμα-

2078 448 2301 503 donaret
2333 460 2548 506 centum
2579 453 2847 523 nummis,
2880 454 2969 512 ille
3002 470 3110 511 non
3141 458 3383 527 accepit,
3415 458 3603 515 dicens
3630 477 3645 513 :

391 569 479 608 σιν
531 550 726 605 ἑκατὸν
754 546 1125 619 δωρουμένου,
1174 546 1384 608 ἐκεῖνος
1414 545 1476 597 οὐ
1516 543 1870 614 παρεδέξατο,
1914 542 1971 595 Ὀ

394 641 648 714 μοναχὸς,
681 639 875 705 εἰπὼν,
906 639 955 691 εί
986 637 1098 707 ἔχοι
1126 636 1332 698 πίστιν,
1365 634 1427 688 οὐ
1449 632 1619 686 δεῖται
1650 631 1967 703 χρημάτων

389 734 441 786 εί
474 732 531 785 δὲ
564 729 867 802 χρημάτων
922 726 1061 788 ὅλως
1119 725 1241 796 ἐρᾷ,
1277 723 1517 787 πίστεως
1570 723 1787 786 πάντως
1826 722 1971 774 ἐστὶν

391 819 826 894 ἐρημος.Ταῦτα
855 817 1023 872 εἰπὼν
1053 817 1145 870 καὶ
1182 814 1552 887 προσκύνησιν
1582 811 1970 883 ποιησάμενος,

391 912 570 967 ἀπιὼν
599 911 795 981 ᾤχετο.

457 1005 601 1060 Mil'.
630 1003 827 1065 Ὅπως
863 999 920 1053 δέ
950 997 1412 1066 ἁξιοσποὺδαστον
1433 991 1502 1066 ἦν
1551 996 1585 1064 ἡ
1614 994 1708 1047 τοῦ
1743 993 1971 1046 θανάτου

393 1097 582 1167 μνήμη
609 1093 689 1164 τῷ
747 1092 1026 1162 μακαρίῳ,
1081 1089 1176 1143 καὶ
1202 1089 1278 1152 ὼς
1305 1087 1451 1158 ἔχειν
1496 1085 1666 1154 αὐτὴν
1698 1083 1974 1150 ἀνεξάλει-

390 1205 526 1241 πτον
554 1187 684 1256 περὶ
738 1183 938 1245 παντὸς
986 1183 1244 1243 ἐποιεῖτο,
1280 1180 1497 1249 εἴρηται
1523 1177 1622 1247 μὲν
1652 1177 1745 1229 καὶ
1780 1176 1973 1246 πρότε-

392 1298 510 1350 ρον,
555 1278 837 1348 εἰρήσεται
887 1274 945 1327 δὲ
998 1275 1092 1326 καὶ
1119 1272 1234 1327 νῦν.
1269 1270 1659 1341 Θανατηφόρου
1704 1269 1813 1339 γάρ
1844 1284 1973 1320 ποτε

389 1374 547 1425 νόσου
575 1372 676 1440 τὴν
698 1368 854 1420 πόλιν
880 1364 1320 1433 καταλαΰούσης,
1342 1363 1502 1432 ἔργον
1527 1358 1597 1433 ἦν
1620 1361 1814 1431 ἐκείνῳ
1840 1358 1976 1413 πάν-

391 1480 497 1516 των
530 1459 979 1529 ἐπιμελέστατον,
1009 1457 1071 1510 τὸ
1098 1456 1249 1527 θαμὰ
1302 1454 1580 1525 παριέναι,
1617 1453 1756 1523 πρός
1776 1470 1833 1506 τε
1863 1452 1973 1505 τῶν

395 1553 688 1606 νοσούντων
717 1548 1010 1618 ἐπίσκεψιν
1072 1548 1169 1601 καὶ
1199 1546 1297 1616 τὴν
1332 1544 1443 1598 τῶν
1474 1542 1849 1596 τελευτώντων
1878 1559 1976 1595 τα-

403 1644 510 1712 φήν
529 1658 542 1672 ⁸
573 1641 828 1704 πολλάκις
855 1639 912 1693 δὲ
933 1639 1025 1693 καὶ
1050 1635 1463 1709 ψυχορῤαγοῦσι
1485 1633 1974 1705 παρεκάθητο,καὶ

398 1736 527 1796 τοὺς
558 1731 865 1802 ὀφθαλμοὺς
886 1730 1066 1784 αὐτῶν
1094 1729 1325 1790 οἰκείαις
1349 1729 1539 1797 χερσὶν
1571 1724 1971 1779 ἐπεκάλυπτεν·

2076 535 2369 594 Monachus
2398 541 2445 595 si
2477 542 2637 598 habet
2657 546 2838 612 tidem,
2871 562 2976 603 non
3010 546 3212 616 indiget
3240 549 3485 620 pecuniis
3516 566 3530 605 :
3567 552 3650 607 sin

2075 640 2256 685 autem
2283 635 2505 689 omnino
2536 646 2702 702 amat,
2734 648 2816 693 est
2844 641 3065 695 omnino
3094 640 3196 697 fide
3225 639 3485 700 defectus.
3524 642 3649 700 Ilaec

2076 736 2199 777 cum
2224 723 2448 780 dixisset
2476 735 2528 781 et
2550 727 2848 795 adorasset,
2882 733 3129 787 recessit.

2146 982 2375 1042 XLVIII.
2415 987 2586 1052 Quam
2631 1005 2882 1059 magnum
2926 998 3106 1047 autem
3142 995 3376 1050 studium
3424 1009 3650 1067 poneret

2081 1075 2292 1145 beatus,
2323 1089 2379 1132 ut
2407 1080 2597 1134 mortis
2628 1083 2984 1146 meminisset,
3009 1093 3062 1139 et
3086 1086 3228 1154 quod
3259 1086 3474 1156 plurimi
3506 1089 3652 1147 face-

2077 1177 2159 1225 ret
2190 1169 2403 1224 efﬁcere
2425 1185 2491 1225 ne
2516 1171 2634 1241 ejus
2663 1173 2965 1229 recordatio
2990 1175 3279 1242 deleretur,
3305 1177 3504 1234 dictum
3529 1182 3651 1250 qui-

2076 1262 2196 1316 dem
2243 1271 2327 1315 est
2365 1262 2537 1330 prius,
2581 1265 2790 1320 dicetur
2833 1274 3015 1322 autem
3058 1282 3200 1324 nunc
3233 1284 3467 1341 quoque.
3514 1271 3649 1329 Nam

2075 1369 2195 1409 eum
2221 1353 2433 1410 Iethalis
2460 1357 2676 1412 morbus
2704 1357 2997 1427 aliquando
3024 1361 3315 1418 invasisset
3347 1361 3648 1432 civitatein,

2078 1445 2323 1498 maximae
2355 1444 2429 1499 illi
2459 1455 2579 1501 erat
2607 1461 2751 1501 curae
2779 1448 3039 1505 accedere
3068 1452 3133 1505 ad
3163 1464 3486 1521 aegrotorum
3520 1456 3651 1512 visi-

2076 1535 2370 1601 tationem,
2425 1545 2480 1589 et
2532 1551 2721 1591 eorum
2778 1538 2868 1607 qui
2918 1539 3247 1596 decedebant
3292 1545 3648 1614 sepulturam.

2077 1625 2231 1695 Saepe
2259 1635 2436 1681 autem
2471 1628 2635 1682 etiam
2664 1630 2937 1685 assidebat
2971 1630 3037 1686 iis
3069 1631 3160 1702 qtti
3187 1633 3504 1690 emittebant
3533 1637 3652 1691 ani-

2078 1731 2243 1781 mam,
2268 1728 2317 1771 et
2342 1732 2529 1772 eorum
2555 1719 2740 1775 oculos
2763 1721 2877 1775 suis
2900 1722 3114 1791 tegebat
3131 1725 3402 1781 manibus.
3418 1726 3651 1782 anebat

397 1797 671 1893 ἐπέτρεπε
718 1797 773 1874 δὲ
810 1822 1026 1883 καὶτὰς
1061 1819 1203 1889 ὑπὲρ
1240 1818 1349 1871 τῶν
1381 1815 1806 1887 κεκοιμημένων
1843 1832 1969 1868 συν-

2078 1820 2309 1877 synaxes
2342 1820 2558 1876 quoque
2601 1807 2863 1862 celebrari
2901 1825 2998 1878 pro
3055 1811 3119 1865 iis
3164 1813 3252 1882 qui
3292 1813 3647 1883 dormierunt,

392 1915 542 1978 ἄξεις
568 1912 863 1975 ἐπιτελεῖν,
900 1910 1311 1983 ίσχνριζόμενός
1335 1927 1395 1962 τε
1419 1910 1512 1961 καὶ
1539 1907 1886 1970 διαὸεὸετιῶν,
1904 1909 1972 1960 τὰ

397 2006 609 2075 μεγάλα
660 2006 775 2068 τοῖς
839 2003 1254 2073 κατοιχομένοις
1311 1999 1615 2054 λυσιτελεῖν
1677 1999 1778 2063 τὰς
1835 1999 1974 2070 ὑπὲρ

392 2094 574 2148 αὐτῶν
605 2094 824 2164 μνήμας
850 2095 942 2146 καὶ
971 2091 1337 2161 λειτουργίας.

462 2185 600 2239 ΜΘν.
627 2185 720 2246 El;
749 2184 930 2236 πίστιν
953 2183 1009 2236 δὲ
1039 2182 1147 2236 τῶν
1181 2181 1493 2252 λεγομένων
1520 2181 1613 2234 καί
1642 2197 1695 2233 τι
1733 2178 1973 2234 τοιοῦτον

394 2276 453 2328 οὐ
484 2275 591 2346 πρὸ
623 2274 820 2329 πολλοῦ
848 2274 1142 2345 γενόμενον
1181 2275 1451 2344 ἐξηγεῖτο.
1515 2274 1710 2343 Ἔλεγε
1761 2274 1869 2344 γὰρ
1898 2273 1973 2338 ὡς

397 2367 501 2420 ὑπὸ
533 2367 754 2436 Περσῶν
784 2384 870 2430 τις
905 2368 984 2431 είς
1038 2366 1278 2437 Περσίδα
1303 2367 1650 2437 αἰχμάλωτος
1681 2366 1969 2437 ἀπαχθεὶς,

396 2460 454 2511 ἐν
482 2460 551 2529 τῇ
576 2457 790 2529 φυλακῇ
819 2459 855 2530 ἢ
881 2457 1023 2512 οὕτω
1046 2458 1293 2513 καλεῖται
1321 2458 1500 2529 Λήθη,
1531 2459 1751 2526 δέσμιος
1776 2462 1973 2531 ἐφρου-

396 2551 572 2618 ρεῖτοο
594 2551 754 2620 νόμος
784 2551 840 2604 δέ
872 2554 1021 2622 παρὰ
1047 2552 1283 2621 Πέρσαις
1305 2551 1526 2620 ἐκράτει
1554 2550 1819 2619 τοιοῦτος,
1845 2552 1972 2617 τοὺς

395 2641 455 2694 ἐν
481 2644 545 2712 τῇ
588 2643 802 2713 φυλακῇ
832 2642 957 2714 τῇδε
990 2641 1415 2713 καθειρχθέντας
1449 2644 1838 2698 ἀνακαλεῖσθαι
1866 2663 1973 2716 μη-

398 2731 587 2785 δέποτε
614 2748 628 2763 ·
657 2734 832 2804 ταύτῃ
865 2749 947 2787 τοι
995 2733 1089 2786 καὶ
1118 2734 1271 2804 Λήθη
1320 2736 1459 2805 αὐτῇ
1514 2736 1574 2788 τὸ
1608 2735 1781 2805 ὄνομα
1833 2736 1973 2790 κατὰ

399 2822 556 2892 λογον
587 2824 767 2894 ἐτέθη.
818 2823 1054 2879 Ἐκεῖθεν
1083 2823 1177 2878 οὖν
1202 2823 1510 2897 ἁποδρᾶσαί
1562 2843 1709 2890 τινες
1757 2827 1973 2881 δυνατοὶ

401 2914 680 2985 γῖνόμεναι
714 2915 807 2969 καὶ
830 2916 929 2987 τὴν
956 2916 1184 2987 Κύπρον
1215 2918 1568 2984 καταλασεῖν,
1595 2922 1706 2983 τοῖς
1733 2919 1824 2972 τοῦ
1852 2936 1976 2973 νεα-

401 3005 588 3059 νίοκου
619 3008 911 3078 πατράσιν,
971 3009 1047 3072 ὡς
1099 3009 1187 3078 εἴη
1212 3009 1492 3080 τεθνηκὼς
1537 3012 1595 3063 ἐν
1647 3014 1713 3082 τῇ
1757 3011 1972 3082 φυλακῇ

2076 1910 2328 1951 asserens
2375 1906 2431 1951 et
2468 1897 2743 1953 afﬁrmans
2784 1898 3057 1956 defunctis
3106 1904 3333 1958 multum
3393 1909 3649 1976 prodesse

2076 2002 2196 2058 quae
2239 2003 2336 2058 pro
2373 1988 2453 2045 eis
2496 1989 2629 2045 fiunt
2676 1995 3219 2051 eounnemorationes
3259 2007 3312 2051 et
3350 2011 3507 2055 sacra
3545 2000 3651 2056 mi-

2076 2080 2320 2135 nisteria.
3636 2100 3643 2107 ’

2146 2170 2338 2226 XLIX.
2378 2173 2459 2228 Ad
2490 2173 2648 2251 fidem
2694 2182 2874 2230 autem
2917 2175 3218 2231 faciendam
3287 2193 3473 2234 eorum
3529 2195 3651 2251 qum

2075 2262 2417 2328 dicebantur,
2454 2263 2561 2319 tale
2588 2247 2716 2333 quid
2750 2265 2913 2320 etiam
2950 2270 3238 2333 narrabat,
3277 2270 3418 2338 quod
3450 2247 3649 2324 factum

2078 2355 2250 2411 fuerat
2295 2370 2400 2410 non
2439 2357 2511 2410 ita
2553 2356 2720 2411 multo
2763 2365 2909 2412 ante.
2954 2358 3175 2415 Dicebat
3215 2361 3394 2426 enim,
3437 2361 3579 2430 quod
3620 2378 3650 2415 a

2074 2444 2258 2501 Persis
2285 2447 2503 2516 quidam
2536 2449 2799 2503 abductus
2832 2452 3105 2519 captivus,
3140 2452 3193 2505 in
3231 2452 3496 2519 custodia,
3533 2467 3654 2524 quas

2075 2539 2373 2608 appellatur
2411 2538 2581 2594 Lethe
2605 2578 2620 2604 ,
2659 2542 3040 2596 asservabatur
3071 2542 3302 2598 vinctus.
3327 2543 3437 2599 Lex
3469 2552 3652 2600 autem

2074 2639 2194 2684 erat
2222 2629 2363 2698 apud
2399 2628 2626 2694 Persas,
2661 2639 2718 2685 ut
2746 2632 2836 2701 qui
2869 2632 3101 2701 coniecti
3133 2645 3289 2689 erant
3320 2635 3372 2689 in
3402 2650 3522 2690 eam
3556 2652 3654 2691 cu-

2075 2721 2348 2785 stodiam,
2392 2734 2670 2793 ntmquam
2718 2734 3155 2780 revocarentur:
3201 2735 3256 2781 et
3319 2742 3382 2785 ea
3439 2730 3650 2788 ratione

2077 2820 2494 2868 consentaneum
2537 2821 2623 2869 est
2657 2828 2776 2869 eam
2830 2814 2997 2872 fuisse
3040 2830 3282 2873 vocatam
3324 2821 3562 2887 Lethen,
3595 2822 3653 2879 id

2076 2911 2178 2970 est,
2206 2904 2553 2961 oblivionem.
2578 2905 2730 2961 Illinc
2756 2917 2934 2961 autem
2967 2923 3088 2962 eum
3113 2910 3330 2978 quidam
3355 2913 3657 2980 potuissent

2083 2995 2355 3065 aufugere,
2381 3006 2435 3049 et
2458 2997 2512 3050 in
2536 2996 2769 3068 Cyprum
2806 3000 3012 3063 venire,
3043 2998 3380 3056 afﬁrmarent
3414 3006 3657 3073 parenti-

397 3097 868 3154 ὃι-6ε6αιώσωντο.
950 3101 1178 3154 Ἐκεῖνοι
1234 3102 1526 3174 τοιγαροῦν
1568 3102 1664 3156 τοῦ
1722 3104 1967 3157 ἐνιαυτοῦ

2080 3088 2179 3142 bus
2233 3086 2628 3151 adolescentis,
2669 3103 2791 3143 eum
2823 3103 2946 3143 esse
2991 3102 3261 3146 mortuum
3300 3092 3354 3147 in
3379 3097 3651 3152 custodia.

397 3190 544 3257 τρεῖς
576 3188 821 3255 συνάξεις
850 3190 924 3253 ὠς
951 3192 1044 3243 ἐπὶ
1066 3189 1244 3263 νεκρῷ
1262 3191 1434 3263 τούτῳ
1463 3192 1699 3247 ἐποίουν.
1725 3194 1836 3247 Καὶ
1851 3194 1975 3247 τέσ-

403 3295 568 3350 σαρες
621 3281 762 3335 οὕτω
813 3283 1093 3354 παρῆλθον
1148 3284 1408 3338 ἐνιαυτοί·
1462 3281 1562 3339 εἷθ’
1592 3284 1765 3349 οὕτως
1811 3286 1908 3339 καὶ
1946 3288 1976 3339 ὁ

399 3375 525 3435 παῖς
553 3373 761 3427 ἐκεῖθεν
788 3376 1051 3444 ἐκφυγεῖν
1073 3374 1344 3443 δυνηθεὶς,
1372 3376 1453 3439 εἰς
1478 3374 1577 3447 τὴν
1601 3375 1783 3430 οἰκίαν
1804 3377 1973 3431 ἐπάν·

399 3480 556 3529 εισιν,
598 3464 655 3517 ὃν
686 3467 733 3518 οἱ
765 3467 942 3533 γονεῖς
975 3464 1073 3536 οὐχ
1108 3464 1299 3537 ὥσπερ
1328 3466 1394 3519 ἐκ
1427 3467 1678 3537 φυλακῆς
1710 3468 1973 3535 φυγόντα,

400 3554 515 3609 ἀ”.λ’
542 3554 617 3618 ὡς
645 3556 709 3610 ἐκ
739 3556 948 3626 νεκρῶν
977 3556 1288 3610 ἀναστάντα
1330 3557 1530 3627 μᾶλλον
1581 3558 1678 3611 σὺν
1704 3558 1870 3630 πολλῇ
1904 3563 1972 3630 τῇ
2008 3552 2023 3563 ’

402 3647 663 3715 ἐκπλήξει·
688 3647 1013 3718 θεασάμενοι
1036 3648 1131 3703 καὶ
1158 3650 1487 3721 ἁπορῤήτως
1513 3649 1847 3718 πλησθέντες
1873 3651 1974 3720 τῆς

402 3739 612 3809 ἡδονῆς,
643 3738 813 3794 τᾶλλα
843 3757 902 3793 τε
939 3741 1122 3810 ἔλεγον
1158 3740 1253 3795 καὶ
1309 3740 1549 3806 ἐποίουν,
1582 3740 1684 3794 ὅσα
1731 3740 1798 3794 ἂν
1826 3740 1974 3812 ψυχὴ

401 3829 642 3883 τοιοῦτον
666 3829 853 3886 ἰδοῦσα
877 3831 1040 3886 πάθοι
1092 3832 1187 3888 καὶ
1233 3832 1401 3898 εῖπυι,
1438 3831 1529 3886 καὶ
1567 3831 1716 3895 ὅπως
1749 3831 1825 3894 ὡς
1846 3833 1975 3885 ἁπο-

404 3919 767 3992 θανόντιὴδη,
803 3922 873 3977 τὰ
921 3924 1015 3976 ἐπὶ
1047 3921 1268 3979 θανοῦσι
1317 3923 1684 3992 νενομισμένα
1732 3923 1972 3989 ἐποίουν,

403 4011 498 4064 καὶ
515 4012 612 4076 τὰς
641 4014 852 4084 ἡμέρας
870 4014 1290 4079 ἁναδιδὰξαντες
1320 4013 1488 4084 αἴπερ
1522 4009 1684 4084 ἦσαν,
1708 4013 1741 4083 ἦ
1771 4030 1831 4066 τε
1867 4013 1976 4069 τῶν

403 4103 573 4169 ἁγίων
594 4103 904 4171 Θεοφανίων
934 4104 1140 4176 ἡμέρα,
1171 4105 1267 4158 καὶ
1292 4106 1326 4175 ἡ
1355 4103 1450 4157 τοῦ
1488 4104 1755 4175 σωτηρίου
1784 4105 1977 4175 Πάσχα

403 4192 497 4244 καὶ
533 4192 632 4262 τῆς
685 4194 846 4262 ἁγίας
879 4194 1282 4264 ΙΙεντηκοστῆς.
1317 4194 1536 4248 Τούτων
1574 4197 1779 4258 ἐκεῖνος
1811 4195 1977 4250 ἁκού-

406 4297 525 4345 σας,
554 4281 648 4335 καὶ
682 4282 758 4346 εί,
792 4285 1013 4354 μνήμην
1047 4282 1238 4348 ἐλθὼν,
1269 4285 1416 4356 ὅρκῳ
1443 4286 1571 4350 τοὺς
1623 4288 1878 4349 τεκόντας
1900 4286 1979 4339 διο

405 4371 654 4424 εόεῧαίου
674 4372 748 4436 ὡς
776 4374 894 4426 κατ’
917 4374 1087 4438 αὐτὰς
1114 4375 1277 4427 τάσδε
1305 4375 1403 4437 τὰς
1428 4376 1659 4447 ἡμέρας,
1688 4377 1785 4431 καὶ
1816 4378 1977 4441 αὐτὸς

2078 3178 2162 3233 Illi
2194 3194 2320 3234 vero
2359 3190 2468 3234 tres
2495 3181 2790 3249 quatanuis
2826 3196 3058 3252 synaxes
3103 3183 3481 3255 celebrabant,
3531 3197 3656 3244 tan-

2075 3284 2240 3340 quam
2273 3283 2338 3323 eo
2378 3279 2612 3326 mortuo.
2652 3272 2898 3336 Quatuor
2923 3272 3052 3327 anni
3090 3275 3495 3344 praeterieram,
3528 3293 3652 3334 cum

2078 3363 2220 3416 Illius
2256 3360 2399 3415 illine
2424 3360 2730 3431 aufugiens,
2765 3363 2904 3418 redit
2930 3366 3173 3420 domum.
3205 3364 3375 3431 Quem
3406 3382 3527 3422 cum
3560 3383 3656 3437 pa-

2078 3460 2262 3507 rentes
2308 3466 2416 3505 non
2468 3459 2719 3520 tanquam
2763 3453 2855 3522 qui
2898 3451 3127 3525 fugisset
3165 3469 3196 3509 e
3228 3457 3511 3522 custodia,
3558 3461 3654 3514 sed

2077 3563 2336 3624 tanquam
2394 3553 2485 3623 qui
2532 3551 2872 3608 surrexisset
2920 3568 2953 3607 e
2999 3554 3261 3620 mortuis,
3302 3568 3423 3609 cum
3462 3569 3658 3626 magno

2079 3656 2299 3716 Stupore
2342 3646 2702 3713 aSpexissent,
2754 3653 2809 3700 et
2851 3645 3079 3699 fuissent
3106 3642 3361 3701 ineﬂ'abili
3385 3646 3661 3714 voluptate

2075 3738 2289 3807 repleti,
2343 3746 2400 3791 et
2437 3736 2543 3790 alia
2582 3734 2854 3790 faciebant
2883 3744 2939 3789 et
2980 3734 3253 3802 dicebant,
3293 3750 3413 3806 qua
3449 3739 3654 3802 anima,

2079 3847 2197 3901 qnze
2232 3829 2391 3886 talem
2423 3830 2667 3895 vidisset,
2701 3826 2905 3884 faceret
2934 3839 2989 3884 et
3015 3828 3221 3884 diceret
3248 3846 3263 3889 ς
3299 3838 3355 3886 et
3384 3832 3651 3898 quemad-

2080 3922 2295 3976 modum
2327 3920 2376 3973 ei
2407 3928 2662 3988 tanquam
2681 3918 2793 3987 jam
2816 3928 3029 3974 mortuo
3067 3918 3310 3974 fecerant
3334 3920 3500 3989 iusta,
3531 3934 3654 3992 qua

2078 4014 2214 4067 fiunt
2258 4012 2506 4077 mortuis,
2541 4019 2596 4066 et
2639 4026 2761 4066 cum
2819 4024 2944 4065 eum
3023 4010 3386 4076 docuissent,
3432 4013 3657 4081 quinam

2077 4112 2259 4159 essent
2293 4104 2328 4157 ii
2359 4103 2510 4167 dies,
2547 4116 2737 4171 nempe
2774 4101 2888 4157 dies
2918 4111 3233 4157 sanctorum
3272 4101 3662 4176 Theophanio-

2081 4210 2225 4259 rum,
2249 4203 2305 4249 et
2329 4193 2444 4249 dies
2468 4193 2725 4248 salutaris
2750 4191 2997 4260 Paschat,
3021 4202 3075 4249 et
3102 4194 3218 4251 dies
3239 4207 3440 4253 sanetze
3468 4197 3663 4254 Pente-

2079 4296 2280 4342 costes.
2326 4284 2452 4340 Haec
2498 4300 2620 4341 cum
2665 4284 2755 4339 ille
2793 4286 3119 4353 auditisset,
3154 4295 3211 4341 et
3250 4288 3302 4342 in
3345 4291 3662 4344 memoriam

2085 4386 2424 4441 revocasset,
2469 4376 2786 4447 parentibus
2835 4377 3167 4444 affirmabat,
3210 4380 3355 4449 quod
3398 4381 3486 4434 his
3528 4381 3664 4450 ipsis

406 4461 514 4513 τῶν
548 4461 761 4533 δεσμῶν
790 4465 993 4527 ἀνεῖτο,
1022 4464 1322 4542 ἐπιστασία
1344 4466 1975 4538 λαμπρθφοροῦντόςτι-

2090 4472 2278 4529 diebus
2324 4470 2668 4526 relaxabatur
2705 4484 2736 4524 a
2772 4471 3038 4537 vinculis,
3087 4472 3320 4526 adventu
3359 4471 3662 4541 cujusdam,

408 4567 516 4615 ιος,
553 4553 646 4605 καὶ
680 4552 865 4618 ἁδείας
893 4554 1135 4608 ἀπέλαυε
1166 4556 1370 4626 πάσης,
1401 4558 1502 4620 τὰς
1552 4559 1749 4629 ἐφεξῆς
1781 4561 1837 4613 ἐν
1870 4564 1982 4625 τοῖς

407 4641 628 4711 δεσμοῖς
676 4643 839 4701 πάλιν
866 4643 1057 4717 ὥσπερ
1112 4647 1205 4700 καὶ
1255 4647 1461 4719 προτοῦ
1496 4652 1983 4727 καταλαμϐανόμε-

409 4748 516 4794 νος.

2090 4565 2182 4634 qui
2224 4566 2474 4633 gestabat
2507 4561 2846 4632 lampadem;
2879 4570 2937 4615 et
2969 4560 3248 4616 fruebatur
3282 4562 3430 4616 omni
3459 4563 3668 4618 securi-

2094 4667 2206 4713 tate
2236 4676 2250 4710 :
2278 4656 2467 4715 diebus
2496 4664 2674 4712 autem
2705 4653 3061 4724 sequentibus
3091 4651 3666 4723 tenebatur-vinculis,

2092 4752 2231 4807 sicut
2259 4749 2428 4820 prius.

1879 4915 2107 4974 CAPUT
2146 4917 2237 4972 IX.

1580 5054 2041 5128 Elrentosynarttm
2073 5061 2145 5114 vix
2173 5057 2313 5128 apud
2348 5054 2533 5109 Deum.

483 5193 564 5250 N'.
620 5194 899 5261 Τοιούτοις
952 5195 1152 5267 ἔργοις.
1198 5199 1294 5252 καὶ
1347 5197 1652 5271 διηγήμασι
1707 5203 1986 5274 χρώμενος

419 5287 626 5351 πολλοῖς
658 5289 897 5360 κατέστη
930 5287 1205 5360 σωτηρίας
1240 5288 1518 5353 ὑπόθεσις.
1564 5291 1659 5345 Διὰ
1694 5292 1868 5347 ταῦτα
1897 5296 1975 5348 κα¹

2100 5295 2170 5351 tis
2202 5293 2417 5348 occasio
2458 5291 2670 5347 salutis.
2718 5290 3009 5363 Propterea
3053 5291 3267 5362 plurimi
3307 5308 3523 5364 quoque
3554 5295 3674 5349 int-i-

421 5377 663 5431 πλεῖστοι
686 5382 868 5434 ἐκεῖνα
891 5380 961 5434 τὰ
997 5381 1107 5434 τῶν
1130 5381 1446 5436 ἀποστόλων
1476 5381 1791 5452 ζηλοῦντες,
1815 5385 1907 5439 καὶ
1926 5387 1975 5439 τέ

2106 5395 2283 5440 tantes
2321 5384 2443 5450 illa,
2490 5396 2611 5452 qua
2650 5383 2855 5439 ﬂebant
2892 5396 3133 5453 tempore
3171 5385 3573 5455 apostolorum,
3617 5396 3674 5441 et

418 5470 548 5522 ὄντα
582 5469 1094 5541 διαπιπράσκοντες,
1125 5474 1224 5536 τὰς
1255 5474 1423 5543 τιμὰς
1449 5474 1709 5544 φέροντες
1737 5479 1857 5538 ταῖς
1896 5479 1975 5531 αὖε

2097 5474 2390 5531 vendentes
2412 5487 2473 5528 ea
2493 5487 2613 5542 qua:
2641 5474 2933 5538 habebant,
2961 5490 3151 5528 eorum
3183 5477 3409 5544 pretium
3439 5475 3676 5532 afferen-

415 5562 511 5617 τοῦ
542 5563 702 5634 χερσὶ
732 5556 1073 5631 κατετίθουν,
1118 5565 1394 5631 ἀξιοῦντες
1429 5566 1520 5619 ὑπ’
1560 5567 1726 5620 αὐτοῦ
1756 5571 1867 5632 τοῖς
1904 5569 1970 5621 πὲ

2104 5579 2184 5624 tes
2213 5568 2549 5636 deponebant
2578 5566 2644 5621 in;
2663 5566 2782 5635 ejus
2809 5568 3080 5633 manibus,
3113 5570 3355 5625 volentes
3383 5569 3436 5625 id
3464 5570 3533 5625 ab
3561 5574 3678 5640 ipso

415 5671 538 5723 νησι
563 5650 975 5722 διανεμηθῆναι.
1018 5656 1157 5709 Μεθ’
1174 5649 1251 5708 ὧν
1284 5649 1365 5719 εἷς
1383 5673 1467 5719 τις
1498 5656 1833 5727 προσελθὼν,
1860 5660 1975 5712 ἐπτ<

2100 5658 2349 5713 distribui
2394 5656 2741 5727 pauperibus.
2794 5656 2930 5711 Cum
2979 5658 3174 5726 quibus
3225 5675 3365 5715 unus
3403 5662 3674 5732 quispiam

413 5744 587 5816 ἥμισυ
639 5742 828 5815 λίτρας
885 5745 981 5800 τοῦ
1020 5745 1245 5818 χρυσίου
1288 5746 1608 5819 προσῆγεν,
1668 5748 1975 5805 ἐπισεσαιῶε

2102 5750 2402 5819 accedens,
2435 5750 2552 5806 auri
2581 5758 2789 5821 septem
2834 5748 3001 5805 libras
3040 5763 3160 5803 cum
3198 5749 3419 5806 dimidia
3452 5751 3668 5814 obtulit,

697 5837 942 5900 PA't'ttut.
955 5882 969 5899 .
1014 5840 1134 5900 Gtt,
1176 5838 1384 5901 CXIV.
3282 5841 3363 5905 30

2166 5202 2229 5257 L.
2261 5203 2485 5258 Talibus
2515 5210 2670 5257 utens
2693 5200 2853 5257 factis
2880 5211 2935 5257 et
2960 5201 3383 5269 narrationibus,
3412 5200 3511 5257 fuit
3534 5205 3644 5258 ntul
