4138 6430
485 328 593 393 930

1723 321 2006 382 MEXSIS
2043 320 2508 383 JANUARIUS.

3633 321 3742 385 940

488 446 763 499 aﬁirutans
815 439 947 494 nihil
989 437 1218 507 amplius
1269 436 1384 490 auri
1428 436 1567 505 apud
1613 451 1672 491 se
1715 437 2057 490 remansisse.

2168 436 2318 490 οὐδὲν
2354 435 2503 504 αὐτῴ
2547 435 2626 496 είς
2680 431 2881 504 χρυσὸν
2915 433 3076 486 πλέον
3108 433 3510 504 ὑπολελεῖφθαι.
3537 439 3640 491 Δύο
3683 440 3744 494 6.1:

489 537 710 592 Petebat
757 546 934 588 autem
978 534 1044 586 ah
1085 546 1184 595 eo,
1230 540 1286 584 ιιι
1328 532 1459 584 duas
1502 532 1705 602 gratias
1750 531 2059 598 acciperet:

490 644 683 698 nempe
713 637 766 682 ut
791 637 842 680 et
869 635 1178 679 servaretur
1205 622 1422 692 quidem
1453 622 1570 690 ejus
1598 622 1739 676 ﬁlius
1771 622 1916 676 illius
1944 636 2065 691 pre-

489 725 679 784 cibus;
725 718 1023 772 referretur
1056 730 1183 769 vero
1208 717 1362 770 navis
1405 717 1608 782 absque
1647 714 1753 768 ullo
1797 713 2059 782 periculo,

488 830 607 884 qua:
637 813 849 882 quidem
882 812 1080 866 emissa
1114 811 1292 864 fuerat
1322 812 1373 863 in
1415 809 1677 862 Africam.
1709 807 1844 861 (lum
1882 814 2060 860 autent

487 915 603 974 post
633 919 823 974 preces
853 903 1074 974 triginta
1105 904 1216 957 dies
1243 901 1652 972 prasteriissent,
1686 899 1914 954 moritur
1937 896 2063 968 qui-

486 995 609 1049 dem
643 993 785 1047 ﬁlius
813 1007 828 1046 :
861 993 1022 1046 tertio
1055 1007 1182 1047 vero
1209 993 1292 1046 die
1328 1001 1447 1060 post
1473 991 1590 1058 ejus
1625 1001 1878 1057 mortem,
1911 989 2062 1043 navis

485 1096 609 1151 quae
629 1081 834 1136 redibat
857 1096 922 1135 ex
945 1081 1149 1146 Africa,
1175 1097 1292 1135 cum
1319 1080 1508 1135 fuisset
1533 1095 1598 1135 ex
1624 1079 1853 1134 adverso
1876 1079 2057 1142 Phari,

487 1175 543 1228 in
569 1188 734 1244 grave
760 1172 949 1227 incidit
976 1173 1338 1243 naufragium,
1365 1174 1499 1227 adeo
1525 1183 1582 1227 ut
1608 1173 1916 1228 universum
1943 1173 2062 1240 qui-

488 1266 611 1320 dem
657 1281 794 1346 opus
846 1267 1101 1336 perierit,
1153 1265 1264 1320 sola
1313 1266 1425 1335 (15)
1474 1275 1653 1320 autem
1705 1267 1855 1320 navis
1902 1264 2061 1318 fuerit

485 1357 632 1410 salva
662 1372 783 1410 cum
813 1357 1144 1412 vectoribus.
1170 1355 1301 1409 Cum
1330 1364 1507 1408 autem
1534 1356 1684 1424 prius
1715 1354 1894 1408 audito
1925 1369 2063 1408 nuu-

487 1451 562 1506 tio
589 1451 656 1505 de
683 1450 814 1516 ﬁlio,
847 1451 1024 1503 adhuc
1055 1447 1268 1516 vigente
1299 1445 1464 1500 animi
1499 1447 1935 1515 perturbatione,
1971 1461 2061 1501 ac-

481 1544 649 1598 cessit
679 1542 746 1596 de
783 1556 921 1596 nave
949 1539 1190 1604 tristitia,
1221 1539 1270 1593 id
1307 1554 1430 1595 eum
1457 1538 1616 1609 plane
1642 1538 1843 1593 ub'ruit.

553 1717 638 1772 LI.
679 1716 832 1782 Quod
877 1717 1091 1785 quidem
1125 1727 1408 1788 postquam
1445 1718 1788 1786 cognovisset
1824 1719 2058 1789 patriar-

2168 528 2298 596 παρ’
2331 526 2498 580 αὐτοῦ
2528 528 2756 596 χάριτας
2781 527 2963 596 ᾐτεῖτο
2991 523 3176 578 λαϐεῖν
3196 541 3211 555 ·
3250 527 3487 596 σωθῆναι
3524 529 3623 598 μὲν
3652 531 3751 586 τὸν

2166 618 2332 672 αὐτοῦ
2375 619 2539 671 παῖδα
2577 620 2696 680 ταῖς
2727 615 2892 670 αὐτοῦ
2936 617 3145 686 εὐχαῖς,
3195 617 3633 688 ἀνακομισθῆναι
3684 623 3746 676 δὲ

2165 709 2260 762 καὶ
2288 707 2348 760 τὸ
2374 708 2556 761 πλοῖον
2605 707 2910 770 ἀκίνδυνον,
2942 707 3078 776 ὅπερ
3131 705 3320 775 ἔτυχεν
3350 708 3430 770 είς
3473 708 3746 780 Ἀφρικὴν

2165 800 2502 870 ὲκπεμφθέν.
2566 799 2717 854 Ἐπεὶ
2774 794 2868 852 οὖν
2925 797 3064 867 μετά
3097 798 3196 867 τὴν
3227 797 3394 868 εὐχὴν
3445 799 3744 863 τριάκοντα

2164 892 2443 963 παρῆλθον
2469 891 2695 960 ἡμέραι,
2725 889 2948 960 Θνήσκει
2982 888 3079 953 μὲν
3099 887 3126 938 ὁ
3153 887 3286 951 υίὸς,
3305 887 3494 958 τρίτην
3518 888 3574 941 δὲ
3603 891 3746 958 ήμέ-

2167 1001 2266 1054 ραν
2303 983 2440 1053 μετὰ
2467 982 2558 1037 τὸν
2587 981 2817 1034 θάνατον
2846 980 2908 1033 τὺ
2937 979 3122 1032 πλοῖον
3150 979 3210 1044 ἐξ
3241 980 3508 1049 Ἀφρικῆς
3537 981 3748 1048 ἀναγό-

2166 1093 2346 1146 μενον,
2387 1070 2505 1128 εἷτα
2535 1073 2611 1144 τῷ
2633 1075 2794 1144 Φάρῳ
2821 1071 3147 1134 ἁπεναντίας
3181 1072 3472 1144 γενόμενον
3500 1074 3748 1144 ναυαγίῳ

2161 1169 2320 1239 δεινῷ
2346 1169 2690 1236 περιπίπτει,
2719 1166 2794 1227 ὡς
2825 1166 3006 1218 πάντα
3049 1164 3148 1233 μὲν
3176 1165 3266 1217 τὸν
3299 1167 3495 1234 φόρτον
3553 1165 3748 1218 ἀπολέ-

2165 1259 2313 1321 σθαι,
2345 1260 2504 1328 μόνον
2533 1259 2590 1311 δὲ
2613 1258 2710 1312 σὺν
2741 1257 3028 1319 ἐπιϐάταις
3058 1255 3120 1308 τὸ
3173 1256 3356 1308 πλοῖον
3383 1255 3737 1325 διασωθῆναι.

2173 1351 2263 1413 Ὠς
2315 1347 2430 1413 οῦν,
2487 1350 2586 1420 τῆς
2626 1349 2755 1420 περὶ
2803 1349 2896 1400 τοῦ
2947 1348 3138 1410 παιδὸς
3169 1348 3429 1415 ἀγγελίας
3477 1349 3740 1419 πρότερον

2162 1444 2549 1512 ἀκουσθείσης,
2580 1443 2676 1496 καὶ
2698 1441 2791 1496 τοῦ
2810 1441 3018 1504 πάθους
3039 1441 3118 1494 ἔτι
3141 1439 3495 1512 κρατοῦντος,
3525 1441 3586 1494 τὸ
3612 1441 3738 1511 περὶ

2162 1537 2255 1590 τοῦ
2287 1536 2474 1590 πλοίου
2511 1533 2833 1606 σκυθρωπὸν
2857 1533 3080 1603 ἐπῆλθε,
3115 1531 3298 1585 τέλεον
3320 1532 3481 1586 αὐτὸν
3511 1535 3746 1586 κατεϐά-

2162 1645 2375 1684 πτισεν.

2230 1719 2361 1776 NA'.
2395 1721 2576 1792 Ὅπερ
2603 1721 2801 1789 γνόντα
2830 1720 2921 1774 τὸν
2951 1720 3314 1791 πατριάρχην,
3341 1719 3492 1773 οὐδὲν
3521 1719 3742 1772 ἔλαττον

480 1813 604 1875 cha,
636 1812 684 1863 id
707 1810 876 1864 nihilo
897 1811 1164 1866 minorem
1188 1813 1238 1866 ei
1263 1811 1442 1866 attulit
1462 1813 1627 1867 animi
1651 1815 2052 1884 aegritudinem.

2160 1814 2367 1868 ἐκείνου
2403 1814 2635 1884 ἀθυμεῖν
2665 1813 2868 1867 ἐποίειο
2893 1813 3101 1866 δεῖσθαί
3128 1829 3186 1866 τε
3213 1812 3308 1865 τοῦ
3332 1810 3466 1865 Θεοῦ
3492 1812 3740 1882 ἀοράτως

485 1903 648 1957 Deum
687 1903 870 1972 itaque
910 1903 1146 1974 rogavit,
1179 1913 1236 1958 ut
1277 1903 1622 1959 invisibiliter
1661 1906 1778 1974 ejus
1817 1905 2055 1958 animam

480 1996 790 2063 attingeret,
816 2004 870 2050 et
899 1995 1205 2064 increparet
1234 2006 1608 2064 tempestatem
1642 1997 1807 2050 animi
1836 1997 2057 2066 {agritu-

481 2086 622 2137 dinis
659 2093 711 2139 et
743 2095 1132 2139 lrausmutaret
1163 2085 1214 2139 in
1251 2085 1724 2155 tranquillitatem.
1765 2086 1821 2138 In
1849 2085 2058 2140 somnis

482 2178 665 2246 itaque
709 2186 868 2231 nocte
905 2178 1150 2245 sequenti
1188 2177 1261 2230 illi
1293 2189 1520 2247 apparet
1563 2177 1667 2244 vir,
1703 2177 1872 2247 ﬁgura
1903 2187 1959 2230 et
1991 2178 2056 2230 li-

482 2271 784 2324 neamentis
829 2269 1023 2324 similis
1067 2270 1430 2338 patriarchze,
1470 2271 1518 2324 ei
1559 2270 1787 2330 dicens:
1828 2270 1938 2325 Cur
1983 2270 2055 2324 ita

481 2365 654 2418 victus
673 2378 733 2418 es
753 2379 780 2414 a
807 2362 1023 2416 tristitia
1043 2372 1344 2433 propterea
1363 2380 1481 2432 quae
1500 2366 1846 2421 acciderunt?
1870 2363 2058 2422 Nonne

485 2465 539 2510 tu
583 2471 668 2510 me
701 2453 922 2524 rogasti,
955 2463 1014 2508 ut
1053 2455 1169 2510 haec
1200 2455 1453 2520 precibus
1489 2471 1518 2508 a
1552 2455 1662 2510 Deo
1702 2459 2055 2524 postularem,

483 2563 678 2615 nempe
719 2558 776 2601 ut
813 2555 869 2601 ct
895 2557 1018 2601 tuus
1054 2546 1232 2600 salvus
1270 2557 1414 2602 esset
1457 2548 1630 2603 ﬁlius?
1672 2549 1736 2603 Et
1776 2566 1901 2604 ecce
1941 2551 2058 2620 ejus

482 2641 655 2710 gratia
699 2649 783 2694 est
812 2640 1021 2705 salvus,
1052 2650 1110 2694 ttt
1147 2642 1236 2708 qui
1281 2654 1311 2693 a
1341 2641 1465 2695 vita:
1505 2640 1660 2694 malis
1700 2641 1954 2696 dimissus
1985 2643 2056 2696 sit

482 2732 702 2786 illaesus.
752 2731 808 2786 Si
851 2733 994 2786 enim
1045 2733 1266 2787 vixisset
1306 2733 1542 2802 longius,
1585 2749 1691 2787 non
1723 2734 1928 2798 bonus,
1965 2735 2056 2789 sed

481 2824 758 2895 improbus
792 2834 912 2880 erat
941 2840 1218 2892 evasurus,
1254 2835 1306 2881 et
1330 2826 1581 2895 indiguus
1612 2841 1676 2880 eo
1709 2827 1798 2894 qui
1831 2841 2056 2880 creave-

481 2929 586 2975 rat.
635 2919 784 2985 Quod
818 2920 884 2972 ad
929 2933 1116 2972 navem
1149 2929 1329 2972 autem
1380 2919 1604 2984 attinet,
1638 2918 1774 2972 nihil
1821 2918 2055 2982 dubites,

482 3012 622 3079 quod
654 3011 754 3065 nisi
798 3011 937 3065 Deus
970 3009 1159 3064 fuisset
1193 3021 1448 3064 exoratus
1479 3023 1511 3063 a
1553 3020 1734 3063 nostra
1765 3012 2056 3065 mediocri-

484 3113 627 3169 tate,
659 3113 780 3157 erat
816 3118 938 3158 cum
973 3102 1101 3171 ipsis
1144 3103 1274 3156 viris
1319 3102 1370 3155 in
1416 3100 1740 3171 profundum
1778 3105 2056 3158 transmit-

479 3199 661 3260 tenda,
690 3207 738 3250 et
771 3206 966 3264 praeter
996 3213 1134 3251 onus
1185 3197 1653 3265 fratrequuoque
1679 3206 1732 3250 et
1760 3196 1892 3251 alios
1921 3197 2058 3251 ami-
2084 3167 2129 3228 Ο

477 3289 669 3344 sisses.
716 3287 828 3341 Non
864 3298 1076 3356 oportet
1107 3303 1236 3356 ergo
1279 3303 1400 3343 esse
1442 3289 1648 3342 tristem
1671 3327 1686 3352 ,
1719 3289 1810 3341 sed
1840 3298 2058 3358 propter

482 3379 586 3432 hoc
619 3380 795 3446 ipsum
835 3379 1057 3434 ferenda
1090 3390 1215 3433 sunt
1247 3382 1425 3448 potius
1458 3396 1577 3446 qute
1615 3380 1870 3434 accidunt
1902 3392 2056 3450 grato

481 3471 686 3525 animo.
721 3469 867 3524 Nihil
904 3472 1050 3523 enim
1109 3485 1296 3526 eorum
1356 3488 1474 3539 qua:
1504 3473 1664 3536 ﬁunt,
1714 3472 1772 3525 lit
1809 3473 1925 3526 sine
1960 3473 2056 3526 Dei

476 3563 712 3632 judicio,
761 3565 972 3619 etiamsi
1015 3568 1124 3619 sint
1167 3565 1320 3620 nobis
1369 3566 1547 3634 ignota
1592 3565 1754 3619 multa
1801 3581 1866 3620 ex
1915 3567 2057 3621 illius

475 3655 714 3721 judieiis.
742 3655 1030 3726 Postquam
1064 3673 1194 3727 ergo
1218 3673 1338 3712 eum
1365 3659 1569 3712 dimisit
1604 3674 1850 3720 somnus,
1888 3659 2058 3713 sensit

482 3763 576 3800 eor
624 3763 780 3802 suum
820 3751 955 3803 satis
998 3765 1247 3819 magnam
1292 3751 1564 3819 accepisse
1608 3751 2053 3806 consolationem.

483 3837 789 3908 Slatimque
833 3841 1135 3908 profectus,
1183 3841 1412 3910 procidit
1441 3843 1505 3895 ad
1552 3842 1695 3896 beati
1739 3844 1837 3897 viri
1871 3845 2052 3913 pedes,

481 3944 707 4000 ~‘t\.tgnas
755 3931 802 3986 ei
847 3947 1011 3998 agens
1061 3933 1300 4001 gratias,
1345 3945 1398 3987 et
1435 3949 1596 4002 quam
1639 3936 1848 3989 viderat
1893 3947 2056 3989 noctu

483 4036 712 4076 narrans
755 4022 1040 4078 visionem.
1088 4023 1180 4077 Ille
1223 4032 1406 4078 autem
1439 4025 1639 4089 suasit,
1689 4034 1750 4078 ut
1790 4041 1896 4084 non
1933 4027 2052 4094 ip~i,

481 4113 576 4164 sed
613 4111 745 4175 Deo,
775 4113 867 4181 qtti
897 4113 1078 4168 onia
1110 4114 1386 4184 dispensat
1417 4116 1481 4170 ad
1514 4115 1824 4184 utilitatem,
1859 4131 2053 4186 accep-

482 4211 590 4254 tant
629 4201 763 4255 ferat
788 4203 1040 4273 gratiam.

553 4291 660 4348 LII.
693 4297 798 4350 Sed
829 4297 1280 4364 quemadmodum
1303 4292 1418 4353 ιιοιῖ
1435 4312 1530 4355 eos
1556 4299 1750 4361 solum,
1783 4301 1874 4369 qui
1898 4300 2054 4356 Citri-

479 4397 564 4440 sto
593 4387 914 4451 otl‘erebant,
937 4399 1011 4453 et,
1047 4399 1105 4444 ut
1136 4391 1264 4446 dicit
1293 4393 1508 4447 divinus
1532 4393 1841 4460 Apostolus,
1874 4394 1924 4447 iu
1961 4394 2056 4447 be-

2161 1905 2472 1974 ἐφάψασθαι
2499 1904 2597 1974 τῆς
2625 1904 2791 1957 αὐτοῦ
2821 1902 3020 1973 ψυχῆς,
3057 1901 3384 1972 ἐπιτιμῆσαι
3404 1917 3465 1954 τε
3503 1904 3568 1972 τῇ
3602 1899 3743 1970 ζάλῃ

2159 1998 2256 2068 τῆς
2283 1997 2523 2067 ἀθυμίας
2556 1997 2648 2049 καὶ
2677 1997 2757 2059 είς
2783 1995 3025 2066 γαλήνην
3051 1993 3401 2064 μεταϐαλεῖν.
3431 1995 3602 2062 Ὀναρ
3632 1995 3743 2045 τοί-

2160 2105 2255 2141 νυν
2284 2090 2360 2149 είς
2390 2087 2488 2158 τὴν
2523 2087 2784 2138 ἐπιοῦσαν
2809 2088 2980 2139 νύκτα
3018 2086 3306 2154 ἐφίσταται
3357 2083 3435 2154 τῷ
3465 2082 3740 2153 ἀνθρώπῳ

2158 2181 2318 2252 ἀνὴρ,
2358 2178 2436 2250 τῷ
2463 2179 2557 2232 τοῦ
2582 2178 2923 2250 πατριάρχου
2954 2177 3145 2239 ἐοικὼς
3184 2177 3445 2247 σχήματι,
3481 2176 3545 2228 Τί
3571 2174 3738 2240 οὕτω,

2163 2273 2294 2343 πρὸς
2319 2271 2483 2326 αὐτὸν
2520 2271 2716 2340 λέγων,
2748 2273 2848 2342 τῆς
2879 2271 2973 2322 ἐπὶ
3028 2272 3143 2331 τοῖς
3183 2269 3592 2340 συμόεϐηκόσιν
3637 2270 3740 2339 ἧτ-

2158 2383 2320 2434 τησαι
2373 2365 2586 2434 λύπηςς
2641 2364 2762 2432 οὐχὶ
2803 2362 2867 2416 σύ
2924 2378 2988 2433 με
3020 2361 3257 2430 ἠξίωσας
3309 2361 3491 2430 δέησιν
3534 2360 3742 2430 ταύτην

2159 2457 2421 2528 δεηθῆναι
2452 2455 2585 2508 Θεοῦ
2631 2453 2874 2524 σωθῆναί
2915 2470 3010 2505 σου
3041 2456 3133 2506 τὸν
3179 2454 3323 2517 υίόν;
3353 2455 3448 2506 καὶ
3481 2453 3590 2507 ἰδοὺ
3640 2455 3741 2524 χᾶ-

2162 2567 2271 2621 ριτι
2299 2552 2362 2618 τῇ
2395 2548 2562 2601 αὐτοῦ
2592 2548 2859 2601 σέσωσται
2882 2546 2988 2598 τῶν
3013 2544 3106 2598 τοῦ
3136 2545 3251 2615 βίου
3279 2545 3466 2598 κακῶν
3485 2546 3596 2614 ἀπή
3609 2563 3744 2614 μαν-

2160 2660 2249 2706 τος
2286 2641 2527 2708 ἀφεθείς,
2584 2641 2646 2694 Εἰ
2684 2641 2795 2710 γὰρ
2829 2639 3177 2709 μακροτέρας
3206 2638 3362 2708 ἔτυχε
3418 2637 3518 2707 τῆς
3566 2638 3742 2708 ζωῆς⁹

2160 2737 2260 2790 οὐκ
2294 2735 2518 2803 ἀγαθὸς,
2580 2733 2715 2788 ἀλλὰ
2767 2732 3040 2802 μοχθηρὶς
3082 2731 3308 2800 ἔμελλεν
3361 2731 3739 2803 ἀποὸήσεσθαι

2160 2829 2255 2882 καὶ
2283 2826 2378 2880 τοῦ
2402 2827 2770 2895 πεποιηκότος
2804 2825 3023 2889 ἀνάξιος
3050 2838 3062 2853 ·
3101 2825 3262 2894 χάριν
3302 2827 3357 2878 δὲ
3404 2823 3498 2879 τοῦ
3550 2825 3737 2878 πλοίου

2164 2920 2330 2990 μηδὲν
2363 2920 2453 2972 ἔσο
2472 2918 2792 2982 ὲπιδοιάζων
2819 2934 2832 2948 ·
2865 2917 3019 2982 ὼςιεί
3059 2919 3133 2988 μὴ
3165 2918 3294 2981 Θεὸς
3319 2919 3422 2970 ὐπὸ
3457 2918 3554 2989 τῆς
3580 2918 3740 2990 ἡμῶν

2162 3009 2578 3080 παρκκέκληται
2633 3009 3007 3078 μετριότητος,
3065 3008 3363 3078 αὔτανδρον
3417 3008 3608 3079 ἔμελλε
3660 3010 3740 3080 τῷ

2161 3105 2352 3175 Κυρίῳ
2379 3104 2497 3173 Θεῷ
2527 3101 3127 3173 παραπεμφθήσεσθαι,
3163 3103 3254 3155 καὶ
3287 3102 3421 3173 πρὸς
3454 3103 3531 3172 τῷ
3556 3103 3740 3173 φόρτῳ

2160 3197 2256 3250 καὶ
2308 3196 2398 3248 τὸν
2444 3195 2670 3263 ἀδελφὺν
2732 3194 2827 3248 καὶ
2886 3195 3015 3256 τοὺς
3064 3195 3256 3258 ἄλλους
3310 3193 3599 3258 ἀπώλεσας
3650 3194 3736 3250 ἄν.

2159 3286 2371 3340 Οὐκουν
2399 3286 2628 3355 ἀθυμεῖν
2687 3285 2827 3347 δέον,
2874 3283 3011 3339 ἀλλὰ
3051 3284 3119 3336 δι’
3174 3285 3305 3336 αὐτὸ
3339 3283 3498 3336 τοῦτο
3537 3283 3740 3352 μᾶλλον

2160 3377 2498 3447 εὐχαρίστως
2537 3375 2605 3429 τὰ
2659 3375 3074 3447 προσπίπτοντα
3131 3377 3524 3445 ὑπομενητέον.
3571 3375 3737 3429 Οὐδὲν

2160 3471 2268 3542 γὰρ
2295 3472 2401 3524 τῶν
2439 3471 2740 3540 γινομένων
2788 3471 2940 3541 παρά
2969 3471 3103 3523 Θεοῦ
3157 3469 3402 3541 ἄκριτον,
3464 3469 3568 3522 κᾶν
3607 3472 3738 3538 ἡμῖν

2161 3564 2415 3632 ἄγνωστα
2463 3562 2532 3617 τὰ
2586 3563 2756 3616 πολλὰ
2807 3564 2918 3616 τῶν
2962 3564 3177 3618 ἐκείνου
3234 3565 3541 3635 κριμάτων.
3587 3565 3740 3617 Ἐπεὶ

2159 3656 2251 3709 οῦν
2281 3657 2376 3708 καὶ
2401 3657 2428 3708 ὁ
2456 3656 2623 3718 ῦπνος
2655 3657 2825 3726 ἀνῆκε
2863 3657 2956 3709 τὸν
2988 3657 3179 3727 ἄνδρα,
3213 3658 3410 3728 ᾔσθετο
3441 3638 3540 3728 τῆς
3572 3658 3736 3710 αὐτοῦ

2160 3749 2388 3820 καρδίας
2418 3749 2621 3812 ἱκανῶς
2649 3749 3170 3820 παρακεκλημένης,
3207 3752 3304 3803 καὶ
3326 3751 3610 3820 πορευθεὶς
3640 3752 3737 3803 αὐο

2160 3841 2286 3894 τίκα
2313 3843 2424 3904 τοῖς
2457 3841 2584 3894 ποσὶ
2607 3843 2943 3912 προσπίπτει
2977 3840 3072 3893 τοῦ
3117 3843 3411 3915 μακαρίου,
3444 3844 3642 3906 πολλάς
3677 3857 3740 3899 τι

2159 3934 2308 4005 αὐτῷ
2357 3934 2745 4006 καθομολογῶν
2790 3937 2890 3998 τὰς
2941 3935 3192 4005 χάριτας,
3243 3938 3337 3989 καὶ
3388 3939 3490 4006 τὴν
3519 3937 3640 4007 ὄψιν
3669 3936 3737 4008 ἣν

2160 4025 2374 4096 ἑώρακε
2429 4026 2529 4095 τῆς
2569 4025 2762 4088 νυκτὸς
2813 4025 3194 4095 διηγούμενος.
3266 4025 3323 4079 '0
3370 4025 3428 4079 δὲ
3461 4027 3560 4078 οὐκ
3588 4025 3735 4095 αὐτῷ

2163 4118 2383 4186 μᾶλλον,
2423 4117 2558 4170 ἀλλὰ
2578 4116 2655 4187 τῷ
2691 4117 2810 4188 Θεῷ
2844 4119 3020 4171 πάντα
3045 4117 3120 4179 ὡς
3153 4119 3246 4171 ἐπὶ
3280 4119 3556 4189 συμφέρον
3590 4121 3736 4172 οἰκο-

2159 4211 2410 4280 νομοῦντι
2444 4210 2755 4278 λογίζεσθαι
2779 4211 3014 4281 παρῄνει
3047 4211 3144 4282 τὴν
3175 4212 3334 4282 χάριν

2229 4301 2356 4358 NB’.
2399 4303 2540 4356 Ἀλλ’
2571 4305 2720 4365 ὅπως
2738 4305 2799 4356 οὐ
2829 4309 2954 4366 τοὺς
2985 4304 3475 4375 καρποφοροῦντας
3515 4305 3737 4376 Χριστῷ

2163 4396 2345 4466 μόνον,
2375 4395 2492 4460 καὶ,
2519 4395 2595 4458 ὥς
2628 4412 2794 4466 φησιν
2844 4399 2871 4448 ὀ
2917 4396 3055 4460 θεῖος
3093 4397 3440 4463 Ἀπόστολος,
3474 4399 3561 4450 ἐπ’
3589 4398 3742 4450 εὐλο-

479 4480 786 4535 netlictioue
839 4481 1216 4548 seminabant,
1285 4483 1376 4538 ille
1427 4484 1809 4538 benedictione
1862 4484 2052 4555 dignos

2160 4489 2284 4554 γίας
2337 4488 2696 4558 σπείροντας,
2758 4488 3010 4558 εὐλογίας
3084 4491 3291 4553 ἐκεῖνος
3343 4491 3435 4544 καὶ
3469 4492 3738 4561 ἀποδοχῆς

478 4573 634 4626 duxit
673 4583 726 4626 et
768 4573 1152 4642 accipiendos;
1189 4575 1282 4630 sed
1317 4589 1411 4631 eos
1441 4575 1638 4642 etiam,
1673 4577 1763 4645 qui
1795 4577 1846 4630 iu
1876 4577 2052 4647 ipsunt

477 4671 636 4714 erant
667 4664 814 4731 parci
845 4675 898 4718 et
928 4665 1239 4731 illiberales,
1272 4668 1522 4738 prudenti
1547 4667 1761 4722 ratione
1790 4670 2053 4724 studuerit

478 4751 732 4806 inducere
765 4755 830 4808 ad
861 4753 1286 4825 eleemosynam,
1317 4755 1598 4810 declarant
1635 4757 1853 4827 quidem
1890 4759 2054 4812 etiam

481 4844 645 4896 multa
683 4847 822 4905 alia;
871 4845 1168 4903 declarabit
1206 4859 1386 4903 autem
1430 4851 1631 4915 etiam,
1677 4851 1819 4919 quod
1852 4849 2055 4904 factum

478 4945 557 4990 est
601 4936 652 4990 in
687 4937 928 4992 Troilum
963 4941 1301 5010 episcopum.
1331 4941 1466 4996 Eum
1503 4943 1672 5008 enim,
1727 4957 1850 4997 cum
1907 4952 2055 4999 esset

475 5027 826 5081 avarissimus
872 5037 928 5083 et
971 5030 1362 5098 parcissimus,
1412 5033 1602 5087 statuit
1651 5033 1934 5088 traducere
1987 5034 2050 5088 ad

475 5133 714 5171 antorem
738 5119 1092 5191 eleetnosynte
1121 5123 1221 5177 hoc
1244 5124 1421 5178 modo.
1469 5122 1526 5177 In
1551 5125 2049 5194 ptocbotrOphium,

473 5210 617 5279 quod
649 5212 761 5281 ipse
790 5224 1193 5280 construxerat,
1227 5224 1286 5270 ut
1313 5215 1539 5281 solebat,
1569 5217 1789 5283 vadens,
1818 5220 2054 5273 assumit

473 5305 635 5359 etiam
686 5304 950 5362 Troilum.
1001 5307 1172 5379 Cujus
1225 5309 1478 5364 comitem
1529 5325 1650 5364 cum
1712 5313 2055 5380 cognovisset

474 5396 676 5452 habere
710 5397 763 5452 in
798 5400 920 5454 sinu
951 5401 1164 5471 triginta
1195 5400 1362 5455 libras
1402 5401 1549 5467 auri;
1589 5402 1746 5467 Sunt,
1785 5403 1981 5472 inquit,
2019 5418 2050 5457 a

477 5502 528 5545 te
574 5493 736 5549 hodie
786 5495 1048 5560 curandi,
1099 5496 1447 5551 sanctissime
1503 5496 1707 5563 Troile
1778 5499 1947 5552 nostri
1999 5499 2051 5551 in

472 5585 690 5640 Christo
739 5585 954 5644 fratres.
1003 5587 1097 5644 llle
1151 5601 1331 5646 autem
1379 5600 1634 5659 tanquam
1689 5606 1754 5644 eo
1800 5605 2052 5646 sermone

2157 4583 2339 4650 ἠξίου,
2376 4582 2512 4635 ἀλλὰ
2562 4582 2806 4647 καὶτοὺς
2853 4584 3208 4654 μικρολόγους
3249 4585 3357 4654 γὰρ
3410 4586 3547 4656 πρὸς
3578 4584 3739 4636 τοῦτο

2155 4673 2254 4726 καὶ
2283 4673 2574 4743 φειδωλοὺς
2605 4674 2849 4744 μεθόδοις
2877 4679 3126 4738 συνεταῖς
3148 4675 3411 4728 ἔσπευδεν
3435 4675 3737 4740 ἐπάγεσθαι

2154 4765 2290 4835 πρὸς
2354 4766 2752 4837 ἐλεημοσύνην,
2802 4767 3022 4834 δηλοῦσι
3057 4769 3157 4836 μὲν
3202 4768 3297 4820 καὶ
3347 4766 3512 4846 ἄλλα.
3540 4765 3734 4830 πολλὰ,

2155 4858 2306 4926 δηλοῖ
2330 4857 2386 4910 δὲ
2414 4858 2508 4911 καὶ
2529 4859 2588 4911 τὸ
2625 4860 2716 4911 ἐπὶ
2741 4858 2818 4929 τῷ
2846 4860 3072 4928 Τρωΐλῳ
3098 4858 3174 4929 τῷ
3197 4860 3480 4927 ἐπισκόπῳ
3502 4858 3734 4927 γενόμε-

2155 4966 2264 5003 νον.
2291 4948 2494 5003 Τοῦτον
2525 4951 2636 5023 γὰρ
2666 4952 3002 5022 φιλάργυρον
3051 4953 3180 5005 ὄντα
3221 4952 3316 5009 καὶ
3345 4951 3734 5021 φειδωλότατον

2155 5043 2236 5104 είς
2269 5041 2638 5113 ὲλεημοσύνης
2660 5042 2838 5113 ἔρωτα
2863 5043 3173 5112 μεταθεῖναι
3205 5043 3528 5113 διεσκέψατο
3550 5043 3732 5114 τρόπῳ

2155 5133 2364 5203 τοιῷδε·
2392 5135 2486 5197 Et;
2517 5134 2579 5186 τὸ
2610 5137 3045 5206 πτωχοτροφεῖον
3076 5136 3214 5205 ὅπερ
3239 5134 3399 5198 αὐτὸς
3434 5132 3502 5206 ἦν
3535 5135 3728 5190 οέκώιρ

2159 5227 2498 5297 μησάμενος,
2541 5226 2684 5280 κατά
2733 5227 2794 5279 τὸ
2828 5226 3061 5296 σύνηθες
3111 5227 3310 5292 ἀπιὼν,
3354 5229 3448 5281 καὶ
3492 5227 3729 5296 Τρώῖλον

2155 5318 2602 5389 παραλαμϐάνει,
2634 5312 2696 5377 οὗ
2719 5319 2808 5373 τὶν
2835 5320 3130 5374 ἀκόλουθον
3154 5320 3229 5384 ὡς
3259 5320 3420 5389 ἔγνω,
3441 5323 3735 5392 τριάκοντα

2154 5409 2250 5462 τοῦ
2280 5409 2505 5480 χρυσίου
2546 5410 2735 5480 λίτρας
2792 5412 3306 5480 ὲγκεκολπωμένον,
3360 5414 3736 5485 Θεραπευτέον

2158 5519 2217 5556 σε
2255 5505 2517 5573 σήμερον,
2550 5503 2776 5574 ἔφησεν,
2808 5503 3067 5576 ἱερώτατε
3099 5504 3330 5574 Τρώῖλε,
3356 5508 3480 5570 τοὺς
3512 5508 3568 5558 ὲν
3601 5508 3736 5574 Χρι-

2157 5592 2267 5662 στῴ
2309 5593 2469 5663 ἡμῶν
2504 5593 2788 5663 ἀδελφούς.
2841 5593 2897 5645 '0
2946 5595 3000 5647 δὲ
3031 5593 3220 5667 ὥσπερ
3275 5596 3364 5650 τὸν
3419 5596 3576 5665 λόγον
3616 5596 3732 5650 δια.

545 5741 657 5811 tiE‘.)
695 5744 760 5798 At
786 5745 1044 5802 Leontius
1075 5747 1212 5803 hanc
1244 5763 1456 5820 quoque
1487 5749 1563 5804 ait
1596 5748 1847 5818 periisse,
1883 5747 2042 5804 unica
2084 5748 2279 5817 scapha
2315 5749 2484 5802 salva.
