4138 6406
431 263 534 328 ρει

1394 263 1566 325 VITA
1610 263 1671 323 S.
1716 262 2041 329 IOANNIS
2080 263 2721 327 ELEEMOSYNARII.

3575 266 3679 332 9ίὲ

427 377 663 448 τραπεὶς
684 414 699 439 ,
735 373 831 428 καὶ
872 373 947 444 μὴ
980 374 1260 444 γλίσχρος,
1292 371 1405 424 ἀλλ’
1429 371 1830 445 ἀπλοῖκώτερος
1871 374 2008 440 μᾶλα

2126 373 2322 444 pudore
2364 381 2580 439 motus,
2622 383 2676 428 et
2716 373 2901 429 volens
2943 389 3047 428 non
3084 375 3381 432 existimari
3429 385 3584 433 tenax
3625 389 3682 433 et

427 468 521 526 λον
541 465 870 535 ὑπειλῆφθαι
894 463 1237 535 βουλόμενος,
1251 464 1537 532 ἐπιτρέπει
1553 463 1630 533 τῷ
1656 464 1725 517 τὰ
1745 464 2008 535 χρήματα

429 555 873 627 πεπιστευμένῳ,
911 555 1128 626 ἑκάστῳ
1154 554 1266 613 τῶν
1302 554 1482 608 ἐκεῖσε
1513 556 1897 627 πενήτωνρόωὰ
1921 556 2008 608 νό-

434 666 615 722 μισμα
642 649 966 719 παρασχεῖν.

504 741 632 794 Nl".
674 740 763 802 Ὧς
791 739 849 793 δὲ
897 740 1007 793 πᾶν
1041 738 1142 809 ἤδη
1174 738 1421 793 ἀνάλωτο
1463 737 1527 792 τὸ
1560 740 1802 810 χρυσίον,
1848 739 1944 793 καὶ
1972 742 2005 809 ἡ

431 833 761 895 ἐπείσακτος
787 832 972 902 εκείνη
1006 832 1101 885 καὶ
1159 830 1235 902 μὴ
1266 832 1407 885 κατὰ
1443 832 1503 885 τὸ
1534 832 1839 887 ἐνδιάθετον
1874 833 2010 903 πρὸς

432 921 808 993 ἐλεημοσύνην
839 921 1132 992 θερμότης,
1185 920 1499 991 ὑπόψυχρος
1542 922 1821 991 ἐγεγόνει·
1862 922 2007 994 λύπη

436 1014 630 1085 βαρεῖα
660 1013 751 1065 καὶ
772 1010 919 1081 δεινὴ
945 1010 1276 1081 μεταμέλεια
1314 1010 1406 1064 τδν
1425 1012 1681 1065 ἀκούσιον
1705 1011 2012 1082 ἐλάμϐανεν

434 1105 754 1176 εὐεργέτην.
809 1103 1002 1161 Οἴκαδε
1053 1102 1311 1169 ἐπανιὼν,
1363 1103 1532 1176 φρίκῃ
1577 1103 1877 1174 παραλόγῳ
1918 1105 2012 1158 καὶ

436 1193 660 1265 πυρετῷ
681 1190 1004 1259 συλληφθεὶς
1034 1190 1355 1262 κλινοπετὴς
1378 1188 1467 1263 ἦν.
1496 1193 1632 1265 Ἤδη
1659 1193 1715 1246 δὲ
1743 1195 1843 1263 τῆς
1871 1196 2013 1250 κατὰ

435 1285 496 1337 τὸ
519 1285 742 1353 ἄριστον
773 1281 924 1353 ὥρας
976 1282 1409 1354 καταλαϐούσης,
1462 1284 1648 1338 ἐκάλει
1676 1285 1863 1340 τοῦτον
1892 1304 2015 1339 συνε-

438 1374 896 1445 εστιαθησὸμενον
925 1373 1074 1445 αὐτῷ
1109 1373 1330 1443 πέμψας
1349 1376 1756 1447 ὁπατριάρχης.
1777 1378 1931 1431 Ἐπεὶ
1957 1379 2014 1433 δὲ

445 1466 765 1540 μεμάθηκεν
794 1466 940 1528 ὅπως
962 1464 1096 1536 ἔχοι,
1132 1466 1225 1518 καὶ
1254 1466 1352 1537 τὴν
1385 1466 1565 1520 αἰτίαν
1587 1469 1687 1521 οὐκ
1716 1468 1900 1536 ἠγνόει
1915 1470 2016 1537 τῆς

444 1559 623 1624 νόσου,
656 1558 753 1628 οὐχ
809 1557 1067 1627 ὑπέμεινε
1127 1558 1316 1613 τοῦτον
1378 1559 1477 1630 μὲν
1538 1561 1785 1631 παριδεῖν
1841 1561 2015 1625 οὕτως

446 1649 697 1703 ἀνιᾶσθαι
720 1648 810 1702 καὶ
845 1649 1096 1718 πάσχειν,
1124 1649 1285 1713 αὐτὸς
1317 1649 1376 1707 δὲ
1403 1652 1682 1704 κοινωνεῖν
1709 1651 2012 1721 τραπέζης.

460 1739 596 1796 Ἀλλ’
620 1740 780 1804 εὐθὺς
805 1740 1045 1803 ἀναστὰς
1078 1741 1152 1804 ὡς
1182 1741 1342 1796 αὑτὸν
1370 1743 1678 1811 ἀφικνεῖται
1714 1745 1808 1796 καί
1847 1760 2013 1813 φησιν

444 1830 770 1902 ὑπομειδιῶν
794 1848 809 1863 ο
838 1831 929 1902 Μὴ
976 1832 1087 1885 οῖον
1126 1850 1216 1903 με,
1246 1832 1645 1904 συλλειτουργὲ,
1696 1835 1833 1903 πρὸς
1882 1836 2016 1907 ἀλή-

443 1924 594 1977 θειαν
644 1923 921 1995 εἰρηκέναι
977 1940 1059 1977 σοι
1093 1923 1423 1978 καταϐαλεῖν
1468 1924 1682 1979 οἴκοθεν
1711 1928 1823 1988 τοῖς
1873 1929 2017 1982 κατὰ

439 2012 574 2065 Θεὸν
597 2013 844 2080 ἀδελφοῖς
867 2029 879 2043 ·
919 2012 1053 2067 ἀλλὰ
1082 2012 1159 2084 τῷ
1217 2016 1291 2084 μὴ
1346 2013 1439 2068 ἐπὶ
1495 2016 1682 2086 χεῖρας
1714 2015 1860 2086 ἔχειν
1891 2017 2015 2071 τότε

441 2104 664 2178 χρυσίον
698 2104 791 2158 τὸν
817 2105 1109 2160 ἀκόλουθον
1159 2105 1249 2159 τὸν
1300 2105 1436 2177 ἐμὸν
1480 2108 1559 2171 είς
1603 2107 1814 2161 δάνειον
1866 2108 2018 2179 παρὰ

442 2194 535 2255 σοῦ
557 2192 748 2248 ἔλαϐον
773 2210 786 2225 ’
819 2193 916 2248 νῦν
971 2195 1028 2248 δὲ
1063 2195 1318 2265 πάρειμι,
1373 2197 1530 2266 φησὶ,
1565 2196 1666 2261 τὰς
1722 2198 2019 2266 τριάκοντα

440 2286 630 2358 λίτρας
662 2288 1078 2359 ἐπιφερόμενος,
1120 2288 1299 2362 ἇσπερ
1329 2290 1392 2361 δὴ
1422 2291 1516 2344 καὶ
1539 2291 1683 2356 σώας
1713 2292 2018 2362 ἀποδίδωμί

442 2395 538 2431 σου
569 2381 635 2450 τῇ
655 2382 850 2450 ἀρετῇ.
887 2378 978 2443 Ὧς
1014 2376 1108 2434 οὖν
1137 2379 1244 2434 εἶδε
1279 2383 1438 2451 μόνον
1470 2383 1531 2435 τὸ
1559 2383 1783 2453 χρυσίον
1813 2387 1872 2437 ὲν
1898 2386 2021 2448 ταῖς

443 2474 536 2526 τοῦ
602 2477 941 2545 πατριάρχου
998 2475 1178 2549 χερσὶ,
1240 2477 1504 2548 κρείττων
1557 2479 1658 2549 μὲν
1698 2478 1884 2549 ῥίγους
1925 2476 2018 2545 ἦν,

444 2566 710 2635 κρείττων
731 2565 787 2618 δὲ
811 2565 918 2618 τῶν
946 2566 1009 2618 ἐκ
1037 2564 1131 2619 τοῦ
1158 2564 1395 2637 πυρετοῦ
1415 2567 1625 2635 κακῶν,
1647 2569 1683 2637 ἥ
1709 2585 1768 2621 τε
1793 2568 2023 2640 δύναμις

445 2657 736 2726 ἐπανήκει,
766 2655 863 2710 καὶ
912 2658 1011 2728 τὴν
1053 2657 1175 2727 bal/tv
1222 2658 1395 2729 ἐφάνη
1445 2658 1586 2728 ἔχων
1622 2660 1894 2715 ἀνθοῦσαν
1927 2661 2022 2716 καὶ

448 2748 714 2819 θςιιλερέιν⁹
746 2748 823 2813 ὥς
879 2749 1130 2805 ἐντεῦθεν
1181 2750 1341 2822 δῆλον
1389 2751 1643 2819 γενέσθαι
1695 2751 1937 2822 δηλονότι
1990 2752 2021 2805 ὃ

449 2841 665 2904 πάντως
684 2841 946 2896 ἀποδοθὲν
968 2842 1067 2907 τὴν
1115 2843 1272 2897 νόσον
1293 2844 1441 2911 ἔλυε,
1468 2843 1628 2898 τοῦτο
1654 2842 1720 2916 δὴ
1752 2844 1844 2898 καὶ
1873 2840 2021 2917 πρῶτ-

445 2948 537 2986 τον
564 2932 879 3004 ἀφαιρεθὲν,
919 2932 993 3004 μὴ
1023 2930 1187 2988 οὖσαν
1211 2934 1420 2990 ἐκάλει.

2042 1708 2091 1768 Β

2110 465 2380 529 sordidus,
2430 465 2524 519 sed
2572 465 2751 530 potius
2792 466 3016 536 simplex
3056 477 3112 523 et
3151 468 3419 534 liberalis,
3441 467 3597 538 jubet
3630 470 3680 525 ei

2109 556 2197 611 cui
2223 556 2444 611 creditae
2474 555 2691 611 fuerant
2719 560 2985 628 pecuniae,
3022 560 3312 631 unicuique
3340 577 3554 631 eorum,
3589 563 3680 634 qui

2112 647 2221 703 illic
2253 656 2429 712 erant,
2452 662 2773 718 pauperum,
2809 651 3051 718 prtrbere
3076 668 3239 706 unum
3270 667 3571 707 nummum.

2191 737 2326 793 LIII.
2367 736 2503 793 Cum
2547 752 2679 793 vero
2719 748 2889 794 totum
2939 756 3129 797 aurum
3158 741 3269 810 jam
3315 743 3507 800 fuisset
3552 758 3675 799 cono

2110 836 2405 900 sumptum,
2457 839 2510 884 ct
2557 831 2884 885 adventitius
2920 831 3009 887 ille
3049 843 3102 887 et
3146 850 3250 889 non
3288 850 3354 891 ex
3400 834 3683 892 aﬂ’ectioue

2112 922 2278 974 ardor
2318 921 2384 975 ad
2419 922 2817 993 eleemosynam
2861 920 3052 978 fuisset
3095 925 3469 996 refrigeratus,
3502 927 3685 998 gravis

2113 1012 2267 1066 dolor
2303 1020 2358 1067 et
2410 1028 2599 1083 magna
2649 1013 2966 1083 pmnitentia
3007 1015 3227 1070 incessit
3261 1017 3681 1073 involuntarium

2113 1103 2535 1159 benefactorem.
2586 1102 2814 1159 Domum
2864 1104 3048 1176 itaque
3093 1120 3364 1172 reversus,
3407 1108 3687 1176 inopinato

2115 1194 2343 1250 horrore
2386 1204 2442 1249 et
2471 1194 2620 1250 febre
2668 1205 2972 1265 correptus,
3023 1197 3381 1254 decumbebat
3422 1198 3477 1253 in
3525 1199 3686 1264 lecto,

2112 1284 2247 1338 Cum
2276 1292 2423 1341 esset
2451 1294 2631 1340 autem
2667 1285 2780 1358 jam
2813 1286 2943 1344 hora
2976 1287 3210 1358 prandii,
3243 1304 3363 1343 eum
3397 1272 3464 1345 ad
3501 1290 3690 1344 convi-

2115 1374 2259 1428 vium
2293 1375 2482 1429 invitat
2515 1377 2845 1445 patriarcha.
2880 1377 2981 1445 Qui
3013 1392 3136 1432 cum
3165 1378 3469 1449 accepisset
3501 1395 3691 1449 quem.

2117 1465 2404 1520 admodum
2437 1480 2496 1522 se
2525 1467 2785 1535 haberet,
2829 1477 2886 1523 et
2917 1484 3135 1524 causam
3172 1471 3347 1526 morbi
3387 1485 3494 1525 non
3525 1473 3686 1542 igno-

2119 1563 2288 1619 raret,
2340 1571 2447 1611 non
2502 1558 2759 1613 Sustinuit
2814 1572 2940 1614 eum
2997 1561 3212 1629 quidem
3271 1562 3558 1632 despicere
3609 1563 3692 1616 sic

2118 1645 2305 1701 vexari
2354 1655 2410 1700 et
2456 1648 2586 1716 pati,
2647 1662 2706 1703 se
2759 1658 2936 1705 autem
2984 1650 3125 1707 inire
3173 1653 3481 1707 convivium
3533 1670 3548 1708 :
3597 1652 3691 1707 sed

2120 1736 2302 1791 statim
2337 1752 2588 1807 surgens,
2612 1739 2679 1795 ad
2713 1740 2887 1810 ipsum
2924 1745 3089 1810 venit,
3116 1752 3170 1797 et
3195 1744 3328 1799 dicit
3356 1744 3639 1799 subridens
3672 1762 3688 1799 :

2117 1825 2198 1880 Ne
2231 1836 2408 1896 putes,
2455 1843 2489 1883 ο
2519 1830 2910 1896 comminister,
2948 1848 3034 1888 me
3074 1832 3172 1899 tibi
3202 1850 3329 1891 vere
3378 1835 3601 1902 dixisse,
3635 1844 3696 1890 ut

2118 1935 2150 1974 e
2183 1919 2348 1974 domo
2393 1929 2480 1974 tua
2529 1922 2807 1993 largireris
2840 1923 3100 1980 fratribus
3144 1927 3442 1983 secundum
3478 1926 3644 1983 Deum
3675 1942 3691 1990 ι

2121 2012 2214 2066 sed
2238 2012 2495 2082 quoniam
2541 2020 2671 2068 tunc
2709 2028 2899 2070 aurum
2945 2031 3054 2071 non
3088 2017 3321 2074 habebat
3367 2020 3434 2073 ad
3476 2034 3694 2073 manum

2120 2117 2303 2159 eomes
2337 2119 2489 2160 meus
2509 2144 2525 2171 ,
2554 2107 2737 2176 accepi
2765 2121 2794 2161 a
2823 2115 2877 2162 te
2902 2118 3108 2163 mutuo.
3146 2108 3297 2166 Nunc
3324 2126 3453 2167 vero
3480 2113 3694 2181 adsum,

2123 2195 2366 2265 triginta,
2404 2197 2594 2267 inquit,
2646 2198 2814 2254 libras
2850 2200 2916 2254 ad
2961 2209 3012 2255 te
3045 2199 3306 2267 air-rens,
3350 2217 3488 2272 quas
3529 2201 3696 2258 etiam

2123 2287 2299 2342 salvas
2328 2288 2495 2343 reddo
2519 2299 2625 2344 tuas
2650 2290 2859 2345 virtuti.
2886 2290 3178 2362 Postquam
3202 2307 3333 2365 ergo
3361 2292 3537 2349 solum
3564 2293 3701 2348 vidit

2123 2395 2316 2435 aurum
2350 2381 2404 2439 in
2430 2382 2680 2437 manibus
2700 2384 3041 2452 patriarchae,
3073 2387 3350 2441 horrorem
3376 2387 3530 2451 vicit,
3558 2385 3699 2445 male

2125 2471 2291 2528 febris
2331 2474 2604 2540 discessit,
2644 2476 2788 2531 vires
2818 2476 2867 2533 ei
2894 2477 3191 2545 redierunt,
3228 2486 3282 2532 et
3321 2477 3469 2534 visus
3495 2485 3575 2533 est
3601 2479 3700 2541 ha-

2124 2563 2259 2621 bens
2305 2564 2509 2620 vultum
2558 2566 2795 2621 alacrem
2844 2576 2894 2623 el
2939 2569 3177 2623 vividum
3222 2587 3238 2628 :
3281 2575 3340 2624 ut
3388 2570 3517 2626 hinc
3545 2570 3703 2634 ﬂeret

2124 2653 2499 2720 manifestum,
2519 2656 2662 2725 quod
2681 2655 2902 2711 omnino
2920 2657 3186 2712 redditum
3242 2658 3486 2714 morbum
3516 2660 3699 2728 solvit,

2128 2745 2231 2800 hoc
2271 2745 2435 2800 etiam
2468 2746 2702 2815 primum
2734 2748 2994 2815 ablatum,
3024 2763 3148 2807 eum
3185 2750 3553 2822 vocavitcum
3588 2766 3697 2812 nou

2123 2847 2290 2895 esset.

516 3022 639 3079 NA’.
675 3026 809 3088 Δοὺς
830 3021 923 3079 οὖν
950 3027 1012 3079 τὸ
1039 3025 1262 3096 χρυσίον
1304 3029 1384 3090 εἱς
1435 3028 1536 3090 τὰς
1573 3027 1785 3083 ἐκείνου
1833 3029 2021 3098 χεῖρας

2196 3021 2331 3077 ων.
2372 3021 2504 3076 Cum
2548 3036 2736 3076 aurum
2771 3036 2901 3093 ergo
2944 3023 2997 3077 in
3040 3022 3182 3079 illius
3220 3040 3412 3081 manus
3463 3026 3702 3085 dedisset

446 3114 476 3168 ὁ
503 3117 846 3188 πατριάρχης
870 3117 1134 3187 ἐκστῆναι
1165 3118 1315 3187 αὐτῷ
1340 3117 1435 3171 τοῦ
1464 3118 1657 3188 μισθοῦ
1696 3119 2024 3190 γράμμασιν

448 3205 671 3280 ἀπῄτει.
723 3209 780 3261 Ὀ
799 3208 855 3263 δὲ
893 3210 1145 3276 ἁσμένως
1174 3211 1273 3281 τὴν
1298 3211 1516 3280 γραφὴν
1548 3211 1863 3282 αὐτοχειρία
1893 3210 2022 3277 ξέει,

450 3296 679 3369 ἔχουσαν
703 3299 981 3364 ἁπλοϊκῶς
1002 3316 1017 3332 ο
1069 3300 1126 3352 Ὀ
1154 3300 1287 3364 Θεὸς
1312 3302 1407 3355 τοῦ
1438 3301 1623 3365 ἐλέους
1654 3304 1750 3357 καὶ
1780 3307 1879 3373 τῆς
1903 3302 2026 3371 φιλ-

449 3390 783 3459 ανθρωπίας,
842 3392 1005 3457 αὐτὸς
1067 3393 1163 3446 τὸν
1215 3392 1408 3463 μισθὸν
1437 3394 1637 3459 ἀπόδος
1688 3395 1911 3466 Ἰωάννῃ
1946 3395 2025 3464 τῷ

451 3480 570 3551 ὲμῷ
617 3482 850 3554 δεσπότῃ
900 3484 995 3536 καὶ
1035 3483 1348 3555 πατριάρχῃ
1392 3487 1491 3554 τῆς
1530 3483 1882 3556 Ἀλεξάνδρου
1916 3472 2053 3538 τῶν

449 3576 743 3645 τριάκοντα
772 3574 866 3628 τοῦ
897 3576 1122 3646 χρυσίου
1183 3576 1385 3647 λιτρῶν
1414 3578 1522 3633 τῶν
1574 3576 1704 3646 παρ’
1732 3575 1868 3647 ἐμοῦ
1912 3578 2026 3639 τοῖς

452 3666 649 3736 πένησι
675 3666 1132 3737 διανεμηθέντων.
1177 3666 1319 3735 Ἐγὼ
1346 3670 1457 3738 γὰρ
1487 3667 1760 3721 ἀπέλαϐον
1794 3667 1862 3719 τὰ
1891 3666 2022 3735 ἐμά.

481 3761 524 3813 Ο
557 3755 652 3814 οὖν
697 3759 1040 3830 πατριάρχης
1098 3758 1282 3814 λαϐὼν
1313 3760 1375 3813 τὸ
1406 3761 1773 3829 χειρόγραφον
1803 3775 2023 3829 συμπα-

456 3850 793 3923 ραλαμϐάνει
814 3852 1065 3905 κάκεῖνον
1093 3851 1191 3921 τῆς
1216 3851 1500 3921 τραπέζης
1524 3850 1674 3921 αὐτῷ
1707 3848 2021 3920 μεθέξοντα.

458 3943 557 3999 ‘Ov
594 3943 731 4014 μετὰ
758 3942 819 3996 τὸ
847 3946 1041 4013 φαγεῖν
1071 3943 1343 4002 ὑπνοῦντα
1373 3941 1696 4013 βουλόμενος
1719 3945 1747 3996 ὁ
1770 3942 1904 4004 Θεὸς
1930 3941 2024 3999 τοῦ

454 4035 655 4090 πολλοῦ
686 4035 854 4093 ὖπνου
885 4036 987 4103 τῆς
1012 4036 1452 4108 φιλοχρηματίας
1498 4036 1878 4106 διαναστῆσαι,
1919 4052 2026 4105 μα-

454 4128 567 4181 θεῖν
584 4145 643 4180 τε
675 4128 1102 4198 παρασκευάσαι
1127 4128 1244 4190 οῐας
1272 4127 1565 4198 ἐστέρηται
1598 4126 2027 4197 μισθαποδοσξας

457 4219 552 4271 καὶ
607 4217 945 4287 μεταμαθεῖν
982 4218 1051 4270 τὸ
1079 4217 1485 4289 φιλάνθρωπον,
1536 4216 1798 4272 ἔκστασιν
1836 4215 1983 4273 ὥσπε
1996 4235 2027 4287 ρ

456 4309 603 4377 αὐτᾶν
638 4308 918 4378 ἐμϐάλλει,
972 4308 1065 4360 καὶ
1110 4308 1243 4379 όρᾷν
1299 4307 1477 4361 ἐδόκει
1519 4303 1667 4361 οἷκον
1721 4306 2026 4377 περικαλλῆ

2131 3113 2464 3183 patriarcha,
2492 3114 2798 3183 postulabat
2829 3124 2885 3168 ut
2919 3114 3113 3170 litteris
3154 3117 3200 3170 ei
3264 3119 3513 3173 mercede
3541 3121 3701 3174 celle-

2131 3212 2232 3260 ret.
2265 3204 2357 3258 Ille
2386 3216 2566 3260 autem
2606 3204 2856 3262 lubenter
2890 3222 2989 3262 sua
3028 3224 3187 3263 manu
3235 3210 3529 3264 conscribit
3569 3226 3701 3282 syn-r

2130 3296 2412 3364 grapham,
2441 3310 2560 3365 quae
2595 3295 2672 3351 sic
2707 3295 2941 3352 habebat
2986 3315 3001 3353 :
3047 3297 3185 3354 Deus
3225 3299 3614 3357 misericordiae
3650 3312 3706 3357 et

2131 3386 2453 3451 clementiae,
2488 3387 2658 3454 ipsam
2691 3389 2993 3443 mercedem
3026 3390 3186 3445 redde
3209 3389 3432 3455 Joanni,
3468 3406 3587 3446 meo
3611 3388 3707 3446 dO-r

2134 3479 2282 3533 mino
2303 3489 2355 3533 et
2386 3478 2708 3553 patriarcha:
2745 3481 3106 3546 Alexandriae,
3147 3482 3364 3551 triginta
3392 3483 3509 3537 auri
3541 3483 3706 3539 libra-

2133 3586 2277 3635 rum,
2308 3587 2428 3645 qua:
2456 3588 2485 3626 a
2517 3588 2601 3627 me
2627 3571 2846 3627 fuerunt
2878 3574 3182 3629 distributa:
3206 3575 3564 3644 pauperibus.
3594 3577 3706 3646 Ego

2132 3661 2278 3715 enim
2323 3676 2440 3715 mea
2482 3665 2686 3732 accepi.
2732 3662 3047 3719 Patriam-Ita
3094 3679 3224 3735 ergo
3266 3674 3487 3734 accepto
3519 3666 3705 3720 chiro-

2132 3753 2358 3821 grapho,
2392 3751 2542 3807 illum
2568 3768 2781 3822 quoque
2811 3752 2971 3808 simul
3003 3756 3204 3825 accipit.
3232 3771 3431 3810 mensas
3463 3755 3703 3820 futurum

2136 3845 2473 3913 participem.
2524 3845 2715 3912 Quem,
2764 3861 2885 3901 cum
2924 3847 3278 3911 comedisset,
3339 3847 3705 3911 dormientem

2138 3938 2323 3991 volens
2367 3935 2508 3992 Deus
2547 3937 2787 3992 excitare
2830 3952 2859 3991 a
2909 3939 3061 4007 gravi
3109 3953 3300 3993 somno
3348 3938 3610 4005 avaritia,
3651 3948 3708 3994 et

2133 4016 2346 4083 etlicere
2372 4038 2429 4081 ut
2461 4028 2627 4083 sciret
2666 4039 2865 4098 quanta
2906 4028 3071 4085 fuerit
3107 4030 3352 4098 privatus
3392 4045 3709 4084 remunera-

2136 4119 2306 4184 tione,
2346 4129 2400 4172 et
2446 4119 2681 4175 disceret
2734 4120 3146 4191 benignitatem,
3196 4122 3244 4178 ei
3284 4123 3528 4178 immittit
3573 4138 3709 4195 quoe.

2133 4210 2419 4267 dammodo
2449 4212 2727 4275 ecstasim,
2754 4218 2808 4267 et
2831 4212 3117 4267 videbatur
3139 4212 3241 4268 sibi
3275 4213 3458 4269 videre
3486 4213 3705 4269 domum

2135 4300 2424 4369 quamdam
2461 4300 2880 4370 pulcherrimam
2911 4311 2967 4357 et
2994 4302 3510 4373 splendidissimum,
3538 4310 3594 4358 et
3622 4304 3708 4364 cui

455 4416 579 4455 τινα
603 4401 695 4453 καὶ
721 4400 1149 4471 ὑπέρλαμπρον,
1187 4398 1309 4470 ὥρᾳ
1354 4414 1415 4451 τε
1461 4399 1555 4452 καὶ
1591 4398 1812 4468 μεγέθει
1838 4398 2023 4470 μηδενὶ

2140 4391 2409 4461 elegantia
2461 4401 2515 4448 et
2561 4393 2932 4463 magnitudine
2984 4394 3127 4448 nulla
3185 4402 3397 4463 poterat
3448 4392 3707 4447 conferri.

416 4550 419 4555 ,
457 4494 553 4546 τοῦ
583 4494 698 4548 ῖσου
726 4493 1077 4563 παραχωρεῖν
1096 4488 1472 4560 νομιζόμενον,
1502 4489 1615 4544 ἄνω
1639 4489 1696 4542 δὲ
1724 4488 1819 4542 τοῦ
1853 4488 2032 4542 πυλῶο

458 4604 547 4650 νος
569 4586 746 4639 τίτλον
773 4583 1175 4656 ἐπιγεγράφθαι
1227 4585 1451 4653 χρυσοῖς
1482 4582 1805 4653 γράμμασι,
1858 4579 2032 4649 Mori;

459 4681 556 4735 καί
585 4679 930 4744 ἀνάπαυσις
960 4677 1169 4731 albaria
1210 4675 1476 4743 Τρωΐλον
1527 4674 1633 4727 τοῦ
1672 4674 2032 4729 ἐπισκόπου.

472 4771 559 4835 Ὠς
585 4766 677 4825 οὖν
697 4770 844 4843 ἧσθη
863 4770 1037 4827 ταῦτα
1072 4769 1364 4835 ἀναγνοὺς,
1387 4766 1632 4837 οἰόμενος
1660 4767 1725 4820 ὲκ
1754 4765 1849 4819 τοῦ
1881 4766 2036 4836 βασι-

461 4861 599 4924 λέως
630 4861 878 4918 δεδόσθαι
931 4859 1081 4931 αὐτῷ
1127 4860 1221 4915 τὸν
1272 4852 1443 4923 οἷκον,
1485 4855 1898 4926 καταλαμϐάνει
1951 4873 2036 4921 τις

462 4954 601 5025 ἀνὴρ
630 4951 921 5024 ἐπιφανὴς,
945 4952 1043 5005 καὶ
1071 4945 1153 5014 εἷς
1196 4945 1338 5005 εἶναι
1379 4949 1478 5020 τῆς
1508 4947 1816 5018 συγκλήτου
1846 4949 2036 5016 φαινόο

464 5063 625 5121 μενος
675 5044 1113 5114 κουϐικουλαρίῳ
1158 5043 1219 5097 τὺ
1269 5043 1456 5112 σχῆμα
1498 5039 1712 5107 ἐοικὼς,
1743 5038 1839 5092 καί
1885 5056 2039 5102 τινας

460 5139 650 5202 ἄλλους
670 5138 811 5209 ἔχων
840 5136 1006 5190 αὐτοῦ
1026 5134 1554 5206 προπορευομένους,
1586 5132 1646 5195 ὃς
1687 5131 1812 5189 δπεὶ
1843 5133 2038 5203 ῆγγισε

463 5229 542 5299 τῷ
570 5229 777 5284 πυλῶνι
811 5226 1021 5283 ἀπιδὼν
1061 5227 1203 5300 πρὸς
1231 5226 1356 5289 τοὺς
1382 5226 1735 5297 δορυφόρους,
1767 5241 2037 5293 κατενεγ-

470 5322 590 5375 κεῖν
637 5320 901 5376 ιπέταττε
945 5319 1039 5374 τὸν
1075 5317 1254 5372 τίτλον
1297 5316 1373 5379 ὡς
1414 5316 1600 5387 τάχος,
1643 5319 1938 5371 ἀντιθεῖναι
1977 5316 2036 5368 δὲ

467 5406 680 5479 ἓτερον,
702 5407 761 5462 δν
794 5411 825 5461 ὁ
857 5407 1144 5478 δεσπότης,
1184 5405 1339 5476 φησὶ,
1369 5404 1467 5474 τῆς
1497 5406 1822 5473 οἰκουμένης
1845 5403 2035 5457 κελεύ-

470 5515 638 5556 σειεν.
696 5499 933 5555 Ἐτίθετο
987 5498 1165 5554 τοίνυν
1205 5498 1367 5559 εὐθὺς
1424 5496 1611 5567 ἕτερος
1644 5497 1864 5569 γραφὴν
1898 5496 2036 5566 ἔχων

550 5673 665 5747 (ηδ)
703 5672 1010 5732 Gentianus
1039 5674 1179 5746 fore:
1209 5676 1391 5735 venit,

2138 4483 2310 4552 Supra
2345 4483 2670 4538 vestibulum
2699 4492 2880 4538 autent
2921 4485 3215 4552 inscriptus
3247 4495 3362 4538 erat
3396 4484 3580 4537 titulus
3608 4499 3708 4536 au-

2137 4577 2248 4631 reis
2284 4577 2481 4631 litteris
2520 4593 2535 4632 :
2566 4574 2777 4631 Mansio
2820 4586 2868 4631 et
2914 4578 3116 4646 requies
3153 4587 3352 4631 (eterna
3393 4573 3558 4630 Troili
3600 4577 3710 4643 epi-

2140 4669 2303 4738 scopi.
2337 4668 2631 4738 Postquam
2663 4682 2794 4723 vero
2832 4668 2917 4723 his
2950 4669 3103 4723 lectis
3132 4676 3216 4723 est
3251 4669 3485 4733 laetatus,
3523 4668 3711 4723 existi-

2144 4776 2298 4816 mans
2331 4760 2546 4815 domum
2570 4760 2672 4816 sibi
2716 4762 2892 4815 datam
2928 4760 3093 4816 fuisse
3129 4762 3197 4814 ab
3237 4760 3585 4830 imperatore,
3618 4776 3713 4815 ac—

2140 4850 2287 4907 cedit
2336 4851 2422 4905 vir
2460 4852 2676 4920 quidam
2721 4850 2972 4922 insignis,
3016 4861 3070 4904 et
3105 4851 3196 4925 qui
3253 4851 3537 4906 videbatur
3590 4866 3712 4907 esse

2141 4957 2282 4997 unus
2302 4957 2368 4998 ex
2402 4953 2618 5007 senatu,
2650 4943 2835 4998 habitu
2869 4941 3069 4998 similis
3110 4941 3471 5008 cubiculario,
3502 4943 3712 4998 habens

2141 5039 2403 5106 quosdam
2440 5037 2578 5093 alios
2625 5048 2750 5092 ante
2791 5052 2851 5093 se
2896 5035 3255 5094 ambulantes.
3284 5034 3386 5102 Qui
3424 5046 3711 5104 poetquam

2143 5130 2592 5199 appropinquavit
2606 5129 2893 5194 vestibulo,
2929 5128 3200 5199 aspiciens
3217 5129 3282 5183 ad
3300 5129 3558 5184 satellites
3576 5126 3715 5195 (16),

2138 5219 2295 5289 jubet
2326 5222 2726 5292 quamprimum
2774 5222 2933 5293 dejici
2978 5221 3191 5277 titulum
3228 5238 3241 5275 :
3281 5235 3377 5290 pro
3409 5220 3497 5275 illo
3530 5226 3713 5276 autem

2143 5312 2268 5382 poni
2317 5312 2510 5379 alium,
2564 5327 2748 5385 quem,
2799 5313 3008 5383 inquit,
3056 5313 3210 5385 jubet
3260 5311 3520 5368 Dominus
3561 5309 3715 5370 orbis

2096 5442 2101 5447 ι
2147 5412 2321 5459 teme.
2351 5404 2545 5460 Statim
2593 5418 2772 5461 autem
2821 5404 2923 5461 fuit
2952 5407 3177 5476 positus,
3207 5405 3349 5461 hanc
3392 5405 3601 5461 habens
3638 5402 3720 5458 iu-

2127 5495 2496 5573 ‘scriptionem
2549 5514 2562 5549 :

2620 5495 2827 5556 Mamio
2875 5506 2923 5551 et
2979 5497 3182 5571 requies
3233 5504 3433 5558 (eterna
3487 5492 3715 5559 Joannis
