4138 6416
410 261 518 323 943

1640 248 1919 310 MENSIS
1957 247 2411 311 JANUARIUS.

3560 248 3665 310 91$

410 372 786 438 archiepisco,‘i
815 366 1182 429 Alexandrini,
1213 374 1383 431 emptu
1412 365 1630 433 triginta
1663 362 1812 416 libris
1836 362 1979 415 auri.

2112 360 2328 413 εοιάνδε·
2388 356 2559 424 Mori;
2609 355 2704 409 καὶ
2740 357 3084 424 ἀνάπαυσις
3135 359 3347 413 αἰωνία
3382 359 3665 415 Ἰωάννου

412 464 456 519 Ε
495 459 707 517 somnio
744 461 923 529 itaque
972 468 1220 525 surgens,
1254 452 1690 522 obstupefactus,
1740 451 1991 521 exposuit

2112 450 2570 518 ίρχιεπισλιόπου
2601 448 3086 517 Ἀλεξανδρείας,
3110 450 3429 516 τριάκοντα
3448 449 3671 518 λιτρῶν

413 551 735 622 patriarchae
767 548 1049 613 visionem,
1085 555 1139 602 et
1171 547 1284 615 ipse
1321 559 1482 617 suum
1519 543 1709 597 vilium
1745 542 1989 597 animad-

414 646 598 711 vertit,
649 654 703 698 et
751 656 932 700 mores
971 640 1221 706 mutavit,
1266 648 1320 693 et
1359 638 1541 692 facere
1589 635 1988 705 cleemOSynam

413 738 667 791 ardenter
708 743 789 790 est
818 747 1131 805 aggressus,
1168 741 1222 786 et
1255 745 1353 801 pro
1382 744 1471 794 eo,
1515 726 1662 799 quod
1700 735 1819 780 erat
1843 726 1992 795 prius

414 841 609 896 parcus
640 835 695 880 et
719 836 901 891 tenax,
941 824 1008 879 ad
1050 824 1291 878 dandum
1323 835 1541 876 manum
1588 818 1773 874 habuit
1809 833 1993 887 prom-

406 918 741 986 .ptis'simam.

483 1101 595 1159 LV.
637 1100 742 1157 Sed
769 1102 928 1167 Deus,
959 1097 1050 1167 qui
1079 1094 1328 1167 permisit
1357 1093 1476 1149 Jobi
1503 1092 1758 1160 dissipari
1785 1102 1840 1146 et
1868 1090 1990 1145 exi-

418 1197 593 1253 naniri
618 1190 837 1250 divitias
860 1191 927 1245 ad
951 1190 1069 1261 ejus
1094 1189 1311 1243 virtutis
1334 1187 1640 1241 faciendum
1668 1183 1986 1254 periculum,

416 1286 684 1356 permittit
711 1284 876 1339 etiam
914 1280 1114 1335 similia
1145 1278 1397 1334 accidere
1421 1277 1547 1331 huic
1581 1277 1737 1331 beato
1765 1276 1998 1345 patriar‘

417 1379 554 1433 chze.
584 1373 749 1428 Erant
772 1372 914 1427 enim
937 1367 1200 1424 tredecim
1234 1380 1401 1420 naves
1422 1363 1540 1435 ejus
1565 1363 1845 1432 Ecclesiae,
1874 1378 1998 1432 quae

419 1467 639 1538 quidem
685 1470 924 1518 onerata:
953 1474 1078 1514 cum
1104 1464 1289 1513 essent
1323 1456 1376 1510 in
1410 1454 1544 1509 mari
1583 1454 1881 1520 Adriatico,
1915 1456 1998 1509 in-

420 1559 608 1614 cidunt
639 1568 827 1609 omnes
870 1549 1033 1606 simul
1075 1548 1133 1603 in
1177 1546 1540 1615 naufragium,
1586 1547 1838 1616 peritque
1871 1547 1998 1602 uni-

421 1663 634 1705 versum
673 1660 830 1710 onus,
866 1642 1012 1714 quod
1046 1648 1165 1697 erat
1212 1651 1292 1695 ter
1327 1638 1473 1694 mille
1520 1646 1577 1692 et
1628 1647 1996 1694 trecentarum

420 1742 676 1795 librarum
728 1735 870 1791 auri.
924 1734 965 1788 li
1005 1747 1135 1805 ergo
1181 1730 1382 1801 quibus
1432 1728 1648 1784 fuerant
1698 1730 2000 1785 commissa:

421 1844 607 1891 naves,
635 1826 965 1881 adducentes
1005 1823 1105 1877 has
1139 1823 1349 1888 inanes,
1386 1819 1663 1890 appellunt
1698 1819 1750 1873 in
1782 1828 1998 1888 portum

420 1920 764 1977 Alexandriae
801 1937 815 1973 :
853 1917 955 1988 ipsi
989 1922 1171 1970 autem
1210 1913 1575 1985 confugerunt
1622 1912 1679 1967 in
1714 1897 1997 1982 templum.

422 2010 576 2077 Quod
603 2007 819 2078 quidem
852 2018 974 2060 cum
1008 2001 1353 2073 cognovisset
1385 2000 1724 2072 patriarcha,
1753 1999 1860 2054 Deo
1883 2000 2003 2071 qui=

424 2104 545 2158 dem
582 2109 804 2171 propter
829 2098 929 2153 hoc
962 2109 1177 2166 quoque
1208 2094 1321 2164 agit
1352 2092 1599 2165 gratias;
1626 2092 1693 2147 ad
1722 2091 1844 2148 illos
1871 2107 2003 2148 vero

426 2192 593 2248 mittit
618 2192 829 2246 litteras
871 2186 1229 2245 remissionis.
1284 2200 1348 2240 ea
1391 2184 1504 2241 sola
1551 2199 1669 2254 qua:
1707 2182 1809 2240 Job
1848 2184 2002 2249 dixit,

424 2281 621 2335 dicens
660 2296 678 2335 :
713 2277 976 2333 Dominus
1015 2275 1181 2337 dedit,
1217 2273 1433 2337 fratres,
1477 2272 1736 2328 Dominus
1761 2273 2003 2328 abstulit.

428 2369 759 2441 Egredimini
797 2381 948 2437 ergo,
987 2371 1211 2436 propter
1237 2364 1340 2419 hoc
1379 2363 1582 2417 nullum
1618 2364 1870 2418 timentes
1918 2377 2009 2432 pe-

430 2460 682 2517 riculum.
729 2458 987 2515 Dominus
1020 2456 1164 2512 enim
1198 2454 1303 2510 erit
1341 2454 1605 2511 sollicitus
1640 2457 1707 2510 de
1746 2453 2007 2511 crastino.

500 2637 636 2693 LVI.
672 2636 814 2694 Cum
870 2645 1049 2690 autem
1085 2632 1238 2690 multi
1271 2648 1339 2689 ex
1391 2631 1603 2688 civibus
1645 2632 1893 2688 venirent
1943 2634 2011 2689 ad

429 2748 553 2787 eum
574 2728 987 2793 consolandum,
1013 2729 1163 2799 prior
1197 2727 1310 2796 ipse
1334 2724 1415 2781 eis
1445 2724 1622 2780 dixit:
1652 2722 1767 2779 Non
1799 2734 2015 2794 oportet

2091 541 2353 608 χρυσίου
2377 539 2693 607 πραθεῖσα.
2733 539 3081 610 Ἐκπληκτος
3110 539 3207 593 οὖν
3232 541 3342 594 ἀπὸ
3372 540 3465 595 τοῦ
3498 540 3671 595 ὕπνου

2093 629 2388 692 διαναστὰς
2427 630 2678 699 ἐξηγεῖτό
2714 647 2773 682 τε
2799 630 2877 699 τῴ
2925 633 3242 702 πατριάρχῃ
3264 632 3325 683 τὸ
3364 632 3550 702 ὅραμα
3579 633 3676 686 καὶ

2094 720 2258 784 αὐτὸς
2295 722 2371 783 είς
2404 721 2760 791 συναίσθησιν
2789 722 3011 791 ἧρχετο,
3057 721 3151 775 τοῦ
3210 721 3415 792 τρόπου
3445 739 3502 774 τε
3545 740 3677 790 μετ-

2096 811 2376 876 εϐάλλετο,
2405 813 2499 867 καὶ
2527 812 2747 884 θερμῶς
2774 812 3143 883 ὲλεημοσύνης
3180 814 3403 883 ἥπτετο,
3443 813 3538 866 καὶ
3570 814 3679 867 ἀπὸ

2100 905 2195 957 τοῦ
2228 905 2488 973 φειδωλὸς
2515 902 2655 959 εἶναι
2702 906 2798 959 καὶ
2832 905 3158 978 μικρολόγος
3208 906 3351 959 πάνυ
3405 907 3671 978 προθυμο-

2103 996 2273 1065 τάτην
2301 995 2445 1067 ἔχειν
2483 997 2582 1067 τὴν
2611 996 2811 1061 δεξιάν.

2167 1089 2297 1144 ΝΕ’.
2354 1092 2496 1145 Ἀλλ’
2532 1093 2560 1144 ὁ
2604 1095 2696 1145 τὸν
2736 1093 2832 1145 τοῦ
2874 1092 2996 1146 ’1ὼό
3045 1092 3274 1147 πλοῦτον
3310 1095 3451 1147 κατά
3484 1097 3682 1165 πεῖραν

2095 1185 2193 1254 τῆς
2222 1185 2423 1255 ἀρετῆς
2469 1184 2837 1255 ὲκφορηθῆναι
2873 1189 3290 1256 παραχωρήσας
3332 1186 3485 1249 Θεὸς,
3520 1187 3680 1255 ὅμοια

2098 1277 2192 1330 καὶ¹
2225 1275 2299 1347 τῷ
2331 1277 2589 1347 μακαρίῳ
2618 1275 2798 1346 τούτῳ
2848 1278 3167 1349 πατριάρχῃ
3198 1278 3472 1348 συμϐῆναι
3502 1296 3677 1345 παρα-

2099 1370 2287 1439 χωρεῖ.
2329 1368 2490 1439 Τρεῖς
2531 1368 2625 1422 καὶ
2652 1368 2761 1438 γὰρ
2793 1368 2885 1421 ἐπὶ
2917 1367 3052 1422 δέκα
3099 1368 3229 1438 νῆες
3252 1364 3394 1439 ἦσαν
3434 1371 3531 1439 τῆς
3559 1372 3679 1424 κατ’

2100 1461 2266 1514 αὐτὸν
2296 1458 2643 1530 Ἑκκλησίας,
2670 1460 2873 1523 αἵτινες
2891 1460 3089 1532 φόρτου
3108 1461 3359 1533 πλήρεις,
3381 1462 3471 1515 ὅτε
3487 1461 3565 1533 τῷ
3585 1459 3681 1521 τοῦ

2105 1550 2321 1628 ξΑδρίου
2347 1554 2654 1624 προσέσχον
2684 1552 2937 1621 πελάγει,
2961 1555 3207 1624 ναυαγίῳ
3235 1556 3411 1608 πᾶσαι
3437 1553 3557 1607 κατ’
3582 1554 3683 1608 αὖ·

2099 1642 2189 1697 τὸν
2213 1644 2628 1714 περιπίπτουσι,
2648 1645 2742 1697 καὶ
2757 1645 2785 1697 ό
2804 1644 3001 1715 φόρτος
3024 1644 3171 1708 ἄπας
3192 1645 3508 1712 ἀπόλλυται,
3526 1664 3678 1719 τριασ

2102 1738 2301 1792 κοσίων
2350 1754 2410 1790 τε
2441 1738 2538 1791 καὶ
2559 1735 2872 1807 τρισχιλίων
2894 1736 3070 1791 οὐσῶν
3089 1736 3182 1791 τοῦ
3204 1739 3429 1809 χρυσίου
3457 1738 3682 1810 λιτρῶν.

2105 1831 2169 1883 Ol
2191 1824 2285 1882 οὖν
2319 1827 2389 1882 τὰ
2417 1828 2581 1883 πλοῖα
2612 1827 3037 1899 πεπιστευμένοι
3063 1832 3197 1884 κενὰ
3219 1830 3394 1884 ταῦτα
3425 1830 3686 1903 φέροντες

2102 1920 2182 1991 τῷ
2211 1920 2311 1990 τῆς
2343 1919 2755 1992 Ἀλεξανδρείας
2771 1920 3202 1991 προσορμίζουσι
3230 1921 3430 1992 λιμένι,
3449 1923 3688 1992 φυγάδες

2105 2014 2264 2067 αὐτοὶ
2286 2012 2366 2084 τῷ
2389 2012 2504 2083 ναῷ
2533 2013 2838 2082 γενόμενοι,
2870 2012 3136 2087 ὅπερ[ὡς]
3164 2014 3413 2087 ἐπίδηλον
3448 2016 3686 2086 κατέστη

2103 2104 2182 2177 τῷ
2209 2105 2521 2178 πατριάρχῃ
2549 2147 2564 2172 ,
2593 2104 2713 2176 Θεῷ
2755 2105 2853 2176 μὲν
2904 2107 3009 2160 κάν
3038 2106 3212 2178 τούτῳ
3243 2107 3345 2176 τὴν
3375 2108 3533 2180 χάριν
3561 2110 3692 2177 ὁμο-

2107 2196 2279 2266 λογεῖ·
2307 2196 2541 2260 ἐκείνοις
2569 2196 2628 2249 δὲ
2677 2196 2924 2267 ἀφέσεως
2960 2198 3263 2268 ἐπιπέμπει
3289 2203 3689 2269 γραμματεῖον,

2114 2287 2249 2359 μόνα
2265 2289 2332 2342 τὰ
2348 2287 2443 2341 τοῦ
2473 2287 2594 2341 Ἰὼσ
2615 2287 2961 2361 ὲπι).έ[ξε]ως
2980 2289 3123 2359 ἔχον·
3152 2290 3212 2343 ’0
3232 2290 3437 2360 Κύριος
3465 2290 3690 2357 ἔδωκεν,

2109 2378 2353 2449 ἀδελφοὶ,
2379 2379 2409 2433 ό
2437 2379 2645 2450 Κύριος
2670 2380 2946 2449 ἀφείλετο.
2965 2379 3242 2445 Ἐξέλθετε
3265 2381 3445 2435 τοίνυν
3490 2383 3696 2452 μηδένα

2111 2469 2252 2540 ὑπὲρ
2314 2472 2507 2523 τούτου
2543 2469 2786 2523 κίνδυνον
2844 2469 3224 2541 ὑφορώμενον
3271 2470 3300 2522 ό
3345 2468 3551 2541 Κύριος
3582 2468 3695 2538 γὰρ

2113 2559 2245 2629 περ)⁵
2281 2559 2379 2626 τῆς
2410 2557 2603 2629 αύριον
2644 2561 2908 2628 φροντιεῖ.

2182 2644 2326 2715 NG’.
2374 2645 2528 2700 Ἐπεὶ
2556 2646 2613 2699 δὲ
2642 2646 2829 2701 πολλοὶ
2857 2647 2967 2703 τῶν
3001 2647 3100 2718 τῆς
3131 2646 3339 2712 πόλεως
3363 2648 3593 2719 ἐφοίτων
3619 2647 3695 2713 ῶς

2115 2738 2279 2793 αὐτὸν
2300 2737 2381 2802 είς
2424 2737 2806 2809 παράκλησιν,
2842 2737 3054 2807 φθάσας
3083 2739 3264 2804 αὐτὸς,
3303 2738 3473 2791 Οὐδὲν
3523 2739 3695 2809 ὑμᾶς,

432 2840 551 2890 vos,
579 2838 614 2880 ο
637 2823 868 2889 "fratres,
904 2819 1123 2876 tristitia
1152 2817 1288 2872 afﬁci
1318 2826 1539 2887 propter
1567 2814 1867 2885 periculum
1900 2829 2002 2869 na-

2112 2828 2238 2899 Εφη,
2272 2826 2573 2899 προσῆκον,
2607 2826 2853 2894 ἀδελφοὶ,
2890 2827 3315 2899 σκυθρωπάζειν
3346 2828 3439 2882 ὲ⁸πὶ
3461 2829 3540 2899 τῷ
3577 2848 3697 2884 κινη

436 2920 604 2985 \‘iuut,
633 2918 788 2988 cujus
831 2917 947 2987 ipse
989 2915 1140 2972 solus
1169 2928 1291 2969 sum
1320 2926 1511 2967 causa.
1563 2911 1679 2967 Nisi
1709 2910 1854 2966 enim
1895 2926 2013 2965 ma-

433 3027 568 3081 gnos
606 3022 661 3066 et
689 3012 867 3067 elatos
900 3009 1253 3080 sumpsissem
1290 3007 1515 3076 Spiritus
1556 3015 1777 3075 propter
1812 3004 2014 3061 alieno-

438 3121 556 3161 rum
582 3104 963 3175 elarg'rtionem
981 3140 998 3167 ,
1024 3101 1136 3156 imo
1161 3114 1290 3155 vero
1316 3097 1413 3153 Dei
1448 3098 1640 3167 ipsius,
1678 3098 1778 3152 hoc
1805 3112 2014 3167 nequa-

434 3212 596 3270 quam
621 3195 927 3250 accidisset.
953 3190 1152 3249 Volens
1182 3190 1366 3260 itaque
1385 3187 1524 3244 Deus
1544 3203 1723 3242 meum
1746 3196 2013 3244 tumorem

434 3289 821 3359 comprimere,
845 3285 1112 3357 permittit
1155 3283 1296 3339 hanc
1338 3283 1590 3339 accidere
1627 3282 1759 3337 mihi
1794 3278 2015 3335 calami-

436 3393 633 3440 tatem.
661 3378 923 3436 Estcnim
961 3378 1305 3449 eleemosyna
1348 3389 1493 3446 saepe
1540 3389 1704 3430 causa
1746 3372 2017 3443 superbia:

438 3476 488 3531 ei
511 3474 604 3545 qui
628 3487 734 3528 non
768 3469 1020 3526 advertit.
1045 3467 1339 3538 Paupertas
1363 3478 1567 3531 autem,
1590 3467 1730 3521 sicut
1754 3466 2015 3535 scriptum

440 3577 547 3633 est,
592 3566 765 3619 virum
810 3563 985 3618 reddit
1022 3562 1303 3618 humilem.
1338 3561 1451 3629 Ego
1489 3575 1605 3614 sum
1644 3558 1807 3631 igitur
1850 3572 2014 3613 causa

441 3660 672 3715 deorum
723 3656 1036 3721 malorum;
1074 3655 1236 3709 unius
1275 3654 1528 3724 quidem,
1573 3652 1717 3723 quod
1770 3649 2018 3707 mercede

440 3752 800 3819 elcemosynze
836 3747 1079 3816 privatus
1118 3759 1236 3799 sum
1270 3750 1489 3814 propter
1517 3757 1709 3797 vanam
1747 3741 1968 3810 gloriam
1999 3759 2014 3805 ;

442 3840 668 3898 alterius
698 3857 847 3907 vero,
888 3841 1029 3911 quod
1056 3846 1281 3910 propter
1302 3850 1420 3893 eam
1447 3833 1732 3903 procuravi
1768 3832 2019 3888 amissio-

447 3949 567 3989 nem
601 3940 874 3988 tantarum
908 3928 1256 3999 pecuniarum
1291 3942 1305 3980 :
1336 3936 1392 3980 et
1427 3939 1573 3980 nunc
1597 3924 1665 3979 ad
1693 3938 1778 3977 me
1805 3920 2019 3977 attrabo

446 4026 758 4079 universum
781 4021 1045 4092 judicium
1084 4019 1413 4084 animarum,
1449 4031 1567 4086 quae
1603 4015 1921 4084 rediguntur
1949 4011 2017 4067 ad

446 4115 745 4185 angustias.
778 4112 884 4167 Sed
930 4110 1092 4174 Deus,
1121 4109 1339 4164 etiamsi
1378 4122 1481 4161 non
1521 4117 1741 4176 propter
1773 4120 1880 4168 me.
1923 4103 2018 4160 sed

2115 2919 2256 2989 δύνῳ
2283 2918 2393 2972 τῶν
2425 2917 2646 2984 πλείων,
2697 2910 2758 2971 οὗ
2796 2919 2957 2989 μόνος
2990 2919 3262 2990 κατέστην
3298 2920 3463 2983 αὐτὸς
3492 2920 3691 2984 αίτ.ος.

2115 3007 2179 3060 El
2211 3006 2286 3078 μὴ
2319 3006 2429 3077 γὰρ
2460 3006 2914 3078 ύψτολοφροσύνης
2956 3007 3184 3079 ἡψάμην
3214 3008 3327 3077 ἐγὼ
3360 3011 3453 3063 ἐπὶ
3476 3014 3543 3082 τῇ
3583 3013 3697 3066 τῶν

2115 3098 2415 3170 ἀλλοτρίων
2442 3098 2769 3170 μεταδόσει,
2803 3099 3004 3170 μᾶλλον
3041 3101 3099 3155 δὲ
3124 3101 3234 3154 τῶν
3280 3102 3372 3156 τοῦ
3409 3103 3568 3171 Θεοῦ,
3597 3105 3697 3160 οἰκ

2114 3189 2181 3243 ἂν
2208 3190 2272 3260 δὴ
2290 3189 2453 3246 τοῦτο
2486 3190 2709 3263 συνέϐη.
2777 3192 2994 3263 ’Δμέλει
3023 3193 3118 3248 καὶ
3149 3194 3475 3267 βουλόμενος
3504 3198 3532 3250 ό
3562 3197 3697 3263 Θεὸς

2114 3285 2175 3340 τὸ
2195 3286 2424 3359 φύσημα
2464 3287 2525 3340 τὸ
2550 3287 2684 3357 ἐμὸν
2719 3290 3095 3357 καταστεῖλαι,
3129 3290 3227 3360 τὴν
3255 3291 3541 3361 συμφορὰν
3566 3291 3699 3343 me.

2115 3394 2215 3448 την
2254 3376 2533 3448 συμϐῆναι
2562 3379 2901 3447 παραχωρεῖ.
2935 3373 3092 3433 Οἶδεν
3119 3378 3459 3451 ἐλεημοσύνη
3501 3380 3697 3435 πολλά·

2116 3469 2204 3530 κις
2220 3468 2669 3539 ὑψηλοφροσύνης
2695 3468 2845 3521 αἰτία
2879 3469 2959 3540 τῷ
2985 3469 3061 3541 μὴ
3084 3472 3403 3541 προσέχοντι
3420 3472 3694 3540 γίνεσθαι·

2118 3559 2279 3615 πενία
2303 3561 2381 3628 δὲ,
2414 3559 2558 3614 κατὰ
2590 3561 2652 3613 τὸ
2670 3561 3081 3631 γεγραμμένον,
3112 3561 3279 3632 ἄνδρα
3308 3567 3569 3616 ταπεινοῖ.
3597 3562 3701 3617 Δύο

2117 3649 2408 3721 τοιγαροῦν
2441 3651 2553 3720 ἐγὼ
2582 3651 2769 3705 κακῶν
2799 3652 2974 3716 αίτιος
2997 3668 3012 3683 ο
3064 3652 3185 3717 ἐνὸς
3218 3653 3341 3722 μὲν,
3367 3654 3450 3707 ὅτι
3473 3653 3567 3707 τοῦ
3599 3655 3700 3722 τῆς

2118 3742 2494 3814 ὲλεημοσύνης
2521 3743 2716 3813 μισθοῦ
2763 3744 2854 3798 διὰ
2883 3743 3194 3809 κενοδοξίαν
3219 3746 3546 3816 ἐστέρημαι,
3581 3746 3699 3799 ἐτέ-

2122 3849 2218 3903 ρου
2249 3832 2326 3898 δὲ,
2361 3834 2444 3886 ὅτι
2477 3832 2543 3885 δι’
2566 3832 2738 3903 αὐτὴν
2767 3834 2860 3887 καὶ
2901 3831 3176 3886 τοσούτων
3243 3835 3548 3904 χρημάτων
3588 3833 3702 3886 ἀπ-

2119 3923 2315 3987 ωλείας
2375 3924 2649 3995 κατέστην
2702 3924 2984 3996 πρόξενος.
3017 3923 3130 3979 Καὶ
3188 3924 3287 3980 νῦν
3347 3925 3529 3979 έλκύω
3564 3925 3701 3995 πρδς

2121 4016 2363 4087 ἐμαυτὸν
2390 4015 2539 4071 ἁπαν
2568 4016 2629 4070 τὸ
2684 4019 2860 4087 κρῖμα
2895 4017 3002 4070 τῶν
3048 4017 3423 4088 στενουμένων
3473 4017 3702 4087 ψυχῶνο

2122 4109 2263 4180 πλὴν
2294 4112 2323 4163 ό
2341 4108 2497 4176 Θεὸς,
2521 4110 2627 4162 κᾶν
2664 4108 2739 4179 μὴ
2770 4109 2836 4162 δι’
2864 4111 2886 4161 ὲ
2896 4109 2986 4179 μὲ,
3013 4108 3130 4163 ἀλλ’
3149 4105 3245 4163 οὖν
3260 4110 3359 4180 τῆς
3379 4108 3490 4165 τῶν
3514 4109 3705 4179 δεομέ-

449 4209 627 4251 tamen
671 4205 891 4266 propter
929 4208 1137 4256 curam,
1171 4207 1330 4260 quam
1362 4189 1502 4259 gerit
1535 4203 1723 4243 eorum
1755 4188 1845 4257 qui
1878 4186 2009 4240 indi-

2124 4216 2231 4254 νων
2256 4200 2415 4270 χάριν
2448 4199 2776 4270 κηδεμονίας
2829 4200 3066 4270 χορηγὸς
3095 4198 3250 4253 ἔσται
3281 4199 3390 4254 τῶν
3435 4199 3574 4270 πρὸς
3602 4199 3702 4270 τὴν

447 4298 594 4355 gent,
645 4285 1010 4357 suppeditabit
1049 4300 1137 4348 ea,
1182 4298 1302 4354 qua:
1354 4291 1482 4363 sunt
1532 4282 1599 4335 ad
1638 4296 1791 4335 usum
1833 4293 2019 4333 neces-

448 4378 593 4432 saria
622 4396 636 4430 :
668 4376 799 4431 illud
829 4376 997 4440 enim,
1047 4372 1165 4430 Non
1205 4381 1258 4429 te
1282 4372 1575 4431 dimittam.
1611 4385 1788 4439 neque
1836 4379 1887 4424 te
1933 4384 2023 4422 re-

451 4468 758 4540 linquam’,
788 4467 871 4532 ,ab
900 4481 964 4522 eo
992 4466 1193 4520 dictum
1220 4473 1304 4519 est
1340 4482 1355 4521 :
1394 4462 1567 4519 fidelis
1601 4472 1780 4516 autem
1813 4472 1896 4516 est
1926 4459 2022 4529 qni

452 4561 723 4629 promisit.
760 4559 852 4614 Sic
895 4559 955 4622 ii,
983 4559 1075 4627 qui
1120 4565 1380 4610 venerant
1426 4555 1493 4609 ad
1546 4562 1793 4609 sanctum
1834 4566 2026 4613 conso-

455 4652 696 4718 landum,
752 4651 855 4722 ipsi
904 4658 1033 4706 sunt
1073 4648 1252 4719 potius
1298 4647 1367 4703 ab
1412 4646 1503 4701 illo
1550 4644 1762 4700 dimissi
1807 4652 2025 4713 accepta

453 4742 841 4799 consolatione.

528 4832 687 4888 LVII.
730 4833 845 4888 Non
870 4832 1095 4887 multum
1125 4831 1387 4900 temporis
1411 4829 1770 4902 praeterierat,
1803 4838 1858 4884 et
1887 4828 2026 4884 Deus

2126 4291 2335 4362 χρείαν.
2370 4288 2445 4345 Τὸ
2468 4290 2601 4361 γὰρ,
2631 4290 2707 4343 Οὐ
2749 4292 2825 4361 μή
2857 4307 2914 4343 σε
2942 4289 3078 4357 ἀνῶ,
3105 4291 3216 4345 οὐδ’
3243 4291 3304 4344 ού
3343 4292 3416 4362 μή
3441 4307 3502 4343 σε
3532 4292 3697 4359 ἐγκα-

2124 4382 2357 4441 ταλίπω,
2382 4381 2591 4435 ἐκείνου
2617 4381 2796 4450 λόγος,
2826 4382 2923 4435 καὶ
2952 4381 3143 4446 πιστὸς
3163 4385 3191 4437 ό
3212 4383 3703 4451 ἐπαγγειλάμενος.

2126 4466 2314 4535 Ὁῢτως
2341 4472 2393 4525 oi.
2414 4473 2798 4543 παρακαλέσαι
2840 4472 3230 4545 προσελθόντες
3258 4474 3350 4527 τὸν
3378 4474 3557 4543 ἅγιον,
3603 4474 3705 4526 αύ-

2126 4565 2210 4619 τοὶ
2241 4565 2443 4647 μᾶλλον
2471 4565 2563 4619 ὑπ’
2596 4565 2807 4620 ἐκείνου
2845 4566 3296 4638 παρακληθέντες
3320 4568 3649 4639 ἐπέμποντο.

2202 4830 2327 4885 NZ'.
2376 4830 2449 4883 Οὐ
2491 4828 2660 4893 πολὺς
2713 4829 2958 4897 παρῆλθε
2995 4829 3207 4900 χρόνος,
3266 4828 3362 4881 καὶ
3398 4830 3426 4881 ό
3458 4827 3590 4890 Θεὸς
3631 4826 3710 4890 δι·
3812 4890 3818 4896 _

458 4941 597 4979 novo
639 4923 773 4979 Jobo
819 4923 1058 4992 duplicat
1110 4921 1415 4986 facultates,
1450 4932 1675 4988 eratque
1716 4920 1768 4972 in
1831 4935 2009 4987 egeno:

2134 4921 2425 4985 πλασιάζει
2453 4920 2546 4975 τοῦ
2578 4927 2701 4975 νέου
2739 4920 2856 4973 Ἰὼϐ
2880 4920 2950 4974 τὰ
2983 4920 3319 4991 ὑπάρχοντα,
3351 4919 3446 4972 καὶ
3472 4913 3540 4989 ἦν
3572 4919 3709 4987 πρὸς

458 5016 730 5071 liberalior
753 5024 809 5069 et
836 5013 1235 5069 muniﬁcentior
1258 5027 1421 5081 quam
1448 5012 1631 5080 prius;
1669 5027 1775 5064 nun
1815 5011 1866 5065 in
1894 5025 2029 5080 ege-

2131 5016 2258 5077 τοὺς
2281 5013 2569 5083 δεομένους
2605 5011 3115 5083 μεγαλοψυχότερός
3166 5027 3225 5063 τε
3258 5011 3350 5064 καὶ
3395 5009 3708 5077 πολυαρκέ-

457 5121 558 5162 nos
600 5107 773 5162 solum
808 5105 1192 5162 abundantiam
1213 5144 1228 5171 ,
1259 5105 1353 5160 sed
1405 5103 1457 5157 in
1488 5116 1582 5157 eos
1610 5105 1793 5169 etiam,
1833 5103 2009 5172 quibui

2137 5123 2324 5177 στερος
2355 5107 2389 5178 ἢ
2416 5107 2476 5159 τδ
2504 5104 2795 5176 πρότερον,
2826 5105 2888 5157 οὐ
2916 5105 3054 5172 πρὸς
3073 5103 3201 5164 τοὺς
3231 5101 3432 5163 ἐνδεεῖς
3465 5100 3628 5170 μόνον
3649 5099 3709 5153 τὸ

458 5198 622 5253 ﬁebat
674 5197 893 5268 injuria,
955 5196 1251 5253 ostendens
1298 5194 1847 5251 commiseratiouetn.
1897 5195 2009 5248 Cun

2134 5197 2375 5267 δαψιλὲς,
2407 5197 2543 5252 ἀλλὰ
2573 5197 2669 5251 καὶ
2697 5196 2832 5267 πρὸς
2856 5194 2980 5257 τοὺς
3004 5192 3458 5263 διακονουμένους
3482 5193 3545 5245 τὸ
3567 5208 3709 5261 συμ-

457 5286 602 5341 enim
635 5287 739 5341 iret
777 5285 1068 5356 aliquando
1102 5285 1169 5339 ad
1202 5283 1415 5339 divinos
1448 5293 1713 5353 martyres
1753 5282 1951 5353 Cyrum
1980 5297 2009 5336 e

2137 5289 2306 5353 παθὲς
2339 5289 2769 5360 ἐνδεικνύμενος.
2822 5288 3062 5341 Ἀπιόντι
3096 5287 3208 5357 γάρ
3256 5302 3391 5339 ποτε
3421 5285 3559 5357 πρὸς
3581 5286 3713 5349 τοὺς

459 5380 720 5436 Joannem
755 5389 1095 5449 precaturus,
1127 5376 1358 5431 accessit
1383 5374 1449 5429 ad
1469 5390 1591 5431 eum
1623 5377 1866 5446 quaedam
1903 5391 2036 5445 pan-

2138 5382 2317 5436 θείους
2351 5382 2633 5452 μάρτυρας
2656 5380 2838 5449 Κῦρον
2871 5380 2964 5431 καὶ
3006 5377 3261 5447 Ἰωάννην
3291 5374 3714 5446 προσευξομένῳ

463 5472 703 5541 percula,
744 5471 932 5527 dicens
976 5484 1035 5526 se
1086 5467 1255 5525 fuisse
1308 5482 1337 5522 a
1387 5481 1586 5539 genero
1635 5468 1785 5537 gravi
1838 5469 2009 5539 injuri;

2140 5479 2274 5544 γυνη
2307 5490 2389 5537 τις
2418 5473 2650 5544 πενιχρὰ
2684 5469 2954 5544 προσῆλθε
3001 5468 3171 5540 βαθὺν
3226 5469 3362 5540 αὐτῇ
3416 5469 3552 5540 πρὸς
3600 5468 3716 5521 66t-

532 5653 551 5682 '
585 5652 749 5709 Hebr.
774 5668 893 5721 xm,
935 5656 1031 5720 51;
1061 5652 1171 5710 Jus.
1199 5671 1234 5721 ι,
1267 5656 1319 5710 5.
