4138 6404
366 480 476 544 9-ίῦ

1323 486 1503 550 νιΤΑ
1543 490 1602 549 S.
1642 488 1965 551 JOANNIS
2009 492 2655 560 ELEEMOSYNARII.

3515 516 3637 575 9164

364 592 495 645 κίαν
545 590 917 646 ἐπιτεθεῖσθαι
956 593 1048 648 τδν
1091 595 1341 666 γαμϐρὸν
1390 597 1648 665 λέγουσα,
1710 599 1805 652 καὶ
1847 598 1920 669 τῆι

2050 598 2319 669 aﬂeetam,
2351 612 2406 657 et
2427 619 2486 659 se
2510 605 2627 674 ejus
2657 607 2898 680 indigere
2927 611 3149 668 auxilio.
3184 612 3321 673 Cum
3349 616 3381 670 ii
3415 629 3619 686 autem,

365 683 499 754 παρ’
520 683 686 736 αὐτοῦ
711 683 923 738 δεῖσθαι
958 685 1235 757 βοηθείας.
1265 686 1386 741 Τῶν
1433 682 1527 741 οὖν
1550 689 1920 744 συνοδευόντωε

2045 692 2135 760 qui
2175 703 2332 748 erant
2361 696 2476 767 ejus
2505 698 2606 753 via:
2635 700 2882 768 comites,
2923 706 3270 765 consulerent
3292 717 3349 764 ut
3377 711 3505 766 dum
3534 729 3620 767 rc-

361 774 513 846 αὒτῷ
564 775 623 829 ἐν
664 774 743 846 τῷ
774 776 1137 849 ὑποστρέφειν
1193 780 1678 851 συμϐουλευόντων
1719 784 1941 837 ἐπισκο-

364 867 536 937 πῆσαι
582 866 651 920 τὰ
684 868 806 920 κατ’
837 869 1021 934 αὐτὸν,
1047 944 1049 946 ι
1076 872 1104 926 ὁ
1153 872 1447 942 συμπαθὴς
1504 873 1606 927 οὐκ
1654 875 1937 946 ἠνέσχετο,

360 955 631 1009 ἐπειπών*
662 957 822 1011 Ἀλλὰ
856 958 972 1021 πῶς
998 944 1186 1026 ὁΘεδς
1216 964 1281 1032 τῇ
1322 967 1429 1036 ἐμῇ
1468 970 1741 1039 προσευχῇ
1767 944 1938 1037 προσ-

362 1046 493 1112 seu,
514 1048 675 1119 εἴπερ
701 1048 814 1118 ἐγὼ
837 1049 934 1121 τὴν
960 1051 1127 1123 αὐτῆς
1161 1053 1482 1126 ὑπέρθωμαι
1512 1056 1720 1127 δέησιν;
1759 1059 1853 1123 Τίς
1875 1059 1934 1113 δέ

365 1155 454 1209 μοι
480 1139 577 1192 καὶ
596 1138 698 1210 τὴν
732 1138 920 1209 αὔριον
945 1142 1277 1213 ἐγγυήσαντο
1300 1144 1431 1217 ζῇν,
1451 1147 1546 1201 καὶ
1577 1149 1654 1218 μὴ
1690 1148 1794 1219 πρὸ
1814 1149 1937 1202 ταύ-

358 1247 457 1300 της
491 1231 694 1301 μᾶλλον
716 1232 1044 1289 ἀποθανόντι
1069 1235 1459 1308 ἀναπολόγητά
1486 1256 1573 1310 μοι
1590 1240 1658 1293 τὰ
1686 1240 1814 1311 περὶ
1838 1240 1934 1308 τῆς

355 1321 643 1393 δεηθείσης
675 1319 975 1395 εἶναιπρὸς
1003 1326 1095 1380 τὸν
1115 1328 1246 1381 Θεόν
1273 1347 1287 1395 ;
1328 1330 1514 1385 Ταῦτα
1552 1330 1745 1397 εἰπὼν,
1775 1331 1934 1387 οὐδα-

360 1412 481 1483 μῶς
519 1414 732 1486 ἀπέστη
763 1415 856 1470 τοῦ
902 1417 1093 1483 τόπου,
1136 1420 1241 1484 ἕως
1278 1421 1377 1492 τὴν
1432 1426 1812 1496 προσήκουσαν
1854 1424 1933 1497 τῷ

356 1504 552 1576 δικαίῳ
569 1506 757 1578 ’κρίσιν
784 1507 879 1562 ὲπὶ
896 1512 964 1580 τῇ
981 1513 1200 1578 γυναικὶ
1228 1512 1402 1568 ἔθετο.

430 1593 567 1654 Nﬂ'.
593 1597 777 1662 Οὕτως
799 1598 895 1655 οὗν
926 1602 955 1655 ό
994 1603 1104 1657 τῶν
1135 1604 1405 1674 δεομένων
1432 1608 1510 1670 εἰς
1535 1608 1705 1679 ἄκρον
1732 1611 1928 1681 ἐπιμε-

359 1685 637 1755 λούμενος,
663 1690 791 1760 περί
811 1709 956 1757 τινος
981 1693 1172 1759 παιδὸς
1205 1695 1446 1760 ἀκούσας
1476 1698 1668 1769 ἀνδρὸς
1697 1700 1927 1772 ἐλεήμο-

354 1792 465 1842 νος,
496 1781 572 1842 ὡς
601 1780 695 1834 τοῦ
726 1783 933 1854 πατρὸς
953 1785 1100 1856 αὑτῷ
1121 1786 1566 1858 τελευτήσαντος,
1603 1791 1774 1861 πολλὴ
1804 1793 1929 1846 τοῦ·

350 1885 445 1923 τον
471 1873 721 1943 κατεῖχεν
746 1874 918 1929 ἔνδεια
945 1876 1033 1931 διὰ
1059 1879 1117 1931 τὸ
1139 1878 1231 1932 τὸν
1256 1880 1420 1935 αὑτοῦ
1441 1883 1654 1952 πατέρα
1676 1885 1927 1956 πενήτων

2042 784 2200 849 diret,
2248 786 2445 842 viseret
2478 799 2533 842 et
2581 790 2971 859 consideraret,
3018 809 3138 865 quae
3183 799 3251 853 ad
3297 815 3415 855 eam
3448 804 3618 872 perti-

2041 882 2208 941 nent;
2258 875 2569 933 misericors
2617 879 2709 934 ille
2754 895 2860 935 non
2908 884 3185 952 sustinuit,
3223 889 3409 946 dicens
3449 910 3462 946 :
3509 894 3618 949 Sed

2039 964 2310 1034 quomodo
2350 965 2490 1023 Deus
2519 971 2763 1025 attendet
2793 987 2941 1030 meas
2971 990 3188 1044 preces,
3213 980 3257 1034 si
3290 994 3391 1052 ego
3420 983 3618 1040 differo

2038 1054 2155 1123 ejus
2211 1055 2708 1125 supplicationem?
2753 1058 2883 1125 Quis
2914 1070 3093 1118 autem
3128 1064 3475 1136 ﬁdejusserit,
3499 1069 3621 1127 fore

2039 1150 2097 1197 ut
2123 1145 2300 1200 vivam
2333 1161 2503 1216 usque
2545 1147 2597 1201 iu
2633 1149 2772 1205 diem
2802 1155 3125 1220 crastinum,
3157 1165 3212 1212 et
3247 1172 3378 1224 non,
3415 1159 3461 1212 si
3489 1171 3615 1215 ante

2035 1249 2154 1291 eam
2200 1239 2425 1302 moriar,
2471 1240 2711 1296 futurum
2744 1258 2833 1299 me
2875 1246 3015 1314 apud
3051 1247 3214 1302 Deum
3264 1248 3612 1305 inexcusabi-

2036 1324 2136 1381 lem
2172 1338 2393 1398 prepter
2426 1328 2544 1399 ejus
2582 1330 3080 1400 supplicationem?
3118 1334 3243 1392 [hec
3280 1353 3402 1391 cum
3439 1338 3611 1394 dixis-

2033 1428 2138 1483 set,
2191 1419 2415 1475 minime
2452 1423 2679 1477 recessit
2710 1439 2739 1475 ιι
2776 1422 2895 1480 loco
2916 1465 2930 1489 ,
2964 1426 3138 1481 donec
3164 1428 3375 1483 mulieri
3402 1429 3610 1497 justum

2033 1511 2358 1566 reddidisset
2382 1512 2662 1579 judicium.

2103 1590 2281 1655 LVIII.
2325 1602 2423 1659 llic.
2454 1620 2581 1676 ergo
2602 1647 2618 1673 ,
2651 1608 2741 1676 qui
2771 1623 3038 1664 summam
3067 1625 3251 1666 curam
3283 1614 3505 1681 gerebat
3528 1614 3611 1671 in-

2032 1691 2351 1762 digentium,
2385 1712 2506 1752 cum
2535 1698 2833 1757 audivisset
2860 1702 2928 1758 de
2959 1702 3068 1758 lilio
3095 1704 3197 1757 viri
3218 1704 3608 1768 misericordis,

2030 1788 2172 1855 quod
2205 1802 2327 1842 cum
2360 1798 2515 1857 pater
2558 1791 2678 1861 ejus
2715 1794 3058 1860 decessisset,
3091 1794 3139 1851 is
3169 1810 3362 1866 magna
3399 1796 3612 1851 labora-

2030 1885 2117 1930 ret
2178 1877 2383 1947 inopia,
2435 1888 2721 1952 propterea
2769 1884 2913 1951 quod
2968 1893 3124 1955 pater
3183 1885 3303 1955 ejus
3347 1886 3608 1957 quidquid

353 1962 555 2031 μᾶλλον
584 1964 836 2032 γενέσθαι
866 1969 1101 2040 πατέρα,
1138 1971 1235 2024 καὶ
1257 1972 1394 2043 πρὸς
1436 1973 1634 2036 αὐτοὺς
1681 1975 1788 2027 πᾶν
1819 1974 1847 2027 ὃ
1875 1993 1920 2028 τι

2031 1945 2285 2034 habebat,
2320 1945 2570 2027 lubenter
2604 1945 3031 2045 consumpsisset
3061 1977 3116 2032 in
3151 1945 3413 2047 pauperes
3436 2018 3452 2044 ,
3483 1945 3604 2051 eum

348 2047 634 2121 ἐκέκτητο,
652 2052 826 2122 ἡδέως
853 2056 1255 2127 ἓκδατιανῆσαι,
1278 2060 1467 2114 τοῦτον
1491 2062 1549 2116 δὲ
1577 2066 1642 2134 τῇ
1674 2063 1924 2136 Θεοτόκιρ

348 2142 634 2213 ἐπιτρίψαι
677 2145 815 2219 μόνῃ
860 2149 1079 2221 Μαρίᾳ,
1114 2144 1182 2221 ἧς
1213 2151 1309 2205 καὶ
1354 2152 1430 2223 τῷ
1456 2154 1569 2225 ναῷ
1613 2154 1783 2209 νύκτα
1832 2158 1926 2210 καὶ

354 2232 474 2302 μεθ’
505 2235 718 2306 ἡμέραν
744 2240 1104 2310 προσήδρευε·
1137 2244 1521 2311 μετακαλεῖταί
1548 2263 1671 2301 τινα
1698 2249 1924 2319 νομικὸν

348 2324 443 2377 καὶ
461 2324 781 2397 ὑποτίθησιν
807 2330 958 2401 αὐτῷ
989 2333 1132 2387 κατὰ
1169 2334 1230 2388 τὸ
1272 2334 1533 2392 λανθάνον
1566 2336 1834 2411 διαθήκην
1862 2341 1920 2395 έν

348 2414 568 2486 παλαιῷ
608 2418 789 2492 χάρτῃ
833 2422 1068 2491 χαράξαι
1124 2424 1316 2495 ἀνδρός
1360 2443 1505 2490 τινος
1552 2428 1916 2500 Θεοπέμπτου

344 2501 539 2574 ὄνομα,
580 2506 732 2576 Ἐμὲ,
766 2509 1025 2579 εἰρηκὼς,
1056 2513 1152 2566 καὶ
1190 2513 1284 2568 τὸν
1336 2518 1550 2589 πατέρα
1588 2517 1681 2573 τοῦ
1732 2521 1922 2587 παιδὸς

342 2595 598 2664 γνησίους
626 2597 814 2653 τούτου
857 2601 1112 2672 ἀνεψιοὺς
1141 2606 1533 2676 ὲμφαίνουσαν,
1567 2610 1842 2678 ὑποδεῖξαι
1865 2612 1922 2665 δὲ

342 2688 422 2760 τῷ
449 2689 597 2743 παιδὶ
637 2693 706 2745 τὰ
726 2692 829 2764 τῆς
856 2693 1123 2766 διαθήκης
1180 2698 1412 2752 ίσότυπα
1433 2718 1445 2731 ’
1479 2700 1620 2754 ὥστε
1649 2703 1923 2774 πεπληρο-

345 2781 655 2852 φορημένον
696 2783 764 2837 τὰ
801 2787 929 2858 περὶ
959 2788 1061 2857 τῆς
1095 2789 1233 2860 πρός
1268 2808 1336 2860 με
1380 2793 1709 2861 συγγενείας
1754 2795 1922 2865 μηδὲν

344 2870 700 2939 ὑπεστάλθαι,
746 2874 883 2930 ἀλλά
913 2877 1048 2948 πρὸς
1084 2879 1184 2950 τὴν
1241 2878 1380 2951 ἐμὴν
1413 2881 1760 2953 θαρρούντως
1810 2873 1918 2954 ἀφέ

344 2960 562 3015 ικέσθαι
592 2965 940 3022 ταπείνωσιν.
984 2968 1212 3034 Γέγονεν
1242 2968 1335 3023 οὖν
1357 2970 1424 3025 τὰ
1473 2973 1649 3026 πάντα
1685 2973 1827 3028 κατὰ
1860 2974 1922 3028 τὸ

339 3051 490 3123 αὐτῷ
518 3053 696 3122 δόξαν,
731 3058 827 3110 καὶ
850 3061 1011 3130 φοιτᾷ
1033 3060 1129 3114 σὺν
1144 3060 1223 3132 τῷ
1250 3062 1354 3133 νέῳ
1383 3062 1517 3134 πρὸς
1537 3063 1629 3118 τὸν
1656 3065 1922 3136 πατριάρ-

338 3159 444 3214 κην
499 3144 528 3196 δ
565 3148 873 3220 νομικὸς,ή
927 3149 1202 3222 ἔγγραφος
1255 3154 1616 3223 ἐμφανίζεται
1662 3153 1918 3226 διαθήκη,

337 3233 591 3305 ὁμολογεῖ
615 3239 715 3310 τὴν
749 3241 1071 3309 συγγένειαν
1102 3247 1129 3298 ὁ
1158 3260 1353 3315 μεγας,
1381 3247 1796 3312 κατασπάζεται
1826 3247 1917 3302 τὸν
1943 3276 1988 3337 c

336 3326 478 3394 νέον,
499 3326 594 3384 ἅτε
617 3331 840 3404 ἀνεψιοῦ
865 3336 1087 3406 γνησίου
1108 3337 1220 3390 υἱὸν
1251 3338 1645 3410 γνησιώτατον,
1664 3340 1918 3410 δωρεῖται

337 3417 512 3490 τούτῳ
538 3421 639 3491 χρή
650 3439 815 3493 ματα,
834 3425 1113 3496 κτήματα,
1157 3429 1473 3500 περιουσίαν
1496 3429 1663 3500 ἄλλην
1694 3430 1916 3505 συχνὴν,

337 3512 600 3567 συνάπτει
629 3515 723 3568 καὶ
761 3518 983 3584 γυναικὶ
1010 3518 1120 3573 τῶν
1153 3521 1470 3591 περιφανῶν
1497 3522 1640 3576 κατὰ
1661 3523 1917 3590 Ἀλεξάν-

335 3601 556 3667 δρειαν·
617 3606 713 3660 καὶ
771 3609 1174 3683 ἀποκαθίστησι
1232 3612 1303 3665 δι’
1368 3613 1551 3681 ὀλίγου
1604 3614 1663 3680 ἐξ
1703 3615 1924 3683 ἀφανῶν

335 3709 634 3766 γνωριμον,
691 3696 752 3763 ἐξ
787 3699 993 3766 ἀδόξων
1028 3700 1262 3770 ἔνδοξον,
1290 3702 1526 3774 εὔπορον
1561 3704 1619 3768 ἐξ
1674 3705 1917 3775 ἀπόρων,

335 3783 617 3852 ἀποδεῖξαι
637 3791 945 3856 σπουδάσας
972 3793 1337 3866 ἀληθέστατον
1365 3791 1507 3850 εἶναι
1540 3797 1601 3849 τὸ
1625 3797 1914 3852 θεσπέσιον

335 3876 513 3930 ἐκεῖνο
547 3881 718 3950 ῥῆμα,
746 3883 821 3954 μὴ
854 3884 1003 3951 ἰδεῖν,
1038 3886 1219 3955 λέγον,
1251 3887 1460 3941 δίκαιον
1484 3889 1909 3961 ἐγκαταλελειμ-

336 3968 519 4037 μένον,
551 3972 687 4045 μηδὲ
714 3975 777 4029 τὸ
813 3975 1033 4049 σπέρμα
1055 3979 1218 4033 αὐτοῦ
1247 3979 1445 4051 ζητοῦν
1469 3979 1689 4052 ἄρτους.

2028 2068 2210 2117 autem
2252 2062 2352 2117 soli
2389 2063 2482 2118 Dei
2516 2068 2727 2135 parenti
2758 2069 3191 2123 commendasset
3223 2068 3424 2134 Mariae,
3451 2070 3608 2142 Cujus

2031 2154 2227 2223 templo
2253 2154 2529 2211 assidebat
2561 2168 2724 2212 noctu
2759 2167 2813 2213 et
2842 2159 3077 2214 interdiu
3108 2177 3123 2227 ;
3157 2162 3387 2215 accersit
3414 2177 3606 2230 qjtetu-

2026 2243 2150 2300 dam
2204 2246 2604 2318 jurisperitum,
2641 2261 2696 2305 et
2727 2250 3031 2307 clanculum
3059 2251 3234 2321 jubet,
3258 2263 3316 2307 ut
3344 2253 3396 2307 iu
3430 2255 3601 2307 veteri

2024 2335 2218 2391 charta
2251 2340 2562 2394 conscribat
2594 2351 2976 2398 testamentum
3022 2344 3301 2414 cujusdam
3344 2345 3468 2409 viri,
3512 2362 3606 2400 no-

2027 2424 2173 2478 mine
2193 2425 2568 2498 Theopempti,
2593 2431 2781 2487 dicens
2824 2433 2877 2487 id
2932 2437 3239 2500 ostendere,
3284 2435 3365 2489 Me
3406 2445 3462 2491 et
3507 2450 3606 2504 pa-

2027 2524 2164 2570 trem
2205 2516 2364 2587 hujus
2424 2521 2579 2588 pueri
2614 2536 2736 2577 esse
2774 2537 2936 2578 veros
2983 2532 3038 2578 et
3079 2541 3370 2594 germanos
3412 2542 3609 2581 conso-

2025 2604 2217 2661 brinos
2253 2625 2267 2662 :
2307 2617 2363 2662 et
2412 2612 2661 2686 ostendat
2702 2626 2874 2683 puero
2914 2615 3217 2685 exemplum
3270 2616 3602 2679 testamenti,

2025 2707 2082 2753 ut
2104 2700 2305 2755 certior
2336 2699 2512 2757 Iactus
2541 2704 2607 2757 de
2641 2718 2724 2769 ea,
2771 2719 2891 2774 qua:
2931 2704 3007 2759 illi
3040 2720 3248 2761 mecum
3296 2707 3618 2770 intercedit,

2023 2793 2366 2861 cognatione,
2404 2793 2539 2848 nihil
2580 2794 2858 2864 formidet,
2890 2798 2985 2852 sed
3025 2798 3281 2854 audacter
3312 2804 3380 2855 ad
3429 2815 3603 2857 meam

2022 2884 2206 2936 veniat
2233 2882 2615 2940 humilitatem.
2648 2886 2812 2942 Facta
2844 2897 2973 2943 sunt
3019 2901 3200 2946 autem
3229 2892 3621 2956 omnia,sicut.

2022 2973 2071 3027 ei
2100 2973 2276 3028 visunt
2319 2973 2515 3042 fuerat,
2571 2985 2781 3032 etcum
2827 2982 3171 3037 adolescente
3219 2984 3365 3036 venit
3409 2983 3475 3038 ad
3509 3001 3602 3054 pa-

2024 3060 2710 3135 triarchamjurisperitus.
2773 3067 3048 3138 Scriptum
3093 3075 3398 3128 ostenditur
3440 3084 3603 3137 testa:

2022 3165 2286 3210 mentum.
2367 3156 2672 3215 Conﬁtetur
2751 3178 2980 3239 magnus
3047 3165 3137 3221 ille
3200 3169 3635 3237 cognationemt

2023 3244 2374 3314 amplectitur
2421 3249 2827 3306 adolescentem
2886 3264 3141 3323 tanquam
3175 3259 3416 3327 germani
3463 3274 3633 3314 con-7

2018 3339 2219 3396 sobrini
2277 3342 2443 3397 tilium
2498 3347 3009 3415 germanissimum,
3066 3349 3157 3404 dat
3206 3351 3255 3404 ei
3300 3352 3598 3420 pecunias,

2019 3433 2416 3503 possessiones,
2446 3435 2580 3491 alias
2604 3438 2803 3497 multas
2829 3439 3136 3507 facultates,
3172 3443 3454 3513 conjungit
3475 3457 3598 3498 eum

2019 3524 2371 3581 matrimonio
2420 3527 2634 3582 cuidam
2668 3528 2878 3589 illustri
2931 3530 3145 3593 feminm
3196 3532 3637 3598 Alexandrina‘,‘

2021 3622 2075 3667 et
2100 3613 2249 3669 brevi
2279 3630 2403 3669 eum
2436 3617 2606 3671 reddit
2635 3632 2703 3670 ωι-
2735 3618 2971 3673 obscuro
3002 3622 3258 3685 nobilem,
3294 3637 3358 3677 ex
3388 3622 3619 3692 abjecto

2023 3705 2320 3781 insignem,
2353 3724 2419 3762 ex
2450 3724 2686 3778 paupere
2716 3712 2942 3769 divitem
2986 3730 3000 3767 :
3042 3715 3271 3769 studens
3311 3717 3599 3769 ostendere

2020 3811 2142 3851 esse
2173 3797 2514 3852 verissimum
2546 3801 2786 3855 divinum
2821 3802 2952 3857 illud
2994 3805 3247 3880 verbum,
3280 3806 3421 3873 quod
3467 3804 3594 3857 dicit

2019 3905 2077 3945 se
2134 3905 2238 3944 non
2287 3889 2488 3945 vidisse
2531 3891 2743 3961 justum
2797 3893 3137 3958 derelictum,
3185 3911 3356 3965 neque
3412 3911 3621 3957 semen,

2018 3982 2133 4051 ejus
2162 3985 2649 4053 qitmrens'pattetn.

1850 4150 2083 4208 CAPUT
2124 4154 2192 4208 X.

1555 4293 1787 4350 Historia
1821 4294 1880 4351 S.
1936 4294 2125 4350 Vitalt's
2158 4295 2422 4351 monac/ti.

411 4422 538 4475 NG’.
567 4423 788 4495 Ἕτερος
830 4426 886 4480 se
924 4443 1007 4492 τις
1042 4430 1149 4484 τῶν
1178 4435 1474 4504 γερόντων,
1505 4436 1646 4509 ἀνὴρ
1672 4438 1903 4509 μοναχὸς

2082 4440 2218 4498 LIX.
2259 4443 2410 4499 Alius
2454 4441 2898 4511 autem-quidam
2943 4452 3113 4496 senex
3157 4441 3469 4505 monachus,
3504 4430 3597 4511 qui

336 4514 432 4568 καὶ
463 4514 583 4585 βίου
640 4516 812 4587 ἄκρου
860 4520 1289 4594 ἐπειλημμένος,
1346 4526 1597 4591 Βιτάλιος
1648 4529 1907 4600 τοῦνομα,

332 4607 622 4679 διάπειραν
648 4609 742 4662 τοῦ
777 4610 1015 4680 μεγάλου
1052 4613 1398 4686 ποιούμενος,
1430 4619 1478 4670 εί
1502 4619 1638 4690 πρὸς
1666 4622 1780 4684 τοὶς
1808 4621 1907 4676 άλ-

331 4699 443 4763 λοις
468 4696 551 4764 οἷς
579 4700 692 4772 ἔχει
725 4704 910 4768 καλοῖς
944 4705 1065 4761 οὐδὲ
1118 4707 1341 4774 εὔκολός
1369 4712 1486 4765 ὲστι
1533 4717 1864 4784 κατακρῖναι
1890 4756 1905 4783 ,

334 4793 399 4860 τῇ
438 4791 530 4844 τοῦ
558 4793 792 4863 μοναχοῦ
824 4795 1117 4865 Σερίδωνος
1149 4800 1510 4871 ὲφησυχάζων
1544 4806 1703 4874 μονῇ,
1739 4821 1910 4858 κατα-

244 4945 250 4950 _
335 4881 598 4952 λαμϐάνει
629 4883 727 4956 τὴν
742 4885 1170 4959 Ἀλεξάνδρειαν.
1191 4890 1362 4945 Ἔνθα
1390 4892 1454 4963 δὴ
1478 4893 1720 4962 γεγονὼς
1755 4895 1907 4949 πολι-

332 4972 483 5027 τείαν
514 4975 747 5044 μέτεισι,
779 4978 918 5045 πρὸς
950 4978 1052 5049 μὲν
1079 4980 1405 5051 ἀνθρώπους
1452 4983 1547 5037 καὶ
1578 4983 1698 5038 λίαν
1728 4986 1909 5040 εὐδιά-

331 5065 548 5136 ϐλητον,
575 5071 671 5122 καὶ
704 5070 981 5125 σκάνδαλα
1009 5075 1119 5136 τοῖς
1154 5073 1369 5139 πολλοῖς
1400 5074 1627 5129 πλεῖστα
1654 5077 1908 5148 ἐμποιεῖν

327 5157 658 5230 δυναμένην,
696 5160 832 5231 πρὸς
869 5160 1003 5215 Θεὸν
1032 5161 1089 5216 δὲ
1118 5164 1213 5217 καὶ
1244 5165 1449 5237 σφόδρα
1480 5168 1905 5239 κεχαρισμένην.

334 5247 603 5303 Εἰσελθὼν
629 5250 741 5321 γὰρ
766 5251 865 5324 τὴν
883 5250 1040 5308 πόλιν
1062 5256 1092 5309 ὀ
1113 5255 1174 5324 γέ
1183 5273 1312 5325 ρων,
1342 5257 1636 5328 ἑξηκοστὸν
1661 5259 1763 5330 ἤδη
1787 5260 1908 5326 ἔτος

332 5334 744 5409 ὑπερϐεϐηκώς,
773 5340 1063 5416 έργον[ἦν]
1088 5344 1227 5416 ἔχων
1280 5348 1539 5417 ἐπιμελὲς
1589 5350 1687 5413 τὰς
1713 5352 1770 5405 ἐν
1794 5354 1908 5415 τοῖς

329 5430 749 5499 χαμαιτυπείοις
763 5434 944 5500 πάσας
955 5437 1375 5510 ἀπογράφεσθαι
1393 5441 1619 5511 πόρνας.
1642 5443 1706 5495 Ἀ
1717 5460 1906 5514 ρχεται

327 5521 387 5573 δὲ
432 5521 529 5574 καὶ
577 5522 771 5592 μισθοῦ
822 5525 1099 5584 δουλεύειν
1143 5532 1488 5605 ὁμολογήσας
1540 5534 1750 5591 δώδεκα
1807 5540 1907 5609 τῆς

328 5613 546 5684 ἡμέρας
570 5615 792 5680 ὀϐολοὺς
814 5617 1112 5690 λαμϐάνειν
1133 5642 1145 5655 ·
1173 5618 1250 5679 ὧν
1282 5627 1377 5680 τοῦ
1397 5628 1499 5698 μὲν
1522 5629 1640 5692 eo;
1670 5629 1906 5700 θέρμους

327 5702 664 5776 ὠνούμενος,
695 5707 926 5776 τούτους,
954 5714 1090 5783 μετὰ
1124 5714 1337 5785 δυσμὰς
1368 5719 1617 5784 ἐσιτεῖτο,
1637 5721 1760 5782 τοὺς
1788 5722 1902 5775 λοι-

420 5884 440 5913 “
467 5882 610 5941 I‘sal.
647 5904 837 5956 κυνί,
871 5890 961 5944 ‘25.

2016 4531 2181 4585 vitam
2209 4534 2402 4603 agebat
2432 4532 2751 4600 perlectam,
2779 4530 2997 4585 nomine
3025 4528 3238 4595 Vitalis,
3268 4529 3454 4584 volens
3479 4546 3595 4583 ma-

2014 4625 2102 4691 gni
2133 4623 2360 4679 Joannis
2388 4624 2568 4680 facere
2590 4623 2911 4695 periculum,
2946 4639 3073 4677 num
3103 4631 3298 4690 praeter
3319 4621 3445 4687 alia,
3476 4638 3596 4694 qua:
3696 4676 3703 4679 Α

2015 4716 2247 4770 habebat
2282 4716 2453 4782 bona,
2503 4731 2569 4770 ne
2597 4723 2741 4771 esset
2766 4714 2981 4784 quidem
3024 4711 3200 4770 facilis
3234 4714 3299 4768 ad
3335 4714 3595 4769 condem-

2014 4808 2276 4875 nandum,
2302 4822 2423 4863 cum
2458 4808 2697 4877 quietem
2721 4815 2776 4862 et
2797 4806 3073 4862 silentium
3107 4814 3292 4875 ageret
3322 4806 3374 4860 in
3406 4820 3595 4860 mona-

2014 4898 2182 4954 Sterio
2230 4901 2407 4970 magni
2462 4900 2783 4965 Seridonis,
2832 4899 2979 4953 venit
3020 4898 3422 4953 Alexandriam.
3477 4897 3610 4964 Quo,

2011 5008 2134 5049 cum
2158 4992 2420 5057 venisset,
2451 5002 2670 5049 exercet
2700 4994 2827 5048 vitae
2854 5005 3046 5063 genus,
3075 4992 3216 5062 quod
3246 4991 3389 5061 apud
3416 4992 3595 5045 homia

2010 5100 2110 5140 nes
2137 5085 2354 5153 quidem
2379 5092 2464 5140 est
2496 5085 2650 5139 valde
2681 5085 3004 5155 probrosum
3043 5093 3097 5138 et
3119 5083 3413 5139 obnoxium
3447 5082 3590 5136 vitu-

2011 5177 2299 5247 perationi,
2327 5185 2383 5231 et
2410 5177 2553 5245 quod
2577 5176 2762 5232 multis
2796 5174 2990 5232 aﬂerre
3015 5185 3191 5247 potest
3209 5173 3588 5237 oﬂ'ensionsm;

2012 5268 2121 5322 Deo
2160 5274 2341 5323 autem
2369 5277 2488 5323 erat
2516 5266 2673 5322 valde
2700 5277 2936 5337 gratum.
2978 5266 3259 5334 Ingressus
3286 5265 3429 5321 enim
3458 5264 3593 5320 civi-5

2012 5371 2173 5417 tatem
2203 5376 2392 5425 senex,
2419 5359 2530 5429 jam
2561 5362 2842 5431 sexaginta
2874 5374 3047 5415 annos
3074 5369 3235 5413 natus
3257 5367 3312 5413 et
3335 5357 3589 5427 amplius,

2009 5465 2165 5505 suum
2191 5451 2242 5504 in
2270 5450 2322 5504 id
2344 5450 2663 5506 conferebat
2683 5447 2950 5511 studium,
2972 5456 3030 5502 ut
3053 5446 3590 5504 deseriberetomues

2012 5540 2354 5607 meretrices,
2399 5554 2520 5611 qua:
2545 5549 2699 5595 erant
2742 5540 2796 5595 in
2844 5538 3176 5609 prostibulis.
3207 5536 3376 5592 Porro
3402 5547 3587 5591 autem

2008 5632 2197 5700 incipit
2221 5631 2384 5686 etiam
2409 5632 2618 5687 servire
2649 5631 2919 5692 mercede,
2952 5640 3109 5699 pacto
3137 5629 3294 5694 inito,
3323 5643 3382 5683 se
3410 5627 3599 5697 qunti—7

2007 5723 2095 5780 dic
2126 5723 2408 5781 duodecim
2443 5721 2629 5781 obolos
2668 5732 3014 5792 acet‘pturum
3041 5760 3054 5786 ,
3093 5735 3320 5790 q-rorum
3358 5734 3462 5774 uno
3495 5717 3585 5773 hi;-
