4138 6414
544 443 648 516 ιιι

1744 448 2027 513 ΜΕΝὸΙὸ
2058 448 2514 513 JANUABIUS.

3685 454 3796 521 948

548 563 713 634 pinos-
731 567 947 635 Quidem
976 576 1191 630 emens,
1232 578 1328 620 eos
1367 559 1684 619 comedebat
1711 573 1833 633 post
1862 577 2112 618 occasum

2223 562 2356 624 ποὺς
2383 562 2439 615 δὲ
2473 560 2613 615 κατὰ
2646 560 2778 631 μίαν
2803 562 2913 617 τῶν
2939 560 3154 617 νυκτῶν
3180 561 3262 624 είς
3292 562 3422 633 μίαν
3442 561 3552 616 τῶν
3582 565 3801 633 πορνῶν

544 657 712 724 Solis;
756 656 998 727 reliquos
1041 668 1219 714 autem
1253 671 1361 712 una
1405 664 1566 711 nocte
1594 656 1779 720 dabat,
1811 655 2014 709 vadens
2047 652 2114 707 ad

544 756 707 804 tinam
755 764 822 804 ex
877 747 1301 815 meretricibus,
1355 748 1581 803 dicens:
1621 744 1749 802 Haec
1798 746 2018 816 accipe,
2064 751 2117 797 et

542 848 803 896 Conserva
838 849 891 894 te
925 840 1055 894 mihi
1093 840 1196 895 hac
1226 846 1383 895 nocte
1414 837 1766 908 impollutam.

616 923 729 985 LX.
773 930 926 998 Quod
960 948 1083 988 eum
1119 931 1347 995 faceret,
1388 929 1566 985 stabat
1602 939 1710 984 tota
1743 938 1902 982 nocte
1933 926 1985 980 in
2016 940 2116 979 an—

543 1022 667 1090 gulo
696 1020 990 1078 habitaculi
1020 1023 1164 1079 illius
1195 1022 1456 1086 mulieris,
1490 1036 1626 1092 genu
1656 1017 1904 1083 ﬂectens,
1932 1029 1987 1073 et
2015 1017 2117 1072 lin-

543 1108 713 1179 guam
735 1112 961 1181 psalmis
990 1127 1249 1168 exercens
1273 1112 1512 1175 assidue,
1536 1121 1590 1165 et
1619 1109 1889 1180 supplices
1922 1122 2117 1163 manus

546 1214 643 1270 pro
673 1216 733 1255 ea
771 1204 836 1258 ad
869 1201 1035 1259 Deum
1069 1206 1314 1261 tendens.
1347 1204 1508 1258 Mane
1541 1212 1722 1257 autem
1758 1204 1967 1263 exiens,
1997 1215 2116 1255 eam

546 1292 796 1362 adigebat
829 1294 1211 1364 jurejurando,
1252 1310 1313 1352 se
1354 1294 1556 1350 nemini
1598 1292 1650 1347 id
1685 1306 1805 1347 esse
1851 1290 2119 1347 iudicatu-

548 1398 685 1438 ram.
730 1384 904 1441 Unam
959 1387 1142 1456 itaque
1186 1400 1251 1440 ex
1295 1385 1391 1450 iis,
1439 1400 1560 1456 quas
1595 1399 1728 1440 ausa
1769 1382 1944 1438 fuerat
1988 1398 2120 1439 con-

546 1476 765 1546 temptui
792 1475 992 1531 habere
1011 1461 1393 1546 jusjurandum
1420 1486 1474 1530 et
1499 1477 1713 1547 aperire
1738 1489 1962 1540 arcana,
1993 1473 2121 1530 facit

543 1578 706 1619 senex
749 1564 1002 1633 precibus
1032 1564 1301 1634 possideri
1334 1581 1364 1620 a
1396 1564 1670 1632 daetnone,
1710 1566 1845 1619 adeo
1879 1572 1936 1616 ut
1969 1561 2119 1618 nulla

540 1655 797 1725 deinceps
853 1670 983 1710 ausa
1033 1654 1199 1711 fuerit
1259 1655 1375 1723 ejus
1427 1658 1594 1711 vitam
1646 1656 1951 1712 enuntiare.
2001 1654 2121 1724 ipse

542 1754 721 1799 autem
774 1746 956 1801 volens
1003 1744 1242 1818 eﬂ‘ugere
1287 1746 1513 1818 gloriam
1561 1761 1628 1800 ex
1674 1747 2015 1811 hominibus,
2066 1754 2121 1799 et

540 1836 747 1891 animas
788 1837 1020 1892 educere
1064 1854 1093 1892 a
1123 1839 1361 1908 peccatis
1385 1879 1399 1905 ,
1432 1838 1649 1908 quando
1693 1845 1811 1893 erat
1843 1836 1982 1906 apud
2022 1837 2122 1891 alio

2220 653 2588 724 πορευόμενος
2617 653 2787 707 ὲδίδου
2810 692 2826 719 ,
2850 654 2997 708 Λάϐε
3021 653 3203 717 ταυτὶ,
3226 653 3421 723 λέγων,
3445 654 3542 710 καὶ
3555 655 3800 728 τήρησόίν

2224 762 2315 817 μοι
2346 748 2411 818 τῇ
2440 746 2596 799 νυκτὶ
2619 746 2745 818 τῇδε
2781 747 3018 818 σεαυτὴν
3053 746 3374 818 ἁμόλυντον.

2292 917 2363 978 ΕΖ
2396 921 2501 975 Καὶ
2533 920 2676 976 οὕτω
2706 922 2877 977 ποιῶν
2904 922 3137 977 διετέλει
3166 923 3301 994 παρ’
3331 924 3460 993 ὃλην
3497 923 3597 993 τὴν
3629 920 3802 981 νύκτα

2221 1012 2358 1083 πρὸς
2397 1014 2462 1084 τῇ
2502 1013 2675 1084 γωνίᾳ
2702 1013 2798 1066 τοῦ
2845 1014 3196 1083 καταγωγίου
3228 1017 3328 1085 τῆς
3366 1016 3630 1084 γυναικὸς
3658 1018 3801 1070 ὲκεί-

2219 1123 2317 1177 νης
2370 1106 2681 1177 ἱστάμενος,
2723 1107 2852 1174 γόνυ
2883 1124 2943 1159 τε
2997 1106 3217 1172 κλίνων,
3269 1107 3364 1161 καὶ
3416 1107 3517 1177 τὴν
3548 1107 3804 1175 γλῶσσαν

2220 1197 2501 1251 ἄπαυστον
2524 1200 2634 1261 τοῖς
2665 1197 2901 1269 ψαλμοῖς
2938 1198 3290 1269 ἐπιτρέπων,
3327 1199 3425 1252 καὶ
3475 1202 3665 1269 χεῖρας
3692 1202 3806 1253 ἱκε-

2223 1287 2370 1349 σίους
2399 1287 2568 1357 αἴρων
2595 1287 2736 1356 ὑπὲρ
2801 1288 2971 1358 αὐτῆς
2998 1290 3134 1359 πρὸς
3186 1289 3344 1343 Θεόν·
3369 1290 3539 1344 ἕωθεν
3560 1292 3618 1345 δὲ
3642 1291 3803 1359 ἐξιὼν

2219 1377 2401 1443 ὅρκοις
2440 1378 2611 1448 αὐτὴν
2670 1378 3051 1448 κατελάμϐανε
3118 1380 3311 1450 μηδενὶ
3369 1380 3531 1434 τοῦτο
3577 1381 3799 1451 ποιῆσαι

2221 1469 2550 1539 καταφανές.
2598 1466 2744 1525 Μίαν
2795 1473 2975 1524 τοίνυν
3021 1471 3201 1524 αὐτῶν
3237 1473 3638 1543 περιφρονῆσαι
3672 1477 3800 1537 τοὺς

2220 1560 2418 1631 ὅρκους
2447 1561 2800 1633 τολμήσασαν
2829 1563 2926 1615 καὶ
2951 1561 3090 1632 δῆλα
3137 1563 3207 1617 τὰ
3265 1564 3557 1635 ἀπόρρητα
3587 1562 3801 1627 θέσθαι,

2220 1652 2436 1721 δαίμονι
2464 1654 2699 1722 κάτοχον
2742 1652 2831 1706 διὰ
2865 1654 3174 1724 προσευχῆς
3224 1656 3252 1707 ὁ
3295 1653 3474 1725 γέρων
3518 1656 3689 1707 ποιεῖ·
3727 1654 3805 1718 ὡς

2227 1745 2425 1816 μηκέτι
2467 1745 2575 1798 τῶν
2615 1745 2792 1799 ἄλλων
2835 1744 3112 1815 μηδεμίαν
3144 1745 3419 1817 τολμῆσαι
3443 1745 3654 1815 ἔκφορα
3706 1744 3803 1798 τοῦ

2222 1831 2413 1885 λοιποῦ
2469 1832 2540 1885 τὰ
2574 1833 2716 1886 κατὰ
2769 1832 2861 1886 τὸν
2912 1833 3077 1888 αὐτοῦ
3112 1833 3226 1904 βίον
3255 1833 3517 1903 ποιῆσαι·
3553 1835 3716 1900 αὐτὸς
3743 1835 3804 1889 δὲ

538 1943 701 1998 quem
750 1931 1156 1995 mercenarius,
1202 1931 1475 2000 accipiens
1513 1932 1655 1999 quod
1696 1930 1881 1983 datum
1921 1928 2117 1995 fuerat,

2223 1923 2537 1993 διαφεύγειν
2567 1924 2667 1994 τὴν
2700 1922 2760 1989 ἐξ
2801 1923 3106 1993 ἀνθρώπων
3137 1924 3293 1990 δόξαν
3339 1925 3682 1995 βουλόμενος,
3711 1923 3808 1979 καὶ

539 2016 662 2073 eum
686 2029 831 2075 esset
857 2023 1126 2086 abiturus,
1158 2021 1389 2092 ﬁngebat
1416 2023 1555 2091 apud
1582 2036 1639 2076 se
1663 2021 1844 2076 dicere
1866 2020 2121 2075 omnibus

544 2113 895 2167 audientibus
941 2133 953 2167 :
1006 2116 1284 2170 Abeamus
1334 2115 1447 2185 jam
1507 2114 1694 2170 infelix
1751 2128 1938 2170 senex.
1996 2111 2120 2167 Seis

541 2202 708 2269 enim,
750 2205 890 2273 quod
934 2204 1022 2258 illa
1066 2216 1116 2260 te
1143 2215 1460 2277 exspectat;
1494 2206 1638 2260 illam
1670 2205 2021 2275 significans,
2051 2202 2120 2259 ad

540 2306 707 2359 quam
743 2301 863 2347 erat
905 2293 1243 2350 diversurus.
1290 2295 1372 2349 Ad
1415 2309 1509 2350 eos
1558 2303 1760 2362 autem,
1802 2294 1892 2363 qui
1924 2293 2121 2348 irride-

537 2380 670 2437 baut
702 2394 756 2438 et
790 2399 911 2439 eum
944 2386 1156 2455 probris
1196 2401 1262 2443 ac
1305 2387 1609 2443 maledictis
1652 2387 2020 2455 impetebant,
2063 2398 2124 2439 se

542 2488 830 2542 excusans,
879 2486 1131 2547 tanquam
1183 2493 1280 2548 pro
1333 2478 1511 2545 mala,
1552 2493 1671 2549 quae
1711 2478 1871 2532 ﬂebat
1912 2490 2123 2543 revera,

556 2563 770 2619 actione
812 2589 825 2621 :
864 2564 1007 2631 Quid
1050 2568 1215 2624 vero?
1258 2583 1440 2623 annon
1495 2583 1596 2639 ego
1639 2582 1855 2638 quoque
1893 2582 2013 2622 sum
2056 2579 2125 2620 ex

544 2654 632 2718 iis,
667 2656 759 2725 qui
788 2672 1005 2713 carnem
1039 2667 1273 2731 gestant,
1316 2669 1371 2715 et
1397 2660 1597 2716 cedunt
1623 2660 1741 2730 ejus
1772 2658 2017 2729 legibus?
2042 2659 2124 2712 An

542 2749 675 2805 solis
701 2749 1031 2814 prohibitum
1064 2762 1145 2808 est
1173 2754 1455 2809 monachis
1489 2767 1713 2808 manere
1740 2762 1892 2807 extra
1924 2765 2123 2820 corpo-

543 2845 620 2898 ris
655 2844 958 2911 voluptates
985 2845 1008 2898 ?
1038 2858 1141 2899 non
1168 2854 1295 2902 sunt
1329 2848 1430 2916 ipsi
1461 2861 1675 2917 quoque
1704 2845 2001 2916 participes
2028 2857 2127 2897 na-

544 2936 799 2991 turalium
840 2934 1221 3006 al'l'eetiuuum,
1253 2940 1507 2995 similiter
1548 2948 1711 3008 atque
1752 2937 1881 2992 alii?
1924 2935 2125 2990 Deinde

543 3028 867 3098 quibusdam
903 3029 1310 3086 consulentibus
1341 3042 1396 3087 et
1428 3031 1736 3087 dicentibus
1767 3046 1779 3086 :
1812 3026 1983 3085 Unam
2018 3026 2126 3082 sal-

541 3130 649 3175 tem
681 3123 776 3176 tibi
805 3123 1008 3195 accipe,
1037 3135 1248 3180 mutato
1279 3125 1494 3189 vestitu,
1526 3133 1580 3180 et
1608 3138 1675 3177 ne
1699 3124 1773 3177 sis
1798 3132 1906 3175 tam
1936 3118 2121 3174 multis

540 3210 860 3279 oﬂ‘eusioni,
919 3223 979 3268 ut
1021 3230 1196 3284 neque
1248 3216 1390 3270 Dens
1436 3230 1535 3286 per
1586 3223 1637 3270 te
1686 3212 2117 3283 lahspbeuteuu'.

540 3317 717 3373 neque
757 3304 1147 3359 monachorum
1187 3306 1458 3374 pretiosus
1500 3305 1712 3359 habitus
1757 3304 1956 3374 probro
1998 3300 2120 3356 alli-

540 3396 738 3459 eiatur,
770 3403 824 3445 rt
855 3393 1095 3447 Omnium
1120 3394 1380 3463 judicium
1415 3394 1467 3448 in
1499 3403 1650 3448 tuum
1681 3403 1839 3466 caput
1872 3396 2117 3451 attraha-

543 3496 661 3553 tur;
685 3485 873 3541 multis
904 3487 1017 3541 haec
1044 3487 1091 3542 ei
1117 3488 1442 3554 dicentibus,
1469 3486 1557 3542 ille
1588 3504 1649 3543 se
1668 3488 1932 3543 simulans
1955 3478 2133 3544 irasci-

543 3588 598 3632 et
648 3594 793 3649 a‘gre
839 3576 1006 3644 ferre,
1060 3577 1167 3634 Sed
1220 3594 1327 3636 non
1374 3595 1475 3659 ego
1527 3596 1625 3636 vos
1679 3583 1917 3647 audiam,
1968 3583 2120 3639 dice-

542 3669 643 3725 bat'
692 3686 811 3724 cum
853 3686 1047 3740 magno
1078 3672 1333 3728 clamore.
1368 3671 1504 3752 Quid
1535 3689 1651 3728 mea
1710 3672 1898 3740 refert,
1923 3674 1967 3729 si
2001 3689 2115 3740 vos,

544 3773 602 3820 ut
640 3765 840 3831 dicitis,
885 3765 1262 3821 oﬂ‘enditnini?
1304 3766 1571 3822 Discedite
1622 3781 1650 3819 a
1699 3782 1804 3822 me.
1854 3767 1990 3834 Quid
2044 3767 2123 3822 rei

545 3866 753 3908 mecum
798 3863 879 3910 est
905 3855 1089 3909 vobis?
1124 3854 1199 3909 Ex
1241 3866 1453 3924 vestro,
1505 3857 1713 3927 inquit,
1746 3857 1975 3912 consilio
1998 3871 2120 3911 cum

542 3945 740 3997 {etnina
780 3944 1076 4014 eonjungar
1122 3947 1504 4014 matrimonio,
1546 3957 1601 4002 et
1646 3963 1730 4001 me
1777 3947 2018 4017 injiciam
2067 3947 2118 4000 in

543 4050 706 4089 curas
757 4036 1209 4104 innumerabiles,
1268 4047 1323 4093 et
1373 4040 1439 4093 de
1490 4040 1635 4093 victu
1682 4038 2121 4095 sollicitudines?

541 4126 764 4179 Cessate
809 4140 893 4180 me
928 4125 1194 4181 ludiﬁcari
1234 4137 1288 4183 et
1315 4130 1615 4183 criminari.
1659 4128 1773 4183 Non
1815 4130 1950 4185 esus
1972 4130 2116 4184 enim

543 4215 645 4268 mei
686 4215 937 4284 judices;
980 4230 1067 4271 res
1105 4232 1238 4272 meae
1282 4219 1392 4273 sint
1439 4221 1570 4273 mihi
1618 4235 1784 4276 curae.
1834 4219 1928 4275 Est
1971 4220 2115 4274 enim

542 4304 702 4370 alius,
748 4306 840 4373 qui
877 4316 958 4360 est
994 4308 1330 4377 judicaturus
1365 4308 1551 4365 orbem
1593 4320 1787 4376 terrae,
1828 4310 1920 4380 qui
1953 4311 2116 4365 etiam

543 4395 731 4450 reddet
765 4395 1055 4464 unicuique
1088 4398 1382 4452 secundum
1416 4414 1551 4469 opus
1581 4413 1759 4453 suum.

2219 2014 2398 2086 ψυχὰς
2442 2014 2501 2079 ἐξ
2544 2015 2822 2086 ἁμαρτίας
2864 2014 3151 2087 [ὲξάγειν],
3194 2017 3356 2087 ἡνίκα
3385 2016 3536 2088 παρὰ
3565 2015 3641 2085 τῷ
3686 2015 3808 2086 Θεῷ

2220 2106 2593 2178 ὲμισθοφόρει,
2610 2108 2671 2160 τὸ
2692 2107 2842 2160 δοθὲν
2867 2106 3186 2177 λαμϐάνων,
3209 2108 3286 2171 ὼς
3312 2106 3569 2178 ἀφίεσθαι
3589 2107 3806 2177 ἔμελλε,

2221 2199 2601 2267 προσεποιεῖτο
2621 2192 2801 2266 λέγειν
2829 2198 2965 2268 πρὸς
2989 2198 3215 2251 σεαυτὸν
3243 2199 3323 2260 είς
3358 2199 3527 2262 ἀκοὰς
3556 2199 3801 2253 πάντων·

2234 2289 2511 2359 Ἀπίωμεν
2545 2289 2692 2361 ἄρτι,
2738 2289 2963 2344 ταπεινὲ
3001 2290 3210 2362 γέρων⁶
3240 2288 3388 2356 οἶδας
3417 2290 3528 2363 γὰρ
3582 2293 3731 2355 ὅπως
3766 2292 3802 2363 ἡ

2222 2381 2372 2436 δεῖνα
2402 2381 2685 2452 περιμένει
2717 2398 2777 2435 σε
2799 2399 2815 2415 ·
2851 2382 3068 2453 ἐκείνην
3096 2381 3277 2452 δηλῶν
3308 2384 3446 2453 πρὸς
3476 2386 3543 2455 ἣν
3575 2385 3684 2454 ἄρα
3715 2384 3812 2438 καὶ

2224 2473 2561 2541 κατάγεσθαι
2603 2472 2817 2542 ἔμελλε.
2857 2474 2999 2545 Πρὸς
3061 2475 3248 2543 μέντοι
3279 2476 3405 2537 τοὺς
3452 2476 3809 2538 σκώπτοντας

2225 2564 2386 2618 αὐτὸν
2405 2564 2500 2616 καὶ
2525 2562 2755 2616 ὀνείδεσι
2787 2563 3080 2633 βάλλοντας
3111 2564 3551 2635 ἀπολογούμενος
3574 2566 3650 2629 ὡς
3681 2564 3810 2636 περί

2225 2672 2370 2719 τινος
2406 2654 2610 2725 φαύλου
2642 2654 2895 2727 πράξεως
2927 2656 3065 2726 πρὸς
3093 2656 3356 2727 ἀλήθειαν
3393 2658 3710 2730 γινομένης.
3744 2658 3811 2710 Τί

2225 2746 2309 2814 δέ;
2331 2747 2506 2815 ἔλεγε,
2535 2748 2613 2818 μὴ
2643 2749 2754 2819 γὰρ
2783 2749 2878 2802 κοιλ⁵
2909 2750 3070 2810 αὐτὸς
3090 2749 3190 2802 οὐκ
3217 2750 3333 2819 εἰμὶ
3359 2750 3468 2801 τῶν
3499 2751 3679 2821 σάρκα
3711 2768 3808 2821 φοι

2229 2842 2467 2912 ρούντων
2501 2841 2599 2895 καὶ
2633 2844 2745 2905 τοῖς
2794 2841 2982 2912 νόμοις
3043 2841 3217 2912 αὐτῆς
3268 2842 3569 2908 εἰκόντωνς
3627 2843 3811 2913 ἢτοίς

2230 2935 2481 3004 μοναχοῖς
2512 2933 2809 3006 ἀπείρηται
2838 2934 3042 3005 μόνοις,
3063 2935 3173 2989 τῶν
3196 2933 3288 2988 τοῦ
3322 2934 3574 3005 σώματος
3603 2935 3806 3005 ἡδονῶν

2225 3027 2330 3093 ἔξω
2387 3028 2571 3098 μένειν
2588 3044 2609 3094 ;-
2640 3029 2700 3082 οὐ
2745 3029 3040 3099 μετέχουσι
3096 3028 3194 3083 καὶ
3227 3029 3384 3082 αὐτοὶ
3422 3028 3532 3081 τῶν
3561 3027 3808 3096 φυσικῶν

2226 3120 2416 3174 παθῶν
2452 3118 2804 3185 τοῖς.άλλοις
2850 3121 3089 3192 όμοίως;
3146 3116 3281 3174 Είτα
3328 3119 3810 3191 συμϐουλευόντων

2223 3211 2398 3278 τινῶν,
2421 3211 2539 3278 καὶ,
2574 3211 2723 3266 Λάϐε
2780 3212 2911 3281 γοῦν
2952 3213 3085 3283 μίαν
3119 3211 3356 3282 σεαυτῷ,
3388 3211 3680 3282 λεγόντων,
3710 3211 3810 3282 τὴν

2225 3307 2418 3379 στολὴν
2454 3306 2699 3378 ἀμείψας
2727 3308 2822 3361 καὶ
2847 3307 2922 3379 μὴ
2956 3308 3256 3362 σκάνδαλον
3275 3306 3421 3362 οὕτω
3451 3309 3565 3371 τοῖς
3591 3306 3809 3371 πολλοῖς

2224 3397 2337 3461 ἔσο,
2367 3396 2462 3450 τοῦ
2492 3399 2631 3469 μήτε
2654 3399 2748 3451 τὸν
2779 3396 2914 3451 Θεὸν
2942 3397 3032 3452 διὰ
3057 3396 3153 3452 σοῦ
3186 3397 3645 3469 βλασφημείσθαι,
3666 3397 3806 3468 μήτε

2224 3492 2285 3542 τὸ
2315 3489 2421 3542 τῶν
2451 3490 2707 3560 μοναχῶν
2736 3491 2918 3561 τίμιον
2962 3489 3348 3561 ὲξυὸρίξεσθαι
3388 3491 3591 3563 σχῆμα,
3622 3489 3714 3542 καὶ
3741 3486 3808 3542 τὸ

2227 3584 2403 3652 κρῖμα
2428 3581 2652 3636 πάντων
2681 3582 2824 3635 κατὰ
2858 3581 2958 3652 τῆς
2988 3580 3217 3635 σεαυτοῦ
3251 3580 3517 3653 φέρεσθαι
3541 3579 3804 3649 κεφαλῆςι

2223 3671 2449 3724 τοιαῦτα
2481 3672 2692 3725 πολλῶν
2722 3673 2993 3742 λεγόντων
3036 3672 3208 3744 αὐτῷ,
3240 3675 3448 3737 ἐκεῖνος
3477 3672 3569 3725 τὸν
3592 3672 3811 3743 ὀργιζό-

2230 3779 2390 3832 μενον
2412 3764 2507 3816 καὶ
2528 3763 3006 3818 ἀποδυσπετοῦντα
3044 3764 3499 3837 ὑποκρινόμενος,
3547 3762 3686 3817 Ἀλλ’
3707 3762 3810 3817 οὐκ

2228 3853 2405 3921 ἔγωγε
2452 3854 2760 3924 ἀκούσομαι
2817 3854 2994 3924 ὑμῶν,
3047 3854 3201 3923 ἔλεγε
3259 3854 3399 3926 μετὰ
3448 3855 3653 3925 πολλῆς
3706 3855 3809 3926 τῆς

2227 3944 2501 4015 κραυγῆς.
2536 3946 2601 3998 Τί
2634 3946 2690 3999 δὲ
2720 3946 2814 3998 καὶ
2844 3946 2988 4016 ἐμοὶ,
3022 3946 3117 4000 ἐὰν
3141 3945 3414 4016 ὐμείς,ὦς
3438 3962 3609 4014 φατε,
3642 3962 3809 4000 σκανο

2226 4036 2548 4106 δαλίζησθε;
2577 4038 2856 4108 ἀπόστητε
2880 4037 3154 4109 άτι⁹ὲμοῦ·
3183 4039 3237 4092 τί
3265 4038 3441 4095 κοινὸν
3470 4038 3594 4108 ἐμοί
3619 4054 3678 4090 τε
3711 4038 3808 4089 καὶ

2226 4129 2391 4201 ὑμῖνς
2433 4129 2524 4193 Ἐξ
2553 4130 2851 4201 ὑμετέρας,
2908 4130 3064 4202 φησι,
3097 4130 3412 4200 συμϐουλῆς
3445 4129 3668 4198 γυναικὶ
3697 4128 3810 4196 ἐγὼ

2229 4219 2667 4291 συναφθήσομαι,
2705 4221 2797 4274 καὶ
2829 4221 3114 4291 βιωτικαῖς
3144 4222 3535 4293 περιστάσεσιν
3569 4222 3808 4292 ἐμαυτὸν

2224 4310 2473 4379 ausam;
2506 4310 2802 4364 Παύσασθε
2834 4312 2890 4364 δὲ
2912 4312 3006 4365 καὶ
3038 4311 3132 4365 τοῦ
3162 4312 3230 4365 τά
3259 4312 3368 4381 ἐμὰ
3395 4312 3668 4366 σκώπτειν
3713 4310 3809 4364 καὶ

2224 4401 2530 4457 διαϐάλλειν
2551 4407 2567 4432 δ
2596 4404 2673 4473 μὴ
2701 4404 2808 4473 γὰρ
2833 4403 2988 4474 ὑμεῖς
3019 4405 3318 4474 κατέστητε
3340 4404 3452 4458 τῶν
3480 4404 3630 4472 ἐμῶν
3658 4403 3811 4457 δικα⁴

541 4493 707 4560 atati;
746 4491 882 4562 Περὶ
912 4492 1018 4546 τῶν
1042 4494 1264 4547 οἰκείων
1295 4495 1450 4567 ὑμῶν
1483 4494 1696 4568 μελέτω
1721 4513 1734 4527 ·
1781 4496 1969 4568 ἕτερος
2009 4497 2117 4567 γάρ
2158 4497 2309 4552 ἐστιν
2366 4499 2394 4552 ὁ
2460 4501 2649 4569 κρῖναι
2687 4498 2899 4568 μέλλων
2934 4498 3032 4569 τὴν
3059 4498 3410 4569 οἰκουμένην,
3454 4497 3511 4561 ὃς
3548 4498 3643 4551 καὶ
3673 4497 3815 4551 ἅποδ

537 4586 699 4641 δώσει
730 4587 946 4658 ἑκάστῳ
971 4588 1113 4641 κατὰ
1145 4589 1205 4643 τὸ
1231 4589 1393 4660 ἔργον
1425 4590 1613 4646 αὐτοῦ.

614 4679 751 4737 LXI.
794 4682 944 4737 Multi
977 4698 1108 4753 ergo
1142 4682 1256 4738 haec
1286 4684 1448 4738 verba
1484 4684 1766 4741 audientes
1801 4699 1924 4741 cum
1960 4696 2119 4740 acer-

2296 4674 2423 4735 EA'.
2461 4678 2680 4735 Τούτων
2718 4679 2813 4734 οὖν
2866 4679 3051 4734 πολλοὶ
3104 4680 3215 4733 τῶν
3250 4682 3348 4735 σὺν
3401 4679 3675 4753 εὐετηρίᾳ
3714 4683 3809 4736 καὶ

537 4771 712 4827 bitate
739 4781 791 4827 et
821 4773 1230 4839 vociferatione,
1253 4772 1342 4827 alii
1372 4773 1586 4848 quidem
1619 4776 1904 4831 cessabant
1930 4789 2117 4844 repre-

542 4864 810 4930 hendere,
856 4864 971 4934 ejus
1001 4864 1388 4934 impudentiam
1424 4867 1677 4922 timentes
1707 4876 1762 4921 et
1796 4867 2111 4933 audaciam;

539 4954 629 5007 alii
663 4968 788 5010 vero
813 4956 1155 5010 conabantur
1181 4971 1305 5012 eum
1352 4957 1493 5027 apud
1523 4968 1769 5013 sanetum
1808 4958 2111 5013 criminari.

542 5046 648 5100 Sed
678 5046 795 5111 ille,
835 5056 892 5101 ut
923 5050 1010 5115 qui
1042 5061 1073 5100 a
1102 5046 1212 5104 Deo
1233 5050 1530 5115 didicerat,
1561 5052 1705 5119 quali
1747 5052 1944 5107 virtute
1974 5059 2115 5106 esset

539 5151 728 5201 senex,
771 5138 994 5193 minime
1038 5142 1355 5196 attendebat
1399 5157 1498 5209 ea,
1539 5156 1660 5212 qua;
1702 5143 2022 5199 dicebantur
2048 5145 2116 5199 ab

540 5229 698 5298 ipsis,
727 5240 784 5283 ut
805 5230 897 5300 qui
926 5238 1053 5285 ante
1076 5233 1262 5287 oculos
1287 5248 1503 5304 semper
1532 5235 1864 5305 descriptum
1895 5235 2120 5290 haberet

539 5322 673 5377 illud
696 5322 862 5378 excisi
887 5325 1156 5380 monachi.
1189 5323 1466 5382 Suadebat
1488 5336 1668 5383 autem
1695 5328 1919 5382 omnino
1947 5329 2118 5382 vitare

538 5413 918 5469 accusationes
942 5429 1061 5485 qua:
1092 5414 1294 5470 ﬁebant
1320 5418 1583 5473 adversus
1614 5418 1941 5483 monachos,
1979 5432 2115 5488 prae-

537 5503 746 5559 clarum
780 5504 911 5559 illud
942 5507 1165 5561 Verbum
1198 5507 1544 5578 imperatoris
1571 5508 1947 5574 Constantini,
1972 5510 2117 5565 inter

537 5594 890 5663 imperatores
910 5596 1270 5665 celeberrimi,
1288 5601 1338 5655 in
1357 5615 1453 5656 ore
1472 5602 1700 5667 habens,
1720 5603 1880 5672 quiin
1905 5601 2117 5657 Nicaena

538 5685 748 5753 synodo
781 5685 986 5741 libellos
1010 5691 1418 5746 accusationum
1439 5693 1594 5747 datos
1617 5694 1881 5750 adversus
1905 5694 2117 5766 aliquos

536 5774 823 5843 cpiscopus
844 5792 951 5832 non
981 5779 1223 5847 admisit,
1251 5784 1473 5841 dicens:
1506 5785 1562 5841 Si
1604 5789 1656 5842 in
1681 5789 1992 5859 episcopum
2021 5797 2113 5844 aut

543 5864 864 5920 monachum
929 5868 1284 5931 fornieautem
1349 5877 1704 5950 inridis=cm,
1769 5882 2109 5939 sustulissem

2225 4771 2321 4845 βοῇ
2348 4772 2522 4841 λόγων
2558 4773 2850 4836 ἀκούοντες
2871 4812 2887 4837 ,
2918 4774 2968 4825 οῖ
3027 4771 3127 4840 μὲν
3176 4771 3446 4825 ἐπαύοντο
3505 4773 3616 4827 τῶν
3654 4772 3809 4842 ἐλέγ-

2231 4883 2366 4936 χων,
2396 4865 2853 4936 ὑποστελλόμενοι
2874 4864 2972 4933 τὴν
3008 4863 3173 4933 δῆθεν
3202 4864 3482 4920 ἀναίδειαν
3516 4865 3683 4920 αὐτοῦ
3712 4869 3809 4920 καὶ

2221 4956 2282 5011 τὸ
2311 4956 2509 5027 θράσος
2531 4973 2544 4988 ·
2574 4958 2624 5010 οῖ
2670 4957 2727 5010 δὲ
2765 4956 3077 5011 διαϐάλλειν
3100 4956 3237 5028 πρὸς
3278 4959 3368 5011 τὸν
3409 4959 3555 5010 ὅσιον
3590 4959 3809 5027 ιπεχεί-

2225 5066 2377 5121 ρουν.
2427 5047 2570 5101 Ἀλλ’
2596 5050 2806 5112 ἐκεῖνος
2839 5043 2951 5112 οἷος
2977 5043 3048 5118 ἦν
3073 5048 3173 5119 τὴν
3201 5047 3405 5119 ἀρετὴν
3437 5050 3465 5101 ὁ
3496 5049 3673 5120 γέρων
3703 5051 3807 5104 ὑπὸ

2220 5142 2354 5195 Θεοῦ
2386 5140 2803 5211 διδασκόμενος,
2833 5141 3034 5211 ἥκιστα
3060 5142 3320 5211 προσεῖχε
3333 5143 3448 5204 τοῖς
3463 5142 3593 5211 παρ’
3622 5141 3805 5195 αὐτῶν

2221 5232 2562 5303 λεγομένοις,
2604 5233 2961 5303 ἀνάγραπτον
2992 5231 3052 5284 τδ
3099 5229 3192 5285 τοῦ
3243 5230 3527 5284 ἀποκόπου
3565 5228 3804 5301 μοναχοῦ

2222 5324 2316 5378 καὶ
2350 5323 2458 5395 πρὸ
2490 5324 2756 5395 ὀμμάτων
2818 5324 2907 5377 ἀεὶ
2956 5322 3261 5393 τιθέμενος.
3321 5318 3565 5396 Παρῄνει
3597 5323 3655 5376 δὲ
3708 5324 3807 5376 καὶ

2222 5416 2474 5483 καθάπαξ
2524 5417 2795 5471 ἐκκλίνειν
2852 5416 2953 5486 τῆς
2975 5417 3118 5471 κατὰ
3139 5416 3251 5470 τῶν
3283 5417 3534 5487 μοναχῶν
3572 5432 3809 5486 κατηγο-

2225 5508 2368 5581 ρίας,
2404 5510 2466 5562 τὸ
2486 5507 2847 5580 ἀξιοζήλωτον
2881 5508 3060 5560 ἐκεῖνο
3088 5506 3240 5577 ῥῆμα
3268 5507 3679 5561 Κωνσταντίνου
3707 5503 3802 5557 τοῦ

2227 5604 2288 5657 ὲν
2330 5601 2646 5673 βασιλεῦσιν
2703 5600 2948 5671 ἀοιδίμου
2973 5598 3475 5670 ἐπιφθεγγόμενος·
3529 5598 3591 5662 ὃς
3646 5601 3703 5652 ὲν
3731 5598 3798 5666 τῇ

2223 5697 2366 5751 κατὰ
2403 5696 2642 5751 Νίκαιαν
2690 5695 2895 5765 συνόδῳ
2945 5694 3223 5757 λιϐἑλλους
3280 5692 3627 5764 κατηγοριῶν
3657 5689 3802 5745 κατά

2219 5804 2382 5841 τινων
2408 5787 2721 5842 ἐπισκόπων
2740 5785 3145 5854 ὲπιδιδομένους
3167 5785 3228 5838 οὐ
3254 5783 3610 5855 παρεδέξατο,
3650 5782 3797 5852 είρησ

2218 5877 2351 5947 κὼς,
2381 5879 2461 5933 ὅτι
2494 5879 2612 5934 Κᾶν
2644 5878 2961 5949 πορνεύοντι
2998 5877 3281 5947 ἐπισκόπει)
3331 5874 3363 5945 ἦ
3398 5873 3617 5948 μοναχῷ
3649 5886 3800 5944 περιδ
