4138 6398
416 387 526 454 949

1378 393 1556 454 VITA
1595 394 1658 454 S.
1700 390 2022 453 IOANNIS
2060 391 2705 458 ELEEMOSYNARII.

3556 397 3668 462 950

417 504 632 572 ἔτυχον,
659 501 759 570 τὴν
789 501 1038 572 χλαμύδα
1079 503 1333 574 causam
1359 503 1608 574 ἀνασχὼν
1644 502 1892 567 ἐπέθηκα
1922 502 1990 557 ἂν

2113 517 2272 558 neam
2315 506 2690 578 chlamydem,
2739 519 2793 563 et
2828 509 2876 564 ei
2919 508 3328 581 imposuissent,
3369 522 3486 565 uta
3522 514 3668 568 nullo

420 592 591 664 αὐτῷ,
631 590 777 646 ὥστε
827 593 901 663 μὴ
951 595 1056 646 ὑπό
1108 612 1252 658 τινος
1296 593 1579 666 ὀφθαλμοῦ
1630 595 1897 667 ὀφθῆναι·
1926 592 1986 648 εὖ

418 684 576 749 εἰδὼς
602 687 810 748 ἐκεῖνος
838 686 918 738 ὅτι
965 683 1032 738 τὰ
1060 685 1170 738 τῶν
1225 685 1479 740 τοιούτων
1509 686 1719 757 ἀνδρῶν
1764 685 1991 740 ὲλαττώ⁸

2092 595 2249 649 oculo
2295 595 2607 653 videretur:
2642 608 2699 652 ut
2727 601 2819 670 qui
2852 608 3000 656 recte
3034 600 3196 658 sciret
3219 640 3234 663 .
3274 602 3420 672 quod
3467 604 3669 659 delicta

2096 687 2284 741 talium
2336 688 2614 755 virorum,
2665 691 2710 745 si
2756 691 2941 747 multis
2995 694 3124 748 fiant
3179 693 3506 758 manifesta,
3560 710 3675 752 non

423 793 570 848 ματα
619 774 754 844 δῆλα
796 776 909 839 τοῖς
936 774 1152 839 πολλοῖς
1199 774 1594 847 καθιστάμενα,
1623 777 1684 831 οὐ
1725 776 1884 846 μόνον
1921 775 1992 832 τά

2113 777 2263 832 ιοιωιι
2302 779 2549 836 efficiunt
2590 790 2647 837 ut
2690 792 3112 841 contemnantur
3146 798 3428 856 quaesout
3463 790 3670 844 honore

419 867 604 931 αἰδοῦς
634 868 760 932 ἄξια
799 866 895 920 καὶ
942 866 1109 937 τιμῆς
1145 867 1608 937 καταφρονεῖσθαι
1642 867 1992 937 παρασκευά-

422 958 629 1024 ζουσιν,
663 959 798 1012 ἀλλὰ
830 958 924 1012 καὶ
961 957 1132 1031 πολλὴ
1171 958 1522 1032 παράκλησις
1547 960 1627 1025 εἰς
1674 962 1873 1014 κακίαν
1899 959 1994 1014 καὶ

421 1048 643 1119 ἀφορμὴ
671 1049 931 1116 γίνονται.

490 1139 613 1194 ΞΒ’.
644 1138 784 1191 Ἀλλ’
811 1137 953 1193 οὕτω
981 1140 1081 1210 μὲν
1100 1144 1128 1195 ὁ
1154 1140 1326 1213 μέγας
1347 1141 1446 1205 τὰς
1475 1142 1617 1197 κατὰ
1638 1140 1733 1196 τοῦ
1759 1143 1993 1214 μεγάλου

420 1232 676 1302 γέροντος
700 1233 953 1296 διαϐολάς
984 1234 1275 1291 ἁπωθείτο.
1320 1236 1557 1299 Ἐκεῖνος
1582 1236 1638 1289 δὲ
1671 1237 1773 1307 τῆς
1826 1239 1995 1308 ἐργα-

424 1323 544 1386 σίας
564 1325 665 1378 οὐκ
696 1324 856 1395 ἔληγε
890 1326 1118 1396 ταύτης·
1142 1327 1276 1381 ἀλλὰ
1297 1327 1400 1382 κᾶν
1424 1330 1535 1393 τοῖς
1561 1328 1776 1392 πολλοῖς
1804 1327 1998 1400 αἰσχύ-

422 1430 521 1482 νην
546 1412 745 1482 ὤφειλε
779 1416 872 1468 καὶ
900 1415 1124 1482 ὄνειδος,
1164 1419 1327 1481 αὐτὸς
1356 1418 1492 1489 πρὸς
1529 1419 1588 1474 ἓν
1618 1418 1765 1489 ἐώρα
1811 1420 1995 1491 μόνον,

426 1506 523 1575 τὴν
540 1506 647 1559 τῶν
674 1508 862 1577 ψυχῶν
884 1512 1159 1580 σωτηρίαν
1179 1526 1194 1543 ο
1220 1514 1328 1575 τοῖς
1358 1511 1414 1565 δὲ
1439 1512 1539 1583 τὴν
1567 1512 1819 1581 γλῶσσαν
1877 1513 1996 1567 κατ’

431 1599 594 1653 αὖτοῦ
631 1600 857 1665 κινοῦσι,
893 1602 987 1654 καὶ
1018 1602 1347 1674 συγγνώμην
1382 1605 1580 1674 μᾶλλον
1601 1607 1701 1676 τῆς
1724 1607 2001 1678 ἁμαρτίας

432 1691 787 1760 προσηύχετο.
813 1692 935 1746 Ὅτι
958 1694 1013 1747 δὲ
1044 1694 1202 1748 τοῦτο
1235 1697 1334 1749 ούκ
1358 1696 1605 1767 ἄκαρπον
1626 1698 1719 1751 καὶ
1741 1700 2001 1769 ἀνόνητον

429 1779 577 1849 αὖτῷ
604 1781 846 1850 γέγονεν,
897 1783 1034 1838 ἀλλὰ
1079 1785 1295 1849 πολλοῖς
1339 1787 1508 1841 αἴτιον
1563 1790 1838 1859 σωτηρίας
1869 1808 1999 1843 κατ-

430 1848 584 1942 ἐστή,
616 1848 772 1940 δῆλον
798 1874 1067 1929 ἐντεῦθεν.
1113 1876 1349 1947 Ὀρῶσαι
1384 1880 1492 1951 γὰρ
1526 1881 1580 1933 αἱ
1613 1848 1874 1948 γυναῖκες
1903 1880 2001 1953 τήν

426 1978 483 2013 τε
507 1962 802 2032 παννύχιον
827 1964 990 2019 αὑτοῦ
1020 1968 1208 2021 στάσιν
1238 1968 1330 2023 καὶ
1369 1969 1465 2039 τὴν
1488 1971 1557 2024 τὰ
1580 1970 1699 2024 θεῖα
1749 1972 1836 2026 διὰ
1865 1990 2001 2026 παν-

424 2052 516 2114 τδς
555 2051 788 2124 ᾄδουσαν
816 2056 1091 2123 γλῶσσαν,
1118 2058 1287 2129 αὑτήν
1311 2077 1371 2113 τε
1397 2063 1496 2131 τὴν
1531 2061 1675 2136 ὑπὲρ
1717 2064 1814 2135 τῆς
1840 2081 2005 2135 μετα-

427 2143 590 2216 ϐολῆς
623 2145 806 2201 αὐτῶν
823 2149 916 2201 καὶ
945 2148 1037 2203 τοῦ
1064 2150 1405 2222 σωθήσεσθαι
1422 2153 1645 2225 διηνεκῆ
1670 2156 2001 2228 προσευχὴν,

429 2232 539 2287 τῶν
588 2235 811 2303 φαύλων
864 2239 1238 2312 ἀφιστάμεναι
1290 2242 1582 2314 πράξεων,
1646 2248 2005 2320 σωφροσύνης

428 2326 815 2396 ἐπεμελοῦντο.
843 2331 953 2384 Καὶ
1007 2334 1065 2386 αί
1104 2335 1204 2404 μὲν
1257 2336 1510 2407 νομίμοις
1539 2339 1893 2412 συνήπτοντο,
1950 2342 2004 2395 ai

426 2417 482 2470 δὲ
506 2416 678 2482 οὕτως
716 2420 909 2491 ἔμενον
931 2425 1239 2480 ἅποστᾶσαι
1273 2427 1382 2480 τῶν
1410 2430 1667 2501 πονηρῶν
1728 2432 2002 2504 πράξεων,

429 2511 487 2564 al
517 2510 573 2564 δὲ
598 2512 691 2565 καί⁸
714 2512 917 2579 τέλεον,
942 2515 1021 2586 τῷ
1047 2516 1239 2588 κόσμῳ
1280 2517 1690 2590 ἁποταξάμεναι
1712 2562 1728 2588 ,
1779 2521 1871 2576 τὸν
1899 2522 2008 2575 τῶν

434 2603 684 2673 μοναχῶν
714 2604 919 2659 εἴλοντο
952 2606 1085 2676 βίον.
1121 2608 1311 2672 Οὐδεὶς
1344 2609 1529 2679 μέντοι
1588 2610 1785 2680 διέγνω
1824 2612 1923 2684 τὴν
1951 2613 2010 2667 ὲν

430 2695 511 2766 τῷ
535 2697 732 2766 ἀφανεῖ
762 2701 904 2753 κατὰ
949 2698 1082 2753 Θεὸν
1115 2700 1283 2755 αὑτοῦ
1319 2701 1598 2757 πολιτείαν
1650 2706 1779 2776 ἄχρι
1810 2705 1905 2759 καὶ
1930 2704 2010 2774 τῷ

435 2787 537 2859 βθῳ
586 2789 789 2861 περιὼν
836 2787 924 2862 ἦν,
954 2792 1050 2846 καὶ
1098 2794 1247 2859 ὅπως
1303 2794 1387 2866 τῷ
1416 2795 1737 2869 φαυλότητα
1783 2797 2012 2870 ὑποκρί-

440 2880 617 2935 νεσθαι
645 2882 713 2937 τὰ
741 2882 920 2953 φαῦλα
944 2884 1140 2954 γύναια
1172 2887 1444 2958 μετετίθει
1477 2887 1573 2943 τοῦ
1605 2889 1834 2962 τρόπου.

506 3059 623 3116 ΞΡ.
654 3061 751 3116 Διά
778 3062 844 3134 δὴ
875 3063 1035 3118 τοῦτο
1056 3064 1150 3119 καὶ
1204 3065 1399 3131 ἐξιόντι
1423 3068 1553 3122 ποτὲ
1597 3067 1693 3122 τοῦ
1742 3085 2003 3140 καταγω-

2093 867 2249 936 digna
2296 880 2351 925 et
2395 872 2737 941 reverentia;
2781 875 2877 930 sed
2921 876 3085 930 etiam
3130 892 3383 946 maguum
3427 880 3673 951 praebent

2094 959 2505 1018 incitamentum
2542 975 2595 1021 et
2624 965 2968 1024 occasionem
2994 969 3060 1023 ad
3099 969 3314 1026 vitium.

2166 1136 2327 1195 LXII.
2368 1140 2474 1197 Sed
2507 1144 2584 1198 sic
2615 1144 2833 1215 quidem
2867 1162 3098 1218 magnus
3128 1148 3219 1205 ille
3247 1148 3539 1220 repellebat
3574 1166 3671 1209 ea-

2096 1231 2364 1295 Iumuias,
2405 1252 2523 1304 quae
2555 1236 2962 1294 intentabantur
3003 1241 3263 1297 adversus
3299 1258 3550 1314 magnum
3586 1257 3675 1298 se-

2100 1338 2243 1378 nem.
2278 1322 2372 1379 Ille
2411 1336 2589 1383 autem
2632 1344 2737 1385 non
2783 1330 3030 1385 cessabat
3065 1332 3135 1387 ab
3178 1333 3282 1389 hac
3321 1334 3672 1402 operatione:

2098 1413 2190 1467 sed
2226 1415 2435 1470 etiamsi
2465 1418 2660 1485 probro
2690 1429 2745 1473 et
2774 1421 3040 1477 dedecore
3070 1438 3100 1477 a
3128 1423 3312 1480 multis
3340 1423 3675 1493 afficeretur,

2101 1502 2215 1571 ipse
2244 1519 2408 1558 unum
2437 1506 2610 1561 solum
2645 1510 2949 1577 spectabat,
2985 1526 3179 1580 nempe
3201 1512 3432 1569 salutem
3467 1515 3679 1570 anima-

2102 1609 2240 1649 rum.
2274 1590 2344 1650 lis
2370 1612 2514 1661 vero,
2540 1599 2631 1669 qui
2657 1601 2920 1657 adversus
2949 1618 3071 1657 eum
3100 1602 3338 1674 linguam
3365 1605 3676 1671 movebant,

2102 1686 2307 1755 peccati
2356 1687 2437 1741 sui
2495 1689 2819 1756 precabatur
2866 1691 3095 1748 veniam.
3145 1692 3299 1760 Quod
3346 1702 3529 1749 autem
3577 1695 3681 1756 hoc

2103 1776 2338 1831 studium
2381 1795 2484 1834 non
2534 1778 2639 1837 fuit
2689 1784 2738 1839 ei
2791 1783 3170 1856 infrugiferutn
3223 1797 3279 1843 et
3322 1789 3547 1857 inutile,
3586 1791 3682 1845 sed

2109 1869 2293 1924 multis
2318 1872 2497 1927 attulit
2527 1873 2777 1941 salutent,
2812 1876 2939 1933 hinc
2969 1889 3052 1934 est
3084 1881 3456 1937 manifestum.
3487 1883 3683 1939 Viden-

2110 1969 2189 2015 tes
2234 1960 2379 2016 enim
2428 1965 2684 2021 mulieres
2720 1966 2838 2036 ejus
2880 1985 2976 2039 per
3010 1980 3224 2029 noctem
3265 1975 3593 2039 stationem,
3628 1981 3684 2030 et

2107 2050 2343 2123 linguam
2390 2055 2570 2110 divina
2611 2070 2872 2129 perpetuo
2914 2072 3228 2129 canentem,
3280 2072 3336 2119 et
3369 2078 3468 2131 pro
3492 2078 3689 2118 earum

2110 2146 2449 2215 mutatione,
2496 2160 2550 2204 et
2588 2160 2649 2204 ut
2677 2163 3048 2219 servarentur,
3080 2152 3354 2210 assiduam
3400 2156 3685 2225 precatio-

2109 2263 2253 2313 nem,
2277 2249 2602 2304 desistentes
2626 2263 2654 2303 a
2681 2245 2838 2303 malis
2859 2246 3185 2314 actionibus,
3209 2246 3472 2317 gerebant
3494 2260 3682 2303 curam

2109 2340 2484 2410 temperantia:
2518 2351 2533 2397 :
2578 2347 2632 2393 et
2680 2338 2801 2393 alia:
2845 2338 3063 2408 quidem
3104 2338 3351 2410 legitimo
3393 2338 3689 2409 conjunge-

2106 2430 2309 2485 bantur
2343 2428 2721 2496 matrimonio;
2755 2428 2877 2484 alite
2909 2438 3090 2484 autem
3123 2429 3204 2487 sic
3236 2429 3561 2499 manebant,
3592 2431 3688 2487 de-

2109 2522 2414 2578 sistentesa
2460 2520 2740 2592 ﬂagitiosis
2773 2520 3118 2588 actionibus;
3156 2520 3276 2577 alim
3313 2534 3442 2577 vero
3486 2523 3688 2578 mundo

2110 2613 2350 2684 perfecte
2380 2613 2778 2681 renuntiantes,
2807 2611 2974 2668 vitam
3003 2612 3274 2683 eligebant
3307 2615 3684 2669 monasticam.

2111 2707 2280 2764 Nemo
2314 2716 2495 2761 autem
2531 2706 2786 2777 cognovit
2816 2704 3084 2761 occultam
3113 2704 3234 2773 eius
3259 2719 3329 2760 ex
3365 2707 3474 2761 Deo
3494 2705 3691 2771 vitam,

2111 2800 2347 2871 quandiu
2381 2797 2479 2853 fuit
2513 2799 2565 2853 in
2597 2798 2708 2853 vita
2743 2803 3060 2866 superstes;
3097 2810 3195 2852 nec
3228 2796 3685 2867 quemadmodum

2112 2890 2418 2946 simulando
2442 2888 2762 2960 nequitiam,
2788 2902 2819 2941 a
2843 2885 3002 2942 malis
3034 2886 3280 2942 moribus
3303 2887 3543 2943 traduxit
3573 2902 3694 2943 mae

2113 2984 2195 3038 las
2228 2982 2504 3037 mulieres.

2182 3074 2366 3131 LXIII.
2427 3074 2787 3143 Quamobrem
2837 3089 2959 3131 cum
2997 3074 3293 3144 aliquando
3341 3074 3693 3146 egrederetur
3793 3138 3800 3144 υ

435 3152 553 3220 γῐου
585 3154 680 3224 τῆς
702 3154 810 3207 τῶν
834 3156 1049 3225 πορνῶν
1079 3158 1486 3230 πρωτευούσης,
1522 3161 1758 3232 συναντᾷ
1787 3178 1872 3227 τις
1898 3161 2007 3218 τῶν

2113 3183 2181 3223 ex
2211 3167 2517 3223 habitaequ
2547 3165 2698 3235 ejus,
2732 3180 2851 3236 quae
2878 3165 3113 3236 primum
3149 3165 3324 3221 locum
3359 3164 3574 3220 tenebat
3601 3163 3693 3219 itt-

430 3244 769 3313 ὰκολάστων,
788 3246 874 3300 ἐπ’
895 3246 1029 3300 αὐτὸ
1048 3248 1204 3301 τοῦτο
1222 3249 1406 3304 εἰσιὼν
1423 3252 1651 3320 ἐκεῖνος,
1665 3252 1804 3308 ὥστε
1824 3255 2006 3327 βδελυ-

2112 3271 2193 3315 ter
2224 3259 2563 3327 meretrices,
2599 3259 2648 3314 ei
2682 3260 2924 3314 occurrit
2949 3259 3169 3329 quidam
3192 3259 3531 3322 libidinosus,
3559 3271 3691 3326 pro-

437 3335 560 3407 ρίαν
579 3336 754 3406 ἑαυτῷ
787 3339 1119 3408 πράξασθαι,
1141 3343 1235 3396 καὶ
1273 3343 1420 3397 παίει
1442 3345 1533 3400 τὸν
1557 3345 1701 3400 ὅσιον
1720 3347 1861 3402 κατὰ
1879 3350 2007 3422 κόῤ·

2113 3360 2227 3420 pter
2256 3350 2356 3404 hoc
2388 3349 2562 3416 ipsum
2595 3350 2932 3419 ingrediens,
2965 3357 3023 3404 ut
3051 3349 3175 3404 data
3210 3349 3464 3419 pecunia,
3497 3347 3688 3417 exple-

436 3430 538 3500 ρης
566 3429 663 3502 ὅλῃ
691 3433 857 3501 χειρὶ,
876 3431 1022 3495 Ἕως
1043 3431 1209 3499 τίνος,
1241 3435 1505 3504 ἐπειπὼν,
1526 3439 2007 3511 Χριστεμπαίκτα,

2113 3450 2193 3496 ret
2218 3440 2497 3495 libidinem
2524 3456 2538 3494 :
2564 3447 2619 3494 et
2648 3450 2837 3494 sancto
2871 3440 3120 3509 impingit
3139 3438 3451 3507 colaphum,
3477 3435 3697 3505 Quous-

434 3516 546 3571 τῶν
575 3518 795 3585 φαύλων
847 3521 948 3574 οὐκ
1002 3521 1287 3593 ἀποστήσῃ
1327 3523 1611 3594 πράξεωνς
1644 3527 1786 3598 Πρὸς
1835 3527 2007 3583 ταῦτα

2113 3548 2236 3604 que,
2271 3531 2457 3588 dicens
2480 3569 2496 3596 ,
2526 3546 2559 3587 ο
2592 3529 2801 3587 Christi
2831 3530 3043 3598 illttsor,
3079 3546 3188 3585 non
3217 3530 3452 3586 dcsistes
3477 3545 3508 3584 a
3540 3529 3697 3586 malis

435 3609 529 3662 τὸν
581 3609 882 3680 θαυμάσιον
931 3613 1139 3665 ἐκεῖνον
1177 3611 1483 3683 ἄνθρωπον,
1537 3616 1795 3684 Ταπεινὲ,
1821 3619 2007 3688 φάναι,

2114 3606 2461 3676 actionibus?
2502 3618 2582 3672 Ad
2620 3619 2737 3673 haec
2770 3618 2935 3674 homo
2971 3618 3061 3673 ille
3095 3618 3474 3681 admirabilis,
3511 3616 3697 3681 Miser,

440 3698 624 3769 μέλλει
650 3716 731 3753 σοι
758 3702 1187 3774 ὲπικροτηθῆναι
1217 3703 1488 3775 ῥάπισμα,
1508 3704 1579 3771 ὡς
1609 3706 1806 3779 μικροῦ
1830 3711 2007 3763 πᾶσαν

2114 3712 2307 3780 inquit,
2347 3720 2403 3766 et
2453 3709 2546 3765 tibi
2591 3708 2938 3764 incutiendus
2978 3708 3274 3778 colapbus,
3318 3717 3377 3763 ut
3438 3716 3547 3762 tota
3582 3706 3699 3763 fere

328 3862 333 3867 '
436 3792 538 3861 τὴν
610 3792 1017 3862 Ἀλεξάνδρειαν
1069 3796 1207 3865 πρὸς
1268 3794 1369 3857 τὰς
1421 3796 1521 3860 σὰς
1585 3799 2007 3871 ἐπισυναχθῆναι

2113 3800 2438 3856 Alexandria
2460 3800 2526 3854 ad
2550 3811 2674 3854 tuos
2698 3798 2969 3854 clamores
2995 3805 3382 3867 congregetur.
3411 3797 3527 3851 Non
3555 3803 3698 3852 nmi-

437 3885 709 3953 κραυγὰς.
742 3885 948 3956 Χρόνος
976 3885 1038 3939 τὸ
1068 3887 1273 3956 μεταξὺ
1304 3888 1505 3953 ἱκανὸς,
1535 3891 1627 3942 καὶ
1655 3890 1683 3943 ό
1706 3889 1848 3955 θεῖος
1873 3893 2007 3946 ἐκεῖ·

2118 3903 2230 3947 tum
2264 3893 2574 3948 intercessit
2608 3890 2892 3959 temporis,
2929 3899 2984 3944 et
3013 3890 3096 3944 vir
3122 3889 3212 3944 ille
3244 3890 3465 3945 divinus
3493 3891 3700 3959 migra»

437 3993 527 4040 νος
552 3979 690 4050 ἀνὴρ
715 3980 852 4049 πρὸς
881 3978 1087 4050 Κύριον
1133 3981 1385 4051 ὲκδημεῖ,
1418 3982 1476 4035 ἐν
1506 4000 1612 4035 τινι
1664 3984 2007 4057 σμικροτάτῳ

2118 3987 2195 4038 vit
2229 3983 2293 4038 ad
2327 3983 2633 4048 Dominum,
2665 3997 2790 4037 cum
2825 3990 2972 4038 esset
3005 3981 3056 4035 in
3087 3996 3249 4050 parva
3280 3982 3513 4052 quadam
3539 3980 3701 4043 cella,

438 4070 637 4139 κελλίῳ
687 4067 783 4137 ὣν,
817 4070 845 4124 ὃ
874 4072 1013 4125 κατὰ
1040 4073 1139 4141 τὴν
1170 4072 1473 4144 λεγομένην
1513 4073 1858 4130 Ἡλιούπολιν
1881 4093 2007 4146 κτη-

2121 4094 2280 4148 quam
2314 4083 2697 4131 construxerat
2732 4074 2786 4127 iu
2823 4074 2966 4137 loco,
3003 4088 3125 4143 quia:
3161 4074 3360 4128 dicitur
3388 4072 3551 4127 Porta
3582 4071 3698 4145 (I7)

442 4162 673 4232 σάμενος
700 4157 788 4234 ἦν,
825 4163 946 4217 καθ’
975 4164 1043 4235 ἢν
1066 4164 1260 4236 μικρόν
1280 4181 1331 4218 τι
1353 4164 1641 4237 εὐκτήριον
1663 4168 1728 4219 ἐκ
1761 4168 2007 4234 γειτόνωι

2122 4170 2293 4233 solis,
2324 4168 2375 4221 in
2408 4184 2511 4238 qua
2546 4165 2816 4235 quoddam
2860 4180 3084 4234 parvum
3127 4165 3335 4221 habens
3373 4164 3698 4231 oratorium,

440 4253 602 4324 ἔχων,
640 4256 837 4318 πολλάς
867 4259 924 4309 ὲν
949 4257 1095 4326 αὐτῷ
1128 4257 1378 4322 συνάξεις
1411 4259 1606 4313 ἐποίει.
1636 4259 1807 4314 Ἔνθα
1831 4260 1893 4332 δὴ
1927 4262 2007 4313 καλ

2122 4260 2355 4317 faciebat
2386 4259 2439 4312 in
2471 4272 2537 4312 eo
2571 4255 2769 4311 multas
2798 4270 3050 4327 synaxes.
3080 4254 3203 4322 Quo
3235 4257 3290 4311 in
3320 4255 3439 4312 loco
3468 4266 3704 4327 enim»:

440 4349 728 4419 ἠθροίζετο
784 4348 918 4402 πολύ
950 4366 1001 4402 τι
1039 4348 1148 4403 τῶν
1181 4350 1436 4420 ἀσέμνων
1493 4352 1766 4421 γυναικῶν
1797 4351 2000 4421 πλῆθος

2125 4352 2353 4422 gabatur
2390 4349 2555 4403 etiam
2604 4336 2893 4401 multitudo
2941 4344 3342 4426 impudicorum
3387 4350 3699 4412 mulierum,

444 4439 635 4509 ἱκανῆς
668 4439 799 4510 παρ’
831 4439 998 4494 αὐτοῦ
1047 4441 1145 4511 τῆς
1174 4441 1473 4511 θεραπείας
1501 4442 1846 4513 ἀξιούμεναι,
1874 4444 2007 4498 ὥστε

2128 4455 2247 4509 quae
2272 4437 2744 4508 consequebantur
2773 4436 2840 4490 ab
2870 4435 3324 4501 eo-curatiOnem,
3353 4437 3489 4493 adeo
3523 4444 3581 4492 ut
3603 4436 3709 4507 qui-

445 4534 690 4597 καὶτοὺς
723 4534 812 4587 τὸν
863 4533 1085 4604 ἐμπαθῆ
1141 4522 1436 4596 διώκοντας
1474 4532 1608 4604 βίον,
1667 4536 1830 4607 χολᾷν
1869 4535 2007 4604 αὑτᾷ

2128 4533 2293 4588 vitam
2320 4531 2551 4602 agebant
2577 4529 3007 4599 libidinosanyet
3026 4530 3410 4600 voluptariam,
3426 4530 3473 4584 ei
3493 4528 3702 4585 irasce-

443 4626 538 4679 καὶ
568 4624 905 4696 ὀργίζεσθαι,
968 4623 1207 4696 πονηροῦ
1241 4625 1568 4695 πράγματος
1614 4625 1774 4697 δῆθεν
1821 4627 2007 4699 ἐκείνῳ

2127 4628 2317 4674 rentur
2347 4629 2402 4675 et
2437 4626 2858 4684 suecenserent,
2889 4628 2949 4674 ut
2974 4619 3061 4674 cui
3088 4627 3311 4689 propter
3348 4632 3463 4673 rem
3502 4617 3701 4674 malam

442 4719 935 4788 διαφθονουμένους
960 4757 975 4784 ,
1012 4718 1125 4787 καὶ,
1158 4719 1223 4772 ’Ὢ
1252 4718 1371 4782 πῶς
1400 4718 1699 4787 ἐξεγένετο,
1735 4718 2016 4789 λέγοντας,

446 4808 523 4878 τῷ
553 4809 829 4863 ἀπατεῶνι
854 4809 1122 4874 τοσαύτας
1151 4809 1377 4863 ὲλκῦσαι
1406 4809 1541 4881 πρὸς
1572 4812 1764 4865 ἑαυτόν
1790 4829 1804 4878 ;

514 4900 615 4955 ΞΔ.
660 4900 1038 4972 Κοιμηθὲντος
1084 4898 1199 4968 οὖν,
1232 4901 1419 4972 ὥσπερ
1450 4901 1688 4973 εἴρηται,
1724 4903 1818 4957 καὶ
1850 4904 1986 4974 μηδε
2007 4931 2022 4945 ο

446 4990 533 5056 νὸς
562 4992 908 5063 αἰσθομένου,
958 4992 1247 5062 ἐφίσταταί
1274 5010 1360 5057 τις
1390 4992 1731 5064 παραχρῆμα
1773 4992 2016 5065 δύσμορ-

445 5100 545 5154 φος
592 5081 785 5155 Αἰθίοψ
834 5081 913 5154 τῷ
960 5084 1251 5155 ραπίσαντι
1309 5083 1474 5137 αὑτὸν
1531 5082 1864 5153 ἀκολάστῳ,
1922 5084 2018 5137 καὶ

448 5177 598 5231 παίει
627 5175 766 5246 βαρύ
800 5192 852 5229 τι
900 5175 993 5230 καὶ
1016 5175 1229 5229 ἔντονον
1256 5172 1405 5244 αὐτῷ
1426 5173 1568 5227 κατὰ
1610 5173 1721 5228 τῶν
1777 5173 2022 5244 παρειῶν

453 5265 726 5336 ῥάπισμα,
750 5264 925 5330 οὕτως
958 5264 1215 5336 ἰσχυρῶς,
1240 5264 1316 5330 ὡς
1367 5264 1459 5319 τὸν
1509 5265 1706 5336 κρότον
1742 5264 1872 5335 ἄχρι
1928 5265 2021 5318 καὶ

457 5356 720 5425 μηκίστου
748 5356 842 5412 τοῦ
870 5358 1241 5430 διαστήματος
1266 5358 1531 5412 ἀκουστὸν
1553 5356 1830 5427 γενέσθαι,
1871 5357 2021 5410 ἐπει-

454 5449 578 5503 πεῖν
606 5466 662 5503 τε
693 5450 861 5520 αὐτῷ’
897 5452 1056 5521 Δέξαι
1081 5451 1230 5507 τουτὶ
1252 5450 1314 5505 τὸ
1336 5452 1608 5522 ῥάπισμα,
1642 5451 1778 5521 ὅπερ
1805 5451 1833 5504 ὀ
1866 5466 2025 5520 μονα·

451 5539 546 5611 κός
578 5558 662 5595 σοι
695 5540 939 5608 Βιτάλιος
991 5547 1304 5617 πέπομφεν,
1351 5544 1427 5609 ὡς
1462 5546 1742 5615 προεῖπεν.
1810 5541 2020 5599 Αὐτίκα

2124 4710 2336 4764 scilicet
2360 4708 2685 4775 inviderent,
2727 4707 3011 4763 dicentes:
3041 4708 3324 4775 Quomodo
3357 4707 3473 4763 fieri
3500 4707 3698 4779 potuit,

2130 4811 2188 4856 ut
2209 4801 2295 4855 hic
2317 4802 2578 4870 impostor
2602 4810 2711 4855 tam
2743 4801 2940 4855 multas
2974 4801 3042 4856 ad
3064 4816 3124 4857 se
3154 4800 3490 4856 attraxerit?

2200 4891 2384 4948 LXIV.
2410 4892 2546 4949 Cum
2579 4894 2893 4950 dormiisset
2924 4908 3076 4965 ergo,
3110 4892 3252 4949 sicut
3274 4892 3479 4948 dictum
3505 4903 3608 4961 est,
3642 4904 3704 4949 et

2127 5001 2287 5043 nemo
2327 4985 2623 5054 sensisset,
2665 4986 2873 5041 accedit
2915 4995 3134 5057 repente
3171 4986 3393 5056 quidam
3432 4984 3696 5042 deformis

2128 5079 2381 5150 Ethiops
2420 5082 2486 5133 ad
2539 5079 2712 5134 virum
2761 5077 3145 5144 libidinosum,
3187 5079 3280 5148 qui
3316 5079 3364 5133 ei
3408 5076 3697 5147 colaphum

2130 5172 2448 5243 impegerat,
2478 5180 2535 5227 et
2567 5171 2686 5241 ejus
2714 5171 2865 5240 genis
2895 5170 3087 5226 incutit
3123 5184 3342 5241 gravem
3374 5177 3430 5225 et
3459 5168 3703 5224 validum

2131 5262 2455 5332 colaphum,
2497 5264 2634 5317 adeo
2665 5271 2722 5316 ut
2746 5263 2861 5332 ejus
2897 5276 3064 5318 sonus
3104 5262 3173 5318 ad
3212 5262 3505 5316 maximum
3533 5275 3711 5329 usque

2128 5355 2367 5425 spatium
2424 5353 2592 5409 fuerit
2649 5354 2958 5412 exauditus.
3016 5352 3119 5421 Qui
3174 5354 3369 5409 deinde
3416 5353 3467 5409 ei
3522 5353 3700 5408 dixit:

2129 5449 2331 5519 Accipe
2360 5449 2504 5504 hunc
2528 5447 2833 5518 colaphum,
2867 5464 3026 5519 quem
3050 5447 3119 5503 ad
3151 5457 3204 5504 te
3231 5448 3379 5504 misit
3405 5448 3707 5505 mouach‘us

2134 5540 2351 5608 Vitatis,
2385 5541 2529 5598 sicut
2551 5538 2822 5610 praedixit.
2854 5538 3114 5596 Protinus
3146 5552 3277 5610 ergo
3301 5540 3466 5594 miser
3492 5537 3717 5593 voluta--

522 5724 635 5795 (I7)
680 5724 979 5798 Utrumque
1029 5725 1122 5781 Ms.
1158 5723 1404 5781 Graecum
1448 5724 1769 5794 Ἦλιόπολις,
1800 5731 1883 5780 ast
1912 5720 2007 5781 Ilet

2114 5723 2338 5795 uslegit
2400 5718 2738 5789 ’ῐιλιόπυ).ος,
2803 5718 2890 5776 cui
2954 5716 3226 5775 consentit
3265 5718 3433 5775 altera
3467 5715 3571 5772 vita
3611 5727 3715 5782 pen

451 5792 757 5853 l-t‘otttium.
