4138 6424
461 346 559 411 951

1690 346 1970 408 MENSIS
2008 347 2466 412 IANUARIUS.

3608 349 3715 413 952

452 452 613 507 batur
646 460 927 524 correptus
960 468 989 508 a
1037 454 1278 508 darmone
1306 497 1321 522 ,
1358 461 1415 509 ut
1452 454 1516 509 ad
1551 454 1725 523 ipsum
1766 454 1866 511 fuit
1900 473 2029 513 eon-

2139 458 2270 525 γοῦν
2299 460 2326 512 ὁ
2369 460 2553 522 ἄθλιος
2581 459 2825 515 ἐκυλίετο
2853 460 3125 530 δαιμονῶν
3145 478 3158 494 ·
3185 459 3278 514 καὶ
3324 457 3722 530 συνηθροίσθη-

452 552 670 613 gregata
716 553 827 600 tota
870 545 990 599 fere
1030 544 1355 599 Alexandria
1379 586 1394 612 ,
1436 546 1575 602 sicut
1606 547 1695 603 ille
1733 548 1817 603 vir
1852 549 2034 617 justus

453 636 800 701 pmdixerat.
843 632 976 689 Cum
1015 634 1201 704 itaque
1252 623 1338 688 vix
1386 636 1599 690 tandem
1645 646 1765 707 post
1806 638 2030 692 multum

455 731 669 792 tempus
702 723 767 777 ad
804 736 864 778 se
894 723 1154 788 redisset,
1201 726 1404 793 rumpit
1458 733 1672 791 vestes,
1715 736 1768 783 et
1806 742 2032 798 surgens

452 827 616 866 cursu
670 815 953 870 contendit
992 815 1057 868 ad
1100 816 1273 870 sancti
1316 815 1733 881 domunculam,
1777 818 2034 875 Miserere

453 904 582 969 mei,
607 904 874 973 clamans,
906 921 1063 962 serve
1089 907 1184 962 Dei
1214 907 1440 976 Vitalis,
1480 910 1572 980 qui
1606 912 1655 965 in
1684 912 1861 966 Deum
1893 922 1947 967 ct
1980 912 2031 966 in

452 1003 509 1051 te
540 996 766 1053 multum
804 999 1049 1068 peccavi.
1089 996 1353 1055 Omnibus
1384 1015 1514 1071 ergo
1556 1002 1896 1067 videntibus,
1939 1004 2032 1073 qui

455 1088 720 1158 aderant,
773 1100 1062 1161 postquam
1115 1092 1298 1149 domui
1356 1095 1501 1149 senis
1556 1095 2031 1165 appropinquavit,

455 1181 635 1247 ipsum
657 1183 870 1253 jaciens
902 1192 957 1240 et
991 1185 1310 1257 discerpens
1342 1187 1664 1244 daemonium
1698 1189 1924 1246 dimisit.

527 1357 692 1415 LXV.
728 1360 864 1417 Cum
898 1375 1031 1433 ergo
1060 1361 1179 1435 haec
1209 1361 1503 1430 vidissent,
1535 1363 1766 1436 ingressi
1799 1366 2031 1422 domun-

454 1448 662 1515 culam,
710 1450 1030 1506 invenerunt
1072 1458 1350 1521 sanctum,
1394 1455 1484 1523 qui
1525 1470 1664 1525 genu
1714 1455 1939 1512 ﬂexerat
1978 1471 2032 1514 et

457 1537 567 1593 Deo
595 1553 691 1607 per
733 1544 1101 1612 precationem
1143 1542 1381 1598 animam
1424 1549 1857 1604 commendatam
1896 1552 2033 1606 emi-

453 1636 620 1688 scrat.
655 1632 858 1688 Deinde
888 1635 1035 1690 humi
1085 1638 1431 1709 aspicientes,
1486 1640 1672 1695 vident
1702 1640 2028 1712 scripturam

450 1735 571 1789 qua:
607 1723 686 1780 sic
722 1724 998 1783 habebat:
1045 1727 1157 1783 Viri
1196 1730 1578 1797 Alexandrini,
1624 1733 1784 1787 nolite
1826 1734 2031 1805 aliquid

2138 567 2237 604 σαν
2276 551 2365 603 ἐπ’
2421 552 2572 623 αὐτῷ
2609 553 2809 625 μικροῦ
2845 556 2996 608 πᾶσα
3045 555 3079 625 ἡ
3140 551 3542 622 Ἀλεξάνδρεια,
3575 555 3718 607 κατὰ

2132 639 2229 711 τὴν
2263 641 2355 695 τοῦ
2401 642 2611 697 δικαίου
2662 646 2992 718 πρόρρησιν.
3047 645 3216 707 Μόλις
3247 644 3379 712 γοῦν
3412 661 3542 697 ποτε
3578 647 3720 715 μετὰ

2133 734 2334 806 πολλὴν
2366 733 2590 806 ὕστερον
2620 738 2716 809 τὴν
2749 736 2900 808 ὥραν
2935 736 3128 792 ἑαυτοῦ
3157 736 3450 806 γενόμενος
3482 736 3717 807 ῥήγνυσι

2132 823 2200 876 τά
2233 825 2442 895 ἱμάτια,
2476 828 2571 880 καὶ
2592 828 2885 891 διαναστὰς
2930 828 3117 899 δρόμῳ
3166 828 3305 896 προς
3332 826 3423 879 τὸν
3450 824 3546 879 τοῦ
3567 826 3718 880 ὁσίου

2133 914 2375 968 οἰκίσκον
2408 916 2626 987 ἐχώρει,
2690 916 2944 985 Ἐλέησόν
2991 933 3079 984 με,
3137 916 3380 986 κράζων,
3426 914 3521 967 τοῦ
3578 914 3719 968 Θεοῦ

2131 1003 2284 1057 δοῦλε
2314 1005 2552 1073 Βιτάλιε,
2584 1008 2798 1078 μεγάλα
2818 1009 2899 1072 εἰς
2925 1004 3059 1060 Θεδν
3085 1007 3179 1060 καὶ
3206 1007 3265 1059 σὲ
3296 1006 3720 1077 άμαρτήσαντα.

2134 1096 2362 1151 Πάντων
2402 1094 2496 1153 οὖν
2520 1098 2771 1170 ὁρώντων
2818 1101 2932 1153 ὅσοι
2964 1098 3233 1169 παρόντες
3266 1097 3459 1167 ἔτυχον
3482 1137 3497 1162 ,
3534 1096 3610 1160 ὡς
3642 1096 3723 1167 τῷ

2133 1186 2361 1259 οἰκίσκῳ
2388 1188 2480 1242 τοῦ
2530 1189 2786 1261 γέροντος
2823 1191 3044 1261 ἦγγισε,
3087 1189 3249 1262 ῥίψαν
3283 1188 3448 1242 αὐτὸν
3497 1188 3560 1241 τὸ
3599 1187 3721 1241 δαι-

2139 1280 2322 1349 μόνιον
2342 1282 2437 1335 καὶ
2469 1281 2753 1352 σπαράξαν
2779 1282 3011 1352 ἀφῆκεν.

2204 1372 2320 1425 ΞΕ¹.
2358 1371 2514 1427 Ἐπεὶ
2547 1367 2640 1427 οὖν
2696 1374 2869 1428 ταῦτα
2900 1370 3076 1435 εἶδον,
3133 1372 3265 1426 εἴσω
3313 1370 3407 1425 τοῦ
3467 1370 3711 1425 οἰκίσκου

2135 1463 2439 1531 γενόμενοι,
2472 1457 2633 1535 εὗρον
2681 1464 2774 1519 τὸν
2811 1465 2958 1518 ὅσιον
3003 1464 3095 1519 ἐπὶ
3145 1464 3275 1533 γόνυ
3311 1464 3588 1531 κλιθέντα,
3622 1465 3717 1519 καὶ

2134 1555 2255 1627 Θεῷ
2283 1557 2374 1610 διὰ
2421 1557 2730 1629 προσευχῆς
2757 1557 2858 1629 τὴν
2906 1557 3088 1628 ψυχὴν
3137 1557 3545 1627 παραθέμενον.
3586 1551 3721 1610 Εἶτα

2133 1648 2212 1719 τῷ
2247 1650 2433 1719 ἐδάφει
2476 1650 2915 1720 προσκύψαντες,
2959 1652 3182 1721 γραφὴν
3229 1650 3429 1718 ὁρῶσιν
3485 1647 3721 1717 ἔχουσαν

2134 1741 2340 1805 οὕτως’
2380 1742 2633 1811 ’Λνδρες
2680 1742 3121 1812 Ἀλεξανδρεῖς,
3149 1742 3236 1812 μὴ
3265 1740 3380 1809 πρὸ
3424 1741 3633 1810 καιροῦ
3665 1757 3723 1794 τι

443 1811 699 1881 judicare
731 1827 851 1872 ante
880 1827 1112 1889 tempus,
1145 1823 1309 1878 donec
1342 1826 1536 1878 venerit
1579 1823 1855 1881 Dominus.
1888 1825 2028 1882 Con-

2135 1834 2388 1902 κρίνετε,
2440 1807 2556 1900 ἕως·
2606 1807 2683 1889 ἂν
2737 1834 2885 1903 ἔλθη
2923 1807 2985 1889 όν
3012 1807 3248 1901 Κύρινοςτ.
3299 1807 3724 1900 (Εξωμολογεῖτο

451 1902 710 1960 litebatur
734 1907 917 1980 itaque
934 1911 1189 1967 omnibus
1216 1916 1577 1984 praesentibus
1608 1916 1677 1982 is,
1717 1917 1808 1986 qui
1833 1918 2033 1974 libera-

453 1999 542 2048 tus
570 1990 750 2050 fuerat
784 2011 816 2051 a
871 1998 1136 2068 daemone,
1174 2003 1315 2057 mala
1348 2018 1469 2073 qua:
1499 2013 1688 2060 sancto
1722 2006 1945 2073 fecerat,
1978 2014 2033 2062 et

451 2100 574 2155 qua
595 2086 802 2144 audivit
819 2091 1131 2160 prophetico
1150 2092 1219 2147 ab
1238 2108 1303 2149 eo
1323 2095 1490 2163 dicta,
1510 2111 1632 2167 quae
1653 2098 1816 2152 etiam
1837 2113 2032 2168 passus

451 2186 560 2231 est.
584 2174 827 2233 Fuerunt
850 2194 981 2251 ergo
1007 2181 1119 2235 haec
1148 2182 1331 2237 statim
1360 2186 1664 2240 renuntiata
1684 2186 2030 2255 patriarchae,

452 2274 510 2319 et
538 2266 654 2335 ipse
688 2282 813 2323 cum
846 2269 1007 2325 simul
1033 2272 1416 2328 venissetcum
1441 2281 1553 2331 toto
1575 2275 1747 2342 clero,
1783 2277 1873 2333 ubi
1905 2279 2034 2349 legit

452 2371 600 2425 eam,
630 2374 753 2431 qua:
783 2370 902 2417 erat
933 2363 1104 2431 humi,
1140 2366 1488 2437 scripturam,
1518 2369 1678 2440 paulo
1709 2380 1833 2440 post
1863 2372 2029 2428 dixit:

455 2448 513 2504 Si
538 2450 764 2507 fuissem
799 2453 1053 2511 inductus
1091 2456 1277 2512 verbis
1319 2473 1545 2526 eorum,
1595 2462 1686 2530 qui
1731 2462 2032 2518 calumnia-

454 2543 676 2609 bantur,
704 2542 899 2602 fuisset
931 2548 1065 2603 mihi
1098 2549 1353 2606 incussus
1385 2550 1474 2606 ille
1505 2552 1784 2624 colaphos.

460 2677 470 2684 .
523 2629 711 2689 LXVI.
747 2636 900 2692 Tunc
922 2637 1087 2693 etiam
1112 2651 1475 2712 congregatur
1495 2643 1809 2699 universum
1837 2655 2032 2716 agmen

453 2726 800 2782 meretricum
840 2728 909 2783 ad
954 2731 1101 2801 justa
1143 2731 1390 2789 facienda
1433 2738 1744 2793 venerando
1793 2740 2031 2809 corpori.

453 2818 587 2885 Quae
633 2819 851 2891 quidem
904 2837 1028 2878 eum
1074 2824 1374 2882 efferebant
1420 2835 1554 2882 cum'
1603 2831 1941 2888 aromatibus
1981 2844 2037 2889 et

453 2910 815 2982 lampadibus,
835 2915 994 3001 valde
1019 2916 1279 2975 debentes
1305 2921 1665 2991 privationem
1689 2922 1809 2994 ejus
1834 2926 2036 2981 decu-i-

456 3020 560 3072 nte,
591 3021 621 3061 a
653 3023 759 3079 qua
795 3011 862 3065 ad
889 3026 983 3069 eas
1011 3029 1205 3086 magna
1242 3017 1497 3073 manabat
1540 3019 1778 3089 utilitas,
1815 3031 1868 3077 et
1909 3032 2037 3079 tunc

453 3101 799 3168 exponebant
835 3103 955 3175 ejus
1000 3108 1203 3173 vitam,
1246 3109 1312 3166 iis
1346 3126 1467 3180 quae
1512 3112 1833 3194 dicebantur
1875 3116 2032 3172 tidem

451 3194 705 3252 omnibus
735 3197 907 3254 modis
936 3199 1218 3268 facientes,
1255 3205 1400 3272 quod
1440 3219 1544 3259 non
1575 3206 1644 3260 ob
1671 3208 1888 3278 aliquod
1918 3225 2033 3264 ma-

452 3282 564 3339 lum
595 3286 662 3342 ad
691 3300 785 3343 eas
810 3287 1235 3359 ingrediebatur,
1264 3300 1317 3346 et
1341 3308 1440 3348 nec
1471 3294 1619 3350 visus
1643 3298 1713 3350 sit
1739 3296 2030 3353 ulliearnm

452 3392 523 3434 ne
548 3392 767 3434 manum
802 3382 1017 3452 quidem
1048 3383 1378 3449 admovisse,
1412 3397 1506 3441 aut
1535 3388 1603 3444 ad
1639 3389 1778 3447 latus
1813 3393 2033 3449 omnino

452 3469 799 3526 accubuisse.
831 3472 911 3525 Ad
938 3486 1032 3528 eos
1063 3483 1267 3537 autem,
1297 3479 1388 3546 qui
1422 3478 1633 3534 illarum
1670 3482 2034 3550 reprehende-

453 3560 585 3614 bant
612 3561 888 3617 silentium
912 3603 927 3629 ,
961 3573 1017 3620 et
1047 3565 1303 3622 dicebant
1343 3585 1436 3626 eas
1468 3571 1634 3627 luisse
1686 3573 1870 3628 multis
1907 3590 2035 3629 eau-

452 3666 570 3706 sam
606 3648 945 3721 oliensionis,
994 3656 1137 3713 illius
1183 3670 1513 3729 praeceptum
1569 3663 1915 3721 adducebant
1964 3666 2030 3720 ad

452 3742 541 3798 sui
565 3747 969 3804 excusationem
996 3790 1010 3813 ,
1036 3759 1091 3806 et
1112 3766 1236 3822 qua:
1263 3769 1292 3807 a
1318 3754 1564 3810 daemone
1600 3755 1801 3812 inﬂicta
1834 3759 2026 3825 fuerat,

449 3831 688 3905 plagam,
717 3836 782 3891 ad
814 3837 1156 3908 disciplinam
1193 3841 1243 3897 ei
1279 3857 1399 3911 quae
1438 3859 1544 3899 non
1577 3846 1873 3903 obcdierat.
1914 3847 2032 3920 Ipse

450 3932 654 3989 autem,
685 3927 775 3992 qui
818 3928 1105 3999 colaphum
1148 3933 1367 3988 dederat
1405 3943 1459 3991 ct
1504 3948 1691 3993 contra
1721 3951 2026 4009 acceperat,

451 4028 731 4085 nunquam
782 4019 1095 4083 intermisit,
1122 4037 1255 4095 .cum
1283 4026 1493 4082 daemon
1535 4045 1655 4084 eum
1695 4031 2026 4102 reliquisset,

451 4102 596 4159 beati
625 4107 916 4175 sepulchro
939 4112 1201 4181 assidere,
1235 4117 1378 4186 quod
1412 4117 1660 4174 eiiectum
1691 4130 1774 4177 est
1808 4123 2026 4178 thesau-

450 4206 545 4248 rus
573 4194 865 4251 multorum
907 4201 1327 4271 miraculorum,
1365 4215 1421 4261 et
1457 4207 1604 4264 illius
1638 4225 2031 4267 commemora-

453 4281 657 4338 tionem
702 4287 770 4340 de
820 4302 971 4343 more
1019 4304 1142 4346 eum
1204 4293 1430 4363 psalmis
1477 4311 1763 4369 peragere.
1822 4300 2028 4358 Deinde

447 4374 638 4443 paucis
655 4387 779 4446 post
800 4381 957 4435 annis
975 4383 1302 4443 detondetur
1333 4388 1386 4442 in
1416 4392 1746 4445 monasterio
1775 4394 2024 4448 monachi

2132 1925 2425 1996 τοιγαροῦν
2452 1927 2544 1979 ἐπὶ
2583 1926 2801 1981 πάντων
2845 1928 2873 1980 ὁ
2911 1925 3006 1978 τοῦ
3054 1926 3309 1996 δαίμονος
3344 1925 3558 1988 ἀνεθεὶς
3594 1924 3629 1977 ἆ
3660 1940 3721 1977 τε

2135 2018 2424 2089 εἴργασται
2449 2035 2584 2089 πονη
2595 2018 2661 2089 ρὰ
2688 2017 2830 2071 κατὰ
2853 2017 2948 2070 τοῦ
2975 2017 3209 2081 δικαίου,
3236 2018 3333 2070 καὶ
3355 2016 3502 2085 άπερ
3518 2015 3721 2087 ἢκουσε

2134 2108 2491 2178 προφητικῶς
2517 2109 2653 2181 παρ’
2691 2108 2858 2164 αύτοῦ
2898 2110 3154 2181 ρηθέντα,
3188 2108 3224 2163 ἃ
3251 2110 3316 2181 δὴ
3372 2110 3468 2163 καὶ
3520 2109 3723 2161 πέπον-

2135 2198 2246 2253 θεν.
2292 2201 2595 2272 Ἀνηγγέλη
2627 2201 2720 2256 οὖν
2754 2202 2926 2256 ταῦτα
2960 2203 3306 2273 παραχρῆμα
3327 2202 3406 2272 τῷ
3441 2201 3716 2271 πατριάρ-

2134 2303 2227 2360 χῃ,
2261 2291 2358 2343 καὶ
2387 2290 2552 2353 αὐτὸς
2582 2290 2699 2362 ἅμα
2726 2292 2893 2345 παντὶ
2914 2291 2992 2361 τῷ
3025 2291 3214 2362 κλήρῳ
3242 2291 3718 2362 παραγενόμενος,

2132 2383 2207 2443 ὡς
2227 2382 2439 2448 ἀνέγνω
2462 2382 2563 2452 τὴν
2589 2383 2683 2435 ἐπὶ
2700 2381 2795 2435 τοῦ
2828 2382 3058 2452 ἐδάφους
3089 2382 3333 2454 γραφὴν,
3376 2382 3506 2453 παρ’
3537 2381 3721 2448 ὀλίγον

2132 2472 2310 2547 εἶπεν·
2337 2474 2396 2527 Εἰ
2409 2477 2520 2538 τοῖς
2540 2474 2718 2543 λόγοις
2734 2474 2841 2527 τῶν
2862 2474 3322 2527 ὲνδιαϐαλλόντων
3337 2473 3605 2543 ὑπαχθεὶς
3628 2468 3720 2544 ἦν,

2135 2567 2260 2639 ἐμοὶ
2292 2566 2359 2620 ἂν
2380 2567 2554 2620 ἐκεῖνο
2589 2566 2934 2637 ὲπεκροτήθη
2961 2567 3021 2620 τὸ
3047 2566 3320 2638 ῥάπισμα.

2210 2655 2348 2724 EG".
2386 2656 2522 2710 Τότε
2565 2656 2630 2727 δὴ
2662 2655 3107 2727 συναθροίζονται
3150 2655 3330 2709 καὶτὸ
3362 2655 3471 2709 τῶν
3510 2655 3725 2726 πορνῶν

2135 2749 2282 2803 ἆπαν
2310 2748 2516 2820 σμῆνος
2543 2746 2681 2820 πρὸς
2707 2746 2806 2818 τὴν
2858 2746 2952 2800 τοῦ
2977 2747 3163 2818 τιμίου
3191 2747 3444 2818 σώματος
3468 2744 3718 2815 κηδείανο

2135 2839 2563 2911 προεκομίζοντό
2607 2855 2667 2891 τε
2700 2837 2830 2892 αὐτὸ
2854 2838 3113 2910 ἀρώμασι
3168 2837 3264 2890 καὶ
3296 2835 3571 2907 λαμπάσι,
3619 2836 3721 2906 τὴν

2137 2931 2392 3003 στέρησιν
2420 2929 2677 3000 ἐκθύμως
2698 2929 3130 2995 ἀποκλαιόμεναι
3154 2929 3255 2997 τῆς
3286 2928 3420 2982 πολὺ
3442 2928 3501 2981 τὸ
3525 2927 3724 2997 ὠφέλι-

2139 3041 2238 3092 μον
2270 3022 2500 3095 ῥεούσης
2526 3020 2691 3076 αὐτοῦ
2720 3022 2962 3093 διδαχῆς.
3014 3022 3307 3092 ἔξηγοῦντᾶ
3336 3039 3396 3074 τε
3429 3022 3523 3075 τὸν
3549 3018 3718 3074 αύτοῦ

2139 3114 2273 3184 βίον,
2299 3116 2480 3169 πᾶσαν
2509 3115 2691 3169 πίστιν
2724 3117 2835 3177 τοῖς
2854 3114 3171 3183 λεγομένοις
3202 3114 3527 3181 ὲπάγουσαι,
3562 3111 3635 3174 ὡς
3657 3112 3719 3164 ού

2138 3208 2283 3262 κατά
2323 3224 2377 3260 τι
2430 3206 2668 3276 πονηρὸν
2707 3206 2806 3277 τὴν
2862 3206 2999 3278 πρὸς
3029 3207 3200 3270 αὐτὰς
3233 3204 3435 3259 εἴσοδον
3490 3206 3719 3269 ποιοῖτο,

2135 3297 2256 3351 οὔτε
2290 3297 2398 3369 μὴν
2449 3297 2642 3368 ὀφθείη
2673 3298 2802 3351 ποτε
2832 3288 2937 3350 ύπδ
2984 3298 3113 3368 μιᾶς
3173 3295 3354 3350 αὐτῶν
3399 3296 3519 3350 οὐδὲ
3571 3294 3721 3368 χειρὶ

2134 3392 2291 3461 χεῖρα
2312 3389 2656 3461 προσϐαλὼν,
2689 3388 2722 3460 ἦ
2756 3389 2848 3443 ἐπὶ
2886 3390 3130 3458 πλευρὰν
3155 3391 3294 3452 ὅλως
3343 3388 3712 3444 κατακλιθείς.

2136 3482 2277 3554 Πρὸς
2316 3483 2499 3552 μέντοι
2527 3483 2655 3545 τοὺς
2693 3481 3060 3550 ἐγκαλοῦντας
3090 3482 3317 3544 ταύταις
3360 3480 3458 3553 τὴν
3485 3481 3710 3548 σιωπὴν,

2135 3576 2230 3628 καὶ
2255 3575 2337 3627 ὃτι
2368 3572 2582 3637 πολλοῖς
2603 3572 2853 3626 ἐντεῦθεν
2878 3573 3174 3627 σκανδάλου
3201 3573 3492 3641 γεγόνασιν
3523 3570 3712 3635 αἴτιαι,

2134 3665 2231 3736 τὴν
2253 3665 2464 3719 ἐκείνου
2497 3665 2876 3736 παραγγελίαν
2916 3665 2997 3728 εἰς
3036 3665 3339 3733 ἀπολογίαν
3371 3665 3717 3735 προέτειναν,

2135 3758 2229 3811 καὶ
2257 3756 2354 3828 τὴν
2381 3756 2486 3810 ὑπὸ
2523 3755 2777 3827 δαίμονος
2817 3755 3206 3826 ἐπισκήψασαν
3241 3758 3322 3820 εἰς
3361 3754 3613 3808 παιδείαν
3646 3755 3713 3823 τῇ

2134 3847 2530 3921 παρακουσάσῃ
2564 3849 2828 3917 μάστιγα.
2876 3846 3047 3909 Αὐτὸς
3091 3845 3149 3898 δὲ
3184 3847 3211 3898 ὁ
3258 3846 3318 3897 τὸ
3346 3845 3602 3915 ῥάπισμα
3633 3843 3722 3895 δε-

2131 3939 2321 4002 δωκὼς
2354 3940 2449 3991 καὶ
2474 3937 2778 3992 ἀντιλαϐὼν
2808 3938 2868 3989 ού
2900 3936 3139 3992 διέλειπέ
3166 3954 3317 4001 ποτε,
3350 3934 3444 3989 τοῦ
3465 3935 3719 4006 δαίμονος

2132 4030 2292 4083 αὐτὸν
2315 4029 2549 4093 ἀνέντος,
2576 4029 2654 4100 τῷ
2686 4029 2844 4098 τάφῳ
2868 4028 3246 4099 προσεδρεύων
3286 4027 3379 4081 τοῦ
3414 4027 3712 4096 μακαρίου,

2132 4122 2390 4194 θησαυρῷ
2429 4121 2640 4175 πολλῶν
2666 4120 2966 4192 χρημάτων
2994 4120 3393 4189 ἀποδειχθέντι,
3447 4119 3547 4188 τὴν
3582 4117 3718 4186 μνη-

2134 4233 2241 4285 μην
2263 4232 2323 4268 τε
2352 4214 2448 4269 καὶ
2471 4214 2567 4285 τὴν
2600 4215 2811 4267 ἐκείνου
2844 4212 2983 4265 κατά
3031 4212 3091 4266 τὸ
3126 4212 3246 4276 ἔθος
3270 4211 3359 4265 διὰ
3389 4209 3716 4279 ψαλμῳδίας

2131 4306 2474 4377 ποιούμενος.
2528 4301 2664 4371 Εἶτα
2700 4306 2797 4358 καὶ
2844 4305 3061 4376 χρόνοις
3120 4305 3321 4371 ὀλίγοις
3376 4302 3602 4373 ὕστερον
3648 4303 3714 4370 τῇ

2135 4401 2268 4469 μονῇ
2294 4397 2385 4450 τοῦ
2415 4398 2649 4467 μοναχοῦ
2672 4397 2967 4466 Σερίδωνος
2986 4395 3480 4468 ἀποκείρεταιλτδ]
3506 4397 3600 4447 καὶ
3622 4392 3716 4445 τοῦ

451 4465 734 4527 ﬁnitionis
764 4489 778 4525 :
806 4481 860 4527 et
887 4489 1008 4530 cum
1040 4475 1114 4530 illi
1140 4475 1330 4535 fuisset
1359 4481 1551 4536 tradita
1581 4480 1640 4537 Β.
1668 4482 1860 4538 Vitalis
1890 4485 2023 4540 cella

2135 4489 2277 4542 θείου
2310 4489 2557 4541 Βιταλίου
2585 4489 2793 4543 κελλίον
2824 4491 2967 4543 κατὰ
2994 4489 3196 4559 πολλὴν
3226 4489 3323 4560 τὴν
3364 4488 3502 4560 πρὸς
3552 4486 3716 4538 αὑτὸν

450 4573 676 4632 propter
693 4580 942 4637 magnam
971 4568 1023 4623 in
1054 4570 1227 4641 ipsum
1255 4572 1435 4641 ﬁdem,
1461 4575 1569 4630 illic
1600 4575 1763 4629 vitam
1787 4577 2026 4646 quietam

450 4652 511 4707 in
565 4655 782 4714 silentio
832 4663 1096 4735 transegit
1140 4675 1422 4735 perpetuo,
1470 4667 1644 4723 donec
1680 4673 1927 4739 pervenit
1961 4672 2028 4725 ad

448 4745 613 4801 tinem
654 4749 778 4805 vitae
816 4757 1122 4821 praesentis.
1170 4756 1440 4813 Praeterea
1485 4768 1664 4814 autem
1712 4763 2024 4832 patriarcha

449 4852 666 4909 quoque
693 4857 922 4914 magnas
950 4848 1060 4903 Deo
1088 4850 1285 4919 agebat
1313 4851 1540 4920 gratias,
1575 4855 1717 4922 quod
1758 4870 1863 4909 non
1899 4870 2022 4924 pcr-

448 4930 710 4998 misisset,
745 4945 805 4990 ut
834 4937 1036 5006 aliquid
1060 4940 1266 4995 diceret
1296 4950 1390 4996 aut
1434 4945 1704 5014 cogitaret
1743 4947 2021 5016 indignum

445 5022 606 5077 beata
639 5023 727 5079 illa
775 5033 831 5082 ct
864 5027 1095 5098 gioriosa
1141 5033 1346 5087 anima.
1391 5036 1604 5106 Alioqui
1645 5048 1821 5092 autem
1871 5040 2024 5093 multi

447 5125 664 5183 quoque
709 5130 776 5171 ex
824 5119 911 5184 iis,
954 5122 1043 5190 qui
1095 5124 1415 5181 habitabant
1466 5129 1876 5197 Alexandriam,
1914 5149 2026 5187 tue-

447 5202 615 5260 liores
635 5218 945 5275 evaseruut,
972 5214 1061 5282 qui
1090 5217 1344 5285 propensi
1371 5228 1529 5273 erant
1557 5220 1623 5274 ad
1652 5222 2025 5276 condemnan-

446 5293 596 5362 dum,
620 5306 674 5351 et
698 5299 836 5356 hanc
860 5303 1053 5359 malam
1074 5305 1379 5363 didicerant
1404 5314 1875 5371 consuetudinem.
1913 5314 2019 5371 Sed

445 5386 574 5442 talis
616 5390 834 5459 quidem
888 5405 1006 5451 erat
1077 5398 1162 5454 vir
1206 5399 1294 5457 ille
1339 5414 1602 5473 sanctus;
1665 5416 1718 5462 et
1763 5422 1853 5464 res
1907 5411 2025 5479 ejus

448 5479 550 5537 hoc
579 5484 738 5540 modo
765 5500 824 5541 sc
854 5487 1146 5549 habebant.
1402 5510 1407 5514 ’

2129 4582 2315 4636 πίστιν
2341 4580 2708 4652 ἐγχειρισθεὶς
2736 4581 3037 4637 διετέλεσεν
3069 4580 3212 4636 οὕτω
3232 4582 3323 4634 τὸν
3345 4582 3548 4651 ἥσυχον
3576 4579 3718 4631 ἐκεί-

2128 4691 2187 4727 σε
2217 4673 2417 4744 μετιὼν
2451 4673 2586 4742 βίον,
2623 4674 2753 4746 ἄχρι
2784 4674 2997 4728 καὶτοῦ
3031 4673 3299 4745 παρόντος
3324 4672 3441 4741 βίου
3470 4672 3529 4724 τὸ
3563 4670 3715 4731 τέλος

2127 4767 2380 4837 ἔσχηκεν.
2417 4767 2539 4819 Ἔτι
2568 4784 2630 4835 γε
2651 4769 2758 4836 μὴν
2788 4768 2882 4820 καὶ
2911 4768 2939 4818 ὁ
2966 4766 3312 4837 πατριάρχης
3338 4762 3538 4826 πολλὰς
3558 4762 3712 4831 ὠμο-

2125 4861 2274 4927 λόγει
2333 4859 2410 4930 τῷ
2465 4859 2587 4930 Θεῷ
2649 4860 2881 4933 χάριτας
2938 4859 3072 4928 παρ’
3122 4858 3150 4911 ὃ
3199 4856 3274 4928 μὴ
3330 4854 3713 4926 συγχωρηθείη

2126 4951 2345 5017 diviti-:th
2366 4969 2416 5003 τι
2434 4952 2768 5019 φθέγξασθαι
2795 4950 2828 5021 ἢ
2855 4950 3111 5019 ἐννοῆσαι
3139 4950 3237 5020 τῆς
3271 4950 3547 5018 μακαρίας
3574 4946 3715 4999 ἐκεί-

2129 5042 2337 5115 νηςκαὶ
2366 5044 2613 5112 ἀοιδίμου
2645 5041 2825 5112 ψυχῆς
2847 5059 2859 5072 ·
2894 5041 3067 5107 ἄλλως
3106 5058 3164 5094 τε
3194 5040 3251 5092 δὲ
3274 5042 3370 5094 καὶ
3401 5040 3584 5093 πολλοὶ
3604 5040 3713 5092 τῶν

2128 5137 2229 5207 τὴν
2268 5137 2676 5207 Ἀλεξάνδρειαν
2730 5139 3157 5203 κατοικούντων,
3193 5138 3261 5191 τὰ
3314 5137 3531 5207 μεγάλα
3557 5135 3713 5188 ἐδελ-

2129 5229 2427 5299 τιώθησαν,
2477 5230 2783 5302 προχείρως
2836 5233 2963 5300 περὶ
2991 5231 3051 5286 τὸ
3081 5233 3437 5303 κατακρίνειν
3469 5231 3707 5302 ἔχοντες,

2125 5321 2218 5374 καὶ
2259 5322 2361 5392 τὴν
2413 5322 2655 5393 πονηρὰν
2699 5322 2905 5392 ταύτην
2959 5324 3339 5392 ἀπομαθόντες
3393 5323 3708 5395 συνήθειαν.

2139 5412 2304 5465 Ἀλλὰ
2326 5412 2495 5475 ταῦτα
2520 5415 2615 5484 μὲν
2640 5414 2731 5469 τοῦ
2755 5415 2901 5469 ὁσίου
2924 5415 3117 5486 ἀνδρὶς
3137 5415 3349 5469 ἐκείνου
3367 5416 3598 5471 τοιαῦτα
3614 5415 3709 5469 καὶ

2126 5502 2298 5568 οὕτως
2322 5504 2533 5576 ἔχοντα.
