4138 6412
417 387 523 453 958

1379 382 1552 443 VITA
1596 380 1656 441 S.
1697 379 2016 442 JOANNIS
2054 378 2704 445 ELEEMOSYNARII.

3558 379 3668 448 95$

1869 541 2098 599 CAPUT
2136 541 2206 596 XI

1604 664 1903 719 Temeraria
1944 661 2156 733 judicia
2194 666 2433 721 manda.

479 796 597 855 EZ’.
640 798 896 870 Ἀρκέσει
951 799 1008 854 δε
1066 800 1161 855 καὶ
1203 800 1266 855 τδ
1297 802 1631 874 ῥηθήσεσθαι
1688 803 1881 875 μέλλον
1912 803 1984 867 εἰς

2166 802 2379 860 LXVII.
2423 804 2667 862 Sntliciet
2713 815 2895 863 autem
2939 806 2990 863 id
3022 822 3238 880 quoque
3273 810 3415 881 quod
3459 820 3544 867 est
3581 812 3668 867 di-

413 891 742 965 μαρτυρίαν,
767 893 915 956 ὃητως
943 891 1141 964 βραδὺς
1174 894 1253 958 εἰς
1285 896 1612 967 κατάκρισιν
1640 896 1936 968 ἐτύγχανεν
1962 898 1990 949 ὁ

410 984 725 1057 θαυμαστὸς
777 985 1147 1057 πατριάρχης.
1175 987 1315 1051 Νέος
1336 1005 1419 1052 τις
1442 988 1763 1051 ἀκολάστοις
1791 989 1992 1060 ὁρμαῖς

408 1077 711 1148 χρώμενος,
766 1076 872 1131 ἀνὰ
923 1076 1024 1148 τὴν
1066 1077 1223 1131 πόλιν
1268 1078 1496 1151 περιιών
1555 1078 1987 1150 Ἀλεξάνδρειαν,

407 1169 681 1242 παρθένον
700 1168 822 1222 τινὰ
842 1169 951 1222 τῶν
974 1170 1067 1223 τὸν
1100 1172 1393 1242 μοναχικὸν
1422 1172 1536 1244 βίον
1558 1171 1988 1242 ἀσπασαμένων,

406 1268 508 1338 τῆς
547 1266 766 1332 εὐθείας
799 1266 1214 1337 ἀποπλανήσας,
1246 1263 1366 1319 εἶτα
1407 1264 1733 1335 ἐντρύφημα
1761 1263 1858 1333 τῆς
1889 1262 1991 1316 αύ-

406 1360 502 1415 τοῦ
529 1360 757 1429 θέμενος
791 1358 1102 1429 ἀσελγείας,
1141 1363 1258 1430 μετ’
1283 1358 1469 1427 ὀλίγον
1494 1358 1576 1420 εἰς
1607 1355 1668 1409 τὸ
1694 1355 1991 1420 Βυζάντιον

413 1455 511 1507 σὺν
529 1454 669 1524 αὐτῇ
701 1452 1119 1524 ἀπέδρα.⁶’οπερ
1149 1452 1377 1523 μαθόντι
1401 1450 1478 1523 τῷ
1507 1449 1780 1520 θεσπεσίῳ
1811 1447 1990 1516 λύπης

412 1544 612 1614 πολλῆς
655 1541 894 1613 κατέστη
928 1544 1122 1596 αἴτιον.
1155 1542 1265 1595 Καὶ
1297 1541 1455 1595 τοῦτο
1475 1541 1539 1611 δὴ
1582 1541 1644 1594 τὸ
1676 1538 1770 1593 τοῦ
1801 1539 1988 1606 λόγου,

416 1637 594 1690 πάντα
634 1634 780 1688 λίθον
808 1635 999 1701 ἐκίνει,
1054 1630 1305 1688 σπεύδων
1337 1633 1537 1697 αὐτοὺς
1561 1634 1645 1706 δτι
1666 1633 1827 1702 τάχος
1854 1633 1988 1687 ἀνα-

410 1727 598 1781 λαϐεῖν
617 1725 712 1780 τοῦ
740 1725 1051 1797 πτώματος.
1095 1728 1306 1798 Χρόνου
1330 1725 1390 1779 δὲ
1422 1726 1481 1779 τὸ
1512 1726 1715 1797 μεταξὺ
1742 1726 1989 1792 διαγενο-

411 1818 598 1888 μένου,
637 1817 892 1889 διήγησιν
946 1818 1083 1887 πρός
1112 1835 1265 1883 τινας
1298 1818 1409 1873 τῶν
1454 1818 1549 1873 τοῦ
1579 1818 1785 1889 κλήρου
1811 1816 1988 1887 ψυχῆς

405 1906 679 1978 ὠφέλειαν
704 1908 952 1979 ἐμποιεῖν
974 1908 1302 1979 δυναμένην,
1334 1908 1431 1963 τοῦ
1461 1911 1737 1980 μακαρίου
1766 1909 1985 1979 διηγου-

409 1998 595 2069 μένου,
648 1999 744 2053 καὶ
773 2000 808 2071 ἡ
840 1999 933 2053 τοῦ
969 2000 1090 2054 νέου
1137 2001 1348 2054 ἐκείνου
1385 2002 1480 2056 καὶ
1527 2001 1830 2073 νεωτερικὰ
1858 2000 1988 2072 δρά-

407 2105 602 2154 σαντος
635 2089 826 2161 ἔτυχεν
868 2090 1043 2156 οὕτως
1073 2092 1477 2165 παρενεχθῆναι
1493 2110 1509 2125 ·
1532 2093 1590 2147 ὃν
1610 2093 1775 2157 εὐθὺς
1795 2096 1843 2146 οἱ
1861 2094 1983 2147 τότε

407 2181 681 2253 παρόντες
716 2183 1043 2256 κατέκρινόν
1065 2202 1125 2238 τε
1146 2185 1240 2238 καὶ
1261 2186 1640 2259 ἀπεκήρυττον
1663 2184 1739 2250 ώς
1762 2187 1825 2239 ὲκ
1855 2186 1984 2256 μιᾶς

407 2272 654 2338 ἃπαντες
692 2273 963 2345 γλώττης,
995 2277 1055 2330 ού
1074 2276 1168 2331 δύο
1204 2277 1384 2348 μόνων
1403 2277 1592 2347 ψυχῶν
1623 2277 1897 2331 ἀπώλειαν
1923 2276 1986 2330 τὸ

405 2364 735 2435 φαινόμενον
749 2366 934 2435 δφλειν
953 2367 1228 2436 λέγοντες,
1249 2368 1387 2423 ἀλλὰ
1408 2370 1505 2422 καλ⁵
1524 2370 1738 2423 πολλῶν
1758 2370 1983 2441 ἐτέρων,

401 2452 487 2522 οἷς
516 2459 596 2522 εἱς
613 2460 852 2530 πονηρὸν
879 2459 1117 2530 κατέστη
1147 2461 1520 2532 παράδειγμα.
1541 2463 1766 2527 Τούτοις
1794 2479 1984 2531 τοιγα-

407 2550 537 2618 ροῦν
563 2552 665 2621 τῆς
690 2552 983 2624 προχείρου
1014 2554 1221 2626 ταύτης
1251 2554 1701 2626 ἐπιμεμφόμενος
1716 2555 1984 2626 κατακρί-

405 2659 564 2710 σεως,
625 2644 717 2717 Μὴ
759 2645 955 2713 οὕτως,
1003 2643 1177 2713 εἶπεν,
1222 2641 1269 2701 ὦ
1297 2649 1483 2712 τέκνα,
1515 2648 1588 2719 μὴ
1618 2647 1830 2721 εύκολοί
1860 2650 1984 2702 ἐστε

403 2733 504 2801 τὴν
535 2735 782 2802 γλῶτταν
811 2737 873 2790 ἐν
904 2737 982 2808 τῷ
1027 2739 1308 2792 κατειπεῖν
1334 2738 1413 2809 τῷ
1450 2738 1701 2809 πλησίον,
1743 2739 1867 2792 ἐπεὶ
1891 2739 1986 2792 καὶ

405 2825 566 2895 ὑμεῖς
625 2826 843 2892 πάντως
893 2828 1016 2883 δυσὶ
1079 2833 1271 2895 κακοῖς
1332 2831 1556 2901 μέλλετε
1619 2831 1861 2884 πίπτειν
1902 2830 1986 2884 ἑνὶ

405 2917 529 2987 μὲν,
551 2917 644 2971 τοῦ
676 2919 752 2991 μὴ
800 2920 908 2991 πρό
938 2921 1134 2991 καιροῦ
1183 2939 1236 2975 τι
1285 2923 1495 2992 κρίνειν
1535 2923 1985 2992 διακελευομένου

400 3014 503 3078 τὴν
533 3010 755 3082 ἐντολὴν
794 3013 1262 3083 παραϐαίνοντεςο
1288 3014 1459 3087 ἑτέρῳ
1489 3015 1566 3081 δὲ,
1597 3017 1678 3069 ὅτι
1724 3014 1785 3068 τὸ
1819 3015 1985 3086 μέχρι

400 3101 497 3154 τοῦ
532 3102 951 3174 νῦν,γενόμενον
986 3105 1332 3172 ἀγνοοῦντες,
1353 3104 1548 3176 κριτὰς
1578 3106 1801 3168 ἑαυτοὺς
1842 3105 1985 3158 ἐκεί-

402 3210 498 3246 νου
543 3194 688 3249 κατὰ
733 3196 935 3267 πολλὴν
971 3197 1223 3262 καθίζετε
1267 3199 1368 3268 τὴν
1416 3198 1723 3268 εὐχέρειαν.
1755 3198 1985 3267 ’Ἄδηλον

403 3283 513 3355 γὰρ
544 3285 761 3348 πάντως
792 3286 902 3340 εἴτε
932 3290 1011 3351 εἰς
1047 3289 1208 3358 δεῦρο
1228 3288 1304 3358 τῷ
1334 3290 1691 3360 ἁμαρτήματι
1730 3290 1984 3361 παραμέ-

401 3391 574 3442 νουσι,
599 3376 631 3447 ἢ
660 3377 1018 3446 μετεϐάλοντο
1043 3381 1178 3450 πρὸς
1204 3380 1511 3451 διόρθωσιν.
1530 3380 1671 3451 Ἐγὼ
1698 3383 1768 3449 γά
1778 3400 1806 3451 ρ
1829 3398 1980 3447 ποτε,

402 3466 530 3538 ἔφη,
568 3467 681 3538 βίον
696 3468 845 3533 τινὸς
867 3470 975 3524 τῶν
999 3472 1250 3540 μεγάλων
1281 3473 1540 3544 Πατέρων
1566 3474 1980 3542 ἀναγινώσκων,
2010 3499 2053 3556 C

402 3559 629 3632 τοιούτῳ
652 3562 757 3616 τινὶ
792 3562 1062 3633 ὠφελείας
1089 3565 1272 3637 μεστῷ
1298 3568 1599 3641 διηγήματι
1634 3567 1978 3638 περιέτυχον.

401 3645 528 3720 Εἶχε
570 3651 626 3704 δὲ
653 3651 827 3717 οὕτως

474 3873 599 3930 EH’.
633 3875 732 3939 Εἰς
764 3873 942 3946 Τύρον
968 3874 1067 3947 τὴν
1104 3876 1262 3931 πόλιν
1292 3878 1519 3947 μοναχοὶ
1566 3876 1660 3929 δύο
1697 3875 1981 3930 διακονίαν

401 3967 574 4038 δήπου
607 3967 944 4040 πληροῦντες
981 3968 1242 4038 ἀφίκοντο
1269 3986 1282 4002 ·
1315 3969 1527 4039 θατέρῳ
1558 3969 1614 4021 δὲ
1656 3969 1864 4021 τούτων
1902 3969 1982 4031 είς

398 4060 564 4113 τόπον
602 4059 851 4130 παριόντι
880 4059 1003 4113 τινὰ
1040 4060 1139 4129 μία
1186 4060 1297 4114 τῶν
1337 4060 1578 4132 πορνῶν,
1619 4054 1688 4131 ἦς
1736 4056 1981 4128 τοῦνομα

399 4148 706 4218 Πορφυρία,
743 4150 927 4202 εἵπετο
943 4147 1245 4220 κράζουσα·
1278 4149 1463 4219 Πάτερ
1492 4147 1853 4218 τίμιε,σῶσόν
1887 4165 1977 4217 με,

397 4233 489 4293 οἶά
513 4256 645 4294 ποτε
671 4240 769 4313 τὴν
799 4240 1007 4311 πόρνην
1046 4240 1254 4311 Ἰησοῦς
1279 4241 1308 4294 ό
1331 4240 1586 4312 Χριστός.
1631 4239 1688 4294 '0
1717 4241 1774 4294 δὲ
1812 4240 1981 4310 μηδὲν

396 4332 509 4385 τῶν
538 4332 897 4402 ἀνθρωπίνων
945 4330 1434 4400 ὑπολογισάμενος,
1473 4330 1774 4401 λαϐόμενος
1808 4330 1981 4400 αὐτῆς

396 4425 499 4492 τῆς
538 4424 722 4495 χειρός
750 4424 856 4477 ὑπὸ
886 4422 1098 4476 πολλῶν
1129 4421 1382 4493 ὁρώντων
1412 4425 1525 4486 τοῖς
1563 4421 1860 4491 ὀφθαλμοῖς
1890 4421 1981 4474 διὰ

401 4517 570 4586 μέσης
604 4517 703 4584 τῆς
733 4516 939 4580 πόλεως
961 4513 1149 4583 ἔξεισι.
1179 4516 1339 4585 Φήμη
1378 4514 1669 4586 τοιγαροῦν
1698 4511 1976 4584 πανταχοῦ

394 4609 734 4680 διέρῤευσεν,
766 4609 842 4672 ώς
906 4608 990 4679 εἴη
1045 4611 1073 4662 ό
1127 4608 1359 4679 μοναχδς
1389 4609 1597 4669 ἐκεῖνος
1632 4610 1711 4671 εἰς
1742 4610 1978 4676 γυναῖκα

393 4702 493 4771 τὴν
515 4701 828 4772 Πορφυρίαν
852 4700 1053 4754 λαϐών.
1078 4700 1297 4754 Διιοῦσα
1315 4698 1425 4769 δὲή
1460 4700 1632 4770 πόρνη
1687 4700 1785 4753 σὺν
1826 4698 1977 4769 αύτῷ

2092 897 2345 960 cendnm,
2377 898 2443 951 ad
2483 899 2799 954 testandum
2852 915 3012 969 quam
3053 910 3200 957 esset
3244 904 3428 958 tardus
3469 904 3552 958 vir
3580 903 3673 960 ille

2093 986 2427 1044 admirabilis
2473 991 2540 1044 ad
2596 992 3127 1050 condemnationem.
3178 992 3408 1060 Quidam
3455 995 3671 1065 juvenis

2094 1077 2395 1147 impudicus
2425 1080 2704 1136 civitatem
2726 1081 2917 1139 obiens
2955 1084 3364 1148 Alexandriam,
3407 1101 3529 1141 eum
3562 1088 3670 1141 vir-

2092 1168 2271 1236 ginem
2315 1170 2605 1239 quamdam
2644 1172 2826 1236 exiis,
2864 1188 2985 1243 qua:
3020 1175 3186 1228 vitam
3228 1174 3488 1246 amplexm
3516 1186 3671 1232 erant

2092 1261 2474 1328 monasticam,
2514 1278 2544 1318 a
2580 1263 2662 1319 via
2692 1275 2839 1319 recta
2871 1267 3211 1332 abduxisset,
3243 1276 3299 1322 et
3329 1268 3524 1323 deinde
3548 1282 3667 1323 eam

2091 1366 2204 1408 suae
2249 1353 2492 1412 libidinis
2541 1366 2597 1411 et
2652 1357 3089 1422 intemperantia:
3142 1359 3365 1417 fecisset
3423 1361 3669 1429 delicias,

2090 1444 2249 1513 paulo
2299 1458 2415 1516 post
2458 1463 2579 1503 cum
2622 1464 2684 1504 ea
2733 1449 2942 1520 aufugit
2975 1451 3318 1523 Byzantium.
3359 1452 3514 1520 Quod
3547 1455 3669 1524 qui-

2092 1537 2215 1592 dem
2242 1553 2367 1594 cum
2401 1541 2712 1597 reseivisset
2744 1542 2832 1596 vir
2863 1543 3106 1611 divinus,
3147 1560 3343 1614 magno
3365 1546 3553 1601 dolore
3587 1554 3670 1601 est

2091 1629 2341 1697 atl‘eetus,
2384 1642 2460 1700 et,
2491 1643 2550 1688 ut
2587 1634 2812 1703 dicitur,
2858 1651 3077 1691 omnem
3124 1638 3379 1693 movebat
3409 1636 3666 1709 lapidem,

2089 1726 2315 1779 studens
2342 1739 2437 1782 eos
2459 1740 2490 1780 a
2514 1726 2663 1797 lapsu
2692 1742 2969 1786 revocare.
2999 1729 3292 1798 Aliquanto
3317 1739 3499 1785 autem
3527 1739 3664 1785 tem-

2089 1831 2223 1887 pore
2257 1817 2561 1888 interjeeto,
2606 1819 2807 1874 accidit
2844 1828 2903 1874 ut
2950 1836 3075 1876 cum
3120 1823 3258 1891 apud
3298 1821 3560 1890 quosdam
3601 1834 3669 1875 ex

2089 1908 2236 1963 clero
2275 1917 2527 1964 narraret
2546 1908 2737 1965 beatus
2786 1911 3076 1983 quamdam
3108 1913 3504 1977 narrationem,
3547 1925 3669 1979 qum

2090 2009 2301 2069 poterat
2352 2014 2543 2055 eorum
2618 2002 2813 2056 animae
2877 2001 3070 2057 afferre
3144 2003 3477 2067 utilitatem,
3523 2002 3668 2056 illius

2090 2107 2307 2163 quoque
2349 2093 2589 2165 juvenis,
2644 2095 2737 2164 qui
2790 2095 2906 2148 haec
2939 2095 3179 2150 recentia
3229 2093 3461 2158 fecerat,
3517 2093 3670 2149 ﬁeret

2093 2186 2329 2250 mentio;
2359 2201 2519 2254 quem
2566 2188 2657 2257 qui
2685 2196 2815 2240 tunc
2857 2186 3111 2252 aderant,
3143 2187 3388 2257 protinus
3413 2189 3670 2242 condem-

2090 2276 2315 2343 Itabant,
2388 2284 2650 2348 tanquam
2703 2293 2811 2332 ttno
2859 2293 2957 2333 ore
3005 2294 3196 2334 omnes
3241 2279 3506 2344 dicentes,
3544 2293 3667 2332 eum

2089 2383 2195 2424 non
2227 2368 2403 2424 solum
2434 2369 2590 2434 duas,
2626 2379 2683 2424 ut
2724 2370 3038 2439 apparebat,
3074 2367 3380 2439 perdidisse
3436 2369 3667 2434 animas,

2087 2461 2183 2516 sed
2206 2468 2260 2515 et
2296 2469 2403 2514 tam
2445 2461 2645 2516 multas
2697 2462 2854 2525 alias,
2903 2462 3101 2531 quibus
3151 2461 3253 2515 hoc
3304 2459 3506 2513 malum
3550 2467 3669 2514 erat

2087 2550 2366 2620 exemplar
2399 2550 2762 2620 propositum.
2819 2552 3019 2608 Eorum
3074 2553 3261 2619 itaque
3307 2564 3534 2620 magnus
3582 2550 3670 2605 ille

2084 2643 2250 2697 nimis
2313 2642 2529 2698 facilem
2565 2644 2966 2712 reprehendens
3008 2643 3540 2709 condemnationem,
3568 2640 3669 2695 Nn-

2088 2734 2201 2799 Iite,
2244 2734 2438 2804 inquit,
2492 2750 2525 2790 ο
2570 2735 2688 2800 filii,
2737 2736 2904 2789 nolite
2929 2751 3050 2789 esse
3078 2736 3254 2805 lingua
3292 2748 3398 2789 tam
3434 2736 3667 2803 prompti

2086 2826 2154 2878 ad
2186 2825 2571 2880 detrahendum
2599 2827 2868 2894 proximo.
2897 2823 3035 2878 Nam
3070 2825 3150 2879 sic
3179 2824 3394 2894 quidem
3429 2824 3664 2878 futurum

2085 2927 2189 2991 est,
2242 2928 2298 2971 ut
2325 2933 2420 2973 vos
2463 2918 2685 2972 omnino
2729 2919 2783 2973 in
2820 2918 2931 2973 duo
3002 2917 3145 2972 mala
3177 2917 3450 2980 incidatis,
3495 2931 3665 2970 unum

2087 3009 2327 3079 quidem,
2363 3009 2829 3077 transgredientes
2859 3018 3188 3079 prmceptnm
3215 3007 3379 3072 illius,
3403 3007 3493 3076 qui
3515 3005 3668 3074 jubet

2087 3114 2192 3152 non
2229 3098 2474 3164 judicare
2539 3110 2664 3154 ante
2710 3110 2964 3170 tempus;
3018 3098 3243 3154 alterum
3277 3106 3477 3162 autem,
3523 3099 3666 3168 quod

2087 3191 2400 3260 ignorantes
2436 3193 2579 3261 quod
2607 3192 2889 3261 hucusque
2928 3192 3131 3247 factum
3194 3198 3296 3253 est,
3328 3205 3423 3244 vos
3472 3204 3662 3257 magna

2086 3283 2347 3339 facilitate
2405 3284 2734 3339 constituitis
2794 3284 3025 3353 iudices.
3076 3283 3171 3338 Est
3234 3283 3376 3337 enim
3444 3282 3669 3335 omnino

2088 3373 2378 3437 incertum,
2410 3389 2476 3428 an
2510 3376 2788 3443 hucusque
2839 3382 3192 3444 permaneant
3225 3373 3277 3425 in
3319 3381 3564 3440 peccato,
3594 3386 3663 3424 an

2088 3466 2408 3521 mutatisint
2440 3469 2507 3521 ad
2524 3468 2942 3521 correctionem.
2992 3465 3104 3533 Ego
3141 3467 3311 3528 enim,
3337 3465 3529 3531 inquit,
3566 3464 3665 3515 aii-

2086 3559 2303 3627 quando
2338 3560 2522 3624 legens
2553 3559 2724 3613 vitam
2767 3557 3050 3627 ettjusdam
3089 3555 3267 3625 magni
3298 3568 3363 3608 ex
3391 3553 3664 3617 Patrilms,

2086 3649 2251 3705 incidi
2292 3650 2345 3703 in
2384 3650 2543 3704 talem
2596 3650 2971 3704 narrationem
3012 3647 3228 3716 plenam
3275 3647 3530 3701 utilitate.
3572 3645 3664 3702 Sic

2086 3752 2265 3797 autem
2296 3741 2530 3797 habebat
2555 3761 2571 3798 :

2155 3854 2388 3913 LXVIII.
2429 3856 2487 3911 In
2536 3857 2739 3929 Tyrum
2787 3856 3062 3912 civitatem
3108 3864 3373 3912 venerant
3419 3855 3526 3911 duo
3558 3869 3663 3909 mo-

2084 3973 2265 4037 nachi,
2321 3971 2501 4041 aliquo
2546 3971 2832 4042 fungentes
2878 3971 3204 4029 ministerio.
3241 3971 3487 4026 Alterum
3534 3986 3664 4025 vero

2083 4082 2297 4130 eorum,
2329 4082 2451 4123 cum
2480 4068 2720 4123 venisset
2748 4067 2801 4120 in
2837 4067 3126 4136 quemdam
3171 4066 3370 4135 locum,
3413 4067 3659 4137 quaedam

2082 4161 2365 4227 meretrix,
2404 4161 2500 4216 'cui
2537 4176 2732 4217 nomen
2780 4171 2901 4216 erat
2947 4161 3272 4232 Porphyria,
3320 4163 3656 4232 sequebatur

2082 4250 2373 4306 clamans:
2418 4249 2737 4308 Veneranda
2782 4253 2961 4321 Pater,
3003 4271 3161 4311 serva
3202 4271 3309 4321 me,
3344 4256 3488 4311 sicut
3534 4256 3663 4310 olim

2079 4339 2241 4398 Jesus
2270 4341 2523 4399 Christus
2551 4346 2918 4402 meretricem.
2944 4346 3039 4401 Ille
3070 4356 3252 4402 autem
3302 4347 3665 4409 humanarum

2083 4448 2264 4488 rerum
2309 4434 2442 4489 nihil
2502 4446 2780 4506 reputans,
2828 4450 2890 4491 ea
2944 4454 3109 4493 manu
3171 4446 3419 4508 accepta,
3479 4437 3664 4493 multis

2081 4514 2417 4595 videntibus,
2441 4529 2721 4598 egreditur
2750 4544 2846 4599 per
2877 4531 3108 4585 mediam
3141 4531 3444 4585 civitatem.
3471 4528 3662 4583 Mana-

2082 4619 2158 4671 vit
2187 4620 2369 4688 itaque
2413 4618 2557 4674 fama
2598 4621 2650 4675 in
2685 4634 2875 4676 omnes
2921 4627 3127 4689 partes,
3157 4620 3300 4690 quod
3338 4619 3429 4675 ille
3479 4633 3656 4675 mona-

2082 4710 2217 4766 chus
2250 4710 2304 4766 in
2344 4727 2567 4766 uxorem
2611 4712 2913 4782 accepisset
2947 4711 3325 4782 Porphyriatn.
3359 4709 3495 4767 Cum
3543 4710 3663 4780 ipso

396 4794 580 4857 πόλεις
608 4812 667 4849 τε
727 4795 825 4849 καὶ
878 4794 1095 4865 κώμας,
1151 4793 1342 4864 βρέφει
1373 4793 1762 4864 περιτυγχάνει
1802 4794 1974 4863 χαμαὶ

2086 4802 2277 4858 obiens
2310 4803 2569 4858 meretrix
2600 4803 2761 4858 nrbes
2790 4812 2844 4861 et
2873 4804 3043 4870 vicos,
3084 4803 3279 4857 incidit
3313 4804 3364 4858 in
3397 4792 3660 4857 infantem

397 4886 653 4958 κειμένῳ·
689 4887 827 4959 ὅπερ
853 4885 1063 4953 ἐπὶ-τῷ
1085 4884 1386 4956 ἀναθρέψαι
1426 4884 1823 4954 φιλανθρώπως
1856 4886 1976 4938 ἁνε-

390 4974 597 5047 λομένη
619 4977 964 5048 βαστάζουσα
982 4973 1073 5049 ἦν.
1093 4978 1285 5048 Χρόνῳ
1312 4977 1368 5030 δέ
1399 4995 1504 5031 τινι
1537 4976 1761 5047 ὕστερον
1782 4978 1973 5048 Τύριοι

2084 4890 2227 4943 lmmi
2267 4889 2561 4961 jacentem.
2595 4890 2768 4956 Quem
2813 4891 3030 4961 quidem
3056 4906 3177 4945 cum
3214 4890 3447 4958 benigne
3475 4900 3661 4944 sustu-

2081 4979 2255 5045 lisset,
2304 4989 2366 5034 ut
2410 4981 2581 5036 aleret
2609 4996 2797 5036 secum
2837 4995 2965 5033 eum
3004 4980 3276 5049 portabat.
3306 4980 3441 5034 (lum
3469 4979 3661 5047 aliquo

392 5068 797 5131 καταλαϐόντες
837 5066 969 5122 ἔνθα
1007 5062 1154 5123 οῦτοι
1192 5069 1481 5137 διέτριϐον,
1530 5072 1622 5124 καὶ
1664 5070 1726 5124 τὸ
1762 5072 1977 5126 παιδίον

2086 5082 2257 5126 autem
2290 5082 2535 5142 tempore
2574 5074 2851 5128 venissent
2886 5072 3035 5144 Tyrii
3080 5073 3133 5127 in
3173 5087 3294 5126 eum
3336 5073 3536 5132 locum,
3564 5071 3658 5123 ubi

391 5161 498 5214 ύπό
526 5177 588 5229 γε
621 5160 723 5232 τῆς
748 5161 953 5231 πόρνης
980 5160 1181 5223 ἰδόντες
1215 5161 1636 5232 ὴγκαλισμένον,
1666 5162 1855 5235 ὥσπερ
1884 5167 1981 5233 εγ-

2086 5164 2458 5231 versabantur,
2508 5172 2564 5220 et
2596 5166 2945 5221 meretricem
2991 5164 3257 5220 vidissent
3293 5165 3344 5218 in
3394 5165 3536 5231 ulnis
3578 5173 3660 5217 te-

395 5249 683 5316 γελῶντες,
716 5251 810 5305 καὶ
859 5251 955 5305 τοῦ
986 5238 1237 5320 γενναίου
1269 5252 1419 5304 τοῦδε
1458 5252 1652 5322 ἀνδρὸς
1709 5270 1980 5322 κατειρω-

2086 5272 2205 5311 nere
2235 5256 2523 5323 infantem,
2551 5257 2716 5311 veluti
2762 5257 3073 5326 irridentes,
3109 5266 3164 5312 et
3200 5258 3480 5329 egregium
3512 5257 3661 5312 hunc

397 5336 697 5404 νευόμενοι,
729 5336 991 5409 Ἀληθῶς,
1017 5340 1202 5409 ἔλεγον
1228 5341 1363 5411 προς
1384 5343 1576 5411 αὐτὴν,
1603 5343 1701 5414 οὑχ
1730 5344 1978 5415 ἥμαρτες

2086 5350 2249 5402 virum
2276 5348 2657 5408 ludiﬁcantes:
2701 5348 2780 5404 Re
2821 5365 2970 5416 vera,
3010 5354 3059 5405 ei
3112 5351 3386 5418 dicebant,
3423 5365 3452 5403 ιι
3493 5363 3666 5418 scopo

394 5425 491 5479 τοῦ
518 5429 720 5482 σκοποῦ
741 5445 757 5460 ·
790 5431 952 5487 καλὸν
975 5434 1084 5507 γάρ
1116 5451 1198 5488 σοι
1230 5435 1285 5490 τὸ
1312 5436 1374 5488 ἐκ
1403 5436 1495 5489 τοῦ
1526 5437 1760 5508 μοναχοῦ
1785 5437 1975 5491 τέκνον

396 5521 794 5593 ἁποκεκύηται.
827 5523 890 5578 Οἳ
924 5531 1018 5580 καὶ
1046 5528 1125 5592 εἰς
1167 5528 1341 5599 Τύρον
1369 5529 1778 5596 ἐπανελθόντες,
1813 5531 1974 5600 λόγον

392 5612 713 5685 ἁπανταχοῦ
735 5615 1070 5687 διέσπειραν,
1106 5621 1171 5673 ὲκ
1218 5619 1311 5675 τοῦ
1346 5622 1579 5693 μοναχοῦ
1608 5623 1811 5694 ταύτην
1842 5642 1967 5678 vtat-

389 5704 502 5758 δίον
535 5705 846 5775 ἀποτεκεῖν,
878 5714 1070 5781 σαφεῖς
1107 5713 1315 5767 ἐκείνου
1359 5712 1623 5780 διασῶζον
1648 5717 1772 5780 τοὺς
1798 5733 1970 5786 χαρα-

391 5801 616 5871 κτῆρας.
652 5802 809 5859 Οὕτω
846 5804 1029 5876 σχεδὸν
1059 5805 1106 5857 οἱ
1139 5805 1412 5876 ἅνθρωποι
1447 5806 1653 5880 ἕτοιμοι
1682 5807 1965 5863 πιστεῦσαι

2084 5457 2189 5495 non
2220 5441 2508 5497 aherrasti.
2545 5440 2781 5496 Pulcher
2811 5443 2956 5498 enim
2986 5444 3078 5497 tibi
3107 5442 3251 5499 (ilius
3284 5453 3445 5499 natus
3470 5452 3557 5499 est
3592 5459 3661 5499 ex

2082 5535 2367 5589 monacho.
2405 5533 2507 5601 Qui
2534 5534 2696 5593 etiam
2736 5535 2941 5606 Tyrum
2974 5536 3199 5602 reversi,
3230 5550 3349 5590 eam
3389 5551 3502 5591 rem
3537 5535 3656 5591 ubi~

2080 5643 2183 5698 quc
2207 5620 2651 5694 disseminarnnt,
2678 5631 2823 5699 quod
2858 5644 2922 5684 ea
2959 5643 3025 5685 ex
3056 5629 3323 5684 monacho
3359 5630 3663 5698 peperisset

2081 5719 2274 5783 lilium,
2333 5719 2422 5789 qui
2468 5719 2613 5773 illius
2657 5734 2972 5786 expressam
3015 5717 3364 5773 conservavit
3399 5717 3652 5788 efﬁgiem.

2076 5815 2153 5869 Ita
2182 5814 2294 5871 fere
2328 5823 2445 5871 sunt
2485 5814 2735 5871 homines
2758 5814 2992 5885 prompti
3026 5815 3091 5868 ad
3126 5812 3456 5870 credendum
3485 5811 3658 5880 suspi-
