4138 6412
471 378 583 445 9δ5

1700 364 1988 431 MENSIS
2024 362 2488 427 JANUAR'IUS.

3640 363 3748 427 956

475 489 742 552 cionibns,
770 495 823 542 et
851 485 1082 540 maxime
1100 482 1190 551 qui
1223 488 1355 535 sunt
1396 480 1521 534 ntali
1566 487 1621 534 et
1671 477 1947 549 ﬂagitiosi,
2008 486 2063 530 et

2169 477 2289 538 ταῖς
2330 472 2636 539 ὑπονοίαις,
2699 471 2795 524 καὶ
2837 469 3071 543 μάλιστα
3104 470 3295 540 φαῦλοι
3342 471 3437 525 καὶ
3485 473 3751 543 μοχθηροὶ

480 595 511 636 a
542 596 602 635 se
634 579 835 633 habent
864 584 1140 643 acceptam
1180 572 1437 626 credendi
1469 570 1833 625 occasionem.
1864 567 2059 623 Statim

475 672 619 727 etiim
652 680 901 737 tanquam
944 679 975 719 e
1026 663 1328 733 propinquo
1356 661 1564 730 seipsos
1598 670 1763 716 teStes
1793 659 2063 730 accipien-

481 773 579 821 tes,
613 760 750 814 alios
775 763 1034 811 accusant
1064 754 1222 809 facile
1251 770 1268 821 ;
1294 753 1455 808 simul
1483 754 1703 824 quidem
1736 769 1795 808 se
1821 753 2062 807 volentes

484 849 703 919 cudere
748 848 958 903 deliciis
1002 846 1189 902 talium
1215 845 1605 915 cogitationum
1651 852 1707 897 et
1749 847 2059 902 verborum,

478 951 532 994 et
558 942 847 1012 cupientes
901 954 1024 993 esse
1074 937 1211 992 alios
1255 936 1508 991 similiter
1548 934 1857 1004 improbos;
1897 941 1952 987 et
1982 934 2061 986 sic

479 1032 764 1087 studentes
798 1031 972 1084 vitare
1015 1031 1220 1100 plagas,
1257 1041 1376 1098 quae
1419 1024 1730 1079 inferuntur
1766 1026 1846 1077 eis
1875 1039 1904 1075 a
1937 1038 2064 1076 cun-

479 1127 735 1180 Sciettlia.
762 1122 1059 1177 Monachus
1084 1131 1264 1176 autem
1306 1134 1427 1174 cum
1456 1116 1782 1173 totondisset
1812 1113 2059 1185 Porphy-

482 1221 642 1281 riam,
667 1225 722 1268 et
750 1215 798 1268 ei
828 1215 1185 1269 monasticam
1215 1210 1565 1278 imposuisset
1592 1208 1861 1274 habitum,
1899 1218 2057 1261 vocat

482 1326 604 1364 cant
647 1307 942 1378 Pelagium,
987 1315 1041 1360 et
1090 1302 1342 1358 concedit
1383 1301 1457 1366 ei,
1517 1309 1572 1355 ut
1622 1300 1675 1355 in
1728 1301 2056 1356 monasterio

485 1402 757 1473 virginum
799 1406 924 1467 agat
954 1395 1254 1453 silentium.

2171 566 2347 629 ὄντες,
2374 564 2472 619 καί⁹
2508 563 2723 617 οἴκοθεν
2754 562 2898 634 ἔχειν
2927 566 3027 627 τάς
3055 565 3149 617 τοῦ
3183 565 3461 617 πιστεύειν
3495 565 3751 635 ἀφορμὰς

2172 657 2485 728 δυνάμενοι.
2520 655 2696 719 Εὐθὺς
2721 655 2853 727 γὰρ,
2895 654 3085 724 ὥσπερ
3111 656 3336 718 ἑαυτοὺς
3357 655 3421 709 ἐκ
3458 655 3552 709 τοῦ
3585 657 3755 723 ἐγγυ-

2171 750 2334 803 τάτου
2366 748 2733 819 λαμϐάνοντες
2764 749 3067 819 μάρτυρας,
3108 747 3474 819 κατηγοροῦσι
3527 747 3637 803 τῶν
3661 747 3754 802 ἄλ·

2169 841 2278 894 λων
2308 841 2529 913 ῥαδίως,
2566 840 2682 909 ἅμα
2725 839 2825 911 μέν
2851 841 2962 903 τοῖς
2998 839 3260 904 τοιούτοις
3293 839 3528 910 νοήμασι
3559 856 3617 892 τε
3652 840 3751 894 καὶ

2173 934 2413 1004 ῥήμασιν
2447 930 2721 1001 ἐντρυφᾷν
2754 928 3090 1000 βουλόμενοι,
3153 928 3269 999 ἅμα
3308 929 3364 983 δέ
3396 928 3492 983 καὶ
3530 928 3750 1001 ἐτέρους

2170 1027 2248 1086 εἰς
2281 1020 2582 1094 μοχθηρίαν
2610 1020 2829 1090 ὁμοίους
2854 1019 3001 1089 ἔχειν
3039 1018 3453 1091 ἐπιθυμοῦντες,
3479 1020 3574 1073 καὶ
3603 1018 3750 1075 οὕτω

2171 1116 2394 1185 φεύγειν
2420 1114 2814 1178 σπουδάζοντες
2842 1112 2941 1177 τὰς
2973 1113 3036 1167 ἐκ
3063 1113 3156 1167 τοῦ
3185 1113 3484 1178 συνειδότος
3513 1113 3747 1185 πληγάς.

2174 1205 2235 1261 'U
2290 1208 2475 1277 μέντοι
2536 1204 2769 1275 μοναχὸς
2819 1204 3117 1276 ἀποκείρας
3142 1205 3241 1276 τὴν
3282 1205 3618 1276 Πορφυρίαν,
3655 1207 3752 1260 καὶ

2168 1298 2229 1351 τὺ
2274 1299 2379 1350 τῶν
2435 1296 2691 1368 μοναχῶν¹
2717 1297 2853 1367 αὐτῇ
2906 1295 3092 1366 σχῆμα
3153 1297 3419 1366 περιθεὶς,
3476 1294 3751 1365 Πελαγίαν

2166 1389 2526 1458 μετονομάζει
2572 1386 2664 1439 καὶ
2721 1387 2800 1448 εἰς
2830 1384 3151 1456 παρθενῶνα
3190 1383 3402 1438 δίδωσιν
3432 1385 3750 1457 ἡσυχάζειν.

460 1652 465 1655 .
558 1601 745 1656 LXIX.
776 1599 910 1655 Cum
941 1611 1073 1652 vero
1109 1597 1469 1668 praescivisset
1498 1597 1640 1652 diem
1676 1597 1758 1652 sui
1783 1599 2058 1665 decessus,

2236 1594 2358 1650 ΞΘ’.
2401 1594 2561 1649 Ἐπεὶ
2592 1593 2649 1648 δέ
2679 1592 2932 1663 προέγνω
2961 1591 3063 1663 τὴν
3088 1589 3305 1662 ἡμέραν
3334 1593 3434 1662 τῆς
3467 1590 3747 1664 τελευτῆς,

483 1694 571 1748 illa
604 1705 822 1763 quoque
848 1698 1092 1756 accepta,
1127 1688 1268 1743 redit
1297 1687 1523 1761 Tyrum.
1553 1689 1685 1743 Eam
1717 1699 1900 1743 autem
1928 1704 2059 1758 puer

481 1798 698 1855 quoque
744 1780 1102 1851 sequebatur,
1143 1780 1254 1849 jam
1296 1790 1501 1848 septem
1544 1794 1715 1833 annos
1757 1789 1940 1835 natus.
1980 1781 2061 1835 Ad

480 1890 671 1932 omnes
712 1888 844 1930 vero
880 1873 1126 1942 pervenit
1163 1870 1307 1924 fatua
1345 1886 1534 1925 eorum
1579 1872 1878 1937 adventus,
1916 1873 2059 1940 quod

481 1966 692 2023 scilicet
715 1964 1004 2018 revertitur
1032 1961 1326 2030 Porphyria
1354 1974 1477 2014 cum
1511 1960 1777 2016 monacho
1806 1976 1906 2015 suo
1933 1976 2064 2015 cou-

477 2056 626 2127 jnge.
656 2056 862 2112 Deinde
891 2069 1015 2110 cum
1046 2062 1364 2121 atgrotasset
1395 2052 1713 2118 monachus,
1743 2060 1797 2107 ct
1821 2054 1887 2106 ad
1918 2067 2062 2107 mor-

487 2160 593 2204 tem
625 2149 735 2218 jam
768 2155 1064 2216 spectaret,
1102 2144 1317 2214 plurimi
1352 2143 1419 2198 ad
1458 2157 1583 2198 eum
1614 2154 1964 2199 accesserunt
1996 2160 2061 2199 ex

483 2239 904 2303 habitatoribus,
932 2237 1051 2305 ejus
1080 2236 1336 2293 visitandi
1364 2236 1561 2306 gratia.
1593 2236 1647 2290 lu
1675 2252 1904 2305 quorutn
1931 2253 2064 2293 con-

485 2343 673 2402 spectu
725 2345 848 2386 cum
897 2330 1159 2400 iussisset
1213 2326 1398 2383 afferri
1455 2329 1788 2384 thuribulnm
1843 2328 2059 2399 plenum

483 2425 840 2481 candentibus
886 2422 1237 2487 carbonibus,
1281 2421 1480 2490 accipit
1523 2436 1617 2476 eos
1662 2422 1963 2486 carbones,
2009 2431 2064 2477 et

485 2515 721 2573 infundit
755 2515 809 2569 in
826 2515 1026 2579 sinum,
1054 2524 1108 2568 et
1155 2513 1407 2568 omnibus
1424 2512 1803 2569 audientibus:
1828 2512 2063 2569 Benedi-

483 2619 627 2674 ctus,
658 2608 854 2676 inquit,
893 2606 1169 2670 Dominus,
1205 2605 1296 2676 qui
1326 2606 1455 2661 olim
1491 2607 1681 2661 rubum
1718 2607 1956 2662 servavit
1981 2608 2066 2663 itt-

482 2701 827 2756 eombustum
855 2716 869 2753 :
904 2697 951 2752 is
987 2697 1120 2751 mihi
1155 2698 1318 2751 fuerit
1348 2699 1501 2752 testis
1536 2695 1740 2763 lidelis,
1771 2700 1913 2768 quod
1927 2714 2065 2768 quo-

480 2795 644 2849 modo
685 2806 835 2847 meas
873 2802 1050 2847 vestes
1075 2806 1185 2868 non
1221 2791 1399 2858 attigit
1433 2790 1549 2845 haec
1581 2804 1702 2860 quae
1728 2799 1812 2846 est
1834 2790 1901 2863 in
1941 2790 2065 2861 igne

484 2885 675 2941 urcadi
707 2886 808 2951 vis,
838 2886 1033 2959 ita_nec
1065 2898 1166 2953 ego
1190 2883 1341 2951 attigi
1370 2883 1651 2938 mulierem
1682 2889 1796 2937 toto
1819 2893 2063 2952 tempore

480 2981 609 3037 vitae
657 2991 807 3035 meae.
857 2975 952 3031 llis
1000 2977 1200 3031 auditis
1246 2990 1434 3031 omnes
1478 2975 1906 3044 obstupuerunt,
1954 2974 2064 3031 Deo

482 3075 677 3126 dantes
715 3070 969 3141 gloriam,
1008 3069 1099 3136 qui
1142 3082 1257 3133 eos,
1288 3068 1380 3137 qui
1425 3067 1598 3137 ipsum
1626 3069 1696 3138 ιΙιι
1726 3069 1939 3124 occulto
1969 3085 2065 3126 co-

481 3165 630 3228 lunt,
681 3164 784 3217 scit
817 3171 1004 3233 aperte
1052 3161 1380 3230 gloriﬁcare.
1419 3161 1547 3216 Haec
1579 3176 1701 3217 cum
1742 3160 1963 3218 iecisset
2008 3172 2064 3220 et

485 3255 712 3306 dixisset
747 3253 1070 3313 monachus,
1103 3252 1155 3304 in
1194 3265 1386 3305 manus
1421 3250 1517 3305 Dei
1547 3250 1770 3319 deponit
1797 3253 2059 3309 animam.

484 3340 781 3409 PrOpterea
817 3342 969 3395 vobis
996 3341 1251 3396 munibus
1279 3341 1503 3406 suadeo,
1537 3356 1572 3396 ο
1602 3340 1702 3396 lilii
1730 3342 2062 3413 spirituales,

486 3435 630 3489 sicut
657 3432 820 3487 etiam
854 3433 1005 3502 prius
1031 3433 1142 3486 dixi
1163 3473 1178 3497 ,
1216 3447 1321 3487 non
1364 3447 1484 3488 esse
1509 3444 1791 3505 promptos
1831 3438 1899 3492 ad
1929 3451 2061 3492 con-

487 3526 906 3581 denmationem.
934 3523 1214 3596 Contingit
1244 3525 1387 3579 enim
1421 3541 1827 3597 nonnunquam,
1856 3536 1914 3582 ut
1943 3529 2064 3599 ejus

487 3616 731 3685 quidem,
770 3615 861 3684 qui
900 3623 984 3669 est
1010 3612 1342 3683 fornicatus,
1381 3627 1477 3670 aut
1509 3618 1712 3688 aliquid
1751 3619 1897 3676 aliud
1927 3619 2065 3676 deli-

486 3707 635 3775 quit,
676 3713 958 3774 peccatum
990 3694 1179 3773 aperte
1211 3704 1415 3782 factym
1448 3708 1687 3764 sciamus
1714 3749 1730 3775 ,
1759 3710 1814 3765 in
1847 3712 2062 3768 occulto

489 3806 672 3853 autem
709 3797 903 3853 factam
944 3799 1253 3870 ignoremus
1284 3802 1681 3869 pmnitcntiam.
1712 3802 1937 3875 Oportet
1964 3821 2062 3860 au-

488 3898 596 3944 tem
635 3891 963 3943 Dominiram
999 3906 1212 3959 quoque
1249 3894 1441 3950 timere
1479 3909 1701 3960 vocem,
1743 3914 1862 3969 quae
1892 3898 2062 3956 dicit:

491 3994 511 4030 ι
560 3977 616 4034 in
651 3996 758 4051 quo
783 3981 990 4053 judicio
1014 3981 1699 4056 judicatis,judicabimini
1729 3992 1769 4043 ’.
1816 4010 1835 4044 ι

2164 1686 2498 1758 παραλαϐὼν
2518 1686 2800 1756 κάκείνην,
2825 1685 3068 1739 ἐπάνεισι
3090 1685 3226 1757 πρὸς
3254 1684 3349 1757 τὴν
3371 1684 3547 1755 Τύρον
3567 1702 3580 1716 ’
3601 1682 3668 1758 ἦν
3693 1687 3750 1739 δέ

2163 1783 2258 1834 καὶ
2283 1780 2344 1833 τὺ
2367 1780 2582 1834 παιδίον
2607 1782 2745 1849 αὐτῇ
2779 1778 3169 1845 συνεπόμενον,
3202 1777 3342 1832 ἑπτὰ
3380 1778 3603 1849 χρόνους
3632 1794 3751 1850 σχεα

2163 1871 2250 1925 δὸν
2275 1874 2521 1941 γεγονός.
2573 1870 2796 1940 Διεδόθη
2840 1870 2895 1923 δέ
2925 1869 3105 1923 αὐτῶν
3138 1871 3216 1933 είς
3257 1870 3461 1932 πάντας
3488 1871 3521 1938 ή
3545 1869 3748 1939 ἄφιξις,

2162 1964 2292 2034 ὼςὴ
2322 1963 2604 2035 Πορφυρία
2666 1963 2806 2034 μετά
2851 1979 2915 2033 γε
2962 1961 3054 2016 τοῦ
3096 1960 3331 2034 μοναχοῦ
3359 1960 3549 2037 ἀνδρὸς
3580 1962 3751 2032 αὐτῆς

2163 2057 2451 2127 ἐπανήκειο
2479 2052 2579 2109 εἷθ’
2628 2054 2803 2119 οὕτως
2849 2057 3142 2127 νοσήσαντι
3189 2055 3285 2109 καὶ
3333 2054 3471 2125 πρὸς
3520 2054 3751 2108 θάνατον

2163 2149 2439 2221 ἀφορῶντι
2467 2147 2545 2219 τῷ
2586 2147 2826 2220 μοναχῷ,
2858 2147 3102 2201 πλεῖστοι
3149 2148 3256 2201 τῶν
3284 2146 3588 2218 οἰκητόρων
3620 2149 3747 2201 ἐπιδ

2166 2241 2414 2311 σκέψεως
2445 2230 2606 2313 χάριν
2638 2238 2789 2310 αὐτῷ
2815 2238 3175 2311 προσέϐαλον.
3214 2232 3315 2293 Ὧν
3347 2238 3434 2292 ἐπ’
3460 2237 3618 2309 ὄψεσι
3651 2238 3743 2292 θυ-

2168 2333 2458 2404 μιατήριον
2516 2330 2805 2402 ἐνεχθῆναι
2866 2329 3130 2394 κελεύσας
3191 2331 3479 2401 ἀνθράκων
3537 2329 3747 2400 πλῆρες

2166 2423 2359 2494 πυρὸς,
2389 2421 2571 2492 λαϐὼν
2596 2424 2850 2493 καταχέει
2879 2423 2974 2477 τοῦ
3026 2423 3228 2477 κόλπου
3273 2423 3398 2486 τοὺς
3444 2421 3745 2494 ἄνθρακας,

2165 2515 2259 2570 καὶ
2312 2517 2391 2578 είς
2444 2515 2615 2579 ἀκοάς
2666 2516 2921 2581 πάντων,
2952 2515 3258 2586 Εὐλογητὸς
3287 2514 3513 2585 Κύριος,
3563 2514 3693 2585 ἔφη.
3720 2516 3751 2569 ὁ

2168 2608 2340 2664 πάλαι
2368 2608 2469 2679 τὴν
2503 2606 2664 2678 βάτον
2692 2608 2940 2679 τηρήσας
2968 2607 3236 2678 ἄφλεκτον
3258 2622 3273 2636 °
3332 2601 3491 2671 οὗτός
3539 2621 3631 2677 μοι
3662 2605 3749 2678 εἴη

2170 2701 2382 2773 μάρτυς
2411 2699 2624 2765 πιστὸς,
2652 2699 2736 2752 ὅτι
2760 2698 2949 2767 ὥσπερ
2977 2700 3077 2770 οὐχ
3098 2698 3276 2770 ήψατο
3305 2699 3414 2754 τῶν
3442 2700 3595 2769 ἐμῶν
3623 2700 3753 2768 ίμα-

2164 2791 2297 2846 τίων
2324 2792 2647 2861 ήκαυστική
2675 2791 2776 2863 ήδη
2806 2789 2902 2844 τοῦ
2947 2790 3120 2862 πυρὸς
3147 2790 3400 2861 δύναμις,
3433 2788 3608 2855 οὕτως
3627 2790 3749 2845 οὐδὲ

2168 2883 2279 2955 ἐγὼ
2307 2884 2567 2953 γυναικὸς
2592 2883 2821 2955 ἡψάμην
2857 2883 2987 2954 παρ’
3021 2883 3144 2937 ὅλον
3174 2882 3266 2937 τὸν
3293 2883 3392 2953 τῆς
3420 2881 3569 2953 ζωῆς
3617 2882 3748 2955 χρόα.

2169 2992 2278 3030 νον.
2312 2973 2484 3028 Τοῦτο
2508 2974 2707 3038 πάντες
2742 2973 3074 3039 ἀκούσαντες
3097 2973 3549 3045 κατεπλάγησαν,
3588 2973 3750 3040 δόξαν

2171 3068 2248 3138 τῷ
2276 3066 2396 3137 Θεῷ
2427 3066 2684 3132 διδόντες,
2732 3069 2789 3130 ὃς
2819 3083 2881 3137 γε
2928 3069 3054 3132 τοὺς
3088 3069 3144 3121 ἐν
3192 3066 3271 3138 τῷ
3323 3069 3553 3138 κρυπτῷ
3586 3066 3751 3121 αὺτδν

2172 3159 2578 3232 θεραπεύοντας
2617 3160 2867 3232 φανερῶς
2884 3156 2993 3213 οἶδε
3021 3158 3284 3225 δοξάζειν.
3305 3160 3493 3215 Ταῦτα
3520 3162 3750 3229 ποιήσας

2170 3270 2229 3307 τε
2261 3252 2356 3307 καὶ
2384 3251 2543 3316 λέξας
2578 3255 2607 3306 ό
2646 3252 2901 3323 μοναχὸς,
2932 3253 3013 3316 είς
3059 3251 3196 3307 Θεοῦ
3227 3255 3418 3325 χεῖρας
3450 3252 3551 3324 τὴν
3571 3252 3769 3324 ψυχήν

2171 3342 2528 3415 παρατίθησι.
2553 3344 2651 3396 Διὰ
2679 3343 2744 3413 δή
2777 3342 2953 3399 ταῦτα
2982 3344 3111 3415 ὑμῖν
3144 3344 3550 3416 παρεγγυῶμαι
3585 3347 3746 3412 πᾶσι,

2169 3436 2337 3489 τέκνα
2372 3433 2740 3505 πνευματικὰ,
2782 3434 3034 3507 καθάπερ
3058 3436 3123 3507 δή
3151 3439 3248 3492 καὶ¹
3276 3437 3542 3508 πρότερον
3585 3435 3739 3504 ἔφην,

2176 3527 2257 3597 μή
2321 3525 2648 3597 προχείρους
2683 3520 2823 3579 εἶναι
2877 3523 3014 3597 πρὸς
3066 3526 3164 3597 τήν
3214 3528 3558 3599 κατάκρισιν.
3591 3527 3747 3581 ’Ἐστι

2170 3621 2281 3691 γὰρ
2303 3620 2391 3673 ὅτε
2417 3621 2511 3672 καὶ
2547 3616 2833 3690 συμϐαίνει
2861 3617 2960 3690 τὴν
2993 3615 3093 3689 μὲν
3137 3616 3233 3671 τοῦ
3267 3618 3665 3688 παρ-«νεύσαντος
3712 3615 3749 3687 ἢ

2180 3714 2276 3767 καὶ
2300 3712 2429 3766 ἄλλο
2459 3727 2513 3765 τι
2545 3709 3079 3782 πεπλημμεληκότος
3144 3710 3419 3781 ἁμαρτίαν
3453 3711 3511 3763 ἐν
3543 3709 3622 3781 τῷ
3648 3726 3754 3777 φα·-

2172 3801 2318 3877 νερῷ
2373 3800 2718 3872 πραχθεῖσαν
2746 3799 2967 3864 εἰδέναι,
3000 3800 3099 3870 τὴν
3125 3797 3180 3852 δέ
3207 3798 3496 3869 μετάνοιαν
3529 3798 3667 3852 κατὰ
3691 3797 3754 3850 τδ

2172 3898 2416 3969 κρυπτὸν
2437 3895 2801 3961 τελεσθεῖσαν,
2828 3895 3063 3963 ἀγνοεῖν.
3088 3891 3211 3964 Χρὴ
3235 3890 3289 3946 δὲ
3315 3894 3410 3946 καὶ
3434 3890 3530 3961 τὴν
3548 3890 3754 3944 Δεσποο

2172 3989 2332 4060 τικήν
2364 3989 2549 4059 φωνὴν
2577 3987 2801 4043 δεδιέναι
2825 3986 2922 4059 τήν
2944 3986 3236 4056 λέγουσαψ
3272 4002 3293 4039 ι
3328 3985 3419 4039 Ἐν
3452 3977 3495 4054 ᾧ
3522 3984 3752 4055 κρίματι

2173 4082 2409 4152 κρίνετε,
2436 4079 2813 4153 κριθήσεσθε.»

1937 4233 2167 4291 CAPUT
2212 4234 2325 4290 XII.

1409 4341 1634 4398 Pietatis
1656 4355 1704 4399 et
1727 4346 2022 4400 divinorum
2046 4348 2416 4417 mysteriorum
2439 4348 2846 4401 commendatio.

557 4448 723 4509 LXX.
766 4450 951 4524 Neque
994 4469 1123 4510 vero
1172 4456 1436 4511 suadebat
1487 4458 1663 4513 solum
1720 4474 1913 4514 cavere
1961 4461 2063 4516 hoc

2238 4456 2315 4516 0’.
2342 4461 2417 4514 Οὐ
2453 4460 2560 4532 μὴν
2589 4460 2718 4531 ἄχρι
2748 4460 2843 4515 τοῦ
2874 4460 3259 4535 ἐλαττώματος
3301 4464 3753 4534 πεφυλαγμένους

490 4540 779 4612 delictum;
831 4547 926 4601 sed
974 4560 1161 4603 eorum
1208 4549 1372 4603 etiam
1421 4552 1512 4619 qui
1572 4551 1754 4605 divina
1795 4562 2061 4623 prter-epla

492 4634 793 4705 negligunt,
841 4637 1029 4694 volens
1073 4639 1345 4706 corrigere
1394 4642 1730 4707 socordiam,
1781 4644 1887 4699 tale
1934 4645 2064 4713 quid

492 4722 642 4791 fecit,
669 4727 885 4796 dignum
919 4732 1062 4799 quod
1101 4731 1389 4785 mandetur
1418 4732 1710 4786 memoriae.
1754 4732 1887 4788 Cum
1916 4733 2061 4789 enim

491 4816 836 4886 cognovisset
879 4819 1075 4874 multos
1116 4822 1537 4892 negligent'iores
1606 4833 1730 4894 post
1773 4823 2061 4881 lectionem

492 4901 796 4959 divinorum
826 4905 1241 4976 Evangeliormn
1277 4910 1425 4964 exire
1453 4923 1519 4964 ex
1543 4912 1796 4979 ecclesia,
1829 4922 1883 4967 et
1915 4914 2069 4970 vanis

493 5004 559 5048 ac
586 4996 774 5051 otiosis
804 5012 999 5053 vacare
1029 5000 1396 5065 sermonibus,
1422 5000 1649 5057 solemni
1687 5002 1922 5073 quodam
1959 5006 2065 5071 die,

495 5084 686 5139 relicto
705 5089 1127 5160 sacriticio,ipse
1154 5107 1370 5161 quoque
1403 5109 1435 5149 e
1463 5094 1662 5165 templo
1688 5096 1983 5166 egreditur,
2012 5106 2068 5153 et

496 5178 652 5233 sedet
698 5193 820 5232 cum
847 5180 1120 5235 .universa
1172 5182 1534 5243 multitudine.
1580 5185 1846 5242 Onmibus
1891 5199 2072 5244 autem

497 5266 604 5322 huc
637 5272 1000 5340 stupentibus,
1033 5271 1148 5327 Non
1179 5283 1412 5342 oportet,
1444 5277 1639 5347 inquit,
1664 5280 1945 5336 admirari.
1969 5280 2074 5336 Ubi

496 5360 641 5413 enim
689 5370 816 5415 sunt
856 5376 1016 5429 oves,
1057 5362 1167 5420 illic
1216 5366 1438 5423 omnino
1481 5377 1699 5439 oportet
1728 5388 1848 5428 esse
1891 5382 2076 5442 pasto-

501 5464 637 5505 rem.
678 5451 811 5505 Nam
852 5468 975 5507 cum
1016 5465 1237 5525 propter
1265 5471 1363 5512 vos
1407 5469 1463 5513 et
1500 5471 1737 5516 vestram
1783 5460 2073 5518 utilitatem

2171 4546 2311 4604 εἶναι
2341 4552 2577 4622 παρῄνει
2598 4570 2611 4584 ’
2645 4552 2781 4607 ἀλλὰ
2808 4554 2901 4607 καὶ
2932 4553 3040 4608 τῶν
3071 4555 3195 4609 ιτῶν
3220 4556 3380 4611 θείων
3405 4557 3755 4627 προστάξεων

2173 4642 2687 4714 κατολιγωρούντων
2729 4645 2791 4698 τὸ
2828 4645 3071 4719 ῥᾴθυμον
3107 4646 3427 4718 βουλόμενος
3460 4648 3751 4721 διορθώσα-

2175 4733 2326 4800 σθαι,
2351 4735 2592 4788 τοιοῦτόν
2611 4753 2664 4789 τι
2678 4738 3005 4809 ἐπετήδευσε
3027 4740 3248 4810 μνήμης
3265 4740 3436 4806 ἄξιον.
3471 4740 3624 4794 Ἐπεὶ
3646 4741 3754 4812 γὰρ

2172 4825 2316 4894 ιγνω
2339 4825 2567 4891 πολλοὺς
2587 4828 2697 4880 τῶν
2732 4827 3115 4900 ἀμελεστέρων
3159 4831 3296 4901 μετά
3328 4829 3426 4903 τὴν
3449 4831 3756 4900 ἀνάγνωσιν

2174 4920 2284 4974 τῶν
2312 4920 2470 4974 θείων
2504 4919 2854 4990 Εὐαγγελίων
2881 4920 3128 4991 ἐξιόντας
3162 4922 3263 4994 τῆς
3318 4920 3621 4994 ἐκκλησίας
3657 4919 3756 4977 καὶ

2173 5010 2523 5083 ἁργολογίαις
2583 5010 2965 5083 σχολάζοντας,
3026 5013 3085 5067 ἐν
3140 5014 3240 5085 μιᾷ
3298 5012 3403 5067 τῶν
3470 5014 3755 5085 ἐπισήμων

2174 5103 2361 5174 ἡμέρα
2391 5103 2490 5172 τὴν
2512 5102 2660 5156 θείαν
2697 5103 3008 5175 ἱερουργίαν
3055 5103 3216 5173 ἀφεὶς
3268 5102 3436 5171 ἔξεισι
3468 5106 3564 5158 καὶ
3595 5105 3756 5168 αὐτὸς

2172 5193 2268 5247 τοῦ
2300 5194 2452 5260 ναοῦ,
2485 5195 2580 5249 καὶ
2614 5195 2714 5249 σὺν
2748 5195 2824 5268 τῷ
2849 5195 2990 5267 ὄχλῳ
3037 5196 3203 5250 παντὶ
3235 5192 3492 5268 κάθηται.
3530 5196 3757 5251 Πάντων

2172 5280 2265 5339 οὖν
2280 5284 2347 5339 δι’
2375 5285 2691 5355 ἐκπλήξεως
2708 5286 2859 5339 τουτὶ
2885 5285 3245 5356 ποιουμένων,
3267 5287 3495 5350 ἐκεῖνος,
3522 5287 3596 5338 Οὐ
3624 5286 3752 5356 χρὴ,

2176 5377 2303 5448 ἔφη,
2335 5379 2658 5449 θαυμάζειν.
2717 5375 2892 5432 Ὅπου
2924 5379 3033 5450 γάρ
3075 5375 3143 5433 τὰ
3173 5376 3442 5449 πρόϐατα,
3504 5380 3625 5431 ἐκεῖ
3675 5378 3757 5430 δεῖ

2176 5468 2396 5531 πάντως
2422 5464 2561 5521 εἶναι
2593 5467 2686 5521 καὶ
2735 5466 2827 5522 τὸν
2863 5469 3099 5538 ποιμένα
3122 5483 3134 5497 '
3164 5469 3287 5522 ἐπεὶ
3342 5468 3453 5539 γὰρ
3489 5469 3555 5521 δι’
3611 5468 3756 5535 ὑμᾶς

501 5541 774 5600 soleamus
798 5559 1031 5614 synaxes
1062 5547 1362 5615 celebrare,
1395 5551 1440 5606 si
1473 5566 1567 5608 vos
1590 5563 1770 5612 autem
1802 5555 1935 5613 foris
1957 5572 2063 5613 ver-

2176 5560 2272 5615 καὶ
2307 5559 2404 5631 τήν
2433 5559 2704 5633 ὑμετέραν
2736 5560 3005 5633 ὠφέλειαν
3057 5560 3329 5634 εἰώθαμεν
3371 5560 3470 5625 τὰς
3507 5556 3754 5627 συνάξεις

502 5635 735 5702 semini,
782 5639 1048 5708 contingit
1086 5640 1332 5701 inutilem
1377 5656 1407 5701 a
1456 5647 1611 5706 nobis
1652 5650 1770 5719 capi
1818 5649 2083 5717 laborem,

579 5790 600 5821 '
623 5789 794 5848 Matth
841 5810 935 5863 νη,
966 5802 1018 5854 2.

2169 5653 2434 5707 ἐπιτελεῖν
2458 5689 2474 5719 ,
2506 5653 2661 5724 ὑμῶν
2694 5654 2750 5708 δὲ
2783 5654 2887 5723 ἔξω
2916 5654 3301 5726 διατριϐόντων
3330 5654 3586 5723 ἀνόνητον
3616 5651 3753 5722 ἡμῖν

2074 6393 2240 6402 δῄ-
