4138 6416
484 445 587 509 95Ἱ

1442 438 1625 499 νιτΑ
1662 437 1725 499 S.
1765 435 2089 497 JOANNIS
2126 436 2774 504 ELEEMOSYNARII.

3636 452 3746 517 958

484 558 579 613 τὸν
630 554 801 610 κόπον
859 551 1150 626 συμϐαίνει
1201 551 1467 623 γίνεσθαιο
1537 549 1774 604 πέπεικα
1840 549 2070 619 ἐμαυτὸν

2180 555 2342 608 statui
2369 569 2492 608 cum
2519 557 2926 627 egredientibus
2952 560 3104 617 vobis
3132 558 3294 617 simul
3324 565 3530 635 egredi,
3560 576 3616 621 et
3642 581 3765 621 rur-

483 647 690 716 ἐξιοῦσι
728 662 788 698 τε
810 644 941 715 ὑμῖν
968 643 1409 714 συνεξέρχεσθαι,
1434 656 1528 696 και
1559 640 1717 705 αὖθις
1748 640 2073 710 εἰσερχομέ-

486 757 597 802 νοις
631 734 1037 809 συν[εισ]ιέναι.
1068 734 1303 799 Πολλοὺς
1345 734 1505 789 τοῦτο
1533 732 1811 801 διώρθωσε
1843 732 1939 785 καὶ⁵
1970 730 2070 803 τῆς

488 831 566 902 μὴ
587 827 767 889 καλῶς
789 826 1082 897 γινομένης
1111 826 1387 896 ἀπήλλαξε
1415 826 1720 897 συνηθείας.

558 918 682 976 OA'.
709 920 822 974 Οὐκ
850 919 1090 982 ἐκείνους
1116 918 1171 972 δὲ
1208 919 1403 987 μόνους
1427 917 1669 988 βελτιοῦν
1698 917 1927 973 ἔσπευδε
1947 919 2075 983 τοὺς

488 1012 596 1079 ἔξω
616 1012 715 1081 τῆς
745 1009 1016 1075 συνάξεως
1054 1008 1402 1079 ἀργολογίαις
1432 1008 1907 1080 ὲνευκαιροῦντας,
1935 1009 2074 1063 ἀλλὰ

489 1106 583 1159 καὶ
608 1104 736 1166 τοὺς
758 1103 906 1157 ἔνδον
941 1103 1076 1175 πρὸς
1105 1102 1366 1173 ἀλλήλους
1394 1100 1712 1171 άλογώτατα
1735 1100 2080 1171 κοινολογου-

492 1197 710 1269 μένουςο
745 1198 839 1249 καὶ
863 1196 1098 1265 μάλιστα
1120 1195 1183 1265 δὴ
1206 1195 1331 1259 τοὺς
1360 1195 1453 1248 τοῦ
1484 1196 1750 1266 βήματος.
1771 1193 1839 1247 Ei
1861 1211 1986 1248 ποτε
2014 1195 2073 1249 δέ

487 1305 612 1341 τινα
650 1288 792 1355 μετά
820 1288 948 1356 μίαν
976 1287 1068 1341 καὶ
1100 1288 1361 1359 δευτέραν
1392 1288 1717 1360 παραίνεσιν
1743 1286 2073 1359 ἀδιόρθωτον

496 1379 619 1446 ίδοι,
661 1379 768 1444 ἔξω
798 1380 957 1442 εὐθὺς
988 1379 1202 1443 ἔϐαλλε,
1230 1380 1328 1451 τὴν
1372 1379 1708 1450 Δεσποτικὴν
1737 1380 1919 1443 αὐτοῖς
1954 1380 2075 1432 ἑπι-

489 1471 667 1541 λέγων
690 1474 899 1540 φωνήνο
931 1489 950 1523 ι
988 1469 1093 1524 Τὸν
1118 1468 1265 1526 οἷκον
1302 1473 1397 1526 τοῦ
1442 1472 1576 1526 Θεοῦ
1605 1469 1753 1525 οἷκον
1796 1472 1880 1525 δεῖ
1903 1487 2075 1541 προσ-

493 1565 661 1637 ευχῆς
727 1559 906 1619 εἶναι’
941 1583 961 1620 ι
1022 1566 1258 1638 ἔμπαλιν
1307 1567 1365 1620 δὲ
1410 1567 1536 1631 τοὺς
1575 1568 1703 1637 περὶ
1756 1567 1857 1630 τὰς
1920 1566 2074 1630 θείας

497 1657 746 1724 συνάξεις
801 1658 1269 1731 σπουδαιοτέρους,
1318 1660 1609 1730 ἀπεδέχετο
1650 1660 1751 1729 τῆς
1798 1658 2074 1728 φιλοθετας

492 1749 588 1802 καὶ
613 1748 944 1820 προσεπῄνει
961 1765 977 1780 ⁶
1006 1751 1143 1804 ἀλλά
1167 1753 1259 1804 καὶ
1288 1753 1594 1819 προκοπαῖς
1624 1751 1786 1821 ἐτίμα
1807 1750 2034 1820 βαθμῶν
2054 1763 2069 1780 ’

488 1840 629 1912 ὅπερ
657 1842 723 1913 δὴ
745 1842 842 1895 καὶ
870 1843 1203 1915 σαφέστερον
1248 1842 1310 1896 τὸ
1347 1841 1542 1914 μέλλον
1564 1838 1901 1914 ῥηθήσεσθαι
1933 1858 2074 1911 γνω⁵

490 1935 623 2007 ριεῖ.
1562 1945 1573 1955 ⁸

558 2118 680 2173 08'.
707 2115 810 2171 Δύο
830 2116 973 2181 τινὲς
996 2116 1249 2189 κληρικοὶ
1274 2120 1371 2188 τῆς
1391 2118 1512 2172 κατ’
1535 2110 1699 2172 αὐτὸν
1720 2114 2069 2188 Ἐκκλησίας,

490 2210 892 2281 σκυτοτομικὴν
917 2212 1198 2281 μετιόντες
1214 2212 1428 2282 τέχνην,
1458 2213 1521 2264 ὲκ
1546 2211 1804 2279 γειτόνων
1825 2211 2073 2281 ἀλλήλοις

490 2302 684 2372 ἔμενον
706 2319 721 2334 °
749 2294 825 2356 ὧν
853 2302 880 2354 ό
907 2301 1027 2371 μὲν,
1057 2304 1279 2371 γυναικὶ
1329 2302 1760 2372 συνεζευγμένος
1787 2303 1883 2356 καὶ
1905 2302 2072 2355 τέκνα

489 2396 650 2463 ἔχων,
674 2395 886 2464 πατέρα
906 2410 965 2446 τε
999 2396 1094 2447 καὶ
1126 2397 1338 2465 μητέρα
1370 2395 1754 2458 συνοικοῦντας
1778 2395 1947 2466 αὐτῷ,
1978 2394 2072 2459 οὓς

490 2488 698 2549 πάντας
755 2488 820 2540 ἐκ
844 2486 952 2539 τῶν
980 2485 1179 2557 χειρῶν
1212 2486 1407 2557 ἔτρεφε
1438 2485 1546 2539 τῶν
1575 2487 1721 2540 ἰδίων
1748 2527 1762 2551 ,
1796 2487 1942 2558 ὅμως
1964 2486 2073 2540 τῶν

491 2578 765 2642 συνάξεων
794 2578 894 2631 οὐκ
921 2577 1132 2648 ἠμέλει.
1187 2578 1429 2649 Θάτερος
1456 2577 1536 2642 δὲ,
1567 2578 1744 2631 καίτοι
1782 2579 1944 2646 μόνος
1972 2578 2070 2644 ὢν,

490 2671 588 2740 τὴν
610 2674 805 2743 τέχνην
820 2687 881 2724 τε
912 2672 1324 2741 ἀκριϐέστερος,
1357 2673 1452 2724 καὶ
1489 2671 1589 2742 τὴν
1639 2670 1905 2740 ἐργασίαν
1951 2672 2072 2722 ἐπιδ

495 2765 838 2836 μελέστερος,
891 2766 1012 2818 οὐδὲ
1057 2765 1207 2835 αὐτῷ
1245 2766 1390 2834 μόνῳ
1420 2764 1665 2835 πορίζειν
1695 2766 1763 2819 τὰ
1790 2764 1925 2836 πρὸς
1971 2762 2072 2836 τὴν

490 2858 678 2929 χρείαν
697 2857 923 2919 δυνατὸς
950 2852 1037 2928 ἦν.
1061 2856 1153 2927 Τῷ
1183 2857 1276 2910 οῦν
1302 2857 1583 2927 ὁμοτέχνῳ
1613 2857 1901 2927 διαφθονού
1911 2873 2071 2927 μενος

490 2952 585 3005 καὶ
608 2951 804 3021 μηκέτι
836 2950 1023 3021 φέρειν
1052 2951 1349 3019 δυνάμενος
1380 2951 1479 3021 τὴν
1510 2949 1674 3003 ὠδῖνα
1723 2950 1826 3019 τῆς
1863 2950 2072 3020 βασκα-

488 3047 628 3108 νίας.
655 3043 892 3115 ἐντυχὼν
938 3045 1087 3116 αὐτῷ
1142 3044 1284 3098 κατά
1314 3046 1502 3114 μόνας,
1555 3044 1789 3115 Ὁρκίζω
1840 3061 1897 3097 σε
1930 3045 2071 3099 κατὰ

488 3136 585 3191 τοῦ
614 3136 771 3202 Θεοῦ,
799 3137 926 3209 ἔφη,
964 3137 1039 3210 μὴ
1071 3137 1409 3207 ἀποκρύψειν
1448 3137 1542 3191 ἀπ’
1576 3136 1732 3206 ἐμοῦ,
1771 3136 1909 3189 ἀλλὰ
1965 3154 2071 3206 φα-

2179 661 2276 701 sus
2316 647 2524 719 ingredi
2553 666 2676 705 cum
2727 653 3173 720 ingredientibus.
3220 655 3335 713 Hoc
3384 658 3587 716 multos
3640 675 3765 715 cor-

2181 738 2344 805 rexit,
2376 752 2431 795 et
2464 754 2493 794 a
2527 741 2667 798 mala
2696 743 2919 800 abduxit
2951 747 3369 804 consuetudine.

2251 924 2441 981 LXXI.
2482 925 2600 981 Non
2631 927 2750 983 illos
2780 941 2909 984 vero
2937 928 3081 986 solos
3108 931 3316 986 studuit
3344 933 3640 1003 corrigere,
3670 935 3762 1002 qui

2178 1028 2331 1072 extra
2363 1020 2839 1090 congregationem
2871 1020 3060 1074 otiosis
3093 1021 3365 1074 vacabant
3395 1022 3758 1086 sermonibus;

2178 1110 2273 1164 sed
2297 1125 2392 1165 eos
2414 1112 2600 1176 etiam,
2625 1111 2717 1180 qui
2743 1111 2886 1165 citra
2913 1113 3179 1166 rationem
3207 1111 3355 1167 intus
3380 1112 3522 1167 inter
3545 1128 3605 1168 se
3627 1127 3759 1168 con-

2177 1199 2427 1257 ferebant
2453 1218 2765 1270 sermones,
2826 1213 2883 1259 et
2919 1205 3156 1259 maxime
3192 1219 3323 1259 vero
3363 1204 3555 1259 altaris
3595 1205 3759 1259 mini-

2177 1303 2341 1349 stros.
2363 1294 2420 1350 Si
2441 1295 2657 1365 quando
2677 1305 2857 1351 autem
2884 1296 3112 1351 vidisset
3129 1297 3439 1367 quempiam
3461 1304 3582 1364 post
3599 1310 3759 1350 unam

2177 1394 2231 1439 et
2259 1384 2482 1439 alteram
2510 1385 2932 1441 admonitionem
2967 1400 3308 1457 nequaquam
3338 1400 3506 1455 posse
3535 1384 3758 1454 corrigi,

2176 1490 2300 1529 eum
2349 1474 2533 1531 statim
2584 1476 2870 1545 ejiciebat,
2919 1479 3061 1547 apud
3106 1491 3203 1532 eos
3253 1491 3442 1532 vocem
3490 1490 3761 1546 usurpans

2178 1567 2567 1633 Dominicarn,t
2596 1569 2816 1623 domum
2846 1568 2940 1624 Dei
2966 1578 3221 1639 oportere
3242 1582 3363 1623 esse
3391 1571 3612 1622 domum
3631 1582 3761 1622 ora-

2177 1658 2341 1713 tionis
2362 1655 2440 1714 ".
2470 1678 2490 1713 ι
2508 1659 2710 1715 Contra
2741 1671 2921 1716 autem
2945 1675 3158 1724 eorum,
3185 1663 3276 1729 qui
3309 1661 3362 1716 in
3394 1661 3608 1715 divinas
3628 1674 3761 1715 con-

2177 1750 2524 1820 gregationes
2548 1762 2704 1805 erant
2727 1752 3106 1818 studiosiores,
3132 1752 3208 1805 illi
3236 1762 3458 1824 accepta
3489 1760 3609 1808 erat
3647 1752 3761 1822 pici-

2180 1848 2293 1905 tas,
2324 1855 2528 1911 eosque
2569 1850 2625 1897 et
2668 1842 2921 1898 laudabat
2959 1857 3015 1898 et
3057 1847 3124 1899 ad
3155 1842 3355 1913 gradus
3402 1843 3756 1914 provebebat.

2175 1932 2327 1999 Quod
2368 1934 2585 2003 quidem
2631 1935 2874 2005 apertius
2911 1934 3172 1991 iudicabit
3210 1935 3294 2001 id,
3336 1935 3479 2007 quod
3511 1932 3626 2003 jam
3669 1944 3759 1990 est

2175 2024 2483 2079 dicendum.

2242 2118 2455 2174 LXXII.
2495 2118 2613 2175 Duo
2654 2117 2840 2174 clerici
2897 2117 3014 2188 eius
3054 2115 3343 2182 Ecclesiae,
3388 2126 3562 2173 artem
3594 2130 3759 2173 exer-

2173 2220 2360 2267 centes
2393 2212 2664 2267 incidendi
2691 2211 2928 2276 corium,
2967 2220 3126 2267 erant
3147 2212 3292 2265 inter
3309 2223 3369 2265 se
3396 2209 3584 2265 vicini.
3611 2208 3762 2276 Quo-

2173 2317 2295 2357 rum
2334 2317 2475 2357 unus
2508 2302 2723 2371 quidem
2768 2302 2981 2356 mulieri
3018 2302 3344 2372 coniunctus
3388 2301 3757 2369 matrimonio,

2175 2394 2490 2464 habensque
2543 2395 2681 2449 ﬁlios
2725 2404 2781 2449 et
2827 2404 3037 2465 patrem
3091 2404 3146 2449 et
3195 2405 3425 2449 matrem
3476 2409 3599 2449 cum
3644 2394 3762 2465 ipso

2177 2488 2507 2556 habitantes,
2533 2505 2671 2558 quos
2690 2489 2909 2561 quidem
2933 2490 3110 2544 alebat
3131 2504 3324 2546 omnes
3345 2490 3459 2546 suis
3483 2491 3755 2559 manibus,

2176 2597 2282 2637 non
2310 2582 2611 2653 negligebat
2642 2594 2824 2638 tamen
2860 2583 3074 2637 divinas
3106 2585 3553 2653 congregationes
3578 2596 3594 2636 :
3620 2582 3758 2637 alter

2175 2682 2356 2727 autent
2393 2674 2495 2728 etsi
2535 2684 2655 2729 erat
2678 2675 2873 2737 'snlns,
2902 2683 2957 2729 et
2992 2674 3126 2728 artis
3154 2673 3408 2742 peritior,
3440 2684 3497 2728 et
3534 2674 3589 2728 in
3626 2689 3759 2743 ope-

2174 2765 2347 2818 rando
2365 2764 2695 2836 diligentior,
2723 2782 2789 2821 ne
2808 2767 2910 2821 sibi
2938 2765 3154 2835 quidem
3183 2766 3283 2821 soli
3308 2780 3500 2835 parare
3522 2776 3757 2834 poterat,

2175 2878 2294 2934 qua:
2325 2874 2483 2917 erant
2511 2862 2577 2913 ad
2609 2874 2767 2913 usum
2805 2856 3135 2913 m-cessaria.
3169 2855 3231 2912 Ei
3266 2857 3448 2925 itaque
3469 2898 3484 2922 ,
3516 2857 3607 2924 qui
3638 2865 3760 2910 erat

2175 2955 2412 3025 ejusdem
2441 2953 2596 3015 artis,
2626 2952 2900 3015 invidens,
2928 2961 2981 3003 et
3009 2965 3113 3003 non
3140 2949 3371 3019 amplius
3400 2947 3546 3003 ferre
3577 2950 3760 3006 valens

2173 3060 2335 3124 quam
2380 3046 2563 3099 animo
2600 3053 2920 3111 conceperat
2958 3044 3253 3107 invidiam,
3302 3058 3426 3097 eum
3466 3042 3760 3112 aliquando

2174 3140 2347 3195 solum
2383 3136 2663 3192 oll'endens
2695 3153 2708 3191 :
2746 3133 2951 3202 Adjuro
2986 3145 3057 3198 te,
3088 3136 3299 3205 inquit,
3327 3149 3424 3205 per
3460 3132 3657 3195 Deum,
3691 3149 3760 3189 ne

489 3230 648 3301 νερόν
695 3249 787 3301 μοι
820 3232 971 3284 τουτὶ
1017 3230 1228 3297 θέσθαι,
1273 3231 1437 3284 πόθεν
1488 3230 1647 3295 αὐτὸς
1689 3231 1787 3302 μὲν
1822 3231 2067 3284 πλουτῶν

2178 3246 2261 3287 me
2287 3231 2450 3298 celes,
2482 3230 2575 3284 sed
2603 3229 2706 3284 hoc
2740 3229 2872 3282 tnilti
2902 3228 3148 3297 aperias,
3188 3226 3280 3297 qui
3318 3225 3398 3291 lit,
3433 3228 3575 3297 quod
3604 3234 3659 3281 tu
3682 3225 3759 3281 sis

490 3322 778 3386 διατελεῖς,
809 3324 905 3377 καὶ
928 3324 1122 3389 ταῦτα,
1149 3325 1250 3377 ὅσα
1276 3341 1337 3392 γε
1367 3326 1445 3387 είς
1476 3325 1573 3396 τὴν
1601 3324 1865 3395 ἐργασίαν
1899 3324 2067 3397 ῥᾴθυ-

491 3432 590 3487 μος
610 3414 706 3479 ὢν,
739 3415 864 3486 ἐμοὶ
892 3414 948 3468 δὲ
981 3415 1232 3483 ἐπιμελεῖ
1262 3416 1373 3469 ὄντι
1406 3416 1502 3468 καὶ
1532 3415 1805 3486 φιλοπόνῳ
1845 3417 2068 3469 τούναν-

486 3510 600 3561 τίον
629 3508 726 3578 μὲν
745 3507 1056 3577 συμὸαίνει,
1081 3508 1283 3577 μᾶλλον
1301 3507 1395 3561 καὶ
1425 3508 1504 3571 εἰς
1527 3507 1762 3577 ἐσχάτην
1784 3506 1885 3578 ἥδη
1915 3523 2069 3577 περι-

488 3598 693 3669 έστηκε
724 3598 936 3653 πενίαν.
974 3598 1031 3652 '0
1065 3597 1141 3661 δὲ,
1180 3598 1503 3669 βουλόμενος
1524 3598 1690 3652 αὐτὸν
1718 3597 2069 3667 ἐπιμελέστε-

490 3708 580 3760 ρον
613 3690 802 3745 θέσθαι
864 3692 993 3763 περὶ
1029 3690 1130 3754 τὰς
1169 3691 1456 3757 συνάξεις,
1512 3689 1792 3762 ὀλιγώρως
1852 3690 2067 3762 ἔχοντα,

489 3784 649 3853 Κάμὲ
694 3784 985 3854 πρότερον,
1019 3780 1197 3849 εἶπεν,
1236 3782 1453 3852 ἀδελφὲ,
1484 3782 1654 3853 πολλὴ
1704 3782 1962 3847 στένωσις
1989 3778 2069 3835 εἶ-

485 3891 581 3945 χεν
600 3890 616 3905 ·
650 3872 743 3943 ἀφ’
768 3867 828 3927 οὗ
853 3873 909 3926 δὲ
937 3872 1221 3943 σχολάζειν
1250 3870 1386 3940 πρὸς
1411 3870 1509 3933 τὰς
1538 3865 1786 3934 συνάξεις
1828 3868 2066 3938 ἐμαυτὸν

487 3966 699 4030 ἔπεισα,
725 3964 870 4019 ἔστιν
893 3966 981 4018 ὅτε
1013 3964 1110 4017 καὶ
1132 3964 1351 4035 χρυσίον
1388 3962 1627 4032 εὑρίσκω
1657 3959 1798 4012 κατὰ
1828 3959 1927 4031 τὴν
1949 3959 2067 4012 ὁδὸν

485 4058 683 4115 ἀπιὼνο
717 4059 841 4113 ὅθεν
868 4057 933 4129 δὴ
963 4058 1057 4110 καὶ
1089 4056 1448 4125 ὲπισυνῆκται
1488 4055 1669 4107 πᾶσαν
1694 4052 1854 4124 [forte
1893 4050 2064 4123 πᾶσα]

486 4153 552 4223 ἢν
582 4151 710 4221 ὁρᾷς
753 4149 1039 4220 εὐπορίαν.
1084 4147 1224 4200 Ἀλλ’
1252 4146 1305 4198 εί
1330 4162 1384 4198 τι
1423 4146 1547 4216 ἐμοὶ
1578 4144 1759 4215 πείθῃ,
1806 4143 1940 4196 ἕπου
1974 4144 2067 4195 καὶ

484 4241 647 4303 αὐτὸς
679 4240 896 4293 ἀπιόντι
945 4255 1053 4307 μοι,
1103 4235 1201 4289 καὶ⁵
1234 4232 1590 4304 παραμυθίαν
1641 4231 1891 4285 ἐντεῦθεν
1923 4227 2067 4294 ἕξεις

484 4333 545 4386 οὐ
568 4331 664 4402 τὴν
693 4334 983 4401 τυχοῦσαν.
1045 4329 1299 4381 Πείθεται
1347 4329 1460 4390 τοῖς
1505 4325 1675 4381 αὑτοῦ
1709 4326 1916 4394 λόγοις,
1974 4323 2068 4377 καὶ

486 4422 609 4475 καθ’
639 4421 876 4490 ἑκάστην
905 4416 1124 4482 σύναξιν
1153 4417 1352 4485 φοιτῶν
1383 4417 1481 4468 σῦν
1504 4416 1672 4485 αὐτῷ,
1703 4415 1903 4487 ᾔσθετο
1940 4432 2007 4486 με
2023 4414 2065 4466 τ’

484 4517 546 4569 ο)
581 4516 708 4568 πολὺ
734 4513 983 4581 εὐλογίας
1006 4512 1159 4582 παρὰ
1178 4510 1313 4563 Θεοῦ
1340 4510 1642 4579 γενομένης
1675 4511 1753 4571 είς
1781 4508 1873 4561 τὸν
1898 4506 2066 4561 αὐτοῦ

2171 3339 2384 3392 semper
2417 3323 2633 3392 quidem
2680 3322 2861 3387 dives,
2910 3319 3076 3389 idque
3109 3334 3229 3374 cum
3269 3319 3345 3373 sis
3385 3319 3438 3373 in
3482 3316 3759 3387 operando

2170 3414 2477 3486 negligens;
2512 3414 2641 3468 mihi
2675 3424 2882 3479 autem,
2910 3412 3003 3482 qui
3040 3427 3159 3467 sum
3190 3411 3417 3482 diligens
3444 3419 3501 3466 et
3529 3410 3762 3464 laborio-

2170 3523 2283 3573 sus,
2309 3515 2493 3562 contra
2520 3506 2717 3562 accidit
2753 3516 2806 3560 ut
2830 3505 2942 3578 jam
2971 3507 3219 3560 redactus
3244 3503 3345 3559 sint
3370 3506 3435 3558 ad
3459 3513 3756 3559 extremam

2170 3597 2595 3670 paupertatem?
2630 3596 2728 3652 Ille
2779 3596 3163 3651 atttetnvolens
3202 3609 3326 3648 eum
3367 3594 3595 3648 reddere
3633 3592 3760 3647 dili-

2169 3692 2494 3761 gentiorem,
2527 3689 2618 3758 qui
2642 3697 2765 3743 erat
2789 3689 3069 3759 negligens
3090 3689 3142 3741 in
3172 3686 3436 3741 adeundis
3459 3698 3759 3754 congrega-

2170 3782 2436 3845 tionilius,
2469 3796 2590 3851 quae
2631 3781 2765 3834 llum
2795 3794 3073 3836 sacrorum
3127 3792 3329 3833 causa:
3364 3776 3488 3831 Mihi
3518 3791 3752 3846 quoque,

2170 3874 2376 3942 inquit,
2409 3889 2442 3926 ο
2473 3874 2671 3936 frater,
2717 3884 2804 3926 res
2846 3881 2966 3923 erat
2999 3868 3218 3923 redacta
3259 3870 3325 3921 ad
3361 3867 3628 3921 maximas
3657 3883 3757 3921 an-

2168 3967 2396 4037 gustias.
2428 3965 2506 4019 Ex
2542 3978 2649 4034 quo
2676 3973 2857 4018 autem
2895 3962 3025 4015 mihi
3055 3961 3295 4031 persuasi
3328 3960 3525 4016 divinis
3561 3975 3753 4016 vacare

2169 4056 2679 4127 congregationibus
2699 4094 2714 4120 ,
2781 4067 3167 4122 nonnunquam
3200 4066 3265 4107 eo
3294 4053 3493 4107 vadens
3513 4093 3529 4120 ,
3560 4067 3754 4106 aurum

2171 4153 2222 4205 in
2249 4151 2332 4204 via
2366 4152 2604 4216 invenio,
2635 4164 2745 4217 quo
2777 4147 2982 4202 laetum
3014 4156 3100 4203 est
3139 4156 3197 4201 ut
3234 4146 3363 4201 mihi
3393 4148 3503 4202 sint
3528 4159 3759 4217 congre-

2170 4252 2307 4313 gata:
2339 4256 2568 4307 omnes,
2602 4258 2736 4311 quas
2762 4242 2945 4307 vides,
2982 4242 3171 4313 ecpiae.
3206 4241 3312 4297 Sed
3344 4242 3389 4295 si
3426 4256 3512 4297 me
3543 4242 3754 4306 audias,

2172 4334 2287 4403 ipse
2330 4348 2548 4404 quoque
2579 4348 2665 4388 me
2703 4343 2921 4389 eunten:
2956 4349 3209 4405 srquere,
3239 4343 3294 4388 et
3333 4333 3459 4388 hinc
3494 4348 3601 4388 non
3636 4332 3769 4387 vulc-

2170 4438 2354 4495 garem
2395 4424 2624 4479 habebis
2666 4424 3117 4479 Mnsolalionem.
3166 4424 3328 4479 Paret
3354 4422 3551 4489 dictis,
3596 4434 3652 4479 et
3685 4425 3753 4478 ad

2171 4516 2410 4589 singulas
2458 4517 2669 4571 divinas
2709 4531 2942 4587 synaxes
2971 4532 3093 4572 cum
3134 4517 3252 4587 ipso
3295 4517 3599 4581 ventitans,
3632 4530 3761 4569 sen-

486 4602 657 4672 οἷκον,
688 4607 782 4660 καὶ
814 4605 893 4676 τῷ
927 4604 1118 4674 ἀγαθῷ
1153 4603 1445 4674 συμϐούλῳ
1472 4602 1568 4673 τὴν
1590 4601 1751 4673 χάριν
1786 4601 2062 4671 ἀνωμολό-

2176 4588 2342 4663 tiebat
2379 4608 2560 4664 domui
2601 4623 2713 4663 suae
2753 4608 2950 4662 factam
2990 4623 3021 4662 a
3064 4608 3171 4663 Deo
3205 4608 3661 4671 benedictionem,
3701 4618 3758 4663 et

483 4717 592 4769 γει.
634 4700 691 4753 ὐ
724 4698 780 4752 δὲ
813 4698 974 4761 εὐθὺς
1012 4697 1112 4769 τὴν
1140 4697 1343 4767 σκηνὴν
1373 4696 1587 4765 διάρας,
1644 4693 1891 4765 φανερῶς
1914 4693 2063 4763 λέγει

2173 4701 2310 4756 bono
2359 4700 2661 4757 consultori
2703 4702 2897 4773 agebat
2944 4701 3170 4771 gratias.
3212 4699 3307 4755 llle
3345 4710 3557 4767 autem,
3589 4715 3760 4756 scena

483 4791 561 4863 τῷ
601 4792 882 4863 ὁμοτέχνῳ
910 4792 985 4855 ὡς
1011 4791 1269 4844 οὐδέποτε
1309 4790 1534 4861 χρυσίον
1577 4788 1724 4858 αὐτῷ
1769 4787 1912 4841 κατὰ
1968 4788 2068 4859 τὴν

2173 4808 2288 4847 mox
2338 4803 2559 4864 aperta,
2605 4792 2890 4849 manifeste
2934 4792 3067 4847 dicit
3113 4792 3296 4858 socio,
3343 4808 3402 4847 se
3475 4806 3754 4861 nunquam

482 4885 599 4938 ὁδον
630 4884 905 4956 εὑρεθείη.
943 4883 1104 4938 Ἀλλά
1137 4882 1481 4954 βουλόμενος,
1516 4883 1674 4952 φησὶ,
1711 4881 2068 4951 διαναστῆσαί

2173 4900 2356 4938 aurum
2408 4887 2463 4940 in
2516 4886 2601 4941 via
2650 4885 2949 4949 invenisse,
3024 4884 3130 4940 Sed
3176 4884 3398 4951 volens,
3450 4885 3660 4957 inquit,
3702 4894 3757 4941 te

483 4990 542 5028 σε
575 4976 708 5047 πρὸς
727 4976 824 5038 τάς
853 4975 1000 5038 θείας
1028 4973 1376 5045 ἀφικνεῖσθαι
1397 4974 1664 5040 συνάξεις,
1692 4972 1789 5043 τὴν
1817 4972 1910 5026 τοῦ
1936 4990 2070 5044 χρυιυ

2173 4978 2411 5033 excitare
2445 4987 2505 5032 ut
2530 4978 2743 5034 venires
2771 4978 2839 5033 ad
2873 4978 3086 5034 divinas
3111 4980 3584 5051 congregationes,
3622 4977 3753 5034 tinxi

483 5067 598 5119 σίου
631 5066 851 5135 εῦρεσιν
881 5068 1229 5138 ἐπλασέμην.
1290 5066 1462 5120 Τοῦτο
1500 5066 1580 5129 εἰς
1626 5058 1742 5119 ὦτα
1769 5063 1847 5134 τῷ
1877 5081 2062 5134 μακα-

2173 5069 2312 5126 hanc
2349 5069 2468 5126 auri
2518 5071 2911 5126 inventionem.
2964 5069 3079 5126 Hoc
3126 5086 3249 5126 cum
3298 5070 3635 5140 pervenisset
3684 5069 3756 5125 ad

483 5158 733 5230 ριωτάτῳ
801 5154 1025 5231 Ἰωάννη
1056 5158 1232 5223 ἐλθὸν,
1283 5162 1381 5230 τῆς
1408 5175 1468 5211 τε
1505 5158 1717 5228 ἀγαθῆς
1750 5155 2064 5229 προθέσεως

2173 5174 2332 5214 aures
2377 5160 2675 5216 beatissimi
2722 5160 3084 5231 patriarchae,
3124 5170 3179 5216 et
3212 5160 3327 5233 ejus
3363 5158 3561 5215 bonum
3602 5173 3754 5212 cotu-

484 5249 646 5303 αὑτὸν
673 5251 998 5323 ἀποδέχεται
1041 5254 1138 5308 καὶ
1166 5257 1265 5326 τῆς
1281 5252 1377 5307 τοῦ
1401 5251 1773 5324 πρεσϐυτέρου
1813 5267 2062 5323 χειροτοο

2173 5254 2389 5309 tuendat
2423 5253 2789 5325 propositum,
2831 5263 2886 5310 et
2918 5269 3045 5311 eum
3086 5253 3305 5310 ordinat
3346 5252 3755 5326 presbyterum.

424 5374 430 5379 ‹
489 5343 604 5406 νίας
635 5346 906 5411 καταξιοῖ.

592 5499 636 5531 ιδ
661 5499 853 5563 Matth.
874 5518 985 5573 m,
1016 5506 1102 5564 ιδ.
