4138 6430
396 432 549 509 ’059

1674 445 1956 506 MENSIS
2002 442 2441 505 JANUARIUS

3590 439 3695 501 θῦθ

1860 578 2090 636 CAPUT
2132 578 2269 633 .\’-lll.

1676 701 1735 755 S.
1777 700 2001 755 Joannis
2040 699 2188 768 fuga,
2234 699 2427 751 obitus.

517 817 752 873 LXXIII.
798 818 895 873 llic
952 834 1138 874 revera
1188 819 1363 875 bonus
1407 832 1611 888 pastor,
1659 823 1893 888 divinus,
1939 823 2020 876 in-

2196 816 2316 872 Ol".
2349 812 2518 880 Οὗτος
2538 820 2566 870 ὁ
2599 817 2758 881 καλὸς
2783 817 2860 888 τῷ
2887 817 3001 870 ὄντι
3036 817 3259 887 ποιμὴν,
3292 818 3319 870 ὁ
3348 817 3509 883 θεῖος,
3537 823 3702 891 φημὶ,

442 926 629 980 quam,
648 909 978 977 patriarcha,
995 912 1223 966 credens
1241 913 1466 981 principi
1489 929 1762 983 pastorum
1778 916 2021 979 Christo,

440 1001 534 1065 qui
589 1000 738 1069 iubet
766 1000 832 1062 '°,
880 999 924 1053 si
971 1000 1241 1068 persecuti
1286 999 1507 1065 fuerint,
1555 1017 1617 1055 ex
1657 1016 1761 1055 una
1800 1000 2022 1055 civitate

441 1089 630 1159 Ingere
683 1091 738 1144 in
782 1090 981 1157 aliam;
1026 1106 1151 1146 cum
1202 1101 1346 1147 esset
1391 1093 1712 1147 Alexandria
1758 1093 2018 1148 tradenda

445 1184 696 1239 manibus
719 1182 1029 1246 Persarum,
1058 1185 1237 1240 divina
1261 1186 1596 1257 providentia
1629 1187 1776 1240 illinc
1801 1185 2016 1254 quidem

446 1276 670 1340 recedit,
715 1277 908 1344 migrat
958 1284 1138 1330 autem
1188 1277 1242 1330 in
1290 1292 1442 1332 suam
1479 1278 1707 1344 patriam
1760 1277 2017 1348 Cyprum,

445 1382 604 1422 suum
652 1367 700 1421 ei
736 1380 935 1436 corpus
970 1366 1299 1436 largiturus,
1333 1374 1390 1421 ut
1423 1382 1544 1436 qnzn
1589 1382 1710 1422 eum
1762 1367 2015 1435 alueratf:

444 1458 790 1528 prarseiverat
822 1460 965 1511 enim
1000 1459 1112 1529 jam
1155 1459 1590 1529 appr0pinquare
1625 1460 1929 1515 decessum.
1968 1462 2018 1517 Is

446 1549 648 1618 itaque,
689 1550 844 1617 cujus
883 1564 1026 1619 saepe
1077 1551 1401 1606 mentionem
1452 1552 1701 1611 fecimus.
1758 1553 2021 1622 patricius

443 1638 682 1705 Nicetes,
709 1648 927 1710 accepta
950 1642 1239 1697 occasione
1266 1657 1333 1698 ex
1361 1656 1427 1698 eo
1475 1644 1618 1712 quod
1668 1644 1847 1699 Persa.-
1881 1646 2022 1700 irru-

442 1739 657 1801 perant,
698 1729 951 1787 obsecrat
977 1732 1153 1786 virum
1203 1734 1465 1799 divinum,
1515 1744 1575 1791 ut
1618 1736 1803 1791 veniat
1849 1752 2021 1806 usque

444 1824 513 1877 ad
545 1823 747 1895 regiam
791 1824 1093 1889 civitatem,
1121 1826 1376 1895 precibus
1411 1834 1468 1881 et
1499 1828 1873 1884 benedictione
1914 1829 2019 1882 im-

442 1915 740 1985 pertitnrus
796 1915 1205 1985 imperatorem.
1256 1916 1350 1972 Ille
1408 1928 1591 1972 autem
1655 1934 1775 1973 cum
1829 1921 2017 1985 sciret,

442 2006 619 2075 qualis
647 2014 791 2061 esset
822 2006 955 2061 lldes
985 2007 1084 2060 viri
1117 2006 1428 2073 clarissimi,
1461 2008 1885 2079 annnitquidem
1924 2026 2019 2079 pe-

443 2098 621 2153 titioni
648 2116 662 2153 :
691 2113 815 2153 cum
854 2099 1014 2155 ambo
1054 2107 1249 2153 autem
1272 2114 1408 2154 nave
1433 2102 1782 2170 veherentur,
1811 2114 1867 2160 et
1903 2104 2016 2174 jam

443 2199 625 2244 essent
664 2189 718 2244 in
748 2190 928 2245 medio
960 2191 1130 2251 mari,
1178 2190 1426 2246 incidunt
1466 2193 1517 2246 in
1552 2209 1769 2264 gravem
1811 2205 2019 2265 tempe-

445 2289 663 2336 statem.
693 2280 830 2336 Cum
856 2295 987 2336 vero
1008 2281 1161 2336 navis
1192 2292 1298 2336 tam
1331 2283 1679 2338 vehementer
1703 2291 2023 2353 quateretur

445 2369 736 2434 ﬂuctibus,
785 2381 842 2425 et
884 2385 1009 2425 mox
1055 2381 1201 2427 esset
1251 2372 1513 2429 mittenda
1558 2374 1614 2428 in
1657 2373 2017 2444 profundum,

446 2466 599 2518 visus
624 2471 712 2518 est
741 2474 900 2519 nocte
930 2463 1017 2517 illa
1039 2502 1055 2527 ,
1084 2478 1192 2533 qua
1225 2464 1397 2520 fuerat
1426 2465 1663 2520 excitata
1695 2477 2021 2537 tempestas,

446 2555 708 2624 patricius
764 2555 816 2608 in
862 2556 1066 2610 somnis
1111 2556 1297 2612 videre
1340 2557 1708 2626 patriarcham
1742 2573 1862 2613 cum
1892 2574 2024 2623 pau-

446 2646 700 2712 peribus,
746 2646 1039 2717 aliquando
1072 2647 1290 2717 quidem
1326 2663 1420 2718 per
1459 2657 1629 2704 totam
1669 2664 1860 2706 navem
1915 2652 2024 2706 cir-

449 2748 922 2803 cumcursantem,
958 2739 1250 2811 aliquando
1290 2751 1469 2795 autem
1505 2756 1627 2795 cmn
1670 2741 1803 2811 ipsis
1836 2758 2028 2799 manus

445 2832 848 2897 extmdentem,
883 2840 939 2887 et
989 2847 1020 2887 e
1058 2831 1213 2887 ctelis
1255 2841 1526 2898 petentem
1561 2834 1845 2889 auxilium.
1889 2835 2024 2890 Cum

448 2931 631 2978 autem
662 2923 773 2991 jam
806 2923 860 2977 in
906 2921 1158 2977 Rhodum
1191 2921 1426 2978 insulam
1474 2924 1891 2994 pervenissent,
1937 2926 2028 2980 ille

447 3013 566 3081 ipse
592 3013 902 3083 patriarcha
929 3027 1050 3066 cum
1082 3026 1113 3066 a
1140 3025 1200 3067 se
1232 3012 1597 3078 discessisset,
1627 3028 1816 3068 revera
1850 3014 2019 3082 videt,

447 3114 502 3159 et
528 3119 634 3158 non
665 3103 720 3159 in
759 3103 993 3167 somnis,
1020 3102 1361 3174 splendidum
1392 3104 1569 3159 virum
1596 3106 1849 3162 eunucho
1875 3106 2029 3161 simi-

445 3194 591 3263 lem,
646 3211 870 3251 aureum
905 3208 1181 3265 sceptrum
1222 3195 1510 3253 habentem
1558 3197 1614 3253 in
1659 3199 1939 3264 manibus,
1972 3211 2029 3256 et

448 3289 518 3343 ad
552 3304 675 3343 eum
723 3289 1070 3344 accedentem
1110 3287 1291 3343 dicere
1320 3307 1334 3344 :
1371 3286 1543 3344 Vocat
1573 3298 1624 3342 te
1666 3289 1780 3344 Rex
1815 3306 2025 3362 regum.

451 3380 650 3437 Statim
676 3395 805 3449 ergo
830 3378 1097 3435 arcersito
1127 3380 1375 3450 patricio,
1406 3394 1527 3434 cum
1562 3379 1788 3435 dixisset
1813 3383 2027 3451 qualem

2123 911 2496 982 πατριάρχης,
2531 909 2611 980 τῷ
2661 910 3013 981 ἀρχιποιμένι
3056 909 3277 981 Χριστῷ
3321 910 3595 966 κελεύοντι
3621 915 3703 966 εί-

2123 1019 2261 1067 κων,
2298 1001 2665 1072 διωκομένους
2686 1003 2750 1056 ὲκ
2774 1002 2936 1071 τῆσδε
2972 1001 3070 1070 τῆς
3123 1001 3332 1065 πόλεως
3356 1004 3580 1071 φεύγειν
3623 1008 3706 1070 εἰς

2121 1095 2220 1164 τὴν
2273 1094 2492 1165 ἑτέραν,
2553 1094 2717 1164 ἡνίκα
2768 1095 2801 1164 ἠ
2848 1092 3223 1162 Ἀλεξάνδρεια
3260 1093 3420 1164 χερσὶ
3479 1095 3707 1167 Περσῷν

2123 1185 2599 1256 παραδοθήσεσθαι
2629 1184 2851 1255 ἔμελλε,
2907 1185 3033 1256 θεία
3088 1184 3318 1255 προνοίᾳ
3361 1185 3573 1239 ἐκεῖθεν
3606 1190 3707 1257 μὲν

2123 1277 2513 1340 ἀπανίσταται,
2553 1277 2690 1348 πρὸς
2719 1276 2776 1330 δὲ
2821 1276 2919 1346 τὴν
2954 1276 3151 1330 ἑαυτοῦ
3188 1276 3425 1349 πατρίδα
3458 1276 3556 1347 τὴν
3590 1278 3705 1333 Κύ-

2123 1387 2263 1441 προν
2294 1369 2649 1439 μεθίσταται,
2688 1370 2750 1422 τὸ
2778 1370 2977 1423 οίκεῖον
3003 1368 3140 1438 αὐτῇ
3177 1368 3360 1439 σῶμα,
3386 1368 3462 1433 ὡς
3492 1368 3705 1440 θρεψα-

2126 1459 2676 1532 μένῃ,¹χαριούμενος
2695 1471 2711 1490 °
2742 1458 2994 1529 προέγνω
3038 1458 3147 1530 γὰρ
3178 1460 3278 1530 ήδη
3324 1460 3423 1528 τὴν
3444 1461 3706 1534 τελευτὴν

2123 1551 2247 1605 ὅσον
2266 1550 2419 1604 οόπω
2446 1550 2792 1620 ἐγγίζουσαν.
2829 1550 2893 1605 '0
2915 1548 3047 1619 γοῦν
3077 1552 3337 1615 πολλάκις
3359 1553 3450 1605 διὰ
3482 1555 3706 1624 μνήμης

2122 1644 2255 1712 ἡμῖν
2322 1642 2636 1712 γενόμενος,
2705 1643 2735 1695 ὁ
2816 1643 3103 1712 πατρίκιος
3157 1642 3361 1715 δηλαδὴ
3428 1645 3699 1716 Νικήτας,

2122 1732 2379 1803 ἀφορμῆς
2423 1732 2521 1801 τῆς
2572 1732 2681 1785 ἀπὸ
2710 1732 2817 1785 τῶν
2871 1733 3097 1804 Περσῶν
3148 1734 3342 1802 ἐφόδου
3375 1734 3699 1804 λαϐόμενος,

2123 1826 2349 1895 λιπαρεῖ
2374 1825 2464 1878 τὸν
2492 1825 2811 1890 θεσπέσιον,
2850 1824 3016 1895 μέχρι
3050 1842 3145 1879 και
3174 1825 3271 1894 τῆς
3297 1825 3568 1896 βασιλίδος
3594 1828 3707 1884 τῶν

2125 1918 2333 1970 πόλεων
2369 1915 2686 1985 ἀφικέσθαι,
2741 1915 2908 1986 εὐχῆς
2948 1916 3046 1969 καὶ
3088 1916 3341 1985 εὐλογίας
3394 1921 3509 1982 τοῖς
3541 1918 3705 1987 βασι-

2123 2007 2341 2061 λεύουσι
2397 2006 2800 2078 μεταδώσοντα.
2836 2006 3007 2071 Είδὼς
3034 2006 3129 2061 οὖν
3161 2008 3372 2072 ἐκεῖνος
3404 2010 3494 2063 οἵα
3524 2011 3556 2080 ἡ
3607 2009 3701 2066 τοῦ

2125 2098 2511 2169 λαμπροτάτου
2550 2097 2732 2160 πίστις
2762 2096 2975 2168 ἀνδρὸς,
3025 2098 3269 2153 ἐπινεύει
3316 2100 3416 2170 μὲν
3448 2101 3582 2171 πρὸς
3604 2100 3705 2174 τὴν

2121 2189 2361 2259 αἴτησιν,
2416 2174 2533 2243 δια
2561 2188 2751 2242 πλοίου
2807 2189 2864 2242 δὲ
2892 2188 3195 2261 ἀμφότεροι
3224 2189 3576 2261 ἀναχθέντες,
3600 2191 3699 2248 καὶ

2125 2283 2294 2353 μέσον
2320 2282 2425 2353 ἠδη
2448 2280 2541 2335 τοῦ
2571 2266 2842 2349 πελάγους
2875 2280 3180 2349 γενόμενοι,
3213 2282 3426 2353 χαλεπῇ
3479 2283 3704 2353 περιπί-

2124 2389 2319 2426 πτουσι
2352 2371 2513 2443 ζάλῃ.
2542 2370 2743 2434 Δεινῶς
2794 2370 2851 2423 δὲ
2880 2371 2982 2440 ἤδη
3007 2370 3099 2424 τοῦ
3136 2371 3321 2424 πλοίου
3362 2370 3697 2443 χειμαζομέο

2123 2481 2239 2524 νου,
2263 2464 2357 2517 καὶ
2378 2462 2562 2531 ὀλίγου
2589 2461 2873 2532 μέλλοντος
2912 2461 2989 2532 τῷ
3025 2461 3172 2532 βυθῷ
3203 2462 3699 2532 παραπέμπεσθαι.

2125 2553 2271 2620 ἔδοξε
2317 2554 2417 2625 τῆς
2446 2553 2641 2617 νυκτὸς
2668 2552 2887 2623 ἐκείνης
2934 2552 3056 2607 καθ’
3083 2552 3153 2624 ἢν
3194 2553 3328 2623 ξάλη
3359 2555 3653 2625 ἐγήγερτο,
3677 2555 3709 2607 ὁ

2127 2646 2420 2717 πατρίκιος
2448 2644 2582 2715 ὄναρ
2614 2644 2748 2716 ὁρᾷν
2776 2644 2868 2697 τὸν
2899 2644 3250 2716 πατριάρχην
3281 2645 3420 2714 μετὰ
3444 2646 3552 2698 τῶν
3601 2663 3702 2699 πε-

2124 2741 2322 2808 νήτων,
2346 2739 2435 2791 ὅτε
2473 2738 2569 2807 μὲν
2616 2736 2765 2790 ἆπαν
2794 2736 2854 2789 τὸ
2886 2736 3072 2791 πλοῖον
3124 2736 3469 2808 περιθέοντα,
3504 2738 3593 2792 ὅτε
3650 2739 3709 2793 δὲ

2129 2829 2226 2882 οὖν
2252 2830 2436 2891 αὐτοῖς
2462 2827 2561 2890 τὰς
2583 2829 2772 2897 χεῖρας
2796 2829 2876 2890 είς
2908 2828 3134 2898 οὐρανὸν
3171 2827 3435 2897 ὀρέγοντα
3479 2830 3575 2883 καὶ
3609 2830 3711 2895 τὴν

2127 2919 2337 2973 ἐκεῖθεν
2369 2919 2621 2990 βοήθειαν
2641 2918 3044 2989 ἐξαιτούμενον.
3084 2920 3174 2983 Ὠς
3201 2918 3257 2973 δὲ
3281 2921 3376 2973 καὶ⁸
3415 2920 3555 2989 πρὸς
3591 2917 3712 2975 Ῥό-

2126 3011 2215 3065 δον
2244 3010 2344 3081 ἧδη
2369 3011 2468 3081 τὴν
2512 3011 2675 3080 νῆσον
2722 3010 3044 3074 κατέλαϐον,
3081 3010 3246 3073 αὐτὸς
3295 3011 3502 3073 ἐκεῖνος
3533 3011 3563 3063 ὁ
3594 3025 3702 3064 πει.⁹

2127 3104 2415 3173 τριάρχης,
2472 3103 2530 3154 ἐν
2564 3102 2821 3155 ἐκστάσει
2875 3102 3189 3172 γενόμενος,
3229 3099 3376 3172 ὕπαρ
3424 3100 3526 3154 οὐκ
3573 3100 3709 3173 ὄναρ

2127 3196 2231 3266 ὁρᾷ
2286 3192 2539 3263 λαμπρδν
2562 3192 2729 3263 ἄνδρα
2759 3193 2999 3263 εὐνούχῳ
3043 3193 3282 3258 ἐοικότα,
3314 3190 3547 3263 χρύσεον
3579 3192 3715 3261 σκῆ-

2133 3304 2303 3357 πτρον
2339 3287 2397 3337 ἐν
2431 3285 2620 3354 χερσὶν
2672 3283 2888 3353 ἔχοντα,
2916 3283 3068 3353 αὐτῷ
3117 3301 3176 3337 τε
3220 3283 3607 3354 προσελθόντα,
3648 3282 3709 3338 ’0

2130 3377 2414 3443 Βασιλεὺς,
2449 3377 2639 3446 φάναι,
2663 3375 2769 3429 τῶν
2796 3375 3187 3447 βασιλευόντων
3209 3375 3365 3429 καλεῖ
3390 3392 3473 3429 σε.
3505 3373 3714 3429 Αὐτίκα

448 3471 726 3527 habuisset
754 3471 1055 3526 visionem:
1086 3469 1166 3525 Tu
1190 3470 1431 3540 quidem,
1464 3472 1655 3542 inquit,
1686 3486 1720 3527 o
1746 3472 1830 3527 vir
1859 3474 2025 3544 splen-

2132 3470 2262 3539 γοῦν
2310 3468 2403 3521 τδν
2459 3471 2747 3540 πατρίκιον
2805 3466 3322 3539 μετακαλεσάμενος
3372 3467 3466 3520 καὶ
3499 3466 3567 3519 τὰ
3608 3463 3708 3535 τῆς

448 3563 765 3628 ύίιιῖεεὶιιιο,
817 3564 1074 3618 studuisti
1133 3577 1236 3619 nos
1277 3564 1550 3620 deducere
1602 3566 1668 3619 ad
1722 3580 1882 3630 cum,
1937 3568 2025 3637 qui

2133 3561 2308 3631 ὅψεως
2332 3558 2407 3623 ὡς
2432 3554 2577 3630 εἶχεν
2610 3558 2803 3626 εἰπὼν,
2843 3559 2914 3612 Σὺ
2954 3558 3071 3629 μὲν,
3097 3553 3142 3613 ὦ
3168 3558 3547 3628 λαμπρότατε,
3575 3555 3701 3625 ἔφη,

449 3664 640 3725 regnat
695 3658 748 3709 in
790 3667 933 3710 terra
984 3671 1000 3709 :
1041 3656 1132 3725 qui
1180 3663 1360 3710 autem
1393 3658 1587 3710 caelum
1638 3667 1693 3712 ct
1735 3666 1934 3712 terram
1977 3667 2032 3711 ct

447 3748 630 3804 omnia
661 3764 757 3802 sua
793 3757 940 3803 tenet
977 3748 1203 3813 ditione,
1234 3748 1386 3815 prior
1426 3748 1491 3803 ad
1531 3763 1590 3804 se
1630 3750 1883 3805 accersit.
1943 3750 2031 3805 Ille

447 3851 579 3891 vero
608 3838 710 3891 hoc
750 3836 894 3891 dicto
937 3835 1158 3891 tristitia
1191 3834 1420 3892 affectus
1452 3847 1504 3894 et
1548 3837 1737 3895 dolore
1770 3841 2025 3911 repletus,

448 3943 557 3982 non
598 3927 774 3997 potuit
819 3926 1034 3996 quidem
1076 3942 1199 3983 eum
1249 3927 1502 3983 retinere.
1551 3928 1655 3984 Sed
1698 3945 1821 3985 cum
1869 3946 2031 3987 vene-

450 4021 700 4074 rabilium
741 4018 858 4088 ejus
892 4034 1115 4088 precum
1150 4018 1385 4074 fructum
1418 4019 1660 4089 jucunde
1694 4022 2027 4090 accepisset,

448 4127 609 4181 quam
641 4112 816 4182 potuit
840 4110 1229 4167 olliciosissime
1260 4126 1381 4166 cum
1414 4111 1637 4166 dimittit
1671 4112 1722 4165 in
1764 4110 2026 4183 Cyprum.

523 4292 760 4350 LXXIV.
788 4290 925 4348 Cum
959 4302 1139 4347 autem
1168 4294 1220 4347 in
1253 4308 1403 4348 suam
1442 4294 1712 4350 civitatem
1746 4297 2030 4365 pervenis-

450 4398 532 4442 set
558 4385 967 4448 Amathuntcm,
1001 4382 1166 4453 jussit
1201 4384 1402 4440 scribis
1437 4395 1495 4439 ut
1529 4388 1833 4443 scriberent
1867 4400 2032 4442 testa-

451 4484 717 4543 mentum,
757 4473 903 4545 quod
939 4473 1019 4529 sic
1056 4473 1289 4528 habebat
1322 4491 1336 4528 :
1379 4471 1616 4531 Joannes
1659 4475 1880 4530 immitis
1908 4477 2031 4545 qui-

450 4571 572 4623 dem
628 4581 817 4623 servus
871 4579 1154 4621 servorum
1207 4565 1344 4629 Dei,
1403 4573 1620 4635 propter
1668 4574 1847 4621 autem
1903 4566 2031 4618 mihi

452 4658 758 4729 impositam
808 4658 1159 4728 pontiﬁcatus
1208 4657 1560 4727 dignitatem,
1603 4658 1778 4727 gratia
1829 4655 2030 4711 Christi

457 4749 616 4811 liber,
647 4762 750 4817 ago
778 4747 870 4803 tibi
894 4746 1123 4818 gratias,
1158 4746 1381 4801 Domine
1405 4745 1549 4802 Deus
1578 4761 1749 4809 mens,
1782 4746 1925 4816 quod
1949 4760 2033 4799 me

2132 3652 2268 3722 πρὸς
2300 3653 2392 3705 τὸν
2418 3652 2510 3704 ἐπὶ
2542 3651 2645 3721 γῆς
2674 3648 3031 3720 βασιλεύοντα
3066 3648 3303 3719 σπουδὴν
3336 3647 3539 3709 ἐποίεις
3559 3646 3707 3717 ἡμᾶς

2130 3747 2360 3813 ἀγαγεῖν
2383 3760 2397 3775 ο
2429 3745 2457 3797 ὁ
2491 3745 2549 3797 δὲ
2583 3742 2816 3816 ούρανοῦ
2842 3741 2939 3795 καὶ
2968 3741 3069 3810 γῆς
3095 3742 3189 3795 καὶ
3218 3741 3435 3794 πάντων
3471 3738 3712 3811 κρατῶν,

2133 3835 2345 3903 φθάσας
2398 3834 2533 3905 πρὸς
2590 3834 2782 3889 ἐαυτὸν
2833 3831 3235 3905 μετεστείλατο.
3297 3829 3715 3900 Σκυθρωπάσας

2130 3924 2221 3977 οὖι
2252 3924 2344 3975 ἐπὶ
2384 3924 2459 3993 τῷ
2490 3923 2633 3993 λόγῳ
2660 3925 2886 3989 ἐκεῖνος,
2909 3921 3003 3975 καὶ
3040 3920 3217 3991 λύπης
3250 3917 3559 3990 πληρωθεὶς
3613 3916 3713 3989 τὴν

2131 4016 2380 4083 καρδίαν,
2410 4016 2657 4085 ἐπισχεῖν
2694 4014 2795 4085 μὲν
2823 4013 2987 4069 αὐτὸν
3036 4013 3135 4084 οὐχ
3166 4007 3275 4076 οἷός
3304 4029 3362 4064 τε
3391 4008 3478 4082 ἦν,
3511 4012 3620 4064 τῶν
3651 4011 3709 4063 δὲ

2130 4107 2329 4175 τιμίων
2357 4105 2523 4159 αὑτοῦ
2545 4108 2974 4177 κατατρυφήσας
3008 4104 3203 4174 εὐχῶν,
3257 4103 3395 4175 μετὰ
3456 4103 3717 4173 πλείστης

2131 4199 2261 4269 ὅσης
2294 4199 2392 4267 τῆς
2428 4198 2726 4269 θεραπείας
2763 4198 2900 4269 πρὸς
2928 4196 3027 4268 τὴν
3069 4196 3295 4265 Κύπρον
3319 4196 3619 4264 ἐκπέμπει.

2204 4288 2320 4345 OA’.
2362 4290 2512 4343 Ἐπεὶ
2536 4289 2627 4343 οὖν
2644 4289 2740 4358 τὴν
2761 4288 2897 4342 ἰδίαν
2923 4289 3075 4341 πόλιν
3104 4288 3450 4361 ’Δμαθοῦντα
3478 4287 3719 4341 κατελα-

2133 4383 2213 4443 6ε,
2258 4381 2526 4451 διαθήκην
2575 4383 2688 4444 τοῖς
2719 4380 3127 4453 ὑπογραφεῦσιν
3190 4380 3445 4433 ἐκέλευσε
3479 4380 3713 4451 γράφειν

2131 4473 2361 4541 ἔχουσαν
2391 4467 2522 4527 ὦδε’
2564 4472 2818 4542 Ἰωάννης
2844 4470 3032 4535 δοῦλος
3064 4473 3162 4542 μὲν
3194 4469 3417 4542 εὐτελὴς
3448 4470 3557 4523 τῶν
3577 4469 3713 4523 Θεοῦ

2132 4566 2354 4629 δούλων,
2406 4564 2494 4618 διὰ
2522 4565 2578 4618 δὲ
2610 4566 2667 4618 τὸ
2714 4565 2964 4620 ἐπιτεθέν
3005 4582 3096 4635 μοι
3146 4563 3247 4632 τῆς
3303 4560 3716 4634 ἀρχιερωσύνης

2132 4660 2371 4728 ἀξίωμα,
2410 4657 2595 4727 χάριτι
2626 4655 2864 4726 Χριστοῦ
2912 4655 3195 4725 ἐλεύθερος
3216 4694 3230 4718 ,
3267 4652 3578 4724 εὐχαριστῶ
3609 4668 3716 4717 σοι,

2135 4748 2306 4818 Κύριε
2340 4750 2368 4801 ὁ
2412 4749 2545 4811 Θεός
2578 4766 2704 4821 μου,
2736 4749 2820 4801 ὅτι
2874 4764 2942 4815 με
3002 4745 3351 4816 κατηξίωσας
3393 4745 3462 4798 τὰ
3515 4745 3584 4797 σὰ
3635 4743 3718 4796 σοὶ

453 4842 673 4911 dignum
713 4838 1027 4903 censueris,
1061 4839 1153 4908 qui
1188 4848 1277 4892 tua
1312 4839 1407 4893 tibi
1430 4836 1688 4893 offerrem
1739 4853 1753 4891 :
1798 4848 1851 4891 ct
1882 4837 2025 4907 quod

2133 4843 2522 4912 προσενεγκεῖν
2546 4857 2560 4870 ο
2590 4842 2686 4895 καὶ
2716 4840 2839 4909 μηδ’
2882 4838 3061 4893 ὁτιοῦν
3094 4837 3222 4892 ἄλλο
3257 4853 3347 4906 μοι
3376 4835 3472 4888 νῦν
3505 4835 3579 4904 τῷ
3617 4834 3716 4905 βίῳ

451 4947 519 4986 ex
552 4930 739 4985 tnundi
775 4931 927 4986 bonis
959 4930 1091 4984 nihil
1127 4930 1273 4984 aliud
1314 4931 1384 4984 sit
1419 4930 1549 4983 mihi
1586 4929 1885 4998 reliquum,
1924 4929 2030 4983 nisi

452 5022 610 5076 tertia
644 5033 769 5090 pars
797 5019 1041 5081 numini;
1067 5034 1231 5088 quam
1262 5020 1433 5087 ipsam
1464 5017 1631 5088 jubco
1661 5033 1879 5087 quoque
1916 5019 2028 5073 dari

454 5113 817 5182 pauperibus,
880 5112 969 5179 qni
1039 5119 1165 5166 sunt
1221 5110 1351 5164 mihi
1412 5109 1609 5163 fratres
1669 5111 1721 5164 in
1788 5109 2027 5165 Christo.

453 5206 684 5272 Quando
703 5205 849 5260 enim
873 5202 967 5258 Dei
997 5203 1352 5273 permissione
1378 5211 1591 5256 creatus
1637 5201 1712 5256 fui
1744 5203 2031 5271 episcopus

454 5298 814 5362 Alexandriae,
850 5292 1028 5351 inveni
1064 5297 1117 5349 in
1157 5310 1276 5351 tneo
1311 5296 1627 5366 episcopatu
1665 5295 1882 5349 circiter
1910 5303 2032 5350 octo

455 5393 622 5447 millia
657 5393 915 5448 librarum
948 5391 1113 5447 auri:
1163 5405 1230 5445 ex
1274 5390 1549 5446 oblatione
1601 5402 1779 5445 autem
1822 5391 2031 5459 piorum

456 5485 659 5541 millies
689 5485 776 5539 his
818 5486 1110 5554 ampliores
1154 5484 1344 5555 collegi
1383 5483 1686 5551 pecunias:
1737 5498 1874 5553 quas
1910 5496 2034 5536 cum

456 5590 841 5648 cognoscerem
866 5590 987 5632 esse
1012 5574 1238 5641 Christi,
1263 5574 1480 5630 Christo
1511 5573 1674 5628 etiam
1703 5575 1833 5628 dare
1866 5572 2031 5637 volui,

462 5669 546 5723 cui
594 5684 740 5725 nunc
766 5682 983 5737 quoque
1023 5669 1177 5725 trado
1222 5669 1477 5723 animam.
1540 5666 1673 5723 Cum
1720 5668 1820 5723 hoc
1869 5675 2033 5724 testa-

576 5843 619 5873 "
646 5844 832 5899 Matth.
866 5863 917 5911 κ,
950 5846 1039 5902 ‘23.

2140 4934 2557 5006 περιλειφθῆναι
2603 4934 2686 4987 ὅτι
2737 4932 2812 5005 μὴ
2845 4931 3026 5004 τρίτον
3065 4929 3425 5000 νομίσματος,
3477 4928 3614 4998 ὅπερ
3652 4926 3717 4997 δὴ

2140 5027 2234 5078 καὶ
2260 5025 2393 5078 αὐτὸ
2424 5026 2538 5087 τοῖς
2567 5023 2762 5093 πένησι
2795 5025 2905 5086 τοῖς
2934 5022 2992 5076 ἐν
3022 5019 3243 5092 Χριστῷ
3302 5018 3548 5089 ἀδελφοῖς
3615 5037 3717 5088 μου

2138 5114 2359 5183 δοθῆναι
2406 5112 2633 5169 κελεύω.
2665 5112 2795 5167 "Ore
2845 5114 2952 5184 γὰρ
2987 5113 3130 5166 κατὰ
3177 5111 3315 5164 Θεοῦ
3371 5110 3720 5182 συγχώρησιν

2151 5206 2551 5278 Ἀλεξανδρέων
2578 5205 2875 5269 ἐπίσκοπος
2906 5205 3268 5277 προεϐλήθην,
3300 5206 3427 5274 περὶ
3447 5206 3540 5267 τὰς
3565 5204 3721 5256 ὀκταο

2140 5298 2406 5369 κισχιλίας
2437 5299 2532 5353 τοῦ
2584 5300 2807 5370 χρυσίου
2841 5298 3029 5371 λίτρας
3060 5301 3117 5351 ἐν
3146 5297 3222 5369 τῷ
3250 5296 3589 5365 ὲπισκοπείῳ
3616 5314 3715 5365 μου

2137 5390 2302 5455 οὔσας
2326 5392 2578 5463 ἐφεῦρον,
2612 5394 2679 5447 ἐκ
2709 5393 3076 5465 προσαγωγῆς
3111 5392 3168 5445 δέ
3197 5391 3462 5461 φιλοθέων
3524 5406 3715 5459 μυριο-

2138 5482 2342 5537 πλάσια
2368 5484 2572 5538 τούτων
2603 5487 2914 5557 συνήγαγον
2943 5486 3202 5555 χρήματα
3221 5501 3234 5516 ο
3270 5483 3307 5537 ἂ
3347 5484 3438 5535 τοῦ
3479 5480 3718 5552 Χριστοῦ

2138 5573 2267 5627 ὄντα
2299 5576 2601 5645 γινώσκων,
2656 5576 2880 5648 Χριστῷ
2936 5578 3032 5630 καὶ
3072 5574 3256 5628 δοῦναι
3308 5557 3716 5653 προεθυμήθην,

2135 5656 2288 5735 ᾧπερ
2323 5666 2418 5721 νῦν
2445 5667 2536 5722 καὶ
2580 5667 2677 5738 τὴν
2695 5666 2874 5738 ψυχὴν
2916 5665 3280 5737 παραδίδωμι.
3328 5664 3510 5719 Ταῦτα
3545 5661 3718 5723 οὕτως
