4138 6444
418 322 517 388 961

1335 322 1510 382 VlTA
1555 322 1615 383 S.
1654 321 1977 381 JOANNIS
2012 322 2658 385 ELEEMOSYNARII.

3559 325 3668 409 ραι

414 441 442 490 ὁ
470 436 640 506 μέγας
688 434 780 487 τοῦ
811 432 945 486 Θεοῦ
982 433 1270 506 ἄνθρωπος
1314 435 1654 506 διαθέμενος,
1707 438 1788 500 εἰς
1814 438 1995 508 χεῖρας

2106 447 2347 493 mentum
2380 438 2463 493 sui
2503 438 2718 496 iecisset
2748 438 2838 496 ille
2884 454 3110 510 magnus
3140 439 3303 499 homo
3334 440 3456 508 Dei,
3504 444 3670 513 depo-

412 527 550 583 Θεοῦ
577 527 780 592 ζῶντος
807 526 870 579 τὸ
904 527 1124 597 πνεῦμα
1150 527 1440 597 παρέθετο.

485 608 608 674 σε’.
637 616 836 689 Θαῦμα
875 618 935 673 δὲ
984 618 1195 689 γίνεται
1236 621 1366 687 περὶ
1421 619 1522 689 τὴν
1579 619 1746 673 αὑτοῦ
1786 620 1987 691 ταφὴν,

412 711 629 774 οὐδενὸς
655 709 766 764 τῶν
819 710 1038 763 πώποτε
1072 708 1672 781 θαυματουργηθέντων
1713 711 1991 784 δεύτερον.

413 807 572 859 Κατὰ
601 805 712 874 γὰρ
741 803 833 856 τὸν
855 803 1144 875 εὐκτήριον
1174 800 1322 858 οἷκον
1367 807 1461 858 τοῦ
1492 804 1911 877 θαυματουργοῦ
1934 806 1993 862 ἐν

410 918 521 954 τινι
543 898 694 970 σορῷ
715 898 808 952 δύο
839 897 1068 967 σώματα
1117 900 1433 954 ἐπισκόπων
1468 899 1786 972 κρυπτούσῃ
1825 917 1992 955 κατα-

411 993 658 1047 τίθεσθαι
700 991 1004 1061 μέλλοντος,
1036 986 1104 1062 ἦν
1137 991 1265 1045 [δεῖν
1296 991 1363 1044 τὰ
1396 991 1569 1061 νεκρὰ
1602 991 1769 1044 ταυτὶ
1803 990 1992 1062 σώμα-

410 1099 502 1144 τα,
529 1079 720 1151 ὥσπερ
746 1080 1115 1150 ἐμψυχωμένα
1155 1080 1318 1143 σέϐας
1344 1080 1424 1150 τῷ
1475 1082 1732 1151 μακαρίῳ
1777 1082 1994 1153 σώματι

413 1174 672 1243 νέμοντα.
718 1173 1020 1227 Ἐκστάντα
1060 1172 1171 1243 γὰρ
1211 1175 1307 1227 ἀπ’
1338 1174 1606 1243 ἀλλήλων,
1644 1174 1809 1244 μέσον
1857 1174 1990 1228 αὑτό

413 1264 811 1337 παραδέχονται
831 1279 844 1292 °
881 1263 976 1317 καλ⁵
1006 1263 1166 1317 τοῦτο
1204 1265 1301 1334 μὲν
1335 1266 1463 1337 περὶ
1494 1264 1593 1337 τὴν
1612 1265 1789 1336 ταφὴν
1820 1266 1983 1335 γενό-

415 1374 597 1425 μενον,
631 1355 855 1417 πολλοῖς
906 1355 1095 1424 ὕψεσιν
1125 1356 1326 1426 ἐθεάθη
1346 1373 1359 1386 ο
1391 1358 1575 1427 ἕτερον
1604 1356 1659 1411 δὲ
1689 1359 1789 1411 οὐκ
1836 1357 1990 1412 ἔλατ·

411 1467 506 1503 τον
547 1447 740 1526 τούτου
775 1449 979 1519 προῖὼν
1020 1450 1048 1501 6
1094 1448 1253 1517 λόγος
1281 1447 1536 1519 δηλώσει.

2103 527 2211 581 snit
2241 528 2490 595 spiritum
2525 530 2578 583 in
2609 544 2803 584 manus
2838 531 2929 585 Dei
2966 530 3215 586 viventis.

2168 618 2381 673 LXXV.
2415 620 2479 674 in
2521 621 2638 689 ejus
2676 628 2854 674 autem
2896 623 3172 690 sepultura
3225 624 3283 677 tit
3329 622 3672 693 miraculum,

2096 711 2237 779 quod
2266 710 2395 764 nulli
2419 710 2562 766 cedit
2590 727 2655 766 ex
2690 712 2774 776 iis,
2813 728 2933 781 qua:
2966 730 3201 783 unquam
3240 715 3378 769 facta
3403 728 3527 770 sunt
3563 718 3670 771 mi-

2094 804 2309 859 rabilia.
2345 803 2476 857 Nam
2504 818 2626 857 cum
2654 812 2800 859 esset
2834 804 3185 875 deponendus
3212 806 3264 859 in
3294 808 3407 861 inde
3433 808 3672 863 oratoria

2098 895 2500 951 admirabilium
2541 911 2765 965 operum
2809 894 3082 952 el't‘ectoris
3109 896 3414 967 Tychonis,
3451 900 3503 952 in
3534 914 3670 967 qua-

2098 990 2220 1041 dam
2266 1002 2423 1057 capsa
2447 1026 2462 1051 ,
2491 986 2544 1040 in
2577 1002 2683 1055 qua
2719 995 2876 1040 erant
2912 987 3127 1041 condita
3154 987 3261 1041 duo
3295 1002 3521 1054 corpora
3554 990 3669 1055 epi-

2095 1091 2416 1146 scoporum;
2453 1074 2638 1131 videre
2678 1074 2875 1130 licebat
2910 1075 3025 1129 haec
3048 1060 3261 1129 mortua
3282 1089 3511 1143 corpora
3551 1076 3668 1129 vel-

2097 1166 2173 1220 uti
2224 1167 2459 1219 animata
2516 1164 2755 1218 tribuere
2786 1164 2990 1217 cultum
3019 1164 3181 1219 beato
3206 1149 3442 1234 corpori.
3479 1163 3609 1217 Nam
3638 1180 3670 1218 a

2095 1273 2155 1313 se
2184 1256 2412 1312 invicem
2452 1256 2733 1327 sejuncta,
2772 1254 2823 1310 id
2862 1254 3097 1308 medium
3134 1253 3422 1324 accipiunt.
3462 1255 3523 1308 Et
3567 1255 3671 1310 hoc

2094 1349 2328 1419 quidem,
2367 1349 2509 1419 quod
2550 1348 2730 1403 evenit
2773 1348 2825 1402 iu
2852 1345 2988 1418 ‘cjns
3021 1349 3326 1416 sepultura,
3372 1348 3546 1402 visum
3588 1356 3673 1401 est

2098 1439 2392 1493 multorum
2437 1439 2610 1493 oculis
2653 1456 2665 1492 :
2707 1438 2936 1493 alterum
2987 1448 3166 1494 autem
3210 1454 3275 1495 eo
3319 1455 3423 1494 non
3467 1439 3670 1506 minus,

2098 1530 2398 1601 procedens
2434 1529 2732 1584 declarabit
2759 1529 2948 1585 oratio.

1854 1644 2081 1702 CAPUT
2118 1643 2258 1699 XIV.

1573 1762 1833 1818 Miracula
1867 1774 1979 1832 post
2009 1764 2122 1834 ejus
2149 1771 2365 1815 mortem
2397 1762 2541 1832 facta

487 1876 619 1942 οςν.
650 1875 875 1931 Γύναιον
896 1877 1075 1961 γάρ.τι
1095 1879 1193 1949 τῆς
1216 1879 1586 1950 ἐνεγκαμένης
1602 1878 1695 1932 τὸν
1720 1877 1960 1949 πατριάρ

2163 1874 2398 1930 LXXVI.
2437 1876 2690 1943 Quanlam
2734 1878 2877 1930 enim
2924 1873 3115 1929 mulier
3145 1881 3264 1929 orta
3305 1873 3360 1928 in
3388 1873 3664 1944 oppidulo,

413 1982 517 2034 χην
544 1965 803 2037 πολίχνης
836 1968 1181 2041 ὁρμώμενον,
1215 1971 1337 2023 ἐπεὶ
1366 1969 1569 2041 ἔμαθεν
1622 1970 1727 2041 ἥδη
1777 1969 1991 2040 μέλλειν

412 2055 576 2108 αὑτὸν
624 2059 761 2129 πρὸς
815 2060 1023 2130 Κύριον
1065 2060 1361 2131 ἐκδημεῖν,
1412 2061 1553 2131 μέγα
1605 2079 1658 2115 τι
1715 2063 1807 2114 καὶ
1852 2060 1989 2132 βαρὺ

414 2142 720 2215 ἁμάρτημα
741 2148 905 2219 ἑαυτῇ
940 2150 1231 2214 συνειδυῖα,
1275 2153 1600 2224 προστρέχει
1626 2152 1703 2224 τῷ
1737 2152 1992 2223 μακαρίῳ

344 2266 351 2271 -
414 2233 642 2305 θερμοῖς
676 2237 907 2311 δάκρυσι
958 2241 1069 2293 τῶν
1096 2241 1264 2295 αὐτοῦ
1315 2242 1491 2297 ποδῶν
1545 2245 1849 2315 ἁπτομένη,
1900 2243 1987 2297 διὰ

412 2326 730 2396 προσευχῆς
765 2329 974 2382 ἐκείνου
1014 2329 1171 2385 λύσιν
1205 2333 1388 2404 ᾐτεῖτο
1417 2332 1511 2386 τοῦ
1561 2336 1987 2407 ἁμαρτήματος.

424 2416 486 2472 '0
510 2418 590 2483 δὲ,
614 2420 677 2471 Et
713 2421 1009 2486 πιστεύεις,
1033 2421 1160 2493 ἔφη,
1179 2424 1262 2476 ὅτι
1298 2442 1381 2477 σοι
1406 2425 1494 2478 διὰ
1514 2426 1613 2495 τῆς
1651 2428 1791 2497 ἐμῆς
1823 2447 1991 2500 προσ-

413 2508 582 2579 ευχῆς
606 2509 668 2563 τὸ
697 2511 1005 2585 ἁμάρτημα
1032 2514 1242 2582 λύεται,
1270 2515 1767 2590 έξομολογήσασθαί
1803 2538 1886 2575 σοι
1910 2524 2015 2583 δεῖ,

414 2604 636 2670 πάντως
672 2608 825 2663 αὐτό.
866 2609 1020 2664 Ἐπεὶ
1068 2610 1124 2664 δὲ
1144 2611 1234 2683 ’μὴ
1264 2610 1523 2667 δύνασθαι
1550 2613 1708 2668 τοῦτο
1742 2615 1850 2668 τῶν
1879 2635 1990 2687 χει-

2095 1970 2234 2039 qnod
2283 1968 2480 2022 tulerat
2524 1967 2887 2038 patriarcliam
2910 2006 2925 2030 ,
2959 1978 3242 2035 postquam
3293 1964 3510 2019 rescivit
3541 1980 3667 2018 eum

2090 2062 2196 2131 jam
2224 2075 2346 2115 esse
2384 2062 2743 2129 migraturum
2776 2059 2841 2112 ad
2880 2058 3162 2112 Dominum
3192 2058 3424 2127 ,.magui
3450 2067 3504 2111 et
3538 2072 3666 2124 gra-

2091 2153 2175 2207 vis
2226 2152 2435 2224 peccati
2475 2154 2578 2207 sibi
2612 2153 2828 2207 conscia
2887 2152 3124 2206 accurrit
3169 2153 3237 2205 ad
3304 2150 3518 2205 beatum
3555 2167 3569 2205 :
3612 2164 3671 2206 es

2093 2247 2282 2301 ealidis
2312 2245 2567 2316 lacrymis
2608 2243 2879 2315 profusis,
2920 2245 3037 2313 ejus
3075 2243 3237 2314 pedes
3278 2252 3535 2312 tangens,
3573 2256 3669 2310 pe-

2094 2340 2243 2394 tebat
2278 2337 2423 2393 illius
2473 2338 2679 2410 peccati
2726 2338 3145 2392 absolutionem.
3191 2334 3284 2392 ille
3337 2345 3554 2389 autem:
3609 2334 3667 2389 Si

2092 2430 2292 2497 credis,
2316 2430 2511 2499 inquit,
2545 2431 2682 2484 meis
2709 2429 2958 2498 precibus
2989 2440 3039 2483 te
3067 2443 3185 2484 esse
3217 2430 3285 2481 ab
3312 2426 3415 2482 hoc
3446 2436 3670 2495 peccato

2095 2519 2478 2575 absolvendam
2500 2560 2517 2585 ,
2544 2528 2759 2589 oportet
2791 2519 3008 2572 omnino
3056 2528 3107 2573 te
3135 2518 3185 2572 id
3219 2518 3365 2587 prius
3397 2516 3666 2571 conﬁteri.

2094 2610 2225 2667 Cum
2254 2622 2434 2666 autem
2466 2611 2692 2683 dixisset
2716 2626 2774 2663 se
2808 2627 2914 2664 non
2938 2624 3095 2680 posse
3118 2609 3170 2663 id
3202 2609 3369 2664 labris
3395 2607 3664 2678 proferre,

413 2694 552 2749 λέων
605 2702 962 2768 προενεγκεῖν
1012 2701 1199 2770 ἔλεγε,
1253 2701 1343 2757 διὰ
1365 2703 1582 2774 γραφῆς
1618 2704 1751 2758 αὐτὸ
1797 2706 1992 2776 δηλοῦν

2096 2703 2245 2774 jussit
2281 2703 2331 2755 id
2367 2702 2586 2771 scriptis
2619 2701 2947 2771 signiﬁcare.
2972 2699 3106 2755 Cum
3139 2716 3268 2755 vero
3304 2701 3512 2753 videret
3546 2714 3666 2753 eam

417 2790 783 2859 προετρέπετο
802 2809 815 2822 ·
845 2794 920 2857 ὡς
946 2793 1003 2848 δὲ
1032 2796 1126 2849 καὶ
1161 2796 1297 2867 πρὸς
1322 2797 1454 2850 αὐτὸ
1487 2797 1991 2870 δυσανασχετοῦσαν

415 2879 635 2946 ἔϐλεπε,
675 2885 958 2954 γραφῆναι
991 2887 1203 2940 κελεύει
1251 2887 1347 2942 καλ⁸
1386 2891 1451 2959 τῇ
1486 2891 1742 2961 σφραγῖδι
1786 2892 1992 2964 ταύτης

413 2967 855 3041 ἀσφαλισθῆναι,
921 2975 1014 3028 καὶ
1066 2975 1240 3040 οὕτως
1280 2976 1432 3048 αὐτῷ
1486 2977 1548 3030 τὸ
1611 2984 1992 3052 γραμματεῖον

414 3057 845 3131 ἐγχειρισθῆναι.
878 3061 1066 3127 Οὕτως
1092 3060 1185 3119 οὖν
1213 3066 1504 3137 γενομένου
1533 3068 1628 3122 καὶ
1655 3070 1734 3133 είς
1772 3070 1871 3134 τὰς
1898 3070 1993 3122 αὖ·

412 3148 507 3204 τοῦ
536 3153 721 3222 χεῖρας
747 3152 1259 3227 διασεσημασμένου
1288 3158 1668 3223 πιστευθέντος
1690 3161 1783 3215 τοῦ
1808 3179 1993 3233 γραμ-

419 3220 667 3313 ματείου,
693 3244 864 3299 ἐδεῖτο
896 3247 929 3317 ἠ
959 3220 1109 3319 ⁷γυνη
1134 3249 1319 3319 ὅρκοις
1359 3250 1523 3303 αὐτὸν
1552 3220 1990 3325 ἀσιραλιζουμένη,
2021 3220 2070 3285 c

419 3335 611 3405 μηδενὶ
662 3337 831 3409 μηδέν
883 3354 936 3391 τι
980 3337 1088 3395 τῶν
1141 3340 1481 3410 ἐγκειμένων
1536 3345 1618 3408 είς
1663 3346 1867 3414 γνῶσιν
1905 3345 1993 3399 et.

418 3420 554 3475 θεῖν.

487 3513 606 3568 UZ'.
634 3515 800 3570 Πέντε
842 3518 899 3571 τὸ
924 3518 1032 3572 ἀπὸ
1051 3518 1205 3574 τοῦδε
1240 3522 1517 3596 παρῆλθον
1543 3526 1769 3599 ἡμέραι,
1821 3528 1915 3582 καὶ
1965 3531 1994 3583 ὁ

420 3606 592 3677 μέγας
626 3608 716 3661 τὸν
743 3608 857 3679 βίον
886 3611 1188 3679 ἀπολιπὼν,
1215 3616 1349 3686 πρὸς
1368 3617 1467 3680 τὰς
1501 3618 1611 3671 τῶν
1632 3619 1859 3674 δικαίων
1886 3620 1995 3686 ἑξε-

417 3697 480 3769 δή
490 3718 578 3770 μει
598 3702 819 3773 σκηνὰς,
840 3704 962 3758 οὐδὲ
987 3705 1118 3778 περὶ
1138 3707 1329 3759 τούτου
1358 3708 1419 3762 τὸ
1434 3712 1695 3779 παράπαν
1721 3712 1857 3783 πρός
1873 3730 1995 3765 τινα

418 3795 672 3866 εἰρηκὼς.
693 3798 844 3852 Ἐπεὶ
859 3799 915 3853 δὲ
932 3801 964 3872 ἡ
982 3802 1144 3872 γυνὴ,
1174 3803 1313 3856 κατὰ
1340 3802 1487 3857 θείαν
1511 3806 1639 3868 ἴσως
1659 3807 1992 3876 οἰκονομίαν,

418 3887 516 3938 οὐκ
532 3887 686 3958 1έτυχε
717 3891 967 3960 παροῦσα
996 3892 1094 3963 τῆς
1114 3893 1329 3964 ἡμέρας
1346 3894 1466 3948 καθ’
1486 3897 1552 3967 ἢν
1580 3890 1735 3960 οὗτος
1757 3897 1851 3950 τοῦ
1876 3897 1994 3968 βίου

418 3979 701 4048 ἀφίστατο,
739 3984 879 4036 κατὰ
916 3984 1016 4054 τὴν
1042 3985 1143 4055 τῆς
1179 3987 1359 4056 ταφῆς
1397 3989 1846 4061 παραγενομένη,
1900 3994 1996 4043 καὶ

422 4068 810 4127 ὑποπτεύσασα
868 4074 1080 4145 μήποτε
1137 4076 1199 4128 τὸ
1258 4077 1549 4130 πιστευθὲν
1612 4083 1995 4151 γραμματεῖον

418 4160 717 4231 ἀμεληθὲν,
750 4163 845 4216 καὶ
877 4164 958 4234 τῷ
1008 4166 1349 4239 ὲπισκοπείῳ
1383 4168 1764 4238 καταλειφθὲν,
1822 4170 1995 4234 οὕτως

417 4252 744 4324 κατάφωρον
784 4255 1012 4327 γένηται
1058 4259 1171 4319 τοῖς
1197 4260 1356 4325 πᾶσι,
1388 4259 1585 4330 μικροῦ
1637 4262 1731 4314 καὶ
1774 4261 1995 4333 ἔκφρων

416 4344 483 4413 τῇ
516 4343 663 4415 λύπῃ
685 4346 894 4413 γέγονε,
928 4347 1112 4401 πίστει
1154 4348 1211 4402 δὲ
1248 4349 1554 4423 θερμοτάτῃ
1604 4352 1765 4406 πάλιν
1794 4354 1995 4424 ἑαυτὴν

417 4433 866 4508 ἀνακτησαμένη,
923 4439 998 4501 ὡς
1030 4435 1142 4508 εἶχε
1179 4441 1379 4511 τάχους
1426 4443 1525 4509 τὴν
1558 4445 1765 4499 ἐκείνου
1818 4462 1993 4499 κατα-

419 4521 683 4594 λαμϐάνει
719 4529 906 4597 σορόν·
944 4531 1037 4583 καὶ
1065 4529 1254 4601 ὥσπερ
1296 4531 1498 4597 ζῶντος
1536 4534 1700 4588 αὐτοῦ
1733 4537 1988 4591 κατε66α’

2095 2799 2146 2852 id
2172 2814 2312 2866 aegre
2335 2798 2497 2864 ferre,
2525 2797 2677 2867 jubet
2705 2806 2763 2849 ut
2792 2797 2904 2865 ipsa
2940 2796 2991 2849 id
3019 2794 3246 2855 scribat,
3277 2803 3327 2845 et
3360 2808 3463 2847 suo
3495 2791 3669 2859 ipsius

2095 2888 2274 2957 sigillo
2302 2890 2528 2953 muniat,
2564 2898 2619 2943 et
2646 2888 2723 2942 sic
2752 2891 2802 2942 ei
2838 2886 3013 2940 tradat
3051 2883 3387 2939 schedulam.
3420 2882 3554 2938 Cum
3589 2883 3668 2936 sic

2094 2997 2223 3052 ergo
2270 2981 2468 3035 factum
2500 2989 2646 3035 esset
2673 2988 2728 3033 et
2767 2980 2820 3033 in
2855 2978 2972 3049 ejus
3011 2990 3204 3030 manus
3240 2974 3435 3028 tradita
3476 2973 3668 3027 fuisset

2095 3073 2371 3142 obsignata
2406 3070 2684 3137 scltedula,
2719 3068 2936 3139 rogabat
2974 3066 3169 3122 mulier
3205 3080 3328 3120 eum
3362 3064 3667 3129 obtestans,

2097 3177 2156 3220 ut
2197 3144 2331 3220 nihil
2362 3177 2567 3231 eorum,
2607 3176 2726 3235 qua:
2754 3161 2985 3226 inerant,
3013 3157 3220 3216 veniret
3249 3157 3319 3214 ad
3347 3156 3668 3229 cujusquam

2099 3258 2482 3328 cognitionem.

2167 3532 2423 3591 LXXVII.
2470 3533 2719 3604 Quinque
2748 3530 2863 3587 dies
2904 3529 3103 3586 abbiuc
3146 3527 3568 3598 praeterierunt:
3615 3535 3671 3584 et

2095 3641 2321 3696 magnus
2349 3626 2436 3680 ille
2460 3624 2730 3680 excedens
2759 3639 2790 3677 e
2836 3622 2979 3688 vita,
3020 3619 3273 3691 migravit
3306 3619 3372 3675 ad
3401 3619 3668 3690 justorum

2096 3716 2443 3775 tabernacula
2470 3757 2488 3786 ,
2523 3731 2643 3769 cum
2677 3715 2811 3769 nihil
2857 3715 2924 3769 de
2952 3729 3015 3769 ea
3062 3728 3121 3768 re
3149 3714 3399 3782 cuiquam
3439 3712 3669 3766 dixisset

2095 3807 2337 3863 omnino.
2376 3806 2510 3861 Cum
2542 3813 2724 3859 autem
2766 3802 2985 3867 mulier,
3023 3803 3205 3857 divina
3246 3803 3476 3872 quadam
3527 3798 3670 3854 forte

2096 3897 2456 3970 providentia,
2495 3912 2601 3951 non
2640 3894 2906 3951 adfuisset
2947 3893 3039 3948 illo
3070 3892 3191 3959 die,
3222 3907 3331 3962 quo
3377 3891 3611 3947 excessit
3637 3912 3671 3945 ο

2096 3980 2241 4056 vita,
2285 4005 2348 4045 ea
2398 3989 2661 4045 accedens
2703 3989 2768 4041 ad
2805 3987 3177 4057 sepulturam,
3221 3994 3276 4040 et
3319 3984 3571 4038 dubitans
3602 3995 3672 4038 ne

2093 4081 2235 4136 forte
2264 4096 2384 4151 qua:
2417 4081 2533 4151 ejus
2561 4080 2680 4135 ﬁdei
2713 4078 3002 4134 commissa
3041 4078 3219 4132 fuerat
3247 4075 3502 4132 scbedula
3524 4111 3542 4137 ,
3572 4088 3672 4137 ne-

2094 4176 2267 4247 glecta
2309 4185 2365 4230 et
2394 4175 2446 4227 in
2482 4173 2794 4242 episc0patu
2835 4172 3025 4226 relicta
3057 4169 3561 4241 deprehendesetur
3603 4169 3674 4226 ab

2094 4265 2372 4333 omnibus,
2396 4263 2585 4319 dolore
2610 4261 2826 4328 aﬁ'ecta,
2861 4276 2893 4316 a
2919 4275 2977 4316 se
3001 4262 3390 4332 prope-medium
3413 4260 3673 4315 discesse-

2096 4366 2220 4413 rat:
2251 4355 2345 4411 sed
2372 4369 2494 4408 cutn
2516 4352 2618 4408 ﬁde
2646 4351 3025 4408 ardentissima
3043 4365 3102 4406 se
3134 4364 3324 4405 rursus
3345 4348 3671 4418 collegisset,

2094 4462 2257 4520 quam
2299 4445 2535 4502 maxima
2573 4445 2745 4515 potuit
2799 4444 3079 4500 celeritate
3114 4443 3256 4498 venit
3297 4441 3363 4496 ad
3402 4440 3546 4494 illius
3579 4453 3673 4494 ca-

2098 4554 2280 4610 psam;
2313 4550 2367 4593 et
2412 4548 2666 4607 tanquam
2712 4550 2777 4591 eo
2826 4538 2981 4599 vivo,
3019 4533 3287 4588 clamabat
3340 4550 3354 4585 :
3391 4530 3529 4597 Quid
3570 4530 3673 4585 hoc

420 4614 486 4666 Τί
507 4615 663 4670 τοῦτο
682 4621 1011 4691 πεποίηκας,
1027 4615 1071 4675 ὦ
1091 4621 1366 4688 θεσπέσιε,
1383 4622 1466 4675 ἐπ’
1483 4625 1623 4694 ἐμοὶ,
1649 4625 1901 4695 λέγουσα,
1921 4630 1987 4699 τῇ

2096 4633 2297 4698 feciSti,
2333 4647 2367 4687 ο
2407 4632 2489 4685 vir
2526 4630 2729 4692 divine,
2761 4626 2893 4682 mihi
2930 4624 3242 4696 peccatrici,
3285 4633 3341 4676 ut
3374 4636 3516 4676 nunc
3560 4618 3672 4674 alli-

420 4708 749 4780 ἁμαρτωλῷ,
795 4713 886 4764 καὶ
919 4712 1012 4766 νῦν
1042 4714 1271 4784 αἰσχύνη
1329 4716 1423 4768 καὶ
1469 4712 1671 4779 ὀνειδος
1720 4718 1796 4789 τῷ
1830 4723 1993 4775 παντὶ

324 4866 343 4873 _
423 4799 636 4870 ἔσομαι;
674 4805 738 4855 ’Ὀ
768 4804 877 4874 γὰρ
893 4803 1014 4858 οὐδὲ
1034 4805 1117 4859 σοὶ
1140 4806 1442 4873 ἐκκαλύψαι
1467 4806 1556 4862 διὰ
1574 4807 1671 4880 τὴν
1690 4806 1993 4883 ὑπερϐολὴν

422 4890 517 4943 τοῦ
551 4892 864 4963 σφάλματος
915 4894 1231 4967 ἡδυνάμην,
1290 4897 1447 4951 τοῦτο
1492 4900 1605 4961 τοῖς
1653 4900 1788 4953 πᾶσι
1833 4899 1993 4968 δῆλον

423 4984 794 5051 προκείσεται.
823 4986 949 5040 Εἴθε
982 4987 1249 5059 μηδαμῶς
1270 5006 1351 5043 σοι
1376 4988 1503 5059 περὶ
1520 4988 1711 5044 τούτου
1749 4989 1884 5061 μηδὲ
1908 4992 1995 5045 ὲν-

417 5077 602 5145 τυχεῖν
625 5075 905 5148 διενοήθην
922 5095 935 5109 ο
962 5080 1182 5151 οἰομένη
1213 5081 1320 5148 γὰρ
1349 5080 1439 5134 διὰ
1463 5079 1557 5134 σοῦ
1573 5084 1671 5152 τὴν
1695 5082 1996 5151 μέλλουσαν

419 5164 581 5236 δίκην
628 5165 938 5236 διαφυγεῖν,
970 5168 1162 5222 τούτου
1191 5186 1250 5223 τε
1282 5169 1603 5241 διήμαρτον,
1660 5172 1754 5226 καὶ
1782 5172 1881 5243 τὴν
1911 5174 1999 5227 ἐν·

422 5257 612 5312 τεῦθεν
663 5261 928 5333 αἰσχύνην
985 5265 1473 5335 προσεκτησάμην.
1539 5265 1703 5319 Ἀλλὰ
1757 5267 1867 5337 γὰρ
1897 5268 1997 5322 οὐκ

426 5346 808 5422 ἀποστήσομαί
860 5371 955 5408 σου
996 5354 1091 5409 τοῦ
1120 5355 1316 5425 τάφου,
1366 5354 1491 5409 οὔτε
1528 5357 1636 5429 μὴν
1684 5358 1819 5421 ὅλως
1848 5358 1997 5413 ἐνθεν

425 5436 879 5512 ἑξαναστήσομαι,
917 5447 1027 5500 οὐδ’
1056 5445 1348 5519 ἐνοχλοῦσα
1399 5464 1482 5501 σοι
1534 5448 1835 5520 παύσομαι,
1868 5450 1996 5522 ἄχρι

422 5529 558 5598 γοῦν
589 5534 681 5585 καὶ
715 5535 1089 5610 πληροφορίαν
1146 5540 1274 5611 περὶ
1307 5540 1416 5595 τῶν
1449 5540 1783 5613 αίτηθέντων
1833 5544 1997 5614 λήψο-

426 5638 560 5691 μαι*
594 5626 897 5699 πέπεισμαι
943 5631 1052 5704 γὰρ
1088 5634 1163 5696 ὡς
1200 5634 1259 5687 ού
1292 5633 1591 5705 τέθνηκας,
1624 5635 1740 5689 ἀλλ’
1788 5637 1847 5689 ὲν
1876 5636 1995 5707 Θεῷ

2096 4727 2212 4780 ciar
2242 4725 2310 4779 ab
2339 4723 2591 4779 omnibus
2616 4722 2811 4790 probro
2835 4728 2890 4771 et
2919 4716 3222 4772 dedecore?
3248 4715 3399 4781 Quod
3425 4714 3568 4767 enim
3603 4726 3673 4766 ne

2100 4817 2193 4871 tibi
2226 4815 2442 4886 quidem
2473 4814 2620 4885 potui
2652 4812 2864 4881 aperire
2892 4817 3110 4879 propter
3138 4807 3349 4874 lapsum
3378 4804 3670 4872 insignem,

2099 4906 2201 4962 boe
2222 4908 2327 4962 erit
2349 4904 2600 4959 omnibus
2623 4901 2988 4957 manifesmm.
3020 4898 3235 4954 Utinam
3260 4911 3329 4950 ne
3350 4893 3673 4964 cogitassem

2100 4997 2315 5067 quidem
2339 5006 2390 5049 te
2414 4996 2479 5051 de
2509 4995 2609 5049 bac
2636 5006 2692 5046 re
2714 4989 3020 5047 convenire.
3052 4987 3380 5041 Existimaus
3404 4982 3547 5038 enim
3580 4996 3675 5050 per

2101 5096 2153 5143 te
2186 5101 2375 5158 pteuas
2389 5084 2601 5140 futuras
2623 5080 2883 5152 effugere,
2910 5091 2961 5135 et
2987 5081 3087 5134 hoc
3113 5093 3223 5133 non
3251 5090 3368 5133 sum
3387 5084 3631 5130 assecuta
3654 5110 3670 5138 ,

2099 5190 2150 5235 et
2181 5179 2323 5249 quod
2357 5193 2424 5233 ex
2460 5191 2526 5231 eo
2567 5177 2761 5239 oritur,
2797 5174 3030 5229 dedecus
3066 5169 3196 5224 mihi
3231 5166 3536 5224 conciliavi.
3567 5164 3674 5218 Sed

2097 5272 2241 5326 enim
2275 5285 2379 5324 non
2431 5270 2677 5324 recedam
2729 5274 2887 5320 a-tuo
2923 5262 3195 5333 sepulcro,
3234 5273 3412 5330 neque
3455 5256 3676 5312 omnino

2100 5360 2227 5415 hinc
2252 5372 2469 5429 surgam
2490 5396 2506 5422 ,
2533 5370 2711 5424 neque
2740 5353 2964 5410 cessabo
2993 5362 3045 5407 te
3077 5348 3450 5419 interpellare,
3481 5344 3583 5400 nisi
3607 5345 3675 5402 de

2102 5454 2189 5519 iis,
2226 5467 2345 5522 qua:
2391 5451 2593 5521 petivi,
2632 5462 2719 5503 me
2748 5446 2945 5503 feceris
2996 5444 3305 5500 certiorem.
3351 5439 3672 5495 Persuasum

2105 5545 2248 5599 ettim
2293 5545 2469 5599 babeo
2504 5554 2556 5598 te
2603 5557 2708 5597 non
2741 5555 2860 5596 esse
2891 5546 3202 5601 mortuum,
3234 5531 3329 5588 sed
3363 5531 3417 5585 in
3453 5530 3564 5586 Deo
3590 5530 3671 5585 vi-

2105 5652 2250 5704 vere,
2283 5647 2336 5693 et
2375 5647 2425 5692 te
2454 5636 2591 5707 apud
2612 5650 2745 5713 eum
2781 5647 2958 5705 posse,
2988 5645 3107 5702 qua:
3135 5630 3215 5686 vis
3244 5608 3442 5684 facere.

425 5718 546 5789 ζῇς.
581 5718 673 5772 καὶ
719 5720 849 5793 παρ’
874 5725 1023 5796 αὐτῷ
1064 5727 1163 5780 ὅσα
1195 5727 1258 5796 δὴ
1302 5728 1394 5782 καὶ
1445 5726 1622 5796 βούλει
1659 5728 1893 5783 διανύειν
1938 5729 2186 5786 δύναται.
