4138 6428
504 325 611 391 953

1746 309 2031 373 MENSIS
2059 304 2523 370 JANUABIUS.

3663 294 3772 357 965

580 433 860 492 LXXVIII.
903 431 1028 489 Haec
1062 431 1273 495 dicens,
1306 438 1361 486 et
1390 428 1495 483 alia
1537 426 1622 483 his
1659 426 1880 491 similia,
1918 424 2086 479 tribus

2264 418 2391 474 Oil'.
2445 415 2634 470 Ταῦτα
2687 413 2782 468 καὶ
2833 409 2971 466 ἄλλα
3003 408 3212 463 τούτων
3247 407 3476 462 πλείονα
3511 407 3767 474 λέγοισα,

506 529 699 586 diebus
744 536 800 582 et
852 524 1072 581 totidem
1123 518 1374 575 noctibus
1408 517 1732 573 venerandae
1765 515 1883 586 ejus
1914 529 2090 583 capsae

506 619 729 683 assedit,
758 625 814 672 et
836 617 899 686 (ο
922 614 1013 669 Dei
1048 611 1304 667 miracula
1325 609 1377 681 l)
1403 610 1591 664 ultima
1616 619 1778 664 nocte
1808 608 2087 676 egreditur

506 723 715 777 ecapsa
742 709 823 761 vir
848 705 937 760 ille
959 702 1294 758 admirabilis
1324 701 1622 757 simulrum
1653 699 1738 766 iis,
1763 700 1852 768 qui
1877 713 1996 753 eum
2024 712 2089 752 eo

501 801 780 871 jaceban’t,
812 798 1082 869 episcopis
1126 794 1414 869 (ejusmodi
1447 793 1590 848 enim
1620 799 1764 862 ‘erat
1811 790 1864 844 id
1885 828 1903 856 ,
1943 789 2089 860 quod

508 893 860 960 apparebat),
893 897 947 943 et
974 887 1023 942 ei
1058 886 1198 940 dixit
1229 902 1245 940 :
1291 884 1604 954 Quousque,
1648 898 1682 938 ο
1714 882 1928 947 mulier,
1970 880 2084 935 cla.

507 997 663 1037 mans
703 996 764 1036 es
799 981 866 1035 iis
906 980 997 1050 qui
1031 978 1121 1033 hic
1159 985 1287 1032 sunt
1315 975 1576 1045 molesta?
1600 973 1793 1029 Nostra
1822 973 1966 1028 enim
1998 986 2089 1027 ve-

505 1074 757 1128 Stimeuta
791 1070 902 1139 jam
935 1078 1040 1124 tuae
1081 1069 1472 1122 humectarunt
1525 1066 1808 1136 lacrymaa,
1855 1061 2088 1118 ﬂuentes

505 1169 680 1220 instar
719 1162 887 1216 ﬂuvii.
929 1161 1061 1216 Cum
1109 1159 1230 1214 haec
1267 1159 1521 1222 dixisset,
1556 1157 1726 1210 tradit
1770 1156 1819 1210 ei
1856 1156 2087 1211 scltedu-

506 1254 636 1322 lam,
666 1256 806 1309 sicut
840 1259 980 1316 erat,
1013 1252 1080 1305 ab
1123 1251 1212 1305 illa
1232 1249 1609 1318 obsignatam.
1645 1246 1870 1313 Deinde,
1902 1248 2085 1315 Agno-

506 1348 687 1402 scisne
715 1345 874 1408 hanc,
920 1344 1076 1409 dixit,
1111 1358 1142 1396 ο
1191 1342 1425 1397 mulier?
1449 1340 1649 1411 Accipe
1686 1355 1839 1410 ergo,
1884 1348 1938 1394 et
1971 1339 2083 1408 jam

505 1439 723 1493 solvens
750 1438 873 1490 vide
910 1435 1002 1490 Dei
1032 1449 1193 1503 opera
1231 1432 1592 1487 admirabilia.
1618 1430 1755 1486 Cum
1783 1430 1873 1485 illa
1901 1440 2083 1485 autem

507 1530 855 1591 surrexisset,
884 1535 940 1581 et
976 1527 1043 1581 ad
1085 1541 1143 1581 se
1171 1527 1440 1590 rediissel,
1476 1524 1612 1578 vidit
1648 1524 1863 1593 quidem
1897 1538 2084 1578 rursus

506 1627 726 1672 sanctos
772 1631 925 1671 suam
951 1630 1168 1685 capsam
1199 1615 1494 1685 ingressos,
1527 1613 1733 1669 habens
1754 1627 1889 1673 vero
1923 1616 2086 1668 sche-

502 1708 682 1763 dulam
718 1709 772 1764 in
805 1707 1073 1773 manibus,
1116 1707 1282 1762 illazso
1314 1714 1567 1761 manente
1603 1705 1901 1776 signaculo.
1931 1703 2083 1772 Quod

2189 513 2367 585 τρισὶν
2390 511 2626 582 ήμέραις
2658 507 2751 563 καὶ
2785 507 2931 567 ίσαις
2958 500 3077 567 νυξὶ
3104 504 3171 573 τῇ
3195 501 3354 572 τιμίᾳ
3383 500 3573 554 τούτου
3622 499 3767 570 σορῷ

2192 604 2552 675 προσήδρευε,
2585 601 2682 655 καὶ
2712 600 2777 671 (ὦ
2794 601 2903 653 τῶν
2930 598 3023 653 τοῦ
3053 596 3191 652 Θεοῦ
3208 593 3507 666 τεραστίων
3528 594 3568 663 l)
3600 591 3771 656 ἔξεισι

2190 697 2259 765 τῇ
2290 691 2579 764 τελευταίᾳ
2608 693 2765 746 νυκτὶ
2790 692 2889 759 τῆς
2914 689 3076 761 σοροῦ
3106 690 3135 743 ὁ
3164 687 3488 758 θαυμάσιος,
3519 684 3635 755 ἃμα
3655 686 3772 748 τοῖς

2190 785 2578 856 συγκειμένοις
2634 784 2784 855 αύτῷ
2816 783 2970 837 δυσὶν
3000 782 3326 845 ἐπισκόποις
3366 779 3628 852 (τοιοῦτον
3660 778 3774 848 γὰρ

2186 877 2256 953 ἦν
2283 880 2342 934 τὸ
2376 879 2746 949 φαινόμενον),
2780 879 2875 932 καὶ
2908 878 3045 949 πρὸς
3075 876 3272 946 αὐτὴν,
3318 874 3501 945 Μέχρι
3529 873 3695 937 τίνος,
3727 866 3776 925 ὧ

2188 973 2372 1042 γύναι,
2386 973 2735 1037 καταϐοῶσα,
2760 972 2924 1043 φησὶ,
2946 970 3015 1024 δι’
3032 969 3192 1041 ὄχλου
3219 971 3332 1032 τοῖς
3360 966 3596 1021 ἐνταῦθα
3620 968 3774 1039 γίνῃ,

2189 1065 2521 1137 Διαϐρόχους
2573 1064 2683 1132 γὰρ
2731 1064 2834 1134 ’ήδη
2883 1063 2980 1126 τὰς
3027 1062 3304 1133 ἡμετέρας
3335 1060 3532 1123 στολὰς
3567 1059 3636 1112 τὰ
3698 1059 3776 1113 σὰ

2188 1157 2491 1226 κατέστησε
2517 1156 2750 1225 δάκρυα,
2796 1156 2887 1209 ῐσα
2925 1156 3020 1208 καὶ
3075 1155 3346 1225 ποταμοῖς
3400 1153 3767 1224 ἀπορρέοντα.

2188 1249 2377 1305 Ταῦτα
2406 1238 2577 1301 εἰπὼν
2605 1245 2903 1317 ἐγχειρίζει
2928 1247 2987 1299 τὸ
3014 1247 3398 1317 γραμματεῖον
3425 1245 3562 1315 αὐτῇ
3582 1242 3769 1315 ὥσπερ

2186 1337 2253 1414 ἦν
2281 1342 2372 1395 ὑπ’
2398 1341 2615 1410 ἐκείνης
2648 1339 3109 1411 ἐσφραγισμένον·
3140 1336 3285 1403 εἶτα,
3325 1336 3767 1406 Ἐπιγινὼσκεις,

2187 1431 2362 1499 εἶπεν,
2393 1428 2438 1487 ὦ
2459 1434 2641 1502 γύναι,
2683 1434 2868 1499 cauti;
2903 1431 3051 1485 Λάϐε
3086 1430 3398 1501 τοιγαροῦν,
3445 1431 3539 1485 καὶ
3558 1430 3770 1485 λύσασα

2185 1523 2320 1580 Θεοῦ
2347 1525 2445 1582 θέα
2494 1525 2634 1596 ἔργα
2685 1523 2990 1594 παράδοξα.
3043 1522 3390 1576 Διαναστᾶσα
3422 1521 3553 1589 γοῦν
3585 1522 3771 1591 ἐκείνη

2185 1619 2281 1672 καὶ
2309 1617 2659 1689 ἀνανήψασα,
2705 1617 2837 1679 τοὺς
2873 1615 2973 1686 μὲν
3002 1616 3192 1684 ἁγίους
3237 1613 3580 1677 εἰσελθόντας
3609 1610 3770 1677 αὖθις

2187 1710 2267 1773 εἰς
2289 1709 2389 1780 τὴν
2418 1708 2600 1767 αὐτῶν
2628 1709 2803 1769 θήκην
2831 1708 2957 1779 ὁρᾷ·
2988 1707 3051 1760 τὸ
3068 1706 3124 1761 δὲ
3148 1708 3527 1778 γραμματεῖον
3557 1706 3615 1758 ἐν
3638 1721 3771 1775 χερ-

499 1800 716 1870 quidem
757 1815 877 1854 cum
923 1799 1206 1862 solvisset,
1232 1799 1468 1868 priorem
1510 1795 1727 1867 quidem
1757 1797 2084 1864 scripturam

2192 1801 2275 1852 σίν
2304 1775 2504 1871 ἔχουσα
2537 1799 2636 1868 τῆς
2661 1775 2960 1870 σφραγῖδος
3002 1775 3248 1861 ἀπαθοῦς
3267 1775 3565 1868 μενούσης.
3589 1797 3768 1866 Ὅπερ

502 1892 709 1947 invenit
740 1891 994 1957 deletam,
1030 1891 1263 1946 alienam
1300 1898 1480 1946 autem
1518 1890 1665 1943 videt
1695 1888 1929 1960 positam
1959 1886 2088 1942 sub.

506 1985 895 2055 scriptionem,
928 1999 1050 2057 quae
1089 1985 1169 2040 sic
1215 1983 1449 2039 habebat
1493 2000 1510 2043 :
1553 1984 1784 2053 Propter
1821 1979 2084 2037 Joannem

503 2089 722 2130 servum
747 2091 924 2130 meum
948 2075 1183 2132 deletum
1208 2086 1291 2131 est
1320 2084 1467 2129 tuum
1498 2088 1749 2145 magnum
1779 2082 2083 2141 peccatum.

505 2165 813 2222 Declarabit
847 2177 1027 2222 autem
1061 2166 1112 2223 id
1145 2181 1358 2237 quoque
1380 2207 1395 2232 ,
1423 2165 1567 2237 quod
1609 2166 1675 2221 de
1701 2180 1766 2221 eo
1798 2166 2082 2221 dicendum

503 2268 611 2323 est,
651 2268 853 2326 quanta
879 2268 1024 2313 esset
1066 2257 1166 2311 viri
1202 2258 1392 2324 virtus,
1422 2267 1477 2313 et
1504 2267 1767 2329 quantam
1792 2254 2087 2313 beatitudi-

501 2361 625 2401 nem
656 2362 718 2401 ex
748 2362 810 2401 ea
839 2348 910 2401 sit
944 2354 1249 2403 assecutus.

573 2436 812 2494 LXXIX.
845 2438 973 2493 Nam
1015 2438 1099 2493 vir
1127 2440 1371 2509 quidam,
1401 2441 1620 2495 nomine
1655 2438 1910 2505 Sabinus,
1953 2449 2087 2496 tern-

502 2543 760 2602 perauter
787 2532 1077 2587 admodum
1101 2541 1154 2588 et
1185 2546 1215 2587 e
1254 2533 1453 2588 virtute
1480 2533 1689 2600 vivens,
1730 2532 2085 2588 monasticam

500 2634 557 2679 et
596 2640 624 2677 a
662 2624 888 2696 negotiis
920 2633 1180 2678 remotam
1215 2625 1381 2680 vitam
1417 2639 1680 2679 exercens
1719 2624 2082 2690 Alexandriae,

501 2714 635 2768 hora
668 2730 772 2784 qua
806 2713 997 2770 beatus
1023 2713 1533 2777 decessitJoannes,
1569 2720 1794 2786 putabat
1818 2717 2087 2772 exsisteus

502 2807 556 2859 in
591 2804 787 2860 ecstasi
829 2819 888 2859 se
934 2820 1055 2859 eum
1105 2805 1289 2860 videre
1326 2819 1604 2874 egressum
1654 2820 1719 2860 ex
1773 2807 2085 2876 episc0patu

502 2911 627 2951 cum
660 2897 911 2953 universo
938 2897 1108 2963 clero,
1142 2897 1428 2952 habentem
1477 2898 1531 2952 in
1561 2911 1723 2951 manu
1757 2896 2084 2968 lampadem,

502 2997 556 3042 et
586 2987 692 3043 iter
723 2989 788 3043 ad
818 3004 1002 3060 regem
1049 2988 1464 3059 ingredientem,
1504 2988 1624 3044 viro
1651 2990 1882 3058 quodam
1909 2987 2089 3058 splen-

2189 1890 2255 1962 δὴ
2297 1892 2509 1945 λύσασα
2548 1891 2648 1962 τὴν
2685 1890 2783 1961 μὲν
2809 1891 3079 1962 προτέραν
3130 1888 3588 1959 ἀπαληλιμμένην
3637 1881 3769 1959 εὗρε

2190 1982 2432 2054 γραφὴν,
2464 1982 2624 2053 ξένην
2671 1982 2728 2036 δὲ
2775 1981 3100 2051 ὑπογραφὴν
3156 1979 3417 2049 κειμένην
3464 1979 3568 2049 ὁρᾷ
3602 1977 3763 2048 ἔχου-υ

2191 2088 2292 2125 σαν
2321 2070 2514 2134 οὕτως’
2546 2071 2647 2130 Διὰ
2683 2071 2938 2141 Ἰωάννην
2972 2072 3064 2123 τὸν
3092 2068 3278 2122 δῡῦλόν
3311 2085 3413 2138 μου
3450 2066 3768 2137 ἐξήλειπταί

2191 2180 2284 2217 σου
2314 2163 2373 2217 τὸ
2408 2166 2550 2235 μέγα
2577 2165 2903 2236 ἁμάρτημα,
2933 2159 3177 2232 Δηλώσει
3201 2160 3259 2215 δὲ
3289 2159 3383 2213 καὶ
3410 2160 3471 2213 τὸ
3495 2158 3583 2212 ἐπ’
3616 2157 3770 2230 αὐτῷ

2187 2255 2603 2325 λεχθησόμενον,
2635 2256 2732 2325 ὅση
2765 2272 2822 2306 τε
2854 2256 2886 2326 ή
2916 2253 3007 2307 τοῦ
3042 2253 3233 2323 ἀνδρός
3264 2251 3461 2322 ἀρετὴ,
3495 2252 3593 2304 καὶ
3644 2250 3767 2317 oh;

2189 2346 2347 2416 ἔτυχε
2376 2347 2474 2415 τῆς
2506 2345 2717 2400 ἐκεῖθεν
2744 2345 3172 2417 μακαριότητος»

2258 2436 2377 2492 08'.
2424 2438 2586 2509 Ἀνὴρ
2615 2437 2726 2506 γάρ
2785 2454 2868 2500 τις
2906 2435 3148 2506 τοῦνομα
3204 2435 3452 2501 Σαϐῖνος,
3482 2431 3771 2511 ἐγκρατῶς

2188 2531 2269 2585 ὅτι
2302 2529 2535 2599 μάλιστα
2567 2530 2674 2594 ζῶν
2702 2530 2797 2583 καὶ
2835 2529 3163 2601 φιλαρέτως,
3221 2529 3312 2582 τὸν
3347 2528 3645 2595 ἀσκητικὸν
3675 2529 3774 2581 καὶ

2188 2623 2523 2694 ἀπράγμονα
2555 2623 2756 2692 μετιὼν
2815 2625 2873 2677 ἐν
2914 2621 3297 2694 ’Δλεξανδρείᾳ
3328 2621 3465 2691 βίον,
3497 2621 3641 2675 κατὰ
3672 2621 3772 2692 τὴν

2187 2713 2340 2785 ὤραν
2370 2717 2466 2786 τῆς
2502 2716 2598 2770 τοῦ
2630 2715 2882 2787 μάκαρος
2935 2715 3218 2785 τελευτῆς,
3274 2717 3407 2788 ὁρᾷν
3440 2714 3606 2768 αὑτὸν
3633 2713 3775 2785 ᾤετο

2188 2808 2248 2860 ἐν
2275 2808 2531 2861 ἐκστάσει
2589 2808 2890 2877 γενόμενος
2914 2849 2928 2874 ,
2984 2807 3081 2862 τοῦ
3130 2808 3483 2861 ἐπισκοπείου
3521 2809 3618 2861 σὺν
3653 2805 3774 2876 ἅμα

2188 2898 2378 2970 κλήρῳ
2411 2899 2574 2953 παντὶ
2618 2900 2940 2967 ἐξελθόντα,
2978 2901 3239 2972 λαμπάδα
3280 2918 3340 2953 τε
3387 2899 3527 2972 μετὰ
3583 2901 3772 2971 χεῖρας

2190 2989 2402 3060 ἔχοντα,
2433 2991 2528 3043 καὶ
2560 2990 2658 3058 τὴν
2688 2991 2916 3062 πορείαν
2944 2991 3019 3055 ὡς
3048 2991 3137 3044 τὸν
3168 2990 3393 3062 βασιλέα
3421 2989 3770 3059 ποιούμενον,

503 3081 784 3135 didissimo
804 3121 821 3148 ,
862 3082 1046 3136 habitu
1083 3081 1420 3136 cubiculario
1440 3122 1456 3147 ,
1493 3095 1615 3135 eum
1646 3090 2002 3146 accersente;
2034 3088 2086 3133 et

2191 3080 2382 3151 ἀνδρὸς
2414 3081 2575 3134 αὐτὸν
2599 3080 2984 3154 λαμπροτάτου
3021 3083 3160 3136 κατὰ
3195 3083 3380 3153 σχῆμα
3410 3081 3773 3134 κουϐικουλα-

507 3172 681 3240 puella
708 3174 939 3241 quadam
968 3174 1389 3242 speciosissima,
1417 3182 1476 3227 ut
1502 3172 1706 3228 diceret
1726 3174 1887 3227 etiam
1914 3173 2087 3242 ipsum

509 3262 677 3318 solem
711 3265 760 3318 ei
796 3265 1000 3333 primas
1025 3275 1208 3335 partes
1233 3265 1427 3320 cedere
1460 3266 1514 3320 iu
1545 3263 1970 3336 pulchritudine,
2002 3265 2087 3319 cui

504 3364 623 3435 crat
659 3365 824 3424 caput
868 3355 1001 3410 oleae
1043 3371 1245 3411 corona
1306 3357 1653 3419 redimitum,
1699 3365 1754 3410 et
1800 3357 2090 3427 aliquando

504 3446 725 3518 quidem
761 3461 883 3501 eum
915 3448 1253 3517 praecedente
1274 3488 1289 3514 ,
1321 3448 1612 3518 aliquando
1643 3458 1825 3502 autem
1868 3463 2087 3502 manum

507 3552 724 3607 quoque
748 3547 1022 3610 tangente,
1048 3538 1209 3593 simul
1238 3539 1535 3594 incedente.
1573 3538 1707 3594 Cum
1738 3549 1918 3594 autem
1947 3540 2087 3593 diem

506 3629 822 3684 adnotasset
842 3631 909 3697 is,
942 3633 1034 3701 qui
1072 3631 1285 3685 viderat
1311 3631 1453 3701 (erat
1476 3646 1604 3686 vero
1626 3634 1885 3686 memoria
1921 3631 2089 3686 Menas

509 3722 687 3790 magni
722 3721 1041 3793 martyris),
1095 3728 1220 3775 tunc
1269 3731 1449 3776 autem
1484 3722 1761 3777 venissent
1794 3721 2012 3789 quidam
2056 3734 2089 3777 e

506 3811 709 3884 Cypro,
732 3814 800 3868 ab
829 3813 961 3884 ipsis
992 3813 1224 3881 accepit,
1259 3813 1406 3885 quod
1432 3812 1522 3868 illo
1552 3814 1668 3884 ipso
1701 3814 1808 3882 die,
1833 3827 1939 3883 quo
1973 3813 2088 3870 hare

504 3903 619 3959 visa
656 3910 803 3970 sunt,
836 3904 1076 3973 inclytus
1103 3902 1343 3960 Joannes
1370 3905 1607 3960 excessit
1627 3919 1695 3961 ex
1726 3905 1830 3960 hoc
1857 3906 2081 3962 mundo.

577 4168 791 4226 LXXX.
822 4169 919 4226 Vir
942 4172 1162 4242 quidam
1207 4174 1348 4231 alius
1376 4173 1773 4232 Alexandrinus
1793 4216 1808 4242 ,
1845 4179 1935 4248 qui
1967 4188 2088 4233 erat

510 4263 624 4331 ipse
651 4276 868 4333 quoque
896 4279 961 4319 ex
1001 4265 1091 4332 iis,
1130 4268 1221 4337 qui
1255 4279 1382 4322 sunt
1413 4268 1613 4340 pietate
1654 4270 1919 4341 insignes,
1954 4273 2089 4327 vidit

506 4368 570 4410 ea
619 4354 735 4423 ipsa
775 4365 931 4412 nocte
978 4371 1207 4413 examen
1242 4375 1538 4429 pauperum
1586 4372 1640 4417 et
1688 4364 2083 4419 multitudinem

2193 3173 2309 3243 ρίου
2348 3174 2893 3243 μετακαλεσαμένου,
2930 3174 3099 3245 κόρης
3144 3174 3204 3227 τέ
3238 3190 3385 3235 τινος
3416 3174 3622 3243 σφόδρα
3672 3172 3771 3243 τὴν

2190 3263 2341 3334 ὥραν
2370 3264 2753 3336 περικαλλοῦς,
2772 3262 2847 3329 ὡς
2869 3267 2962 3318 καὶ
2990 3266 3153 3318 αὑτὸν
3181 3266 3345 3335 φάναι
3372 3265 3462 3318 τὸν
3484 3265 3633 3335 ἥλιον
3662 3266 3771 3318 τῶν

2190 3356 2474 3425 πρωτείων
2526 3356 2663 3427 αὐτῇ
2723 3356 2817 3411 τοῦ
2875 3357 3107 3419 κάλλους
3163 3360 3533 3430 παραχωρεῖν,
3586 3356 3768 3417 ἐλαίας

2191 3450 2441 3519 στεφάνῳ
2473 3450 2573 3519 τὴν
2610 3449 2856 3522 κεφαλὴν
2892 3452 3275 3522 ἐστεμμένης,
3335 3454 3428 3506 καὶ
3476 3452 3603 3505 πιοτέ
3664 3451 3766 3521 μὲν

2190 3538 2592 3607 προοδευούσης
2622 3539 2811 3604 αὑτοῦ,
2852 3543 2981 3593 ποτέ
3015 3541 3070 3593 δὲ
3102 3542 3319 3612 καὶτῆς
3374 3542 3552 3612 χειρὸς
3597 3541 3764 3593 ἀπτον

2192 3630 2363 3702 μένης
2394 3629 2489 3684 καὶ
2541 3635 3054 3702 συμπορευομένης.
3101 3632 3213 3705 Τὴν
3243 3633 3457 3703 ἡμέραν
3484 3631 3575 3685 οὖν
3604 3633 3632 3683 ὁ
3660 3630 3766 3683 ἐωη

2193 3720 2373 3792 ρακὼς
2401 3722 2888 3792 ἐπισημηνάμενος
2942 3723 3013 3795 (ὴ
3065 3724 3255 3794 μνήμη
3285 3725 3342 3777 δὲ
3375 3720 3441 3796 ἢν
3475 3725 3640 3795 Μηνᾶ
3671 3721 3768 3782 τοῦ

2191 3813 2726 3886 μεγαλομάρτυρος),
2762 3814 2884 3871 ἐπεί
2939 3832 3085 3879 τινες
3119 3814 3308 3886 ἔτυχον
3357 3816 3476 3869 τότε
3524 3816 3622 3885 τῆς
3653 3815 3769 3869 Κύιο

2188 3921 2329 3973 πρου
2352 3904 2699 3976 ἐληλυθότες,
2731 3904 2938 3976 ἔμαθεν
2967 3907 3099 3976 παρ’
3135 3892 3316 3960 αὐτῶν
3342 3907 3417 3970 ὡς
3449 3904 3571 3961 κατ’
3599 3908 3770 3977 αὐτὴν

2188 3998 2405 4069 ἐκείνην
2429 3998 2529 4071 τὴν
2558 3998 2794 4073 ἡμέραν,
2813 4000 2901 4051 ὅτε
2921 3998 3096 4053 ταῦτα
3124 3999 3336 4070 ὡράθη,
3369 4003 3461 4052 καὶ
3488 3999 3581 4061 τὸν
3605 3999 3770 4059 ἀοίδι-

2191 4104 2291 4161 μον
2326 4089 2580 4163 Ἰωάννην
2610 4088 2848 4158 ἔκδημον
2879 4088 3133 4159 γενέσθαι
3158 4088 3267 4142 τῶν
3297 4089 3629 4165 ἐγκοσμίων.

2261 4177 2342 4233 ll'.
2377 4179 2604 4250 Ἕτερός
2630 4197 2714 4241 τις
2742 4181 2882 4250 ἀνὴρ
2919 4179 3321 4252 Ἀλεξανδρεὺς,
3346 4181 3441 4236 καὶ
3469 4181 3630 4245 αὐτὸς
3660 4180 3769 4235 τῶν

2188 4270 2277 4323 ἐπ’
2326 4270 2582 4343 εὐσεϐείᾳ
2626 4271 2992 4342 περιϐοήτων,
3050 4272 3201 4344 ἐώρα
3259 4273 3403 4327 κατά
3452 4275 3552 4339 τὴν
3595 4275 3767 4344 αὐτὴν

2187 4363 2359 4416 νύκτα
2412 4362 2617 4433 σμῆνος
2684 4365 2961 4433 πενήτων,
3006 4364 3210 4433 πλῆθός
3257 4381 3316 4417 τε
3365 4365 3618 4435 ὀρφανῶν
3675 4367 3768 4418 καὶ

507 4447 872 4516 orphauorum
906 4457 962 4502 ct
994 4449 1299 4517 viduarum,
1332 4468 1453 4522 quae
1482 4470 1705 4509 numero
1738 4471 1842 4509 non
1876 4465 2086 4525 poterat

2191 4453 2375 4524 χηρῶν
2403 4453 2523 4506 οὐδὲ
2553 4451 2775 4524 ἀριθμῷ
2803 4454 3240 4523 λαμϐανόμενον,
3280 4455 3508 4519 κλάδους
3542 4458 3600 4509 ἐν
3637 4474 3767 4528 χερν

505 4535 926 4603 comprehendi,
970 4537 1253 4593 habentem
1295 4542 1347 4596 in
1389 4543 1642 4599 manibus
1683 4558 1866 4600 ramos
1915 4547 2086 4600 oliva-

508 4636 652 4689 rum,
693 4632 749 4678 et
795 4629 1188 4693 praecedentem
1216 4633 1584 4699 patriarcltam
1627 4647 1846 4691 euntem
1887 4638 1952 4692 ad
1994 4653 2088 4709 sy—

509 4715 714 4769 naxim.
765 4717 1050 4775 Sulliciunt
1101 4724 1217 4777 ba:c
1272 4726 1581 4780 testimonia
1623 4729 1874 4783 maximae
1910 4731 2087 4801 magni

507 4803 738 4861 Joannis
786 4812 853 4865 ad
893 4810 1061 4869 Deum
1109 4815 1337 4870 ﬁduciae.
1374 4817 1526 4884 Quod
1575 4828 1757 4873 autem
1790 4831 1874 4876 est
1917 4826 2089 4876 maxi—

510 4911 694 4965 mum,
737 4909 792 4954 et
837 4913 990 4959 caret
1034 4906 1182 4960 omni
1224 4906 1561 4964 dubitatione
1614 4924 1629 4965 :
1677 4911 2089 4969 celebrabantur

510 4993 889 5050 anniversaria
934 4997 1110 5068 magni
1149 5007 1206 5052 et
1250 4999 1646 5057 admirabilium
1696 5016 1918 5073 operum
1956 5004 2088 5061 elfe-

510 5083 679 5137 ctoris
715 5081 988 5154 Tychouis
1025 5101 1041 5143 :
1081 5086 1280 5142 deinde
1306 5104 1429 5143 cum
1462 5104 1811 5159 perageretur
1840 5096 1906 5149 de
1939 5111 2088 5152 more

512 5169 830 5241 bymuodia,
862 5183 919 5229 et
955 5175 1118 5231 simul
1150 5188 1291 5232 esset
1323 5191 1651 5250 congregata
1681 5184 1861 5253 pepuli
1906 5186 2089 5240 multi-

515 5263 666 5326 tudo,
709 5264 848 5319 Deus
883 5266 1308 5337 admirabilium,
1338 5271 1524 5326 volens
1556 5285 1806 5343 apertum
1840 5279 2086 5344 reddere,

510 5366 767 5422 quantam
808 5357 974 5413 fuerit
1004 5362 1144 5430 apud
1195 5377 1321 5417 eum
1372 5364 1600 5434 gloriam
1644 5376 1967 5423 consecutus
2009 5369 2086 5436 is,

513 5445 604 5514 qui
640 5447 818 5502 fuerat
846 5450 964 5520 ejus
1006 5451 1355 5522 benignitatis
1376 5494 1392 5520 ,
1422 5458 1602 5526 quoad
1643 5459 1763 5529 ejus
1791 5459 1906 5514 ﬁeri
1935 5471 2088 5530 pote-

515 5552 619 5602 rat,
669 5544 974 5610 aemulator,
1027 5545 1301 5614 Joannes,
1344 5549 1610 5619 inquam,
1651 5552 1742 5621 qui
1788 5567 2086 5626 cognomen

514 5635 723 5701 accepit
775 5651 805 5689 ι
836 5638 1252 5709 misericordia;
1296 5642 1469 5697 voluit
1518 5654 1575 5699 ut
1621 5661 1685 5699 ex
1727 5648 1845 5716 ejus
1891 5646 2087 5703 divinis

520 5723 761 5795 "isquiis
809 5731 1023 5800 copiosa
1064 5734 1396 5792 scaturire'nt
1443 5749 1747 5810 unguenta,
1784 5739 2085 5796 emittentia

2190 4546 2274 4597 σὶν
2308 4543 2529 4614 ἔχοντας
2560 4544 2777 4612 ἐλαιῶν,
2829 4546 2922 4598 καὶ
2968 4546 3063 4599 τοῦ
3099 4548 3440 4619 πατριάρχου
3478 4549 3612 4619 πρὸς
3669 4549 3767 4620 τὴν

2190 4636 2413 4702 σύναξιν
2479 4638 2735 4702 ἀπιόντος
2791 4637 2952 4709 δῆθεν
2983 4640 3179 4705 αὐτοὺς
3233 4639 3762 4711 προπορευομένους.

2204 4727 2394 4782 Ἱκανὰ
2417 4727 2591 4782 ταῦτα
2630 4728 2911 4801 μαρτύρια
2936 4731 3034 4800 τῆς
3070 4732 3331 4804 μεγίστης
3380 4733 3474 4785 τοῦ
3526 4731 3764 4802 μεγάλου

2189 4821 2321 4891 πρὸ,
2354 4820 2486 4873 Θεὸν
2519 4820 2851 4900 παρρησίας.
2876 4820 2951 4874 Τὸ
2981 4821 3037 4875 δέ
3073 4839 3134 4890 γε
3167 4822 3351 4893 μεῖξον
3405 4823 3499 4875 καὶ
3527 4822 3769 4893 ἀναμφίο

2190 4912 2346 4967 ϐολον
2366 4951 2382 4977 ,
2421 4914 2683 4984 παννυχὶς
2739 4911 2976 4966 ἐτελεῖτο
3013 4913 3245 4985 λαμπρὰ
3268 4914 3369 4984 τῆς
3399 4913 3606 4979 διετοῦς
3628 4917 3767 4985 μνη-

2192 5024 2300 5077 μης
2325 5006 2419 5060 τοῦ
2451 5006 2686 5073 μεγάλου
2718 5007 2811 5059 καὶ
2835 5005 3258 5077 θαυματουργοῦ
3304 5006 3557 5079 Τύχωνος
3576 5022 3590 5036 °
3645 5003 3768 5067 εἶτα

2186 5094 2287 5162 τῆς
2318 5094 2375 5158 ἐξ
2415 5093 2571 5155 ἔθους
2615 5093 3049 5165 ἐπιτελουμένης
3086 5093 3358 5166 ὑμνῳδίας
3412 5104 3506 5148 καί
3540 5096 3638 5167 τῆς
3671 5095 3766 5150 τοῦ

2188 5186 2318 5239 λαοῦ
2354 5185 2593 5254 πληθύος
2625 5184 2716 5238 ἐπὶ
2744 5186 2807 5238 τὸ
2834 5186 2966 5239 αὐτὸ
3006 5187 3375 5258 συνηγμένης,
3423 5189 3453 5240 ό
3480 5188 3588 5240 τῶν
3636 5187 3766 5243 θαυε

2193 5278 2404 5349 μασίων
2430 5278 2562 5344 Θεὸς
2592 5277 2842 5350 ἐπίδηλον
2865 5277 3055 5332 θέσθαι
3082 5279 3434 5349 βουλόμενος,
3460 5281 3577 5346 οἵας
3604 5279 3762 5349 ἔτυχε

2188 5370 2288 5440 τῆς
2320 5369 2450 5441 παρ’
2476 5368 2643 5425 αὐτοῦ
2688 5370 2847 5440 δόξης
2898 5372 2927 5424 ὁ
2977 5373 3079 5443 τῆς
3130 5371 3296 5426 αὐτοῦ
3358 5374 3765 5443 φιλανθρωπίας

2192 5462 2333 5516 κατά
2358 5477 2421 5529 γε
2449 5462 2509 5514 τὸ
2546 5461 2775 5513 δυνατὸν
2830 5459 3103 5532 ζηλωτὴς,
3136 5465 3164 5514 ό
3192 5463 3286 5515 τοῦ
3327 5464 3537 5529 ἐλέους,
3596 5463 3762 5534 φημὶ,

2191 5556 2475 5624 ἐπώνυμος
2519 5554 2794 5623 Ἰωάννης,
2833 5554 3096 5623 εὐδόκησε
3147 5554 3239 5607 τοῦ
3273 5555 3417 5608 θείου
3452 5557 3617 5609 αὐτοῦ
3656 5556 3766 5608 λει-

2189 5648 2359 5718 ψάνου
2402 5646 2551 5719 μύρα
2582 5647 2778 5718 δαψιλῆ
2832 5647 3045 5718 βλύσαι,
3099 5649 3329 5703 εὐωδίαν
3382 5650 3577 5703 ίάσεων
3622 5649 3763 5701 ﬁmo

2190 5738 2500 5809 πέμποντα·
2550 5731 2624 5796 ὧν
2661 5740 2712 5792 οἱ
2769 5739 3174 5811 παρατυχόντες
3226 5744 3766 5814 κατατρυφῇσαντες,
