4138 6432
394 354 507 424 955
1705 355 1882 414 \‘tTA.
1925 356 1985 418 s.
2026 357 2359 422 meum.
3547 359 3655 423 sse

394 472 549 543 κοινῇ
598 468 690 522 τὸν
742 467 875 521 Θεὸν
932 465 1025 521 τὸν
1072 463 1213 520 οὕτω
1261 464 1389 528 τοὺς
1420 464 1745 530 δοξάζοντας
1805 465 1973 520 αὐτὸν
2007 478 2044 530 Α
2078 485 2115 523 st

2087 471 2481 525 suaveolentem
2513 471 2734 528 odorem
2770 473 3134 527 curationum.
3169 470 3376 540 Quibus
3414 472 3656 530 fruentes

394 561 573 633 πολλῷ
610 560 689 630 τῷ
737 559 946 613 πλείονι.
990 557 1281 623 δοξάζοντα
1313 557 1665 627 εὐχαρίστως
1710 556 1972 624 ἐδόξασαν
2068 576 2115 629 (ιι

2087 559 2160 629 ιιιί
2195 564 2246 614 iu
2279 576 2341 613 ea
2368 562 2694 627 inciderant,
2725 567 3089 620 communiter
3118 562 3309 630 Deum,
3336 567 3427 635 qui
3454 567 3531 620 sic
3556 584 3654 623 ens

393 656 652 727 χείλεσιν.
681 645 753 723 ᾯ
771 651 865 705 καὶ⁵
886 651 1032 721 ἡμᾶς
1053 650 1153 719 τὴν
1185 650 1572 718 προσήκουσαν
1619 649 1973 718 προσοιστέον
2069 666 2115 719 qt

2087 652 2159 719 lui
2195 651 2369 720 ipsum
2401 653 2707 722 gloriﬁcant
2743 653 2898 724 longe
2928 656 3156 725 amplius
3187 655 3454 725 gloriticat
3479 697 3495 723 ,
3525 671 3655 726 gra-

392 743 765 814 εὐχαριστίαν,
788 738 1110 804 δοξάζοντας
1136 738 1376 807 Πατέρα,
1404 737 1499 790 καὶ
1530 735 1674 803 Υἱδν,
1697 737 1789 790 καὶ
1818 737 1974 807 ἅγιον
2072 743 2111 798 ti

2094 743 2142 798 is
2201 743 2369 799 labris
2423 746 2819 813 gloriﬁcarunt.
2867 747 2965 802 Cui
3025 763 3120 801 nos
3173 763 3388 817 quoque
3437 754 3656 818 oportet

393 836 645 905 Πνεῦμα,
681 834 778 904 τὴν
809 834 937 904 μίαν
964 833 1021 884 ὲν
1043 830 1195 902 τρισὶ
1225 829 1459 900 θεότητά
1490 846 1549 883 τε
1584 831 1680 883 καὶ
1722 830 1972 900 δύναμιν,
2068 851 2115 902 ιιι

2087 850 2231 902 piam
2265 838 2517 890 convenit
2547 835 2743 891 oﬂerre
2774 836 3246 904 gloriﬁcatiouem,
3266 838 3651 907 gloriﬁcantes

393 926 489 982 νῦν
519 928 612 981 καὶ
633 927 723 983 ἀεὶ
751 925 846 981 καὶ
870 926 954 988 εἰς
986 924 1110 987 τοὺς
1138 922 1345 985 αἰῶνας
1372 922 1481 976 τῶν
1507 921 1738 978 αἰώνων.
1779 924 1970 996 Ἀμήν.
2071 922 2113 978 Ρ

2087 922 2314 990 Patrem,
2346 933 2397 978 et
2432 923 2655 989 Filium,
2690 936 2745 979 et
2786 926 3045 994 Spiritum
3073 936 3351 996 sanctum,
3401 942 3561 979 unam
3598 927 3651 980 itt

2087 1015 2257 1069 tribus
2281 1014 2619 1071 divinitatem
2650 1027 2698 1071 et
2731 1017 3055 1086 potentiam,
3099 990 3243 1071 nunc
3277 1028 3329 1071 et
3359 1034 3568 1089 semper
3601 1027 3657 1073 et

2079 1105 2132 1162 in
2164 1106 2358 1161 saecula
2393 1107 2737 1162 stet-olorum.
2788 1109 2982 1163 Amen.

403 1306 3634 1344 W

1279 1507 1464 1617 DE
1551 1505 2117 1619 SANCTO
2204 1504 2766 1620 BABYLA

1611 1725 1952 1783 EPISCOPO
1990 1716 2438 1785 ANTIOCIIENO

716 1886 817 1950 ET
842 1886 1191 1962 URBANO,
1240 1886 1742 1957 PltILlDIANO,
1792 1883 2229 1959 EPOLONIO,
2278 1888 2586 1965 PUERIS,
2631 1889 2813 1953 EJUS
2868 1892 3325 1957 DISCIPULIS.

1144 2048 1356 2114 (Saecqu
1376 2062 1447 2111 tn,
1468 2047 1687 2100 Januarii
1718 2048 1797 2099 ει.
1820 2074 1881 2087 --
1911 2051 2033 2099 Acta
2059 2050 2152 2102 SS.
2189 2049 2417 2102 Βοιιωιά.
2439 2051 2503 2103 ad
2525 2052 2649 2103 hanc
2668 2054 2801 2104 diem
2823 2052 2915 2117 ta).

1973 2215 2047 2248 ra

463 2381 893 2439 Celeberrimum
932 2379 992 2437 S.
1027 2380 1241 2453 Babylae
1274 2381 1515 2452 episcopi
1550 2396 1747 2438 nomen
1769 2420 1783 2442 .
1822 2378 2128 2449 pmsertim
2175 2385 2296 2447 post
2341 2375 2732 2447 triumphalem
2765 2376 3043 2447 Apostatte
3085 2377 3287 2434 Juliani
3319 2379 3650 2452 impietatem

393 2470 765 2540 indictumque
808 2469 1143 2537 Daphniticis
1177 2470 1416 2524 oraculis
1449 2468 1745 2524 silentium.
1778 2466 2016 2521 Divers=s
2047 2467 2256 2532 diebus,
2289 2475 2347 2519 ιιι
2383 2466 2583 2534 passim
2615 2463 2949 2528 multorum,
2978 2467 3278 2535 ascriptum
3311 2478 3395 2524 est
3426 2468 3644 2524 Fastis:

391 2558 597 2612 Graecis
623 2556 795 2625 pridie
832 2554 1014 2610 Nonas
1052 2556 1422 2626 Septembris,
1463 2556 1724 2609 Romanis
1765 2571 1816 2609 ιι
1859 2553 1984 2609 Kal.
2046 2551 2352 2607 Februarii.
2387 2552 2468 2606 An
2498 2552 2638 2606 alter
2664 2552 2960 2622 martyrio,
3002 2554 3342 2609 translationi
3382 2556 3523 2609 alter
3562 2556 3651 2611 di-

394 2654 547 2697 catus
575 2642 668 2709 sit,
715 2642 912 2713 ambigi
942 2653 1114 2712 potest
1146 2660 1161 2697 :
1201 2654 1295 2697 aut
1325 2645 1503 2698 duone
1532 2642 1734 2697 fuerint
1772 2643 1987 2712 Bahylte
2027 2640 2323 2695 antistites.
2362 2639 2501 2705 Quid
2529 2647 2760 2707 utroque
2802 2639 2889 2692 die
2936 2636 3320 2708 Martyrologia
3353 2640 3419 2694 de
3449 2639 3648 2710 Babyla

393 2732 708 2802 praedicent,
740 2746 899 2800 quem
929 2730 1205 2800 Babyllam
1233 2745 1466 2800 quoque,
1493 2729 1795 2800 Babyllum,
1823 2729 2094 2792 Babilam,
2132 2738 2185 2783 et
2212 2725 2484 2781 Bubilium
2515 2725 2810 2795 appellant,
2843 2722 3107 2780 dicamus.
3148 2723 3318 2782 Vetus
3348 2725 3652 2780 Romanum

395 2832 424 2872 a
465 2817 760 2888 Bosweydo
792 2817 999 2872 editum
1032 2835 1046 2872 :
1083 2835 1101 2871 ι
1141 2816 1444 2872 Autioehia:
1474 2818 1533 2873 S.
1566 2819 1783 2889 Babylte
1816 2817 2073 2887 episcopi.
2107 2833 2127 2868 ι
2163 2815 2261 2867 Ms.
2296 2813 2357 2867 ὃ.
2387 2811 2701 2883 Hieronymi
2736 2830 2752 2868 :
2797 2830 2815 2862 ι
2854 2812 3156 2867 Antiochia:
3177 2812 3372 2869 Babilze
3408 2814 3656 2883 episcotti

393 2920 516 2961 cum
554 2906 725 2960 tribus
753 2905 1010 2972 parvulis.
1052 2923 1071 2957 ι
1105 2902 1261 2960 Paria
1295 2907 1348 2960 in
1374 2907 1557 2961 multis
1582 2907 1799 2961 excusis
1830 2922 1895 2961 ac
1930 2922 2087 2961 manu
2118 2904 2356 2958 exaratis
2385 2903 2661 2972 leguntur.
2692 2901 2970 2957 Usuartlus
3004 2922 3019 2958 :
3051 2919 3072 2954 ι
3112 2903 3269 2973 Apud
3298 2904 3648 2961 Antiochiam

394 2993 593 3048 natalis
634 2992 690 3046 S.
722 2990 923 3046 Babilaa
956 2992 1218 3063 episcopi,
1253 2992 1344 3063 qui
1391 2998 1770 3064 persecutione
1805 2990 1974 3059 Decii,
2013 3004 2364 3064 posteaquam
2397 2990 2713 3063 frequenter
2749 2992 3098 3062 passionihus
3121 2993 3235 3048 suis
3270 3008 3336 3050 ac
3377 2995 3653 3049 cruciati-

393 3082 491 3137 bus
521 3079 919 3152 gloriﬁcaverat
949 3078 1258 3145 Dominum,
1290 3081 1538 3150 gloriosae
1564 3082 1690 3136 vitae
1733 3080 1892 3134 linem
1921 3090 2005 3134 est
2043 3084 2270 3139 sortitus
2308 3085 2362 3137 in
2393 3081 2648 3138 vinculis.
2688 3080 3020 3136 llel‘eruntur
3045 3082 3210 3136 etiam
3245 3083 3390 3152 passi
3420 3098 3542 3139 cum
3584 3099 3654 3139 eo

389 3175 503 3225 tres
542 3168 777 3239 parvuli,
810 3168 861 3222 itl
897 3179 1003 3236 est,
1037 3167 1312 3232 Urbanus,
1341 3169 1650 3223 Prilitlanus
1686 3181 1740 3224 et
1768 3167 2083 3239 Epolonius.
2122 3187 2141 3221 ι
2178 3168 2381 3224 Eadem
2427 3168 2541 3223 fere
2567 3167 3011 3239 Martyrolotgium
3044 3168 3369 3236 Romanum,
3391 3168 3654 3237 Bellinus,

390 3257 545 3313 Viola
583 3256 684 3311 SS.
721 3257 831 3312 MS.
865 3256 1192 3321 Florarium,
1229 3256 1482 3312 Cauisius
1516 3256 1735 3326 aliique.
1766 3256 1904 3320 Ado,
1934 3256 2071 3310 Beda
2099 3257 2366 3328 vulgatus,
2403 3255 2650 3313 Molautts
2681 3249 2733 3311 in
2767 3256 2934 3311 addit.
2969 3257 3035 3310 ad
3074 3254 3403 3323 Usuardum,
3433 3257 3498 3312 ad
3537 3258 3657 3313 elo.

392 3346 535 3417 gium
562 3360 625 3398 cx
660 3341 910 3399 Usuardo
934 3343 1046 3414 jam
1082 3343 1388 3408 recitatum,
1422 3343 1686 3411 adjiciunt
1716 3358 1777 3398 ex
1832 3342 2040 3398 nulline
2063 3344 2207 3400 haud
2243 3358 2413 3411 pauca
2443 3344 2512 3400 de
2552 3343 2868 3413 triumphali
2893 3359 2930 3417 _e
2966 3341 3188 3412 Daphne
3223 3345 3649 3403 transvectione.

391 3415 619 3504 Attingit
651 3449 768 3487 eam
808 3435 1046 3487 breviter
1071 3431 1344 3488 Notkerus
1367 3445 1421 3487 et
1451 3430 1723 3490 Canisins.
1749 3431 1929 3502 Agunt
1958 3434 2022 3486 tle
2046 3449 2111 3487 eo
2144 3449 2358 3503 quoque
2395 3433 2755 3504 blaurolycus,
2796 3415 3076 3492 Raliantts.
3107 3431 3558 3500 Wandalbertns,
3589 3451 3656 3490 ac

392 3526 575 3579 caeteri
604 3523 803 3578 Latini.
840 3522 906 3577 Et
932 3519 1130 3577 colitur
1159 3521 1214 3576 in
1243 3522 1566 3590 quibusdam
1591 3521 1840 3576 ecclesiis
1869 3518 2042 3575 otﬁcio
2068 3525 2231 3575 trium
2258 3520 2570 3585 lectionum,
2597 3520 2649 3575 iu
2678 3521 2800 3577 aliis
2831 3520 3058 3576 omnino
3090 3520 3345 3588 solemni,
3376 3532 3433 3575 ut
3458 3520 3654 3578 Medico

393 3612 502 3666 lani
538 3630 552 3666 :
585 3611 710 3667 alibi
745 3627 867 3666 cum
901 3610 1079 3666 oﬂict'o
1113 3611 1179 3665 de
1212 3609 1267 3664 S.
1305 3608 1591 3665 Timotheo
1623 3610 1680 3664 lit
1710 3609 1778 3663 de
1808 3626 1871 3663 eo
1903 3610 2378 3663 commemoratio.

469 3698 641 3755 Graeci
672 3714 723 3753 tv
787 3697 1126 3767 Septembris
1157 3713 1277 3752 eum
1309 3698 1604 3752 celebrant.
1635 3697 1712 3751 lta
1750 3697 2108 3766 Antltologiott
2147 3711 2175 3748 a
2210 3694 2488 3763 Clemente
2543 3711 2638 3754 vttt
2683 3696 3041 3765 approbatum
3082 3713 3098 3750 :
3143 3714 3163 3749 ι
3216 3695 3370 3750 Sacri
3403 3692 3658 3765 Martyris

398 3785 610 3856 Baltylze
645 3786 883 3856 episcopi
923 3786 1224 3839 Antiochiae
1257 3802 1270 3837 :
1318 3786 1409 3855 qui
1445 3784 1831 3839 Numerianum
1866 3784 2268 3852 imperatorem,
2312 3783 2363 3838 in
2396 3783 2703 3849 ecclesiam,
2741 3784 2828 3837 cui
2876 3783 2989 3847 ipse
3023 3792 3274 3853 praeerat,
3315 3783 3521 3851 ingredi
3557 3798 3655 3837 vo-

396 3874 595 3928 lrntem
622 3873 840 3941 repulit,
878 3872 1021 3940 quod
1068 3872 1236 3924 lilium
1273 3872 1414 3941 regis
1444 3870 1754 3939 Persarum,
1784 3871 2024 3926 obsidem
2064 3870 2165 3925 sibi
2204 3871 2411 3936 datum,
2443 3871 2790 3925 trucidasset.
2824 3869 3169 3939 Quapropter
3220 3871 3429 3925 catenis
3462 3868 3654 3924 ferreis

400 3962 613 4013 vinctus
640 3961 1052 4014 circumductus
1082 3958 1147 4013 ad
1173 3972 1421 4029 pompam
1449 3967 1531 4013 est
1559 3956 1806 4030 Bahylas,
1839 3974 2072 4029 cumque
2105 3960 2278 4015 tribus
2311 3959 2493 4030 pueris
2536 3958 2725 4028 plcxus
2756 3959 2956 4031 capite.
2998 3977 3020 4013 ι
3049 3957 3247 4014 Eadem
3281 3950 3439 4015 habet
3468 3959 3656 4013 Meno-

399 4046 597 4116 iogimu
631 4046 699 4102 ab
731 4045 963 4103 Henrico
990 4043 1210 4102 Canisio
1239 4047 1440 4101 editum
1462 4088 1477 4113 ,
1514 4045 1715 4101 Mcnma
1740 4086 1755 4113 ,
1794 4045 2115 4118 Cythereus.

1054 4211 1348 4291 (ediderunt
1389 4222 1732 4287 Bollandiani,
1781 4236 1893 4275 eam
1941 4228 2137 4276 tantum
2179 4225 2353 4275 damus
2379 4235 2525 4287 quam
2559 4224 2834 4287 composuit
2873 4222 2953 4273 vel
3002 4223 3266 4288 descripsit
3302 4224 3657 4289 Melaphrzs‘as
