4138 6460
478 382 582 446 9.37

1738 720 2488 855 ΑΘΛΗΣΙΣ

1701 388 1982 447 MENSIS
2020 386 2474 447 JANUARIUS.

3617 391 3725 454 968

762 968 1063 1085 ΤΟΥ
1120 966 1581 1082 ΑΓΙΟΥ
1654 965 2816 1083 ΙΕΡΟΜΑΡΤΥΡΟΣ
2871 963 3462 1082 ΒΑΒΥΛΑ

1593 1177 2162 1234 ΔΡΧῘΕΠΙΣΚΟΠΟΥ
2200 1177 2640 1236 ΑΝΤΙΟΧΕΙΑΣ.

1700 1512 2485 1626 CERTAMEN

1060 1749 1853 1840 SACBOSANCTI
1939 1747 2345 1836 MARTY
2376 1747 2559 1835 RIS
2633 1746 3129 1835 BABYLZE

1622 1940 2148 1998 ARClllEPlSCOPl
2193 1936 2609 1995 ANTIOCHIIE.

842 2104 1063 2167 (Graccus
1095 2106 1262 2153 textus
1292 2111 1425 2148 nunc
1448 2096 1659 2161 primum
1687 2094 1851 2158 prodit
1878 2109 1941 2147 ex
1969 2093 2138 2146 codice
2170 2095 2327 2157 Regio
2345 2091 2614 2142 Parisiensi
2635 2105 2684 2141 ιι.
2712 2091 2828 2147 1607
2856 2101 3043 2160 notato,
3065 2099 3230 2149 saeculi
3259 2099 3381 2161 xm.)

548 2411 591 2466 l.
625 2409 761 2465 Cum
805 2405 1171 2461 Numerianus
1215 2412 1434 2476 sceptra
1481 2407 1849 2462 Romanorum
1895 2419 2041 2463 acce-

2223 2408 2303 2462 A'.
2363 2406 2743 2480 Νουμεριανοῦ
2795 2408 2865 2461 τὰ
2928 2407 3214 2478 Ῥωμαίων
3261 2410 3516 2482 σκῆπτρα
3574 2415 3728 2484 παρά

477 2503 647 2573 pisset
691 2512 719 2551 a
771 2495 1122 2566 parentibus,
1167 2493 1358 2552 fuisset
1391 2501 1569 2551 autem
1617 2496 1791 2550 haeres
1829 2495 2045 2550 illorum

477 2587 802 2660 impietatis,
869 2586 1189 2641 movebatur
1239 2600 1401 2655 grave
1449 2594 1505 2641 et
1556 2585 1794 2640 iminaue
1850 2586 2046 2641 bellum

475 2683 738 2737 adversus
773 2677 1133 2734 Christianos.
1166 2675 1357 2733 Omnis
1398 2678 1541 2734 enim
1574 2688 1736 2746 mtas,
1786 2688 1843 2734 et
1877 2693 2048 2750 genus

471 2789 635 2831 ornue
658 2780 844 2829 eo‘rum
868 2812 883 2837 ,
918 2770 1007 2840 qni
1036 2769 1290 2839 pietatem
1329 2770 1666 2840 delegerant,
1692 2770 1905 2825 acerbis
1933 2780 2049 2825 tor-

476 2866 670 2921 mentis
692 2875 746 2921 ct
774 2865 925 2936 gravi
961 2871 1133 2916 morte
1169 2862 1488 2917 interibant.
1528 2861 1731 2932 Impius
1772 2877 1902 2932 ergo
1935 2860 2047 2915 Nu-

473 2958 750 3014 mer-ianus
777 2954 1078 3009 Antiochiae
1106 2952 1394 3023 aliquando
1429 2968 1674 3020 versans,
1705 2969 1825 3025 qua:
1854 2962 1941 3010 est
1975 2955 2044 3008 ad

429 3075 435 3080 τ
473 3051 757 3121 Daphnen,
785 3062 856 3103 ne
876 3044 1138 3102 abstinuit
1167 3045 1386 3116 quidem
1421 3061 1450 3101 a
1477 3060 1633 3102 sacro
1662 3046 1860 3116 templo
1888 3044 2047 3100 Chriv

470 3144 793 3206 stianorum,
824 3141 918 3196 sed
951 3141 1115 3195 etiam
1144 3139 1408 3195 adversus
1454 3138 1508 3194 id
1554 3139 1717 3193 struit
1755 3137 2044 3208 quemdam

470 3233 675 3289 dolum.
720 3231 936 3287 Etcum
967 3230 1300 3285 daemonibus
1338 3230 1403 3285 de
1443 3243 1593 3284 more
1642 3229 2044 3296 sacriﬁcasset,

469 3335 526 3378 ct
576 3323 777 3378 caulem
824 3321 1043 3377 fecisset
1090 3321 1325 3376 maxime
1372 3319 1638 3376 nefariam
1681 3320 1796 3393 (I),
1833 3321 2044 3376 infante

473 3415 564 3470 illo
617 3414 762 3483 regis
811 3413 958 3480 ﬁlio,
1003 3427 1161 3483 Quem
1208 3428 1236 3466 a
1278 3421 1432 3481 patre
1483 3428 1579 3483 pro
1631 3408 1780 3478 paris
1822 3413 2044 3483 pignore

470 3511 785 3573 acceperat,
814 3502 1188 3558 crudelissime
1213 3503 1430 3566 occiso,
1466 3502 1725 3573 pergebat
1766 3505 1831 3559 ad
1867 3504 2042 3560 eccle-

470 3596 639 3662 siam,
693 3603 746 3649 et
804 3592 899 3648 Dei
954 3593 1213 3663 templum
1269 3594 1569 3648 conabatur
1606 3593 1892 3664 profanare
1949 3611 2044 3664 per

469 3701 624 3741 suum
654 3685 955 3741 introitum.
993 3682 1127 3739 Nam
1156 3686 1258 3740 hoc
1284 3699 1499 3754 quoque
1535 3684 1885 3741 existimabat
1921 3702 2042 3742 esse

2154 2501 2406 2570 πατέρων
2422 2501 2802 2570 ἐκδεξαμένου,
2825 2500 3163 2572 κληρονόμου
3187 2501 3244 2555 δὲ
3265 2503 3359 2556 καὶ
3379 2506 3479 2574 τῆς
3503 2504 3727 2559 ἐκείνων

2152 2592 2406 2657 ἀσεϐείας
2454 2594 2857 2666 γεγενημένου,
2914 2595 3086 2667 βαρὺς
3130 2599 3158 2651 ό
3196 2598 3339 2652 κατά
3384 2597 3728 2670 Χριστιανῶν

2154 2684 2391 2755 πόλεμος
2412 2686 2664 2748 ἐκινεῖτο,
2693 2684 2788 2738 καὶ
2809 2685 3039 2755 σφοδρὸν
3063 2685 3218 2740 ἔπνει
3245 2689 3338 2741 καὶ
3363 2687 3723 2758 ἀγριώτατον.

2155 2777 2314 2830 Πᾶσά
2354 2794 2414 2830 τε
2440 2777 2548 2848 γὰρ
2579 2777 2765 2848 ἡλικία
2796 2778 2889 2831 καὶ
2917 2779 3075 2847 γένος
3119 2780 3263 2833 ἆπαν
3301 2780 3410 2833 τῶν
3444 2779 3727 2833 εὐσέϐειαν

2152 2865 2423 2937 ἑλομένων
2456 2867 2711 2945 βασάνοις
2737 2871 2965 2939 πικραῖς
2994 2871 3090 2922 καὶ
3137 2868 3355 2941 θανάτῳ
3392 2869 3616 2941 χαλεπῷ
3646 2869 3725 2923 δι-

2152 2956 2486 3027 εφθείροντο.
2530 2955 2587 3009 Ὀ
2618 2957 2797 3010 τοίνυν
2841 2956 3202 3021 ἀσεϐέστατος
3230 2956 3625 3027 Νουμεριανδς,
3666 2956 3726 3009 ἐν

2167 3048 2466 3118 Ἀντιοχείᾳ
2493 3050 2560 3119 τῇ
2585 3047 2722 3119 πρὸς
2749 3048 2968 3119 Δάφνην
2996 3048 3126 3101 ποτὲ
3146 3048 3459 3118 διατρίϐων,
3483 3047 3606 3101 οὐδὲ
3628 3047 3723 3101 τοῦ

2152 3136 2300 3207 ίεροῦ
2331 3136 2439 3191 τῶν
2464 3136 2803 3207 Χριστιανῶν
2833 3136 3094 3207 τεμένους
3120 3138 3411 3209 ἀπέσχετο,
3437 3137 3572 3192 ἀλλά
3602 3155 3726 3191 τινα

2153 3230 2247 3283 καὶ
2284 3228 2405 3281 κατ’
2432 3229 2597 3282 αὐτοῦ
2630 3228 2779 3283 δόλον
2811 3229 3050 3299 ὑφαίνει.
3086 3229 3197 3284 Καὶ
3229 3229 3502 3300 δαίμοσιν,
3533 3229 3723 3301 ὥσπερ

2151 3319 2273 3384 ἔθος
2304 3319 2473 3391 αὐτῷ,
2499 3318 2691 3387 θύσας,
2725 3320 2819 3374 καὶ
2852 3320 3069 3374 πάντων
3095 3321 3456 3389 ὲναγέστατον
3485 3320 3721 3391 ἔργασά-

2155 3428 2313 3481 μενος
2351 3411 2531 3481 φόνον,
2563 3411 2623 3464 τὸ
2655 3410 2865 3464 παιδίον
2890 3413 3068 3466 ἐκεῖνο
3098 3410 3159 3464 τὸ
3187 3412 3486 3484 βασιλικὸν,
3517 3411 3545 3466 ὃ
3571 3412 3719 3482 παρά

2148 3502 2245 3556 τοῦ
2279 3503 2487 3574 πατρὸς
2526 3501 2766 3570 ἀσφαλὲς
2797 3502 3052 3573 ἐνέχυρον
3081 3502 3180 3573 τῆς
3214 3504 3441 3575 εἰρήνης
3470 3503 3674 3573 είλήςει
3695 3543 3712 3567 ,

2149 3592 2501 3662 ἀπηνέστατα
2540 3594 2921 3663 κατασφάξας,
2961 3594 3099 3665 πρὸς
3139 3595 3239 3665 τὴν
3282 3595 3574 3666 ἐκκλησίαν
3608 3596 3716 3665 ὴπσ

2148 3684 2347 3751 είγετο,
2382 3684 2479 3736 καὶ
2517 3682 2828 3754 βεϐηλῶσαι
2855 3684 2915 3738 τὸ
2943 3684 3035 3738 τοῦ
3075 3684 3210 3738 Θεοῦ
3253 3686 3480 3757 τέμενος
3507 3684 3595 3740 διά
3625 3684 3720 3755 τῆς

471 3792 576 3831 non
604 3791 827 3846 parvum
858 3775 1061 3831 cultum
1091 3774 1338 3840 deorum,
1368 3777 1413 3832 si
1440 3776 1509 3832 ab
1530 3789 1594 3831 eo
1631 3775 2041 3847 profanarentur

2145 3774 2353 3838 οίκείας
2387 3773 2524 3845 πρὸς
2552 3775 2620 3829 τὰ
2651 3774 2799 3829 ἔνδον
2829 3776 3103 3847 ἐπεχείρει
3126 3766 3383 3849 παρόδου.
3413 3762 3720 3849 Θεραπείαν

469 3878 524 3924 et
551 3869 1062 3939 contaminarentur
1101 3878 1291 3924 sancta
1324 3867 1780 3924 Christianorum.
1818 3866 2042 3923 Diviuus

467 3969 644 4016 autem
680 3959 908 4030 Babylas
933 3972 999 4014 eo
1032 3968 1294 4031 tempore,
1328 3974 1436 4029 quo
1476 3959 1563 4015 hic
1627 3969 1781 4015 actus
1808 3959 2043 4015 adorna-

467 4053 664 4118 batur,
706 4068 891 4108 curam
944 4068 1142 4124 gerens
1184 4053 1326 4110 sacri
1378 4054 1556 4124 gregis
1596 4054 1954 4120 Antiocheni,
1987 4062 2042 4108 et

466 4144 646 4198 sedem
698 4144 1084 4199 administrans
1132 4144 1529 4215 episcopalem,
1576 4158 1700 4197 cum
1742 4142 1835 4197 diu
1876 4151 2037 4209 ante,

465 4236 596 4305 quid
648 4235 830 4290 animo
871 4235 1105 4306 agitaret
1145 4245 1201 4291 et
1239 4234 1593 4290 meditaretur
1642 4244 1942 4305 tyrannus,
1984 4243 2041 4289 et

464 4325 606 4395 quod
628 4339 948 4381 accessurus
966 4336 1101 4392 erat,
1124 4336 1179 4381 et
1193 4340 1427 4397 quonam
1448 4325 1628 4391 modo,
1650 4325 2035 4393 intellexisset;

463 4431 692 4486 cumque
717 4417 769 4472 in
799 4416 996 4488 templo
1024 4427 1347 4488 congregata
1371 4419 1621 4472 universa
1657 4417 1869 4488 piorum
1902 4415 2037 4471 mul-

463 4507 714 4572 titudine,
748 4507 883 4562 satis
920 4523 1015 4563 eos
1060 4507 1361 4573 incitasset,
1395 4515 1452 4559 ut
1496 4521 1652 4577 opem
1696 4505 1902 4561 ferrent
1943 4504 2036 4560 Dei

461 4597 689 4668 legibus,
735 4599 789 4652 in
827 4613 962 4668 quas
993 4600 1353 4654 exercebatur
1381 4600 1640 4667 tyrannis,
1678 4597 2038 4667 precibusque

463 4697 519 4743 et
549 4687 1034 4757 supplicationibus
1069 4688 1163 4742 Dei
1194 4691 1501 4743 invocasset
1526 4687 1814 4753 auxilium,
1842 4702 2037 4758 magno

461 4790 518 4835 et
542 4778 668 4834 forti
696 4779 878 4834 animo
908 4788 1018 4835 stat
1056 4787 1183 4834 ante
1215 4786 1400 4847 portas
1429 4776 1635 4846 templi.
1668 4777 1735 4832 Et
1761 4792 1882 4833 cum
1916 4792 2038 4847 per-

461 4869 697 4938 rupisset
737 4869 1089 4939 supercilium
1129 4884 1318 4924 eorum
1352 4868 1468 4937 "qui
1516 4866 1930 4936 praecedebant,
1981 4873 2036 4921 et

456 4959 653 5015 fastum
678 4974 864 5016 eorum
886 4999 903 5027 ,
933 4962 1023 5030 qui
1055 4960 1289 5029 gloriose
1327 4969 1380 5015 et
1410 4960 1639 5028 superbe
1668 4959 2032 5024 incedebant,

2141 3865 2249 3935 γὰρ
2274 3865 2391 3937 ᾔδει
2414 3867 2507 3920 καὶ
2533 3865 2692 3921 τοῦτο
2721 3869 2989 3937 δαιμόνων
3018 3869 3078 3920 οὐ
3109 3870 3335 3940 μικρὰν,
3357 3871 3407 3923 εί
3436 3868 3719 3941 βεϐηλωθῇ

2141 3954 2269 4024 παρ’
2302 3954 2467 4008 αὐτοῦ
2512 3956 2607 4009 καὶ
2638 3956 2902 4027 χρανθείη
2934 3955 3002 4008 τὰ
3032 3955 3142 4009 τῶν
3182 3956 3524 4027 Χριστιανῶν
3559 3956 3716 4024 ἅγια.

2144 4042 2388 4105 Βαϐύλας
2422 4042 2479 4097 δὲ
2508 4043 2537 4095 ὁ
2567 4043 2735 4106 θεῖος,
2769 4046 2912 4097 κατὰ
2935 4043 3025 4096 τὸν
3049 4043 3242 4111 καιρόν
3268 4044 3474 4097 ἐκεῖνον
3503 4043 3627 4097 καθ’
3660 4043 3723 4098 ὃν

2139 4133 2200 4187 τὸ
2216 4133 2401 4203 δρᾶμα
2433 4133 2892 4200 συνεσκευάζετο,
2921 4136 3024 4205 τῆς
3054 4135 3203 4205 ἱερᾶς
3255 4135 3363 4187 τῶν
3401 4135 3720 4205 ’Δντιοχέων

2139 4224 2377 4295 ποίμνης
2406 4224 2860 4296 ἐπιμελούμενος,
2892 4225 2989 4279 καὶ
3015 4226 3106 4279 τὸν
3136 4225 3232 4279 τοῦ
3268 4227 3563 4281 ἐπισκόπου
3595 4228 3721 4298 θρό-

2138 4332 2227 4370 νον
2252 4316 2482 4380 διέπων,
2514 4315 2613 4386 τὴν
2642 4316 2886 4369 ἐπίνοιαν
2916 4317 3134 4387 ἐκείνην
3165 4318 3231 4370 ὲκ
3263 4315 3460 4371 πολλοῦ
3497 4319 3593 4371 καὶ
3617 4319 3731 4387 τὴν

2144 4406 2377 4478 μελέτην
2399 4448 2414 4471 ,
2453 4407 2550 4460 καὶ
2587 4408 2678 4459 ὅτε
2712 4409 2739 4460 ὁ
2772 4407 3038 4478 τύραννος
3086 4408 3343 4479 ἐπισταίη
3365 4446 3380 4471 ,
3427 4410 3522 4461 καὶ
3566 4408 3718 4470 ὅπως

2143 4496 2353 4568 μαθὼν,
2388 4498 2747 4569 συναθροίσας
2777 4501 2839 4553 τὸ
2868 4498 3092 4563 εὐσεϐὲς
3121 4499 3270 4554 ἅπαν
3300 4502 3442 4554 κατὰ
3468 4500 3561 4552 τὸν
3589 4500 3717 4552 ναὸν

2140 4589 2438 4661 πλήρωμα,
2478 4589 2571 4643 καὶ
2603 4590 2827 4654 τούτους
2861 4589 3068 4660 ἀμῦναι
3098 4594 3211 4656 τοῖς
3236 4590 3330 4644 τοῦ
3361 4591 3497 4645 Θεοῦ
3532 4592 3717 4661 νόμοις

2136 4681 2593 4750 τυραννουμένοις
2641 4681 2842 4745 ἱκανῶς
2875 4682 3198 4753 παραθήξας
3220 4725 3234 4747 ,
3271 4685 3365 4737 καὶ
3409 4683 3623 4754 δεήσεσι
3654 4684 3717 4736 τὸ

2136 4771 2289 4825 Θεῖον
2307 4773 2402 4824 καὶ
2423 4774 2754 4843 προσευχαῖς
2778 4773 2859 4837 είς
2889 4774 3209 4844 συμμαχίαν
3230 4775 3485 4840 καλέσας,
3503 4775 3717 4846 ἀνδρει-

2135 4862 2303 4916 ότατα
2345 4863 2451 4936 πρὸ
2476 4864 2585 4917 τῶν
2618 4864 2712 4917 τοῦ
2745 4864 2876 4919 ναοῦ
2905 4865 3090 4920 πυλῶν
3127 4866 3363 4930 ἵσταται,
3408 4868 3505 4920 καὶ
3531 4867 3716 4920 διακό-

2140 4962 2247 5026 ψας
2276 4956 2373 5027 τὴν
2407 4957 2579 5027 ὀφρὺν
2611 4957 2721 5010 τῶν
2760 4959 3222 5029 προηγουμένων,
3263 4958 3372 5011 τῶν
3413 4959 3715 5013 σοϐούντων

454 5048 771 5116 satellitum,
798 5050 1039 5118 inquam,
1064 5060 1119 5104 et
1142 5050 1489 5120 stipatorum,
1530 5049 1856 5105 sceleratum
1885 5049 2030 5102 illum

2145 5048 2226 5100 τὸν
2260 5048 2430 5118 τύφον
2454 5089 2468 5111 ,
2501 5050 2627 5112 τοὺς
2672 5048 3026 5120 δορυφόρους,
3059 5051 3187 5114 τσὺς
3214 5051 3581 5113 ὑπασπιστὰς,
3615 5052 3714 5103 ἐπ-

455 5137 802 5192 accedentem
828 5138 1127 5207 increpavit
1146 5178 1163 5203 ,
1192 5147 1245 5192 et
1273 5137 1349 5208 (2)
1375 5138 1650 5193 dexteram
1682 5138 1801 5208 ejus
1825 5138 2032 5209 pectori

452 5228 727 5295 admovit;
764 5239 819 5285 et
848 5231 930 5285 sic
977 5228 1271 5285 retardavit
1313 5228 1433 5299 ejus
1466 5229 1726 5300 impetum
1762 5230 1815 5284 in
1852 5229 2036 5287 eccle-

2139 5139 2368 5209 ετίμησε
2393 5140 2471 5209 τῷ
2509 5138 2691 5209 μιαρῷ
2722 5141 2917 5212 ἐκείνῳ
2947 5145 3250 5213 προσιόντι,
3286 5144 3379 5196 καὶ
3407 5141 3506 5213 τὴν
3531 5140 3713 5209 δεξιὰν

2136 5231 2217 5293 είς
2254 5230 2316 5283 τὸ
2339 5230 2534 5300 στῆθος
2558 5230 2851 5301 ἀπήρεισε,
2873 5235 2969 5286 καὶ
2996 5233 3169 5298 οὕτως
3194 5234 3359 5288 αὐτὸν
3387 5234 3486 5305 τῆς
3517 5236 3596 5298 εἰς
3613 5233 3712 5305 τὴν

454 5322 615 5386 siam,
665 5332 720 5377 et
747 5321 894 5377 illum
922 5338 952 5377 a
983 5323 1156 5378 sacris
1188 5322 1385 5394 repulit
1410 5324 1722 5380 ambitibus.
1753 5323 2028 5394 Loquendi

2145 5320 2430 5389 ἐκκλησίαν
2468 5321 2646 5392 ὁρμῆς
2676 5322 2952 5377 ἀνέστειλε
2973 5367 2988 5391 ,
3013 5326 3108 5379 καὶ
3132 5327 3241 5380 τῶν
3270 5327 3430 5398 ἱερῶν
3454 5327 3714 5382 ἀπώσατο

449 5422 633 5469 autem
682 5413 984 5470 libertatem
1015 5413 1320 5470 admiratus
1354 5413 1747 5480 Numerianus,
1798 5424 1854 5471 et
1893 5416 2032 5471 illius

2145 5413 2460 5483 περιϐόλων.
2491 5414 2601 5486 Τὴν
2625 5416 2941 5489 παρρησίαν
2959 5419 3140 5473 τοίνυν
3171 5421 3546 5487 καταπλαγεὶς
3570 5420 3714 5474 Νου-

447 5499 647 5558 famam
680 5510 940 5571 praeterea
996 5504 1288 5572 reveritus,
1327 5517 1447 5575 quae
1481 5514 1600 5561 erat
1650 5518 1843 5577 magna
1878 5513 1931 5562 et
1973 5505 2029 5560 in

2145 5506 2412 5576 μεριανδς,
2446 5507 2581 5577 πρὸς
2611 5506 2668 5560 δὲ
2716 5513 2811 5561 καὶ
2848 5508 2947 5580 τὴν
2978 5509 3073 5562 τοῦ
3108 5511 3300 5583 ἀνδρὸς
3330 5514 3520 5583 φήμην
3548 5510 3711 5564 εὐλα-

543 5714 597 5776 l)
627 5714 876 5770 Pluribus
901 5714 1060 5783 huius
1103 5716 1194 5771 filii
1226 5717 1369 5787 regis
1434 5732 1623 5775 necem
1668 5718 1927 5778 describit
1960 5718 2019 5774 ς.

451 5780 867 5853 Lnrysostomus
902 5780 1123 5841 hoinilia
1163 5780 1352 5843 contra
1383 5790 1632 5860 [gentiles

2203 5720 2279 5793 (2)
2306 5720 2732 5793 Chrysostomus
2756 5738 2779 5793 7:
2820 5740 2838 5773 ‹
2872 5719 3157 5777 Dcxteram
3183 5724 3470 5793 iu'pactam
3500 5725 3554 5780 in
3583 5738 3710 5792 pec-

2135 5799 2221 5847 tus
2256 5790 2489 5846 firmavit
2520 5790 2598 5845 ira
2629 5792 2903 5863 turgidum
2926 5806 2990 5849 ac
3014 5795 3160 5851 caede
3188 5790 3431 5864 fervens,
3467 5814 3486 5849 ι
3528 5790 3634 5852 etc.
