4138 6402
453 307 566 375 969

1753 329 1926 389 VITA
1967 331 2024 393 S.
2068 333 2394 400 BABYL/E.

3617 368 3724 433 970

465 444 653 516 ϐηθεὶς
682 445 889 517 (πολὺς
923 449 1031 520 γὰρ
1053 447 1121 522 ἦν
1150 454 1357 526 ταύτην
1385 456 1425 527 ),
1459 457 1666 522 ἐκεῖνος
1694 459 1759 512 δι’
1783 460 2008 516 ἀπάντω

465 537 650 576 imane.
684 556 699 572 ο
729 540 828 576 ησυ-
873 546 1117 576 η-σιιιηλπ-
1157 547 1293 576 ..ιμρ
1326 549 1594 576 ι-λ-..---
1648 551 1852 576 -15“..-
1930 555 2003 576 Α-

2143 479 2354 576 omnem
2389 482 2597 576 partem
2634 479 3002 560 pervadebat;
3035 500 3102 542 ao
3141 493 3333 548 audaci
3373 503 3500 554 tunc
3543 517 3718 576 coepto

460 537 656 610 ἐχώρει
684 556 699 572 ·
729 540 828 610 τῆς
873 546 1117 617 πονηρᾶς
1157 547 1293 611 τέως
1324 549 1597 619 ἀπέσχετο
1647 551 1872 621 τόλμης,
1926 555 2035 607 εἴτε

457 631 648 684 στάσιν
691 633 814 687 τινὰ
854 634 989 705 πρὸς
1028 637 1124 690 τοῦ
1163 639 1320 708 ὄχλου
1359 641 1682 712 γενήσεσθαι
1715 643 2033 714 ὑπιδόμενος

456 723 746 795 (καὶγὰρ
799 727 934 781 πολὺ
989 727 1193 799 πλῆθος
1246 731 1364 784 ἐκεῖ
1416 733 1868 804 συνεληλύθεισαν
1921 737 2032 792 τῶν

454 813 722 884 πιστῶν),
745 817 854 870 εἴτε
879 816 943 888 δὴ
966 819 1058 871 καὶ
1079 818 1254 883 ἄλλως
1279 820 1426 892 αὐτῷ
1444 822 1750 893 βουλευθὲν,
1779 825 2032 894 χαλεπῶς

456 906 640 974 μέντοι
673 907 768 961 καὶ
797 908 1027 979 βαρέως,
1061 915 1187 983 σιγῇ
1213 912 1268 966 δὲ
1293 913 1441 982 ὅμως
1461 912 1558 984 τὴν
1581 914 1739 986 ὕϐριν
1765 918 2025 985 ἐνεγκὼν,

452 996 554 1049 ἀνα
563 997 812 1066 στρέφειν
829 999 1040 1053 κελεύει
1065 1002 1201 1073 πρὸς
1217 1005 1284 1056 τὰ
1303 1002 1569 1073 βασίλεια.

525 1087 603 1141 Β’.
639 1089 718 1160 Τῇ
741 1090 798 1142 δὲ
821 1089 948 1160 ἑξῆς
979 1092 1069 1146 τὸν
1101 1095 1362 1164 ἀρχιερέα
1393 1097 1910 1167 παραστησάμενος,
1929 1099 2026 1170 τὴν

451 1177 545 1230 τοῦ
573 1179 704 1231 ναοῦ
735 1178 968 1234 κώλυσιν
998 1182 1075 1246 ὡς
1099 1185 1340 1254 φανερὰν
1373 1184 1532 1257 ὓϐριν
1567 1187 1715 1258 αὐτῷ
1748 1189 2023 1259 ἐνεκάλει,

451 1268 689 1329 κα“ι,Τίνι
709 1269 946 1340 θαρρῶν,
971 1271 1177 1340 ἔλεγεν,
1197 1268 1249 1327 ’ὦ
1271 1276 1488 1330 πάντων
1506 1275 1804 1330 ἁθλιώτατε
1822 1280 1907 1344 σὺ,
1927 1281 2026 1350 τῆς

448 1359 529 1422 εἰς
559 1360 652 1412 τὸν
678 1361 806 1414 ναὸν
834 1363 1040 1418 εἰσόδου
1071 1365 1130 1417 τὸ
1165 1365 1298 1435 ἐμὸν
1329 1366 1526 1437 κράτος
1562 1367 1866 1438 ἐτόλμησας
1901 1373 2023 1425 ὲπιο

451 1453 598 1519 σχεῖν
619 1452 683 1522 ﬁ}
708 1454 921 1520 ἀγνοεῖς
943 1456 1065 1509 ὅσον
1091 1458 1238 1512 ἐστὶν
1261 1458 1432 1512 κακὸν
1460 1459 1492 1528 ἡ
1521 1462 1599 1522 είς
1620 1460 1844 1530 βασιλέα
1868 1461 2024 1534 ὕϐρις

451 1545 545 1596 καὶ
588 1545 874 1614 παροινίας
912 1548 971 1601 Ὀ
999 1549 1077 1614 δὲ,
1107 1549 1226 1603 Τῶν
1257 1551 1349 1604 ἐπὶ
1377 1552 1480 1622 γῆς
1514 1554 1613 1623 μὲν
1639 1554 1837 1618 οὐδενὶ,
1865 1556 2018 1625 φησὶ,

451 1631 530 1700 τῷ
562 1632 618 1684 ἐν
656 1633 904 1700 οὐρανοῖς
937 1635 993 1687 δὲ
1019 1636 1291 1700 πεποιθὼς
1322 1638 1552 1708 βασιλεῖ,
1587 1641 1646 1705 ὃς
1679 1659 1744 1711 με
1771 1643 1864 1695 καὶ
1897 1660 2018 1696 ποι-

451 1722 590 1790 μένα
615 1723 722 1776 τῶν
757 1724 923 1777 αὑτοῦ
959 1725 1244 1795 προϐάτων
1279 1728 1452 1795 ἔθετο,
1496 1731 1753 1804 καὶπρὸς
1798 1733 1897 1802 τὴν
1925 1733 2019 1787 τοῦ

446 1811 609 1867 λύκου
639 1815 921 1876 καθεύδειν
951 1817 1139 1886 ἔφοδον
1171 1821 1270 1873 οὐκ
1300 1822 1364 1892 ἐᾷ
1394 1839 1408 1851 ·
1443 1824 1543 1876 οὐκ
1590 1824 1670 1888 εἰς
1705 1824 1928 1893 βασιλέα
1961 1842 2026 1894 γε

446 1907 554 1975 μὴν
589 1906 787 1978 ὓϐρισα
834 1907 1086 1976 (αὔθαδες
1120 1911 1228 1982 γὰρ
1267 1913 1342 1976 ὡς
1385 1913 1601 1983 ἀληθῶς
1628 1915 1788 1969 τοῦτο
1821 1916 1912 1969 καὶ
1958 1916 2019 1970 οὐ

442 2000 634 2069 πόρρω
663 1999 906 2071 μανίας),
925 2001 1660 2076 ἁλλέίςτάἆγιαὲνυϐρίσαι
1690 2007 2021 2076 πειραθέντα

440 2092 692 2163 ἐπέσχον.
729 2092 892 2147 Ὥστε
939 2094 1034 2149 καὶ
1061 2095 1223 2167 χάριν
1261 2095 1322 2150 οὔ
1351 2114 1404 2150 τι
1443 2097 1646 2169 μικρὰν
1693 2099 1890 2153 εἰδέναι
1927 2117 2018 2170 μοι

438 2185 647 2248 δίκαιος
692 2187 758 2239 ἂν
783 2185 926 2258 εἴης,
961 2187 1042 2241 ὅτι
1075 2204 1132 2240 σε
1165 2189 1410 2242 τοιούτου
1440 2188 1740 2244 διεκώλυσα
1771 2192 2019 2262 ἐγχειρή-

445 2295 634 2350 ματος,
670 2280 758 2348 ὑφ’
781 2275 842 2336 οὗ
864 2281 1002 2350 πρὸς
1030 2279 1255 2350 ἔσχατον
1284 2280 1349 2335 ἂν
1375 2281 1713 2354 κατηνέχθης
1742 2282 2017 2355 βάραθρον

438 2371 718 2434 ἀπωλείας
744 2373 825 2436 εἰς
849 2373 1012 2426 αὐτὸν
1029 2373 1314 2444 ἁμαρτὼν,
1337 2368 1396 2429 οὗ
1421 2374 1480 2428 τὸ
1503 2375 1758 2429 ἐκπεσεῖν
1782 2375 2016 2430 θανάτου

438 2464 642 2528 παντὸς
662 2455 1065 2536 χαλεπώτερον.
1089 2467 1201 2522 Καὶ
1221 2469 1248 2522 6
1268 2468 1663 2538 Νουμεριανδς,
1681 2467 1832 2533 Δέον,
1856 2469 2012 2540 φησὶ,

435 2555 531 2608 ἐπὶ
569 2559 679 2620 τοῖς
709 2556 949 2627 φθάσασι
985 2559 1433 2629 μεταμελεῖσθαι,
1466 2559 1604 2613 ἀλλὰ
1639 2560 1770 2629 σύγε
1805 2577 2014 2632 μακρο-

433 2649 597 2719 τέρας
627 2651 760 2720 ἠμῖν
814 2650 1104 2720 καταχέεις
1144 2651 1243 2716 τὰς
1281 2649 1568 2720 λοιδορίας.
1597 2652 1706 2705 Καὶ
1733 2652 1762 2705 6
1806 2652 2014 2722 μάρτυς

437 2741 747 2807 ὑπολαϐὼν,
789 2741 904 2796 Οὐκ
933 2743 1110 2809 ἔξεστι
1138 2742 1236 2812 μὲν
1257 2743 1388 2814 ἡμῖν
1410 2743 1543 2812 τάγε
1575 2742 1729 2808 ἄλλα,
1759 2743 1887 2814 ἔφη,
1917 2747 2012 2797 ἀν-

436 2835 667 2908 θρώπων
696 2835 871 2891 οὐδενὶ
902 2835 1295 2906 λοιδορεῖσθαι,
1337 2835 1532 2890 οὔκουν
1565 2835 1686 2889 οὐδὲ
1727 2836 1811 2889 σοὶ
1841 2835 2012 2889 λοιδο-

436 2928 676 2999 ρούμεθα
695 2945 710 2960 ·
742 2928 859 2993 πῶς
883 2929 991 2999 γὰρ
1016 2928 1151 2982 Θεοῦ
1179 2926 1405 2997 πλάσμα
1433 2927 1549 2980 ὄντι
1579 2966 1593 2992 ,
1621 2927 1715 2979 καὶ
1747 2927 1813 2996 τῇ
1844 2925 2010 2979 αὐτοῦ

430 3021 601 3075 εἰκόνι
648 3021 1028 3094 τετιμημένῳς
1059 3021 1122 3074 Ei
1161 3019 1217 3074 δὲ
1256 3019 1384 3090 περὶ
1416 3019 1549 3072 Θεὸν
1580 3021 1607 3072 6
1645 3018 2006 3084 κίνδυνος.....

430 3129 615 3190 petere
659 3118 963 3174 maledictis
1016 3135 1030 3172 :

429 3211 545 3281 ejus
575 3211 870 3266 honoratus
911 3209 1182 3279 imagine?
1213 3207 1318 3264 Sed
1345 3207 1389 3263 si
1422 3207 1488 3262 de
1516 3207 1623 3261 Deo
1650 3217 1932 3277 agatur....

499 3302 573 3358 I".
610 3302 720 3357 Kal.
760 3303 789 3355 6
813 3299 1212 3371 Νουμεριανδς,
1249 3297 1514 3367 ἐπικύψας
1556 3296 1704 3368 αὐτῷ
1742 3297 1842 3367 τὴν
1885 3314 2011 3351 συν-
2036 3303 2084 3366 c

427 3400 636 3462 έπειαν,
686 3391 846 3448 Ἀλλά
874 3393 1088 3464 χαίρειν
1136 3389 1307 3444 εἰπὼν
1329 3429 1344 3454 ,
1376 3389 1478 3461 ἔφη
1497 3430 1512 3455 ,
1548 3392 1614 3461 τῇ
1640 3388 1807 3462 πολλῇ
1827 3389 2002 3462 ταύτῃ

425 3489 534 3542 τῶν
565 3488 740 3556 λόγων
775 3485 944 3556 ἰσχύϊ,
975 3485 1113 3551 εἴγε
1145 3483 1210 3553 δὴ
1235 3483 1329 3537 καὶ
1353 3482 1634 3551 διαφυγεῖν
1665 3482 1876 3553 βούλοιο
1905 3482 2004 3554 τὴν

426 3581 521 3634 ἐπὶ
545 3579 623 3650 τῷ
650 3577 957 3648 ἐγκλήματι
983 3577 1166 3645 δίκην,
1193 3577 1304 3638 τοῖς
1339 3573 1617 3645 μεγίστοις
1647 3572 1809 3626 Θῦσον
1838 3572 1999 3636 θεοῖς.

426 3672 537 3727 Καὶ
569 3673 597 3724 6
629 3673 838 3742 μάρτυς
877 3667 1142 3740 πρότερον
1177 3667 1312 3737 πρὸς
1357 3665 1457 3736 τὴν
1497 3664 1754 3734 έγκλησιν
1799 3663 2002 3716 ἀπολο-

426 3764 756 3836 γησάμενος,
781 3762 878 3816 καὶ
900 3761 1077 3832 φήσας
1100 3757 1238 3829 ὑπὲρ
1267 3755 1360 3810 τού
1386 3753 1636 3825 ποιμνίου
1661 3755 1836 3808 πάντα
1864 3753 2003 3823 μετά

426 3857 730 3928 προθυμίας
763 3852 1036 3926 αἱρεῖσθαι
1068 3851 1280 3914 παθεῖν,
1332 3849 1520 3900 ἔπειτα
1571 3846 1842 3900 διαλαϐὼν
1864 3887 1878 3912 ,
1919 3846 1997 3898 Οὐ

424 3948 648 4002 δυνατὸν
668 3988 682 4012 ,
714 3946 901 4014 ἔλεγεν
925 3982 942 4010 ,
982 3937 1028 3996 ὧ
1067 3940 1311 4011 βασιλεῦ,
1346 3939 1440 3990 τοῦ
1489 3937 1658 4000 ὅντως
1684 3935 2001 3990 ἀποστάντα

422 4039 557 4094 Θεοῦ
587 4036 958 4109 ψευδωνύμως
987 4032 1280 4103 προσέχειν
1311 4029 1472 4094 θεοῖς,
1504 4024 1584 4088 οἷς
1615 4031 1708 4082 καὶ
1733 4028 1997 4096 ὀνομάσαι

423 4133 586 4203 μόνον
613 4130 846 4200 αἰσχύνη
871 4129 982 4190 τοῖς
1024 4125 1266 4180 εὐσεϐεῖν
1303 4121 1666 4194 βουλομένοις.
1714 4119 1770 4173 '0
1802 4120 1881 4186 δὲ,
1916 4119 1996 4172 Τὰ

421 4223 665 4299 πρότερά
699 4239 781 4276 σοι
809 4220 906 4274 καὶ
931 4220 1090 4276 πάλιν
1124 4219 1256 4290 ἐρῶ,
1286 4216 1441 4288 φησί·
1477 4216 1603 4278 τοὺς
1633 4213 1875 4284 μακροὺς
1899 4213 1996 4284 λή-

421 4331 548 4386 ρους
579 4315 770 4376 ὲάσας,
807 4309 968 4364 θῦσον
1004 4311 1116 4373 τοῖς
1151 4308 1314 4370 θεοῖς·
1346 4308 1394 4358 εἰ
1425 4305 1470 4358 δ’
1518 4301 1631 4368 οὖν,
1657 4302 1792 4357 ἀλλά
1825 4303 1995 4356 κακόν

421 4424 481 4460 σε
510 4405 694 4469 κακῶς
717 4406 778 4458 τὸ
806 4404 940 4475 ἐμὸν
971 4401 1230 4456 ἀπολέσει
1254 4400 1474 4472 κράτος.
1502 4399 1613 4452 Καὶ
1645 4400 1672 4452 6
1704 4396 1953 4459 Βαϐύλας
1978 4413 1991 4424 ·

431 4499 587 4568 Ἐμοὶ
624 4497 692 4552 δι’
719 4497 884 4568 εὐχῆς
909 4490 978 4566 ἦν
1009 4494 1150 4547 ὥστε
1192 4493 1285 4545 καὶ
1315 4491 1388 4548 ,σὲ
1414 4491 1513 4561 τῆς
1556 4488 1995 4560 περικεχυμένης

417 4607 500 4645 σοι
521 4590 723 4661 ταύτης
751 4589 1068 4656 ἀνενεγκεῖν
1095 4584 1312 4657 ἀχλύος,
1339 4585 1495 4652 εἴπερ
1522 4582 1625 4636 κᾶν
1652 4585 1749 4645 τὰς
1779 4582 1994 4652 μακρὰς

415 4684 629 4746 ὲκείνας
661 4683 754 4737 καὶ
792 4681 1094 4749 ἀθανάτους
1128 4678 1398 4749 τιμωρίας
1439 4675 1673 4746 διέδρας.
1715 4674 1874 4728 Ἀλλὰ
1925 4674 1988 4727 σὺ
2023 4662 2067 4718 1)

418 4776 510 4828 καὶ
545 4775 738 4839 ἄλλους
772 4777 862 4827 ἐπὶ
905 4773 1108 4844 ταύτην
1143 4769 1517 4842 παρακαλεῖς,
1551 4767 1776 4836 μείζονα
1812 4765 1990 4837 ἑαυτῷ

413 4867 511 4937 τὴν
534 4867 735 4938 ἡπειλη
747 4868 912 4936 μένην
937 4865 1192 4919 ἀνάπτων
1213 4861 1462 4932 γέενναν·
1495 4858 1630 4911 Θεοῦ
1661 4857 1770 4928 γὰρ
1789 4857 1989 4920 ζῶντος

395 4959 696 5033 ,διαφυγεῖν
715 4961 905 5031 χεῖρας
925 4959 1226 5028 ἀμήχανον.
1253 4955 1326 5008 Τὸ
1349 4954 1404 5008 δὲ
1425 4952 1520 5008 καὶ
1544 4950 1746 5007 ἁλῶναι
1767 4949 1988 5013 ταύταις

407 5053 616 5122 ἡλίκον,
648 5054 678 5108 ό
710 5050 862 5116 ἅπαξ
882 5047 1140 5120 ἐμπεσὼν
1173 5048 1398 5101 εἴσεται.

483 5327 555 5380 Δ⁹.
592 5327 774 5381 Ταῦτα
798 5325 940 5392 εἶπε,
975 5328 1067 5380 καὶ
1096 5326 1273 5380 πάντα
1302 5324 1490 5393 ὥσπερ
1520 5324 1784 5392 ὀστράκου
1820 5342 1986 5392 μετα-

413 5418 676 5482 πεσόντος
699 5420 790 5471 ἐπὶ
836 5418 898 5472 τὸ
936 5418 1181 5471 ἐναντίον
1224 5415 1451 5485 ἐχώρει*
1488 5415 1587 5484 τὴν
1622 5415 1731 5486 γὰρ
1771 5414 1983 5467 σύνεσιν

477 5617 558 5691 (5)
585 5616 772 5673 Graece
811 5617 1302 5691 ὦσπερῢόστράκου
1336 5615 1755 5691 μεταπεσόντος,
1807 5632 1826 5665 ι
1867 5622 1978 5669 tes-

323 5712 326 5716 '
404 5683 512 5745 luta
536 5683 902 5743 iranscittttata
938 5683 984 5741 »ζ
1005 5686 1080 5740 De
1106 5683 1450 5750 ostracisiuo,
1478 5683 1858 5755 suﬂ'ragiorum
1883 5697 1990 5755 geo-

403 5777 529 5817 aere
559 5776 658 5832 per
680 5757 921 5813 εειὶςυιυε
959 5771 1022 5810 ac
1066 5755 1240 5822 fabas,
1272 5764 1327 5810 et
1371 5753 1681 5811 ostracinda
1731 5753 1838 5809 ludi
1881 5753 1976 5824 ge-

675 5859 948 5921 Pn'nm.
983 5853 1094 5914 Gn.
1128 5853 1340 5915 CXIV.

2149 557 2416 670 destitit,“
2439 565 2554 666 sive
2584 558 2887 640 suspicatus
2931 576 3168 637 futuram
3221 591 3510 656 quamdam
3541 557 3718 670 aﬂpo:

2150 649 2274 747 pulo
2304 654 2625 712 seditionem
2655 661 2804 730 (illuc
2832 667 2974 720 enim
3005 649 3332 734 converte-rat
3367 697 3560 754 magna
3585 649 3720 746 uitil-

2146 743 2317 841 titudo
2347 743 2650 841 tideliurtn),
2683 750 2798 836 si.ve
2827 755 3010 825 aliquo
3044 761 3149 816 alio
3181 779 3211 818 a
3236 781 3295 822 se
3341 743 3497 841 capti)

2141 828 2248 928 lio,
2296 848 2442 904 aegre
2485 838 2702 907 quidem
2733 828 2791 898 et
2828 848 3086 916 graviter,
3137 856 3232 910 sed
3271 828 3490 920 silenntio

2142 919 2323 978 ferens
2354 930 2760 999 contumeliam,
2793 943 2850 990 et
2886 952 3135 998 reversus
3165 955 3247 1001 est
3278 948 3332 1003 in
3365 919 3588 1026 regiam.

2213 1100 2277 1156 ll.
2322 1102 2418 1158 Die
2455 1117 2633 1165 autem
2684 1116 2930 1184 sequenti
2957 1133 3078 1174 cum
3111 1123 3177 1175 atl
3205 1141 3265 1181 se
3309 1117 3712 1198 produeendum

2137 1207 2385 1298 curasset
2413 1200 2741 1298 pontiiicem,
2777 1209 2920 1298 quod
2950 1225 3009 1264 se
3033 1227 3062 1266 a
3090 1217 3288 1286 templo
3316 1225 3710 1298 prohibuisset,

2138 1293 2391 1377 tanquam
2441 1290 2728 1347 manifesta
2780 1295 3000 1354 aifectus
3045 1308 3411 1377 contumelia,
3463 1329 3585 1372 eum
3631 1290 3714 1376 est

2137 1375 2496 1477 criminatus;
2545 1391 2620 1448 et,
2653 1382 2924 1454 Quonam,
2969 1391 3162 1461 inquit,
3208 1375 3405 1468 fretus,
3438 1419 3472 1460 ο
3511 1417 3566 1463 tu
3591 1375 3714 1465 om;

2136 1472 2284 1566 nium
2309 1472 2635 1573 miserrime,
2660 1492 2822 1534 ausus
2847 1494 2906 1534 es
2927 1497 3099 1538 meam
3131 1491 3365 1548 retinere
3391 1503 3710 1573 potentiam,

2135 1568 2206 1648 pe
2236 1559 2289 1608 in
2323 1559 2578 1626 templum
2607 1562 2952 1635 ingrederer?
2978 1572 3162 1631 Nescis
3189 1559 3454 1648 quantum
3490 1590 3560 1644 sit
3589 1559 3708 1648 ma:

2135 1644 2244 1746 lum
2294 1649 2492 1718 probro
2545 1664 2598 1707 et
2648 1663 2975 1717 contumelia
3023 1644 3239 1726 afﬁcere
3292 1644 3712 1746 imperatorem?

2133 1735 2228 1836 ille
2266 1748 2444 1795 autem
2465 1780 2484 1806 ,
2519 1741 2675 1837 bello
2709 1748 2925 1816 quidem
2949 1793 2963 1816 ,
2996 1753 3205 1825 inquit,
3237 1735 3424 1820 eorum
3454 1770 3544 1837 qui

2133 1826 2198 1928 in.
2229 1836 2369 1928 terra
2391 1848 2419 1928 ,ζ
2441 1831 2536 1885 sed
2567 1831 2736 1890 fretus
2777 1837 2923 1908 Rege
2956 1845 3045 1912 qui
3079 1858 3162 1901 est
3195 1849 3247 1903 in
3277 1855 3430 1911 ctelis
3450 1826 3590 1928 ,.qui

2129 1917 2292 2018 etiam
2321 1920 2448 1976 fecit
2470 1933 2738 1992 pastorem
2771 1945 2991 1989 suarum
3028 1939 3234 2008 ovium,
3265 1917 3554 2017 neque'me
3587 1917 3707 2012 dor:

2131 2011 2279 2101 mire
2308 2011 2478 2077 sinit,
2529 2029 2652 2068 cum
2708 2018 2865 2089 lupus
2912 2024 3109 2092 irruit,
3161 2011 3542 2101 imperatorem
3597 2011 3702 2101 non

2127 2097 2281 2154 atchi
2314 2105 2638 2160 contumelia
2667 2109 2842 2177 (esset
2868 2114 3013 2169 enim
3034 2117 3135 2175 hoc
3168 2097 3467 2185 insolentia:
3499 2141 3552 2187 et

2123 2192 2410 2260 pemodum
2439 2195 2724 2268 insaniae),
2759 2203 2852 2256 sed
2892 2220 3015 2261 cum
3052 2211 3213 2268 vellet
3254 2229 3442 2274 sancta
3488 2192 3701 2284 allicere

2126 2283 2496 2350 contumelia,
2542 2289 2815 2358 continui.
2867 2291 3231 2360 Quamobrem
3287 2306 3514 2366 deberes
3567 2283 3699 2372 mihi

2124 2386 2230 2469 non
2263 2389 2484 2442 parvam
2512 2378 2617 2434 hoc
2645 2384 2864 2438 nomine
2890 2400 3052 2457 agere
3082 2394 3333 2461 gratiam,
3367 2404 3510 2469 quod
3541 2407 3700 2464 talem

2128 2468 2278 2552 tuum
2305 2473 2561 2520 conatum
2583 2471 2976 2539 prohibuerim,
3003 2490 3066 2531 ex
3088 2495 3198 2550 quo
3214 2481 3531 2545 deturbatus
3551 2509 3703 2552 esses

2121 2550 2179 2606 in
2205 2563 2504 2610 extremum
2544 2558 2858 2615 barathrum
2895 2562 3166 2635 interitus,
3191 2587 3313 2626 cum
3345 2575 3398 2628 in
3425 2592 3546 2631 eum
3571 2550 3699 2652 pec;

2122 2658 2303 2739 casses
2345 2662 2374 2700 a
2427 2663 2534 2718 quo
2575 2652 2829 2708 excidere
2874 2665 2977 2709 est~
3002 2662 3192 2727 quavis
3246 2676 3418 2723 morte
3456 2674 3694 2739 gravius.

2119 2731 2479 2793 Numerianus
2515 2750 2730 2796 autem:
2766 2744 2900 2800 Cum
2941 2755 3014 2812 te,
3038 2748 3232 2819 inquit,
3263 2731 3543 2822 oporteret
3577 2777 3697 2832 poe-

2118 2827 2292 2883 nitere
2329 2843 2516 2883 corum
2566 2846 2684 2901 qua:
2743 2849 3164 2908 praecesserunt,
3219 2853 3271 2899 tu
3308 2863 3405 2903 nos
3437 2827 3697 2920 proliaio-

2118 2923 2265 3016 ribus
2291 2925 2535 3016 aspergis
2565 2930 2886 2987 maledictis.
2925 2932 3132 3006 Martyr
3160 2951 3339 2996 autem
3375 2947 3689 3016 excipiens:

2115 3013 2300 3080 Nobis,
2328 3015 2522 3085 inquit,
2563 3033 2670 3074 non
2707 3021 2833 3077 licet
2858 3025 3058 3094 alioqui
3098 3028 3262 3085 ullum
3294 3013 3566 3092 hominem
3597 3054 3692 3108 ap-

1079 3132 1178 3173 nec
1213 3130 1346 3186 ergo
1375 3125 1428 3171 te
1461 3114 1761 3170 maledictis
1796 3113 2120 3186 appetimus.
2188 3112 2470 3180 Quomodo
2543 3116 2684 3172 enim
2712 3156 2728 3184 ,
2773 3133 2896 3176 cum
2943 3123 3020 3178 sis
3096 3125 3188 3182 Dei
3257 3128 3604 3202 ﬁgmentum,
3638 3146 3694 3192 et

2196 3296 2292 3364 Ill.
2316 3295 2680 3355 Numerianus
2704 3309 2908 3370 autem,
2941 3303 3340 3379 interrumpens
3377 3317 3688 3372 context’um

2112 3390 2228 3459 ejus
2252 3392 2538 3458 orationis,
2575 3393 2680 3449 Sed
2722 3393 2944 3465 juhens,
2972 3398 3162 3468 inquit,
3198 3401 3374 3458 valere
3404 3405 3541 3460 hanc
3569 3423 3685 3462 ma-

2110 3496 2268 3551 gnam
2293 3483 2402 3538 vim
2427 3485 2739 3552 verborum,
2768 3487 2812 3542 si
2839 3489 2972 3544 velis
2998 3504 3187 3559 poenas
3207 3493 3442 3564 eﬂ'ugcre
3468 3511 3688 3570 propter

2110 3574 2319 3629 crimen
2357 3577 2698 3642 subeundas,
2755 3581 3005 3637 maximis
3034 3583 3137 3638 diis
3169 3587 3442 3643 sacriﬁca.
3481 3590 3686 3664 Magyr

2109 3673 2288 3718 autem
2316 3679 2436 3720 cum
2471 3667 2620 3735 prius
2651 3671 3018 3739 respondisset
3047 3674 3112 3727 ad
3139 3649 3608 3748 criminationem:
3624 3649 3689 3738 et

2110 3757 2341 3814 dixisset
2367 3775 2426 3814 se
2446 3769 2697 3831 prompto
2731 3771 2786 3818 et
2807 3764 2973 3818 alacri
3009 3765 3190 3820 animo
3221 3783 3318 3838 pro
3342 3785 3502 3840 grege
3534 3787 3686 3841 qua:-

2109 3851 2191 3906 vis
2224 3865 2344 3906 esse
2393 3867 2701 3921 passurum,
2747 3854 2940 3908 deinde
2969 3869 3301 3924 prosequens
3339 3876 3351 3913 :
3388 3859 3553 3929 Fieri,
3587 3864 3683 3918 in-

2107 3947 2254 4014 quit,
2289 3962 2395 4001 non
2425 3954 2639 4016 potest,
2667 3961 2703 4020 9
2736 3949 3055 4018 imperator,
3089 3959 3145 4003 ut
3178 3965 3208 4003 a
3241 3966 3371 4006 vero
3407 3953 3515 4009 Deo
3543 3955 3682 4010 deti-

2107 4038 2294 4103 ciens,
2335 4052 2428 4093 eos
2463 4038 2632 4092 colam
2655 4078 2670 4104 ,
2718 4039 2809 4108 qui
2847 4039 2981 4094 falso
3015 4040 3356 4109 appellantur
3385 4043 3495 4109 dii;
3548 4060 3682 4115 quos

2109 4131 2191 4184 vel
2225 4130 2398 4186 solum
2434 4131 2717 4186 nominare
2745 4140 2830 4187 est
2877 4147 3129 4202 magnum
3177 4134 3413 4191 dedecus
3471 4137 3536 4192 iis
3591 4140 3685 4207 qui

2107 4223 2293 4277 volunt
2315 4238 2433 4278 esse
2458 4223 2549 4293 pii.
2584 4223 2678 4277 llle
2704 4233 2886 4278 autem
2915 4241 2929 4279 :
2962 4223 3184 4289 Eadem,
3216 4226 3390 4296 inquit
3423 4228 3515 4282 tibi
3539 4229 3682 4297 dico,

2105 4330 2225 4384 quae
2254 4315 2404 4385 prius
2446 4332 2458 4366 :
2498 4315 2741 4384 prolixae
2785 4316 3006 4370 mittens
3038 4331 3207 4387 nugas
3242 4319 3346 4372 diis
3384 4319 3629 4373 sacriﬁca
3663 4337 3677 4374 :

2104 4407 2189 4461 sin
2226 4409 2436 4470 minus,
2479 4413 2530 4459 te
2571 4406 2769 4459 malum
2819 4405 2958 4460 male
3007 4420 3126 4460 mea
3179 4405 3370 4475 perdet
3415 4409 3680 4476 potentia.

2103 4494 2334 4566 Babylas
2371 4503 2551 4549 autem
2579 4514 2594 4550 :
2625 4495 2778 4562 Mihi,
2819 4495 3014 4565 inquit,
3059 4505 3177 4551 erat
3221 4499 3273 4551 in
3308 4498 3468 4564 votis,
3522 4509 3578 4552 ut
3612 4500 3681 4553 ah

2105 4587 2237 4651 hac,
2275 4602 2381 4656 qua
2422 4601 2480 4641 es
2526 4586 2922 4652 circumfusus,
2957 4587 3188 4657 caligine
3225 4587 3538 4645 liberareris
3577 4610 3592 4644 :
3629 4590 3679 4645 si

2097 4694 2202 4748 qua
2240 4679 2445 4732 ratione
2477 4677 2589 4731 fieri
2618 4688 2818 4748 posset,
2856 4686 2914 4732 ut
2953 4677 3112 4748 longa
3146 4678 3234 4732 illa
3267 4687 3320 4733 et
3351 4679 3677 4736 immortalia

2098 4767 2362 4839 etfugeres
2401 4769 2682 4839 supplicia.
2729 4768 2835 4824 Sed
2889 4777 2945 4823 tu
2995 4769 3130 4824 alios
3176 4781 3391 4838 quoque
3443 4772 3508 4825 ad
3554 4787 3674 4827 eam

2098 4861 2424 4925 adhortaris,
2455 4859 2709 4930 majorem
2735 4859 2826 4914 tibi
2855 4860 3160 4916 accendens
3185 4862 3487 4932 gehennam
3517 4865 3674 4935 cujus

2098 4953 2408 5008 minae/sunt
2438 4953 2532 5008 tibi
2560 4953 2858 5008 intentatae.
2896 4952 3038 5006 Fieri
3070 4952 3211 5007 enim
3245 4967 3353 5007 non
3385 4963 3581 5023 potest,
3616 4966 3674 5009 ut

2096 5044 2322 5117 effugias
2373 5061 2568 5102 manus
2603 5046 2695 5100 Dei
2736 5045 2985 5102 viventis.
3030 5044 3342 5114 Cuiusmodi
3381 5057 3560 5102 autem
3604 5050 3674 5102 sit

2095 5141 2162 5194 ab
2209 5140 2289 5194 eis
2333 5153 2454 5195 esse
2497 5140 2917 5208 apprehensum,
2965 5138 3102 5194 sciet
3146 5137 3238 5207 qui
3279 5138 3448 5194 semel
3491 5139 3546 5193 iu
3577 5153 3672 5194 eas

2090 5231 2358 5287 inciderit.
2749 5277 2751 5280 .

2165 5321 2254 5376 iV.
2286 5321 2412 5379 Haec
2439 5321 2574 5378 dixit
2611 5340 2622 5374 :
2658 5331 2713 5378 et
2733 5325 2916 5377 omnia
2949 5323 3176 5394 perinde
3201 5337 3265 5378 ac
3296 5324 3341 5378 si
3373 5337 3670 5379 conversus

2093 5426 2236 5471 esset
2263 5417 2343 5486 (5)
2371 5416 2630 5482 calculus,
2676 5425 2881 5471 mutata
2914 5425 3040 5470 sunt
3074 5417 3126 5470 in
3158 5417 3516 5472 contrarium.
3553 5415 3668 5470 Viri

2091 5629 2240 5678 nere,
2291 5613 2432 5668 unde
2452 5613 2710 5684 adagium
2746 5614 2848 5669 hoc
2872 5613 3238 5684 desumptum,
3268 5615 3487 5670 consule
3535 5613 3667 5668 Era-

2086 5676 2260 5740 smutu
2295 5684 2347 5738 in
2383 5676 2622 5753 Adagiis.
2990 5676 3004 5708 '

3274 5846 3337 5903 3i
