4138 6452
452 428 559 493 973

1747 430 1919 492 VlTA
1956 432 2014 493 S.

2144 434 2383 494 tBYLxE.
3608 446 3711 510 971

451 543 501 595 εἰ
541 540 634 594 ttat
679 538 819 603 θεοῖς
864 537 1079 603 θύσειε,
1137 538 1231 593 καὶ
1279 540 1346 594 τὰ
1406 538 1629 594 ἐκείνων
1665 539 1940 610 αἰδεσθείη
1974 558 2032 593 τε

2144 542 2550 609 sacriﬁcaverit,
2582 559 2782 616 eosque
2810 541 3080 605 reveritus
3108 546 3290 617 fuerit,
3332 562 3385 608 ct
3430 555 3481 611 in
3509 558 3714 616 honore

453 632 548 687 καὶ
582 630 889 702 τιμήσειεν.
943 627 1055 683 Ἑνὶ
1091 629 1200 700 γὰρ
1229 627 1437 683 τούτων
1469 631 1629 701 μόνον
1658 631 1906 701 ὑστερεῖν
1932 632 2031 686 αὐ-

450 725 546 779 τὸν
576 724 786 792 ἔλεγεν,
837 723 1031 795 ὅτιπερ
1077 721 1224 776 οὕτω
1270 722 1435 793 σοφὸς
1477 723 1575 791 ὢν,
1622 723 1691 779 τὰ
1737 725 1848 778 τῶν
1893 722 2033 778 θεῶν

454 816 674 885 ἀτιμοῖ,
701 812 795 868 καὶ
828 812 1075 882 γλῶτταν
1098 811 1308 878 ὁπλίζει
1339 812 1461 867 κατ’
1494 813 1676 867 αὐτῶν
1707 813 2031 869 ἀκόλαστον.

453 902 783 976 Συμϐλέψας
826 901 920 958 οὖν
956 901 1104 973 αὐτῷ
1136 902 1318 971 πάλιν,
1348 904 1544 970 Θῦσον,
1588 903 1796 973 ἔλεγεν,
1830 898 1876 958 ὦ
1906 921 2036 977 πρεο

458 998 630 1052 σϐῦτα
655 994 953 1065 σοφώτατε,
979 994 1073 1050 καὶ
1093 995 1294 1061 αὐτίκα
1306 996 1511 1067 πατρὸς
1533 985 1657 1065 ἐμοὶ
1673 996 1849 1064 τάξιν,
1882 996 2036 1050 ἵστω-

456 1108 545 1146 σιν
582 1091 633 1145 ot
676 1088 789 1145 θεοὶ
819 1089 1051 1157 πάντες,
1086 1088 1365 1162 ἀπολήψῃ,
1413 1090 1510 1143 καὶ
1551 1082 1627 1144 ὧν
1672 1080 2036 1158 ἐγὼ’πάντων

455 1184 630 1253 ἄρχω,
684 1182 875 1253 κύριος
908 1179 1027 1254 ἔσῃ.
1070 1181 1180 1236 Καὶ
1217 1181 1552 1252 δυσχεράνας
1603 1183 1632 1237 6
1662 1182 1911 1248 Βαϐύλας
1941 1183 2036 1237 καὶ

454 1275 644 1338 δεινῶς
669 1272 910 1342 ἐνεγκὼν
934 1273 1016 1327 ὅτι
1043 1274 1137 1327 καὶ
1167 1274 1330 1329 πάλιν
1359 1275 1522 1329 αὑτὸν
1552 1274 1704 1331 θύειν
1730 1275 2033 1347 ἠνάγκαζε,

454 1368 548 1420 καὶ
576 1366 712 1429 ὅλως
736 1365 899 1418 αὐτὸν
929 1365 1070 1418 ἑλεῖν
1097 1364 1194 1418 καὶ
1223 1367 1474 1438 χρήμασι
1506 1370 1691 1421 πεῖσαι
1730 1368 1824 1422 καὶ
1849 1368 2036 1439 τιμαῖς

457 1458 783 1530 προσεδόκα,
803 1456 851 1508 Ν
858 1458 934 1519 αἱ,
958 1457 1144 1528 φησιν,
1170 1457 1306 1511 ἀλλὰ
1330 1457 1389 1511 τὸ
1414 1457 1711 1528 κεφάλαιον
1736 1456 2035 1529 ζημιώσεις

456 1550 563 1604 τῶν
586 1542 805 1618 ἀγαθῶν
821 1549 920 1619 τὴν
942 1546 1246 1614 εὐσέϐειαν,
1263 1540 1325 1602 οὗ
1351 1551 1520 1621 χωρὶς
1545 1551 1701 1604 πενία
1723 1566 1816 1620 μοι
1836 1548 2033 1615 ταῦτα,

461 1643 555 1695 καὶ
591 1639 745 1713 ῦϐρις
778 1640 1002 1711 ἐσχάτη,
1034 1639 1131 1695 καὶ
1160 1640 1340 1694 αὐτῶν
1383 1635 1458 1695 ὧν
1487 1641 1596 1711 ἔχω
1629 1640 1724 1693 νῦν
1757 1640 2032 1711 στέρησις.

2138 633 2410 689 habuerit.
2443 633 2556 690 Hoc
2586 637 2728 691 enim
2759 638 2934 694 solum
2984 640 3196 698 dicebat
3241 643 3290 699 ei
3322 645 3532 717 deesse,
3568 651 3714 721 quod

2136 741 2258 783 cum
2288 740 2436 783 esset
2464 728 2601 783 adeo
2648 730 2888 797 sapiens,
2919 732 3050 790 deos
3093 734 3318 792 haberet
3356 744 3712 813 contemptui,

2136 823 2191 872 et
2212 816 2265 871 in
2292 829 2387 872 eos
2413 815 2650 888 linguam
2677 827 2913 873 armaret
2940 819 3410 892 intemperantem.
3440 823 3573 882 Eum
3604 828 3711 883 ita-

2136 923 2243 980 que
2269 922 2461 965 rursus
2491 908 2707 966 intuens
2732 927 2746 964 :
2782 907 3065 979 Saerilica,
3095 913 3330 987 dicebat,
3359 932 3392 971 ο
3419 933 3587 975 senex
3624 935 3714 976 sa-

2137 995 2490 1065 pientissime,
2525 1006 2577 1053 et
2621 998 2827 1066 statim,
2858 998 2992 1056 deos
3018 1014 3208 1058 omnes
3239 1014 3425 1075 testor,
3449 1007 3556 1063 eris
3579 1007 3711 1062 mihi

2138 1087 2259 1145 loco
2286 1092 2476 1160 patris,
2513 1101 2568 1145 et
2599 1091 2710 1146 eris
2755 1092 3005 1149 dominus
3051 1094 3290 1149 omnium
3329 1111 3449 1165 quae
3484 1108 3612 1154 sunt
3654 1097 3710 1153 in

2139 1196 2258 1236 meo
2289 1182 2536 1251 imperio.
2584 1179 2751 1255 AEgre
2800 1192 2983 1239 autem
3036 1184 3216 1242 ferens
3260 1185 3520 1258 Babylas,
3569 1190 3712 1258 quod

2135 1286 2257 1328 eum
2310 1286 2500 1328 rursus
2549 1282 2769 1344 cogeret
2810 1274 3145 1341 sacriﬁcare,
3196 1284 3250 1332 et
3276 1288 3620 1347 exspectaret
3652 1295 3714 1335 se

2137 1376 2261 1418 eum
2292 1362 2516 1418 omnino
2546 1378 2707 1434 posse
2751 1365 2996 1435 vincere,
3026 1373 3083 1420 et
3110 1365 3159 1421 ei
3203 1367 3447 1436 pecuniis
3478 1357 3710 1437 persua-

2137 1454 2266 1510 dere
2308 1459 2572 1525 posse‘et
2624 1456 2958 1524 honoribus,
3010 1456 3223 1513 scilicet
3272 1457 3325 1512 id
3377 1456 3713 1523 faciendum.

2138 1545 2333 1614 inquit,
2372 1544 2477 1600 Sed
2510 1544 2649 1615 ejus,
2704 1547 2847 1616 quod
2896 1556 2980 1602 est
3022 1547 3290 1603 bonorum
3338 1549 3712 1621 praecipuum,

2138 1649 2334 1706 nempe
2360 1635 2602 1707 pietatis,
2633 1637 2765 1692 mihi
2792 1638 3046 1692 damnum
3075 1636 3292 1702 aﬂ‘eres,
3324 1637 3442 1694 sine
3465 1653 3574 1709 qua
3600 1640 3717 1695 haec

2138 1726 2272 1781 mihi
2300 1736 2426 1783 sunt
2460 1737 2771 1799 paupertas,
2806 1737 2859 1783 et
2889 1734 3133 1784 extrema
3179 1727 3498 1798 ignominia,
3529 1738 3713 1786 eteo.

2139 1833 2259 1873 rum
2290 1817 2412 1887 quae
2435 1826 2579 1872 nunc
2610 1818 2783 1872 habeo
2819 1818 3078 1887 privatio.

530 1920 622 1986 εἷ’.
649 1914 783 1970 Εἶτα
813 1915 988 1985 θυμός
1008 1930 1070 1969 τε
1099 1914 1274 1978 πολὺς
1301 1913 1395 1967 ἐπὶ.
1419 1911 1632 1999 τούτοις
1655 1908 2037 1981 Νουμεριανοῦ

2213 1909 2305 1966 Vl.
2342 1908 2545 1964 Deinde
2574 1921 2795 1982 propter
2827 1913 2941 1968 haec
2966 1911 3269 1999 vehementi
3297 1912 3377 1967 ira
3404 1919 3583 1971 motus
3606 1910 3715 1967 fuit

458 2011 552 2068 καὶ
577 2011 715 2082 ὀργὴ
750 2010 1000 2081 διαρκής·
1034 2009 1129 2062 καὶ
1159 2005 1489 2078 προστάττει
1522 1998 1600 2074 τῷ
1627 2002 1779 2057 δουκὶ
1811 2002 2040 2054 Οὐῖκτε-

459 2104 593 2178 ρίνῳ
617 2104 635 2173 (
659 2102 754 2174 τὴν
779 2101 1039 2171 ὠμότητα
1067 2099 1178 2170 γὰρ
1200 2098 1293 2151 καὶ
1312 2098 1413 2168 τὴν
1440 2095 1695 2151 ἀσέϐειαν
1715 2086 1869 2157 οὗτος
1892 2090 2040 2162 αὐτῷ

457 2190 525 2265 ἦν
545 2195 573 2247 ό
603 2190 1053 2264 διαφορώτατος),
1077 2189 1254 2244 κλοιόν
1274 2203 1335 2240 τε
1356 2186 1647 2257 περιθέντα
1676 2183 1754 2255 τῷ
1787 2182 2041 2254 τραχήλῳ

459 2287 555 2339 καὶ
587 2283 805 2355 σίδηρον
830 2286 942 2346 τοῖς
973 2284 1101 2335 ποσὶ
1132 2279 1521 2351 περιϐαλόντα,
1547 2276 1777 2347 θέατρον
1808 2277 1874 2344 τῇ
1902 2274 2041 2327 πάν-

460 2394 569 2432 των
612 2375 732 2446 όψει
780 2375 869 2428 διὰ
917 2374 1082 2444 μέσου
1118 2374 1217 2444 τῆς
1252 2372 1460 2435 πόλεως
1509 2369 1604 2424 ἐπὶ
1641 2368 1740 2439 τὴν
1789 2366 2040 2437 φυλακὴν

461 2467 625 2523 αὐτὸν
660 2468 837 2537 ἄγειν·
870 2467 1044 2535 Εἴπερ
1069 2465 1173 2520 κᾶν
1207 2465 1242 2535 ἡ
1272 2464 1408 2534 πρὸς
1438 2461 1532 2515 τὸν
1560 2460 1735 2531 δῆμον
1769 2457 2039 2530 αἰσχύνη,

459 2562 612 2633 φησι,
642 2561 743 2631 τῆς
769 2560 1010 2631 σκληρᾶς
1035 2558 1214 2630 ψυχῆς
1234 2558 1440 2627 ταύτης
1468 2554 1773 2618 καθίκοιτο,
1804 2552 1895 2605 καί
1917 2564 2042 2604 τινα

452 2643 768 2725 ’μεταϐολὴν
798 2652 1112 2723 ἐμποιήσοι.
1152 2651 1357 2718 Ἠγετο
1387 2647 1485 2718 μὲν
1514 2644 1606 2700 οὖν
1647 2645 1676 2698 6
1701 2643 1909 2715 μάρτυς
1936 2640 2043 2694 ὑπὸ

459 2747 698 2818 δεσμοῖς,
739 2744 948 2816 χρυσῆν
992 2760 1115 2797 τινα
1151 2742 1247 2795 καὶ
1281 2740 1542 2809 γλυκεῖαν
1590 2735 1912 2808 διατριϐὴν,
1941 2733 2042 2804 τὴν

464 2839 657 2908 ἄτιμον
721 2833 1077 2908 περιαγωγὴν
1132 2834 1337 2903 ταύτην
1388 2828 1716 2899 ποιούμενος
1742 2865 1757 2890 ,
1814 2827 1896 2880 ὅτι
1947 2822 2042 2877 καὶ

461 2928 675 3000 ὅςσμῶν
703 2927 792 2981 διὰ
812 2928 904 2981 τὸν
931 2924 1110 2980 κοινὸν
1135 2920 1508 2995 ἐλευθερωτὴν
1540 2918 1797 2974 ἁπάντων
1819 2915 2038 2985 ἠξίωτο.

461 3019 837 3091 Νουμεριανδς
876 3017 1056 3071 τοίνυν
1083 3014 1226 3069 οὕτω
1257 3030 1316 3067 τε
1361 3012 1527 3067 αὐτὸν
1566 3010 1759 3082 ἔχοντα
1799 3009 1893 3061 καὶ¹
1935 3006 2041 3060 ὑπὸ

462 3113 678 3184 δεσμοῖς
712 3111 967 3179 βαίνοντα
1000 3107 1363 3178 θεασάμενος,
1417 3104 1503 3175 Νὴ
1546 3102 1673 3163 τοὺς
1713 3099 1900 3163 θεοὺς,
1941 3097 2040 3151 ἀν·

2141 1999 2524 2068 Numerianus,
2557 2013 2611 2057 et
2636 2002 2786 2070 jubet
2817 2001 3096 2060 Victorino
3121 2003 3203 2062 (is
3231 2014 3412 2059 autem
3441 2013 3562 2060 erat
3581 2019 3715 2060 cru-

2142 2093 2362 2149 delitate
2386 2102 2440 2149 et
2480 2094 2754 2164 impietate
2791 2095 3057 2169 eximius)
3090 2095 3168 2170 t5)
3217 2096 3404 2153 collari
3438 2096 3576 2153 collo
3598 2095 3718 2166 ejus

2142 2182 2415 2253 imposito,
2444 2193 2498 2240 et
2531 2184 2759 2255 pedibus
2787 2186 2908 2255 ejus
2938 2186 3287 2244 circumdatis
3332 2188 3528 2245 ferreis
3561 2202 3715 2244 com-

2142 2275 2389 2344 pedibus,
2421 2290 2518 2346 per
2558 2275 2789 2333 mediam
2836 2277 3135 2344 civitatem,
3170 2286 3229 2333 ut
3271 2285 3417 2334 esset
3461 2276 3716 2334 omnibus

2142 2369 2488 2437 spectaculo,
2540 2370 2751 2437 ducere
2782 2384 2906 2425 eum
2955 2370 3008 2425 in
3044 2370 3345 2425 custodiam
3375 2386 3396 2429 ι
3453 2368 3512 2425 Si
3553 2367 3718 2437 forte,

2142 2458 2344 2524 aiebat,
2389 2459 2564 2530 pudor
2616 2460 2801 2531 populi
2830 2455 3046 2516 'durum
3087 2461 3253 2532 hujus
3300 2465 3548 2532 penetret
3594 2460 3717 2516 ani-

2144 2564 2315 2615 mum,
2370 2557 2428 2607 et
2480 2550 2715 2623 aliquam
2765 2550 2956 2609 all‘erat
3021 2555 3400 2610 mutationem.
3430 2553 3606 2625 Atque
3636 2555 3718 2611 sic

2142 2641 2367 2711 quidem
2408 2653 2615 2716 martyr
2648 2644 2952 2705 ducebatur
2996 2646 3050 2701 in
3114 2645 3364 2714 vinculis,
3398 2660 3622 2703 auream
3661 2656 3719 2704 et

2143 2747 2361 2788 suavem
2393 2749 2424 2789 a
2451 2749 2511 2790 se
2541 2736 2662 2807 degi
2693 2737 2881 2802 vitam,
2913 2738 3040 2791 dum
3071 2748 3178 2793 tam
3210 2738 3575 2810 ignominiose
3602 2747 3716 2793 tra-

2143 2825 2454 2891 duceretur,
2507 2826 2806 2892 arbitrans,
2860 2827 3003 2898 quod
3054 2828 3284 2883 vinculis
3324 2828 3518 2899 dignus
3569 2833 3719 2885 esset

2143 2916 2362 2971 habitus
2404 2926 2623 2989 propter
2655 2932 2997 2975 communem
3039 2919 3280 2989 omnium
3321 2917 3714 2978 Liberatorem.

2142 3008 2317 3080 Atque
2346 3007 2711 3066 Numerianus
2740 3012 2959 3081 quidem
3001 3027 3124 3067 cum
3155 3027 3278 3068 eum
3304 3014 3609 3084 aspexisset
3636 3011 3721 3070 sie

2143 3100 2417 3168 aﬂ‘ectum,
2453 3110 2507 3157 et
2555 3102 2636 3158 sic
2684 3104 2923 3159 vinctum
2977 3104 3317 3161 incedentem
3352 3121 3368 3159 :
3400 3103 3504 3161 Per
3549 3106 3716 3171 deos,

463 3205 691 3275 ἐκραγε,
712 3200 955 3264 Βαϐύλα,
981 3199 1182 3272 πρέπει
1204 3214 1286 3251 σοι
1306 3195 1401 3250 καὶ
1421 3195 1449 3247 6
1470 3189 1757 3256 κλοιὸςκσὶ
1777 3187 2041 3291 τὰᾼδεσμά

2145 3192 2504 3261 exclamabat,
2541 3191 2766 3264 Babyla,
2801 3194 2960 3255 decet
2992 3205 3042 3251 te
3064 3203 3119 3252 et
3143 3195 3366 3263 collare,
3400 3207 3455 3253 et
3476 3196 3718 3279 vincula,

464 3297 561 3352 καὶ
600 3295 661 3348 τδ
703 3293 974 3365 βάδισμα·
1007 3292 1184 3345 οἰκεῖα
1232 3287 1342 3359 γὰρ
1371 3285 1545 3339 ταῦτα
1575 3281 1655 3354 τῷ
1688 3276 2041 3351 πρεσϐυτικῷ

2145 3293 2198 3340 et
2252 3283 2497 3340 incessus
2541 3301 2555 3339 :
2610 3286 2942 3343 conveniunt
2991 3287 3137 3345 enim
3171 3287 3300 3345 huic
3347 3298 3441 3346 tuo
3481 3276 3721 3346 seniliet

465 3409 557 3446 σου
586 3389 759 3460 τούτῳ
788 3390 882 3442 καὶ
912 3387 1054 3441 κατὰ
1078 3385 1280 3456 κόσμον
1314 3383 1598 3453 κινήματι.
1639 3379 1697 3432 Ὁ
1729 3376 1808 3442 δὲ,
1839 3375 1912 3427 Σὺ
1947 3372 2043 3449 μὲν

465 3485 558 3538 ἐπὶ
580 3481 876 3555 χλευασμῷ
896 3480 1072 3534 ταῦτα
1092 3477 1190 3532 καὶ¹
1217 3474 1558 3545 καταγέλωτι
1581 3469 1785 3532 λαλεῖς,
1812 3464 2043 3536 ἀπεκρί-

465 3593 612 3630 νατο·
631 3575 742 3644 ἐγὼ
756 3573 813 3627 δὲ
842 3570 1093 3626 τοσοῦτον
1113 3568 1296 3632 αὐτοῖς
1319 3563 1659 3636 σεμνύνομαι
1691 3558 1912 3631 μᾶλλον,
1935 3555 2045 3625 ὅσῳ

469 3667 603 3743 μηδὲ
626 3668 811 3733 αὐτὸς,
835 3658 881 3718 ὧ
905 3660 1147 3734 βασιλεῦ,
1170 3663 1237 3732 τῇ
1260 3655 1574 3727 ὲπανθοιῖσῃ
1600 3670 1685 3707 σοι
1711 3649 1885 3719 ταύτῃ
1912 3663 2045 3717 πορ-

467 3758 647 3831 φυρίδι
678 3756 772 3810 καὶ
809 3754 888 3824 τῷ
923 3751 1158 3823 λαμπρῷ
1185 3750 1496 3819 διαδήματι.

537 3851 611 3903 Z'.
660 3848 770 3902 Καὶ
806 3849 834 3900 6
865 3841 1278 3916 Νουμεριανδς,
1311 3839 1507 3904 Θῦσον,
1541 3839 1691 3895 ἄθλιε
1711 3880 1726 3908 ,
1757 3839 1851 3894 καὶ
1879 3838 2042 3894 πάλιν

471 3940 595 4012 ἔφη,
636 3940 731 3994 καὶ
763 3936 1128 4007 ἀπαλλαγὴσῃ
1173 3934 1271 4005 μὲν
1300 3932 1461 3995 αὐτδς
1502 3922 1788 4002 βασάνων,
1826 3929 2043 4002 φροντί-

470 4032 573 4088 δων
599 4032 656 4087 δὲ
697 4032 846 4103 ἡμᾶς
890 4028 1208 4092 ἀπολύσεις,
1262 4027 1327 4079 είε
1358 4026 1435 4098 μή
1470 4041 1529 4078 σε
1553 4024 1622 4079 τὰ
1652 4024 1841 4079 παιδία
1883 4023 2044 4078 ταυτὶ

469 4121 607 4194 πρὸς
651 4119 820 4190 τῦφον
852 4118 1074 4187 ἐπαίρει
1122 4116 1217 4170 καὶ
1262 4113 1587 4184 φαντασίαν,
1623 4111 1940 4166 διδάσκαλόν
1981 4128 2040 4165 σε

469 4212 763 4277 καλοῦντα,
810 4213 902 4265 καὶ
942 4208 1042 4262 οὐκ
1088 4207 1154 4279 ὲᾷ
1190 4207 1409 4277 πρῶτον
1454 4203 1648 4257 ἑαυτὸν
1697 4199 2042 4274 μεταδιδάξαι

469 4309 614 4378 ειπερ
640 4305 837 4359 εἰδέναι
864 4300 1060 4375 χρεών.
1086 4300 1193 4353 Καὶ
1217 4299 1325 4370 γὰρ
1352 4296 1511 4366 ἔτυχε
1532 4296 1652 4350 τότε
1677 4297 1827 4366 τρεῖς
1849 4295 2044 4359 παῖδας

469 4397 619 4469 αὐτῷ
645 4397 1039 4468 παραθέοντας,
1066 4391 1327 4459 ἀδελφοὺς
1349 4389 1410 4443 τὸ
1430 4390 1606 4459 γένος,
1629 4388 1827 4460 κομιδῇ
1850 4386 2044 4455 παῖδας

470 4491 569 4562 τὴν
589 4491 828 4563 ἡλικίαν,
863 4486 1079 4548 πολιοὺς
1110 4484 1171 4538 τὸ
1203 4482 1478 4554 φρόνημα,
1508 4480 1829 4549 φιλοπόνους
1855 4497 1913 4534 τε
1944 4479 2044 4551 τὴν

2148 3376 2374 3430 honesto
2401 3375 2590 3432 motui.
2618 3375 2714 3433 Ille
2754 3386 2971 3432 autem:
2999 3374 3080 3433 Tu
3109 3380 3348 3450 quidem,
3379 3379 3575 3452 inquit,
3605 3378 3721 3435 hac

2146 3466 2303 3533 dicis,
2363 3482 2450 3523 me
2495 3468 2728 3525 irridens
2791 3478 2847 3525 et
2889 3468 3177 3527 ludiﬁcans
3215 3487 3232 3531 ;
3273 3485 3374 3543 ego
3416 3469 3722 3545 autem'eis

2146 3558 2316 3630 magis
2344 3558 2547 3628 glorior
2576 3574 2736 3628 quam
2765 3550 2843 3626 tu,
2869 3575 2901 3615 ο
2934 3564 3250 3631 imperator,
3284 3563 3384 3619 hac
3415 3573 3503 3619 tua
3531 3562 3717 3618 ﬂorida

2145 3662 2386 3720 purpura
2417 3658 2471 3706 et
2504 3651 2783 3722 splendido
2822 3646 3147 3709 diademate.

2218 3827 2331 3885 νη.
2363 3826 2728 3887 Numerianus
2766 3840 2946 3888 autem
2977 3851 2992 3888 :
3020 3832 3302 3903 Sacriﬁca,
3334 3834 3542 3904 infelix,
3572 3846 3627 3893 et
3652 3834 3723 3891 li-

2146 3919 2429 3979 beraberis
2479 3923 2696 3993 quidem
2751 3923 2868 3993 ipse
2930 3939 2960 3978 a
3021 3926 3330 3993 tormentis,
3397 3942 3495 3982 nos
3541 3937 3721 3984 autem

2148 4013 2351 4085 eripies
2384 4029 2413 4069 a
2448 4015 2902 4072 sollicitudinibus
2937 4039 2948 4074 :
2982 4018 3084 4073 nisi
3123 4017 3264 4073 forte
3294 4019 3349 4074 bi
3381 4020 3534 4091 pueri
3576 4028 3630 4077 te
3654 4019 3722 4075 ad

2146 4107 2456 4178 superbiam
2485 4106 2740 4175 eﬁ'eruni,
2770 4120 2825 4164 et
2853 4109 3068 4165 inanem
3097 4110 3347 4180 gloriam,
3385 4120 3639 4169 vocantes
3670 4122 3724 4168 te

2147 4197 2503 4267 magistrum;
2536 4206 2592 4252 et
2620 4212 2726 4253 non
2757 4199 2942 4254 sinunt
2972 4209 3025 4255 te
3058 4202 3209 4270 prius
3237 4210 3291 4257 te
3320 4200 3495 4272 ipsum
3527 4204 3725 4260 docere

2146 4304 2232 4355 ea,
2265 4303 2387 4359 quae
2416 4289 2558 4344 scire
2582 4304 2720 4367 opus
2746 4300 2849 4346 est.
2881 4288 3046 4349 Forte
3077 4292 3222 4348 enim
3246 4303 3374 4348 tunc
3395 4291 3722 4365 contigerat,

2147 4388 2205 4434 ut
2234 4379 2542 4449 trespueri
2593 4380 2657 4434 ad
2693 4395 2815 4435 eum
2846 4389 3234 4452 aecurrentes,
3270 4397 3467 4454 genere
3502 4384 3717 4452 fratres,

2145 4479 2304 4527 aetate
2329 4471 2545 4541 quidem
2587 4472 2766 4543 pueri,
2804 4473 2898 4527 sed
2922 4474 3045 4528 cani
3092 4474 3401 4545 prudentia,
3437 4474 3723 4546 diligenter

472 4556 775 4645 εὐσέϐειαν,
802 4573 1220 4634 ὲκπαιδεύεσθαι
1244 4572 1336 4626 ὑπ’
1360 4569 1549 4637 αὑτοῦ,
1575 4569 1671 4623 καὶ
1698 4569 1835 4641 μηδὲ
1863 4568 2041 4623 κλοιὸν

2150 4561 2217 4617 ab
2247 4575 2311 4616 eo
2341 4561 2666 4616 docerentur
2693 4562 2965 4631 pietatem,
2995 4577 3155 4632 quem
3189 4577 3258 4632 ne
3287 4556 3472 4618 celtari
3503 4565 3722 4635 quidem

469 4659 613 4731 οῦτω
634 4670 1019 4745 περικείμενον
1041 4668 1133 4721 καὶ
1156 4664 1331 4732 δεσμὰ
1348 4661 1650 4716 ’ἀπολιπεῖν
1675 4661 1770 4713 τὸν
1790 4659 2046 4714 διδάσκα-

469 4771 560 4824 λον
586 4767 791 4822 ἔθελον.
832 4763 992 4816 Ἀλλὰ
1026 4759 1132 4830 μὴν
1154 4759 1182 4810 6
1208 4757 1350 4818 θεῖος
1375 4753 1646 4817 Βαϐύλας,
1675 4752 1849 4824 Είπερ
1867 4753 2045 4806 αὐτῶν

474 4863 688 4931 πεῖραν,
729 4854 855 4925 ἔφη,
895 4850 1107 4914 λάϐοις,
1129 4842 1173 4901 ὦ
1197 4843 1439 4917 βασιλεῦ,
1463 4843 1586 4915 εἴσῃ
1612 4841 1831 4906 πάντως
1856 4838 1945 4896 οἷα
1975 4843 2045 4896 τὰ

470 4952 578 5007 τῶν
603 4948 738 5021 ἐμοῦ
759 4947 935 5014 λόγων
964 4941 1276 5012 σπέρματα,
1301 4934 1500 5008 μᾶλλον
1519 4934 1575 4988 δὲ
1605 4932 1700 4988 τοῦ
1717 4933 1890 4988 ταῦτα
1912 4935 2045 5005 ἡμῖν

471 5044 702 5107 διδόντος
736 5039 895 5094 Θεοῦ.
932 5035 1239 5106 Παρίστησι
1277 5031 1457 5085 τοίνυν
1491 5031 1520 5084 6
1549 5026 1804 5101 βασιλεὺς
1829 5027 1922 5080 ὲπὶ
1950 5025 2044 5079 τοῦ

474 5137 717 5210 β’ήματος
743 5128 930 5199 ,ἑαυτῷ
957 5127 1027 5180 τὰ
1049 5124 1256 5186 παιδία,
1290 5121 1382 5176 καὶ
1410 5120 1599 5192 πρῶτα
1629 5117 1728 5190 μὲν
1754 5119 1803 5170 εί
1835 5115 2047 5210 pur-cepa

474 5206 649 5297 ἔχοιεν
691 5220 1044 5277 ἐπυνθάνετο.
1079 5214 1162 5268 Τὰ
1201 5214 1279 5276 se;
1331 5212 1442 5265 Kal.
1474 5212 1660 5281 μήτηρ
1695 5209 1830 5279 ἡμῖν
1863 5206 2046 5273 ἐστιν,

478 5318 653 5379 εἷπον,
689 5315 785 5370 καὶ
831 5308 1155 5375 διδάσκαλος
1194 5302 1464 5369 Βαϐύλας,
1491 5301 1550 5356 ὃν
1589 5300 1686 5356 καὶ
1713 5300 1814 5371 τῆς
1844 5299 2049 5370 μητρὸς

480 5410 641 5479 ἡμεῖς
662 5407 820 5461 πλέον
852 5402 1134 5474 φιλοῦμεν.
1176 5398 1246 5451 Ἥ
1296 5396 1394 5468 μὲν
1439 5394 1549 5466 γὰρ
1581 5392 1830 5462 ἐγείνατο
1867 5391 2047 5462 μόνον·

478 5504 508 5557 ό
540 5501 597 5555 δὲ
620 5500 755 5572 πρὸς
791 5497 1024 5569 μάθησίν
1055 5511 1113 5547 τε
1145 5493 1289 5564 ἡμᾶς
1314 5491 1554 5552 ὲκπονεϊ,
1586 5486 1681 5539 καὶ
1711 5483 1847 5555 πρὸς
1877 5482 2048 5536 εὐσέ-

478 5594 633 5648 ϐειαν
676 5591 918 5656 ὲξασκεῖ,
969 5586 1161 5643 καὶτὸ
1196 5586 1316 5638 ὅλον
1363 5581 1520 5652 δῆλός
1566 5580 1681 5648 ἐστι
1730 5577 1828 5647 τῆς
1873 5575 2047 5647 ψυχῆς

550 5773 624 5841 (5)
656 5770 714 5827 S.
751 5763 1462 5846 Citrysostotttt_1_.s_oration_e
1500 5764 1643 5846 9_7in
1671 5764 1843 5846 Epist.
1896 5762 2046 5846 Pauli

478 5832 881 5916 ad‘lefphesios,
915 5859 934 5892 ι
998 5840 1057 5896 Β.
1108 5837 1368 5908 Babylas,
1419 5836 1629 5906 inquit,
1682 5832 1895 5892 vinctus
1946 5832 2051 5889 fuit

2147 4663 2202 4709 et
2252 4652 2484 4708 vinculis
2531 4653 2923 4708 circumdatum
2956 4653 3210 4708 volebant
3260 4654 3567 4724 relinquere
3602 4671 3720 4712 ma-

2145 4741 2396 4812 gistrum.
2434 4741 2660 4798 Divinos
2688 4755 2869 4798 autem
2898 4742 3125 4815 Babylas
3150 4764 3163 4799 :
3200 4742 3257 4800 Si
3280 4761 3491 4813 eorum,
3521 4746 3718 4816 inquit,

2150 4834 2343 4891 feceris
2388 4836 2717 4906 periculum,
2751 4850 2783 4891 ο
2828 4835 3142 4905 imperator,
3195 4837 3334 4893 scies
3373 4839 3594 4895 omnino
3626 4853 3723 4895 cu-

2149 4927 2383 4999 jusmodi
2415 4929 2525 4982 sint
2565 4928 2773 4983 semina
2802 4942 3045 4984 mearum
3079 4929 3405 4997 orationum,
3439 4930 3521 4986 vel
3544 4922 3724 5000 potius

2151 5019 2246 5075 Dei
2282 5020 2372 5090 qui
2416 5034 2477 5075 ea
2519 5020 2708 5077 donat.
2743 5020 2908 5076 Curat
2960 5021 3144 5091 itaque
3191 5022 3489 5092 imperator
3528 5037 3725 5094 pueros

2149 5110 2418 5168 sistendos
2451 5124 2549 5182 pro
2586 5113 2867 5182 tribunali,
2893 5121 2948 5169 et
2977 5114 3208 5183 primum
3237 5115 3456 5185 quidem
3486 5114 3724 5171 interro-

2150 5204 2321 5275 gavit,
2370 5219 2437 5259 an
2471 5215 2698 5259 matrem
2750 5203 3032 5261 haberent.
3070 5205 3154 5260 Illi
3190 5216 3370 5262 autem
3407 5224 3420 5260 :
3458 5205 3522 5263 Et
3570 5206 3728 5264 nobis

2152 5305 2255 5364 est,
2296 5296 2568 5367 inquiunt,
2614 5305 2806 5363 mater,
2845 5307 2900 5353 et
2953 5298 3213 5368 magister
3257 5296 3514 5371 Babylas,
3564 5314 3725 5370 quem

2156 5402 2254 5445 nos
2288 5389 2450 5444 etiam
2488 5388 2606 5459 plus
2659 5405 2820 5460 quam
2876 5398 3104 5447 matrem
3153 5405 3420 5448 amamus.
3454 5393 3593 5446 Nam
3640 5392 3726 5446 illa

2155 5481 2370 5553 quidem
2402 5496 2500 5535 nos
2546 5480 2717 5536 solum
2749 5484 2952 5553 genuit,
2986 5482 3074 5540 ille
3105 5499 3233 5539 vero
3267 5500 3366 5540 nos
3401 5484 3630 5540 instituit
3672 5485 3726 5540 in

2159 5572 2479 5643 disciplinis,
2518 5584 2572 5628 et
2601 5584 2819 5629 exercet
2853 5576 2919 5631 ad
2958 5576 3239 5646 pietatem,
3271 5586 3326 5632 et
3360 5577 3426 5631 ad
3458 5591 3726 5631 summam

2157 5763 2399 5817 eamdem
2448 5762 2516 5817 ob
2560 5775 2800 5821 causam,
2832 5758 2902 5813 ob
2930 5775 3088 5829 quam
3120 5757 3390 5827 Joannes;
3425 5767 3484 5817 ut
3516 5760 3606 5832 qui
3639 5775 3731 5816 rt:-

2157 5848 2276 5904 gem
2313 5833 2493 5903 inique
2520 5844 2578 5886 se
2607 5839 2881 5901 gerentem
2915 5831 3170 5900 arguerit.
3212 5849 3231 5881 ι
