4138 6410
427 380 560 444 "975

1666 370 1946 433 MENSIS
1984 370 2444 432 JANUARIUS.

3589 363 3696 428 9'16

451 496 638 563 aperte
665 493 866 544 nostra:
897 481 1090 537 animae
1121 486 1368 534 amanter
1393 478 1768 547 curam-gerit.
1801 477 2026 531 Matrem

2137 475 2289 547 ήμῶν
2325 474 2697 546 φιλοστόργως
2727 472 3142 546 ἐπιμελόμενος.
3175 469 3575 526 Μετακαλεῖται
3596 471 3699 542 τήν

454 593 670 650 quoque
690 573 922 633 accersit
945 573 1260 642 imperator,
1286 579 1337 624 et
1355 570 1508 640 jubet
1527 583 1644 623 eam
1673 569 2023 638 respondere,

449 667 723 741 quomodo
757 667 870 734 ipsa
901 671 1142 730 vocetur,
1174 669 1226 716 et
1257 676 1325 714 an
1360 661 1430 716 sit
1459 669 1629 714 mater
1671 659 1906 713 illorum.
1933 656 2024 710 llla

456 768 630 813 autem
653 755 812 811 :Mibi
837 753 1076 824 quidem,
1099 751 1296 821 inquit,
1326 763 1520 803 nomen
1541 757 1625 804 est
1643 746 2022 807 Christodula;

457 851 508 904 hi
544 863 673 904 vero
699 855 826 902 sunt
853 843 1062 900 fructus
1091 843 1196 898 mei
1227 839 1455 904 ventris,
1491 848 1545 893 et
1579 853 1672 893 eos
1709 837 1810 892 mei
1839 844 2026 904 partus

454 940 726 1012 primitias
746 938 859 992 Deo
885 933 1088 991 obtuli:
1119 932 1331 989 conﬁdo
1358 939 1538 986 autem
1570 928 1708 994 fore,
1733 936 1791 982 ut
1821 928 1874 981 in
1898 925 2023 981 caeli

457 1030 665 1087 horreis
689 1043 783 1084 eos
819 1037 1042 1096 reponat
1073 1025 1288 1096 sapiens
1322 1021 1586 1092 Babylas;
1635 1019 1714 1074 illi
1755 1018 1899 1073 enim
1933 1032 2026 1072 eos

453 1124 678 1181 credidi.

527 1213 663 1270 VIII.
692 1213 816 1269 "ac
833 1226 955 1266 cum
981 1209 1240 1274 audisset,
1265 1207 1344 1260 ira
1371 1204 1622 1274 impletur
1643 1201 2022 1266 Nuuierianus,

455 1319 504 1361 et
543 1307 696 1376 jubet
725 1306 772 1356 ei
814 1302 1006 1354 faciem
1041 1299 1269 1368 percuti,
1303 1305 1360 1350 et
1392 1293 1627 1349 dictitari
1681 1309 1747 1348 ne
1791 1303 1896 1346 tam
1948 1301 2028 1345 te-

453 1412 607 1451 mere
655 1394 1018 1460 alloqueretnr
1060 1390 1461 1457 imperatorem.
1514 1384 1671 1438 Pueri
1727 1395 1906 1438 autem
1949 1384 2028 1436 vi-

459 1491 648 1543 dentes
671 1495 908 1539 .matrem
937 1479 1162 1551 pulsari,
1214 1479 1398 1532 animo
1429 1475 1580 1530 fuere
1607 1475 1938 1538 conturbati,
1971 1482 2025 1528 et

457 1583 716 1636 dixerunt
751 1594 766 1630 :
795 1577 1098 1644 Imperator
1128 1580 1360 1626 matrem
1391 1568 1551 1623 catdit
1577 1581 1704 1622 vera
1735 1567 2022 1621 dicentem.

452 1673 576 1740 Ipse
619 1676 796 1723 autem
840 1666 976 1720 iram
1011 1662 1139 1718 ludo
1187 1669 1533 1728 temperans,
1568 1656 1720 1724 jubet
1765 1655 2024 1725 majorem

2131 565 2343 636 μητέρα
2379 567 2407 618 ὁ
2440 563 2714 634 βασιλεὺς,
2746 563 2840 618 καὶ⁵
2872 563 3020 626 ὅπως
3064 561 3200 631 αὑτη
3239 559 3475 624 καλοῖτο,
3518 561 3612 613 κοιλ⁸
3649 560 3698 612 εί

2129 655 2316 725 μήτηρ
2371 655 2595 708 ἐκείνων
2641 654 2727 724 είη
2777 653 3179 724 ἀποκρίνασθαι
3229 650 3462 704 κελεύει.
3519 648 3585 703 Ἦ
3616 650 3698 714 δέ,

2127 745 2488 815 Χριστοδούλη
2525 744 2624 815 μέν
2665 745 2819 814 ἐμοὶ,
2854 745 3019 814 φησὶν
3041 784 3056 808 ,
3098 742 3268 812 ὄνομα
3290 757 3306 772 °
3341 742 3437 810 τῆς
3476 741 3616 811 ἐμῆς
3643 741 3700 794 δὲ

2127 834 2334 897 κοιλίας
2378 827 2523 887 οῦτοι
2567 835 2804 905 καρποὶ,
2859 835 2952 888 καὶ
3003 833 3224 896 τούτους
3280 831 3534 902 ἀπαρχὰς
3589 832 3701 884 τῶν

2129 923 2280 994 ἐμῶν
2317 925 2524 978 ὠδίνων
2565 928 2919 997 προσήνεγκα
2962 925 3040 995 τῷ
3073 925 3191 994 Θεῷ
3215 937 3230 951 ⁸
3266 921 3505 976 πέποιθα
3533 921 3590 974 δέ
3619 922 3703 974 ὅτι

2127 1015 2222 1068 καὶ
2271 1017 2353 1079 είς
2396 1016 2464 1069 τὰ
2508 1019 2733 1087 ταμιεῖα
2779 1017 2888 1070 τῶν
2936 1009 3183 1087 οὐρανῶν
3225 1016 3254 1068 ὁ
3299 1014 3462 1083 σοφὸς
3506 1013 3706 1076 αὑτοὺς

2125 1104 2462 1175 ἀποθήσεται
2497 1105 2767 1170 Βαϐύλας·
2795 1106 2990 1175 ἐκείνῳ
3014 1106 3124 1176 γὰρ
3147 1105 3344 1166 αὐτοὺς
3371 1103 3700 1174 ἐνεχείρισα.

2198 1192 2279 1245 Il'.
2321 1193 2525 1248 Τούτου
2553 1195 2816 1258 ἀκούσας,
2848 1194 3020 1264 ὀργῆς
3053 1193 3468 1263 ὑποπίμπλαται
3494 1192 3706 1263 Νουμε-

2129 1287 2330 1355 ριανδς,
2363 1285 2458 1338 καὶ
2503 1285 2688 1338 παίειν
2720 1285 2892 1355 αὐτὴν
2923 1283 3066 1339 κατὰ
3099 1286 3302 1357 κόρρης
3349 1284 3701 1354 προστάττει,

2131 1379 2230 1430 καὶ
2260 1377 2556 1445 ἐπιλέγειν,
2591 1378 2666 1447 μὴ
2696 1377 2923 1430 τοιαῦτα
2956 1377 3090 1446 πρὸς
3121 1378 3213 1429 τὸν
3243 1375 3467 1446 βασιλέα
3498 1393 3706 1446 προπε-

2125 1470 2234 1533 τῶς
2270 1469 2630 1538 φθέγγεσθαι.
2663 1469 2743 1522 Τὰ
2776 1467 2966 1523 παιδία
3012 1467 3194 1521 τοίνυν
3223 1467 3567 1536 τυπτομένην
3605 1468 3704 1538 τὴν

2131 1561 2344 1634 μητέρα
2369 1561 2600 1632 ὁρῶντα,
2643 1559 2894 1631 διέφθορε
2923 1559 3013 1614 τὸν
3043 1559 3186 1624 νοῦν,
3215 1558 3580 1613 διασέσεισται
3607 1559 3708 1623 τὰς

2127 1655 2352 1726 φρένας,
2414 1654 2473 1708 'O
2497 1654 2778 1725 βασιλεὺς,
2821 1653 3034 1722 έλεγον,
3109 1651 3206 1723 τὴν
3257 1652 3470 1722 μητέρα
3500 1651 3706 1721 τάληθῆ

453 1761 672 1828 quidem
705 1775 773 1814 ex
805 1756 987 1826 pueris
1015 1754 1300 1811 duodecim
1330 1749 1502 1821 plagis
1530 1747 1693 1812 allici,
1727 1747 2023 1801 secundum

2137 1747 2392 1814 λέγουσαν
2424 1746 2716 1809 αίκίζεται.
2766 1740 2900 1800 Εῐτα
2947 1744 3133 1814 παιδιᾷ
3166 1745 3194 1796 ὁ
3225 1742 3476 1812 βασιλεὺς
3499 1743 3587 1794 τὸν
3615 1741 3712 1794 θυο

454 1863 637 1908 autem
669 1865 887 1915 novem,
916 1858 971 1904 et
999 1846 1246 1902 ultimum
1273 1849 1504 1911 septem,
1535 1837 1770 1910 aquales
1799 1850 2026 1890 numero

2137 1836 2622 1908 μδνςάνακεράσας
2679 1836 2891 1890 κελεύει
2949 1835 3040 1889 τὸν
3090 1835 3189 1904 μὲν
3251 1834 3552 1904 προέχοντα
3599 1831 3708 1886 τῶν

448 1947 640 2016 plagas
685 1945 970 2012 imponens
1008 1937 1302 2008 unicuique
1340 1950 1439 2006 pro
1486 1944 1711 1987 numero
1757 1940 2024 2000 annorum

454 2036 652 2091 aetatis.
682 2033 762 2087 llli
791 2041 970 2086 autem
994 2044 1117 2084 cum
1141 2027 1325 2097 ﬂagris
1346 2024 1707 2087 caederentur,
1735 2017 2027 2073 laudabant

452 2128 781 2193 Dominum;
829 2123 1144 2194 quaerebant
1188 2128 1368 2173 autem
1406 2115 1765 2186 magistrum,
1809 2125 1930 2167 cum
1963 2123 2028 2164 eo

430 2219 831 2275 desiderantes
863 2217 1026 2272 etiam
1054 2212 1259 2270 versari
1293 2210 1345 2265 in
1375 2220 1615 2264 carcere.

528 2487 619 2543 lX.
654 2485 1019 2540 Numerianus
1065 2496 1196 2551 ergo
1221 2495 1344 2536 cum
1388 2493 1455 2535 ex
1491 2477 1748 2534 tribttnali
1793 2476 2028 2546 impera-

458 2581 602 2635 torio
629 2593 725 2648 per
749 2576 1029 2631 ministros
1053 2584 1277 2629 matrem
1307 2573 1581 2627 eduxisset
1607 2579 1662 2625 et
1691 2582 1910 2639 pueros,
1935 2566 2030 2620 Ba-

461 2669 638 2740 iiylam
673 2663 961 2720 accersite
990 2661 1264 2725 custodia,
1299 2669 1354 2714 et
1402 2660 1624 2729 perinde
1655 2672 1718 2712 ac
1749 2656 1940 2711 ludens
1973 2654 2027 2710 in

461 2771 644 2821 scena,
677 2762 770 2808 aut
804 2753 1126 2808 liiStrionem
1168 2750 1368 2805 stultus
1396 2764 1559 2819 agens
1590 2745 1783 2815 :Ecce,
1833 2745 2028 2816 inquit,

463 2846 558 2901 tibi
591 2843 789 2900 cecidit
822 2856 1014 2912 magna
1041 2851 1128 2895 tua
1159 2839 1410 2912 gloriatio
1440 2846 1495 2894 et
1525 2837 1806 2908 iactantia,
1848 2844 1903 2890 et
1927 2833 2029 2888 ali-

462 2948 546 2994 ter
581 2951 672 2990 res
710 2934 874 2989 cessit
901 2946 1062 3003 quam
1111 2930 1343 3002 putabas
1375 2929 1592 2999 pueris;
1630 2927 1667 2982 ii
1706 2927 1854 2981 enini
1905 2932 2032 2979 sunt

457 3026 636 3098 parati
687 3027 790 3080 diis
827 3023 1156 3080 sacriﬁcare.
1213 3022 1303 3077 ille
1359 3031 1539 3076 autem
1594 3019 1839 3088 (sciebat
1884 3015 2030 3071 enim

457 3121 645 3194 quales
691 3134 788 3174 eos
838 3117 1142 3188 peperisset
1185 3114 1444 3186 spiritu),
1475 3113 1717 3178 Videris,
1754 3112 1956 3182 inquit.
1997 3124 2030 3163 o

463 3215 782 3283 imperator,
825 3210 1056 3279 teipsum
1092 3210 1269 3278 potius
1320 3206 1527 3272 fallere,
1571 3215 1624 3260 et
1673 3204 1767 3260 tibi
1802 3202 2033 3258 inaniter

439 3303 764 3373 :indulgere.
799 3302 940 3357 Oves
975 3300 1119 3354 enim
1149 3299 1252 3353 mei
1281 3302 1483 3368 gregis,
1526 3311 1647 3366 quae
1675 3307 1802 3352 sunt
1831 3295 2029 3351 Christi

458 3394 594 3457 mei,
629 3403 683 3448 et
724 3392 846 3462 agni
891 3391 1158 3460 pastoris,
1232 3390 1464 3444 alienum
1533 3402 1808 3454 nunquam
1861 3385 2034 3441 secuti

459 3483 668 3540 Fuerint
716 3483 854 3538 :sed
884 3497 1058 3536 meam
1109 3495 1314 3544 vocem,
1365 3489 1448 3534 sat
1497 3479 1643 3545 scio,
1686 3477 2030 3543 desiderant;

466 3591 573 3632 non
600 3575 800 3637 minus,
825 3589 986 3643 quam
1010 3571 1133 3642 agni
1164 3571 1355 3626 inclusi
1377 3571 1428 3625 in
1455 3569 1660 3624 aedibus
1686 3576 1888 3623 matres
1911 3581 2026 3638 qua

464 3665 612 3734 ipsos
641 3668 967 3732 genuerunt.
1000 3659 1065 3713 Et
1095 3659 1140 3714 si
1180 3658 1336 3728 lupus
1362 3672 1456 3712 eos
1485 3658 1728 3727 rapuerit
1750 3696 1765 3723 ,
1798 3657 1912 3711 sive
1936 3655 2030 3710 ali-

457 3769 570 3825 qua
602 3753 707 3808 alia
738 3751 910 3807 bestia
943 3766 1036 3807 eos
1069 3750 1428 3816 abstraxerit,
1459 3749 1708 3815 abibunt,
1746 3755 1802 3803 et
1821 3751 2035 3804 abstra-

467 3849 666 3899 lientur
695 3860 780 3899 me
808 3843 1106 3898 clamantes
1157 3860 1172 3900 :
1221 3853 1275 3898 et
1307 3841 1464 3910 lupus
1507 3857 1648 3912 agno
1691 3841 1874 3910 potius
1908 3856 2035 3912 per-

465 3936 718 3998 suaserit,
747 3935 960 4004 propria
997 3943 1169 3988 matre
1201 3933 1416 3998 relicta,
1445 3946 1567 3987 eum
1597 3931 1774 4000 sequi,
1809 3946 1971 4001 quam
1997 3930 2035 3987 ii

463 4027 857 4082 obliviscantur
898 4027 1104 4096 proprii
1138 4025 1342 4081 amoris
1369 4024 1426 4080 in
1455 4033 1751 4095 pastorem.

529 4304 604 4360 Χ.
639 4303 763 4359 Haec
800 4317 903 4358 non
936 4303 1118 4359 ferens
1145 4301 1544 4361 Numerianus:
1579 4305 1651 4360 At
1686 4318 1805 4376 ego,
1838 4305 2035 4377 inquit,

466 4395 703 4451 efﬁciam
761 4405 820 4450 ut
863 4396 1222 4466 opportunius
1270 4398 1443 4453 utaris
1471 4399 1932 4468 responsionibus.
1972 4396 2040 4451 Et

2059 3163 2107 3228 C

2135 1929 2342 1982 παίδων
2376 1930 2611 1998 πληγαῖς
2645 1929 2968 1982 δυοκαίδεκα
3017 1927 3350 1996 αἰκισθῆναι,
3381 1925 3474 1978 τὸν
3511 1923 3708 1993 ἐφεξῆς

2131 2016 2189 2069 δὲ
2220 2015 2396 2080 ἐννέα,
2429 2017 2524 2070 καὶ
2551 2017 2694 2070 ἑπτὰ
2714 2018 2806 2070 τὸν
2837 2016 3090 2086 ἔσχατον,
3131 2015 3456 2086 ἰσαρίθμους
3494 2015 3709 2084 ἑκάστῳ

2133 2109 2233 2171 τὰς
2264 2106 2478 2176 πληγάς
2528 2109 2641 2172 τοῖς
2674 2107 2772 2177 τῆς
2813 2107 3030 2178 ήλικίας
3076 2105 3284 2169 ἐπιθεὶς
3335 2105 3502 2158 ἔτεσι.
3538 2104 3620 2158 Τὰ
3650 2104 3708 2157 δὲ

2131 2199 2242 2271 ἄρα
2277 2201 2374 2253 καὶ
2405 2199 2783 2270 μαστιζόμενα
2817 2199 3032 2268 εὐλόγει
3069 2199 3169 2268 μὲν
3202 2199 3292 2251 τὸν
3323 2197 3477 2262 Θεὸν,
3527 2195 3710 2267 ἐζήτει

2133 2291 2191 2344 δέ
2217 2290 2310 2344 τὸν
2345 2290 2685 2359 διδάσκαλον,
2728 2293 2972 2346 συνεῖναι
3017 2289 3168 2360 αὑτῷ
3190 2291 3284 2342 καὶ
3316 2291 3374 2342 ἐν
3395 2287 3472 2359 τῷ
3499 2289 3710 2358 δεσμω-

2132 2398 2201 2452 τη
2211 2381 2308 2452 ρίῳ
2347 2382 2666 2453 γλιχόμενα.

2204 2471 2281 2528 8'.
2317 2474 2690 2545 Νουμεριανὺς
2732 2473 2850 2537 οῦν,
2877 2473 2972 2528 τοῦ
3005 2471 3288 2545 βασιλικοῦ
3330 2471 3573 2544 βήματος
3619 2470 3709 2524 διὰ

2135 2564 2246 2618 τῶν
2280 2566 2743 2636 ὑπηρετουμένων
2787 2568 2886 2638 τὴν
2937 2567 3152 2638 μητέρα
3180 2567 3274 2618 καὶ
3307 2566 3376 2618 τὰ
3407 2565 3596 2618 παιδία
3625 2563 3710 2628 ἐξα

2138 2655 2384 2726 αγαγὼν,
2435 2659 2857 2728 μεταπέμπεται
2883 2658 2983 2727 τῆς
3023 2657 3270 2728 φυλακῆς
3312 2657 3404 2710 τὸν
3436 2657 3709 2724 Βαδύλαν,

2137 2748 2231 2801 καὶ
2261 2746 2512 2816 καθάπερ
2543 2749 2600 2800 ἐν
2631 2751 2803 2817 σκηνῇ
2833 2747 3043 2811 παίζων
3074 2748 3106 2817 ἢ
3138 2747 3321 2818 δρᾶμα
3345 2745 3710 2816 ὑποκρινόμε-

2135 2854 2226 2899 νος
2252 2837 2280 2889 ὁ
2310 2837 2562 2907 ἀνόητος,
2617 2837 2746 2890 Ἰδού
2777 2855 2880 2903 σοι,
2915 2837 3069 2910 φησὶ,
3102 2840 3317 2899 πάντως
3360 2836 3712 2889 διαπέπτωκε

2136 2927 2197 2980 τὸ
2227 2927 2594 3000 μεγάλαυχον,
2627 2929 2803 2982 καὶτὸ
2831 2928 2941 2981 τῶν
2973 2929 3198 2984 παιδίων
3244 2929 3371 3003 περὶ
3397 2928 3466 2978 τὰ
3496 2924 3713 2979 ἐναντία

2137 3023 2332 3091 χωρεῖ·
2367 3021 2542 3074 ταῦτα
2572 3019 2681 3094 γὰρ
2712 3020 2861 3078 θύειν
2892 3022 3012 3076 ἐστὶ
3049 3026 3158 3086 τοῖς
3202 3023 3343 3086 θεοῖς
3393 3026 3611 3092 ἐτοιμα.
3653 3017 3712 3069 Ὀ

2137 3112 2194 3165 δὲ
2236 3113 2388 3184 (ᾔδει
2437 3113 2551 3184 γὰρ
2597 3115 2748 3178 τίνας
2789 3116 2992 3178 ἐκεῖνος
3029 3113 3107 3183 τῷ
3147 3112 3420 3184 πνεύματι
3463 3111 3710 3183 ὤδινεν),

2142 3205 2384 3272 Ἔοικας,
2420 3204 2606 3274 φησὶν,
2635 3199 2680 3260 ὦ
2726 3205 2968 3276 βασιλεῦ,
3001 3205 3226 3258 σεαυτὸν
3269 3203 3581 3274 ψεύδεσθαι,
3619 3203 3716 3258 καὶ

2142 3297 2387 3368 ματαίως
2412 3297 2902 3370 καταχαρίζεσθαι·
2929 3298 3001 3362 ὡς
3030 3299 3160 3366 τάγε
3185 3297 3284 3366 τῆς
3315 3297 3453 3365 ἐμῆς
3477 3295 3712 3364 ποίμνης

2141 3389 2453 3458 θρέμματα,
2480 3389 2550 3442 τὰ
2578 3388 2673 3442 τοῦ
2709 3390 2844 3459 ἐμοῦ
2874 3389 3110 3460 Χριστοῦ
3139 3392 3232 3443 καὶ
3251 3388 3505 3458 ποιμένος
3527 3385 3705 3455 ἀρνία,

2140 3479 2238 3530 οὑκ
2275 3477 2339 3532 ἀν
2370 3493 2500 3531 ποτε
2538 3478 2806 3550 ἀλλοτρίῳ
2844 3479 3226 3551 ἀκολουθήσοι,
3259 3478 3395 3532 ἀλλά
3421 3477 3517 3546 τὴν
3545 3476 3702 3544 ἐμὴν,

2139 3564 2280 3635 οἶδα,
2331 3570 2515 3642 φωνήν
2543 3573 2773 3624 ἀκοῦσαι
2815 3571 2993 3635 ποθεῖ,
3025 3572 3122 3642 οὑχ
3151 3566 3312 3642 ἦττον
3339 3570 3373 3640 ἢ
3402 3568 3468 3621 τά
3495 3569 3708 3619 ἀποκε-

2141 3660 2436 3732 κλεισμένα
2469 3663 2526 3715 ἐν
2551 3663 2780 3734 οίκίσκῳ
2800 3663 2962 3734 ἀρνία
2991 3662 3100 3716 τῶν
3129 3662 3540 3731 γεννησαμένων
3571 3654 3713 3709 αὑτὰ

2146 3754 2429 3823 μητέρωνο
2461 3751 2566 3807 κᾶν
2599 3753 2761 3818 λύκος
2793 3755 3020 3826 ἁρπάσῃ
3043 3754 3206 3817 αὑτὰ,
3238 3753 3342 3806 κᾶν
3362 3753 3492 3807 ἄλλο
3513 3768 3567 3803 τι
3595 3751 3714 3803 δια-

2145 3847 2259 3916 σπᾷ
2275 3841 2482 3917 θηρίον,
2502 3846 2602 3916 ἐμὲ
2621 3845 2894 3900 καλοῦντα
2911 3847 3190 3916 οἰχήσεται
3210 3847 3302 3897 καὶ
3314 3841 3716 3912 διασπασθήσε-

2141 3954 2255 4001 ται,
2289 3937 2386 3990 καὶ
2435 3937 2575 4007 ἄρνα
2617 3939 2880 4009 πρότερον
2907 3937 2972 3991 ἂν
3001 3937 3162 3999 λύκος
3193 3936 3400 3988 πείσειε
3438 3932 3537 4002 τῆς
3579 3933 3715 3996 ίδίας

2144 4029 2353 4101 μητρὸς
2381 4030 2653 4100 ἀφέμενον
2683 4029 2834 4100 αὑτῷ
2857 4047 2919 4082 τε
2953 4029 3182 4082 ἕπεσθαι
3212 4028 3309 4081 καὶ
3356 4025 3505 4096 αὑτῴ
3536 4025 3717 4077 συνεῖο

2145 4139 2254 4189 ναι,
2289 4123 2324 4192 ἢ
2355 4121 2529 4177 ταῦτα
2556 4123 2656 4194 τῆς
2690 4123 2828 4194 πρὸς
2857 4121 2947 4175 τὸν
2975 4123 3176 4176 οἰκεῖον
3213 4121 3452 4192 ποιμένα
3480 4121 3719 4189 στοργῆς

2143 4214 2472 4270 ἐπιλάθοιτο.

2215 4305 2272 4362 l'.
2304 4307 2491 4361 Ταῦτα
2525 4307 2601 4378 μὴ
2629 4305 2868 4375 ἐνεγκὼν
2898 4304 3273 4377 Νουμεριανδς
3291 4345 3306 4372 ,
3359 4302 3500 4357 Ἀλλ’
3528 4301 3719 4355 εὐκαι-

2147 4399 2372 4472 ρότερον
2401 4416 2462 4452 σε
2503 4402 2626 4463 ταῖς
2663 4399 3022 4470 ἀποκρίσεσιν
3063 4397 3178 4468 ἐγὼ
3242 4396 3478 4469 χρῆσθαι
3535 4411 3715 4466 παρα-

465 4489 649 4542 statim
682 4503 735 4541 in
769 4487 913 4555 ligno
944 4488 996 4542 in
1045 4487 1212 4542 altum
1243 4487 1488 4544 sublatus
1516 4498 1603 4546 est
1633 4489 1856 4558 athleta,
1887 4501 1942 4546 et
1971 4505 2031 4546 ex

2149 4491 2423 4577 σκευάσω,
2457 4492 2592 4562 φησί
2614 4507 2626 4521 ο
2666 4491 2761 4544 καὶ
2787 4491 2988 4546 αὐτίκα
3017 4493 3288 4562 μετέωρος
3313 4490 3407 4544 ἐπὶ
3432 4489 3526 4544 τοῦ
3557 4489 3717 4556 ξύλου

460 4578 701 4634 adverso
762 4578 915 4648 pueri
965 4577 1167 4634 'ierreis
1204 4579 1651 4650 discerpebautur
1692 4582 1927 4653 ungulis.
1974 4583 2041 4638 Et

469 4670 574 4724 illis
614 4671 833 4740 quidem
856 4671 1034 4726 divina
1058 4672 1302 4740 quaedam
1322 4673 1551 4744 desuper
1573 4675 1810 4728 animum
1834 4676 2040 4730 addens

462 4761 641 4830 gratia
663 4800 678 4828 ,
716 4771 1131 4834 promptumque
1163 4773 1219 4818 et
1264 4764 1447 4835 alacre
1475 4779 1680 4835 augens
1712 4765 1877 4820 animi
1922 4777 2040 4821 stu-

460 4853 637 4920 dium,
669 4853 928 4910 reddebat
957 4870 1051 4910 eos
1080 4856 1276 4912 statuis
1301 4856 1470 4929 magis
1494 4857 1842 4926 impatibiles.

522 4943 628 5001 'Xl.
666 4946 744 5000 Ex
794 4947 867 5002 iis
902 4956 1110 5013 autem,
1162 4949 1253 5018 qui
1285 4949 1748 5017 circumstabant,
1789 4951 2042 5006 dicebant

453 5038 684 5107 quidam
719 5037 903 5093 divino
953 5037 1204 5110 Babylae:
1241 5040 1534 5110 Quousque
1569 5042 1680 5099 eris
1729 5055 1919 5098 amens
1942 5082 1957 5108 ,
1987 5053 2040 5098 et

466 5129 607 5184 male
661 5129 754 5184 tibi
789 5129 1078 5185 consules?
1109 5129 1189 5184 Ne
1241 5146 1528 5199 puerorum
1566 5133 1782 5204 quidem
1828 5133 2040 5202 species

463 5219 630 5274 nectit
656 5220 757 5274 hoc
786 5225 937 5274 tuum
966 5234 1061 5273 cor
1088 5221 1284 5274 durum
1309 5231 1366 5276 et
1400 5221 1630 5291 immite,
1656 5237 1777 5294 qua:
1803 5233 1908 5278 tam
1934 5223 2038 5278 mi-

463 5325 582 5365 sere
634 5310 806 5379 perit,
852 5319 906 5365 et
954 5323 1082 5365 ante
1121 5313 1369 5382 tempus?
1417 5313 1640 5370 Illorum
1667 5329 1806 5384 ergo
1856 5317 2040 5370 verbis

469 5414 678 5474 martyr
705 5418 1023 5468 conversus,
1062 5415 1116 5459 ει
1163 5417 1351 5473 aperte
1399 5407 1693 5461 ostendens
1742 5420 1802 5461 se
1847 5421 2036 5462 eorum

464 5496 635 5549 vicem
670 5509 816 5565 agre
855 5494 998 5550 ferre
1026 5504 1080 5549 et
1106 5496 1320 5551 dolere:
1356 5495 1613 5562 Quanam
1655 5500 1772 5555 haec
1807 5482 1912 5564 est,
1952 5498 2038 5551 in-

461 5586 599 5652 quit,
633 5587 816 5653 gravis
841 5593 895 5640 et
921 5584 1216 5654 caliginosa
1251 5588 1439 5651 nubes,
1473 5601 1594 5656 qua:
1618 5591 1814 5643 mentis
1840 5600 2037 5645 vestrae

465 5675 700 5728 obstruit
731 5676 940 5742 oculos,
983 5691 1083 5731 nec
1112 5677 1457 5732 sinitcoelum
1489 5681 1711 5746 intueri,
1752 5683 1845 5736 sed
1871 5683 2036 5737 deor-

469 5775 593 5814 sum
621 5763 844 5818 inclinat
868 5775 922 5821 et
947 5775 1104 5822 terrae
1128 5769 1274 5838 cogit
1317 5768 1532 5826 aﬂixum
1559 5772 1720 5828 esse?
1761 5771 1899 5839 Quid
1931 5783 2038 5850 est,

2140 4584 2170 4637 ὁ
2196 4574 2458 4654 ἀθλητὴς,
2507 4582 2736 4654 ἄντικρυ
2773 4585 2866 4637 καὶ
2901 4585 2974 4636 τὰ
3006 4583 3192 4636 παιδία
3245 4581 3486 4654 σιδηροῖς
3541 4579 3722 4646 ξαινό·

2144 4692 2282 4746 μενα
2315 4675 2484 4742 ὄνυξι.
2521 4676 2633 4730 Καὶ
2667 4677 2777 4739 τοῖς
2813 4677 2911 4746 μὲν
2936 4675 3183 4746 θειοτέρα
3212 4691 3294 4739 τις
3322 4673 3529 4730 ἀνωθεν
3559 4671 3719 4743 χάρις

2143 4767 2346 4840 θάρσος
2394 4769 2706 4839 ἐμπνέουσα
2755 4767 2850 4822 καὶ
2881 4764 3192 4833 αὑξάνουσα
3235 4768 3335 4836 τὴν
3381 4765 3717 4838 προθυμίαν,

2141 4859 2475 4930 ἀνδριάντων
2496 4858 2906 4931 ἀπαθεστέρους
2939 4858 3231 4928 ἀπέφαινε.

2212 4949 2316 5005 lA'.
2349 4949 2472 5005 Τῶν
2507 4949 2565 5002 δέ
2590 4949 2971 5022 περιεστώτων
2992 4950 3156 5018 τινὲς,
3187 4950 3340 5021 παρὰ
3379 4949 3456 5020 τῷ
3484 4949 3719 5019 γενναίῳ

2143 5042 2369 5104 στάντες
2419 5039 2673 5112 Βαϐύλᾳ,
2705 5041 2884 5112 Μέχρι
2929 5043 3096 5108 τίνος,
3141 5040 3349 5110 ἔλεγον,
3381 5042 3583 5110 ἀπονοῇ
3619 5039 3717 5093 καὶ

2144 5129 2380 5203 βουλεύῃ
2429 5131 2563 5202 περὶ
2602 5130 2802 5186 σαυτοῦ
2852 5133 3072 5198 κακῶς;
3126 5133 3263 5188 Οὑδέ
3303 5135 3337 5204 ή
3368 5134 3474 5186 τῶν
3512 5133 3720 5186 παίδων

2141 5221 2260 5295 ὥρα
2293 5225 2392 5293 τὴν
2421 5223 2664 5294 σκληρὰν
2689 5240 2783 5279 σου
2811 5225 3015 5296 ταύτην
3037 5229 3134 5281 καὶ
3158 5227 3449 5282 ἀτίθασσον
3480 5226 3721 5297 ἐπικάμ-

2143 5331 2267 5368 πτει
2303 5314 2555 5385 καρδίαν,
2587 5313 2782 5386 ἀώρως
2810 5311 2952 5369 οὑτω
2978 5317 3073 5370 καὶ
3098 5318 3300 5382 ἀθλίως
3327 5316 3718 5387 ἀπολλυμένη;

2155 5407 2525 5478 Ἐπιστρεφὴς
2573 5407 2755 5460 τοίνυν
2799 5411 2914 5471 τοῖς
2957 5411 3183 5463 ἐκείνων
3236 5410 3417 5478 λόγοις
3445 5411 3475 5464 ὁ
3509 5411 3721 5482 μάρτυς

2141 5500 2454 5570 γενόμενις,
2486 5505 2580 5554 καὶ
2609 5502 2765 5572 δῆλος
2795 5501 2872 5555 ὢν
2913 5501 3238 5573 ὑπεραλγῶν
3282 5503 3460 5557 αὐτῶν
3500 5504 3596 5556 καὶ
3624 5519 3720 5554 πε-

2147 5593 2491 5662 ρικαιόμενος
2510 5634 2525 5659 ,
2555 5595 2620 5647 Τί
2649 5596 2710 5648 τὸ
2737 5595 2875 5667 βαρὺ
2905 5596 3085 5663 τοῦτο,
3133 5598 3302 5665 λέγει,
3348 5598 3443 5652 καὶ
3481 5595 3722 5666 ζοφῶδες

2145 5684 2326 5750 νέφος,
2358 5684 2386 5735 ὅ
2413 5701 2475 5751 γε
2503 5685 2600 5749 τὰς
2634 5687 2731 5755 τῆς
2780 5687 3020 5752 διανοίας
3069 5688 3221 5759 δψεις
3250 5689 3404 5759 ὑμῶν
3433 5686 3720 5758 ἐμφρᾶξαν

2143 5776 2242 5828 οὑκ
2271 5777 2336 5846 ἐᾷ
2371 5776 2502 5845 πρὸς
2529 5778 2621 5830 τὸν
2651 5778 2880 5848 οὐρανὸν
2915 5780 3067 5849 ίδείν,
3095 5781 3230 5836 ἀλλὰ
3263 5780 3412 5836 κάτω
3429 5777 3606 5834 νεύειν
3627 5777 3724 5831 καὶ
