4138 6414
494 384 600 453 θῖτ

1785 389 1959 451 VITA
1997 390 2056 448 S.
2096 390 2425 456 BABYLE.

3635 399 3743 462 978

494 502 633 572 πρὸς
662 497 763 571 τὴν
797 499 902 570 γῆν
928 499 1217 571 κεχηνέναι
1249 499 1528 571 ﬂuxerat;
1561 500 1626 554 Τί
1655 500 1715 554 τδ
1760 501 2064 570 γοητεῦσαν

2190 505 2311 573 ιιιοό
2342 515 2583 563 vestram
2625 507 2705 564 sic
2739 506 3040 565 incantavit
3082 509 3353 572 animam,
3404 515 3459 564 et
3505 508 3630 563 talia
3682 510 3735 564 in

493 591 594 664 τὴν
622 590 897 662 ὑμετέραν
922 591 1102 661 ψυχὴν
1142 592 1235 646 καὶ⁵
1274 591 1499 646 τοιαῦτα
1551 593 1792 663 κεράσαν
1823 593 1943 647 κατ’
1972 595 2071 648 αὖ·

493 679 597 750 τῆς
616 681 905 750 φάρμακα,
923 680 997 744 ὡς
1019 680 1174 744 ὅλους
1202 681 1347 751 ὑμᾶς
1375 681 1681 753 προσδήσαι
1701 686 1770 754 τῇ
1800 682 2071 755 ἀπωλείᾳ,

496 770 593 825 καὶ
643 769 719 841 μὴ
765 770 970 842 ὁπόσην
1030 764 1125 826 οὖν
1184 772 1446 843 φροντίδα
1499 773 1774 845 σωτηρίας
1830 774 2074 829 τίθεσθαι

499 863 842 934 συγχωρεῖνς
907 861 1052 932 Ἐγὼ
1071 901 1088 928 ,
1136 863 1222 918 ἵνα
1265 864 1335 920 τὰ
1384 866 1515 938 περὶ
1569 865 1947 937 Νουμεριανοῦ
1979 865 2076 921 νῦν

496 952 787 1008 καταλίπω
827 952 970 1025 (οὐδὲ
997 956 1108 1027 γὰρ
1139 954 1207 1010 ἂν
1234 955 1435 1011 τοῦτον
1473 956 1714 1028 ὀνήσειε,
1746 959 1797 1011 εί
1832 957 1929 1013 καὶ
1978 975 2079 1029 μυ-

505 1045 691 1119 ριάκις
739 1045 994 1117 βασιλεὺς
1044 1044 1184 1101 εἶναι
1214 1047 1449 1116 δοκοίη),
1478 1047 1594 1102 ἀλλ’
1626 1047 1772 1119 ὑπὲρ
1794 1047 1951 1119 ὑμῶν
1980 1047 2078 1103 καὶ

495 1137 597 1208 τῆς
646 1135 954 1208 ὑμετέρας,
1010 1136 1151 1208 φεῦι
1200 1139 1479 1204 ἀπωλείας
1543 1138 1803 1204 πολλάκις
1850 1157 1941 1211 μοι
1983 1140 2080 1195 καὶ

499 1225 701 1298 πικρὸν
748 1227 992 1298 προῆλθε
1040 1227 1330 1298 δακρῦσαι,
1373 1230 1468 1283 καὶ
1507 1230 1740 1301 οἰμῶξαι
1788 1231 1952 1302 μέγα,
1995 1231 2079 1287 ὅτι

503 1317 647 1389 λόγῳ
667 1317 1008 1389 τιμηθέντος,
1028 1319 1259 1387 ἀλόγων,
1282 1320 1358 1384 ὡς
1379 1320 1515 1391 δρῶ,
1534 1321 1795 1390 γεγόνατε
1810 1321 2082 1391 ἀλογώτε-

503 1424 589 1481 ροι
614 1425 627 1438 ·
659 1408 755 1461 καὶ
792 1407 912 1462 δέον
948 1409 1040 1462 τὸν
1064 1409 1263 1463 οίκεῖον
1293 1411 1595 1480 ἐπιγνῶναι
1632 1411 2001 1482 Δημιουργὸν,
2029 1410 2086 1465 εῐ

500 1515 585 1562 τις
606 1497 879 1569 αἴσθησις,
903 1499 1017 1553 ἀλλ’
1047 1501 1205 1569 ὑμεῖς
1235 1501 1370 1573 πρὸς
1403 1502 1569 1556 αὐτὸν
1603 1503 1762 1573 μόνον
1791 1505 1956 1575 ὁρᾶτε
1989 1503 2077 1576 (τὸ

503 1591 904 1660 Νουμεριανὸς
923 1593 1182 1663 προσθεὶς
1200 1593 1416 1665 δνομα),
1462 1596 1557 1648 καὶ
1588 1597 1687 1666 τῆς
1726 1596 1892 1651 αὐτοῦ
1922 1597 2080 1661 σκιᾶς

506 1684 600 1737 καὶ
646 1684 741 1737 τοῦ
790 1685 1116 1753 τυραννικοῦ
1167 1686 1514 1756 ἔκκρέμασθε
1565 1687 1850 1759 νεύματος.
1898 1689 1981 1744 Τὰ
2022 1688 2082 1744 δὲ

477 1776 642 1845 .ὶμὰ,
681 1776 843 1848 ὁρᾶτε
883 1776 960 1841 ὡς
1004 1777 1357 1846 ἐπικουφίζει·
1403 1795 1495 1849 μοι
1523 1780 1634 1843 τοῖς
1674 1780 1860 1845 πόνοις
1889 1782 1919 1834 ό
1951 1780 2081 1852 ὲμδς

501 1845 760 1937 Χριστὸς,
813 1866 909 1920 καί
957 1883 1048 1938 μοι
1091 1845 1350 1939 βοήθειαν
1376 1845 1435 1937 ἐξ
1459 1868 1617 1937 ἁγίου
1650 1845 2076 1942 κατοικητηρνίου
2111 1845 2154 1906 Β

502 1957 801 2027 ἐκπέμπει,
834 1958 930 2011 καὶ
978 1957 1116 2029 πρὸς
1149 1959 1274 2024 τοὺς
1305 1958 1499 2024 ἄθλους
1545 1960 1770 2030 ἐγείρει,
1803 1961 1898 2014 καὶ
1930 1960 2074 2032 πρὸς

503 2051 632 2114 τοὺς
659 2051 878 2120 ἀγῶνας
906 2051 1295 2124 ἐπιθαρρύνεις
1332 2052 1416 2106 Τὰ
1443 2052 1543 2123 μὲν
1581 2052 1646 2124 δὴ
1675 2050 1772 2108 τοῦ
1804 2050 2082 2125 μάρτυρος

506 2142 641 2215 πρὸς
667 2144 792 2207 τοὺς
817 2143 1049 2215 δημίους
1078 2145 1329 2200 τοιαῦτα.

578 2238 678 2291 lB'.
719 2236 879 2291 Ἀλλὰ
921 2237 1030 2308 μὴν
1058 2236 1180 2291 οὐδὲ
1205 2236 1276 2291 τὰ
1305 2238 1494 2292 παιδία
1526 2237 1621 2293 τοῦ
1651 2240 1914 2310 τυράννου
1943 2236 2083 2308 ἠμέ-

503 2330 609 2384 λει·
641 2329 756 2385 ἀλλ’
784 2331 843 2384 ὲν
871 2330 982 2399 δσῳ
1030 2330 1126 2384 καὶ
1174 2330 1350 2386 ταῦτα
1386 2331 1638 2403 μετέωρα
1667 2326 1783 2401 εἶχε
1810 2331 1869 2383 τὸ
1904 2328 2082 2395 ξύλον,

505 2420 617 2477 τῶν
650 2423 1069 2496 καταρρεόντων
1103 2421 1203 2493 μὲν
1240 2423 1333 2477 τοῦ
1366 2423 1616 2493 σώματος
1663 2422 1839 2493 μελῶν
1864 2422 2085 2492 ἀμελῶς

507 2508 622 2583 εἶχε
648 2513 744 2566 καὶ
761 2510 1044 2584 ῥᾳθύμως·
1073 2513 1222 2565 πᾶσα
1245 2512 1302 2566 δὲ
1317 2512 1524 2566 τούτων
1549 2514 1630 2576 εἰς
1652 2513 1743 2566 τὸν
1766 2512 2087 2567 διδάσκαλον

507 2604 807 2674 ιτέτραπτο
831 2605 864 2675 ἡ
890 2602 1058 2675 ψυχὴ,
1083 2603 1180 2658 καὶ
1210 2603 1350 2673 ὑπὲρ
1370 2604 1580 2658 ἐκείνου
1611 2603 1799 2668 κακῶς
1826 2602 1972 2658 οὕτω
1993 2604 2086 2659 τὸν

509 2695 776 2764 τύραννον
823 2692 1040 2761 ελεγον·
1094 2693 1211 2747 Οὐκ
1255 2693 1378 2764 αἰδῇ
1405 2730 1421 2757 ,
1467 2693 1623 2748 ἄθλιε
1649 2733 1667 2758 ,
1709 2695 1792 2757 είς
1831 2694 2086 2764 τοιαύτην

512 2784 681 2848 οὕτως
708 2784 896 2856 τιμίαν
923 2783 1164 2854 κεφαλὴν
1192 2783 1529 2854 ένυϐρίζωνς
1559 2784 1678 2838 Οὐκ
1727 2783 2084 2857 ἔγκαλύπτῃ;

514 2876 589 2929 Οὐ
614 2875 814 2939 δέδιας,
832 2875 1055 2939 σκότους
1077 2874 1238 2938 αὐτὸς
1255 2873 1440 2939 δοῦλος
1459 2872 1556 2940 ὢν,
1575 2875 1778 2945 κήρυκι
1798 2875 1976 2944 φωτὸς
1992 2877 2088 2929 καὶ

514 2966 762 3038 ὑπηρέτῃ
798 2965 1177 3036 προοδάλλωνς
1203 2965 1318 3018 Οὐκ
1341 2964 1574 3037 αἰσχύνῃ
1600 2965 1810 3020 παίδων
1837 2964 1996 3032 παίγ·.
2009 2980 2088 3017 ιον

514 3056 618 3108 ὒπδ
645 3057 764 3120 ταῖς
794 3058 1002 3120 κοιναῖς
1050 3054 1205 3126 ὂψεσι
1250 3055 1478 3119 ταύταις
1525 3055 1845 3126 γινόμενος;
1880 3054 1954 3108 Σὺ
1988 3055 2088 3125 μὲν

513 3148 623 3218 γὰρ
671 3148 938 3221 ταράττῃ,
985 3149 1081 3202 καὶ
1128 3147 1400 3219 μέμηνας,
1441 3148 1538 3201 καὶ
1586 3146 1810 3219 διακαίῃ
1846 3148 1914 3200 τὰ
1939 3146 2087 3201 ἔνδον

512 3206 627 3305 τοῖς
654 3206 943 3311 τούθυμού
961 3206 1297 3311 φλεγόμενος
1325 3206 1618 3311 ἄνθραξινο
1638 3206 1873 3310 ἡμεῖς’δὲ
1897 3240 2085 3311 ὥσπερ
2114 3206 2156 3264 C

515 3334 733 3389 ἄνθεσιν
787 3334 1024 3404 ἐαρινοῖς
1067 3333 1181 3397 τοῖς
1217 3331 1327 3387 τῶν
1357 3332 1466 3388 σῶν
1510 3322 1793 3404 τιμωριῶν
1827 3332 2090 3403 στίγμασι

514 3425 1020 3497 διαποικιλλόμεθα.

586 3522 686 3578 1Γ⁹.
726 3522 1104 3595 Νουμεριανδς
1148 3523 1332 3580 τοίνυν
1379 3523 1592 3578 ἐκεῖθεν
1634 3522 1776 3578 αὐτὰ
1827 3522 1968 3594 μετὰ
1995 3521 2092 3576 τοῦ

517 3614 846 3670 διδασκάλου
874 3615 1230 3684 καταγαγὼν,
1264 3615 1356 3669 τὸν
1387 3614 1487 3685 μὲν
1518 3612 1686 3669 αὐτοῦ
1719 3630 1822 3667 που
1865 3613 2093 3683 πλησίον

519 3706 623 3758 ὑπὸ
647 3709 757 3769 τοῖς
787 3705 1025 3778 σιδηροῖς
1053 3706 1281 3769 ἐκείνοις
1306 3705 1386 3759 ἔτι
1419 3707 1642 3777 δεσμοῖς
1682 3705 1833 3776 παρά
1859 3721 1966 3758 τινι
1992 3720 2093 3758 κα·

516 3797 759 3851 τακλείει
814 3799 1081 3869 οἰκίσκῳ·
1150 3798 1646 3868 παραστησάμενος
1687 3796 1744 3849 δὲ
1787 3797 1856 3851 τὰ
1908 3794 2094 3849 παιδία

521 3888 673 3961 (ῥᾷτν
708 3889 818 3958 γὰρ
864 3889 1005 3943 αὐτὰ
1052 3888 1140 3943 διὰ
1175 3889 1235 3942 τὸ
1282 3888 1492 3942 ἁπαλὸν
1536 3889 1635 3957 τῆς
1687 3886 1903 3958 φύσεως
1951 3887 2094 3940 ἑλεῖν

517 3976 697 4048 ᾤετο),
728 3979 988 4041 ποικίλως
1013 3979 1290 4033 έθὼπευεν
1318 3979 1458 4032 αὐτὰ
1488 3979 1583 4032 καὶ
1611 3978 1909 4050 ὑπήρχετο,
1927 3977 2095 4032 τέκνα

519 4068 739 4132 καλῶν,
788 4067 884 4122 καὶ
928 4067 1094 4139 ἦθους
1146 4066 1396 4137 γενναίου
1445 4066 1673 4130 παῖδας,
1724 4066 1821 4121 καὶ
1879 4064 2093 4136 φύσεως

520 4160 749 4232 ἀρίστης
803 4160 1014 4232 ψυχὰς,
1067 4160 1162 4214 καλ⁸
1219 4159 1480 4231 χρήματα
1545 4158 1722 4222 διδοὺς
1779 4159 1875 4212 καὶ
1927 4157 2094 4232 τιμὰς

520 4227 979 4322 ὑπισχνούμενος,
1026 4250 1124 4307 καὶ
1163 4227 1378 4313 πολλοῖς
1424 4251 1721 4321 τρυφεροῖς
1768 4249 1904 4323 πρὸς
1953 4227 2095 4302 αύτὰ

519 4343 614 4396 καὶ
640 4343 951 4406 κολακικοῖς
975 4344 1089 4405 τοῖς
1122 4343 1330 4414 ῥήμασι
1348 4341 1655 4414 χρώμενος.
1680 4340 1762 4394 Τὰ
1785 4341 1867 4407 δὲ,
1896 4340 1972 4405 ὡς
2003 4339 2094 4407 ὑφ’

522 4434 602 4488 ἑνὶ
642 4435 888 4506 λογισμῷ
934 4434 1030 4488 καὶ
1071 4433 1288 4507 γλώττῃ
1334 4436 1474 4505 μιᾷ,
1511 4418 1689 4500 Δόλιε,
1721 4434 1962 4502 λέγουσι,
2001 4432 2097 4486 καὶ

2174 611 2294 653 eam
2320 597 2506 653 effudit
2533 600 2851 669 pharmaea,
2875 607 2936 655 ut
2965 614 3062 656 vos
3089 608 3231 657 totos
3257 600 3445 673 alliget
3471 598 3735 664 interitui,

2175 699 2229 745 et
2256 704 2355 746 nec
2381 691 2523 746 sinat
2550 707 2650 748 vos
2679 692 2839 747 ullam
2868 692 3057 750 salutis
3079 693 3279 750 ducere
3305 693 3610 749 rationem?
3633 693 3742 760 Ego

2175 787 2388 847 autem,
2421 789 2484 837 ut
2511 781 2579 838 de
2610 780 2940 839 Numeriano
2967 799 3111 840 nunc
3143 784 3411 851 omittam,
3445 782 3576 839 nihil
3598 781 3742 837 enim

2175 887 2298 928 eum
2315 871 2540 941 juverit,
2561 872 2775 929 etiamsi
2797 872 2992 930 millies
3019 874 3263 929 videatur
3286 887 3408 930 esse
3426 870 3743 942 imperator,

2176 961 2273 1019 sed
2303 964 2371 1020 de
2400 963 2554 1020 vobis
2580 973 2636 1019 et
2658 972 2841 1019 vestro
2864 964 3107 1028 interitu,
3136 978 3279 1033 saepe
3299 964 3447 1020 venit
3489 964 3542 1018 in
3584 977 3744 1017 men-

2179 1061 2286 1109 tem
2333 1054 2529 1112 acerbe
2579 1055 2903 1127 lacrymari,
2944 1065 3000 1111 et
3041 1055 3282 1126 graviter
3330 1054 3565 1126 ejulare,
3600 1054 3745 1123 quod

2178 1163 2299 1205 cum
2330 1148 2454 1204 sitis
2485 1146 2738 1204 honorati
2768 1147 2996 1214 ratione,
3028 1146 3302 1210 evasistis,
3350 1156 3407 1200 ut
3440 1145 3617 1208 video,
3644 1144 3749 1199 mi-

2179 1256 2281 1297 nus
2308 1239 2518 1310 praediti
2546 1239 2757 1294 ratione
2810 1254 2974 1308 quam
3000 1240 3163 1294 bruta
3192 1256 3208 1295 :
3232 1247 3431 1294 etcum
3452 1246 3747 1307 oporteret,

2179 1333 2225 1391 si
2255 1331 2394 1388 ullus
2410 1338 2555 1386 esset
2584 1343 2797 1395 sensus,
2819 1339 3061 1384 vestrum
3083 1344 3375 1399 agnoscere
3395 1329 3710 1386 Creatorem
3726 1369 3743 1394 ,
3772 1378 3775 1383 .

2182 1438 2275 1478 vos
2301 1421 2370 1477 ad
2402 1422 2546 1475 hunc
2572 1416 2746 1475 solum
2813 1415 3098 1472 intuemini
3124 1417 3361 1487 (adjecto
3392 1417 3609 1472 nomine
3644 1415 3752 1470 Nu:-

2180 1510 2456 1584 meriani),
2491 1519 2547 1567 et
2576 1511 2644 1567 ab
2673 1510 2792 1580 ejus
2828 1508 3019 1564 umbra
3044 1517 3099 1564 et
3129 1508 3278 1562 vultu
3298 1508 3585 1579 tyrannico
3622 1522 3753 1577 pen-

2181 1605 2341 1663 detis.
2375 1603 2527 1672 Quod
2560 1603 2626 1658 ad
2654 1615 2744 1657 me
2789 1611 2968 1656 autem
3008 1600 3223 1663 attinet,
3262 1598 3525 1655 videtisne
3559 1613 3751 1668 quem-

2183 1696 2470 1752 admodum
2506 1676 2783 1748 lChristus
2855 1705 3001 1746 meos
3047 1690 3262 1745 labores
3314 1689 3530 1755 allevet,
3579 1696 3634 1743 et
3682 1702 3749 1742 ex

2184 1794 2375 1844 sancto
2393 1783 2705 1840 habitacula
2739 1781 2955 1837 emittat
3009 1780 3306 1846 auxilium,
3351 1788 3407 1834 et
3456 1778 3643 1834 incitet
3684 1778 3751 1832 ad

2183 1878 2419 1945 labores,
2463 1884 2519 1931 et
2566 1874 2806 1930 animum
2855 1872 3018 1928 addat
3050 1872 3132 1938 ,ad
3188 1870 3526 1927 certamina?
3575 1871 3755 1941 Atque

2185 1969 2301 2027 haec
2336 1968 2552 2041 quidem
2593 1966 2806 2024 dicebat
2838 1973 3059 2023 sanctus
3089 1962 3465 2020 carnificibus.

2256 2242 2372 2299 XII.
2398 2241 2537 2310 Quin
2578 2242 2741 2295 etiam
2774 2254 2871 2297 nec
2894 2239 3049 2311 pueri
3071 2239 3288 2311 quidem
3315 2238 3508 2319 redditi
3536 2239 3762 2294 fuerant’

2185 2337 2483 2394 imbecilles
2508 2353 2522 2391 :
2548 2334 2643 2392 sed
2667 2334 2794 2390 dum
2820 2335 2856 2389 ii
2888 2333 3195 2406 pendebant
3218 2334 3270 2389 in
3300 2333 3446 2406 ligno
3474 2333 3757 2398 sublimes,

2185 2428 2403 2485 fluentia
2436 2427 2670 2499 ‘quidem
2710 2427 2954 2483 membra
3003 2426 3247 2497 corporis
3290 2440 3399 2481 non
3435 2426 3698 2481 curabant
3739 2442 3756 2478 :

2185 2521 2269 2577 eis
2303 2528 2481 2575 autem
2519 2527 2662 2574 totus
2698 2517 2913 2572 animus
2954 2530 3254 2572 conversus
3282 2524 3402 2571 erat
3443 2516 3510 2570 ad
3555 2513 3756 2584 magis-

2188 2616 2352 2672 trum,
2384 2615 2438 2663 et
2466 2621 2566 2677 pro
2596 2605 2687 2677 illo
2710 2606 2791 2660 sic
2809 2604 3114 2660 maledictis
3141 2605 3548 2661 insectabantur
3573 2612 3763 2675 tyran-

2186 2717 2314 2758 num
2346 2718 2362 2755 :
2394 2698 2510 2754 Non
2548 2707 2600 2754 te
2650 2698 2841 2765 pudet,
2878 2711 2912 2752 ο
2953 2695 3138 2751 infelix
3162 2737 3176 2759 ,
3231 2706 3336 2752 tam
3387 2693 3762 2749 venerandum

2189 2801 2347 2862 caput
2377 2798 2521 2844 tanta
2541 2788 2756 2844 allicere
2780 2787 3148 2843 contumelia?
3170 2785 3286 2841 Non
3308 2784 3606 2853 erubescis,
3629 2800 3758 2841 cum

2189 2882 2265 2937 sis
2291 2882 2408 2951 ipse
2438 2879 2581 2935 Illius
2629 2877 2996 2945 tenebrarum,
3040 2878 3178 2935 lucis
3219 2892 3521 2949 praeconem
3562 2887 3617 2933 et
3657 2880 3762 2932 mi-

2190 2972 2423 3028 nistrum
2459 2971 2541 3037 sic
2601 2969 2875 3026 tractare?
2922 2967 3084 3025 Nullo
3144 2970 3349 3040 pudore
3393 2968 3757 3031 suﬂ’underis.

2190 3060 2332 3132 quod
2357 3075 2541 3116 coram
2571 3060 2826 3116 omnibus
2848 3059 3101 3116 habearis
3130 3060 3312 3129 pueris
3330 3059 3604 3115 ludibrio?
3626 3059 3758 3116 Nam

2194 3163 2249 3208 tu
2285 3151 2504 3221 quidem
2535 3150 2896 3215 conturbaris,
2929 3158 2983 3205 et
3023 3149 3181 3211 furis.
3212 3159 3266 3206 et
3299 3151 3441 3206 intus
3466 3140 3759 3206 urerisirae

2193 3241 2449 3297 incensus
2481 3240 2809 3296 carbonibus
2838 3258 2852 3295 :
2888 3254 2985 3295 nos
3019 3250 3199 3295 autem
3223 3279 3238 3302 ,
3281 3250 3531 3310 tanquam
3584 3241 3761 3298 vernis

2190 3334 2441 3399 floribus,
2485 3333 2880 3409 suppliciorum
2913 3339 3188 3389 variamur
3228 3333 3601 3407 stigmatibus.

2266 3518 2411 3575 Xlll.
2448 3520 2808 3577 Numerianus
2839 3528 3018 3577 autem
3057 3536 3177 3578 cum
3201 3538 3296 3579 eos
3328 3538 3431 3578 una
3475 3537 3596 3580 cum
3641 3537 3762 3577 ma-

2194 3611 2364 3680 gistro
2394 3612 2543 3667 illinc
2588 3613 2925 3679 deduxisset,
2954 3613 3213 3684 Bahylam
3245 3614 3461 3684 quidem
3495 3629 3663 3685 prope
3703 3630 3765 3671 se

2193 3701 2385 3755 ferreis
2431 3702 2538 3758 illis
2585 3703 2822 3758 vinctum
2855 3704 3115 3768 vinculis,
3168 3704 3395 3759 includit
3437 3705 3491 3759 in
3527 3703 3761 3775 quadam

2194 3792 2537 3847 domuncula.
2567 3793 2700 3848 Cum
2732 3807 2926 3863 pueros
2951 3802 3132 3849 autem
3174 3793 3241 3848 ad
3284 3809 3342 3849 se
3379 3803 3626 3851 curasset
3660 3795 3760 3849 ad-

2195 3881 2467 3936 ducendos
2497 3882 2756 3952 (putabat
2787 3883 2930 3938 enim
2968 3898 3027 3938 se
3067 3883 3277 3938 facilius
3312 3898 3405 3937 eos
3448 3897 3568 3938 esse
3596 3898 3763 3955 supe-

2194 3979 2439 4026 raturum
2475 3981 2697 4043 propter
2729 3973 2905 4029 aetatis
2932 3973 3392 4045 teneritudinem)
3441 3972 3668 4030 includit
3708 3976 3764 4032 in

2199 4061 2307 4114 alia
2350 4062 2673 4116 domuncula
2706 4078 2721 4116 :
2748 4071 2804 4118 et
2827 4061 2975 4118 varie
2999 4063 3080 4118 eis
3115 4063 3515 4129 assentabatur,
3541 4074 3594 4119 et
3617 4063 3764 4120 blan-

2202 4151 2474 4217 diebatur,
2514 4162 2572 4209 et
2613 4167 2673 4209 se
2703 4153 2784 4210 eis
2832 4153 3163 4220 insinuabat,
3197 4170 3291 4210 eos
3339 4169 3539 4212 vocans
3591 4155 3766 4228 ﬁlios,

2195 4253 2249 4297 et
2279 4242 2505 4313 egregia:
2534 4242 2731 4300 indolis
2763 4258 2959 4314 pueros
2986 4254 3039 4301 et
3068 4245 3317 4316 praeclari
3354 4245 3579 4316 ingenii,
3606 4247 3772 4304 dans-

2195 4348 2302 4404 que
2332 4336 2414 4405 eis
2457 4336 2736 4404 pecunias,
2779 4346 2835 4391 et
2883 4336 3118 4393 honores
3157 4337 3445 4406 pollicens,
3484 4337 3772 4408 multisque

2197 4428 2412 4484 blandis
2437 4439 2495 4485 et
2536 4429 2783 4487 dulcibus
2825 4432 3003 4488 verbis
3044 4433 3189 4502 apud
3214 4447 3317 4487 eos»
3343 4440 3521 4489 utens.
3566 4431 3646 4487 Illi
3680 4450 3772 4486 au-

523 4526 817 4596 πανοῦργε,
846 4525 899 4579 τί
926 4525 1120 4598 δέλεαρ
1164 4528 1298 4597 ἡμῖν
1331 4526 1505 4580 ταῦτα
1536 4525 1860 4598 προτείνεις,
1902 4524 2090 4578 συλλα·

2204 4531 2337 4585 tem,
2361 4518 2530 4575 veluti
2557 4536 2661 4575 una
2697 4532 2880 4578 mente
2930 4531 2985 4576 et
3012 4537 3120 4578 uno
3150 4536 3277 4577 ore:
3316 4522 3535 4586 Dolose,
3558 4523 3768 4589 dicunt,

519 4617 637 4670 δεῖν
672 4610 762 4670 οἷά
784 4615 1042 4685 στρουθία
1069 4619 1135 4688 τῇ
1169 4615 1353 4684 παγίδι
1383 4614 1705 4686 βουλόμενος
1728 4630 1744 4681 ;
1771 4613 1885 4668 Οὐκ
1920 4619 2091 4685 ἀρνη-

523 4706 732 4777 σόμεθά
755 4723 836 4772 σε,
872 4705 1047 4779 μῆτερ
1076 4706 1372 4769 Εύσέὸεια,
1418 4705 1479 4759 οὐ
1517 4704 1834 4776 ψευσόμεθα
1862 4722 1942 4771 σε,
1972 4703 2094 4773 φίλε

525 4800 786 4855 παιδευτὰ
814 4799 1057 4854 Βαὸύλα.
1102 4800 1215 4871 Οὐχ
1245 4798 1465 4871 αἱρήσει
1514 4796 1770 4869 βασιλεὺς
1802 4799 1949 4868 ἡμᾶς
1973 4797 2094 4851 οὐδὲ

524 4882 638 4960 εἷς,
685 4890 791 4947 κᾶν
823 4893 874 4947 εί
923 4893 1020 4946 καὶ
1064 4891 1244 4946 πολλῶ
1306 4890 1687 4964 Νουμεριανοῦ
1738 4889 2096 4962 σφοδρότερον

524 4988 799 5040 πνεύσειε.

589 5170 690 5226 ΙΔ⁹.
723 5168 914 5224 Ταῦτα
933 5167 1045 5222 τῶν
1072 5168 1277 5224 παίδων
1307 5168 1542 5240 ἰσχυρῶς
1566 5167 1702 5239 πρὸς
1721 5166 1813 5220 τὸν
1833 5165 2095 5237 τύραννον

523 5260 960 5333 διατεινομένων.
991 5264 1087 5316 καὶ⁸
1122 5261 1266 5332 μέγα
1300 5259 1568 5333 βοώντων,
1599 5262 1627 5313 ὁ
1646 5260 1891 5327 γενναῖος
1918 5256 2097 5311 Βαθύ-

526 5349 622 5414 λας
661 5352 756 5405 καὶ
788 5352 957 5417 ὅντως
1001 5351 1225 5405 ἐκείνων
1279 5351 1617 5415 διδάσκαλος,
1666 5350 1895 5422 πλησίον
1936 5351 1995 5404 ὲν
2020 5346 2100 5420 τῷ

528 5441 755 5513 οίκίσκορ
771 5444 1281 5517 συγκεκλεισμένος,
1300 5447 1396 5499 καὶ
1416 5444 1606 5498 τούτου
1631 5441 1868 5507 ἀκούων,
1894 5442 2098 5514 μεστὴν

528 5525 674 5603 εἶχεν
720 5534 916 5605 ἡδονῆς
951 5538 1053 5609 τὴν
1097 5536 1277 5608 ψυχὴν
1309 5539 1422 5601 τοῖς
1477 5532 1738 5606 παροῦσι,
1788 5535 1883 5588 καὶ
1914 5534 2099 5588 οὐκέτι

527 5627 617 5682 ἐπ’
640 5626 926 5700 ἀμφισόλῳ
954 5629 1031 5701 τῷ
1079 5629 1323 5701 μέλλοντι
1357 5626 1424 5703 ἦν
1443 5674 1456 5696 ,
1478 5629 1615 5684 ἀλλὰ
1634 5669 1648 5693 ,
1676 5627 1838 5697 Εὖγε,
1875 5622 1920 5681 ὧ
1952 5625 2098 5697 φίλοι

2201 4620 2257 4664 et
2291 4610 2579 4677 malitiose,
2601 4611 2743 4680 quod
2768 4613 2882 4665 haec
2920 4612 3107 4677 nobis,
3130 4620 3387 4680 tanquam
3431 4623 3609 4666 escam
3636 4626 3768 4683 por-

2202 4702 2353 4774 rigls,
2395 4701 2587 4759 volens
2625 4718 2758 4766 nos,
2798 4713 3051 4772 tanquam
3090 4716 3338 4774 passeres
3379 4703 3571 4773 laqueo
3622 4718 3770 4759 com-

2204 4793 2715 4863 prehendere.'Non
2755 4802 2808 4848 te
2864 4794 3200 4865 negabimus,
3254 4804 3425 4850 mater
3462 4795 3635 4865 pietas
3666 4792 3771 4866 (6).

2204 4887 2317 4942 Non
2349 4896 2401 4943 te
2437 4889 2700 4956 fallemus,
2730 4887 2896 4943 cliare
2941 4890 3131 4944 doctor
3171 4888 3392 4958 Babyla.
3435 4888 3626 4945 Nullus
3674 4905 3773 4945 nos

2199 4982 2378 5052 rapiet
2401 4984 2720 5053 imperator,
2742 4982 2956 5039 etiamsi
2980 4981 3309 5039 Numeriano
3337 4981 3575 5039 furorem
3599 4984 3771 5054 spira-

2198 5077 2268 5130 rit
2290 5075 2684 5132 vehementius.

2272 5165 2413 5222 XIV.
2461 5168 2587 5223 Haec
2633 5169 2771 5238 apud
2810 5181 3093 5240 tyrannum
3134 5170 3317 5240 pueris
3350 5162 3773 5234 aIIil‘tnantibus,

2203 5265 2260 5315 et
2290 5274 2485 5331 magna
2519 5274 2653 5315 voce
2698 5261 3088 5327 clamantibus,
3128 5262 3378 5333 egregius
3430 5259 3686 5332 Babylas,
3721 5269 3779 5315 et

2205 5367 2331 5407 vere
2361 5352 2575 5408 illorum
2611 5354 2893 5423 magister,
2925 5355 3017 5425 qui
3047 5361 3163 5409 erat
3195 5353 3436 5410 inclusus
3462 5353 3515 5408 in
3542 5352 3777 5409 domun-

2207 5444 2349 5504 cula.
2377 5451 2432 5499 et
2455 5458 2551 5499 eos
2577 5446 2859 5510 audiebat,
2880 5456 3098 5516 propter
3120 5448 3233 5503 haec
3255 5447 3355 5502 fuit
3380 5461 3572 5517 magna
3607 5445 3777 5515 reple-

2208 5544 2293 5589 tus
2332 5535 2554 5598 laetitia;
2591 5550 2767 5606 neque
2797 5545 2915 5592 erat
2949 5539 3179 5609 amplius
3224 5538 3294 5594 de
3338 5538 3520 5593 futuro
3557 5538 3776 5605 dubius,

2207 5626 2301 5682 sed
2322 5643 2344 5681 ι
2361 5626 2533 5697 Euge,
2558 5629 2787 5691 dicebat,
2819 5646 2851 5684 ο
2881 5631 3034 5686 chari
3067 5632 3249 5701 pueri!
3279 5644 3439 5701 euge,
3466 5643 3585 5685 mea
3612 5628 3779 5683 disci~

598 5784 677 5858 ιθ)
712 5786 921 5851 Graece,
956 5758 1134 5859 μῆτερ
1166 5787 1451 5843 Εὐσέϐεια.
1482 5788 1562 5845 An
1593 5792 1695 5847 hoc
1725 5785 1913 5841 matris
1935 5783 2090 5853 potiul

2190 5796 2355 5839 tamen
2379 5798 2541 5853 quam
2572 5783 2888 5841 Tlteodula?
