4138 6408
427 335 531 400 9'79

424 542 658 613 maiores
694 543 902 601 fructus
935 546 1201 605 laborum.
1251 552 1366 623 Ago
1405 554 1499 611 tibi
1544 559 1784 627 gratias,
1817 560 1997 618 divina

418 634 477 689 in
505 650 603 690 nos
629 636 988 705 providentia,
1029 639 1171 709 quod
1206 656 1292 697 me
1327 642 1543 714 dignum
1572 652 1869 718 censueris,
1904 654 1995 722 qui

419 739 649 782 vocarer
684 728 944 799 magister
993 730 1204 800 talium,
1251 750 1359 789 non
1395 751 1709 809 puerorum,
1758 744 1852 797 sed
1880 744 1994 799 Ior-

424 818 553 873 tium
584 821 761 888 potius
787 821 1066 891 virorum;
1100 840 1206 881 non
1235 836 1396 884 aetate
1422 828 1730 899 infantium,
1759 834 1855 892 sed
1886 836 1995 891 vir-

420 918 533 964 tute
571 910 954 980 perfectorum.

488 998 606 1055 XV.
644 1000 864 1058 Interim
906 1013 1084 1060 autem
1126 1021 1248 1062 eum
1280 1024 1493 1081 quoque
1537 1012 1657 1068 sisti
1699 1022 1853 1069 curat
1884 1014 1993 1071 Nu-

416 1093 692 1150 merianus
730 1112 745 1148 :
778 1094 1093 1155 et:.Nonne
1132 1106 1257 1153 sunt
1292 1086 1404 1166 tui,
1445 1102 1648 1172 inquit,
1684 1105 1769 1161 isti
1801 1108 1992 1176 pueri?

419 1199 570 1249 nam,
596 1200 689 1253 per
713 1183 925 1252 Jovem,
952 1196 1079 1242 sunt
1105 1188 1192 1243 isti
1225 1190 1322 1245 tibi
1351 1193 1619 1247 sententia
1645 1196 1809 1249 animi
1835 1196 1991 1253 valde

417 1272 644 1329 similes.
682 1273 777 1331 Ille
833 1284 1011 1331 autem
1046 1294 1060 1331 :
1101 1277 1327 1348 Spiritu,
1364 1281 1562 1351 inquit,
1604 1298 1638 1339 o
1673 1284 1985 1356 imperator,

415 1375 543 1421 sunt
574 1364 687 1434 lilii,
721 1378 827 1421 non
867 1382 1060 1434 carne;
1096 1367 1340 1439 corporei
1379 1373 1522 1427 enim
1568 1377 1772 1433 amoris
1804 1388 1858 1434 et
1893 1397 1987 1436 cu-

406 1452 541 1512 bilis
587 1470 802 1512 sensum
859 1458 925 1513 ad
973 1459 1077 1513 hoc
1122 1475 1293 1530 usque
1338 1471 1549 1535 tempus
1592 1482 1697 1522 non
1744 1474 1986 1541 percepi.

410 1546 523 1602 Sed
553 1562 650 1602 cur
685 1563 817 1615 non,
872 1549 1046 1620 inquit
1072 1550 1454 1619 Numerianus,
1497 1557 1606 1614 cito
1648 1562 1980 1631 sacriﬁcans,

418 1646 473 1693 et
504 1644 555 1693 te
599 1647 652 1692 et
692 1653 789 1694 nos
842 1636 1040 1696 liberas
1085 1655 1116 1695 a
1166 1643 1474 1701 molestiis?
1520 1645 1615 1704 Sin
1649 1656 1830 1706 autem
1877 1668 1982 1709 non

418 1725 602 1781 sinunt
624 1741 701 1789 eae
733 1742 853 1799 quae
884 1744 1276 1800 praecesserunt
1307 1737 1584 1807 molestiae,
1616 1742 1711 1796 sed
1738 1745 1987 1800 mordent

419 1830 482 1871 ac
513 1815 824 1872 excruciant
883 1827 938 1873 et
977 1819 1215 1876 dolorem
1263 1822 1523 1894 alierum;
1557 1838 1613 1882 at
1643 1844 1742 1903 ego
1774 1841 1826 1887 te
1862 1848 1988 1901 pos-

415 1923 533 1961 sum
566 1911 903 1966 remunerari
936 1912 1091 1982 Ionge
1117 1914 1360 1983 pluribus
1390 1928 1446 1972 et
1474 1918 1771 1991 majoribus
1806 1923 1983 1994 bonis,

411 2010 466 2055 et
494 2001 749 2057 inducere
772 2003 838 2057 ad
865 2001 1076 2058 illarum
1099 2005 1445 2064 oblivionem.
1477 2010 1677 2081 Deinde
1703 2014 1988 2073 videbatur

411 2091 575 2146 etiam
627 2092 675 2146 ei
709 2092 911 2147 bonum
946 2093 1076 2150 dare
1122 2088 1406 2154 consilium
1459 2100 1526 2156 ad
1574 2117 1636 2157 ea
1681 2119 1802 2175 quae
1830 2119 1988 2165 erant

411 2182 684 2264 proposita
726 2182 1061 2253 :Oporteret
1105 2197 1311 2255 autem,
1352 2190 1563 2262 dicens,
1616 2208 1650 2248 ο
1706 2197 1985 2267 magister,

411 2260 559 2327 tuam
605 2276 864 2331 canitiem
913 2291 1206 2347 suggerere
1234 2260 1714 2350 puerorumiwtati
1747 2260 1823 2342 id.
1843 2260 2009 2359 quod

412 2365 587 2433 decet,
621 2374 677 2421 et
702 2366 782 2422 eis
816 2368 1161 2437 persuadere,
1213 2385 1282 2427 ne
1320 2372 1456 2428 adeo
1503 2374 1900 2446 intempestive,
1932 2390 1981 2436 et

411 2455 467 2511 in
498 2456 615 2527 ipso
658 2455 791 2514 ﬂore
817 2470 1156 2516 marcescant
1191 2462 1593 2522 miserabiliter.
1629 2467 1852 2525 Divinus
1887 2486 1981 2526 au-

412 2554 518 2602 tem
539 2547 786 2619 Babylas,
811 2549 1003 2606 videns
1025 2550 1167 2605 illam
1193 2551 1510 2609 Numeriani
1536 2556 1982 2631 sollicitudinem,

410 2640 466 2695 et
503 2642 554 2695 in
606 2655 666 2696 se
699 2642 870 2712 ipsum
904 2654 961 2699 et
988 2643 1042 2697 in
1074 2659 1277 2714 pueros
1316 2657 1683 2717 comparatam
1724 2651 1986 2708 callidita-

1659 351 1948 414 MENSIS
1968 342 2442 429 IANUARIUS.

423 453 601 523 plina!
646 453 855 525 accipio
894 458 1197 515 mercedem
1235 474 1366 516 meae
1403 463 1763 536 educationis,
1806 470 1985 541 colligt

2104 478 2315 546 παῖδες,
2371 482 2578 552 ἔλεγεν,
2632 484 2782 556 εὖγε,
2828 483 2873 543 ὦ
2916 491 3138 547 παιδεία

3561 386 3672 449 980

3180 494 3288 567 ἐμή
3310 511 3326 528 ο
3377 496 3566 568 ἀπέχω
3604 500 3675 552 τὰ

2099 572 2343 658 τροφεῖα,
2389 572 2643 642 μείζονας
2680 577 2788 631 τῶν
2837 579 3018 634 πόνων
3063 581 3341 653 δρέπομαι
3378 586 3506 649 τοὺς
3539 604 3675 658 καρ-

2099 657 2252 717 πούς.
2297 660 2615 734 Εὐχαριστῶ
2648 684 2749 733 σοι,
2779 668 2898 724 θεία
2941 670 3048 724 τῶν
3089 672 3217 743 περὶ
3244 675 3392 745 ἡμᾶς
3417 657 3669 747 Πρόνοια,

2096 747 2179 800 ὅτι
2217 751 2471 807 τοιούτων
2511 773 2580 826 με
2624 757 2890 830 κληθῆναι
2951 760 3272 818 διδάσκαλον
3328 766 3672 838 κατηξίωσας

2095 838 2156 930 ού
2185 842 2415 910 παίδων,
2466 847 2583 902 ἀλλ’
2629 850 2917 921 ἀριστέων,
2947 855 3008 908 οὐ
3041 856 3249 925 νηπίων
3290 857 3391 929 τὴν
3427 858 3669 930 ἠλικίαν,

2093 929 2230 985 ἀλλὰ
2261 934 2483 992 τελείων
2515 938 2615 1011 τὴν
2643 944 2869 1013 ἀρετήν.

2164 1024 2269 1082 1Ε’.
2305 1027 2415 1084 Καὶ
2445 1029 2646 1097 μεταξὺ
2704 1035 3009 1104 παρίστησι
3032 1037 3130 1091 καὶ
3158 1037 3322 1109 αὐτὸν
3351 1039 3668 1111 Νουμερια-

2091 1114 2201 1180 νὸς,
2227 1118 2349 1185 καὶ,
2381 1116 2525 1189 Ἆρα
2551 1122 2669 1193 οὐχὶ
2702 1125 2771 1180 σά
2809 1126 2925 1179 ἐστι
2958 1128 3112 1181 ταυτὶ
3135 1128 3203 1182 τὰ
3238 1128 3462 1197 παιδίας
3494 1132 3667 1201 φησί.

2090 1204 2174 1277 Νὴ
2204 1207 2302 1261 Δία
2333 1225 2396 1277 γε
2419 1227 2433 1242 ο
2466 1212 2606 1267 πάνυ
2635 1213 2745 1282 γάρ
2787 1232 2868 1268 σοι
2893 1215 2990 1287 τὴν
3025 1217 3250 1289 γνώμην
3284 1219 3544 1275 ἐοίκασιν.
3589 1221 3650 1275 '0

2088 1296 2166 1362 δὲ,
2199 1297 2290 1369 Τῷ
2320 1299 2611 1371 πνεύματι,
2663 1304 2904 1374 βασιλεῦ,
2946 1306 3071 1378 ἔφη,
3120 1310 3215 1362 καὶ
3258 1311 3321 1362 ού
3364 1312 3428 1381 τῇ
3468 1311 3667 1381 σαρκίο

2090 1389 2288 1461 ἔρωτος
2327 1392 2436 1461 γὰρ
2466 1393 2577 1464 ἐγὼ
2603 1398 2919 1468 σωματικοῦ
2952 1401 3035 1462 είς
3059 1401 3178 1455 τόδε
3206 1404 3401 1472 χρόνου
3430 1403 3524 1456 καὶ
3549 1401 3666 1455 κοί-

2088 1499 2187 1551 της
2207 1482 2490 1552 ἄγευστος.
2527 1486 2690 1541 Ἀλλὰ
2715 1489 2768 1541 τί
2797 1489 2874 1560 μὴ
2916 1491 3112 1544 θᾶττον
3142 1491 3330 1559 θύσας,
3359 1493 3491 1564 φησὶ
3519 1493 3665 1546 Νου-

2090 1575 2370 1647 μεριανός,
2395 1578 2738 1649 πραγμάτων
2764 1580 2856 1634 καὶ
2877 1581 3073 1637 σαυτὸν
3090 1584 3185 1637 καὶ
3207 1586 3358 1654 ἡμᾶς
3380 1584 3665 1639 ἀπαλλάτ-

2085 1682 2231 1733 τεις;
2264 1668 2329 1723 Εί
2357 1668 2416 1723 δὲ
2440 1668 2511 1723 τὰ
2537 1670 2876 1742 προλαϐόντα
2904 1673 3056 1727 δεινὰ
3084 1675 3188 1728 οὐκ
3208 1677 3294 1746 ἑᾷ,
3320 1674 3455 1729 ἀλλὰ
3479 1675 3665 1733 δάκνει

2087 1754 2182 1809 καὶ
2225 1756 2389 1828 ὀδυνᾷ
2429 1758 2526 1812 καὶ
2572 1760 2652 1823 είς
2694 1762 2856 1816 ἀνίαν
2900 1763 3196 1833 ἐμϐάλλει·
3234 1764 3371 1819 ἀλλὰ
3399 1764 3683 1835 δυναίμην.

2085 1846 2154 1900 ἂν
2179 1846 2354 1915 ἔγωγε
2384 1847 2593 1920 μείζοσί
2621 1866 2682 1903 σε
2712 1851 2893 1923 πολλῷ
2924 1857 3028 1907 καὶ
3053 1854 3266 1908 πλείοσι
3297 1855 3410 1916 τοῖς
3441 1870 3668 1925 χρηστο-

2087 1937 2267 2007 τέροις
2312 1939 2678 2010 ἀμείψασθαι,
2715 1943 2809 1997 καὶ
2844 1944 2924 2007 εἰς
2952 1944 3125 2015 λήθην
3157 1945 3383 1998 ἐκείνων
3411 1945 3664 2013 ἀγαγεῖν.

2087 2024 2220 2083 Εἶτα
2263 2030 2356 2083 καὶ
2403 2030 2724 2103 σύμϐουλος)
2766 2034 2918 2105 αὐτῷ
2969 2034 3146 2088 ἐδόκει
3194 2036 3432 2106 χρηστὸς
3479 2039 3558 2100 είς
3596 2037 3663 2090 τὰ

2088 2119 2422 2190 προκείμενα
2457 2121 2736 2188 γίνεσθαι·
2783 2125 2982 2196 Ἐχρῆν
3007 2125 3065 2179 δὲ
3105 2126 3234 2197 ἄρα,
3292 2126 3490 2195 λέγων,
3523 2128 3666 2182 διδά-

2089 2210 2278 2278 σκαλε,
2309 2211 2407 2284 τὴν
2434 2211 2532 2285 σὴν
2557 2214 2751 2269 πολιὰν
2776 2219 2844 2286 τῇ
2868 2217 2978 2273 τῶν
3017 2218 3225 2273 παίδων
3248 2219 3435 2290 ἡλικίᾳ
3455 2221 3517 2273 τὸ
3541 2220 3660 2273 δέον

2085 2300 2389 2367 ὑποθεῖναι,
2443 2304 2539 2357 καὶ
2600 2307 2788 2360 πεῖσαι
2831 2306 2907 2379 μὴ
2958 2307 3137 2379 ἄωρον
3185 2308 3329 2364 οὕτω
3388 2311 3481 2365 καὶ
3528 2306 3662 2381 παρ’

2085 2392 2256 2465 αὐτὴν
2290 2394 2391 2465 τὴν
2417 2396 2588 2466 ἄνθην
2618 2398 2870 2460 ἐλεεινῶς
2912 2401 3395 2473 ἀπομαρανθῆναι;
3434 2401 3492 2457 '0
3521 2403 3664 2467 θεῖος

2086 2483 2264 2536 τοίνυν
2289 2484 2538 2549 Βαϐύλας
2564 2486 2626 2540 τὸ
2651 2488 2911 2556 ἐπιμελὲς
2946 2491 3125 2544 ἐκεῖνο
3151 2492 3531 2563 Νουμεριανοῦ
3568 2493 3664 2548 καὶ

2083 2575 2274 2640 δεινῶς
2307 2578 2616 2651 πανοῦργον
2639 2581 2767 2652 περὶ
2793 2582 2958 2638 αὐτὸν
2988 2585 3084 2637 καὶ
3113 2585 3241 2649 τοὺς
3272 2587 3470 2650 παῖδας
3501 2586 3624 2640 ῑδὼν
3641 2624 3661 2654 ,

2088 2668 2331 2734 Ἔοικας,
2358 2669 2483 2741 ἔφη,
2518 2669 2762 2741 βασιλεῦ,
2791 2673 2860 2727 τὰ
2889 2672 3027 2745 πρὸς
3051 2677 3179 2741 τοὺς
3201 2675 3519 2748 Βαρϐἀρους
3541 2679 3665 2745 χαί-

413 2740 562 2786 tem:
596 2729 832 2801 Videris,
870 2734 1065 2804 inquit,
1117 2750 1149 2789 ο
1190 2735 1514 2807 imperator,
1564 2739 1747 2795 valere
1793 2741 1985 2811 iubens

2087 2776 2201 2831 ρειν
2232 2729 2421 2825 ἔασας,
2447 2729 2530 2823 ξιξ
2561 2778 2619 2814 σε
2644 2729 2864 2816 πάντων
2901 2729 3137 2832 μάλιστα
3157 2729 3434 2835 ’πολεμεέν
3468 2729 3658 2836 ἐγρῆν,

410 2820 702 2891 Barbaros,
741 2839 863 2880 cum
896 2826 1094 2896 quibus
1127 2834 1181 2882 te
1212 2829 1449 2884 maxime
1477 2834 1981 2905 Oporteretbellum

2087 2820 2177 2905 καὶ
2203 2850 2338 2915 ὅλως
2498 2820 2699 2916 έξωθεν
2726 2820 3020 2924 φροντίδων
3044 2820 3338 2926 ἀφέμενος,
3363 2855 3462 2927 τὴν

410 2918 622 2986 gerere,
658 2925 712 2972 et
764 2917 1004 2973 externis
1038 2918 1185 2994 curis
1235 2918 1496 2985 dimissis,
1533 2922 1585 2975 in
1636 2937 1735 2977 nos
1768 2924 1983 2980 univer-

2087 2941 2176 3013 δὴν
2209 2942 2433 3000 ἃπασαν
2473 2944 2558 3012 ἐφ’
2604 2917 3105 3017 ἡμᾶς’τρέψασθαι
3158 2917 3269 3001 ’καὶ
3299 2917 3435 3019 "rip;
3485 2963 3664 3016 παρα-

411 3022 530 3064 sum
560 3010 895 3066 convertisse
923 3009 1198 3077 studium;
1232 3024 1337 3066 non
1361 3026 1426 3067 eo
1450 3020 1598 3067 tuum
1629 3013 1864 3086 dirigens
1891 3030 1983 3087 ap-

2087 3009 2306 3102 σκευὴν,
2328 3034 2428 3103 οὐχ
2456 3009 2605 3097 ὅπως
2624 3009 2933 3107 νῶφελήσῃς
2955 3053 3007 3090 τι
3033 3037 3094 3089 τὸ
3121 3036 3358 3107 ὑπήκοον
3383 3009 3471 3089 διὰ
3508 3009 3664 3104 μέρεα

410 3109 684 3169 paratum,
737 3110 797 3155 ut
839 3109 943 3156 tuae
971 3092 1116 3155 curae
1150 3099 1219 3157 iis
1265 3101 1477 3170 prosint
1516 3104 1608 3175 qui
1662 3113 1751 3161 tuo
1792 3118 1980 3176 parent

2087 3139 2224 3193 μνης
2242 3092 2554 3192 τιθέμενος,
2583 3092 3139 3195 αλλ’-ὥστε.ῥνασάνων
3165 3092 3353 3179 λαϐεῖν
3384 3092 3660 3194 ἀφορμάς,

410 3188 677 3267 imperio;
708 3191 802 3246 sed
832 3199 893 3245 ut
926 3197 1196 3247 tormenta
1250 3193 1542 3264 excogitcs,
1586 3210 1683 3266 per
1725 3211 1844 3267 qua:
1888 3198 1982 3253 irae

411 3290 519 3338 tuae
552 3284 830 3355 indulgeas
861 3296 916 3344 et
953 3285 1155 3346 leritati
1185 3293 1444 3349 naturali.

480 3372 625 3429 XVI.
654 3373 750 3432 llis
781 3385 891 3432 toto
928 3380 1092 3436 corde
1117 3382 1380 3439 ebulliens
1411 3385 1744 3441 et‘incensus
1784 3385 1981 3442 Nume-

414 3467 624 3534 rianus,
643 3467 796 3536 jubet
821 3471 886 3525 ad
917 3481 1142 3528 mortem
1176 3484 1322 3529 recta
1348 3477 1471 3533 duci
1496 3488 1784 3550 martyres.
1809 3479 1986 3552 Atque

413 3557 492 3614 illi
538 3558 756 3629 quidem
796 3562 1136 3619 ducebantur
1177 3563 1459 3636 laetantes,
1522 3577 1578 3623 et
1634 3571 1746 3625 haec
1802 3569 1985 3641 lingua

416 3653 647 3707 canebat
683 3667 804 3709 cum
844 3655 1038 3725 gaudio
1080 3656 1467 3726 :Bcnedictus,
1510 3658 1686 3729 Deus,
1722 3662 1812 3732 qui
1857 3662 1984 3717 olim

414 3743 631 3814 quidem
662 3759 726 3801 ex
762 3745 1057 3803 infantibus
1096 3758 1151 3803 et
1197 3748 1521 3807 lactentibus
1551 3752 1763 3808 laudem
1811 3754 1985 3822 perfe-

415 3834 574 3902 cisti;
608 3849 751 3890 nunc
783 3847 962 3893 autem
1002 3853 1067 3894 ex
1096 3837 1416 3908 infantibus,
1451 3841 1554 3896 etsi
1594 3856 1699 3897 non
1737 3842 1987 3898 lactenti-

412 3924 534 3991 bus,
561 3936 613 3980 et
636 3941 699 3981 ex
734 3941 871 3982 cano
905 3942 1037 3988 sene
1067 3929 1419 3995 sacriﬁcium,
1449 3931 1769 4003 sanguinem
1797 3948 1984 3990 eorum

413 4016 638 4085 accipis.
691 4014 787 4071 His
829 4033 982 4089 ergo,
1018 4026 1073 4074 et
1111 4018 1187 4090 (7)
1239 4020 1422 4076 multis
1475 4022 1596 4078 aliis
1636 4031 1986 4081 contexentes

414 4104 710 4177 gratiarum
750 4108 1055 4178 actionem,
1099 4121 1464 4185 pervenerunt
1507 4114 1573 4170 ad
1616 4113 1794 4170 locum
1841 4129 1989 4169 mar-

415 4197 564 4266 tyrii.
598 4198 659 4251 Et
691 4213 811 4252 eum
842 4210 1216 4256 sacrosanctos
1237 4203 1372 4271 {ante
1395 4218 1454 4258 se
1480 4219 1679 4273 pueros
1710 4206 1987 4261 statuisset

411 4287 477 4344 B.
517 4282 780 4360 Babylas,
821 4289 941 4348 illos
973 4306 1085 4348 suae
1124 4293 1380 4349 doctrime
1429 4294 1714 4365 pulchrum
1748 4294 1981 4353 fructum

412 4378 525 4433 Deo
552 4379 766 4440 obtulit.

484 4561 652 4619 XVII.
686 4564 977 4637 Postquam
1008 4576 1187 4623 autem
1235 4567 1356 4625 illos
1387 4570 1520 4626 vidit
1558 4580 1982 4640 consummatos,

410 4656 626 4712 beatam
662 4656 810 4711 illam
859 4658 1038 4714 emisit
1084 4675 1272 4717 vocem
1320 4680 1333 4716 :
1369 4662 1510 4719 Ecce
1551 4678 1670 4735 ego,
1703 4664 1896 4735 inquit,
1932 4672 1985 4719 et

412 4745 591 4814 pueri,
626 4760 765 4814 quos
793 4747 938 4802 dedit
960 4749 1088 4803 mihi
1129 4750 1290 4807 Deus.
1321 4751 1492 4809 Porro
1518 4765 1697 4810 autem
1728 4768 1823 4811 eos
1850 4770 1958 4824 quo

414 4850 542 4906 que,
571 4837 661 4904 qui
688 4838 930 4904 aderant,
958 4828 1185 4911 rogavit,
1218 4851 1277 4897 ut
1302 4843 1416 4913 ipsa
1453 4845 1602 4915 signa
1628 4846 1966 4901 certaminun

414 4942 536 4982 cum
590 4942 657 4985 eo
710 4931 1022 5000 sepelirent.
1077 4933 1194 5003 Ipsa
1242 4935 1386 4990 enim
1437 4946 1658 5006 propter
1711 4937 1981 4993 Christum

417 5017 633 5074 amabat
672 5029 727 5075 et
750 5022 1212 5092 amplectebatur;
1243 5032 1296 5080 et
1318 5041 1418 5082 nec
1452 5026 1668 5082 volebat
1693 5043 1755 5083 ea
1783 5028 1983 5084 auferri

417 5121 445 5159 a
478 5108 644 5162 surdo
688 5109 833 5164 illius
875 5111 1096 5180 pulvere
1142 5131 1157 5167 :
1192 5127 1313 5184 qua:
1344 5115 1560 5184 quidem
1606 5116 1833 5185 pulchra
1865 5133 1985 5175 esse

414 5212 526 5253 sua)
571 5200 861 5272 sepulturae
902 5217 1251 5271 ornamenta,
1289 5204 1513 5276 pulchre
1548 5218 1792 5263 noverat.
1825 5209 1984 5276 Qum-

411 5303 539 5344 nam
578 5300 757 5348 autem
791 5308 854 5350 ea
891 5297 1091 5350 erant?
1118 5295 1350 5363 Collare,
1392 5307 1448 5354 et
1489 5297 1650 5354 ferrei
1683 5301 1802 5373 ejus
1837 5316 1987 5357 com-

412 5380 598 5446 pedes.
647 5379 854 5440 Deinde
896 5386 943 5440 ei
989 5401 1202 5457 quoque
1233 5396 1396 5458 caput
1436 5400 1750 5459 amputatur
1787 5400 1982 5461 quarto

409 5468 504 5527 die
556 5471 912 5543 Septembris.
944 5476 1096 5533 Jacet
1127 5488 1306 5535 autem
1352 5479 1429 5551 (8)
1483 5497 1625 5537 nunc
1670 5498 1883 5554 quoque
1928 5483 1981 5538 in

489 5608 567 5691 (7)
603 5610 763 5691 Haec“
780 5615 939 5669 verba
995 5616 1185 5691 psalmi
1232 5633 1260 5671 a
1301 5619 1502 5691 Baby.a
1549 5634 1763 5679 cantata
1814 5624 1983 5679 relert

419 5675 614 5764 Suid’a's
643 5696 656 5731 :
687 5675 1066 5764 «.Converterc,
1085 5688 1265 5764 anima
1286 5675 1438 5757 mea:
1458 5692 1508 5747 in
1544 5675 1786 5764 requiem
1811 5675 1977 5762 tuam,

416 5744 543 5811 quia
572 5743 825 5807 Dominus
861 5743 1121 5811 benel'ecit
1158 5757 1271 5812 tibi.
1321 5778 1337 5810 ι

2086 3212 2155 3267 δι’
2181 3206 2257 3267 ὧν
2295 3213 2361 3268 ἂν
2404 3213 2481 3285 τῷ
2521 3212 2680 3286 θυμῷ
2717 3214 2919 3287 χαρίσῃ
2969 3215 3065 3270 καὶ
3102 3218 3168 3287 τῇ
3214 3216 3421 3286 φυσικῇ
3467 3213 3662 3284 ἀγριόο

2084 3318 2226 3355 τητι.
2518 3311 2531 3323 ’

2117 3318 2276 3457 ηἶξκ
2329 3389 2555 3454 Τούτοις
2604 3390 2735 3460 ὅλην
2795 3391 3106 3465 ὑπερζέσας
3145 3393 3242 3466 τὴν
3293 3397 3523 3469 καρδίαν
3567 3396 3654 3450 καὶ

2086 3480 2413 3549 ἀναφλεγεὶς
2460 3481 2860 3555 Νουμεριανὸς,
2914 3484 3146 3554 ἄγεσθαι
3198 3487 3297 3559 τὴν
3325 3489 3418 3542 ἐπὶ
3447 3488 3653 3558 Θανάτῳ

2086 3570 2297 3625 κελεύει
2323 3572 2448 3635 τοὺς
2476 3573 2780 3644 μάρτυρας.
2813 3575 2878 3629 Ol
2911 3575 3011 3647 μὲν
3040 3577 3105 3646 δὴ
3130 3577 3411 3647 χαίροντες
3441 3582 3655 3651 ἧγοντο,

2086 3661 2183 3715 καὶ
2211 3662 2243 3731 ή
2282 3662 2498 3732 γλῶττα
2521 3664 2798 3734 ὑπέψαλλε
2820 3666 2994 3721 ταῦτα
3021 3669 3116 3721 σὺν
3134 3668 3295 3741 ἡδονῇ
3315 3688 3329 3701 ο
3356 3670 3660 3740 Εὐλογητὸς

2085 3750 2161 3819 εἴ,
2187 3757 2215 3809 ὁ
2249 3754 2404 3821 Θεὸς,
2439 3758 2467 3810 ὁ
2496 3756 2664 3811 πάλαι
2703 3759 2805 3830 μὲν
2848 3762 2914 3814 ὲκ
2943 3760 3153 3831 νηπίων
3202 3760 3295 3815 καὶ
3319 3761 3658 3831 θηλαζόντων

2087 3842 2236 3902 αἶνον
2262 3848 2739 3921 καταρτισάμενος
2762 3866 2777 3884 ο
2818 3849 2914 3905 νῦν
2949 3851 3005 3905 δὲ
3032 3853 3096 3906 ὲκ
3123 3852 3355 3923 νηπίων,
3381 3854 3432 3906 εί
3458 3853 3556 3909 καὶ
3582 3852 3657 3924 μὴ

2087 3938 2450 4007 θηλαζόντων,
2483 3940 2577 3994 καὶ
2609 3940 2798 3997 πολιοῦ
2828 3942 3082 4012 γέροντος
3125 3942 3314 3998 θυσίαν
3353 3943 3424 3997 τὰ
3452 3946 3657 4014 αἵματα

2087 4027 2267 4081 αὐτῶν
2326 4029 2775 4101 προσδεχόμενος.
2859 4032 3084 4096 Τούτοις
3138 4031 3231 4088 οὗν
3294 4034 3389 4089 καὶ
3443 4035 3657 4099 πολλοῖς

2087 4117 2268 4179 ἄλλοις
2297 4116 2680 4181 διαπλέκοντες
2719 4119 2819 4191 τὴν
2865 4120 3237 4191 εὐχαριστίαν,
3276 4123 3367 4177 τὸν
3392 4123 3484 4178 τοῦ
3515 4141 3657 4195 μαρ-

2087 4207 2274 4279 τυρίου
2299 4207 2465 4262 τόπον
2491 4208 2826 4287 κατέλαϐον.
2872 4211 2985 4263 Καὶ
3011 4211 3147 4281 δῆτα
3178 4212 3304 4276 τοὺς
3340 4215 3658 4285 ἱερόπαιδας

2086 4301 2115 4352 ὁ
2143 4298 2410 4370 μακάριος
2447 4297 2705 4362 Βαϐύλας
2737 4300 2933 4355 ἑαυτοῦ
2966 4303 3416 4374 προστησάμενος
3450 4306 3661 4376 καρπὸν

2086 4389 2291 4462 ὡραῖον
2324 4389 2523 4466 αὐτοὺς
2546 4390 2647 4462 τῆς
2676 4392 2889 4456 οίκείας
2936 4392 3285 4458 διδασκαλίας
3313 4400 3657 4469 προσήνεγκε

2016 4469 2061 4523 D
2090 4480 2162 4552 τῷ
2185 4478 2326 4550 Θεῷ.

2158 4568 2259 4628 lZ'.
2303 4570 2456 4626 Ἐπεὶ
2479 4570 2536 4626 δὲ
2562 4573 2656 4627 καὶ
2680 4572 3071 4638 τελειωθέντας
3098 4572 3229 4639 εἶδε,
3251 4577 3352 4647 τὴν
3385 4576 3660 4645 μακαρίαν

2086 4661 2303 4733 ἐκείνην
2333 4662 2511 4732 ἀφῆκε
2538 4665 2720 4733 φωνήν
2737 4680 2749 4694 °
2794 4663 2928 4719 Ἰδοὺ
2953 4664 3065 4733 ἐγὼ
3090 4665 3183 4719 καὶ
3207 4667 3276 4719 τὰ
3297 4667 3487 4720 παιδία
3511 4667 3547 4718 ἆ
3570 4683 3660 4734 μοι

2086 4751 2288 4804 ἔδωκεν
2317 4752 2344 4804 ὁ
2373 4750 2529 4816 Θεός.
2562 4752 2676 4807 Καὶ
2703 4754 2829 4816 τοὺς
2869 4755 3143 4825 παρόντας
3175 4755 3328 4825 ἠξίου
3374 4754 3514 4809 αὐτὰ
3551 4756 3661 4808 τῶν

2086 4843 2262 4898 ἄθλων
2299 4843 2447 4914 αὐτῷ
2480 4844 2745 4915 συνθὰψαι
2775 4843 2844 4898 τὰ
2875 4844 3154 4916 σύμϐολα·
3189 4847 3362 4916 ἐφίλει
3388 4846 3497 4918 γὰρ
3523 4845 3661 4898 αὐτὰ

2084 4934 2172 4987 διὰ
2212 4935 2448 5006 Χριστὸν
2506 4937 2602 4990 καὶ
2651 4937 2948 5006 ἠσπάζετο,
3009 4939 3102 4992 καὶ
3150 4938 3273 4992 οὐδὲ
3317 4939 3415 5009 τῆς
3466 4936 3661 5008 κωφῆς

2085 5026 2296 5079 ἐκείνου
2329 5026 2528 5090 κόνεως
2561 5027 2930 5098 ἀφαιρεθῆναι
2966 5028 3107 5082 αὐτὰ
3146 5028 3359 5100 ἤθελεν,
3402 5028 3439 5083 ἃ
3472 5030 3536 5099 δὴ
3569 5029 3664 5082 καὶ

2086 5118 2226 5173 καλὰ
2254 5118 2435 5182 καλῶς
2462 5119 2693 5188 ἐντάφια
2718 5119 2856 5190 ᾔδει.
2888 5119 3025 5174 Τίνα
3056 5120 3111 5174 δὲ
3143 5120 3317 5174 ταῦτα
3341 5115 3444 5191 ἦν;
3483 5119 3541 5172 '0
3567 5120 3660 5173 ἐπὶ

2083 5209 2161 5280 τῷ
2187 5209 2445 5282 τραχήλῳ
2486 5210 2687 5274 κλοιὸς,
2720 5212 2814 5264 καὶ
2839 5213 2865 5263 ὁ
2886 5211 3012 5277 τοὺς
3046 5211 3212 5277 πόδας
3244 5213 3483 5285 συνέχων
3510 5211 3661 5281 σίδη-

2085 5317 2198 5371 ρος.
2238 5298 2373 5369 Εζτα
2419 5302 2519 5372 τὴν
2555 5303 2796 5373 κεφαλὴν
2852 5304 2945 5356 καὶ
2992 5304 3158 5367 αὐτὸς
3203 5305 3543 5375 ἀφαιρεῖται,
3574 5321 3663 5356 τε·

2086 5390 2293 5461 τάρτην
2323 5391 2443 5444 τότε
2474 5391 2567 5445 τοῦ
2597 5392 2966 5463 Σεπτεμϐρίου
2996 5393 3166 5465 μηνὸς
3192 5394 3435 5462 ἄγοντος.
3469 5396 3660 5449 Κεῖται

2090 5482 2146 5537 ἑὲ
2177 5482 2270 5537 καὶ
2290 5482 2387 5537 νῦν
2413 5485 2468 5536 ἐν
2496 5486 2561 5556 τῇ
2598 5483 2743 5554 σορῷ
2784 5482 3053 5551 Βαϐύλας,
3088 5486 3185 5539 σὺν
3211 5486 3288 5557 τῷ
3319 5488 3660 5557 περιτραχη-

2165 5624 2241 5694 (8)
2278 5625 2711 5709 Οιιηιηῐιὶιιῃνυηι
2753 5627 2885 5709 Δίιιῆ
2915 5628 3032 5709 haec
3070 5626 3654 5709 Leontinsscribebat.

2089 5706 2183 5767 aut
2221 5695 2886 5767 certeHS._Cltrysostomi
2939 5708 3213 5767 tempore.
3269 5699 3359 5766 qui
3412 5699 3659 5751 oratione

2086 5765 2250 5823 citata
2283 5766 2348 5823 de
2382 5766 2439 5821 S.
2473 5765 2669 5839 Babyla
2694 5805 2709 5834 ,
2759 5768 2834 5824 ita
2878 5769 2944 5827 de
2980 5765 3062 5827 eis
3092 5765 3332 5827 scribit:
3371 5786 3391 5821 ι
3431 5768 3657 5824 Exstant
