4138 6408
510 382 607 455 981

1798 409 1969 470 VJ'I‘A
2004 414 2068 473 S.
2109 408 2475 484 EUSEBL’E.

3621 442 3779 512 '982

511 511 613 622 tim
644 509 842 622 ἑκεένὶρ
876 511 1070 584 κόσμῳ
1118 531 1211 568 κα.
1247 518 1360 581 τοῖς
1409 519 1655 591 σιδηροῖς
1701 526 1942 598 δεσμοῖς,
1999 533 2038 584 τὶ

2144 551 2161 602 ι
2192 548 2355 604 capsa
2387 537 2628 609 ‘Babylas
2664 555 2784 597 cum
2819 543 2908 600 illo
2935 545 3058 603 colli
3099 548 3180 605 sui
3214 563 3558 622 ornamento,
3586 569 3640 613 et
3671 561 3778 618 fer-

503 601 705 654 οἸκεῖον
728 600 968 668 δοξάξων
1001 606 1486 680 ἁγωνοθέτην,.ὄτι
1527 614 1678 687 αύτῷ
1708 620 1910 689 πρέπει
1937 621 2089 691 δόξα,

501 697 724 789 κράτος,
754 697 912 769 τιμὴ,
969 703 1332 777 μεγαλωσύνη
1369 722 1429 760 τε
1472 709 1570 764 καὶ
1613 713 2087 789 μεγαλοπρέπεια,

501 787 596 843 νόν
620 789 716 844 καὶ
737 790 824 847 ἀεὶ
844 791 938 846 καὶ
966 795 1047 858 εἰς
1077 796 1207 862 τοὺς
1236 799 1441 865 αἰῶνας
1476 801 1588 858 τῶν
1611 805 1844 864 αἰώνων.
1868 787 2083 881 ἡἈμήν.

2192 628 2302 730 reis
2331 630 2584 730 vinculis,
2629 648 2786 689 suum
2819 636 3047 695 laudans
3078 641 3476 712 Agonothetam
3509 646 3610 720 (9),
3638 665 3773 720 quo-

2191 723 2340 812 niam
2378 734 2501 775 eum
2533 723 2686 779 decet
2732 725 2926 795 gloria,
2967 732 3232 799 potentia,
3279 734 3452 790 honor
3476 746 3533 791 et
3562 743 3773 812 magni-

2185 811 2428 958 ﬁcentia,
2459 829 2604 871 nunc
2647 825 2700 873 et
2734 833 2969 891 semper,
3011 832 3065 878 et
3096 825 3150 880 in
3183 826 3382 884 secula
3418 811 3742 887 saeculorum

2237 919 2379 958 men.

2237 919 2379 961 men.

487 1246 672 1331 omnia
706 1246 958 1331 prompto
986 1246 1150 1331 atque
1179 1246 1345 1331 alacri
1385 1246 1590 1327 animo,
1613 1246 1684 1315 ac
1711 1246 1904 1331 magna
1935 1246 2075 1320 item
2175 1246 2586 1329 ’
2650 1246 2699 1263 ω
2757 1246 3088 1270 “amulum
3150 1246 3390 1302 mu;me-

487 1328 610 1390 cnm
652 1317 928 1390 voluptate
960 1317 1276 1380 susiinenda
1300 1365 1316 1390 ,
1367 1336 1427 1382 ut
1451 1317 1777 1386 concreditae
1802 1317 2062 1390 nobisili;

825 1457 836 1469 .
863 1405 1206 1472 levissumanl
1229 1405 1445 1472 quidem
1503 1411 1710 1472 partem
1743 1405 2058 1472 prodamus,

485 1463 1056 1542 fglnsogltagminemus.
1099 1482 1144 1542 »_
1168 1463 1516 1542 Et’oratione'
1545 1469 1577 1542 9
1610 1472 1661 1542 in
1700 1463 1868 1542 Epist,
1906 1463 2056 1528 paul;

487 1522 551 1576 ad
570 1520 834 1592 Ephesios
867 1545 882 1584 :
917 1547 935 1580 ι
971 1531 1089 1602 Ipse
1113 1535 1384 1592 decedens
1413 1520 2056 1608 iiidnaavirfﬁi'inic'ui;

487 1384 717 1464 hertatis
750 1384 836 1464 ne.
863 1389 1192 1450 lewssimam
1229 1384 1445 1464 quidem

488 1710 752 1725 ——-——

486 1729 662 1740 ..ι-..-

2248 1341 2326 1412 (9)
2345 1343 2522 1424 laudi}
2559 1345 2754 1424 Petrus
2801 1351 2870 1407 de
2901 1351 3186 1412 Natalibus
3233 1376 3245 1412 :
3289 1375 3308 1409 ι
3347 1359 3591 1424 Quorum
3633 1374 3758 1420 cor-

2168 1423 2297 1489 pora
2344 1414 2404 1468 s.
2440 1414 2716 1489 Tbeodula
2782 1425 3030 1489 sepelivit
3081 1442 3133 1482 IX
3189 1428 3313 1484 Kal.
3357 1414 3688 1488 Februarii;
3719 1449 3749 1484 ι

2167 1479 2312 1535 Idem
2344 1497 2408 1538 ex
2444 1499 2508 1540 eo
2537 1486 2702 1542 refert
2731 1479 3002 1550 Canisius.

753 1715 3750 1772 MM

1521 1902 1767 1990 ΒΙοΣ
1843 1898 2038 1989 ΚΑΙ
2114 1905 2657 1994 ΠΟΛΙἸῈΙΑ

1154 2097 1497 2227 ΤΗΣ
1649 2093 2161 2230 ΟΣΙΑΣ

2313 2100 3106 2247 ΕΥΣΕΒΙΑΣ

1498 2330 1631 2386 THE
1683 2331 2398 2390 ΜΕΊῸΝΟΜΑΣΘΕΙΣΗΣ
2458 2335 2722 2391 ΞΕΝΗΣ.

1620 2637 1818 2702 VITA
1865 2641 1966 2702 ET
2013 2641 2587 2704 CONVERSATIO

1289 2825 2028 2956 SANCTfE

2150 2831 2962 2961 EUSEBUE

1479 3057 1643 3124 QUAE
1685 3057 2183 3116 COGNOMINATA
2222 3060 2352 3118 EST
2395 3062 2720 3119 HOSPITA.

615 3212 812 3276 (Latine
837 3213 966 3278 apud
987 3173 1187 3264 Sdrium
1212 3213 1269 3262 ad
1294 3212 1356 3262 25
1377 3209 1518 3274 Jan.;
1541 3213 1709 3265 Greca
1749 3216 2107 3277 exscripsimus
2133 3229 2196 3265 ex
2225 3216 2333 3267 cod.
2371 3231 2463 3267 ms.
2489 3215 2649 3280 Regio
2684 3232 2730 3266 n.
2765 3217 2903 3278 H56,
2933 3220 3101 3269 saeculi
3128 3233 3192 3268 xu.
3222 3220 3358 3271 Eon.
3397 3222 3570 3286 Pun.)

533 3543 612 3600 A'.
667 3542 726 3598 ’0
769 3544 954 3608 καινὸς
1001 3543 1096 3598 καὶ
1153 3543 1302 3610 ξένος
1357 3546 1455 3616 τῆς
1514 3545 1825 3618 θαυμασίας
1867 3549 2036 3620 Ξένης

2219 3547 2258 3602 l.
2313 3548 2462 3604 Nova
2493 3557 2548 3603 et
2577 3547 2753 3602 aliena
2778 3545 2883 3600 vita
2921 3545 3064 3599 illius
3092 3558 3218 3600 vere
3258 3545 3589 3606 admirabilis
3617 3546 3726 3602 Hu-

462 3628 578 3700 βίος
604 3630 870 3700 βραχεῖαν
907 3631 1026 3701 μὲν,
1063 3631 1139 3707 ῲς
1168 3627 1281 3686 οἷόν
1311 3649 1393 3699 τε,
1426 3634 1524 3688 καὶ
1555 3638 2036 3708 συντετμημένην,

461 3721 618 3791 ξένην
647 3723 705 3777 δὲ
742 3724 894 3794 ὅμως
924 3727 1020 3780 καὶ
1053 3727 1312 3798 εὐπρεπῆ
1345 3728 1572 3781 πλουτεῖ
1600 3729 1699 3800 τὴν
1738 3729 1992 3800 διήγησιν
2019 3747 2034 3762 ο

460 3816 638 3867 καίτοι
661 3815 718 3868 δὲ
749 3815 922 3882 οὕτως
951 3817 1210 3889 ἐπίτομος
1240 3819 1336 3886 ὣν,
1366 3819 1486 3874 ἀλλ’
1518 3815 1612 3873 οὖν
1639 3821 1775 3891 πρὸς
1795 3822 2034 3889 ἀγῶνας,

461 3906 556 3958 καὶ
592 3907 811 3972 πόνους,
843 3909 936 3962 καὶ
961 3909 1229 3978 ὡφελείας
1257 3910 1418 3980 λόγον
1450 3911 1638 3981 σχεδὸν
1665 3913 1792 3976 τοὺς
1830 3913 2036 3979 πάντας

457 3995 646 4067 ἦτοὺς
691 3999 946 4065 πλείονας
990 4001 1390 4072 ὑπερϐέϐηκεν.
1421 4002 1569 4075 Ᾱῦτη
1627 4003 1737 4075 γὰρ
1777 4006 1810 4075 ἡ
1856 4023 2035 4075 μακα-

457 4092 697 4163 ριωτάτη
737 4093 1020 4162 γυναικῶν
1075 4093 1169 4148 καὶ
1223 4094 1322 4165 τὴν
1355 4095 1585 4167 γνώμην
1632 4095 2034 4168 ἀνδρικωτάτη,

454 4183 514 4237 τὸ
547 4184 647 4252 μὲν
696 4183 855 4253 γένος
904 4184 1264 4255 περίϐλεπτος
1287 4180 1356 4258 ἦν
1388 4185 1510 4258 (ὅσα
1555 4203 1620 4255 γε
1662 4187 1743 4251 είς
1800 4188 2035 4260 πατρίδα

451 4289 514 4327 τε
548 4275 642 4328 καὶ
702 4277 946 4347 πατέρας
986 4276 1279 4348 ἀναφέρειν
1297 4272 1430 4347 εἶχε.
1477 4277 1589 4334 Καὶ
1637 4278 1747 4351 γὰρ
1809 4281 1861 4332 οι
1912 4281 2031 4350 μὲν,

454 4368 739 4435 ἐπιφανεῖς
760 4367 984 4436 ἄγαν-οὑ
1009 4368 1227 4440 πλούτῳ
1265 4370 1359 4424 καὶ
1383 4369 1510 4443 δόξῃ
1535 4371 1722 4441 μόνον,
1763 4371 1901 4425 ἀλλὰ
1935 4375 2033 4424 καὶ

457 4459 739 4532 θεοσεϐείᾳ
783 4461 1092 4529 γεγόνασιν
1125 4463 1157 4531 ἡ
1185 4461 1263 4528 δὲ,
1301 4462 1336 4532 ἡ
1371 4463 1759 4534 περιδοξοτόιτη
1799 4463 1905 4518 τῶν
1939 4463 2036 4517 πόο

453 4549 590 4603 λεων
608 4546 698 4622 ἦν,
728 4553 762 4623 η
792 4551 1162 4624 πρεσϐυτέρα,
1190 4554 1354 4624 φημὶ,
1384 4553 1572 4624 Ῥώμη
1593 4555 1689 4609 καὶ
1717 4554 2034 4625 μεγαλώνυ-

455 4641 602 4711 μο;)’
636 4643 727 4695 τὸν
751 4643 806 4696 δὲ
839 4643 956 4714 βίον
974 4644 1156 4713 πολλῷ
1180 4645 1382 4715 μᾶλλον
1409 4644 1442 4716 ἢ
1474 4646 1536 4699 τὸ
1557 4646 1713 4715 γένος
1734 4648 2029 4718 ἐπιφανής.

464 4732 559 4786 Ἐκ
584 4733 694 4806 γὰρ
727 4736 981 4807 πατέρων
1005 4736 1266 4790 τοιούτων
1285 4737 1478 4808 πρώτη
1509 4755 1567 4791 τε
1594 4737 1735 4809 αὕτη
1761 4739 2029 4810 γενομένη

453 4827 548 4880 καὶ
575 4829 738 4898 μόνη,
777 4827 937 4894 ἀξίαν
955 4829 1049 4884 τοῦ
1075 4831 1270 4899 γένους
1297 4829 1423 4900 ἔσχε
1452 4830 1547 4884 καὶ
1577 4831 1677 4901 τὴν
1700 4831 1994 4903 ἀναγωγήν
2014 4846 2030 4862 ·

455 4919 767 4989 φιλαρὲτως
799 4923 1091 4990 τραφεῖσα,
1116 4921 1213 4975 καὶ
1244 4922 1650 4992 Χριστιανικῶς
1675 4923 2030 4994 παιδαγωγη-

450 5005 626 5075 θεῖσα,
661 5009 756 5062 καὶ
790 5009 910 5080 Θεῷ
941 5010 1282 5082 ἀρέσκουσαν
1307 5012 1586 5066 πολιτείαν
1616 5011 1883 5083 βιώσασα.

518 5099 594 5154 B'.
627 5100 768 5170 Ἤδη
813 5099 873 5154 δὲ
922 5101 1015 5156 καὶ
1067 5101 1218 5173 ὥραν
1279 5103 1490 5173 ἄγουσα
1527 5105 1730 5176 γάμου,
1788 5105 2031 5176 ζητεῖται

455 5191 598 5261 παρά
622 5209 716 5246 του
754 5193 865 5248 τῶν
916 5194 1170 5257 πολιτῶν,
1204 5195 1486 5267 περιδόξου
1516 5198 1612 5251 καὶ
1643 5197 1814 5252 αὐτοῦ
1852 5198 2028 5266 δντος,

451 5283 546 5334 καὶ
580 5285 721 5337 κατὰ
768 5285 927 5354 γένος
961 5287 1100 5358 ὁμοῦ
1146 5287 1242 5342 καὶ
1270 5287 1501 5342 πλοῦτον
1541 5292 1607 5360 τῇ
1651 5289 1842 5364 νύμφῃ
1890 5308 2032 5362 συμ-

454 5369 748 5438 ϐαίνοντος.
774 5376 837 5429 Ol
867 5377 968 5448 μὲν
989 5374 1082 5432 οὖν
1104 5379 1200 5448 τῆς
1220 5379 1391 5451 κόρης
1421 5380 1676 5452 πατέρες,
1701 5382 1858 5436 οὐδὲν
1886 5383 2036 5449 ὄλωςη

456 5463 675 5536 ἔχοντες
712 5469 1030 5540 μέμψασθαι
1061 5475 1126 5544 τῇ
1165 5472 1454 5545 μνηστείᾳ,
1505 5473 1622 5528 ἀλλ’
1653 5475 1813 5542 ἀξίαν
1857 5477 2026 5548 ἀλλή-

447 5555 560 5610 λων
601 5557 770 5613 οὖσαν
795 5562 994 5628 ειδότες
1019 5563 1121 5636 τὴν
1149 5564 1435 5634 συζυγίαν,
1475 5565 1764 5621 συνέθεντό
1792 5583 1852 5621 τε
1884 5569 2022 5640 πρὸς·

451 5647 515 5707 τὸ
537 5648 724 5720 κῆδος,
757 5653 851 5705 καὶ
893 5655 1030 5725 πρὸς
1062 5655 1277 5725 γάμους
1306 5655 1644 5727 ἀπέϐλεψαν
1677 5657 1876 5730 ὥριστό
1903 5677 1962 5712 τε
1989 5663 2022 5730 ἢ

443 5740 636 5812 κυρία,
667 5745 762 5798 καὶ
791 5745 972 5800 πάντα
999 5747 1101 5817 ἤδη
1132 5747 1433 5819 ἐτύγχανεν
1457 5749 1730 5821 εὐπρεπῆ.
1777 5751 1840 5804 'll
1881 5751 2020 5822 Ξένη

330 5845 343 5861 ·
443 5830 499 5887 δὲ
525 5835 889 5908 μεγαλόφρων
904 5835 1060 5906 οὖσα,
1083 5841 1174 5895 καὶ
1195 5843 1518 5914 κρειττόνων
1541 5843 1742 5916 ἑαυτὴν
1767 5843 2013 5911 ἀξιοῦσα,

2140 3639 2293 3709 spitae
2321 3654 2417 3695 seu
2449 3645 2724 3702 externae,
2766 3637 2929 3690 habet
2962 3636 3181 3706 quidem
3228 3636 3635 3701 brevissimam,
3671 3646 3727 3694 et

2139 3744 2302 3798 quam
2338 3728 2456 3784 ﬁeri
2483 3735 2661 3797 potest
2690 3726 2928 3780 maxime
2957 3724 3292 3780 succinctam
3326 3727 3720 3791 narralionean,

2140 3819 2372 3874 alienam
2408 3833 2561 3883 vero,
2590 3825 2644 3872 et
2685 3817 2740 3872 in
2771 3814 2962 3886 primis
2993 3815 3297 3870 honestam.
3332 3813 3592 3881 Quamvis
3623 3829 3722 3869 au-

2139 3920 2247 3966 tem
2278 3911 2350 3965 sit
2381 3909 2519 3966 adeo
2561 3907 2862 3973 succincta,
2913 3907 2966 3961 in
3009 3905 3400 3962 certaminibus
3453 3913 3635 3960 tamen
3667 3915 3725 3961 et

2141 4001 2441 4064 laboribus,
2497 4011 2551 4056 et
2595 3999 2682 4065 iis,
2727 4014 2848 4069 quae
2880 4000 3149 4054 rationem
3204 3999 3405 4054 habent
3445 3997 3720 4066 utilitatis,

2140 4107 2330 4150 omnes
2371 4092 2486 4148 fere
2534 4101 2628 4147 aut
2684 4101 2834 4146 certe
2882 4090 3186 4162 permultos
3240 4089 3538 4160 superavit.
3597 4087 3724 4145 Haec

2139 4188 2286 4244 enim
2336 4185 2629 4241 mulierum
2670 4182 3018 4248 beatissima,
3051 4181 3344 4253 magnique
3389 4188 3444 4237 et
3489 4181 3723 4236 maxime
3780 4207 3784 4211 ι

2139 4279 2312 4336 virilis
2343 4277 2531 4344 animi,
2581 4286 2699 4332 erat
2752 4290 2952 4348 genere
2990 4275 3316 4342 clarissima,
3355 4275 3400 4330 si
3442 4274 3616 4346 patria
3651 4283 3723 4335 ,ει

2139 4381 2397 4444 parentes
2438 4371 2816 4439 respiciantur.
2853 4367 2985 4423 Nam
3018 4368 3072 4422 bi
3099 4367 3314 4436 quidem
3355 4365 3575 4420 fuerunt
3598 4364 3720 4418 illu-

2141 4475 2302 4531 stres,
2327 4477 2433 4518 non
2459 4461 2652 4531 opibus
2671 4460 2844 4516 solum
2867 4469 2922 4514 et
2945 4459 3142 4529 gloria,
3171 4458 3264 4513 sed
3287 4457 3454 4513 etiam
3479 4455 3676 4525 pietate
3701 4471 3718 4509 :

2140 4553 2229 4608 illa
2285 4560 2466 4609 autem
2515 4552 2618 4606 fuit
2673 4550 2915 4606 omnium
2968 4549 3251 4604 civitatum
3311 4545 3615 4602 clarissima
3662 4552 3718 4599 et

2140 4643 2362 4699 maximi
2397 4643 2654 4708 nominis,
2692 4655 2886 4710 nempe
2917 4639 3088 4695 Roma
3122 4639 3346 4708 antiqua
3374 4654 3392 4705 ;
3423 4653 3551 4693 nam
3591 4652 3715 4693 cum

2137 4749 2200 4791 ea
2226 4749 2291 4790 ex
2321 4733 2586 4805 ejusmodi
2621 4731 2935 4802 parentibus
2966 4739 3092 4784 nata
3125 4739 3272 4786 esset
3295 4728 3470 4799 prima
3497 4737 3553 4784 et
3578 4728 3716 4794 sola,

2139 4841 2337 4899 genere
2375 4841 2591 4898 quoque
2625 4825 2841 4895 dignam
2882 4823 3074 4878 habuit
3104 4820 3478 4878 educationem
3501 4859 3518 4887 ,
3550 4820 3718 4890 probe

2136 4929 2190 4976 et
2221 4934 2288 4979 ex
2310 4920 2511 4974 virtute
2531 4917 2784 4986 educata,
2813 4925 2868 4972 et
2888 4914 3200 4971 Christiane
3223 4913 3491 4981 instituta,
3519 4920 3574 4968 et
3595 4925 3718 4982 qua

2135 5011 2246 5068 Deo
2277 5017 2487 5080 gratam
2517 5010 2627 5079 egit
2648 4992 2836 5063 vitam.

2204 5101 2268 5157 ll.
2309 5101 2446 5158 Cum
2481 5110 2661 5156 autem
2695 5100 2806 5170 jam
2834 5106 2980 5155 esset
3011 5098 3229 5164 nubilis,
3261 5096 3466 5168 petitur
3507 5111 3537 5150 a
3575 5109 3712 5165 quo-

2131 5196 2254 5250 dam
2281 5208 2348 5250 ex
2377 5193 2608 5260 civibus,
2640 5193 2730 5263 qui
2762 5195 2877 5262 ipse
2905 5205 3126 5263 quoque
3152 5200 3271 5248 erat
3299 5190 3501 5256 clarus,
3535 5195 3591 5245 et
3621 5201 3716 5259 ge-

2130 5303 2262 5343 nere
2285 5287 2520 5343 simulet
2547 5285 2751 5341 divitiis
2771 5297 2988 5354 Sponsae
3016 5281 3398 5344 conveniebat.
3430 5282 3498 5337 At
3524 5279 3713 5352 puellae

2136 5377 2354 5449 quidem
2393 5385 2653 5447 parentes
2691 5388 2814 5428 cum
2862 5373 2919 5428 in
2950 5371 3098 5428 nulla
3146 5385 3205 5426 re
3239 5371 3711 5440 desponsatiouem

2133 5478 2358 5541 possent
2401 5467 2835 5538 reprehendere,
2878 5466 2972 5523 sed
3013 5467 3220 5522 scirent
3251 5478 3374 5526 esse
3406 5463 3622 5535 dignam
3660 5471 3716 5518 et

2131 5572 2524 5634 congruentem
2569 5561 2795 5617 alterius
2837 5575 2962 5616 cum
3019 5561 3190 5616 altero
3249 5557 3711 5629 coniunctionem,

2133 5658 2343 5714 assensi
2361 5665 2489 5712 sunt
2502 5654 2770 5724 aﬂinitati,
2785 5662 2841 5710 et
2854 5664 3184 5725 aspexerant
3202 5652 3270 5707 ad
3283 5651 3712 5714 matrimonium,

2134 5741 2358 5819 diesque
2389 5747 2490 5804 fuit
2513 5749 2870 5818 praestitutus,
2897 5758 2948 5804 et
2969 5747 3081 5818 jam
3108 5755 3293 5816 parata
3319 5753 3473 5798 erant
3503 5742 3711 5797 omnia.

2135 5843 2362 5915 llospita
2390 5851 2570 5900 autem
2598 5841 2686 5898 illa
2719 5857 2837 5913 quae
2863 5847 2980 5899 erat
3007 5839 3182 5910 magni
3209 5848 3262 5896 et
3289 5835 3493 5894 excelsi
3519 5833 3714 5897 animi,
