4138 6416
432 360 553 461 983

1685 395 1967 463 MENSIS
2005 404 2461 466 JANUARIUS.

3579 408 3683 472 984

441 517 494 558 ct
515 520 573 559 se
601 503 815 576 dignam
850 506 1109 561 censebat
1141 506 1636 576 pmstantioribus,
1666 515 1722 563 et
1751 508 1816 562 ad
1849 508 2011 563 alium

2126 511 2255 583 πρὸς
2291 512 2560 567 αθάνατόν
2587 529 2646 567 τε
2677 513 2838 570 ἄλλον
2866 516 3127 587 ἀφορῶσα
3160 519 3412 590 νυμφίον,
3441 520 3566 584 τοὺς
3587 514 3683 593 μὲν

441 610 699 665 sponsum
762 595 1071 653 intuebatur
1132 598 1540 666 immortalem,
1618 613 1743 655 cum
1802 603 2012 657 audiret

441 689 604 743 verba
656 687 772 743 fieri
817 688 885 744 de
929 689 1016 745 his
1052 691 1276 760 nuptiis,
1309 693 1363 747 in
1394 708 1529 763 quas
1556 694 1701 749 cadit
1741 694 2012 761 interitus,

443 778 668 849 putabat
718 792 843 834 esse
897 795 1074 851 nugas
1113 799 1126 836 :
1161 789 1216 837 et
1270 796 1371 839 nec
1393 776 1461 837 θυι
1504 783 1585 841 eis
1635 785 2011 848 assentiretur,

443 870 664 926 omnino
692 871 978 928 inducebat
1006 873 1060 927 in
1084 874 1345 940 animum,
1369 883 1424 930 et
1452 889 1550 930 nec
1579 885 1698 931 erat
1723 875 1830 931 ullo
1856 878 2015 932 modo

442 958 633 1017 affecta
677 963 1040 1020 muliebriter.
1093 965 1176 1020 Ab
1201 965 1295 1020 illo
1334 980 1462 1021 vero
1506 967 1624 1024 solo
1658 982 1859 1038 sponso
1898 966 2015 1036 ejus

443 1052 712 1121 pendebat
747 1054 989 1121 animus,
1032 1054 1257 1127 ejusque
1293 1070 1477 1113 amore
1519 1067 1577 1114 et
1626 1059 1922 1129 precordia
1959 1069 2016 1113 et

444 1159 540 1199 cor
566 1146 1119 1217 valde'sauciabatur,
1167 1159 1220 1205 ct
1264 1149 1331 1204 ad
1366 1149 1540 1219 ipsum
1577 1159 1747 1206 totum
1787 1165 2015 1207 conver-

416 1228 593 1291 tebat
627 1237 889 1294 animum.
936 1239 1294 1306 Quamobrem
1344 1242 1533 1296 statuit
1592 1254 1654 1299 se
1706 1243 2011 1298 clanculum

447 1328 770 1397 subducere,
804 1332 1225 1401 parentibusque
1251 1341 1306 1386 et
1338 1331 1500 1388 domo
1530 1333 1757 1399 relictis,
1791 1349 1850 1389 se
1876 1333 2014 1405 fugae

446 1420 805 1475 committere.
846 1418 962 1476 Hoc
999 1432 1177 1476 autem
1214 1435 1439 1480 versans
1488 1424 1690 1488 animo,
1723 1425 1858 1481 alios
1888 1425 2011 1496 qui-

445 1510 567 1565 dem
615 1510 855 1566 celavit:
888 1527 1022 1581 quas
1066 1528 1197 1567 vero
1258 1513 1466 1571 sciebat
1507 1530 1576 1571 ex
1628 1516 1841 1573 ancillis
1891 1532 2017 1573 esse

446 1614 639 1670 magna
671 1603 722 1655 in
753 1616 813 1656 se
850 1601 1250 1672 benevolentia,
1291 1615 1347 1662 et
1391 1607 1591 1677 alioqui
1623 1607 1681 1663 in
1708 1608 1894 1664 multis
1932 1610 2014 1665 sui

446 1706 696 1763 magnam
713 1692 926 1749 dedisse
964 1697 1374 1766 experientiam,
1403 1700 1544 1770 quod
1575 1716 1681 1756 non
1705 1709 1765 1755 ut
1791 1699 2016 1755 ancilla-

448 1798 587 1848 rum,
614 1797 787 1855 neque
805 1785 943 1841 adeo
972 1797 1032 1841 ut
1063 1787 1407 1857 feminarum,
1437 1805 1624 1847 earum
1669 1789 1830 1846 facile
1857 1804 2019 1860 cape.

2118 607 2248 677 περὶ
2277 604 2373 660 τοῦ
2416 607 2661 679 φθαρτοῦ
2719 609 2912 665 τούτου
2956 612 3137 684 γάμου
3184 612 3376 682 λόγους
3418 615 3687 669 ἀκούουσα

2116 696 2316 767 λήρους
2343 699 2549 767 ἠγεῖτο,
2588 701 2682 753 καὶ
2713 700 2833 755 οὐδὲ
2860 702 3193 774 πειθομένην
3224 703 3407 768 αὐτοῖς
3427 706 3564 768 ὅλως
3586 706 3685 778 τὴν

2118 787 2346 857 καρδίαν
2389 788 2582 856 ἐδίδου,
2615 792 2725 845 οὐδ’
2752 791 2834 847 ἔτι
2883 796 3196 862 γυναικεῖον
3233 792 3303 867 ἦν
3352 798 3641 869 πάσχουσα
3666 816 3683 832 ο

2119 879 2328 933 ἐκείνου
2357 880 2414 935 δὲ
2433 882 2528 936 τοῦ
2553 884 2790 954 νυμφίου
2822 885 2985 957 μόνου
3007 887 3106 960 τὴν
3131 887 3310 961 ψυχὴν
3334 891 3560 961 ἤρτητο,
3589 893 3688 946 καὶ

2115 970 2196 1042 τῷ
2218 971 2385 1027 αὐτοῦ
2410 973 2574 1046 ἔρωτι
2601 977 2701 1041 τὰς
2732 979 2935 1048 φρένας
2960 980 3053 1033 καὶ
3072 980 3171 1052 τὴν
3194 982 3429 1059 γκαρδίαν
3455 984 3689 1055 ίσχυρῶς

2118 1062 2421 1143 πέσπληκτο,
2461 1067 2728 1141 καὶπρὸς
2777 1070 2938 1125 αύτδν
2987 1072 3115 1142 ὅλην
3164 1077 3263 1144 τὴν
3313 1074 3550 1129 διάνοιαν
3580 1078 3689 1130 ἀπο

2116 1156 2404 1227 ησχόλητο.
2429 1160 2519 1213 Διδ
2545 1160 2640 1214 καὶ
2662 1160 2856 1232 κλέψαι
2873 1163 3072 1234 ἑαυτὴν
3088 1165 3247 1232 ἔγνω,
3274 1165 3369 1219 καὶ
3385 1168 3564 1235 γονεῖς
3594 1169 3688 1222 καὶ

2117 1241 2266 1300 οἷκον
2288 1249 2661 1305 ἀπολιποῦσαν
2690 1255 2837 1324 φυγῇ
2865 1254 3195 1324 χρήσασθαι.
3228 1256 3400 1310 Τοῦτο
3438 1257 3496 1311 δὲ
3532 1260 3692 1331 στρέ-

2118 1352 2294 1405 φουσα
2324 1339 2468 1391 κατὰ
2499 1339 2644 1407 νοῦν,
2682 1341 2819 1411 πρὸς
2854 1341 2955 1412 μὲν
2982 1344 3108 1406 τοὺς
3132 1342 3327 1408 ἄλλους
3377 1344 3690 1417 ἀπόρρητον

2120 1426 2373 1480 ἐποιεῖτο·
2412 1427 2478 1493 ἃς
2507 1429 2563 1481 δὲ
2596 1429 2704 1499 τῶν
2738 1431 3134 1503 θεραπαινίδων
3159 1434 3275 1505 ⁴ᾔδει
3320 1434 3519 1506 πολλὴν
3555 1436 3691 1507 πρὸς

2119 1520 2288 1589 αὐτὴν
2328 1519 2560 1590 ἐχούσας
2605 1522 2708 1592 τὴν
2761 1521 3000 1589 εὔνοιαν,
3037 1525 3134 1579 καὶ
3185 1524 3362 1588 ἄλλως
3406 1531 3602 1599 πεῖραν
3632 1530 3690 1582 ὲν

2121 1612 2339 1677 πολλοῖς
2371 1612 2695 1681 δεδωκυίας,
2718 1614 2794 1678 ὡς
2817 1615 2877 1669 ού
2905 1615 3046 1670 κατά
3074 1609 3434 1688 θεραπαίνας,
3459 1620 3519 1673 ού
3551 1621 3691 1675 κατά

2125 1706 2393 1772 γυναῖκας
2442 1704 2629 1768 ἁπλῶς
2678 1705 2950 1759 εὐάλωτον
2998 1707 3187 1770 αὐταῖς
3215 1707 3297 1778 είη
3322 1707 3381 1760 τὸ
3415 1708 3690 1778 φρόνημα,

2122 1789 2327 1855 ταύτας
2353 1791 2418 1862 δὴ
2460 1792 2973 1866 προσκαλεσαμένη,
3009 1795 3194 1866 ὅρκοις
3226 1813 3285 1849 τε
3327 1798 3690 1870 προκατειληο

446 1880 597 1927 retur
616 1881 674 1926 et
695 1883 1097 1945 expugnarctur
1115 1877 1330 1934 animus
1356 1892 1371 1932 :
1395 1894 1489 1936 eas
1509 1895 1633 1934 cum
1658 1879 2017 1945 aceersiisset,

2126 1883 2275 1948 φυῖα,
2299 1882 2477 1937 πάντα
2506 1883 2745 1954 γνησίως
2770 1886 2840 1940 τὰ
2864 1884 2961 1939 τοῦ
2993 1887 3324 1958 πράγματος
3352 1888 3690 1973 ἐξαγγέλλει,

445 1972 500 2016 et
549 1963 903 2034 jurejurando
961 1966 1254 2036 adegisset,
1305 1970 1385 2026 eis
1447 1979 1634 2040 aperte
1683 1977 1850 2026 totam
1904 1986 2018 2026 rem

447 2058 715 2124 enuntiat,
757 2061 1012 2130 quidnam
1046 2064 1262 2118 consilii
1296 2066 1550 2134 cepisset,
1591 2075 1647 2121 et
1670 2066 2021 2137 quemadmo-

447 2145 577 2201 dum
624 2149 846 2205 omnino
886 2153 1257 2210 constituisset
1304 2156 1543 2227 effugere
1589 2158 2019 2215 matrimonium.

448 2236 652 2295 Deinde
690 2240 896 2311 adjicit,
941 2243 1083 2314 quod
1115 2246 1160 2300 si
1201 2246 1421 2312 vellent,
1452 2264 1548 2304 eas
1574 2250 1736 2320 lmjus
1768 2251 1890 2306 boni
1939 2251 2022 2305 in-

449 2330 624 2384 stituti
673 2344 973 2390 assumeret
1017 2337 1217 2392 socias.
1261 2337 1388 2393 Haec
1435 2354 1564 2411 ergo
1589 2340 1750 2406 dixit,
1781 2351 1835 2396 et
1863 2341 2022 2396 simul

452 2436 539 2486 ea,
570 2436 692 2492 quae
725 2425 943 2481 obstare
993 2428 1331 2503 videbantur,
1378 2432 1651 2501 sapienter
1681 2433 2022 2502 expurgavit,

452 2510 657 2577 dicens,
717 2527 787 2569 ne
830 2515 898 2571 de
953 2531 1018 2571 ca
1061 2520 1362 2589 cogitarent
1396 2521 1621 2590 aliquid,
1667 2534 1920 2593 tanquam
1956 2524 2025 2578 de

445 2601 736 2672 juvencula
769 2615 823 2661 et
844 2607 1081 2664 thalamo
1101 2611 1349 2679 educata,
1381 2626 1556 2682 neque
1584 2621 1919 2682 vererentur,
1954 2629 2026 2670 ne

452 2709 571 2748 eam
601 2698 684 2751 sui
713 2698 1000 2766 pceniteret
1040 2701 1293 2769 instituti,
1326 2714 1379 2760 et
1408 2720 1478 2761 ne
1518 2719 1581 2760 ex
1621 2721 1685 2760 eo
1716 2720 1822 2760 non
1850 2708 2021 2761 solum

453 2786 576 2855 sibi,
607 2787 700 2843 sed
745 2791 826 2845 eis
853 2806 1067 2862 quoque
1109 2793 1334 2851 afferret
1388 2797 1683 2867 periculum
1711 2815 1726 2854 :
1755 2801 1848 2856 sed
1884 2801 2026 2855 bono

453 2879 634 2935 animo
680 2889 735 2937 et
775 2893 925 2976 certo
963 2885 1205 2953 credant,
1241 2891 1384 2958 quod
1416 2900 1470 2945 et
1525 2891 1571 2947 si
1605 2891 1684 2947 vis
1715 2892 1895 2948 omnis
1943 2893 2027 2947 in-

453 2971 679 3039 gruerit,
707 2973 754 3028 si
779 2971 948 3042 e‘nsis,
995 2976 1134 3046 ignis
1163 2989 1219 3034 et
1250 2980 1458 3045 bestias,
1487 2991 1543 3037 et
1576 2984 1619 3039 si
1647 2983 1849 3055 aliquid
1874 2985 2025 3057 aliud

453 3075 519 3114 ex
553 3061 639 3125 iis,
683 3078 801 3134 quae
832 3076 955 3123 sunt
1005 3084 1194 3138 aspera
1218 3082 1274 3127 et
1320 3072 1568 3143 molesta,
1609 3075 1885 3142 invaserit,
1920 3092 2024 3133 non

456 3167 583 3209 eam
610 3154 813 3215 abde
834 3158 1130 3216 dimovebit
1171 3165 1467 3234 proposito.
1498 3165 1631 3220 Cum
1664 3168 1745 3223 sic
1775 3168 2021 3234 dixisset,

457 3264 535 3303 eae
569 3265 780 3321 quoque
807 3263 996 3323 parent
1035 3263 1284 3334 prompto
1313 3265 1367 3312 et
1395 3256 1559 3311 alacri
1608 3259 1811 3327 animo,
1844 3268 1900 3315 et
1933 3275 2025 3315 as-

457 3341 765 3397 sentiuntur
805 3344 981 3399 eidem
1028 3345 1318 3400 instituto:
1372 3353 1425 3402 et
1455 3349 1570 3403 haec
1620 3363 1834 3418 quoque
1882 3366 2027 3407 ausa!

456 3439 580 3485 sunt
610 3431 845 3499 adjicere
870 3448 1067 3504 magno
1098 3444 1150 3489 et
1190 3436 1403 3490 excelso
1428 3437 1631 3515 animo,
1666 3439 1808 3507 quod
1839 3440 1885 3495 si
1921 3441 2027 3496 tale

456 3521 586 3589 quid
624 3536 689 3576 ex
720 3522 806 3587 iis,
839 3538 958 3593 quae
989 3525 1211 3592 nollent,
1258 3527 1579 3597 contigerit,
1613 3543 1674 3585 se
1713 3529 1871 3586 malle
1902 3546 2024 3587 cum

458 3627 520 3666 ea
564 3615 725 3679 mori,
758 3630 942 3685 quam,
969 3616 1013 3672 si
1054 3617 1123 3671 ab
1158 3632 1218 3673 ea
1264 3627 1607 3689 separentur,
1641 3620 1716 3676 uti
1752 3623 1909 3679 rebus
1941 3638 2024 3680 se—

459 3703 673 3760 cundis.
984 3712 989 3715 '

528 3794 617 3856 Ill.
657 3797 793 3854 Cum
817 3802 896 3856 sic
922 3802 1061 3858 inter
1080 3818 1139 3859 se
1158 3815 1340 3860 essent
1364 3814 1418 3861 et
1448 3821 1685 3864 assensus
1731 3818 1785 3864 et
1805 3808 2029 3880 pulchre

458 3889 756 3960 conjuncta:
779 3892 974 3949 animis
1013 3894 1148 3965 (tres
1175 3906 1355 3952 autem
1384 3912 1462 3954 eae
1489 3908 1646 3955 erant
1683 3901 1823 3969 apud
1853 3901 2031 3957 domi-

459 3984 608 4052 nam)
641 3981 750 4051 jam
780 3995 936 4041 erant
970 3985 1110 4041 inter
1136 4003 1195 4043 se
1222 4000 1276 4042 et
1308 3991 1515 4046 honore
1542 3994 1795 4060 mquales,
1818 4003 1874 4047 et
1899 4009 2029 4049 con-

459 4087 648 4135 servae,
683 4083 739 4128 et
774 4075 1019 4131 moribus
1050 4076 1288 4145 similes,
1339 4080 1457 4147 pari
1499 4092 1676 4136 mente
1716 4091 1928 4138 utentes
1972 4092 2031 4138 et

461 4162 574 4231 pari
609 4163 807 4229 studio,
858 4165 1221 4220 communiter
1272 4167 1528 4236 subjectae
1557 4171 1648 4223 uni
1698 4169 1947 4239 Domino,
1976 4181 2030 4226 et

459 4253 512 4318 ei
547 4252 708 4308 unitas
739 4269 753 4306 :
790 4263 844 4309 et
876 4263 1088 4325 tempus
1138 4269 1443 4326 quaerentes
1493 4272 1876 4332 opportunum,
1922 4281 2030 4335 quo

460 4359 520 4399 so
562 4346 826 4415 expeditas
862 4355 1081 4416 possent
1111 4347 1255 4419 fuga!
1284 4354 1645 4417 committere.
1679 4365 1735 4411 et
1769 4371 1889 4426 qua:
1923 4373 2028 4414 non

459 4438 857 4495 observaretur.
899 4440 1007 4495 Sed
1051 4455 1229 4511 neque
1270 4442 1389 4499 illos
1439 4444 1554 4501 dies
1584 4446 1894 4517 interiectos
1921 4459 2031 4506 sta-

2118 1968 2208 2027 οἷά
2238 1990 2298 2026 τε
2340 1972 2685 2044 βεσούλευται
2713 1976 2856 2030 κατά
2907 1976 3052 2044 νοῦν,
3098 1980 3192 2032 καὶ
3236 1980 3383 2045 ὅπως
3415 1969 3694 2052 διαδρᾶναι

2119 2065 2214 2121 τὸν
2237 2066 2415 2137 γάμον
2435 2068 2500 2122 ὲκ
2519 2067 2720 2131 παντὸς
2750 2068 3162 2142 προτεθύμηται
3183 2085 3198 2101 ·
3232 2066 3352 2124 εἶτα
3395 2071 3694 2144 προστίθη-

2122 2176 2228 2223 σιν,
2258 2160 2363 2226 ὅτι,
2401 2161 2504 2215 κᾶν
2533 2162 2725 2226 αὐταῖς
2768 2161 3124 2234 βουλομέναις
3178 2160 3235 2239 ᾖ,
3271 2166 3563 2227 κοινωνοὺς
3598 2165 3695 2217 αὐ-

2123 2250 2221 2315 τάς
2247 2250 2345 2305 τοῦ
2383 2252 2594 2321 ἀγαθοῦ
2625 2254 2779 2308 τοῦδε
2821 2254 3025 2308 σκοποῦ
3062 2256 3466 2328 παραλήψεται.
3500 2256 3687 2311 Ταῦτα

2122 2337 2214 2396 οὗν
2242 2342 2421 2411 ἔλεγε,
2477 2346 2574 2398 καὶ
2615 2344 2734 2414 ἀμα
2781 2344 2851 2398 τὰ
2910 2348 3327 2417 προσιστάμενα
3378 2343 3695 2415 διεκάθαιρε

2124 2432 2411 2503 νουνεχῶς,
2453 2433 2617 2504 μηδὲν
2643 2434 2770 2504 περὶ
2808 2434 2981 2503 αὐτῆς
3007 2433 3266 2502 λέγουσα,
3296 2434 3372 2498 ὡς
3399 2435 3527 2505 περὶ
3570 2435 3698 2498 νέας

2124 2526 2219 2578 καὶ
2263 2524 2492 2596 θαλάμῳ
2520 2525 2907 2597 τεθραμμένης
2938 2526 3268 2580 διανοεῖσθαι
3296 2541 3310 2556 °
3353 2526 3488 2596 μηδὲ
3532 2526 3699 2579 δεδοι-

2126 2614 2304 2681 κέναι,
2335 2617 2492 2685 φησὶ,
2542 2617 2754 2687 μήποτε
2792 2617 2887 2668 καὶ
2913 2615 3267 2688 μεταμελήσῃ
3313 2632 3404 2686 μοι
3442 2613 3536 2668 τοῦ
3572 2632 3700 2668 σκο-

2127 2705 2252 2773 ποῦ,
2283 2708 2379 2761 καὶ
2407 2707 2581 2761 δεινὸν
2612 2706 2863 2761 ἐντεῦθεν
2905 2708 3005 2761 οὐκ
3032 2708 3157 2777 ἐμοὶ
3205 2709 3387 2777 μόνον,
3431 2707 3567 2761 ἀλλὰ
3599 2709 3697 2762 καὶ

2126 2800 2257 2868 ὑμῖν
2286 2799 2484 2870 ὲγείρω
2517 2799 2610 2854 τὸν
2635 2800 2901 2854 κίνδυνονο
2931 2801 3156 2872 θαρρεῖν
3198 2800 3256 2854 δὲ
3302 2799 3560 2869 ἀσφαλῶς
3603 2802 3701 2856 καὶ

2128 2891 2469 2957 πεποιθέναι,
2514 2892 2595 2945 ὅτι
2623 2892 2729 2958 κᾶν
2761 2891 2852 2962 βία
2885 2894 3035 2947 πᾶσα
3087 2892 3324 2958 ἐπέλθοι,
3372 2892 3476 2948 κᾶν
3526 2892 3699 2962 ξίφος,

2126 2981 2229 3035 κᾶν
2260 2981 2392 3053 πῦρ,
2435 2980 2539 3035 κᾶν
2574 2981 2762 3051 θηρία,
2794 2981 2899 3035 κᾶν
2938 2981 2993 3034 εῐ
3022 2999 3075 3035 τι
3112 2981 3241 3036 ἄλλο
3266 2974 3375 3035 τῶν
3423 2982 3699 3053 χαλεπῶν,

2125 3073 2226 3126 οὐκ
2261 3072 2327 3126 ἂν
2384 3073 2534 3141 ἡμᾶς
2584 3072 2685 3143 τῆς
2734 3071 3049 3143 προθέσεως
3096 3073 3404 3143 ἐκστήσωσι
3466 3072 3695 3141 ταύτης.

2130 3163 2319 3226 Οὕτως
2354 3162 2640 3234 είπούσης,
2672 3162 2953 3216 πείθονται
2998 3162 3090 3215 καὶ
3114 3162 3278 3215 αὑταὶ
3311 3162 3454 3233 μάλα
3488 3161 3700 3235 προθύ-

2131 3273 2268 3326 μως,
2310 3256 2405 3310 καὶ
2431 3254 2508 3325 τῷ
2541 3254 2639 3326 ἴσῳ
2670 3255 2860 3325 σκοπῷ
2893 3254 3262 3329 συντίθενται·
3288 3255 3382 3308 καὶ
3403 3256 3511 3325 γάρ
3542 3254 3703 3324 ἐθάρ-

2130 3364 2303 3416 σησαν
2335 3347 2429 3400 καὶ
2461 3345 2618 3400 τοῦτο
2639 3345 2959 3418 προσθεῖναι
2980 3345 3102 3400 λίαν
3132 3345 3371 3414 εὐγενῶς
3400 3346 3497 3402 καὶ
3529 3362 3702 3415 μεγα-

2129 3439 2398 3510 λοψύχως,
2430 3440 2511 3492 ὅτι
2542 3438 2645 3492 κάν
2668 3456 2723 3492 τι
2745 3438 2990 3493 τοιοῦτον
3027 3439 3269 3510 συμϐαίη
3306 3439 3416 3493 τῶν
3461 3438 3693 3508 ἀδουλή-

2127 3549 2259 3597 των,
2296 3533 2587 3602 προκρῖναι
2619 3529 2818 3600 μᾶλλον
2839 3529 3131 3586 ἀποθανεῖν
3155 3531 3253 3584 σὺν
3287 3531 3448 3603 αὐτῇ,
3473 3530 3505 3602 ἢ
3527 3532 3696 3601 χωρὶς

2128 3621 2295 3687 οὔσας
2325 3621 2618 3677 ἀπολαύειν
2650 3623 2973 3694 εὐημερίας.

2203 3804 2274 3859 Γ’.
2317 3803 2503 3867 Οὕτως
2539 3802 2794 3875 ἀλλήλαις
2841 3802 3189 3871 συνθέμεναι,
3236 3800 3332 3854 καὶ
3384 3800 3484 3863 τὰς
3526 3798 3706 3870 ψυχάς

2138 3894 2322 3959 καλῶς
2350 3894 2711 3963 συναφθεῖσαι
2736 3894 2905 3965 (τρεῖς
2936 3894 2992 3947 δὲ
3013 3888 3174 3947 αὗται
3194 3892 3328 3963 πρὸς
3357 3894 3423 3963 τῇ
3446 3891 3703 3964 δεσποίνῃ

2134 3987 2473 4058 ἐτύγχανον),
2504 3987 2565 4040 τδ
2597 3985 2782 4040 λοιπὸν
2808 3985 2883 4048 ὡς
2914 3984 2980 4039 ἂν
3010 3984 3263 4056 ὁμότιμοι
3285 3984 3379 4037 καὶ
3396 3984 3698 4054 ὁμόδουλοι,

2134 4076 2237 4148 ἤδη
2268 4076 2327 4129 δὲ
2356 4076 2450 4130 καὶ
2478 4075 2775 4146 όμότροποι
2795 4068 2957 4144 ἦσαν,
2985 4072 3077 4145 ίσῃ
3096 4076 3160 4144 τῇ
3187 4069 3380 4147 γνώμῃ
3400 4076 3700 4145 χρώμεναι,

2135 4168 2224 4239 ίσῃ
2256 4167 2354 4221 καὶ
2378 4170 2446 4238 τῇ
2478 4166 2704 4236 σπουδῇ,
2747 4165 2839 4235 ὑφ’
2879 4165 2960 4218 ἐνὶ
2988 4165 3225 4237 δεσπότῃ
3247 4170 3401 4236 κοινῇ
3434 4166 3703 4236 ταττόμε-

2135 4278 2243 4327 ναι,
2282 4258 2377 4312 καὶ
2402 4257 2596 4312 τούτου
2631 4256 2825 4319 κοινῶς
2855 4255 3082 4327 ὲρῶσαι,
3105 4258 3199 4312 καὶ
3226 4259 3414 4328 καιρὸν
3443 4257 3705 4325 ξητοῦσαι

2136 4352 2229 4406 τὸν
2264 4351 2597 4420 ἐπιτήδειον,
2629 4348 2688 4412 ὃς
2736 4349 2803 4402 ἂν
2839 4349 3032 4412 αὐταῖς
3096 4348 3386 4419 ἀφώρατον
3439 4348 3558 4420 θείη
3609 4351 3707 4403 καὶ

2135 4443 2343 4515 ὁμαλὴν
2367 4442 2465 4511 τὴν
2493 4441 2691 4510 φυγήν.
2718 4437 2868 4511 Πλὴν
2893 4439 3028 4494 ἀλλά
3044 4439 3255 4503 καὶτὰς
3280 4440 3481 4510 μεταξὺ
3505 4440 3707 4502 ταύτας

461 4536 677 4582 tuerunt
726 4541 977 4599 oportere
1025 4531 1077 4586 in
1129 4533 1375 4589 socordia
1409 4541 1466 4590 et
1517 4537 1628 4591 otio
1681 4542 2023 4611 transigere:

2133 4535 2347 4606 ἡμέρας
2376 4533 2479 4586 οὐκ
2508 4532 2753 4600 ἔγνωσαν
2771 4531 2884 4584 δεῖν
2906 4530 3090 4584 ἀνέσει
3117 4530 3213 4583 καὶ
3230 4529 3476 4601 ῥᾳθυμίᾳ
3502 4528 3707 4594 διενεγ-

459 4620 553 4674 sed
576 4633 638 4675 se
668 4622 846 4689 potius
881 4622 1159 4679 afllictioni
1204 4626 1402 4682 dedere
1434 4637 1488 4682 et
1520 4629 1813 4696 laboribus,
1849 4646 1908 4686 se
1936 4646 2027 4684 ve-

459 4709 557 4763 luti
584 4712 735 4780 prius
755 4722 1072 4771 exercentes
1095 4723 1148 4771 et
1177 4717 1599 4776 assuefacientes
1627 4723 1843 4779 virtutis
1871 4725 2030 4779 sudo-

459 4803 630 4858 ribus.
686 4805 885 4860 Earum
919 4821 1048 4861 vero
1075 4807 1292 4863 domina
1319 4818 1375 4864 et
1414 4796 1674 4882 princeps
1713 4799 1870 4884 hujus
1898 4814 2029 4884 pul-

458 4893 717 4949 cherrhni
755 4896 989 4962 consilii,
1038 4897 1194 4953 beata
1241 4900 1365 4967 illa,
1412 4903 1654 4973 inquam,
1695 4903 1938 4976 Hospita,
1973 4916 2031 4961 ut

457 5002 579 5056 qua:
603 4989 753 5057 prius
782 4989 918 5060 fuga:
941 4990 1305 5060 complanaret
1328 4995 1599 5061 semitam,
1623 5006 1678 5050 et
1698 4997 1800 5052 hoc
1825 5007 2027 5068 ageret,

459 5088 518 5133 ut
542 5080 917 5150 esset-absque
945 5081 1050 5136 ulla
1074 5081 1392 5149 oﬁ'ensione,
1428 5086 1739 5142 universum
1772 5091 2027 5146 mundum

457 5168 801 5234 muliebrem,
836 5173 927 5239 qui
974 5183 1095 5228 erat
1125 5182 1230 5228 tam
1265 5175 1317 5229 in
1350 5187 1498 5232 veste
1525 5192 1688 5248 quam
1718 5178 1772 5233 in
1807 5195 1942 5236 auro
1975 5190 2031 5236 et

447 5270 705 5332 argento,
742 5262 1094 5320 inscientibus
1125 5267 1461 5333 parentibus,
1516 5283 1609 5338 per
1640 5269 1759 5325 illas
1806 5271 2030 5327 ancillas

455 5353 664 5409 ferebat
696 5357 764 5411 ad
792 5370 1075 5426 pauperes.
1112 5358 1247 5413 Cum
1298 5369 1477 5414 autem
1517 5370 1570 5416 et
1611 5362 1726 5417 haec
1769 5362 1843 5417 illi
1880 5374 2029 5418 recte

456 5445 738 5514 traherent,
786 5447 986 5519 etiam
1035 5459 1245 5520 tempus
1294 5451 1510 5506 adesset
1537 5453 1872 5522 nuptiarum,
1900 5463 2030 5510 tunc

452 5536 672 5593 modum
706 5537 847 5607 fuga
877 5542 957 5595 eis
988 5555 1204 5611 quoque
1235 5543 1505 5613 suggessit
1533 5543 1776 5614 Hospita.
1812 5545 2028 5603 Mntatis

459 5638 607 5682 certe
639 5630 897 5693 vestibus,
939 5641 996 5687 et
1044 5640 1104 5686 ut
1131 5633 1414 5701 oportebat
1446 5647 1561 5699 eas,
1598 5648 1720 5704 quae
1752 5644 1909 5690 erant
1947 5637 2028 5691 vi-

458 5717 544 5770 rili
572 5719 774 5786 animo,
806 5724 1048 5779 vestibus
1077 5718 1279 5780 induta:
1314 5726 1583 5793 virilibus,
1619 5730 1692 5782 ita
1723 5728 2026 5784 clanculum

460 5817 688 5874 egressae
710 5821 836 5867 sunt
854 5824 1005 5871 extra
1028 5815 1170 5874 foras
1202 5836 1215 5873 :
1243 5816 1402 5875 simul
1423 5820 1614 5876 ﬂentes
1638 5829 1693 5877 et
1712 5821 2024 5891 gaudentes,

2133 4628 2273 4691 κεῖν,
2305 4622 2443 4679 ἀλλά
2473 4622 2817 4694 κακοπαθείᾳ
2866 4621 3067 4693 μᾶλλον
3122 4621 3215 4673 καὶ
3271 4619 3455 4682 πόνοις
3505 4618 3705 4680 ἑαυτὰς

2133 4716 2341 4780 ἔδοσαν,
2372 4714 2536 4770 οίονεὶ
2565 4712 3053 4786 προγυμνάζουσαι
3081 4713 3175 4765 καὶ
3206 4709 3459 4781 συνήθεις
3488 4709 3585 4762 καὶ
3617 4710 3705 4760 ἐν·

2129 4807 2339 4877 τριϐεῖς
2372 4807 2570 4870 ἑαυτὰς
2601 4805 2738 4876 πρὸς
2767 4806 2895 4867 τοὺς
2915 4806 3012 4873 τῆς
3035 4798 3239 4874 ἀρετῆς
3258 4802 3493 4869 ἱδρῶτας
3519 4798 3705 4853 ποιοῦ-

2133 4916 2245 4953 σαι.
2286 4899 2349 4966 Ἡ
2389 4899 2573 4969 μέντοι
2612 4896 2866 4958 δεσπότις
2918 4894 3099 4949 αὐτῶν
3134 4894 3233 4948 καὶ
3269 4893 3367 4963 τῆς
3411 4891 3706 4961 καλλίστης

2129 4989 2331 5062 ταύτης
2362 4989 2556 5061 βουλῆς
2588 4988 2850 5059 ἀρχηγὸς,
2877 4989 2911 5056 ἡ
2938 4986 3204 5057 μακαρία,
3236 4985 3401 5056 φημὶ,
3424 4982 3586 5054 Ξένη.
3616 4977 3707 5036 οἷα

2130 5084 2194 5155 δὴ
2225 5081 2668 5154 προομαλίζουσα
2710 5083 2769 5134 ὲν
2807 5081 2946 5152 αὐτῇ
2969 5080 3068 5149 τὴν
3112 5078 3212 5150 τῆς
3263 5077 3443 5147 φυγῆς
3492 5074 3703 5148 τρίϐον,

2131 5175 2225 5229 καὶ
2285 5173 2637 5245 ἀπρόσκοπον
2689 5171 2824 5235 ὅλως
2859 5170 3114 5239 γενέσθαι
3180 5166 3704 5239 παρασκευάζουσα,

2129 5267 2220 5321 τὸν
2244 5266 2554 5335 γυναικεῖον
2582 5263 2799 5318 ἅπαντα
2846 5261 3073 5332 κόσμον,
3120 5261 3245 5323 ὅσος
3292 5275 3355 5312 τε
3409 5260 3467 5311 ἐν
3517 5257 3705 5326 ἐσθῆτι

2130 5360 2223 5411 καὶ
2253 5359 2375 5421 ὅσος
2413 5359 2471 5411 ὲν
2507 5355 2735 5427 ἀργύρῳ
2752 5370 2812 5406 τε
2837 5355 2931 5406 καὶ
2970 5350 3178 5423 χρυσῷ,
3212 5350 3707 5412 λανθάνουσα.τοῑ)ς

2131 5450 2393 5521 πατέρας,
2415 5448 2482 5501 δι’
2506 5447 2730 5501 ἐκείνων
2753 5446 2818 5517 δὴ
2847 5444 2955 5497 τῶν
2983 5441 3386 5514 θεραπαινίδων
3414 5440 3549 5512 πρὸς
3572 5440 3700 5501 τοὺς

2131 5544 2369 5613 πένητας
2394 5541 2662 5613 ἐξεφόρει.
2706 5541 2859 5594 Ἐπεὶ
2884 5540 2942 5593 δὲ
2992 5542 3086 5593 καὶ
3137 5544 3310 5593 ταῦτα
3347 5534 3491 5609 εἶχεν
3522 5536 3706 5606 ἐκείνῃ

2133 5637 2336 5701 καλῶς,
2365 5636 2463 5690 καὶ
2494 5637 2520 5689 ὁ
2542 5635 2731 5704 καιρὸς
2753 5635 2854 5705 ἤδη
2887 5633 2978 5686 τοῦ
3012 5634 3189 5703 γάμου
3218 5633 3422 5703 παρῆν,
3453 5631 3577 5683 τότε
3607 5629 3703 5681 καὶ

2130 5729 2222 5782 τὸν
2260 5729 2360 5799 τῆς
2392 5728 2568 5799 φυγῆς
2604 5727 2806 5798 τρόπον
2838 5728 2871 5796 ἡ
2899 5726 3041 5796 Ξένη
3073 5726 3168 5779 καὶ
3208 5726 3401 5787 αὐταῖς
3430 5721 3702 5775 ὑπετίθει.

2131 5821 2550 5889 Μετασαλοῦσᾳι
2574 5819 2704 5890 γοῦν
2731 5818 2827 5884 τὰς
2863 5817 3117 5890 ἐσθῆτας,
3160 5818 3252 5872 καὶ
3296 5818 3443 5881 ὅπως
3477 5813 3578 5868 ἔδει
3610 5813 3707 5875 τὰς
