4138 6412
411 404 519 466 985

1673 407 1850 466 νιΤΑ
1893 409 1954 470 S.
1994 408 2364 470 ΕΠΞΕΒΙΕ.

3541 412 3650 476 986

411 516 511 586 τὴν
545 513 723 584 ψυχὴν
745 511 1002 583 άνδρικὰς
1031 513 1241 584 ἀνδρῶν
1273 513 1467 578 στολάς
1515 516 1980 587 μεταμφιασάμεο-

2087 517 2166 571 vel
2201 519 2381 586 potius
2411 519 2542 587 ipsae
2574 519 2824 594 lacryma:
2858 530 3014 578 erant
3044 520 3334 592 voluptatis
3359 521 3660 579 etlatitia-

413 625 524 672 ναι,
555 604 700 660 οῦτω
728 604 988 660 λαθοῦσαι
1023 607 1118 659 τοῦ
1148 606 1397 670 πυλῶνος
1427 607 1675 678 ἐξῄεσαν,
1706 607 1988 662 κλαίουσαι

412 716 472 752 τε
506 699 600 752 καὶ
642 695 779 766 όμοῦ
836 697 1127 767 χαίρουσαι
1153 713 1168 728 ο
1197 698 1399 768 μᾶλλον
1431 699 1490 752 δὲ
1530 699 1625 752 καὶ
1670 699 1740 752 τὰ
1779 699 1989 770 δάκρυα

413 789 610 860 ἡδονῆς
649 785 717 860 ἦν
753 788 943 850 αὐταῖς
977 788 1070 840 καὶ
1100 791 1276 858 χαρᾶς
1302 790 1536 860 δάκρυα.
1581 789 1841 862 Ἐξῄεσαν
1870 786 1986 853 οῦν.

415 882 490 936 Σὺ
515 881 676 950 γενοῦ
708 880 828 952 μεθ’
877 880 1059 952 ἡμῶν,
1092 881 1188 934 Υἱὲ
1228 881 1319 935 τοῦ
1361 881 1519 944 Θεοῦ,
1570 883 1862 950 λέγουσαι,
1894 882 1988 936 καὶ

413 973 681 1043 γνώρισον
710 974 840 1043 ἡμῖν
867 972 985 1026 όδὸν
1033 976 1092 1027 ἐν
1202 973 1608 1044 πορευσόμεθα,
1649 976 1730 1028 ὃτι
1764 975 1900 1045 πρὸς
1929 973 1988 1028 σὲ

413 1065 508 1119 καὶ
542 1063 769 1135 γνώμην
801 1065 930 1134 ὃλην
963 1065 1219 1136 ἠράμεθα
1247 1067 1342 1120 καὶ
1368 1065 1564 1136 ψυχήν.
1599 1067 1988 1136 Πορευομένων

412 1156 490 1220 δὲ,
519 1154 675 1218 αὖθις
709 1158 740 1226 ἡ
769 1156 990 1224 γενναία
1013 1154 1389 1226 παραινέσεως
1419 1156 1550 1227 πρὸς
1569 1157 1741 1219 αὑτὰς
1757 1157 1986 1227 ἥπτετο,

413 1249 597 1318 Μηδὲν
637 1249 803 1316 ὑμᾶς,
836 1248 1091 1315 λέγουσα,
1118 1242 1163 1302 ὧ
1186 1249 1413 1316 ἀδελφαὶ
1452 1246 1616 1318 (οὓτω
1644 1247 1755 1319 γὰρ
1787 1247 1898 1317 ἐγὼ
1920 1247 1982 1300 τὸ

413 1341 602 1394 λοιπὸν
629 1340 772 1409 ὑμᾶς
790 1340 976 1394 καλεῖν
1000 1339 1160 1410 ἔχω),
1188 1340 1354 1412 μηδὲν
1374 1340 1484 1394 τῶν
1509 1340 1710 1410 γηΐνων
1734 1343 1989 1410 ὲπιστρετι

413 1431 563 1499 φέτω
597 1430 735 1500 πρὸς
770 1430 951 1496 ἐαυτὺ,
996 1431 1130 1501 μηδὲ
1181 1433 1398 1486 είσιέτω
1434 1431 1675 1502 μηδεμία
1726 1433 1826 1502 τῆς
1857 1432 1988 1485 καλ-

413 1521 602 1590 λίστης
631 1523 774 1590 ὑμᾶς
804 1521 998 1592 βουλῆς
1047 1523 1410 1593 ματαμέλεια.
1455 1523 1621 1575 Οὐδὲν
1661 1521 1770 1590 γάρ
1808 1539 1985 1592 μακα-

421 1609 680 1680 ριώτερον
718 1609 818 1678 τῆς
863 1610 982 1663 ὁδοῦ
1019 1610 1224 1681 ταύτης
1275 1611 1425 1682 εὖροι
1482 1627 1567 1673 τις
1617 1611 1712 1664 ἄν’
1741 1611 1849 1663 είτε
1877 1610 1985 1680 γὰρ

415 1704 484 1756 τά
515 1701 754 1772 παρόντα
784 1701 1115 1772 σκοποῦμεν,
1139 1702 1246 1769 ἔξω
1269 1701 1470 1765 παντὸς
1497 1701 1658 1771 ὃχλου
1682 1703 1777 1754 καὶ
1807 1717 1985 1770 πραγ-

415 1793 602 1862 μάτων
645 1795 844 1862 ἡμεῖς’
884 1793 994 1846 εἴτε
1046 1793 1295 1863 καὶπερὶ
1328 1793 1439 1846 τῶν
1494 1791 1797 1862 μελλόντων
1837 1791 1988 1858 λογί-

2093 608 2333 678 Egressm
2375 618 2502 664 sunt
2532 626 2662 682 ergo
2694 614 2813 669 :Tu
2863 615 2940 670 sis
2992 615 3296 679 nobiscum,
3331 615 3598 679 dicentes,
3631 631 3666 671 ο

2091 699 2193 754 Fili
2222 699 2338 764 Dei,
2365 709 2420 755 et
2452 701 2696 772 signiiica
2729 705 2883 760 nobis
2905 705 3073 770 viam,
3105 721 3208 776 qua
3235 721 3420 760 sumus
3450 706 3666 776 ingres-

2091 807 2258 858 surae,
2289 794 2356 847 ad
2395 805 2444 848 te
2479 795 2621 848 enim
2655 802 2822 849 totam
2859 806 3095 851 mentem
3128 805 3182 851 et
3211 796 3446 850 animam
3479 805 3666 850 sustu-

2091 883 2272 938 limus.
2304 883 2396 939 Eis
2439 895 2620 940 autem
2664 887 3118 954 ingredientibus,
3169 889 3325 943 beata
3351 889 3444 942 illa
3477 903 3666 943 rursus

2089 977 2254 1045 empit
2285 991 2380 1032 eas
2424 977 2757 1034 admonere:
2792 976 2961 1045 Nihil,
3008 994 3041 1034 ο
3087 994 3307 1036 sorores
3363 979 3485 1049 (sic
3519 980 3663 1034 enim

2089 1083 2208 1122 sum
2268 1083 2365 1123 vos
2417 1069 2672 1139 deinceps
2723 1070 3036 1140 vocatura),
3086 1070 3240 1135 nihil,
3297 1070 3539 1138 inquam,
3596 1086 3664 1126 ex

2091 1160 2322 1215 terrenis
2353 1162 2516 1216 rebus
2545 1177 2641 1218 vos
2670 1161 2737 1216 ad
2766 1177 2824 1216 se
2847 1171 3150 1228 convertat,
3179 1175 3281 1216 nec
3315 1161 3664 1231 pulcherrimi

2088 1252 2301 1307 consilii
2350 1268 2444 1309 vos
2489 1254 2592 1308 ulla
2644 1256 2836 1310 subeat
2873 1255 3214 1324 poenitentia.
3258 1253 3370 1309 Ilae
3403 1254 3546 1307 enim
3578 1253 3665 1306 via

2089 1357 2194 1397 non
2226 1344 2495 1399 invenerit
2526 1345 2722 1416 aliquis
2760 1345 3057 1414 quidquam
3110 1345 3339 1400 beatius.
3376 1342 3511 1398 Nam
3549 1342 3666 1396 sive

2087 1441 2392 1500 spectemus
2435 1435 2750 1502 prasenlia,
2804 1448 2994 1489 sumus
3047 1444 3268 1488 remotae
3316 1433 3384 1488 ab
3412 1430 3664 1485 omnibus

2089 1523 2263 1579 turbis
2289 1532 2343 1578 et
2372 1525 2606 1594 negotiis
2638 1542 2654 1580 :
2685 1525 2799 1580 sive
2831 1524 3058 1578 velimus
3082 1523 3426 1578 considerare
3457 1521 3659 1584 futura,

2087 1627 2264 1682 neque
2296 1629 2478 1678 mens,
2518 1629 2696 1684 neque
2736 1615 2912 1670 oratio
2942 1623 3124 1685 potest
3149 1627 3212 1668 ea
3244 1612 3383 1665 bona
3415 1624 3663 1679 compre-

2089 1702 2348 1766 hendere,
2371 1721 2490 1771 qua:
2511 1721 2604 1761 cos
2631 1717 2872 1770 manent,
2903 1707 2994 1775 qui
3023 1708 3162 1760 hanc
3192 1706 3354 1760 vitam
3377 1703 3662 1771 elegerint.

2089 1790 2222 1846 Cum
2253 1807 2330 1847 ea:
2358 1796 2471 1849 hare
2493 1797 2655 1850 verba
2686 1797 2938 1851 audirent
2961 1797 3016 1850 in
3047 1795 3261 1860 itinere,
3293 1791 3663 1848 accendeban-

411 1883 600 1948 ζεσθαι,
637 1883 1021 1955 προῃρήμεθα,
1072 1883 1197 1936 οὔτε
1237 1882 1365 1945 νοῦς
1403 1880 1736 1944 καταλαϐεῖν
1775 1879 1977 1951 αὐτάρ-

2087 1891 2172 1936 tur
2201 1884 2417 1951 animis,
2447 1895 2504 1941 et
2533 1902 2596 1941 ea
2625 1902 2752 1956 spe,
2793 1903 2912 1957 quae
2945 1899 3028 1944 est
3068 1903 3132 1942 ex
3159 1887 3291 1953 Deo,
3324 1885 3496 1954 magis
3523 1896 3660 1937 cou-

411 1992 537 2046 κης,
567 1973 690 2028 οὗτε
735 1975 892 2043 λόγος
940 1976 1134 2041 εἰπεῖν,
1171 1975 1270 2027 ὅσα
1307 1975 1434 2036 τοὺς
1464 1973 1563 2044 τὴν
1615 1973 1733 2027 ὁδὸν
1774 1971 1982 2043 ταύτην

2094 1974 2470 2030 firmabantur.

409 2070 703 2141 ἑλομένους
734 2069 1023 2141 περιμένει
1053 2069 1123 2122 τὰ
1150 2067 1349 2136 ἀγαθά.
1382 2067 1601 2121 Τούτων
1677 2067 1884 2120 ἐκεῖναι
1945 2064 2056 2118 τῶν
2093 2066 2269 2138 λόγων
2315 2070 2420 2124 ἀνὰ
2461 2069 2562 2143 τὴν
2613 2069 2840 2143 πορείαν
2891 2070 3186 2126 ἀκούουσαι
3225 2068 3665 2142 διεθερμαίνοντο

405 2168 506 2230 τάς
535 2165 733 2237 ψυχὰς,
761 2167 856 2218 καὶ
889 2167 955 2236 τῇ
983 2164 1124 2218 κατὰ
1153 2163 1286 2218 Θεὸν
1315 2162 1492 2216 ἐλπίδι
1547 2162 1747 2234 μᾶλλον
1777 2160 2139 2234 ὲρρώννυντο.

479 2258 553 2316 A'.
600 2259 837 2330 Πλησίον
885 2259 943 2311 δέ
1007 2274 1110 2311 που
1167 2257 1461 2327 γενόμεναι
1523 2258 1621 2325 τῆς
1685 2255 1983 2324 θαλάσσης,

407 2352 592 2408 πλοῖον
622 2352 1050 2422 ὲμπαράσκευον
1071 2351 1173 2422 ήδη
1198 2351 1293 2404 καὶ
1309 2350 1589 2406 ἀποπλεῖν
1617 2349 1810 2418 μέλλον
1839 2347 1982 2419 (οὐδὲ

406 2444 600 2498 τούτου
635 2442 850 2505 πάντως
872 2442 1066 2504 αὑταῖς
1093 2439 1245 2494 ἀθεεὶ
1274 2437 1668 2510 συμπεσόντος)
1691 2435 1985 2508 εὑρίσκου-

410 2557 517 2605 σιν,
550 2539 608 2591 ὲν
631 2529 674 2605 ᾧ
711 2534 1082 2606 περεμϐᾶσαι,
1114 2535 1213 2588 καὶ
1239 2532 1551 2602 πνεύματος
1590 2530 1854 2600 ἐπιφόρου
1889 2546 1984 2581 τυ-

409 2633 624 2704 χοῦσαι,
665 2629 766 2700 τὴν
831 2626 1246 2698 Ἀλεξάνδρειαν
1299 2626 1356 2678 ὲν
1413 2623 1609 2694 βραχεῖ
1665 2623 1979 2691 φθάνουσιν.

407 2721 543 2779 Εἶτα
566 2722 774 2777 ἐκεῖθεν
797 2721 1083 2791 ἀπάρασαι
1113 2718 1300 2780 πάλιν,
1335 2716 1485 2786 παρὰ
1513 2719 1579 2785 τῇ
1607 2717 1752 2785 νήσῳ
1786 2718 1852 2785 τῇ
1888 2714 1984 2781 Κῷ

409 2817 651 2886 γίνονται
675 2828 690 2843 ⁸
728 2812 907 2867 πάντα
939 2813 1056 2882 γὰρ
1106 2808 1326 2863 ἐποίουν
1385 2807 1520 2879 πρὸς
1548 2808 1607 2860 τὸ
1649 2806 1853 2871 λαθεῖν,
1892 2807 1984 2858 καὶ

409 2905 551 2960 ὥστε
580 2903 917 2974 ζητουμένας
960 2900 1277 2969 άγνώστους
1307 2897 1577 2968 γίνεσθαι.
1608 2899 1681 2950 Ού
1708 2896 1816 2968 μὴν
1848 2895 1985 2948 ἀλλὰ

408 3000 507 3054 καὶ
539 2997 714 3059 ἄλλως
744 2995 942 3066 ἧρεσεν
969 2993 1163 3056 αὑταῖς
1189 2991 1426 3045 ἐνταῦθα
1454 2989 1556 3060 τῆς
1591 3006 1648 3042 τε
1677 2988 1798 3043 ὁδοῦ
1841 2987 1982 3040 παύ-

411 3088 626 3150 σασθαι,
659 3088 757 3142 καὶ
781 3085 967 3138 ἀνέσει
991 3082 1177 3137 δοῦναι
1213 3081 1310 3136 καὶ⁹
1346 3080 1576 3150 σώματα
1625 3077 1722 3134 καὶ
1776 3077 1978 3148 ψυχὰς,

408 3179 504 3233 ἆτε
532 3176 731 3246 πολλὴν
758 3174 988 3246 ἡσυχίαν
1014 3172 1114 3241 τῆς
1145 3172 1310 3242 νήσου
1352 3169 1619 3241 παρέχειν
1650 3166 1818 3238 οῦσης
1855 3167 1983 3220 ὲπι-

405 3267 647 3336 τηδείας,
691 3265 885 3317 ἔπειτα
921 3247 1109 3316 δὲκαὶ
1152 3261 1289 3332 πρὸς
1331 3260 1392 3312 τὸ
1432 3257 1721 3329 ἀφώρατον
1755 3257 1985 3311 πλεῖστα

409 3357 826 3430 συναιρομένης.
841 3353 929 3418 Ὦς
947 3351 1039 3407 οῦν
1057 3355 1115 3407 ὲν
1136 3351 1230 3421 Κῷ
1246 3349 1348 3423 [ὲν]
1363 3349 1981 3421 ἀσφαλεῖίκατέστησαν,

405 3453 467 3507 τὸ
499 3453 808 3522 γυναικεῖον
834 3448 992 3510 αὖθις
1023 3447 1356 3517 ὑπέρχονται
1391 3443 1602 3515 σχῆμα,
1629 3440 1982 3513 εῐτακοίκημα

2160 2254 2250 2310 ιν.
2290 2254 2424 2310 Cum
2477 2265 2656 2312 autem
2711 2256 2943 2312 fuissent
2996 2271 3161 2326 prope
3193 2269 3366 2319 mare,
3413 2262 3662 2323 paratum

2088 2348 2371 2404 inveniunt
2400 2350 2694 2419 navigium,
2726 2360 2780 2404 et
2802 2350 2913 2419 jam
2940 2349 3376 2419 enavigaturum,
3410 2361 3534 2400 cum
3564 2358 3664 2399 nec

2087 2439 2144 2494 id
2185 2441 2401 2509 quidem
2449 2441 2530 2496 eis
2572 2441 2690 2496 sine
2732 2441 2824 2496 Dei
2870 2442 3099 2496 numine
3145 2439 3452 2494 accidisset.
3508 2435 3669 2502 Quod

2085 2547 2206 2587 cum
2247 2534 2640 2600 ascendissent,
2683 2545 2738 2590 et
2776 2546 2996 2590 ventum
3035 2532 3333 2589 secundum
3371 2540 3545 2584 nactae
3574 2541 3664 2582 es-

2085 2633 2228 2689 sent,
2277 2627 2423 2680 brevi
2475 2627 2797 2695 perveniunt
2847 2625 3255 2680 Alexandriam.
3294 2621 3496 2675 Deinde
3536 2633 3661 2673 cum

2085 2718 2231 2772 illinc
2280 2717 2604 2782 solvissent,
2651 2720 2873 2772 veniunt
2939 2733 3128 2772 rursus
3185 2718 3236 2770 itt
3287 2714 3365 2768 Co
3407 2711 3660 2767 insulam.

2084 2809 2274 2866 Omnia
2321 2811 2467 2864 enim
2519 2809 2794 2865 faciebant
2829 2811 2895 2864 ad
2931 2810 3055 2871 hoc,
3107 2818 3165 2861 ut
3215 2807 3467 2866 laterent,
3511 2811 3564 2855 et
3600 2807 3662 2854 ut

2084 2903 2345 2971 quaesita,
2401 2903 2623 2956 minime
2687 2910 3135 2973 agnoscerentur.
3189 2898 3331 2965 Quin
3369 2897 3529 2950 etiam
3577 2893 3661 2948 eis

2084 2994 2282 3064 alioqui
2313 2995 2516 3066 placuit
2533 3009 2564 3050 a
2589 2994 2672 3048 via
2696 2993 2784 3048 hic
2806 2993 3118 3063 quiescere,
3142 3000 3195 3043 et
3215 3000 3440 3055 corpora
3463 2996 3514 3038 et
3541 2983 3659 3036 ani-

2085 3099 2202 3138 mos
2234 3098 2517 3148 recreare,
2551 3092 2740 3152 utpote
2775 3082 2918 3152 quod
2949 3089 3004 3134 et
3038 3085 3164 3149 apta
3201 3087 3345 3131 esset
3387 3073 3559 3128 insula
3591 3070 3661 3126 ad

2083 3176 2320 3244 quietem
2366 3174 2733 3246 prabendam,
2763 3183 2816 3229 et
2847 3174 3074 3226 multum
3115 3167 3392 3224 conferret
3426 3168 3492 3218 ad
3521 3165 3657 3228 hoc,

2085 3277 2144 3323 ut
2171 3283 2278 3323 non
2306 3275 2528 3338 possent
2558 3264 2909 3335 deprehendi.
2943 3260 3233 3332 Postquam
3263 3273 3393 3326 ergo
3421 3255 3576 3311 fuere
3603 3252 3658 3308 in

2087 3370 2220 3428 tuto,
2253 3360 2571 3414 muliebrem
2602 3371 2792 3411 rursus
2821 3356 3067 3410 habitum
3101 3351 3428 3420 suscipiunt.
3457 3343 3660 3400 Deinde

2085 3467 2208 3508 cum
2239 3449 2605 3506 habitaculum
2643 3449 2694 3502 in
2727 3455 2976 3516 separato
3005 3444 3234 3512 quodam
3260 3440 3378 3493 loco
3410 3433 3660 3489 mercede

408 3544 544 3616 πρός
566 3559 686 3596 τινα
724 3539 993 3604 ἰδιάζοντα
1018 3537 1182 3592 τόπον
1207 3537 1472 3592 λαϐοῦσαι
1503 3536 1720 3608 μισθοῦ⁹
1744 3537 1860 3590 ἐκεῖ
1881 3537 1978 3606 τῆς

2088 3544 2497 3606 conduxissent,
2540 3541 2650 3595 illic
2679 3541 2921 3596 studiose
2955 3540 3150 3592 divinae
3189 3533 3453 3589 vacabant
3487 3527 3662 3599 philo-

407 3637 548 3693 κατὰ
577 3635 708 3689 Θεὸν
731 3630 1047 3702 φιλοσοφίας
1069 3629 1340 3700 ἐπιμελῶς
1367 3631 1594 3699 εἴχοντο.
1628 3628 1800 3682 Τοῦτο
1823 3629 1878 3683 δὲ
1910 3630 1977 3700 τῇ

407 3729 545 3800 δένῃ
573 3729 938 3797 διαφερόντως
985 3723 1046 3778 τὸ
1083 3722 1542 3791 σπουδαζόμενον,
1584 3720 1776 3792 μηδενὶ
1830 3719 1983 3788 γενέ-

413 3823 534 3876 σθαι
581 3819 870 3889 καταφανῆ
921 3816 1050 3887 μήτ’
1086 3816 1278 3886 αὐτὴν,
1344 3814 1482 3884 μήτε
1517 3813 1616 3882 τὴν
1665 3811 1807 3866 κατὰ
1846 3811 1980 3864 Θεὸν

412 3915 578 3984 αὐτῆς
609 3913 856 3980 ἀγωγὴν,
885 3908 1004 3962 ἀλλ’
1029 3909 1167 3970 ὅλως
1195 3910 1308 3970 τοῖς
1339 3904 1653 3976 ἀνθρώποις
1698 3903 1984 3974 ἀγνοηθεῖ-

413 4021 533 4065 σαν,
562 4002 703 4056 οὕτω
739 4000 978 4072 μάλιστα
1005 3997 1254 4066 γνωστὴν
1281 3995 1538 4065 γενέσθαι
1563 3993 1682 4065 Θεῷ
1702 4011 1716 4026 ·
1747 3995 1840 4048 καὶ
1874 3993 1984 4064 γὰρ

407 4099 507 4165 τήν
536 4113 594 4148 τε
641 4095 830 4165 φήμην
865 4091 1042 4155 ἄλλως
1084 4089 1438 4152 ὲδυσωπεῖτο,
1477 4086 1764 4140 ὑπώπτευε
1795 4086 1850 4139 δὲ
1890 4087 1984 4139 καὶ

407 4191 508 4260 τὴν
532 4189 641 4242 τῶν
684 4185 938 4254 πατέρων
967 4182 1198 4254 ἔρευναν
1233 4179 1492 4251 ἰσχυρῶς.
1547 4178 1700 4250 ᾜδει
1742 4178 1851 4249 γὰρ
1901 4179 1983 4232 ὅτι

410 4281 486 4354 μὴ
521 4280 722 4350 ἀμελὲς
754 4277 944 4348 χρῆμα
988 4273 1126 4346 μηδὲ
1191 4272 1374 4344 ῥᾴδιον
1424 4271 1669 4338 ἐνεγκεῖν
1721 4269 1985 4338 φιλτάτης

410 4374 598 4431 παιδος
629 4371 908 4426 ἀπώλειαν
941 4365 1323 4437 φιλοστόργοις
1347 4362 1636 4433 πατράσιν,
1672 4361 1810 4416 ἀλλὰ
1840 4362 1986 4432 πρό-

412 4465 569 4535 θυμοι
591 4463 657 4518 ἂν
689 4458 799 4516 εἷεν
837 4461 937 4531 τὴν
971 4459 1144 4528 αὐτῆς
1176 4455 1397 4526 εῦρεσιν
1432 4455 1699 4528 πρίασθαι
1752 4456 1848 4509 καὶ
1885 4454 1984 4523 ou.

409 4555 546 4624 χῆς·
577 4554 673 4606 καὶ
705 4551 795 4605 διὰ
832 4551 1006 4604 ταῦτα
1053 4548 1149 4601 καὶ
1203 4547 1324 4608 ταῖς
1365 4543 1717 4616 θεραπαινίσι
1763 4546 1983 4616 παρήγ-

409 4647 598 4716 γελλεν
659 4648 780 4702 ὅσαι
821 4637 983 4714 ὧραι,
1038 4641 1133 4695 καὶ
1185 4637 1459 4708 ἀσφάλεια
1502 4639 1555 4692 εί
1583 4657 1666 4702 τις
1688 4636 1756 4711 ἦν
1794 4641 1984 4703 αὑταῖς

410 4738 672 4804 ὑπετίθει,
698 4738 792 4791 τοῦ
818 4737 892 4807 μή
925 4753 1031 4788 τινι
1063 4734 1125 4786 τὸ
1146 4734 1457 4804 ἀπόρρητον
1479 4730 1714 4795 ἐξειπεῖν
1732 4748 1745 4762 ·
1766 4733 1884 4787 Κάν
1903 4751 1988 4796 τις

2087 3637 2310 3708 sophiae.
2338 3635 2452 3689 Hoc
2479 3643 2658 3688 autem
2692 3632 2962 3701 pracipue
2995 3643 3190 3697 magno
3229 3625 3409 3682 studio
3439 3631 3663 3676 ('Oltlctt-

2085 3731 2246 3783 debat
2294 3724 2539 3794 Hospita,
2571 3732 2630 3776 ut
2671 3721 2804 3775 nulli
2831 3729 2976 3775 esset
3023 3716 3329 3778 manifesta,
3378 3726 3475 3764 nec
3521 3710 3659 3776 ipsa,

2085 3838 2187 3878 nec
2215 3821 2333 3889 ejus
2364 3822 2489 3875 vita:
2531 3817 2824 3879 institutio,
2879 3814 2973 3870 sed
3009 3812 3230 3868 omnino
3261 3811 3445 3879 ignota
3485 3804 3662 3859 ltotui-

2085 3914 2263 3976 nibus,
2297 3913 2376 3968 sic
2412 3913 2521 3966 Deo
2551 3907 2724 3976 magis
2752 3911 2897 3962 esset
2929 3903 3167 3974 cOgnita.
3204 3899 3338 3954 Nam
3376 3905 3431 3950 et
3461 3895 3658 3949 lattiam

2085 4006 2287 4076 alioqui
2315 4005 2618 4070 verebatur,
2651 4012 2706 4058 et
2737 3997 3020 4054 dubitabat
3055 4011 3120 4050 ne
3149 3994 3230 4049 sui
3265 4001 3518 4060 parentes
3541 4000 3663 4042 eam

2086 4100 2245 4155 valde
2273 4104 2599 4169 quaererent.
2633 4093 2853 4148 Sciebat
2900 4090 3044 4145 enim
3093 4103 3200 4142 non
3233 4099 3354 4140 esse
3389 4098 3502 4137 rem
3544 4094 3666 4148 qua:

2085 4193 2409 4263 negligatur,
2439 4202 2539 4244 nec
2575 4201 2697 4257 qua:
2737 4185 2894 4240 facile
2928 4181 3056 4236 ferri
3103 4180 3292 4248 possit,
3326 4174 3664 4231 charissima:

2086 4285 2210 4341 ﬁliae
2248 4282 2594 4338 amissionem
2642 4277 2952 4332 amantibus
2991 4275 3336 4346 parentibus,
3365 4271 3461 4323 sed
3511 4267 3665 4332 cujus

2091 4373 2459 4428 inventionem
2503 4369 2590 4424 vel
2625 4369 2805 4422 anima
2851 4367 3100 4420 lubenter
3129 4363 3549 4417 commutarent.
3604 4353 3666 4410 Et

2088 4465 2208 4521 ideo
2243 4463 2485 4534 quotidie
2519 4459 2866 4531 praecipiebat
2890 4456 3120 4517 ancillis,
3163 4463 3222 4506 ut
3248 4451 3534 4518 diligenter
3574 4459 3668 4498 ca-

2087 4565 2296 4622 verent,
2343 4571 2412 4610 ne
2452 4554 2539 4607 cui
2577 4564 2834 4606 arcanum
2865 4548 3133 4616 aperirent
3175 4561 3189 4598 :
3222 4541 3290 4596 Et
3320 4543 3364 4594 si
3404 4539 3547 4608 quis,
3583 4536 3664 4588 in—

2087 4650 2230 4718 quit,
2261 4649 2480 4705 delmeo
2510 4645 2727 4700 nomine
2757 4644 3076 4709 interroget,
3109 4637 3270 4690 dicite
3303 4647 3387 4685 me
3417 4645 3523 4684 non
3553 4627 3664 4682 Eu-

2088 4743 2314 4806 sebiam,
2349 4740 2492 4794 sicut
2526 4750 2716 4791 revera
2752 4746 2936 4795 vocor,
2971 4727 3190 4788 vocari,
3226 4723 3318 4779 sed
3359 4721 3661 4788 Hospitatn.

407 4832 517 4899 εἴη,
569 4828 758 4898 φησὶν,
829 4827 857 4878 ό
903 4823 1036 4894 περὶ
1097 4820 1193 4875 τοῦ
1248 4820 1384 4890 ἐμοῦ
1426 4820 1692 4889 ὀνόματος
1739 4821 1980 4890 ἐρωτῶν,

2090 4834 2221 4889 Sum
2249 4833 2416 4897 enim,
2446 4839 2506 4885 ut
2528 4827 2745 4892 videtis,
2773 4824 3004 4892 hospita.
3037 4818 3237 4887 Sicque
3267 4815 3378 4879 liet,
3407 4821 3461 4866 ιιι
3484 4819 3539 4863 et
3569 4823 3664 4864 vos

413 4923 572 4990 ὑμεῖς
602 4921 660 4974 δὲ
695 4919 773 4990 μὴ
806 4917 1098 4983 Εύσεϐίαν,
1135 4914 1324 4985 ὥσπερ
1377 4914 1484 4984 ἄρα
1535 4916 1630 4968 καὶ
1681 4914 1979 4986 κέκλημαι,

406 5013 545 5067 ἀλλὰ
589 5012 761 5082 Ξένην
813 5011 1006 5064 εἴπατε
1070 5005 1386 5061 καλεῖσθαι’
1437 5007 1531 5059 καὶ
1570 5007 1681 5078 γάρ
1723 5008 1861 5077 ειμι,
1904 5009 1981 5071 ὡς

2089 4925 2209 4979 sitis
2265 4937 2411 4992 purae
2460 4936 2490 4974 a
2565 4915 2874 4977 mendacio,
2924 4920 2977 4965 et
3036 4909 3278 4978 vosipsas
3329 4902 3664 4960 conservetis

2091 5015 2324 5085 ignotas.
2357 5011 2570 5083 Etgltaac
2599 5008 2815 5078 quidem
2847 5003 2954 5058 illis
2975 4999 3132 5056 dixit.

404 5111 592 5178 ὁρᾶτε,
617 5105 743 5174 ξένη
767 5120 782 5135 ’
817 5104 911 5158 καὶ
959 5101 1134 5160 οὕτως
1168 5098 1234 5152 ἂν
1271 5100 1402 5168 ἡμῖν
1435 5101 1647 5171 γένοιτο
1704 5100 1937 5170 ψεύδους
1999 5123 2058 5160 τε
2098 5106 2344 5175 καθαρὰς
2377 5101 2537 5170 εἶναι,
2581 5097 2922 5159 καὶ·ὲαυτὰς
2961 5091 3273 5163 άγνὼστους
3307 5089 3516 5160 τηρεῖν.
3551 5085 3663 5142 Καὶ

406 5187 578 5254 ταῦτα
615 5200 716 5271 μὲν
751 5199 888 5271 πρὸς
915 5199 1152 5260 ὲκείνας.

481 5297 556 5350 E’.
579 5295 753 5369 _’E1t_e‘t
789 5295 846 5350 δὲ
877 5295 1096 5349 καὶτὸν
1133 5295 1268 5365 πρὸς
1301 5291 1581 5362 σωτηρίαν
1621 5292 1811 5354 αὐταῖς
1845 5294 1985 5362 ἠγη.

413 5386 639 5456 σύμενον
663 5387 753 5441 διὰ
782 5387 1019 5456 σπουδῆς
1044 5383 1189 5457 εἶχεν
1225 5386 1426 5452 εύρεῖν,
1458 5383 1560 5436 οὐκ
1585 5383 1758 5445 ἄλλως
1795 5400 1910 5447 πως
1946 5383 1977 5454 ἦ

407 5477 559 5548 παρὰ
587 5475 721 5530 Θεοῦ
743 5479 838 5532 καὶ
861 5479 1052 5532 τούτου
1083 5479 1266 5548 τυχεῖν
1289 5475 1470 5547 ἧθελε.
1493 5476 1734 5529 Κλίνασα
1765 5492 1980 5545 τοιγαρ-

404 5570 497 5623 οῦν
545 5569 753 5635 γόνατα
795 5571 886 5624 καὶ
911 5571 1161 5642 καρδίαν,
1189 5571 1327 5640 μετὰ
1342 5568 1593 5642 δακρύων
1613 5566 1974 5638 προσηύχετο,

417 5666 476 5716 ὐ
511 5663 665 5728 θεὸς,
725 5663 981 5733 λέγουσα,
1019 5666 1048 5716 6
1087 5661 1366 5732 πανταχοῦ
1429 5661 1642 5731 παρὼν,
1690 5659 1786 5713 καὶ
1831 5661 1977 5728 ἡμᾶς

400 5752 545 5806 οὕτω
576 5753 934 5824 πλανωμένας
968 5751 1135 5822 όρῶν,
1177 5751 1252 5822 μὴ
1303 5751 1575 5823 περιίδῃς,
1626 5749 1700 5819 μὴ
1753 5749 1977 5802 καταλί-

404 5863 530 5915 πῃς,
554 5847 619 5899 δι’
641 5848 700 5901 ὃν
726 5846 819 5899 καὶ
863 5844 1038 5914 γονεῖς
1065 5844 1226 5912 ἡμεῖς
1254 5845 1346 5899 καὶ
1377 5845 1554 5898 οἰκίαν
1585 5840 1976 5908 ἀπολιποῦσαι,

2157 5289 2222 5343 ν.
2260 5285 2394 5342 Cum
2425 5294 2603 5340 autem
2637 5283 2879 5338 studeret
2909 5280 3154 5336 invenire
3175 5279 3429 5349 aliquem,
3459 5277 3550 5347 qui
3582 5277 3663 5334 eis

2087 5387 2349 5451 praeesset
2375 5376 2440 5430 ad
2472 5376 2724 5439 salutem,
2760 5387 2868 5428 non
2896 5373 3033 5428 alias
3061 5387 3184 5428 eum
3218 5371 3320 5427 nisi
3351 5385 3381 5426 a
3417 5370 3528 5425 Deo
3569 5386 3666 5426 vo-

2087 5473 2187 5527 luit
2211 5469 2472 5525 invenire.
2499 5466 2778 5521 inclinatis
2815 5466 2994 5534 itaque
3019 5479 3126 5519 una
3158 5480 3280 5518 cum
3308 5465 3475 5519 corde
3510 5464 3664 5534 geni-

2087 5565 2210 5631 bus,
2243 5563 2436 5617 orabat
2487 5560 2790 5629 lacrymans
2816 5575 2831 5612 :
2862 5556 3003 5610 Deus
3029 5557 3120 5624 qui
3165 5555 3365 5623 ubique
3397 5554 3548 5617 ades,
3581 5554 3664 5607 di—

2089 5665 2328 5722 cens,'et
2358 5667 2458 5709 nos
2487 5652 2568 5707 sic
2609 5651 2759 5704 vides
2786 5657 3056 5712 errantes,
3088 5663 3155 5702 ne
3188 5662 3288 5702 nos
3316 5647 3660 5715 despexeris,

2088 5762 2156 5801 ne
2189 5761 2288 5801 nos
2314 5741 2618 5814 reliqueris,
2641 5747 2861 5810 propter
2885 5751 3071 5807 quem,
3096 5735 3408 5805 parentibus
3425 5744 3480 5788 et
3501 5735 3664 5788 domo

2088 5837 2315 5905 relictis,
2369 5851 2590 5910 peregre
2631 5830 2839 5890 versari
2889 5829 3187 5901 delegimus
3228 5842 3242 5884 :
3277 5827 3372 5883 sed
3413 5825 3504 5882 tibi
3540 5825 3659 5895 pla-
