4138 6442
486 413 592 478 987

1755 408 2036 472 MENSIS
2063 409 2521 471 IANUARIUS.

3647 411 3757 474 988

482 542 631 598 eest,
657 537 991 585 servatorem
1043 527 1278 597 aliquem
1317 534 1372 581 et
1411 535 1586 581 tutum
1618 528 1720 583 via:
1766 527 1985 594 ducem,
2026 537 2081 583 et

2195 530 2244 581 ιδ
2276 526 2570 593 ξενιτεύειν
2603 523 2892 595 εἱλόμεθα·
2926 525 3063 579 ἀλλὰ
3094 518 3331 596 σωτῆρά
3377 524 3628 598 τιναυκαὶ
3666 525 3758 579 ὑδ-

491 637 597 679 non
646 629 918 677 errantem
959 618 1025 674 ad
1057 632 1155 674 nos
1188 617 1443 686 mittere,
1500 618 1644 674 sicut
1696 618 1824 673 olim
1859 617 2076 675 Theclae

492 714 712 769 Paulum
744 721 841 768 :et
865 711 1027 782 cujus
1076 718 1367 780 sequentes
1394 710 1647 780 vestigia,
1679 711 1951 781 possimus
1976 725 2075 765 nos

476 806 705 861 miserat
752 811 808 858 et
861 805 1091 874 abiecta
1136 811 1283 859 tuam
1334 803 1478 857 viam
1537 802 1769 873 ingredi.
1826 802 1902 857 Ea
1963 802 2077 857 hac

491 907 707 961 orante,
737 896 819 952 eis
843 895 1122 951 inventum
1152 904 1236 951 est
1263 895 1396 951 illud
1418 894 1593 962 Oscae,
1622 908 1817 964 nempe
1841 895 1890 949 ιε
1926 894 2078 949 Sicut

496 989 818 1045 matutinum
855 997 1076 1058 paratus
1106 987 1273 1054 Deus,
1310 997 1524 1043 noctem
1556 986 1861 1045 dissolvens
1892 1000 2074 1041 rerum

497 1079 822 1135 ditiicilium.
867 1078 1121 1136 Protinus
1158 1080 1302 1135 enim
1343 1081 1492 1135 visus
1522 1087 1607 1133 est
1634 1078 1715 1134 eis
1758 1078 1919 1133 homo
1952 1077 2076 1147 qui-

494 1173 641 1238 dam,
670 1171 973 1228 ascendens
1003 1187 1033 1227 e
1055 1182 1239 1242 portu,
1270 1172 1422 1228 canis
1444 1170 1678 1241 capillis;
1711 1172 1940 1227 formam
1966 1183 2077 1241 prae

495 1279 556 1318 se
612 1263 798 1319 ferens
852 1264 1249 1331 monasticam,
1289 1274 1512 1335 aspectu
1559 1264 1857 1335 prteclaro,
1913 1273 1969 1318 et
2022 1270 2081 1318 ut

497 1356 695 1412 dixerit
737 1357 1027 1428 quispiam,
1079 1357 1227 1412 omni
1278 1372 1346 1412 ex
1387 1366 1544 1427 parte
1595 1356 1888 1429 angelicus.
1941 1356 2077 1411 Eum

496 1463 622 1502 cum
676 1449 903 1504 vidisset
943 1449 1093 1519 virgo
1138 1448 1362 1513 Christi,
1394 1458 1450 1504 et
1497 1448 1727 1517 spiritali
1768 1449 1966 1519 gaudio
1995 1456 2082 1504 est

502 1544 722 1611 repleta.
757 1550 812 1596 et
838 1557 1067 1598 currens
1095 1541 1373 1610 prehendit
1399 1542 1586 1612 pedes,
1624 1545 1678 1596 in
1734 1557 1828 1597 eos
1860 1542 2079 1612 quidem

500 1632 732 1688 fundens
774 1633 1067 1705 laerymas,
1113 1642 1306 1704 petens
1356 1642 1564 1700 autem,
1597 1642 1656 1687 ut
1700 1647 1809 1687 non
1849 1648 1946 1688 eas
1980 1633 2078 1687 de-

498 1724 759 1795 spiceret,
819 1726 916 1781 sed
965 1725 1406 1781 desiderantibus
1458 1725 1689 1782 salutem
1748 1727 2078 1791 attenderet,

2178 621 2311 691 ηγὸν
2359 621 2493 691 ἡμῖν
2542 618 2762 686 ἀπλανῆ
2814 617 3107 689 εύδὸκησον
3159 617 3522 688 ἐπιπέμψαι,
3566 616 3759 688 ὥσπερ

2180 711 2398 766 Παῦλον
2427 710 2606 782 Θέκλῃ
2637 709 2701 762 τὸ
2735 709 3023 780 πρότερον,
3055 702 3101 777 ᾧ
3125 707 3632 764 κατακολουθοῦσαι
3663 710 3759 761 καὶ

2178 794 2240 855 οῦ
2272 801 2382 856 τῶν
2421 802 2581 872 ἰχνῶν
2601 799 2890 869 ἑπόμεναι,
2928 798 3143 868 βαδίσαι
3168 799 3268 869 τὴν
3304 798 3389 852 σοὶ
3417 798 3762 869 ἀρέσκουσαν

2179 895 2546 967 ἀπροσκόπως
2574 895 2630 947 αῖ
2660 892 2916 947 ταπεινοῖ
2942 891 3332 961 δυνηθείημεν.
3364 890 3555 944 Ταῦτα
3584 905 3762 960 προσ-

2180 986 2501 1057 ευχομένης,
2536 984 2739 1056 εὑρέθη
2778 983 2968 1046 αὐταῖς
2992 982 3051 1035 τὸ
3083 981 3180 1035 τοῦ
3216 980 3395 1052 Ὠσηὲ,
3448 978 3535 1042 Ὦς
3563 978 3761 1050 ὄρθρος

2179 1078 2398 1148 ἕτοιμος
2435 1080 2464 1132 ὁ
2492 1077 2645 1143 Θεὸς,
2672 1076 2772 1147 τὴν
2816 1074 2988 1129 νύκτα
3014 1073 3125 1127 τῶν
3173 1071 3454 1141 δυσχερῶν
3495 1070 3761 1126 διαλύων.

2179 1170 2358 1236 Εὐθὺς
2403 1170 2514 1242 γὰρ
2566 1167 2856 1239 ἄνθρωπός
2887 1184 2972 1230 τις
3011 1166 3221 1235 ἑωρᾶτο
3246 1162 3343 1218 τοῦ
3382 1163 3604 1234 λιμένος
3634 1162 3762 1235 ἄρτι

2183 1262 2320 1335 πρὸς
2348 1263 2520 1327 αὑτὰς
2548 1260 2736 1335 ἀνιὼν,
2766 1259 2949 1322 πολιὸς
2974 1258 3075 1330 τὴν
3104 1256 3297 1327 τρίχα,
3327 1254 3388 1308 τὺ
3414 1250 3557 1317 εἶδος
3584 1254 3765 1323 ἀσκη-

2182 1355 2354 1421 τικδς,
2387 1355 2487 1426 τὴν
2535 1352 2657 1424 δψιν
2695 1350 2970 1423 λαμπρὸς,
3014 1348 3110 1403 καὶ
3151 1348 3227 1412 ὡς
3274 1348 3341 1402 ἄν
3368 1363 3453 1410 τις
3481 1347 3645 1412 εῖποι,
3701 1347 3766 1399 τὸ

2182 1445 2405 1516 σύμπαν
2439 1445 2753 1515 ἁγγελικός.
2784 1442 2986 1497 Τοῦτον
3019 1443 3051 1513 ἡ
3080 1438 3175 1494 τοῦ
3207 1437 3448 1508 Χριστοῦ
3485 1437 3767 1508 παρθένος

2184 1536 2387 1603 ἰδοῦσα,
2420 1537 2596 1608 χαρᾶς
2624 1552 2687 1588 τε
2723 1530 3100 1604 πνευματικῆς
3132 1527 3462 1600 ἐπληροῦτο,
3505 1528 3600 1581 καῖ
3630 1528 3765 1600 δρα-

2184 1628 2360 1703 μοῦσα
2380 1629 2490 1683 τῶν
2519 1626 2697 1682 ποδῶν
2742 1626 2943 1695 εῐχετο,
2972 1622 3187 1694 δάκρυα
3232 1619 3332 1690 μὲν
3368 1620 3551 1674 αὐτῶν
3596 1635 3767 1672 κατα-

2180 1723 2402 1794 χέουσα,
2433 1720 2733 1790 αἰτουμένη
2759 1718 2815 1772 δέ
2847 1716 2924 1789 μὴ
2954 1713 3205 1785 παριδεῖν
3227 1712 3383 1777 ὅλως,
3416 1710 3553 1764 ἀλλὰ
3586 1727 3767 1783 προσ-

496 1824 552 1868 et
575 1830 683 1870 non
705 1815 1089 1872 intermitteret
1115 1816 1330 1883 docere,
1353 1815 1666 1883 admonere,
1700 1818 1758 1871 in
1791 1831 1911 1870 eam
1937 1816 2079 1870 viam

2195 1817 2337 1886 σχεῖν
2423 1811 2702 1882 σωτηρίας
2772 1807 3113 1880 ἐφιεμέναις,
3177 1803 3274 1856 καὶ
3331 1802 3408 1872 μὴ
3492 1802 3766 1856 διαλιπεῖν

498 1920 622 1975 quae
649 1905 799 1961 ducit
853 1907 920 1961 ad
970 1906 1251 1962 Christum
1300 1875 1593 1972 deducere,
1625 1875 1677 1963 et
1709 1915 1766 1963 ut
1797 1906 1964 1963 semel
1997 1907 2081 1962 di-

2195 1875 2523 1973 Ξίδὰσκοντα,
2557 1875 2957 1976 παραινοῦντα,
2988 1898 3125 1968 πρὸς
3155 1894 3254 1966 τὴν
3280 1893 3362 1957 είς
3399 1893 3531 1947 Θεὸν
3562 1894 3763 1964 φέρου-

456 1998 468 2006 “
499 2010 645 2061 cam,
675 1996 921 2052 externis
950 1997 1133 2052 omnia
1169 1995 1329 2053 cci.

572 2173 663 2230 VI.
702 2174 838 2232 Cum
872 2187 1055 2233 autem
1086 2177 1317 2233 vidisset
1357 2178 1658 2234 monachus
1709 2178 1788 2233 sic
1825 2174 2082 2232 affectam

503 2267 793 2337 virginem,
823 2284 880 2326 et
910 2284 1157 2340 qutenam
1187 2280 1374 2325 essent
1420 2271 1774 2340 interrogavit
1806 2270 2081 2339 protinus.

502 2368 557 2414 et
578 2360 1036 2428 quemadmodum
1083 2362 1164 2416 sic
1191 2372 1443 2415 errarent
1475 2363 1527 2414 in
1559 2361 1755 2416 insula.
1792 2360 2085 2428 Postquam

505 2461 685 2507 autem
722 2450 988 2507 intellexit
1024 2466 1146 2508 esse
1175 2451 1393 2521 quidem
1428 2466 1522 2507 eas
1549 2467 1746 2522 genere
1780 2450 2083 2518 Romanas,

500 2552 759 2598 externas
802 2557 932 2598 vero
984 2553 1041 2598 et
1091 2553 1340 2599 errantes
1391 2553 1613 2614 propter
1667 2545 1974 2612 Christum,
2031 2553 2088 2599 et

504 2636 649 2705 quod
691 2636 985 2705 procedere
1016 2643 1074 2691 et
1119 2636 1290 2691 videri
1324 2638 1393 2692 ab
1449 2635 1721 2706 aliquibus
1760 2650 1830 2692 ex
1867 2637 1959 2701 iis,
1995 2636 2088 2706 qui

508 2727 598 2781 hic
630 2735 775 2794 sunt,
799 2735 856 2782 et
887 2736 1040 2797 turpe
1062 2734 1168 2791 est,
1198 2735 1253 2782 et
1279 2740 1388 2782 non
1414 2735 1499 2783 est
1523 2727 1749 2782 omnino
1777 2726 2088 2793 ferendum,

509 2821 697 2890 Atqui,
727 2820 925 2890 inquit,
966 2835 1059 2875 vos
1103 2834 1320 2891 quoque
1351 2820 1475 2876 volo
1513 2822 1701 2881 eadem
1732 2821 1798 2876 de
1825 2833 1914 2876 me
1944 2819 2093 2876 exsi-

504 2909 749 2964 stimare.
802 2907 937 2963 Nam
987 2909 1104 2980 ipse
1152 2923 1368 2980 quoque
1416 2925 1537 2967 sum
1582 2910 1803 2980 hospes,
1841 2918 1899 2965 et
1929 2908 2090 2978 hujus

507 3001 612 3057 loci
655 3000 877 3056 omnino
933 3000 1178 3070 ignarus,
1224 3010 1285 3055 ut
1331 2999 1423 3070 qui
1471 3015 1503 3056 e
1532 3000 1704 3056 sacris
1749 3000 1885 3056 locis
1914 3002 2092 3057 imodo

507 3091 932 3161 enavigaverim.
975 3092 1268 3162 Postquam
1314 3091 1461 3146 enim
1507 3091 1617 3149 illic
1646 3090 1724 3146 lui
1765 3091 1939 3161 gratia
1969 3105 2093 3147 ora-

2067 2053 2071 2057 ,
2186 2015 2286 2053 σαν
2318 1996 2638 2068 ὁδηγοῦντα,
2671 1994 2767 2049 καλ⁸
2816 1989 3149 2046 συνελοῦσαν
3193 1984 3387 2056 φάναι,
3424 1985 3603 2041 πάντα
3646 1987 3769 2050 ταῖς

2187 2089 2366 2154 ξέναις
2395 2089 2527 2157 ἡμῖν
2564 2085 2871 2156 γινόμενον.

2257 2180 2348 2248 ΕΓ.
2386 2181 2499 2233 Καὶ
2524 2180 2552 2233 6
2575 2176 2809 2249 μοναχὺς
2853 2174 3030 2241 οὕτως
3069 2175 3193 2230 ἰδὼν
3216 2175 3450 2249 ἔχουσαν
3490 2173 3590 2244 τὴν
3620 2186 3766 2241 παρ-

2187 2273 2362 2340 θένον,
2388 2271 2534 2335 τίνες
2555 2287 2615 2323 τε
2643 2264 2754 2324 εἷεν
2794 2267 2957 2331 εὐθὺς
2985 2267 3268 2339 ἐπηρώτα,
3310 2267 3408 2322 καὶ
3445 2267 3595 2328 ὅπως
3625 2262 3769 2316 οὕτω

2191 2365 2351 2435 μόναι
2389 2362 2521 2434 περὶ
2553 2359 2650 2430 τὴν
2668 2359 2834 2429 νῆσον
2863 2357 3122 2414 ἀλῶνται.
3170 2355 3373 2413 Μαθὼν
3402 2356 3465 2410 δέ
3504 2355 3588 2408 ὅτι
3632 2353 3767 2405 Ῥω-

2192 2457 2349 2526 μαῖαι
2378 2454 2479 2523 μὲν
2502 2453 2561 2506 τὸ
2585 2451 2762 2520 γένος,
2805 2449 2959 2515 ξέναι
2992 2448 3051 2502 δὲ
3086 2448 3176 2502 διὰ
3203 2448 3338 2502 Θεὸν
3368 2447 3463 2500 καὶ
3488 2442 3765 2516 ἀλήτιδες,

2189 2546 2284 2601 καὶ
2307 2548 2390 2599 ὅτι
2421 2544 2514 2598 καὶ
2544 2543 2607 2596 τὸ
2632 2542 2918 2612 προελθεῖν
2945 2541 3117 2604 αὑτὰς
3146 2540 3240 2594 καὶ
3265 2536 3501 2611 ὀφθῆναί
3522 2553 3635 2591 τισι
3657 2534 3771 2588 τῶν

2189 2639 2441 2705 ἐνταῦθα,
2473 2638 2548 2702 ὡς
2578 2636 2839 2708 αἰσχύνην
2881 2636 3044 2707 φέρον
3075 2634 3191 2689 ἐστὶ
3220 2636 3314 2689 καὶ
3339 2634 3477 2695 ὅλως
3526 2633 3628 2686 οὐκ
3680 2632 3774 2685 ἀν-

2190 2734 2384 2799 εκτὸν,
2432 2730 2572 2784 Ἀλλ’
2607 2730 2752 2799 ὑμᾶς
2776 2745 2863 2798 γε,
2900 2729 3028 2799 ἔφη,
3074 2728 3169 2782 καὶ
3194 2726 3321 2798 περὶ
3347 2723 3485 2797 ἐμοῦ
3513 2723 3775 2794 βούλομαι

2190 2820 2363 2876 ταῦτα
2408 2818 2850 2890 ὑπολαμϐάνειν·
2914 2816 3062 2883 ξένος
3093 2816 3199 2889 γὰρ
3250 2815 3429 2884 κάγὼ,
3463 2814 3561 2870 καὶ
3601 2813 3772 2868 τόπου

2189 2913 2345 2968 τοῦδε
2393 2912 2740 2967 παντάπασιν
2785 2910 3027 2982 ἀμαθὴς,
3055 2909 3178 2981 ἄρτι
3217 2908 3326 2962 τῶν
3372 2906 3535 2982 ἱερῶν
3567 2908 3776 2961 ἀποπε-

2194 3008 2444 3071 πλευκὼς
2497 3007 2699 3060 τόπων.
2752 3003 2902 3058 Ἐκεῖ
2961 3003 3073 3074 γὰρ
3128 3003 3420 3073 γενόμενος
3467 2999 3776 3074 προσευχῆς

2194 3099 2375 3171 χάριν,
2410 3096 2507 3152 νῦν
2543 3099 2682 3169 πρὸς
2712 3096 2813 3168 τὴν
2842 3094 3080 3167 πατρίδα
3109 3095 3448 3166 κατέρχομαι
3481 3092 3583 3165 τὴν
3610 3094 3774 3163 ἐμήν.

511 3183 697 3247 tionis,
720 3183 788 3237 ad
809 3187 985 3237 meam
1014 3196 1158 3238 nunc
1179 3182 1451 3237 descendo
1472 3183 1728 3251 patriam.
1752 3182 1887 3237 Eum
1908 3182 2093 3252 itaque

2203 3192 2408 3263 Ἤρετο
2440 3190 2572 3260 γοῦν
2602 3191 2636 3260 ἡ
2680 3189 2953 3260 μακαρία,
2993 3187 3088 3240 καὶ
3122 3186 3283 3251 ποίας
3312 3186 3378 3240 ἂν
3411 3185 3499 3256 εἴη
3543 3185 3775 3248 πόλεως,

510 3275 865 3344 interrogavit
882 3277 1067 3341 beata,
1095 3273 1378 3341 cuiusnam
1405 3281 1550 3328 esset
1571 3274 1828 3340 civitatis,
1863 3284 1918 3330 et
1957 3291 2094 3346 qua-

510 3378 634 3419 nam
680 3372 826 3439 esset
860 3364 1126 3434 dignitate
1200 3362 1483 3432 praeditus.
1541 3361 1906 3419 Existimabat
1947 3365 2091 3420 enim

511 3470 635 3508 eum
664 3468 788 3510 esse
812 3455 1152 3525 episcopum,
1186 3462 1450 3523 quantum
1482 3454 1754 3522 conjicere
1784 3463 2000 3524 poterat
2028 3470 2097 3511 ex

514 3547 725 3602 habitu.
753 3546 848 3601 Ille
878 3555 1082 3613 autem,
1115 3546 1300 3602 Patria
1327 3545 1575 3614 quidem,
1606 3546 1805 3615 inquit,
1838 3547 1972 3602 mihi
2010 3556 2099 3603 est

510 3640 672 3696 Caria
711 3660 724 3697 :
756 3642 951 3697 civitas
983 3656 1133 3707 vero,
1165 3641 1416 3713 Mylassa.
1456 3640 1555 3697 Est
1585 3649 1766 3695 autem
1812 3639 1940 3695 mihi
1974 3640 2099 3696 talis

517 3737 965 3791 vestimentorum
993 3736 1233 3799 habitus,
1258 3735 1401 3805 quod
1423 3734 1526 3790 sim
1548 3735 1833 3805 presbyter
1853 3744 1905 3789 et
1928 3746 2098 3804 parvo

512 3829 731 3883 cuidam
776 3829 925 3900 gregi
968 3828 1206 3896 pratsim,
1248 3826 1452 3897 magni,
1504 3826 1747 3897 inquam,
1778 3840 1846 3881 ex
1891 3824 2098 3881 Christi

512 3920 800 3990 discipulis
846 3921 1098 3985 Andreae,
1148 3934 1345 3975 nomen
1391 3927 1572 3974 autem
1625 3918 1760 3973 mihi
1810 3928 1893 3973 est
1939 3917 2096 3988 (nam

517 4016 624 4069 hoc
645 4027 860 4083 quoque
892 4013 1039 4068 voles
1064 4012 1295 4068 fortasse
1318 4011 1497 4080 scire)
1528 4009 1748 4068 Paulus.
1780 4008 1915 4065 Eam
1947 4024 2095 4076 veno,

517 4121 645 4161 cum
679 4108 780 4160 hoc
809 4120 1025 4170 nomen,
1058 4104 1280 4170 Paulus,
1311 4104 1596 4169 audlisset,
1629 4104 1775 4174 cepit
1802 4119 1907 4159 non
1934 4119 2100 4172 parva

518 4194 833 4256 admiratio,
883 4194 1027 4262 quod
1059 4209 1181 4249 cum
1221 4201 1436 4250 orasset
1480 4193 1641 4249 talem
1687 4193 1792 4250 sibi
1833 4193 1950 4249 dari
1985 4208 2101 4251 ma-

520 4286 774 4355 gistrum,
826 4286 1000 4355 qualis
1040 4285 1254 4342 Thecla:
1284 4287 1628 4357 apparuisset
1655 4286 1877 4352 Paulus,
1911 4300 2101 4357 preces

528 4377 666 4433 Deus
698 4376 1004 4444 celerrime,
1042 4377 1128 4433 vel
1167 4378 1345 4447 potius
1383 4386 1516 4432 ante
1563 4391 1754 4447 preces
1785 4392 1903 4433 eam
1935 4392 2103 4432 exau-

525 4467 715 4533 disset,
748 4475 808 4522 ut
838 4467 967 4523 illud
992 4467 1238 4524 dicamus
1272 4467 1606 4534 Davidicum,
1668 4469 1721 4522 in
1746 4468 1929 4523 cordis
1962 4482 2100 4537 pra:-

2200 3282 2334 3336 τίδὲ
2359 3282 2456 3336 καὶ
2482 3283 2542 3336 τὸ
2562 3280 2781 3351 ἀξίωμα
2807 3278 2835 3333 ὃ
2862 3278 3251 3351 περιϐέϐληται
3297 3276 3414 3352 (καὶ
3452 3277 3563 3346 γὰρ
3597 3274 3776 3339 ἔδοξεν

2203 3375 2502 3429 ἐπίσκοπον
2533 3373 2696 3428 αὑτὸν
2718 3357 2878 3438 εἶναι,
2909 3373 3034 3425 ὅσον
3063 3371 3171 3427 ἀπὸ
3195 3370 3288 3424 τοῦ
3319 3370 3594 3441 σχήματος
3631 3366 3776 3435 ὑπῆν

2203 3463 2449 3534 ἐννοεῖν).
2488 3464 2549 3518 ⁸0
2581 3463 2657 3531 δὲ,
2692 3462 2898 3534 Πατρὶς
2936 3462 3037 3531 μὲν
3061 3462 3204 3533 ἐμοὶ,
3238 3461 3365 3532 ἔφη,
3393 3459 3592 3532 Καρία,
3625 3457 3772 3519 πόλις

2204 3557 2262 3611 δὲ
2292 3557 2586 3622 Μύλασσα,
2621 3556 2808 3627 σχῆμα
2826 3554 2882 3608 δὲ
2906 3558 2970 3627 τῇ
3005 3553 3164 3626 στολῇ
3206 3552 3408 3607 τοιόνδε
3429 3552 3508 3623 τῷ
3548 3548 3781 3622 πρεσϐύ-

2203 3667 2360 3720 τερον
2394 3645 2534 3703 εἷναί
2568 3666 2656 3720 με,
2698 3648 2792 3701 καὶ
2827 3648 3066 3716 ποίμνης
3097 3643 3349 3715 ἡγεῖσθαι
3397 3644 3462 3716 δή
3493 3659 3639 3705 τινος
3673 3638 3784 3693 ὀλί-

2204 3760 2328 3814 γης,
2354 3742 2448 3796 τοῦ
2479 3741 2738 3813 μεγάλου,
2778 3740 2945 3810 φημὶ,
2974 3740 3087 3793 τῶν
3106 3736 3347 3808 Χριστοῦ
3376 3734 3634 3807 μαθητῶν
3667 3734 3788 3786 Ἀν-

2205 3834 2396 3905 δρέουσ
2426 3832 2597 3903 ὄνομα
2625 3832 2682 3885 δέ
2726 3849 2818 3902 μοι
2852 3830 3134 3903 (βουλήσει
3183 3831 3292 3900 γὰρ
3343 3829 3437 3882 καὶ
3479 3826 3639 3880 τοῦτο
3675 3843 3783 3896 μα’

2207 3924 2343 3999 θεῖν)
2369 3923 2607 3988 Παῦλος.
2633 3923 2743 3996 Τὴν
2771 3923 2828 3977 δὲ
2863 3924 2943 3989 τὸ,
2971 3922 3204 3989 Παῦλος,
3231 3921 3544 3976 ἀκούσασαν
3577 3918 3787 3991 θάμϐος

2207 4021 2268 4074 οὐ
2301 4017 2498 4092 μικρὸν
2552 4018 2697 4092 ᾕρει,
2748 4017 2901 4081 ὅπως
2943 4012 3253 4087 εὐξαμένης
3291 4012 3617 4069 διδάσκαλον
3650 4011 3788 4081 αὐτῇ

2207 4113 2673 4167 τοιοῦτον¹ὀποῖον
2703 4110 2767 4182 δὴ
2812 4109 2906 4163 καὶ
2936 4109 3114 4181 smn
3153 4109 3245 4161 τὸν
3281 4106 3493 4160 Παῦλον
3529 4104 3787 4175 φανῆναι,

2207 4204 2486 4277 ταχύτατα
2514 4203 2613 4274 τῆς
2634 4204 2799 4273 εὐχῆς
2827 4201 3041 4267 ὁοΘεὸς,
3088 4199 3290 4271 μᾶλλον
3335 4200 3392 4253 δέ
3427 4198 3524 4252 καὶ
3558 4196 3663 4268 πρὸ
3689 4194 3791 4265 τῆς

2210 4298 2397 4368 εὐχῆς,
2433 4297 2633 4365 ἧκουσε
2662 4293 2890 4364 ταύτης,
2922 4293 3011 4347 ἵνα
3037 4291 3098 4346 τὸ
3121 4290 3216 4346 τοῦ
3244 4290 3409 4344 Δαϐὶδ
3429 4290 3701 4360 εἴποιμεν,
3728 4288 3790 4341 ἐν

2209 4393 2275 4463 τῇ
2300 4390 2398 4457 τῆς
2431 4387 2660 4459 καρδίας
2705 4386 3018 4458 ἑτοιμασίᾳ,
3058 4385 3153 4439 καὶ
3184 4375 3342 4446 οὗτος
3383 4378 3454 4454 ἦν
3507 4378 3791 4453 δ’μέλλων

2209 4468 2543 4553 ὀφθήσεσθαί
2578 4477 2750 4550 ταύτῃ
2807 4477 3042 4543 Παῦλος,
3092 4466 3153 4530 οὐ
3211 4478 3544 4547 πράγματος
3599 4472 3787 4544 μόνον,

527 4558 810 4627 paratione
842 4574 859 4613 :
887 4563 942 4612 et
985 4557 1079 4613 hic
1106 4557 1198 4625 qui
1238 4566 1359 4612 erat
1386 4557 1437 4613 ei
1487 4556 1836 4626 appariturus
1884 4555 2093 4619 Paulus,

2209 4572 2343 4626 ἀλλὰ
2426 4570 2522 4626 καὶ
2593 4570 2857 4641 ὀνόματος
2937 4567 3087 4640 αύτῷ
3165 4565 3465 4622 κοινωνῶν.
3522 4562 3791 4634 Δακρύων

529 4662 635 4703 non
680 4648 869 4703 solum
933 4648 1041 4715 rei,
1075 4648 1167 4705 sed
1208 4648 1369 4704 etiam
1437 4648 1674 4713 nominis
1730 4646 1945 4708 futurus
1985 4654 2103 4703 erat

527 4736 728 4791 socius.
772 4737 909 4792 Cum
956 4736 1209 4807 lacrymis
1255 4752 1385 4808 ergo
1431 4737 1710 4807 implesset
1752 4736 1957 4803 oculos,
1994 4735 2105 4792 Deo

528 4827 745 4897 quidem
777 4842 1027 4897 magnam
1073 4828 1375 4899 gratiarum
1397 4830 1696 4895 actionem,
1728 4826 1899 4885 Paulo
1924 4836 2104 4882 autem

529 4920 725 4975 obtulit
753 4920 1226 4990 supplicationem,
1264 4932 1321 4977 ut
1363 4930 1508 4976 esset
1546 4920 1597 4976 ei
1628 4929 1783 4989 pater
1809 4921 2105 4977 secundum

529 5007 802 5078 spiritum,
855 5019 908 5064 et
939 5018 1050 5065 tota
1102 5012 1365 5080 penderet
1392 5012 1466 5065 ab
1497 5011 1616 5080 ejus
1652 5023 1784 5065 cura
1829 5019 1887 5067 et
1920 5010 2103 5079 provi-

531 5101 737 5157 dentia.
785 5102 879 5157 Ille
923 5117 1052 5158 vero
1080 5103 1173 5157 :Si
1219 5103 1307 5159 hic
1330 5102 1572 5172 quidem,
1603 5101 1800 5170 inquit,
1829 5102 1973 5168 sitis,
2003 5116 2109 5160 non

534 5202 722 5264 potero
749 5194 906 5249 vobis
955 5193 1185 5264 amplius
1217 5194 1498 5261 prodesse,
1544 5201 1603 5246 ut
1636 5194 1725 5263 qui
1753 5192 1867 5262 ipse
1892 5207 2112 5264 quoque

535 5287 638 5341 sim
677 5285 910 5356 hospes,
956 5295 1011 5342 et
1066 5286 1119 5339 in
1170 5299 1266 5341 vos
1300 5286 1353 5340 in
1403 5287 1635 5341 transitu
1690 5286 1973 5341 inciderim
2009 5302 2024 5340 :
2061 5292 2116 5341 et

538 5377 773 5431 nissime
796 5391 919 5433 eum
940 5390 1040 5434 nec
1060 5376 1262 5446 possim
1280 5376 1498 5446 quidem
1520 5377 1752 5448 amplius
1772 5388 2113 5447 exspectare.

536 5464 764 5535 Oportet
792 5467 957 5528 enim,
1002 5465 1193 5535 inquit,
1233 5481 1333 5522 nos
1362 5469 1580 5534 reverti,
1608 5482 1827 5538 gregem
1869 5478 2113 5524 nostrum

537 5559 874 5614 visitaturos.
903 5557 1012 5615 Vos
1039 5567 1244 5627 autem,
1278 5559 1328 5615 si
1359 5560 1574 5625 voletis,
1610 5561 1873 5617 abeuntes
1900 5574 2000 5615 uos
2028 5572 2115 5617 se-

539 5651 799 5719 quemini.
851 5651 945 5708 Sic
990 5650 1136 5707 enim
1174 5651 1305 5723 ipse
1347 5667 1562 5724 quoque
1590 5668 1688 5724 pro
1726 5653 1930 5709 viribus
1969 5667 2116 5711 curae

541 5754 782 5798 vestrum
813 5745 1062 5816 gerenda:
1090 5761 1198 5804 non
1228 5746 1412 5805 deero.

625 5855 640 5887 ⁸
682 5857 844 5924 Osce,
879 5876 955 5927 vr,
983 5863 1039 5917 δ.

2212 4658 2305 4720 οὖν
2357 4663 2486 4727 τοὺς
2550 4661 2865 4732 ὀφθαλμοὺς
2924 4660 3214 4733 πλήσασα,
3281 4657 3488 4727 πολλὴν
3552 4655 3631 4727 τῷ
3692 4653 3793 4724 μὲν

2212 4755 2332 4829 Θεῷ
2402 4756 2502 4828 τὴν
2559 4753 2913 4825 εὐχαριστίαν
2942 4793 2958 4818 ,
3022 4750 3100 4823 τῷ
3160 4750 3358 4821 Παύλῳ
3422 4750 3482 4802 δέ
3539 4744 3788 4818 προσῆγε

2212 4848 2311 4921 τὴν
2346 4846 2605 4913 ἱκετείαν,
2642 4844 2898 4914 γενέσθαι
2924 4843 3062 4913 αὐτῇ
3108 4840 3253 4895 κατὰ
3288 4839 3509 4909 πνεῦμα
3546 4835 3791 4907 Πατέρα,

2216 4943 2310 4996 καὶ
2337 4940 2466 5011 ὅλην
2498 4939 2563 5010 δὴ
2598 4937 2697 5010 τὴν
2740 4935 2957 5006 ἐκείνης
3011 4933 3267 4988 ὑπελθεῖν
3292 4930 3573 5001 πρόνοιαν.
3619 4927 3678 4981 Ὁ
3712 4926 3795 4993 δὲ,

2228 5022 2496 5088 Ἐνταῦθα
2524 5030 2625 5103 μὲν
2656 5027 2846 5100 οὔσης,
2877 5027 3064 5097 φησὶν,
3092 5024 3250 5079 οὐδέν
3302 5039 3356 5077 τι
3401 5022 3564 5075 πλέον
3600 5018 3798 5088 ὀνῆσαι

2217 5126 2442 5189 δυνατὸς
2469 5124 2688 5196 ἔσομαι,
2717 5121 2869 5189 ξένος
2896 5119 2974 5174 ῶν
3005 5119 3098 5173 καὶ
3129 5116 3293 5179 αὐτὸς
3338 5117 3434 5169 καῖ⁸
3467 5113 3611 5168 κατὰ
3653 5111 3799 5182 πᾲρ-

2218 5219 2338 5272 οδον
2365 5218 2495 5288 ὑμῖν
2550 5213 2811 5285 ἐντυχὼν,
2844 5213 2940 5266 καὶ
2984 5210 3162 5273 ἄλλως
3193 5207 3315 5261 οὐδὲ
3349 5204 3680 5277 προσμένειν
3713 5204 3797 5255 ἔτι

2220 5310 2380 5364 πλέον
2401 5302 2512 5372 οἷος
2538 5306 2618 5361 ὢν
2638 5323 2653 5338 ο
2680 5306 2762 5359 δεῖ
2788 5304 2899 5376 γὰρ
2931 5301 3269 5365 ἐπανελθεῖν,
3313 5298 3469 5369 φησι,
3511 5296 3611 5367 τὴν
3664 5295 3796 5347 ἐαυ-

2217 5404 2329 5455 τῶν
2377 5401 2614 5473 ποίμνην
2660 5400 2810 5473 ἡμᾶς
2866 5395 3357 5466 ἐπισκεψομένους,
3401 5391 3498 5446 καὶ
3524 5391 3684 5460 ὑμεῖς
3716 5387 3797 5453 δὲ,

2218 5495 2377 5567 εἴπερ
2410 5493 2763 5565 βουλομέναις
2796 5492 2915 5545 ἐστὶ
2937 5489 3119 5555 τοῦτο,
3140 5485 3394 5542 ἀπιοῦσιν
3423 5486 3558 5554 ἡμῖν
3577 5480 3799 5551 ἐψεσθεο

2216 5586 2501 5657 οῦτωῗγὰρ
2521 5586 2616 5640 καὶ
2650 5585 2814 5649 αὐτὸς
2839 5583 2991 5637 οὐδὲν
3040 5583 3138 5652 τῆς
3185 5578 3328 5635 κατὰ
3365 5576 3599 5648 δύναμιν
3643 5570 3800 5641 ὑμῶν

2226 5680 2480 5751 προνοίας
2514 5677 2793 5748 ὀλιγωρῶν
2822 5674 3037 5747 ἔσομαι.
