4138 6398
352 383 458 446 989

1655 379 1832 440 VITA
1872 381 1930 442 S.
1971 381 2346 446 EUSEBI/E.

3500 373 3606 436 990

424 491 497 546 Z'.
571 489 720 542 Ἐπεὶ
765 487 856 544 οὖν
905 490 1156 560 ἀσμένως
1197 486 1289 543 τόν
1345 508 1402 544 τε
1423 491 1605 560 «λόγον
1655 492 1921 558 ἐδέξαντο,

2109 492 2222 548 V'll.
2264 492 2398 547 Cum
2445 505 2521 547 ea:
2572 497 2752 545 autem
2787 489 2859 556 id,
2907 487 3046 556 quod
3077 485 3310 549 dixerat,
3364 483 3607 538 lubenter

352 583 449 635 καὶ
515 576 832 633 ἀκολουθεῖν
885 570 1304 648 ἐπηγγείλαντο,
1359 580 1539 636 λἀὅὼν
1625 581 1806 646 «trag,
1840 584 1924 646 είς

353 671 651 725 Μύλασσαν
706 669 805 740 τὴν
845 669 996 722 πόλιν
1031 670 1302 740 καταίρει,
1328 672 1604 743 οἰκήματά
1641 690 1700 726 τε
1733 674 1923 737 αὑταῖς

351 761 412 816 εὖ
444 761 636 831 ἔχοντα
664 759 804 830 πρὸς
831 759 1088 830 ἡσυχίαν,
1120 760 1348 830 πλησίον
1386 760 1480 814 τοῦ
1517 760 1662 831 ἱεροῦ
1701 761 1882 814 δίδωσι
1905 779 1919 792 ο

348 858 478 912 ἔνθα
517 858 612 910 καὶ
650 849 799 909 οἷκον
845 855 1136 926 εὐκτήριον
1174 855 1309 926 Ξένη
1347 856 1602 927 Στεφάνῳ
1638 855 1716 926 τῷ
1767 873 1924 927 πρω-

351 947 660 1018 τομάρτυρι
690 947 904 1017 ἀνιστᾷ.
949 945 1126 1009 Ἐντὸς
1157 945 1212 999 δὲ
1246 946 1427 1014 ὀλίγου
1448 947 1641 1017 χρόνου
1672 946 1762 999 καὶ
1788 963 1926 1017 παρ-

349 1040 520 1093 θένων
553 1039 832 1109 συνίστησι
859 1039 1241 1110 μοναστήριον,
1267 1039 1377 1092 τῶν
1408 1039 1567 1108 ιερῶν
1594 1040 1687 1092 τοῦ
1711 1039 1922 1092 Παύλου

348 1132 646 1204 φροντίδων
698 1132 793 1186 καὶ
845 1133 978 1187 αὐτὸ
1058 1132 1434 1202 ἀναρτήσασα.
1484 1130 1677 1187 Ούδενὶ
1741 1133 1924 1202 μέντοι

356 1223 483 1293 παρ’
513 1224 643 1294 ὃλην
673 1223 840 1294 αὐτῆς
875 1222 974 1294 τὴν
1015 1222 1160 1293 ζωὴν
1188 1221 1463 1292 γνώριμον
1506 1221 1734 1294 ὑπῆρξε,
1761 1222 1842 1286 τίς
1865 1239 1923 1276 τε

349 1312 438 1387 ἦν,
469 1317 568 1370 καὶ
596 1316 780 1381 πόθεν,
803 1318 900 1370 καὶ
931 1316 996 1370 δι’
1025 1317 1091 1386 ἢν
1115 1315 1290 1370 αἰτίαν
1324 1316 1433 1372 τῶν
1467 1316 1683 1370 οἰκείων
1709 1317 1925 1386 ἀναχω·

347 1409 528 1477 ρήσοι,
567 1406 802 1469 καὶπῶς
830 1406 894 1477 δὴ
929 1408 1148 1461 καλοῖτο
1173 1421 1186 1436 '
1226 1407 1363 1461 ἀλλά
1391 1408 1530 1476 Ξένη
1550 1408 1684 1478 πρὸς
1716 1407 1924 1470 πάντας

348 1497 588 1564 ἔφασκεν
616 1494 1004 1564 ὀνομάζεσθαι,
1036 1499 1132 1550 καὶ
1173 1496 1333 1551 τοῦτο
1382 1497 1520 1568 αὐτῇ
1554 1497 1730 1565 ὄνομα
1784 1492 1923 1549 εἶναι

352 1587 561 1658 κύριον,
596 1587 749 1657 ἐλεγέ
777 1605 857 1655 τε,
881 1589 976 1642 καὶ
994 1587 1226 1656 λέγουσα
1255 1587 1458 1642 ἔπειθε.
1499 1590 1606 1643 Καὶ
1630 1588 1838 1651 Παῦλος
1867 1589 1924 1641 δὲ

350 1678 379 1730 ὀ
416 1679 705 1747 μακάριος,
734 1680 842 1741 τοῖς
907 1680 1186 1750 ἐρωτῶσιν
1223 1681 1287 1733 ἐκ
1341 1681 1438 1750 τῆς
1473 1679 1570 1732 Κῶ
1618 1679 1720 1748 τῆς
1759 1680 1923 1749 νήσου

348 1767 522 1836 λέγων
554 1768 724 1832 αὐτὰς
749 1769 997 1838 ἀγαγεῖν,
1034 1772 1133 1825 ούκ
1161 1770 1368 1825 ἄπιστα
1403 1770 1584 1840 λέγειν
1612 1770 1732 1824 οὐδὲ
1752 1770 1922 1841 ψευδῆ

2033 586 2387 654 accepissent,
2416 593 2470 638 et
2495 597 2553 639 se
2583 598 2705 638 eum
2727 595 2847 637 esse
2869 591 3152 636 secuturas
3187 577 3606 649 signiﬁcassent,

2034 677 2099 732 iis
2130 676 2407 746 acceptis,
2453 673 2612 730 solvit
2660 675 2714 727 in
2750 672 3035 741 Mylassam
3072 671 3368 738 civitatem,
3409 670 3607 738 datque

2031 768 2112 824 eis
2145 767 2450 822 habitacula
2483 767 2550 822 ad
2577 767 2813 835 quietem
2841 765 3245 820 accommodata
3275 778 3442 834 prope
3465 769 3602 843 tem-

2031 861 2176 931 plum
2204 877 2219 914 :
2254 874 2361 929 quo
2388 860 2440 913 in
2485 859 2603 912 loco
2631 858 2849 911 domum
2881 871 3095 926 quoque
3129 856 3421 910 oratoriam
3457 847 3611 909 exciJ

2034 960 2113 1006 tat
2137 950 2357 1020 Hospita
2383 949 2658 1018 Stephano
2703 946 3113 1018 protomartyri.
3137 947 3278 999 Intra
3309 946 3471 999 breve
3503 961 3604 998 au-

2033 1054 2139 1098 tem
2170 1053 2377 1112 tempus
2405 1041 2685 1096 constituit
2707 1039 2872 1093 etiam
2899 1037 3603 1106 monasterium‘virginnm,

2031 1136 2086 1190 id
2118 1147 2334 1204 quoque
2361 1146 2530 1188 sacra:
2565 1130 2714 1186 Pauli
2741 1144 2887 1185 curae
2909 1130 3280 1185 committens.
3311 1127 3450 1182 Toto
3475 1143 3605 1182 vero

2035 1236 2273 1294 tempore
2305 1224 2424 1294 ejus
2462 1223 2585 1280 vita:
2636 1235 2796 1277 nemo
2823 1219 3096 1291 cognovit,
3147 1234 3390 1288 quaenam
3426 1226 3603 1286 esset,

2032 1334 2131 1374 nec
2162 1319 2332 1388 cuias,
2364 1327 2415 1370 et
2443 1323 2663 1386 pmpter
2695 1327 2991 1382 quamnam
3021 1326 3241 1382 causam
3289 1326 3318 1364 a
3366 1310 3482 1367 suis
3521 1325 3607 1364 re-

2032 1407 2308 1470 cessisset,
2338 1416 2392 1460 et
2416 1405 2686 1474 quonudo
2715 1410 3001 1457 vocaretur
3033 1419 3046 1456 :
3077 1401 3170 1457 sed
3195 1402 3406 1456 dicebat
3432 1400 3608 1454 omni-

2032 1498 2154 1560 bus,
2177 1513 2238 1553 se
2268 1497 2453 1552 vocari
2487 1493 2769 1562 Hospitam
2805 1509 2818 1545 :
2850 1491 3064 1546 dicebat
3085 1492 3187 1545 hoc
3217 1491 3320 1544 sibi
3353 1505 3474 1546 esse
3506 1505 3605 1546 no-

2032 1603 2152 1642 men
2188 1587 2484 1656 proprium,
2529 1593 2583 1639 et
2613 1569 2840 1637 dicendo
2881 1582 3263 1650 persuadebat.
3299 1581 3470 1636 Porro
3505 1597 3606 1635 au-

2033 1689 2139 1734 tem
2187 1679 2376 1733 beatus
2420 1691 2634 1747 quoque
2688 1677 2890 1731 Paulus
2929 1673 3116 1727 dicens
3149 1672 3606 1742 interrogantibus

2031 1783 2090 1822 se
2116 1767 2405 1822 adduxisse
2437 1766 2554 1821 illas
2585 1780 2652 1820 ex
2677 1763 2979 1828 Co.insula,
3013 1776 3113 1817 nec
3139 1761 3474 1815 incredibilia
3507 1773 3606 1814 nec

349 1855 650 1924 ἐνομίζετο.
685 1855 853 1912 Ὀθεν
882 1858 946 1931 δὴ
973 1862 1068 1913 καὶ
1093 1859 1152 1912 τὸ
1179 1861 1539 1931 μοναστήριον
1571 1860 1764 1924 αὐταῖς
1818 1859 1921 1912 τῶν

2029 1857 2166 1912 falsa
2193 1857 2482 1914 videbatur
2507 1857 2703 1911 dicere.
2733 1855 3000 1922 Quocirca
3031 1868 3216 1907 carum
3245 1865 3459 1919 quoque
3489 1866 3602 1903 mo-

351 1943 526 1999 Κώων
560 1945 779 2016 ἐλέγετο
813 1943 972 2015 εἶναι,
1000 1950 1421 2014 ἀκολουθοῦντος
1454 1951 1654 2022 δηλαδὴ
1681 1949 1774 2004 τοῦ
1805 1951 1923 2004 ὀνό-

349 2053 518 2105 ματος
559 2040 624 2107 τῇ
655 2037 763 2091 τῶν
793 2038 1002 2095 πολλῶν
1046 2039 1174 2112 δόξῃ
1208 2041 1304 2094 καὶ⁸
1332 2043 1446 2104 τοῖς
1503 2040 1922 2112 φημιζομὲνοις.

354 2127 628 2198 Κυρίλλου
657 2129 716 2182 δὲ
745 2128 838 2182 τοῦ
871 2129 971 2200 τῆς
1020 2131 1228 2196 πόλεως
1257 2131 1356 2202 τὴν
1397 2117 1704 2203 ἐπισκοπὴν
1736 2136 1926 2187 ἐπιτε-

354 2215 672 2289 τραμμένου
708 2218 1008 2287 τηνικαῦτα
1062 2219 1151 2273 τὸν
1205 2221 1320 2291 βίον
1377 2222 1794 2290 ἀπολιπόντος,
1855 2227 1921 2296 τῇ

344 2308 496 2360 πόλει
542 2308 737 2373 κοινῶς
791 2309 1087 2380 ἐψηφίζετο
1135 2311 1226 2365 τὸν
1277 2311 1372 2366 τοῦ
1438 2314 1711 2384 Κυρίλλου
1738 2315 1925 2387 θρόνον

343 2397 433 2450 τὸν
466 2399 679 2453 Παῦλον
708 2400 1016 2454 ἀντιλαϐεῖν
1036 2418 1050 2432 ο
1081 2401 1110 2455 ὃ
1151 2402 1216 2473 δὴ
1259 2405 1354 2456 καὶ
1379 2403 1532 2468 τέλος
1581 2404 1742 2469 εὐθὺς
1789 2401 1922 2477 εἶχε,

347 2493 445 2545 καὶ
464 2493 562 2562 τὴν
599 2493 930 2562 χειροτονίαν
960 2488 1114 2558 οὗτος
1149 2495 1381 2564 ἐδέχετο.
1633 2521 1644 2528 ·

413 2582 496 2635 H'.
555 2581 774 2652 Ἀμέλει
793 2583 888 2637 καὶ
923 2585 1181 2656 πρόεδρος
1215 2580 1370 2650 οὗτος
1392 2587 1688 2658 Μυλάσσης
1715 2589 1927 2642 ἀναδει-

346 2671 513 2741 χθεὶς,
549 2671 726 2724 πείθει
761 2672 857 2726 καί⁵
906 2676 1004 2743 τὴν
1061 2671 1233 2746 Ξένην
1279 2674 1370 2728 τὸν
1403 2675 1674 2746 ἱερατικὸν
1723 2675 1924 2746 βαθμὸν

345 2762 634 2833 ἀναϐῆναι,
683 2763 779 2816 καὶ
833 2762 1133 2835 χειροτονεῖ
1182 2766 1385 2836 ταύτην
1442 2767 1711 2822 διάκονον.
1763 2769 1923 2830 Ἥτις

351 2854 475 2906 ἐπεὶ
499 2855 596 2924 τὴν
629 2856 724 2924 τῆς
757 2855 1030 2919 διακονίας
1065 2857 1362 2928 ἐπιστεύθη
1403 2859 1569 2930 τιμὴν
1592 2860 1778 2929 (ἀξίως
1797 2859 1920 2930 μὲν,

345 2945 615 3008 ἀκουσίως
650 2945 750 3018 δὲ),
781 2947 880 2999 οὐκ
907 2946 1054 3002 ἔστιν
1085 2950 1258 3001 εἰπεῖν
1290 2951 1434 3014 ὅσοις
1465 2951 1648 3014 πόνοις
1673 2951 1733 3004 τὸ
1765 2951 1924 3021 σῶμα

349 3038 659 3106 παρέδωκε,
689 3042 784 3094 καὶ
839 3041 1072 3112 μάλιστα
1115 3045 1299 3114 τρυφῇ
1345 3044 1496 3115 πάσῃ
1543 3043 1605 3096 τὸ
1654 3044 1922 3116 πρότερον

344 3132 438 3184 καὶ
467 3131 734 3203 εὐπαθείᾳ
779 3133 1211 3204 συνειθισμένον·
1247 3138 1434 3198 καινόν
1465 3153 1584 3190 τινα
1614 3136 1784 3199 ὅντως
1827 3138 1921 3190 καὶ

346 3217 567 3289 ξένονέί]
597 3219 734 3288 Ξένη
755 3218 1002 3288 βιώσασα
1033 3221 1168 3290 βίον,
1203 3223 1292 3275 καὶ
1325 3217 1434 3275 οἷον
1455 3221 1614 3277 ἀῦλον
1642 3222 1734 3275 καὶ
1773 3221 1920 3275 ἀσώ-

347 3325 540 3378 ματον,
559 3311 634 3374 ὡς
649 3312 742 3364 καὶ
757 3312 951 3375 αὐτοὺς
975 3311 1236 3381 δαίμονας
1265 3313 1548 3385 πόρρωθεν
1572 3313 1926 3384 ὑποφρίσσειν

343 3403 443 3473 τὴν
478 3403 786 3473 ἀποτομίαν
822 3406 922 3475 τῆς
973 3405 1216 3475 ἀγωγῆς,
1255 3409 1348 3458 καὶ
1412 3406 1547 3476 μηδέ
1602 3404 1926 3475 πλησιάσειν

343 3496 480 3560 ὅλως
511 3496 698 3567 ἐκείνῃ
727 3496 952 3574 τολμᾷν.
987 3497 1061 3550 ’Ἠ
1090 3514 1153 3566 γε
1188 3496 1396 3551 λύουσα
1439 3498 1537 3568 μὲν
1570 3497 1832 3562 πολλάκις
1866 3499 1926 3551 τὸ

345 3589 488 3643 πάνυ
528 3587 778 3641 σύντονον
822 3589 917 3641 καὶ
945 3589 1120 3658 τραχὺ
1168 3588 1268 3657 τῆς
1315 3589 1616 3658 ἀσκήσεως,
1648 3588 1747 3642 οὐκ
1777 3588 1926 3650 ἐντὸς

343 3678 438 3732 δύο
495 3679 592 3732 καὶ
645 3679 814 3748 τριῶν
863 3679 1052 3750 ἤσθιεν
1103 3677 1348 3750 ἡμερῶν.
1396 3679 1525 3731 Ὅτε
1574 3679 1630 3731 δέ
1694 3677 1922 3746 ἀγώνων

343 3771 566 3842 ἥπτετο,
617 3771 713 3823 καὶ
771 3769 1184 3842 ἀκριϐείας,ώς
1247 3770 1414 3834 εἰκὸς,
1467 3771 1666 3840 εἴχετο,
1699 3773 1792 3828 καὶ
1844 3775 1924 3836 είς

345 3860 484 3914 ἐπτά
517 3863 835 3931 παρέτεινεν
880 3860 1086 3928 ἄσιτος,
1115 3863 1302 3931 νόμοις
1353 3863 1638 3932 μαχομένη
1679 3863 1915 3932 φύσεως,

346 3953 434 4006 διὰ
471 3953 560 4008 τὸν
581 3955 742 4024 νόμον
765 3953 860 4007 τοῦ
890 3954 1230 4025 πνεύματος.
1265 3956 1412 4026 Πλὴν
1455 3955 1590 4008 ἀλλά
1620 3957 1713 4009 καὶ
1749 3955 1922 4019 οὕτως

345 4042 443 4112 ὀψὲ
487 4045 581 4096 καί⁵
621 4043 773 4114 μόλις
810 4046 892 4107 είς
929 4046 1138 4116 τροφὴν
1189 4045 1474 4110 κατιοῦσα,
1505 4047 1602 4100 καὶ
1659 4047 1797 4117 πρὸς
1859 4046 1922 4098 τὸ

346 4134 504 4204 σῶμα
550 4133 640 4187 διὰ
683 4135 777 4188 τὸν
835 4133 1130 4205 σύνδεσμον
1183 4136 1446 4206 βλέψασα,
1476 4137 1623 4191 οἴνου
1680 4139 1778 4209 μέν
1828 4140 1923 4193 καὶ

344 4225 549 4289 ἐλαίου,
589 4226 822 4297 λαχάνου
855 4243 938 4292 τε,
965 4229 1132 4299 φημὶ,
1174 4230 1267 4280 καὶ
1298 4228 1528 4299 ὀσπρίου
1560 4231 1651 4282 καὶ
1700 4229 1920 4297 παντὸς,

343 4316 419 4379 ὡς
449 4318 643 4383 εἰπεῖν,
692 4317 720 4370 ὃ
749 4317 836 4370 διὰ
872 4319 1042 4388 πυρὸς
1067 4318 1180 4388 ἔχει
1216 4319 1313 4391 τὴν
1352 4319 1570 4389 χρῆσιν,
1599 4320 1734 4384 ὅλως
1762 4321 1922 4374 ἀπεί-

344 4426 486 4478 χετο,
514 4409 649 4480 πρὸς
678 4410 733 4463 δέ
766 4411 862 4464 καὶ
881 4411 980 4463 ὅσα
1012 4413 1274 4482 φέρουσιν
1304 4406 1445 4483 ὧραι
1476 4414 1694 4467 πάντων
1718 4401 1921 4482 ὁμοίώς

2028 1948 2326 2004 nasterium
2358 1948 2641 2002 dicebatur
2661 1961 2782 2002 esse
2814 1945 3071 2010 Coorum,
3104 1951 3364 2013 sequente
3396 1941 3604 1996 scilicet

2027 2041 2244 2097 nomine
2279 2040 2576 2095 multorum
2615 2039 2944 2110 opinionem,
2995 2046 3049 2091 et
3082 2050 3142 2090 ea
3175 2049 3294 2105 quae
3327 2032 3466 2090 larua
3515 2031 3602 2098 ja-

2027 2131 2331 2186 ctabantur.
2363 2131 2499 2185 Cum
2539 2141 2716 2185 autem
2748 2129 3006 2200 (Iyrillus,
3037 2128 3121 2183 cui
3151 2125 3324 2182 fuerat
3351 2125 3606 2180 commis-

2027 2239 2120 2279 sus
2164 2223 2402 2278 civitatis
2434 2224 2814 2292 episcopatus,
2862 2231 2990 2274 tunc
3027 2234 3058 2275 e
3104 2219 3210 2272 vita
3257 2217 3602 2279 excessisset,

2027 2315 2303 2370 communi
2329 2299 2569 2370 Civitatis
2593 2312 2849 2382 suffragio
2876 2311 3206 2376 decernitur,
3235 2319 3297 2364 ut
3338 2310 3391 2363 in
3417 2307 3603 2378 Cyrilli

2027 2405 2154 2459 sede
2183 2405 2382 2459 Paulus
2403 2403 2657 2459 succedat
2690 2420 2705 2457 :
2737 2402 2880 2472 quod
2909 2399 3126 2471 quidem
3153 2411 3207 2455 et
3232 2399 3415 2455 statim
3443 2397 3606 2452 linem

2026 2497 2253 2566 accepit,
2279 2506 2334 2552 et
2362 2496 2408 2552 is
2438 2495 2541 2550 luit
2573 2495 2877 2557 ordinatus.

2096 2586 2230 2641 Vill.
2273 2587 2394 2642 Jam
2442 2601 2572 2642 vero
2621 2589 2668 2642 is
2714 2595 2935 2642 creatus
2970 2583 3304 2655 Mylassenus
3353 2580 3605 2646 antistes,

2030 2679 2268 2749 Hospita:
2303 2693 2519 2749 quoque
2566 2667 2878 2748 persuadet,
2915 2685 2972 2730 ut
3006 2676 3072 2730 ad
3124 2689 3339 2730 sacrum
3375 2674 3604 2742 gradum

2025 2771 2306 2835 ascendat,
2337 2779 2392 2824 et
2419 2784 2539 2823 eam
2569 2769 2786 2824 ordinat
2812 2768 3195 2822 diaconissam.
3224 2767 3355 2833 Quae
3388 2765 3602 2832 quidem

2023 2870 2309 2929 postquam
2335 2858 2437 2913 fuit
2457 2857 2572 2926 ejus
2596 2858 2717 2912 lidei
2746 2857 3031 2912 mandatus
3062 2857 3235 2910 honor
3261 2854 3602 2918 diaconatus,

2025 2964 2183 3019 quem
2238 2949 2547 3004 merebatur
2597 2949 2846 3018 quidem,
2911 2947 3076 3002 invita
3129 2949 3310 3000 tamen
3345 2945 3601 3013 accepit:

2026 3039 2130 3095 dici
2157 3055 2260 3092 non
2291 3047 2489 3108 potest,
2520 3037 2740 3107 quantis
2767 3050 2963 3103 corpus
3003 3035 3288 3089 tradiderit
3328 3034 3602 3090 laboribus

2025 3145 2080 3190 ct
2113 3135 2347 3188 maxime
2395 3132 2540 3202 quod
2589 3139 2706 3186 erat
2739 3142 3013 3185 assuetum
3049 3127 3257 3183 deliciis
3295 3135 3350 3182 et
3377 3127 3604 3181 lautitiis

2028 3227 2304 3292 onmibus,
2344 3225 2632 3295 quamdam
2683 3236 2810 3277 vere
2844 3235 3041 3277 novam
3091 3229 3144 3276 et
3175 3219 3403 3272 alienam
3438 3219 3604 3272 vitam

2026 3327 2236 3374 sectata
2253 3326 2307 3373 et
2320 3318 2476 3387 plane
2496 3325 2796 3382 externam,
2817 3313 3052 3377 etﬁveluti
3075 3313 3310 3366 materia:
3327 3320 3604 3380 expertem

2025 3418 2081 3464 et
2110 3411 2481 3480 incorpoream
2518 3424 2532 3464 :
2566 3407 2701 3461 adeo
2736 3413 2795 3459 ut
2844 3414 3118 3459 austeram
3153 3403 3271 3472 ejus
3316 3400 3484 3456 vitam
3521 3397 3605 3452 vel

2027 3501 2212 3572 procul
2273 3502 2556 3555 horrerent
2610 3499 2907 3559 daemones,
2960 3506 3014 3550 et
3063 3510 3161 3549 nec
3220 3495 3483 3546 auderent
3537 3493 3604 3544 ad

2028 3608 2146 3646 eam
2203 3593 2425 3668 omnino
2484 3590 2766 3646 accedere.
2827 3587 2958 3654 Quae
3005 3587 3224 3657 quidem
3289 3599 3410 3640 cum
3463 3597 3605 3651 saepe

2025 3685 2258 3740 solveret
2291 3686 2558 3738 intensam
2607 3691 2661 3737 ct
2711 3697 2958 3752 asperam
2990 3679 3456 3741 exercitationem,
3495 3691 3600 3730 non

2027 3779 2170 3832 intra
2203 3778 2427 3832 duorum
2453 3783 2546 3829 aut
2581 3775 2738 3828 trium
2765 3773 2976 3827 dierum
3007 3770 3237 3840 spatium
3265 3769 3602 3822 comedebat.

2025 3868 2252 3936 Quando
2302 3879 2482 3922 autem
2519 3866 2584 3920 ad
2645 3863 2945 3919 certamina
3000 3868 3252 3916 accurate
3309 3870 3365 3913 et
3413 3865 3604 3912 exacte

2025 3958 2460 4029 aggrediebatur,
2492 3955 2654 4010 etiam
2690 3954 2754 4007 ad
2791 3963 2998 4022 septem
3026 3937 3203 4020 usque
3236 3951 3353 4004 dies
3384 3963 3604 4018 perma-

2024 4051 2186 4104 nebat
2210 4047 2414 4118 jcjuna,
2448 4060 2694 4116 pugnans
2725 4059 2844 4100 cum
2895 4053 3100 4097 natura:
3135 4042 3340 4112 legibus
3373 4054 3596 4108 propter

2024 4139 2198 4208 legem
2233 4138 2477 4208 spiritus.
2510 4135 2816 4200 Quinetiam
2856 4149 2978 4190 eum
3009 4134 3089 4189 sic
3113 4147 3327 4203 quoque
3359 4132 3447 4186 vix
3477 4140 3598 4184 tan-

2023 4233 2142 4287 dem
2178 4232 2461 4286 accederct
2511 4231 2576 4282 ad
2618 4229 2802 4283 cibum
2836 4227 3180 4296 capiendum,
3217 4237 3273 4280 et
3304 4224 3370 4279 ad
3407 4238 3604 4292 corpus

2022 4333 2247 4395 pr0pter
2271 4321 2546 4377 vinculum
2576 4321 2897 4384 intueretur,
2925 4334 2954 4372 a
2984 4319 3110 4373 vino
3137 4319 3352 4387 quidem
3378 4324 3433 4369 et
3459 4315 3600 4381 oleo,
3643 4333 3650 4344 λ

2022 4425 2078 4471 et
2115 4417 2182 4470 ab
2213 4413 2452 4470 oleribus
2491 4422 2550 4468 et
2580 4413 2962 4484 leguminibus,
2993 4420 3046 4464 et
3075 4425 3106 4464 a
3135 4410 3392 4478 quolibet,
3424 4415 3484 4460 ut
3513 4420 3603 4460 se-

344 4502 606 4569 ἀγευστος
633 4497 700 4573 ἦν
727 4518 742 4534 ο
783 4502 933 4573 ἄρτῳ
961 4501 1019 4555 δὲ
1071 4504 1217 4574 μόνῳ
1259 4503 1358 4575 τὴν
1405 4504 1594 4575 χρείαν
1652 4505 1917 4576 ἐπλήρου,

2027 4507 2130 4561 mel
2167 4507 2365 4572 dicam,
2401 4521 2510 4576 quo
2537 4505 2649 4575 igni
2674 4507 2890 4559 admoto
2917 4503 3140 4569 utimur,
3171 4502 3392 4556 omnino
3436 4499 3604 4553 absti-

341 4593 438 4645 καὶ
461 4591 647 4644 τοῦτον
670 4592 768 4662 οὐχ
799 4593 988 4657 ἁπλῶς
1019 4595 1114 4648 καὶ⁹
1152 4593 1372 4658 ἀπόνως
1425 4596 1785 4666 προσιεμένη,
1813 4596 1928 4648 ἀλλ’

343 4685 525 4746 αὐτοῖς
555 4683 786 4754 δάκρυσι
819 4684 1109 4755 βρέχουσα,
1145 4687 1212 4755 τῇ
1246 4683 1426 4752 σποδῷ
1449 4702 1507 4737 τε
1531 4685 1624 4738 τοῦ
1656 4685 1926 4756 θυμιατηο

345 4773 461 4845 ρίου
496 4775 942 4845 προσμάσσουσα·
973 4777 1049 4838 ὼς
1075 4777 1208 4846 μηδὲ
1251 4776 1312 4828 τδ
1342 4775 1561 4840 ἐσθίειν,
1591 4774 1619 4827 ό
1643 4779 1793 4846 κοινῇ
1816 4778 1928 4838 τοῖς

353 4864 666 4932 φιλοπόνοις
719 4865 840 4918 ἐστὶ⁵
895 4866 1096 4938 μετρία
1142 4866 1512 4937 παράκλησις,
1540 4865 1739 4920 ἄπονον
1785 4866 1922 4938 αὐτῇ

341 4951 503 5022 εἶναι,
537 4957 630 5009 καὶ
659 4955 1034 5020 κακοπαθείας
1063 4957 1376 5028 ἐλεύθερον.

2028 4600 2210 4654 nebat.
2241 4598 2412 4653 Porro
2435 4608 2612 4652 autem
2643 4596 2846 4651 nullum
2879 4609 3094 4665 quoque
3126 4594 3358 4647 l'ructnm
3381 4590 3603 4645 omnino

2024 4691 2311 4760 gustabat,
2352 4689 2446 4744 sed
2493 4688 2612 4743 solo
2650 4701 2792 4757 pane
2844 4684 3218 4740 satisiaciebat
3291 4680 3603 4736 necessitati
3691 4739 3698 4745 _

2023 4790 2227 4834 naturae
2262 4799 2274 4833 :
2308 4789 2361 4835 et
2409 4795 2508 4834 nec
2541 4793 2664 4833 eum
2704 4777 2838 4832 adeo
2873 4776 3064 4831 leviter
3104 4784 3158 4829 et
3190 4775 3324 4828 citra
3360 4773 3600 4826 laborem

2021 4872 2363 4939 admittebat,
2396 4873 2490 4927 sed
2516 4886 2638 4926 emn
2666 4870 2922 4942 lacrymis
2949 4868 3231 4938 irrigabat,
3265 4875 3318 4919 et
3343 4862 3604 4919 thuribuli

2019 4965 2201 5018 cinere
2253 4962 2633 5034 aspcrgebat',
2679 4970 2740 5017 ut
2797 4975 2897 5015 nec
2951 4959 3125 5028 ipsum
3175 4950 3392 5027 quidem
3427 4952 3596 5018 vesci,

339 5049 483 5118 quod
529 5048 892 5105 communiter
950 5048 1237 5106 laboriosis
1288 5049 1428 5109 solet
1460 5064 1584 5107 esse
1626 5049 1920 5108 mediocris
1958 5054 2284 5125 consolatio,
2348 5055 2398 5110 ei
2417 5063 2565 5110 esset
2591 5053 2729 5109 citra
2758 5051 3020 5117 laborem,
3082 5060 3135 5106 et
3159 5048 3388 5103 liberum
3413 5061 3442 5099 a
3470 5044 3582 5100 mal

340 5144 708 5215 perpessione.

413 5231 490 5284 8'.
524 5235 633 5286 Kal.
661 5226 816 5298 οὗτος
847 5234 1049 5306 τρόπος
1078 5236 1144 5306 τῇ
1191 5233 1328 5307 Ξένῃ
1358 5235 1584 5306 τροφῆς,
1620 5237 1748 5306 παρ’
1779 5235 1908 5308 ὅλην

345 5319 514 5388 αὐτῆς
537 5323 633 5394 τὴν
662 5323 830 5396 ζωὴν,
853 5327 928 5390 ὼς
959 5328 1054 5382 καὶ
1085 5325 1252 5396 αὐτὴν
1286 5327 1424 5398 μετά
1442 5327 1605 5382 Δαϐὶδ
1626 5328 1719 5381 τοῦ
1748 5328 1917 5396 θείου,

351 5411 548 5465 σποδὸν
573 5415 706 5468 ὡσεὶ
733 5419 897 5489 ἄρτον
933 5420 1149 5489 φαγεῖν,
1173 5420 1268 5472 καὶ
1296 5419 1488 5491 κιρνᾷν
1509 5420 1566 5473 τὸ
1595 5420 1745 5489 πόμα
1781 5420 1918 5492 μετά

301 5501 308 5512 ”
344 5501 647 5572 κλαυθμοῦ.
670 5507 854 5563 Ταῦτα
879 5510 937 5564 δὲ
978 5509 1232 5576 ποιοῦσα,
1255 5509 1350 5564 καὶ
1373 5510 1546 5575 οὕτως
1587 5511 1756 5583 ἄρτον
1796 5511 1888 5566 όδύ

342 5608 442 5656 ντις
471 5592 744 5662 ἐσθίουσα,
775 5596 861 5652 ἵνα
897 5602 992 5656 καὶ
1023 5595 1179 5666 αὖθις
1208 5603 1278 5658 τά
1316 5602 1408 5658 τοῦ
1461 5605 1626 5669 ᾼαὸὶδ
1664 5603 1913 5674 φθέγξα-

415 5779 433 5809 ¹
464 5775 604 5831 Psal.
631 5794 702 5846 cr,
742 5777 825 5834 l0.
905 5778 1094 5834 ‘ibid.

2097 5237 2191 5296 1X.
2235 5235 2360 5294 Fuit
2391 5245 2571 5292 autem
2600 5235 2838 5306 Hospita:
2867 5233 2955 5289 hic
2992 5247 3052 5289 se
3097 5226 3371 5286 nutriendi
3409 5224 3601 5283 modus

2025 5345 2120 5401 per
2171 5339 2338 5386 totam
2393 5344 2548 5385 suam
2593 5328 2785 5394 vitam,
2829 5327 2964 5381 adeo
3017 5332 3074 5378 ut
3118 5324 3232 5392 ipsa
3267 5335 3390 5376 cum
3421 5319 3604 5373 divino

2026 5423 2228 5478 Davide
2261 5422 2500 5476 cinerem
2537 5430 2791 5489 tanquam
2837 5433 3034 5488 panem
3065 5413 3391 5475 comederet,
3419 5420 3472 5464 et
3501 5425 3601 5476 po-

2025 5523 2138 5569 tum
2174 5529 2295 5569 cum
2317 5511 2443 5568 ﬂetu
2473 5513 2724 5587 misceret
2746 5511 2789 5566 ³.
2815 5509 2940 5564 Haec
2969 5515 3148 5562 autem
3185 5505 3409 5567 faciens,
3441 5509 3497 5555 et
3523 5500 3604 5554 sic

2023 5618 2216 5675 panem
2246 5603 2450 5662 doloris
2481 5604 2770 5662 comedens
2796 5602 2898 5674 (ut
2929 5613 3118 5657 rursus
3143 5597 3340 5665 dicam,
3370 5607 3489 5664 ιιιιιο
3514 5590 3607 5646 di-
