4138 6408
569 380 670 448 991

1797 384 2081 444 MENSlS
2117 382 2576 444 JANUARIUS.

3720 385 3831 450 992

572 501 729 554 vinus
759 497 962 567 David)
993 496 1205 552 etiamsi
1239 496 1374 552 alias
1405 510 1470 551 ex
1510 498 1809 564 sororibus,
1836 517 1931 556 eas
1961 513 2140 554 tamen

2250 512 2370 567 μαι,
2401 497 2450 549 εἰ
2483 499 2579 551 καὶ
2620 497 2718 559 τὰς
2758 495 2926 556 ἄλλας
2958 495 3068 549 τῶν
3119 495 3385 564 ἀδελφῶν,
3421 495 3557 550 ἀλλὰ
3604 496 3702 558 τὰς
3738 497 3835 552 δύο

573 594 728 657 duas,
767 604 886 659 quae
931 590 981 643 ei
1031 589 1362 654 assidebam,
1408 600 1462 645 et
1513 589 1654 660 fugae
1707 591 1922 646 fuerant
1968 595 2148 658 sociae,

571 684 740 737 latere
776 697 880 735 non
910 682 1086 750 potuit
1117 700 1131 737 :
1180 682 1320 737 clam
1356 683 1498 737 enim
1537 685 1895 753 aspiciebant,
1931 703 2052 756 quae
2082 688 2150 742 ab

569 787 630 837 ea
668 773 887 837 fiebant,
925 773 1000 826 ita
1035 782 1092 827 ut
1141 773 1270 841 ipsae
1302 773 1566 839 videntes,
1616 789 1722 828 non
1778 776 2096 832 viderentur
2131 795 2146 831 :

527 847 532 852 ’
570 864 678 918 imo
709 878 836 918 vero
881 878 988 918 non
1028 864 1204 919 solum
1255 864 1528 930 videbant,
1565 865 1658 919 sed
1691 867 1854 920 etiam
1890 883 1987 936 pro
2020 868 2146 922 viri-

539 974 542 976 ·
568 955 669 1010 bus
691 955 984 1011 studebant
1003 955 1228 1010 imitari.
1260 955 1392 1011 Cum
1420 969 1599 1013 autem
1628 968 1735 1012 tam
1761 973 1920 1026 parce
1943 969 1997 1014 et
2017 974 2149 1014 non-

570 1048 675 1102 nisi
723 1047 1049 1102 necessitate
1089 1047 1366 1119 compulsa
1424 1050 1684 1114 aleretur,
1738 1065 1864 1105 num
1919 1049 2151 1106 fortasse

568 1153 780 1193 sommo
841 1139 999 1193 aliter
1054 1139 1330 1204 utebatur,
1367 1149 1422 1195 et
1468 1141 1547 1195 sic
1603 1142 1707 1196 vim
1767 1143 2150 1198 consolabatur

570 1231 835 1300 corporis,
894 1232 1054 1300 idque
1101 1232 1268 1286 multa
1320 1233 1576 1288 laborans
1628 1233 1837 1300 inedia,
1873 1243 1926 1290 et
1984 1236 2148 1290 veluti

571 1323 898 1387 concidens,
934 1325 1269 1378 sustentabat
1301 1333 1357 1380 et
1409 1326 1723 1380 recreabat?
1768 1325 2146 1397 Nequaquam.

573 1413 678 1467 Sed
735 1423 842 1468 tam
895 1415 1192 1471 toleranter
1237 1415 1456 1485 quidem
1495 1415 1799 1486 jejunabat,
1839 1431 1899 1472 ut
1930 1419 2012 1473 vel
2047 1419 2151 1475 hoc

571 1504 741 1559 solum
789 1505 1059 1561 sutileeret
1096 1508 1162 1562 ad
1217 1507 1616 1563 dissolvendum
1672 1510 1838 1564 robur
1882 1512 2146 1579 corporis,

568 1596 669 1649 etsi
701 1597 832 1649 nihil
859 1609 1005 1651 esset
1039 1598 1207 1664 aliud,
1242 1601 1385 1669 quod
1417 1615 1536 1655 eam
1568 1600 1849 1671 aﬂligeret.
1882 1600 2012 1656 Plus
2044 1617 2146 1656 au-

567 1696 671 1739 tem
702 1688 976 1757 vigilabat,
1011 1705 1172 1758 quam
1216 1690 1514 1757 jejuuabat,
1562 1702 1612 1746 et
1645 1695 1724 1747 sic
1748 1708 1964 1749 carnem
2009 1693 2146 1748 allii-

566 1779 744 1845 gebat,
791 1787 898 1832 tota
943 1796 1102 1832 manu
1147 1780 1328 1836 ferens
1375 1797 1530 1851 opem
1563 1783 1796 1851 spiritui.
1829 1782 1886 1838 Id
1917 1799 2043 1839 vero
2077 1799 2144 1839 ex

568 1865 669 1918 hoc
715 1876 800 1920 est
830 1867 1076 1934 evidens,
1110 1870 1249 1937 quod
1297 1886 1420 1924 cum
1453 1887 1533 1936 se,
1565 1881 1622 1925 ut
1653 1871 1882 1936 solebat,
1925 1872 2147 1929 dederet

566 1957 820 2022 orationi,
854 1959 967 2014 sole
994 1958 1104 2026 jam
1144 1962 1424 2016 occidente
1470 1977 1574 2016 non
1610 1964 1758 2028 prius
1789 1979 1950 2032 quam
1992 1965 2148 2019 veni-

571 2057 692 2102 rent
721 2063 938 2103 sorores
965 2052 1029 2104 ad
1053 2053 1320 2106 cantanda
1348 2054 1609 2107 matutina
1639 2056 1876 2119 cantica,
1908 2056 2148 2111 solvebat
2181 2047 2190 2054 ἃ

567 2140 869 2195 orationem
912 2159 928 2195 :
970 2145 1063 2198 sed
1106 2159 1490 2214 nonnunquam
1537 2147 2042 2214 deprehendebatur
2077 2148 2146 2203 ab

566 2231 649 2284 eis
691 2231 884 2287 tollens
939 2249 1154 2288 manus.
1205 2234 1510 2304 Aliquando
1551 2251 1730 2291 autem
1767 2253 1888 2293 cum
1923 2253 2148 2307 vespere

573 2324 718 2376 humi
771 2324 1086 2379 inclinasset
1120 2340 1314 2395 genua,
1369 2334 1479 2380 tota
1512 2343 1617 2381 nox
1653 2343 1772 2383 eam
1821 2330 1898 2383 sic
1929 2333 2146 2384 tenebat

561 2417 830 2483 jacentem
863 2424 917 2470 et
946 2415 1256 2482 deﬂentem,
1289 2429 1343 2472 et
1386 2418 1552 2473 Deum
1585 2422 1932 2475 vehementer
1984 2435 2147 2474 oran-

569 2513 676 2560 tem
710 2523 725 2560 :
758 2516 813 2560 et
866 2508 1010 2577 quod
1060 2519 1142 2563 est
1179 2509 1418 2564 omnium
1469 2511 1704 2564 maxime
1741 2511 2143 2579 admirandum,

565 2613 688 2652 cum
720 2597 810 2652 illa
842 2600 921 2653 sic
956 2614 1014 2654 se
1047 2601 1097 2652 in
1124 2601 1230 2654 vita
1257 2609 1558 2667 exerceret,
1593 2612 1738 2655 tanta
1769 2614 1882 2656 erat
1908 2603 2024 2670 ejus
2051 2604 2148 2658 hu-

569 2689 791 2755 militas,
839 2698 893 2744 ut
941 2691 1116 2745 nullus
1171 2706 1238 2745 ex
1286 2693 1372 2758 iis,
1419 2692 1596 2761 quise
1629 2705 1823 2762 gerunt
1855 2695 2144 2763 improbis-

564 2782 722 2848 sime,
753 2794 931 2852 posset
963 2797 1046 2850 ca,
1077 2800 1178 2854 qua
1217 2785 1330 2853 ipsa
1351 2794 1492 2852 erat,
1521 2801 1640 2842 esse
1673 2789 2062 2844 moderatione.

634 2963 701 3020 Χ.
743 2965 805 3018 Et
836 2975 887 3018 ut
928 2965 1032 3018 alia
1085 2965 1354 3032 omittam,
1389 2981 1512 3036 qua:
1555 2965 1809 3022 ail‘errent
1837 2968 2141 3024 molestiam

563 3066 782 3127 propter
832 3057 1253 3124 multitudinem,
1305 3073 1368 3111 ea
1402 3060 1617 3126 quidem
1655 3071 1823 3122 certe,
1859 3077 1980 3130 qua:
2018 3069 2143 3115 sunt

563 3147 680 3214 eius
713 3149 947 3202 maxime
991 3149 1209 3217 propria
1240 3157 1293 3201 et
1326 3147 1484 3217 longe
1519 3150 1856 3216 apertissima
1917 3151 2138 3213 iudicia,

562 3239 770 3293 tradam
806 3238 912 3306 piis
946 3239 1165 3303 animis,
1217 3253 1409 3306 nempe
1466 3238 1732 3308 insignem
1767 3239 2141 3294 mansuetudi-

564 3345 688 3384 nem
719 3330 940 3397 etquod
984 3329 1185 3382 nemini
1221 3345 1457 3398 unquam
1503 3331 1617 3382 visa
1647 3330 1715 3384 sit
1741 3331 1876 3384 irata
1911 3348 1924 3384 :
1961 3331 2141 3385 chari-

566 3433 748 3486 tatem,
783 3439 901 3492 qua:
934 3437 1153 3477 sorores
1188 3438 1401 3476 smnmo
1437 3422 1898 3492 con‘iplectebatur
1933 3439 2138 3488 amore,

561 3528 618 3571 et
655 3531 842 3570 earum
891 3529 1078 3569 curam
1133 3515 1358 3584 gerebat
1394 3515 1612 3569 :iuanis
1664 3515 1848 3583 gloriae
1886 3531 2138 3586 magnum

562 3609 767 3671 odium,
810 3607 1272 3672 indumentorum,
1308 3622 1428 3676 qua!
1466 3607 1551 3660 vel
1586 3607 1768 3662 idiotze
1801 3609 2136 3672 conveniret,

563 3697 872 3762 utilitatem,
923 3707 978 3751 et
1017 3699 1101 3751 cui
1141 3698 1340 3752 nullius
1369 3701 1570 3766 aequari
1621 3707 1818 3767 posset,
1857 3700 2139 3769 frugalita-

563 3800 670 3842 tem
702 3805 716 3842 :
747 3787 880 3843 tales
907 3772 1049 3840 enim
1077 3796 1230 3848 erant
1262 3789 1492 3857 egregia:
1516 3788 1660 3843 illius
1688 3788 1911 3858 virginis
1941 3798 2136 3854 vestes,

560 3880 748 3948 quales
773 3880 855 3932 vel
879 3895 946 3932 ex
975 3881 1062 3943 iis,
1094 3881 1183 3949 qui
1217 3879 1271 3932 in
1303 3879 1424 3933 foro
1453 3880 1784 3946 mendicant,
1820 3881 2140 3948 dedignatus

561 3974 704 4019 esset
745 3965 941 4032 aliquis
973 3966 1141 4020 videri
1171 3975 1384 4035 gestare
1414 3983 1441 4019 ι-
1464 3969 1646 4023 cordis
1671 3984 1940 4024 summam
1984 3981 2136 4025 tran-

564 4056 884 4126 quillitatem
911 4066 964 4111 et
992 4060 1360 4123 serenitatem,
1385 4075 1503 4128 qum
1528 4061 1591 4114 ad
1615 4061 1937 4129 profundum
1970 4077 2142 4132 usque

560 4149 696 4203 adeo
729 4161 1088 4218 processerat,
1123 4159 1177 4205 et
1209 4167 1327 4206 eam
1374 4163 1657 4221 acceperat
1703 4155 2041 4223 qualitatem,
2083 4165 2141 4211 ut

561 4255 624 4293 ex
651 4249 876 4294 externo
909 4242 1092 4296 habitu
1122 4251 1266 4298 esset
1296 4245 1536 4298 evidens.
1572 4243 1850 4301 Postremo
1879 4247 1953 4312 id,
1991 4249 2134 4316 quod

563 4343 679 4387 erat
710 4334 1102 4401 praeferendum
1136 4337 1371 4401 caeteris,
1408 4338 1546 4405 quod
1578 4351 1724 4393 esset
1755 4354 1971 4408 semper
1993 4342 2136 4412 rogi-

564 4425 799 4502 tabunda
835 4435 890 4479 et
920 4437 1147 4492 attenta,
1175 4437 1230 4480 et
1266 4427 1421 4492 plane
1455 4427 1747 4496 ejusmodi,
1785 4441 1842 4483 ut
1871 4447 1976 4486 non
2009 4448 2139 4500 gau-

2250 587 2454 659 ταύτης
2483 588 2790 659 παρέδρους
2820 588 2918 641 καὶ
2947 587 3047 653 τῆς
3089 588 3268 658 φυγῆς
3308 587 3599 651 κοινωνοὺς
3633 586 3838 642 λανθά-

2249 700 2362 735 νειν
2390 683 2489 736 οὑκ
2515 679 2650 752 εἶχε.
2683 683 2795 735 Καὶ
2841 681 2950 752 γὰρ
2986 677 3125 752 ἦσαν
3156 679 3401 748 κρυφίως
3439 678 3507 732 τὰ
3540 679 3631 732 ὑπ’
3660 679 3836 749 αὑτῆς

2251 769 2514 839 γινόμενα
2547 768 2861 838 βλέπουσαι,
2898 769 2991 822 καὶ
3015 767 3190 832 οὕτως
3233 767 3374 821 ὥστε
3407 767 3621 838 ὁρώσας
3655 769 3835 831 αὑτὰς

2253 858 2329 930 μὴ
2359 857 2612 925 ὁρᾶσθαι,
2649 858 2851 927 μᾶλλον
2878 859 2934 912 δὲ
2982 858 3080 927 οὐχ
3111 859 3317 928 ὁρῶσαι
3356 858 3536 928 μόνον,
3569 859 3705 912 ἀλλὰ
3737 859 3837 912 καὶ

2248 947 2446 1010 ζηλοῦν
2483 949 2624 1000 κατὰ
2645 947 2704 999 τὸ
2737 947 2960 1000 δυνατὸν
2982 949 3174 1011 αὑταῖς
3199 949 3548 1004 σπεύδουσαι.
3586 948 3747 1002 Οὕτω
3769 949 3821 1008 δὲ

2249 1037 2454 1107 τροφῆς
2485 1037 2684 1108 ἔχουσα
2712 1038 2832 1091 λίαν
2861 1038 3056 1101 ἐνδεῶς
3097 1040 3188 1092 καὶ
3223 1041 3680 1110 ὴναγκασμένως,
3715 1036 3826 1111 ἆρα

2255 1128 2331 1200 μὴ
2370 1128 2448 1200 τῷ
2481 1128 2634 1201 ὕπνῳ
2655 1130 2830 1194 άλλως
2862 1131 3081 1202 ἐχρῆτο,
3108 1131 3204 1183 καὶ
3226 1129 3369 1183 οὕτω
3399 1131 3495 1202 τὴν
3539 1129 3662 1200 βίαν
3692 1149 3839 1202 παρ-

2249 1220 2504 1290 εμυθεῖτο
2551 1222 2645 1275 τοῦ
2712 1221 2989 1294 σώματος,
3055 1222 3149 1276 καὶ
3203 1223 3308 1276 ὑπὸ
3366 1224 3568 1292 πολλῆς
3615 1226 3834 1288 ἀσιτίας

2248 1312 2457 1382 κάμνον
2512 1314 2642 1366 αὑτὸ
2699 1316 2794 1367 καὶ
2853 1314 3018 1366 οἱονεὶ
3068 1314 3413 1368 καταπίπτον
3469 1315 3729 1385 ὑπήρειδέ
3769 1333 3833 1369 τε

2248 1401 2344 1453 καὶ
2377 1401 2789 1472 άνελάμϐανεν;
2825 1405 2899 1458 υὺ
2952 1405 3049 1473 μὲν
3091 1400 3206 1470 οὖν,
3259 1404 3396 1458 ἀλλά
3445 1405 3541 1458 καὶ
3572 1406 3832 1477 ὲνήστευε

2251 1496 2351 1566 μὲν
2381 1494 2524 1549 οὕτω
2551 1496 2854 1566 καρτερῶς,
2885 1495 3027 1550 ὥστε
3067 1497 3226 1551 τοῦτο
3254 1498 3414 1567 μόνον
3442 1497 3647 1568 ἀρκοῦν
3689 1493 3832 1550 εἶναι

2247 1589 2338 1641 τὸν
2367 1588 2518 1641 τόνον
2539 1588 2792 1641 ὑπολύειν
2829 1588 2925 1642 τοῦ
2953 1587 3229 1658 σώματος,
3253 1590 3349 1642 καὶ
3373 1590 3422 1642 εί
3450 1589 3616 1659 μηδὲν
3641 1589 3832 1660 ἕτερον

2247 1676 2317 1751 ἦν
2367 1681 2429 1733 τὸ
2497 1682 2769 1734 συντεῖνον
2825 1683 2905 1744 είς
2966 1681 3336 1734 κακοπάθειαν
3370 1695 3387 1710 ·
3445 1679 3716 1750 ήγρύπνει
3771 1680 3830 1733 δὲ

2255 1771 2452 1842 μᾶλλον
2482 1772 2816 1844 ἣὲνήστευε,
2846 1773 2942 1826 καὶ
2977 1772 3120 1826 οὕτω
3161 1772 3452 1826 κατεπόνει
3496 1771 3595 1843 τὴν
3648 1773 3828 1843 σάρκα

2251 1865 2349 1935 ὅλῃ
2387 1865 2530 1935 χειρὶ
2575 1865 2842 1934 βοηθοῦσα
2878 1865 2956 1935 τῷ
2989 1865 3261 1935 πνεύματι
3296 1881 3310 1896 ο
3349 1865 3443 1918 καὶ
3480 1864 3639 1918 τοῦτο
3668 1865 3830 1934 δῆλόν

2252 1959 2398 2010 ἐστιν
2437 1957 2498 2021 ἐξ
2529 1951 2604 2011 ὧν
2641 1960 2707 2028 τῇ
2739 1957 2873 2028 εὐχῇ
2899 1957 3146 2028 συνήθως
3180 1957 3380 2028 ἑαυτὴν
3433 1959 3826 2028 ἐπιτρέπουσα,

2248 2049 2402 2119 ήλίου
2437 2050 2570 2119 πρὸς
2601 2049 2810 2118 δυσμὰς
2856 2049 3029 2113 ὄντος,
3059 2049 3121 2102 οὑ
3175 2049 3440 2120 πρότερον
3474 2048 3507 2120 ἢ
3541 2051 3640 2113 τὰς
3668 2050 3830 2104 ἀδελ-

2249 2141 2354 2210 φὰς
2387 2140 2660 2193 συνελθεῖν
2691 2141 2823 2211 περὶ
2857 2141 2954 2202 τὰς
3003 2141 3097 2194 τοῦ
3137 2140 3338 2212 δρθρου
3366 2141 3512 2211 ᾠδάς
3571 2141 3694 2194 ἔλυε
3726 2142 3830 2214 τὴν

2248 2231 2412 2301 εὐχήν
2431 2247 2444 2262 ·
2480 2230 2596 2284 ἀλλ’
2619 2230 2792 2294 οὑτως
2822 2230 2915 2284 ὑπ’
2950 2231 3133 2285 αὑτῶν
3181 2230 3328 2284 ἔστιν
3357 2231 3445 2284 ὅτε
3475 2231 3826 2302 κατελαμϐά-

2247 2339 2367 2374 νετο
2396 2321 2611 2392 ἠρμένη
2646 2322 2745 2385 τὰς
2793 2323 3003 2392 χεῖρας.
3040 2320 3263 2376 Ἀλλοτε
3300 2319 3358 2372 δὲ
3385 2321 3466 2383 είς
3488 2322 3726 2392 ἑσπέραν
3756 2324 3823 2393 τῇ

2247 2415 2316 2482 γῇ
2358 2413 2424 2464 τὰ
2462 2413 2660 2480 γόνατα
2687 2413 3048 2483 δοῦσανήὸλη
3089 2411 3183 2477 νὺξ
3217 2414 3386 2482 αὑτὴν
3422 2406 3536 2482 εἶχε
3564 2413 3827 2484 κειμένην

2247 2504 2389 2558 οὕτω
2428 2509 2519 2558 καὶ
2567 2505 2882 2570 κλαίουσαν,
2909 2505 3002 2560 καὶ
3051 2504 3171 2576 Θεῷ
3207 2505 3428 2574 θερμῶς
3461 2502 3824 2576 ἐὺχομένηνο

2247 2598 2340 2650 καὶ
2369 2596 2396 2648 ὃ
2425 2597 2642 2650 πάντων
2687 2595 2989 2665 θαυμάζειν
3025 2595 3196 2660 ἄξιον,
3234 2596 3315 2648 ὅτι
3345 2597 3589 2650 τοιοῦτον
3639 2598 3823 2668 ἐκείνη

2248 2687 2362 2757 βίον
2390 2687 2631 2740 ἀσκοῦσα
2652 2686 2889 2740 τοιοῦτον
2914 2683 3026 2757 εἶχε
3048 2689 3108 2739 τὸ
3138 2688 3396 2757 φρόνημα
3424 2687 3701 2752 ταπεινὸν,
3749 2688 3826 2752 ὡς

2250 2781 2452 2850 μηδένα
2488 2782 2629 2850 φημὶ
2669 2779 2777 2832 τῶν
2821 2781 2888 2832 τὰ
2926 2780 3273 2850 πονηρότατα
3320 2780 3573 2849 δρώντων
3625 2781 3820 2852 ἐπίσης

2257 2873 2381 2940 ι’)τῇ
2410 2869 2670 2923 δύνασθαι
2698 2874 3126 2940 μετριοφρονείν.

2319 2962 2375 3016 l'.
2415 2964 2522 3015 Καὶ
2554 2963 2642 3016 ἵνα
2666 2964 2834 3017 τᾶλλα
2881 2962 3065 3033 παρῶ,
3096 2964 3194 3016 ὅσα
3231 2964 3323 3016 καὶ
3375 2966 3476 3036 τὴν
3519 2966 3688 3038 ἀκοὴν
3733 2967 3820 3019 ὲν-

2246 3057 2464 3127 οχλήσει
2493 3055 2579 3108 διὰ
2607 3055 2666 3106 τὸ
2697 3054 2920 3124 πλῆθος,
2950 3055 3086 3108 ἀλλὰ
3111 3057 3179 3109 τά
3206 3073 3270 3126 γε
3305 3057 3570 3110 ἰδιαίτατα
3618 3058 3822 3131 ταύτης

2249 3149 2361 3210 καὶ,
2395 3147 2467 3210 ὡς
2500 3147 2564 3198 ἂν
2597 3146 2789 3212 εἴποις,
2819 3147 2964 3216 σαφῆ
2989 3149 3345 3217 γνωρίσματα
3395 3149 3514 3213 ταῖς
3554 3150 3820 3218 φιλοθέοις

2244 3237 2554 3308 παραδώσω
2612 3239 2829 3307 ψυχαῖςσ
2870 3236 2931 3289 τὸ
2969 3238 3090 3290 καθ’
3139 3238 3448 3310 ὑπερϐολὴν
3497 3243 3692 3310 πρᾶδν,
3727 3242 3819 3294 καὶ

2241 3330 2302 3383 τὸ
2329 3329 2596 3400 μηδέποτε
2629 3330 2816 3400 μηδενὶ
2874 3331 3114 3398 φανερὰν
3151 3330 3402 3398 γενέσθαι
3431 3330 3816 3402 δργιζομένην,

2240 3421 2303 3474 τὸ
2333 3423 2428 3490 τῆς
2455 3423 2676 3492 ἀγάπης
2737 3421 3061 3488 φιλάδελφόν
3101 3439 3160 3474 τε
3213 3423 3310 3475 καὶ
3353 3423 3725 3494 κηδεμονικὸν,
3753 3421 3817 3474 τὸ

2242 3513 2379 3581 πρὶς
2409 3512 2714 3576 κενοδοξίαν
2741 3512 2937 3583 κομιδῇ
2991 3514 3377 3584 μισοπόνηρον,
3408 3515 3468 3566 τὸ
3508 3513 3630 3566 τῶν’
3667 3512 3815 3566 ἐνδυ-

2245 3605 2429 3675 μάτων
2474 3604 2664 3666 δεινῶς
2718 3604 3007 3668 ίδιωτικὺν,
3065 3606 3157 3658 καὶ
3185 3605 3213 3657 δ
3258 3605 3485 3674 μηδενὸς
3533 3603 3693 3658 ἄλλου
3725 3598 3816 3675 ἦν,

2242 3699 2378 3765 πρὸς
2427 3697 2699 3749 εὐτέλειαν
2744 3696 3090 3765 ἐξισούμενον
3145 3697 3388 3764 (τοιαῦτα
3432 3699 3538 3768 γὰρ
3591 3697 3659 3749 τὰ
3719 3699 3820 3768 τῆς

2241 3789 2496 3858 εὐγενοῦς
2523 3791 2738 3858 ἐκείνης
2773 3790 3084 3860 ἐσθήματα,
3125 3787 3211 3843 οἶα
3241 3790 3306 3844 ἂν
3340 3790 3564 3844 καὶτῶν
3590 3791 3681 3844 ἐπὶ
3721 3779 3821 3861 τ’ῆς

2241 3884 2444 3954 ἀγορᾶς
2484 3883 2849 3936 ὲπαιτούντων
2871 3882 3150 3954 ἀπηξίωσὲ
3182 3901 3264 3946 τις
3295 3884 3525 3953 ὀφθῆναι
3572 3883 3778 3954 φορῶν)
3803 3899 3817 3916 ⁶

2239 3974 2301 4027 τὸ
2355 3973 2455 4043 τῆς
2495 3975 2719 4042 καρδίας
2781 3975 3026 4044 ἐσχάτως
3072 3976 3303 4046 νήνεμὸν
3335 3992 3392 4028 τε
3441 3977 3534 4029 καὶ
3563 3976 3817 4046 γαληνὸν,

2240 4065 2382 4119 οὕτω
2413 4067 2669 4136 χωρῆσαν
2703 4069 2782 4128 είς
2825 4066 2990 4136 βάθος
3024 4069 3117 4120 καὶ
3151 4067 3405 4131 ποιωθὲν,
3436 4066 3511 4128 ὠς
3541 4069 3633 4120 καὶ
3661 4067 3820 4136 δῆλον

2241 4161 2348 4212 ἀπὸ
2366 4161 2463 4229 τῆς
2485 4158 2588 4224 ἔξω
2617 4159 2861 4229 γίνεσθαι
2892 4160 3280 4226 καταστάσεως
3317 4178 3330 4192 ·
3364 4163 3456 4214 ἐπὶ
3485 4163 3649 4214 πᾶσιν
3669 4161 3697 4214 ὃ
3725 4161 3821 4215 καὶ

2240 4251 2501 4320 τετάχθαι
2560 4252 2668 4320 πρὸ
2707 4252 2922 4304 πάντων
2961 4253 3133 4318 ἄξιον,
3160 4254 3220 4305 τὸ
3246 4253 3468 4307 σύννουν
3504 4255 3676 4324 αὑτῆς
3725 4257 3820 4308 καὶ

2244 4341 2601 4413 προσεκτικὸν
2632 4345 2726 4396 καὶ
2756 4341 3000 4412 άκριδῶς
3029 4343 3312 4414 ἀδιάχυτον
3345 4361 3360 4376 ο
3396 4345 3454 4410 ἐξ
3484 4338 3653 4418 οὗπερ
3685 4348 3819 4399 άκο-

2243 4432 2470 4486 λουθοῦν
2502 4429 2636 4506 εἶχε,
2671 4434 2730 4487 τὸ
2770 4435 3039 4504 μηδέποτε
3081 4438 3285 4506 ταύτης
3328 4437 3454 4501 τοὺς
3506 4439 3819 4509 ὀφθαλμοὺς

561 4517 651 4571 dio
691 4516 1100 4572 diﬂ'underetnr.
1153 4519 1228 4572 Ex
1274 4534 1381 4588 quo
1442 4521 1543 4573 hoc
1575 4525 2032 4591 consequebatur,
2076 4537 2136 4578 ut

2245 4525 2493 4596 δακρύων
2518 4527 2747 4594 ὁρᾶσθαι
2777 4527 2989 4592 κενοὺς,
3029 4527 3145 4581 ἀλλ’
3164 4527 3376 4582 ὠδίνειν
3411 4530 3518 4597 ἀεὶ,
3554 4531 3694 4583 κατὰ
3719 4529 3819 4594 τὰς

546 4622 834 4677 .nunquam
864 4608 1175 4663 viderentur
1203 4609 1320 4677 ejus
1349 4611 1490 4664 oculi
1523 4613 1709 4667 inanes
1740 4614 2010 4683 lacrymis,
2042 4617 2135 4670 sed

560 4715 774 4768 semper
800 4703 1133 4770 parturirent
1159 4703 1387 4771 aliquid,
1425 4719 1526 4758 non
1553 4721 1711 4760 secus
1737 4722 1800 4760 ac
1827 4707 2003 4762 fontes
2025 4749 2038 4771 ,
2070 4723 2135 4762 ex

558 4793 754 4861 quibus
786 4807 924 4861 aqua
952 4809 1164 4863 semper
1195 4797 1441 4851 scaturit.

627 4883 716 4938 XI.
772 4884 1149 4952 Porroautem
1183 4905 1304 4944 cum
1340 4903 1400 4944 ea
1434 4904 1576 4948 esset
1609 4907 1638 4947 e
1670 4894 1777 4946 vita
1819 4905 2133 4958 excessura,

559 4975 906 5045 eratquidem
927 4977 1039 5032 dies
1056 4977 1228 5034 festus
1242 4982 1383 5035 beati
1403 4982 1678 5050 prraim,
1705 4999 1807 5037 non
1823 4998 1980 5051 quem
2005 4984 2139 5040 aluit

563 5067 743 5134 Syria,
772 5069 864 5122 sed
890 5069 980 5138 qui
1008 5081 1127 5124 erat
1150 5072 1357 5126 civitati
1393 5083 1550 5127 notus
1579 5086 1632 5127 et
1659 5073 1946 5130 familiaris
1975 5093 1989 5131 :
2021 5078 2137 5145 qui,

563 5155 800 5223 inquam,
840 5159 1096 5225 prteclare
1127 5163 1266 5214 rexit
1305 5161 1488 5215 sedem
1521 5161 1968 5232 Mylassenorum.
2010 5166 2139 5233 Epi-

559 5261 756 5318 scopus
803 5260 980 5304 autem
1036 5248 1236 5305 Paulus
1288 5266 1408 5305 cum
1467 5262 1580 5307 toto
1641 5255 1842 5324 populo
1878 5252 2150 5324 civitatis,

563 5338 700 5392 ierat
731 5341 796 5393 ad
827 5341 1004 5393 vicum
1032 5339 1268 5395 Leucen.
1306 5341 1416 5396 Illic
1445 5344 1591 5397 enim
1625 5353 1743 5399 erat
1770 5357 1823 5399 et
1857 5347 2138 5414 templum,

561 5437 616 5481 ct
661 5427 827 5484 divini
868 5427 1120 5498 Ephraim
1159 5440 1312 5485 erant
1359 5448 1529 5487 sacra:
1571 5437 1818 5502 repositae
1875 5437 2137 5505 reliquiae,

568 5530 621 5575 et
647 5521 843 5575 festum
873 5523 1249 5578 celebrabatur
1282 5525 1579 5595 splendide.
1619 5526 1709 5581 Illa
1747 5543 1873 5582 vero
1913 5545 2034 5582 cum
2076 5531 2140 5583 ad

569 5624 628 5663 se
658 5625 847 5666 onmes
895 5627 1112 5668 sorores
1152 5616 1513 5682 accersiisset,
1545 5617 1626 5671 his
1658 5619 1835 5672 verbis
1865 5621 2004 5687 apud
2049 5635 2142 5674 eas

569 5702 733 5767 ccepit
759 5704 860 5768 uti,
890 5718 1006 5772 qua:
1031 5720 1277 5774 magnam
1310 5710 1583 5764 habebant
1615 5710 2059 5778 moderationem,
2089 5722 2143 5768 et

574 5798 678 5842 una
707 5803 828 5844 cum
866 5793 1233 5852 moderatione
1278 5797 1626 5868 coniunctum
1678 5817 1917 5858 amorem
1965 5804 2015 5858 in
2054 5820 2138 5858 so-

2241 4619 2328 4673 ἀεὶ
2349 4617 2645 4690 βλυζούσας
2667 4619 2776 4672 τῶν
2809 4619 3013 4674 ὑδάτων
3043 4621 3249 4692 πηγάς.

2313 4884 2413 4936 lA'.
2463 4880 2681 4952 Ταύτης
2713 4875 2806 4935 οὖν
2851 4880 2944 4934 τὸν
2993 4879 3105 4951 βίον
3154 4880 3457 4952 μελλούσης
3505 4879 3814 4945 ἀπολιπεῖν,

2241 4975 2404 5046 ἑορτὴ
2454 4976 2554 5044 μὲν
2615 4970 2682 5044 ἦν
2751 4973 2846 5028 τοῦ
2901 4975 3173 5045 μακαρίου
3228 4974 3488 5047 Ἐφραὶμ,
3521 4977 3617 5046 οὑχ
3672 4975 3732 5029 δν
3783 4976 3817 5046 ή

2242 5066 2428 5136 Σύρων
2459 5064 2654 5136 ἔθρεψε
2694 5063 2790 5135 γῆ,
2810 5065 2948 5120 ἀλλὰ
2992 5065 3274 5136 γνωρίμου
3315 5070 3409 5119 καὶ
3457 5068 3717 5137 συνήθους
3748 5069 3818 5136 τῇ

2243 5157 2418 5224 πόλει,
2456 5157 2550 5210 τοῦ
2583 5156 2674 5210 τὸν
2705 5157 2916 5228 θρόνον,
2957 5159 3120 5228 φημὶ,
3149 5157 3258 5211 τῶν
3285 5157 3621 5212 Μυλασσέων
3657 5175 3816 5227 περι-

2243 5249 2428 5320 φανῶς
2486 5250 2882 5320 κοσμήσαντος.
2923 5249 2981 5303 ⁶Ο
3015 5251 3197 5320 μέντοι
3246 5251 3544 5314 ἐπίσκοπος
3603 5250 3815 5316 Παῦλος

2192 5349 2198 5356 ’
2245 5344 2341 5396 σὺν
2364 5343 2483 5411 ἅμα
2515 5344 2678 5396 παντὶ
2720 5343 2796 5414 τῷ
2825 5343 3018 5414 πλήθει
3051 5344 3149 5413 τῆς
3167 5342 3398 5407 πόλεως,
3434 5344 3527 5396 ἐπὶ
3555 5343 3654 5411 τὴν
3675 5343 3818 5395 Λευ-

2240 5435 2347 5507 κὴν
2383 5436 2578 5505 κώμην
2600 5437 2766 5507 ἀπῄει
2809 5453 2823 5467 ·
2862 5437 2979 5488 ἐκεῖ
3008 5435 3114 5504 γὰρ
3139 5437 3233 5488 καὶ
3262 5437 3290 5487 ὁ
3315 5437 3440 5499 ναὸς
3470 5432 3559 5507 ἦν,
3598 5437 3692 5488 καὶ
3720 5437 3815 5488 τοῦ

2248 5527 2398 5579 θείου
2426 5528 2668 5598 Ἐφραὶμ
2697 5526 2842 5597 ἱερὸν
2868 5527 3127 5580 ἀπέκειτο
3181 5527 3455 5596 λείψανον,
3488 5531 3582 5579 καὶ
3615 5528 3682 5579 τὰ
3720 5528 3818 5595 τῆς

2245 5620 2439 5690 ἑορτῆς
2471 5622 2613 5672 πάνυ
2659 5619 2927 5690 λαμπρῶς
2965 5619 3219 5674 ἐτελεῖτο,
3266 5618 3332 5672 Ἡ
3361 5620 3418 5671 δὲ
3454 5621 3634 5681 πάσας
3676 5619 3816 5687 αὑτῇ

2245 5711 2344 5774 τὰς
2371 5711 2608 5780 ἀδελφὰς
2643 5711 3012 5784 μετακλήτους
3032 5711 3396 5783 ποιησαμένη,
3416 5711 3590 5778 λόγων
3618 5712 3818 5780 ήρχετο

2247 5804 2382 5873 πρὸς
2413 5805 2579 5867 αὐτὰς
2631 5805 2868 5871 τοιῶνδε,
2907 5804 3038 5859 πολὺ
3080 5804 3137 5859 τὸ
3170 5805 3387 5874 μέτριον
3439 5805 3694 5877 ἐχόντων,
3724 5805 3819 5856 καὶ
