4138 6444
482 349 594 414 995

1744 342 2032 405 MENSIS
2070 343 2530 408 IANUARIUS.

3656 351 3764 416 996

476 434 737 537 patrium,
757 472 903 519 tuam
920 463 1193 519 civitatem
1222 456 1548 518 Jerusalem.
1578 455 1851 514 Memento
1878 467 2059 514 autem

2174 460 2260 514 καὶ
2286 458 2382 514 νῦν
2395 462 2477 525 εἰς
2498 462 2598 532 τὴν
2616 460 2730 515 ἄνω
2757 462 3105 534 πατρίδατὴν
3140 463 3296 518 πόλιν
3320 463 3421 536 τὴν
3443 464 3539 538 σὴν
3564 466 3769 539 Ἰερου-

476 559 669 616 barum
699 570 916 628 quoque
943 555 1212 620 omnium,
1245 566 1367 619 quae
1407 549 1540 606 mihi
1574 548 1877 605 secundum
1910 549 2072 620 spiri-

477 661 591 707 tum
620 650 924 719 conjuncta:
948 659 1098 715 sunt,
1125 655 1185 701 ut
1206 657 1445 711 sorores,
1475 650 1530 698 et
1571 655 1837 697 conserva
1863 656 1958 696 eas
1981 656 2073 697 su-

479 746 719 815 periores
742 741 998 799 omnibus
1028 740 1252 811 maligni
1288 735 1548 792 daemonis
1594 734 1830 790 insidiis.
1866 733 2068 789 Harum

480 850 693 906 quoque
708 835 937 890 duarum
958 834 1087 889 mihi
1105 832 1374 901 praecipue
1391 841 1779 883 consertarum
1798 832 2073 880 memento
2116 824 2123 831 ’

478 938 557 996 tu,
605 928 698 998 qui
744 929 920 983 bonus
956 942 1036 992 es,
1077 936 1134 981 et
1184 922 1455 995 quomodo
1498 923 1551 975 in
1582 922 1707 985 bac,
1747 927 1974 988 quaeest
2002 916 2073 973 ad

481 1022 715 1091 tempus,
746 1021 878 1087 vita,
913 1029 962 1075 et
993 1019 1237 1089 fugaetet
1266 1017 1537 1082 laborum,
1566 1021 1621 1069 et
1666 1012 1920 1075 aliorum,
1948 1022 2071 1080 quae

477 1115 533 1170 in
555 1126 781 1171 externa
814 1114 1038 1184 regione
1076 1110 1349 1174 feruntur,
1382 1108 1651 1163 malorum
1683 1105 1839 1160 fuere
1881 1103 2067 1168 sociae,

475 1221 532 1264 et
573 1223 606 1262 a
652 1222 741 1262 me
797 1215 1060 1276 perpetuo
1106 1216 1356 1258 mansere
1400 1198 1851 1270 inseparabilesg:
1904 1197 1975 1251 ita
2011 1203 2071 1250 ut

479 1316 581 1355 nos
620 1315 837 1369 quoque
879 1298 990 1353 illic
1036 1298 1205 1353 simus
1244 1292 1661 1365 inseparabiles,
1693 1302 1747 1347 et
1775 1291 1933 1347 beata
1977 1298 2069 1344 tua

475 1394 589 1449 vita
617 1392 867 1447 fruamur
887 1390 1144 1447 concede.

553 1481 695 1539 XIII.
740 1483 864 1539 Haec
889 1496 1010 1537 cum
1036 1484 1266 1549 fprecata
1303 1487 1471 1544 esset,
1504 1476 1717 1547 rogavit
1739 1482 1978 1539 sorores,
2010 1479 2070 1529 ut

2177 551 2359 624 σαλὴμ
2396 553 2876 625 παραλαμϐάνειν,
2930 554 3198 621 Δέσποτα,
3230 556 3587 625 καταξίωσονο
3626 564 3770 634 μνή-

2177 640 2335 713 σθητι
2347 642 2403 697 δὲ
2416 645 2513 698 καὶ
2526 644 2735 699 τούτων
2753 647 3027 713 πασῶν,αἳ
3043 647 3184 702 κατὰ
3199 647 3421 721 πνεῦμά
3441 667 3531 720 μοι
3547 651 3771 723 ἀδελφιι

2175 732 2287 797 κῶς
2320 735 2798 806 συνηρμόσθησαν,
2818 737 2913 791 καὶ
2936 738 3217 808 ἀνωτέρας
3252 740 3425 805 αὐτὰς
3461 741 3640 813 πάσης
3676 745 3769 798 ὲν-

2175 826 2339 897 έδρας
2358 828 2453 881 τοῦ
2476 829 2720 904 πονηρρῦ
2750 829 2902 902 διατή
2913 847 3098 901 ρησον·
3117 817 3440 887 καὶτούτων
3461 833 3519 888 δέ
3539 852 3640 906 μου
3658 837 3771 891 τῶν

2173 918 2269 972 δύο
2315 919 2423 972 τῶν
2475 919 2861 993 κατεξαίρετον
2894 922 3221 992 ὁμοδούλων,
3256 926 3285 978 ὁ
3327 924 3556 993 ἀγαθὸς,
3614 928 3770 999 μνή-

2172 1010 2351 1082 σθητι,
2384 1011 2481 1065 καὶ
2528 1010 2717 1085 ὥσπερ
2746 1015 2804 1067 ὲν
2835 1016 2903 1084 τῇ
2929 1015 3253 1086 προσκαίρῳ
3277 1015 3452 1090 ταύτῃ
3506 1014 3620 1088 ζωῇ
3672 1021 3767 1072 καὶ

2174 1103 2355 1174 φυγῆς
2384 1105 2510 1174 ἐμοὶ
2538 1106 2632 1159 καὶ
2651 1106 2828 1160 πόνων
2855 1108 2948 1161 καὶ
2970 1106 3080 1160 τῶν
3121 1106 3298 1161 ἄλλων
3326 1108 3434 1162 τῶν
3456 1111 3514 1163 ὲν
3536 1112 3601 1181 τῇ
3640 1109 3769 1185 ξένῃ

2171 1197 2355 1251 κακῶν
2382 1198 2773 1271 ἐκοινώνησαν,
2798 1201 2894 1254 καὶ
2924 1201 3224 1272 ἀχώριστοί
3256 1219 3359 1273 μου
3391 1203 3556 1274 μέχρι
3577 1203 3770 1267 τέλους

2172 1288 2471 1360 διέμειναν,
2504 1289 2647 1344 οὕτω
2668 1292 2926 1346 κάκεῖθεν
2960 1294 3107 1364 ἡμᾶς
3128 1293 3465 1364 ἀχωρίστους
3486 1291 3649 1360 εἶναι,
3673 1295 3771 1349 καὶ

2171 1382 2270 1452 τῆς
2301 1382 2453 1454 παρὰ
2484 1383 2567 1435 σοὶ
2593 1384 2871 1454 μακαρίας
2906 1384 3201 1439 ἀπολαύειν
3237 1384 3383 1457 ζωῆς
3406 1388 3769 1454 καταξίωσον.

2242 1472 2340 1529 II".
2392 1476 2579 1531 Ταῦτα
2624 1477 3067 1550 προσεῡξαμένη,
3119 1481 3316 1551 μικρὸν
3364 1482 3573 1550 ἐφεῖναι
3627 1483 3768 1553 αὐτῇ

477 1592 595 1633 eam
629 1594 819 1648 parum
855 1576 1213 1631 dimitterent.
1250 1574 1402 1642 Quod
1445 1571 1664 1643 quidem
1704 1584 1826 1625 cum
1862 1569 2065 1624 factum

2174 1566 2267 1631 τὰς
2305 1567 2544 1638 ἀδελφὰς
2596 1565 2774 1639 ἠξίου·
2823 1564 2998 1641 οὗπερ
3029 1569 3092 1641 δὴ
3123 1570 3441 1642 γενομένου,
3496 1572 3770 1627 κάκείνων

478 1676 652 1731 esset,
711 1672 766 1720 et
811 1665 917 1720 illae
951 1673 1137 1718 essent
1184 1678 1459 1735 egressae,
1514 1675 1545 1716 e
1592 1660 1735 1716 lecto
1784 1659 2067 1715 descendit

2174 1657 2520 1727 ὲξελθουσῶν,
2552 1662 2650 1731 τῆς
2673 1659 2863 1732 κλίνης
2894 1664 2925 1734 ἡ
2947 1660 3084 1735 Ξένη
3105 1662 3441 1721 διαναστᾶσα
3465 1662 3539 1733 τῷ
3569 1663 3738 1734 εὐκτη
3757 1694 3768 1705 -

476 1757 737 1824 Hospita,
790 1766 847 1811 et
896 1758 1046 1811 venit
1072 1756 1139 1811 ad
1175 1754 1498 1812 oratorium.
1551 1750 1754 1808 Deinde
1802 1749 2053 1817 inclusa,

2174 1751 2269 1822 ρίῳ
2292 1736 2704 1824 ’προσέρχεταιο
2727 1751 2850 1808 εἶτα
2879 1754 3283 1826 ὲγκλεισαμένη
3309 1757 3405 1809 καὶ
3441 1755 3571 1823 γόνυ
3598 1755 3765 1809 δοῦσα

474 1864 596 1903 cum
629 1863 766 1917 genu
800 1847 1040 1902 ﬂexisset
1073 1849 1128 1901 in
1167 1854 1406 1912 terram,
1439 1846 1650 1899 intcnse
1678 1841 1892 1905 orabat,
1924 1840 2065 1895 dna-

2174 1845 2240 1914 τῇ
2267 1846 2362 1915 γῇ,
2396 1846 2814 1914 συντεταμένως
2865 1845 3234 1917 προσηύχετο,
3301 1846 3411 1900 τῶν
3457 1847 3550 1900 δύο
3604 1848 3767 1919 θερα-

477 1942 576 1994 bus
607 1937 819 1992 ancillis
848 1938 1192 1992 extrinsecus
1220 1951 1336 1992 eam
1374 1933 1894 2003 contemplantibus.
1932 1931 2066 1989 Cum

2175 1909 2437 1991 statvi-dmi)
2493 1909 2693 2001 ἔξωθεν
2731 1909 3045 2007 φιλοπόνως.
3085 1909 3260 2006 αὐτην
3291 1909 3761 2009 παραθεωμένων.

475 2044 536 2085 ea
585 2044 718 2098 ergo
765 2027 1077 2083 diutissime
1113 2029 1437 2097 produceret
1488 2025 1794 2081 orationem
1820 2063 1836 2089 ,
1880 2022 2069 2078 vident

2174 2029 2284 2101 Τῆς
2342 2028 2511 2101 εὐχῆς
2568 2025 2664 2084 οῦν
2731 2030 2824 2084 ἐπὶ
2901 2030 3155 2083 πλεῖστον
3222 2032 3360 2102 αὐτῇ
3437 2048 3764 2104 παρατεινο-

476 2131 697 2188 repente
734 2118 911 2173 laetam
944 2130 1000 2172 et
1039 2117 1247 2172 claram
1280 2117 1458 2173 lucem
1503 2116 1721 2171 domum
1750 2112 2069 2170 circumlui-

2174 2121 2384 2191 μένης,
2439 2119 2638 2192 ἀθρόον
2684 2122 2856 2192 δρῶσι
2912 2122 3028 2193 φῶς
3078 2120 3171 2176 τὸν
3220 2115 3369 2176 οἷκον
3412 2122 3765 2195 περιλάμψαν

476 2210 614 2266 sisse
647 2228 663 2266 :
693 2219 748 2265 et
775 2224 902 2266 cum
936 2223 1182 2275 suavem,
1213 2209 1305 2278 qui
1345 2208 1450 2264 dici
1482 2223 1590 2262 non
1631 2213 1832 2277 potest,
1867 2205 2071 2261 sensis-

2174 2213 2436 2283 φαιδρόν·
2494 2215 2737 2286 ἀρρήτου
2797 2213 2859 2267 τέ
2911 2230 3057 2279 τινος
3112 2214 3435 2285 αἰσθόμεναι
3490 2214 3762 2283 εὐωδίας,

478 2309 603 2354 sent
630 2301 879 2366 odorem,
917 2300 1004 2355 cui
1040 2298 1189 2354 nulla
1231 2306 1462 2368 possunt
1490 2297 1754 2362 conferri,
1790 2311 1911 2367 quae
1945 2306 2073 2351 sunt

2174 2303 2348 2357 οὐδενὶ
2373 2304 2483 2357 τῶν
2509 2305 2602 2357 ἐπὶ
2626 2304 2732 2374 γῆς
2762 2305 3075 2376 ἀρωμάτων
3124 2305 3507 2378 εἰκαζομένης,
3530 2306 3630 2370 τὰς
3661 2306 3766 2361 πύο

477 2392 530 2444 in
567 2400 746 2455 terra,
780 2397 1057 2456 aromata,
1094 2390 1276 2446 statim
1314 2390 1461 2445 fores
1486 2389 1757 2458 aperiunt
1806 2402 1822 2442 :
1859 2399 1914 2445 et
1945 2404 2069 2443 cum

2174 2396 2270 2459 λας
2312 2397 2479 2462 εὐθὺς
2518 2397 2798 2465 ἀνοίγουσι
2844 2399 2940 2453 καὶ
2984 2397 3441 2454 συνεισπεσοῦσαι
3486 2397 3571 2472 (ὣ
3613 2399 3767 2465 θείας

476 2480 637 2536 simul
681 2479 975 2534 irruissent
1007 2480 1082 2547 (ο
1123 2479 1359 2534 divinant
1391 2475 1865 2547 Providentiam),
1915 2476 2070 2532 inve-

479 2571 635 2624 niunt
672 2568 953 2639 Hospitam
1015 2569 1245 2624 feliciter
1285 2566 1681 2634 obdormiisse,
1712 2564 1775 2623 ετ
1798 2568 1867 2622 ad
1908 2580 2070 2638 quem

481 2664 835 2722 desiderabat
885 2661 1166 2718 Christum
1222 2675 1348 2717 esse
1398 2658 1699 2730 profectam
1746 2660 1878 2714 hora
1917 2668 2070 2715 sexta

477 2756 584 2812 diei
628 2756 878 2811 Sabbati.
920 2754 1165 2822 Eg‘ressee
1194 2766 1326 2821 ergo
1372 2766 1495 2807 cum
1541 2750 1737 2806 ﬂentes
1768 2761 1826 2807 et
1868 2750 2077 2806 vocife-

478 2853 664 2902 rantes
712 2858 929 2902 sorores
970 2851 1399 2911 convocassent,
1434 2857 1555 2900 eam
1600 2842 2068 2907 circumstabant,

479 2947 536 2995 et
582 2953 776 2995 omnes
825 2932 988 2993 simul
1045 2937 1398 3008 plangebant.
1455 2936 1598 2991 Deus
1651 2945 1833 2992 autem
1884 2936 2073 2992 volens

482 3029 717 3100 desuper
747 3030 1059 3096 ostendere,
1093 3029 1406 3100 cuiusmodi
1438 3028 1529 3082 lux
1558 3027 1839 3084 celabatur
1873 3028 1927 3082 in
1971 3042 2070 3083 occ

480 3137 609 3178 casu
653 3120 813 3190 huius
855 3122 1009 3187 vitae,
1048 3121 1287 3176 maximo
1319 3121 1478 3192 signo
1508 3135 1628 3175 eam
1663 3118 1900 3174 honorat
1941 3130 2073 3188 post

2170 2489 2483 2561 οἰκονομίας
2505 2491 2519 2544 ί
2543 2490 2587 2562 ),
2635 2492 2734 2562 τὴν
2776 2492 3057 2561 μακαρίαν
3086 2492 3255 2563 ὁρῶσι
3279 2490 3450 2565 Ξένην
3481 2494 3769 2565 μακαρίως

2180 2578 2555 2647 ὐπνώσασαν,
2586 2580 2682 2633 καί
2734 2581 2832 2652 τὴν
2877 2581 3013 2651 πρὸς
3055 2581 3115 2635 ὃν
3163 2582 3481 2654 ἐπεπόθησε
3529 2582 3768 2654 Χριστὸν

2174 2672 2571 2745 στειλαμένην,
2615 2670 2786 2743 ’ἐκκτης
2834 2672 2986 2747 ὥρας
3051 2674 3176 2728 καθ’
3212 2675 3425 2747 ἡμέραν
3484 2674 3771 2730 Σάϐϐατόν

2176 2764 2496 2836 ἱσταμένης.
2559 2764 2822 2837 Εἰξῆλθον
2891 2763 3028 2833 οὖν,
3090 2767 3186 2822 καλ⁸
3249 2769 3349 2833 τὰς
3415 2769 3656 2841 ἀδελφὰς
3712 2773 3771 2826 ὲν

2173 2856 2435 2929 κλαυθμῷ
2462 2858 2554 2912 καὶ
2588 2858 2685 2931 βοῇ
2723 2859 3153 2930 συγκαλέσασαι,
3185 2862 3541 2933 περιίσταντό
3571 2880 3629 2918 τε
3669 2864 3771 2919 αὐ-

2173 2950 2293 3021 τὴν,
2325 2951 2421 3004 καὶ
2450 2951 2566 3023 ἅμα
2593 2953 2796 3016 πάσαις
2831 2952 3145 3008 ἐκόπτοντο.
3195 2953 3254 3008 '0
3285 2955 3470 3026 μέντοι
3497 2955 3633 3021 Θεὸς
3661 2957 3773 3011 δεῖ-

2174 3043 2262 3109 ξαι
2315 3044 2448 3098 πᾶσι
2492 3042 2820 3115 βουλόμενος
2853 3044 3084 3113 ἀνωθεν,
3126 3041 3238 3101 οἷον
3281 3047 3396 3117 φῶς
3427 3048 3486 3101 ἐν
3520 3049 3644 3113 ταῖς
3672 3047 3769 3103 τοῦ

2184 3135 2301 3206 βίου
2357 3135 2513 3189 τοῦδε
2578 3135 2811 3208 δυσμαῖς
2876 3137 3209 3208 ἐκρύπτετο,
3277 3139 3515 3215 μεγίστῃ
3560 3141 3771 3213 ταύτην

479 3224 736 3271 mortem.
768 3214 902 3271 Cum
939 3214 1084 3269 enim
1112 3229 1231 3268 eam
1253 3213 1367 3284 jam
1396 3199 1710 3284 reliquisset
1741 3215 1922 3267 anima
1956 3226 2071 3267 me-

2181 3199 2320 3300 μετά
2343 3229 2497 3293 τέλος
2534 3199 2806 3302 θεοσημίᾳ
2846 3199 3011 3303 etp-ﬁ.
3044 3199 3206 3304 Ἤδη,
3232 3199 3342 3306 γάρ
3362 3199 3374 3209 ’
3393 3199 3770 3305 ἀπολιπούσης

481 3305 647 3373 ridie,
697 3314 951 3375 essetque
997 3319 1092 3358 aer
1152 3318 1414 3368 serenus,
1470 3310 1525 3358 et
1572 3303 1655 3360 sol
1705 3303 2074 3374 resplenderet

2175 3321 2346 3394 αὐτὴν
2399 3321 2501 3393 τῆς
2538 3322 2719 3394 ψυχῆς
2776 3324 3052 3396 μεσούσης
3115 3303 3332 3398 ἡμέρας
3364 3367 3378 3392 ,
3437 3327 3655 3399 αἰθρίας
3704 3303 3768 3380 τε

371 3411 377 3417 ’
480 3396 808 3460 clarissime,
840 3396 898 3450 in
930 3397 1074 3451 coelo
1104 3406 1330 3466 apparet
1360 3395 1527 3450 veluti
1560 3394 1807 3465 quaedam
1837 3409 2070 3465 corona,

478 3503 603 3560 quae
659 3485 835 3544 stellis
879 3487 1145 3542 circulum
1214 3486 1702 3542 circumscribebat
1750 3502 1766 3539 :
1809 3485 1864 3539 in
1897 3485 2075 3541 medio

479 3591 659 3634 autem
696 3593 911 3635 corona:
937 3578 1184 3634 cernitur
1211 3592 1369 3643 crux,
1403 3590 1524 3647 quae
1553 3577 1668 3647 ipsa
1700 3589 1919 3646 quoque
1953 3584 2075 3630 erat

476 3674 652 3730 stellis
712 3672 909 3729 lucidis
963 3671 1217 3740 ﬁgurata.
1263 3669 1398 3725 Cum
1440 3682 1569 3740 ergo
1623 3669 1944 3723 miraculum
1993 3666 2073 3723 sic

477 3768 747 3822 evasisset
793 3762 1142 3820 manifestum
1184 3763 1472 3828 omnibus,
1509 3761 1799 3832 episcopus
1826 3759 2029 3815 Paulus
2051 3798 2068 3826 ,

477 3861 567 3930 qui
616 3859 668 3912 in
719 3855 895 3915 Leuce
924 3858 1046 3915 vico
1089 3854 1271 3911 adhuc
1311 3855 1542 3925 agebat,
1597 3869 1719 3909 cum
1774 3852 1881 3907 hoe
1929 3865 2073 3922 pra:-

480 3961 562 4007 ter
603 3965 757 4022 spem
799 3947 1166 4020 spectaculum
1214 3946 1330 4004 suis
1359 3947 1634 4017 acciperet
1660 3945 1856 4015 oculis,
1888 3947 2070 4003 divino

488 4040 695 4110 Spiritu
722 4050 926 4105 motus,
952 4040 1043 4104 iis,
1074 4040 1166 4108 qui
1193 4038 1507 4108 congregati
1533 4046 1709 4104 erant,
1734 4037 1870 4093 dixit
1910 4055 1925 4092 :
1968 4036 2070 4090 Do-

484 4130 630 4184 mina
672 4127 896 4197 Ilospita
952 4127 1198 4194 dormiit,
1243 4136 1301 4182 et
1331 4128 1431 4182 hoc
1471 4137 1554 4181 est
1582 4125 1701 4196 ejus
1728 4126 1940 4193 signum
1979 4138 2074 4179 eo-

481 4236 633 4279 ronre
677 4233 732 4276 et
763 4221 964 4274 crucis.

552 4436 695 4493 XIV.
736 4434 1030 4505 Postquam
1072 4443 1257 4491 autem
1286 4436 1354 4491 ab
1388 4433 1587 4495 coluit
1619 4440 1896 4507 peractum
1932 4433 2075 4491 sacri

2175 3412 2378 3485 οὔσης,
2415 3417 2513 3468 καὶ
2542 3415 2637 3469 τοῦ
2684 3416 2838 3486 ἡλίου
2877 3419 3213 3491 φαιδρότατα
3254 3422 3591 3493 λάμποντος,
3639 3420 3763 3476 στέ-

2177 3523 2346 3577 φανος
2398 3501 2511 3572 οἷος
2538 3511 2597 3563 ἐν
2638 3508 2715 3580 τῷ
2745 3509 2961 3583 οὐρανῷ
3009 3512 3372 3582 διαφαίνεται,
3411 3515 3481 3569 δι’
3516 3515 3765 3585 ἀστέρων

2174 3599 2268 3654 τὸν
2325 3601 2526 3654 κύκλον
2580 3604 3092 3674 περιγραφόμενος,
3144 3607 3201 3659 ὲν
3246 3606 3325 3678 τῷ
3374 3608 3524 3680 μέσῳ
3564 3608 3621 3663 δὲ
3670 3611 3766 3666 τοῦ

2180 3694 2449 3763 στεφάνου
2495 3696 2733 3767 σταυρὸς
2773 3697 3064 3768 καθωρᾶτο
3103 3698 3375 3773 λαμπροῖς
3413 3702 3647 3774 ἄστρασι
3676 3704 3773 3759 καὶ

2092 3803 2126 3829 ο
2180 3780 2334 3851 οὗτος
2397 3788 2892 3862 σχηματιζόμενος.
2949 3791 3057 3845 Τοῦ
3115 3792 3393 3863 θαύματος
3439 3790 3535 3849 οὖν
3594 3795 3774 3861 οὕτως

2194 3878 2368 3933 ἅπασι
2410 3882 2705 3952 γενομένου
2733 3883 3082 3952 καταφανοῦς
3106 3924 3122 3949 ,
3162 3887 3190 3939 ό
3228 3887 3529 3951 ἐπίσκοπος
3558 3887 3775 3954 Παῦλος

2181 3969 2260 4024 ἔτι
2312 3972 2444 4042 περὶ⁸
2491 3972 2591 4044 τὴν
2624 3974 2842 4046 Λευκὴν
2888 3976 3082 4047 κώμην
3108 3977 3334 4046 διάγων,
3365 3980 3460 4033 καὶ
3496 3980 3556 4035 τὺ
3587 3981 3772 4054 παρά-

2180 4065 2332 4135 δοξον
2364 4066 2526 4121 τοῦτο
2555 4065 2738 4138 θέαμα
2775 4067 3081 4139 ὀφθαλμοῖς
3115 4071 3267 4136 ἰδίοις
3291 4074 3771 4145 παραλαμϐάνων,

2087 4225 2090 4229 φ
2182 4155 2311 4230 θείῳ
2344 4158 2624 4230 Πνεύματι
2656 4161 2922 4232 κινηθεὶς,
2960 4161 3026 4214 Ἠ
3066 4162 3234 4232 κυρία
3261 4162 3424 4235 Ξένη,
3466 4167 3605 4236 πρὸς
3643 4167 3774 4231 τοὺς

2186 4249 2639 4319 συνειλεγμένους
2690 4249 2825 4323 ἔφη,
2880 4252 3242 4324 κεκοίμηται,
3281 4257 3376 4310 καὶ
3410 4256 3615 4329 ταύτης
3661 4257 3775 4330 ἄρα

2183 4340 2246 4392 τὸ
2273 4342 2502 4411 σημεῖον
2531 4339 2625 4395 τοῦ
2660 4343 2928 4413 στεφάνου
2955 4344 3116 4399 τοῦτο
3145 4346 3243 4401 καὶ⁴
3272 4346 3367 4401 τοῦ
3395 4349 3652 4418 σταυροῦ.

2256 4432 2357 4485 IA'.
2415 4432 2569 4487 Ἐπεὶ
2602 4433 2660 4487 δὲ
2698 4436 2791 4488 καὶ
2824 4435 2977 4500 τέλος
3019 4436 3169 4507 αὐτῷ
3207 4439 3274 4493 τὰ
3324 4440 3422 4510 τῆς
3458 4441 3612 4512 ἱερᾶς
3654 4435 3772 4511 εἶχε

484 4531 727 4602 mysterii
762 4529 1154 4592 ministerium,
1186 4543 1385 4599 magno
1411 4528 1595 4583 studio
1640 4526 1790 4581 illinc
1816 4528 2020 4582 recedit
2059 4544 2074 4583 :

2190 4526 2603 4596 μυσταγωγίας,
2635 4529 2778 4583 κατὰ
2802 4528 3038 4601 σπουδὴν
3062 4530 3271 4585 ἐκεῖθεν
3301 4528 3478 4604 ἀνῄειο
3516 4530 3773 4604 συνανῄει

483 4639 590 4677 una
645 4637 773 4679 vero
828 4635 952 4677 cum
1005 4614 1218 4676 eo‘ivit
1251 4620 1516 4691 ,reliquus
1565 4633 1784 4689 quoque
1821 4617 2075 4690 papulus.

481 4714 688 4771 Deinde
718 4729 843 4770 cum
886 4715 1119 4784 ingressi
1159 4722 1343 4768 essent
1381 4713 1695 4776 civitatem,
1746 4711 1934 4766 vident
1965 4710 2079 4782 epi-

481 4822 709 4877 scopum
751 4805 885 4861 nihil
906 4821 1049 4879 Iesse
1084 4805 1309 4860 omnino
1343 4803 1540 4876 falsum
1572 4819 1670 4860 sua
1699 4802 2076 4874 praedictione,

478 4900 577 4954 sed
617 4899 805 4953 eadem
853 4897 983 4951 hora
1018 4896 1303 4967 Hospitam
1347 4912 1376 4950 a
1411 4898 1577 4951 rebus
1619 4886 1911 4951 mun'danis
1948 4909 2077 4951 vere

483 4990 652 5045 fuisse
683 4998 990 5052 externam,
1024 5002 1130 5057 qua
1164 4986 1297 5061 illud
1326 4989 1545 5056 signum
1579 4986 1850 5057 apparuit,
1899 4998 1953 5042 et
1987 4985 2077 5042 hic

485 5081 570 5137 vir
598 5082 786 5138 divino
820 5080 1026 5152 Spiritu
1059 5079 1304 5145 amatus,
1349 5081 1417 5135 de
1457 5094 1518 5134 ea
1563 5089 1650 5134 est
1690 5080 1806 5133 hanc
1842 5079 2072 5134 locutus.

484 5178 621 5228 Cum
653 5183 767 5229 toto
798 5184 930 5242 ergo
960 5173 1159 5241 pepqu
1202 5172 1611 5226 concurrebant
1647 5184 1838 5225 omnes
1886 5173 1988 5224 viri
2022 5179 2078 5225 et

482 5265 767 5332 mulieres,
800 5279 924 5318 cum
962 5278 1155 5333 magna
1189 5263 1579 5318 vociferatione
1619 5271 1674 5317 et
1712 5262 2078 5323 admiratione

485 5358 732 5413 dicentes
768 5354 1002 5411 :Gloria
1044 5356 1165 5422 tibi,
1197 5354 1437 5420 Christe,
1479 5355 1678 5424 gloria,
1719 5354 1811 5423 qui
1851 5351 2076 5407 noluisti

478 5450 648 5505 talem
675 5449 990 5505 thesaurum
1017 5447 1075 5503 in
1102 5457 1246 5504 terra
1268 5446 1660 5505 |atere.Gloriu
1687 5446 1805 5513 tibi,
1833 5446 2076 5499 omnium

481 5540 721 5612 Opifex,
775 5541 919 5611 quod
950 5555 1174 5611 parvam
1226 5551 1468 5596 nostram
1523 5550 1579 5595 et
1632 5542 1689 5595 in
1747 5539 2075 5595 hodiernum

484 5648 662 5702 usque
695 5634 838 5688 diem
868 5634 1156 5688 obscuram
1193 5633 1493 5698 civitatem,
1523 5642 1628 5686 tant
1656 5630 1928 5685 illustrem
1961 5628 2080 5685 red-

488 5721 715 5788 dideris,
758 5733 812 5778 et
846 5722 1064 5789 dedisti,
1106 5733 1165 5778 ut
1212 5736 1401 5794 posset
1452 5725 1517 5779 de
1551 5724 1645 5777 tali
1695 5721 1916 5792 gloriari
1961 5721 2083 5802 tlteg

494 5827 678 5871 sauro.
735 5817 801 5872 Et
848 5820 928 5876 sic
967 5821 1186 5891 quidem
1234 5836 1425 5879 omnes
1467 5819 1857 5885 communiter,
1914 5820 2081 5875 multo

2182 4617 2239 4670 δὲ
2286 4617 2436 4691 αὐτῷ
2468 4618 2562 4671 καὶ
2598 4620 2627 4673 ὁ
2655 4619 2839 4682 λοιπὸς
2879 4620 3025 4684 ἄπας
3053 4619 3209 4691 ὄχλος
3230 4637 3245 4653 ο
3277 4617 3398 4677 εἶτα
3427 4623 3641 4692 καὶτῆς
3674 4623 3776 4678 πό-

2181 4710 2319 4775 λεως
2342 4709 2491 4765 ἔνδον
2525 4711 2835 4782 γενόμενοι,
2866 4710 3164 4784 θεωροῦσιν
3193 4714 3347 4768 οὐδὲν
3376 4714 3513 4779 ὅλως
3536 4716 3775 4786 διαμαρ-

2180 4802 2345 4857 τόντα
2394 4801 2486 4856 τὸν
2541 4803 2842 4858 ἐπίσκοπον
2883 4807 2984 4873 τῆς
3023 4806 3419 4877 προρρήσεως,
3465 4806 3603 4862 ἀλλὰ
3648 4806 3774 4861 κατ’

2183 4894 2352 4966 αὐτὴν
2388 4893 2486 4964 τὴν
2527 4893 2679 4964 ὥραν
2712 4896 2812 4965 τὴν
2851 4895 3020 4966 Ξένην
3052 4895 3208 4967 ξένην
3249 4896 3418 4960 ὅντως
3467 4898 3775 4971 γενομέ,νην

2182 4987 2293 5040 τῶν
2316 4986 2654 5056 ὲγκοσμίων,
2685 4987 2811 5040 καθ’
2844 4987 2910 5057 ἦν
2937 4988 3037 5058 ἠδη
3088 4989 3180 5042 καὶ
3205 4988 3266 5043 τὸ
3293 4993 3518 5060 σημεῖον
3557 4991 3731 5059 ἐφάνη
3753 5030 3772 5053 ,

2182 5080 2281 5134 καί⁸
2333 5080 2363 5132 ὁ
2418 5080 2871 5150 πνευματοφόρος
2921 5073 3078 5144 οὗτος
3125 5081 3266 5151 ἀνὴρ
3312 5084 3382 5134 τὰ
3420 5082 3551 5151 περὶ
3582 5080 3776 5150 ,αὐτῆς

2182 5171 2574 5242 ἀνεφθέγξατο.
2605 5172 2934 5243 Συνέτρεχον
2963 5167 3057 5226 οὖν
3081 5174 3404 5245 παμπληθεὶ
3431 5174 3652 5239 πάντες,
3678 5175 3773 5231 ἀν-

2181 5265 2307 5335 δρες
2334 5264 2534 5336 δηλαδὴ
2571 5266 2666 5319 καὶ
2693 5268 2972 5335 γυναῖκες,
3004 5266 3103 5320 σὺν
3127 5267 3296 5339 πολλῇ
3326 5270 3393 5339 τῇ
3431 5267 3529 5341 βοῇ
3565 5269 3660 5322 καὶ
3690 5265 3771 5337 τῷ

2185 5354 2447 5426 θαύματι,
2487 5355 2626 5421 Δόξα
2667 5372 2787 5422 σοι,
2833 5355 3066 5426 Χριστὲ,
3102 5356 3384 5425 λέγοντες,
3423 5356 3550 5422 δόξα
3582 5355 3658 5427 τῷ
3695 5354 3773 5426 μὴ

2181 5448 2366 5502 λαθεῖν
2413 5448 2508 5502 ἐπὶ
2561 5450 2666 5520 γῆς
2718 5448 2973 5502 τοσοῦτον
3028 5450 3389 5520 εὐδοκήσαντι
3443 5450 3763 5521 θησαυρόν·

2182 5539 2310 5605 δόξα
2339 5559 2444 5608 σοι,
2481 5542 2701 5597 πάντων
2735 5542 3070 5612 Δημιουργὲ,
3101 5543 3182 5597 ὅτι
3212 5543 3307 5597 καὶ
3339 5543 3638 5601 Μύλασσαν
3672 5542 3772 5613 τὴν

2187 5635 2390 5705 μικρὰν
2416 5637 2448 5705 ἡ
2459 5635 2577 5705 μῶν
2612 5635 2710 5688 καὶ
2747 5633 2911 5706 μέχρι
2945 5633 3041 5687 καὶ
3069 5634 3163 5689 νῦν
3191 5636 3379 5702 ἄδοξον
3420 5637 3597 5701 πόλιν,
3626 5634 3770 5689 οὕτω

2184 5727 2460 5797 περιφανῆ
2505 5726 2785 5792 τέθεικας,
2839 5728 2931 5781 καὶ
2966 5728 3193 5800 τοιούτῳ
3228 5729 3465 5795 δέδωκας
3511 5728 3770 5800 σεμνύνε-

2190 5820 2315 5872 σθαι
2374 5819 2662 5891 κειμηλίῳ.
2717 5820 2825 5873 Κὰὶ
2884 5818 3029 5874 οὕτω
3082 5821 3180 5892 μὲν
3236 5820 3434 5887 κοινῶς
3507 5821 3766 5884 ἅπαντες-
