4138 6406
347 329 457 396 997

1620 329 1799 393 VITA
1842 329 1883 389 S
1944 323 2325 390 EUSEBIE.

3518 318 3628 386 θθὸ

348 441 533 514 πολλῷ
561 438 620 496 δὲ
651 439 854 512 μᾶλλον
882 441 953 497 τὰ
986 441 1166 515 πλήθη
1197 442 1306 498 τῶν
1343 443 1654 513 γυναικῶν,
1693 442 1812 514 ἅμα
1845 440 1931 513 μὲι

2048 449 2226 494 autem
2266 439 2439 512 magis
2472 437 2762 495 multitudo
2792 435 3104 507 mulierum,
3143 450 3266 509 qua:
3306 435 3466 494 simul
3499 438 3628 508 qui-

347 538 427 609 τῷ
453 533 772 605 θερμοτέρῳ
802 532 1096 605 κινηθέντα
1118 533 1226 603 τῆς
1254 532 1492 605 φύσεως,
1519 534 1637 605 ἅμα
1654 533 1711 587 δέ
1739 534 1830 588 καὶ
1862 530 1940 603 τῷ

346 628 447 697 τὴν
492 624 732 696 όμογενῆ
781 624 1001 696 βλέπειν
1038 622 1183 678 οὕτω
1250 623 1571 696 θαυμαστὴν
1621 623 1941 685 ἀκαθέκτως

346 717 557 772 ἐαυτῶν
593 717 837 786 ἐχουσαι,
879 716 1001 785 μεθ’
1026 715 1206 787 ὁρμῆς
1237 715 1358 779 οἵας
1388 715 1467 785 τῷ
1503 715 1753 786 ἀρχιερεῖ
1774 729 1943 785 προσ-

351 808 546 880 ῄεσαν,
588 805 680 876 Μὴ
741 805 959 877 κρύψῃς
999 806 1154 876 ἡμῶν
1204 807 1307 878 τὴν
1338 807 1437 878 τῆς
1471 805 1704 869 πόλεως,
1752 803 1942 874 λέγου-

312 919 321 928 ·
347 916 459 964 σαι,
493 897 672 962 δόξαν,
704 894 780 966 μὴ
801 894 1050 968 καλύψῃς
1076 895 1168 949 τὸν
1197 896 1439 964 ἐπαινον,
1463 896 1556 951 τὸν
1590 894 1940 966 μαργαρίτην

350 988 425 1060 μὴ
453 986 783 1059 καταχώσῃς
808 1000 822 1015 ·
846 985 1032 1057 κοινὴν
1056 985 1262 1057 ταύτης
1282 987 1383 1058 τὴν
1410 986 1748 1057 προπομπὴν
1775 1001 1936 1057 ποιη-

333 1073 597 1150 ίσὼμεθα,
631 1076 869 1148 δημοσίᾳ
895 1076 986 1130 τὸν
1013 1076 1208 1148 λύχνον
1233 1078 1596 1150 βαστάσωμεν
1616 1095 1631 1110 ·
1678 1079 1939 1134 ἰδέτωσαν

337 1147 551 1232 Ξπάντες
603 1168 680 1232 ὼς
708 1169 810 1222 οὐκ
860 1169 1141 1239 ἀπόϐλητα
1175 1169 1240 1239 δὴ
1278 1170 1346 1224 τὰ
1385 1170 1688 1237 γυναικῶν,
1721 1168 1797 1232 ὡς
1838 1170 1940 1223 οὐκ

353 1263 543 1331 ἅτιμα’
590 1260 853 1313 ίδέτωσαν
889 1260 1002 1313 οἵου
1043 1260 1229 1314 δοῦλαι
1272 1263 1616 1332 τυγχάνομεν
1649 1260 1935 1332 βασιλέως·

353 1351 613 1404 ἰδέτωσαν
644 1349 929 1420 Ἕλληνες,
966 1349 1235 1414 Ἰουδαῖοι,
1268 1352 1363 1403 καὶ
1389 1352 1626 1422 ἐντροπῇ
1663 1349 1731 1404 τὰ
1763 1349 1938 1420 πρόσ-

351 1456 480 1493 ωπα
521 1437 998 1507 καλυψάσθωσαν·
1044 1438 1345 1506 γνώτωσαν
1399 1440 1485 1503 τίς
1527 1440 1555 1492 6
1601 1439 1939 1509 σταυρωθεὶς

354 1530 447 1584 ὑπ’
501 1530 716 1596 αὐτῶν,
767 1532 863 1584 καὶ
892 1530 1275 1600 κοψάσθωσαν.
1310 1533 1378 1584 Ai.
1410 1531 1511 1603 μὲν
1537 1527 1633 1586 οὖν
1674 1533 1938 1599 γυκαῖκες

355 1620 548 1680 οὕτως.

431 1713 528 1767 IE'.
571 1713 630 1766 Ὀ
673 1712 730 1766 δέ
765 1730 828 1780 γε
877 1714 1176 1777 ἐπίσκοπος
1214 1716 1278 1786 τῇ
1318 1713 1476 1788 κλίνῃ
1527 1730 1588 1768 τε
1620 1712 1938 1787 προσελθὼν

354 1808 448 1860 καὶ
480 1807 681 1878 αὐχένα
717 1807 924 1870 κλίνας.
969 1806 1089 1877 μεθ’
1132 1809 1266 1880 ὅσης
1299 1808 1366 1863 ἂν
1398 1811 1573 1874 εἴποις
1620 1812 1721 1882 τῆς
1753 1809 1937 1875 αἰδοῦς

353 1899 447 1952 καὶ
494 1901 594 1969 τῆς
653 1898 942 1962 εὐλαϐείας
983 1900 1062 1970 τῷ
1109 1900 1323 1972 σώματι
1373 1901 1736 1973 προσεκύνει·
1800 1903 1939 1975 πρὸς

350 1989 406 2042 δὲ
429 1989 526 2042 καὶ
573 1990 601 2042 6
639 1989 824 2051 λοιπὸς
859 1990 970 2043 τῶν
1010 1991 1200 2061 ἱερέων
1233 1991 1390 2063 χορός
1426 1992 1521 2045 καὶ
1551 1992 1753 2065 κλῆρος
1793 1992 1938 2057 ἅπας

350 2085 417 2152 τῇ
448 2081 678 2154 κειμένῃ
709 2080 805 2149 τὴν
837 2082 956 2150 ἴσην
995 2085 1274 2152 προσῆγον
1314 2085 1502 2154 τιμήν·
1532 2084 1626 2137 καὶ
1665 2083 1809 2138 οὕτω
1838 2085 1937 2155 τὴν

352 2172 539 2244 κλίνην
568 2173 1030 2238 διαϐαστάσαντες
1054 2174 1158 2227 ὑπὸ
1181 2173 1361 2247 πολλῷ
1389 2174 1466 2247 τῷ
1498 2176 1638 2244 φωτὶ
1658 2176 1769 2230 τῶν
1791 2177 1936 2246 λαμ-

352 2267 535 2320 πάδων
558 2268 654 2321 καὶ
677 2269 790 2331 τοῖς
817 2266 1073 2339 ἀρώμασι
1103 2267 1189 2321 διὰ
1218 2269 1395 2339 μέσης
1416 2264 1552 2339 ἦγον
1572 2270 1671 2339 τῆς
1702 2269 1932 2333 πόλεως.

361 2362 423 2416 '0
449 2360 504 2415 δὲ
532 2362 642 2417 τῶν
671 2362 919 2433 ἀστέρων
948 2360 1172 2416 ἐκείνων
1198 2362 1486 2431 στέφανος,
1531 2365 1624 2418 καὶ
1657 2364 1753 2417 σὺν
1786 2362 1935 2435 αὐτῷ

350 2451 524 2523 δήπου
560 2453 657 2507 καὶ
692 2455 719 2506 6
765 2452 1019 2525 σταυρὸς,
1078 2454 1388 2524 φερομένης
1440 2451 1540 2523 μὲν
1577 2452 1679 2523 τῆς
1723 2453 1934 2525 κλίνης,

350 2547 447 2599 καὶ
478 2547 642 2610 αὐτὸς
685 2546 902 2599 εἴπετοο
934 2546 1231 2617 ἱσταμένης
1259 2546 1339 2613 δὲ,
1374 2546 1533 2615 δῆλος
1561 2541 1627 2617 ἦν
1662 2544 1931 2618 έστηκὼς,

352 2637 449 2691 καὶ
488 2638 776 2709 μονονουχὶ
805 2637 903 2708 τὴν
943 2637 1134 2710 κλίνην
1170 2638 1539 2710 παραδεικνὺς
1568 2639 1662 2692 καὶ
1701 2639 1937 2710 φθεγγό-

357 2747 550 2801 μενος,
576 2732 659 2785 ὅτι
697 2731 785 2786 διὰ
818 2732 1024 2803 ταύτην
1060 2733 1303 2799 ἐκεῖνος,
1336 2732 1434 2787 καὶ
1461 2733 1553 2787 ὑπ’
1583 2733 1722 2804 αὐτῇ
1751 2733 1934 2806 ὁδηγῷ

351 2824 452 2894 τὴν
492 2823 627 2878 ίδίαν
659 2824 878 2896 κίνησίν
911 2829 1099 2891 τεκαὶ
1134 2825 1326 2880 στάσιν
1362 2821 1518 2890 οὗτος
1557 2829 1723 2881 ποιεί.
1773 2827 1843 2881 '0
1875 2826 1933 2882 δὲ

350 2913 509 2981 λόγος
548 2914 953 2988 τούυθαύματος
989 2919 1240 2983 καὶτοὺς
1284 2918 1391 2986 ἔξω
1429 2923 1637 2995 σπουδῇ
1675 2922 1929 2996 περιῄει,

349 3003 443 3060 καὶ
475 3004 677 3069 πάντες
702 3007 1028 3089 συνέτρεχον
1053 3007 1216 3073 εὐθὺς
1244 3010 1587 3081 θεασόμενοι,
1619 3013 1696 3078 ὼς
1728 3012 1930 3085 μικροῦ

2041 532 2162 586 dem
2193 541 2351 588 motae
2379 541 2433 587 et
2468 532 2648 587 calore
2669 540 2898 595 naturae,
2933 537 2990 585 et
3018 528 3161 598 quod
3186 544 3329 594 eam,
3360 543 3481 598 qua:
3504 537 3625 586 erat

2037 619 2280 690 ejusdem
2306 634 2489 689 sexus,
2520 620 2770 676 viderent
2800 621 2936 675 adeo
2962 619 3360 687 admirabilem,
3391 636 3496 675 non
3526 635 3623 690 po-

2036 721 2214 769 tentes
2264 728 2325 769 se
2381 713 2696 780 continere,
2743 728 2938 783 magno
2983 715 3184 783 impetu
3234 714 3501 770 accedunt
3555 717 3624 770 ad

2036 806 2354 875 pontificem
2414 822 2428 861 :
2466 804 2545 862 Ne
2577 822 2712 873 nos,
2751 805 2993 863 dicentes
3018 846 3034 870 ,
3084 806 3351 862 eelaveris
3403 806 3622 862 laudem

2036 907 2238 952 nostrae
2286 897 2556 961 civitatis,
2606 897 2956 968 margaritam
3006 911 3074 952 ne
3128 896 3429 963 infoderis,
3478 899 3619 954 hanc

2037 989 2402 1045 cmumuniter
2457 990 2787 1046 deducamus
2841 1006 2857 1046 :
2919 987 3194 1044 lucernam
3240 990 3480 1045 feramus
3519 1005 3617 1059 pu-

2040 1081 2201 1135 blice.
2234 1080 2470 1135 Videant
2498 1095 2688 1138 omnes
2717 1095 2825 1136 non
2857 1096 2979 1136 esse
3009 1080 3339 1150 rejiciendas
3367 1081 3623 1147 feminas,

2039 1181 2097 1226 ut
2132 1186 2255 1242 quae
2285 1186 2394 1227 non
2431 1181 2557 1228 sunt
2587 1172 2838 1226 infames.
2879 1171 3112 1227 Videant
3144 1171 3301 1240 cujus
3344 1173 3485 1242 regis
3528 1189 3623 1228 su-

2039 1279 2158 1319 mus
2202 1265 2433 1320 ancillae.
2476 1263 2710 1319 Videant
2746 1265 3009 1334 gentiles,
3058 1264 3279 1320 videant
3327 1262 3534 1330 Judaei,
3570 1276 3629 1321 et

2037 1356 2218 1411 vultus
2256 1370 2386 1411 suos
2427 1365 2611 1425 tegant
2650 1371 2761 1424 pra:
2815 1357 3021 1424 pudore
3053 1373 3066 1409 :
3105 1368 3436 1425 cognoscant
3471 1357 3626 1426 quis-

2036 1462 2162 1502 nam
2208 1448 2280 1502 sit
2321 1448 2388 1501 ab
2426 1449 2506 1502 eis
2543 1448 2841 1503 crucifixus
2865 1487 2880 1513 ,
2934 1454 2988 1502 et
3028 1447 3308 1519 plangant.
3340 1448 3519 1519 Atque
3547 1451 3627 1504 sic

2037 1539 2252 1609 quidem
2284 1539 2520 1594 feminae.

2107 1711 2223 1767 XV.
2254 1712 2553 1782 Episcopus
2583 1722 2761 1767 autem
2791 1728 2914 1770 cum
2946 1713 3011 1768 ad
3044 1713 3237 1769 lectum
3268 1690 3619 1782 accessisset,

1966 1797 2010 1853 Β
2038 1813 2094 1861 et
2127 1820 2249 1860 cum
2276 1815 2479 1875 quanta
2513 1805 2619 1861 dici
2650 1815 2828 1876 potest
2854 1808 3183 1873 reverentia,
3218 1810 3487 1864 cervicem
3534 1809 3622 1863 in-

2038 1898 2331 1964 clinasset,
2363 1898 2564 1967 corpus
2600 1899 2865 1954 adoravit.
2898 1901 3038 1966 Quin
3081 1900 3244 1955 etiam
3274 1901 3622 1955 sacerdotum

2040 1988 2281 2059 reliquus
2313 1989 2515 2043 chorus
2540 1996 2596 2042 et
2618 1987 2909 2042 universus
2932 1987 3111 2043 clerus
3140 1989 3388 2044 eumdem
3418 1988 3622 2058 iacenti

2038 2079 2371 2137 exhibebant
2401 2081 2685 2136 honorem.
2726 2078 2928 2151 Sicque
2964 2081 3161 2136 lectum
3192 2080 3453 2147 ferentes,
3485 2082 3626 2136 mul-

2040 2172 2109 2226 tis
2166 2172 2554 2228 comitantibus
2610 2171 2951 2242 lampadibus
3005 2180 3063 2227 et
3120 2187 3287 2228 suave
3344 2173 3622 2229 olentibus

2037 2264 2398 2331 aromatlbus,
2436 2280 2534 2336 per
2565 2266 2800 2320 mediam
2839 2265 3119 2320 duxerunt
3159 2264 3464 2320 civitatem.
3497 2263 3623 2320 Illa-

2037 2371 2157 2412 rum
2203 2371 2337 2413 vero
2383 2358 2664 2413 Stellarum
2695 2370 2920 2419 corona,
2966 2365 3172 2426 etquae
3219 2370 3342 2411 cum
3391 2370 3454 2411 ea
3502 2364 3624 2412 erat

2036 2459 2170 2502 crux
2192 2486 2207 2512 ,
2242 2462 2367 2502 cum
2406 2447 2577 2503 lectus
2608 2449 2828 2519 quidem
2868 2446 3146 2503 ferebatur
3168 2490 3184 2513 ,
3240 2450 3355 2518 ipsa
3407 2462 3624 2519 quoque

2035 2542 2363 2609 sequebatur
2418 2556 2434 2596 :
2493 2555 2617 2596 cum
2672 2540 2849 2595 stalrat
2910 2547 3130 2604 autem,
3189 2547 3343 2594 stans
3402 2553 3625 2610 quoque

2034 2642 2222 2703 aperte
2249 2634 2578 2689 cernebatur
2612 2651 2627 2688 :
2673 2641 2729 2688 et
2760 2635 3152 2703 propemodum
3194 2632 3393 2687 lectum
3433 2642 3621 2689 osten-

2034 2726 2192 2789 dens.
2225 2735 2280 2782 et
2315 2725 2543 2797 loquens
2578 2727 2717 2795 quod
2749 2725 2838 2779 illa
2867 2725 2938 2778 sit
2973 2734 3196 2795 propter
3233 2724 3431 2794 ipsum,
3471 2734 3525 2780 et
3554 2738 3623 2779 eo

2034 2816 2174 2873 duce
2208 2827 2263 2874 et
2290 2827 2416 2883 Stet,
2444 2827 2499 2873 et
2526 2829 2826 2872 moveatur.
2857 2814 3026 2871 Fama
3064 2831 3193 2871 vero
3236 2815 3481 2871 miraculi
3510 2817 3623 2872 cito

2033 2909 2279 2979 pervenit
2327 2910 2393 2964 ad
2425 2920 2677 2975 exteros,
2710 2922 3012 2978 omnesque
3055 2909 3307 2978 protinus
3342 2909 3395 2964 id
3444 2909 3617 2964 visuri

2035 3002 2434 3057 concurrebant
2479 3018 2493 3055 :
2530 3002 2808 3057 utcivitas
2839 3009 2985 3056 esset
3025 3001 3419 3069 prOpemodum
3454 2999 3619 3056 nimis

348 3096 448 3167 τὴν
475 3096 631 3153 πόλιν
658 3099 1117 3171 στενοχωρεῖσθαι
1164 3103 1279 3165 τοῖς
1310 3102 1566 3172 πλήθεσι.
1613 3106 1802 3160 Πᾶσαν
1831 3103 1926 3160 οὖν

2036 3106 2261 3167 angusta
2294 3095 2525 3151 civitati.
2561 3093 2696 3149 Cum
2734 3102 2902 3148 totam
2948 3107 3078 3163 ergo
3107 3093 3250 3148 illam
3291 3101 3503 3148 noctem
3538 3093 3621 3149 sic

2034 3186 2351 3207 __!__7I-__-_A
2394 3190 2529 3207 l-__-
2556 3196 2732 3207 -__.-_..
2772 3187 2874 3207 Δὶ--
2922 3183 3255 3207 n-_-:--2----\
3325 3185 3570 3207 -..α--ΑΙ.--
3599 3186 3618 3207 Α

349 3185 521 3252 οὕτως
549 3189 764 3260 ἐκείνην
789 3190 890 3262 τὴν
919 3190 1091 3245 νύκτα
1119 3192 1651 3264 διαγρυπνήσαντες,
1683 3197 1807 3266 ἥτις
1834 3199 1931 3253 καὶ

2034 3186 2353 3257 vigilassent
2391 3190 2531 3257 (erat
2555 3196 2734 3242 autem
2765 3187 2878 3240 dies
2918 3183 3282 3256 Dominicus),
3321 3185 3621 3241 cernebant

348 3278 515 3348 κυρία
550 3278 662 3331 τῶν
715 3280 942 3351 ἡμερῶν
974 3278 1041 3353 ἦν
1062 3321 1077 3348 ,
1116 3282 1323 3345 πολλὰς
1360 3283 1591 3339 ἐθεῶντο
1635 3287 1731 3341 καὶ
1760 3287 1932 3354 ἰάσεις

351 3370 489 3443 ὁμοῦ
527 3372 881 3445 τελουμένας.
913 3378 1026 3440 Πᾶς
1062 3377 1174 3449 γὰρ
1199 3379 1350 3443 ὅστις
1382 3380 1415 3451 ἢ
1463 3381 1658 3454 χρονίᾳ
1685 3381 1849 3456 νόσῳ,
1895 3385 1929 3458 ἢ

350 3462 514 3518 πάθει
543 3464 832 3537 ἀνηκέστῳ
869 3469 1181 3547 κεκράτητο
1201 3509 1217 3537 ,
1260 3471 1323 3523 οὐ
1357 3472 1537 3535 πόνων
1570 3473 1766 3546 ἐδεήθη
1801 3478 1932 3530 πολ-

348 3558 487 3626 λῶν,
519 3560 582 3613 ού
638 3563 970 3633 χρημάτων,
1021 3565 1083 3618 οὐ
1130 3566 1330 3637 χρόνου
1361 3585 1423 3622 τε
1472 3570 1568 3624 καὶ
1605 3571 1926 3642 διατριϐῆς,

349 3649 484 3704 ἀλλὰ
515 3654 879 3723 προσεγγίσαι
912 3656 1075 3725 μόνον
1107 3660 1174 3728 τῇ
1215 3659 1374 3731 κλίνῃ
1397 3661 1494 3715 καὶ
1522 3661 1765 3731 ἅψασθαι
1784 3679 1799 3694 ο
1837 3664 1932 3717 καὶ

347 3741 385 3812 ἡ
413 3742 524 3814 ἁφὴ
557 3744 757 3809 παντὸς
784 3741 853 3817 ἦν
883 3745 1046 3811 εὐθὺς
1072 3739 1361 3821 ἀπαλλαγὴ
1399 3751 1495 3806 τοῦ
1523 3753 1823 3818 πιέζοντος.

425 3916 538 3986 Ιζῗ.
597 3919 844 3992 Ἡμέρας
875 3917 970 3976 οὖν
1011 3923 1111 3996 ήδη
1145 3923 1564 3996 διαλαμψὰσης,
1601 3925 1695 3980 καὶ
1740 3926 1929 3998 τρίτης

353 4008 592 4082 ἑστώσης
618 4011 802 4084 ὥρας,
835 4014 959 4068 ἐπεὶ
995 4015 1086 4069 τὸν
1114 4017 1280 4069 τόπον
1314 4016 1640 4083 κατέλαϐον,
1677 4017 1736 4082 ὃς
1764 4018 1927 4071 Συκί-

350 4118 462 4155 νιον
513 4102 614 4173 μὲν
655 4103 926 4170 καλεῖται,
980 4106 1115 4176 πρὸς
1167 4106 1245 4173 τῷ
1283 4107 1443 4179 νοτίῳ
1480 4106 1538 4161 δὲ
1577 4108 1674 4179 τῆς
1723 4108 1930 4172 πόλεως

346 4192 614 4246 διάκειται
650 4195 846 4264 μέρει,
888 4195 1017 4250 ἔνθα
1053 4197 1118 4266 δὴ
1154 4198 1249 4251 καὶ
1283 4200 1316 4270 ή
1354 4197 1496 4271 Ξένη
1530 4200 1710 4271 ταφῆς
1745 4202 1930 4271 τυχεῖν

347 4281 703 4352 ἐπισκήψασα
741 4280 841 4356 ἦν,
898 4284 1166 4339 θάπτουσι
1199 4286 1441 4359 ταύτην,
1495 4289 1646 4359 νόμῳ
1695 4288 1797 4358 μὲν
1833 4289 1930 4342 θα·-

349 4373 510 4427 νάτου
534 4377 602 4445 τῇ
656 4377 726 4446 γῇ
771 4375 1182 4448 κρυπτομένην,
1226 4376 1371 4448 λόγῳ
1410 4377 1467 4432 δὲ
1498 4380 1700 4452 ἀρετῆς
1733 4397 1932 4435 παντα·

2032 3280 2113 3335 sic
2137 3295 2354 3350 quoque
2389 3281 2585 3334 multas
2611 3280 2725 3335 fleri
2758 3280 3089 3335 curationes.
3116 3278 3441 3349 Quicunque
3468 3279 3616 3333 enim

2031 3372 2116 3427 vel
2149 3374 2339 3428 morbo
2371 3373 2626 3428 diuturno
2653 3380 2771 3428 erat
2803 3373 3077 3435 detentus,
3106 3371 3191 3426 vel
3226 3369 3611 3425 itnmedicabili

2033 3465 2213 3537 aliqua
2243 3463 2553 3525 aflectione,
2589 3480 2696 3520 non
2749 3466 2932 3520 multis
2965 3478 3102 3535 opus
3136 3462 3371 3518 habebat
3410 3462 3618 3517 labori-

2032 3559 2154 3621 bus,
2187 3573 2293 3612 non
2326 3558 2592 3627 pecuniis,
2626 3573 2734 3613 non
2766 3565 3088 3627 tempore'et
3115 3570 3268 3612 mora
3303 3574 3317 3611 :
3348 3557 3443 3611 sed
3478 3556 3617 3612 satis

2030 3660 2147 3705 erat
2195 3649 2535 3705 solummodo
2565 3649 2631 3703 ad
2676 3649 2880 3704 lectum
2924 3650 3185 3704 accedere
3224 3656 3280 3704 et
3328 3656 3553 3718 tangere
3596 3667 3612 3704 :

2031 3751 2260 3809 eratque
2307 3749 2592 3796 contactus
2640 3741 2893 3811 protinus
2944 3741 3197 3796 liberatio
3250 3755 3280 3794 a
3332 3740 3614 3811 quolibet,

2028 3831 2171 3900 quod
2205 3831 2504 3899 premebat.

2101 3920 2242 3977 XVI.
2298 3922 2434 3978 Cum
2490 3931 2671 3978 autem
2706 3922 2820 3991 jam
2872 3923 2987 3978 dies
3035 3921 3334 4001 illuxisset,
3381 3929 3435 3976 et
3471 3928 3617 3977 esset

2030 4014 2161 4070 hora
2197 4014 2378 4079 tertia,
2410 4015 2500 4070 ubi
2528 4023 2901 4084 pervenerunt
2932 4015 2999 4070 ad
3027 4015 3228 4080 locum,
3266 4013 3356 4082 qui
3388 4022 3618 4068 vocatur

2030 4107 2246 4176 quidem
2278 4106 2555 4177 Sycinium
2586 4123 2601 4160 :
2627 4106 2766 4161 situs
2796 4121 2924 4162 vero
2951 4114 3032 4162 est
3057 4106 3126 4161 ad
3155 4113 3362 4176 partem
3397 4112 3618 4159 austra-

2033 4195 2139 4249 lem
2164 4196 2422 4260 civitatis,
2447 4210 2554 4265 quo
2577 4197 2793 4265 quidem
2823 4195 3016 4252 inloco
3038 4198 3324 4250 mandarat
3347 4192 3601 4265 Hospita,

2032 4296 2091 4343 ut
2108 4287 2431 4357 sepeliretur
2463 4305 2477 4342 :
2510 4302 2631 4342 eam
2661 4286 2948 4358 sepeliunt,
2987 4296 3045 4341 ut
3074 4303 3195 4358 quae
3231 4286 3348 4357 lege
3381 4284 3604 4357 quidem

2034 4384 2224 4438 mortis
2254 4383 2400 4437 humi
2424 4382 2495 4438 sit
2520 4383 2761 4447 condita,
2796 4382 3010 4437 virtutis
3035 4390 3218 4434 autem
3252 4379 3464 4434 ratione
3488 4378 3614 4433 ubi-

350 4464 476 4533 χόσε
496 4467 931 4538 κηρυττομένην.
962 4466 1284 4540 Ἐθεωρείτο
1317 4470 1375 4523 δὲ
1405 4466 1560 4535 αὖθις
1587 4474 1615 4526 ὃ
1638 4490 1696 4525 τε
1726 4473 1926 4535 κύκλος

2032 4490 2135 4542 que
2188 4474 2527 4545 praedicetur.
2581 4473 2919 4529 Ceruebatur
2964 4472 3145 4527 autem
3188 4485 3379 4526 rursus
3405 4479 3459 4526 et
3503 4469 3619 4525 cir-

350 4557 445 4609 ml.
499 4558 528 4610 6
588 4559 823 4630 σταυρὸς
879 4559 948 4613 τὰ
1001 4561 1162 4630 ὅμοια
1212 4561 1384 4632 δρῶν,
1421 4565 1718 4617 συνοδεύων
1757 4582 1818 4617 τε
1855 4568 1921 4637 τῇ

347 4646 525 4720 κλίνῃ,
551 4648 645 4700 καὶ
676 4647 972 4719 ἱσταμένης
1000 4649 1312 4719 ἱστάμενοςο
1341 4649 1458 4719 ἅμα
1475 4649 1532 4702 δὲ
1552 4650 1631 4720 τῷ
1655 4650 1924 4721 κρυϐῆναι

346 4739 414 4808 τῇ
444 4740 513 4808 γῇ
544 4735 770 4804 ταύτην,
802 4739 895 4791 καὶ
925 4739 1086 4802 αὐτὸς
1112 4738 1360 4809 κρυϐεὶς,
1401 4740 1493 4792 καὶ
1538 4741 1736 4809 μηκέτι
1766 4740 1925 4807 δῆλος

350 4830 541 4900 μηδενὶ
570 4831 885 4903 γενόμενος.
930 4833 1116 4897 Οὕτως
1148 4832 1241 4887 οὖν
1278 4835 1397 4887 ἐκεῖ
1419 4833 1625 4905 ταύτην
1657 4835 1922 4890 καταθέν-

344 4940 457 4989 τες,
475 4927 570 4979 acati.
596 4925 784 4998 ὥσπερ
810 4926 956 4991 εἰκὸς
971 4922 1061 4998 ἦν,
1094 4926 1424 4997 μυρίσαντες
1449 4926 1547 4990 τὰς
1570 4929 1926 5000 ἐπικειμένας

343 5013 422 5085 τῷ
450 5014 691 5087 λειψάνῳ
721 5016 988 5082 σινδόνας,
1017 5017 1394 5089 περιμάχητον
1413 5019 1598 5082 αὐτοῖς
1623 5018 1840 5074 ἐποίουν
1866 5020 1927 5074 τὸ

342 5109 555 5179 χρῆμα,
583 5112 612 5163 6
640 5109 942 5174 ἐπίσκοπος
965 5110 1168 5183 δηλαδὴ
1201 5113 1297 5167 καὶ
1326 5114 1377 5166 οἱ
1416 5112 1799 5185 παρεστῶτες·
1830 5114 1926 5169 καὶ

346 5199 537 5271 ὥσπερ
565 5203 688 5257 τινὰ
718 5202 922 5274 κλῆρον
954 5205 1035 5268 είς
1060 5204 1326 5276 ἀλλήλους
1354 5203 1787 5276 διανειμάμενοι,
1812 5222 1923 5261 πα-

350 5288 459 5341 θῶν
488 5290 605 5359 ἅμα
628 5295 722 5347 καὶ
757 5295 1087 5365 νοσημάτων
1116 5296 1211 5349 καὶ
1242 5296 1445 5360 παντὸς
1472 5296 1660 5368 ἐτέρου
1691 5295 1924 5351 λυποῦν-

346 5395 441 5443 1:);
470 5380 792 5455 ἀπαλλαγὴν
819 5386 964 5457 ἔχειν
1002 5386 1071 5440 δι’
1099 5387 1326 5441 ἐκείνων
1353 5388 1661 5453 ἐπίστευον,
1690 5389 1787 5443 καὶ
1814 5388 1924 5443 τῶν

346 5470 579 5525 ἐλπίδων
620 5475 679 5528 οὐ
731 5476 1144 5552 διεψεύσθησαν.
1192 5477 1356 5535 Ἀλλὰ
1412 5479 1520 5552 μὴν
1556 5473 1652 5533 καὶ
1693 5480 1721 5534 6
1760 5481 1923 5546 τόπος

343 5563 561 5636 πῖήρης
591 5564 818 5634 ίὰσεων,
852 5569 910 5635 ὃς
939 5570 997 5624 τὸ
1029 5571 1174 5642 ἱερὸν
1205 5569 1411 5642 ταύτης
1433 5569 1698 5642 κρύπτειν
1728 5570 1925 5641 ηύμοί-

342 5673 478 5730 ρησε
505 5658 688 5730 σῶμα,
718 5660 993 5734 θησαυρὸν
1030 5663 1304 5718 ἀκένωτόν
1335 5680 1394 5716 τε
1430 5663 1524 5718 καὶ
1555 5662 1919 5734 ἁδαπάνητον.

342 5749 417 5805 Οὐ
451 5750 619 5817 πολὺς
650 5753 678 5805 6
729 5753 936 5824 μεταξὺ
992 5756 1216 5826 χρόνος,
1258 5757 1352 5811 καὶ
1379 5757 1435 5812 αί
1473 5754 1669 5811 πισταὶ
1717 5756 1921 5829 ταύτης

2031 4567 2184 4621 culus
2222 4575 2279 4620 et
2309 4581 2440 4622 crux
2479 4565 2657 4620 facere
2686 4565 2900 4631 similia,
2932 4578 3125 4633 nempe
3155 4572 3210 4617 et
3244 4562 3451 4633 ingredi
3481 4577 3607 4616 cum

2032 4658 2170 4713 lecto
2200 4674 2217 4713 :
2247 4667 2302 4713 et
2337 4672 2459 4712 cum
2497 4665 2689 4723 staret,
2724 4658 3022 4712 consistere
3057 4675 3071 4710 :
3116 4653 3278 4710 simul
3308 4667 3374 4709 ac
3402 4667 3532 4709 vero
3563 4655 3613 4710 is

2033 4750 2134 4805 fuit
2182 4758 2326 4805 terra
2374 4748 2690 4816 absconsus,
2724 4748 2841 4818 ipse
2878 4761 3096 4818 quoque
3133 4745 3379 4813 latuisse,
3407 4753 3462 4801 et
3501 4759 3608 4800 non

2032 4840 2347 4910 apparuisse
2369 4838 2618 4908 amplius.
2642 4840 2776 4892 Cum
2804 4852 2923 4891 eam
2952 4852 3080 4909 ergo
3106 4836 3185 4891 sic
3206 4836 3605 4905 deposuissent,

2032 4944 2086 4987 et
2115 4942 2169 4987 ut
2200 4946 2299 5002 par
2343 4940 2480 4997 erat,
2539 4930 2822 4985 unxisseut
2867 4929 3052 4995 lintea,
3089 4942 3207 4999 quae
3233 4934 3392 4982 erant
3437 4926 3613 4995 impo-

2031 5025 2134 5082 sita
2167 5025 2451 5095 reliquiis,
2494 5023 2760 5093 ejusmodi
2807 5036 2928 5078 esse
2970 5023 3259 5082 duxerunt,
3298 5029 3358 5072 ttt
3384 5033 3484 5089 pro
3527 5017 3610 5073 eis

2033 5116 2428 5187 depugnarent,
2457 5115 2743 5187 episcopus
2773 5113 2983 5171 scilicet
3008 5121 3064 5168 et
3098 5113 3155 5179 ii,
3187 5112 3279 5182 qui
3322 5110 3551 5166 aderant
3585 5124 3602 5169 :

2029 5217 2086 5265 et
2138 5223 2262 5264 cum
2312 5207 2475 5264 veluti
2512 5208 2801 5277 quamdam
2847 5206 3216 5262 haereditatem
3259 5218 3322 5259 ea
3361 5202 3500 5257 inter
3546 5214 3610 5256 se

2030 5301 2365 5368 divisissent,
2406 5315 2434 5353 a
2478 5301 2683 5355 morbis
2719 5308 2775 5355 et
2816 5297 3228 5361 affectionibus,
3263 5303 3319 5352 et
3365 5310 3393 5349 a
3433 5292 3611 5367 quoli-

2029 5394 2122 5450 bet
2166 5394 2294 5461 alio,
2342 5392 2487 5464 quod
2529 5406 2672 5464 aegre
2711 5405 2874 5454 esset,
2901 5390 3278 5446 liberationem
3306 5402 3401 5456 per
3428 5386 3516 5440 illa
3547 5399 3611 5440 se

2029 5484 2229 5540 habere
2255 5484 2567 5550 credebant,
2598 5497 2775 5552 neque
2806 5497 2902 5553 spe
2930 5479 3049 5536 falsi
3069 5482 3242 5535 fuere.
3294 5477 3605 5545 Quinetiam

2031 5575 2180 5631 locus
2214 5589 2427 5645 quoque
2471 5582 2589 5629 erat
2627 5573 2816 5645 plenus
2855 5569 3222 5635 curationum,
3271 5567 3357 5623 cui
3391 5565 3611 5635 obtigit,

2030 5673 2089 5721 ut
2135 5680 2349 5722 sacrum
2390 5664 2509 5735 ejus
2560 5679 2757 5736 corpus
2804 5664 3097 5727 conderet,
3149 5662 3462 5717 thesaurum
3510 5653 3609 5725 qui

2030 5738 2301 5815 exinaniri
2353 5773 2458 5814 non
2490 5767 2671 5830 potest
2716 5766 2770 5814 et
2801 5756 3070 5816 consumi.
3108 5755 3228 5812 Non
3269 5756 3495 5811 multum
3532 5754 3612 5808 in.
