4138 6424
495 301 604 365 999

1721 292 2007 355 MENSIS
2044 292 2371 355 JANUARI
2385 292 2501 355 US.

3615 291 3756 358 10.0

500 410 753 466 tereessit
802 407 1082 480 temporis,
1121 415 1175 462 et
1205 404 1391 462 lideles
1438 403 1556 475 eius
1590 405 1816 472 ancillae,
1855 414 1949 460 aut
1981 404 2080 462 Dei

2186 404 2546 476 θεράπαιναι,
2588 404 2621 478 ἢ
2655 404 2749 459 τοῦ
2789 404 2927 461 Θεοῦ
2976 406 3179 478 μᾶλλον
3215 406 3507 478 εὐάρεσται
3549 405 3761 477 δοῦλαι,

500 500 679 573 potius
708 509 874 570 gratas
906 514 1080 563 serva:
1100 538 1116 564 ,
1147 511 1179 553 e
1227 498 1336 554 vita
1366 496 1667 565 excedunt,
1696 504 1752 553 et
1803 500 1870 551 ad
1912 498 2078 564 pedes

501 592 737 647 domina:
763 588 1122 658 sepeliuntur,
1164 602 1232 641 ex
1270 587 1497 665 veritate
1528 589 1699 658 magis
1732 586 1943 642 ostendi
1990 601 2079 640 ro.

499 684 692 749 lentes,
728 697 889 752 quam
922 696 989 736 ex
1033 694 1135 746 eo,
1172 679 1317 750 quod
1348 688 1468 733 erat
1507 679 1828 735 humilitatis
1872 678 2082 748 legibus

500 775 868 844 dispensatum
934 789 948 827 :
1011 782 1067 827 et
1118 781 1180 827 ut
1242 787 1337 843 per
1397 772 1856 841 propinquitatem
1918 768 2080 825 simul

498 873 819 922 cerneretur
843 879 998 919 amor
1026 874 1082 918 et
1111 863 1511 930 benevolentia,
1544 872 1597 917 et
1626 864 1859 918 servitus
1894 874 2081 917 rursus

499 968 557 1015 et
587 956 851 1029 subjectio
883 972 981 1028 per
1009 956 1277 1013 ordinem.

577 1153 739 1211 XVII.
774 1152 852 1208 Ex
904 1153 1102 1223 quibus
1149 1168 1270 1209 cum
1303 1166 1422 1220 quae
1472 1156 1649 1218 primo
1680 1161 1800 1207 erat
1836 1162 2077 1215 mortua,

504 1247 574 1315 de
621 1261 721 1303 sua
776 1245 904 1314 fuga
959 1244 1093 1299 nihil
1135 1245 1475 1314 aperuisset,
1530 1245 1787 1311 quoniam
1843 1244 2080 1299 secunda

504 1352 723 1407 quoque
757 1345 877 1390 erat
904 1335 1060 1405 paulo
1105 1344 1224 1404 post
1260 1335 1552 1399 moritura,
1586 1349 1800 1390 sorores
1842 1350 1960 1389 eam
1988 1349 2079 1390 sa-

502 1438 785 1483 cramento
815 1441 972 1495 quam
1006 1424 1241 1479 maxime
1279 1425 1548 1478 horrendo
1586 1424 1928 1490 adiurantes,
1968 1423 2083 1479 elli-

503 1519 657 1575 ciunt
686 1526 744 1572 ut
790 1516 919 1569 nihil
971 1515 1110 1569 celet
1144 1529 1215 1568 ex
1258 1514 1355 1577 iis,
1403 1528 1525 1582 quae
1555 1516 1695 1569 facta
1731 1512 1982 1576 fuerant,
2028 1520 2084 1568 et

503 1611 686 1665 statim
738 1608 918 1663 omnia
981 1621 1109 1661 vere
1166 1606 1411 1661 narravit
1461 1622 1477 1659 :
1541 1608 1813 1660 undenam
1871 1606 2082 1659 venerit

503 1686 729 1766 sancta,
761 1708 816 1753 et
852 1697 1178 1769 quibusnam
1213 1696 1376 1752 claris
1404 1704 1522 1751 orta
1555 1699 1628 1752 sit
1653 1697 1988 1768 parentibus,
2028 1702 2083 1751 et

500 1807 751 1863 quaenam
798 1792 847 1846 ei
889 1791 1051 1844 fuerit
1105 1803 1266 1843 causa
1303 1789 1509 1843 erroris
1557 1797 1611 1842 et
1665 1788 1840 1858 fugas,
1890 1801 2084 1856 nempe

505 1882 599 1937 Dei
629 1897 784 1936 amor
807 1880 1259 1952 inexpugnabilis,
1289 1888 1510 1950 propter
1538 1895 1698 1950 quem
1729 1889 1785 1935 et
1820 1880 2084 1935 maximos

503 1973 716 2028 labores
748 1956 803 2027 et
825 1972 1166 2027 immodicam
1191 1973 1569 2028 sustinuerunt
1609 1970 1954 2027 aﬂlictionem
1991 1979 2086 2026 :et

504 2066 774 2135 quodnam
808 2073 955 2120 esset
982 2064 1100 2135 ejus
1127 2078 1320 2118 nomen
1355 2064 1659 2134 preprium,
1692 2078 1885 2132 nempe
1917 2063 2086 2119 Euse-

504 2155 613 2219 bia,
673 2157 749 2209 ita
800 2156 947 2210 enim
990 2155 1373 2211 nominabatur
1412 2170 1444 2210 a
1496 2154 1683 2210 divino
1736 2155 2084 2225 baptismate.

505 2245 769 2316 Imposito
798 2258 975 2303 autem
1012 2250 1253 2316 nomine,
1288 2248 1478 2302 maluit
1516 2248 1605 2303 illa
1636 2249 1816 2303 vocari
1838 2246 2084 2318 Hospita,

506 2353 794 2412 propterea
831 2340 975 2411 quod
1014 2356 1043 2395 a
1089 2340 1256 2395 rebus
1288 2339 1577 2394 mundanis
1614 2347 1758 2394 esset
1791 2339 1949 2408 plane
1988 2338 2090 2393 ho-

508 2447 634 2502 spes
655 2441 711 2487 et
731 2431 945 2487 aliena:
982 2441 1038 2487 et
1064 2433 1231 2487 etiam
1266 2439 1325 2486 ut
1355 2431 1527 2502 magis
1555 2429 1773 2497 lateret,
1808 2431 1895 2486 cui
1918 2430 2089 2487 latere

508 2530 719 2592 gratum
753 2532 892 2576 erat.

582 2610 770 2667 XVIII.
799 2613 991 2667 Paucis
1015 2625 1142 2666 vero
1162 2620 1279 2681 post
1303 2612 1492 2667 diebus
1509 2609 1855 2667 beatissimus
1875 2624 2090 2681 quoque

508 2704 708 2760 Paulus
756 2705 989 2774 emigrat
1048 2701 1318 2772 gloriose,
1378 2702 1470 2772 qui
1520 2701 1622 2755 fuit
1670 2715 1861 2755 revera
1915 2702 2091 2754 bonus

507 2804 727 2869 pastor,
772 2810 1037 2863 suamque
1072 2797 1239 2848 vitam
1276 2803 1395 2863 post
1447 2801 1674 2848 mortem
1715 2789 2090 2861 comprobavit

512 2886 812 2950 miraculis,
841 2896 895 2940 et
921 2901 1044 2940 cum
1082 2886 1203 2941 aliis
1231 2899 1296 2939 eo
1320 2899 1537 2954 quoque
1566 2884 1718 2940 dives
1749 2892 1832 2939 est
1858 2882 2090 2954 Mylassa

396 3032 399 3035 ,
511 2980 725 3036 civitas.
755 2976 1036 3047 Templum
1067 2992 1195 3032 vero
1224 2976 1456 3033 Andreae
1481 2976 1709 3048 apostoli
1741 2976 1862 3045 ejus
1892 2990 2089 3043 corpus

2179 497 2271 551 τὸν
2299 496 2413 565 βίον
2442 496 2906 567 ἀπολιμπάνουσι,
2944 499 3042 552 καὶ
3067 498 3203 569 πρὸς
3231 500 3343 562 τοῖς
3371 498 3498 552 ποσὶ
3527 498 3766 553 θάπτον-

2179 606 2269 642 ται
2320 589 2420 659 τῆς
2463 588 2771 661 δεσποίνης,
2812 588 3068 661 ἑλόμεναι
3117 590 3318 661 μᾶλλον
3349 590 3455 644 ἀπὸ
3491 591 3589 660 τῆς
3622 590 3763 660 ἀλη-

2182 681 2353 747 θείας,
2394 681 2427 754 ἢ
2461 681 2569 735 ἀπὸ
2603 681 2698 754 τοῦ
2734 682 2922 752 νόμοις
2945 682 3330 745 ταπεινώσεως
3369 680 3767 751 οἱκονομηθέν-

2180 790 2269 833 τος
2303 772 2651 840 δείκνυσθαι,
2677 772 2773 826 καὶ
2803 773 2870 827 ἵν’
2899 776 2955 827 ὲν
2982 773 3137 844 αὐτῷ
3179 776 3272 827 καὶ
3303 773 3371 827 τὰ
3410 773 3511 842 τῆς
3550 772 3767 838 εὐνοίας

2183 865 2278 916 καὶ
2305 862 2376 916 τὰ
2411 863 2515 934 τῆς
2542 865 2799 936 στοργῆς,
2825 864 2914 918 διὰ
2943 865 3043 933 τῆς
3068 865 3393 934 ἐγγύτητος,
3422 864 3519 919 καὶ
3550 864 3621 917 τὰ
3657 865 3763 932 τῆς

2181 951 2427 1017 δουλείας
2465 953 2631 1007 πάλιν
2677 955 2773 1007 καὶ
2818 953 2918 1024 τῆς
2968 956 3248 1024 ὑποταγῆς
3288 953 3376 1007 διὰ
3418 954 3515 1024 τῆς
3556 953 3770 1020 τάξεως

2183 1044 2570 1113 ὑποφαίνηται.

2192 1172 2195 1175 .
2253 1132 2354 1188 ΙΖ’,
2408 1128 2512 1187 Ὦν
2554 1133 2654 1206 τῆς
2693 1134 2916 1207 πρώτης
2968 1132 3238 1206 θανούσης
3292 1135 3446 1189 οὐδὲν
3478 1136 3608 1206 περὶ
3664 1136 3769 1207 τῆς

2182 1225 2397 1295 ἑαυτῶν,
2422 1226 2600 1298 φυγῆς
2644 1227 3114 1297 ἀποκαλυψάσης,
3148 1228 3271 1281 ἐπεὶ
3316 1231 3411 1281 καὶ
3454 1230 3490 1298 ἡ
3534 1228 3767 1299 δευτέρα.

2185 1318 2326 1388 μετά
2374 1317 2567 1388 μικρὸν
2614 1317 2843 1387 ἔμελλεν
2888 1318 3292 1389 ἀποθνήσκειν,
3332 1319 3518 1390 ὅρκοις
3559 1319 3636 1383 ὡς
3685 1321 3770 1375 ἔνι

2186 1408 2423 1479 μάλιστα
2456 1412 2702 1480 φρικτοῖς
2737 1410 2790 1462 αξ
2827 1408 3055 1478 ἀδελφαὶ
3086 1408 3303 1480 ταύτην.
3326 1409 3767 1477 καταλαϐοῦσαι,

2186 1498 2354 1570 μηδὲν
2382 1497 2490 1551 τῶν
2532 1499 2842 1568 γενομένων
2875 1499 3194 1569 ἀποκρύψαι
3241 1499 3765 1570 παρασκευάζουσι,

2183 1592 2278 1645 καὶ⁴
2303 1590 2466 1654 εὐθὺς
2498 1591 2676 1644 πάντα
2718 1591 2900 1661 ἐκείνη
2946 1590 3230 1663 διηγόρευε
3261 1591 3571 1662 φιλαλήθως
3592 1608 3605 1623 ο
3640 1592 3770 1646 ὅθεν

2182 1699 2244 1737 τε
2275 1681 2504 1752 ὥρμητο
2537 1683 2571 1752 ἡ
2613 1682 2773 1750 ἁγία,
2807 1685 2902 1737 καὶ
2932 1684 3140 1747 ὁποίοις
3180 1684 3454 1755 ἐχρήσατο
3491 1684 3768 1755 πατράσιν

2118 1751 2155 1805 Β
2185 1751 2500 1845 ἐπισήμοις,
2534 1751 2619 1838 τίς
2649 1791 2709 1826 τε
2744 1776 2773 1827 ό
2803 1774 2901 1844 τῆς
2940 1775 3147 1843 πλάνης
3342 1776 3436 1829 καὶ
3459 1774 3557 1844 τῆς
3585 1751 3770 1845 ιρυγῆς

2184 1867 2364 1935 λόγος,
2384 1868 2466 1920 ὅτι
2486 1866 2621 1920 Θεοῦ
2643 1866 2854 1938 ἄμαχος
2879 1865 3040 1936 ἔρως,
3074 1866 3140 1919 δι’
3168 1865 3225 1919 ὃν
3250 1866 3343 1919 καὶ
3374 1864 3568 1930 πόνους
3598 1867 3770 1936 ὑπερ-

2187 1959 2361 2024 φυεῖς,
2400 1958 2497 2011 καὶ
2566 1958 2667 2028 τὴν
2719 1958 2961 2027 ἄμετρον
3012 1957 3305 2027 ἠνέσχοντο
3364 1957 3767 2022 κακοπάθειαν,

2186 2049 2283 2101 καὶ
2309 2047 2363 2100 τί
2392 2047 2452 2100 τὸ
2483 2047 2689 2118 κυρίως
2732 2049 2903 2117 αὐτῆς
2942 2047 3150 2118 ὄνομα,
3182 2048 3264 2101 ὅτι
3303 2047 3578 2102 Εὐσεσίαο
3606 2046 3771 2101 τοῦτο

2185 2139 2297 2210 γὰρ
2326 2139 2434 2192 ἀπὸ
2477 2137 2572 2191 τοῦ
2608 2138 2753 2191 θείου
2792 2138 3168 2208 βαπτίσματος
3210 2136 3530 2209 ὦνομάςετο
3559 2156 3575 2172 ο
3616 2141 3677 2192 τὸ
3709 2140 3771 2194 δὲ

2189 2230 2470 2285 καλεῖσθαι
2503 2230 2643 2302 Ξένη
2682 2231 3008 2295 meamne
3053 2232 3273 2302 εκείνη,
3317 2231 3657 2303 φερωνύμως
3710 2232 3773 2286 δὲ

2197 2324 2398 2397 μᾶλλον
2453 2326 2663 2391 εἰπεῖν,
2696 2324 2785 2380 διὰ
2830 2325 2893 2380 τὸ
2934 2325 3233 2398 ξενωθῆναι
3272 2324 3382 2379 τῶν
3408 2325 3506 2379 τοῦ
3534 2325 3769 2396 κόσμου,

2191 2417 2474 2491 προείλετο
2493 2456 2510 2483 ,
2561 2419 2655 2472 καὶ
2685 2418 2772 2472 ἵνα
2804 2418 2900 2471 καὶ
2933 2417 3072 2490 λάθῃ
3123 2416 3325 2488 μᾶλλον
3346 2456 3363 2483 ,
3394 2418 3438 2488 ἠ,
3478 2416 3540 2470 τὸ
3586 2417 3774 2472 λαθεῖν

2189 2512 2544 2582 ἀγαπήσασα.
3272 2568 3275 2575 ,

2265 2603 2373 2658 Ill'.
2442 2604 2687 2673 Ὀλίγαις
2721 2604 2778 2658 δὲ
2809 2603 3039 2675 ὕστερον
3076 2604 3329 2676 ἡμέραις,
3376 2604 3471 2658 καὶ
3516 2605 3544 2659 ό
3588 2620 3771 2675 μακα-

2194 2698 2457 2769 ριώτατος
2510 2699 2724 2764 Παῦλος
2779 2700 3016 2763 εὐκλεῶς
3078 2700 3502 2770 μετανίσταται,
3562 2699 3770 2769 ποιμὴν

2192 2789 2396 2856 ἀγαθὸς
2423 2788 2503 2859 τῷ
2548 2789 2663 2844 όντι
2695 2791 3008 2861 γενόμενος,
3039 2788 3137 2841 καὶ
3169 2787 3410 2859 θαύμασι
3439 2788 3531 2840 τὸν
3571 2786 3770 2845 ἑαυτοῦ

2195 2880 2308 2951 βίον
2336 2881 2477 2952 μετά
2507 2882 2736 2936 θάνατον
2779 2880 3214 2951 πιστωσάμενος,
3247 2879 3342 2933 καὶ
3372 2879 3594 2938 πλουτεῖ
3633 2877 3775 2949 μετὰ

2193 2972 2302 3025 τῶν
2332 2973 2510 3027 ἄλλων
2550 2973 2647 3026 καὶ
2683 2972 2847 3028 αὑτὸν
2876 2974 2909 3043 ἡ
2956 2972 3224 3026 Μύλασσα
3258 2971 3435 3038 πόλις,
3462 2972 3559 3024 καὶ
3585 2969 3648 3023 τὺ
3677 2968 3773 3024 τοῦ

514 3080 773 3142 tanquam
806 3085 1021 3125 sacrum
1080 3069 1327 3140 suscipit.
1366 3066 1508 3125 Sunt
1548 3082 1680 3123 vero
1714 3083 1856 3124 nunc
1884 3064 1923 3122 ί*
1972 3065 2085 3139 My-

2196 3061 2496 3115 ἀποστόλου
2556 3062 2700 3134 ἱερὸν
2756 3061 3008 3133 Ἀνδρέου
3061 3061 3154 3115 τὸν
3201 3061 3395 3114 τούτου
3451 3060 3644 3133 νεκρὸν
3697 3060 3777 3125 ὡς

513 3164 672 3218 lassa:
725 3171 1143 3227 ornamentum,
1190 3170 1368 3216 turres
1401 3175 1522 3231 quas
1569 3160 1743 3229 rumpi
1786 3169 2092 3230 nequeunt,

516 3253 762 3309 thesauri
789 3254 907 3308 sine
941 3264 1157 3322 sumptu
1179 3291 1195 3319 ,
1228 3260 1285 3307 et
1311 3252 1576 3306 bonorum
1620 3252 1862 3306 omnium
1893 3264 2093 3321 suppe-

515 3343 783 3402 ditatores
819 3362 834 3400 :
877 3344 930 3399 in
952 3344 1180 3415 gloriam
1212 3343 1414 3410 Patris,
1433 3352 1489 3399 et
1519 3342 1737 3410 Filii,et
1768 3346 1940 3399 sancti
1973 3343 2098 3414 Spi-

516 3435 677 3503 ritus,
697 3450 837 3492 nunc
854 3444 911 3492 et
926 3449 1165 3506 semper,
1179 3443 1235 3491 et
1254 3434 1308 3490 in
1323 3434 1522 3491 sucula
1538 3434 1881 3492 saeculorum.
1899 3433 2091 3490 Amen.

2198 3152 2342 3224 ἱερὸν
2372 3152 2715 3224 ὑποδέχεται,
2753 3154 2848 3208 καὶ
2874 3152 2967 3206 νῦν
2997 3155 3108 3207 εἱσι
3144 3154 3211 3224 τῇ
3247 3151 3515 3223 Μυλάσσῃ
3540 3152 3767 3221 κόσμος,

2194 3245 2397 3317 πύργοι
2438 3245 2737 3318 ἄρρηκτοι,
2773 3247 3040 3301 ἀδάπανοι
3070 3245 3368 3317 θησαυροὶ,
3404 3245 3501 3299 καὶ
3552 3244 3773 3298 πάντων

2195 3338 2420 3406 ἀγαθῶν
2448 3338 2697 3409 χορηγοὶ,
2720 3340 2803 3402 είς
2828 3337 2983 3402 δόξαν
3006 3337 3220 3408 Πατρδς
3244 3337 3338 3391 καὶ
3350 3335 3482 3390 Υίοῦ
3497 3336 3591 3390 καὶ
3613 3334 3769 3402 ἁγίου

2196 3428 2534 3500 Πνεύματος,
2588 3430 2683 3484 νῦν
2732 3431 2943 3504 καὶ-ἀεὶ
2989 3432 3086 3487 καὶ
3111 3432 3202 3501 εἰς,
3235 3431 3361 3496 τοὺς
3410 3430 3608 3495 αἰῶνας
3657 3427 3770 3485 τῶν

2198 3521 2431 3578 αἰώνων.
2486 3523 2681 3594 Ἀμήν.
2712 3526 2715 3529 ’
