4138 6418
410 262 581 340 ’1003

1679 260 1962 330 MENSIS
2008 259 2464 326 JANUARIUS.

3567 259 3708 324 10οὶ

433 375 619 432 minus
679 374 955 430 idolorum
991 375 1264 429 vesaniam
1317 387 1482 443 quam
1541 372 1760 442 imperii
1811 382 2029 443 sceptra

2147 375 2289 443 παρὰ
2338 375 2447 428 τῶν
2495 374 2797 446 τηνικτιῦτα
2846 373 2944 444 τῆς
2989 372 3277 443 εἰδωλικῆς
3329 371 3529 443 μανίας
3575 374 3729 428 οῦδὲν

434 479 816 540 susceperant,
872 469 1074 523 missus
1128 472 1298 530 esset,
1351 465 1620 520 acerrima
1664 465 1807 522 facta
1872 466 2033 521 Chri~

433 561 744 616 stinnorum
801 558 1088 628 inquisitio
1132 563 1236 612 est.
1271 556 1372 610 Hic
1428 570 1562 626 ergo
1601 555 1879 612 Lueianus
1930 573 2032 626 pro

435 653 725 726 tyrannica
779 651 985 706 sedens
1034 649 1319 710 tribunali,
1354 649 1439 704 vel
1505 659 1636 705 ante
1688 640 1859 720 opera
1915 651 2032 720 ipsa

434 747 620 801 verbis
651 744 817 799 animi
853 743 1093 798 furorem
1136 743 1403 814 spirabat,
1430 744 1593 807 mala,
1618 753 1678 798 ut
1716 744 1789 798 ita
1826 744 2030 809 dicam,

433 839 714 894 fabricans
748 835 1084 892 Christianis
1122 855 1133 891 :
1165 836 1477 907 litteraeque
1502 843 1558 891 et
1585 837 1767 893 edicta
1793 853 1893 908 per
1915 853 2032 892 om-

437 945 561 984 nem
591 917 938 999 provinciam
976 927 1290 998 frequentia
1333 927 1718 993 mittebantur,
1748 937 1808 983 ut
1840 929 2035 982 nolen-

435 1038 519 1079 tes
577 1022 864 1078 daemoniis
933 1024 1266 1088 sacriﬁcare,
1335 1022 1780 1093 conﬁtentesque
1842 1022 2032 1078 Jesum

433 1115 718 1171 Christum
763 1114 1057 1169 Dominum
1117 1123 1372 1168 nostrum
1417 1129 1610 1169 verum
1646 1113 2034 1184 Dcum,-alque

434 1209 556 1278 ejus
624 1223 778 1264 sacra
841 1217 1138 1274 sectantes,
1207 1221 1321 1261 non
1393 1206 1573 1262 solum
1660 1207 2035 1264 acerbissimis

436 1301 847 1372 subjicerentur
889 1300 1194 1370 suppliciis,
1252 1309 1308 1355 et
1356 1314 1456 1369 per
1510 1300 1714 1370 ignem,
1762 1307 1818 1354 et
1870 1300 2030 1364 feras,

437 1408 502 1448 ae
569 1409 744 1460 mare,
795 1393 1013 1463 aliaque
1093 1391 1444 1448 crueiatuum
1518 1407 1722 1462 genera
1795 1401 2032 1447 mortem

440 1488 733 1553 subirent,
775 1486 871 1542 sed
917 1494 974 1541 et
1009 1501 1165 1542 sacra
1221 1501 1413 1542 eorum
1459 1501 1691 1555 corpora
1731 1486 2035 1542 domestico

440 1579 700 1649 sepulcro
764 1587 1036 1641 carerent,
1070 1577 1328 1648 forasque
1388 1585 1746 1648 raptarentur
1802 1577 2036 1632 canibus

437 1687 503 1726 ac
543 1671 675 1727 feris
703 1671 966 1742 pabulum
999 1671 1206 1727 futura.

503 1950 578 2006 ll.
619 1949 862 2005 Ananias
895 1948 1093 2021 igitur,
1150 1948 1460 2006 cmlestium
1509 1947 1898 2021 mysteriorum
1943 1947 2039 2003 in-

441 2055 678 2114 terpres,
707 2043 917 2112 Deique
951 2042 1255 2112 apostolus,
1283 2058 1424 2098 unus
1464 2051 1523 2099 et
1555 2042 1673 2113 ipse
1708 2042 1776 2098 de
1817 2051 2039 2112 septua-

441 2139 594 2209 ginta
631 2135 839 2193 Christi
869 2135 1162 2206 discipulis
1207 2135 1307 2208 (3),
1332 2134 1518 2191 divina
1551 2135 1790 2206 quadam
1837 2135 2042 2192 virtute

443 2237 500 2284 et
536 2226 918 2299 inaspectabili
960 2226 1234 2291 claritate,
1276 2225 1593 2293 Antiochia,
1653 2226 1750 2282 ubi
1796 2229 2041 2298 primum

437 2317 885 2373 Christianorum
912 2316 1080 2387 erepit
1114 2317 1338 2383 nomine
1367 2317 1636 2373 celebrari
1668 2333 1805 2388 gens
1830 2329 2040 2385 nostra,

443 2410 776 2465 Damascum
807 2409 885 2482 (-t)
919 2409 1093 2475 venit,
1145 2419 1210 2464 ut
1261 2425 1366 2465 nec
1426 2409 1544 2480 ipsa
1599 2411 1852 2467 veritatis
1896 2419 2045 2467 esset

431 2503 722 2560 seminum
752 2518 975 2574 expers,
1017 2518 1123 2558 nec
1143 2503 1368 2573 pietatis
1401 2501 1685 2558 fructuum
1718 2503 2040 2560 infecunda.

517 2595 609 2651 ΙΙΙ.
640 2597 858 2652 Interea
895 2604 1083 2652 autem
1123 2596 1329 2662 Paulus
1385 2596 1559 2667 magis
1612 2595 1899 2668 magisque
1941 2596 2041 2651 ad-

445 2703 643 2744 versus
692 2687 1071 2758 apostolorum
1129 2690 1372 2743 chorum
1433 2687 1647 2742 rabiem
1701 2687 2042 2758 parturiens,

2065 1718 2113 1777 B

2135 461 2300 536 ἧττον
2343 465 2517 536 ἧτῶν
2573 468 2870 536 σκήπτρων
2923 465 3344 535 ὲπειλημμένων
3385 464 3760 537 ἀπεσταλμὲσξ

2137 575 2252 621 νου,
2279 557 2347 611 τά
2379 559 2724 629 Χριστιανῶν
2751 560 2838 612 διά
2872 557 3072 628 πολλῆς
3104 558 3339 629 μάλιστα
3371 558 3468 628 τῆς
3499 557 3734 629 ἐρεύνης

2136 651 2345 721 ἐγίνετο
2374 650 2470 722 [αι.
2502 650 2764 722 ἐγένετοῇ
2795 645 2965 714 Οὗτος
2991 647 3083 704 οὖν
3114 653 3141 704 ὁ
3166 652 3488 715 Λουκιανὸς,
3520 652 3613 704 ἐπὶ
3647 669 3732 704 τυ-

2139 743 2394 815 ραννικοῦ
2438 744 2684 814 βήματος
2721 743 3010 806 καθεσθεὶς
3036 783 3050 808 ,
3089 743 3184 797 καὶ
3257 745 3365 814 πρὸ
3409 743 3518 797 τῶν
3549 742 3732 814 ἔργων

2140 838 2254 900 τοῖς
2302 837 2484 904 λόγοις
2531 837 2729 903 ἔπνει,
2776 837 2994 899 πολλοῖς
3025 835 3174 890 κακά
3225 836 3611 905 Χριστιανοῖς,
3656 832 3734 894 ῶς

2136 932 2334 997 εἰπεῖν,
2363 929 2788 1000 τεκταινόμενος
2811 945 2825 959 °
2858 929 3167 1000 γράμματά
3196 945 3255 981 τε
3287 926 3385 981 καὶ
3408 927 3738 997 προθέματα

2137 1022 2280 1076 κατὰ
2333 1024 2514 1092 πάσης
2557 1020 2749 1090 ἐφοίτα
2781 1022 2880 1091 τῆς
2921 1019 3204 1092 ὑπηκόου,
3256 1019 3384 1080 τοὺς
3428 1002 3502 1088 μὴ
3549 1016 3739 1088 βουλο-

2141 1115 2336 1188 μένους
2383 1116 2483 1186 μὲν
2515 1115 2666 1170 θύειν
2705 1117 2816 1180 τοῖς
2859 1113 3193 1184 δαιμονίοις,
3239 1111 3638 1183 ὁμολογοῦντας
3674 1109 3738 1164 δὲ

2138 1209 2229 1262 τὸν
2267 1207 2474 1279 Κύριον
2517 1209 2676 1278 ἡμῶν
2734 1206 2942 1278 Ἰησοῦν
2977 1206 3248 1277 Χριστὸν,
3303 1203 3434 1258 Θεὸν
3479 1202 3738 1273 ἀληθινὸν

2138 1302 2234 1354 καὶ
2289 1301 2440 1372 αύτῷ
2492 1300 2974 1370 προσανέχοντας,
3035 1298 3110 1370 μὴ
3158 1299 3320 1366 μόνον
3372 1298 3740 1368 πικροτάταις

2138 1394 2433 1464 τιμωρίαις
2480 1390 3036 1458 καθυποϐάλλεσθαι,
3087 1391 3180 1444 καὶ
3244 1391 3336 1443 τὸν
3387 1389 3478 1442 διὰ
3527 1389 3740 1461 πυρὸς,

2141 1487 2300 1560 [ἀθεεὶ
2349 1487 2446 1540 καὶ
2477 1484 2709 1558 θηρῶν,]
2745 1486 2838 1539 καὶ
2871 1484 3180 1556 θαλάσσης,
3224 1484 3318 1536 καὶ
3349 1483 3533 1551 πάσης
3567 1482 3742 1554 ἄλλης

2138 1578 2248 1633 τῶν
2302 1579 2488 1633 κακῶν
2547 1579 2728 1642 ἰδέας,
2781 1577 3115 1648 ὑφίστασθαι
3163 1575 3429 1640 θάνατον,
3471 1574 3607 1632 ἀλλὰ
3642 1572 3742 1629 καὶ

2144 1672 2280 1744 πρὸς
2319 1672 2624 1744 ἀλλοδαπὴν
2654 1672 2868 1743 τάίερὰ
2905 1670 3110 1724 τούτων
3147 1669 3376 1741 σώματα
3409 1668 3725 1740 ῥίπτεσθαι,

2141 1768 2270 1818 κυσὶ
2318 1765 2414 1819 καὶ
2462 1765 2674 1836 θηρίοις
2703 1765 2783 1828 είς
2826 1763 2995 1835 βορὰν
3062 1761 3423 1833 προκείμενα,
3463 1761 3558 1816 καὶ
3598 1759 3739 1832 μηδὲ

2139 1858 2235 1911 ἐπὶ
2269 1859 2369 1928 τῆς
2398 1857 2574 1922 οἰκίας
2605 1857 2669 1930 [Ῑ.
2703 1856 2935 1929 οἰκείας]
2967 1855 3257 1923 ἀξιοῦσθαι
3288 1855 3487 1925 ταφῆς.

2211 1947 2290 2003 B’.
2338 1948 2592 2011 ’Δνανίας
2620 1936 2860 2004 τοίνυνό
2905 1948 3169 2020 θεηγόρος
3213 1945 3308 2000 τοῦ
3350 1945 3556 2018 Κυρίου
3596 1943 3738 1999 ἀπό-

2142 2042 2367 2108 στολος,
2411 2041 2522 2095 τῶν
2572 2041 2950 2112 ἑϐδομήκοντα
2986 2043 3082 2094 καὶ
3128 2033 3283 2104 οὗτος
3323 2038 3582 2110 μαθητῶν
3617 2037 3737 2102 ῶν,

2144 2134 2265 2206 θείᾳ
2312 2135 2419 2187 τινὶ
2456 2134 2686 2202 δυνάμει
2721 2134 2816 2187 καὶ
2851 2134 3068 2204 ἀοράτῳ
3093 2136 3160 2206 τῇ
3193 2133 3487 2204 ἐμφανείᾳ,
3534 2133 3600 2186 ἐκ
3637 2130 3740 2202 τῆς

2163 2227 2463 2296 Ἀντιόχου,
2492 2225 2620 2280 ἔνθα
2651 2227 2746 2280 καὶ
2777 2226 2997 2297 πρῶτον
3028 2225 3316 2298 ἄνθρωπος
3342 2227 3442 2296 τὴν
3471 2224 3564 2278 τοῦ
3601 2225 3739 2295 Χρι-

2147 2319 2368 2374 στιανοῦ
2417 2320 2612 2391 κλῆσιν
2659 2318 3063 2390 πεπλούτηκεν,
3113 2319 3205 2372 ἐπὶ
3247 2318 3542 2388 Δαμασκὸν
3575 2313 3737 2389 ἧκεν,

2143 2413 2293 2475 ὅπως
2323 2411 2460 2483 μηδὲ
2495 2411 2634 2480 αὐτὴ
2667 2411 2776 2464 τῶν
2807 2409 2908 2481 τῆς
2950 2409 3214 2482 ἀληθείας
3254 2411 3590 2480 σπερμάτων
3616 2410 3740 2466 ἄδε-

2147 2523 2274 2570 κτος
2303 2507 2414 2576 εἴη,
2449 2503 2586 2576 μηδὲ
2612 2503 2722 2557 τῶν
2748 2503 2848 2574 τῆς
2877 2503 3164 2567 εὐσεϐείας
3188 2503 3419 2574 καρπῶν
3448 2502 3664 2572 ἄγονος.

2216 2599 2291 2653 I".
2337 2599 2426 2652 Ἐν
2456 2597 2634 2669 τούτῳ
2671 2596 2729 2650 δὲ
2767 2597 2876 2667 ἄρα
2923 2597 3017 2651 καὶ
3052 2596 3265 2664 Παῦλος
3296 2597 3390 2650 ἐπὶ
3429 2594 3597 2649 πλέον
3638 2595 3742 2665 τὴν

2148 2691 2294 2747 κατὰ
2323 2689 2420 2745 τοῦ
2457 2691 2622 2762 χοροῦ
2671 2690 2783 2745 τῶν
2828 2689 3087 2761 μαθητῶν
3117 2689 3322 2743 λύσσαν
3351 2687 3596 2754 ὠδίνων,
3635 2691 3741 2760 τήν

447 2779 828 2837 intolerabiles
861 2780 919 2836 in
971 2795 1069 2837 eos
1103 2781 1287 2835 minas
1324 2781 1561 2851 jactans,
1594 2787 1760 2851 atque
1798 2780 2040 2836 incredi-

2148 2804 2207 2840 τε
2240 2787 2376 2858 πρὸς
2423 2785 2620 2849 αὐτοὺς
2672 2783 2906 2856 ἀπειλὴν
2943 2783 3222 2857 ἀφόρητος
3251 2779 3345 2855 ἦν,
3389 2784 3485 2838 καὶ
3527 2783 3593 2854 δὴ
3643 2782 3744 2836 καὶ

446 2873 544 2929 bili
595 2873 835 2943 quodam
873 2872 1141 2928 adversus
1186 2887 1284 2928 eos
1313 2888 1583 2929 accensus
1630 2872 1782 2938 odio,
1833 2874 2040 2945 rogavit

2152 2875 2332 2948 πολλῷ
2375 2874 2453 2946 τῷ
2503 2877 2622 2929 κατ’
2664 2874 2848 2929 αὐτῶν
2903 2873 3146 2946 μάλιστα
3205 2874 3352 2943 φόνῳ
3391 2873 3740 2945 φερόμενος,

448 2965 756 3038 principem
784 2965 1163 3033 sacerdotum,
1200 2975 1264 3022 ut
1296 2967 1514 3023 litteras
1567 2968 1816 3023 mitteret
1845 2968 1914 3022 ad
1949 2983 2040 3024 eas

2151 2971 2305 3040 ἠξίου
2355 2969 2448 3024 τὸν
2502 2971 2767 3042 ἀρχιερέα
2810 2968 3106 3032 ἐπιστολὰς
3161 2967 3404 3039 πέμπειν
3451 2965 3589 3038 πρὸς
3641 2965 3744 3028 τὰς

449 3073 752 3129 synagogas
808 3073 930 3128 quae
987 3057 1154 3112 isthic
1210 3068 1389 3123 erant,
1422 3068 1484 3114 ut
1539 3061 1634 3131 qui
1696 3069 2040 3116 recusassent

2150 3068 2266 3120 ἐκεῖ
2310 3068 2672 3136 συναγωγὰς,
2706 3063 2848 3118 ὥστε
2888 3067 3016 3131 τοὺς
3061 3063 3305 3134 μετιέναι
3354 3061 3424 3115 τὰ
3455 3059 3566 3113 τῶν
3601 3060 3740 3131 Χρι-

438 3151 890 3208 Christianorum
942 3151 1266 3223 religionem
1317 3152 1615 3220 deserere,
1667 3169 1765 3211 eos
1825 3148 2044 3212 vinctOs

450 3244 555 3298 sub
585 3243 836 3299 custodia
860 3241 1291 3316 llieroSolymam
1317 3244 1401 3300 vel
1438 3245 1642 3301 invitos
1671 3247 2040 3316 pertraheret.

454 3336 517 3391 Ei
572 3351 704 3391 vero
753 3334 833 3390 rei
865 3334 1050 3391 omnia
1079 3336 1360 3406 sapienter
1421 3336 1818 3394 administrans
1853 3340 2049 3395 Provi-

455 3427 640 3483 dentia
685 3427 1004 3492 intervenit,
1049 3445 1173 3499 quae
1231 3430 1397 3485 etiam
1447 3431 1667 3488 eminus
1711 3441 2045 3503 praestruere

455 3518 774 3575 occasiones
829 3519 990 3585 solet,
1044 3520 1269 3591 quando
1329 3521 1406 3576 ita
1458 3536 1847 3579 successurum
1911 3527 2044 3596 quid

446 3613 626 3675 videt,
653 3621 714 3666 ut
740 3609 869 3667 inde
911 3612 1042 3668 boni
1071 3613 1356 3684 quidpiam
1388 3623 1701 3672 enascatur.
1731 3617 1849 3674 Ibat
1881 3619 2048 3688 igitur

450 3707 783 3760 Damascum
831 3705 1087 3764 Paulus:
1133 3722 1370 3778 cumque
1400 3710 1512 3782 jam
1568 3711 1693 3767 urbi
1749 3714 2046 3784 apprOpiu-

456 3809 674 3870 quaret,
719 3799 906 3855 lumen
957 3801 1183 3856 caeleste
1240 3801 1418 3857 oculis
1472 3801 1588 3858 suis
1647 3802 2046 3860 circumfusum

445 3891 629 3956 videt,
663 3892 891 3962 soloque
918 3902 1230 3963 prostratus
1258 3894 1345 3948 bis
1395 3909 1454 3950 se
1497 3894 1687 3952 verbis
1724 3897 2043 3966 compellari

451 3985 656 4041 audit:
720 3983 1122 4050 Saule,Saule,
1180 3986 1314 4056 quid
1371 4001 1458 4040 me
1517 3990 1901 4058 persequeris?
1951 3990 2040 4052 Et,

447 4076 826 4146 Consurgens,
875 4077 1078 4146 inquit,
1129 4086 1256 4146 pete
1316 4077 1619 4146 civitatem,
1680 4079 1776 4134 ubi
1829 4081 2047 4135 dicetur

458 4169 560 4222 tibi
591 4167 722 4238 quid
761 4175 814 4222 te
864 4177 1118 4237 oporteat
1159 4167 1358 4224 facere.
1387 4168 1638 4226 Cumoue
1686 4173 2044 4238 surrexisset,

2152 3160 2385 3214 στιανῶν
2427 3158 2939 3230 ἀπεληλεγμένους,
2987 3156 3093 3211 ὑπὸ
3125 3156 3348 3224 δεσμοῖς
3394 3155 3487 3208 καὶ
3527 3153 3740 3223 φρουρᾷ

2147 3252 2247 3322 τὴν
2276 3252 2370 3305 ἐπὶ
2412 3252 2514 3322 τὴν
2563 3249 2925 3322 Ἰερουσαλὴμ.
2957 3249 3052 3304 καὶ
3082 3247 3318 3312 ἄκοντας
3363 3245 3616 3316 ἄγεσθαι.
3667 3244 3742 3298 Τδ

2147 3343 2202 3398 δὲ
2234 3345 2344 3414 ἄρα
2379 3344 2559 3413 σοφῶς
2590 3341 2982 3414 οίκονομοῦσαν
3021 3336 3137 3412 εῐχε
3166 3340 3266 3414 τὴν
3293 3341 3582 3412 Πρόνοιαν,
3613 3339 3740 3409 ἥτις

2150 3437 2214 3508 δὴ
2246 3437 2342 3491 καὶ
2375 3436 2662 3509 πόρρωθεν
2692 3437 2792 3501 τὰς
2823 3434 3078 3506 ἀφορμάς
3110 3432 3536 3496 καταϐάλλεται,
3575 3430 3737 3502 ἡνίκα

2151 3529 2417 3600 καὶπρὸς
2475 3529 2680 3597 ἀγαθόν
2733 3546 2786 3582 τι
2836 3529 3024 3600 φέρειν
3073 3522 3183 3581 οἶδε
3235 3525 3297 3581 τὸ
3340 3523 3730 3596 ἐκϐησόμενον.

2151 3620 2391 3694 Προσῄει
2423 3619 2520 3691 μὲν
2550 3617 2645 3674 οὖν
2672 3621 2700 3673 ὁ
2724 3617 2939 3684 Παῦλος
2974 3622 3039 3690 τῇ
3067 3617 3374 3690 Δαμασκῷ,
3407 3618 3502 3671 καὶ
3531 3615 3606 3679 ὼς
3644 3613 3744 3684 μό-

2152 3731 2242 3767 νον
2279 3716 2344 3784 τῇ
2399 3714 2553 3767 πόλει
2593 3710 2965 3784 προσέϐαλλε,
2997 3711 3113 3781 φῶς
3160 3710 3411 3780 οὐράνιον
3449 3707 3590 3764 κατὰ
3631 3706 3744 3760 τῶν

2150 3807 2419 3878 ὀμμάτων
2478 3799 2613 3878 ἦκον
2675 3805 2819 3877 όρᾷ’
2877 3805 2973 3858 καὶ
3027 3803 3106 3874 τῷ
3171 3803 3359 3872 ἐδάφει
3420 3798 3741 3862 ἐπιπεσὼν,

2149 3880 2420 3962 ¹(Σαοὺλ,
2468 3896 2674 3960 Σαοὺλ,
2730 3895 2785 3948 τί
2833 3911 2902 3965 με
2947 3893 3200 3960 διώκειςς
3258 3911 3277 3945 ι
3326 3891 3552 3947 ἀκούει’
3606 3891 3742 3952 καὶ,

2166 3991 2432 4050 Ἀναστὰς
2456 4031 2471 4053 ,
2501 3990 2666 4062 φησὶ,
2696 3989 2793 4058 τὴν
2827 3988 2982 4042 πόλιν
3017 3985 3319 4052 κατάλαϐε,
3355 3984 3452 4040 καὶ
3475 3985 3502 4037 ὅ
3536 3989 3598 4037 ’τι
3624 3983 3743 4036 δέον

2155 4089 2362 4153 ποιεῖν,
2410 4084 2781 4154 λαληθήσεταί
2839 4099 2943 4138 σοι.
3015 4080 3286 4152 ’Δνέῳκτο
3325 4079 3428 4149 μὲν
3470 4076 3564 4132 οῦν
3614 4077 3746 4131 ἀνα-

2157 4180 2343 4233 στάντι
2371 4178 2439 4231 τὰ
2460 4178 2719 4249 ὄμματαο
2748 4175 2940 4229 οὐδένα
2962 4173 3020 4227 δὲ
3043 4170 3188 4245 εἶχεν
3215 4172 3370 4244 δρᾷν.
3421 4168 3562 4222 Ἀλλ’
3586 4170 3614 4223 ό
3643 4166 3743 4239 μὲν

467 4375 993 4450 Ἐλευθεροπὸ).εως.
1044 4375 1437 4450 iiervetus,__t
1494 4379 1840 4450 Bethagabre
1875 4371 2040 4436 Ειέιι-

2153 4397 2183 4435 a
2228 4381 2537 4439 recentiore
2588 4378 2854 4445 scriptore
2899 4377 3065 4434 fuerit
3121 4398 3139 4431 ι
3187 4375 3677 4450 Eleutheropoleos
3715 4395 3736 4430 ο

460 4447 784 4522 theropolis.
823 4465 842 4498 ι
877 4446 1248 4522 lilenologium
1272 4457 1340 4522 et
1367 4446 1814 4522 Martyrologium
1841 4451 2044 4507 Roma-

460 4535 617 4585 num,
660 4537 677 4568 ‹
712 4517 1177 4591 Eleutheropolis.
1214 4535 1233 4567 ι
1271 4517 1371 4591 Est
1399 4517 1770 4591 Βαιτογαϐρὰ,
1806 4539 1825 4572 ‹
1864 4522 2044 4576 Baete-

458 4592 708 4681 ξεξιιιῖιιι
739 4586 1252 4681 .P‘ettt‘stlilﬂ
1279 4586 1829 4681 (Ξίξξξξιῑθιιῒιίῖιξεζοεξιι
1853 4591 1968 4681 At:
1985 4603 2047 4681 εξ

473 4656 672 4716 Tabula
731 4657 769 4709 4
827 4657 1004 4722 Asiae,
1053 4656 1199 4712 inter
1234 4677 1252 4709 ι
1293 4656 1460 4714 urbes
1493 4656 1705 4718 'Judaete
1750 4656 1818 4714 ab
1847 4675 2044 4716 occasu

456 4729 718 4801 Iordanis
771 4725 946 4801 ﬂuvii.
1001 4745 1020 4778 ι
1071 4727 1278 4801 Eadem
1322 4729 1471 4801 forte
1516 4747 1639 4801 quae
1686 4731 1928 4785 Eusebio
1978 4732 2046 4787 de

459 4798 785 4858 nominibus
813 4797 1296 4869 locorumdivinze
1314 4797 1638 4869 Scriptura,
1663 4818 1682 4851 ι
1717 4801 2043 4868 Bethalaim,

462 4873 618 4926 vicus
645 4885 755 4942 uno
781 4868 1001 4942 milliarj
1026 4867 1680 4942 d‘istansEleutl—ieropoli
1707 4867 2047 4928 descenden-

461 4943 617 4997 tibus
649 4939 874 5010 Gazam:
913 4957 930 4988 ι
951 4938 1069 5010 Qui
1104 4936 1162 4992 S.
1189 4937 1525 5010 Hieronymo
1549 4936 1647 4996 lib.
1667 4942 1741 4996 De
1770 4942 1905 4996 locis
1939 4943 2046 4996 lle-

461 5012 671 5066 braieis
767 5027 786 5061 ι
848 5007 1110 5082 Betliagla
1169 5026 1216 5082 )_
1261 5007 1487 5082 dicitur.
1577 5011 2021 5082 Eleutheropolis

462 5093 654 5153 autem
698 5080 950 5153 meminit
997 5093 1140 5153 saepe
1167 5078 1679 5153 _S;_l_*l_ieronymus,
1729 5091 1784 5137 et
1826 5078 2046 5138 videtur

461 5153 601 5224 urbs
634 5152 801 5206 fuisse
829 5150 883 5204 in
907 5149 1092 5205 Judaea
1116 5149 1185 5222 ad
1216 5148 1657 5224 Philistbaeorum
1692 5168 1925 5223 vergens
1956 5170 2046 5209 re~

467 5223 720 5294 gionem;
752 5235 1041 5294 perperam
1066 5218 1516 5294 ctim_CheAbrone
1543 5239 1573 5278 a
1604 5218 1886 5278 nonnullis
1916 5240 2046 5279 con-

468 5289 692 5357 fusa,-ut
731 5289 984 5364 pluribus
1010 5289 1173 5364 docet
1201 5289 1523 5364 Bonfrerius
1551 5305 1738 5349 noster
1762 5294 1816 5346 in
1844 5310 1964 5364 cap.
1994 5311 2043 5349 ix

469 5360 901 5434 Judicum’vﬂl
942 5360 1038 5430 qui
1069 5360 1522 5434 ob_r_iullam_ejus
1554 5366 1606 5421 in
1643 5360 1927 5433 Scriptura
1955 5381 2045 5421 re-

467 5445 681 5505 pertam
703 5432 1058 5505 mentionem,
1073 5430 1340 5505 judicavit
1366 5430 1568 5505 Christi
1592 5444 1648 5489 et
1670 5430 2045 5504 apostolorum

467 5501 810 5575 temporibus
849 5517 958 5575 non
1001 5501 1318 5567 exstitisse,
1369 5503 1466 5558 sed
1519 5501 1868 5575 postmodum
1916 5517 2044 5562 ante

468 5521 810 5629 temgormus
849 5521 958 5556 non
1001 5521 1318 5567 exstitisse,
1369 5521 1466 5558 seu
1519 5521 1868 5575 posmiouum
1916 5521 2044 5562 ante

468 5575 527 5629 S.
625 5574 892 5644 ieronymi
922 5575 1405 5644 itemporaluisse
1448 5577 1793 5630 aediﬁcatam.
1847 5579 2044 5632 Verum

468 5646 650 5700 obstat
677 5643 872 5699 horum
904 5643 1168 5697 Actorum
1197 5643 1253 5698 S.
1289 5645 1513 5700 Ananiae
1545 5648 1720 5707 locus,
1753 5645 1858 5700 nisi
1895 5666 1915 5700 ι
1944 5648 2044 5703 Bc-

469 5715 767 5784 iliagaure,
819 5734 835 5768 ι
875 5715 990 5771 sive
1030 5731 1048 5764 ι
1085 5713 1400 5785 Bretogabra
1430 5758 1444 5781 ,
1485 5727 1626 5772 iaut
1656 5736 1673 5768 ι
1722 5716 1981 5789 Bellizvgla
2021 5741 2037 5772 ι

2152 4452 2462 4522 appellata,
2497 4450 2683 4522 (quod
2729 4451 2780 4504 ei
2807 4450 2948 4522 _urbi
2985 4457 3134 4505 esset
3178 4449 3528 4522 propinqua)
3564 4462 3674 4516 quo
3707 4464 3738 4504 a

2151 4519 2369 4576 duobus
2410 4522 2534 4575 aliis
2576 4520 2712 4575 locis
2748 4540 2766 4572 ‹
2804 4520 3066 4590 Bethagla
3107 4538 3124 4571 ι
3163 4520 3325 4574 dictis
3373 4519 3740 4590 distinguere-

2151 4601 2262 4646 tur.
2311 4593 2515 4648 Eorum
2575 4591 2827 4645 meminit
2891 4589 3453 4661 idern-Hieronymus
3498 4589 3551 4642 in
3603 4603 3738 4643 voce

2157 4680 2176 4712 ‹
2209 4662 2502 4724 Areaatad,
2547 4680 2565 4712 ι
2604 4661 2676 4715 ita
2709 4661 2998 4716 scribens:
3037 4680 3056 4713 ‹
3096 4660 3365 4716 Areaatad
3402 4660 3558 4714 locus
3588 4666 3739 4714 trans

2148 4732 2464 4798 Jordanem,
2503 4731 2554 4784 in
2591 4747 2701 4802 quo
2731 4732 3064 4801 planxerunt
3089 4732 3367 4802 quondam
3396 4729 3601 4802 Jac_ob,_
3627 4739 3738 4783 ter-

2153 4803 2230 4858 tio
2257 4808 2325 4857 ab
2365 4800 2628 4858 Hiericho
2661 4800 2864 4872 lapide,
2891 4800 3120 4857 duobus
3143 4802 3389 4856 millibus
3419 4816 3448 4854 a
3471 4800 3735 4861 Jordane.

2149 4874 2244 4942 qui
2306 4889 2454 4928 nunc
2503 4882 2735 4927 vocatur
2784 4872 3082 4942 Bethagla,
3138 4872 3287 4942 quod
3337 4872 3739 4940 interpretatur

2151 4943 2297 5014 locus
2341 4946 2480 5012 gyri,
2523 4959 2590 4997 eo
2617 4944 2763 5014 quod
2791 4943 2868 5014 ibi
2896 4959 3048 5014 more
3077 4942 3459 5014 plangentium
3499 4942 3738 5014 circum-

2151 5012 2318 5068 ierint
2345 5011 2400 5069 in
2425 5011 2847 5069 funere’Jacob.
2877 5033 2896 5065 ι
2926 5011 3146 5068 Gem—1..
3175 5011 3248 5067 De
3270 5028 3338 5066 eo
3367 5011 3549 5081 agitur
3568 5011 3737 5064 Josue

2148 5099 2218 5138 xv
2248 5095 2304 5140 et
2333 5100 2485 5140 ιιι-ιιι.
2549 5102 2568 5135 ι
2602 5085 2696 5138 Est
2724 5084 2963 5153 denique
2991 5085 3094 5138 alia
3115 5083 3254 5138 .villa
3300 5081 3561 5150 Bethagla
3616 5096 3738 5134 ma-

2151 5156 2334 5209 ritima
2359 5157 2413 5210 in
2446 5165 2642 5210 octavo
2667 5153 2862 5210 aGaza
2890 5154 3171 5220 milliario,
3213 5172 3232 5206 ›
3266 5161 3326 5208 ιιι
3366 5154 3737 5223 Hieronymus

2104 5284 2106 5286 τ
2151 5225 2354 5279 ibidem
2389 5227 2564 5280 addit.

2236 5295 2309 5366 (5)
2346 5296 2494 5350 idem
2550 5297 2751 5351 docent
2801 5295 2943 5351 liber
2992 5295 3059 5350 de
3098 5295 3239 5350 LXX
3303 5293 3735 5367 discipulis_,qui

2152 5364 2430 5437 Dorotheo
2482 5369 2646 5437 vulgo
2715 5367 2996 5433 tribuitur,
3060 5367 3256 5424 Petrus
3312 5368 3380 5422 de
3424 5364 3732 5434 Natalibus,

2149 5436 2510 5509 Maurelycus,
2536 5436 2810 5494 Gauisius.

2223 5510 2299 5578 (4)
2335 5505 2603 5564 Baronius
2633 5524 2778 5562 anno
2808 5508 2938 5564 Cbr.
2963 5524 3125 5574 xxxv,
3161 5523 3287 5564 cum
3327 5507 3396 5563 de
3449 5505 3736 5578 discipulis

2149 5577 2352 5634 Christi
2399 5588 2526 5651 post
2580 5580 2637 5634 S.
2706 5579 2970 5651 Stephani
3026 5581 3416 5648 lapidationem
3471 5577 3736 5648 dispersis

2150 5659 2374 5717 egisset,
2411 5650 2566 5704 addit
2595 5666 2651 5704 ιι,
2681 5651 2716 5704 5
2742 5666 2757 5702 :
2785 5650 2815 5700 c’
2835 5653 2949 5706 Hae
2980 5651 3095 5720 ipsa
3127 5652 3470 5716 dispersione
3495 5651 3734 5720 Ananias

2153 5721 2459 5791 discipulus
2490 5720 2770 5791 profectus
2799 5719 3121 5776 Damascum
3157 5723 3378 5791 collegit
3403 5719 3728 5787 Ecclesium.
