4138 6412
425 325 575 418 rem

1640 310 1926 371 MENSIS
1962 309 2424 374 JANUAPd‘US.

3567 276 3707 369 {eos

430 441 624 496 levitas
664 433 951 493 successit.
997 429 1123 485 Haec
1163 425 1394 482 audiens
1437 422 1700 494 magister
1743 422 2018 490 veritatis,

2148 423 2225 493 τῆς
2260 427 2611 497 φρονήσεως,
2646 424 2936 494 κουφότης,
2967 422 3098 494 ἐρῶ,
3137 418 3428 485 διεδέξατο.
3490 416 3711 470 Τούτων

432 532 607 587 oculis
623 539 680 584 et
699 525 953 582 manibus
975 521 1157 580 statim
1186 520 1238 574 in
1266 517 1467 573 etelum
1490 515 1724 571 sublatis
1753 533 1766 569 :
1798 516 2023 570 Domine

430 622 561 676 Jcsu
594 617 835 681 Christe,
870 612 1072 683 inquit,
1104 610 1249 665 Deus
1280 609 1572 673 virtutum,
1607 622 1888 676 nunquam
1933 621 2019 661 me

435 716 551 772 suis
579 713 829 770 cassibus
858 708 1103 779 implicet
1132 704 1410 759 inimicus.
1445 701 1552 757 Sed
1581 711 1635 757 et
1672 701 1804 755 mihi
1836 715 1932 770 pro
1965 709 2019 756 te

422 805 545 878 pati
573 805 757 867 liceat,
783 811 839 857 et
862 798 1088 855 coronis
1112 796 1220 851 tuis
1241 792 1452 859 ornari,
1478 800 1535 848 et
1561 791 1731 846 choro
1758 788 2017 862 conjungi

433 909 657 953 tuorum
709 893 1141 965 discipulorum,
1200 898 1261 943 ut
1318 885 1486 953 mibi,
1534 886 1681 941 sicut
1727 895 1782 939 et
1829 884 2018 948 Paulo,

434 990 585 1043 salus
619 987 926 1056 contingat.
967 983 1028 1037 ln‘
1063 982 1150 1035 bis
1185 979 1277 1034 ille
1309 992 1476 1033 orans
1510 976 1883 1047 persistebat:
1923 972 2021 1028 sed

436 1093 561 1133 mox
584 1072 1181 1148 precationemplagae,
1216 1067 1365 1124 nudo
1392 1074 1549 1136 tergo
1584 1064 1826 1130 inﬂictae,
1855 1077 2025 1118 exce-

436 1178 661 1243 perunt.
709 1167 791 1222 Ad
830 1167 948 1221 haec
986 1178 1270 1237 praecones
1311 1159 1721 1216 succlamabant
1753 1176 1764 1211 :
1802 1153 2025 1212 [τι-αδείᾶί

2132 517 2372 581 ἀκούσας
2420 518 2449 572 ὁ
2501 516 2602 587 τῆς
2654 515 2911 585 ἀληθείας
2957 514 3303 576 διδάσκαλος.
3348 512 3570 580 δμματα
3619 507 3716 560 καὶ

2129 611 2315 679 χεῖρας
2373 608 2537 672 εὐθὺς
2591 609 2673 673 εἰς
2726 608 2990 679 οὐρανοὺς
3053 606 3222 676 ἄρας,
3284 602 3460 674 Κύριε
3536 597 3714 671 Ἰησοῦ

2127 699 2331 771 Χριστὲ
2358 743 2371 767 ,
2409 703 2574 772 φησὶν
2594 740 2608 766 ,
2635 703 2663 756 ὁ
2696 700 2829 764 Θεὸς
2862 700 2970 753 τῶν
3013 699 3297 769 δυνάμεων
3317 736 3331 760 ,
3367 698 3442 767 μή
3493 711 3559 766 με
3593 696 3705 756 τοῖς

2127 791 2320 844 ἑαυτοῦ
2377 791 2615 857 δικτύοις
2687 790 2927 863 συλλάϐῃ
2989 789 3088 860 [αι.
3151 786 3430 858 συλλάὅοι]
3490 787 3622 839 ποτε
3676 785 3708 837 ὁ

2129 880 2359 952 ἐχθρὸς,
2390 882 2527 937 ἀλλά
2577 900 2668 953 μοι
2715 884 2810 937 καὶ
2854 881 3048 936 παθεῖν
3094 882 3306 950 γένο.το
3352 879 3443 931 διὰ
3470 878 3566 941 σὲ,
3620 876 3717 930 καὶ

2134 976 2424 1043 στεφάνοις
2464 976 2813 1048 κοσμηθῆναι
2842 979 2954 1039 τοῖς
2996 975 3147 1042 παρὰ
3176 972 3294 1038 σοῦ,
3324 971 3404 1041 τῷ
3433 971 3621 1041 κύκλῳ
3658 986 3723 1023 τι

2136 1065 2482 1135 συναφθῆναι
2537 1066 2645 1132 τῶν
2690 1066 2801 1120 σῶν
2853 1066 3148 1137 μαθητῶν,
3190 1065 3286 1118 καὶ
3328 1060 3583 1132 γενέσθαι
3615 1056 3723 1130 Iter.

2130 1156 2279 1209 κατά
2309 1155 2525 1211 Παῦλον
2556 1157 2655 1228 τὴν
2684 1157 2984 1228 σωτηρίαν.
3025 1157 3261 1218 Ἐκεῖνος
3291 1153 3399 1224 μὲν
3418 1152 3512 1207 οῦν
3549 1152 3726 1215 οὕτως

438 1263 796 1332 obtempera,
844 1267 900 1314 et
938 1256 1257 1328 potentibus
1299 1254 1407 1308 diis
1473 1250 1742 1308 sacriﬁca.
1791 1247 2036 1303 Ananias

2148 1247 2485 1318 Βιευχόμενος
2531 1249 2702 1317 ἐτέλει
2758 1249 2855 1321 [αι.
2904 1248 3196 1320 εὐχόμενος
3224 1242 3497 1314 Sta-calet].
3563 1243 3728 1298 Ἀλλὰ

441 1371 576 1411 vero
609 1354 751 1408 labia
782 1351 1005 1423 quidem
1054 1348 1343 1411 movebat,
1387 1350 1507 1415 sine
1530 1358 1665 1399 voce
1696 1351 1879 1397 tamen
1909 1354 2038 1394 ora-

2148 1338 2233 1407 τὴν
2272 1340 2439 1411 εὐχὴν
2476 1340 2740 1411 μάστιγες
2773 1340 2916 1394 κατὰ
2955 1339 3179 1410 γυμνῶν
3206 1338 3314 1391 τῶν
3341 1341 3526 1391 νώτων
3558 1336 3726 1398 εὐθὺς

440 1442 649 1499 tionem
678 1456 897 1497 sursum
934 1437 1187 1494 mittebat
1214 1434 1281 1490 ad
1310 1434 1506 1489 Deum.

2137 1427 2464 1500 διεδέχοντο,
2504 1432 2640 1503 πρὸς
2679 1433 2736 1486 δὲ
2770 1432 2871 1486 καὶ
2898 1432 3173 1504 κήρυκες,
3209 1431 3301 1502 Τῷ
3339 1431 3574 1501 ἡγεμόνι
3608 1429 3729 1482 πεί-

444 1538 645 1608 σθητι,
702 1533 979 1594 ἐπεϐόων,
1029 1530 1122 1583 καὶ
1170 1530 1284 1592 τοῖς
1334 1524 1597 1597 κρατοῦσι
1646 1522 1809 1577 θῦσον
1859 1520 2026 1584 θεοῖς,
2083 1518 2309 1593 ’Δνανίᾳ
2342 1522 2399 1576 δὲ
2463 1523 2533 1578 τὰ
2569 1524 2670 1595 μὲν
2733 1524 2892 1595 ’χείλη
2937 1524 3263 1589 ύπεκινεῖτο,
3298 1522 3579 1594 ἀλαλήτως
3606 1522 3662 1574 δὲ
3692 1524 3728 1593 ἡ

442 1630 578 1701 εὐχὴ
610 1627 746 1699 πρὸς
775 1626 907 1679 Θεὸν
940 1624 1312 1692 ἀνεπέμπετο.

655 1678 746 1776 ‘Ita
782 1714 1076 1773 tormentis
1106 1678 1382 1783 minisque
1418 1708 1676 1780 superior
1711 1714 1796 1763 est
1826 1704 2027 1770 factus,

2205 1705 2284 1762 Z'.
2340 1703 2556 1772 Ὠςοῦν
2601 1708 2698 1762 καὶ
2751 1707 3002 1779 βασάνων
3037 1707 3304 1777 κρείττων
3347 1706 3444 1762 καὶ
3486 1707 3731 1763 ἀπειλῶν

439 1830 508 1872 ac
536 1815 690 1888 prius
710 1810 1000 1867 carniﬁces
1027 1808 1098 1863 ab
1139 1804 1468 1869 inferendis,
1493 1818 1657 1872 quam
1684 1801 1802 1871 ipse
1834 1814 1864 1854 a
1895 1797 2034 1853 tole-

446 1898 634 1964 randis
660 1904 989 1962 verberibus
1012 1900 1225 1972 fatigati
1253 1897 1543 1953 destitere.
1569 1895 1712 1966 Ergo
1736 1909 1765 1948 a
1796 1902 2036 1947 tormen-

449 2005 520 2059 tis
560 1999 868 2070 disCipulus
913 1994 1078 2051 simul
1108 2003 1182 2049 et
1224 2001 1431 2061 martyr
1477 1988 1785 2050 relaxatur,
1842 1997 2037 2038 rursus

443 2100 581 2150 ’vero
616 2092 684 2147 ad
722 2086 1019 2144 blanditias
1056 2085 1253 2155 vulpes
1287 2080 1596 2153 (prmsidem
1628 2077 1773 2147 dico)
1803 2090 2036 2132 conver-

451 2188 607 2243 titur.
647 2183 755 2239 Sed
790 2195 938 2236 nunc
968 2177 1184 2243 saltem,
1220 2173 1504 2244 inquiebat
1536 2168 1808 2239 discipulo
1832 2208 1846 2232 ,
1880 2165 1947 2221 ad
1985 2175 2037 2221 te

451 2280 604 2346 redi,
639 2288 696 2334 et
738 2287 843 2333 tua:
881 2289 1048 2346 parce
1091 2272 1319 2333 animm,
1352 2277 1569 2338 tuaeque
1598 2261 2039 2335 pulchritudinis

451 2373 754 2433 miserere,
790 2382 913 2438 qua:
961 2362 1167 2433 alioqui
1218 2358 1382 2431 perit.
1419 2356 1554 2411 Nam
1597 2354 1801 2423 majora
1838 2363 1889 2406 te
1921 2363 2039 2402 ma-

452 2472 589 2519 nent
628 2458 928 2531 supplicia,
977 2456 1127 2526 ipsos
1159 2452 1287 2524 juro
1322 2449 1474 2505 deos.
1508 2444 1609 2501 ille
1647 2454 1832 2499 autem
1869 2440 2041 2495 multo

451 2553 662 2612 Christi
694 2565 881 2607 amore
916 2564 1014 2604 cor
1047 2545 1442 2609 inﬂammatus,
1477 2539 1699 2595 fortiter
1731 2537 2042 2606 acriterque

453 2645 728 2702 insultans
760 2638 1081 2711 respondit,
1128 2651 1237 2690 non
1268 2632 1434 2688 modo
1468 2646 1525 2685 se
1550 2642 1833 2699 nunquam
1870 2625 2042 2681 sacri-

442 2738 748 2793 ﬂcaturum
773 2746 894 2789 esse
915 2728 1283 2792 daemonibus,
1313 2723 1409 2781 sed
1439 2731 1760 2778 curaturum
1789 2725 1849 2775 ut
1877 2731 2043 2789 quos-

454 2829 674 2898 cunque
699 2830 887 2897 posset
911 2821 980 2877 ad
1010 2818 1218 2876 Christi
1255 2815 1419 2871 ﬁdem
1445 2817 1813 2869 converteret.
1838 2807 2044 2865 Deinde

442 2933 514 2976 ἐι
533 2920 589 2974 in
616 2920 793 2990 ipsum
816 2915 1107 2988 praesidem
1130 2913 1334 2984 linguae
1353 2923 1555 2964 nervos
1580 2905 1838 2970 intendit,
1867 2902 2045 2959 acrio-

440 3010 725 3080 ‘ribusque
766 3023 893 3066 eum
925 3005 1112 3061 verbis
1138 3001 1412 3058 incessit:
1456 2999 1577 3054 Non
1610 2996 1922 3061 erubescis,
1956 2994 2041 3050 in-

458 3100 602 3172 quit,
635 3114 669 3154 ο
703 3113 833 3155 vere
867 3097 1080 3162 infelix,
1109 3111 1174 3151 ac
1208 3093 1438 3165 pudoris
1471 3090 1685 3145 foveam
1714 3087 2039 3159 ingrederis,
2068 3066 2113 3126 (ἶ

440 3184 613 3248 'nunc
647 3191 868 3262 quidem
909 3188 1095 3260 ﬂagris
1129 3186 1393 3250 saeviens,
1427 3196 1574 3237 nunc
1602 3180 1885 3235 blanditiis
1915 3179 2049 3235 sub-

442 3297 664 3355 'repens
700 3291 756 3337 et
796 3290 1056 3351 tanquam
1090 3275 1387 3332 delicatum
1415 3271 1728 3342 quempiam
1746 3271 2047 3342 puerulum

442 3372 727 3428 'mollibus
764 3387 867 3427 nos
903 3369 1089 3427 verbis
1118 3362 1444 3424 demuleesf!

539 3645 674 3706 VIII.
711 3645 808 3701 His
836 3645 1096 3701 incitatus
1114 3644 1312 3717 'judex,
1344 3645 1611 3701 nudatum
1647 3642 1906 3715 martyris
1929 3656 2053 3698 cor-

456 3726 573 3809 pus
597 3735 759 3808 jubet
791 3735 991 3792 ferreis
1022 3736 1303 3808 unguibus
1336 3735 1556 3801 laniari,
1589 3735 1717 3793 dein
1749 3746 1806 3791 et
1840 3736 2051 3804 lampa-

470 3829 635 3886 dibus
664 3828 896 3884 uStulari
918 3868 935 3893 ,
975 3836 1035 3884 ut
1064 3827 1196 3884 dum
1240 3827 1502 3899 paulatim
1548 3842 1748 3898 corpus
1777 3826 2052 3897 eliquare-

456 3925 583 3989 'tut,
617 3922 692 3978 ita
723 3921 1104 3978 diuturniores
1132 3919 1353 3977 dolores
1383 3920 1450 3977 ad
1486 3935 1583 3977 cor
1607 3919 1916 3977 attinerent.
1943 3917 2053 3975 Sed

455 4016 680 4072 ‘ferreos
730 4028 980 4089 ungues,
1032 4012 1265 4084 perinde
1319 4028 1384 4069 ac
1434 4027 1533 4069 eos
1588 4012 1732 4068 alius
1782 4012 2053 4083 quispiam

472 4114 754 4183 pateretur
775 4143 790 4168 ,
823 4104 1455 4176 contemnebat‘martyr
1486 4124 1500 4158 :
1542 4104 1686 4175 ignis
1709 4118 1931 4175 quoque
1962 4103 2053 4159 ille

460 4199 745 4263 cessabat,
778 4212 959 4268 neque
992 4196 1136 4268 ignis
1162 4212 1284 4253 esse
1316 4197 1684 4253 credebatur:
1712 4197 1893 4268 ipsum
1924 4211 2055 4252 vero

472 4306 570 4347 cor
605 4289 823 4363 tyranni
857 4287 1099 4361 quadam
1136 4291 1349 4345 ratione
1378 4288 1737 4361 pervadebat,
1773 4290 2055 4361 magisque

2136 1790 2226 1866 ἦν,
2279 1798 2373 1851 καὶ
2402 1799 2661 1852 ἀπειπεῖν
2711 1800 2837 1864 τοὺς
2871 1799 3207 1871 πλήττοντας
3240 1799 3507 1870 πρότερον
3544 1800 3729 1869 ἐνομί-

2137 1885 2280 1952 ζετο,
2307 1889 2341 1959 ἢ
2362 1889 2509 1961 ,πρὸς
2534 1892 2634 1955 τὰς
2658 1891 2874 1961 πληγὲς
2906 1891 3284 1963 ἀπαγορεῦσαι
3310 1890 3403 1944 τὸν
3426 1892 3726 1961 δετάεινχοντειἸ

2138 1979 2238 2050 τῆς
2268 1979 2504 2050 βασάνου
2551 1981 2651 2050 μὲν
2677 1983 2703 2035 ὁ
2731 1980 2982 2052 μαθητὴς
3006 1981 3144 2055 ὁμοῦ
3191 1982 3288 2036 καὶ
3325 1982 3537 2053 μάρτυς
3577 1984 3733 2052 agis-

2138 2086 2263 2124 ται·
2296 2070 2364 2124 τὰ
2394 2070 2451 2123 δὲ
2495 2073 2594 2142 τῆς
2637 2055 2879 2135 θωπείας
2947 2074 3039 2126 καὶ
3072 2072 3231 2137 αὖθις
3264 2074 3296 2143 ἡ
3327 2072 3555 2144 άὶώπηξ
3603 2076 3733 2145 (τὶν

2140 2162 2383 2233 ἡγεμόνα
2436 2164 2617 2235 φημὶ)
2673 2165 3022 2234 μετέρχεται,
3087 2163 3250 2218 Ἀλλά
3281 2165 3387 2218 κᾶν
3425 2166 3733 2239 γοῦνοᾶρτι

2140 2253 2297 2322 γενοῦ
2331 2255 2584 2322 σεαυτοῦ,
2609 2255 2687 2326 τῷ
2727 2257 2944 2328 μαθητῇ
2968 2257 3165 2326 λέγων,
3197 2259 3297 2328 τῆς
3328 2274 3387 2310 τε
3414 2259 3512 2328 σῆς
3542 2262 3735 2329 φεῖσαι

2139 2344 2351 2415 ψυχῆς,
2412 2347 2482 2401 τά
2528 2363 2586 2400 τε
2643 2347 2741 2419 τῆς
2793 2348 2891 2419 σῆς
2941 2348 3210 2420 οῐκτειρον
3266 2348 3418 2421 ὥρας
3481 2349 3732 2417 ἐλεεινῶς

2143 2441 2527 2513 ἀπολλύμενα,
2562 2443 2693 2525 ἐπεί.
2720 2460 2781 2496 σε
2812 2444 2906 2498 καὶ
2938 2445 3260 2516 πικρότεραι
3295 2444 3548 2508 κολάσεις
3581 2447 3737 2499 ἐκδέ-

2145 2532 2360 2602 ξονται,
2396 2537 2594 2600 αὐτοὺς
2624 2535 2832 2608 ὄμνυμι
2864 2535 2992 2601 τοὺς
3023 2536 3202 2600 θεούς.
3244 2537 3305 2590 ’0
3338 2536 3397 2591 δὲ
3433 2537 3615 2608 πολλῷ
3639 2538 3739 2608 τὴν

2145 2624 2371 2696 καρδίαν
2421 2626 2500 2697 τῷ
2548 2628 2677 2698 περὶ
2720 2628 2970 2700 Χριστὸν
3021 2626 3185 2692 ζέσας
3235 2627 3437 2701 ἔρωτι,
3490 2635 3740 2699 γενναῖον

2144 2717 2412 2788 ἠπείλησε
2460 2719 2556 2771 καὶ
2611 2718 2977 2791 θερμότερον,
3027 2719 3089 2773 ού
3149 2718 3312 2791 μόνον
3363 2720 3622 2775 οὐδέ-ποτε
3669 2722 3741 2776 ἂν

2145 2811 2307 2876 adria;
2339 2810 2498 2866 θῦσαι
2529 2814 2643 2876 τοῖς
2667 2812 2944 2884 δαίμοσιν,
2979 2812 3120 2867 ἀλλά
3148 2815 3245 2868 καὶ
3278 2813 3516 2880 πάντας,
3547 2813 3642 2879 οὓς
3673 2816 3743 2869 ἂν

2147 2901 2385 2969 δύναιτο,
2423 2893 2780 2960 συντίθεσθαι
2813 2909 2878 2977 τῇ
2922 2905 3017 2959 τοῦ
3056 2904 3294 2977 Χριστοῦ
3336 2906 3521 2961 πίστει
3562 2924 3745 2978 παραε-

2150 2998 2437 3050 σκευᾶσαι.
2481 2996 2765 3050 Ἐντεῦθεν
2796 2999 2876 3061 είς
2918 2998 3010 3050 τὸν
3042 2998 3289 3068 ἡγεμονα
3313 2998 3463 3053 ἕλκει
3499 3003 3741 3071 νευρὰνς,

2151 3089 2245 3140 καὶ
2286 3088 2635 3159 πικροτέροις
2680 3088 2846 3142 αὑτὸν
2896 3088 3079 3159 βάλλει
3130 3092 3243 3153 τοῖς
3294 3091 3577 3162 ῥήμασιν,
3628 3094 3744 3146 οὐκ

2152 3179 2496 3252 ὶγκαλύπτῃ,
2521 3180 2718 3248 λέγων,
2754 3180 2969 3249 ἀληθῶς
3002 3180 3177 3246 ἄθλιε,
3210 3184 3307 3236 καὶ
3326 3183 3406 3253 τῷ
3432 3185 3530 3254 τῆς
3554 3185 3746 3256 αἰσχύ-

2151 3288 2250 3340 νης
2274 3271 2454 3343 βόθρῳ
2484 3272 2817 3345 ὲγκαταδύῃ,
2853 3273 2950 3327 νῦν
2975 3275 3073 3345 μὲν
3107 3273 3408 3345 μαστίζων,
3438 3276 3536 3331 νῦν
3563 3277 3620 3332 δὲ

2154 3363 2447 3417 κολακείαν
2479 3363 2869 3434 ὑποδυόμενος,
2906 3367 2999 3418 καὶ
3032 3365 3224 3438 ῶσπερ
3256 3368 3466 3421 ἁπαλόν
3496 3385 3617 3423 τινα
3642 3370 3742 3441 τὴν

2154 3452 2329 3521 φρένα
2365 3453 2530 3507 παῖδα
2558 3455 2653 3506 καὶ
2676 3454 2872 3524 νῄπιον
2910 3455 3177 3525 μαλακοῖς
3209 3458 3357 3528 ἡμᾶς
3387 3460 3497 3523 τοῖς
3532 3460 3737 3530 ῥήματι

2155 3558 2224 3595 πε
2232 3543 2488 3614 ρισαίνων
2502 3562 2525 3612 ,;

2228 3634 2307 3691 ﬂ'.
2353 3636 2535 3709 Θυμὸς
2574 3633 2721 3694 εἷλεν
2774 3640 2868 3694 ἐπὶ
2918 3640 3128 3705 τούτοις
3175 3641 3267 3696 τὸν
3312 3641 3606 3715 δικαστὴν,
3644 3644 3741 3698 καὶ

2152 3725 2444 3798 γυμνωθὲν
2516 3728 2837 3810 κελεύει-τὸ
2892 3731 3056 3803 σῶμα
3109 3731 3203 3785 τοῦ
3259 3734 3537 3805 μάρτυρος
3599 3732 3748 3800 ὄνυξι

2159 3822 2399 3895 σιδηροῖς
2428 3824 2801 3892 διαξαίνεσθαι
2822 3870 2838 3897 ,
2886 3827 3026 3900 πρδς
3055 3829 3113 3883 δὲ
3146 3830 3242 3884 καὶ
3290 3829 3544 3900 λαμπάσι
3575 3831 3748 3903 πυρὸς

2157 3916 2595 3985 κατακαίεσθαι,
2631 3919 2708 3985 ὡς
2757 3919 2824 3975 ἂν
2872 3920 3016 3975 κατὰ
3068 3920 3246 3994 βραχὺ
3294 3924 3600 3997 τηκομένου
3650 3922 3747 3978 τοῦ

2160 4008 2447 4080 σώματος,
2504 4012 2888 4084 ἔπιμονώτερα
2940 4012 3009 4068 τὰ
3062 4013 3173 4067 τῶν
3216 4014 3527 4086 ἀλγηδόνων
3572 4014 3750 4081 οὕτως

2159 4102 2240 4163 εἰς
2268 4101 2367 4171 τὴν
2403 4102 2636 4173 καρδίαν
2671 4103 2982 4176 είσρέωσιν.
3030 4104 3192 4159 Ἀλλὰ
3221 4108 3291 4160 τά
3318 4107 3417 4179 μὲν
3450 4109 3559 4162 τῶν
3596 4108 3750 4180 σιδη-

2146 4195 2272 4266 ρῶν
2335 4196 2545 4269 ὀνύχων
2608 4194 2703 4253 οἶά
2749 4216 2896 4263 τινος
2944 4200 3169 4270 ἑτέρου,
3204 4201 3283 4273 τῷ
3319 4202 3592 4275 μάρτυρι,
3637 4202 3746 4257 πά-

2164 4302 2403 4365 σχοντος,
2438 4289 2720 4360 ἐνομίζετο
2741 4306 2754 4320 ’
2791 4291 2853 4343 τὸ
2888 4290 2947 4344 δὲ
2987 4290 3101 4365 πῦρ
3149 4293 3344 4364 ἐκείνῳ
3407 4293 3508 4365 μὲν
3539 4294 3751 4348 ὑπελώ-

472 4382 542 4436 ad
597 4382 866 4436 insaniam
921 4377 1270 4446 concitabat;
1323 4386 1381 4434 et
1418 4397 1430 4432 :
1466 4377 1798 4448 Quousque,
1849 4376 2046 4447 inquit,

2165 4395 2291 4447 φει,
2346 4380 2440 4433 καὶ
2488 4381 2588 4451 οὐχ
2636 4381 2713 4445 ὠς
2753 4382 2866 4453 πῦρ
2908 4383 3217 4453 ἐλογίζετο,
3266 4386 3408 4440 κατά
3439 4386 3497 4440 δὲ
3524 4386 3625 4458 τῆς
3653 4385 3749 4441 τοῦ

458 4471 639 4543 jussis
673 4472 1071 4542 imperatorum
1102 4482 1215 4523 non
1238 4467 1672 4538 obtemperabis,
1700 4476 1757 4522 et
1787 4482 1927 4537 quos
1951 4468 2053 4537 ipsi

462 4567 607 4621 deos
639 4564 848 4629 colunt,
888 4579 1003 4618 non
1039 4561 1377 4619 honorabis?
1409 4564 1478 4617 At
1510 4561 1602 4618 ille
1626 4579 1643 4614 :
1669 4560 1781 4617 Cur
1816 4577 1923 4627 me,
1960 4561 2056 4628 ait,

474 4658 665 4713 eadem
710 4665 766 4713 et
810 4655 880 4712 de
921 4655 1119 4712 iisdem
1151 4654 1305 4725 loqui
1332 4654 1535 4726 saepius
1575 4655 1760 4727 cogis,
1795 4664 2057 4726 tanquam

460 4764 669 4805 eorum
699 4748 795 4820 qui
822 4748 878 4804 in
912 4748 1114 4804 eborea
1146 4746 1368 4813 ludunt,
1405 4748 1678 4803 sermonis
1701 4762 1927 4803 cursum
1951 4748 2059 4803 eir-

463 4839 896 4914 eumagentem?
948 4839 1103 4896 Scias
1148 4840 1366 4911 igitur,
1394 4839 1537 4895 scias
1587 4848 1643 4895 et
1691 4840 1915 4905 credas,
1946 4856 2057 4896 non

476 4934 656 4990 solum
699 4932 817 4988 fore
851 4940 912 4987 ut
946 4933 1099 4987 nulla
1131 4946 1191 4986 re
1226 4930 1468 5004 frangar,
1497 4942 1607 4987 non
1629 4932 1913 5001 cruciatu,
1946 4949 2059 4989 non

477 5027 671 5095 donis,
713 5041 826 5081 non
869 5025 1189 5091 blanditiis,
1235 5040 1345 5080 non
1389 5025 1589 5090 minis,
1629 5041 1809 5096 neque
1847 5027 1953 5081 alia
2000 5041 2058 5082 re

479 5121 588 5176 ulla
609 5157 627 5186 ,
662 5118 759 5175 sed
787 5127 849 5173 ut
878 5132 974 5173 eos
1005 5117 1195 5183 etiam,
1230 5117 1326 5188 qui
1359 5117 1471 5188 jam
1502 5125 1632 5172 sunt
1659 5119 1927 5187 superati,
1965 5128 2059 5174 aut

477 5219 675 5283 sponte
703 5211 758 5265 in
787 5222 1032 5265 errorem
1063 5206 1398 5271 inciderunt,
1425 5206 1623 5261 acerbe
1646 5204 1898 5271 deﬂeam,
1923 5215 1980 5259 et
2008 5215 2059 5261 te

477 5321 591 5376 prae
622 5301 836 5359 caeteris
880 5300 1184 5372 deplorem,
1222 5299 1317 5370 qui
1352 5315 1462 5355 non
1502 5299 1678 5354 solum
1718 5299 1815 5354 tibi
1848 5300 1948 5369 ipsi
1984 5298 2061 5353 sis

478 5396 638 5455 exitii
666 5410 833 5452 causa
854 5436 870 5463 ,
903 5394 1000 5451 sed
1032 5402 1090 5449 et
1127 5393 1264 5449 alios
1297 5392 1521 5463 plures,
1565 5394 1765 5471 partim
1807 5394 2058 5458 inducas,

445 5506 449 5510 '
476 5494 678 5561 partim
713 5502 877 5559 cogas
908 5485 1485 5557 invitos'impielatem
1518 5484 1831 5556 complecti.
1867 5484 2060 5541 Nescis

480 5582 625 5652 quod
654 5594 777 5651 quae
806 5595 839 5635 a
872 5578 1032 5634 vobis
1058 5577 1335 5641 coluntur,
1359 5593 1434 5635 aes
1459 5586 1608 5642 sunt,
1633 5578 1801 5649 ligna,
1826 5592 1889 5633 ac
1925 5577 2062 5649 lapi-

478 5674 599 5737 des,
619 5670 823 5740 quibus
844 5679 906 5724 ut
925 5668 1153 5723 materia
1177 5677 1339 5724 utens
1360 5668 1548 5733 homo,
1573 5668 1689 5740 ipse
1713 5670 1809 5724 Dei
1835 5669 2063 5741 ﬁgmen-

485 5771 623 5825 tum,
661 5760 764 5815 ista
796 5759 1087 5816 eﬂ‘ormat?
1118 5762 1406 5830 Quomodo
1435 5779 1565 5835 ergo
1599 5770 1784 5836 potest
1822 5780 1930 5820 non
1967 5764 2063 5821 ab-

2168 4472 2435 4542 τυράννου
2486 4474 2718 4547 καρδίας
2772 4475 2969 4549 ἐχώρει
3019 4477 3222 4549 τρόπον
3265 4480 3421 4544 τινὰ,
3470 4481 3566 4534 καὶ
3618 4481 3752 4552 πρὸς

2156 4565 2370 4636 μανίαν
2423 4565 2626 4637 μᾶλλον
2657 4568 2902 4639 ἠρέθιζε.
2934 4571 3067 4636 Καὶ,
3112 4572 3295 4644 Μέχρι
3339 4572 3483 4636 τίνος
3503 4613 3520 4638 ,
3552 4573 3706 4643 ἔλεγε
3731 4613 3749 4641 ,

2162 4659 2273 4722 τοῖς
2306 4658 2415 4712 τῶν
2461 4658 2727 4729 βασιλέων
2762 4663 3184 4734 προστάγμασιν
3215 4664 3313 4733 οὐχ
3352 4665 3615 4731 ὑπείξεις,
3654 4667 3752 4721 καὶ

2159 4747 2253 4815 οὓς
2281 4752 2436 4804 αὐτοὶ
2488 4752 2737 4807 σέὅονται
2784 4754 2973 4820 θεοὺς,
3011 4754 3107 4809 καὶ
3144 4754 3308 4819 αὐτὸς
3351 4757 3640 4827 τιμήσεις;
3687 4758 3749 4812 '0

2159 4841 2216 4894 δέ
2237 4858 2251 4873 ⁸
2281 4840 2348 4896 Τί
2387 4861 2456 4914 με
2484 4846 2553 4898 τά
2586 4845 2727 4900 αὐτά
2759 4848 2856 4900 καὶ
2900 4846 3030 4917 περὶ
3062 4846 3173 4902 τῶν
3204 4847 3385 4901 αὐτῶν
3413 4848 3747 4918 φθέγγεσθαι

2164 4932 2422 4999 πολλάκις
2473 4938 2936 5006 καταναγκάζεις,
2973 4937 3166 5010 ὥσπερ
3197 4940 3256 4993 ἐν
3286 4940 3479 5012 χορείᾳ.
3529 4941 3749 5006 παιζόν-

2159 5046 2298 5095 των,
2338 5030 2430 5083 τὺν
2459 5029 2554 5083 τοῦ
2597 5031 2755 5098 λόγου
2777 5032 2979 5101 δρόμον
3009 5031 3321 5099 ἑλίττοντα;
3357 5033 3499 5086 ἰσθι
3525 5050 3751 5105 τοιγαρ-

2161 5124 2280 5187 οῦν,
2312 5123 2419 5178 ίσθι
2451 5125 2547 5178 καὶ
2574 5124 2827 5187 πέπεισο,
2852 5124 2928 5187 ὡς
2963 5125 3024 5178 οὐ
3055 5126 3217 5196 μόνον
3247 5127 3348 5179 οὐκ
3375 5127 3440 5181 ἄν
3465 5143 3575 5180 τινι
3632 5144 3753 5198 χει-

2164 5214 2397 5286 ρωθείην
2428 5215 2535 5268 τῶν
2565 5214 2823 5271 ἀπάντων
2857 5215 2988 5284 ἐγὼ,
3025 5218 3086 5269 ού
3117 5220 3370 5289 ποιναῖς,
3398 5218 3461 5271 οῦ
3491 5218 3747 5290 δωρεαῖς,

2162 5307 2223 5361 ού
2273 5306 2570 5372 θωπείαις,
2608 5308 2709 5360 οὒκ
2760 5306 3054 5374 ἀπειλεῖς,
3105 5307 3228 5361 οὐδὲ
3261 5308 3354 5363 ,ἑνὶ
3388 5308 3590 5379 ἑτέρῳ·
3634 5308 3750 5363 ἀλλ’

2162 5400 2243 5453 ὅτι
2281 5400 2373 5452 καὶ
2416 5401 2542 5461 τοὺς
2580 5399 2681 5470 ἤδη
2714 5400 3181 5471 κεκρατημένους,
3217 5400 3255 5469 ἢ
3282 5401 3376 5453 καὶ
3410 5400 3750 5472 αὐθαιρέτως

2162 5495 2228 5563 τῇ
2260 5492 2436 5564 πλάνῃ
2473 5492 2892 5562 περιπεσόντας,
2926 5492 3142 5562 πικρῶς
3168 5492 3525 5565 ὀλοφύρομαι,
3559 5495 3655 5547 καὶ
3690 5491 3753 5546 σὲ

2167 5585 2369 5657 μᾶλλον
2402 5584 2509 5656 πρὸ
2537 5585 2645 5637 τῶν
2685 5584 2861 5639 ἄλλων
2912 5584 3127 5655 θρηνῶ,
3163 5586 3239 5657 μὴ
3270 5576 3433 5657 μόνον
3472 5585 3752 5650 ἀπωλείας

2166 5680 2339 5734 αῖτιον
2372 5678 2599 5731 σεαυτὸν
2627 5677 2690 5750 [ﬂ
2723 5678 2961 5755 σεαυτῷ]
2985 5680 3297 5749 γενόμενον,
3326 5679 3461 5733 ἀλλὰ
3490 5679 3583 5733 καὶ
3624 5680 3757 5731 πολ-

2135 5775 2292 5845 Job;
2327 5774 2583 5845 ἐτέρους,
2635 5773 2760 5837 τοὺς
2805 5773 2903 5843 μὲν
2944 5773 3323 5845 ἐπαγόμενον,
3369 5774 3494 5838 τοὺς
3539 5770 3594 5824 δὲ
3646 5772 3751 5826 καὶ
