  <div class='ocr_page' id='page_1' title='image "/cluster/home/n/w/nwhite01/storage/ocr_20150623/114:no.1/coo.31924054870187/512.png"; bbox 0 0 4138 6472; ppageno 0'>
   <div class='ocr_carea' id='block_1_1' title="bbox 442 438 3710 539">
    <p class='ocr_par' dir='ltr' id='par_1_1' title="bbox 442 438 3710 539">
     <span class='ocr_line' id='line_1_1' title="bbox 442 438 3710 539; baseline 0.001 -8"><span class='ocrx_word' id='word_1_1' title='bbox 442 462 579 533; x_wconf 70' lang='lat' dir='ltr'><strong>mo</strong></span> <span class='ocrx_word' id='word_1_2' title='bbox 1684 470 1856 532; x_wconf 77' lang='lat' dir='ltr'><strong>Vl&#39;l‘A</strong></span> <span class='ocrx_word' id='word_1_3' title='bbox 1897 472 1959 531; x_wconf 88' lang='lat' dir='ltr'><strong>s.</strong></span> <span class='ocrx_word' id='word_1_4' title='bbox 2002 472 2565 539; x_wconf 70' lang='lat' dir='ltr'><strong>XENOPHONTIS.</strong></span> <span class='ocrx_word' id='word_1_5' title='bbox 3570 438 3710 535; x_wconf 72' lang='lat' dir='ltr'><strong>ton)</strong></span> 
     </span>
    </p>
   </div>
   <div class='ocr_carea' id='block_1_2' title="bbox 434 582 2047 659">
    <p class='ocr_par' dir='ltr' id='par_1_2' title="bbox 434 582 2021 655">
     <span class='ocr_line' id='line_1_2' title="bbox 434 582 2021 655; baseline 0.001 -19"><span class='ocrx_word' id='word_1_6' title='bbox 434 582 671 644; x_wconf 71' lang='grc' dir='ltr'>ἄκοντας</span> <span class='ocrx_word' id='word_1_7' title='bbox 723 583 996 653; x_wconf 72' lang='grc' dir='ltr'>αἱρεῖσθαι</span> <span class='ocrx_word' id='word_1_8' title='bbox 1047 584 1153 655; x_wconf 77' lang='grc' dir='ltr'><strong>τὴν</strong></span> <span class='ocrx_word' id='word_1_9' title='bbox 1205 584 1465 638; x_wconf 73' lang='grc' dir='ltr'>ἀσέϐειαν</span> <span class='ocrx_word' id='word_1_10' title='bbox 1507 584 1852 655; x_wconf 76' lang='grc' dir='ltr'>βιαζόμενον.</span> <span class='ocrx_word' id='word_1_11' title='bbox 1906 584 2021 638; x_wconf 64' lang='grc' dir='ltr'>Οὔκ</span> 
     </span>
    </p>
   </div>
   <div class='ocr_carea' id='block_1_3' title="bbox 2147 582 3713 659">
    <p class='ocr_par' dir='ltr' id='par_1_3' title="bbox 2147 584 3713 659">
     <span class='ocr_line' id='line_1_3' title="bbox 2147 584 3713 659; baseline 0.002 -24"><span class='ocrx_word' id='word_1_12' title='bbox 2147 584 2354 639; x_wconf 81' lang='lat' dir='ltr'><strong>.urdnm</strong></span> <span class='ocrx_word' id='word_1_13' title='bbox 2392 587 2597 651; x_wconf 80' lang='lat' dir='ltr'><strong>videri,</strong></span> <span class='ocrx_word' id='word_1_14' title='bbox 2638 598 2696 643; x_wconf 87' lang='lat' dir='ltr'><strong>ut</strong></span> <span class='ocrx_word' id='word_1_15' title='bbox 2738 604 2876 657; x_wconf 82' lang='lat' dir='ltr'><strong>opus</strong></span> <span class='ocrx_word' id='word_1_16' title='bbox 2912 590 3027 659; x_wconf 77' lang='lat' dir='ltr'><strong>ipse</strong></span> <span class='ocrx_word' id='word_1_17' title='bbox 3055 604 3215 644; x_wconf 84' lang='lat' dir='ltr'><strong>suum</strong></span> <span class='ocrx_word' id='word_1_18' title='bbox 3260 587 3452 641; x_wconf 85' lang='lat' dir='ltr'><strong>adoret</strong></span> <span class='ocrx_word' id='word_1_19' title='bbox 3504 585 3713 654; x_wconf 68' lang='lat' dir='ltr'><strong>opifex.</strong></span> 
     </span>
    </p>
   </div>
   <div class='ocr_carea' id='block_1_4' title="bbox 435 671 2047 747">
    <p class='ocr_par' dir='ltr' id='par_1_4' title="bbox 435 671 2024 747">
     <span class='ocr_line' id='line_1_4' title="bbox 435 671 2024 747; baseline 0 -20"><span class='ocrx_word' id='word_1_20' title='bbox 435 671 615 741; x_wconf 80' lang='grc' dir='ltr'>οἶσθα,</span> <span class='ocrx_word' id='word_1_21' title='bbox 647 675 729 729; x_wconf 81' lang='grc' dir='ltr'>ὅτι</span> <span class='ocrx_word' id='word_1_22' title='bbox 762 677 830 730; x_wconf 72' lang='grc' dir='ltr'>τὰ</span> <span class='ocrx_word' id='word_1_23' title='bbox 859 678 990 747; x_wconf 83' lang='grc' dir='ltr'>παρ’</span> <span class='ocrx_word' id='word_1_24' title='bbox 1016 676 1171 747; x_wconf 79' lang='grc' dir='ltr'>ὑμῶν</span> <span class='ocrx_word' id='word_1_25' title='bbox 1228 676 1495 744; x_wconf 74' lang='grc' dir='ltr'>σεῦόμενα</span> <span class='ocrx_word' id='word_1_26' title='bbox 1532 675 1732 747; x_wconf 81' lang='grc' dir='ltr'>χαλκός</span> <span class='ocrx_word' id='word_1_27' title='bbox 1765 678 1892 736; x_wconf 76' lang='grc' dir='ltr'>εἱσι,</span> <span class='ocrx_word' id='word_1_28' title='bbox 1929 677 2024 728; x_wconf 76' lang='grc' dir='ltr'>καὶ</span> 
     </span>
    </p>
   </div>
   <div class='ocr_carea' id='block_1_5' title="bbox 2147 671 3716 747">
    <p class='ocr_par' dir='ltr' id='par_1_5' title="bbox 2147 676 3716 747">
     <span class='ocr_line' id='line_1_5' title="bbox 2147 676 3716 747; baseline -0.001 -19"><span class='ocrx_word' id='word_1_29' title='bbox 2147 685 2229 729; x_wconf 78' lang='grc' dir='ltr'><strong>ιυι</strong></span> <span class='ocrx_word' id='word_1_30' title='bbox 2278 676 2533 744; x_wconf 87' lang='lat' dir='ltr'><strong>quisnam</strong></span> <span class='ocrx_word' id='word_1_31' title='bbox 2586 679 2752 735; x_wconf 87' lang='lat' dir='ltr'><strong>homo</strong></span> <span class='ocrx_word' id='word_1_32' title='bbox 2801 697 2945 736; x_wconf 71' lang='lat' dir='ltr'><strong>sana:</strong></span> <span class='ocrx_word' id='word_1_33' title='bbox 3002 679 3203 733; x_wconf 85' lang='lat' dir='ltr'><strong>mentis</strong></span> <span class='ocrx_word' id='word_1_34' title='bbox 3246 676 3400 747; x_wconf 89' lang='lat' dir='ltr'><strong>operi</strong></span> <span class='ocrx_word' id='word_1_35' title='bbox 3452 687 3716 730; x_wconf 87' lang='lat' dir='ltr'><strong>manuum</strong></span> 
     </span>
    </p>
   </div>
   <div class='ocr_carea' id='block_1_6' title="bbox 437 760 2047 840">
    <p class='ocr_par' dir='ltr' id='par_1_6' title="bbox 437 764 2025 840">
     <span class='ocr_line' id='line_1_6' title="bbox 437 764 2025 840; baseline 0.001 -21"><span class='ocrx_word' id='word_1_36' title='bbox 437 765 610 832; x_wconf 82' lang='grc' dir='ltr'>ξύλα,</span> <span class='ocrx_word' id='word_1_37' title='bbox 657 768 754 821; x_wconf 71' lang='grc' dir='ltr'><strong>καλ⁸</strong></span> <span class='ocrx_word' id='word_1_38' title='bbox 787 767 960 832; x_wconf 79' lang='grc' dir='ltr'>λίθοι,</span> <span class='ocrx_word' id='word_1_39' title='bbox 997 764 1194 840; x_wconf 80' lang='grc' dir='ltr'>οἷσπερ</span> <span class='ocrx_word' id='word_1_40' title='bbox 1234 768 1311 830; x_wconf 81' lang='grc' dir='ltr'><strong>ὡς</strong></span> <span class='ocrx_word' id='word_1_41' title='bbox 1360 767 1459 840; x_wconf 80' lang='grc' dir='ltr'><strong>ὕλῃ</strong></span> <span class='ocrx_word' id='word_1_42' title='bbox 1509 766 1794 839; x_wconf 82' lang='grc' dir='ltr'>χρώμενος</span> <span class='ocrx_word' id='word_1_43' title='bbox 1843 767 1903 820; x_wconf 71' lang='grc' dir='ltr'>τδ</span> <span class='ocrx_word' id='word_1_44' title='bbox 1930 766 2025 820; x_wconf 84' lang='grc' dir='ltr'><strong>τοῦ</strong></span> 
     </span>
    </p>
   </div>
   <div class='ocr_carea' id='block_1_7' title="bbox 2147 760 3612 840">
    <p class='ocr_par' dir='ltr' id='par_1_7' title="bbox 2147 760 3612 835">
     <span class='ocr_line' id='line_1_7' title="bbox 2147 760 3612 835; baseline -0.001 -16"><span class='ocrx_word' id='word_1_45' title='bbox 2147 780 2361 819; x_wconf 75' lang='lat' dir='ltr'><strong>suarum</strong></span> <span class='ocrx_word' id='word_1_46' title='bbox 2390 767 2599 822; x_wconf 82' lang='lat' dir='ltr'><strong>cultum</strong></span> <span class='ocrx_word' id='word_1_47' title='bbox 2624 760 2904 829; x_wconf 80' lang='lat' dir='ltr'><strong>exhibeat.</strong></span> <span class='ocrx_word' id='word_1_48' title='bbox 2937 780 3032 824; x_wconf 87' lang='lat' dir='ltr'><strong>aut</strong></span> <span class='ocrx_word' id='word_1_49' title='bbox 3060 768 3201 823; x_wconf 85' lang='lat' dir='ltr'><strong>bona</strong></span> <span class='ocrx_word' id='word_1_50' title='bbox 3229 767 3298 822; x_wconf 89' lang='lat' dir='ltr'><strong>ab</strong></span> <span class='ocrx_word' id='word_1_51' title='bbox 3328 781 3394 821; x_wconf 92' lang='lat' dir='ltr'><strong>eo</strong></span> <span class='ocrx_word' id='word_1_52' title='bbox 3424 763 3612 835; x_wconf 79' lang='lat' dir='ltr'><strong>petat?</strong></span> 
     </span>
    </p>
   </div>
   <div class='ocr_carea' id='block_1_8' title="bbox 437 851 3713 931">
    <p class='ocr_par' dir='ltr' id='par_1_8' title="bbox 437 851 3713 931">
     <span class='ocr_line' id='line_1_8' title="bbox 437 851 3713 931; baseline -0.001 -19"><span class='ocrx_word' id='word_1_53' title='bbox 437 859 576 912; x_wconf 77' lang='grc' dir='ltr'>Θεοῦ</span> <span class='ocrx_word' id='word_1_54' title='bbox 629 859 857 930; x_wconf 82' lang='grc' dir='ltr'><strong>πλάσμα</strong></span> <span class='ocrx_word' id='word_1_55' title='bbox 901 861 930 913; x_wconf 85' lang='grc' dir='ltr'><strong>ό</strong></span> <span class='ocrx_word' id='word_1_56' title='bbox 965 858 1254 930; x_wconf 80' lang='grc' dir='ltr'>ἄνθρωπος</span> <span class='ocrx_word' id='word_1_57' title='bbox 1293 859 1468 913; x_wconf 82' lang='grc' dir='ltr'>ταῦτα</span> <span class='ocrx_word' id='word_1_58' title='bbox 1501 859 1862 931; x_wconf 84' lang='grc' dir='ltr'>δημιουργεῖ;</span> <span class='ocrx_word' id='word_1_59' title='bbox 1913 858 2036 922; x_wconf 85' lang='grc' dir='ltr'><strong>Πῶς</strong></span> <span class='ocrx_word' id='word_1_60' title='bbox 2071 851 2165 910; x_wconf 77' lang='grc' dir='ltr'>οὖν</span> <span class='ocrx_word' id='word_1_61' title='bbox 2195 858 2295 910; x_wconf 71' lang='grc' dir='ltr'>οἰκ</span> <span class='ocrx_word' id='word_1_62' title='bbox 2340 857 2542 912; x_wconf 79' lang='grc' dir='ltr'>ἄτοπον</span> <span class='ocrx_word' id='word_1_63' title='bbox 2606 862 2710 914; x_wconf 77' lang='grc' dir='ltr'><strong>ὑπὸ</strong></span> <span class='ocrx_word' id='word_1_64' title='bbox 2752 861 2846 914; x_wconf 79' lang='grc' dir='ltr'><strong>τοῦ</strong></span> <span class='ocrx_word' id='word_1_65' title='bbox 2905 858 3241 931; x_wconf 75' lang='grc' dir='ltr'><strong>δημιουργοῦ</strong></span> <span class='ocrx_word' id='word_1_66' title='bbox 3289 856 3713 930; x_wconf 76' lang='grc' dir='ltr'><strong>προσκυνεῖσθαι</strong></span> 
     </span>
    </p>
   </div>
   <div class='ocr_carea' id='block_1_9' title="bbox 436 947 3719 1025">
    <p class='ocr_par' dir='ltr' id='par_1_9' title="bbox 436 947 3719 1025">
     <span class='ocr_line' id='line_1_9' title="bbox 436 947 3719 1025; baseline -0.005 -18"><span class='ocrx_word' id='word_1_67' title='bbox 436 954 499 1007; x_wconf 76' lang='grc' dir='ltr'>τὸ</span> <span class='ocrx_word' id='word_1_68' title='bbox 525 950 1030 1025; x_wconf 78' lang='grc' dir='ltr'>δημιούργημα;ἢ</span> <span class='ocrx_word' id='word_1_69' title='bbox 1081 953 1163 1017; x_wconf 81' lang='grc' dir='ltr'><strong>τίς</strong></span> <span class='ocrx_word' id='word_1_70' title='bbox 1209 953 1276 1009; x_wconf 85' lang='grc' dir='ltr'>ἄν</span> <span class='ocrx_word' id='word_1_71' title='bbox 1346 972 1476 1009; x_wconf 88' lang='grc' dir='ltr'>ποτε</span> <span class='ocrx_word' id='word_1_72' title='bbox 1545 954 1742 1024; x_wconf 76' lang='grc' dir='ltr'>φρενὸς</span> <span class='ocrx_word' id='word_1_73' title='bbox 1819 951 2007 1020; x_wconf 81' lang='grc' dir='ltr'><strong>ὑγιοῦς</strong></span> <span class='ocrx_word' id='word_1_74' title='bbox 2064 947 2350 1020; x_wconf 79' lang='grc' dir='ltr'>ἄνθρωπος</span> <span class='ocrx_word' id='word_1_75' title='bbox 2425 951 2503 1022; x_wconf 84' lang='grc' dir='ltr'><strong>τῷ</strong></span> <span class='ocrx_word' id='word_1_76' title='bbox 2534 953 2642 1006; x_wconf 74' lang='grc' dir='ltr'><strong>τῶν</strong></span> <span class='ocrx_word' id='word_1_77' title='bbox 2693 953 2887 1007; x_wconf 78' lang='grc' dir='ltr'>ἑαυτοῦ</span> <span class='ocrx_word' id='word_1_78' title='bbox 2924 951 3123 1024; x_wconf 87' lang='grc' dir='ltr'>χειρῶν</span> <span class='ocrx_word' id='word_1_79' title='bbox 3167 952 3313 1022; x_wconf 70' lang='grc' dir='ltr'>ἔργῳ</span> <span class='ocrx_word' id='word_1_80' title='bbox 3369 949 3532 1012; x_wconf 75' lang='grc' dir='ltr'>σέϐας</span> <span class='ocrx_word' id='word_1_81' title='bbox 3579 950 3719 1003; x_wconf 75' lang='grc' dir='ltr'><strong>ἀπο-</strong></span> 
     </span>
    </p>
   </div>
   <div class='ocr_carea' id='block_1_10' title="bbox 438 1042 1782 1116">
    <p class='ocr_par' dir='ltr' id='par_1_10' title="bbox 438 1042 1782 1116">
     <span class='ocr_line' id='line_1_10' title="bbox 438 1042 1782 1116; baseline -0.002 -16"><span class='ocrx_word' id='word_1_82' title='bbox 438 1044 643 1115; x_wconf 75' lang='grc' dir='ltr'>νείμαι,</span> <span class='ocrx_word' id='word_1_83' title='bbox 666 1042 850 1098; x_wconf 75' lang='grc' dir='ltr'>καὶτὰ</span> <span class='ocrx_word' id='word_1_84' title='bbox 885 1044 1068 1114; x_wconf 76' lang='grc' dir='ltr'>ἀγαθὰ</span> <span class='ocrx_word' id='word_1_85' title='bbox 1099 1045 1228 1116; x_wconf 89' lang='grc' dir='ltr'>παρ’</span> <span class='ocrx_word' id='word_1_86' title='bbox 1256 1044 1422 1101; x_wconf 73' lang='grc' dir='ltr'>αὐτοῦ</span> <span class='ocrx_word' id='word_1_87' title='bbox 1451 1046 1737 1116; x_wconf 76' lang='grc' dir='ltr'><strong>αἰτήσαιτο</strong></span> <span class='ocrx_word' id='word_1_88' title='bbox 1766 1062 1782 1111; x_wconf 90' lang='lat'><strong>;</strong></span> 
     </span>
    </p>
   </div>
   <div class='ocr_carea' id='block_1_11' title="bbox 511 1135 2047 1210">
    <p class='ocr_par' dir='ltr' id='par_1_11' title="bbox 511 1135 2030 1210">
     <span class='ocr_line' id='line_1_11' title="bbox 511 1135 2030 1210; baseline -0.003 -18"><span class='ocrx_word' id='word_1_89' title='bbox 511 1135 590 1193; x_wconf 78' lang='lat'><strong>8&#39;.</strong></span> <span class='ocrx_word' id='word_1_90' title='bbox 622 1136 851 1202; x_wconf 82' lang='grc' dir='ltr'><strong>Τούτοις</strong></span> <span class='ocrx_word' id='word_1_91' title='bbox 880 1138 942 1192; x_wconf 73' lang='grc' dir='ltr'>τὸ</span> <span class='ocrx_word' id='word_1_92' title='bbox 979 1139 1080 1209; x_wconf 81' lang='grc' dir='ltr'><strong>τῆς</strong></span> <span class='ocrx_word' id='word_1_93' title='bbox 1128 1138 1289 1193; x_wconf 78' lang='grc' dir='ltr'>ἁπωλ</span> <span class='ocrx_word' id='word_1_94' title='bbox 1347 1156 1410 1203; x_wconf 60' lang='lat' dir='ltr'><strong>ac</strong></span> <span class='ocrx_word' id='word_1_95' title='bbox 1463 1137 1798 1210; x_wconf 82' lang='grc' dir='ltr'>ἀνδράποδον</span> <span class='ocrx_word' id='word_1_96' title='bbox 1844 1138 2030 1208; x_wconf 76' lang='grc' dir='ltr'>ἐπιχο-</span> 
     </span>
    </p>
   </div>
   <div class='ocr_carea' id='block_1_12' title="bbox 2147 1135 3719 1210">
    <p class='ocr_par' dir='ltr' id='par_1_12' title="bbox 2207 1135 3719 1209">
     <span class='ocr_line' id='line_1_12' title="bbox 2207 1135 3719 1209; baseline -0.001 -17"><span class='ocrx_word' id='word_1_97' title='bbox 2207 1139 2294 1193; x_wconf 72' lang='lat' dir='ltr'><strong>IX.</strong></span> <span class='ocrx_word' id='word_1_98' title='bbox 2340 1140 2434 1195; x_wconf 89' lang='lat' dir='ltr'><strong>llis</strong></span> <span class='ocrx_word' id='word_1_99' title='bbox 2470 1155 2662 1195; x_wconf 74' lang='lat' dir='ltr'><strong>servus</strong></span> <span class='ocrx_word' id='word_1_100' title='bbox 2694 1137 3042 1209; x_wconf 56' lang='lat' dir='ltr'><strong>perditionis;</strong></span> <span class='ocrx_word' id='word_1_101' title='bbox 3061 1135 3237 1206; x_wconf 81' lang='lat' dir='ltr'><strong>magis</strong></span> <span class='ocrx_word' id='word_1_102' title='bbox 3274 1135 3556 1199; x_wconf 85' lang='lat' dir='ltr'><strong>ell‘eratus,</strong></span> <span class='ocrx_word' id='word_1_103' title='bbox 3592 1150 3719 1191; x_wconf 86' lang='lat' dir='ltr'><strong>cum</strong></span> 
     </span>
    </p>
   </div>
   <div class='ocr_carea' id='block_1_13' title="bbox 438 1225 2047 1302">
    <p class='ocr_par' dir='ltr' id='par_1_13' title="bbox 438 1226 2031 1302">
     <span class='ocr_line' id='line_1_13' title="bbox 438 1226 2031 1302; baseline -0.004 -18"><span class='ocrx_word' id='word_1_104' title='bbox 438 1228 680 1302; x_wconf 80' lang='grc' dir='ltr'>λώτερος</span> <span class='ocrx_word' id='word_1_105' title='bbox 722 1228 1001 1298; x_wconf 87' lang='grc' dir='ltr'>γεγονὼς,</span> <span class='ocrx_word' id='word_1_106' title='bbox 1055 1230 1180 1283; x_wconf 76' lang='grc' dir='ltr'>ἐπεὶ</span> <span class='ocrx_word' id='word_1_107' title='bbox 1218 1229 1404 1284; x_wconf 77' lang='grc' dir='ltr'>τέλεον</span> <span class='ocrx_word' id='word_1_108' title='bbox 1453 1231 1688 1296; x_wconf 79' lang='grc' dir='ltr'>ἀπεῖπε,</span> <span class='ocrx_word' id='word_1_109' title='bbox 1729 1226 1819 1282; x_wconf 71' lang='grc' dir='ltr'><strong>διὰ</strong></span> <span class='ocrx_word' id='word_1_110' title='bbox 1853 1226 2031 1295; x_wconf 82' lang='grc' dir='ltr'>λόγων</span> 
     </span>
    </p>
   </div>
   <div class='ocr_carea' id='block_1_14' title="bbox 2147 1225 3764 1302">
    <p class='ocr_par' dir='ltr' id='par_1_14' title="bbox 2147 1225 3764 1291">
     <span class='ocr_line' id='line_1_14' title="bbox 2147 1225 3764 1291; baseline -0.004 -6"><span class='ocrx_word' id='word_1_111' title='bbox 2147 1247 2246 1286; x_wconf 79' lang='lat' dir='ltr'><strong>non</strong></span> <span class='ocrx_word' id='word_1_112' title='bbox 2296 1232 2504 1287; x_wconf 83' lang='lat' dir='ltr'><strong>valeret</strong></span> <span class='ocrx_word' id='word_1_113' title='bbox 2558 1232 2745 1287; x_wconf 77' lang='lat' dir='ltr'><strong>verbis</strong></span> <span class='ocrx_word' id='word_1_114' title='bbox 2787 1230 3054 1286; x_wconf 88' lang='lat' dir='ltr'><strong>adversus</strong></span> <span class='ocrx_word' id='word_1_115' title='bbox 3103 1228 3365 1283; x_wconf 72' lang='lat' dir='ltr'><strong>athletam</strong></span> <span class='ocrx_word' id='word_1_116' title='bbox 3413 1225 3719 1285; x_wconf 79' lang='lat' dir='ltr'><strong>decertare.</strong></span> <span class='ocrx_word' id='word_1_117' title='bbox 3758 1276 3764 1291; x_wconf 67' lang='grc'><strong>,</strong></span> 
     </span>
    </p>
   </div>
   <div class='ocr_carea' id='block_1_15' title="bbox 440 1302 2047 1392">
    <p class='ocr_par' dir='ltr' id='par_1_15' title="bbox 440 1316 2033 1391">
     <span class='ocr_line' id='line_1_15' title="bbox 440 1316 2033 1391; baseline -0.001 -20"><span class='ocrx_word' id='word_1_118' title='bbox 440 1321 579 1391; x_wconf 79' lang='grc' dir='ltr'><strong>πρὸς</strong></span> <span class='ocrx_word' id='word_1_119' title='bbox 627 1320 721 1374; x_wconf 78' lang='grc' dir='ltr'><strong>τὸν</strong></span> <span class='ocrx_word' id='word_1_120' title='bbox 765 1319 1004 1389; x_wconf 81' lang='grc' dir='ltr'>ἀθλητὴν</span> <span class='ocrx_word' id='word_1_121' title='bbox 1039 1319 1437 1388; x_wconf 76' lang='grc' dir='ltr'>ἀγωνίζεσθαι,</span> <span class='ocrx_word' id='word_1_122' title='bbox 1487 1320 1657 1384; x_wconf 80' lang='grc' dir='ltr'><strong>λίθοις</strong></span> <span class='ocrx_word' id='word_1_123' title='bbox 1700 1318 1866 1372; x_wconf 80' lang='grc' dir='ltr'>αὐτὸν</span> <span class='ocrx_word' id='word_1_124' title='bbox 1901 1316 2033 1388; x_wconf 79' lang='grc' dir='ltr'><strong>βάλ-</strong></span> 
     </span>
    </p>
   </div>
   <div class='ocr_carea' id='block_1_16' title="bbox 2147 1302 3763 1392">
    <p class='ocr_par' dir='ltr' id='par_1_16' title="bbox 2147 1302 3763 1392">
     <span class='ocr_line' id='line_1_16' title="bbox 2147 1302 3763 1392; baseline -0.003 -18"><span class='ocrx_word' id='word_1_125' title='bbox 2147 1322 2411 1391; x_wconf 87' lang='lat' dir='ltr'><strong>.apidibus</strong></span> <span class='ocrx_word' id='word_1_126' title='bbox 2435 1322 2616 1383; x_wconf 86' lang='lat' dir='ltr'><strong>obrui.</strong></span> <span class='ocrx_word' id='word_1_127' title='bbox 2644 1322 2877 1392; x_wconf 84' lang='lat' dir='ltr'><strong>ipsemet</strong></span> <span class='ocrx_word' id='word_1_128' title='bbox 2900 1321 3060 1390; x_wconf 85' lang='lat' dir='ltr'><strong>lapis,</strong></span> <span class='ocrx_word' id='word_1_129' title='bbox 3092 1334 3221 1374; x_wconf 88' lang='lat' dir='ltr'><strong>eum</strong></span> <span class='ocrx_word' id='word_1_130' title='bbox 3249 1326 3403 1373; x_wconf 71' lang='lat' dir='ltr'><strong>extra</strong></span> <span class='ocrx_word' id='word_1_131' title='bbox 3428 1317 3623 1372; x_wconf 88' lang='lat' dir='ltr'><strong>urbem</strong></span> <span class='ocrx_word' id='word_1_132' title='bbox 3653 1317 3721 1369; x_wconf 90' lang='lat' dir='ltr'><strong>ab</strong></span> <span class='ocrx_word' id='word_1_133' title='bbox 3757 1302 3763 1330; x_wconf 72' lang='grc'>³</span> 
     </span>
    </p>
   </div>
   <div class='ocr_carea' id='block_1_17' title="bbox 438 1406 2047 1486">
    <p class='ocr_par' dir='ltr' id='par_1_17' title="bbox 438 1406 2039 1480">
     <span class='ocr_line' id='line_1_17' title="bbox 438 1406 2039 1480; baseline -0.004 -15"><span class='ocrx_word' id='word_1_134' title='bbox 438 1412 554 1465; x_wconf 85' lang='grc' dir='ltr'>λειν</span> <span class='ocrx_word' id='word_1_135' title='bbox 586 1411 616 1464; x_wconf 77' lang='grc' dir='ltr'>ὁ</span> <span class='ocrx_word' id='word_1_136' title='bbox 661 1408 811 1473; x_wconf 81' lang='grc' dir='ltr'>λίθος</span> <span class='ocrx_word' id='word_1_137' title='bbox 853 1409 960 1477; x_wconf 75' lang='grc' dir='ltr'><strong>ἔξω</strong></span> <span class='ocrx_word' id='word_1_138' title='bbox 998 1409 1093 1463; x_wconf 83' lang='grc' dir='ltr'><strong>τοῦ</strong></span> <span class='ocrx_word' id='word_1_139' title='bbox 1129 1411 1339 1474; x_wconf 77' lang='grc' dir='ltr'>ἄστεως</span> <span class='ocrx_word' id='word_1_140' title='bbox 1369 1413 1482 1476; x_wconf 85' lang='grc' dir='ltr'><strong>τοῖς</strong></span> <span class='ocrx_word' id='word_1_141' title='bbox 1525 1408 1878 1480; x_wconf 68' lang='grc' dir='ltr'>ιαρεστῶσιν</span> <span class='ocrx_word' id='word_1_142' title='bbox 1908 1406 2039 1460; x_wconf 73' lang='grc' dir='ltr'><strong>ἐκέ-</strong></span> 
     </span>
    </p>
   </div>
   <div class='ocr_carea' id='block_1_18' title="bbox 2147 1406 3721 1486">
    <p class='ocr_par' dir='ltr' id='par_1_18' title="bbox 2147 1410 3721 1486">
     <span class='ocr_line' id='line_1_18' title="bbox 2147 1410 3721 1486; baseline -0.004 -18"><span class='ocrx_word' id='word_1_143' title='bbox 2147 1414 2443 1469; x_wconf 65' lang='lat' dir='ltr'><strong>astantibus</strong></span> <span class='ocrx_word' id='word_1_144' title='bbox 2483 1413 2660 1486; x_wconf 70' lang='lat' dir='ltr'><strong>jubet.</strong></span> <span class='ocrx_word' id='word_1_145' title='bbox 2706 1413 2759 1468; x_wconf 88' lang='lat' dir='ltr'><strong>Is</strong></span> <span class='ocrx_word' id='word_1_146' title='bbox 2793 1429 2925 1468; x_wconf 90' lang='lat' dir='ltr'><strong>vero</strong></span> <span class='ocrx_word' id='word_1_147' title='bbox 2967 1410 3063 1482; x_wconf 91' lang='lat' dir='ltr'><strong>qui</strong></span> <span class='ocrx_word' id='word_1_148' title='bbox 3108 1411 3235 1466; x_wconf 89' lang='lat' dir='ltr'><strong>talia</strong></span> <span class='ocrx_word' id='word_1_149' title='bbox 3269 1418 3389 1466; x_wconf 87' lang='lat' dir='ltr'><strong>erat</strong></span> <span class='ocrx_word' id='word_1_150' title='bbox 3436 1418 3721 1479; x_wconf 77' lang='lat' dir='ltr'><strong>paSSurus.</strong></span> 
     </span>
    </p>
   </div>
   <div class='ocr_carea' id='block_1_19' title="bbox 442 1499 2047 1575">
    <p class='ocr_par' dir='ltr' id='par_1_19' title="bbox 442 1499 2030 1573">
     <span class='ocr_line' id='line_1_19' title="bbox 442 1499 2030 1573; baseline -0.004 -15"><span class='ocrx_word' id='word_1_151' title='bbox 442 1504 626 1558; x_wconf 88' lang='grc' dir='ltr'>λευεν.</span> <span class='ocrx_word' id='word_1_152' title='bbox 677 1502 738 1555; x_wconf 88' lang='lat'><strong>&#39;0</strong></span> <span class='ocrx_word' id='word_1_153' title='bbox 774 1500 832 1555; x_wconf 82' lang='grc' dir='ltr'>δὲ</span> <span class='ocrx_word' id='word_1_154' title='bbox 862 1502 959 1555; x_wconf 72' lang='grc' dir='ltr'><strong>καλ⁵</strong></span> <span class='ocrx_word' id='word_1_155' title='bbox 998 1501 1228 1556; x_wconf 80' lang='grc' dir='ltr'>τοιαῦτα</span> <span class='ocrx_word' id='word_1_156' title='bbox 1265 1503 1478 1573; x_wconf 80' lang='grc' dir='ltr'><strong>μέλλων</strong></span> <span class='ocrx_word' id='word_1_157' title='bbox 1514 1501 1730 1566; x_wconf 77' lang='grc' dir='ltr'>παθεῖν,</span> <span class='ocrx_word' id='word_1_158' title='bbox 1766 1500 1889 1555; x_wconf 78' lang='grc' dir='ltr'>ἀντὶ</span> <span class='ocrx_word' id='word_1_159' title='bbox 1921 1499 2030 1553; x_wconf 88' lang='grc' dir='ltr'><strong>τῶν</strong></span> 
     </span>
    </p>
   </div>
   <div class='ocr_carea' id='block_1_20' title="bbox 2147 1499 3728 1575">
    <p class='ocr_par' dir='ltr' id='par_1_20' title="bbox 2147 1500 3728 1575">
     <span class='ocr_line' id='line_1_20' title="bbox 2147 1500 3728 1575; baseline -0.003 -16"><span class='ocrx_word' id='word_1_160' title='bbox 2147 1520 2238 1574; x_wconf 89' lang='lat' dir='ltr'><strong>pro</strong></span> <span class='ocrx_word' id='word_1_161' title='bbox 2272 1504 2552 1575; x_wconf 84' lang='lat' dir='ltr'><strong>lapidibus</strong></span> <span class='ocrx_word' id='word_1_162' title='bbox 2594 1504 2838 1575; x_wconf 82' lang='lat' dir='ltr'><strong>linguam</strong></span> <span class='ocrx_word' id='word_1_163' title='bbox 2883 1503 3035 1558; x_wconf 84' lang='lat' dir='ltr'><strong>misit</strong></span> <span class='ocrx_word' id='word_1_164' title='bbox 3085 1501 3142 1556; x_wconf 92' lang='lat' dir='ltr'><strong>in</strong></span> <span class='ocrx_word' id='word_1_165' title='bbox 3176 1517 3274 1558; x_wconf 88' lang='lat' dir='ltr'><strong>eos</strong></span> <span class='ocrx_word' id='word_1_166' title='bbox 3317 1500 3423 1571; x_wconf 63' lang='lat' dir='ltr'><strong>qui</strong></span> <span class='ocrx_word' id='word_1_167' title='bbox 3456 1516 3566 1555; x_wconf 90' lang='lat' dir='ltr'><strong>non</strong></span> <span class='ocrx_word' id='word_1_168' title='bbox 3595 1509 3728 1555; x_wconf 80' lang='lat' dir='ltr'><strong>sunt</strong></span> 
     </span>
    </p>
   </div>
   <div class='ocr_carea' id='block_1_21' title="bbox 448 1592 2047 1666">
    <p class='ocr_par' dir='ltr' id='par_1_21' title="bbox 448 1592 2027 1666">
     <span class='ocr_line' id='line_1_21' title="bbox 448 1592 2027 1666; baseline -0.001 -19"><span class='ocrx_word' id='word_1_169' title='bbox 448 1593 613 1647; x_wconf 82' lang='grc' dir='ltr'>λίθων</span> <span class='ocrx_word' id='word_1_170' title='bbox 665 1592 768 1664; x_wconf 81' lang='grc' dir='ltr'><strong>τὴν</strong></span> <span class='ocrx_word' id='word_1_171' title='bbox 822 1593 1072 1662; x_wconf 84' lang='grc' dir='ltr'>γλῶτταν</span> <span class='ocrx_word' id='word_1_172' title='bbox 1114 1596 1369 1666; x_wconf 75' lang='grc' dir='ltr'><strong>ἐπαφῆκε</strong></span> <span class='ocrx_word' id='word_1_173' title='bbox 1412 1597 1526 1658; x_wconf 82' lang='grc' dir='ltr'><strong>τοϊς</strong></span> <span class='ocrx_word' id='word_1_174' title='bbox 1570 1592 1648 1666; x_wconf 71' lang='grc' dir='ltr'>μὴ</span> <span class='ocrx_word' id='word_1_175' title='bbox 1691 1592 1812 1649; x_wconf 70' lang='grc' dir='ltr'>οὖσι</span> <span class='ocrx_word' id='word_1_176' title='bbox 1853 1592 2027 1657; x_wconf 80' lang='grc' dir='ltr'><strong>θεοῖς,</strong></span> 
     </span>
    </p>
   </div>
   <div class='ocr_carea' id='block_1_22' title="bbox 2147 1592 3723 1666">
    <p class='ocr_par' dir='ltr' id='par_1_22' title="bbox 2147 1592 3723 1665">
     <span class='ocr_line' id='line_1_22' title="bbox 2147 1592 3723 1665; baseline -0.001 -16"><span class='ocrx_word' id='word_1_177' title='bbox 2147 1594 2237 1659; x_wconf 82' lang='lat' dir='ltr'><strong>dii,</strong></span> <span class='ocrx_word' id='word_1_178' title='bbox 2267 1595 2496 1651; x_wconf 89' lang='lat' dir='ltr'><strong>dicens:</strong></span> <span class='ocrx_word' id='word_1_179' title='bbox 2523 1596 2606 1650; x_wconf 88' lang='lat' dir='ltr'><strong>Dii</strong></span> <span class='ocrx_word' id='word_1_180' title='bbox 2634 1596 2729 1665; x_wconf 91' lang='lat' dir='ltr'><strong>qui</strong></span> <span class='ocrx_word' id='word_1_181' title='bbox 2756 1595 3046 1652; x_wconf 73' lang='lat' dir='ltr'><strong>ctelumet</strong></span> <span class='ocrx_word' id='word_1_182' title='bbox 3074 1603 3278 1649; x_wconf 87' lang='lat' dir='ltr'><strong>terram</strong></span> <span class='ocrx_word' id='word_1_183' title='bbox 3315 1609 3426 1648; x_wconf 89' lang='lat' dir='ltr'><strong>non</strong></span> <span class='ocrx_word' id='word_1_184' title='bbox 3457 1592 3723 1649; x_wconf 82' lang='lat' dir='ltr'><strong>condide-</strong></span> 
     </span>
    </p>
   </div>
   <div class='ocr_carea' id='block_1_23' title="bbox 455 1683 2047 1765">
    <p class='ocr_par' dir='ltr' id='par_1_23' title="bbox 455 1683 2030 1765">
     <span class='ocr_line' id='line_1_23' title="bbox 455 1683 2030 1765; baseline -0.003 -25"><span class='ocrx_word' id='word_1_185' title='bbox 455 1684 580 1740; x_wconf 77' lang='grc' dir='ltr'><strong>Θεοὶ</strong></span> <span class='ocrx_word' id='word_1_186' title='bbox 602 1728 616 1752; x_wconf 90' lang='grc'><strong>,</strong></span> <span class='ocrx_word' id='word_1_187' title='bbox 648 1684 847 1753; x_wconf 80' lang='grc' dir='ltr'>λέγων,</span> <span class='ocrx_word' id='word_1_188' title='bbox 880 1684 929 1738; x_wconf 81' lang='grc' dir='ltr'><strong>οἳ</strong></span> <span class='ocrx_word' id='word_1_189' title='bbox 959 1683 1052 1739; x_wconf 80' lang='grc' dir='ltr'><strong>τὸν</strong></span> <span class='ocrx_word' id='word_1_190' title='bbox 1076 1686 1306 1758; x_wconf 77' lang='grc' dir='ltr'>οὐρανὸν</span> <span class='ocrx_word' id='word_1_191' title='bbox 1333 1687 1428 1743; x_wconf 72' lang='grc' dir='ltr'>καὶ</span> <span class='ocrx_word' id='word_1_192' title='bbox 1453 1686 1552 1760; x_wconf 83' lang='grc' dir='ltr'><strong>τὴν</strong></span> <span class='ocrx_word' id='word_1_193' title='bbox 1574 1687 1681 1765; x_wconf 76' lang='grc' dir='ltr'>γῆν</span> <span class='ocrx_word' id='word_1_194' title='bbox 1704 1685 1806 1740; x_wconf 72' lang='grc' dir='ltr'>οὐκ</span> <span class='ocrx_word' id='word_1_195' title='bbox 1840 1683 2030 1754; x_wconf 77' lang='grc' dir='ltr'><strong>ἐποίη-</strong></span> 
     </span>
    </p>
   </div>
   <div class='ocr_carea' id='block_1_24' title="bbox 2147 1683 3722 1765">
    <p class='ocr_par' dir='ltr' id='par_1_24' title="bbox 2147 1684 3722 1757">
     <span class='ocr_line' id='line_1_24' title="bbox 2147 1684 3722 1757; baseline -0.001 -18"><span class='ocrx_word' id='word_1_196' title='bbox 2147 1696 2306 1753; x_wconf 88' lang='lat' dir='ltr'><strong>runt,</strong></span> <span class='ocrx_word' id='word_1_197' title='bbox 2352 1693 2602 1757; x_wconf 84' lang='lat' dir='ltr'><strong>pereant.</strong></span> <span class='ocrx_word' id='word_1_198' title='bbox 2645 1685 2785 1743; x_wconf 90' lang='lat' dir='ltr'><strong>Cum</strong></span> <span class='ocrx_word' id='word_1_199' title='bbox 2833 1701 2965 1741; x_wconf 90' lang='lat' dir='ltr'><strong>vero</strong></span> <span class='ocrx_word' id='word_1_200' title='bbox 3012 1684 3080 1740; x_wconf 87' lang='lat' dir='ltr'><strong>ad</strong></span> <span class='ocrx_word' id='word_1_201' title='bbox 3124 1686 3309 1740; x_wconf 87' lang='lat' dir='ltr'><strong>locum</strong></span> <span class='ocrx_word' id='word_1_202' title='bbox 3356 1684 3722 1739; x_wconf 83' lang='lat' dir='ltr'><strong>constitutum</strong></span> 
     </span>
    </p>
   </div>
   <div class='ocr_carea' id='block_1_25' title="bbox 457 1773 2047 1849">
    <p class='ocr_par' dir='ltr' id='par_1_25' title="bbox 457 1773 2032 1848">
     <span class='ocr_line' id='line_1_25' title="bbox 457 1773 2032 1848; baseline -0.003 -17"><span class='ocrx_word' id='word_1_203' title='bbox 457 1793 575 1839; x_wconf 86' lang='grc' dir='ltr'>σαν,</span> <span class='ocrx_word' id='word_1_204' title='bbox 611 1775 1022 1833; x_wconf 81' lang='grc' dir='ltr'>ἀπολέσθωσαν.</span> <span class='ocrx_word' id='word_1_205' title='bbox 1075 1778 1164 1833; x_wconf 86' lang='grc' dir='ltr'>Ἐν</span> <span class='ocrx_word' id='word_1_206' title='bbox 1189 1777 1245 1831; x_wconf 81' lang='grc' dir='ltr'>δὲ</span> <span class='ocrx_word' id='word_1_207' title='bbox 1274 1777 1354 1848; x_wconf 81' lang='grc' dir='ltr'><strong>τῷ</strong></span> <span class='ocrx_word' id='word_1_208' title='bbox 1391 1774 1853 1848; x_wconf 56' lang='grc' dir='ltr'>προστεταγμένη)</span> <span class='ocrx_word' id='word_1_209' title='bbox 1881 1773 2032 1844; x_wconf 87' lang='grc' dir='ltr'>τόπῳ</span> 
     </span>
    </p>
   </div>
   <div class='ocr_carea' id='block_1_26' title="bbox 2147 1773 3726 1849">
    <p class='ocr_par' dir='ltr' id='par_1_26' title="bbox 2147 1775 3726 1848">
     <span class='ocr_line' id='line_1_26' title="bbox 2147 1775 3726 1848; baseline 0 -17"><span class='ocrx_word' id='word_1_210' title='bbox 2147 1779 2503 1848; x_wconf 82' lang='lat' dir='ltr'><strong>pervenisset,</strong></span> <span class='ocrx_word' id='word_1_211' title='bbox 2535 1794 2602 1835; x_wconf 89' lang='lat' dir='ltr'><strong>ac</strong></span> <span class='ocrx_word' id='word_1_212' title='bbox 2624 1781 2737 1848; x_wconf 86' lang='lat' dir='ltr'><strong>jam</strong></span> <span class='ocrx_word' id='word_1_213' title='bbox 2769 1778 3047 1848; x_wconf 87' lang='lat' dir='ltr'><strong>lapidibus</strong></span> <span class='ocrx_word' id='word_1_214' title='bbox 3080 1777 3433 1841; x_wconf 84' lang='lat' dir='ltr'><strong>obrueretur,</strong></span> <span class='ocrx_word' id='word_1_215' title='bbox 3468 1775 3726 1832; x_wconf 82' lang='lat' dir='ltr'><strong>manibus</strong></span> 
     </span>
    </p>
   </div>
   <div class='ocr_carea' id='block_1_27' title="bbox 448 1859 2047 1941">
    <p class='ocr_par' dir='ltr' id='par_1_27' title="bbox 448 1865 2034 1937">
     <span class='ocr_line' id='line_1_27' title="bbox 448 1865 2034 1937; baseline -0.001 -18"><span class='ocrx_word' id='word_1_216' title='bbox 448 1865 780 1936; x_wconf 76' lang='grc' dir='ltr'>γενόμενος,</span> <span class='ocrx_word' id='word_1_217' title='bbox 837 1865 934 1920; x_wconf 69' lang='grc' dir='ltr'><strong>καὶ</strong></span> <span class='ocrx_word' id='word_1_218' title='bbox 985 1868 1099 1930; x_wconf 73' lang='grc' dir='ltr'><strong>τοϊς</strong></span> <span class='ocrx_word' id='word_1_219' title='bbox 1145 1866 1319 1930; x_wconf 83' lang='grc' dir='ltr'><strong>λίθοις</strong></span> <span class='ocrx_word' id='word_1_220' title='bbox 1366 1865 1891 1937; x_wconf 76' lang='grc' dir='ltr'>καταχωννύμενος,</span> <span class='ocrx_word' id='word_1_221' title='bbox 1935 1865 2034 1929; x_wconf 82' lang='grc' dir='ltr'>τὰς</span> 
     </span>
    </p>
   </div>
   <div class='ocr_carea' id='block_1_28' title="bbox 2147 1859 3727 1941">
    <p class='ocr_par' dir='ltr' id='par_1_28' title="bbox 2147 1868 3727 1941">
     <span class='ocr_line' id='line_1_28' title="bbox 2147 1868 3727 1941; baseline -0.001 -17"><span class='ocrx_word' id='word_1_222' title='bbox 2147 1870 2193 1924; x_wconf 88' lang='lat' dir='ltr'><strong>in</strong></span> <span class='ocrx_word' id='word_1_223' title='bbox 2222 1870 2425 1925; x_wconf 65' lang='lat' dir='ltr'><strong>caelum</strong></span> <span class='ocrx_word' id='word_1_224' title='bbox 2460 1869 2726 1936; x_wconf 85' lang='lat' dir='ltr'><strong>elevatis;</strong></span> <span class='ocrx_word' id='word_1_225' title='bbox 2786 1868 2831 1925; x_wconf 89' lang='grc' dir='ltr'>Ο</span> <span class='ocrx_word' id='word_1_226' title='bbox 2880 1869 2995 1925; x_wconf 82' lang='lat' dir='ltr'><strong>Rex</strong></span> <span class='ocrx_word' id='word_1_227' title='bbox 3024 1884 3254 1941; x_wconf 86' lang='lat' dir='ltr'><strong>regum,</strong></span> <span class='ocrx_word' id='word_1_228' title='bbox 3290 1868 3505 1939; x_wconf 87' lang='lat' dir='ltr'><strong>inquit,</strong></span> <span class='ocrx_word' id='word_1_229' title='bbox 3531 1879 3588 1924; x_wconf 89' lang='lat' dir='ltr'><strong>et</strong></span> <span class='ocrx_word' id='word_1_230' title='bbox 3620 1868 3727 1923; x_wconf 87' lang='lat' dir='ltr'><strong>Do-</strong></span> 
     </span>
    </p>
   </div>
   <div class='ocr_carea' id='block_1_29' title="bbox 448 1955 2050 2035">
    <p class='ocr_par' dir='ltr' id='par_1_29' title="bbox 448 1955 2050 2035">
     <span class='ocr_line' id='line_1_29' title="bbox 448 1955 2050 2035; baseline -0.002 -21"><span class='ocrx_word' id='word_1_231' title='bbox 448 1961 640 2032; x_wconf 80' lang='grc' dir='ltr'>χεῖρας</span> <span class='ocrx_word' id='word_1_232' title='bbox 693 1958 980 2024; x_wconf 79' lang='grc' dir='ltr'><strong>ἀνατείνας</strong></span> <span class='ocrx_word' id='word_1_233' title='bbox 1036 1960 1117 2025; x_wconf 78' lang='grc' dir='ltr'>εἰς</span> <span class='ocrx_word' id='word_1_234' title='bbox 1167 1958 1443 2035; x_wconf 71' lang='grc' dir='ltr'>οὐρανὸν,</span> <span class='ocrx_word' id='word_1_235' title='bbox 1511 1959 1573 2014; x_wconf 86' lang='lat'><strong>&#39;0</strong></span> <span class='ocrx_word' id='word_1_236' title='bbox 1620 1956 1885 2022; x_wconf 79' lang='grc' dir='ltr'>Βασιλεὺς</span> <span class='ocrx_word' id='word_1_237' title='bbox 1924 1955 2050 2012; x_wconf 70' lang='grc' dir='ltr'>τῶν·</span> 
     </span>
    </p>
   </div>
   <div class='ocr_carea' id='block_1_30' title="bbox 450 2050 2035 2124">
    <p class='ocr_par' dir='ltr' id='par_1_30' title="bbox 450 2050 2035 2124">
     <span class='ocr_line' id='line_1_30' title="bbox 450 2050 2035 2124; baseline -0.001 -19"><span class='ocrx_word' id='word_1_238' title='bbox 450 2051 849 2123; x_wconf 79' lang='grc' dir='ltr'><strong>βασιλευόντων</strong></span> <span class='ocrx_word' id='word_1_239' title='bbox 875 2092 901 2116; x_wconf 72' lang='grc'><strong>,</strong></span> <span class='ocrx_word' id='word_1_240' title='bbox 922 2050 1058 2122; x_wconf 68' lang='grc' dir='ltr'>ἔφη,</span> <span class='ocrx_word' id='word_1_241' title='bbox 1097 2052 1193 2106; x_wconf 75' lang='grc' dir='ltr'>καὶ</span> <span class='ocrx_word' id='word_1_242' title='bbox 1240 2051 1449 2124; x_wconf 85' lang='grc' dir='ltr'>Κύριος</span> <span class='ocrx_word' id='word_1_243' title='bbox 1476 2051 1588 2107; x_wconf 88' lang='grc' dir='ltr'><strong>τῶν</strong></span> <span class='ocrx_word' id='word_1_244' title='bbox 1630 2052 2035 2123; x_wconf 82' lang='grc' dir='ltr'><strong>κυριευόντων,</strong></span> 
     </span>
    </p>
   </div>
   <div class='ocr_carea' id='block_1_31' title="bbox 448 2143 2037 2219">
    <p class='ocr_par' dir='ltr' id='par_1_31' title="bbox 448 2143 2037 2219">
     <span class='ocr_line' id='line_1_31' title="bbox 448 2143 2037 2219; baseline 0 -23"><span class='ocrx_word' id='word_1_245' title='bbox 448 2145 523 2209; x_wconf 84' lang='grc' dir='ltr'><strong>ὼς</strong></span> <span class='ocrx_word' id='word_1_246' title='bbox 546 2143 945 2216; x_wconf 80' lang='grc' dir='ltr'>εὐπρόσδεκτόν</span> <span class='ocrx_word' id='word_1_247' title='bbox 969 2161 1071 2215; x_wconf 88' lang='grc' dir='ltr'><strong>μου</strong></span> <span class='ocrx_word' id='word_1_248' title='bbox 1103 2144 1255 2211; x_wconf 80' lang='grc' dir='ltr'><strong>δέξαι</strong></span> <span class='ocrx_word' id='word_1_249' title='bbox 1275 2144 1471 2199; x_wconf 80' lang='grc' dir='ltr'>θυσίαν</span> <span class='ocrx_word' id='word_1_250' title='bbox 1494 2144 1592 2219; x_wconf 80' lang='grc' dir='ltr'>τὴν</span> <span class='ocrx_word' id='word_1_251' title='bbox 1622 2145 1712 2199; x_wconf 81' lang='grc' dir='ltr'>διὰ</span> <span class='ocrx_word' id='word_1_252' title='bbox 1741 2143 1850 2198; x_wconf 88' lang='grc' dir='ltr'><strong>τῶν</strong></span> <span class='ocrx_word' id='word_1_253' title='bbox 1873 2143 2037 2197; x_wconf 81' lang='grc' dir='ltr'>λίθων</span> 
     </span>
    </p>
   </div>
   <div class='ocr_carea' id='block_1_32' title="bbox 450 2234 2038 2308">
    <p class='ocr_par' dir='ltr' id='par_1_32' title="bbox 450 2234 2038 2308">
     <span class='ocr_line' id='line_1_32' title="bbox 450 2234 2038 2308; baseline -0.002 -17"><span class='ocrx_word' id='word_1_254' title='bbox 450 2234 656 2307; x_wconf 78' lang='grc' dir='ltr'>ταύτην</span> <span class='ocrx_word' id='word_1_255' title='bbox 708 2236 1013 2292; x_wconf 79' lang='grc' dir='ltr'>τελείωσιν.</span> <span class='ocrx_word' id='word_1_256' title='bbox 1061 2234 1279 2308; x_wconf 85' lang='grc' dir='ltr'>Ταύτην</span> <span class='ocrx_word' id='word_1_257' title='bbox 1325 2236 1488 2302; x_wconf 77' lang='grc' dir='ltr'>εὐθὺς</span> <span class='ocrx_word' id='word_1_258' title='bbox 1536 2237 1638 2308; x_wconf 84' lang='grc' dir='ltr'><strong>τὴν</strong></span> <span class='ocrx_word' id='word_1_259' title='bbox 1677 2237 1845 2308; x_wconf 82' lang='grc' dir='ltr'>εὐχὴν</span> <span class='ocrx_word' id='word_1_260' title='bbox 1882 2234 1934 2288; x_wconf 80' lang='grc' dir='ltr'><strong>οἱ</strong></span> <span class='ocrx_word' id='word_1_261' title='bbox 1973 2236 2038 2288; x_wconf 80' lang='grc' dir='ltr'>ὲκ</span> 
     </span>
    </p>
   </div>
   <div class='ocr_carea' id='block_1_33' title="bbox 454 2325 2041 2401">
    <p class='ocr_par' dir='ltr' id='par_1_33' title="bbox 454 2325 2041 2401">
     <span class='ocr_line' id='line_1_33' title="bbox 454 2325 2041 2401; baseline -0.004 -17"><span class='ocrx_word' id='word_1_262' title='bbox 454 2328 593 2384; x_wconf 80' lang='grc' dir='ltr'>Θεοῦ</span> <span class='ocrx_word' id='word_1_263' title='bbox 643 2328 900 2399; x_wconf 75' lang='grc' dir='ltr'>στέφανοι</span> <span class='ocrx_word' id='word_1_264' title='bbox 948 2328 1044 2383; x_wconf 75' lang='grc' dir='ltr'>καὶ</span> <span class='ocrx_word' id='word_1_265' title='bbox 1095 2330 1130 2400; x_wconf 76' lang='grc' dir='ltr'><strong>ἡ</strong></span> <span class='ocrx_word' id='word_1_266' title='bbox 1162 2329 1262 2399; x_wconf 80' lang='grc' dir='ltr'>τῆς</span> <span class='ocrx_word' id='word_1_267' title='bbox 1305 2329 1395 2384; x_wconf 71' lang='grc' dir='ltr'><strong>ἀεὶ</strong></span> <span class='ocrx_word' id='word_1_268' title='bbox 1445 2328 1716 2401; x_wconf 81' lang='grc' dir='ltr'><strong>μενούσης</strong></span> <span class='ocrx_word' id='word_1_269' title='bbox 1757 2325 2041 2399; x_wconf 79' lang='grc' dir='ltr'>βασιλείας</span> 
     </span>
    </p>
   </div>
   <div class='ocr_carea' id='block_1_34' title="bbox 455 2417 2053 2494">
    <p class='ocr_par' dir='ltr' id='par_1_34' title="bbox 455 2417 2053 2494">
     <span class='ocr_line' id='line_1_34' title="bbox 455 2417 2053 2494; baseline -0.003 -19"><span class='ocrx_word' id='word_1_270' title='bbox 455 2421 684 2492; x_wconf 81' lang='grc' dir='ltr'>κλῆσις,</span> <span class='ocrx_word' id='word_1_271' title='bbox 718 2421 794 2485; x_wconf 78' lang='grc' dir='ltr'>ὡς</span> <span class='ocrx_word' id='word_1_272' title='bbox 822 2421 884 2475; x_wconf 81' lang='grc' dir='ltr'><strong>τὸ</strong></span> <span class='ocrx_word' id='word_1_273' title='bbox 926 2420 1073 2484; x_wconf 76' lang='grc' dir='ltr'>εἰκὸς</span> <span class='ocrx_word' id='word_1_274' title='bbox 1093 2460 1109 2485; x_wconf 94' lang='grc'><strong>,</strong></span> <span class='ocrx_word' id='word_1_275' title='bbox 1151 2421 1487 2491; x_wconf 82' lang='grc' dir='ltr'>διεδέξαντο,</span> <span class='ocrx_word' id='word_1_276' title='bbox 1520 2420 1747 2494; x_wconf 77' lang='grc' dir='ltr'>πρώτην</span> <span class='ocrx_word' id='word_1_277' title='bbox 1777 2420 1897 2474; x_wconf 86' lang='grc' dir='ltr'>τότε</span> <span class='ocrx_word' id='word_1_278' title='bbox 1943 2417 2053 2473; x_wconf 65' lang='grc' dir='ltr'><strong>τοῦ</strong></span> 
     </span>
    </p>
   </div>
   <div class='ocr_carea' id='block_1_35' title="bbox 468 2513 1955 2587">
    <p class='ocr_par' dir='ltr' id='par_1_35' title="bbox 468 2513 1955 2587">
     <span class='ocr_line' id='line_1_35' title="bbox 468 2513 1955 2587; baseline 0.003 -20"><span class='ocrx_word' id='word_1_279' title='bbox 468 2513 803 2587; x_wconf 62' lang='grc' dir='ltr'>ὐκτωὸρζου</span> <span class='ocrx_word' id='word_1_280' title='bbox 838 2515 1008 2586; x_wconf 78' lang='grc' dir='ltr'>μηνὸς</span> <span class='ocrx_word' id='word_1_281' title='bbox 1040 2516 1290 2584; x_wconf 77' lang='grc' dir='ltr'>ἄγοντος.</span> <span class='ocrx_word' id='word_1_282' title='bbox 1950 2526 1955 2531; x_wconf 76' lang='grc'><em>’</em></span> 
     </span>
    </p>
   </div>
   <div class='ocr_carea' id='block_1_36' title="bbox 529 2605 2039 2680">
    <p class='ocr_par' dir='ltr' id='par_1_36' title="bbox 529 2605 2039 2680">
     <span class='ocr_line' id='line_1_36' title="bbox 529 2605 2039 2680; baseline 0.002 -20"><span class='ocrx_word' id='word_1_283' title='bbox 529 2605 589 2661; x_wconf 80' lang='grc' dir='ltr'><strong>ι’.</strong></span> <span class='ocrx_word' id='word_1_284' title='bbox 622 2607 697 2660; x_wconf 75' lang='grc' dir='ltr'><strong>Τὸ</strong></span> <span class='ocrx_word' id='word_1_285' title='bbox 733 2606 789 2661; x_wconf 74' lang='grc' dir='ltr'>δὲ</span> <span class='ocrx_word' id='word_1_286' title='bbox 826 2609 1166 2680; x_wconf 83' lang='grc' dir='ltr'>μαρτυρικδν</span> <span class='ocrx_word' id='word_1_287' title='bbox 1210 2609 1394 2680; x_wconf 89' lang='grc' dir='ltr'>σῶμα,</span> <span class='ocrx_word' id='word_1_288' title='bbox 1442 2608 1536 2664; x_wconf 72' lang='grc' dir='ltr'><strong>καὶ</strong></span> <span class='ocrx_word' id='word_1_289' title='bbox 1572 2608 1887 2680; x_wconf 78' lang='grc' dir='ltr'>φιλαλήθως</span> <span class='ocrx_word' id='word_1_290' title='bbox 1931 2626 2039 2679; x_wconf 88' lang='grc' dir='ltr'>μα-</span> 
     </span>
    </p>
   </div>
   <div class='ocr_carea' id='block_1_37' title="bbox 457 2698 2051 2773">
    <p class='ocr_par' dir='ltr' id='par_1_37' title="bbox 457 2698 2051 2773">
     <span class='ocr_line' id='line_1_37' title="bbox 457 2698 2051 2773; baseline 0.001 -20"><span class='ocrx_word' id='word_1_291' title='bbox 457 2705 653 2771; x_wconf 78' lang='grc' dir='ltr'>κάριον</span> <span class='ocrx_word' id='word_1_292' title='bbox 674 2738 694 2764; x_wconf 93' lang='grc'><strong>,</strong></span> <span class='ocrx_word' id='word_1_293' title='bbox 746 2698 858 2753; x_wconf 79' lang='grc' dir='ltr'><strong>τῶν</strong></span> <span class='ocrx_word' id='word_1_294' title='bbox 901 2700 1069 2754; x_wconf 78' lang='grc' dir='ltr'>αὐτοῦ</span> <span class='ocrx_word' id='word_1_295' title='bbox 1106 2700 1531 2773; x_wconf 80' lang='grc' dir='ltr'>φιλομαρτύρων</span> <span class='ocrx_word' id='word_1_296' title='bbox 1576 2700 1758 2765; x_wconf 77' lang='grc' dir='ltr'>τινὲς.</span> <span class='ocrx_word' id='word_1_297' title='bbox 1811 2701 1949 2772; x_wconf 81' lang='grc' dir='ltr'>μετὰ</span> <span class='ocrx_word' id='word_1_298' title='bbox 1982 2702 2051 2755; x_wconf 75' lang='grc' dir='ltr'><strong>τὸ·</strong></span> 
     </span>
    </p>
   </div>
   <div class='ocr_carea' id='block_1_38' title="bbox 460 2784 2044 2863">
    <p class='ocr_par' dir='ltr' id='par_1_38' title="bbox 460 2784 2044 2863">
     <span class='ocr_line' id='line_1_38' title="bbox 460 2784 2044 2863; baseline -0.001 -20"><span class='ocrx_word' id='word_1_299' title='bbox 460 2784 588 2853; x_wconf 59' lang='grc' dir='ltr'>τοὺς</span> <span class='ocrx_word' id='word_1_300' title='bbox 604 2789 829 2861; x_wconf 74' lang='grc' dir='ltr'>δημίους</span> <span class='ocrx_word' id='word_1_301' title='bbox 853 2789 1039 2843; x_wconf 70' lang='grc' dir='ltr'>οἴκαδε</span> <span class='ocrx_word' id='word_1_302' title='bbox 1063 2791 1434 2863; x_wconf 73' lang='grc' dir='ltr'>ἀναστρέψαι,</span> <span class='ocrx_word' id='word_1_303' title='bbox 1466 2789 1740 2862; x_wconf 83' lang='grc' dir='ltr'>λαμπρῶς</span> <span class='ocrx_word' id='word_1_304' title='bbox 1768 2806 1827 2842; x_wconf 87' lang='grc' dir='ltr'>τε</span> <span class='ocrx_word' id='word_1_305' title='bbox 1858 2788 2044 2842; x_wconf 81' lang='grc' dir='ltr'>ἁνελόο</span> 
     </span>
    </p>
   </div>
   <div class='ocr_carea' id='block_1_39' title="bbox 469 2871 2049 2954">
    <p class='ocr_par' dir='ltr' id='par_1_39' title="bbox 469 2871 2049 2954">
     <span class='ocr_line' id='line_1_39' title="bbox 469 2871 2049 2954; baseline -0.001 -19"><span class='ocrx_word' id='word_1_306' title='bbox 469 2899 654 2953; x_wconf 83' lang='grc' dir='ltr'>μενοι,</span> <span class='ocrx_word' id='word_1_307' title='bbox 685 2881 783 2938; x_wconf 69' lang='grc' dir='ltr'>καὶ</span> <span class='ocrx_word' id='word_1_308' title='bbox 811 2881 1177 2954; x_wconf 79' lang='grc' dir='ltr'>Ααμπρότατα</span> <span class='ocrx_word' id='word_1_309' title='bbox 1220 2882 1643 2954; x_wconf 73' lang='grc' dir='ltr'>περιϐαλόντες,</span> <span class='ocrx_word' id='word_1_310' title='bbox 1672 2883 1731 2935; x_wconf 82' lang='grc' dir='ltr'>ὲν</span> <span class='ocrx_word' id='word_1_311' title='bbox 1755 2883 1822 2953; x_wconf 75' lang='grc' dir='ltr'><strong>τῇ</strong></span> <span class='ocrx_word' id='word_1_312' title='bbox 1864 2871 2049 2951; x_wconf 83' lang='grc' dir='ltr'>Δαμα-</span> 
     </span>
    </p>
   </div>
   <div class='ocr_carea' id='block_1_40' title="bbox 466 2972 2047 3046">
    <p class='ocr_par' dir='ltr' id='par_1_40' title="bbox 466 2972 2047 3046">
     <span class='ocr_line' id='line_1_40' title="bbox 466 2972 2047 3046; baseline -0.002 -17"><span class='ocrx_word' id='word_1_313' title='bbox 466 2973 682 3045; x_wconf 77' lang='grc' dir='ltr'>σκηνῶν</span> <span class='ocrx_word' id='word_1_314' title='bbox 709 2974 1010 3043; x_wconf 79' lang='grc' dir='ltr'>κατάγεται</span> <span class='ocrx_word' id='word_1_315' title='bbox 1039 2972 1131 3028; x_wconf 66' lang='grc' dir='ltr'><strong>τὸν</strong></span> <span class='ocrx_word' id='word_1_316' title='bbox 1161 2974 1416 3046; x_wconf 81' lang='grc' dir='ltr'>πατρῷον</span> <span class='ocrx_word' id='word_1_317' title='bbox 1456 2973 1627 3029; x_wconf 77' lang='grc' dir='ltr'>αὑτοῦ</span> <span class='ocrx_word' id='word_1_318' title='bbox 1679 2974 1884 3046; x_wconf 78' lang='grc' dir='ltr'>κλῆρον</span> <span class='ocrx_word' id='word_1_319' title='bbox 1913 2990 2047 3027; x_wconf 83' lang='grc' dir='ltr'>κατ-</span> 
     </span>
    </p>
   </div>
   <div class='ocr_carea' id='block_1_41' title="bbox 462 3062 2045 3136">
    <p class='ocr_par' dir='ltr' id='par_1_41' title="bbox 462 3062 2045 3136">
     <span class='ocr_line' id='line_1_41' title="bbox 462 3062 2045 3136; baseline -0.002 -17"><span class='ocrx_word' id='word_1_320' title='bbox 462 3064 680 3129; x_wconf 62' lang='grc' dir='ltr'>ἔθεσαν,</span> <span class='ocrx_word' id='word_1_321' title='bbox 726 3064 808 3129; x_wconf 72' lang='grc' dir='ltr'>εἰς</span> <span class='ocrx_word' id='word_1_322' title='bbox 829 3062 988 3128; x_wconf 83' lang='grc' dir='ltr'>δόξαν</span> <span class='ocrx_word' id='word_1_323' title='bbox 1016 3064 1248 3136; x_wconf 84' lang='grc' dir='ltr'>Πατρὸς,</span> <span class='ocrx_word' id='word_1_324' title='bbox 1284 3064 1439 3133; x_wconf 78' lang='grc' dir='ltr'><strong>Υἱοῦ,</strong></span> <span class='ocrx_word' id='word_1_325' title='bbox 1475 3065 1569 3118; x_wconf 72' lang='grc' dir='ltr'><strong>καὶ</strong></span> <span class='ocrx_word' id='word_1_326' title='bbox 1602 3064 1759 3134; x_wconf 79' lang='grc' dir='ltr'>ἁγίου</span> <span class='ocrx_word' id='word_1_327' title='bbox 1790 3062 2045 3133; x_wconf 83' lang='grc' dir='ltr'>Πνεύμα-</span> 
     </span>
    </p>
   </div>
   <div class='ocr_carea' id='block_1_42' title="bbox 466 3151 2055 3231">
    <p class='ocr_par' dir='ltr' id='par_1_42' title="bbox 466 3151 2055 3231">
     <span class='ocr_line' id='line_1_42' title="bbox 466 3151 2055 3231; baseline 0 -21"><span class='ocrx_word' id='word_1_328' title='bbox 466 3173 582 3223; x_wconf 86' lang='grc' dir='ltr'>τος,</span> <span class='ocrx_word' id='word_1_329' title='bbox 637 3155 737 3228; x_wconf 83' lang='grc' dir='ltr'>τῆς</span> <span class='ocrx_word' id='word_1_330' title='bbox 775 3157 907 3227; x_wconf 78' lang='grc' dir='ltr'>μιᾶς</span> <span class='ocrx_word' id='word_1_331' title='bbox 954 3158 1053 3214; x_wconf 73' lang='grc' dir='ltr'>καὶ</span> <span class='ocrx_word' id='word_1_332' title='bbox 1086 3157 1394 3230; x_wconf 77' lang='grc' dir='ltr'>ἀχωρίστου</span> <span class='ocrx_word' id='word_1_333' title='bbox 1439 3158 1708 3230; x_wconf 84' lang='grc' dir='ltr'>Τριάδος·</span> <span class='ocrx_word' id='word_1_334' title='bbox 1847 3158 2055 3228; x_wconf 55' lang='grc' dir='ltr'>πρέπειν</span> 
     </span>
    </p>
   </div>
   <div class='ocr_carea' id='block_1_43' title="bbox 465 3249 912 3321">
    <p class='ocr_par' dir='ltr' id='par_1_43' title="bbox 465 3249 912 3321">
     <span class='ocr_line' id='line_1_43' title="bbox 465 3249 912 3321; baseline -0.007 -17"><span class='ocrx_word' id='word_1_335' title='bbox 465 3249 601 3321; x_wconf 79' lang='grc' dir='ltr'>τιμὴ</span> <span class='ocrx_word' id='word_1_336' title='bbox 622 3288 637 3312; x_wconf 88' lang='grc'><strong>,</strong></span> <span class='ocrx_word' id='word_1_337' title='bbox 680 3249 883 3319; x_wconf 83' lang='grc' dir='ltr'>κράτος</span> <span class='ocrx_word' id='word_1_338' title='bbox 897 3291 912 3313; x_wconf 88' lang='grc'><strong>,</strong></span> 
     </span>
    </p>
   </div>
   <div class='ocr_carea' id='block_1_44' title="bbox 468 3340 1322 3416">
    <p class='ocr_par' dir='ltr' id='par_1_44' title="bbox 468 3340 1322 3416">
     <span class='ocr_line' id='line_1_44' title="bbox 468 3340 1322 3416; baseline 0.004 -20"><span class='ocrx_word' id='word_1_339' title='bbox 468 3341 673 3407; x_wconf 71' lang='grc' dir='ltr'>αἰῶνας</span> <span class='ocrx_word' id='word_1_340' title='bbox 702 3340 810 3395; x_wconf 89' lang='grc' dir='ltr'><strong>τῶν</strong></span> <span class='ocrx_word' id='word_1_341' title='bbox 844 3343 1080 3397; x_wconf 68' lang='grc' dir='ltr'>αἰώνων.</span> <span class='ocrx_word' id='word_1_342' title='bbox 1127 3343 1322 3416; x_wconf 73' lang='grc' dir='ltr'>Ἀμήν.</span> 
     </span>
    </p>
   </div>
   <div class='ocr_carea' id='block_1_45' title="bbox 544 3524 2058 3608">
    <p class='ocr_par' dir='ltr' id='par_1_45' title="bbox 544 3524 2058 3608">
     <span class='ocr_line' id='line_1_45' title="bbox 544 3524 2058 3608; baseline 0.001 -27"><span class='ocrx_word' id='word_1_343' title='bbox 652 3525 1023 3608; x_wconf 41' lang='lat' dir='ltr'><strong>Quaresm’ius.</strong></span> <span class='ocrx_word' id='word_1_344' title='bbox 1050 3524 1280 3608; x_wconf 27' lang='lat' dir='ltr'><strong>libavit,</strong></span> <span class='ocrx_word' id='word_1_345' title='bbox 1311 3526 1688 3608; x_wconf 35' lang='lat' dir='ltr'><strong>peregrinaﬁ,</strong></span> <span class='ocrx_word' id='word_1_346' title='bbox 1727 3542 1848 3597; x_wconf 85' lang='lat' dir='ltr'><strong>cap.</strong></span> <span class='ocrx_word' id='word_1_347' title='bbox 1892 3525 1947 3593; x_wconf 71' lang='grc'>4,</span> <span class='ocrx_word' id='word_1_348' title='bbox 1978 3527 2058 3608; x_wconf 80' lang='lat' dir='ltr'><strong>ait</strong></span> 
     </span>
    </p>
   </div>
   <div class='ocr_carea' id='block_1_46' title="bbox 475 3596 2058 3669">
    <p class='ocr_par' dir='ltr' id='par_1_46' title="bbox 475 3596 2058 3669">
     <span class='ocr_line' id='line_1_46' title="bbox 475 3596 2058 3669; baseline 0.002 -20"><span class='ocrx_word' id='word_1_349' title='bbox 475 3596 618 3650; x_wconf 88' lang='lat' dir='ltr'><strong>tradi</strong></span> <span class='ocrx_word' id='word_1_350' title='bbox 647 3612 677 3652; x_wconf 89' lang='lat' dir='ltr'><strong>a</strong></span> <span class='ocrx_word' id='word_1_351' title='bbox 703 3596 877 3669; x_wconf 81' lang='lat' dir='ltr'><strong>Syris,</strong></span> <span class='ocrx_word' id='word_1_352' title='bbox 912 3596 970 3652; x_wconf 91' lang='lat' dir='ltr'><strong>S.</strong></span> <span class='ocrx_word' id='word_1_353' title='bbox 995 3596 1760 3669; x_wconf 46' lang='lat' dir='ltr'><strong>Ananiarcorpus&#39;sepultum</strong></span> <span class='ocrx_word' id='word_1_354' title='bbox 1788 3596 1932 3669; x_wconf 71' lang='lat' dir='ltr'><strong>esse,</strong></span> <span class='ocrx_word' id='word_1_355' title='bbox 1961 3606 2058 3665; x_wconf 81' lang='lat' dir='ltr'><strong>aut</strong></span> 
     </span>
    </p>
   </div>
   <div class='ocr_carea' id='block_1_47' title="bbox 474 3666 2057 3738">
    <p class='ocr_par' dir='ltr' id='par_1_47' title="bbox 474 3666 2057 3738">
     <span class='ocr_line' id='line_1_47' title="bbox 474 3666 2057 3738; baseline 0.003 -19"><span class='ocrx_word' id='word_1_356' title='bbox 474 3675 627 3723; x_wconf 88' lang='lat' dir='ltr'><strong>certe</strong></span> <span class='ocrx_word' id='word_1_357' title='bbox 656 3666 1002 3738; x_wconf 82' lang='lat' dir='ltr'><strong>translatum,</strong></span> <span class='ocrx_word' id='word_1_358' title='bbox 1049 3667 1117 3738; x_wconf 83' lang='lat' dir='ltr'><strong>ad</strong></span> <span class='ocrx_word' id='word_1_359' title='bbox 1158 3666 1401 3738; x_wconf 81' lang='lat' dir='ltr'><strong>nobilem</strong></span> <span class='ocrx_word' id='word_1_360' title='bbox 1453 3667 1764 3738; x_wconf 75' lang='lat' dir='ltr'><strong>ecclesiam,</strong></span> <span class='ocrx_word' id='word_1_361' title='bbox 1802 3667 1860 3722; x_wconf 87' lang='lat' dir='ltr'><strong>i&#39;n</strong></span> <span class='ocrx_word' id='word_1_362' title='bbox 1892 3683 2057 3738; x_wconf 86' lang='lat' dir='ltr'><strong>quam</strong></span> 
     </span>
    </p>
   </div>
   <div class='ocr_carea' id='block_1_48' title="bbox 477 3736 2059 3823">
    <p class='ocr_par' dir='ltr' id='par_1_48' title="bbox 477 3736 2059 3823">
     <span class='ocr_line' id='line_1_48' title="bbox 477 3736 2059 3823; baseline 0.001 -32"><span class='ocrx_word' id='word_1_363' title='bbox 477 3747 687 3795; x_wconf 73' lang='lat' dir='ltr'><strong>mutata</strong></span> <span class='ocrx_word' id='word_1_364' title='bbox 718 3748 805 3796; x_wconf 89' lang='lat' dir='ltr'><strong>est</strong></span> <span class='ocrx_word' id='word_1_365' title='bbox 839 3737 1037 3795; x_wconf 80' lang='lat' dir='ltr'><strong>domus</strong></span> <span class='ocrx_word' id='word_1_366' title='bbox 1079 3737 1256 3804; x_wconf 66' lang='lat' dir='ltr'><strong>Iudae,</strong></span> <span class='ocrx_word' id='word_1_367' title='bbox 1288 3737 1530 3809; x_wconf 85' lang='lat' dir='ltr'><strong>primum</strong></span> <span class='ocrx_word' id='word_1_368' title='bbox 1588 3736 1646 3794; x_wconf 83' lang='lat' dir='ltr'><strong>S~.</strong></span> <span class='ocrx_word' id='word_1_369' title='bbox 1675 3737 1829 3823; x_wconf 72' lang='lat' dir='ltr'><strong>Pauli</strong></span> <span class='ocrx_word' id='word_1_370' title='bbox 1866 3736 2059 3809; x_wconf 83' lang='lat' dir='ltr'><strong>hospi-</strong></span> 
     </span>
    </p>
   </div>
   <div class='ocr_carea' id='block_1_49' title="bbox 973 3236 2117 3322">
    <p class='ocr_par' dir='ltr' id='par_1_49' title="bbox 973 3236 2117 3322">
     <span class='ocr_line' id='line_1_49' title="bbox 973 3236 2117 3322; baseline 0.003 -20"><span class='ocrx_word' id='word_1_371' title='bbox 973 3251 1422 3322; x_wconf 79' lang='grc' dir='ltr'>μεγαλοπρέπεια</span> <span class='ocrx_word' id='word_1_372' title='bbox 1447 3291 1462 3318; x_wconf 96' lang='grc'><strong>,</strong></span> <span class='ocrx_word' id='word_1_373' title='bbox 1514 3250 1613 3306; x_wconf 82' lang='grc' dir='ltr'>νῦν</span> <span class='ocrx_word' id='word_1_374' title='bbox 1651 3249 1747 3305; x_wconf 74' lang='grc' dir='ltr'>καὶ</span> <span class='ocrx_word' id='word_1_375' title='bbox 1791 3252 1874 3314; x_wconf 78' lang='grc' dir='ltr'>εἰς</span> <span class='ocrx_word' id='word_1_376' title='bbox 1919 3251 2048 3314; x_wconf 82' lang='grc' dir='ltr'>τοὺς</span> <span class='ocrx_word' id='word_1_377' title='bbox 2075 3236 2117 3294; x_wconf 76' lang='lat' dir='ltr'><strong><em>C</em></strong></span> 
     </span>
    </p>
   </div>
   <div class='ocr_carea' id='block_1_50' title="bbox 2139 1960 3732 2032">
    <p class='ocr_par' dir='ltr' id='par_1_50' title="bbox 2139 1960 3732 2032">
     <span class='ocr_line' id='line_1_50' title="bbox 2139 1960 3732 2032; baseline -0.002 -15"><span class='ocrx_word' id='word_1_378' title='bbox 2139 1961 2288 2017; x_wconf 85' lang='lat' dir='ltr'><strong>mine</strong></span> <span class='ocrx_word' id='word_1_379' title='bbox 2317 1961 2753 2028; x_wconf 85' lang='lat' dir='ltr'><strong>dominantium,</strong></span> <span class='ocrx_word' id='word_1_380' title='bbox 2788 1962 3007 2032; x_wconf 84' lang='lat' dir='ltr'><strong>suscipe</strong></span> <span class='ocrx_word' id='word_1_381' title='bbox 3039 1961 3144 2016; x_wconf 85' lang='lat' dir='ltr'><strong>hoc</strong></span> <span class='ocrx_word' id='word_1_382' title='bbox 3181 1960 3522 2031; x_wconf 85' lang='lat' dir='ltr'><strong>acceptabile</strong></span> <span class='ocrx_word' id='word_1_383' title='bbox 3552 1960 3732 2015; x_wconf 82' lang='lat' dir='ltr'><strong>sacri-</strong></span> 
     </span>
    </p>
   </div>
   <div class='ocr_carea' id='block_1_51' title="bbox 2141 2051 3723 2124">
    <p class='ocr_par' dir='ltr' id='par_1_51' title="bbox 2141 2051 3723 2124">
     <span class='ocr_line' id='line_1_51' title="bbox 2141 2051 3723 2124; baseline -0.003 -15"><span class='ocrx_word' id='word_1_384' title='bbox 2141 2054 2350 2122; x_wconf 82' lang='lat' dir='ltr'><strong>ﬁcium,</strong></span> <span class='ocrx_word' id='word_1_385' title='bbox 2385 2069 2564 2109; x_wconf 85' lang='lat' dir='ltr'><strong>meam</strong></span> <span class='ocrx_word' id='word_1_386' title='bbox 2600 2053 2746 2108; x_wconf 87' lang='lat' dir='ltr'><strong>hanc</strong></span> <span class='ocrx_word' id='word_1_387' title='bbox 2787 2068 2884 2123; x_wconf 89' lang='lat' dir='ltr'><strong>per</strong></span> <span class='ocrx_word' id='word_1_388' title='bbox 2922 2052 3134 2124; x_wconf 85' lang='lat' dir='ltr'><strong>lapides</strong></span> <span class='ocrx_word' id='word_1_389' title='bbox 3167 2051 3723 2107; x_wconf 84' lang='lat' dir='ltr'><strong>consummationem.</strong></span> 
     </span>
    </p>
   </div>
   <div class='ocr_carea' id='block_1_52' title="bbox 2139 2144 3725 2217">
    <p class='ocr_par' dir='ltr' id='par_1_52' title="bbox 2139 2144 3725 2217">
     <span class='ocr_line' id='line_1_52' title="bbox 2139 2144 3725 2217; baseline -0.003 -15"><span class='ocrx_word' id='word_1_390' title='bbox 2139 2145 2419 2202; x_wconf 81' lang='lat' dir='ltr'><strong>Continuo</strong></span> <span class='ocrx_word' id='word_1_391' title='bbox 2470 2160 2665 2217; x_wconf 88' lang='lat' dir='ltr'><strong>preces</strong></span> <span class='ocrx_word' id='word_1_392' title='bbox 2711 2144 2898 2201; x_wconf 88' lang='lat' dir='ltr'><strong>oblata</strong></span> <span class='ocrx_word' id='word_1_393' title='bbox 2946 2160 2977 2198; x_wconf 92' lang='lat' dir='ltr'><strong>a</strong></span> <span class='ocrx_word' id='word_1_394' title='bbox 3012 2144 3126 2199; x_wconf 90' lang='lat' dir='ltr'><strong>Deo</strong></span> <span class='ocrx_word' id='word_1_395' title='bbox 3171 2158 3410 2209; x_wconf 89' lang='lat' dir='ltr'><strong>corona,</strong></span> <span class='ocrx_word' id='word_1_396' title='bbox 3453 2150 3619 2213; x_wconf 88' lang='lat' dir='ltr'><strong>atque</strong></span> <span class='ocrx_word' id='word_1_397' title='bbox 3656 2145 3725 2198; x_wconf 83' lang='lat' dir='ltr'><strong>ad</strong></span> 
     </span>
    </p>
   </div>
   <div class='ocr_carea' id='block_1_53' title="bbox 2142 2236 3730 2309">
    <p class='ocr_par' dir='ltr' id='par_1_53' title="bbox 2142 2236 3730 2309">
     <span class='ocr_line' id='line_1_53' title="bbox 2142 2236 3730 2309; baseline -0.003 -16"><span class='ocrx_word' id='word_1_398' title='bbox 2142 2253 2372 2309; x_wconf 84' lang='lat' dir='ltr'><strong>regnum</strong></span> <span class='ocrx_word' id='word_1_399' title='bbox 2425 2248 2693 2294; x_wconf 66' lang='lat' dir='ltr'><strong>aeternum</strong></span> <span class='ocrx_word' id='word_1_400' title='bbox 2724 2236 2996 2302; x_wconf 82' lang='lat' dir='ltr'><strong>evocatio,</strong></span> <span class='ocrx_word' id='word_1_401' title='bbox 3030 2243 3089 2288; x_wconf 91' lang='lat' dir='ltr'><strong>ut</strong></span> <span class='ocrx_word' id='word_1_402' title='bbox 3122 2251 3220 2306; x_wconf 84' lang='lat' dir='ltr'><strong>par</strong></span> <span class='ocrx_word' id='word_1_403' title='bbox 3246 2244 3388 2298; x_wconf 85' lang='lat' dir='ltr'><strong>erat,</strong></span> <span class='ocrx_word' id='word_1_404' title='bbox 3419 2242 3502 2289; x_wconf 84' lang='lat' dir='ltr'><strong>est</strong></span> <span class='ocrx_word' id='word_1_405' title='bbox 3533 2249 3730 2289; x_wconf 82' lang='lat' dir='ltr'><strong>conse-</strong></span> 
     </span>
    </p>
   </div>
   <div class='ocr_carea' id='block_1_54' title="bbox 2143 2328 3193 2403">
    <p class='ocr_par' dir='ltr' id='par_1_54' title="bbox 2143 2328 3193 2403">
     <span class='ocr_line' id='line_1_54' title="bbox 2143 2328 3193 2403; baseline -0.001 -16"><span class='ocrx_word' id='word_1_406' title='bbox 2143 2343 2291 2395; x_wconf 86' lang='lat' dir='ltr'><strong>cuta,</strong></span> <span class='ocrx_word' id='word_1_407' title='bbox 2325 2332 2504 2403; x_wconf 84' lang='lat' dir='ltr'><strong>primo</strong></span> <span class='ocrx_word' id='word_1_408' title='bbox 2532 2332 2621 2388; x_wconf 86' lang='lat' dir='ltr'><strong>die</strong></span> <span class='ocrx_word' id='word_1_409' title='bbox 2654 2333 2862 2387; x_wconf 85' lang='lat' dir='ltr'><strong>mensis</strong></span> <span class='ocrx_word' id='word_1_410' title='bbox 2891 2328 3193 2386; x_wconf 88' lang='lat' dir='ltr'><strong>Octobris.-</strong></span> 
     </span>
    </p>
   </div>
   <div class='ocr_carea' id='block_1_55' title="bbox 2217 2608 3733 2688">
    <p class='ocr_par' dir='ltr' id='par_1_55' title="bbox 2217 2608 3733 2688">
     <span class='ocr_line' id='line_1_55' title="bbox 2217 2608 3733 2688; baseline -0.005 -20"><span class='ocrx_word' id='word_1_411' title='bbox 2217 2612 2287 2668; x_wconf 73' lang='grc' dir='ltr'><strong>Χ.</strong></span> <span class='ocrx_word' id='word_1_412' title='bbox 2325 2611 2540 2682; x_wconf 85' lang='lat' dir='ltr'><strong>Corpus</strong></span> <span class='ocrx_word' id='word_1_413' title='bbox 2577 2625 2709 2688; x_wconf 84' lang='lat' dir='ltr'><strong>vero</strong></span> <span class='ocrx_word' id='word_1_414' title='bbox 2744 2610 3003 2682; x_wconf 80' lang='lat' dir='ltr'><strong>martyris</strong></span> <span class='ocrx_word' id='word_1_415' title='bbox 3038 2627 3165 2667; x_wconf 85' lang='lat' dir='ltr'><strong>vere</strong></span> <span class='ocrx_word' id='word_1_416' title='bbox 3213 2611 3433 2666; x_wconf 84' lang='lat' dir='ltr'><strong>b‘eatnm</strong></span> <span class='ocrx_word' id='word_1_417' title='bbox 3456 2651 3471 2674; x_wconf 84' lang='lat'><strong>,</strong></span> <span class='ocrx_word' id='word_1_418' title='bbox 3506 2608 3733 2680; x_wconf 80' lang='lat' dir='ltr'><strong>quidam</strong></span> 
     </span>
    </p>
   </div>
   <div class='ocr_carea' id='block_1_56' title="bbox 2146 2700 3732 2777">
    <p class='ocr_par' dir='ltr' id='par_1_56' title="bbox 2146 2700 3732 2777">
     <span class='ocr_line' id='line_1_56' title="bbox 2146 2700 3732 2777; baseline -0.006 -16"><span class='ocrx_word' id='word_1_419' title='bbox 2146 2714 2455 2777; x_wconf 83' lang='lat' dir='ltr'><strong>martyrum</strong></span> <span class='ocrx_word' id='word_1_420' title='bbox 2515 2711 2800 2767; x_wconf 70' lang='lat' dir='ltr'><strong>amantes,</strong></span> <span class='ocrx_word' id='word_1_421' title='bbox 2859 2714 3153 2773; x_wconf 85' lang='lat' dir='ltr'><strong>postquam</strong></span> <span class='ocrx_word' id='word_1_422' title='bbox 3218 2703 3444 2758; x_wconf 91' lang='lat' dir='ltr'><strong>lictores</strong></span> <span class='ocrx_word' id='word_1_423' title='bbox 3506 2700 3732 2756; x_wconf 88' lang='lat' dir='ltr'><strong>domum</strong></span> 
     </span>
    </p>
   </div>
   <div class='ocr_carea' id='block_1_57' title="bbox 2145 2792 3734 2867">
    <p class='ocr_par' dir='ltr' id='par_1_57' title="bbox 2145 2792 3734 2867">
     <span class='ocr_line' id='line_1_57' title="bbox 2145 2792 3734 2867; baseline -0.004 -13"><span class='ocrx_word' id='word_1_424' title='bbox 2145 2807 2331 2854; x_wconf 90' lang='lat' dir='ltr'><strong>essent</strong></span> <span class='ocrx_word' id='word_1_425' title='bbox 2355 2796 2586 2859; x_wconf 85' lang='lat' dir='ltr'><strong>reversi,</strong></span> <span class='ocrx_word' id='word_1_426' title='bbox 2613 2794 2899 2867; x_wconf 81' lang='lat' dir='ltr'><strong>magniﬁce</strong></span> <span class='ocrx_word' id='word_1_427' title='bbox 2929 2796 3294 2860; x_wconf 84' lang='lat' dir='ltr'><strong>sustulerunt,</strong></span> <span class='ocrx_word' id='word_1_428' title='bbox 3320 2803 3379 2850; x_wconf 77' lang='lat' dir='ltr'><strong>et</strong></span> <span class='ocrx_word' id='word_1_429' title='bbox 3399 2792 3734 2865; x_wconf 60' lang='lat' dir='ltr'><strong>splendidis:</strong></span> 
     </span>
    </p>
   </div>
   <div class='ocr_carea' id='block_1_58' title="bbox 2147 2885 3733 2960">
    <p class='ocr_par' dir='ltr' id='par_1_58' title="bbox 2147 2885 3733 2960">
     <span class='ocr_line' id='line_1_58' title="bbox 2147 2885 3733 2960; baseline -0.006 -14"><span class='ocrx_word' id='word_1_430' title='bbox 2147 2891 2285 2946; x_wconf 91' lang='lat' dir='ltr'><strong>sime</strong></span> <span class='ocrx_word' id='word_1_431' title='bbox 2322 2888 2722 2945; x_wconf 43' lang='lat' dir='ltr'><strong>involutum‘in</strong></span> <span class='ocrx_word' id='word_1_432' title='bbox 2757 2888 2981 2960; x_wconf 74' lang='lat' dir='ltr'><strong>regione</strong></span> <span class='ocrx_word' id='word_1_433' title='bbox 3020 2888 3507 2953; x_wconf 86' lang='lat' dir='ltr'><strong>Damascenorum,</strong></span> <span class='ocrx_word' id='word_1_434' title='bbox 3540 2885 3594 2940; x_wconf 93' lang='lat' dir='ltr'><strong>in</strong></span> <span class='ocrx_word' id='word_1_435' title='bbox 3630 2900 3733 2955; x_wconf 87' lang='lat' dir='ltr'><strong>pa-</strong></span> 
     </span>
    </p>
   </div>
   <div class='ocr_carea' id='block_1_59' title="bbox 2148 2977 3731 3054">
    <p class='ocr_par' dir='ltr' id='par_1_59' title="bbox 2148 2977 3731 3054">
     <span class='ocr_line' id='line_1_59' title="bbox 2148 2977 3731 3054; baseline -0.004 -16"><span class='ocrx_word' id='word_1_436' title='bbox 2148 2992 2306 3039; x_wconf 89' lang='lat' dir='ltr'><strong>terna</strong></span> <span class='ocrx_word' id='word_1_437' title='bbox 2347 2982 2468 3054; x_wconf 85' lang='lat' dir='ltr'><strong>ejus</strong></span> <span class='ocrx_word' id='word_1_438' title='bbox 2510 2981 2833 3036; x_wconf 68' lang='lat' dir='ltr'><strong>haereditate</strong></span> <span class='ocrx_word' id='word_1_439' title='bbox 2862 2979 3347 3051; x_wconf 81' lang='lat' dir='ltr'><strong>deposuerunt(7)</strong></span> <span class='ocrx_word' id='word_1_440' title='bbox 3390 2978 3459 3034; x_wconf 87' lang='lat' dir='ltr'><strong>ad</strong></span> <span class='ocrx_word' id='word_1_441' title='bbox 3501 2977 3731 3049; x_wconf 81' lang='lat' dir='ltr'><strong>gloriam</strong></span> 
     </span>
    </p>
   </div>
   <div class='ocr_carea' id='block_1_60' title="bbox 2149 3067 3732 3144">
    <p class='ocr_par' dir='ltr' id='par_1_60' title="bbox 2149 3067 3732 3144">
     <span class='ocr_line' id='line_1_60' title="bbox 2149 3067 3732 3144; baseline -0.003 -15"><span class='ocrx_word' id='word_1_442' title='bbox 2149 3074 2365 3139; x_wconf 85' lang='lat' dir='ltr'><strong>Patris,</strong></span> <span class='ocrx_word' id='word_1_443' title='bbox 2398 3073 2523 3128; x_wconf 83' lang='lat' dir='ltr'><strong>Filii</strong></span> <span class='ocrx_word' id='word_1_444' title='bbox 2553 3083 2610 3128; x_wconf 90' lang='lat' dir='ltr'><strong>et</strong></span> <span class='ocrx_word' id='word_1_445' title='bbox 2642 3072 2885 3144; x_wconf 85' lang='lat' dir='ltr'><strong>Spiritus</strong></span> <span class='ocrx_word' id='word_1_446' title='bbox 2916 3073 3113 3139; x_wconf 85' lang='lat' dir='ltr'><strong>sancti,</strong></span> <span class='ocrx_word' id='word_1_447' title='bbox 3148 3072 3314 3127; x_wconf 87' lang='lat' dir='ltr'><strong>unius</strong></span> <span class='ocrx_word' id='word_1_448' title='bbox 3344 3082 3399 3126; x_wconf 87' lang='lat' dir='ltr'><strong>et</strong></span> <span class='ocrx_word' id='word_1_449' title='bbox 3433 3067 3732 3125; x_wconf 81' lang='lat' dir='ltr'><strong>individua:</strong></span> 
     </span>
    </p>
   </div>
   <div class='ocr_carea' id='block_1_61' title="bbox 2152 3162 3815 3236">
    <p class='ocr_par' dir='ltr' id='par_1_61' title="bbox 2152 3162 3815 3236">
     <span class='ocr_line' id='line_1_61' title="bbox 2152 3162 3815 3236; baseline -0.004 -16"><span class='ocrx_word' id='word_1_450' title='bbox 2152 3163 2460 3230; x_wconf 84' lang='lat' dir='ltr'><strong>Trinitatis,</strong></span> <span class='ocrx_word' id='word_1_451' title='bbox 2490 3164 2581 3219; x_wconf 86' lang='lat' dir='ltr'><strong>cui</strong></span> <span class='ocrx_word' id='word_1_452' title='bbox 2610 3165 2871 3220; x_wconf 88' lang='lat' dir='ltr'><strong>convenit</strong></span> <span class='ocrx_word' id='word_1_453' title='bbox 2897 3165 3096 3227; x_wconf 82' lang='lat' dir='ltr'><strong>honor.</strong></span> <span class='ocrx_word' id='word_1_454' title='bbox 3130 3164 3443 3236; x_wconf 86' lang='lat' dir='ltr'><strong>imperium,</strong></span> <span class='ocrx_word' id='word_1_455' title='bbox 3473 3162 3732 3231; x_wconf 84' lang='lat' dir='ltr'><strong>majestas</strong></span> <span class='ocrx_word' id='word_1_456' title='bbox 3810 3218 3815 3224; x_wconf 57' lang='grc'><strong>,</strong></span> 
     </span>
    </p>
   </div>
   <div class='ocr_carea' id='block_1_62' title="bbox 2151 3255 3729 3328">
    <p class='ocr_par' dir='ltr' id='par_1_62' title="bbox 2151 3255 3729 3328">
     <span class='ocr_line' id='line_1_62' title="bbox 2151 3255 3729 3328; baseline -0.003 -15"><span class='ocrx_word' id='word_1_457' title='bbox 2151 3266 2208 3313; x_wconf 90' lang='lat' dir='ltr'><strong>et</strong></span> <span class='ocrx_word' id='word_1_458' title='bbox 2242 3256 2662 3328; x_wconf 80' lang='lat' dir='ltr'><strong>magniﬁcentia,</strong></span> <span class='ocrx_word' id='word_1_459' title='bbox 2702 3272 2849 3312; x_wconf 91' lang='lat' dir='ltr'><strong>nunc</strong></span> <span class='ocrx_word' id='word_1_460' title='bbox 2912 3265 2968 3313; x_wconf 89' lang='lat' dir='ltr'><strong>et</strong></span> <span class='ocrx_word' id='word_1_461' title='bbox 3028 3256 3085 3311; x_wconf 92' lang='lat' dir='ltr'><strong>in</strong></span> <span class='ocrx_word' id='word_1_462' title='bbox 3130 3256 3324 3312; x_wconf 62' lang='lat' dir='ltr'><strong>sarcula</strong></span> <span class='ocrx_word' id='word_1_463' title='bbox 3381 3255 3729 3311; x_wconf 64' lang='lat' dir='ltr'><strong>saeculorum.</strong></span> 
     </span>
    </p>
   </div>
   <div class='ocr_carea' id='block_1_63' title="bbox 2151 3351 2350 3406">
    <p class='ocr_par' dir='ltr' id='par_1_63' title="bbox 2151 3351 2350 3406">
     <span class='ocr_line' id='line_1_63' title="bbox 2151 3351 2350 3406; baseline 0 0"><span class='ocrx_word' id='word_1_464' title='bbox 2151 3351 2350 3406; x_wconf 79' lang='lat' dir='ltr'><strong>Amen.</strong></span> 
     </span>
    </p>
   </div>
   <div class='ocr_carea' id='block_1_64' title="bbox 2158 3526 3737 3600">
    <p class='ocr_par' dir='ltr' id='par_1_64' title="bbox 2158 3526 3737 3600">
     <span class='ocr_line' id='line_1_64' title="bbox 2158 3526 3737 3600; baseline -0.001 -17"><span class='ocrx_word' id='word_1_465' title='bbox 2158 3528 2317 3594; x_wconf 88' lang='lat' dir='ltr'><strong>tium,</strong></span> <span class='ocrx_word' id='word_1_466' title='bbox 2343 3527 2438 3584; x_wconf 88' lang='lat' dir='ltr'><strong>ubi</strong></span> <span class='ocrx_word' id='word_1_467' title='bbox 2479 3528 2546 3600; x_wconf 80' lang='lat' dir='ltr'><strong>ab</strong></span> <span class='ocrx_word' id='word_1_468' title='bbox 2568 3526 2779 3600; x_wconf 77' lang='lat' dir='ltr'><strong>Anania</strong></span> <span class='ocrx_word' id='word_1_469' title='bbox 2826 3526 3169 3600; x_wconf 71' lang='lat' dir='ltr'><strong>illuminatus</strong></span> <span class='ocrx_word' id='word_1_470' title='bbox 3204 3537 3308 3584; x_wconf 89' lang='lat' dir='ltr'><strong>est.</strong></span> <span class='ocrx_word' id='word_1_471' title='bbox 3344 3529 3421 3600; x_wconf 83' lang='lat' dir='ltr'><strong>De</strong></span> <span class='ocrx_word' id='word_1_472' title='bbox 3446 3544 3554 3600; x_wconf 87' lang='lat' dir='ltr'><strong>qua</strong></span> <span class='ocrx_word' id='word_1_473' title='bbox 3582 3527 3737 3584; x_wconf 69' lang='lat' dir='ltr'><strong>ludas</strong></span> 
     </span>
    </p>
   </div>
   <div class='ocr_carea' id='block_1_65' title="bbox 2155 3597 3736 3661">
    <p class='ocr_par' dir='ltr' id='par_1_65' title="bbox 2155 3597 3736 3661">
     <span class='ocr_line' id='line_1_65' title="bbox 2155 3597 3736 3661; baseline 0 -7"><span class='ocrx_word' id='word_1_474' title='bbox 2155 3600 2342 3661; x_wconf 86' lang='lat' dir='ltr'><strong>domo.</strong></span> <span class='ocrx_word' id='word_1_475' title='bbox 2381 3609 2439 3654; x_wconf 90' lang='lat' dir='ltr'><strong>et</strong></span> <span class='ocrx_word' id='word_1_476' title='bbox 2478 3597 2630 3653; x_wconf 84' lang='lat' dir='ltr'><strong>fonte</strong></span> <span class='ocrx_word' id='word_1_477' title='bbox 2686 3598 2743 3651; x_wconf 92' lang='lat' dir='ltr'><strong>in</strong></span> <span class='ocrx_word' id='word_1_478' title='bbox 2765 3611 2876 3661; x_wconf 88' lang='lat' dir='ltr'><strong>quo</strong></span> <span class='ocrx_word' id='word_1_479' title='bbox 2906 3597 2963 3652; x_wconf 85' lang='lat' dir='ltr'><strong>S.</strong></span> <span class='ocrx_word' id='word_1_480' title='bbox 3015 3599 3219 3654; x_wconf 83' lang='lat' dir='ltr'><strong>Paulus</strong></span> <span class='ocrx_word' id='word_1_481' title='bbox 3268 3609 3354 3654; x_wconf 85' lang='lat' dir='ltr'><strong>est</strong></span> <span class='ocrx_word' id='word_1_482' title='bbox 3405 3597 3736 3661; x_wconf 72' lang='lat' dir='ltr'><strong>baptizatus.</strong></span> 
     </span>
    </p>
   </div>
   <div class='ocr_carea' id='block_1_66' title="bbox 2155 3667 3742 3742">
    <p class='ocr_par' dir='ltr' id='par_1_66' title="bbox 2155 3667 3742 3742">
     <span class='ocr_line' id='line_1_66' title="bbox 2155 3667 3742 3742; baseline 0.001 -19"><span class='ocrx_word' id='word_1_483' title='bbox 2155 3670 2268 3742; x_wconf 73' lang='lat' dir='ltr'><strong>agit</strong></span> <span class='ocrx_word' id='word_1_484' title='bbox 2317 3668 2748 3742; x_wconf 76' lang='lat' dir='ltr'><strong>Christopltorus</strong></span> <span class='ocrx_word' id='word_1_485' title='bbox 2787 3667 3125 3742; x_wconf 69' lang='lat' dir='ltr'><strong>Radzjvilius</strong></span> <span class='ocrx_word' id='word_1_486' title='bbox 3150 3685 3203 3724; x_wconf 88' lang='lat' dir='ltr'><strong>tn</strong></span> <span class='ocrx_word' id='word_1_487' title='bbox 3249 3667 3742 3742; x_wconf 72' lang='lat' dir='ltr'><strong>Hierosolymitana</strong></span> 
     </span>
    </p>
   </div>
   <div class='ocr_carea' id='block_1_67' title="bbox 2155 3737 2976 3814">
    <p class='ocr_par' dir='ltr' id='par_1_67' title="bbox 2155 3737 2976 3814">
     <span class='ocr_line' id='line_1_67' title="bbox 2155 3737 2976 3814; baseline -0.005 -19"><span class='ocrx_word' id='word_1_488' title='bbox 2155 3737 2631 3814; x_wconf 73' lang='lat' dir='ltr'><strong>Peregrinatione,</strong></span> <span class='ocrx_word' id='word_1_489' title='bbox 2664 3738 2895 3809; x_wconf 90' lang='lat' dir='ltr'><strong>epistola</strong></span> <span class='ocrx_word' id='word_1_490' title='bbox 2920 3737 2976 3807; x_wconf 70' lang='lat'><strong>2,</strong></span> 
     </span>
    </p>
   </div>
  </div>
