4138 6446
441 439 576 507 1011
1707 434 1995 499 MENSIS
2028 435 2075 496 Ι.

2079 433 2492 496 ANUAR-IUS.
3562 422 3713 490 ῙΟῙΞ

453 582 3057 623 ΜΉπΞΜ
3067 576 3684 610 πεπςῖττεεπ

1508 634 1521 647 δ

1556 836 1661 897 DE
1715 834 2046 897 SANCTIS
2096 833 2593 897 CONJUGIBUS

1050 1117 1914 1248 XENOPHON
1926 1118 2129 1242 TE
2223 1117 2431 1241 ET
2542 1113 3062 1243 MARIA

1634 1465 1989 1519 IORUMQU'E
2022 1463 2283 1510 SANCTIS
2310 1464 2494 1509 FILHS

1378 1716 1907 1817 ARCADIO
1979 1721 2132 1811 ΕΤ
2203 1716 2505 1809 JOAN
2533 1720 2593 1806 N
2623 1718 2728 1804 Ε.

1186 1966 1457 2030 (ιδπευὶειω
1485 1982 1533 2019 v.
1557 1996 1618 2005 —
1642 1968 1762 2016 Acta
1785 1969 2063 2016 sanctorum
2089 1962 2316 2016 Bulland.
2345 1966 2405 2016 ad
2425 1964 2556 2015 diem
2583 1966 2646 2016 26
2664 1967 2943 2025 Januarii.)

499 2388 946 2469 Xenophontem,
979 2413 1047 2454 ac
1070 2396 1296 2453 Mariam
1324 2397 1808 2470 illius'conjugem,
1836 2411 2147 2469 eorumque
2177 2395 2385 2455 liberos
2402 2382 2703 2452 Arcadium
2726 2406 2783 2451 et
2816 2396 3107 2460 Joannem,
3143 2392 3425 2449 senatoria
3445 2393 3725 2464 dignitate

432 2492 900 2563 aniplissimisque
918 2492 1368 2564 possessionibus
1404 2492 1697 2558 abdicatis,
1737 2492 2104 2547 monasticam
2133 2490 2305 2545 vitam
2338 2489 2738 2561 Hierosolymis
2766 2489 2884 2559 pari
2925 2489 3239 2546 animorum
3269 2486 3469 2542 ardore
3498 2488 3713 2557 profes-

428 2598 542 2652 sos,
567 2600 906 2643 veneramur
932 2584 1104 2644 Graeci
1141 2588 1249 2643 hoc
1285 2587 1374 2642 dic
1404 2585 1584 2642 otlieio
1617 2584 2018 2642 ecclesiastico.
2062 2585 2147 2640 Ita
2201 2599 2445 2656 namque
2497 2583 2869 2653 Antbologion
2895 2598 2925 2638 a
2951 2581 3238 2637 Clemente
3268 2580 3391 2636 VIII.
3437 2580 3715 2651 approba—

429 2686 548 2733 tum
585 2694 600 2732 :
643 2696 663 2730 σ
704 2678 912 2735 Eodem
946 2695 1156 2745 mense,
1190 2679 1280 2748 die
1309 2678 1401 2743 26,
1439 2678 1616 2760 sancti
1662 2676 1844 2734 Patris
1873 2677 2051 2734 nostri
2085 2676 2476 2747 Xenophontis
2521 2684 2578 2732 et
2612 2674 2915 2730 sociorum.
2974 2673 3213 2729 Sanctus
3262 2673 3353 2727 hic
3403 2670 3722 2740 XenOphon-

427 2766 911 2839 Constantinopoli
938 2778 1078 2833 erat,
1110 2777 1465 2823 externarum
1501 2783 1670 2839 opum
1706 2768 1868 2839 copia
1894 2767 2148 2834 afﬂuens,
2182 2774 2240 2822 at
2271 2767 2446 2822 multo
2464 2767 2630 2822 etiam
2690 2765 2907 2821 interna
2930 2781 3057 2837 erga
3092 2766 3264 2820 Deum
3303 2763 3570 2831 religione
3596 2765 3715 2819 cla-

431 2862 564 2926 rior,
587 2861 683 2932 qui
719 2878 845 2918 eum
878 2862 1021 2919 duos
1052 2861 1197 2918 ﬁlios
1227 2876 1361 2919 suos
1397 2859 1698 2917 Arcadium
1723 2869 1780 2914 et
1807 2860 2100 2928 Joannem,
2135 2858 2394 2931 Bcrytum
2422 2859 2615 2914 urbem
2653 2859 2706 2913 in
2738 2858 3003 2915 Pbmnice
3034 2861 3218 2925 sitam,
3242 2859 3308 2914 ad
3337 2859 3481 2930 juris
3505 2860 3720 2930 legunt-

430 2971 539 3026 quc
573 2956 925 3028 disciplinam
962 2964 1019 3012 et
1051 2955 1341 3013 scientiam
1377 2955 1849 3026 consequendam,
1887 2955 2107 3020 missos,
2134 2954 2486 3026 naufragium
2516 2954 2714 3010 fecisse
2744 2953 3130 3017 intelletisset,
3158 2954 3224 3008 ad
3254 2970 3351 3010 eos
3383 2954 3721 3023 conquiren-

430 3049 533 3107 dos
558 3066 668 3106 una
704 3066 830 3107 cum
867 3067 1038 3107 uxore
1071 3051 1353 3122 profectus
1381 3061 1466 3108 est
1491 3051 1678 3117 domo,
1696 3053 2025 3123 tandemque
2052 3051 2452 3125 Hierosolymis
2478 3066 2574 3107 eos
2595 3049 2818 3122 reperit,
2855 3051 3183 3107 monachico
3215 3051 3407 3107 habitu
3437 3051 3664 3106 indutos
3696 3069 3722 3108 ι

431 3144 527 3199 ubi
561 3154 619 3203 et
649 3143 765 3216 ipse
801 3162 866 3202 ae
893 3145 1092 3216 conjux
1121 3145 1424 3203 solitariam
1464 3145 1701 3216 amplexi
1753 3146 1945 3210 vitam,
1978 3159 2229 3217 eousque
2284 3138 2451 3202 anibo
2493 3146 2553 3202 in
2588 3144 2766 3201 stadio
2797 3144 3024 3201 virtutis
3052 3145 3297 3215 provecti
3348 3152 3502 3210 sunt,
3545 3145 3627 3202 uti
3657 3153 3721 3201 et

432 3249 630 3293 eorum
655 3251 877 3306 quoque
909 3236 1029 3305 ﬁlii,
1060 3245 1121 3293 ut
1150 3237 1424 3294 miracula
1447 3237 1615 3294 etiam
1639 3246 1946 3310 patrarent.
1980 3238 2421 3298 Pcrseverarunt
2452 3248 2641 3295 autem
2672 3251 2869 3295 omnes
2902 3236 2960 3293 in
2984 3236 3080 3291 Dei
3111 3236 3369 3304 servitio,
3400 3253 3465 3294 ac
3496 3239 3721 3295 tandem

432 3331 501 3389 ad
535 3348 663 3389 eum
702 3332 1065 3403 emigrarunt.
1110 3353 1130 3387 ιι

444 3436 457 3453 ‘
502 3424 571 3478 ll.
598 3424 803 3480 Eadem
852 3427 1021 3482 habet
1077 3428 1345 3486 Maximus
1368 3428 1694 3503 Cytherens,
1728 3446 1794 3487 ac
1828 3431 2054 3498 Menam,
2094 3431 2190 3488 sed
2240 3430 2360 3488 haec
2407 3430 2599 3487 multis
2627 3440 2895 3503 pmterea
2924 3431 3246 3504 antiphonis
3278 3445 3377 3487 eos
3409 3431 3711 3486 celebrant.

433 3514 774 3578 Refer-untur
810 3539 1031 3594 quoque
1066 3525 1122 3580 in
1152 3525 1344 3583 Greco
1375 3528 1708 3601 Menologio.
1738 3528 1780 3584 Ε
1800 3529 2032 3591 ,Latinis
2069 3529 2386 3587 Galesinius
2420 3528 2489 3584 ad
2524 3529 2674 3586 hunc
2702 3528 2852 3585 diem
2883 3528 2986 3586 ista
3019 3528 3216 3590 scribit
3244 3546 3257 3583 :
3292 3546 3311 3579 ι
3338 3527 3396 3582 ln
3420 3525 3622 3583 Gracia
3647 3524 3705 3583 S.
3734 3594 3743 3603 _

433 3611 830 3688 Xenophontis
852 3619 1212 3677 confessoris.
1242 3620 1344 3680 Hic
1372 3625 1669 3682 excellenti
1708 3627 1764 3681 in
1789 3625 1961 3683 Deum
1994 3626 2223 3698 pietate,
2248 3641 2491 3698 ergaque
2522 3640 2799 3697 pauperes
2829 3624 3173 3697 benignitate
3210 3624 3547 3689 incredibili,
3575 3625 3716 3680 Hie-

433 3713 764 3786 rosolymam
799 3714 1081 3786 profectus
1109 3720 1428 3776 monasticae
1456 3719 1582 3778 vitae
1606 3721 1860 3778 instituta
1898 3722 2196 3793 suscepit:
2229 3720 2288 3777 in
2313 3735 2493 3790 caque
2530 3720 2757 3776 vivendi
2798 3720 3016 3775 ratione
3040 3720 3114 3776 ita
3154 3719 3499 3784 seexcoluit,
3533 3725 3594 3773 ut
3617 3716 3717 3773 Dei

431 3810 611 3879 gratia
657 3824 722 3866 ac
769 3809 917 3867 dono
951 3812 1140 3868 multis
1176 3813 1510 3872 mirabiliter
1534 3817 1708 3889 gestis
1739 3817 1929 3887 rebus,
1961 3826 2197 3888 actaque
2221 3815 2571 3872 sanctissime
2586 3815 2701 3871 vita
2723 3814 2927 3870 abierit
2959 3814 3028 3870 ad
3069 3815 3385 3870 Dominum.
3426 3833 3447 3866 ι
3480 3814 3536 3869 ln
3566 3813 3725 3869 notis

430 3905 712 3978 accepisse
747 3923 807 3963 se
835 3908 999 3966 haece
1026 3913 1401 3969 monumentis
1424 3912 1631 3971 Graecis
1657 3915 1859 3971 scribit
1893 3933 1906 3971 :
1941 3922 1998 3969 at
2023 3913 2226 3969 mirum
2253 3921 2339 3969 est
2368 3927 2497 3969 eum
2521 3911 2708 3968 Mariae
2743 3925 2808 3967 ac
2835 3912 3073 3967 filiorum
3114 3927 3221 3967 non
3246 3909 3581 3967 meminisse.
3607 3911 3720 3966 Ea-

431 3997 556 4052 dem
585 4014 649 4054 ex
679 3999 958 4057 Galesinio
983 4005 1176 4059 recitat
1199 4003 1454 4061 Canisius
1482 4006 1538 4061 in
1561 4006 1857 4077 posteriori
1887 4003 2152 4063 editione.
2188 4004 2439 4062 Molanus
2469 4004 2523 4060 in
2548 4003 2722 4060 addit.
2760 4003 2829 4060 ad
2864 4001 3172 4061 Usuardum
3204 3994 3261 4059 τ’(
3294 4003 3393 4058 Die
3416 4002 3507 4069 26,
3537 3998 3719 4057 sancti

431 4090 616 4153 Patris
639 4096 1048 4168 Xenophontis,
1081 4107 1138 4156 et
1170 4102 1469 4158 comitatus
1492 4103 1690 4175 ipsius.
1732 4123 1752 4157 ι

506 4188 596 4244 lll.
635 4189 784 4246 Idem
809 4208 978 4262 porro
1003 4193 1378 4268 Anthologion
1417 4197 1476 4254 S.
1514 4197 1766 4255 Januarii
1817 4198 1923 4254 ista
1957 4198 2127 4254 habet
2168 4214 2182 4252 :
2224 4215 2241 4249 ε
2281 4196 2490 4253 Eodem
2534 4211 2745 4264 mense,
2774 4194 2864 4253 die
2892 4202 3110 4262 octavo,
3156 4192 3216 4249 S.
3243 4192 3630 4263 Xenophontis
3656 4199 3717 4246 et

433 4285 735 4353 sociorum,
759 4296 813 4342 et
843 4284 900 4344 S.
928 4288 1187 4345 Marciani
1220 4292 1553 4364 presbyteri,
1584 4304 1694 4351 etc.
1730 4314 1748 4347 ›
1776 4293 1897 4361 Quo
1918 4293 2009 4349 die
2028 4292 2319 4365 Philippus
2340 4292 2633 4349 Ferrarius
2678 4290 2732 4347 in
2761 4291 3004 4363 generali
3050 4289 3314 4360 Catalogo
3352 4287 3711 4346 sanctorum:

440 4399 460 4434 ι
488 4379 970 4453 Constantinopoli
995 4382 1054 4439 S.
1078 4383 1461 4456 XenOphontis
1501 4387 1856 4443 confessoris.
1892 4407 1910 4441 ι
1939 4387 2143 4443 Menaza
2165 4388 2197 4441 6
2220 4386 2400 4440 Martii
2435 4383 2733 4439 Arcadium
2761 4383 3029 4449 referunt,
3055 4381 3302 4436 filiumnc
3333 4379 3713 4451 Xenophontis

432 4488 503 4529 an
537 4474 730 4542 alium,
755 4475 917 4532 nobis
937 4476 1366 4549 incompertum,
1403 4480 1505 4535 ista
1539 4483 1719 4538 solum
1746 4462 1955 4536 habent
1983 4499 2013 4535 :‘
2039 4480 2247 4537 Eodem
2300 4480 2411 4543 die,
2443 4479 2620 4535 sancti
2682 4479 2867 4535 Patris
2898 4476 3079 4533 nostri
3114 4476 3362 4532 Arcadii.

1076 4592 1095 4625 ι
1137 4570 1381 4629 Lumbos
1414 4573 1509 4644 qui
1538 4575 1642 4630 sub
1672 4574 2093 4648 intelligentiam
2141 4575 2366 4639 cadunt,
2402 4574 2706 4631 virtutibus
2735 4572 3105 4654 praecinctus,

438 4718 459 4731 κ
1080 4688 1100 4723 ι
1134 4671 1366 4743 Egregie
1390 4681 1620 4726 ornatus
1649 4671 1891 4742 cingulo,
1923 4670 2144 4729 Arcadi.
2171 4670 2237 4726 ad
2275 4670 2475 4726 cmlum
2500 4670 2700 4725 curris.
2735 4689 2754 4723 ι

498 4750 593 4825 μ’.
621 4758 798 4817 Vitam
832 4762 888 4819 S.
917 4758 1299 4835 Xenophontis
1350 4773 1406 4820 et
1436 4763 1740 4829 sociorum,
1771 4780 1800 4820 a
1863 4763 2118 4819 Sime’one
2146 4764 2535 4834 Metapbraste,
2573 4770 2669 4817 aut
2720 4761 2829 4819 alio
2852 4762 3112 4833 quopiam
3136 4761 3447 4817 vetustiore
3465 4771 3713 4823 auctore,

432 4855 1141 4929 conscriptam,acceperat
1173 4857 1517 4928 Rosvveydus
1560 4856 1809 4912 eeodice
1837 4855 2027 4912 Graeco
2053 4856 2406 4912 bibliotheca:
2445 4856 2906 4912 Christianissimi
2965 4855 3130 4927 regis.
3191 4855 3326 4911 Eam
3367 4854 3560 4909 Latine
3587 4871 3711 4911 vcr-

436 4953 695 5010 titOrtho
728 4953 1144 5025 Zyliusnostcr,
1174 4957 1442 5010 hactenus
1472 4969 1753 5025 nunquam
1790 4955 1896 5009 luci
1933 4954 2137 5008 datam.
2190 5022 2203 5033 δ

507 5050 572 5105 V.
609 5050 726 5116 Qua
757 5059 918 5105 aetate
935 5049 1135 5105 vixer'it
1159 5049 1217 5104 S.
1248 5048 1581 5118 Xenophon,
1606 5064 1672 5104 ex
1695 5048 2008 5118 Nicephoro
2029 5047 2257 5104 Callisto
2304 5048 2502 5119 liquet.
2530 5047 2582 5103 ls
2608 5047 2645 5102 l.
2672 5063 2783 5111 xw,
2813 5063 2864 5103 c.
2912 5048 3001 5109 52.
3034 5064 3160 5103 cum
3185 5050 3253 5105 de
3280 5065 3478 5121 magno
3509 5050 3719 5123 Euthy-

436 5141 549 5194 mio
580 5141 804 5212 egisset,
840 5141 908 5196 de
935 5157 1046 5211 quo
1081 5156 1186 5195 nos
1210 5140 1281 5195 20
1338 5140 1608 5208 Januarii,
1638 5141 1709 5229 de
1740 5138 1916 5204 Xena,
1946 5140 2062 5196 sive
2092 5140 2351 5207 Eusebia,
2385 5141 2456 5197 de
2487 5157 2597 5211 qua
2628 5141 2701 5196 24
2758 5142 2910 5208 Jan.,
2949 5142 3019 5198 de
3074 5143 3321 5198 Eudocia
3349 5147 3618 5217 Augusta,
3659 5161 3689 5201 c

434 5234 559 5291 aliis
591 5236 686 5305 qui
718 5237 912 5306 quinto
960 5236 1185 5301 saeculo,
1218 5234 1528 5290 sanctitatis
1557 5234 1821 5304 opinione
1852 5235 2095 5290 illustres
2122 5239 2404 5299 exstitere,
2446 5234 2548 5289 ista
2604 5234 2850 5290 adnectit
2883 5254 2896 5288 :
2941 5258 2960 5289 ι
2994 5235 3266 5293 Pra:terea
3318 5240 3719 5295 celeberrimus

438 5330 531 5385 ille
562 5330 873 5400 Xenophon
908 5329 1103 5383 iisdem
1140 5327 1485 5398 tcmporibus
1517 5327 1727 5389 ﬂoruit.
1765 5327 1860 5395 qui
1890 5327 2049 5398 prius
2072 5327 2338 5383 senatorii
2369 5326 2596 5390 ordinis
2628 5326 2830 5393 fuerat,
2863 5342 2976 5382 non
3018 5328 3205 5384 minus
3224 5329 3471 5386 externis
3494 5331 3712 5401 opibus,

439 5433 604 5492 quam
638 5419 872 5476 internis
898 5417 1066 5473 animi
1094 5417 1318 5473 dotibus
1343 5418 1698 5489 conspicuus.
1723 5418 1949 5473 Miserat
1967 5417 2014 5472 is
2032 5417 2312 5489 Berytum,
2345 5431 2467 5487 qua:
2495 5417 2788 5474 Phteniccs
2807 5417 2940 5474 urbs
2968 5429 3093 5497 est,
3126 5420 3433 5491 disciplinae
3448 5431 3503 5476 et
3530 5422 3715 5494 legum

435 5510 828 5571 discendarum
859 5510 1054 5582 gratia,
1087 5509 1388 5566 Arcadium
1411 5519 1467 5565 et
1495 5510 1762 5567 Joannem
1809 5509 1954 5565 filios
1984 5525 2134 5566 suos.
2158 5508 2296 5566 Cum
2346 5520 2530 5566 autem
2578 5509 2612 5564 ii
2656 5509 3003 5582 naufragium
3039 5510 3092 5565 in
3137 5513 3275 5567 mari
3320 5512 3470 5583 passi
3501 5521 3712 5579 essent,

437 5610 505 5665 ad
541 5623 638 5664 eos
667 5605 1074 5678 perquirendos
1101 5623 1211 5662 una
1234 5621 1359 5663 cum
1392 5608 1625 5679 conjuge
1659 5605 1944 5677 profectus
1964 5616 2071 5660 est.
2100 5604 2273 5660 Porro
2290 5604 2385 5660 ubi
2416 5620 2514 5660 eos
2545 5604 2943 5676 Hierosolymis
2988 5608 3356 5664 monasticum
3394 5609 3714 5666 institutum

438 5702 754 5772 complexos
779 5700 1008 5763 invenit,
1040 5702 1159 5772 ipse
1181 5716 1423 5774 quoque,
1459 5712 1516 5756 et
1547 5716 1673 5757 cum
1698 5715 1798 5786 ,ρο
1825 5702 2053 5771 ronjux,
2107 5700 2515 5772 tranquillioris
2545 5700 2672 5756 vitae
2710 5700 2961 5756 habitum
3000 5701 3260 5759 induunt.
3294 5705 3377 5760 Ad
3422 5720 3545 5761 eam
3581 5720 3715 5763 vers

439 5806 634 5847 omnes
653 5797 913 5852 virtutem
942 5812 1268 5868 pervenere,
1304 5803 1365 5850 ut
1395 5804 1452 5851 et
1501 5794 1883 5851 faciendorum
1915 5794 2314 5850 miraculorum
2365 5796 2597 5866 gratiam
2631 5811 2661 5850 a
2695 5795 2809 5852 Deo
2845 5796 3128 5853 consecuti
3166 5797 3295 5852 sint.
3327 5796 3577 5871 Cumque
3617 5816 3716 5857 ac-

447 5895 660 5954 ceptam
686 5891 797 5947 Deo
828 5892 997 5949 vitam
1022 5894 1287 5967 egissent,
1321 5895 1387 5952 ad
1415 5909 1542 5951 eum
1570 5893 1790 5950 tandem
1838 5893 2203 5966 emigrarunt.
2242 5911 2260 5945 ι
