4138 6414
1474 274 1505 313 9'

473 393 613 457 1915

1667 395 1949 458 MENSIS
1989 394 2446 456 JANUABIUS,

3588 387 3726 454 1016

464 510 651 577 itabat,
680 526 868 565 verum
932 512 1081 566 hisce
1132 512 1301 567 rebus
1348 513 1592 566 addictus
1642 528 1762 567 esse
1802 511 2032 565 ιιιίεοιτιίε

2149 504 2243 559 οὖν
2298 507 2391 559 καὶ
2439 505 2562 567 τοὺς
2607 503 2781 569 οὕτως
2848 503 3067 575 ἔχοντας
3116 505 3330 567 ἀθλίους
3394 501 3575 571 ἔκρινε
3635 507 3728 557 καὶ

463 615 605 664 mos,
640 611 695 656 et
722 602 1124 672 mentisinopia
1155 603 1428 669 laborare,
1449 602 1751 668 judicabat.
1775 601 2047 657 Credehat

464 692 611 747 enim
665 691 720 747 in
748 707 814 747 eo
841 708 1112 748 summam
1150 710 1262 750 sure
1306 694 1587 749 felicitatis
1623 692 1950 754 consistere,
1999 693 2046 747 si

466 797 508 834 ε’
529 782 630 836 iret
659 790 821 853 atque
844 797 1204 856 cognosceret
1229 786 1545 842 Dutninum.
1568 784 1615 838 si
1646 799 1770 837 eum
1801 784 2042 845 timeret,

464 874 620 944 siqze
672 877 981 932 adhaereret
1025 879 1319 948 prmreptis
1362 878 1502 947 ejus.
1553 876 1731 944 Atque
1781 874 1930 936 hinc,
1986 878 2046 925 ut

464 965 687 1020 divinus
714 967 884 1022 David
926 977 1012 1022 est
1055 979 1268 1027 auctor.
1305 970 1565 1039 majorem
1619 966 1847 1037 gloriam
1881 973 2045 1031 atque

465 1056 688 1113 divitias
734 1059 927 1114 habuit
969 1060 1021 1113 in
1072 1060 1237 1115 domo
1292 1075 1390 1115 sua
1427 1063 1466 1112 '.
1541 1058 1640 1112 llic
1691 1057 1838 1111 enim
1897 1055 2043 1109 idem

464 1149 632 1204 David
659 1150 956 1217 existimat,
983 1152 1100 1206 hcec
1122 1166 1496 1222 saepenumero
1522 1148 1809 1204 Dominum
1843 1148 2042 1201 timen-

467 1240 614 1295 tibus
669 1242 823 1296 reddi
882 1258 911 1297 a
985 1243 1364 1313 potentissima
1410 1242 1755 1311 maximeque
1828 1238 2043 1294 liberali

465 1332 656 1400 Optimi
695 1333 948 1389 Numinis
974 1351 1161 1388 manu.

535 1417 625 1473 Ill.
660 1417 928 1475 Caeterum
951 1422 1191 1492 legitima
1227 1423 1308 1478 illi
1338 1424 1539 1495 cottqu
1577 1422 1702 1488 fuit,
1747 1422 1913 1478 Maria
1942 1437 2043 1476 no-

463 1508 633 1574 mine,
688 1511 854 1567 claris
889 1515 1210 1583 parentibus
1240 1527 1388 1580 nata,
1431 1516 1629 1570 marito
1667 1517 1791 1570 vitae
1823 1531 1886 1569 ac
1922 1530 2040 1569 mo-

463 1614 586 1653 rum
621 1616 747 1657 vere
781 1618 1026 1659 consors.
1063 1604 1145 1660 Ex
1194 1605 1298 1661 hac
1326 1606 1440 1661 duo
1474 1606 1550 1661 illi
1581 1605 1695 1660 nati
1742 1613 1872 1664 sunt
1917 1604 2037 1665 filii.

460 1689 701 1748 Joannes
729 1702 893 1764 atque
926 1694 1218 1761 Arcadius,
1248 1712 1483 1767 quorum
1531 1711 1798 1751 summam
1849 1709 2039 1750 curam

462 1778 678 1847 habuit,
710 1791 771 1836 ut
798 1782 868 1837 ad
900 1798 995 1839 eos
1049 1800 1159 1838 non
1199 1785 1452 1855 corporis
1484 1794 1696 1840 tantum
1744 1785 1910 1848 bona,
1942 1783 2037 1839 sed

2150 595 2271 648 λίαν
2301 595 2536 658 ἐπιδεεῖς
2575 594 2674 666 τὴν
2713 594 2954 648 διάνοιαν
2976 610 2990 625 ο
3023 594 3139 649 ἀλλ’
3169 594 3225 646 ἐν
3256 593 3434 663 τούτῳ
3476 591 3766 687 Ξενοφῶν(

2151 685 2403 755 ἐνόμιζεν
2444 684 2638 738 ἑαυτὸν
2681 684 3040 755 μακαρισμοῦ
3090 684 3262 750 ἄξιον,
3297 686 3356 738 ἐν
3409 683 3486 755 τῷ
3521 687 3730 738 συνιεῖν

2148 783 2242 835 καὶ
2281 782 2572 852 γινώσκειν
2629 781 2722 835 τὸν
2782 782 3010 851 Κύριον,
3046 781 3143 835 καὶ
3204 781 3368 835 αὐτὸν
3419 777 3726 849 φοϐεῖσθαι,

2148 874 2374 927 καὶτῶν
2399 873 2630 927 ἐντολῶν
2661 873 2825 928 αὐτοῦ
2860 873 3241 945 περιέχεσθαι.
3292 873 3405 927 Καὶ
3438 871 3528 925 διὰ
3565 869 3729 924 τοῦτο

2151 963 2353 1033 μᾶλλον
2398 963 2561 1030 δόξαν
2604 962 2729 1034 ἔσχε
2765 965 2861 1017 καὶ
2912 964 3159 1028 πλοῦτον,
3188 963 3265 1026 ὥς
3317 980 3483 1033 φησιν
3512 965 3540 1016 ὀ
3574 963 3725 1025 θεῖος

2146 1052 2333 1118 Δαϐὶδ,
2361 1053 2419 1104 ἐν
2448 1051 2528 1122 τῷ
2554 1053 2690 1122 οἴκῳ
2724 1052 2914 1108 αὐτοῦ.
2948 1053 3209 1106 Βούλεται
3238 1053 3347 1123 γὰρ
3377 1046 3532 1114 οὗτος
3560 1052 3715 1106 ἀντι-

2144 1143 2404 1210 δίδοσθαι,
2439 1142 2732 1198 καὶταῦτα
2764 1144 3048 1208 πολλάκις,
3096 1148 3210 1199 τοῖς
3241 1144 3600 1213 φοϐουμένοις
3628 1144 3723 1197 τὸν

2144 1232 2351 1304 Κύριον
2386 1234 2540 1306 παρά
2563 1236 2665 1305 τῆς
2717 1235 2889 1289 πολλὰ
2921 1237 3016 1289 καὶ
3057 1236 3367 1306 δυναμένης
3396 1237 3489 1289 καὶ
3515 1236 3727 1307 δωρον-

2146 1325 2320 1394 μένης
2347 1325 2441 1377 τοῦ
2491 1324 2699 1392 ἀγαθοῦ
2727 1326 2907 1393 δεξιᾶς
2935 1325 3093 1380 Θεοῦ.

2214 1414 2290 1469 Γ’.
2352 1415 2692 1471 Συνάπτεται
2744 1418 2803 1472 δὲ
2832 1417 2980 1489 αὐτῷ
3034 1418 3131 1472 καὶ
3178 1418 3334 1490 νόμῳ
3351 1419 3532 1489 γάμου
3572 1420 3725 1490 γυνὴ

2134 1505 2253 1559 τῶν
2283 1507 2342 1560 εῦ
2367 1509 2672 1577 γεγονότων
2723 1509 2931 1580 (Μαρία
2978 1508 3150 1582 ταύτῃ
3201 1511 3262 1564 τδ
3310 1508 3530 1582 ὄνομα),
3560 1511 3594 1582 ἢ
3625 1513 3730 1565 καὶ

2145 1598 2267 1669 βίου
2297 1600 2391 1654 καὶ
2420 1601 2627 1670 τρόπου
2689 1601 2948 1664 κοινωνὸς
3000 1601 3149 1672 αὐτῷ
3209 1601 3444 1670 γίνεται,
3498 1604 3592 1656 καὶ
3625 1602 3732 1656 δύο

2145 1691 2340 1756 παῖδας
2358 1691 2437 1763 τῷ
2468 1691 2725 1763 μακαρίῳ
2777 1695 2976 1764 γεννᾷο
3029 1687 3109 1747 ὧν
3156 1694 3249 1746 τὸν
3283 1693 3384 1764 μὲν
3440 1684 3729 1763 Ἰωιῗννην,

2155 1783 2438 1854 Ἄρκάδιον
2467 1784 2525 1838 δὲ
2549 1784 2642 1837 τὸν
2675 1783 2884 1857 ἕτερον,
2915 1784 3209 1855 ὀνομάσας,
3243 1785 3444 1853 πολλὴν
3472 1780 3585 1855 εἶχε
3625 1785 3725 1848 καὶ

461 1869 626 1925 etiam
674 1872 894 1929 virtutis
948 1873 1322 1946 doctrinaeque
1378 1876 1659 1930 luculenta
1722 1875 2032 1945 perveniret

2143 1874 2471 1945 ἀμφοτέρων
2501 1875 2780 1945 πρόνοιαν,
2807 1875 2947 1929 ὥστε
2974 1876 3049 1947 μὴ
3081 1876 3182 1946 τῆς
3212 1875 3585 1946 ούσίαςιμόνον
3613 1876 3715 1944 τῆς

465 1961 756 2019 hazrcditas
786 1982 800 2019 :
832 1981 952 2035 quae
1002 1977 1057 2022 et
1111 1968 1524 2037 possessoribus
1553 1983 1685 2039 opes
1731 1976 1934 2032 servat,
1984 1979 2041 2024 et

462 2051 591 2108 facit
632 2063 692 2110 nt
728 2055 833 2112 has
880 2057 982 2127 ipsi
1046 2060 1237 2129 potius.
1274 2060 1614 2130 possideant,
1649 2075 1812 2130 quam
1855 2060 1924 2114 ab
1974 2060 2049 2115 iis-

460 2144 602 2200 male
626 2148 1015 2216 possideantur
1053 2167 1066 2204 :
1103 2164 1240 2205 neve
1272 2161 1367 2206 aut
1415 2151 1755 2207 illiberaliter
1783 2166 1876 2207 cas
1907 2167 2040 2208 eon-

461 2236 673 2291 tincant
702 2247 796 2293 aut
822 2240 1127 2309 improvide
1155 2242 1487 2311 expendunt.
1522 2241 1579 2298 In
1608 2230 1849 2314 atroque
1889 2242 2038 2297 enim

462 2341 559 2393 par
586 2326 726 2383 inest
748 2330 988 2400 turpido,
1018 2331 1067 2387 si
1089 2333 1208 2388 sine
1233 2333 1822 2405 rationisactemporis
1851 2335 2037 2397 modo,

459 2427 557 2472 aut
597 2419 823 2491 largiter
871 2422 1117 2489 cllluant,
1171 2425 1266 2481 ubi
1316 2441 1427 2480 non
1487 2427 1663 2491 decet,
1721 2437 1816 2482 aut
1874 2442 2038 2498 parce

465 2511 812 2582 teuuiterque
839 2514 1182 2586 stringantur
1211 2558 1226 2582 ,
1269 2532 1416 2579 cum.
1449 2518 1596 2588 quod
1624 2519 1826 2573 Paulus
1854 2519 2037 2574 dilau-

461 2601 598 2655 dans
643 2600 1018 2659 beatissimum
1092 2606 1394 2676 praedicat,
1451 2608 1506 2662 in
1559 2608 2038 2666 benedictionibus

459 2690 841 2749 seminaudum
865 2695 1033 2751 fuerit
1057 2700 1119 2751 ".
1149 2697 1517 2765 Quamobrem
1556 2700 1761 2757 liberos
1788 2701 2042 2759 doctrina-

459 2785 608 2841 omni
640 2786 944 2856 Xenophon
980 2790 1187 2861 implet.
1242 2791 1356 2846 sive
1385 2808 1471 2855 ea,
1494 2807 1617 2863 quae
1643 2794 1885 2865 linguam
1926 2796 2039 2851 ele-

458 2877 657 2946 gautiis
682 2877 1012 2938 Gracanicis
1035 2885 1256 2949 exeolit,
1278 2886 1391 2940 sive
1426 2885 1618 2950 altera,
1668 2903 1791 2957 quae
1824 2902 2037 2943 secun-

458 2971 588 3025 dum
643 2974 811 3029 Deum
859 2985 965 3042 est,
1021 2976 1405 3049 philosophia;
1450 2995 1559 3050 qua
1601 2981 1801 3051 partim
1855 2997 2037 3038 mores

455 3074 812 3129 exornantur.
850 3069 1049 3138 partim
1111 3071 1328 3126 animus
1375 3073 1442 3128 ad
1483 3074 1739 3129 Numinis
1788 3090 2034 3130 amorem

454 3155 756 3211 extollitur.
790 3158 1083 3228 Postquam
1112 3177 1242 3216 vero
1272 3164 1437 3218 ctiam
1472 3164 1651 3235 legum
1689 3165 1919 3221 scientia
1937 3182 2034 3223 eos

456 3244 626 3300 imbui
657 3248 851 3314 voluit,
880 3250 949 3304 ad
1003 3251 1259 3324 Berytum
1298 3255 1511 3319 urbem,
1537 3272 1657 3326 quae
1696 3256 1797 3311 hac
1820 3266 2029 3328 tempe-

453 3340 599 3387 state
617 3334 748 3389 viris
770 3335 948 3405 legum
972 3339 1317 3407 peritissimis
1345 3341 1575 3398 ﬂorebat
1599 3344 1853 3409 maxime,
1884 3346 2026 3408 haud

454 3428 676 3489 gravate
708 3422 917 3480 dimis’t
970 3427 1088 3492 Qua
1118 3429 1172 3484 in
1201 3446 1260 3485 re
1303 3446 1421 3486 sese
1459 3445 1667 3501 patrem
1733 3450 1859 3489 vere
1887 3437 2026 3491 ﬁlios

457 3522 729 3569 amantem
782 3516 1025 3586 prodidit
1057 3561 1072 3583 ,
1128 3520 1301 3576 satius
1346 3523 1574 3587 ducens,
1623 3525 1857 3581 ﬁliorum
1893 3543 2020 3583 con-

454 3610 644 3670 spectu
693 3605 960 3677 tantisper
987 3624 1196 3672 carere.
1225 3626 1389 3681 quam
1443 3614 1564 3670 illus
1623 3619 1889 3673 seriarum
1921 3619 2027 3673 uti-

454 3691 697 3765 ﬁamque
735 3712 919 3753 rerum
951 3703 1302 3774 perceptione
1354 3705 1632 3761 {radium

2143 1965 2439 2035 πατρικῆς,
2489 1963 2626 2019 ἀλλὰ
2648 1964 2742 2017 καί¹
2793 1964 2892 2034 τῆς
2941 1965 3166 2035 ἀρετῆς,
3219 1966 3313 2018 καὶ
3337 1963 3438 2033 τῆς
3469 1964 3719 2028 παιδείας

2142 2055 2517 2126 κληρονόμους
2565 2056 2765 2121 αὐτοὺς
2821 2056 3126 2123 ἀποδεῖξαι,
3171 2056 3205 2128 ἢ
3238 2057 3454 2111 καὶτὸν
3489 2054 3729 2109 πλοῦτον

2139 2145 2246 2200 οἶδε
2279 2146 2474 2212 σώζειν
2503 2149 2618 2211 τοῖς
2649 2147 3031 2219 κεκτημένοις,
3066 2148 3160 2203 καὶ
3185 2151 3358 2204 ποιεῖν
3388 2149 3533 2219 ἔχειν
3552 2148 3729 2202 αὐτὸν

2142 2237 2343 2307 μᾶλλον
2378 2239 2409 2308 ῆ
2447 2238 2545 2290 ὑπ’
2572 2238 2781 2292 ἐκείνου
2812 2239 2996 2304 κακῶς
3023 2238 3262 2309 ἔχεσθαι,
3285 2240 3379 2293 καὶ
3405 2241 3440 2309 ἢ
3473 2239 3722 2309 συνέχειν

2137 2329 2689 2401 δουλοπρεπέστερον,
2740 2331 2773 2403 ἢ
2831 2331 3146 2386 ἀναλίσκειν
3228 2332 3714 2403 ἐπισφαλέστερον.

2151 2420 2465 2490 Ἀμφότερα
2504 2421 2614 2492 γὰρ
2678 2420 2799 2491 ἴσην
2826 2421 2942 2493 ἔχει
2969 2422 3069 2493 τὴν
3117 2422 3369 2489 ἀτοπίαν,
3413 2423 3574 2490 λόγου
3622 2422 3725 2475 καὶ

2138 2513 2334 2585 καιροῦ
2355 2512 2679 2585 λειπόμενα,
2702 2514 2800 2568 καὶ
2828 2514 2889 2568 τὸ
2909 2514 3150 2586 δαψιλῶς
3175 2514 3320 2587 ῥέειν
3341 2514 3470 2568 ἔνθα
3503 2516 3579 2587 μὴ
3612 2514 3717 2575 δεῖ,

2138 2606 2234 2657 καὶ
2268 2604 2328 2659 τὺ
2360 2605 2619 2674 φειδωλὸν
2643 2602 2900 2661 εἶναικαὶ
2929 2605 3255 2677 μικρολόγον
3282 2605 3411 2658 ἔνθα
3445 2605 3505 2657 τὸ
3562 2603 3726 2658 σπεί-

2142 2714 2257 2766 ρειν
2300 2697 2388 2750 ἐπ’
2443 2698 2738 2767 εὐλογίαις,
2773 2700 2802 2752 ὃ
2837 2715 2970 2769 φησι
3018 2697 3252 2763 Παῦλος,
3294 2698 3566 2768 μακάριον
3622 2699 3723 2750 καὶ

2140 2788 2455 2842 ἐπαινετόν.
2478 2790 2579 2844 Διά
2608 2793 2770 2845 τοῦτο
2788 2794 2884 2845 καὶ
2902 2790 3087 2854 πάσης
3105 2790 3305 2852 αὐτοὺς
3322 2789 3573 2853 παιδείας
3588 2788 3719 2860 πλη-

2142 2881 2246 2948 ροῖ,
2271 2879 2370 2949 ὅση
2396 2897 2452 2932 τε
2470 2880 2569 2951 τῆς
2604 2880 2918 2951 Ἑλληνικῆς
2943 2878 3263 2949 φιλοκαλίας
3284 2879 3400 2932 ἐστὶ
3422 2880 3520 2950 τὴν
3540 2878 3720 2945 γλῶτο

2140 2986 2239 3022 ταν
2281 2970 2551 3036 ἀσκοῦσα,
2580 2974 2675 3025 καὶ
2702 2973 2800 3043 ὅση
2832 2974 2931 3042 τῆς
2958 2970 3100 3026 κατά
3128 2971 3262 3024 Θεὸν
3296 2970 3615 3040 φιλοσοφίας
3648 2973 3726 3025 τά

2138 3079 2198 3114 τε
2229 3063 2333 3134 ἦθη
2382 3063 2683 3135 κοσμοῦσα,
2709 3066 2806 3120 καὶ
2834 3066 2933 3137 τὴν
2953 3064 3130 3137 ψυχὴν
3161 3065 3296 3137 πρὸς
3326 3064 3605 3133 φιλοθεῖαν
3626 3066 3720 3118 ἀν-

2143 3153 2372 3223 οίγουσα.
2404 3156 2559 3209 Ἐπεὶ
2590 3157 2645 3210 δὲ
2680 3156 2774 3210 καὶ
2812 3157 2978 3228 νόμον
3003 3156 3201 3220 αὐτοὺς
3227 3148 3490 3226 ἠϐούλετο
3513 3155 3724 3223 γνῶσιν

2136 3245 2302 3316 ἔχειν,
2345 3248 2483 3320 πρὶς
2530 3249 2686 3303 πόλιν
2739 3251 2983 3322 Βηρυτὸν
3029 3251 3304 3320 ἐκπέμπει
3352 3250 3557 3320 (ἐκείνη
3605 3248 3716 3321 γὰρ

2134 3339 2255 3392 τότε
2310 3343 2419 3404 τοῖς
2465 3341 2667 3413 πολλὴν
2704 3342 2888 3412 ἔχουσι
2928 3341 3196 3412 περὶτῶν
3250 3343 3431 3412 νόμων
3482 3341 3717 3411 μελέτην

2136 3431 2394 3501 ἀνδράσιν
2421 3433 2619 3504 ἤνθει),
2640 3434 2846 3505 πατρὸς
2886 3434 3058 3497 ὅντως
3098 3433 3412 3503 φιλόπαιδος
3443 3432 3709 3499 ἐπιδείξας

2136 3524 2322 3596 ἔργον,
2351 3529 2482 3585 υίῶν
2513 3527 2730 3598 ὁμιλίας
2758 3527 3051 3597 ὑπομεῖναι
3086 3526 3344 3596 στέρησιν
3377 3526 3540 3589 αὐτὸς
3570 3525 3705 3578 ἀνα-

2136 3625 2420 3695 σχόμενος,
2458 3619 2490 3690 ἢ
2519 3619 2763 3683 ἐκείνους
2793 3617 3166 3691 ἀποστερῆσαί
3195 3635 3341 3682 τινος
3385 3618 3496 3672 τῶν
3541 3635 3704 3672 σπουι

2137 3716 2302 3771 δαίων
2328 3714 2422 3768 καὶ
2447 3711 2767 3783 ὠφελίμων.
2880 3708 2895 3719 ’
3646 3698 3652 3709 ⁸

1974 3855 2197 3908 (ᾹΞἪΤ
2229 3853 2290 3909 ii.

1328 3960 1489 4035 Αἴθων
1513 3967 1650 4034 [ilius
1681 3950 1921 4036 «cecinit,
1952 3970 2166 4023 instruit
2203 3984 2221 4022 :
2248 3968 2426 4021 divina
2460 3984 2566 4038 ope'
2589 3979 2830 4021 curatur.

520 4069 606 4129 IV.
631 4070 934 4144 Hisit’aque
959 4077 1158 4135 studiis
1189 4096 1312 4137 cum
1335 4083 1585 4153 gnaviter
1639 4085 2028 4142 incumberent

449 4165 572 4231 ﬁlii,
610 4166 665 4221 in
699 4169 951 4224 morbum
1007 4172 1392 4241 gravissimum
1438 4191 1637 4244 parens
1672 4178 1887 4232 incidit.
1946 4177 2021 4232 Ac

450 4258 680 4315 morbus
714 4260 936 4330 quidem
964 4272 1195 4317 mortem
1241 4265 1578 4331 minabatur.
1647 4269 1744 4324 sed
1791 4269 2022 4324 filiorum

449 4344 693 4403 absentia
719 4360 892 4406 morte
908 4354 1126 4422 gravior
1138 4362 1275 4420 erat,
1301 4370 1425 4410 cum
1446 4358 1801 4413 vehementer
1818 4369 2028 4414 metuc-

456 4446 558 4496 ret.
617 4453 684 4494 ne
744 4440 1145 4509 jucundissimo
1187 4447 1513 4501 eorutndcm
1567 4461 1904 4519 conspectu,
1963 4466 2025 4505 ac

451 4528 918 4588 desideratissima
962 4532 1404 4593 dul‘cissimorum
1458 4541 1749 4610 pignorum
1789 4557 2020 4597 consuc-

447 4619 637 4674 tudine
692 4621 992 4679 frustratus
1038 4641 1105 4682 ex
1140 4628 1242 4684 hac
1273 4631 1384 4684 vita
1433 4616 1740 4702 raperetur.
1772 4632 1945 4701 igitur
1973 4645 2028 4686 rt

446 4705 703 4766 celeriter
735 4712 1092 4779 advocamur,
1121 4727 1176 4772 et
1207 4718 1472 4775 citissime
1506 4719 1783 4784 advolmt,
1809 4720 2028 4776 deside-

448 4801 654 4857 riorum
706 4805 808 4861 alis
852 4807 1143 4874 sublevati,
1227 4811 1437 4882 viaeque
1495 4812 1896 4883 longitudinem
1934 4830 2023 4868 ar-

445 4891 580 4947 dore
638 4896 903 4952 mentium
961 4898 1374 4957 contrahentes.
1429 4899 1546 4956 Non
1606 4910 1816 4957 tantum
1877 4905 2023 4960 enim

445 4982 791 5051 amabantur,
825 4988 920 5042 sed
973 5001 1031 5045 et
1082 5007 1193 5045 non
1247 4992 1430 5047 minus
1483 4993 1778 5059 amabant,
1841 5011 2021 5064 neque

446 5074 621 5128 solum
647 5090 674 5130 a
704 5089 918 5142 natura.
951 5096 1141 5136 verum
1165 5080 1332 5136 etiam
1358 5097 1388 5137 a
1424 5084 1649 5148 virtute,
1673 5100 1835 5153 quam
1876 5086 2022 5141 desi—

444 5168 616 5223 deriis
658 5171 864 5224 mutuis
909 5173 1143 5235 alerent,
1181 5173 1312 5229 huic
1361 5176 1771 5242 imitabantur,-
1829 5179 1909 5234 sic
1951 5181 2023 5234 ἰιι

445 5274 571 5313 vere
600 5259 695 5314 ﬁlii
714 5273 918 5329 essent,
944 5265 1036 5332 qui
1070 5272 1180 5321 tum
1208 5267 1262 5322 in
1287 5279 1568 5337 parentem
1594 5285 1810 5327 summo
1834 5288 2020 5328 amore

444 5347 744 5416 ferrentur,
771 5361 884 5407 tum
906 5354 1149 5411 vicissim
1180 5373 1208 5412 a
1234 5368 1459 5428 parente
1490 5360 1791 5431 plurimum
1818 5363 2014 5433 dilige-

444 5455 660 5499 rentur.
701 5444 881 5514 Quare
932 5449 1023 5503 ubi
1065 5449 1120 5505 in
1166 5451 1511 5512 dulcissimos
1561 5456 1795 5512 ﬁliomm
1834 5459 2017 5514 vultus

443 5535 717 5603 eoiijicere
760 5538 949 5594 oculos
1002 5542 1219 5611 parenti
1260 5543 1436 5610 licuit,
1479 5547 1766 5603 confestim
1820 5547 2014 5603 morbo

443 5624 610 5681 levari
643 5624 828 5695 cmpit.
854 5637 908 5685 et
931 5643 959 5684 a
994 5633 1278 5700 prmsentis
1306 5635 1602 5706 voluptatis
1644 5639 2014 5706 magnitudine

524 5799 539 5825 ³
600 5799 737 5853 ἳῖἷῖι.
770 5817 873 5869 (Χῖ,
1047 5810 1085 5844 ’⁸
1136 5811 1257 5864 (Τοῖ’,
1308 5832 1375 5871 τίς.
1434 5822 1481 5866 Η,

2057 4497 2111 4552 D

2204 4089 2277 4138 A’.
2309 4085 2431 4143 Ἔτι
2455 4084 2512 4138 δὲ
2540 4086 2672 4155 περὶ
2695 4086 2794 4154 τὴν
2826 4086 3084 4156 τοιαύτην
3111 4086 3346 4158 ἄσκησιν
3372 4087 3478 4140 τῶν
3507 4089 3722 4145 παίδων

2132 4176 2573 4255 ἀσχολουμένων,
2631 4178 2659 4229 ὁ
2693 4177 2895 4250 ,πατὴρ
2948 4179 3089 4249 νόσῳ
3148 4178 3469 4249 περιπίπτει
3522 4178 3708 4253 δεινῇ)

2131 4269 2287 4338 καὶὴ
2324 4269 2424 4339 μὲν
2451 4268 2605 4329 νόσος
2644 4268 2861 4338 ἠπείλει
2904 4271 3154 4334 θάνατον,
3193 4272 3225 4342 ἡ
3259 4270 3317 4325 δὲ
3365 4272 3474 4325 τῶν
3507 4273 3715 4329 παίδων

2134 4346 2386 4428 στέρησις
2414 4361 2509 4412 καὶ
2540 4360 2775 4414 θανάτου
2809 4361 2974 4415 πλέον
3000 4362 3211 4429 ἐλύπει,
3236 4365 3311 4434 μὴ
3338 4364 3481 4420 οὕτω
3498 4367 3717 4434 φθάσας

2132 4449 2361 4514 ἀθέατος
2426 4450 2654 4503 ἀπέλθοι
2694 4452 2789 4505 καὶ
2843 4453 3169 4522 ἀνομίλητος
3213 4456 3487 4523 φιλτάτων
3535 4457 3709 4527 ὄψεων

2129 4540 2348 4608 ὁμιλίας
2392 4542 2801 4612 ποθεινοτάτης.
2834 4545 2932 4598 Διὰ
2979 4544 3141 4600 τοῦτο
3191 4547 3285 4600 καὶ
3316 4548 3709 4617 μετακαλεῖται

2128 4632 2336 4702 τάχιον,
2383 4632 2479 4686 καὶ
2526 4632 2685 4686 αὐτοὶ
2737 4634 2995 4705 παρῆσαν
3020 4635 3119 4689 οὐκ
3148 4638 3227 4700 είς
3263 4636 3504 4709 μακρὰν,
3540 4638 3705 4692 πόθεν

2134 4726 2355 4790 πτεροῖς
2390 4724 2799 4794 κουφιζόμενοι,
2828 4726 2922 4778 καὶ
2960 4728 3023 4779 τδ
3077 4727 3213 4780 πολὺ
3245 4729 3344 4795 τῆς
3374 4727 3495 4781 ὁδοῦ
3530 4727 3706 4799 βραχὺ

2128 4819 2197 4887 τῇ
2232 4817 2411 4889 θέρμῃ
2444 4818 2538 4887 τῆς
2566 4818 2745 4888 ψυχῆς
2782 4817 3119 4887 ποιούμενοι.
3153 4820 3227 4872 Οὔ
3273 4821 3384 4889 γὰρ
3425 4804 3707 4886 ὲφίλοῦντο

2132 4909 2315 4974 μόνον,
2356 4908 2494 4961 ἀλλὰ
2544 4909 2641 4962 καὶ
2686 4908 2840 4962 οὐδὲν
2899 4903 3064 4980 ἦττον
3112 4910 3352 4979 ἐφίλουν,
3411 4913 3472 4963 οὐ
3508 4911 3567 4964 τὸ
3601 4910 3706 4963 πᾶν

2130 4995 2346 5065 ἔχοντες
2393 4997 2577 5059 ἁπλῶς
2611 4999 2675 5050 ἐκ
2718 4997 2821 5063 τῆς
2872 4996 3108 5067 φύσεως,
3164 4999 3300 5052 ἀλλὰ
3331 5000 3424 5053 καὶ
3450 4999 3708 5069 ἀφορμὰς

2096 5088 2208 5150 ἐἰς
2238 5088 2401 5141 πόθον
2438 5088 2695 5159 ἀλλήλοις
2754 5088 2862 5141 ἀπὸ
2908 5090 3010 5158 τῆς
3059 5091 3259 5161 ἀρετῆς
3290 5092 3568 5161 νέμοντες,
3630 5092 3705 5156 ὡς

2127 5176 2266 5231 εἶναι
2300 5177 2521 5243 τούτους
2585 5179 2954 5251 φιλοπάτορας
2997 5182 3147 5242 υἱοὺς
3188 5182 3393 5251 πατρὸς
3434 5184 3531 5236 σὺν
3572 5181 3707 5252 ἁλη-

2127 5270 2250 5341 θείᾳ
2289 5270 2626 5339 φιλόπαιδος.
2692 5270 2843 5324 Ἰδὼν
2898 5270 2957 5324 δὲ
3020 5273 3148 5334 τοὺς
3194 5272 3411 5337 παῖδας,
3444 5273 3707 5346 καὶπρὸς

2126 5362 2386 5430 γλυκεῖαν
2411 5361 2536 5430 ὄψιν
2561 5362 2785 5431 ὄμματα
2820 5361 3163 5433 προσϐαλὼν,
3191 5364 3336 5434 ῥᾴων
3367 5364 3532 5425 εὐθὺς
3563 5365 3707 5431 γίνε-

2097 5461 2237 5517 ’ται,
2269 5453 2365 5506 καὶ
2399 5438 2736 5522 κουφοτέρας
2761 5451 2951 5523 ὥσπερ
2982 5452 3082 5521 τῆς
3101 5453 3258 5506 νόσου
3285 5452 3374 5506 διὰ
3411 5454 3511 5521 τὴν
3551 5469 3705 5523 παρ-

2125 5545 2299 5599 οὖσαν
2325 5545 2521 5617 ἡδονὴν
2575 5542 2918 5600 αἰσθάνεται.
2950 5544 3083 5598 Λύει
3141 5546 3250 5617 γὰρ
3307 5545 3571 5609 πολλάκις
3617 5545 3706 5597 είς·

2126 5638 2398 5708 φρνσύνης
2426 5636 2702 5708 ὑπερϐολὴ
2738 5637 2894 5691 νόσον
2949 5637 3229 5708 σώματος,
3261 5638 3451 5711 ὥσπερ
3493 5637 3591 5693 καὶ
3624 5636 3700 5712 μὴ
