4138 6398
398 430 536 498 [01η

1640 432 1815 493 VITA
1846 432 1905 491 S.
1942 429 2511 515 XENOPHONTIS.

3503 429 3645 497 1013

392 547 560 601 οὖσαν
596 544 910 598 ἐκκαλεῖται
946 543 1183 613 μέγεθος
1221 541 1478 613 ἀθυμίας.
1510 542 1828 613 Περιλαὸὼν
1874 535 1944 594 ob‘

2071 541 2196 596 mali
2231 541 2410 613 fugam
2445 546 2671 600 sentire.
2704 546 2857 616 Strpc
2883 550 3029 603 enim
3072 557 3129 603 ut
3166 549 3248 603 vis
3288 546 3470 618 gaudii
3519 563 3644 603 cor.

386 639 518 701 τοὺς
546 636 744 699 παῖδας
771 636 867 690 καὶ
894 636 1014 698 ὅλος
1042 636 1229 698 αὐτοῖς
1260 637 1323 689 ἐκ
1354 635 1708 707 περιχαρείας
1741 652 1967 705 περιχυ-

398 727 533 787 θεὶς,
587 727 679 778 καὶ
718 727 836 795 ἅμα
908 726 1009 795 μὲν
1057 727 1253 797 ἡδονῆς
1300 725 1677 796 πληρούμενος
1722 727 1800 796 τῷ
1834 726 1965 789 τοὺς

387 819 680 888 φιλτάτους
710 818 860 880 ἰδεῖν,
894 818 1012 886 ἅμα
1042 817 1097 871 δὲ
1126 818 1221 871 καὶ
1261 819 1342 878 είς
1386 816 1565 887 λύπην
1611 820 1677 888 τῇ
1702 818 1961 888 στερήσει

384 910 592 963 τούτων
621 909 708 963 διὰ
741 910 840 979 τῆς
874 910 970 963 τοῦ
1018 909 1248 964 θανάτου
1283 911 1505 980 μνήμης
1538 909 1795 975 ἐπανιὼν,
1828 912 1958 963 πολ-

382 1001 492 1063 λοῖς
526 997 596 1072 ἦν
628 1000 724 1054 καὶ
757 1001 1118 1064 παντοδαποῖς
1149 1003 1262 1063 τοῖς
1307 1001 1520 1055 πάθεσι.
1563 1001 1917 1071 μεριζόμενος
1942 1015 1956 1031 ·

381 1093 540 1148 τοῦτο
576 1093 676 1162 μὲν
717 1091 1012 1161 ἀγαλλιῶν,
1071 1092 1233 1145 τοῦτο
1275 1092 1334 1147 δὲ
1369 1092 1463 1145 καὶ
1505 1092 1817 1165 περιαλγῶν
1865 1092 1958 1146 καὶ

384 1186 693 1255 κατηφείας
737 1184 939 1255 μεστὸς
983 1184 1287 1254 γινόμενος,
1328 1186 1424 1241 νῦν
1460 1185 1560 1256 μὲν
1620 1185 1710 1254 ὑφ’
1763 1184 1958 1255 ἡδονῆς

384 1274 785 1344 ἀσπαζόμενος,
831 1273 925 1327 νῦν
952 1275 1009 1327 δὲ
1040 1274 1294 1344 δακρύων
1324 1273 1424 1337 τὰς
1457 1273 1691 1343 παρειὰς
1718 1272 1957 1343 πληρού-

384 1385 566 1439 μενος,
593 1367 717 1437 ἀρτι
745 1365 928 1436 φωνὰς
950 1366 1404 1437 εὐχαριστηρίους
1439 1364 1954 1436 προπέμπωνβεῷ,

383 1460 510 1531 ἄρτι
544 1454 1019 1528 τῆςθάνθρωπίνης
1058 1455 1480 1521 καταστενάζων
1505 1454 1743 1525 φύσεως.

454 1631 529 1690 Ε’.
562 1629 696 1688 Εἶτα
731 1634 825 1687 καὶ
844 1633 1017 1701 λόγων
1044 1634 1248 1704 ἥπτετο
1271 1632 1408 1706 πρὸς
1442 1633 1660 1699 αύτοῦς,
1692 1633 1965 1704 καταρτίι

383 1729 503 1793 ζειν
552 1725 634 1780 ἔτι
684 1726 820 1798 πρὸς
866 1727 1071 1797 ἀρετὴν
1118 1726 1463 1798 βουλόμενος,
1498 1725 1760 1796 αἰσχύνης
1805 1726 1954 1792 ἀξιον

2066 634 2218 703 poris
2257 634 2506 689 morbum
2551 638 2796 706 expellit,
2831 639 2907 693 ita
2958 642 3213 696 maeroris
3259 639 3535 695 acerbitas
3559 639 3653 693 iu-

2064 724 2381 781 ﬁrmitatem
2432 727 2717 781 absentem
2771 728 3020 786 advocat.
3068 731 3423 801 Amplexatus
3473 722 3644 800 igitur

2063 814 2286 880 liberos,
2315 831 2380 871 ac
2411 827 2559 872 totus
2598 816 2665 871 iis
2700 835 2768 874 ex
2812 819 3017 875 laetitias
3049 820 3381 875 abundantia
3409 819 3643 875 circum-

2063 906 2238 971 fusus,
2279 917 2335 963 et
2364 910 2526 964 simul
2556 925 2622 964 ex
2644 910 3129 966 dilectissimorum
3163 921 3467 981 conspectu
3498 928 3643 983 gau—

2061 1000 2144 1055 dii
2170 1001 2388 1069 plenus,
2414 1001 2576 1056 simul
2612 1003 2665 1056 in
2700 1001 2979 1057 tristitiam
3011 1018 3079 1057 ex
3104 1018 3293 1057 eorum
3329 1003 3636 1073 privatione

2058 1091 2361 1162 mortisque
2420 1093 2685 1169 memoria
2744 1093 3017 1158 relabens,
3062 1093 3127 1147 in
3165 1093 3499 1163 multiplices
3538 1109 3647 1147 vam

2058 1189 2280 1259 riosque
2305 1189 2536 1243 all'eetus
2563 1188 3009 1252 distrahebatur;
3034 1187 3163 1241 hinc
3188 1187 3409 1256 quidem
3457 1189 3641 1243 exsul-

2060 1286 2201 1343 laus,
2248 1278 2376 1332 inde
2418 1287 2605 1333 autem
2636 1278 2867 1343 dolens,
2921 1276 3296 1346 rurestiliaque
3343 1278 3601 1346 perfusus
3619 1296 3647 1333 :-
3705 1266 3708 1270 ’

2056 1384 2201 1424 nunc
2230 1369 2481 1440 lacrymis
2503 1384 2669 1439 genas
2692 1369 2988 1432 inundans,
3028 1385 3175 1425 nunc
3203 1369 3643 1441 gratulabundus

2056 1457 2192 1524 Deo,
2248 1474 2397 1514 nunc
2444 1458 2699 1514 humana;
2755 1469 2966 1515 naturae
3018 1460 3354 1531 cogitatione
3403 1467 3636 1536 ingemi-

2056 1565 2243 1607 δεθηῇ

2054 1686 2057 1687 ν
2126 1644 2189 1699 ν.
2225 1645 2491 1717 Deinceps
2513 1655 2569 1703 et
2598 1645 2976 1707 verba'faeere
3003 1651 3194 1720 coepit,
3215 1650 3418 1721 quibus
3441 1664 3543 1707 eos
3564 1650 3640 1705 ad

2055 1736 2315 1792 virtutem
2339 1752 2730 1812 componeret;
2755 1744 3039 1815 indignum
3072 1754 3243 1808 ratus,
3274 1744 3317 1799 si
3344 1744 3641 1800 obnoxiam

378 1818 518 1875 εἶναι
569 1820 986 1891 ὑπολαμϐάνων,
1031 1822 1081 1874 εί
1135 1819 1392 1891 φθαρτῶν
1460 1819 1561 1890 μὲν
1610 1820 1944 1891 πραγμάτων

2058 1828 2401 1898 corruption'i
2436 1832 2546 1888 illis
2594 1834 2973 1889 hereditatem
3023 1834 3382 1904 relinqueret,
3417 1842 3475 1888 et
3522 1848 3647 1887 now

381 1912 592 1983 μέλλων
616 1889 765 1982 αὑτῷ
811 1889 1182 1984 κληρονόμους
1210 1889 1337 1977 τοὺς
1381 1889 1578 1976 παῖδας
1609 1889 1944 1980 καταλιπεῖν,

2056 1920 2206 1974 omni
2232 1936 2365 1977 cura
2419 1932 2705 1994 praecepta.
2754 1939 2819 1980 ac
2870 1925 3207 1980 monitiones
3264 1933 3373 1980 tam
3425 1926 3645 1995 pretio,~

342 2003 454 2074 ιμὴ
483 2001 665 2069 πολλῷ
716 2002 773 2055 δὲ
808 2002 1039 2073 μελήσει
1075 2001 1238 2055 πλέον
1266 2004 1363 2066 τὰς
1408 2002 1628 2064 ἐντολὰς
1662 2002 1828 2057 αὐτοῦ
1856 2003 1953 2057 καὶ

375 2099 477 2157 τὰς
511 2094 867 2166 παραινέσεις
914 2095 1117 2165 κλῆρον
1151 2096 1335 2159 αὐτοῖς
1366 2096 1590 2166 ἀφεῖναι
1632 2096 1783 2167 παρά
1814 2096 1949 2150 πολὺ

372 2185 704 2257 τιμιώτερον
767 2185 863 2240 καὶ
937 2185 1399 2257 λυσιτελέστερον.
1473 2187 1629 2257 Ἐμοὶ
1683 2189 1782 2258 μὲν
1830 2184 1948 2251 οὖν,

372 2278 547 2346 ἔλεγε,
582 2279 768 2344 τέκνα,
826 2280 855 2333 ό
911 2278 1254 2350 ἀνθρώπινος
1302 2280 1434 2344 ἴσως
1473 2279 1587 2350 βίος
1633 2281 1769 2351 πρὸς
1800 2281 1949 2343 τέλος

372 2368 475 2438 ἥδη
508 2370 707 2438 χωρεῖ⁹
743 2369 794 2422 ei
829 2365 1087 2438 βούλεσθε
1108 2369 1164 2422 δὲ
1204 2371 1375 2439 πατρὶ
1400 2369 1630 2440 χάριτας
1658 2370 1949 2425 ἀποδοῦναι

380 2458 658 2528 ιβιύλεσθε
694 2459 772 2524 δὲ,
799 2454 939 2523 οἶδα,
963 2458 1100 2514 πολὺ
1125 2460 1187 2514 τὸ
1215 2460 1351 2531 πρὸς
1381 2462 1531 2531 ἡμᾶς
1556 2462 1777 2532 φίλτρον
1801 2461 1952 2532 ἕχον-

371 2550 509 2620 τες),
537 2549 743 2620 ταύτην
756 2550 881 2621 ἐμοὶ
912 2551 1140 2605 ἀπόδοτε
1163 2551 1354 2605 πασῶν
1382 2553 1621 2625 χαρίτων
1664 2570 1947 2623 προτιμωο

375 2637 579 2706 μένηνο
625 2639 659 2707 ἡ
688 2638 747 2691 δέ
774 2641 915 2706 ἐστι,
946 2638 1010 2692 τδ
1050 2638 1354 2710 θελήμασιν
1399 2642 1545 2713 ὑμᾶς
1582 2642 1947 2715 ἀκολουθῆσαι

368 2727 532 2792 θεοῦ,
556 2729 678 2782 καθ’
698 2728 728 2783 ὂ
758 2733 851 2784 καὶ
875 2731 979 2803 ήδη
1008 2731 1433 2798 ἀκολουθοῦντές
1471 2736 1619 2803 ἐστε,
1647 2739 1741 2791 καὶ
1769 2738 1945 2791 ὀπίσω

374 2821 488 2874 τῶν
515 2821 743 2876 ἐντολῶν
765 2824 932 2878 αὐτοῦ
976 2826 1075 2880 καὶ
1098 2825 1209 2880 τῶν
1231 2826 1359 2898 θελη
1369 2827 1555 2898 μάτων
1586 2829 1941 2900 πορεύεσθαι.

379 2915 446 2967 Ὃ
472 2913 733 2986 βούλομαι
766 2917 978 2985 λέγειν,
995 2918 1057 2972 οὐ
1087 2919 1177 2973 διά
1205 2919 1372 2990 τῦφον
1399 2921 1533 2992 ἐρῶ,
1567 2922 1703 2976 ἀλλὰ
1731 2923 1941 2989 ἐπαγα-

373 3004 569 3074 γέσθαι
627 3007 796 3062 πλέον.
818 3009 963 3079 ὑμᾶς
1001 3010 1341 3081 γλιχόμενος.
1381 3012 1445 3068 Ei
1474 3013 1585 3084 γὰρ
1643 3013 1941 3084 βουληθῆτε

370 3097 627 3170 καθάπερ
676 3099 1037 3171 ύπρδείγματι
1078 3101 1319 3173 χρῆσθαι
1374 3102 1452 3174 τῷ
1505 3104 1627 3175 ὲμῷ
1675 3104 1799 3176 βίῳ,
1850 3106 1945 3158 καὶ

2054 2026 2218 2080 quam
2251 2011 2489 2068 utilitate
2525 2014 2767 2069 terrenis
2799 2013 3145 2084 rebusdonge
3172 2013 3508 2084 superiores,
3561 2014 3629 2069 ad

2050 2103 2272 2161 eosdem
2303 2105 2621 2175 patrimonii
2638 2107 2760 2162 loeo
2779 2108 3179 2162 transmitteret
3203 2124 3216 2161 :
3237 2106 3353 2162 Mea
3381 2105 3639 2177 quidem.

2052 2192 2253 2263 inquit,
2285 2196 2416 2261 vita,
2467 2196 2654 2261 liberi,
2684 2197 2796 2269 jam
2823 2198 2890 2253 ad
2920 2207 3121 2254 metam
3164 2206 3375 2269 spectat
3405 2216 3419 2250 :
3480 2197 3642 2269 quod

2053 2285 2100 2339 si
2133 2286 2288 2342 vobis
2316 2288 2556 2356 aliquam
2607 2290 2821 2359 parenti
2851 2290 3080 2361 gratiam
3122 2289 3330 2345 referre
3367 2289 3519 2345 cordi
3546 2298 3640 2344 est-

2054 2368 2151 2442 (de
2169 2393 2278 2449 quo
2302 2380 2475 2433 vestri
2524 2382 2576 2434 iu
2625 2397 2712 2436 me
2753 2382 2960 2436 amoris
3014 2381 3179 2436 ardor
3210 2381 3466 2436 dubitare
3516 2396 3628 2436 non

2053 2469 2230 2536 sinit),
2252 2470 2357 2524 hoc
2373 2487 2549 2525 unum
2572 2472 2739 2539 mihi,
2753 2473 2899 2543 quod
2920 2472 3132 2529 caeteris
3151 2473 3418 2528 omnibus
3432 2474 3637 2543 praeie-

2051 2574 2192 2626 ram,
2218 2559 2490 2631 reponite,
2523 2573 2582 2616 ut
2614 2562 2812 2618 divinae
2833 2563 3125 2633 voluntati,
3162 2562 3640 2635 quemadmodum

2050 2651 2255 2716 facitis,
2283 2652 2701 2723 obsequamini,
2721 2654 2998 2725 vitamque
3026 2671 3093 2711 ex
3136 2657 3457 2725 praescripto
3482 2658 3630 2726 ejus—

2047 2742 2171 2796 dem
2198 2743 2518 2798 instituatis.
2547 2743 2701 2810 Quod
2732 2758 2898 2813 porro
2919 2744 3169 2800 dicturus
3196 2760 3338 2808 sum,
3365 2744 3418 2798 id
3445 2745 3636 2799 haud—

2045 2848 2319 2903 quaquam
2341 2833 2412 2888 ab
2443 2834 2590 2888 inani
2615 2834 2959 2904 gloriatione,
2988 2834 3084 2889 sed
3110 2850 3141 2890 a
3178 2850 3394 2890 summo
3419 2849 3515 2890 vos
3540 2835 3631 2891 ins

2044 2924 2571 2992 citandidcsiderio,
2607 2925 2911 2996 profectum
2950 2927 3204 2996 accipite.
3233 2926 3289 2981 Si
3325 2928 3470 2982 enim
3510 2928 3633 2984 vita

2047 3033 2169 3073 mea
2209 3026 2465 3088 tanquam
2501 3018 2751 3088 exemplo
2786 3018 2864 3073 uti
2897 3019 3142 3085 libuerit,
3174 3021 3634 3091 conjectisqueiuo

2045 3110 2294 3165 eamdem
2322 3108 2498 3164 oculis
2518 3123 2614 3164 vos
2634 3110 2702 3165 ad
2730 3126 2850 3166 eam
2869 3112 3021 3166 velut
3036 3111 3311 3181 quoddam
3341 3111 3632 3181 specimen»

374 3191 511 3265 πρὸς
556 3191 721 3246 αὐτὸν
753 3193 1091 3262 ἀφορῶντες,
1136 3193 1327 3261 ὥσπερ
1377 3196 1459 3258 είς
1502 3195 1690 3250 εἰκόνα
1743 3197 1809 3267 δὴ
1849 3198 1944 3251 καὶ

2052 3211 2214 3271 atque
2258 3201 2551 3272 imaginem
2598 3201 2961 3267 couiormare,
2992 3202 3244 3258 fortassis
3276 3201 3415 3258 alius
3464 3203 3629 3259 vobis

367 3280 702 3351 ἀρχέτυπον,
733 3281 879 3335 οὕτω
899 3282 1112 3337 τά·κ;ιθ’
1134 3284 1360 3348 ἑαυτοὺς
1386 3284 1707 3355 ῥυθμίζειν,
1726 3288 1856 3351 ῖσως
1880 3288 1941 3341 ού

370 3371 586 3426 πολλῶν
616 3372 794 3427 ἄλλων
848 3372 1113 3443 δεήσεσθε
1156 3374 1497 3429 διδασκάλων
1519 3393 1534 3407 ·
1564 3376 1742 3442 ἄλλως
1768 3394 1828 3431 τε
1860 3378 1940 3442 δὲ,

369 3468 465 3519 καὶ
501 3465 561 3519 τὸ
594 3467 946 3538 παράδειγμα
996 3467 1172 3536 ἐγγὺς
1210 3468 1384 3535 ἕξετε,
1424 3471 1518 3522 καὶ
1551 3470 1753 3540 μᾶλλον
1794 3470 1943 3542 αὐτῷ

366 3558 734 3628 ποιηθήσεσθε
758 3574 773 3588 ·
803 3559 1204 3630 εὐμαθέστεραι
1259 3560 1369 3631 γὰρ
1407 3561 1516 3614 τῶν
1549 3562 1765 3616 οἰκείων
1795 3561 1944 3616 διδα-

367 3647 611 3713 σκαλίαι,
642 3650 787 3720 λόγῳ
833 3667 894 3703 τε
924 3652 1015 3705 καὶ
1058 3651 1259 3727 πράξῃ
1303 3652 1609 3722 γινόμεναι,
1638 3654 1734 3706 καὶ
1762 3651 1942 3711 πολλῶ

365 3745 530 3799 πλέον
578 3746 687 3799 τῶν
732 3747 912 3801 ἀλλων
941 3746 1005 3800 τὸ
1048 3746 1274 3802 πιθανὸν
1313 3746 1558 3820 ἔχουσαι.
1608 3749 1800 3803 Οἴδατε
1833 3750 1942 3819 γὰρ

365 3838 456 3890 οἶα
499 3854 588 3907 μοι
621 3837 759 3910 πρὸς
812 3837 1022 3903 πάντας
1048 3840 1369 3911 ἀναστροφὴ
1408 3841 1625 3909 γέγονε,
1668 3842 1763 3894 καὶ
1792 3841 1939 3904 ὅπως

369 3930 435 3981 ἐκ
490 3929 727 3996 πάντων,
790 3933 892 3993 ούκ
943 3933 1166 4005 ἀγάπης
1224 3935 1407 4005 μόνον,
1451 3934 1588 3988 ἀλλὰ
1619 3934 1716 3988 καὶ
1772 3934 1940 4005 τιμῆς

367 4020 658 4093 ἐτύγχανον
717 4024 1027 4089 ἀπολαύων,
1090 4026 1193 4079 οὐκ
1245 4025 1565 4091 ἀλαζονείας
1622 4026 1785 4097 χάριν
1844 4029 1939 4078 καὶ

364 4110 535 4181 τύφου
574 4113 782 4182 ἕνεκεν,
837 4116 952 4169 ἀλλ’
985 4118 1289 4181 ἐπιεικείας
1316 4118 1411 4171 καὶ
1451 4117 1670 4188 τρόπων
1703 4119 1937 4187 χρηστό-

361 4219 544 4273 τητος.
581 4204 697 4259 Ούκ
733 4206 997 4277 ἐξύϐρισα
1026 4209 1169 4280 πρός
1195 4226 1319 4264 τινα
1346 4208 1623 4279 οὐδαμῶς,
1654 4209 1715 4262 ού
1770 4208 1942 4262 λοίδο-

364 4312 461 4366 ρον
492 4297 680 4368 ἀφῆκα
738 4299 1018 4368 γλῶσσαν,
1069 4302 1172 4356 οὐκ
1223 4302 1516 4374 ὲφηλάμην
1572 4304 1940 4374 ταπεινοτέρῳ

364 4386 495 4450 τινὶ,
534 4387 597 4440 ού
626 4387 800 4460 λάθρα
834 4391 1183 4462 κατελάλησα
1219 4392 1315 4447 τοῦ
1352 4394 1603 4467 πλησίον,
1635 4395 1938 4449 σκανδάλου

2053 3293 2311 3364 magister
2365 3310 2474 3350 non
2509 3294 2615 3349 erlt
2649 3309 2828 3365 opus:
2874 3310 3001 3349 eum
3058 3304 3114 3349 et
3159 3295 3438 3365 exemplar
3467 3294 3629 3349 vobis

2045 3383 2193 3439 domi
2227 3384 2475 3440 futurum
2514 3387 2606 3451 sit,
2629 3387 2786 3442 etsic
2817 3384 3031 3443 facilius
3060 3386 3115 3442 in
3159 3387 3319 3443 vobis
3347 3402 3500 3442 suam
3550 3386 3627 3443 sit

2046 3476 2279 3532 formam
2329 3494 2751 3549 expressurum.
2803 3479 2940 3534 Nam
2999 3479 3251 3535 doctrina
3295 3480 3618 3544 domestica,

2045 3583 2154 3639 qua
2176 3583 2453 3634 sermone,
2481 3585 2586 3640 qua
2613 3585 2777 3641 opere
2813 3585 3091 3640 expressa,
3131 3580 3187 3626 et
3220 3571 3287 3625 ad
3312 3571 3627 3627 docendum

2044 3658 2527 3723 accommodatior,
2563 3670 2621 3713 et
2652 3660 2717 3713 ad
2739 3659 3181 3729 persuadendum
3216 3661 3487 3716 elIicacior
3513 3671 3619 3727 est,

2042 3765 2205 3819 quam
2231 3760 2474 3806 externa.
2499 3750 2766 3807 Caeterum
2788 3751 2987 3816 nostis,
3011 3766 3132 3820 quae
3159 3767 3278 3806 mea
3304 3750 3470 3805 fuerit
3491 3766 3625 3806 eum

2043 3840 2301 3895 omnibus
2343 3840 2537 3910 agendi
2571 3842 2733 3904 ratio,
2773 3856 2896 3910 quae
2933 3840 3178 3910 undique
3212 3855 3323 3893 non
3375 3854 3621 3895 amorem

2043 3935 2231 3999 modo,
2259 3935 2352 3990 sed
2387 3934 2797 3989 venerationem
2828 3948 3049 4005 quoque
3097 3933 3233 3988 mihi
3281 3934 3617 3998 conciliavit,

2042 4043 2107 4081 ex
2140 4027 2405 4081 modestia
2428 4035 2613 4080 nostra
2662 4039 2991 4094 morumque
3018 4025 3376 4094 benignitate,
3411 4040 3521 4079 non
3552 4018 3633 4078 ex‘

2042 4119 2429 4184 ostentatione,
2452 4127 2547 4172 aut
2577 4132 2730 4171 vana:
2759 4116 2938 4171 laudis
2987 4117 3222 4185 aucupio
3269 4124 3616 4185 prognatam.

2042 4213 2332 4282 Nunquam
2360 4226 2489 4265 sane
2510 4211 2766 4280 cuiquam
2789 4210 3091 4264 insolenter
3123 4209 3358 4279 injurias
3393 4207 3493 4271 fui,
3517 4207 3624 4261 lin-

2042 4319 2202 4373 guam
2234 4319 2265 4357 a
2295 4302 2584 4357 calumniis
2618 4298 2885 4365 abstinui,
2923 4300 3152 4370 abiectis
3180 4315 3292 4354 non
3334 4299 3620 4363 insultavi,

2043 4412 2153 4451 non
2192 4395 2379 4450 furtim
2415 4411 2501 4450 res
2530 4395 2905 4464 proximorum
2941 4392 3165 4462 diripui,
3202 4390 3338 4445 nulli
3390 4389 3625 4444 offendi-

363 4479 542 4534 οὐδενὶ
571 4482 841 4554 κατέστην
876 4484 1070 4549 αίτιος,
1100 4484 1180 4557 τῷ
1204 4484 1362 4557 θυμῷ
1387 4488 1530 4541 κατά
1549 4488 1656 4542 τῶν
1682 4488 1938 4558 ὑπηκόων

2047 4488 2155 4543 culi
2197 4502 2417 4542 causam
2439 4485 2590 4551 dedi,
2626 4487 2677 4539 in
2720 4485 3076 4541 subditorum
3097 4484 3372 4539 neminem
3406 4482 3624 4536 iracun-

362 4572 476 4625 οὐδ’
519 4572 657 4637 ὅλως
705 4574 910 4646 ἐφῆκα,
967 4573 1171 4646 ἔχθραν
1215 4576 1249 4648 ἢ
1306 4578 1479 4649 ὀργὴν
1544 4579 1812 4646 κρύπτειν
1858 4582 1941 4644 εἰς

364 4663 595 4735 καρδίαν
622 4664 723 4720 οὐκ
751 4667 1083 4738 ἠνεσχόμην,
1111 4667 1302 4739 ὥσπερ
1351 4668 1409 4721 δὲ
1443 4672 1511 4737 τῇ
1550 4670 1771 4745 γλώσσῃ
1796 4670 1941 4724 οὕτω

363 4756 458 4807 καὶ
488 4758 601 4820 τοῖς
620 4757 918 4828 ὀφθαλμοῖς
945 4758 1192 4829 φυλακὴν
1214 4758 1443 4832 ἐθέμην·
1472 4758 1599 4814 οὔτε
1622 4761 1730 4832 γάρ
1766 4745 1939 4832 προσ-

362 4847 519 4915 έσγον
560 4849 828 4921 ἀλλοτρίῳ
887 4850 1096 4917 κάλλει,
1162 4850 1287 4906 οὔτε
1330 4853 1554 4922 γυναικὶ
1632 4854 1940 4926 προσῆλθον

365 4940 504 5012 πλὴν
548 4939 653 5011 τῆς
693 4941 967 5013 ὑμετέρας
1029 4943 1259 5016 μητρὸς,
1301 4945 1396 4999 καὶ
1435 4945 1608 5018 ταύτῃ
1649 4946 1815 5017 μέχρι
1843 4947 1938 5001 τοῦ

362 5034 542 5085 τεκεῖν
570 5033 700 5095 τοὺς
731 5031 1023 5102 φιλτάτους
1048 5034 1214 5105 ὑμᾶς,
1242 5031 1363 5090 εἶτα
1391 5037 1666 5109 συνθήκας
1688 5038 1938 5109 ἀλλήλοις

362 5121 499 5192 πρὸς
530 5124 756 5192 ἁγνείαν
788 5126 1048 5197 ἐθέμεθα.
1091 5128 1203 5183 Καὶ
1231 5129 1440 5182 τούτων
1468 5129 1525 5182 δὲ
1550 5129 1651 5200 τὴν
1678 5129 1933 5201 μίμησιν,

362 5216 415 5268 el.’
444 5233 507 5283 γε
561 5215 843 5287 βούλεσθε,
878 5217 1195 5289 ἀρκούντως
1238 5217 1347 5272 ἀπὸ
1397 5216 1506 5273 τῶν
1564 5220 1714 5290 ὲμῶν
1763 5220 1935 5289 ἕξετε,

364 5302 616 5373 ὀρφανοῖς
646 5310 954 5380 προσέχειν,
997 5308 1184 5381 χηρῶν
1223 5310 1606 5379 προΐστασθαι,
1647 5311 1786 5380 νόσῳ
1818 5328 1939 5367 πιε-

365 5391 628 5461 ζομένους
690 5398 1143 5464 ἐπισκέπτεσθαι,
1192 5398 1582 5469 ἀδικουμένους
1635 5401 1699 5455 ὲκ
1756 5401 1938 5472 χειρὸς

367 5487 750 5559 στερεωτέρων
792 5491 1046 5562 ῥύεσθαι,
1082 5494 1254 5564 μητρὶ
1284 5493 1470 5558 σέϐας,
1507 5494 1712 5564 ἱερεῦσι
1754 5496 1937 5565 νέμειν

361 5579 555 5651 τιμὴν,
614 5586 905 5655 μοναχοὺςι
964 5586 1060 5638 καὶ
1095 5585 1330 5656 μάλιστα
1369 5586 1497 5649 τοὺς
1545 5587 1604 5639 ὲν
1651 5588 1932 5658 ἐρημίαις,

287 5687 295 5695 ·
361 5673 456 5726 καὶ
493 5673 666 5745 ὄρεσι,
699 5675 795 5730 καὶ
847 5678 1155 5747 σπηλαίοις,
1191 5677 1283 5731 καὶ
1332 5681 1453 5743 ταῖς
1488 5679 1648 5743 ὀπαῖς
1681 5683 1782 5750 τῆς
1830 5683 1933 5751 γῆς

358 5764 561 5837 πάσης,
608 5767 798 5834 ἀξιοῦν
840 5767 1141 5839 προνοίας·
1204 5769 1265 5822 οὐ
1332 5768 1437 5842 μὴν
1472 5770 1607 5825 ἀλλὰ
1656 5772 1751 5826 καὶ
1803 5776 1932 5843 περὶ

356 5860 481 5923 τοὺς
515 5859 736 5923 δούλους
766 5857 1024 5922 ἐπιεικῶς
1063 5857 1206 5929 ἔχειν
1256 5862 1347 5914 καὶ
1380 5862 1800 5933 φιλανθρώπως,
1845 5866 1929 5919 διὰ

2045 4581 2148 4635 dia:
2200 4579 2351 4633 frena
2379 4578 2576 4642 laxavi,
2610 4575 2927 4631 inimicitias
2961 4586 3019 4630 et
3046 4576 3152 4629 iras
3186 4573 3241 4627 in
3279 4581 3496 4643 pectore
3537 4573 3620 4626 la-

2044 4682 2161 4726 tere
2205 4686 2315 4725 non
2364 4669 2488 4734 sivi,
2547 4684 2704 4738 teque.
2746 4668 2946 4736 linguae
2998 4675 3054 4720 et
3086 4664 3262 4719 oculis
3313 4661 3619 4719 custodiam

2045 4763 2304 4834 imposui,
2338 4764 2394 4817 in
2425 4762 2659 4816 alienam
2720 4757 3192 4829 pulchritudinem
3229 4772 3341 4810 non
3385 4755 3622 4821 intendi,

2044 4855 2109 4912 ad
2149 4855 2436 4910 mulierem
2479 4869 2587 4907 non
2621 4850 3234 4921 acccssi,praeterquam
3279 4848 3347 4903 ad
3390 4855 3619 4902 matrem
3704 4915 3709 4919 _

2041 4959 2320 5017 vestram;
2362 4964 2470 5019 qua
2498 4947 2676 5004 donec
2704 4961 2801 5001 vos
2826 4945 2959 4999 mihi
2996 4942 3348 4998 charissimos
3382 4939 3621 5010 peperit,

2044 5058 2174 5097 usus
2233 5057 2377 5106 sum,
2435 5038 2760 5095 castimonia
2789 5039 3048 5105 deinceps
3098 5051 3165 5089 ex
3214 5043 3376 5104 pacto
3426 5042 3619 5086 mutuo

2040 5140 2276 5190 servata.
2316 5132 2423 5188 Sed
2457 5139 2513 5186 et
2548 5132 2603 5186 in
2647 5131 2797 5185 hisce
2829 5129 3031 5184 imitari
3064 5142 3164 5182 nos
3210 5124 3429 5181 abunde
3458 5131 3618 5190 pote-

2026 5223 2160 5284 stis.
2221 5222 2266 5276 si
2318 5221 2607 5276 volueritis
2653 5219 2891 5291 pupillos
2933 5233 3149 5281 curare,
3208 5218 3372 5279 tutari
3404 5214 3622 5281 viduas,

2040 5313 2249 5369 morbis
2277 5322 2538 5368 oneratos
2572 5311 2820 5371 visitare.
2871 5302 3171 5380 oppressos
3222 5308 3420 5379 injuria
3461 5322 3491 5361 a
3524 5322 3620 5376 po-

2042 5408 2339 5461 teutiorum
2392 5419 2554 5458 manu
2614 5403 2941 5462 vindicare,
3000 5399 3160 5455 matri
3217 5398 3619 5460 reverentiam,

2038 5499 2419 5554 sacerdotibus
2445 5498 2712 5551 honorem
2744 5495 3011 5558 tribucre,
3054 5493 3360 5556 monachis,
3396 5508 3457 5546 ac
3485 5506 3623 5561 pra:-

2026 5592 2227 5661 ~sertim
2260 5591 2327 5644 iis
2356 5588 2450 5659 qui
2481 5590 2537 5642 in
2578 5587 2988 5653 solitudinibus,
3044 5584 3326 5639 montibus
3383 5598 3447 5637 ac
3497 5597 3620 5651 spc-

2038 5684 2217 5740 luncis
2242 5693 2297 5739 et
2335 5684 2387 5738 in
2428 5683 2681 5738 cavernis
2711 5690 2869 5737 terra:
2900 5680 3123 5750 degunt,
3169 5680 3316 5734 omni
3346 5678 3618 5733 sollicitu-

2035 5780 2162 5832 dine
2199 5775 2523 5845 providere:
2580 5774 2648 5829 ad
2685 5775 2800 5829 haec
2848 5788 3041 5829 servos
3092 5778 3376 5827 mansuete
3416 5779 3473 5825 ct
3502 5769 3615 5824 cle-

2036 5876 2245 5921 menter
2280 5867 2508 5934 habere,
2537 5876 2763 5937 propter
2787 5883 2911 5923 eum
2942 5866 3033 5935 qui
3071 5880 3168 5935 pro
3200 5864 3359 5918 nobis
3410 5876 3611 5919 secun-
