4138 6420
474 427 620 496 1019

1710 427 1991 488 MENSIS
2013 427 2474 513 nummus.

3611 422 3749 488 1020

473 543 605 596 dum
657 540 956 597 ineﬁabilis
1014 540 1375 613 benignitatis
1433 543 1582 612 leges
1640 541 1780 596 servi
1828 541 2097 603 formam,

2181 540 2258 593 τὴν
2295 539 2435 610 ὑπὲρ
2465 537 2642 609 ἡμῶν,
2681 539 2868 610 νόμοις
2899 537 3108 609 ἀφάτου
3156 536 3589 611 φιλανθρωπίας,
3626 539 3754 592 δού-

473 629 705 686 i-ndutus
743 639 848 684 est.
917 628 1175 684 Juniores
1239 629 1409 700 igitur
1459 627 1602 683 servi
1663 637 1920 697 tanquam
1968 628 2060 682 lilii

481 721 703 776 curandi
733 732 884 785 sunt,
919 722 1166 777 seniores
1212 731 1379 792 atque
1423 730 1583 776 astate
1615 721 1860 792 provecti
1897 721 2066 776 liber-

477 825 587 870 tate
647 815 927 876 donandi;
980 829 1043 869 ac
1103 830 1172 868 ne
1219 824 1333 868 tum
1381 813 1604 882 qu‘dem
1665 828 1815 868 curae
1869 823 2067 868 vestra:

435 915 736 976 vi-xpertes
791 921 914 960 esse
947 906 1174 970 debent,
1224 922 1415 959 verum
1471 923 1644 975 usque
1701 908 1832 962 dum
1879 908 2066 962 vivere

431 1000 778 1077 ‘desinant,
835 1000 1094 1053 alimenta
1164 999 1298 1068 ipsis
1351 1001 1772 1070 suppeditanda.
1835 1003 2068 1070 Insuper

477 1092 670 1146 amicis
700 1101 877 1146 estote
921 1092 1036 1154 lidi,
1079 1093 1320 1147 inimicis
1369 1094 1647 1154 benevoli,
1684 1096 1819 1148 nulli
1863 1095 2065 1148 malum

479 1183 799 1238 reddentes.
835 1184 948 1238 llae
978 1185 1194 1238 vivendi
1247 1187 1459 1239 ratione
1493 1195 1548 1238 et
1575 1187 1872 1255 propitium
1909 1187 2068 1242 vobis

478 1273 694 1328 Numen
721 1274 1017 1341 habebitis,
1047 1283 1103 1330 et
1133 1275 1482 1346 longitudine
1517 1276 1733 1330 dierum
1789 1277 2066 1332 satur-abi.

467 1367 642 1443 'mini.

554 1456 642 1512 Vl.
703 1458 800 1513 His
839 1460 1064 1524 auditis,
1119 1461 1216 1515 ﬁlii
1262 1461 1518 1532 lacrymis
1575 1460 1806 1531 perfusi,
1854 1469 2068 1516 tantum

482 1551 799 1606 acerbitatis
850 1569 917 1607 ex
967 1555 1290 1610 imminente
1322 1555 1660 1609 intolerabili
1695 1555 1940 1623 parentis
1963 1555 2066 1610 sibi

481 1641 790 1696 eharissimi
823 1654 1000 1698 morte
1031 1660 1276 1708 sensere,
1324 1655 1592 1716 quantum
1641 1646 1788 1701 ferre
1827 1649 1916 1700 vix
1947 1662 2072 1717 pos-

469 1733 629 1795 "scnt,
659 1741 715 1785 et
746 1747 866 1796 ore,
905 1742 961 1788 et
989 1735 1165 1790 oculis
1214 1745 1272 1792 et
1308 1747 1422 1792 toto
1470 1738 1722 1806 corporis
1777 1737 1967 1792 habitu
2001 1751 2072 1791 ne

468 1822 631 1892 ipsos
659 1824 963 1892 desereret,
991 1829 1088 1883 sed
1134 1829 1302 1883 vitam
1331 1831 1514 1900 potius
1545 1846 1575 1885 a
1611 1832 1725 1885 Deo
1760 1831 2066 1901 longiorem

2166 632 2261 684 λου
2298 630 2515 701 μορφὴν
2533 629 2898 701 ὲνδυσάμενον
2920 649 2931 662 ο
2951 632 3044 684 καὶ
3068 629 3177 684 τῶν
3205 630 3305 700 μὲν
3333 631 3470 683 νέων
3497 629 3571 692 ὡς
3605 628 3753 682 ἰδίων

2167 726 2421 794 προνοεῖν
2453 724 2692 787 τέκνων,
2713 725 2842 786 τοὺς
2893 723 3160 794 γηραίους
3189 723 3244 776 δὲ
3273 721 3371 777 καὶ
3405 721 3754 792 προϐεϐηκόο

2166 832 2266 879 τας
2327 812 2646 888 ἐλευθερίας
2675 816 2784 886 μὲν.
2808 815 3015 881 ἀξιοῦν,
3050 815 3190 886 πλὴν
3237 815 3372 884 μηδὲ
3399 814 3571 877 οὕτως
3610 816 3754 868 ἀπο-

2167 907 2314 962 λύειν
2351 909 2629 980 προνοίας,
2690 909 2804 961 ἀλλ’
2843 908 2974 977 ἄχρι
3028 908 3215 970 τέλους
3259 911 3327 959 τά
3384 905 3486 975 τῆς
3541 906 3754 976 τροφῆς

2170 1001 2354 1064 αὐτοῖς
2390 1003 2650 1071 χορηγεῖν
2675 1017 2688 1032 ·
2718 1001 2894 1069 φίλοις
2923 996 3064 1053 εἶναι
3101 1002 3349 1062 πιστοὺς.
3409 999 3624 1069 ἐχθροῖς
3659 1000 3754 1052 εύ-

2174 1096 2376 1164 μενεῖς,
2399 1093 2572 1146 κακοῦ
2597 1093 2651 1147 δὲ
2672 1093 3127 1154 ἀνταποδοτικοὺς
3151 1093 3350 1146 οὐδενί.
3381 1091 3542 1146 Οὓτω
3571 1091 3756 1161 βιοῦν-

2169 1202 2260 1248 τες
2299 1185 2457 1238 ἴλεών
2489 1203 2548 1238 τε
2572 1185 2634 1238 τὸ
2665 1185 2820 1238 Θεῖον
2863 1186 2948 1253 ἐφ’
2983 1186 3128 1255 ὑμᾶς
3181 1184 3354 1251 ἕξετε,
3398 1185 3491 1238 καί
3542 1183 3759 1254 μακρό-

2170 1295 2333 1348 τητος
2363 1280 2592 1350 ἡμερῶν
2626 1278 3028 1332 ἀπολαύσεσθε.

2246 1457 2338 1522 ς’.
2393 1453 2615 1508 Τούτων
2670 1454 2721 1508 οἱ
2781 1454 2969 1515 παῖδες
3032 1454 3390 1518 ἀκούσαντες,
3445 1453 3660 1523 δάκρυά
3700 1472 3760 1508 τε

2175 1544 2359 1616 θερμά
2404 1545 2515 1598 τῶν
2572 1545 2871 1613 ὀφθαλμῶν
2918 1547 3314 1617 καταχέαντες,
3377 1546 3472 1600 καὶ
3527 1545 3626 1618 τὴν
3663 1547 3761 1600 τοῦ

2176 1635 2386 1706 πατρὸς
2421 1635 2682 1707 στέρησιν
2718 1638 2962 1707 φορητὴν
2991 1639 3175 1701 αὐτοῖς
3213 1632 3354 1690 εἶναι
3379 1637 3635 1707 λέγοντες
3665 1638 3764 1691 ού-

2174 1727 2386 1798 δαμῶς,
2417 1729 2605 1800 ἠξίουν
2631 1729 2728 1782 καὶ⁵
2753 1730 2980 1800 χείλεσι,
3013 1730 3108 1784 καὶ
3147 1730 3470 1801 ὀφθαλμοῖς,
3497 1733 3592 1784 καὶ
3647 1732 3764 1794 τοῖς

2178 1823 2422 1892 σχήμασι
2486 1821 2561 1892 μὴ
2619 1821 3008 1890 ἐγκαταλιπεῖν
3058 1822 3278 1888 αὐτοὺς,
3363 1821 3484 1874 ἀλλ’
3537 1823 3764 1891 αἰτῆσαι

480 1923 718 1984 peteret,
766 1917 1156 1974 obsecrabant.
1194 1921 1595 1990 Perspexcrant
1628 1923 1778 1976 enim
1829 1938 1940 1993 quo
1978 1923 2070 1978 ille

2181 1915 2329 1984 παρά
2355 1912 2492 1966 Θεοῦ
2525 1913 2619 1967 καὶ
2669 1913 2752 1968 ἔτι
2798 1913 2898 1986 τὴν
2950 1915 3011 1967 ὲν
3037 1913 3113 1984 τῷ
3168 1914 3268 1985 βίῳ
3321 1914 3486 1985 ζωήν,
3517 1914 3626 1967 Καὶ
3653 1915 3766 1986 γὰρ

481 2015 626 2058 esset
656 2006 800 2074 apud
861 2009 1030 2062 Deum
1064 2011 1207 2075 loco,
1249 2027 1411 2081 quem
1459 2014 1673 2068 sincera
1712 2015 1956 2082 probitas
1993 2023 2072 2068 tot

480 2095 639 2151 factis
680 2107 874 2154 testata
909 2103 1342 2158 commendaret.
1383 2103 1540 2170 Quod
1597 2105 1643 2158 si
1691 2106 2068 2176 impetrarent,

483 2197 598 2242 tum
628 2189 851 2244 demum
879 2193 1102 2248 aiebant
1132 2204 1399 2264 perpetuo
1434 2196 1542 2251 sibi
1597 2197 1852 2252 mandata
1885 2197 2070 2251 divina

481 2279 636 2334 cordi
695 2283 833 2336 fore.
881 2283 950 2338 At
991 2282 1302 2356 Xenophon
1365 2287 1534 2342 altum
1571 2305 1637 2343 ex
1680 2289 1790 2342 imo
1849 2298 2071 2359 pectore

483 2372 785 2442 suspirium
811 2375 1040 2441 ducens,
1068 2377 1147 2431 Ex
1187 2395 1318 2448 quo,
1363 2379 1562 2450 inquit,
1602 2380 1692 2435 hic
1728 2397 1815 2436 me
1848 2382 2074 2436 morbus

484 2462 629 2516 leeto
679 2464 898 2518 aﬂixum
943 2473 1116 2532 tenet,
1171 2485 1279 2524 non
1347 2472 1455 2525 alio
1504 2479 1826 2542 spectarunt
1881 2488 2074 2543 preces

485 2570 621 2607 mea:
657 2557 832 2624 :quin
871 2557 972 2610 bac
997 2558 1112 2628 ipsa
1165 2570 1325 2616 nocte
1355 2573 1717 2634 utrorumque
1747 2568 1888 2623 votis
1931 2569 2076 2623 Deus

431 2649 436 2654 '
485 2649 702 2702 annuTt.
739 2649 931 2704 Divino
959 2653 1106 2706 enim
1137 2655 1364 2710 oraculo
1385 2668 1725 2727 compertum
1757 2661 1956 2728 habeo,
1987 2679 2074 2718 me

479 2737 638 2810 jussu
676 2740 770 2794 Dei
802 2758 951 2798 nunc
978 2743 1031 2798 in
1084 2745 1191 2799 vita
1251 2761 1596 2806 mansurum.
1639 2750 1758 2818 Quo
1797 2753 2075 2810 intellecto

483 2829 582 2885 lilii
640 2847 751 2902 prae
807 2834 1012 2891 laetitia;
1061 2838 1445 2909 magnitudine
1506 2857 1564 2896 se
1618 2844 1908 2899 continere
1964 2863 2074 2902 non

483 2936 761 2998 poterant,
791 2932 1022 3001 perinde
1074 2949 1138 2988 ac
1167 2934 1211 2989 si
1245 2950 1353 2988 non
1396 2935 1568 3005 patris
1598 2937 1709 2992 vita
1757 2951 2072 3010 prorogata,

483 3020 581 3075 80d
615 3037 765 3076 mors
789 3022 1036 3093 ipsorum
1067 3024 1292 3080 decreto
1323 3028 1561 3097 quodam
1598 3031 1856 3100 abrogata
1907 3043 2074 3086 esset.

487 3112 596 3169 Ubi
654 3131 810 3181 vero,
842 3127 1106 3187 superata
1133 3119 1184 3172 vi
1213 3113 1411 3186 morbi,
1445 3121 1690 3191 perfecta
1721 3126 1954 3179 sanitate
1980 3141 2076 3194 pa-

493 3215 578 3260 ter
611 3206 721 3262 l‘rui
775 3210 967 3279 erepit,
1023 3211 1449 3281 haudquaquam
1491 3213 1769 3270 insomnio
1826 3216 2074 3283 delusus,
2102 3249 2148 3312 α

486 3295 670 3351 denuo
711 3295 853 3353 ﬁlios
880 3299 1162 3371 Berytum,
1192 3300 1259 3354 ad
1295 3301 1786 3360 litterariicursus
1829 3315 2074 3376 emptum

487 3386 727 3440 stadium
752 3387 1181 3457 conﬁciendum,
1206 3391 1618 3462 revertijussit:
1646 3392 1777 3459 Vos,
1799 3394 2078 3465 inquiens,

487 3478 660 3544 abite,
697 3479 817 3544 lilii,
846 3495 910 3534 ac
936 3481 1120 3535 studia
1151 3482 1303 3536 cordi
1356 3482 1618 3540 habetote
1647 3501 1662 3549 ;
1714 3501 1816 3557 ego
1862 3488 2080 3543 interim

489 3569 560 3624 de
593 3571 947 3626 matrimonio
974 3582 1162 3628 vestro
1193 3573 1466 3630 sollicitus
1497 3590 1620 3641 ero,
1650 3585 1704 3632 et
1738 3593 1903 3648 quam
1957 3579 2084 3635 bre-

489 3662 718 3718 vissime
791 3664 1072 3731 reduces,
1149 3682 1275 3722 cum
1358 3667 1574 3725 idoneis
1643 3684 1740 3726 vos
1811 3671 2078 3728 uxoribus

489 3752 842 3826 coniungam.
899 3754 1024 3812 llaec
1067 3758 1310 3825 loeutus,
1349 3759 1570 3831 navigio
1642 3760 1942 3832 impositos.
1992 3763 2078 3818 di.-

490 3847 682 3903 mittit.

2175 2007 2374 2077 ᾗδεσαν
2406 2000 2497 2060 οἷα
2543 2005 2624 2076 τῷ
2661 2006 2832 2078 πατρῖ
2857 2005 2994 2076 πρὸς
3040 2005 3174 2059 Θεὸν
3209 2006 3245 2074 ἡ
3301 2005 3392 2059 διὰ
3429 2004 3538 2061 τῶν
3583 2005 3766 2076 ἔργων

2173 2100 2283 2152 τῶν
2308 2098 2530 2168 ἀγαθῶν
2574 2100 2873 2165 οἰκείωσις.
2915 2099 3074 2153 Οὕτω
3124 2100 3257 2171 γάρ,
3300 2098 3508 2168 ἔλεγον,
3545 2099 3639 2152 καὶ
3671 2115 3763 2152 τε·

2174 2191 2403 2256 λειωτὰς
2433 2194 2580 2263 ἡμᾶς
2606 2192 2841 2262 ὀφθῆναι
2873 2191 3316 2264 παρασκευάσεις
3337 2191 3447 2247 τῶν
3475 2191 3584 2245 σῶν
3609 2194 3766 2246 ὲντο·

2175 2285 2304 2339 λῶν.
2374 2285 2613 2350 Ἐκεῖνος,
2670 2281 2765 2340 οὖν
2815 2286 2962 2356 μέγα
3014 2304 3066 2339 τι
3132 2287 3227 2340 καὶ
3266 2284 3450 2356 βύθιον
3495 2285 3604 2340 άπδ
3657 2284 3762 2352 τῆς

2174 2377 2355 2448 ψυχῆς
2395 2378 2682 2445 στενάξας,
2729 2379 2851 2448 Ἀφ’
2899 2373 2980 2444 οὗ,
3025 2373 3200 2442 εἶπεν,
3250 2377 3470 2448 ήκλίνη
3516 2393 3584 2447 με
3616 2377 3764 2446 αὕτη

2177 2468 2302 2538 ἔσχε
2325 2472 2390 2540 τῇ
2419 2469 2559 2538 νόσῳ
2587 2470 2840 2540 κάτοχον,
2879 2469 3039 2523 τοῦτό
3078 2488 3169 2540 μοι
3191 2469 3379 2539 δέησις
3425 2469 3564 2539 πρὸς
3605 2467 3768 2531 Θεὸν,

2179 2559 2274 2612 καὶ
2303 2563 2370 2632 τῇ
2401 2563 2559 2615 νυκτὶ
2591 2561 2767 2634 ταύτῃ
2819 2562 3154 2633 ἀμφοτέροις
3217 2563 3346 2633 ὑμῖν
3399 2561 3642 2614 ἐπινεύει
3667 2559 3772 2631 τὴν

2178 2652 2414 2723 αἴτησιν.
2473 2652 2646 2706 Τοῦτο
2675 2654 2786 2723 γὰρ
2839 2649 2980 2707 εἶδον
3028 2653 3220 2722 σαφῶς»
3258 2653 3326 2707 δι’
3361 2651 3770 2722 ἀποκαλύψεως

2179 2742 2495 2809 κελευσθεὶς
2531 2745 2612 2798 ἔτι
2640 2748 2917 2818 περιεῖναι
2959 2746 3038 2818 τῷ
3079 2745 3200 2817 βίῳ.
3239 2746 3527 2798 Ἤκουσαν
3556 2745 3604 2797 oi
3635 2746 3772 2797 παῖ-

2178 2838 2286 2896 δες.
2315 2838 2409 2890 καὶ
2439 2839 2701 2893 καθεκτοὶ
2725 2839 2833 2894 οὐδ’
2865 2841 3004 2904 ὅλως
3031 2841 3121 2908 ὑφ’
3150 2839 3346 2910 ἡδονῆς
3377 2834 3541 2910 ἦσαν,
3575 2837 3770 2908 ὥσπερ

2179 2929 2239 2980 οὐ
2271 2928 2366 2981 τοῦ
2420 2929 2633 2999 πατρὸς
2689 2930 2859 2983 εἰσέτι
2919 2931 3021 3001 ζῇν
3059 2927 3368 2999 μέλλοντος,
3409 2925 3524 2980 ἀλλ’
3588 2923 3775 2978 αὐτῶν

2184 3021 2458 3091 μηδέποτε
2491 3020 2674 3075 θανεῖν
2711 3021 3057 3092 ὡρισμένων.
3125 3019 3282 3074 Ἐπεὶ
3324 3019 3382 3073 δὶ
3415 3019 3512 3071 καὶ
3547 3017 3645 3088 τῆς
3677 3018 3772 3070 νό-

2182 3134 2276 3170 σου
2314 3117 2582 3187 κρείττων
2614 3112 2683 3188 ἦν
2733 3117 2762 3170 ό
2796 3114 3003 3187 πατὴρ,
3054 3116 3150 3168 καὶ
3191 3111 3382 3182 ὑγείας
3420 3109 3661 3163 ἀπέλαϐε
3701 3109 3773 3181 [Ῑ.

2181 3209 2451 3281 ἀπέλαυε]
2505 3209 2776 3279 καθαρᾶς,
2827 3208 2982 3262 οὐδὲν
3038 3205 3206 3260 αὑτὸν
3249 3203 3613 3276 ψευσαμένων
3661 3203 3775 3254 τῶν

2181 3301 2502 3372 ὀνειράτων,
2558 3301 2868 3372 ἐπέτρεπεν
2916 3291 3074 3365 αὖθις
3141 3300 3265 3363 τοὺς
3319 3297 3515 3359 παῖδας
3553 3295 3650 3366 τὴν
3689 3296 3774 3358 είς

2181 3394 2428 3464 Βηρυτὸν
2453 3393 2684 3459 ὁδεύειν,
2719 3393 2861 3447 ὥστε
2917 3395 3028 3456 τοῖς
3051 3391 3354 3464 ὴργμένοις
3389 3390 3491 3461 ἤδη
3516 3387 3624 3442 τῶν
3661 3403 3771 3456 μα-

2182 3487 2446 3558 θημάτων
2499 3486 2775 3540 ἐπιθεῖναι
2833 3484 3030 3557 πέρας,
3082 3484 3276 3555 Ὑμεῖς
3328 3483 3451 3554 μὲν,
3512 3472 3765 3544 άπιτε,ὧ

2182 3581 2396 3646 παῖδες,
2457 3579 2652 3644 εἰπὼν,
2687 3578 2783 3632 καὶ
2827 3578 3020 3632 τούτου
3063 3578 3195 3648 ύμῖν
3246 3575 3338 3630 τοῦ
3394 3577 3558 3648 ἔργου
3603 3574 3773 3645 μελή-

2186 3689 2267 3726 σει
2291 3688 2306 3704 °
2344 3673 2467 3744 ἐμοὶ
2489 3672 2545 3725 δὲ
2579 3674 2709 3743 περὶ
2743 3671 2937 3742 γάμων
2964 3671 3248 3742 ὑμετέρων
3272 3671 3307 3742 ὴ
3338 3671 3562 3742 φροντὶς
3589 3668 3769 3734 ἔσται,

2186 3764 2281 3818 καὶ
2313 3767 2464 3828 ὅπως
2491 3764 2689 3818 θᾶττον
2743 3763 3142 3828 ἐπανελθόντας
3183 3763 3434 3832 γυναιξὶν
3467 3762 3613 3832 ὑμᾶς
3644 3777 3774 3813 συν-

2186 3855 2312 3924 άψω
2339 3857 2461 3918 ταῖς
2491 3852 2922 3926 προσηκούσαις.
2945 3855 3114 3926 Ἔφη,
3137 3855 3231 3908 καὶ
3255 3855 3337 3918 είς
3365 3851 3550 3907 πλοῖον
3573 3849 3781 3913 αὐτοὺς

2187 3944 2442 4016 ἐμϐαλὼν
2469 3946 2648 4001 ἁπέπε
2657 3963 2821 4019 μπεν.

1937 4081 2176 4140 CAPUT
2227 4083 2323 4140 lll.

1395 4193 1518 4250 Filii
1569 4195 1639 4248 ad
1689 4196 1870 4249 studia
1930 4204 2269 4263 revertentes,
2311 4200 2653 4271 naufragium
2683 4205 2982 4273 patiuntur.

568 4311 682 4391 νυ.
723 4311 904 4382 Atque
957 4327 1107 4367 nunc
1141 4311 1366 4382 quidem
1413 4312 1480 4366 ad
1525 4328 1589 4367 ea
1650 4329 1774 4383 quae
1836 4313 2094 4368 dicturus

2264 4319 2336 4370 Z’.
2395 4317 2558 4371 Ἀλλά
2597 4321 2891 4390 προσέχειν
2928 4319 3033 4391 ἤδη
3084 4321 3196 4383 τοῖς
3222 4321 3616 4392 ῥηθησομένοις
3652 4323 3780 4375 ἑπι-

497 4421 644 4472 sum,
678 4404 1051 4462 intendendus
1072 4413 1158 4460 est
1189 4406 1430 4473 animus,
1451 4422 1576 4462 cum
1601 4421 1721 4462 sese
1747 4407 1856 4477 jam
1895 4408 2090 4476 prodat

2193 4405 2373 4476 μελῶς
2403 4407 2485 4460 δεῖ
2503 4425 2517 4440 ο
2543 4409 2697 4464 ἔνθεν
2744 4411 2856 4482 γὰρ
2881 4411 3201 4483 προκύπτον
3232 4412 3344 4482 ὁρῶ
3374 4412 3468 4465 τοῦ
3517 4412 3680 4480 λόγου
3712 4415 3780 4467 τὸ

494 4497 906 4568 iucundissima
941 4497 1280 4554 narrationis
1312 4514 1462 4569 pars,
1518 4514 1640 4569 quae
1688 4498 1851 4553 simul
1889 4498 2088 4554 divinae

2189 4501 2576 4570 χαριέστατον,
2621 4502 2760 4573 ὁμοῦ
2804 4505 2905 4575 μὲν
2963 4507 3057 4559 καί
3088 4505 3150 4558 τὸ
3214 4507 3462 4560 ποικίλον
3513 4506 3615 4578 τῆς
3675 4506 3777 4560 τοῦ

497 4590 860 4661 providentia
918 4606 982 4646 ac
1033 4591 1298 4673 bonitatis
1357 4591 1857 4662 multiplicitatem,
1919 4590 2086 4645 simul

2188 4593 2326 4647 Θεοῦ
2370 4595 2634 4666 προνοίας
2667 4595 2764 4650 καὶ
2797 4597 3169 4668 χρηστότητος
3213 4599 3578 4668 ύπεμφαῖνον,
3635 4599 3778 4667 ὁμοῦ
3869 4672 3872 4673 ν

501 4681 885 4737 admirandam
926 4666 1193 4754 propositi
1221 4684 1380 4739 nobis
1423 4683 1732 4755 argumenti
1762 4685 1958 4739 seriem
1994 4701 2086 4739 os-

2189 4687 2245 4741 δὲ
2269 4662 2494 4742 καὶτῶν
2518 4662 2901 4760 προκειμένων
2944 4662 3079 4761 ημῖν
3114 4692 3194 4754 είς
3225 4662 3480 4763 διήγησιν
3515 4691 3613 4762 τὴν
3644 4662 3780 4745 θίαυο

499 4775 697 4830 tendit.
750 4776 1005 4832 Secunda
1062 4779 1232 4846 igitur
1285 4779 1636 4849 navigatione
1683 4777 2087 4847 aliquantisper

500 4871 583 4924 usi
623 4878 754 4924 sunt
791 4869 1009 4936 fratres,
1044 4871 1154 4926 leni
1197 4880 1364 4926 vento
1409 4869 1656 4941 provecti
1700 4886 1714 4923 :
1750 4869 1877 4925 inde
1922 4871 2086 4924 turbo

500 4973 726 5035 repente
756 4963 810 5017 in
837 4979 1030 5019 navem
1055 4965 1403 5025 incumbere.
1424 4964 1716 5035 magnique
1731 4978 1796 5019 ac
1815 4963 2085 5020 teterrimi

499 5055 700 5110 ﬂuctus
733 5040 988 5120 exciit—ari,
1026 5066 1084 5112 et
1125 5066 1327 5128 praeter
1367 5071 1580 5111 morem
1617 5057 1832 5127 mugire
1883 5057 2084 5122 salum,

501 5158 616 5200 tum
650 5149 904 5204 immensi
935 5165 1203 5220 aquarum
1235 5159 1456 5205 montes
1493 5152 1728 5216 irruerc,
1754 5151 2086 5222 navigioque

498 5243 726 5296 exitium
759 5243 988 5307 minari;
1022 5257 1147 5297 cum
1206 5243 1416 5297 interea
1467 5242 1738 5311 demissis:
1766 5242 2088 5299 festinanter

502 5333 639 5388 velis
696 5342 878 5388 nautae
937 5334 992 5388 in
1044 5333 1321 5389 incertum
1371 5345 1688 5406 agerentur.
1730 5341 1801 5389 At
1855 5337 2088 5407 juvenes

503 5423 927 5494 (animadverte,
963 5425 1222 5491 obsecro,
1279 5427 1478 5482 radicis
1513 5429 1670 5483 bona:
1703 5428 1955 5484 surculos
1991 5428 2088 5481 bo-

501 5517 624 5587 nos)
657 5527 986 5573 caaterorum
1017 5519 1391 5584 immemores,
1436 5522 1582 5578 illico
1606 5539 1666 5578 se
1699 5524 1988 5580 vertebant
2019 5523 2088 5577 ad

503 5610 700 5670 Deum,
731 5611 992 5666 nimirum
1027 5615 1249 5668 unicqu
1280 5630 1582 5686 verumque
1615 5616 1951 5688 praesidium.
1975 5615 2089 5672 Cu-

501 5703 590 5770 jus
620 5717 779 5772 opem
814 5719 938 5758 cum
979 5704 1354 5773 implorarent,
1391 5725 1500 5764 non
1525 5725 1692 5780 opera
1717 5725 1843 5775 sua,
1869 5710 1964 5766 sed
1988 5727 2088 5781 pa-

509 5798 726 5846 ternum
759 5793 901 5849 bene
926 5797 1381 5865 agendistudium
1420 5803 2089 5866 eommemorabant,satis

511 5877 663 5942 gnari
688 5878 791 5934 hac
812 5897 869 5938 se
911 5885 1124 5940 ratione
1183 5887 1346 5945 citius
1391 5891 1708 5948 csauditum
1758 5893 1841 5949 iri.
1885 5894 2090 5950 Recor-

2193 4779 2398 4850 μασίαν
2425 4780 2765 4850 οἰκονομίαν.
2819 4776 2946 4853 Εἶχε
2991 4783 3092 4853 μὲν
3137 4784 3264 4846 τοὺς
3313 4785 3510 4847 παῖδας
3547 4787 3584 4858 ῤ
3611 4782 3781 4847 πλοῦς

2191 4869 2378 4934 καλῶς
2407 4871 2572 4942 μέχρι
2605 4871 2755 4935 τινὸς
2794 4872 2890 4925 καὶ⁹
2923 4873 3085 4943 πράῳ
3113 4871 3192 4945 τῷ
3227 4873 3504 4943 πνεύματι
3535 4873 3781 4944 φερομέο

2189 4979 2335 5027 νους·
2365 4959 2485 5017 εἶτα
2543 4962 2811 5028 λαίλαπος
2855 4964 3054 5034 ἀθρόον
3087 4969 3152 5037 τῇ
3185 4965 3275 5037 νηῒ
3323 4965 3779 5039 προσπεσούσης,

2188 5053 2460 5118 κλύδωνός
2491 5072 2552 5108 τε
2601 5057 2863 5127 μεγίστου
2918 5056 3014 5111 καὶ¹
3039 5056 3280 5128 χαλεποῦ
3327 5057 3649 5128 γενομένου,
3679 5057 3780 5111 καὶ

2189 5145 2292 5215 τῆς
2323 5146 2603 5217 θαλάσσης
2639 5148 2740 5220 μὲν
2780 5148 3020 5213 ἐξαίσιόν
3065 5167 3118 5203 τι
3147 5151 3243 5204 καὶ
3287 5150 3564 5222 φρικῶδες
3600 5169 3781 5222 μυκη-

2192 5239 2458 5311 σαμένης,
2511 5239 2623 5294 τῶν
2651 5241 2916 5310 κυμάτων
2966 5241 3024 5296 δὲ
3074 5242 3266 5304 δεινῶς
3304 5245 3775 5314 ὲπεγειρομένων,

2191 5330 2288 5383 καὶ
2322 5331 2621 5386 καλύπτειν
2663 5332 2764 5403 ἠδη
2808 5333 2909 5403 τὴν
2968 5334 3104 5387 ναῦν
3154 5333 3550 5401 ἀπειλούντων,
3593 5336 3642 5388 oi
3678 5336 3779 5405 μὲν

2192 5424 2388 5477 ναῦται
2423 5425 2626 5496 σπουδῇ
2656 5425 2726 5478 τά
2764 5425 2909 5477 ίστία
2937 5427 3199 5490 καθέντες
3251 5428 3509 5497 ἐφερόντο
3531 5444 3545 5458 ⁸
3581 5429 3627 5481 οἱ
3651 5431 3778 5480 παῖ-

2190 5518 2280 5582 δες
2318 5517 2373 5572 δὲ
2423 5519 2540 5589 (καὶ
2584 5520 2686 5590 ὅρα
2718 5521 2876 5590 ῥίζης
2918 5519 3131 5589 ἀγαθῆς
3164 5519 3344 5588 ἀγαθὰ
3372 5519 3779 5591 βλαστήματα),

2193 5612 2412 5664 πάντων
2441 5611 2774 5679 ἀπογνόντες
2835 5611 2946 5665 τῶν
3000 5613 3199 5677 ἄλλων,
3246 5611 3384 5682 πρὸς
3434 5612 3572 5666 Θεὸν
3615 5613 3783 5676 εὐθὺς

2193 5704 2427 5775 ἔϐλεψαν
2489 5705 2600 5782 τὴν.
2640 5706 3129 5777 μόνην-ἀληθινὴν
3168 5706 3444 5776 βοήθειαν,
3509 5707 3674 5760 αὐτόν
3721 5723 3783 5758 τε

2196 5797 2487 5861 καλοῦντες
2518 5799 2600 5860 εἰς
2631 5798 2992 5868 προστασίαν,
3033 5799 3135 5851 οὐκ
3167 5799 3386 5852 οίκείων
3412 5797 3613 5869 ἔργων,
3645 5799 3785 5852 ἀλλὰ

2197 5890 2472 5967 πατρικῆς
2536 5891 2962 5961 ὑπεμίμνησκον
3036 5891 3426 5962 ἀγαθοεργίας,
3476 5894 3572 5946 καὶ
3637 5891 3798 5947 οὕτω.
