4138 6424
516 412 653 478 1023

1752 418 2038 480 MENSIS
2076 419 2534 485 JANUABIUS.

3638 421 3779 484 102$

513 525 794 590 rolvebas,
824 526 1058 582 ﬁliorum
1090 528 1311 599 nuptias
1353 527 1589 595 videbis,
1613 536 1667 583 et
1700 528 2012 599 hymenaeos
2043 530 2091 584 iu

2207 547 2341 594 σεις,
2369 529 2463 594 οὓς
2483 530 2602 584 οὐδὲ
2616 531 2967 600 τεθνηκότας,
2999 526 3073 594 αἶ,
3101 525 3191 585 at?!
3215 532 3404 603 θεάσῃ,
3428 528 3534 582 055’
3558 531 3781 591 icna'te'n

511 633 704 672 earum
740 620 970 689 gratiam
1000 621 1376 676 decantandOs
1407 621 1635 688 audies;
1686 625 1866 692 quosi,
1916 622 2095 678 ebeul

512 722 581 759 ne
600 707 892 765 defunctos
915 710 1137 780 quidem
1165 694 1585 782 conspicabere,
1615 721 1712 766 aut
1738 713 1931 767 ultimo
1978 712 2099 767 vale

510 800 865 871 impertieris.
905 805 1242 862 luctuosum
1287 816 1374 862 est
1420 822 1551 863 sane
1598 807 1922 878 parentibus
1956 821 2095 877 prae-

510 894 813 949 morientes
834 912 1065 952 cernere
1095 897 1278 964 ﬁlios';
1300 913 1489 961 verum
1525 900 1728 954 neboc
1748 897 1972 968 quidem
1994 910 2093 951 vo-

509 984 597 1040 bis
628 988 853 1057 reliquit
881 989 1120 1056 invidia;
1161 1006 1342 1061 neque
1383 991 1539 1046 senio
1567 990 1834 1046 confectis
1872 988 2093 1043 dabitur

508 1074 813 1135 liberorum
864 1096 1097 1151 corpora
1134 1085 1444 1153 sepultum
1499 1080 1785 1137 niandare.
1813 1080 1859 1136 Ο
1894 1081 2008 1135 Rex
2030 1095 2094 1135 ac

508 1167 742 1225 Domine
762 1173 1168 1241 universorum,
1182 1176 1490 1245 cuiusmodi
1515 1176 1677 1230 nobis
1692 1182 1925 1230 mortem
1948 1188 2095 1229 nunc

509 1261 837 1319 decrevistil
869 1280 1031 1335 quam
1068 1266 1114 1320 si
1145 1282 1245 1336 per
1267 1278 1356 1323 tua
1397 1267 1558 1321 nobis
1594 1266 1800 1337 judicia
1834 1281 1944 1319 non
1972 1265 2100 1319 licet

2200 620 2269 672 τὰ
2299 619 2606 674 τελευταῖα.
2640 622 2822 673 Δεινὸν
2867 620 3087 689 γονεῦσι
3116 621 3312 684 παῖδας
3353 620 3778 690 προοιχομένους

2201 712 2333 780 όρᾷν
2360 728 2374 742 ·
2420 712 2549 781 ὑμῖν
2603 711 2660 764 δὲ
2699 712 2820 765 οὐδὲ
2864 711 3023 765 τοῦτο
3056 712 3270 767 δίδωσιν
3322 713 3350 765 ὁ
3401 710 3617 777 φθόνος,
3652 711 3780 764 οὐδὲ

2200 803 2350 867 ἕξετε
2397 803 2490 856 νῦν
2533 806 2581 857 οί
2621 806 2842 875 γηραιοὶ
2883 805 3090 859 παίδων
3124 804 3404 876 ὑμετέρων
3457 804 3624 872 θάψαι
3674 803 3783 857 σώο

2203 913 2372 966 ματα.
2406 892 2477 950 Ὦ
2506 896 2753 950 Δέσποτα
2792 884 3010 950 πάντων
3052 898 3145 951 καὶ
3189 894 3446 959 Βασιλεῦ,
3475 890 3586 948 οἷον
3618 895 3781 965 ἡμῶν

2198 988 2302 1058 ἤδη
2350 987 2715 1058 κατεψηφίσω.
2753 988 2845 1041 τὸν
2884 972 3137 1054 θάνατον,
3162 988 3243 1051 ὃν,
3279 990 3328 1041 εἰ
3365 987 3443 1058 μὴ
3487 987 3780 1058 παρελθεῖν

2198 1080 2350 1148 ἡμᾶς
2392 1080 2516 1148 ἄρτι
2570 1078 2859 1149 κέκρικας,
2902 1078 3019 1133 ἀλλ’
3063 1078 3205 1149 ὁμοῦ
3245 1078 3432 1131 τοῦτον
3486 1076 3783 1146 εὐδόκησον

2200 1169 2473 1224 ὑπελθεῖν.
2511 1170 2606 1223 Ἓν
2655 1170 2998 1239 ἀμφοτέρως
3032 1168 3182 1239 κῦμα
3219 1167 3539 1235 καλυψάτω,
3571 1166 3630 1219 ἒν
3684 1167 3782 1234 0r,-

2208 1264 2322 1334 ρίον
2355 1262 2626 1332 θαλάττης
2654 1262 2823 1330 τάφος
2849 1262 3176 1331 ἀμφοτέρων
3196 1258 3459 1327 γενέσθω.

508 1352 774 1423 ell‘ugere,
807 1356 1001 1411 saltem
1031 1358 1370 1428 conjungere
1399 1358 1585 1431 liceat.
1618 1358 1732 1414 Una
1773 1356 1967 1412 ambos
1990 1353 2230 1426 procella
2257 1354 2491 1425 operiat,
2518 1368 2628 1408 una
2661 1352 2831 1407 maris
2896 1351 3076 1407 bellua
3137 1352 3208 1406 sit
3270 1352 3559 1419 utriusque
3593 1347 3783 1418 sepul-

511 1458 689 1499 crum.

584 1539 677 1593 1X.
713 1539 804 1596 lla:
835 1545 1100 1614 juvenum
1155 1545 1578 1602 lamentationes
1623 1556 1805 1603 erant.
1855 1547 1926 1601 At
1961 1560 2101 1601 nave

503 1632 617 1702 jam
646 1648 1045 1706 usquequaque
1085 1635 1361 1707 disrupta,
1393 1638 1536 1693 alter
1561 1639 1769 1706 tabula,
1800 1640 1945 1695 alter
1990 1639 2100 1695 alio

441 1775 445 1779 .
505 1721 777 1790 fragmine
800 1735 1045 1795 arrepto,
1080 1725 1272 1797 pelago
1310 1740 1370 1782 se
1395 1728 1816 1792 commiserunt,
1848 1727 2096 1784 necessi-

509 1810 639 1864 tatis
666 1810 901 1880 quidem.
928 1812 1146 1891 legibus
1180 1816 1574 1887 obsequentes.
1608 1818 1705 1874 sed
1738 1818 1931 1873 divino
1959 1828 2095 1874 nutu

510 1901 833 1957 mirandum.
879 1918 1012 1960 sane
1046 1905 1102 1960 in
1153 1908 1378 1963 modum
1430 1910 1764 1965 conservati.
1825 1909 1917 1967 Sic
1944 1912 2092 1966 enim

2276 1537 2355 1592 8'.
2385 1536 2499 1592 Kal.
2524 1535 2756 1589 τοιοῦτοι
2787 1532 2887 1603 μὲν
2920 1533 2971 1587 oi
3008 1533 3116 1586 τῶν
3139 1531 3346 1586 παίδων
3372 1529 3544 1599 λόγοι.
3581 1529 3695 1596 Τῆς
3724 1531 3787 1585 δὲ

2200 1630 2330 1702 νηὸς
2377 1629 2477 1701 ήδη
2532 1627 2762 1682 καθόλου
2803 1624 3260 1698 περιῤῥαγείσης,
3290 1622 3550 1693 ἑκάτερος
3578 1621 3783 1684 αὐτῶν,

2199 1725 2228 1778 ὀ
2257 1722 2356 1795 μὲν
2386 1721 2616 1784 σανίδος,
2648 1722 2676 1773 ό
2700 1719 2758 1773 δὲ
2797 1718 2957 1775 ἄλλου
2986 1717 3096 1772 τῶν
3128 1715 3303 1782 ξύλων
3344 1713 3668 1784 λαϐόμενος,
3700 1712 3786 1785 τῷ

2200 1814 2429 1882 πελάγει
2485 1812 2711 1874 ἑαυτοὺς
2764 1809 3099 1881 ἐπέτρεψαν,
3141 1806 3330 1877 νόμοις
3383 1804 3482 1876 μὲν
3534 1805 3786 1873 ἀνάγκης

2198 1906 2478 1975 ἑπόμενοι,
2512 1904 2743 1973 νεύμασι
2787 1900 2844 1954 δὲ
2882 1900 3046 1964 θείοις
3092 1898 3390 1968 σωζόμενοι
3438 1894 3781 1966 παραδόξως.

502 1992 741 2062 juctatos
761 1996 981 2051 tandem
1006 1996 1185 2069 Tyrus
1210 2000 1460 2072 excepit;
1488 2017 1554 2057 ac
1573 2002 1840 2059 Joannem
1873 2005 2091 2074 quidem

2213 1998 2526 2068 Ἐκδέχεται
2555 1991 2850 2065 τοιγαροῦν
2870 1994 2904 2063 ἡ
2936 1992 3113 2062 Τύρος
3139 1989 3284 2043 οὕτω
3315 1987 3650 2058 φερομένους
3679 1988 3784 2038 αὐρ

507 2085 662 2141 ιοειιε
709 2086 892 2143 dictus
928 2089 1349 2161 Malmephetan,
1406 2095 1701 2150 Arcadium
1746 2111 1876 2151 vero
1911 2096 2106 2154 Tetra-

484 2179 721 2252 pyrgia.
750 2182 849 2237 Ast
880 2183 1021 2238 alter
1053 2184 1285 2241 alterius
1314 2187 1510 2243 salutis
1556 2189 1803 2260 ignarus,
1834 2205 1948 2244 non
1988 2198 2097 2245 tam

506 2286 609 2331 uno
633 2271 923 2329 lzetabatur
951 2284 1176 2344 eventu,
1203 2292 1366 2349 quam
1407 2278 1650 2335 fraterno
1676 2279 1919 2337 dolebat.

2203 2093 2350 2157 τοὺς,
2373 2089 2465 2143 τὸν
2496 2089 2595 2159 μὲν
2652 2086 2908 2155 Ἰωάννην
2943 2086 3108 2147 τόπος
3140 2083 3200 2147 δς
3234 2081 3455 2148 ἐλέγετο
3482 2081 3782 2148 Μαλμεφεο

2201 2182 2321 2247 θάν,
2354 2183 2388 2252 ἡ
2425 2177 2815 2250 Τετραπυργία
2862 2176 2921 2230 δὲ
2959 2174 3050 2228 τὸν
3095 2172 3381 2244 ’Δρκάδιον
3403 2186 3417 2202 ·
3454 2168 3592 2241 πλὴν
3644 2168 3784 2222 Exi-

2196 2294 2353 2347 τερος
2400 2276 2635 2347 θατέρου
2667 2272 2765 2345 τὴν
2797 2269 3070 2341 σωτηρίαν
3099 2269 3202 2322 οὐκ
3250 2266 3430 2333 εἰδὼς,
3474 2265 3535 2318 οὐ
3574 2263 3784 2333 μᾶλλον

2195 2371 2413 2444 ἔχαιρεν
2438 2371 2528 2423 ἐπὶ
2551 2366 2627 2438 τῷ
2647 2367 2787 2438 ἰδίῳ,
2801 2367 2924 2421 ὅσον
2946 2364 3039 2418 ἐπὶ
3060 2361 3138 2434 τῷ
3178 2362 3270 2417 τοῦ
3313 2357 3538 2429 ἀδελφοῦ
3565 2358 3783 2428 ἠνιᾶτο.

1987 2506 2214 2563 CAPUT
2247 2507 2341 2563 ιν.
2370 2541 2383 2557 .

1381 2622 1547 2678 Ambo
1570 2625 1789 2678 seorsim
1826 2624 2170 2678 monasticam
2207 2624 2368 2676 vitam
2402 2622 2839 2694 complectuntur.

574 2737 644 2794 Χ.
691 2738 862 2794 Porro
916 2739 1160 2795 Joannes
1211 2739 1380 2794 multa
1431 2739 1615 2793 animo
1666 2747 1920 2809 reputare
1975 2755 2094 2795 ca:-

504 2830 606 2901 pit,
638 2839 749 2885 tum
774 2846 885 2901 quo
929 2831 1197 2901 appulsus
1247 2839 1414 2895 esset,
1460 2841 1574 2895 tum
1604 2826 1716 2902 quo
1762 2848 1822 2887 se
1852 2841 2097 2888 verteret

501 2937 731 2978 secuum
777 2922 1113 2992 expendens.
1151 2923 1278 2978 Haec
1329 2923 1591 2995 cogitanti
1649 2940 1815 2979 mens.
1865 2926 2030 2991 bona,
2063 2942 2094 2982 a

502 3020 735 3083 paterno
775 3013 970 3083 utique
1001 3013 1213 3068 semine
1241 3022 1422 3068 ortum
1461 3014 1692 3083 ducens,
1727 3016 1925 3086 injecta
1964 3016 2090 3073 fuit.

500 3102 867 3160 Commemini
903 3104 1075 3169 enim,
1106 3105 1309 3172 aiebat,
1341 3116 1549 3177 patrem
1609 3123 1795 3163 meum
1836 3110 2088 3180 judicare

2267 2735 2321 2791 l'.
2375 2736 2434 2789 '0
2476 2723 2655 2790 τοίνυν
2711 2734 2967 2806 Ἰωάννης
3024 2734 3256 2798 πολλοὺς
3308 2732 3603 2788 ἀνελίττων
3630 2734 3784 2804 λογι-

2199 2828 2371 2900 σμοὺς
2399 2824 2489 2899 ἦν,
2528 2829 2651 2882 ὅποι
2702 2846 2758 2882 τε
2792 2827 3049 2897 ἀφίξεται
3099 2827 3340 2894 σκοπῶν,
3383 2826 3481 2880 καὶ
3518 2827 3634 2890 πῶς
3665 2826 3785 2897 ἄρα

2195 2921 2261 2976 τὰ
2322 2921 2445 2975 καθ’
2503 2921 2696 2975 ἑαυτὸν
2756 2920 2994 2993 διαθείη.
3044 2919 3203 2973 Οῦτω
3256 2919 3315 2974 δὲ
3370 2919 3788 2989 διαμελετῶντα

2196 3011 2321 3074 νοῦς
2362 3011 2568 3081 ἀγαθὸς
2606 3011 2805 3082 εἰσῄει,
2832 3013 2898 3064 ὲκ
2924 3010 3213 3083 πατρικῶν
3259 3010 3596 3082 σπερμάτων
3642 3010 3788 3081 ἔχων

2195 3101 2294 3165 τάς
2323 3102 2599 3171 ἀφορμάς.
2645 3102 2707 3155 '0
2744 3100 2855 3173 γὰρ
2882 3101 3086 3172 πατὴρ,
3112 3099 3321 3169 ἔλεγεν,
3343 3103 3371 3154 ὁ
3397 3101 3531 3169 ὲμδς
3561 3101 3650 3156 ἀεὶ
3676 3101 3776 3155 τὸν

502 3195 747 3260 solitum,
772 3195 898 3251 vita:
923 3196 1183 3253 solitariae
1216 3197 1285 3252 ad
1321 3190 1640 3254 felicitatem
1688 3200 1881 3256 deesse
1929 3201 2086 3257 nihil.

2201 3196 2411 3266 μονήρη
2454 3194 2569 3265 βίον
2598 3194 2953 3267 μακαρισμοῦ
2990 3194 3168 3264 ἠξίου,
3205 3196 3300 3249 καὶ
3347 3194 3492 3266 τάχα
3534 3194 3786 3267 βούλημα

501 3284 571 3338 Ει
616 3284 868 3342 fortassis
908 3288 1026 3342 hac
1067 3296 1149 3343 est
1198 3289 1455 3346 voluntas
1497 3291 1614 3356 Dei,
1669 3300 1735 3346 ut
1758 3293 1944 3363 potius
1990 3290 2095 3364 ipsi

501 3377 795 3431 inserviam
838 3377 892 3432 in
949 3387 1271 3449 paupertate
1300 3390 1357 3435 et
1392 3381 1700 3452 abjectioue
1743 3382 1887 3454 (quae
1930 3395 2097 3441 certae

499 3477 631 3523 sunt
654 3469 721 3524 ad
749 3471 873 3539 ejus
893 3470 1223 3541 obsequium
1274 3473 1422 3545 viae),
1461 3491 1626 3545 quam
1673 3485 1733 3530 ut
1780 3477 1925 3532 inter
1962 3492 2096 3547 opes

503 3570 669 3630 atque
703 3561 949 3617 fallacias
976 3562 1143 3617 vitam
1193 3565 1441 3636 exigam;
1498 3582 1622 3638 quae
1666 3568 1774 3623 lata
1832 3569 2094 3626 nimirum

502 3663 589 3707 est
614 3654 702 3709 via
735 3665 793 3710 ct
825 3655 895 3710 ad
932 3655 1221 3711 interitum
1247 3658 1478 3714 ducens.
1517 3661 1700 3731 Atque
1729 3661 1866 3729 haec,
1903 3663 2093 3729 credo,

500 3752 588 3798 est
642 3760 809 3799 causa
853 3760 956 3800 cur
1017 3755 1301 3816 potentem
1352 3751 1472 3821 ejus
1520 3766 1745 3807 manum
1790 3753 2093 3825 implorans

500 3835 691 3891 irritas
719 3836 956 3892 fuderim
987 3852 1203 3907 preces,
1240 3857 1418 3912 neque
1451 3850 1750 3915 tempestas
1782 3847 2093 3917 tranquilli-

500 3939 613 3985 tate
637 3939 844 3987 mutata
872 3932 965 3987 sit.
988 3933 1125 3988 Nam
1148 3949 1275 4007 cum
1308 3935 1380 3990 sit
1399 3937 1664 4006 optimus,
1692 3952 1938 4009 persaepe
1960 3954 2092 4009 sup.

499 4019 770 4089 plicantes
824 4023 1103 4094 negligere
1151 4027 1305 4079 novit
1377 4026 1450 4081 ob
1493 4027 1804 4083 animarum
1859 4028 2089 4095 bonum,

499 4121 664 4181 atque
685 4128 749 4168 ea
797 4116 1031 4171 maxime
1060 4117 1306 4186 prtebere
1353 4120 1691 4187 petentibus,
1734 4121 1881 4179 unde
1918 4122 2095 4176 mani-

498 4205 702 4260 festum
727 4208 928 4262 animis
949 4210 1384 4266 emolumentum
1413 4213 1664 4269 exsistat.
1684 4213 1954 4280 Quocirca
1981 4231 2087 4270 uio.

498 4297 803 4353 nasterium
829 4299 964 4354 mihi
990 4300 1329 4369 adeundum,
1360 4304 1668 4376 animaeque
1689 4307 2090 4364 consulendum

497 4397 604 4454 est,
630 4398 687 4444 et
731 4398 859 4446 ante
892 4392 1074 4447 omnia
1107 4395 1434 4463 placendum
1473 4397 1606 4463 Deo,
1638 4398 1731 4468 qui
1768 4414 1879 4453 non
1918 4400 2089 4454 mari-

499 4482 632 4536 tima
678 4484 853 4538 solum
888 4486 1149 4555 procella,
1180 4487 1276 4543 sed
1331 4489 1505 4561 magis
1556 4491 1727 4546 etiam
1756 4490 1885 4546 vita:
1925 4491 2090 4562 hujus

2195 3286 2274 3358 τῷ
2313 3286 2454 3358 Θεῷ,
2497 3286 2782 3342 δουλεῦσαί
2808 3304 2875 3357 με
2901 3286 3102 3359 μᾶλλον
3145 3286 3317 3357 αὐτῷ,
3352 3287 3625 3357 πτωχείαν
3663 3289 3783 3358 ἅμα

2197 3380 2293 3433 καὶ
2321 3378 2650 3433 ταπείνωσιν
2681 3379 2984 3434 ὑπελθόντα
3019 3379 3151 3451 (ὁδοὶ
3190 3379 3298 3451 γὰρ
3330 3379 3591 3443 ἀπλανεῖς
3620 3373 3779 3434 αὗται

2195 3471 2332 3542 πρὸς
2370 3470 2583 3525 ἐκείνου
2620 3472 2886 3543 φέρουσαι
2911 3470 3254 3543 θεραπείαν),
3285 3472 3317 3542 ἢ
3347 3474 3406 3525 ὲν
3437 3473 3648 3541 πλούτῳ
3684 3473 3778 3525 καὶ

2195 3563 2380 3634 ἀπάτῃ
2412 3563 2506 3617 τὸν
2534 3562 2652 3634 βίον
2673 3564 2994 3633 διενεγκεῖν,
3026 3562 3055 3617 ὃ
3084 3563 3185 3635 τῆς
3235 3564 3500 3628 πλατείας
3542 3564 3655 3616 ἐστὶ
3685 3565 3783 3616 καὶ

2193 3655 2493 3725 ὁδηγούσης
2520 3659 2656 3726 πρὸς
2685 3655 2782 3728 τὴν
2813 3656 3107 3711 ἀπώλειαν·
3159 3658 3255 3711 καὶ
3302 3658 3474 3726 ταύτη
3527 3658 3672 3711 αἰτία
3704 3657 3786 3728 μὴ

2194 3749 2529 3819 ἀκουσθῆναί
2551 3766 2620 3820 με
2643 3750 2742 3821 τῆς
2777 3748 3024 3821 μεγάλης
3052 3749 3263 3803 ἐκείνου
3290 3750 3471 3821 χειρὸς
3502 3750 3784 3819 δεόμενον,

2198 3844 2335 3913 μήτε
2382 3843 2482 3915 τὴν
2517 3843 2687 3916 ζάλην
2733 3845 2814 3908 εἰς
2848 3845 3091 3916 γαλήνην
3145 3845 3495 3916 μεταϐαλεῖν.
3553 3844 3788 3913 ’Δγαθδς

2194 3933 2305 4006 γὰρ
2339 3934 2434 4000 ὢν,
2466 3932 2575 3989 οἵδε
2601 3935 2863 4000 πολλάκις
2887 3937 2982 3990 καὶ
3012 3953 3193 4008 παρορ
3206 3937 3273 4008 ᾄν
3307 3937 3665 4008 εὐχομένους,
3692 3935 3785 3988 ἐπ’

2194 4026 2385 4097 ἀγαθῷ
2424 4027 2522 4098 τῆς
2570 4027 2772 4098 ψυχῆς,
2802 4028 2899 4081 καὶ
2946 4028 3133 4081 ἐκεῖνα
3170 4026 3374 4099 μᾶλλον
3429 4029 3781 4095 αίτουμένοις

2194 4121 2481 4191 παρέχειν,
2515 4122 2618 4174 ὅσα
2650 4122 2746 4175 καὶ
2773 4121 2910 4191 πρὸς
2943 4119 3112 4191 αὐτὴν
3165 4120 3426 4193 ἄντικρυς
3477 4120 3783 4192 παραπέμ-

2196 4227 2291 4285 πει
2320 4213 2382 4266 τὸ
2415 4213 2628 4284 κέρδος.
2663 4214 2757 4266 Δεῖ
2807 4208 2902 4266 οὖν
2938 4229 3006 4283 με
3041 4214 3398 4285 μοναστηρίῳ
3438 4212 3781 4284 προσελθεῖν,

2195 4280 2290 4357 καὶ
2322 4280 2502 4375 ψυχῆς
2552 4305 2861 4375 φροντίσαι,
2895 4280 2990 4357 καὶ
3042 4280 3210 4358 αὐτοῦ
3369 4280 3599 4371 ⁷τούτου,
3632 4305 3785 4368 ὅπως

2193 4395 2314 4465 Θεῷ
2366 4396 2663 4467 εὐάρεστος
2691 4397 2910 4468 ἔσομαι,
2948 4397 3007 4461 ὃς
3049 4397 3111 4451 οὐ
3148 4396 3425 4461 κλύδωνος
3463 4397 3628 4468 μόνου
3681 4399 3778 4451 τοῦ

2194 4487 2509 4553 θαλαττίου,
2554 4489 2691 4543 ἀλλά
2739 4491 2835 4543 καὶ
2890 4489 3071 4566 πολλῷ
3131 4491 3335 4563 μᾶλλον
3386 4490 3478 4545 τοῦ
3521 4492 3781 4563 βιωτικοῦ

496 4575 758 4631 ﬂuctibus
776 4587 1052 4648 ereptum,
1078 4581 1447 4652 inexplicabili
1475 4585 1687 4639 ratione
1713 4599 1800 4640 me
1819 4584 1874 4640 in
1898 4584 2091 4641 salutis

2200 4579 2469 4645 κλύδωνος
2517 4580 2700 4646 σώσας
2761 4585 2910 4653 ἡμᾶς
2966 4582 3145 4652 λόγοις
3197 4584 3481 4656 ἀρῤήτοις,
3536 4589 3615 4649 είς
3664 4586 3783 4640 ὁδὸν

495 4666 726 4722 adduxit
760 4668 924 4725 viam.
961 4671 1140 4741 Atque
1169 4672 1287 4728 btee
1311 4674 1498 4728 animo
1525 4675 1779 4730 volutans
1805 4675 1860 4732 in
1896 4692 2090 4746 preces

495 4757 589 4814 dat
619 4774 761 4827 sese,
786 4763 991 4832 quibus
1013 4774 1068 4820 et
1094 4767 1979 4838 servaripostulabatArcadium,
2008 4780 2086 4836 et,

495 4850 645 4919 quod
660 4862 825 4922 caput
848 4862 991 4921 erat,
1020 4855 1074 4910 in
1096 4857 1347 4914 eamdem
1374 4859 1502 4913 vita:
1525 4860 1793 4914 rationem
1814 4860 2085 4931 pertrahi,

496 4958 619 5013 quae
650 4952 765 4999 tum
798 4947 1014 5017 corpori
1042 4951 1182 5021 ejus,
1217 4960 1331 5005 tum
1357 4952 1554 5007 animae
1581 4954 1813 5008 salutem
1838 4955 2082 5015 ali‘erret.

569 5209 659 5263 Χι.
692 5209 916 5267 Confert
951 5229 1009 5269 se
1037 5214 1206 5291 igitur
1230 5216 1296 5271 ad
1330 5218 1606 5286 quoddam
1661 5222 1899 5293 regionis
1938 5225 2084 5281 illius

495 5306 919 5373 monasterium,
955 5309 1045 5362 ubi
1073 5323 1198 5363 cum
1231 5310 1439 5381 janitor
1464 5321 1591 5367 eum
1635 5316 1885 5378 vidisset.
1923 5317 2082 5373 heni-

494 5412 599 5468 gne
643 5400 867 5468 exeipit,
902 5401 1051 5456 nudo
1084 5411 1293 5458 vestem
1341 5404 1595 5477 largitur,
1626 5409 1855 5480 parique
1888 5410 2081 5466 hilari-

497 5497 607 5545 tate
637 5506 702 5545 ac
731 5492 1110 5549 benevolentia
1137 5511 1342 5553 mensae
1368 5499 1599 5556 adhibet
1628 5521 1641 5555 :
1699 5503 1813 5557 Deo
1859 5503 2079 5560 interim

492 5583 688 5640 Joanni
736 5586 803 5640 ad
860 5603 919 5642 sc
978 5588 1121 5643 viam
1153 5590 1455 5648 bellissime
1496 5604 1799 5651 sternente.
1852 5598 2077 5653 Remota

492 5673 697 5729 deinde
718 5691 925 5741 mensa,
947 5680 1250 5736 monachus
1265 5682 1600 5753 colloquium
1615 5700 1845 5742 exorsus
1866 5705 1878 5741 :
1901 5687 2076 5756 Unde,

497 5759 697 5828 inquit,
739 5764 923 5832 frater,
958 5767 1065 5824 huc
1087 5764 1407 5827 aceessisti?
1430 5773 1529 5829 Cui
1573 5775 1663 5830 ille
1688 5775 1797 5846 jam
1839 5779 2074 5847 generis,
2108 5774 2123 5779 “

497 5856 554 5899 et
594 5867 779 5920 opum,
824 5867 877 5913 et
909 5860 1217 5928 splendoris
1243 5876 1407 5936 atque
1447 5867 1823 5936 amplitudinis
1850 5871 2073 5939 oblitus,

2198 4672 2373 4742 ἤγαγε
2432 4672 2729 4742 σωτηρίας,
2760 4672 2917 4728 Οὕτω
2966 4675 3250 4745 σκοπήσας
3309 4676 3403 4729 καὶ
3454 4676 3779 4747 διανοηθεὶς,

2198 4765 2332 4835 εὐχῇ
2384 4764 2601 4819 δίδωσιν
2630 4765 2824 4820 ἑαυτόν
2849 4782 2865 4798 ·
2902 4766 3164 4837 ἠϐούλετο
3189 4768 3247 4821 δὲ
3278 4769 3311 4840 ἡ
3362 4768 3498 4840 εὐχὴ
3537 4770 3785 4842 σωθῆναί

2196 4873 2254 4908 τε
2291 4857 2385 4911 καὶ
2423 4857 2518 4910 τὸν
2551 4858 2779 4928 ἀδελφὸν
2826 4859 3133 4930 Ἀρκάδων,
3171 4861 3268 4913 καὶ
3314 4860 3413 4931 τὴν
3458 4860 3581 4931 ἴσην
3633 4862 3786 4932 αὐτῷ

2195 4948 2411 5003 ἑλέσθαι
2451 4948 2546 5003 τοῦ
2596 4949 2711 5021 βίου
2751 4950 3048 5023 διαγωγὴν,
3082 4953 3223 5024 ὅπερ
3262 4951 3339 5015 ὡς
3389 4952 3447 5003 ὲν
3500 4952 3784 5024 κεφαλαίῳ

2194 5035 2283 5110 ἦν,
2317 5040 2404 5094 ἵνα
2440 5041 2516 5112 μὴ
2542 5042 2683 5097 κατὰ
2720 5041 2878 5113 σῶμα
2917 5044 3077 5114 μόνον
3104 5045 3213 5115 εἴη,
3246 5043 3381 5097 ἀλλά
3410 5043 3591 5115 πολλῷ
3639 5047 3782 5116 μᾶλ-

2194 5133 2283 5187 λον
2316 5134 2409 5187 καὶ
2441 5132 2580 5187 κατά
2604 5133 2785 5205 ψυχὴν
2817 5136 3147 5208 σωζόμενος.

2264 5224 2366 5280 IA'.
2405 5226 2664 5296 Πρόσεισι
2702 5228 2994 5299 τοιγαροῦν
3026 5230 3109 5285 ἐνὶ
3135 5229 3245 5286 τῶν
3292 5234 3435 5287 κατά
3488 5234 3639 5288 τόνδε
3686 5232 3779 5286 τὸν

2190 5320 2356 5374 τόπον
2385 5320 2765 5392 μοναστηρίων
2796 5336 2812 5352 ο
2847 5322 2942 5376 καὶ
2970 5323 2999 5375 ό
3038 5322 3132 5377 ἐπὶ
3161 5323 3269 5377 τῶν
3292 5326 3482 5379 πυλῶν
3510 5325 3781 5396 τεταγμέ-

2191 5428 2282 5474 νος
2313 5410 2390 5477 ὡς
2411 5407 2553 5465 εἶδεν
2582 5413 2765 5475 αὐτὸν,
2825 5413 3071 5483 εὐμενῶς
3098 5432 3157 5469 τε
3186 5411 3315 5483 εἶδε,
3351 5418 3446 5470 καὶ
3478 5418 3641 5481 εὐθὺς
3661 5418 3777 5470 eis-

2191 5502 2431 5568 εδέξατο,
2461 5504 2679 5574 ἱμάτιόν
2698 5521 2757 5558 τε
2783 5505 2967 5559 δίδωσι
2994 5506 3222 5579 (γυμνὸς
3255 5508 3365 5579 γὰρ
3393 5504 3508 5581 ἦν),
3530 5510 3625 5564 καὶ
3642 5527 3778 5580 τρα-

2189 5596 2364 5667 πέζης
2407 5597 2556 5667 αὐτῴ
2591 5600 2838 5653 κοινωνεῖ
2881 5599 3002 5652 λίαν
3063 5600 3263 5672 ἱλαρῶς
3307 5603 3401 5655 καὶ⁵
3456 5603 3774 5673 προθύμως,

2189 5689 2283 5742 τοῦ
2319 5687 2455 5743 Θεοῦ
2506 5689 2561 5742 δὲ
2592 5689 2765 5744 ταῦτα
2815 5690 2998 5755 καλῶς
3027 5693 3105 5762 τῷ
3165 5693 3386 5763 Ἰωάννῃ
3442 5692 3777 5758 διατιθέντος

2187 5780 2284 5851 τὴν
2316 5782 2452 5850 πρὸς
2482 5781 2645 5836 αὐτὸν
2670 5783 2945 5855 φέρουσαν
2974 5783 3186 5853 [f.add.
3216 5784 3502 5858 ὲλομένῳ].
3541 5786 3777 5840 Ἔπειτα

2190 5873 2329 5943 μετᾶ
2355 5874 2415 5929 τὸ
2445 5877 2660 5945 φαγεῖν,
2706 5878 2797 5930 καὶ
2838 5876 3057 5945 ὁμιλίας
3100 5879 3127 5931 ὁ
3161 5878 3392 5949 μοναχδς
3448 5879 3776 5949 ἁπτόμενος,
