4138 6396
366 257 508 326 1025

1575 262 1748 322 VlTA
1790 261 1850 321 S.
1893 261 2385 324 XENOPHONTI
2396 264 2454 322 Β.

3502 254 3639 321 1096

367 371 539 427 Πόθεν
567 367 642 439 εἷ,
674 370 911 441 ἀδελφές
948 369 1117 441 λέγει.
1176 368 1235 422 '0
1273 368 1350 434 δὲ,
1378 368 1477 421 οὐκ
1527 370 1825 439 εὐγενείας,
1884 371 1946 424 οὐ

2050 370 2488 442 modestiamque
2519 370 2652 426 satis
2677 371 2926 438 edoctus,
2961 386 3023 427 ac
3056 385 3153 441 pro
3187 368 3414 425 sordido
3444 383 3505 423 se
3540 382 3638 438 gr-

365 464 624 530 πλούτου,
651 462 753 516 οὐκ
794 460 954 516 ἄλλου
999 478 1094 514 του
1136 459 1247 514 τῶν
1272 460 1557 531 ἐπισήμων
1585 462 1680 513 καὶ
1710 477 1947 529 περιφα-

366 556 473 610 νῶν
523 551 1026 624 μνησθεῖς,ιῶσπερ
1056 553 1156 624 ἤδη
1181 552 1243 606 τὸ
1283 555 1694 623 μετριοφρονεῖν
1742 570 1947 623 κατορ-

366 645 569 709 θώσας.
601 645 711 701 ἀπὸ
731 646 840 697 τῶν
866 644 1260 715 εὐτελεστέρων
1289 644 1480 698 ἑαυτὸν
1528 644 1774 713 βούλεται
1803 664 1948 716 παρ-

367 728 542 810 ιστᾷν,
593 736 914 808 ’Ἄνθρωπός
956 737 1074 805 ειμι
1098 776 1112 802 ,
1145 736 1343 805 λέγων,
1373 735 1520 800 ξένος
1542 738 1634 790 καὶ
1671 739 1946 804 ταπεινὸς,

365 828 614 897 ναυαγίῳ
641 829 697 882 δὲ
728 828 1112 898 περιληφθεὶς,
1149 829 1370 899 εὐμενεῖ
1403 846 1462 881 τε
1492 829 1569 898 τῷ
1596 829 1716 900 Θεῷ
1750 830 1952 901 χρησά-

368 937 553 990 μενος,
591 921 687 972 καὶ
739 921 858 983 ταῖς
911 919 1098 991 εὐχαῖς
1139 922 1258 984 ταῖς
1311 920 1609 990 ὑμετέραις
1661 920 1949 985 διασωθεὶς

363 1013 682 1084 ἀπερῤἶφην
737 1011 992 1070 ἐνταῦθα.
1061 1011 1282 1067 Τούτων
1329 1014 1575 1079 ἀκούσας
1631 1017 1659 1068 6
1715 1016 1950 1086 μοναχὺς

365 1104 702 1176 προσετίθενν
742 1104 838 1166 Τίς
872 1104 929 1158 δέ
959 1121 1041 1159 σοι
1068 1105 1129 1160 τὸ
1161 1106 1300 1178 μετὰ
1327 1106 1499 1161 ταῦτα
1535 1107 1766 1174 σκοπό;;
1795 1110 1904 1161 Καὶ
1922 1111 1951 1162 6

375 1197 653 1267 Ἰωάννης,
694 1194 758 1249 Εἰ
788 1197 883 1249 καὶ
910 1197 1040 1261 Θεὸς
1075 1197 1141 1270 [Γ.
1176 1198 1344 1272 Θεῷ],
1369 1200 1497 1272 ἔφη,
1536 1200 1697 1262 τοῦτο
1733 1200 1945 1267 δοκοῦν,

361 1286 458 1341 καὶ
500 1288 576 1358 μὴ
600 1287 806 1355 ἀπάγει
831 1304 899 1357 με
921 1287 1021 1358 τῆς
1049 1288 1360 1361 προθέσεως
1404 1294 1467 1344 τὸ
1504 1293 1745 1360 ἀνάξιον,
1781 1308 1948 1363 μονα-

362 1381 457 1452 χὺς
493 1379 745 1448 γενέσθαι
770 1379 1054 1452 βούλομαι.
1103 1382 1370 1454 Ἐπῄνεσε
1399 1384 1492 1437 τὸν
1516 1382 1679 1452 λόγον
1707 1384 1949 1449 ἀκούσας

361 1477 391 1528 ὁ
430 1474 697 1546 πυλωρδς,
729 1474 824 1528 καὶ⁵
859 1477 953 1527 τὸν
995 1475 1249 1544 Ἰωάννην
1276 1475 1581 1547 ἐμακάρισε
1618 1475 1719 1546 τῆς
1754 1476 1948 1529 ἐπιθυ·-

370 1567 522 1637 μῖας.
570 1566 628 1619 '0
679 1566 759 1632 δὲ,
795 1562 959 1621 Ἀλλὰ
1003 1567 1230 1622 δυνατόν
1280 1584 1396 1638 μοι,
1431 1566 1559 1637 ἔφη,
1590 1567 1826 1621 ἐνταῦθα
1860 1567 1950 1620 τέ-

366 1659 457 1722 λος
503 1657 769 1713 ὲπιθεῖναι
815 1675 917 1730 μου
972 1661 1039 1729 τῇ
1090 1659 1386 1730 προθέσεις
1437 1661 1548 1715 Καὶ
1603 1663 1631 1715 ό
1666 1661 1945 1733 μοναχός·

2050 479 2197 528 rens,
2229 462 2382 530 Sum,
2410 464 2608 534 inquit,
2640 464 2841 534 hospes
2866 473 3030 533 atque
3062 463 3308 533 abjeetus
3332 503 3348 528 ,
3380 462 3473 530 qui
3499 475 3640 514 nau-

2049 554 2224 626 fragio
2260 556 2523 625 jactatus,
2562 556 2780 625 Deoque
2828 570 2965 611 usus
3018 555 3282 626 prepitio,
3327 568 3392 608 ae
3437 551 3637 606 vestris

2048 648 2464 718 precationibus
2485 657 2760 709 servatus,
2796 646 2905 701 huc
2933 647 3154 702 deveni.
3186 644 3399 712 Quibus
3428 642 3637 698 auditis

2050 739 2201 793 addit
2232 739 2535 793 monachus
2567 756 2580 791 :
2607 738 2781 805 Quem
2814 748 2998 793 autem
3020 748 3142 809 post
3172 737 3289 791 haec
3318 734 3481 790 finem
3513 751 3640 804 spc-

2049 831 2202 886 etas?
2231 831 2369 885 Tum
2408 831 2652 887 Joannes
2689 848 2703 885 :
2735 831 2789 885 Si
2821 829 2952 897 Deo,
2996 830 3193 900 inquit,
3229 829 3405 882 visum
3451 827 3640 895 fuerit,

2050 938 2250 992 meque
2271 931 2423 977 tanto
2446 922 2731 993 proposito
2760 937 2880 977 mea
2909 936 3021 975 non
3050 920 3290 976 excludit
3318 919 3641 990 indignitas.

2050 1014 2356 1070 monachus
2392 1015 2512 1070 fieri
2543 1014 2902 1069 vehementer
2945 1012 3222 1067 desidero.
3265 1011 3339 1065 Ea
3364 1026 3426 1066 re
3476 1011 3640 1065 intel-

2048 1104 2192 1161 lecta
2225 1107 2432 1178 janitor
2461 1107 2737 1163 collaudat
2780 1107 3062 1176 juvenem.
3095 1119 3159 1159 ac
3183 1102 3291 1159 tain
3321 1112 3510 1158 sancto
3543 1101 3641 1170 de-

2052 1198 2259 1254 siderio
2291 1199 2676 1254 beatissimum
2722 1213 2842 1255 esse
2896 1197 3212 1254 confirmat.
3260 1201 3415 1251 Amne
3449 1196 3638 1264 igitur,

2051 1289 2235 1360 inquit
2257 1290 2518 1357 Joannes,
2554 1290 2663 1346 hoc
2697 1291 2821 1347 loco
2847 1290 2963 1345 voti
3000 1304 3224 1359 compos
3257 1287 3376 1343 fieri
3407 1286 3640 1358 potero?

2050 1380 2358 1452 Respondit
2406 1384 2730 1448 monachus,
2755 1392 2945 1438 votum
2975 1382 3191 1454 praesidi
3228 1380 3636 1452 exponendum,

2052 1473 2313 1543 quodque
2354 1472 2407 1528 is
2458 1473 2767 1528 decreverit
2813 1473 3225 1544 exsequendum
3262 1488 3418 1536 esse,
3472 1481 3638 1539 atque

2051 1563 2128 1618 ita
2167 1580 2282 1619 rem
2312 1566 2464 1620 exitu
2504 1565 2652 1620 bono
2679 1567 3004 1622 conclusum
3040 1561 3304 1621 iri.'Tum
3333 1564 3639 1619 monachus

2053 1657 2328 1726 superiori
2357 1656 2463 1712 fert
2492 1659 2770 1713 nuntium.
2824 1658 3071 1714 Joannes
3104 1656 3433 1722 accersitur,
3477 1664 3535 1710 et
3580 1655 3637 1711 in

365 1750 769 1824 Προσαγγεῖλαί
816 1770 883 1823 με
942 1753 1025 1807 δεῖ
1055 1753 1133 1823 τῷ
1168 1754 1494 1823 προεστῶτι,
1548 1756 1643 1808 καὶ
1693 1755 1830 1827 ὅπερ
1881 1754 1945 1808 ἂν

2052 1762 2410 1822 conspectum
2443 1753 2692 1822 praesidis
2726 1755 2910 1819 venit;
2946 1754 3036 1809 cui
3071 1769 3283 1825 magnae
3309 1767 3443 1807 sane
3476 1752 3636 1807 volu-

362 1843 529 1908 αὐτὸς
583 1844 917 1915 ἐπιτρέψειε,
977 1844 1137 1899 τοῦτό
1190 1863 1251 1899 σε
1305 1846 1562 1917 ποιῆσαι,
1613 1846 1707 1900 καὶ
1770 1847 1948 1917 πέρας

362 1932 570 2002 ἀγαθὸν
621 1934 700 2006 τῷ
744 1935 1030 2005 πράγματι
1081 1937 1406 2006 ἀπαντήσει.
1445 1936 1819 2008 Προσήγγειλε
1868 1938 1947 2008 τῷ

361 2026 761 2097 καθηγουμένῳ
798 2028 826 2080 6
878 2029 1133 2099 μοναχδς,
1169 2030 1558 2100 μετακαλεῖται
1592 2030 1621 2083 6
1669 2029 1942 2100 Ἰωάννης,

361 2118 454 2170 καὶ
488 2119 568 2182 εἰς
601 2118 733 2189 ὄψιν
763 2120 914 2190 αὐτῷ
964 2119 1208 2190 ἔρχεται,
1243 2121 1437 2192 ἡδονῆς
1464 2140 1524 2175 τε
1554 2120 1704 2192 αὐτῷ
1735 2122 1944 2189 γίνεται

360 2209 627 2280 πρόξενος
656 2211 788 2280 ὅσης
819 2210 909 2265 διὰ
940 2212 1041 2285 τὴν
1064 2216 1495 2285 ἑπιφαινομένην
1534 2214 1612 2285 τῷ
1659 2215 1938 2287 προσώπῳ

358 2301 519 2372 χάριν
552 2302 617 2355 ὲκ
666 2303 761 2357 τοῦ
789 2305 1023 2370 κάλλους
1053 2305 1167 2358 τῶν
1190 2306 1425 2374 ἀρετῶν.
1468 2306 1685 2360 ’Λκούει
1714 2308 1943 2360 πλεῖστα

357 2395 388 2447 6
431 2393 688 2465 Ἰωάννης
719 2392 828 2449 τῶν
863 2398 945 2461 εἰς
980 2396 1254 2468 ὠφέλειαν
1302 2396 1482 2469 ψυχῆς
1531 2397 1944 2460 συντεινόντων,

359 2478 832 2558 εἶτα’κατηχεῖται
865 2488 935 2541 τὰ
959 2488 1060 2559 τῆς
1091 2490 1396 2561 μοναχικῆς
1427 2489 1737 2563 ἀκριϐείας,
1760 2490 1943 2560 κείρε-

2047 1843 2188 1911 ptati
2224 1840 2350 1906 fuit,
2388 1843 2592 1896 intueri
2627 1842 2893 1897 virtutum
2929 1843 3283 1911 splendorem
3325 1843 3379 1897 in
3411 1840 3639 1897 Joannis

2046 1934 2200 1988 vultu
2224 1932 2554 1988 elucentem.
2593 1934 2833 1988 Plurima
2864 1934 2955 1990 hic
2991 1934 3259 1990 edocetur
3300 1934 3544 1990 Joannes
3566 1933 3637 1989 ad

2046 2025 2341 2079 maximam
2407 2026 2579 2080 animi
2646 2026 2940 2082 utilitatem
3003 2025 3345 2098 spectantia:
3391 2035 3505 2081 tum
3562 2027 3637 2082 de

2045 2117 2348 2173 monastica
2380 2117 2674 2173 sedulitate
2726 2119 3042 2186 instruitur,
3099 2120 3398 2174 tondentur
3425 2120 3631 2184 crines,

2042 2220 2211 2283 atque
2241 2229 2348 2267 una
2378 2213 2425 2268 si
2471 2213 2604 2285 quid
2653 2226 2968 2285 superesset
3016 2216 3310 2287 profanum
3340 2216 3427 2270 vel
3472 2226 3643 2270 terre-

2046 2320 2179 2359 num
2213 2304 2523 2370 abraditur,
2552 2322 2731 2376 neque
2760 2308 3139 2363 tantummodo
3172 2318 3306 2363 tunc
3339 2309 3643 2363 monacho-

2050 2411 2174 2450 rum
2203 2397 2474 2463 habitum,
2511 2397 2609 2452 sed
2659 2407 2715 2453 et
2745 2400 3112 2469 cogitationes
3141 2416 3265 2455 cum
3292 2399 3638 2472 professione

2051 2488 2291 2544 vestium
2318 2498 2687 2560 congruentes
2726 2489 2926 2545 induit.

357 2598 449 2635 ται
473 2579 574 2651 τὴν
620 2582 819 2652 κόμην,
855 2584 1310 2649 συναποκεξρεται
1345 2584 1453 2636 πᾶν
1510 2583 1565 2637 et
1625 2600 1679 2636 τι
1750 2581 2016 2652 κοσμικόν
2043 2597 2104 2634 τε
2138 2582 2235 2634 καὶ
2280 2581 2593 2651 πρόσγειον,
2657 2582 2727 2636 τὰ
2791 2582 2902 2635 τῶν
2944 2584 3200 2656 μοναχῶν
3258 2583 3643 2655 περιϐάλλεται

354 2674 505 2744 μετά
524 2672 634 2727 τῶν
667 2672 843 2729 ἄλλων
872 2673 968 2728 καὶ
1009 2676 1137 2738 τοὺς
1169 2675 1498 2746 συνᾴδοντας
1527 2675 1607 2746 τῷ
1659 2674 2046 2744 ἑπαγγέλματι
2068 2672 2167 2742 τῆς
2198 2671 2496 2744 περιϐολῆς
2521 2670 2839 2744 λογισμούς.

436 2764 539 2822 lB'.
569 2767 680 2822 Καὶ
725 2762 795 2840 ἦν
828 2766 972 2820 οὕτω
1004 2768 1309 2837 νηστείαις,
1334 2769 1428 2822 καὶ
1453 2767 1806 2839 ἀγρυπνίαις,
1841 2766 1938 2822 καὶ

358 2861 694 2932 ¹προσευχαῖς
747 2859 1148 2932 διακαριτερῶν,
1203 2859 1277 2913 τὰ
1334 2861 1434 2931 μὲν
1484 2852 1622 2915 ἄλλα
1681 2859 1938 2930 εὔθυμος,

363 2952 503 3027 μόνῃ
529 2951 586 3005 δὲ
614 2954 680 3023 τῇ
709 2952 838 3022 περὶ
867 2951 958 3006 τὸν
990 2951 1219 3022 ἀδελφὸν
1246 2953 1488 3021 φροντίδι
1514 2951 1821 3016 κατώδυνος
1843 2953 1943 3022 τὴν

356 3041 542 3114 ψυχήν
567 3058 581 3071 ο
614 3041 750 3112 ῷετο
782 3041 891 3112 γὰρ
937 3042 1099 3094 αὐτὸν
1143 3044 1259 3106 τοῖς
1310 3041 1466 3096 ὗδασι
1507 3041 1700 3106 δεινῶς
1744 3043 1944 3096 ἐναπο-

352 3136 563 3187 θανεῖν.
632 3134 921 3188 Ἐλάνθανε
979 3134 1038 3187 δὲ
1094 3135 1187 3187 τὸν
1240 3137 1510 3202 γενναῖον,
1548 3136 1624 3199 ὼς
1662 3138 1690 3187 6
1729 3135 1942 3188 ἐκείνου

358 3226 517 3291 Θεὸς,
553 3226 647 3280 καὶ
711 3226 996 3297 ’Λρκαδὶου
1049 3226 1266 3289 πάντως
1303 3222 1371 3298 ἦν
1402 3243 1417 3259 ο
1451 3227 1786 3298 ἀμφοτέροις
1837 3227 1947 3297 γὰρ

354 3318 560 3391 ἔμελεν
606 3318 864 3390 ἀρέσκειν
936 3317 1079 3389 Θεῷ,
1140 3319 1220 3372 διὸ
1278 3319 1374 3373 καὶ
1436 3319 1764 3389 ἀμφοτέρων
1814 3319 1946 3379 Θεὸς

362 3411 607 3483 ὲκὴδετο.
657 3412 860 3465 Τούτου
910 3410 1199 3485 τοιγαροῦν
1250 3414 1317 3483 τῇ
1376 3413 1564 3483 χάριτι
1610 3414 1702 3467 καὶ
1744 3414 1772 3465 ό
1804 3412 1947 3474 θεῖος

350 3503 647 3568 διασωθεὶς
711 3504 1018 3576 Ἀρκάδιος,
1072 3504 1168 3558 καὶ
1224 3506 1297 3575 γῇ
1366 3505 1469 3575 τῆς
1526 3505 1947 3576 Τετραπυργίας

350 3598 670 3663 ἀποδοθεὶς,
706 3596 898 3668 ὥσπερ
932 3596 1167 3666 ἔφημεν,
1204 3598 1365 3668 χάριν
1399 3596 1673 3666 ὡμολόγει
1718 3596 1838 3667 Θεῷ
1869 3594 1949 3667 τῷ

361 3691 623 3745 σώσαντι.
676 3688 880 3742 Ἐδεῖτο
930 3688 989 3742 δὲ
1042 3688 1137 3741 καὶ
1192 3689 1357 3752 αὑτός
1390 3689 1519 3760 περὶ
1567 3687 1662 3741 τοῦ
1711 3686 1943 3756 ἀδελφοῦ

361 3781 461 3848 τῆς
497 3781 667 3852 αὐτῆς
692 3783 873 3852 τυχεῖν
894 3778 1076 3845 δεξιᾶς
1100 3777 1297 3849 ὁδηγοῦ
1332 3797 1391 3833 τε
1427 3780 1523 3833 καὶ
1556 3779 1823 3849 φύλακος,
1851 3779 1946 3833 καὶ

363 3873 549 3930 τοῦτον
586 3873 711 3928 ἰδεῖν
745 3872 1047 3944 ὀφθαλμοῖς
1080 3873 1212 3946 πρὶν
1240 3874 1275 3944 ἦ
1306 3873 1398 3928 τὸν
1441 3872 1555 3944 βίον
1577 3872 1894 3939 ὑπεξελθεῖν
1928 3889 1942 3904 °

365 3965 586 4038 ἀδελφοὶ
617 3968 727 4039 γὰρ
762 3962 904 4039 ἦσαν
938 3968 1000 4021 οὐ
1054 3966 1125 4021 τὰ
1174 3966 1406 4038 σώματα
1435 3967 1621 4037 μόνον,
1660 3966 1801 4021 ἀλλὰ
1849 3967 1947 4021 καὶ

362 4062 463 4125 τὰς
497 4059 699 4131 ψυχάς.
741 4058 900 4115 Μετά
926 4058 985 4114 δὲ
1018 4057 1118 4132 τὴν
1146 4059 1334 4132 ευχὴν,
1365 4060 1585 4115 ἄπεισιν
1628 4060 1710 4123 εἰς
1747 4041 1948 4129 κώμην

362 4151 565 4225 τινὰ(ὣ
587 4151 724 4206 Θεοῦ
757 4146 1041 4222 κριμάτων
1063 4153 1274 4224 υᾶρτου
1305 4152 1582 4225 δεόμενος,
1619 4151 1716 4205 καὶ
1738 4151 1820 4215 εἰς
1837 4151 1948 4221 χεῖ-

365 4264 465 4319 ρας
485 4244 690 4319 ἑτέρων
707 4247 941 4319 βλέπων,
958 4240 1091 4301 οὖπε
1099 4264 1131 4318 ρ
1148 4247 1389 4319 ἀτεχνῶς
1408 4249 1459 4300 οἱ
1481 4248 1716 4319 πατέρες
1735 4246 1949 4300 πολλῶν

362 4340 632 4410 δεομένων
654 4338 927 4418 γαστέρας
958 4340 1221 4411 ἔπλησαν.
1257 4339 1454 4394 Λαὸὼν
1471 4336 1584 4405 οὖν,
1603 4341 1698 4396 καὶ
1732 4339 1946 4410 φαγὼν,

2116 2763 2236 2820 Xll.
2285 2765 2533 2836 Cumque
2592 2766 2695 2821 hac
2747 2767 2961 2822 ratione
3011 2768 3283 2839 .jejuniis,
3333 2771 3538 2843 vigiliis
3580 2783 3639 2830 η

2042 2857 2349 2928 precationi
2384 2867 2709 2913 constanter
2746 2874 2868 2915 sese
2907 2859 3228 2928 addiceret,
3268 2872 3464 2919 caetera
3513 2867 3640 2936 qui-

2050 2947 2177 3003 dem
2203 2958 2323 3004 erat
2353 2949 2517 3004 alacri
2546 2950 2751 3014 animo,
2777 2961 3006 3022 excepto
3027 2952 3175 3023 quod
3199 2952 3356 3009 tiniea
3376 2956 3443 3010 de
3466 2956 3635 3013 fratre

2051 3040 2427 3095 sollicitudine
2451 3055 2563 3095 non
2596 3041 2954 3097 mediocriter
2982 3054 3302 3115 angeretur,
3333 3062 3499 3117 quem
3527 3050 3636 3102 mi-

2048 3131 2279 3186 serrime
2313 3131 2479 3187 undis
2522 3132 2878 3188 immortuum
2917 3123 3198 3191 'crediaret.
3227 3137 3347 3192 Non
3381 3139 3635 3194 conside-

2048 3223 2204 3277 rabat
2233 3225 2382 3277 enim
2422 3239 2725 3295 generosus
2751 3214 2990 3300 juvenis,
3027 3242 3188 3282 suum
3239 3229 3415 3284 Deum
3462 3231 3631 3286 etiam

2043 3312 2264 3369 Arcadii
2297 3329 2528 3384 prorsus
2569 3315 2881 3383 esse._Cum
2924 3320 3073 3373 enim
3105 3328 3340 3390 uterque
3367 3322 3478 3377 Deo
3512 3323 3633 3392 pla-

2044 3406 2261 3461 citurus
2308 3410 2486 3472 eSSet,
2542 3408 2875 3479 singularem
2926 3410 3218 3481 utriusque
3279 3428 3471 3469 curam
3521 3415 3633 3487 egit

2043 3498 2211 3553 Deus.
2245 3497 2418 3569 llujus
2448 3501 2597 3555 enim
2628 3501 2816 3557 favore
2838 3502 3058 3558 divinus
3082 3518 3308 3575 quoque
3354 3506 3628 3582 Arcadius

2050 3591 2206 3686 letho
2229 3600 2476 3686 ereptus,
2516 3600 2575 3646 et
2600 3593 2668 3686 in‘
2691 3595 2995 3664 regionem,
3025 3597 3105 3649 uti
3140 3595 3400 3662 diximus,
3439 3597 3630 3655 Τοιγα-

2044 3680 2250 3752 pyrgiae
2279 3680 2565 3752 appulsus,
2594 3681 2731 3737 inibi
2780 3684 3048 3739 servatori
3087 3684 3202 3740 Deo
3235 3686 3633 3756 gratulabatur.

2040 3770 2233 3841 Neque
2282 3772 2467 3826 minus
2500 3772 2594 3826 ille
2616 3785 2722 3842 pro
2754 3770 2925 3827 fratre
2954 3772 3376 3842 deprecabatur,
3409 3786 3523 3833 tum
3572 3790 3635 3835 ut

2044 3861 2161 3931 pari
2184 3876 2372 3928 manu,
2420 3862 2563 3919 duce
2615 3871 2674 3917 et
2700 3866 2929 3919 custode
2974 3872 3190 3935 agatur,
3222 3876 3337 3921 tum
3369 3877 3430 3922 ut
3455 3869 3635 3926 oculis

2044 3949 2301 4028 eumdem
2349 3960 2474 4006 ante
2532 3962 2767 4009 mortem
2813 3953 3137 4024 conspicere
3187 3955 3372 4013 liceat.
3419 3956 3634 4013 Animis

2044 4040 2217 4104 enim,
2237 4056 2346 4096 non
2372 4042 2536 4097 modo
2559 4042 2893 4113 corporibus
2917 4044 3118 4101 fratres
3148 4056 3332 4103 erant.
3362 4047 3631 4106 Absoluta

2045 4133 2367 4204 precatione
2399 4149 2527 4188 mox
2559 4134 2615 4189 in
2640 4134 2827 4190 vicum
2863 4136 3160 4207 quemdam
3187 4153 3247 4194 se
3279 4140 3518 4208 confert,
3545 4151 3634 4198 at-

2047 4241 2156 4295 que
2184 4224 2240 4296 (o
2266 4225 2478 4297 judicia
2508 4226 2603 4282 Dei
2624 4226 2664 4298 Ι)
2704 4229 2864 4300 cujus
2889 4238 3149 4299 parentes
3178 4232 3481 4288 multorum
3501 4248 3633 4290 esu-

2049 4317 2313 4371 rientium
2347 4312 2570 4374 ventres
2621 4319 2782 4389 plane
2854 4318 3289 4389 exsaturabant,’
3313 4325 3406 4381 ille
3435 4341 3633 4395 panem

365 4432 460 4483 καὶ
480 4429 724 4500 ἰσχύσας,
746 4429 899 4501 ὕπνῳ
924 4420 1245 4502 προσέσχεν.
1275 4431 1332 4485 ὐ
1363 4431 1418 4485 δὲ
1442 4432 1609 4496 ῦπνος
1643 4431 1777 4501 δναρ
1798 4430 1946 4502 αὐτῷ

2053 4408 2280 4479 supplex
2334 4408 2652 4479 alienasque
2690 4425 2886 4465 manus
2935 4413 3238 4481 respiciens
3278 4413 3631 4489 deposcebat,

365 4518 534 4592 εἶχεν,
571 4523 903 4590 ἐπιφανέντα
954 4524 1047 4577 τὸν
1094 4522 1343 4592 ἀδελφὸν,
1384 4525 1500 4587 καὶ,
1529 4524 1594 4576 Τί
1629 4524 1686 4577 δὲ
1731 4523 1798 4576 δι’
1847 4524 1947 4593 ἐμὲ

367 4600 606 4684 θρηνεῖς,
631 4612 848 4682 ἁδελφὲ,
881 4613 1132 4682 λέγοντα,
1159 4613 1219 4678 ὃς
1273 4615 1332 4665 ὲν
1377 4614 1601 4685 Χριστῷ
1632 4613 1747 4679 CG);
1778 4615 1949 4692 Τοῦ-το

364 4700 495 4771 γοῦν
519 4702 715 4773 ἀληθὲς
747 4703 1063 4768 πιστεύσας,
1095 4702 1261 4774 μηδὲν
1288 4703 1350 4756 τὸ
1386 4702 1525 4773 μετὰ
1549 4704 1720 4756 ταῦτα
1747 4703 1939 4757 λυποῦ.

378 4794 530 4848 Ἐπεὶ
557 4795 739 4866 τοίνυν
765 4798 933 4865 ἀνῆκε
975 4798 1140 4850 αὑτὸν
1163 4799 1191 4850 6
1223 4794 1412 4862 ὕπνος,
1457 4802 1636 4860 συνεὶς
1659 4796 1718 4848 τὸ
1752 4797 1938 4866 φανὲν,

367 4890 539 4959 χαρᾶς
572 4888 878 4960 ἐπληροῦτο
929 4890 1027 4944 καὶ
1056 4888 1131 4963 τῷ
1161 4889 1281 4962 Θεῷ
1302 4889 1463 4961 χάριν
1491 4889 1839 4960 διωμολόγει.

436 5134 534 5187 1Γ¹.
565 5131 702 5187 Εἶτα
734 5132 954 5187 σκοπῶν
1003 5129 1074 5204 ἦν
1120 5132 1245 5217 καθ’
1279 5134 1472 5188 ἑαυτὸν
1509 5135 1604 5188 καὶ
1639 5136 1943 5208 λογισμοὺς

371 5226 642 5297 στρέφων,
683 5225 950 5299 περὶτοῦ
997 5229 1048 5281 τι
1104 5229 1189 5280 δεῖ
1242 5232 1453 5283 ποιεῖντ
1504 5230 1776 5283 ἁντετὶθει
1841 5233 1947 5302 γὰρ

373 5317 577 5381 οὕτως·
648 5320 1054 5392 ’Λπελεύσομαι
1114 5321 1250 5392 πρὸς
1302 5323 1429 5385 τοὺς
1484 5329 1772 5391 τεκόντα;;
1813 5326 1947 5378 ἀλλά

374 5408 553 5479 λύπης
589 5410 789 5479 μᾶλλον
839 5412 1022 5477 αὐτοῖς
1073 5413 1245 5476 αἴτιος
1296 5414 1492 5484 ἔσομαι
1543 5413 1703 5484 μόνος
1742 5416 1943 5484 ὀφθείς.

387 5501 549 5556 Ἀλλὰ
580 5502 719 5572 πρδς
777 5502 876 5575 τὴν
921 5505 1033 5557 τῶν
1083 5502 1426 5575 μαθημάτων
1459 5505 1728 5575 ἀνάληψιν
1802 5508 1948 5561 κατά

371 5594 473 5667 τὴν
506 5594 602 5648 τοῦ
628 5597 833 5664 πατρὸς
864 5597 1083 5666 ἐντολὴν
1120 5597 1462 5668 πορεύομαις
1494 5594 1606 5649 ἀλλ’
1637 5597 1952 5669 ἀϐουλήτως

371 5686 465 5740 καὶ
494 5685 675 5756 ἀηδῶς
706 5687 960 5760 προσέξω
986 5690 1052 5760 τῇ
1091 5688 1304 5760 διδαχῇ,
1337 5686 1432 5741 τοῦ
1460 5687 1705 5760 ἀδελφοῦ
1753 5707 1952 5762 στερη-

2051 4515 2229 4568 eoque
2270 4509 2491 4570 sumpto
2542 4501 2941 4557 corroboratus
2995 4501 3051 4556 in
3106 4517 3361 4557 somnum
3415 4503 3630 4560 incidit.

2050 4591 2149 4645 Vix
2184 4606 2440 4660 soporem
2468 4590 2758 4655 libaverat,
2792 4607 2918 4647 cum
2946 4593 3211 4648 assistens
3243 4594 3322 4648 illi
3370 4595 3630 4665 Joannes,

2050 4685 2190 4750 Quid
2218 4699 2303 4739 me
2331 4684 2509 4755 luges,
2543 4684 2734 4761 frater,
2761 4683 2964 4755 inquit,
2996 4686 3051 4740 in
3078 4686 3300 4742 Christo
3319 4687 3637 4745 viventem?

2050 4776 2126 4829 D'e
2153 4787 2156 4790 '
2188 4791 2300 4845 quo
2334 4791 2682 4846 nequaquam
2713 4775 2936 4841 dubius,
2990 4776 3240 4831 dolorem
3274 4778 3634 4848 imposterum

2051 4883 2119 4921 ex
2151 4869 2336 4921 animo
2369 4853 2527 4938 ej‘ice.
2559 4868 2690 4924 Post
2721 4867 2838 4923 hinc
2862 4869 3128 4939 evigilans
3172 4870 3463 4936 Arcadius,
3506 4889 3635 4942 pro-

2055 4959 2177 5013 bala
2200 4960 2301 5014 visi
2332 4958 2460 5025 ﬁde,
2491 4958 2696 5015 laetitiis
2724 4960 2996 5030 insultat,
3045 4961 3270 5031 Deoque
3317 4971 3518 5034 grates,
3558 4977 3616 5018 ut

2052 5068 2151 5121 par
2185 5061 2327 5113 erat,
2364 5052 2620 5107 exsolvit.

2122 5144 2263 5199 Xlll.
2323 5145 2750 5201 lnde'animum
2790 5146 3086 5217 cogitantis
3138 5147 3314 5202 anxiae
3359 5154 3638 5218 occupant

2051 5250 2216 5302 curae,
2255 5237 2387 5307 quid
2439 5238 2659 5292 tandem
2704 5239 2810 5294 sibi
2864 5240 3137 5311 agendum
3191 5240 3497 5296 videretur.
3547 5239 3638 5295 Sic

2052 5326 2237 5398 itaque
2252 5344 2441 5383 secum
2462 5330 2835 5385 contendebat
2864 5348 2879 5384 :
2902 5332 2983 5386 An
3008 5331 3077 5387 ad
3099 5343 3356 5402 parentes
3370 5341 3633 5395 revertar,
3671 5318 3675 5323 ’

2038 5413 2253 5488 quibus
2281 5421 2371 5475 ubi
2400 5423 2578 5476 solum
2611 5437 2699 5477 me
2731 5422 2995 5489 viderint,
3022 5439 3300 5479 summum
3341 5439 3636 5481 maerorem

2051 5511 2326 5583 injiciam?
2362 5514 2442 5568 An
2496 5514 2807 5568 studiorum
2877 5530 3101 5570 cursum
3155 5528 3442 5587 repetam,
3489 5517 3637 5586 quod

2050 5605 2370 5660 decreverat
2388 5607 2588 5677 pater?
2611 5606 2717 5662 Sed
2732 5609 2949 5663 animus
2969 5607 3137 5665 fratre
3158 5610 3407 5672 orbaius,
3432 5611 3639 5663 imitus

2052 5707 2114 5752 ac
2145 5696 2467 5753 fastidiosus
2498 5701 2566 5752 ad
2583 5698 3167 5754 dnctrinamaecedet.
3190 5698 3414 5764 Quome
3428 5708 3560 5753 vert:
3582 5716 3636 5751 ιιι
