4138 6482
358 298 495 370 1029

1559 296 1735 358 νΙΤΑ
1776 294 1836 358 S.
1882 296 2453 358 XENOPHONTIS.

3498 299 3637 369 1030

423 410 525 467 ιε’.
568 409 808 473 Ἐκεῖνος
841 407 1106 473 ἀκούσας,
1143 407 1238 461 καὶ
1263 405 1383 470 ὅλος
1414 405 1658 476 γεγονὼς
1682 405 1776 460 τοῦ
1836 407 1939 461 πά-

2114 408 2232 463 Χν.
2278 408 2376 464 His
2424 408 2515 464 ille
2554 408 2760 467 auditis
2815 425 2875 468 se
2911 420 3086 468 totum
3147 413 3372 467 tnwrori
3416 415 3638 474 tradens

353 504 502 569 θους,
534 502 769 572 πλήττει
803 499 902 570 μὲν
952 497 1294 570 ἀμφοτέραις
1327 498 1388 549 τὸ
1421 496 1638 565 στῆθος,
1671 496 1843 550 δεινὶν
1884 495 1941 548 δὲ

352 594 861 664 ἀνακλαυσάμενος,
887 591 985 646 καὶ
1020 590 1131 645 τῶν
1164 588 1372 657 κυρίων
1395 587 1774 660 ἐπιμνησθεὶς,
1799 586 1945 641 οἰκέ-

350 705 449 742 του
495 683 738 757 χρηστοῦ
772 683 865 738 καὶ
896 681 1246 754 εὐγνώμονος
1282 681 1435 751 ἠφίει
1460 679 1669 751 φωνὴν,
1702 678 1775 732 Οῖ
1808 678 1939 748 μοιί

353 777 532 850 κύριοί
560 794 686 848 μου,
726 775 926 845 λέγων,
947 773 1000 827 τί
1036 774 1105 827 τὰ
1137 774 1399 843 γεγονότα
1425 772 1635 838 caiisa;
1679 769 1763 833 τίς
1790 771 1824 841 ἡ
1853 787 1946 823 πι-

353 872 462 944 κρά
497 870 595 924 καὶ
633 870 917 940 δύσφημος
952 867 1081 938 περὶ
1136 865 1294 937 ὑμῶν
1337 864 1476 935 ἀκοή
1507 879 1525 931 ;
1558 861 1694 916 ποία
1726 861 1943 931 γλῶττα

351 963 431 1034 τῷ
476 961 732 1034 ὑμετέρῳ
770 958 940 1031 πατρὶ
999 958 1091 1012 τὸν
1132 956 1288 1029 ὑμῶν
1319 956 1591 1011 οἴκτιστον
1638 952 1948 1024 ἀπαγγελεῖ

351 1053 621 1117 θάνατον;
667 1038 829 1112 τίνες
856 1048 1133 1119 ὀφθαλμώ⁸
1154 1048 1256 1118 τὴν
1298 1045 1464 1100 αὑτοῦ
1502 1044 1681 1115 θλῖψιν
1722 1043 1817 1097 καὶ
1846 1043 1947 1114 τὴν

350 1144 450 1214 τῆς
483 1141 690 1215 μητρὸς
717 1139 872 1211 ὑμῶν
900 1137 1161 1208 hilaritas;
1196 1137 1279 1201 τίς
1312 1128 1414 1190 ίδοι
1461 1135 1669 1207 πικρὰν
1718 1134 1946 1189 ἐκείνων

352 1237 696 1308 «aeneam;
740 1233 825 1297 τίς
884 1231 1089 1302 ἔνδυμα
1146 1229 1447 1294 σκοτεινὸν,
1499 1229 1715 1301 δάκρυα
1764 1225 1948 1298 θερμὰ

349 1330 463 1383 τῶν
509 1324 825 1398 ὀφθαλμῶν
877 1323 1244 1395 ἀπορρέοντα,
1289 1323 1441 1377 κόνιν
1495 1320 1637 1375 κατά
1704 1319 1950 1390 κεφαλῆς

350 1420 651 1493 χεομένην,
695 1418 890 1473 πολιὰν
945 1417 1149 1479 ἀθλίως
1180 1410 1774 1489 ὑϐριζομένηνςοὺτω
1796 1427 1950 1481 περι-

352 1512 544 1576 παθῶς
564 1509 919 1574 ἀνακλαύσας
949 1550 965 1575 ,
1000 1509 1264 1579 ἐβούλετο
1292 1509 1391 1581 μὲν
1423 1507 1591 1578 ἀλλην
1620 1503 1947 1577 τραπέσθαι,

355 1609 452 1662 καὶ
488 1606 564 1677 μὴ
589 1602 883 1676 κπρδςτοὺς
916 1601 1180 1666 δεσπότας
1213 1599 1555 1666 ἐπανελθεῖν,
1584 1599 1721 1670 μηδὲ
1778 1598 1947 1666 ἄγγε-

356 1701 448 1765 λος
488 1700 669 1763 αὑτοῖς
712 1696 973 1766 γενέσθαι
1010 1694 1273 1765 τοιαύτης
1325 1692 1612 1763 ἀπευκτῆς
1663 1690 1946 1761 ἀγγελίας.

356 1792 481 1848 Τῶν
508 1792 795 1864 παρόντων
826 1789 882 1843 δὲ
908 1787 1113 1859 μᾶλλον
1144 1786 1489 1860 ὑποστρέψαι
1512 1785 1950 1858 παραινούντων,

352 1886 492 1941 ἀλλά
528 1884 625 1939 καὶ
656 1883 819 1948 αὐτὸς
867 1882 1073 1950 συνεὶς,
1107 1880 1183 1944 ὡς
1215 1880 1286 1934 τά
1337 1879 1605 1961 γεγονότα
1661 1876 1762 1947 μὲν
1805 1875 1954 1941 ἅπαξ

351 1978 569 2049 γέγονε,
588 1978 685 2032 καὶ
696 1976 981 2048 ἀμήχανον
1002 1971 1170 2028 ταῦτα
1187 1971 1534 2043 μεταϐαλεῖν,
1554 1970 1721 2027 αὑτὸν
1732 1969 1791 2023 δὲ
1808 1985 1921 2038 παρ
1935 1996 1953 2007 -

343 2072 519 2143 ’ήκοον
561 2068 794 2139 ὀφθῆναι
835 2066 1168 2137 δεσποτικῆς
1192 2064 1433 2136 ἐντολῆς,
1465 2065 1604 2136 πρὸς
1622 2061 1701 2134 τῷ
1720 2061 1857 2132 μηδὲ
1874 2058 1954 2132 τῷ

357 2162 650 2235 πράγματι
687 2150 948 2231 δύνασθαι
989 2158 1230 2230 βοηθεῖν,
1254 2159 1350 2213 καὶ⁵
1374 2157 1630 2229 θεομισὲς
1662 2157 1756 2210 καὶ
1772 2156 1952 2229 ἀπάνέ

355 2255 798 2328 θρωπον,ἀλλως
821 2255 879 2310 δὶ
909 2258 1004 2310 καὶ
1050 2253 1255 2320 δείσας,
1289 2251 1366 2324 μὴ
1397 2250 1494 2305 καὶ
1521 2250 1813 2320 δεσποτικῇ
1842 2248 1953 2319 ἀρᾷ

354 2348 572 2419 φθάσας
611 2348 936 2413 ὑποπεσεῖν,
983 2344 1243 2415 ἐξώλειαν
1275 2342 1455 2414 ἐαυτῷ
1497 2342 1743 2413 ἀνοήτως
1792 2348 1952 2412 περιέ

353 2436 599 2507 ποιήσοι,
627 2433 857 2507 ἐπανῄει
886 2435 1024 2507 πρὸς
1047 2435 1175 2500 τοὺς
1197 2433 1488 2498 δεσπότας.

429 2609 550 2681 lC.".
599 2611 816 2678 Φθάσας
866 2611 925 2667 δέ
960 2612 1052 2668 τὸν
1083 2607 1232 2668 οἷκον
1271 2612 1368 2669 καὶ
1420 2610 1701 2680 είσελθὼν,
1728 2610 1952 2676 σύννους

354 2710 460 2767 οιαὶ
493 2708 821 2780 σκυθρωπὸς
848 2708 1107 2781 ἐκάθητο,
1138 2708 1407 2781 κρύπτειν
1441 2708 1542 2778 μὲν
1576 2706 1652 2771 ὡς
1713 2705 1948 2760 δυνατὸν

362 2799 433 2875 ἦν
465 2804 527 2856 τὸ
551 2804 786 2874 πρᾶγμα
826 2801 1179 2873 βουλόμενος,
1213 2801 1313 2857 καὶ
1367 2799 1537 2871 μηδὲν
1566 2798 1704 2870 πρὸς
1758 2797 1952 2853 οἰδένα

367 2897 499 2969 περὶ
530 2890 605 2951 ὧν
634 2895 796 2967 μάθοι
827 2895 1228 2967 φθεγξάμενος,
1264 2894 1590 2964 τρανότερον
1614 2892 1668 2944 δὲ
1704 2890 1952 2960 γλώττης

360 2992 428 3061 τῇ
458 2984 735 3061 κατηφείᾳ
768 2988 866 3060 τῆς
911 2988 1088 3058 ὅψεως
1121 2986 1247 3057 (ποῦ
1271 2986 1380 3056 γὰρ
1411 2985 1647 3053 ἠδύνατο
1686 2984 1953 3053 κρείττων

2044 499 2277 554 feriebat
2317 508 2510 570 pectus
2567 510 2802 573 utraque
2849 518 3039 569 manu,
3099 503 3364 575 editoque
3415 505 3636 575 lugubri

2047 591 2308 656 clamore,
2339 591 2411 645 ob
2439 591 2869 663 redintegratam
2896 595 3253 650 dominorum
3289 598 3635 667 memoriam,

2047 683 2103 739 in
2147 684 2290 739 banc
2340 683 2470 739 boni
2507 686 2757 756 gratique
2806 688 2953 742 servi
2999 704 3193 744 vocem
3252 690 3479 761 erupit:
3517 691 3638 748 Heu

2047 777 2219 833 mihi!
2265 776 2477 835 domini
2518 777 2651 844 mei,
2674 793 2837 849 quam
2872 779 3048 834 tristia
3100 780 3259 838 vobis
3289 783 3634 839 evenerunt!

2047 884 2213 941 quam
2248 884 2459 934 amara,
2484 885 2648 939 quam
2679 869 2918 925 infausta
2968 871 3039 926 de
3064 872 3225 927 vobis
3272 872 3470 929 audio!
3517 890 3641 945 qua:

2046 961 2231 1032 lingua
2262 962 2477 1033 parenti
2527 969 2714 1018 vestro
2753 961 3123 1018 miserandam
3154 974 3395 1020 vestram
3444 980 3641 1021 necem

2047 1053 2550 1124 annnntiabitiqui
2597 1053 2746 1108 oculi
2771 1062 2886 1109 tum
2918 1053 3114 1123 ipsius,
3161 1062 3275 1107 tum
3309 1054 3503 1111 matris
3549 1070 3644 1110 ve-

2046 1152 2177 1203 stra:
2201 1144 2707 1207 consternationem
2763 1144 3124 1201 sustinebunt
3171 1144 3462 1215 aspicere?
3514 1145 3642 1215 quis

2049 1241 2447 1298 amarissimam
2467 1255 2662 1298 eorum
2692 1240 3010 1297 mmstitiam
3036 1239 3224 1295 videre
3247 1239 3488 1310 poterit?
3519 1237 3645 1308 quis

2044 1341 2228 1388 atram
2246 1338 2471 1389 ‘vestem
2491 1333 2516 1387 i
2535 1333 2664 1404 quis
2707 1331 2917 1388 calidas
2942 1333 3214 1404 lacrymas
3241 1347 3340 1402 per
3387 1346 3490 1386 ora
3526 1344 3643 1384 ma-

2042 1424 2284 1479 nantes?
2321 1425 2448 1495 quis
2492 1425 2715 1479 cineres
2743 1438 3001 1494 aspersos
3031 1425 3313 1494 capitibus
3352 1432 3416 1479 et
3473 1437 3644 1477 ranos

2055 1516 2436 1572 init-lieissime
2474 1514 2826 1570 sordidatos?
2850 1514 2957 1570 Ubi
2974 1515 3126 1570 hisce
3150 1513 3646 1571 lamentationibus

2038 1609 2186 1680 plus
2214 1608 2349 1663 satis
2374 1606 2624 1673 indulsit,
2653 1606 2991 1662 inducerein
3012 1605 3263 1660 animum
3295 1620 3404 1659 non
3442 1602 3642 1673 potuit,

2060 1710 2122 1757 ut
2144 1701 2213 1756 ad
2242 1701 2498 1756 dominos
2515 1710 2624 1756 tam
2643 1700 2775 1756 dira
2798 1700 2970 1756 cladis
2987 1699 3216 1754 nuntius
3240 1705 3643 1754 revertentur.

2057 1795 2258 1851 Verum
2289 1794 2481 1849 audito
2518 1808 2734 1859 eorum,
2782 1793 2880 1864 qui
2914 1793 3059 1849 forte
3104 1791 3356 1857 aderant,
3385 1789 3644 1854 consilio,

2058 1886 2297 1943 reditum
2344 1884 2636 1950 suadente,
2681 1900 2811 1940 cum
2859 1893 2916 1940 et
2953 1885 3070 1956 ipse
3104 1882 3489 1940 consideraret
3521 1894 3646 1952 quae

2050 1979 2224 2036 semel
2258 1978 2403 2034 [item
2431 1985 2621 2033 essent
2653 1976 2857 2031 iniecta
2914 1975 3034 2032 ﬁeri
3060 1990 3193 2030 non
3243 1988 3428 2045 posse,
3472 1985 3646 2042 seque

2054 2070 2248 2127 herilis
2283 2070 2500 2140 imperii
2549 2068 2974 2124 detrectatorem
3035 2067 3216 2122 visum
3261 2065 3352 2132 iri,
3384 2065 3646 2136 quodque

2053 2162 2168 2227 Deo
2199 2159 2630 2232 hominibusque
2666 2159 2883 2230 ingrata
2928 2158 3092 2225 foret,
3131 2173 3315 2229 neque
3348 2156 3405 2212 in
3437 2173 3497 2212 re
3531 2156 3643 2211 uti-

2052 2270 2162 2326 que
2193 2255 2483 2326 desperata
2528 2254 2814 2310 fructuosa
2844 2252 2963 2307 haec
3011 2250 3415 2323 tergiversatio,
3449 2265 3557 2320 qua
3588 2257 3648 2304 et

2052 2349 2263 2405 domini
2294 2349 2746 2419 imprecationem
2781 2346 3088 2411 incurrere,
3109 2352 3169 2399 et
3197 2343 3505 2415 perniciem
3537 2341 3646 2398 sibi

2054 2440 2436 2513 imprudenter
2473 2439 2718 2495 conﬂare
2745 2437 3072 2503 verebatur,
3118 2435 3190 2492 ad
3232 2436 3490 2492 dominos
3515 2450 3647 2492 suos

2048 2534 2291 2593 reditum
2324 2533 2590 2603 suscepit.

2124 2627 2265 2683 XVI.
2305 2618 2374 2683 Ut
2414 2641 2548 2696 ergo
2579 2624 2832 2696 pervenit
2873 2623 3127 2687 domum,
3163 2632 3337 2692 atque
3363 2622 3662 2693 ingressns'

2052 2725 2161 2780 est,
2216 2715 3021 2787 eogitabnndusmterensque
3072 2711 3321 2778 sedebat,
3372 2727 3489 2767 rem
3544 2725 3649 2779 pro
3758 2720 3764 2728 ‘

2050 2810 2266 2865 viribus
2290 2808 2596 2874 occultans,
2630 2822 2810 2876 neque
2830 2805 3129 2875 quidquam
3160 2803 3230 2859 de
3254 2805 3323 2859 iis
3346 2820 3468 2874 qua:
3491 2819 3648 2858 com-

2052 2907 2277 2970 pererat
2331 2898 2588 2968 cuiquam
2638 2897 2984 2961 enuntians;
3050 2896 3647 2965 verumtamen_longa

2054 2989 2402 3046 manifestius
2426 2989 2614 3044 vultus
2634 2987 2918 3049 maestitia,
2945 3003 3112 3057 quam
3130 2987 3318 3057 lingua
3347 2986 3462 3057 (qui
3492 2989 3643 3041 enim

352 3077 501 3137 εἶναι
532 3081 779 3136 τοιούτου
806 3079 981 3135 κακοῦ
1001 3080 1043 3152 ;)
1068 3077 1375 3149 σκυθρωπά
1391 3076 1520 3130 ὄντα
1545 3077 1617 3131 τά
1632 3076 1952 3145 ἐγνωσμένα

2059 3090 2210 3137 tanto
2252 3081 2395 3137 malo
2415 3095 2529 3135 non
2572 3077 2961 3147 vinceretur?)
3009 3093 3131 3147 quae
3154 3083 3442 3148 cognorat,
3493 3076 3643 3145 inju-

353 3174 557 3243 δηλῶν.
600 3174 698 3228 Ἐκ
725 3172 921 3227 τούτου
947 3171 1107 3240 λόγος
1147 3169 1354 3241 διέρρει
1387 3171 1524 3241 πρδς
1560 3168 1689 3230 τοὺς
1719 3167 1948 3240 ὁμοδού-

363 3269 513 3332 λους,
563 3265 659 3320 καί⁸
695 3262 1152 3335 ὑπεψιθυρίζοντο
1183 3261 1408 3332 ῥήματα
1439 3259 1651 3330 πονηρά
1685 3257 1722 3312 ἀ
1772 3256 1956 3312 λαθεῖν

368 3359 593 3421 παντως
622 3355 724 3428 τὴν
750 3354 849 3409 τοῦ
881 3355 1032 3408 οἴκου
1088 3353 1286 3431 κυρίαν
1339 3351 1621 3421 ἀμήχανον
1651 3345 1739 3422 ἦν.
1772 3350 1957 3405 Μετα-

359 3447 716 3517 καλεσαμένη
769 3441 866 3499 οὖν
912 3446 1007 3498 τὸν
1049 3441 1491 3513 ἀπεσταλμένον,
1540 3442 1665 3508 Πῶς
1719 3440 1833 3512 ἔχει
1888 3439 1958 3494 τά

358 3540 529 3596 τέκνα
563 3540 754 3612 ἡμῶν;
787 3539 976 3611 ἧρετο.
1014 3536 1074 3591 '0
1119 3536 1202 3600 δὲ,
1236 3534 1457 3600 Καλῶς,
1505 3530 1844 3604 εἷπεν.“Τῆς
1898 3532 1957 3586 δὲ

359 3634 432 3689 τά
462 3633 767 3705 γράμματα
822 3630 1188 3700 ἀπαιτούσης,
1239 3629 1449 3695 ἐκεῖνος
1492 3626 1794 3683 ἀπολέσθαι
1820 3625 1961 3683 κατὰ

361 3726 464 3799 τὴν
498 3726 614 3780 ὁδὸν
668 3724 930 3794 ἔφασκεν.
975 3719 1285 3786 Ἐπάταξεν
1316 3719 1489 3790 αὐτὴν
1536 3720 1572 3790 ἡ
1603 3718 1825 3790 καρδία,
1863 3718 1961 3772 καὶ

364 3820 604 3890 ὑποψίας
624 3816 800 3894 μεστὴ
829 3815 1044 3886 γέγονε,
1070 3815 1169 3870 καὶ
1214 3813 1309 3878 τὰ,
1335 3811 1623 3889 σπλάγχνα
1677 3809 1865 3874 δεινῶς
1905 3809 1963 3861 ἐ·

370 3914 653 3986 στρέφετο.
712 3911 940 3982 Ὀρκοις
1014 3906 1311 3981 τοιγαροῦν
1351 3906 1443 3961 τὸν
1519 3904 1688 3960 παῖδα
1744 3903 1960 3976 περιῄει

366 4010 643 4079 φρικτοῖς,
688 3999 726 4077 ἦ
770 4002 880 4075 μὴν
927 4001 990 4057 τὸ
1032 4003 1234 4075 ἀληθὲς
1282 4000 1546 4066 ἐξειπεῖν.
1599 3997 1660 4050 Ὀ
1705 3995 1784 4069 δὲ,
1820 3996 1960 4069 βαρὺ

363 4099 490 4153 λίαν
510 4098 604 4153 καὶ
628 4096 899 4159 πεπονθὸς
923 4095 1211 4163 στενάξας,
1235 4094 1489 4167 δακρύων
1519 4109 1580 4147 τε
1623 4088 1958 4161 πληρωθεὶς,

368 4190 442 4244 Ot'
470 4206 568 4259 μοι
597 4189 612 4243 ί
646 4190 776 4261 ἔφη,
795 4188 965 4262 κυρία
993 4170 1126 4261 sui},
1153 4188 1237 4242 ὅτι
1268 4186 1398 4251 τοὺς
1424 4185 1621 4248 παῖδας
1654 4184 1781 4248 τοὺς
1810 4182 1958 4248 σοὺς,

362 4283 492 4346 τοὺς
516 4280 684 4353 ἐμοὺς
718 4281 1007 4346 δεσπότας,
1036 4281 1164 4344 τοὺς
1193 4279 1517 4350 φωστῆρας,
1548 4275 1682 4346 φεῢί
1710 4277 1837 4338 τοὺς
1854 4291 1960 4327 κα-

362 4373 515 4438 λοὺς,
540 4372 662 4446 ὄψει
692 4375 754 4428 τὸ
789 4371 980 4428 λοιπὸν
1027 4372 1308 4444 οὐδαμῶς,
1333 4369 1502 4441 ἔργον
1532 4369 1632 4441 ήδη
1683 4366 1963 4438 θαλάσσης

2059 3175 2241 3230 cunda
2266 3188 2409 3235 esse,
2443 3171 2852 3227 demonstrans.
2887 3170 3026 3225 lline
3064 3183 3351 3225 sermones
3381 3168 3644 3223 domesti-

2058 3282 2248 3321 corum
2271 3264 2447 3320 exorti
2469 3273 2623 3329 sunt,
2652 3265 2796 3318 inter
2818 3278 2877 3319 se
2896 3263 3120 3320 sinistre
3142 3263 3602 3318 murmurantium
3626 3301 3642 3326 ,
3756 3275 3765 3284 ·

2059 3358 2153 3429 qui
2174 3359 2362 3413 lteram
2403 3358 2625 3428 penitus
2650 3356 2823 3411 latere
2855 3370 2962 3409 non
2981 3362 3253 3426 poterant.
3287 3354 3412 3410 Haec
3456 3354 3644 3424 igitur,

2059 3450 2327 3506 advocato
2346 3450 2441 3520 qui
2477 3452 2677 3504 missus
2715 3448 2913 3512 fuerat,
2958 3455 3019 3501 ut
3061 3446 3279 3501 valeant
3324 3446 3506 3510 liberi,
3540 3447 3648 3501 sci-

2060 3541 2317 3597 scitatur.
2375 3539 2698 3610 Respondet
2756 3538 2898 3593 helle
2979 3553 3077 3593 eos
3128 3537 3334 3592 habere
3366 3556 3378 3591 :
3411 3548 3467 3592 et
3514 3551 3643 3592 cum

2060 3634 2277 3689 litteras
2306 3633 2398 3689 illa
2420 3632 2702 3703 posceret,
2750 3647 2846 3688 eas
2891 3631 2948 3685 in
2999 3631 3084 3687 via
3138 3630 3376 3700 periisse
3431 3630 3640 3701 adjicit.

2063 3725 2206 3781 Tum
2230 3741 2329 3781 eor
2354 3725 2515 3780 matri
2549 3725 2839 3795 palpitare,
2870 3723 3054 3777 omnia
3079 3721 3454 3791 suspicionum
3485 3721 3648 3791 plena

2061 3830 2206 3882 esse,
2242 3830 2307 3871 ac
2336 3816 2651 3872 visceribus
2675 3814 2917 3886 graviter
2944 3813 3305 3868 commoveri.
3340 3813 3482 3884 Ergo
3528 3812 3650 3867 for-

2064 3908 2311 3964 tnidabili
2341 3908 2704 3981 jurejurando
2741 3906 3006 3965 famulum
3032 3903 3225 3976 adigit,
3250 3913 3313 3958 ut
3350 3903 3647 3960 veritatem

2063 4017 2135 4058 ue
2164 4001 2325 4056 celet.
2366 4000 2488 4067 Quo
2532 4000 2624 4056 ille
2673 3999 3033 4055 vehementer
3078 4004 3393 4053 commotus
3419 4037 3434 4061 ,
3463 3996 3650 4053 ductis

2061 4094 2173 4150 alte
2207 4093 2482 4164 suSpiriis,
2516 4092 2882 4164 lacrymisque
2931 4092 3043 4163 jam
3097 4098 3247 4146 totus
3278 4090 3531 4157 madens,
3563 4091 3650 4147 Me

2063 4189 2351 4251 miserum,
2412 4185 2611 4257 inquit,
2661 4185 2905 4251 domina,
2952 4184 3097 4240 ﬁlios
3161 4193 3326 4252 tuos,
3396 4182 3652 4241 dominos

2064 4298 2251 4344 meos,
2308 4280 2489 4334 eheu!
2550 4278 2926 4350 pulcherrima
2981 4277 3076 4332 illa
3117 4276 3349 4343 lumina,
3392 4276 3653 4347 deinceps

2065 4375 2213 4431 haud
2269 4388 2515 4444 unquam
2557 4372 2814 4443 aspicies,
2857 4373 2969 4443 jam
3019 4370 3160 4425 mari
3202 4371 3431 4434 haustos
3484 4377 3652 4440 atque

366 4462 798 4535 γεγενημένους.
832 4462 1008 4517 Τοῦτο
1054 4461 1100 4516 δ’
1147 4462 1338 4531 ἐκείνη
1372 4459 1685 4523 ἀκούσασα,
1712 4456 1953 4529 μαλακὸν

2062 4469 2405 4535 absumptos.
2439 4463 2530 4520 Sic
2552 4463 2663 4518 ille.
2700 4462 2871 4535 Cujus
2894 4462 3139 4517 narratio
3162 4469 3375 4516 tantum
3399 4460 3555 4516 abest
3587 4467 3652 4515 ut

366 4549 524 4606 οὐδὲν
579 4551 850 4606 πέπονθεν
879 4551 990 4606 οὐδ’
1028 4550 1222 4620 ἀγενές
1263 4549 1388 4603 οὑδὲ
1443 4551 1784 4618 γυναικεῖον,
1841 4547 1958 4601 ἀλλ’

367 4643 537 4698 οἱονεὶ
565 4643 738 4710 δεῖξαι
775 4643 1104 4715 βουλομένη,
1138 4643 1221 4696 ὅτι
1248 4642 1460 4695 παίδων
1488 4641 1750 4693 τοιούτων
1775 4640 1959 4711 μήτηρ

364 4730 436 4807 ἦν
480 4734 711 4807 ἀληθὴς,
744 4733 1071 4809 ηὐχαρίστει
1107 4732 1358 4805 φανερῶς
1391 4731 1471 4803 τῷ
1511 4731 1663 4801 Θεῷσ
1697 4734 1793 4785 καὶ
1826 4737 1960 4785 σιω-

369 4828 482 4898 πὴν
512 4831 695 4883 πᾶσαν
736 4827 815 4897 τῷ
854 4826 1008 4881 παιδὶ
1042 4824 1489 4899 παραγγείλασα,
1522 4825 1712 4887 αὐτοῖς
1761 4824 1962 4894 ἐχρῆτο

369 4917 484 4979 τοῖς
509 4915 606 4970 τοῦ
674 4915 795 4971 ’1ὼὸ
853 4917 1086 4987 ῥήμασι,
1139 4915 1281 4986 μετά
1313 4916 1413 4985 τῆς
1447 4915 1621 4984 αὐτῆς
1677 4909 1953 4978 διανοίας·

377 5027 397 5061 ι
437 5009 498 5062 '0
551 5007 760 5080 Κύριος
810 5008 1034 5075 ἔδωκεν,
1073 5009 1103 5062 ό
1166 5008 1369 5080 Κύριος
1415 5007 1706 5078 ἀφείλετο·
1746 5005 1822 5070 ῶς
1880 5005 1959 5078 τῷ

377 5101 562 5173 Κυρίῳ
589 5100 792 5169 ἔδοξεν,
828 5099 974 5156 οὑτω
1003 5100 1070 5173 δὴ
1100 5101 1195 5155 καὶ
1229 5101 1473 5170 ἐγένετο.
1515 5120 1535 5155 ι
1956 5166 1959 5177 ι

442 5193 542 5250 lZ'.
569 5195 841 5266 Ἐσπέρας
862 5194 921 5248 δὲ
937 5193 1037 5266 ἤδη
1057 5193 1377 5264 γενομένης,
1396 5193 1491 5248 τοῦ
1513 5193 1659 5249 θείου
1684 5192 1963 5264 Ξενοφῶν·-

382 5301 465 5349 τος
494 5286 638 5356 μετά
665 5287 766 5358 τῆς
801 5285 1068 5356 συνήθους
1097 5285 1485 5358 λαμπρότητος
1511 5288 1608 5341 καὶ
1635 5287 1963 5358 δορυφορίας

378 5375 487 5428 ἀπὸ
515 5376 624 5429 τῶν
653 5374 943 5447 βασιλείων
993 5377 1409 5445 ἐπανελθόντος,
1448 5379 1731 5451 τραπέζης
1760 5394 1818 5431 τε
1857 5377 1959 5450 ἤδη

377 5461 785 5533 παρατεθείσης
840 5465 1069 5537 (εἰώθει
1123 5467 1235 5539 γὰρ
1279 5466 1429 5532 ἅπαξ
1478 5469 1580 5539 τῆς
1639 5468 1853 5539 ἡμέρας
1905 5468 1964 5521 ἐν

375 5550 592 5623 ἑσπέρᾳ
618 5553 827 5626 τροφῆς
879 5556 1150 5616 ἅπτεσθαι
1175 5559 1220 5631 ),
1261 5557 1419 5614 ῶδινε
1471 5559 1571 5629 μέν
1623 5561 1657 5631 ἠ
1704 5560 1842 5630 γυνὴ
1893 5558 1962 5617 τὰ

446 5732 595 5792 ‘Jub
652 5753 688 5811 ι,
716 5734 813 5793 21.
849 5795 852 5797 λ

2059 4563 2290 4610 matrem
2321 4553 2390 4609 ad
2427 4553 2636 4624 aliquid
2674 4552 2858 4616 molle,
2900 4552 3211 4623 indignum,
3248 4561 3346 4607 aut
3379 4550 3650 4607 muliebre

2058 4662 2173 4718 prae
2199 4662 2257 4701 se
2275 4645 2566 4702 ferendum
2598 4644 2899 4707 induxerit,
2928 4652 2989 4699 ut
3017 4644 3203 4714 potius
3229 4642 3558 4709 ostenderit,
3588 4657 3650 4698 se

2058 4752 2374 4810 germanam
2404 4736 2676 4808 ejusmodi
2714 4734 2952 4789 liliorum
2992 4742 3223 4789 matrem
3274 4750 3424 4800 esse,
3477 4735 3651 4790 silen-

2061 4833 2309 4901 tiumque
2338 4828 2545 4884 famulo
2572 4826 2882 4899 imperarit,
2909 4827 3020 4882 Deo
3040 4827 3245 4897 gratias
3268 4826 3538 4892 referens,
3563 4826 3653 4882 bis

2057 4924 2182 4980 Jobi
2213 4923 2401 4979 verbis
2463 4924 2519 4977 in
2562 4921 2813 4978 eamdem
2842 4920 3169 4978 sententiam
3203 4935 3302 4975 usa
3338 4937 3351 4974 :
3382 4918 3651 4975 Dominus

2059 5010 2236 5078 dedit,
2267 5010 2536 5067 Dominus
2553 5010 2821 5066 abstulit:
2858 5011 3004 5067 sicut
3033 5009 3268 5066 Domino
3314 5009 3544 5080 placuit,
3573 5007 3652 5065 ita

2065 5103 2275 5159 factum
2302 5110 2390 5158 est
2415 5103 2456 5157 ⁸.

2135 5194 2300 5249 XVII.
2330 5193 2558 5249 Interim
2588 5207 2794 5264 vesper
2825 5192 3148 5257 advenerat,
3185 5191 3409 5263 quando
3430 5190 3658 5249 divinus

2066 5282 2381 5354 XenOphon
2410 5290 2680 5337 consueto
2712 5281 3006 5352 splendore
3037 5295 3102 5336 ac
3130 5280 3393 5337 satellitio
3418 5281 3657 5352 stipatus

2067 5391 2100 5430 e
2131 5375 2280 5446 regia
2323 5375 2550 5431 domum
2602 5373 2854 5428 revertit.
2890 5371 2995 5428 Ubi
3046 5386 3241 5428 mensa
3289 5372 3403 5444 jam
3456 5380 3656 5437 strata,

2072 5466 2223 5540 (nam
2248 5467 2420 5529 semel
2450 5465 2721 5522 duntaxat
2743 5479 2841 5535 per
2857 5465 3005 5520 diem
3033 5464 3138 5520 sub
3156 5472 3443 5537 vesperam
3468 5480 3658 5521 sume-

2071 5560 2166 5615 bat
2196 5556 2406 5628 cibum)
2451 5556 2652 5614 atllicta
2686 5557 2881 5613 nuntio
2932 5556 3154 5627 mulier,
3181 5557 3656 5615 communicanda
