4138 6424
514 269 659 334 .1031

1740 271 2026 332 MENSIS
2073 271 2532 335 JANUARIUS.

3659 259 3805 327 1032

510 399 648 438 .cum
684 383 880 438 marito
911 392 1076 439 tantm
1105 382 1273 439 animi
1308 381 1624 452 mgritudini
1662 382 1893 449 intenta,
1923 384 2104 454 quoad

2217 386 2309 454 τῆς
2338 384 2619 451 ἁγγελῐαῖ,
2652 383 2744 435 καὶ
2771 383 3025 436 κοινωνοί
3044 380 3133 434 τὶν
3167 377 3334 449 ἄνδρα
3360 374 3465 429 τῶν
3495 372 3594 444 τῆς
3624 373 3805 443 ψυχῆς

523 486 712 545 posset
735 475 1073 531 levissimum
1098 475 1447 544 maximeque
1479 474 1822 531 tolerabilem
1855 474 1931 531 illi
1952 476 2108 531 dolo-

522 583 638 623 rem
663 566 945 639 satagebat
979 566 1224 620 inurere.
1256 566 1459 637 Injccta
1503 567 1670 637 igitur
1710 567 1779 622 de
1804 568 1985 623 reditu
2029 568 2112 623 fa-

508 660 658 714 .muli
677 658 979 722 mentione,
1002 657 1092 712 ille
1123 672 1293 727 super
1324 657 1414 711 his
1436 657 1947 728 gloriam‘tribucns
1966 662 2106 714 Deo:

510 750 648 817 vUbi,
698 750 900 820 inquit,
930 760 1017 804 est
1050 749 1226 803 redux
1280 747 1553 805 famulus?
1591 748 1730 805 Cum
1781 750 2111 805 reddidisset

522 859 683 906 uxor,
704 842 857 897 .Iorte
890 842 1083 896 morbo
1110 857 1239 895 eum
1264 856 1343 907 ex,
1369 840 1585 897 itineris
1604 841 1856 896 molestia
1889 842 2105 902 teneri:

506 936 590 990 .At
607 935 807 990 litterae
830 934 1046 999 saltem,
1070 934 1272 1003 inquit,
1290 932 1612 989 aI‘ferantur.
1631 933 2107 1007 Subjecitmulier,

525 1042 677 1089 nunc
707 1026 975 1096 temporis
1008 1024 1373 1080 reﬁciendum
1400 1025 1526 1081 cibo
1553 1038 1777 1094 corpus,
1811 1039 1935 1078 cras
1962 1024 2109 1078 litte-

525 1135 617 1176 ras
647 1134 756 1174 non
788 1118 1101 1181 defuturas,
1140 1117 1432 1188 ipsumque
1454 1116 1712 1174 nuntium
1745 1129 1953 1173 coram.
1986 1130 2109 1185 quas

506 1210 757 1267 .dicenda
785 1210 1034 1273 haberet,
1068 1209 1470 1279 expositurum.
1496 1207 1747 1277 Eratque
1760 1221 1894 1262 sane
1924 1207 2108 1273 anxia,

512 1314 595 1367 ne
634 1302 820 1357 verbis
874 1302 1122 1357 diuinum
1173 1299 1595 1370 Xenophontem
1633 1297 1748 1368 (qui
1788 1306 1848 1351 ut
1910 1297 2111 1353 litterae

512 1394 911 1459 redderentur,
947 1391 1198 1463 urgebat)
1231 1391 1634 1446 circumvenire
1661 1391 1905 1446 voluisse
1952 1390 2111 1446 vide-

511 1498 698 1542 .retur.
735 1486 893 1541 Nunc
915 1485 1089 1546 enim,
1114 1484 1402 1554 inquiebat
1434 1483 1549 1544 ille.
1575 1483 1944 1539 exhibeantur
1974 1483 2109 1538 mihi

519 1579 740 1642 litterae,
773 1577 1014 1632 ﬁliorum
1031 1584 1236 1631 statum
1264 1576 1425 1645 plane
1457 1590 1790 1646 cognoscere
1806 1575 2061 1645 cupienti
2088 1614 2106 1641 ,

509 1686 647 1727 .cras
665 1677 875 1735 autem,
909 1676 973 1723 ut
997 1677 1053 1723 tu
1078 1670 1182 1735 ais,
1220 1683 1288 1724 ex
1334 1684 1432 1723 ore
1458 1667 1656 1724 famuli
1677 1676 1880 1724 uetera
1932 1667 2111 1723 disce-

509 1779 669 1819 .mus.

593 1855 782 1912 XVIII.
816 1855 985 1911 Maria
1017 1855 1123 1911 hac
1146 1853 1253 1909 viri
1278 1855 1589 1924 sagacitate
1615 1868 1678 1909 se
1704 1852 2109 1924 deprehensam

509 1951 791 2012 sentiens,
832 1949 1071 2017 totisque
1101 1946 1407 2002 visceribus
1449 1957 1744 2011 commota,
1796 1961 2111 2016 compressa

517 2055 664 2096 \voce
696 2041 918 2111 penitus
947 2041 1085 2093 nihil
1139 2039 1382 2104 dicebat,
1425 2039 1558 2094 solis
1602 2038 1860 2109 Iacrymis
1890 2037 2112 2094 abunde

525 2134 881 2205 proloquens.
926 2134 1046 2199 Quo
1078 2133 1469 2187 animadverso
1512 2130 1873 2186 admirandus
1924 2129 2112 2186 Xeno-

512 2228 672 2298 .phon
705 2245 717 2280 :
757 2229 837 2279 An
861 2226 1023 2287 male,
1065 2226 1260 2294 inquit,
1290 2224 1499 2281 habent
1530 2223 1688 2278 liberi
1727 2223 1943 2278 nostri?
1971 2222 2109 2279 Tum

514 2321 653 2375 illa:
683 2318 1028 2376 Primoribus
1063 2317 1463 2388 utiquedigitis
1494 2318 1718 2388 attingis
1746 2316 2112 2371 calamitatem

514 2420 794 2474 nostram,
850 2411 1110 2482 quodque
1166 2409 1594 2480 haudquaquam
1643 2408 1878 2479 expetis,
1916 2416 2113 2478 sponte

525 2504 836 2559 imminuis.
865 2502 1084 2559 Utinam
1119 2503 1267 2557 enim
1299 2502 1441 2558 male
1483 2501 1776 2567 haberent,
1812 2511 1875 2556 ut
1916 2501 2003 2557 vel
2033 2503 2115 2556 sic

516 2595 739 2665 aliquid
769 2595 929 2650 nobis
948 2594 1069 2665 spei
1108 2593 1555 2668 relinqueretur!
1610 2608 1760 2648 nunc
1790 2601 1978 2649 autem
2026 2591 2116 2648 tui

524 2688 626 2754 illi,
656 2689 797 2743 beul
835 2687 1114 2758 quondam
1142 2687 1309 2745 liberi
1330 2688 1386 2742 in
1414 2687 1561 2742 mari
1588 2686 1757 2742 vitam
1785 2686 2113 2742 amiserunt.

519 2777 624 2833 His
653 2778 857 2832 auditis
884 2776 1194 2848 XenOphon
1219 2776 1381 2832 facile
1412 2774 1679 2841 ostendit,
1713 2774 1965 2847 generosi
1992 2774 2116 2829 aui-

524 2871 607 2924 ~mi
656 2870 1044 2941 probationem
1091 2869 1442 2925 calamitates
1466 2884 1610 2924 esse.
1664 2867 1808 2924 Cum
1842 2867 1991 2923 enim
2026 2866 2116 2922 di-

530 2962 734 3027 sisset,
770 2960 856 3018 Sit
889 2977 1093 3017 nomen
1126 2960 1348 3016 Domini
1404 2959 1757 3015 benedictum
1802 2959 1859 3013 in
1892 2959 2114 3026 saecula,

522 3052 597 3108 ad
631 3054 1062 3108 consolationem
1100 3052 1302 3107 deinde
1334 3051 1549 3116 uxoris,
1573 3066 1706 3121 quae
1732 3060 1791 3106 et
1839 3053 1958 3122 ipsa
2001 3066 2112 3105 non

523 3145 858 3214 insipienter
886 3152 982 3198 aut
1011 3142 1247 3214 abjecte,
1282 3142 1377 3198 sed
1412 3150 1473 3196 ut
1506 3149 1619 3197 tam
1649 3141 1726 3212 pii
1747 3142 1851 3196 viri
1879 3152 2111 3197 conscr-

530 3246 638 3293 lctn
676 3236 883 3300 decuit,
912 3250 970 3290 se
1001 3235 1248 3306 gerebat,
1282 3249 1606 3297 conversus,
1640 3232 1720 3288 Ne
1766 3234 1979 3304 lugeas,
2028 3233 2115 3286 iu-

529 3328 669 3398 quit,
697 3343 808 3382 non
828 3327 1076 3397 patietur
1096 3326 1247 3380 enim
1277 3326 1423 3380 Deus
1448 3323 1776 3380 tanta‘clade
1804 3340 1906 3380 nos
1926 3324 2113 3390 obrui,

528 3428 627 3475 aut
660 3434 902 3474 maerore
929 3427 1036 3472 tam
1085 3417 1293 3472 acerbo
1334 3417 1551 3489 gravari
1590 3416 1857 3471 canitiem
1910 3429 2112 3481 meam,

528 3523 656 3564 cuni
680 3524 750 3563 ne
775 3506 999 3572 unicum
1023 3506 1247 3578 quidem
1271 3510 1394 3579 ejus
1408 3507 1728 3564 mandatum
1753 3508 2115 3579 contemptim

530 3608 906 3670 transgressus
933 3597 1060 3653 sim.
1096 3588 1441 3670 Vigilantiam
1487 3600 1655 3670 igitur
1686 3598 1850 3657 nobis
1878 3599 1982 3655 hac
2016 3614 2117 3655 no-

526 3700 637 3756 cte,
660 3694 893 3763 ejusque
910 3690 1225 3762 benignitas
1248 3705 1316 3746 ac
1337 3690 1717 3747 misericordia
1741 3691 2112 3762 imploranda.

528 3782 623 3838 Sic
646 3782 896 3838 futurum
931 3790 1039 3847 est,
1070 3790 1130 3838 ut
1159 3783 1420 3838 vivantne
1445 3797 1514 3837 an
1540 3781 1790 3840 defuncti
1820 3782 1932 3839 sint
1952 3784 2115 3840 liberi

527 3875 692 3932 nobis
708 3875 937 3945 aperiat.
974 3874 1089 3930 Hac
1126 3874 1340 3930 ratione
1363 3874 1513 3945 quod
1543 3874 1767 3935 divinus
1796 3876 1929 3931 olim
1957 3874 2117 3932 Jere-

527 3964 672 4020 mias
704 3965 1106 4034 pronuntiavit,
1163 3964 1224 4021 in
1267 3965 1363 4021 illo
1396 3966 1684 4037 impletum
1716 3977 1804 4022 est
1836 3984 1850 4020 :
1884 3986 1903 4019 ι
1939 3966 2113 4023 Bene-

528 4056 715 4115 dictus
738 4058 822 4111 vir
852 4045 947 4128 qui
980 4056 1211 4113 conlidit
1242 4058 1298 4112 in
1336 4058 1592 4123 Domino,
1626 4066 1685 4114 et
1711 4059 1821 4115 erit
1850 4059 2119 4115 Dominus

532 4146 735 4203 ﬁducia
765 4147 888 4218 eius
916 4166 929 4202 :
969 4158 1028 4225 et
1059 4148 1169 4203 erit
1196 4151 1351 4218 quasi
1378 4149 1591 4219 lignum
1622 4149 1768 4220 quod
1803 4150 2114 4220 transplan-

533 4247 681 4295 tatur
707 4255 873 4312 super
899 4256 1117 4311 aquas;
1152 4259 1170 4293 ›
1202 4248 1259 4296 et
1294 4241 1462 4315 paulo
1509 4250 1635 4312 post
1668 4260 1682 4295 :
1726 4260 1743 4293 ι
1777 4240 1836 4296 In
1872 4251 2118 4312 tempore

529 4331 798 4401 siccitatis
821 4347 931 4387 non
958 4333 1065 4388 erit
1093 4333 1413 4400 sollicitum,
1453 4349 1554 4389 nec
1579 4332 1878 4405 aliquando
1899 4333 2119 4389 desinet

528 4423 715 4480 facere
749 4424 989 4504 fructum
1018 4427 1059 4479 ³³.
1104 4444 1122 4476 ›

2143 3091 2187 3153 c
2218 3052 2468 3124 λοσὸφως

2213 476 2507 546 καυτήρων
2545 474 2732 546 ἐζήτει
2779 474 2998 528 λαϐεῖν·
3037 471 3300 544 ἠϐούλετο
3332 469 3409 533 δὲ,
3443 468 3519 531 ὡς
3559 462 3670 520 οἷόν
3716 482 3801 531 τε,

2213 567 2422 637 κούφην
2456 567 2605 637 αὐτῷ
2641 566 2736 620 καὶ
2764 567 2995 638 μετρίαν
3020 565 3117 637 τὴν
3143 562 3321 631 λύπην
3349 558 3799 631 παρασκευάσαι.

2212 660 2373 728 Λέγει
2404 658 2698 729 τοιγαροῦν
2733 659 2882 730 αὐτῷ
2916 660 3009 712 καὶ
3057 654 3482 726 ὑπομιμνήσκει
3526 653 3656 723 περὶ
3694 652 3804 719 τῆς

2209 751 2305 804 τοῦ
2335 750 2521 814 παιδὸς
2555 752 2839 806 ἐπανόδου.
2884 750 2944 804 '0
2975 749 3033 803 δὲ
3061 748 3196 819 προς
3220 744 3384 799 τοῦτο
3422 743 3580 808 δόξαν
3624 741 3804 795 ἐδίδου

2209 842 2352 913 Θεῷ,
2398 844 2516 909 καὶ,
2548 843 2682 908 Ποῦ,
2726 843 2913 914 φησὶν,
2945 837 3141 905 οὕτοςς
3194 839 3389 900 Νόσος,
3428 832 3601 898 εἶπεν,
3636 832 3807 886 αὐτὸν

2214 938 2279 990 ὲκ
2306 936 2405 1006 τῆς
2457 936 2601 991 κατὰ
2646 936 2746 1007 τὴν
2793 935 2912 990 ὁδὸν
2959 936 3103 1006 τάχα
3152 932 3366 1003 συνέχει
3405 927 3804 996 ταλαιπωρίας.

2213 1030 2498 1095 Κάκεῖνος,
2546 1029 2685 1082 Ἃλλ*
2741 1028 3037 1100 ὲνεχθήτω,
3069 1026 3197 1097 ἔφη,
3238 1025 3308 1079 τὰ
3351 1022 3681 1094 γράμματα.
3737 1019 3806 1071 Ἦ

2211 1119 2289 1183 δὲ,
2322 1118 2714 1190 Μεταληπτέον
2752 1119 2885 1188 ἡμῖν
2922 1119 3109 1189 ἀρτου’
3126 1117 3188 1169 τό
3216 1131 3285 1184 γε
3325 1111 3422 1167 νῦν
3455 1111 3600 1183 ἕχον,
3634 1108 3808 1163 ἔωθεν

2209 1211 2290 1282 δὲ,
2318 1211 2413 1265 καὶ
2442 1212 2556 1276 τοῖς
2587 1212 2912 1283 γράμμασιν
2962 1205 3209 1281 ἐντεύξῃ·
3242 1204 3455 1276 ἀκούσῃ
3486 1203 3568 1266 δὲ,
3604 1202 3699 1255 καὶ
3728 1194 3808 1253 ὧν

2210 1303 2239 1352 ὁ
2271 1303 2398 1363 παῖς
2430 1300 2543 1372 ἔχει
2574 1314 2658 1353 σοι
2691 1299 2779 1353 διὰ
2822 1300 3092 1368 στόματος
3119 1296 3375 1367 ἐξειπεῖν.
3410 1294 3658 1364 ῐὶύπὸρει
3689 1308 3808 1346 πα-

2215 1391 2623 1464 ρακρούσασθαι
2654 1391 2835 1461 λόγοις
2868 1391 2960 1443 τὸν
2993 1390 3136 1443 θεῖον
3162 1388 3483 1458 Ξενοφῶντα
3512 1388 3544 1452 ἠ
3586 1383 3802 1454 βοηθός.

2224 1482 2497 1536 Ἑνέκειτο
2516 1482 2623 1554 γὰρ
2655 1481 2903 1537 ἀπαιτῶν
2932 1481 3001 1534 τὰ
3030 1480 3358 1552 γράμματα,
3390 1479 3505 1544 καὶ,
3533 1476 3650 1530 Νῦν
3683 1477 3807 1546 μὲν,

2211 1576 2407 1644 λέγων,
2454 1576 2729 1646 ὲνεχθήτω
2762 1593 2875 1647 μοι,
2903 1574 3074 1628 ταῦτα
3096 1573 3299 1642 γνῶναι
3321 1570 3652 1641 βουλομένῳ,
3686 1569 3810 1632 πῶς

2212 1672 2327 1741 ἔχει
2364 1688 2454 1740 μοι
2487 1670 2557 1723 τὰ
2578 1670 2687 1723 τῶν
2727 1669 2956 1737 παίδων,
2987 1667 3177 1740 αῦριον
3202 1668 3282 1734 δὲ,
3308 1667 3384 1730 ὡς
3412 1665 3477 1718 σὺ
3502 1663 3661 1736 ἔφης,
3692 1663 3809 1717 τῶν

2141 1745 2184 1800 Β
2204 1765 2301 1819 διὰ
2322 1764 2570 1832 γλώττης
2595 1762 2919 1834 ἀκούσομαι.
3458 1802 3471 1815 ,

2238 1883 2243 1888 -
2285 1857 2395 1909 ῙΗ’.
2432 1853 2496 1908 Ἠ
2529 1852 2585 1908 δὲ
2619 1854 2713 1909 καὶ
2738 1857 2803 1927 τῇ
2838 1853 3051 1907 συνέσει
3076 1851 3170 1906 τοῦ
3194 1851 3385 1922 ἀνδρδς
3405 1850 3805 1922 συλλαϐομένη,

2215 1945 2448 2000 καὶτῶν
2478 1945 2806 2016 σπλάγχνων
2835 1945 3127 2016 ἡττωμένη
3166 1944 3381 2010 δεινῶς,
3419 1942 3668 2016 γλώττης
3700 1945 3808 2014 μὲν

2212 2037 2309 2092 καὶ
2343 2037 2424 2090 ἔτι
2450 2037 2728 2109 ἐγκρατὴς
2754 2032 2845 2109 ἦν,
2890 2039 2982 2091 καὶ
3025 2031 3180 2090 εἶπεν
3226 2036 3365 2101 ὅλως
3398 2037 3573 2102 οὐδὲν,
3606 2036 3810 2105 ἐφθέγ-

2215 2128 2342 2195 ξατο
2364 2128 2428 2181 δὲ
2468 2131 2583 2192 τοῖς
2613 2128 2867 2199 δάκρυσι.
2905 2129 3091 2193 Συνεὶς
3114 2123 3212 2182 οὖν
3242 2129 3273 2200 δ
3320 2127 3621 2198 θαυμάσιος
3647 2127 3816 2181 Ξενο-

2214 2222 2352 2291 φῶν,
2415 2221 2786 2287 ’Λσθενοῦσιν,
2839 2223 2967 2294 ἔφη,
3011 2222 3080 2276 τὰ
3131 2220 3298 2276 τέκνα
3349 2221 3554 2291 ὴμῶν;
3599 2221 3666 2275 Ἦ
3724 2219 3807 2282 δὲ,

2217 2317 2467 2386 Ἀκροις,
2501 2310 2648 2380 εἶπε,
2698 2316 2761 2366 τὸ
2807 2313 2900 2368 τοῦ
2948 2313 3133 2381 λόγου,
3175 2311 3463 2376 δακτύλοις
3512 2310 3659 2383 ἅπτῃ
3706 2311 3807 2379 τῆς

2217 2408 2529 2478 συμφορᾶς,
2560 2407 2653 2459 καὶ
2696 2405 2733 2459 δ
2773 2406 2849 2477 μὴ
2891 2404 3095 2476 βούλει,
3139 2404 3462 2477 σμικρύνεις
3493 2404 3657 2458 éxcbv'
3691 2401 3811 2456 εἴθε

2214 2502 2324 2571 γὰρ
2347 2500 2633 2573 ἠσθένουν,
2659 2500 2724 2552 ἵν’
2742 2498 2887 2554 οὕτω
2917 2501 3006 2553 καὶ
3039 2501 3196 2562 ἐλπὶς
3224 2497 3569 2552 ὑπελείπετο.
3599 2495 3717 2552 Νῦν
3750 2496 3813 2551 δὲ

2213 2595 2264 2646 οἱ
2301 2592 2490 2656 παῖδες
2534 2593 2585 2645 oi
2637 2591 2747 2657 σοὶ,
2806 2591 2944 2661 φεῦῐ
2994 2593 3054 2644 ὲν
3090 2594 3157 2662 τῇ
3216 2590 3463 2665 θαλάσσῃ
3502 2589 3811 2645 ἀπώλοντο.

2219 2685 2492 2738 Ἤκουσεν
2527 2686 2756 2753 ἐκεῖνος,
2808 2684 2903 2739 καὶ
2940 2684 3186 2756 ἀτεχνῶς
3220 2684 3449 2751 ἔδειξεν,
3505 2683 3588 2736 ὅτι
3626 2681 3814 2754 ψυχῆς

2215 2775 2474 2845 γενναίας
2505 2778 2561 2832 αἱ
2597 2777 2880 2849 συμφοραὶ
2935 2774 3190 2848 βάσανος.
3238 2778 3340 2848 Εῖη
3390 2777 3501 2850 γὰρ
3533 2775 3596 2830 τὸ
3633 2776 3813 2848 ὄνομα

2218 2868 2428 2939 Κυρίου
2484 2869 2859 2941 εὐλογημένον
2891 2871 2972 2934 είς
3015 2872 3143 2935 τοὺς
3175 2870 3400 2935 α-ίῶνας.
3437 2870 3672 2923 Ἔπειτα
3715 2868 3818 2923 καὶ

2217 2964 2316 3033 τὴν
2356 2964 2592 3031 γυναῖκα
2622 2962 2967 3034 παρακαλεῖν
2996 2964 3277 3035 ἐπειρᾶτο,
3310 2962 3446 3034 μηδὲ
3472 2962 3646 3033 αὐτὴν
3677 2963 3815 3032 ἀφιο

2542 3055 2637 3109 καὶ
2684 3055 2929 3124 ἀγεννῶς
2970 3055 3228 3128 ἔχουσαν,
3284 3057 3387 3110 καὶ
3422 3057 3616 3127 ἀνδρὸς
3667 3056 3817 3110 οὕτω

2221 3145 2504 3217 θεοφιλοῦς
2534 3146 2790 3213 ἀναξίως,
2822 3148 2917 3220 Μὴ
2950 3149 3143 3214 λυποῦ,
3182 3150 3378 3219 λέγων*
3405 3150 3468 3205 οὕ
3509 3149 3622 3222 γὰρ
3658 3150 3814 3203 ἐάσει

2216 3236 2350 3299 Θεὸς
2375 3235 2600 3308 τοιαύτῃ
2626 3242 2947 3308 περιπεσεῖν
2981 3240 3126 3309 ἡμᾶς
3152 3242 3428 3311 συμφορᾷ,
3452 3240 3575 3295 οὐδὲ
3597 3240 3814 3312 πικρῶς

2218 3328 2362 3384 οὕτω
2401 3329 2639 3398 λυπῆσαι
2669 3331 2769 3402 τὴν
2803 3330 2940 3401 ἐμὴν
2970 3316 3227 3396 ἀνέξεται
3275 3332 3492 3385 πολιάνο
3540 3333 3664 3386 ἐπεὶ
3699 3350 3813 3403 μη-

2216 3423 2413 3494 δεμίαν
2464 3421 2630 3475 αὐτοῦ
2673 3422 2784 3476 τῶν
2834 3422 3086 3490 ἐντολῶν,
3133 3422 3210 3488 ὣς
3259 3440 3323 3493 γε
3372 3420 3548 3496 οἶμαι,
3589 3425 3809 3496 ἀμελῶν

2221 3513 2527 3585 παρῆλθον,
2563 3513 2704 3585 πλὴν
2733 3515 3113 3587 ἀγρυπνητέον
3145 3516 3305 3586 τήνδε
3334 3517 3437 3588 τὴν
3471 3518 3659 3581 νύκτα,
3709 3517 3811 3569 καὶ

2218 3604 2320 3677 τὴν
2359 3604 2528 3658 αὐτοῦ
2557 3606 2907 3678 χρηστότητα
2937 3607 3033 3660 καὶ
3080 3608 3207 3670 τοὺς
3235 3608 3556 3679 οἱκτιρμοὺς
3595 3606 3818 3672 ὲξιλεω-

2214 3697 2359 3750 τέον·
2391 3697 2644 3762 κάκεῖνος
2659 3697 2914 3769 περὶτῶν
2940 3698 3169 3764 παίδων,
3198 3697 3314 3751 εἴτε
3331 3699 3678 3769 τεθνήκασιν,
3699 3698 3819 3752 εἴτε

2223 3788 2333 3859 μὴν
2361 3789 2423 3841 ὲν
2448 3790 2563 3853 τοῖς
2592 3788 2761 3852 ζῶσίν
2793 3791 2924 3856 εἰσι,
2952 3789 3115 3862 δῆλον
3149 3793 3386 3864 ποιήσει.
3432 3790 3619 3858 Οὕτως
3649 3795 3817 3864 ἀκρι-

2219 3878 2333 3943 ϐῶς
2364 3879 2450 3932 ἐπ’
2499 3880 2650 3952 αύτῷ
2676 3881 2738 3935 τὸ
2766 3882 2859 3935 τοῦ
2910 3881 3056 3936 θείου
3112 3883 3379 3955 Ἰερεμίου
3419 3883 3597 3956 πέρας
3639 3886 3820 3955 sidit-

2221 3973 2406 4043 σανεν,
2445 3995 2467 4029 ι
2513 3977 2919 4050 Εὐλογημένος,
2952 3980 3228 4047 εἰπόντος,
3273 3983 3302 4035 ὁ
3339 3978 3628 4049 ἄνθρωπος
3654 3981 3683 4034 ὁ
3712 3996 3821 4032 πε-

2222 4065 2426 4131 ποιθὼς
2453 4068 2548 4122 ἐπὶ
2569 4068 2646 4140 τῷ
2676 4069 2890 4142 Κυρίῳ,
2919 4071 3017 4124 καὶ
3041 4070 3196 4125 ἔσται
3221 4069 3425 4141 Κύριος
3444 4068 3601 4134 ἐλπὶς
3620 4070 3821 4124 αὐτοῦ’

2222 4146 2513 4213 καὶκέσται
2558 4158 2633 4223 ὡς
2685 4158 2841 4224 ξύλον
2921 4160 3190 4230 εὐθηνοῦν
3239 4160 3372 4232 παρ’
3407 4160 3597 4215 ὕδατα.
3640 4177 3660 4212 ι
3708 4158 3826 4214 Καὶ

2225 4255 2344 4323 μετ’
2388 4253 2570 4323 ὀλίγον
2616 4249 2775 4318 αὖθις
2800 4260 2871 4307 ·’‹
2921 4254 3009 4308 Ἐν
3049 4254 3281 4326 ἐνιαυτῷ
3313 4252 3578 4327 ἁϐροχίας
3606 4254 3668 4309 οὐ
3714 4270 3821 4323 φο-

2222 4345 2544 4417 ϐηθήσεται,
2578 4346 2675 4401 καὶ
2699 4352 2760 4399 οὕ
2793 4346 3064 4402 διαλείπει
3099 4346 3273 4405 ποιῶν
3303 4346 3537 4419 καρπόν.
3575 4364 3595 4397 ι

1985 4592 2214 4650 CAPUT
2264 4596 2343 4649 VI.

1300 4732 1675 4803 Hierosolymis
1705 4731 1845 4800 ﬁlios
1866 4746 2143 4804 quierunt:
2171 4739 2274 4804 ﬁlii
2298 4755 2354 4793 se
2385 4739 2605 4793 invicem
2645 4750 2954 4810 agnoscunt.

601 4872 743 4927 XIX.
773 4874 908 4927 Tota
962 4875 1127 4944 igitur
1212 4886 1372 4928 nocte
1434 4874 1721 4944 precando,
1760 4875 2117 4947 rogandoque

2251 4867 2259 4879 ’
2299 4878 2400 4934 ἰΘ’.
2437 4879 2768 4950 Εὖχομένοις
2799 4880 2893 4934 οὖν
2924 4881 3057 4952 παρ’
3086 4881 3214 4951 ὃλην
3246 4880 3346 4950 τὴν
3393 4880 3561 4934 νύκτα
3597 4882 3692 4935 καὶ
3724 4881 3829 4936 τοῦ

531 4965 703 5021 Deum
744 4965 1012 5030 traducta,
1045 4966 1358 5021 albescente
1383 4965 1496 5036 jam
1531 4966 1695 5032 coelo,
1728 4965 1997 5038 victisque
2027 4984 2122 5024 so-

534 5073 668 5127 pore
694 5058 1018 5122 luminibus,
1050 5072 1162 5113 non
1190 5057 1258 5113 ad
1287 5068 1616 5112 consuetum
1645 5058 1830 5114 cubile
1877 5074 1937 5114 se
1978 5060 2120 5114 rcci-

533 5151 714 5221 piunt,
739 5164 974 5219 corpora
1024 5150 1176 5204 humi
1230 5159 1561 5206 sternentcs.
1596 5149 1772 5206 Simul
1799 5165 1862 5206 ac
1891 5167 2120 5223 somnus

533 5243 801 5313 obrepsit,
831 5244 1051 5313 utrique
1081 5242 1183 5297 visi
1231 5242 1337 5297 sibi
1373 5249 1502 5296 sunt
1529 5251 1829 5313 praesentes
1858 5242 2004 5299 ﬁlios
2032 5244 2120 5298 in-

536 5335 677 5388 tueri
706 5332 928 5388 Christo
963 5334 1266 5388 adstantes.
1301 5334 1380 5387 Ac
1411 5332 1652 5389 Joannes
1684 5334 1909 5404 quidem
1964 5335 2121 5389 thro-

532 5439 606 5478 no
638 5424 913 5489 residens,
946 5434 1279 5496 sceptroque
1308 5434 1539 5482 ornatus
1564 5427 1834 5496 insignem
1863 5427 2121 5498 pretiosis

533 5516 765 5586 gemmis
797 5532 1060 5572 coronam
1087 5517 1314 5588 gerebat
1357 5535 1369 5570 :
1427 5518 1699 5574 Arcadius
1721 5533 1855 5574 vero
1904 5528 1960 5573 et
2004 5521 2120 5592 ipse

610 5714 629 5743 ⁸
650 5711 857 5770 Jcrcm.
891 5719 1103 5782 “11,7.

2227 4968 2362 5022 Θεοῦ
2389 4969 2942 5044 δεομένοις,ὲπείπερ
2973 4973 3074 5044 ἤδη
3112 4972 3241 5043 περ)⁵
3266 4970 3442 5041 αὐγὰς
3471 4969 3541 5046 ἦν
3569 4974 3600 5044 ἡ
3632 4975 3828 5045 ἡμέρα

2229 5064 2320 5114 καὶ
2356 5063 2490 5133 πρὸς
2537 5062 2703 5117 ὕπνον
2742 5065 2928 5129 αὐτοῖς
2976 5063 3221 5134 ἡττῶντο
3272 5065 3322 5118 οί
3372 5064 3667 5136 ὀφθαλμοὶ,
3718 5068 3831 5120 οὐκ

2223 5155 2304 5208 ἔτι
2332 5155 2519 5210 λοιπὸν
2549 5157 2685 5229 πρὸς
2712 5158 2810 5228 τὴν
2842 5157 3050 5228 συνήθη
3082 5157 3375 5228 στρωμνήν
3402 5174 3462 5210 τε
3493 5158 3588 5211 καὶ
3625 5157 3828 5228 κλίνην

2222 5246 2475 5318 ἔϐλεψαν,
2504 5250 2620 5304 ἀλλ’
2647 5252 2771 5304 ἀντὶ
2793 5251 3000 5320 ταύτης
3037 5250 3305 5321 ὑπηρέτει
3332 5251 3392 5304 τὸ
3414 5250 3627 5321 ἔδαφος.
3664 5252 3830 5321 Ἅμα

2221 5339 2353 5408 γοῦν
2388 5339 2560 5395 ὕπνου
2609 5343 2885 5411 ἐγεύοντο,
2935 5344 3030 5397 καὶ
3079 5342 3342 5413 ὤφθησαν
3391 5343 3724 5413 ἀμφοτέροις
3766 5345 3830 5398 οἱ

2222 5430 2420 5493 παῖδες
2461 5432 2553 5484 ὑπ’
2597 5431 2721 5502 ὄψιν
2762 5432 3162 5503 παριστάμενοι
3209 5430 3290 5502 τῷ
3337 5430 3579 5502 Χριστῷ·
3629 5433 3658 5482 ὀ
3717 5432 3832 5500 μὲν

2233 5519 2489 5592 Ἰωάννης
2531 5524 2796 5593 στέφανον
2825 5523 3092 5594 πολυτελῆ
3124 5521 3291 5577 λίθων
3319 5521 3522 5592 τιμίων
3570 5521 3664 5576 καὶ
3692 5520 3835 5593 θρό-
