  <div class='ocr_page' id='page_1' title='image "/cluster/home/n/w/nwhite01/storage/ocr_20150623/114:no.1/coo.31924054870187/524.png"; bbox 0 0 4138 6468; ppageno 0'>
   <div class='ocr_carea' id='block_1_1' title="bbox 392 357 530 422">
    <p class='ocr_par' dir='ltr' id='par_1_1' title="bbox 392 357 530 422">
     <span class='ocr_line' id='line_1_1' title="bbox 392 357 530 422; baseline 0 0"><span class='ocrx_word' id='word_1_1' title='bbox 392 357 530 422; x_wconf 77' lang='lat'><strong>1033</strong></span> 
     </span>
    </p>
   </div>
   <div class='ocr_carea' id='block_1_2' title="bbox 1634 352 2515 425">
    <p class='ocr_par' dir='ltr' id='par_1_2' title="bbox 1634 352 2515 425">
     <span class='ocr_line' id='line_1_2' title="bbox 1634 352 2515 425; baseline 0.002 -2"><span class='ocrx_word' id='word_1_2' title='bbox 1634 358 1811 423; x_wconf 79' lang='lat' dir='ltr'><strong>VlTA</strong></span> <span class='ocrx_word' id='word_1_3' title='bbox 1850 361 1911 424; x_wconf 86' lang='lat' dir='ltr'><strong>S.</strong></span> <span class='ocrx_word' id='word_1_4' title='bbox 1954 352 2515 425; x_wconf 80' lang='lat' dir='ltr'><strong>XENOPHUNTIS.</strong></span> 
     </span>
    </p>
   </div>
   <div class='ocr_carea' id='block_1_3' title="bbox 3527 372 3666 440">
    <p class='ocr_par' dir='ltr' id='par_1_3' title="bbox 3527 372 3666 440">
     <span class='ocr_line' id='line_1_3' title="bbox 3527 372 3666 440; baseline 0 -1"><span class='ocrx_word' id='word_1_5' title='bbox 3527 372 3666 440; x_wconf 74' lang='grc'><strong>1034</strong></span> 
     </span>
    </p>
   </div>
   <div class='ocr_carea' id='block_1_4' title="bbox 386 467 1974 551">
    <p class='ocr_par' dir='ltr' id='par_1_4' title="bbox 386 468 1960 541">
     <span class='ocr_line' id='line_1_4' title="bbox 386 468 1960 541; baseline 0.004 -17"><span class='ocrx_word' id='word_1_6' title='bbox 386 488 479 526; x_wconf 88' lang='grc' dir='ltr'><strong>νον</strong></span> <span class='ocrx_word' id='word_1_7' title='bbox 510 471 672 540; x_wconf 71' lang='grc' dir='ltr'>ἔχων,</span> <span class='ocrx_word' id='word_1_8' title='bbox 722 471 817 523; x_wconf 71' lang='grc' dir='ltr'><strong>καὶ</strong></span> <span class='ocrx_word' id='word_1_9' title='bbox 865 469 1145 541; x_wconf 62' lang='grc' dir='ltr'>σκῆπτρου</span> <span class='ocrx_word' id='word_1_10' title='bbox 1178 468 1455 539; x_wconf 63' lang='grc' dir='ltr'>ἐχόμενος·</span> <span class='ocrx_word' id='word_1_11' title='bbox 1486 470 1515 523; x_wconf 91' lang='grc' dir='ltr'><strong>ό</strong></span> <span class='ocrx_word' id='word_1_12' title='bbox 1547 469 1604 525; x_wconf 82' lang='grc' dir='ltr'>δὲ</span> <span class='ocrx_word' id='word_1_13' title='bbox 1653 469 1960 541; x_wconf 72' lang='grc' dir='ltr'>Ἃρκάδιοςν</span> 
     </span>
    </p>
   </div>
   <div class='ocr_carea' id='block_1_5' title="bbox 2079 467 3663 551">
    <p class='ocr_par' dir='ltr' id='par_1_5' title="bbox 2079 467 3663 551">
     <span class='ocr_line' id='line_1_5' title="bbox 2079 467 3663 551; baseline 0.012 -30"><span class='ocrx_word' id='word_1_14' title='bbox 2079 467 2378 526; x_wconf 79' lang='lat' dir='ltr'><strong>iiademate</strong></span> <span class='ocrx_word' id='word_1_15' title='bbox 2408 471 2661 540; x_wconf 85' lang='lat' dir='ltr'><strong>plurimis</strong></span> <span class='ocrx_word' id='word_1_16' title='bbox 2685 489 2750 530; x_wconf 89' lang='lat' dir='ltr'><strong>ac</strong></span> <span class='ocrx_word' id='word_1_17' title='bbox 2785 475 3192 546; x_wconf 86' lang='lat' dir='ltr'><strong>splendissimis</strong></span> <span class='ocrx_word' id='word_1_18' title='bbox 3218 481 3391 537; x_wconf 75' lang='lat' dir='ltr'><strong>stellis</strong></span> <span class='ocrx_word' id='word_1_19' title='bbox 3422 480 3663 551; x_wconf 80' lang='lat' dir='ltr'><strong>fulgente</strong></span> 
     </span>
    </p>
   </div>
   <div class='ocr_carea' id='block_1_6' title="bbox 385 561 1972 631">
    <p class='ocr_par' dir='ltr' id='par_1_6' title="bbox 385 561 1972 631">
     <span class='ocr_line' id='line_1_6' title="bbox 385 561 1972 631; baseline -0.001 -15"><span class='ocrx_word' id='word_1_20' title='bbox 385 563 656 630; x_wconf 69' lang='grc' dir='ltr'>στέφανον</span> <span class='ocrx_word' id='word_1_21' title='bbox 678 561 772 614; x_wconf 77' lang='grc' dir='ltr'><strong>καὶ</strong></span> <span class='ocrx_word' id='word_1_22' title='bbox 791 561 952 624; x_wconf 74' lang='grc' dir='ltr'>αὐτὸς</span> <span class='ocrx_word' id='word_1_23' title='bbox 973 561 1365 631; x_wconf 81' lang='grc' dir='ltr'>ἀναδεδεμένος</span> <span class='ocrx_word' id='word_1_24' title='bbox 1382 563 1448 615; x_wconf 77' lang='grc' dir='ltr'>ἐκ</span> <span class='ocrx_word' id='word_1_25' title='bbox 1471 562 1734 616; x_wconf 87' lang='grc' dir='ltr'>ποικίλων</span> <span class='ocrx_word' id='word_1_26' title='bbox 1757 562 1972 631; x_wconf 72' lang='grc' dir='ltr'>ἄστρων</span> 
     </span>
    </p>
   </div>
   <div class='ocr_carea' id='block_1_7' title="bbox 383 650 1969 725">
    <p class='ocr_par' dir='ltr' id='par_1_7' title="bbox 383 650 1969 725">
     <span class='ocr_line' id='line_1_7' title="bbox 383 650 1969 725; baseline -0.001 -18"><span class='ocrx_word' id='word_1_27' title='bbox 383 654 481 708; x_wconf 73' lang='grc' dir='ltr'>καὶ</span> <span class='ocrx_word' id='word_1_28' title='bbox 528 650 955 724; x_wconf 81' lang='grc' dir='ltr'><strong>λαμπροτάτων,</strong></span> <span class='ocrx_word' id='word_1_29' title='bbox 1007 653 1244 723; x_wconf 84' lang='grc' dir='ltr'>σταυρόν</span> <span class='ocrx_word' id='word_1_30' title='bbox 1285 670 1346 706; x_wconf 84' lang='grc' dir='ltr'><strong>τε</strong></span> <span class='ocrx_word' id='word_1_31' title='bbox 1386 656 1453 723; x_wconf 76' lang='grc' dir='ltr'>τῇ</span> <span class='ocrx_word' id='word_1_32' title='bbox 1498 652 1652 725; x_wconf 79' lang='grc' dir='ltr'>δεξιᾷ</span> <span class='ocrx_word' id='word_1_33' title='bbox 1698 652 1969 723; x_wconf 80' lang='grc' dir='ltr'>κατέχων,</span> 
     </span>
    </p>
   </div>
   <div class='ocr_carea' id='block_1_8' title="bbox 382 745 1790 817">
    <p class='ocr_par' dir='ltr' id='par_1_8' title="bbox 382 745 1790 817">
     <span class='ocr_line' id='line_1_8' title="bbox 382 745 1790 817; baseline 0 -17"><span class='ocrx_word' id='word_1_34' title='bbox 382 748 477 801; x_wconf 77' lang='grc' dir='ltr'>καὶ</span> <span class='ocrx_word' id='word_1_35' title='bbox 516 745 703 815; x_wconf 78' lang='grc' dir='ltr'>κλίνην</span> <span class='ocrx_word' id='word_1_36' title='bbox 735 745 875 817; x_wconf 72' lang='grc' dir='ltr'>ἔχων</span> <span class='ocrx_word' id='word_1_37' title='bbox 904 748 986 809; x_wconf 81' lang='grc' dir='ltr'><strong>εἰς</strong></span> <span class='ocrx_word' id='word_1_38' title='bbox 1013 746 1323 799; x_wconf 81' lang='grc' dir='ltr'>ἀνάπαυσιν</span> <span class='ocrx_word' id='word_1_39' title='bbox 1351 746 1446 799; x_wconf 81' lang='grc' dir='ltr'>καὶ</span> <span class='ocrx_word' id='word_1_40' title='bbox 1475 745 1790 817; x_wconf 77' lang='grc' dir='ltr'>στρωμνήν.</span> 
     </span>
    </p>
   </div>
   <div class='ocr_carea' id='block_1_9' title="bbox 451 835 1974 908">
    <p class='ocr_par' dir='ltr' id='par_1_9' title="bbox 451 835 1974 908">
     <span class='ocr_line' id='line_1_9' title="bbox 451 835 1974 908; baseline 0.001 -17"><span class='ocrx_word' id='word_1_41' title='bbox 451 837 538 892; x_wconf 76' lang='grc' dir='ltr'><strong>κ’.</strong></span> <span class='ocrx_word' id='word_1_42' title='bbox 560 838 650 891; x_wconf 86' lang='grc' dir='ltr'>Ἐκ</span> <span class='ocrx_word' id='word_1_43' title='bbox 679 839 869 895; x_wconf 87' lang='grc' dir='ltr'>τούτου</span> <span class='ocrx_word' id='word_1_44' title='bbox 898 839 1172 902; x_wconf 81' lang='grc' dir='ltr'><strong>συνιέντες</strong></span> <span class='ocrx_word' id='word_1_45' title='bbox 1194 840 1322 902; x_wconf 80' lang='grc' dir='ltr'>τοὺς</span> <span class='ocrx_word' id='word_1_46' title='bbox 1351 839 1549 902; x_wconf 82' lang='grc' dir='ltr'>παῖδας</span> <span class='ocrx_word' id='word_1_47' title='bbox 1576 837 1761 892; x_wconf 84' lang='grc' dir='ltr'>αὐτῶν</span> <span class='ocrx_word' id='word_1_48' title='bbox 1802 835 1974 908; x_wconf 77' lang='grc' dir='ltr'>τιμῆς</span> 
     </span>
    </p>
   </div>
   <div class='ocr_carea' id='block_1_10' title="bbox 385 928 1972 1001">
    <p class='ocr_par' dir='ltr' id='par_1_10' title="bbox 385 928 1972 1001">
     <span class='ocr_line' id='line_1_10' title="bbox 385 928 1972 1001; baseline 0 -18"><span class='ocrx_word' id='word_1_49' title='bbox 385 930 629 1000; x_wconf 79' lang='grc' dir='ltr'><strong>μεγάλης</strong></span> <span class='ocrx_word' id='word_1_50' title='bbox 658 930 925 1001; x_wconf 73' lang='grc' dir='ltr'><strong>ἠξιῶσθαι</strong></span> <span class='ocrx_word' id='word_1_51' title='bbox 954 931 1105 1001; x_wconf 83' lang='grc' dir='ltr'>παρὰ</span> <span class='ocrx_word' id='word_1_52' title='bbox 1130 930 1273 1000; x_wconf 83' lang='grc' dir='ltr'>Θεῷ,</span> <span class='ocrx_word' id='word_1_53' title='bbox 1304 929 1401 984; x_wconf 65' lang='grc' dir='ltr'><strong>καλ⁸</strong></span> <span class='ocrx_word' id='word_1_54' title='bbox 1429 929 1590 983; x_wconf 79' lang='grc' dir='ltr'>τοῦτο</span> <span class='ocrx_word' id='word_1_55' title='bbox 1613 929 1669 983; x_wconf 70' lang='grc' dir='ltr'>δὲ</span> <span class='ocrx_word' id='word_1_56' title='bbox 1696 928 1972 1001; x_wconf 88' lang='grc' dir='ltr'>διδαχθέν-</span> 
     </span>
    </p>
   </div>
   <div class='ocr_carea' id='block_1_11' title="bbox 382 1017 1971 1094">
    <p class='ocr_par' dir='ltr' id='par_1_11' title="bbox 382 1017 1971 1094">
     <span class='ocr_line' id='line_1_11' title="bbox 382 1017 1971 1094; baseline 0 -19"><span class='ocrx_word' id='word_1_57' title='bbox 382 1040 473 1085; x_wconf 86' lang='grc' dir='ltr'><strong>τες</strong></span> <span class='ocrx_word' id='word_1_58' title='bbox 509 1025 660 1090; x_wconf 76' lang='grc' dir='ltr'>παρὰ</span> <span class='ocrx_word' id='word_1_59' title='bbox 708 1023 810 1093; x_wconf 85' lang='grc' dir='ltr'>τῆς</span> <span class='ocrx_word' id='word_1_60' title='bbox 847 1023 1094 1094; x_wconf 81' lang='grc' dir='ltr'>χάριτος,</span> <span class='ocrx_word' id='word_1_61' title='bbox 1131 1024 1190 1075; x_wconf 82' lang='grc' dir='ltr'>ὲν</span> <span class='ocrx_word' id='word_1_62' title='bbox 1233 1024 1632 1094; x_wconf 81' lang='grc' dir='ltr'>Ἰεροσολύμοις</span> <span class='ocrx_word' id='word_1_63' title='bbox 1667 1023 1863 1086; x_wconf 78' lang='grc' dir='ltr'>αὐτοὺς</span> <span class='ocrx_word' id='word_1_64' title='bbox 1888 1017 1971 1075; x_wconf 76' lang='grc' dir='ltr'><strong>εῖ-</strong></span> 
     </span>
    </p>
   </div>
   <div class='ocr_carea' id='block_1_12' title="bbox 384 1110 1972 1184">
    <p class='ocr_par' dir='ltr' id='par_1_12' title="bbox 384 1110 1972 1184">
     <span class='ocr_line' id='line_1_12' title="bbox 384 1110 1972 1184; baseline 0 -19"><span class='ocrx_word' id='word_1_65' title='bbox 384 1130 494 1179; x_wconf 80' lang='grc' dir='ltr'>ναι,</span> <span class='ocrx_word' id='word_1_66' title='bbox 527 1112 696 1166; x_wconf 78' lang='grc' dir='ltr'>τᾶλλα</span> <span class='ocrx_word' id='word_1_67' title='bbox 737 1112 913 1168; x_wconf 82' lang='grc' dir='ltr'>πάντα</span> <span class='ocrx_word' id='word_1_68' title='bbox 950 1111 1126 1184; x_wconf 75' lang='grc' dir='ltr'>μικρᾶ</span> <span class='ocrx_word' id='word_1_69' title='bbox 1176 1110 1420 1184; x_wconf 77' lang='grc' dir='ltr'>θέμενοι,</span> <span class='ocrx_word' id='word_1_70' title='bbox 1465 1113 1562 1167; x_wconf 76' lang='grc' dir='ltr'>καὶ</span> <span class='ocrx_word' id='word_1_71' title='bbox 1610 1112 1834 1184; x_wconf 85' lang='grc' dir='ltr'>χρυσίον</span> <span class='ocrx_word' id='word_1_72' title='bbox 1874 1113 1972 1165; x_wconf 80' lang='grc' dir='ltr'>λα-</span> 
     </span>
    </p>
   </div>
   <div class='ocr_carea' id='block_1_13' title="bbox 382 1201 1971 1273">
    <p class='ocr_par' dir='ltr' id='par_1_13' title="bbox 382 1201 1971 1273">
     <span class='ocr_line' id='line_1_13' title="bbox 382 1201 1971 1273; baseline 0 -18"><span class='ocrx_word' id='word_1_73' title='bbox 382 1201 568 1263; x_wconf 84' lang='grc' dir='ltr'>ϐόντες</span> <span class='ocrx_word' id='word_1_74' title='bbox 604 1204 795 1270; x_wconf 75' lang='grc' dir='ltr'>συχνὸν</span> <span class='ocrx_word' id='word_1_75' title='bbox 835 1201 1086 1270; x_wconf 79' lang='grc' dir='ltr'><strong>εὐλογίας</strong></span> <span class='ocrx_word' id='word_1_76' title='bbox 1114 1201 1276 1273; x_wconf 83' lang='grc' dir='ltr'>χάριν</span> <span class='ocrx_word' id='word_1_77' title='bbox 1307 1202 1403 1273; x_wconf 76' lang='grc' dir='ltr'>καὶ</span> <span class='ocrx_word' id='word_1_78' title='bbox 1434 1202 1836 1271; x_wconf 81' lang='grc' dir='ltr'>παρακλήσεως</span> <span class='ocrx_word' id='word_1_79' title='bbox 1860 1201 1971 1255; x_wconf 81' lang='grc' dir='ltr'><strong>τῶν</strong></span> 
     </span>
    </p>
   </div>
   <div class='ocr_carea' id='block_1_14' title="bbox 381 1292 1946 1365">
    <p class='ocr_par' dir='ltr' id='par_1_14' title="bbox 381 1292 1946 1365">
     <span class='ocr_line' id='line_1_14' title="bbox 381 1292 1946 1365; baseline 0.002 -22"><span class='ocrx_word' id='word_1_80' title='bbox 381 1292 571 1363; x_wconf 76' lang='grc' dir='ltr'>χρείαν</span> <span class='ocrx_word' id='word_1_81' title='bbox 601 1292 858 1362; x_wconf 80' lang='grc' dir='ltr'>ἐχόντων,</span> <span class='ocrx_word' id='word_1_82' title='bbox 890 1292 1009 1346; x_wconf 81' lang='grc' dir='ltr'><strong>ὀδοῦ</strong></span> <span class='ocrx_word' id='word_1_83' title='bbox 1028 1293 1126 1362; x_wconf 82' lang='grc' dir='ltr'>τῆς</span> <span class='ocrx_word' id='word_1_84' title='bbox 1156 1293 1243 1345; x_wconf 68' lang='grc' dir='ltr'><strong>ἐπ’</strong></span> <span class='ocrx_word' id='word_1_85' title='bbox 1274 1293 1415 1347; x_wconf 80' lang='grc' dir='ltr'>αὐτὰ</span> <span class='ocrx_word' id='word_1_86' title='bbox 1438 1292 1714 1365; x_wconf 80' lang='grc' dir='ltr'><strong>φερούσης</strong></span> <span class='ocrx_word' id='word_1_87' title='bbox 1735 1292 1946 1364; x_wconf 78' lang='grc' dir='ltr'>είχοντο</span> 
     </span>
    </p>
   </div>
   <div class='ocr_carea' id='block_1_15' title="bbox 396 1381 1969 1454">
    <p class='ocr_par' dir='ltr' id='par_1_15' title="bbox 396 1381 1969 1454">
     <span class='ocr_line' id='line_1_15' title="bbox 396 1381 1969 1454; baseline 0.001 -21"><span class='ocrx_word' id='word_1_88' title='bbox 396 1381 547 1434; x_wconf 69' lang='grc' dir='ltr'>Ἐπεὶ</span> <span class='ocrx_word' id='word_1_89' title='bbox 588 1381 645 1434; x_wconf 78' lang='grc' dir='ltr'>δὲ</span> <span class='ocrx_word' id='word_1_90' title='bbox 695 1382 791 1435; x_wconf 75' lang='grc' dir='ltr'>καὶ</span> <span class='ocrx_word' id='word_1_91' title='bbox 836 1382 1162 1451; x_wconf 86' lang='grc' dir='ltr'>κατέλαϐον,</span> <span class='ocrx_word' id='word_1_92' title='bbox 1200 1383 1328 1446; x_wconf 77' lang='grc' dir='ltr'>τοὺς</span> <span class='ocrx_word' id='word_1_93' title='bbox 1360 1383 1552 1451; x_wconf 84' lang='grc' dir='ltr'>ἁγίους</span> <span class='ocrx_word' id='word_1_94' title='bbox 1586 1382 1969 1454; x_wconf 81' lang='grc' dir='ltr'><strong>περιελθόντες</strong></span> 
     </span>
    </p>
   </div>
   <div class='ocr_carea' id='block_1_16' title="bbox 381 1473 1986 1547">
    <p class='ocr_par' dir='ltr' id='par_1_16' title="bbox 381 1473 1986 1547">
     <span class='ocr_line' id='line_1_16' title="bbox 381 1473 1986 1547; baseline 0.001 -20"><span class='ocrx_word' id='word_1_95' title='bbox 381 1473 604 1538; x_wconf 80' lang='grc' dir='ltr'>τόπους,</span> <span class='ocrx_word' id='word_1_96' title='bbox 639 1475 735 1528; x_wconf 69' lang='grc' dir='ltr'><strong>καὶ</strong></span> <span class='ocrx_word' id='word_1_97' title='bbox 766 1474 926 1527; x_wconf 83' lang='grc' dir='ltr'>τοῦτο</span> <span class='ocrx_word' id='word_1_98' title='bbox 956 1475 1057 1545; x_wconf 84' lang='grc' dir='ltr'>μὲν</span> <span class='ocrx_word' id='word_1_99' title='bbox 1086 1478 1390 1547; x_wconf 79' lang='grc' dir='ltr'>προσευχῇ,</span> <span class='ocrx_word' id='word_1_100' title='bbox 1420 1480 1580 1531; x_wconf 82' lang='grc' dir='ltr'>τοῦτο</span> <span class='ocrx_word' id='word_1_101' title='bbox 1610 1475 1667 1529; x_wconf 84' lang='grc' dir='ltr'>δὲ</span> <span class='ocrx_word' id='word_1_102' title='bbox 1708 1475 1800 1530; x_wconf 76' lang='grc' dir='ltr'>καὶ</span> <span class='ocrx_word' id='word_1_103' title='bbox 1851 1473 1986 1529; x_wconf 76' lang='grc' dir='ltr'>διαο.</span> 
     </span>
    </p>
   </div>
   <div class='ocr_carea' id='block_1_17' title="bbox 382 1552 1966 1639">
    <p class='ocr_par' dir='ltr' id='par_1_17' title="bbox 382 1552 1966 1639">
     <span class='ocr_line' id='line_1_17' title="bbox 382 1552 1966 1639; baseline 0.001 -20"><span class='ocrx_word' id='word_1_104' title='bbox 382 1569 522 1635; x_wconf 78' lang='grc' dir='ltr'>νομῇ</span> <span class='ocrx_word' id='word_1_105' title='bbox 575 1552 802 1637; x_wconf 82' lang='grc' dir='ltr'>χρυσίου</span> <span class='ocrx_word' id='word_1_106' title='bbox 856 1567 1120 1639; x_wconf 77' lang='grc' dir='ltr'>συνεργὸν</span> <span class='ocrx_word' id='word_1_107' title='bbox 1157 1570 1219 1622; x_wconf 77' lang='grc' dir='ltr'>τὸ</span> <span class='ocrx_word' id='word_1_108' title='bbox 1256 1568 1412 1623; x_wconf 77' lang='grc' dir='ltr'>Θεῖον</span> <span class='ocrx_word' id='word_1_109' title='bbox 1456 1568 1553 1623; x_wconf 82' lang='grc' dir='ltr'><strong>τοῦ</strong></span> <span class='ocrx_word' id='word_1_110' title='bbox 1602 1568 1966 1639; x_wconf 79' lang='grc' dir='ltr'><strong>προκειμένου</strong></span> 
     </span>
    </p>
   </div>
   <div class='ocr_carea' id='block_1_18' title="bbox 385 1657 1964 1731">
    <p class='ocr_par' dir='ltr' id='par_1_18' title="bbox 385 1657 1964 1731">
     <span class='ocr_line' id='line_1_18' title="bbox 385 1657 1964 1731; baseline -0.001 -18"><span class='ocrx_word' id='word_1_111' title='bbox 385 1659 736 1728; x_wconf 71' lang='grc' dir='ltr'>κτησάμενοι,</span> <span class='ocrx_word' id='word_1_112' title='bbox 770 1657 968 1712; x_wconf 74' lang='grc' dir='ltr'>ἔπειτα</span> <span class='ocrx_word' id='word_1_113' title='bbox 1017 1660 1113 1712; x_wconf 78' lang='grc' dir='ltr'>καὶ</span> <span class='ocrx_word' id='word_1_114' title='bbox 1144 1658 1215 1714; x_wconf 75' lang='grc' dir='ltr'><strong>τὰ</strong></span> <span class='ocrx_word' id='word_1_115' title='bbox 1262 1660 1603 1731; x_wconf 85' lang='grc' dir='ltr'>μοναστήρια</span> <span class='ocrx_word' id='word_1_116' title='bbox 1638 1658 1964 1727; x_wconf 83' lang='grc' dir='ltr'>διελθόντες,</span> 
     </span>
    </p>
   </div>
   <div class='ocr_carea' id='block_1_19' title="bbox 384 1748 1965 1820">
    <p class='ocr_par' dir='ltr' id='par_1_19' title="bbox 384 1748 1965 1820">
     <span class='ocr_line' id='line_1_19' title="bbox 384 1748 1965 1820; baseline -0.002 -16"><span class='ocrx_word' id='word_1_117' title='bbox 384 1749 617 1820; x_wconf 77' lang='grc' dir='ltr'>οὐδαμοῦ</span> <span class='ocrx_word' id='word_1_118' title='bbox 648 1748 744 1802; x_wconf 74' lang='grc' dir='ltr'>τοῦ</span> <span class='ocrx_word' id='word_1_119' title='bbox 788 1748 1127 1818; x_wconf 78' lang='grc' dir='ltr'>ποθουμένου</span> <span class='ocrx_word' id='word_1_120' title='bbox 1174 1749 1492 1820; x_wconf 74' lang='grc' dir='ltr'>ἐτύγχανον,</span> <span class='ocrx_word' id='word_1_121' title='bbox 1530 1748 1659 1803; x_wconf 75' lang='grc' dir='ltr'>οὔτε</span> <span class='ocrx_word' id='word_1_122' title='bbox 1693 1749 1801 1820; x_wconf 83' lang='grc' dir='ltr'>μὴν</span> <span class='ocrx_word' id='word_1_123' title='bbox 1841 1748 1965 1812; x_wconf 80' lang='grc' dir='ltr'>τοὺς</span> 
     </span>
    </p>
   </div>
   <div class='ocr_carea' id='block_1_20' title="bbox 2081 560 3663 648">
    <p class='ocr_par' dir='ltr' id='par_1_20' title="bbox 2081 560 3663 648">
     <span class='ocr_line' id='line_1_20' title="bbox 2081 560 3663 648; baseline 0.012 -34"><span class='ocrx_word' id='word_1_124' title='bbox 2081 560 2406 628; x_wconf 88' lang='lat' dir='ltr'><strong>redimitus,</strong></span> <span class='ocrx_word' id='word_1_125' title='bbox 2473 564 2776 637; x_wconf 82' lang='lat' dir='ltr'><strong>dextraque</strong></span> <span class='ocrx_word' id='word_1_126' title='bbox 2836 584 3057 626; x_wconf 89' lang='lat' dir='ltr'><strong>crucem</strong></span> <span class='ocrx_word' id='word_1_127' title='bbox 3106 571 3439 642; x_wconf 71' lang='lat' dir='ltr'><strong>praeferens,</strong></span> <span class='ocrx_word' id='word_1_128' title='bbox 3491 592 3663 648; x_wconf 86' lang='lat' dir='ltr'><strong>prope</strong></span> 
     </span>
    </p>
   </div>
   <div class='ocr_carea' id='block_1_21' title="bbox 2076 658 3448 730">
    <p class='ocr_par' dir='ltr' id='par_1_21' title="bbox 2076 658 3448 730">
     <span class='ocr_line' id='line_1_21' title="bbox 2076 658 3448 730; baseline 0.009 -22"><span class='ocrx_word' id='word_1_129' title='bbox 2076 663 2420 712; x_wconf 88' lang='lat' dir='ltr'><strong>constratum</strong></span> <span class='ocrx_word' id='word_1_130' title='bbox 2471 658 2538 713; x_wconf 85' lang='lat' dir='ltr'><strong>ad</strong></span> <span class='ocrx_word' id='word_1_131' title='bbox 2567 660 2809 730; x_wconf 86' lang='lat' dir='ltr'><strong>quietem</strong></span> <span class='ocrx_word' id='word_1_132' title='bbox 2843 662 3107 721; x_wconf 87' lang='lat' dir='ltr'><strong>lectulum</strong></span> <span class='ocrx_word' id='word_1_133' title='bbox 3143 667 3448 723; x_wconf 81' lang='lat' dir='ltr'><strong>visebatur.</strong></span> 
     </span>
    </p>
   </div>
   <div class='ocr_carea' id='block_1_22' title="bbox 2152 829 3662 911">
    <p class='ocr_par' dir='ltr' id='par_1_22' title="bbox 2152 829 3662 911">
     <span class='ocr_line' id='line_1_22' title="bbox 2152 829 3662 911; baseline 0.009 -27"><span class='ocrx_word' id='word_1_134' title='bbox 2152 829 2271 885; x_wconf 80' lang='lat' dir='ltr'><strong>XX.</strong></span> <span class='ocrx_word' id='word_1_135' title='bbox 2310 831 2392 886; x_wconf 75' lang='lat' dir='ltr'><strong>Ex</strong></span> <span class='ocrx_word' id='word_1_136' title='bbox 2419 832 2626 902; x_wconf 84' lang='lat' dir='ltr'><strong>quibus</strong></span> <span class='ocrx_word' id='word_1_137' title='bbox 2653 835 2958 893; x_wconf 82' lang='lat' dir='ltr'><strong>cum,ﬁlios</strong></span> <span class='ocrx_word' id='word_1_138' title='bbox 2988 836 3045 892; x_wconf 91' lang='lat' dir='ltr'><strong>in</strong></span> <span class='ocrx_word' id='word_1_139' title='bbox 3072 853 3273 909; x_wconf 84' lang='lat' dir='ltr'><strong>magno</strong></span> <span class='ocrx_word' id='word_1_140' title='bbox 3303 840 3449 911; x_wconf 86' lang='lat' dir='ltr'><strong>apud</strong></span> <span class='ocrx_word' id='word_1_141' title='bbox 3488 841 3662 897; x_wconf 90' lang='lat' dir='ltr'><strong>Deum</strong></span> 
     </span>
    </p>
   </div>
   <div class='ocr_carea' id='block_1_23' title="bbox 2079 922 3663 999">
    <p class='ocr_par' dir='ltr' id='par_1_23' title="bbox 2079 922 3663 999">
     <span class='ocr_line' id='line_1_23' title="bbox 2079 922 3663 999; baseline 0.006 -22"><span class='ocrx_word' id='word_1_142' title='bbox 2079 922 2291 977; x_wconf 80' lang='lat' dir='ltr'><strong>honore</strong></span> <span class='ocrx_word' id='word_1_143' title='bbox 2314 925 2523 978; x_wconf 90' lang='lat' dir='ltr'><strong>versari</strong></span> <span class='ocrx_word' id='word_1_144' title='bbox 2550 924 2937 995; x_wconf 85' lang='lat' dir='ltr'><strong>intelligerent,</strong></span> <span class='ocrx_word' id='word_1_145' title='bbox 2960 942 3198 999; x_wconf 88' lang='lat' dir='ltr'><strong>cumque</strong></span> <span class='ocrx_word' id='word_1_146' title='bbox 3218 930 3407 985; x_wconf 84' lang='lat' dir='ltr'><strong>divino</strong></span> <span class='ocrx_word' id='word_1_147' title='bbox 3432 947 3663 988; x_wconf 89' lang='lat' dir='ltr'><strong>munere</strong></span> 
     </span>
    </p>
   </div>
   <div class='ocr_carea' id='block_1_24' title="bbox 2080 1010 3664 1091">
    <p class='ocr_par' dir='ltr' id='par_1_24' title="bbox 2080 1010 3664 1091">
     <span class='ocr_line' id='line_1_24' title="bbox 2080 1010 3664 1091; baseline 0.009 -24"><span class='ocrx_word' id='word_1_148' title='bbox 2080 1027 2179 1067; x_wconf 89' lang='lat' dir='ltr'><strong>eos</strong></span> <span class='ocrx_word' id='word_1_149' title='bbox 2215 1010 2612 1085; x_wconf 82' lang='lat' dir='ltr'><strong>Hierosolymis</strong></span> <span class='ocrx_word' id='word_1_150' title='bbox 2665 1015 2867 1087; x_wconf 83' lang='lat' dir='ltr'><strong>degere</strong></span> <span class='ocrx_word' id='word_1_151' title='bbox 2920 1019 3057 1074; x_wconf 85' lang='lat' dir='ltr'><strong>satis</strong></span> <span class='ocrx_word' id='word_1_152' title='bbox 3114 1022 3512 1091; x_wconf 87' lang='lat' dir='ltr'><strong>perspicerent,</strong></span> <span class='ocrx_word' id='word_1_153' title='bbox 3572 1042 3664 1081; x_wconf 88' lang='lat' dir='ltr'><strong>res</strong></span> 
     </span>
    </p>
   </div>
   <div class='ocr_carea' id='block_1_25' title="bbox 2077 1104 3664 1186">
    <p class='ocr_par' dir='ltr' id='par_1_25' title="bbox 2077 1104 3664 1186">
     <span class='ocr_line' id='line_1_25' title="bbox 2077 1104 3664 1186; baseline 0.009 -30"><span class='ocrx_word' id='word_1_154' title='bbox 2077 1110 2306 1158; x_wconf 70' lang='lat' dir='ltr'><strong>caeteras</strong></span> <span class='ocrx_word' id='word_1_155' title='bbox 2332 1119 2432 1159; x_wconf 87' lang='lat' dir='ltr'><strong>ceu</strong></span> <span class='ocrx_word' id='word_1_156' title='bbox 2479 1104 2724 1161; x_wconf 80' lang='lat' dir='ltr'><strong>minores</strong></span> <span class='ocrx_word' id='word_1_157' title='bbox 2751 1109 3046 1178; x_wconf 83' lang='lat' dir='ltr'><strong>aspernati,</strong></span> <span class='ocrx_word' id='word_1_158' title='bbox 3080 1122 3664 1186; x_wconf 73' lang='lat' dir='ltr'><strong>sumptaque,quanta</strong></span> 
     </span>
    </p>
   </div>
   <div class='ocr_carea' id='block_1_26' title="bbox 2077 1191 3666 1273">
    <p class='ocr_par' dir='ltr' id='par_1_26' title="bbox 2077 1191 3666 1273">
     <span class='ocr_line' id='line_1_26' title="bbox 2077 1191 3666 1273; baseline 0.009 -28"><span class='ocrx_word' id='word_1_159' title='bbox 2077 1191 2146 1246; x_wconf 84' lang='lat' dir='ltr'><strong>ad</strong></span> <span class='ocrx_word' id='word_1_160' title='bbox 2172 1192 2430 1246; x_wconf 85' lang='lat' dir='ltr'><strong>solatium</strong></span> <span class='ocrx_word' id='word_1_161' title='bbox 2467 1202 2526 1250; x_wconf 85' lang='lat' dir='ltr'><strong>et</strong></span> <span class='ocrx_word' id='word_1_162' title='bbox 2561 1195 2811 1250; x_wconf 79' lang='lat' dir='ltr'><strong>levamen</strong></span> <span class='ocrx_word' id='word_1_163' title='bbox 2852 1197 3078 1267; x_wconf 89' lang='lat' dir='ltr'><strong>inopum</strong></span> <span class='ocrx_word' id='word_1_164' title='bbox 3110 1213 3250 1269; x_wconf 92' lang='lat' dir='ltr'><strong>opus</strong></span> <span class='ocrx_word' id='word_1_165' title='bbox 3290 1211 3459 1266; x_wconf 80' lang='lat' dir='ltr'><strong>esset,</strong></span> <span class='ocrx_word' id='word_1_166' title='bbox 3495 1219 3666 1273; x_wconf 86' lang='lat' dir='ltr'><strong>pecu-</strong></span> 
     </span>
    </p>
   </div>
   <div class='ocr_carea' id='block_1_27' title="bbox 2076 1284 3664 1367">
    <p class='ocr_par' dir='ltr' id='par_1_27' title="bbox 2076 1284 3664 1367">
     <span class='ocr_line' id='line_1_27' title="bbox 2076 1284 3664 1367; baseline 0.007 -27"><span class='ocrx_word' id='word_1_167' title='bbox 2076 1284 2191 1350; x_wconf 85' lang='lat' dir='ltr'><strong>nia,</strong></span> <span class='ocrx_word' id='word_1_168' title='bbox 2228 1286 2283 1339; x_wconf 91' lang='lat' dir='ltr'><strong>in</strong></span> <span class='ocrx_word' id='word_1_169' title='bbox 2310 1287 2456 1341; x_wconf 85' lang='lat' dir='ltr'><strong>viam</strong></span> <span class='ocrx_word' id='word_1_170' title='bbox 2490 1302 2559 1343; x_wconf 84' lang='lat' dir='ltr'><strong>eo</strong></span> <span class='ocrx_word' id='word_1_171' title='bbox 2585 1288 2854 1346; x_wconf 85' lang='lat' dir='ltr'><strong>ferentem</strong></span> <span class='ocrx_word' id='word_1_172' title='bbox 2891 1305 2950 1345; x_wconf 91' lang='lat' dir='ltr'><strong>se</strong></span> <span class='ocrx_word' id='word_1_173' title='bbox 2984 1293 3277 1348; x_wconf 86' lang='lat' dir='ltr'><strong>dederunt.</strong></span> <span class='ocrx_word' id='word_1_174' title='bbox 3305 1294 3426 1361; x_wconf 88' lang='lat' dir='ltr'><strong>Quo</strong></span> <span class='ocrx_word' id='word_1_175' title='bbox 3448 1305 3511 1351; x_wconf 91' lang='lat' dir='ltr'><strong>ut</strong></span> <span class='ocrx_word' id='word_1_176' title='bbox 3536 1310 3664 1367; x_wconf 84' lang='lat' dir='ltr'><strong>per-</strong></span> 
     </span>
    </p>
   </div>
   <div class='ocr_carea' id='block_1_28' title="bbox 2077 1382 3668 1462">
    <p class='ocr_par' dir='ltr' id='par_1_28' title="bbox 2077 1382 3668 1462">
     <span class='ocr_line' id='line_1_28' title="bbox 2077 1382 3668 1462; baseline 0.008 -28"><span class='ocrx_word' id='word_1_177' title='bbox 2077 1390 2303 1434; x_wconf 76' lang='lat' dir='ltr'><strong>ventum</strong></span> <span class='ocrx_word' id='word_1_178' title='bbox 2336 1391 2441 1447; x_wconf 87' lang='lat' dir='ltr'><strong>est,</strong></span> <span class='ocrx_word' id='word_1_179' title='bbox 2467 1382 2878 1441; x_wconf 89' lang='lat' dir='ltr'><strong>circumeuntes</strong></span> <span class='ocrx_word' id='word_1_180' title='bbox 2912 1385 3032 1441; x_wconf 91' lang='lat' dir='ltr'><strong>loca</strong></span> <span class='ocrx_word' id='word_1_181' title='bbox 3066 1402 3244 1456; x_wconf 88' lang='lat' dir='ltr'><strong>sacra,</strong></span> <span class='ocrx_word' id='word_1_182' title='bbox 3280 1390 3445 1445; x_wconf 88' lang='lat' dir='ltr'><strong>simul</strong></span> <span class='ocrx_word' id='word_1_183' title='bbox 3481 1390 3668 1462; x_wconf 86' lang='lat' dir='ltr'><strong>preci-</strong></span> 
     </span>
    </p>
   </div>
   <div class='ocr_carea' id='block_1_29' title="bbox 2077 1471 3666 1551">
    <p class='ocr_par' dir='ltr' id='par_1_29' title="bbox 2077 1471 3666 1551">
     <span class='ocr_line' id='line_1_29' title="bbox 2077 1471 3666 1551; baseline 0.009 -25"><span class='ocrx_word' id='word_1_184' title='bbox 2077 1471 2203 1539; x_wconf 91' lang='lat' dir='ltr'><strong>bus,</strong></span> <span class='ocrx_word' id='word_1_185' title='bbox 2238 1473 2403 1529; x_wconf 89' lang='lat' dir='ltr'><strong>simul</strong></span> <span class='ocrx_word' id='word_1_186' title='bbox 2442 1475 2718 1546; x_wconf 80' lang='lat' dir='ltr'><strong>largitioni</strong></span> <span class='ocrx_word' id='word_1_187' title='bbox 2771 1494 2996 1550; x_wconf 84' lang='lat' dir='ltr'><strong>operam</strong></span> <span class='ocrx_word' id='word_1_188' title='bbox 3047 1481 3264 1551; x_wconf 85' lang='lat' dir='ltr'><strong>dantes,</strong></span> <span class='ocrx_word' id='word_1_189' title='bbox 3313 1502 3452 1541; x_wconf 91' lang='lat' dir='ltr'><strong>auro</strong></span> <span class='ocrx_word' id='word_1_190' title='bbox 3512 1487 3666 1543; x_wconf 80' lang='lat' dir='ltr'><strong>velut</strong></span> 
     </span>
    </p>
   </div>
   <div class='ocr_carea' id='block_1_30' title="bbox 2076 1565 3664 1644">
    <p class='ocr_par' dir='ltr' id='par_1_30' title="bbox 2076 1565 3664 1644">
     <span class='ocr_line' id='line_1_30' title="bbox 2076 1565 3664 1644; baseline 0.01 -28"><span class='ocrx_word' id='word_1_191' title='bbox 2076 1572 2384 1633; x_wconf 66' lang='lat' dir='ltr'><strong>ereptorum</strong></span> <span class='ocrx_word' id='word_1_192' title='bbox 2418 1565 2683 1623; x_wconf 86' lang='lat' dir='ltr'><strong>divinitus</strong></span> <span class='ocrx_word' id='word_1_193' title='bbox 2714 1582 2946 1639; x_wconf 88' lang='lat' dir='ltr'><strong>operum</strong></span> <span class='ocrx_word' id='word_1_194' title='bbox 2976 1569 3231 1642; x_wconf 85' lang='lat' dir='ltr'><strong>adjutore</strong></span> <span class='ocrx_word' id='word_1_195' title='bbox 3255 1575 3515 1644; x_wconf 80' lang='lat' dir='ltr'><strong>praeclare</strong></span> <span class='ocrx_word' id='word_1_196' title='bbox 3540 1583 3664 1631; x_wconf 84' lang='lat' dir='ltr'><strong>ute-</strong></span> 
     </span>
    </p>
   </div>
   <div class='ocr_carea' id='block_1_31' title="bbox 2077 1651 3662 1737">
    <p class='ocr_par' dir='ltr' id='par_1_31' title="bbox 2077 1651 3662 1737">
     <span class='ocr_line' id='line_1_31' title="bbox 2077 1651 3662 1737; baseline 0.011 -31"><span class='ocrx_word' id='word_1_197' title='bbox 2077 1651 2302 1711; x_wconf 87' lang='lat' dir='ltr'><strong>bantur.</strong></span> <span class='ocrx_word' id='word_1_198' title='bbox 2357 1655 2490 1711; x_wconf 86' lang='lat' dir='ltr'><strong>lnde</strong></span> <span class='ocrx_word' id='word_1_199' title='bbox 2539 1656 2607 1712; x_wconf 88' lang='lat' dir='ltr'><strong>ad</strong></span> <span class='ocrx_word' id='word_1_200' title='bbox 2667 1663 3004 1716; x_wconf 83' lang='lat' dir='ltr'><strong>monasteria</strong></span> <span class='ocrx_word' id='word_1_201' title='bbox 3063 1662 3343 1734; x_wconf 90' lang='lat' dir='ltr'><strong>digressi,</strong></span> <span class='ocrx_word' id='word_1_202' title='bbox 3390 1682 3662 1737; x_wconf 88' lang='lat' dir='ltr'><strong>nusquam</strong></span> 
     </span>
    </p>
   </div>
   <div class='ocr_carea' id='block_1_32' title="bbox 2075 1746 3662 1826">
    <p class='ocr_par' dir='ltr' id='par_1_32' title="bbox 2075 1746 3662 1826">
     <span class='ocr_line' id='line_1_32' title="bbox 2075 1746 3662 1826; baseline 0.01 -26"><span class='ocrx_word' id='word_1_203' title='bbox 2075 1747 2222 1818; x_wconf 86' lang='lat' dir='ltr'><strong>quod</strong></span> <span class='ocrx_word' id='word_1_204' title='bbox 2257 1746 2649 1805; x_wconf 87' lang='lat' dir='ltr'><strong>desiderabant</strong></span> <span class='ocrx_word' id='word_1_205' title='bbox 2690 1755 2997 1820; x_wconf 88' lang='lat' dir='ltr'><strong>consecuti,</strong></span> <span class='ocrx_word' id='word_1_206' title='bbox 3031 1757 3379 1826; x_wconf 89' lang='lat' dir='ltr'><strong>optatissimo</strong></span> <span class='ocrx_word' id='word_1_207' title='bbox 3403 1769 3662 1816; x_wconf 89' lang='lat' dir='ltr'><strong>natorum</strong></span> 
     </span>
    </p>
   </div>
   <div class='ocr_carea' id='block_1_33' title="bbox 382 1830 1974 1915">
    <p class='ocr_par' dir='ltr' id='par_1_33' title="bbox 382 1836 1970 1915">
     <span class='ocr_line' id='line_1_33' title="bbox 382 1836 1970 1915; baseline 0 -22"><span class='ocrx_word' id='word_1_208' title='bbox 382 1841 577 1903; x_wconf 78' lang='grc' dir='ltr'>παῖδας</span> <span class='ocrx_word' id='word_1_209' title='bbox 601 1840 730 1904; x_wconf 78' lang='grc' dir='ltr'>τοὺς</span> <span class='ocrx_word' id='word_1_210' title='bbox 773 1839 984 1915; x_wconf 74' lang='grc' dir='ltr'>ἑαυτῶν</span> <span class='ocrx_word' id='word_1_211' title='bbox 1028 1836 1176 1910; x_wconf 84' lang='grc' dir='ltr'>εἶχον</span> <span class='ocrx_word' id='word_1_212' title='bbox 1213 1841 1365 1896; x_wconf 83' lang='grc' dir='ltr'>ἰδεῖν.</span> <span class='ocrx_word' id='word_1_213' title='bbox 1411 1839 1698 1895; x_wconf 78' lang='grc' dir='ltr'>Ἐντεῦθεν</span> <span class='ocrx_word' id='word_1_214' title='bbox 1747 1841 1776 1893; x_wconf 84' lang='grc' dir='ltr'><strong>ό</strong></span> <span class='ocrx_word' id='word_1_215' title='bbox 1807 1839 1970 1905; x_wconf 85' lang='grc' dir='ltr'>πόθος</span> 
     </span>
    </p>
   </div>
   <div class='ocr_carea' id='block_1_34' title="bbox 2079 1830 3663 1915">
    <p class='ocr_par' dir='ltr' id='par_1_34' title="bbox 2079 1837 3663 1915">
     <span class='ocr_line' id='line_1_34' title="bbox 2079 1837 3663 1915; baseline 0.009 -25"><span class='ocrx_word' id='word_1_216' title='bbox 2079 1845 2377 1907; x_wconf 87' lang='lat' dir='ltr'><strong>conspectu</strong></span> <span class='ocrx_word' id='word_1_217' title='bbox 2420 1837 2854 1897; x_wconf 79' lang='lat' dir='ltr'><strong>frustrabantur.</strong></span> <span class='ocrx_word' id='word_1_218' title='bbox 2883 1844 3040 1901; x_wconf 88' lang='lat' dir='ltr'><strong>Unde</strong></span> <span class='ocrx_word' id='word_1_219' title='bbox 3073 1856 3129 1901; x_wconf 92' lang='lat' dir='ltr'><strong>et</strong></span> <span class='ocrx_word' id='word_1_220' title='bbox 3166 1846 3429 1903; x_wconf 81' lang='lat' dir='ltr'><strong>desiderii</strong></span> <span class='ocrx_word' id='word_1_221' title='bbox 3455 1850 3663 1915; x_wconf 88' lang='lat' dir='ltr'><strong>fervor,</strong></span> 
     </span>
    </p>
   </div>
   <div class='ocr_carea' id='block_1_35' title="bbox 380 1931 1968 2003">
    <p class='ocr_par' dir='ltr' id='par_1_35' title="bbox 380 1931 1968 2003">
     <span class='ocr_line' id='line_1_35' title="bbox 380 1931 1968 2003; baseline 0.001 -19"><span class='ocrx_word' id='word_1_222' title='bbox 380 1932 565 1995; x_wconf 67' lang='grc' dir='ltr'>αὐτοῖς</span> <span class='ocrx_word' id='word_1_223' title='bbox 619 1932 951 2003; x_wconf 72' lang='grc' dir='ltr'>θερμότερος</span> <span class='ocrx_word' id='word_1_224' title='bbox 998 1931 1354 2002; x_wconf 63' lang='grc' dir='ltr'>ἀνεῳλέγετο,</span> <span class='ocrx_word' id='word_1_225' title='bbox 1410 1936 1476 2003; x_wconf 79' lang='grc' dir='ltr'>τῇ</span> <span class='ocrx_word' id='word_1_226' title='bbox 1527 1934 1837 2003; x_wconf 85' lang='grc' dir='ltr'>παρατάσει</span> <span class='ocrx_word' id='word_1_227' title='bbox 1872 1931 1968 1986; x_wconf 85' lang='grc' dir='ltr'>τοῦ</span> 
     </span>
    </p>
   </div>
   <div class='ocr_carea' id='block_1_36' title="bbox 381 2020 1973 2097">
    <p class='ocr_par' dir='ltr' id='par_1_36' title="bbox 381 2020 1973 2097">
     <span class='ocr_line' id='line_1_36' title="bbox 381 2020 1973 2097; baseline 0.001 -20"><span class='ocrx_word' id='word_1_228' title='bbox 381 2025 577 2095; x_wconf 87' lang='grc' dir='ltr'>χρόνου</span> <span class='ocrx_word' id='word_1_229' title='bbox 626 2024 877 2094; x_wconf 81' lang='grc' dir='ltr'>κρυφίως</span> <span class='ocrx_word' id='word_1_230' title='bbox 924 2025 1389 2097; x_wconf 80' lang='grc' dir='ltr'>ὑποτρεφόμενος.</span> <span class='ocrx_word' id='word_1_231' title='bbox 1424 2020 1552 2079; x_wconf 76' lang='grc' dir='ltr'><strong>Οἶον</strong></span> <span class='ocrx_word' id='word_1_232' title='bbox 1581 2024 1691 2097; x_wconf 84' lang='grc' dir='ltr'><strong>γὰρ</strong></span> <span class='ocrx_word' id='word_1_233' title='bbox 1732 2025 1795 2079; x_wconf 83' lang='grc' dir='ltr'>τὸ</span> <span class='ocrx_word' id='word_1_234' title='bbox 1840 2027 1973 2080; x_wconf 76' lang='grc' dir='ltr'>ἰδεῖν</span> 
     </span>
    </p>
   </div>
   <div class='ocr_carea' id='block_1_37' title="bbox 382 2112 1970 2184">
    <p class='ocr_par' dir='ltr' id='par_1_37' title="bbox 382 2112 1970 2184">
     <span class='ocr_line' id='line_1_37' title="bbox 382 2112 1970 2184; baseline 0.002 -17"><span class='ocrx_word' id='word_1_235' title='bbox 382 2114 439 2167; x_wconf 76' lang='grc' dir='ltr'>ὲν</span> <span class='ocrx_word' id='word_1_236' title='bbox 458 2114 592 2179; x_wconf 79' lang='grc' dir='ltr'>ζῶσι</span> <span class='ocrx_word' id='word_1_237' title='bbox 611 2114 776 2168; x_wconf 81' lang='grc' dir='ltr'>τέκνα</span> <span class='ocrx_word' id='word_1_238' title='bbox 802 2115 871 2168; x_wconf 79' lang='grc' dir='ltr'><strong>τὰ</strong></span> <span class='ocrx_word' id='word_1_239' title='bbox 895 2112 1039 2168; x_wconf 73' lang='grc' dir='ltr'>οὕτω</span> <span class='ocrx_word' id='word_1_240' title='bbox 1063 2114 1316 2184; x_wconf 80' lang='grc' dir='ltr'>φίλτατα,</span> <span class='ocrx_word' id='word_1_241' title='bbox 1346 2114 1520 2177; x_wconf 83' lang='grc' dir='ltr'>οὓτως</span> <span class='ocrx_word' id='word_1_242' title='bbox 1541 2115 1970 2182; x_wconf 84' lang='grc' dir='ltr'>ἁπελπισθέντα,</span> 
     </span>
    </p>
   </div>
   <div class='ocr_carea' id='block_1_38' title="bbox 380 2205 1862 2279">
    <p class='ocr_par' dir='ltr' id='par_1_38' title="bbox 380 2205 1862 2279">
     <span class='ocr_line' id='line_1_38' title="bbox 380 2205 1862 2279; baseline -0.001 -17"><span class='ocrx_word' id='word_1_243' title='bbox 380 2206 479 2262; x_wconf 80' lang='grc' dir='ltr'>καὶ</span> <span class='ocrx_word' id='word_1_244' title='bbox 509 2206 664 2278; x_wconf 82' lang='grc' dir='ltr'>παρὰ</span> <span class='ocrx_word' id='word_1_245' title='bbox 694 2205 815 2278; x_wconf 82' lang='grc' dir='ltr'>Θεῷ</span> <span class='ocrx_word' id='word_1_246' title='bbox 840 2206 1101 2279; x_wconf 83' lang='grc' dir='ltr'>τοιαύτης</span> <span class='ocrx_word' id='word_1_247' title='bbox 1119 2206 1356 2278; x_wconf 85' lang='grc' dir='ltr'>τύχοντα</span> <span class='ocrx_word' id='word_1_248' title='bbox 1380 2210 1482 2278; x_wconf 80' lang='grc' dir='ltr'>τῆς</span> <span class='ocrx_word' id='word_1_249' title='bbox 1509 2207 1862 2270; x_wconf 85' lang='grc' dir='ltr'>οἰκειώσεως.</span> 
     </span>
    </p>
   </div>
   <div class='ocr_carea' id='block_1_39' title="bbox 455 2381 1973 2448">
    <p class='ocr_par' dir='ltr' id='par_1_39' title="bbox 455 2381 1973 2448">
     <span class='ocr_line' id='line_1_39' title="bbox 455 2381 1973 2448; baseline 0.001 -12"><span class='ocrx_word' id='word_1_250' title='bbox 455 2381 589 2438; x_wconf 82' lang='lat' dir='ltr'><strong>KA&#39;.</strong></span> <span class='ocrx_word' id='word_1_251' title='bbox 630 2381 742 2437; x_wconf 75' lang='grc' dir='ltr'><strong>Ἐνὶ</strong></span> <span class='ocrx_word' id='word_1_252' title='bbox 790 2382 847 2436; x_wconf 77' lang='grc' dir='ltr'>δὲ</span> <span class='ocrx_word' id='word_1_253' title='bbox 878 2382 1184 2437; x_wconf 85' lang='grc' dir='ltr'>συναντῶσι</span> <span class='ocrx_word' id='word_1_254' title='bbox 1223 2383 1334 2438; x_wconf 86' lang='grc' dir='ltr'><strong>τῶν</strong></span> <span class='ocrx_word' id='word_1_255' title='bbox 1367 2382 1621 2448; x_wconf 74' lang='grc' dir='ltr'>οἰκετῶν,</span> <span class='ocrx_word' id='word_1_256' title='bbox 1644 2384 1694 2437; x_wconf 82' lang='grc' dir='ltr'>οἳ</span> <span class='ocrx_word' id='word_1_257' title='bbox 1723 2386 1818 2438; x_wconf 78' lang='grc' dir='ltr'>καὶ</span> <span class='ocrx_word' id='word_1_258' title='bbox 1849 2400 1973 2437; x_wconf 86' lang='grc' dir='ltr'>συν-</span> 
     </span>
    </p>
   </div>
   <div class='ocr_carea' id='block_1_40' title="bbox 383 2474 1972 2549">
    <p class='ocr_par' dir='ltr' id='par_1_40' title="bbox 383 2474 1972 2549">
     <span class='ocr_line' id='line_1_40' title="bbox 383 2474 1972 2549; baseline 0.003 -21"><span class='ocrx_word' id='word_1_259' title='bbox 383 2474 655 2545; x_wconf 79' lang='grc' dir='ltr'>απόδημοι</span> <span class='ocrx_word' id='word_1_260' title='bbox 707 2476 818 2535; x_wconf 83' lang='grc' dir='ltr'><strong>τοῖ;</strong></span> <span class='ocrx_word' id='word_1_261' title='bbox 851 2474 1076 2529; x_wconf 78' lang='grc' dir='ltr'>ἐκείνων</span> <span class='ocrx_word' id='word_1_262' title='bbox 1117 2476 1276 2528; x_wconf 78' lang='grc' dir='ltr'>παισὶ</span> <span class='ocrx_word' id='word_1_263' title='bbox 1317 2475 1642 2546; x_wconf 78' lang='grc' dir='ltr'>ἐτύγχανον,</span> <span class='ocrx_word' id='word_1_264' title='bbox 1700 2479 1972 2549; x_wconf 72' lang='grc' dir='ltr'>μοναχικὰ</span> 
     </span>
    </p>
   </div>
   <div class='ocr_carea' id='block_1_41' title="bbox 387 2566 1970 2638">
    <p class='ocr_par' dir='ltr' id='par_1_41' title="bbox 387 2566 1970 2638">
     <span class='ocr_line' id='line_1_41' title="bbox 387 2566 1970 2638; baseline 0.003 -19"><span class='ocrx_word' id='word_1_265' title='bbox 387 2566 868 2638; x_wconf 84' lang='grc' dir='ltr'>περιϐεϐλημένῳ,</span> <span class='ocrx_word' id='word_1_266' title='bbox 898 2566 957 2621; x_wconf 83' lang='grc' dir='ltr'>ὃν</span> <span class='ocrx_word' id='word_1_267' title='bbox 987 2568 1082 2620; x_wconf 77' lang='grc' dir='ltr'>καὶ</span> <span class='ocrx_word' id='word_1_268' title='bbox 1109 2566 1219 2621; x_wconf 79' lang='grc' dir='ltr'><strong>ἀπὸ</strong></span> <span class='ocrx_word' id='word_1_269' title='bbox 1247 2566 1345 2638; x_wconf 84' lang='grc' dir='ltr'>τῆς</span> <span class='ocrx_word' id='word_1_270' title='bbox 1376 2568 1593 2638; x_wconf 78' lang='grc' dir='ltr'>μορφῆς</span> <span class='ocrx_word' id='word_1_271' title='bbox 1620 2568 1970 2637; x_wconf 78' lang='grc' dir='ltr'>ἀναγνόντες,</span> 
     </span>
    </p>
   </div>
   <div class='ocr_carea' id='block_1_42' title="bbox 386 2658 1973 2730">
    <p class='ocr_par' dir='ltr' id='par_1_42' title="bbox 386 2658 1973 2730">
     <span class='ocr_line' id='line_1_42' title="bbox 386 2658 1973 2730; baseline 0.001 -17"><span class='ocrx_word' id='word_1_272' title='bbox 386 2661 489 2713; x_wconf 76' lang='grc' dir='ltr'>καὶ</span> <span class='ocrx_word' id='word_1_273' title='bbox 544 2659 618 2730; x_wconf 81' lang='grc' dir='ltr'>μὴ</span> <span class='ocrx_word' id='word_1_274' title='bbox 666 2658 852 2712; x_wconf 77' lang='grc' dir='ltr'>δοῦλον</span> <span class='ocrx_word' id='word_1_275' title='bbox 883 2658 1002 2722; x_wconf 82' lang='grc' dir='ltr'>νῦν,</span> <span class='ocrx_word' id='word_1_276' title='bbox 1037 2658 1154 2712; x_wconf 65' lang='grc' dir='ltr'>ἀλλ’</span> <span class='ocrx_word' id='word_1_277' title='bbox 1178 2658 1468 2730; x_wconf 79' lang='grc' dir='ltr'>ὁμόδουλον</span> <span class='ocrx_word' id='word_1_278' title='bbox 1517 2658 1752 2725; x_wconf 79' lang='grc' dir='ltr'>ἑαυτῶν,</span> <span class='ocrx_word' id='word_1_279' title='bbox 1804 2660 1838 2730; x_wconf 80' lang='grc' dir='ltr'><strong>ἢ</strong></span> <span class='ocrx_word' id='word_1_280' title='bbox 1878 2663 1973 2715; x_wconf 80' lang='grc' dir='ltr'>καὶ</span> 
     </span>
    </p>
   </div>
   <div class='ocr_carea' id='block_1_43' title="bbox 386 2744 1973 2822">
    <p class='ocr_par' dir='ltr' id='par_1_43' title="bbox 386 2744 1973 2822">
     <span class='ocr_line' id='line_1_43' title="bbox 386 2744 1973 2822; baseline 0.001 -19"><span class='ocrx_word' id='word_1_281' title='bbox 386 2750 709 2821; x_wconf 84' lang='grc' dir='ltr'>τιμιώτερον</span> <span class='ocrx_word' id='word_1_282' title='bbox 743 2744 884 2802; x_wconf 80' lang='grc' dir='ltr'>εἶναι</span> <span class='ocrx_word' id='word_1_283' title='bbox 932 2751 1242 2821; x_wconf 81' lang='grc' dir='ltr'>κρίναντες,</span> <span class='ocrx_word' id='word_1_284' title='bbox 1281 2748 1442 2802; x_wconf 84' lang='grc' dir='ltr'>τοῦτο</span> <span class='ocrx_word' id='word_1_285' title='bbox 1476 2752 1574 2820; x_wconf 84' lang='grc' dir='ltr'>μὲν</span> <span class='ocrx_word' id='word_1_286' title='bbox 1604 2749 1684 2821; x_wconf 81' lang='grc' dir='ltr'>τῷ</span> <span class='ocrx_word' id='word_1_287' title='bbox 1732 2756 1973 2822; x_wconf 79' lang='grc' dir='ltr'>σχήματι</span> 
     </span>
    </p>
   </div>
   <div class='ocr_carea' id='block_1_44' title="bbox 388 2840 1974 2914">
    <p class='ocr_par' dir='ltr' id='par_1_44' title="bbox 388 2840 1974 2914">
     <span class='ocr_line' id='line_1_44' title="bbox 388 2840 1974 2914; baseline 0 -18"><span class='ocrx_word' id='word_1_288' title='bbox 388 2843 487 2912; x_wconf 78' lang='grc' dir='ltr'>τῆς</span> <span class='ocrx_word' id='word_1_289' title='bbox 511 2840 827 2913; x_wconf 82' lang='grc' dir='ltr'>περιϐολῆς,</span> <span class='ocrx_word' id='word_1_290' title='bbox 859 2842 1022 2895; x_wconf 83' lang='grc' dir='ltr'>τοῦτο</span> <span class='ocrx_word' id='word_1_291' title='bbox 1051 2842 1107 2895; x_wconf 82' lang='grc' dir='ltr'>δὲ</span> <span class='ocrx_word' id='word_1_292' title='bbox 1138 2845 1234 2896; x_wconf 70' lang='grc' dir='ltr'>καὶ</span> <span class='ocrx_word' id='word_1_293' title='bbox 1262 2841 1340 2913; x_wconf 83' lang='grc' dir='ltr'>τῷ</span> <span class='ocrx_word' id='word_1_294' title='bbox 1386 2841 1635 2914; x_wconf 86' lang='grc' dir='ltr'>περιόντι</span> <span class='ocrx_word' id='word_1_295' title='bbox 1662 2842 1762 2913; x_wconf 81' lang='grc' dir='ltr'>τῆς</span> <span class='ocrx_word' id='word_1_296' title='bbox 1793 2842 1974 2896; x_wconf 82' lang='grc' dir='ltr'>αὐτῶν</span> 
     </span>
    </p>
   </div>
   <div class='ocr_carea' id='block_1_45' title="bbox 395 2932 1974 3006">
    <p class='ocr_par' dir='ltr' id='par_1_45' title="bbox 395 2932 1974 3006">
     <span class='ocr_line' id='line_1_45' title="bbox 395 2932 1974 3006; baseline -0.001 -19"><span class='ocrx_word' id='word_1_297' title='bbox 395 2934 881 3005; x_wconf 69' lang='grc' dir='ltr'>μετριοφροσύνης,</span> <span class='ocrx_word' id='word_1_298' title='bbox 914 2934 1044 3002; x_wconf 87' lang='grc' dir='ltr'>γόνυ</span> <span class='ocrx_word' id='word_1_299' title='bbox 1076 2932 1382 2997; x_wconf 84' lang='grc' dir='ltr'>κλίναντες,</span> <span class='ocrx_word' id='word_1_300' title='bbox 1418 2934 1791 3006; x_wconf 84' lang='grc' dir='ltr'>προσκύνησιν</span> <span class='ocrx_word' id='word_1_301' title='bbox 1824 2933 1974 3003; x_wconf 82' lang='grc' dir='ltr'>αὐτῷ</span> 
     </span>
    </p>
   </div>
   <div class='ocr_carea' id='block_1_46' title="bbox 392 3024 1975 3097">
    <p class='ocr_par' dir='ltr' id='par_1_46' title="bbox 392 3024 1975 3097">
     <span class='ocr_line' id='line_1_46' title="bbox 392 3024 1975 3097; baseline -0.002 -16"><span class='ocrx_word' id='word_1_302' title='bbox 392 3027 634 3089; x_wconf 82' lang='grc' dir='ltr'>εὐλαϐῶς</span> <span class='ocrx_word' id='word_1_303' title='bbox 661 3028 962 3096; x_wconf 72' lang='grc' dir='ltr'>προσῆγον.</span> <span class='ocrx_word' id='word_1_304' title='bbox 991 3025 1097 3080; x_wconf 81' lang='grc' dir='ltr'><strong>Τοῦ</strong></span> <span class='ocrx_word' id='word_1_305' title='bbox 1119 3027 1176 3079; x_wconf 84' lang='grc' dir='ltr'>δὲ</span> <span class='ocrx_word' id='word_1_306' title='bbox 1194 3024 1562 3097; x_wconf 83' lang='grc' dir='ltr'>βαρυνομένου</span> <span class='ocrx_word' id='word_1_307' title='bbox 1585 3029 1652 3096; x_wconf 86' lang='grc' dir='ltr'><strong>τῇ</strong></span> <span class='ocrx_word' id='word_1_308' title='bbox 1679 3026 1779 3094; x_wconf 80' lang='grc' dir='ltr'>τῆς</span> <span class='ocrx_word' id='word_1_309' title='bbox 1808 3026 1975 3097; x_wconf 84' lang='grc' dir='ltr'>τιμῆς</span> 
     </span>
    </p>
   </div>
   <div class='ocr_carea' id='block_1_47' title="bbox 388 3116 1971 3190">
    <p class='ocr_par' dir='ltr' id='par_1_47' title="bbox 388 3116 1971 3190">
     <span class='ocr_line' id='line_1_47' title="bbox 388 3116 1971 3190; baseline -0.003 -17"><span class='ocrx_word' id='word_1_310' title='bbox 388 3116 645 3190; x_wconf 71' lang='grc' dir='ltr'>ἀμετρίᾳ,</span> <span class='ocrx_word' id='word_1_311' title='bbox 673 3119 750 3173; x_wconf 74' lang='grc' dir='ltr'><strong>Οὐ</strong></span> <span class='ocrx_word' id='word_1_312' title='bbox 784 3121 865 3172; x_wconf 82' lang='grc' dir='ltr'><strong>σοὶ</strong></span> <span class='ocrx_word' id='word_1_313' title='bbox 891 3119 1069 3184; x_wconf 86' lang='grc' dir='ltr'>τοῦτο,</span> <span class='ocrx_word' id='word_1_314' title='bbox 1100 3120 1129 3172; x_wconf 87' lang='grc' dir='ltr'><strong>ό</strong></span> <span class='ocrx_word' id='word_1_315' title='bbox 1161 3117 1302 3181; x_wconf 88' lang='grc' dir='ltr'>θεῖος</span> <span class='ocrx_word' id='word_1_316' title='bbox 1337 3118 1673 3189; x_wconf 79' lang='grc' dir='ltr'>ἀπεκρίνατο</span> <span class='ocrx_word' id='word_1_317' title='bbox 1699 3116 1971 3186; x_wconf 81' lang='grc' dir='ltr'>Ξενοφῶν,</span> 
     </span>
    </p>
   </div>
   <div class='ocr_carea' id='block_1_48' title="bbox 2076 1928 3663 2000">
    <p class='ocr_par' dir='ltr' id='par_1_48' title="bbox 2076 1928 3663 2000">
     <span class='ocr_line' id='line_1_48' title="bbox 2076 1928 3663 2000; baseline 0.009 -20"><span class='ocrx_word' id='word_1_318' title='bbox 2076 1941 2231 1982; x_wconf 85' lang='lat' dir='ltr'><strong>mora</strong></span> <span class='ocrx_word' id='word_1_319' title='bbox 2265 1928 2531 1999; x_wconf 87' lang='lat' dir='ltr'><strong>temporis</strong></span> <span class='ocrx_word' id='word_1_320' title='bbox 2545 1931 2763 1988; x_wconf 90' lang='lat' dir='ltr'><strong>occulte</strong></span> <span class='ocrx_word' id='word_1_321' title='bbox 2788 1934 3057 2000; x_wconf 89' lang='lat' dir='ltr'><strong>nutritus,</strong></span> <span class='ocrx_word' id='word_1_322' title='bbox 3082 1937 3467 1993; x_wconf 79' lang='lat' dir='ltr'><strong>vehementius</strong></span> <span class='ocrx_word' id='word_1_323' title='bbox 3500 1954 3663 1995; x_wconf 81' lang='lat' dir='ltr'><strong>exar-</strong></span> 
     </span>
    </p>
   </div>
   <div class='ocr_carea' id='block_1_49' title="bbox 2076 2020 3667 2101">
    <p class='ocr_par' dir='ltr' id='par_1_49' title="bbox 2076 2020 3667 2101">
     <span class='ocr_line' id='line_1_49' title="bbox 2076 2020 3667 2101; baseline 0.009 -26"><span class='ocrx_word' id='word_1_324' title='bbox 2076 2020 2357 2077; x_wconf 88' lang='lat' dir='ltr'><strong>descebat.</strong></span> <span class='ocrx_word' id='word_1_325' title='bbox 2408 2023 2554 2090; x_wconf 91' lang='lat' dir='ltr'><strong>Quid</strong></span> <span class='ocrx_word' id='word_1_326' title='bbox 2587 2025 2735 2079; x_wconf 87' lang='lat' dir='ltr'><strong>enim</strong></span> <span class='ocrx_word' id='word_1_327' title='bbox 2774 2026 3220 2097; x_wconf 90' lang='lat' dir='ltr'><strong>desiderabilius,</strong></span> <span class='ocrx_word' id='word_1_328' title='bbox 3250 2046 3416 2101; x_wconf 89' lang='lat' dir='ltr'><strong>quam</strong></span> <span class='ocrx_word' id='word_1_329' title='bbox 3459 2031 3667 2090; x_wconf 87' lang='lat' dir='ltr'><strong>liberos</strong></span> 
     </span>
    </p>
   </div>
   <div class='ocr_carea' id='block_1_50' title="bbox 2078 2112 3663 2194">
    <p class='ocr_par' dir='ltr' id='par_1_50' title="bbox 2078 2112 3663 2194">
     <span class='ocr_line' id='line_1_50' title="bbox 2078 2112 3663 2194; baseline 0.01 -29"><span class='ocrx_word' id='word_1_330' title='bbox 2078 2119 2186 2165; x_wconf 84' lang='lat' dir='ltr'><strong>tam</strong></span> <span class='ocrx_word' id='word_1_331' title='bbox 2223 2112 2444 2178; x_wconf 87' lang='lat' dir='ltr'><strong>charos,</strong></span> <span class='ocrx_word' id='word_1_332' title='bbox 2478 2122 2697 2186; x_wconf 87' lang='lat' dir='ltr'><strong>tamque</strong></span> <span class='ocrx_word' id='word_1_333' title='bbox 2744 2126 2898 2174; x_wconf 81' lang='lat' dir='ltr'><strong>extra</strong></span> <span class='ocrx_word' id='word_1_334' title='bbox 2952 2134 3106 2190; x_wconf 90' lang='lat' dir='ltr'><strong>spem</strong></span> <span class='ocrx_word' id='word_1_335' title='bbox 3157 2120 3383 2179; x_wconf 80' lang='lat' dir='ltr'><strong>videndi</strong></span> <span class='ocrx_word' id='word_1_336' title='bbox 3430 2124 3663 2194; x_wconf 85' lang='lat' dir='ltr'><strong>positos,</strong></span> 
     </span>
    </p>
   </div>
   <div class='ocr_carea' id='block_1_51' title="bbox 2078 2205 3664 2287">
    <p class='ocr_par' dir='ltr' id='par_1_51' title="bbox 2078 2205 3664 2287">
     <span class='ocr_line' id='line_1_51' title="bbox 2078 2205 3664 2287; baseline 0.011 -32"><span class='ocrx_word' id='word_1_337' title='bbox 2078 2210 2339 2274; x_wconf 88' lang='lat' dir='ltr'><strong>tantaque</strong></span> <span class='ocrx_word' id='word_1_338' title='bbox 2376 2219 2408 2258; x_wconf 90' lang='lat' dir='ltr'><strong>a</strong></span> <span class='ocrx_word' id='word_1_339' title='bbox 2442 2205 2556 2261; x_wconf 88' lang='lat' dir='ltr'><strong>Deo</strong></span> <span class='ocrx_word' id='word_1_340' title='bbox 2576 2206 2921 2279; x_wconf 81' lang='lat' dir='ltr'><strong>benignitate</strong></span> <span class='ocrx_word' id='word_1_341' title='bbox 2947 2221 3219 2275; x_wconf 84' lang='lat' dir='ltr'><strong>servatos.</strong></span> <span class='ocrx_word' id='word_1_342' title='bbox 3250 2213 3434 2269; x_wconf 88' lang='lat' dir='ltr'><strong>adhuc</strong></span> <span class='ocrx_word' id='word_1_343' title='bbox 3463 2229 3664 2287; x_wconf 86' lang='lat' dir='ltr'><strong>super-</strong></span> 
     </span>
    </p>
   </div>
   <div class='ocr_carea' id='block_1_52' title="bbox 2075 2293 2506 2350">
    <p class='ocr_par' dir='ltr' id='par_1_52' title="bbox 2075 2293 2506 2350">
     <span class='ocr_line' id='line_1_52' title="bbox 2075 2293 2506 2350; baseline 0 -2"><span class='ocrx_word' id='word_1_344' title='bbox 2075 2293 2233 2349; x_wconf 86' lang='lat' dir='ltr'><strong>stites</strong></span> <span class='ocrx_word' id='word_1_345' title='bbox 2265 2294 2506 2350; x_wconf 86' lang='lat' dir='ltr'><strong>intueri?</strong></span> 
     </span>
    </p>
   </div>
   <div class='ocr_carea' id='block_1_53' title="bbox 2142 2381 3663 2467">
    <p class='ocr_par' dir='ltr' id='par_1_53' title="bbox 2142 2381 3663 2467">
     <span class='ocr_line' id='line_1_53' title="bbox 2142 2381 3663 2467; baseline 0.01 -30"><span class='ocrx_word' id='word_1_346' title='bbox 2142 2381 2292 2438; x_wconf 75' lang='lat' dir='ltr'><strong>XXI.</strong></span> <span class='ocrx_word' id='word_1_347' title='bbox 2326 2385 2457 2440; x_wconf 90' lang='lat' dir='ltr'><strong>Post</strong></span> <span class='ocrx_word' id='word_1_348' title='bbox 2483 2385 2601 2442; x_wconf 81' lang='lat' dir='ltr'><strong>haec</strong></span> <span class='ocrx_word' id='word_1_349' title='bbox 2623 2386 2679 2442; x_wconf 91' lang='lat' dir='ltr'><strong>in</strong></span> <span class='ocrx_word' id='word_1_350' title='bbox 2709 2389 3009 2459; x_wconf 88' lang='lat' dir='ltr'><strong>quemdam</strong></span> <span class='ocrx_word' id='word_1_351' title='bbox 3037 2407 3104 2448; x_wconf 81' lang='lat' dir='ltr'><strong>ex</strong></span> <span class='ocrx_word' id='word_1_352' title='bbox 3132 2392 3378 2461; x_wconf 82' lang='lat' dir='ltr'><strong>famulis,</strong></span> <span class='ocrx_word' id='word_1_353' title='bbox 3409 2395 3505 2467; x_wconf 90' lang='lat' dir='ltr'><strong>qui</strong></span> <span class='ocrx_word' id='word_1_354' title='bbox 3538 2412 3663 2453; x_wconf 91' lang='lat' dir='ltr'><strong>cum</strong></span> 
     </span>
    </p>
   </div>
   <div class='ocr_carea' id='block_1_54' title="bbox 2077 2477 3666 2549">
    <p class='ocr_par' dir='ltr' id='par_1_54' title="bbox 2077 2477 3666 2549">
     <span class='ocr_line' id='line_1_54' title="bbox 2077 2477 3666 2549; baseline 0.009 -17"><span class='ocrx_word' id='word_1_355' title='bbox 2077 2477 2205 2535; x_wconf 82' lang='lat' dir='ltr'><strong>ﬁliis</strong></span> <span class='ocrx_word' id='word_1_356' title='bbox 2237 2479 2387 2535; x_wconf 87' lang='lat' dir='ltr'><strong>foras</strong></span> <span class='ocrx_word' id='word_1_357' title='bbox 2420 2483 2722 2549; x_wconf 86' lang='lat' dir='ltr'><strong>profectus,</strong></span> <span class='ocrx_word' id='word_1_358' title='bbox 2760 2484 2857 2539; x_wconf 88' lang='lat' dir='ltr'><strong>sed</strong></span> <span class='ocrx_word' id='word_1_359' title='bbox 2898 2501 3049 2542; x_wconf 90' lang='lat' dir='ltr'><strong>nunc</strong></span> <span class='ocrx_word' id='word_1_360' title='bbox 3105 2487 3297 2544; x_wconf 85' lang='lat' dir='ltr'><strong>habitu</strong></span> <span class='ocrx_word' id='word_1_361' title='bbox 3357 2493 3666 2548; x_wconf 88' lang='lat' dir='ltr'><strong>monastico</strong></span> 
     </span>
    </p>
   </div>
   <div class='ocr_carea' id='block_1_55' title="bbox 2078 2569 3662 2655">
    <p class='ocr_par' dir='ltr' id='par_1_55' title="bbox 2078 2569 3662 2655">
     <span class='ocr_line' id='line_1_55' title="bbox 2078 2569 3662 2655; baseline 0.009 -31"><span class='ocrx_word' id='word_1_362' title='bbox 2078 2569 2306 2626; x_wconf 88' lang='lat' dir='ltr'><strong>indutus</strong></span> <span class='ocrx_word' id='word_1_363' title='bbox 2339 2583 2481 2638; x_wconf 83' lang='lat' dir='ltr'><strong>erat,</strong></span> <span class='ocrx_word' id='word_1_364' title='bbox 2509 2574 2840 2643; x_wconf 88' lang='lat' dir='ltr'><strong>incidentes,</strong></span> <span class='ocrx_word' id='word_1_365' title='bbox 2866 2592 2993 2632; x_wconf 90' lang='lat' dir='ltr'><strong>eum</strong></span> <span class='ocrx_word' id='word_1_366' title='bbox 3030 2594 3098 2633; x_wconf 82' lang='lat' dir='ltr'><strong>ex</strong></span> <span class='ocrx_word' id='word_1_367' title='bbox 3148 2579 3323 2636; x_wconf 86' lang='lat' dir='ltr'><strong>forma</strong></span> <span class='ocrx_word' id='word_1_368' title='bbox 3355 2584 3662 2655; x_wconf 84' lang='lat' dir='ltr'><strong>cognitum,</strong></span> 
     </span>
    </p>
   </div>
   <div class='ocr_carea' id='block_1_56' title="bbox 2072 2660 3731 2736">
    <p class='ocr_par' dir='ltr' id='par_1_56' title="bbox 2072 2660 3731 2736">
     <span class='ocr_line' id='line_1_56' title="bbox 2072 2660 3731 2736; baseline 0.011 -24"><span class='ocrx_word' id='word_1_369' title='bbox 2072 2660 2297 2730; x_wconf 88' lang='lat' dir='ltr'><strong>jamque</strong></span> <span class='ocrx_word' id='word_1_370' title='bbox 2332 2677 2441 2716; x_wconf 89' lang='lat' dir='ltr'><strong>non</strong></span> <span class='ocrx_word' id='word_1_371' title='bbox 2470 2670 2530 2717; x_wconf 88' lang='lat' dir='ltr'><strong>ut</strong></span> <span class='ocrx_word' id='word_1_372' title='bbox 2552 2679 2797 2729; x_wconf 83' lang='lat' dir='ltr'><strong>servum,</strong></span> <span class='ocrx_word' id='word_1_373' title='bbox 2835 2667 2933 2722; x_wconf 89' lang='lat' dir='ltr'><strong>sed</strong></span> <span class='ocrx_word' id='word_1_374' title='bbox 2974 2674 3037 2722; x_wconf 91' lang='lat' dir='ltr'><strong>ut</strong></span> <span class='ocrx_word' id='word_1_375' title='bbox 3072 2683 3424 2736; x_wconf 85' lang='lat' dir='ltr'><strong>conservum,</strong></span> <span class='ocrx_word' id='word_1_376' title='bbox 3479 2681 3574 2728; x_wconf 88' lang='lat' dir='ltr'><strong>aut</strong></span> <span class='ocrx_word' id='word_1_377' title='bbox 3605 2682 3668 2730; x_wconf 85' lang='lat' dir='ltr'><strong>ut</strong></span> <span class='ocrx_word' id='word_1_378' title='bbox 3714 2698 3731 2703; x_wconf 82' lang='lat'><strong><em>-</em></strong></span> 
     </span>
    </p>
   </div>
   <div class='ocr_carea' id='block_1_57' title="bbox 2077 2751 3667 2825">
    <p class='ocr_par' dir='ltr' id='par_1_57' title="bbox 2077 2751 3667 2825">
     <span class='ocr_line' id='line_1_57' title="bbox 2077 2751 3667 2825; baseline 0.01 -19"><span class='ocrx_word' id='word_1_379' title='bbox 2077 2751 2386 2822; x_wconf 79' lang='lat' dir='ltr'><strong>digniorem</strong></span> <span class='ocrx_word' id='word_1_380' title='bbox 2413 2756 2577 2809; x_wconf 89' lang='lat' dir='ltr'><strong>etiam</strong></span> <span class='ocrx_word' id='word_1_381' title='bbox 2610 2764 2926 2825; x_wconf 88' lang='lat' dir='ltr'><strong>tractantes,</strong></span> <span class='ocrx_word' id='word_1_382' title='bbox 2989 2769 3105 2815; x_wconf 88' lang='lat' dir='ltr'><strong>tum</strong></span> <span class='ocrx_word' id='word_1_383' title='bbox 3158 2777 3328 2818; x_wconf 73' lang='lat' dir='ltr'><strong>sacrae</strong></span> <span class='ocrx_word' id='word_1_384' title='bbox 3362 2765 3529 2819; x_wconf 78' lang='lat' dir='ltr'><strong>vestis</strong></span> <span class='ocrx_word' id='word_1_385' title='bbox 3567 2780 3667 2822; x_wconf 80' lang='lat' dir='ltr'><strong>ve-</strong></span> 
     </span>
    </p>
   </div>
   <div class='ocr_carea' id='block_1_58' title="bbox 2078 2846 3666 2926">
    <p class='ocr_par' dir='ltr' id='par_1_58' title="bbox 2078 2846 3666 2926">
     <span class='ocr_line' id='line_1_58' title="bbox 2078 2846 3666 2926; baseline 0.009 -28"><span class='ocrx_word' id='word_1_386' title='bbox 2078 2846 2386 2911; x_wconf 87' lang='lat' dir='ltr'><strong>neratione,</strong></span> <span class='ocrx_word' id='word_1_387' title='bbox 2422 2855 2536 2901; x_wconf 92' lang='lat' dir='ltr'><strong>tum</strong></span> <span class='ocrx_word' id='word_1_388' title='bbox 2574 2848 2844 2904; x_wconf 85' lang='lat' dir='ltr'><strong>modestia</strong></span> <span class='ocrx_word' id='word_1_389' title='bbox 2906 2865 3005 2906; x_wconf 90' lang='lat' dir='ltr'><strong>sua</strong></span> <span class='ocrx_word' id='word_1_390' title='bbox 3054 2851 3293 2908; x_wconf 82' lang='lat' dir='ltr'><strong>maxima</strong></span> <span class='ocrx_word' id='word_1_391' title='bbox 3328 2853 3576 2926; x_wconf 90' lang='lat' dir='ltr'><strong>impulsi,</strong></span> <span class='ocrx_word' id='word_1_392' title='bbox 3604 2856 3666 2913; x_wconf 88' lang='lat' dir='ltr'><strong>in</strong></span> 
     </span>
    </p>
   </div>
   <div class='ocr_carea' id='block_1_59' title="bbox 2081 2937 3664 3016">
    <p class='ocr_par' dir='ltr' id='par_1_59' title="bbox 2081 2937 3664 3016">
     <span class='ocr_line' id='line_1_59' title="bbox 2081 2937 3664 3016; baseline 0.009 -26"><span class='ocrx_word' id='word_1_393' title='bbox 2081 2952 2261 3007; x_wconf 87' lang='lat' dir='ltr'><strong>genua</strong></span> <span class='ocrx_word' id='word_1_394' title='bbox 2297 2937 2523 3007; x_wconf 85' lang='lat' dir='ltr'><strong>abjecti,</strong></span> <span class='ocrx_word' id='word_1_395' title='bbox 2565 2940 2819 3010; x_wconf 84' lang='lat' dir='ltr'><strong>religiosa</strong></span> <span class='ocrx_word' id='word_1_396' title='bbox 2867 2940 3190 2998; x_wconf 87' lang='lat' dir='ltr'><strong>adoratione</strong></span> <span class='ocrx_word' id='word_1_397' title='bbox 3228 2956 3664 3016; x_wconf 89' lang='lat' dir='ltr'><strong>prosequuntur.</strong></span> 
     </span>
    </p>
   </div>
   <div class='ocr_carea' id='block_1_60' title="bbox 2078 3027 3667 3105">
    <p class='ocr_par' dir='ltr' id='par_1_60' title="bbox 2078 3027 3667 3105">
     <span class='ocr_line' id='line_1_60' title="bbox 2078 3027 3667 3105; baseline 0.008 -23"><span class='ocrx_word' id='word_1_398' title='bbox 2078 3027 2252 3096; x_wconf 83' lang='lat' dir='ltr'><strong>Quem</strong></span> <span class='ocrx_word' id='word_1_399' title='bbox 2292 3028 2522 3085; x_wconf 87' lang='lat' dir='ltr'><strong>honoris</strong></span> <span class='ocrx_word' id='word_1_400' title='bbox 2546 3045 2835 3087; x_wconf 79' lang='lat' dir='ltr'><strong>excessum</strong></span> <span class='ocrx_word' id='word_1_401' title='bbox 2867 3048 2992 3088; x_wconf 88' lang='lat' dir='ltr'><strong>cum</strong></span> <span class='ocrx_word' id='word_1_402' title='bbox 3052 3033 3144 3090; x_wconf 89' lang='lat' dir='ltr'><strong>ille</strong></span> <span class='ocrx_word' id='word_1_403' title='bbox 3166 3050 3276 3090; x_wconf 89' lang='lat' dir='ltr'><strong>non</strong></span> <span class='ocrx_word' id='word_1_404' title='bbox 3329 3036 3518 3105; x_wconf 84' lang='lat' dir='ltr'><strong>ferret,</strong></span> <span class='ocrx_word' id='word_1_405' title='bbox 3541 3038 3667 3095; x_wconf 89' lang='lat' dir='ltr'><strong>Non</strong></span> 
     </span>
    </p>
   </div>
   <div class='ocr_carea' id='block_1_61' title="bbox 2079 3119 3666 3201">
    <p class='ocr_par' dir='ltr' id='par_1_61' title="bbox 2079 3119 3666 3201">
     <span class='ocr_line' id='line_1_61' title="bbox 2079 3119 3666 3201; baseline 0.011 -28"><span class='ocrx_word' id='word_1_406' title='bbox 2079 3119 2203 3184; x_wconf 92' lang='lat' dir='ltr'><strong>tibi,</strong></span> <span class='ocrx_word' id='word_1_407' title='bbox 2226 3120 2408 3190; x_wconf 78' lang='lat' dir='ltr'><strong>inquit.</strong></span> <span class='ocrx_word' id='word_1_408' title='bbox 2429 3120 2653 3179; x_wconf 85' lang='lat' dir='ltr'><strong>divinus</strong></span> <span class='ocrx_word' id='word_1_409' title='bbox 2682 3123 3016 3195; x_wconf 75' lang='lat' dir='ltr'><strong>XenOphon,</strong></span> <span class='ocrx_word' id='word_1_410' title='bbox 3052 3127 3150 3183; x_wconf 87' lang='lat' dir='ltr'><strong>sed</strong></span> <span class='ocrx_word' id='word_1_411' title='bbox 3186 3130 3411 3186; x_wconf 82' lang='lat' dir='ltr'><strong>vestitui</strong></span> <span class='ocrx_word' id='word_1_412' title='bbox 3451 3142 3569 3201; x_wconf 89' lang='lat' dir='ltr'><strong>tuo,</strong></span> <span class='ocrx_word' id='word_1_413' title='bbox 3599 3148 3666 3191; x_wconf 89' lang='lat' dir='ltr'><strong>ac</strong></span> 
     </span>
    </p>
   </div>
   <div class='ocr_carea' id='block_1_62' title="bbox 387 3196 1974 3287">
    <p class='ocr_par' dir='ltr' id='par_1_62' title="bbox 387 3206 1973 3283">
     <span class='ocr_line' id='line_1_62' title="bbox 387 3206 1973 3283; baseline -0.002 -19"><span class='ocrx_word' id='word_1_414' title='bbox 387 3211 524 3264; x_wconf 80' lang='grc' dir='ltr'>ἀλλὰ</span> <span class='ocrx_word' id='word_1_415' title='bbox 553 3211 632 3283; x_wconf 81' lang='grc' dir='ltr'><strong>τῷ</strong></span> <span class='ocrx_word' id='word_1_416' title='bbox 672 3212 917 3281; x_wconf 84' lang='grc' dir='ltr'>σχήματι</span> <span class='ocrx_word' id='word_1_417' title='bbox 954 3208 1033 3279; x_wconf 85' lang='grc' dir='ltr'>τῷ</span> <span class='ocrx_word' id='word_1_418' title='bbox 1068 3209 1148 3281; x_wconf 79' lang='grc' dir='ltr'><strong>σῷ</strong></span> <span class='ocrx_word' id='word_1_419' title='bbox 1181 3209 1278 3262; x_wconf 79' lang='grc' dir='ltr'>καὶ</span> <span class='ocrx_word' id='word_1_420' title='bbox 1315 3207 1394 3280; x_wconf 80' lang='grc' dir='ltr'>τῷ</span> <span class='ocrx_word' id='word_1_421' title='bbox 1443 3208 1539 3263; x_wconf 77' lang='grc' dir='ltr'>καὶ</span> <span class='ocrx_word' id='word_1_422' title='bbox 1575 3210 1643 3280; x_wconf 78' lang='grc' dir='ltr'><strong>τῇ</strong></span> <span class='ocrx_word' id='word_1_423' title='bbox 1692 3206 1764 3261; x_wconf 85' lang='grc' dir='ltr'><strong>δι’</strong></span> <span class='ocrx_word' id='word_1_424' title='bbox 1807 3206 1973 3262; x_wconf 78' lang='grc' dir='ltr'>αὐτοῦ</span> 
     </span>
    </p>
   </div>
   <div class='ocr_carea' id='block_1_63' title="bbox 2079 3196 3668 3287">
    <p class='ocr_par' dir='ltr' id='par_1_63' title="bbox 2080 3196 3668 3287">
     <span class='ocr_line' id='line_1_63' title="bbox 2080 3196 3668 3287; baseline 0.009 -21"><span class='ocrx_word' id='word_1_425' title='bbox 2080 3211 2281 3267; x_wconf 66' lang='lat' dir='ltr'><strong>divinae</strong></span> <span class='ocrx_word' id='word_1_426' title='bbox 2311 3213 2707 3271; x_wconf 83' lang='lat' dir='ltr'><strong>familiaritatis</strong></span> <span class='ocrx_word' id='word_1_427' title='bbox 2734 3215 2936 3285; x_wconf 86' lang='lat' dir='ltr'><strong>sigillo,</strong></span> <span class='ocrx_word' id='word_1_428' title='bbox 2972 3218 3120 3287; x_wconf 89' lang='lat' dir='ltr'><strong>quod</strong></span> <span class='ocrx_word' id='word_1_429' title='bbox 3166 3219 3392 3279; x_wconf 85' lang='lat' dir='ltr'><strong>habitus</strong></span> <span class='ocrx_word' id='word_1_430' title='bbox 3432 3196 3668 3281; x_wconf 84' lang='lat' dir='ltr'><strong>isteim-</strong></span> 
     </span>
    </p>
   </div>
   <div class='ocr_carea' id='block_1_64' title="bbox 390 3298 1523 3375">
    <p class='ocr_par' dir='ltr' id='par_1_64' title="bbox 390 3298 1523 3375">
     <span class='ocr_line' id='line_1_64' title="bbox 390 3298 1523 3375; baseline -0.004 -18"><span class='ocrx_word' id='word_1_431' title='bbox 390 3304 646 3375; x_wconf 83' lang='grc' dir='ltr'>σφραγῖδι</span> <span class='ocrx_word' id='word_1_432' title='bbox 671 3304 772 3372; x_wconf 82' lang='grc' dir='ltr'>τῆς</span> <span class='ocrx_word' id='word_1_433' title='bbox 801 3302 940 3372; x_wconf 83' lang='grc' dir='ltr'>πρὸς</span> <span class='ocrx_word' id='word_1_434' title='bbox 984 3302 1119 3356; x_wconf 83' lang='grc' dir='ltr'>Θεὸν</span> <span class='ocrx_word' id='word_1_435' title='bbox 1169 3298 1523 3363; x_wconf 76' lang='grc' dir='ltr'>οἱκειώσεως.</span> 
     </span>
    </p>
   </div>
   <div class='ocr_carea' id='block_1_65' title="bbox 465 3392 1974 3465">
    <p class='ocr_par' dir='ltr' id='par_1_65' title="bbox 465 3392 1974 3465">
     <span class='ocr_line' id='line_1_65' title="bbox 465 3392 1974 3465; baseline -0.002 -16"><span class='ocrx_word' id='word_1_436' title='bbox 465 3395 592 3452; x_wconf 81' lang='lat' dir='ltr'><strong>KB’.</strong></span> <span class='ocrx_word' id='word_1_437' title='bbox 647 3396 802 3450; x_wconf 72' lang='grc' dir='ltr'>Ἐπεὶ</span> <span class='ocrx_word' id='word_1_438' title='bbox 831 3396 890 3450; x_wconf 82' lang='grc' dir='ltr'>δὲ</span> <span class='ocrx_word' id='word_1_439' title='bbox 912 3397 1006 3451; x_wconf 76' lang='grc' dir='ltr'><strong>καὶ</strong></span> <span class='ocrx_word' id='word_1_440' title='bbox 1026 3395 1422 3465; x_wconf 84' lang='grc' dir='ltr'>πυνθανόμενοι</span> <span class='ocrx_word' id='word_1_441' title='bbox 1442 3410 1508 3447; x_wconf 84' lang='grc' dir='ltr'><strong>πε</strong></span> <span class='ocrx_word' id='word_1_442' title='bbox 1518 3392 1573 3465; x_wconf 76' lang='lat' dir='ltr'><strong>pl.</strong></span> <span class='ocrx_word' id='word_1_443' title='bbox 1609 3392 1720 3447; x_wconf 88' lang='grc' dir='ltr'><strong>τῶν</strong></span> <span class='ocrx_word' id='word_1_444' title='bbox 1742 3393 1974 3462; x_wconf 82' lang='grc' dir='ltr'>παίδων,</span> 
     </span>
    </p>
   </div>
   <div class='ocr_carea' id='block_1_66' title="bbox 390 3485 1978 3562">
    <p class='ocr_par' dir='ltr' id='par_1_66' title="bbox 390 3485 1978 3562">
     <span class='ocr_line' id='line_1_66' title="bbox 390 3485 1978 3562; baseline -0.003 -15"><span class='ocrx_word' id='word_1_445' title='bbox 390 3493 541 3547; x_wconf 75' lang='grc' dir='ltr'>οὐδὲν</span> <span class='ocrx_word' id='word_1_446' title='bbox 563 3492 724 3546; x_wconf 85' lang='grc' dir='ltr'>πλέον</span> <span class='ocrx_word' id='word_1_447' title='bbox 753 3485 899 3561; x_wconf 81' lang='grc' dir='ltr'>εἶχον</span> <span class='ocrx_word' id='word_1_448' title='bbox 927 3490 1138 3561; x_wconf 78' lang='grc' dir='ltr'>μαθεῖν,</span> <span class='ocrx_word' id='word_1_449' title='bbox 1167 3491 1250 3543; x_wconf 84' lang='grc' dir='ltr'><strong>δτι</strong></span> <span class='ocrx_word' id='word_1_450' title='bbox 1277 3489 1351 3562; x_wconf 76' lang='grc' dir='ltr'>μὴ</span> <span class='ocrx_word' id='word_1_451' title='bbox 1378 3489 1447 3543; x_wconf 78' lang='grc' dir='ltr'><strong>τὰ</strong></span> <span class='ocrx_word' id='word_1_452' title='bbox 1475 3490 1534 3542; x_wconf 81' lang='grc' dir='ltr'>ἐν</span> <span class='ocrx_word' id='word_1_453' title='bbox 1566 3487 1812 3560; x_wconf 78' lang='grc' dir='ltr'>θαλάσσῃ</span> <span class='ocrx_word' id='word_1_454' title='bbox 1840 3488 1978 3559; x_wconf 88' lang='grc' dir='ltr'>μόνα</span> 
     </span>
    </p>
   </div>
   <div class='ocr_carea' id='block_1_67' title="bbox 392 3580 1973 3657">
    <p class='ocr_par' dir='ltr' id='par_1_67' title="bbox 392 3580 1973 3657">
     <span class='ocr_line' id='line_1_67' title="bbox 392 3580 1973 3657; baseline -0.004 -17"><span class='ocrx_word' id='word_1_455' title='bbox 392 3586 678 3657; x_wconf 79' lang='grc' dir='ltr'>συμϐάντα</span> <span class='ocrx_word' id='word_1_456' title='bbox 702 3586 870 3657; x_wconf 82' lang='grc' dir='ltr'>(ὅπως</span> <span class='ocrx_word' id='word_1_457' title='bbox 892 3584 1015 3656; x_wconf 77' lang='grc' dir='ltr'>’γὰρ</span> <span class='ocrx_word' id='word_1_458' title='bbox 1043 3584 1200 3637; x_wconf 75' lang='grc' dir='ltr'>αὐτοὶ</span> <span class='ocrx_word' id='word_1_459' title='bbox 1227 3581 1593 3652; x_wconf 82' lang='grc' dir='ltr'>διεσώθησαν,</span> <span class='ocrx_word' id='word_1_460' title='bbox 1621 3580 1739 3652; x_wconf 75' lang='grc' dir='ltr'>ᾔδει</span> <span class='ocrx_word' id='word_1_461' title='bbox 1764 3583 1973 3643; x_wconf 72' lang='grc' dir='ltr'>ἐκεῖνος</span> 
     </span>
    </p>
   </div>
   <div class='ocr_carea' id='block_1_68' title="bbox 390 3674 1974 3750">
    <p class='ocr_par' dir='ltr' id='par_1_68' title="bbox 390 3674 1974 3750">
     <span class='ocr_line' id='line_1_68' title="bbox 390 3674 1974 3750; baseline -0.004 -17"><span class='ocrx_word' id='word_1_462' title='bbox 390 3678 662 3733; x_wconf 78' lang='grc' dir='ltr'>οὐδοτιοῦν</span> <span class='ocrx_word' id='word_1_463' title='bbox 678 3677 720 3750; x_wconf 92' lang='grc'>),</span> <span class='ocrx_word' id='word_1_464' title='bbox 782 3679 844 3731; x_wconf 82' lang='grc' dir='ltr'>οὐ</span> <span class='ocrx_word' id='word_1_465' title='bbox 878 3677 1031 3748; x_wconf 69' lang='grc' dir='ltr'>παρὰ</span> <span class='ocrx_word' id='word_1_466' title='bbox 1061 3677 1221 3730; x_wconf 83' lang='grc' dir='ltr'>τοῦτο</span> <span class='ocrx_word' id='word_1_467' title='bbox 1267 3675 1634 3748; x_wconf 79' lang='grc' dir='ltr'>ρᾳθυμότεροι</span> <span class='ocrx_word' id='word_1_468' title='bbox 1660 3674 1974 3743; x_wconf 77' lang='grc' dir='ltr'>γεγόνασιν,</span> 
     </span>
    </p>
   </div>
   <div class='ocr_carea' id='block_1_69' title="bbox 391 3764 1977 3839">
    <p class='ocr_par' dir='ltr' id='par_1_69' title="bbox 391 3764 1977 3839">
     <span class='ocr_line' id='line_1_69' title="bbox 391 3764 1977 3839; baseline -0.004 -16"><span class='ocrx_word' id='word_1_469' title='bbox 391 3770 666 3839; x_wconf 77' lang='grc' dir='ltr'>ούδὲδκνῳ</span> <span class='ocrx_word' id='word_1_470' title='bbox 687 3769 780 3822; x_wconf 80' lang='grc' dir='ltr'>τὸν</span> <span class='ocrx_word' id='word_1_471' title='bbox 796 3768 959 3824; x_wconf 87' lang='grc' dir='ltr'>πόθον</span> <span class='ocrx_word' id='word_1_472' title='bbox 986 3767 1289 3839; x_wconf 83' lang='grc' dir='ltr'>ῆμϐλυναν,</span> <span class='ocrx_word' id='word_1_473' title='bbox 1307 3766 1422 3820; x_wconf 73' lang='grc' dir='ltr'>ἀλλ’</span> <span class='ocrx_word' id='word_1_474' title='bbox 1438 3765 1521 3820; x_wconf 70' lang='grc' dir='ltr'>ἔτι</span> <span class='ocrx_word' id='word_1_475' title='bbox 1544 3766 1744 3836; x_wconf 78' lang='grc' dir='ltr'>μᾶλλον</span> <span class='ocrx_word' id='word_1_476' title='bbox 1760 3769 1827 3836; x_wconf 79' lang='grc' dir='ltr'><strong>τῇ</strong></span> <span class='ocrx_word' id='word_1_477' title='bbox 1848 3764 1977 3835; x_wconf 74' lang='grc' dir='ltr'>περὶ</span> 
     </span>
    </p>
   </div>
   <div class='ocr_carea' id='block_1_70' title="bbox 393 3857 1973 3933">
    <p class='ocr_par' dir='ltr' id='par_1_70' title="bbox 393 3857 1973 3933">
     <span class='ocr_line' id='line_1_70' title="bbox 393 3857 1973 3933; baseline -0.006 -16"><span class='ocrx_word' id='word_1_478' title='bbox 393 3865 517 3927; x_wconf 72' lang='grc' dir='ltr'>τοὺς</span> <span class='ocrx_word' id='word_1_479' title='bbox 567 3864 767 3926; x_wconf 87' lang='grc' dir='ltr'>παῖδας</span> <span class='ocrx_word' id='word_1_480' title='bbox 818 3860 1086 3933; x_wconf 72' lang='grc' dir='ltr'>ἐπιθυμία</span> <span class='ocrx_word' id='word_1_481' title='bbox 1135 3860 1204 3914; x_wconf 82' lang='grc' dir='ltr'><strong>τὰ</strong></span> <span class='ocrx_word' id='word_1_482' title='bbox 1249 3858 1535 3929; x_wconf 86' lang='grc' dir='ltr'>σπλάγχνα</span> <span class='ocrx_word' id='word_1_483' title='bbox 1576 3857 1973 3927; x_wconf 80' lang='grc' dir='ltr'>διακαιόμενοι,</span> 
     </span>
    </p>
   </div>
   <div class='ocr_carea' id='block_1_71' title="bbox 395 3946 1976 4026">
    <p class='ocr_par' dir='ltr' id='par_1_71' title="bbox 395 3946 1976 4026">
     <span class='ocr_line' id='line_1_71' title="bbox 395 3946 1976 4026; baseline -0.004 -19"><span class='ocrx_word' id='word_1_484' title='bbox 395 3955 623 4026; x_wconf 69' lang='grc' dir='ltr'>ἐρεύνης</span> <span class='ocrx_word' id='word_1_485' title='bbox 657 3954 890 4025; x_wconf 73' lang='grc' dir='ltr'>εἴχοντο.</span> <span class='ocrx_word' id='word_1_486' title='bbox 924 3952 1091 4016; x_wconf 81' lang='grc' dir='ltr'>Δόξαν</span> <span class='ocrx_word' id='word_1_487' title='bbox 1117 3946 1211 4004; x_wconf 81' lang='grc' dir='ltr'><strong>οὖν</strong></span> <span class='ocrx_word' id='word_1_488' title='bbox 1236 3952 1443 4014; x_wconf 83' lang='grc' dir='ltr'>αὐτοῖς,</span> <span class='ocrx_word' id='word_1_489' title='bbox 1478 3950 1576 4004; x_wconf 76' lang='grc' dir='ltr'>καὶ</span> <span class='ocrx_word' id='word_1_490' title='bbox 1622 3953 1749 4020; x_wconf 73' lang='grc' dir='ltr'>περὶ</span> <span class='ocrx_word' id='word_1_491' title='bbox 1778 3948 1849 4002; x_wconf 82' lang='grc' dir='ltr'>τὰ</span> <span class='ocrx_word' id='word_1_492' title='bbox 1880 3946 1976 4002; x_wconf 81' lang='grc' dir='ltr'>τοῦ</span> 
     </span>
    </p>
   </div>
   <div class='ocr_carea' id='block_1_72' title="bbox 407 4040 1978 4113">
    <p class='ocr_par' dir='ltr' id='par_1_72' title="bbox 407 4040 1978 4113">
     <span class='ocr_line' id='line_1_72' title="bbox 407 4040 1978 4113; baseline -0.001 -18"><span class='ocrx_word' id='word_1_493' title='bbox 407 4042 673 4112; x_wconf 77' lang='grc' dir='ltr'>Ἰορδάνου</span> <span class='ocrx_word' id='word_1_494' title='bbox 733 4042 875 4113; x_wconf 85' lang='grc' dir='ltr'>μέρη</span> <span class='ocrx_word' id='word_1_495' title='bbox 928 4041 1179 4111; x_wconf 78' lang='grc' dir='ltr'>ἐφοίτων,</span> <span class='ocrx_word' id='word_1_496' title='bbox 1215 4040 1336 4112; x_wconf 79' lang='grc' dir='ltr'>ἅμα</span> <span class='ocrx_word' id='word_1_497' title='bbox 1370 4040 1468 4110; x_wconf 80' lang='grc' dir='ltr'>μὲν</span> <span class='ocrx_word' id='word_1_498' title='bbox 1508 4043 1638 4112; x_wconf 72' lang='grc' dir='ltr'>περὶ</span> <span class='ocrx_word' id='word_1_499' title='bbox 1685 4041 1795 4094; x_wconf 88' lang='grc' dir='ltr'><strong>τῶν</strong></span> <span class='ocrx_word' id='word_1_500' title='bbox 1844 4040 1978 4094; x_wconf 86' lang='grc' dir='ltr'>υἱῶν</span> 
     </span>
    </p>
   </div>
   <div class='ocr_carea' id='block_1_73' title="bbox 395 4133 1972 4207">
    <p class='ocr_par' dir='ltr' id='par_1_73' title="bbox 395 4133 1972 4207">
     <span class='ocr_line' id='line_1_73' title="bbox 395 4133 1972 4207; baseline -0.003 -16"><span class='ocrx_word' id='word_1_501' title='bbox 395 4136 771 4207; x_wconf 80' lang='grc' dir='ltr'>ἐκζητοῦντες,</span> <span class='ocrx_word' id='word_1_502' title='bbox 803 4133 921 4204; x_wconf 76' lang='grc' dir='ltr'>ἅμα</span> <span class='ocrx_word' id='word_1_503' title='bbox 943 4134 1000 4187; x_wconf 79' lang='grc' dir='ltr'>δὲ</span> <span class='ocrx_word' id='word_1_504' title='bbox 1030 4138 1123 4189; x_wconf 71' lang='grc' dir='ltr'>καὶ</span> <span class='ocrx_word' id='word_1_505' title='bbox 1150 4133 1248 4205; x_wconf 79' lang='grc' dir='ltr'>τὴν</span> <span class='ocrx_word' id='word_1_506' title='bbox 1304 4137 1464 4204; x_wconf 75' lang='grc' dir='ltr'>χεῖρα</span> <span class='ocrx_word' id='word_1_507' title='bbox 1525 4134 1762 4204; x_wconf 73' lang='grc' dir='ltr'>δαψιλῶς</span> <span class='ocrx_word' id='word_1_508' title='bbox 1820 4136 1972 4205; x_wconf 81' lang='grc' dir='ltr'><strong>ρἐυο</strong></span> 
     </span>
    </p>
   </div>
   <div class='ocr_carea' id='block_1_74' title="bbox 396 4224 1978 4297">
    <p class='ocr_par' dir='ltr' id='par_1_74' title="bbox 396 4224 1978 4297">
     <span class='ocr_line' id='line_1_74' title="bbox 396 4224 1978 4297; baseline -0.003 -17"><span class='ocrx_word' id='word_1_509' title='bbox 396 4241 495 4280; x_wconf 86' lang='grc' dir='ltr'><strong>σαν</strong></span> <span class='ocrx_word' id='word_1_510' title='bbox 549 4229 663 4289; x_wconf 80' lang='grc' dir='ltr'>τοῖς</span> <span class='ocrx_word' id='word_1_511' title='bbox 722 4224 999 4297; x_wconf 80' lang='grc' dir='ltr'>δεομένοις</span> <span class='ocrx_word' id='word_1_512' title='bbox 1076 4225 1474 4297; x_wconf 83' lang='grc' dir='ltr'>προτείνοντες.</span> <span class='ocrx_word' id='word_1_513' title='bbox 1551 4226 1834 4289; x_wconf 81' lang='grc' dir='ltr'>Ἀπιόντες</span> <span class='ocrx_word' id='word_1_514' title='bbox 1920 4225 1978 4277; x_wconf 79' lang='grc' dir='ltr'>δὲ</span> 
     </span>
    </p>
   </div>
   <div class='ocr_carea' id='block_1_75' title="bbox 395 4318 1980 4390">
    <p class='ocr_par' dir='ltr' id='par_1_75' title="bbox 395 4318 1980 4390">
     <span class='ocr_line' id='line_1_75' title="bbox 395 4318 1980 4390; baseline 0 -19"><span class='ocrx_word' id='word_1_515' title='bbox 395 4319 735 4374; x_wconf 82' lang='grc' dir='ltr'>συναντῶσιν</span> <span class='ocrx_word' id='word_1_516' title='bbox 787 4319 982 4390; x_wconf 72' lang='grc' dir='ltr'>ἐκείνῳ</span> <span class='ocrx_word' id='word_1_517' title='bbox 1025 4318 1104 4389; x_wconf 80' lang='grc' dir='ltr'>τῷ</span> <span class='ocrx_word' id='word_1_518' title='bbox 1150 4319 1452 4390; x_wconf 81' lang='grc' dir='ltr'>θαυμαστῷ</span> <span class='ocrx_word' id='word_1_519' title='bbox 1504 4320 1746 4388; x_wconf 86' lang='grc' dir='ltr'>γέροντι,</span> <span class='ocrx_word' id='word_1_520' title='bbox 1782 4318 1841 4383; x_wconf 81' lang='grc' dir='ltr'>ὃς</span> <span class='ocrx_word' id='word_1_521' title='bbox 1883 4318 1980 4372; x_wconf 80' lang='grc' dir='ltr'>καὶ</span> 
     </span>
    </p>
   </div>
   <div class='ocr_carea' id='block_1_76' title="bbox 394 4408 1980 4481">
    <p class='ocr_par' dir='ltr' id='par_1_76' title="bbox 394 4408 1980 4481">
     <span class='ocr_line' id='line_1_76' title="bbox 394 4408 1980 4481; baseline 0 -18"><span class='ocrx_word' id='word_1_522' title='bbox 394 4408 486 4463; x_wconf 69' lang='grc' dir='ltr'><strong>τὸν</strong></span> <span class='ocrx_word' id='word_1_523' title='bbox 554 4409 839 4479; x_wconf 84' lang='grc' dir='ltr'>Ἀρκάδιον</span> <span class='ocrx_word' id='word_1_524' title='bbox 915 4410 1217 4481; x_wconf 87' lang='grc' dir='ltr'>ἀποκείρας</span> <span class='ocrx_word' id='word_1_525' title='bbox 1272 4410 1369 4464; x_wconf 76' lang='grc' dir='ltr'>καὶ</span> <span class='ocrx_word' id='word_1_526' title='bbox 1442 4411 1511 4464; x_wconf 83' lang='grc' dir='ltr'>τὰ</span> <span class='ocrx_word' id='word_1_527' title='bbox 1571 4409 1682 4463; x_wconf 86' lang='grc' dir='ltr'><strong>τῶν</strong></span> <span class='ocrx_word' id='word_1_528' title='bbox 1729 4411 1980 4481; x_wconf 88' lang='grc' dir='ltr'>μοναχῶν</span> 
     </span>
    </p>
   </div>
   <div class='ocr_carea' id='block_1_77' title="bbox 395 4498 1977 4575">
    <p class='ocr_par' dir='ltr' id='par_1_77' title="bbox 395 4498 1977 4575">
     <span class='ocr_line' id='line_1_77' title="bbox 395 4498 1977 4575; baseline -0.001 -19"><span class='ocrx_word' id='word_1_529' title='bbox 395 4503 547 4575; x_wconf 81' lang='grc' dir='ltr'>αὐτῷ</span> <span class='ocrx_word' id='word_1_530' title='bbox 570 4503 882 4575; x_wconf 83' lang='grc' dir='ltr'>περιϐαλὼν</span> <span class='ocrx_word' id='word_1_531' title='bbox 900 4498 991 4575; x_wconf 75' lang='grc' dir='ltr'><strong>ἦν.</strong></span> <span class='ocrx_word' id='word_1_532' title='bbox 1022 4504 1210 4573; x_wconf 85' lang='grc' dir='ltr'>Τούτῳ</span> <span class='ocrx_word' id='word_1_533' title='bbox 1236 4503 1647 4574; x_wconf 76' lang='grc' dir='ltr'>προσελθόντες,</span> <span class='ocrx_word' id='word_1_534' title='bbox 1679 4504 1772 4557; x_wconf 80' lang='grc' dir='ltr'>καὶ</span> <span class='ocrx_word' id='word_1_535' title='bbox 1800 4503 1977 4556; x_wconf 86' lang='grc' dir='ltr'>ποδῶν</span> 
     </span>
    </p>
   </div>
   <div class='ocr_carea' id='block_1_78' title="bbox 397 4593 1978 4667">
    <p class='ocr_par' dir='ltr' id='par_1_78' title="bbox 397 4593 1978 4667">
     <span class='ocr_line' id='line_1_78' title="bbox 397 4593 1978 4667; baseline 0 -19"><span class='ocrx_word' id='word_1_536' title='bbox 397 4596 606 4649; x_wconf 73' lang='grc' dir='ltr'>ἐκείνου</span> <span class='ocrx_word' id='word_1_537' title='bbox 634 4597 745 4650; x_wconf 83' lang='grc' dir='ltr'><strong>τῶν</strong></span> <span class='ocrx_word' id='word_1_538' title='bbox 777 4594 941 4667; x_wconf 77' lang='grc' dir='ltr'>ἱερῶν</span> <span class='ocrx_word' id='word_1_539' title='bbox 974 4595 1268 4665; x_wconf 79' lang='grc' dir='ltr'>ἁψάμενοι,</span> <span class='ocrx_word' id='word_1_540' title='bbox 1304 4593 1517 4648; x_wconf 73' lang='grc' dir='ltr'>ἐδέοντο</span> <span class='ocrx_word' id='word_1_541' title='bbox 1564 4596 1732 4665; x_wconf 76' lang='grc' dir='ltr'>εὐχῆς</span> <span class='ocrx_word' id='word_1_542' title='bbox 1781 4596 1978 4657; x_wconf 71' lang='grc' dir='ltr'>αὐτοὺς</span> 
     </span>
    </p>
   </div>
   <div class='ocr_carea' id='block_1_79' title="bbox 394 4683 1980 4760">
    <p class='ocr_par' dir='ltr' id='par_1_79' title="bbox 394 4683 1980 4760">
     <span class='ocr_line' id='line_1_79' title="bbox 394 4683 1980 4760; baseline -0.004 -15"><span class='ocrx_word' id='word_1_543' title='bbox 394 4689 627 4755; x_wconf 77' lang='grc' dir='ltr'>ἀξιῶσαι</span> <span class='ocrx_word' id='word_1_544' title='bbox 672 4688 771 4760; x_wconf 86' lang='grc' dir='ltr'>τῆς</span> <span class='ocrx_word' id='word_1_545' title='bbox 824 4688 961 4759; x_wconf 83' lang='grc' dir='ltr'>πρὸς</span> <span class='ocrx_word' id='word_1_546' title='bbox 1002 4687 1156 4742; x_wconf 86' lang='grc' dir='ltr'>Θεόν.</span> <span class='ocrx_word' id='word_1_547' title='bbox 1200 4687 1357 4742; x_wconf 65' lang='grc' dir='ltr'>Ἐπεὶ</span> <span class='ocrx_word' id='word_1_548' title='bbox 1412 4683 1509 4740; x_wconf 82' lang='grc' dir='ltr'><strong>οὖν</strong></span> <span class='ocrx_word' id='word_1_549' title='bbox 1571 4688 1603 4741; x_wconf 86' lang='grc' dir='ltr'><strong>ό</strong></span> <span class='ocrx_word' id='word_1_550' title='bbox 1653 4688 1832 4758; x_wconf 83' lang='grc' dir='ltr'>γέρων</span> <span class='ocrx_word' id='word_1_551' title='bbox 1884 4688 1980 4739; x_wconf 80' lang='grc' dir='ltr'><strong>εὐ-</strong></span> 
     </span>
    </p>
   </div>
   <div class='ocr_carea' id='block_1_80' title="bbox 400 4774 1980 4849">
    <p class='ocr_par' dir='ltr' id='par_1_80' title="bbox 400 4774 1980 4849">
     <span class='ocr_line' id='line_1_80' title="bbox 400 4774 1980 4849; baseline -0.003 -18"><span class='ocrx_word' id='word_1_552' title='bbox 400 4779 685 4849; x_wconf 81' lang='grc' dir='ltr'>πρόθνμον</span> <span class='ocrx_word' id='word_1_553' title='bbox 734 4777 935 4831; x_wconf 72' lang='grc' dir='ltr'>ἑαυτὸν</span> <span class='ocrx_word' id='word_1_554' title='bbox 983 4778 1064 4841; x_wconf 85' lang='grc' dir='ltr'><strong>είς</strong></span> <span class='ocrx_word' id='word_1_555' title='bbox 1109 4774 1269 4829; x_wconf 78' lang='grc' dir='ltr'>τοῦτο</span> <span class='ocrx_word' id='word_1_556' title='bbox 1300 4777 1547 4847; x_wconf 80' lang='grc' dir='ltr'>παρέσχε</span> <span class='ocrx_word' id='word_1_557' title='bbox 1599 4777 1694 4829; x_wconf 72' lang='grc' dir='ltr'>καὶ</span> <span class='ocrx_word' id='word_1_558' title='bbox 1724 4777 1828 4846; x_wconf 69' lang='grc' dir='ltr'>ἠδη</span> <span class='ocrx_word' id='word_1_559' title='bbox 1874 4774 1980 4844; x_wconf 81' lang='grc' dir='ltr'><strong>ηὔ-</strong></span> 
     </span>
    </p>
   </div>
   <div class='ocr_carea' id='block_1_81' title="bbox 399 4868 1983 4943">
    <p class='ocr_par' dir='ltr' id='par_1_81' title="bbox 399 4868 1983 4943">
     <span class='ocr_line' id='line_1_81' title="bbox 399 4868 1983 4943; baseline -0.001 -19"><span class='ocrx_word' id='word_1_560' title='bbox 399 4870 545 4936; x_wconf 79' lang='grc' dir='ltr'>ξατο,</span> <span class='ocrx_word' id='word_1_561' title='bbox 578 4872 716 4942; x_wconf 75' lang='grc' dir='ltr'>πρὸς</span> <span class='ocrx_word' id='word_1_562' title='bbox 755 4871 929 4941; x_wconf 75' lang='grc' dir='ltr'>ὄνομα</span> <span class='ocrx_word' id='word_1_563' title='bbox 954 4870 1182 4935; x_wconf 86' lang='grc' dir='ltr'>τούτους</span> <span class='ocrx_word' id='word_1_564' title='bbox 1211 4871 1397 4925; x_wconf 73' lang='grc' dir='ltr'>ἐκάλει</span> <span class='ocrx_word' id='word_1_565' title='bbox 1421 4868 1488 4943; x_wconf 83' lang='grc' dir='ltr'><strong>(ὣ</strong></span> <span class='ocrx_word' id='word_1_566' title='bbox 1514 4869 1737 4941; x_wconf 85' lang='grc' dir='ltr'>χάριτος</span> <span class='ocrx_word' id='word_1_567' title='bbox 1768 4869 1917 4932; x_wconf 80' lang='grc' dir='ltr'>θείας</span> <span class='ocrx_word' id='word_1_568' title='bbox 1938 4869 1983 4939; x_wconf 80' lang='grc' dir='ltr'>ί)</span> 
     </span>
    </p>
   </div>
   <div class='ocr_carea' id='block_1_82' title="bbox 398 4964 1982 5037">
    <p class='ocr_par' dir='ltr' id='par_1_82' title="bbox 398 4964 1982 5037">
     <span class='ocr_line' id='line_1_82' title="bbox 398 4964 1982 5037; baseline 0 -19"><span class='ocrx_word' id='word_1_569' title='bbox 398 4965 712 5036; x_wconf 70' lang='grc' dir='ltr'>προστιθεὶς</span> <span class='ocrx_word' id='word_1_570' title='bbox 769 4971 867 5019; x_wconf 81' lang='grc' dir='ltr'>καὶ</span> <span class='ocrx_word' id='word_1_571' title='bbox 922 4965 1024 5035; x_wconf 80' lang='grc' dir='ltr'>τὴν</span> <span class='ocrx_word' id='word_1_572' title='bbox 1092 4967 1153 5019; x_wconf 73' lang='grc' dir='ltr'>ιν</span> <span class='ocrx_word' id='word_1_573' title='bbox 1228 4966 1417 5037; x_wconf 73' lang='grc' dir='ltr'>χερσὶν</span> <span class='ocrx_word' id='word_1_574' title='bbox 1477 4965 1759 5032; x_wconf 72' lang='grc' dir='ltr'>ὑπόθεσιν,</span> <span class='ocrx_word' id='word_1_575' title='bbox 1835 4964 1982 5034; x_wconf 81' lang='grc' dir='ltr'>μάλα</span> 
     </span>
    </p>
   </div>
   <div class='ocr_carea' id='block_1_83' title="bbox 395 5057 1982 5131">
    <p class='ocr_par' dir='ltr' id='par_1_83' title="bbox 395 5057 1982 5131">
     <span class='ocr_line' id='line_1_83' title="bbox 395 5057 1982 5131; baseline 0.001 -20"><span class='ocrx_word' id='word_1_576' title='bbox 395 5057 722 5130; x_wconf 74' lang='grc' dir='ltr'>διορατικῶς</span> <span class='ocrx_word' id='word_1_577' title='bbox 773 5062 871 5114; x_wconf 71' lang='grc' dir='ltr'>καὶ</span> <span class='ocrx_word' id='word_1_578' title='bbox 913 5060 1283 5131; x_wconf 81' lang='grc' dir='ltr'>θεοφορήτως.</span> <span class='ocrx_word' id='word_1_579' title='bbox 1330 5062 1422 5113; x_wconf 82' lang='grc' dir='ltr'>Δεῖ</span> <span class='ocrx_word' id='word_1_580' title='bbox 1452 5060 1510 5114; x_wconf 78' lang='grc' dir='ltr'>δὲ</span> <span class='ocrx_word' id='word_1_581' title='bbox 1541 5057 1737 5123; x_wconf 71' lang='grc' dir='ltr'>οὕτως,</span> <span class='ocrx_word' id='word_1_582' title='bbox 1787 5058 1982 5129; x_wconf 85' lang='grc' dir='ltr'>ὥσπερ</span> 
     </span>
    </p>
   </div>
   <div class='ocr_carea' id='block_1_84' title="bbox 398 5151 1983 5224">
    <p class='ocr_par' dir='ltr' id='par_1_84' title="bbox 398 5151 1983 5224">
     <span class='ocr_line' id='line_1_84' title="bbox 398 5151 1983 5224; baseline -0.001 -20"><span class='ocrx_word' id='word_1_583' title='bbox 398 5151 723 5223; x_wconf 79' lang='grc' dir='ltr'>ἐλέχθησαν,</span> <span class='ocrx_word' id='word_1_584' title='bbox 777 5152 1197 5223; x_wconf 73' lang='grc' dir='ltr'>ἰδιωτικώτερον</span> <span class='ocrx_word' id='word_1_585' title='bbox 1254 5152 1394 5206; x_wconf 74' lang='grc' dir='ltr'>αὐτὰ</span> <span class='ocrx_word' id='word_1_586' title='bbox 1451 5152 1823 5224; x_wconf 86' lang='grc' dir='ltr'>παραθέσθαι.</span> <span class='ocrx_word' id='word_1_587' title='bbox 1882 5152 1983 5216; x_wconf 77' lang='lat' dir='ltr'><strong>Ti;</strong></span> 
     </span>
    </p>
   </div>
   <div class='ocr_carea' id='block_1_85' title="bbox 399 5243 1982 5313">
    <p class='ocr_par' dir='ltr' id='par_1_85' title="bbox 399 5243 1982 5313">
     <span class='ocr_line' id='line_1_85' title="bbox 399 5243 1982 5313; baseline -0.001 -17"><span class='ocrx_word' id='word_1_588' title='bbox 399 5244 703 5313; x_wconf 66' lang='grc' dir='ltr'>ἠνάγκασε,</span> <span class='ocrx_word' id='word_1_589' title='bbox 753 5243 954 5313; x_wconf 85' lang='grc' dir='ltr'>λέγων,</span> <span class='ocrx_word' id='word_1_590' title='bbox 1002 5244 1096 5297; x_wconf 86' lang='grc' dir='ltr'><strong>τδν</strong></span> <span class='ocrx_word' id='word_1_591' title='bbox 1144 5244 1306 5313; x_wconf 80' lang='grc' dir='ltr'>κύριν</span> <span class='ocrx_word' id='word_1_592' title='bbox 1358 5243 1681 5312; x_wconf 85' lang='grc' dir='ltr'>Ξενοφῶντα</span> <span class='ocrx_word' id='word_1_593' title='bbox 1736 5244 1829 5296; x_wconf 77' lang='grc' dir='ltr'>καὶ</span> <span class='ocrx_word' id='word_1_594' title='bbox 1881 5243 1982 5313; x_wconf 78' lang='grc' dir='ltr'>τὴν</span> 
     </span>
    </p>
   </div>
   <div class='ocr_carea' id='block_1_86' title="bbox 403 5334 1983 5409">
    <p class='ocr_par' dir='ltr' id='par_1_86' title="bbox 403 5334 1983 5409">
     <span class='ocr_line' id='line_1_86' title="bbox 403 5334 1983 5409; baseline 0.001 -24"><span class='ocrx_word' id='word_1_595' title='bbox 403 5337 577 5404; x_wconf 74' lang='grc' dir='ltr'>κυράν</span> <span class='ocrx_word' id='word_1_596' title='bbox 608 5336 828 5409; x_wconf 74' lang='grc' dir='ltr'>Μαρίαν</span> <span class='ocrx_word' id='word_1_597' title='bbox 850 5336 922 5390; x_wconf 85' lang='grc' dir='ltr'>τὰ</span> <span class='ocrx_word' id='word_1_598' title='bbox 958 5335 1309 5407; x_wconf 82' lang='grc' dir='ltr'>Ἱεροσόλυμα</span> <span class='ocrx_word' id='word_1_599' title='bbox 1343 5335 1585 5388; x_wconf 80' lang='grc' dir='ltr'>κατιδεῖν</span> <span class='ocrx_word' id='word_1_600' title='bbox 1610 5334 1835 5403; x_wconf 53' lang='lat' dir='ltr'><strong>gomet;</strong></span> <span class='ocrx_word' id='word_1_601' title='bbox 1865 5334 1983 5387; x_wconf 82' lang='grc' dir='ltr'>’ἑτε-</span> 
     </span>
    </p>
   </div>
   <div class='ocr_carea' id='block_1_87' title="bbox 407 5421 1982 5501">
    <p class='ocr_par' dir='ltr' id='par_1_87' title="bbox 407 5421 1982 5501">
     <span class='ocr_line' id='line_1_87' title="bbox 407 5421 1982 5501; baseline 0.001 -23"><span class='ocrx_word' id='word_1_602' title='bbox 407 5442 500 5496; x_wconf 89' lang='grc' dir='ltr'><strong>ρος</strong></span> <span class='ocrx_word' id='word_1_603' title='bbox 532 5427 769 5494; x_wconf 81' lang='grc' dir='ltr'>πάντως,</span> <span class='ocrx_word' id='word_1_604' title='bbox 800 5430 883 5483; x_wconf 80' lang='grc' dir='ltr'>ὅτι</span> <span class='ocrx_word' id='word_1_605' title='bbox 918 5429 994 5501; x_wconf 84' lang='grc' dir='ltr'>μὴ</span> <span class='ocrx_word' id='word_1_606' title='bbox 1023 5431 1058 5501; x_wconf 79' lang='grc' dir='ltr'><strong>ἡ</strong></span> <span class='ocrx_word' id='word_1_607' title='bbox 1106 5428 1217 5482; x_wconf 89' lang='grc' dir='ltr'><strong>τῶν</strong></span> <span class='ocrx_word' id='word_1_608' title='bbox 1258 5428 1466 5482; x_wconf 81' lang='grc' dir='ltr'>τέκνων</span> <span class='ocrx_word' id='word_1_609' title='bbox 1497 5428 1722 5497; x_wconf 77' lang='grc' dir='ltr'>στοργή.</span> <span class='ocrx_word' id='word_1_610' title='bbox 1755 5426 1848 5498; x_wconf 79' lang='grc' dir='ltr'><strong>Μὴ</strong></span> <span class='ocrx_word' id='word_1_611' title='bbox 1887 5421 1982 5480; x_wconf 77' lang='grc' dir='ltr'>οὖν</span> 
     </span>
    </p>
   </div>
   <div class='ocr_carea' id='block_1_88' title="bbox 405 5517 1980 5595">
    <p class='ocr_par' dir='ltr' id='par_1_88' title="bbox 405 5517 1980 5595">
     <span class='ocr_line' id='line_1_88' title="bbox 405 5517 1980 5595; baseline 0.001 -24"><span class='ocrx_word' id='word_1_612' title='bbox 405 5517 674 5588; x_wconf 80' lang='grc' dir='ltr'>ἀθυμεῖτε</span> <span class='ocrx_word' id='word_1_613' title='bbox 693 5536 706 5550; x_wconf 91' lang='grc'><strong>·</strong></span> <span class='ocrx_word' id='word_1_614' title='bbox 742 5518 874 5584; x_wconf 83' lang='grc' dir='ltr'>ζῶσι</span> <span class='ocrx_word' id='word_1_615' title='bbox 895 5524 1027 5595; x_wconf 77' lang='grc' dir='ltr'>γὰρ,</span> <span class='ocrx_word' id='word_1_616' title='bbox 1056 5523 1223 5588; x_wconf 80' lang='grc' dir='ltr'>ζῶσιν</span> <span class='ocrx_word' id='word_1_617' title='bbox 1255 5520 1416 5590; x_wconf 82' lang='grc' dir='ltr'>ὑμῶν</span> <span class='ocrx_word' id='word_1_618' title='bbox 1451 5519 1665 5591; x_wconf 78' lang='grc' dir='ltr'>ἀληθῶς</span> <span class='ocrx_word' id='word_1_619' title='bbox 1695 5519 1765 5572; x_wconf 74' lang='grc' dir='ltr'>τὰ</span> <span class='ocrx_word' id='word_1_620' title='bbox 1793 5520 1980 5583; x_wconf 81' lang='grc' dir='ltr'>τέκνα,</span> 
     </span>
    </p>
   </div>
   <div class='ocr_carea' id='block_1_89' title="bbox 402 5610 1981 5688">
    <p class='ocr_par' dir='ltr' id='par_1_89' title="bbox 402 5610 1981 5688">
     <span class='ocr_line' id='line_1_89' title="bbox 402 5610 1981 5688; baseline -0.001 -22"><span class='ocrx_word' id='word_1_621' title='bbox 402 5611 597 5685; x_wconf 81' lang='grc' dir='ltr'>ῶσπερ</span> <span class='ocrx_word' id='word_1_622' title='bbox 629 5612 694 5688; x_wconf 85' lang='grc' dir='ltr'>δὴ</span> <span class='ocrx_word' id='word_1_623' title='bbox 722 5613 817 5668; x_wconf 73' lang='grc' dir='ltr'>καὶ</span> <span class='ocrx_word' id='word_1_624' title='bbox 840 5614 972 5679; x_wconf 79' lang='grc' dir='ltr'>Θεὸς</span> <span class='ocrx_word' id='word_1_625' title='bbox 1008 5617 1143 5685; x_wconf 78' lang='grc' dir='ltr'>ἡμῖν</span> <span class='ocrx_word' id='word_1_626' title='bbox 1167 5614 1535 5684; x_wconf 77' lang='grc' dir='ltr'>ἐφανέρωσεν.</span> <span class='ocrx_word' id='word_1_627' title='bbox 1575 5611 1716 5665; x_wconf 69' lang='grc' dir='ltr'>Ἀλλ’</span> <span class='ocrx_word' id='word_1_628' title='bbox 1740 5610 1981 5680; x_wconf 79' lang='grc' dir='ltr'>ὑπάγετε</span> 
     </span>
    </p>
   </div>
   <div class='ocr_carea' id='block_1_90' title="bbox 400 5702 1981 5779">
    <p class='ocr_par' dir='ltr' id='par_1_90' title="bbox 400 5702 1981 5779">
     <span class='ocr_line' id='line_1_90' title="bbox 400 5702 1981 5779; baseline -0.003 -19"><span class='ocrx_word' id='word_1_629' title='bbox 400 5708 500 5760; x_wconf 79' lang='grc' dir='ltr'>καὶ</span> <span class='ocrx_word' id='word_1_630' title='bbox 527 5705 626 5771; x_wconf 75' lang='grc' dir='ltr'><strong>τὰς</strong></span> <span class='ocrx_word' id='word_1_631' title='bbox 683 5706 848 5779; x_wconf 75' lang='grc' dir='ltr'>εὐχὰς</span> <span class='ocrx_word' id='word_1_632' title='bbox 889 5706 1046 5779; x_wconf 82' lang='grc' dir='ltr'>ὑμῶν</span> <span class='ocrx_word' id='word_1_633' title='bbox 1070 5707 1298 5761; x_wconf 85' lang='grc' dir='ltr'>ἀπόδοτε</span> <span class='ocrx_word' id='word_1_634' title='bbox 1323 5706 1403 5776; x_wconf 85' lang='grc' dir='ltr'>τῷ</span> <span class='ocrx_word' id='word_1_635' title='bbox 1449 5703 1589 5777; x_wconf 83' lang='grc' dir='ltr'>Θεῷ,</span> <span class='ocrx_word' id='word_1_636' title='bbox 1626 5704 1856 5778; x_wconf 81' lang='grc' dir='ltr'>ἐργάται</span> <span class='ocrx_word' id='word_1_637' title='bbox 1883 5702 1981 5757; x_wconf 82' lang='grc' dir='ltr'><strong>τοῦ</strong></span> 
     </span>
    </p>
   </div>
   <div class='ocr_carea' id='block_1_91' title="bbox 401 5793 1983 5868">
    <p class='ocr_par' dir='ltr' id='par_1_91' title="bbox 401 5793 1983 5868">
     <span class='ocr_line' id='line_1_91' title="bbox 401 5793 1983 5868; baseline 0 -19"><span class='ocrx_word' id='word_1_638' title='bbox 401 5796 727 5868; x_wconf 82' lang='grc' dir='ltr'>ἀμπελῶνος</span> <span class='ocrx_word' id='word_1_639' title='bbox 756 5798 923 5852; x_wconf 79' lang='grc' dir='ltr'>αὐτοῦ</span> <span class='ocrx_word' id='word_1_640' title='bbox 942 5815 959 5833; x_wconf 81' lang='grc' dir='ltr'><strong><em>ο</em></strong></span> <span class='ocrx_word' id='word_1_641' title='bbox 997 5798 1314 5862; x_wconf 79' lang='grc' dir='ltr'>ἐπανιόντες</span> <span class='ocrx_word' id='word_1_642' title='bbox 1336 5798 1417 5861; x_wconf 82' lang='grc' dir='ltr'>δὲ,</span> <span class='ocrx_word' id='word_1_643' title='bbox 1447 5798 1574 5862; x_wconf 77' lang='grc' dir='ltr'>τοὺς</span> <span class='ocrx_word' id='word_1_644' title='bbox 1606 5797 1801 5861; x_wconf 67' lang='grc' dir='ltr'>παῖδας</span> <span class='ocrx_word' id='word_1_645' title='bbox 1827 5793 1983 5867; x_wconf 82' lang='grc' dir='ltr'>ὑμῶν</span> 
     </span>
    </p>
   </div>
   <div class='ocr_carea' id='block_1_92' title="bbox 817 5893 1524 5957">
    <p class='ocr_par' dir='ltr' id='par_1_92' title="bbox 817 5893 1524 5957">
     <span class='ocr_line' id='line_1_92' title="bbox 817 5893 1524 5957; baseline 0 -2"><span class='ocrx_word' id='word_1_646' title='bbox 817 5895 1094 5955; x_wconf 70' lang='grc' dir='ltr'>ΡΑτιιοιη</span> <span class='ocrx_word' id='word_1_647' title='bbox 1141 5895 1261 5957; x_wconf 77' lang='lat' dir='ltr'><strong>Gn.</strong></span> <span class='ocrx_word' id='word_1_648' title='bbox 1302 5893 1524 5957; x_wconf 81' lang='lat' dir='ltr'><strong>CXIV.</strong></span> 
     </span>
    </p>
   </div>
   <div class='ocr_carea' id='block_1_93' title="bbox 2078 3304 2848 3377">
    <p class='ocr_par' dir='ltr' id='par_1_93' title="bbox 2078 3304 2848 3377">
     <span class='ocr_line' id='line_1_93' title="bbox 2078 3304 2848 3377; baseline 0.004 -18"><span class='ocrx_word' id='word_1_649' title='bbox 2078 3304 2301 3377; x_wconf 86' lang='lat' dir='ltr'><strong>pressit,</strong></span> <span class='ocrx_word' id='word_1_650' title='bbox 2359 3307 2477 3362; x_wconf 81' lang='lat' dir='ltr'><strong>haec</strong></span> <span class='ocrx_word' id='word_1_651' title='bbox 2496 3307 2848 3363; x_wconf 88' lang='lat' dir='ltr'><strong>deferuntur.</strong></span> 
     </span>
    </p>
   </div>
   <div class='ocr_carea' id='block_1_94' title="bbox 2150 3398 3669 3477">
    <p class='ocr_par' dir='ltr' id='par_1_94' title="bbox 2150 3398 3669 3477">
     <span class='ocr_line' id='line_1_94' title="bbox 2150 3398 3669 3477; baseline 0.007 -25"><span class='ocrx_word' id='word_1_652' title='bbox 2150 3398 2322 3454; x_wconf 77' lang='lat' dir='ltr'><strong>XXII.</strong></span> <span class='ocrx_word' id='word_1_653' title='bbox 2372 3400 2512 3455; x_wconf 89' lang='lat' dir='ltr'><strong>Tum</strong></span> <span class='ocrx_word' id='word_1_654' title='bbox 2541 3401 2609 3457; x_wconf 90' lang='lat' dir='ltr'><strong>de</strong></span> <span class='ocrx_word' id='word_1_655' title='bbox 2672 3402 2865 3459; x_wconf 89' lang='lat' dir='ltr'><strong>liberis</strong></span> <span class='ocrx_word' id='word_1_656' title='bbox 2914 3402 3202 3472; x_wconf 85' lang='lat' dir='ltr'><strong>sciscitati,</strong></span> <span class='ocrx_word' id='word_1_657' title='bbox 3266 3405 3409 3462; x_wconf 88' lang='lat' dir='ltr'><strong>nihil</strong></span> <span class='ocrx_word' id='word_1_658' title='bbox 3465 3414 3669 3477; x_wconf 67' lang='lat' dir='ltr'><strong>praeter</strong></span> 
     </span>
    </p>
   </div>
   <div class='ocr_carea' id='block_1_95' title="bbox 2079 3490 3667 3566">
    <p class='ocr_par' dir='ltr' id='par_1_95' title="bbox 2079 3490 3667 3566">
     <span class='ocr_line' id='line_1_95' title="bbox 2079 3490 3667 3566; baseline 0.006 -21"><span class='ocrx_word' id='word_1_659' title='bbox 2079 3504 2145 3545; x_wconf 90' lang='lat' dir='ltr'><strong>ea</strong></span> <span class='ocrx_word' id='word_1_660' title='bbox 2196 3504 2321 3559; x_wconf 64' lang='lat' dir='ltr'><strong>quae</strong></span> <span class='ocrx_word' id='word_1_661' title='bbox 2374 3490 2427 3543; x_wconf 90' lang='lat' dir='ltr'><strong>in</strong></span> <span class='ocrx_word' id='word_1_662' title='bbox 2486 3491 2625 3545; x_wconf 89' lang='lat' dir='ltr'><strong>mari</strong></span> <span class='ocrx_word' id='word_1_663' title='bbox 2685 3492 3025 3561; x_wconf 89' lang='lat' dir='ltr'><strong>acciderant,</strong></span> <span class='ocrx_word' id='word_1_664' title='bbox 3085 3506 3479 3566; x_wconf 84' lang='lat' dir='ltr'><strong>assequuntur.</strong></span> <span class='ocrx_word' id='word_1_665' title='bbox 3526 3498 3667 3555; x_wconf 80' lang='lat' dir='ltr'><strong>Nam</strong></span> 
     </span>
    </p>
   </div>
   <div class='ocr_carea' id='block_1_96' title="bbox 2079 3580 3665 3657">
    <p class='ocr_par' dir='ltr' id='par_1_96' title="bbox 2079 3580 3665 3657">
     <span class='ocr_line' id='line_1_96' title="bbox 2079 3580 3665 3657; baseline 0.005 -22"><span class='ocrx_word' id='word_1_666' title='bbox 2079 3580 2149 3636; x_wconf 90' lang='lat' dir='ltr'><strong>de</strong></span> <span class='ocrx_word' id='word_1_667' title='bbox 2188 3582 2366 3636; x_wconf 87' lang='lat' dir='ltr'><strong>salute</strong></span> <span class='ocrx_word' id='word_1_668' title='bbox 2433 3582 2683 3651; x_wconf 90' lang='lat' dir='ltr'><strong>ipsorum</strong></span> <span class='ocrx_word' id='word_1_669' title='bbox 2741 3583 2881 3639; x_wconf 83' lang='lat' dir='ltr'><strong>nihil</strong></span> <span class='ocrx_word' id='word_1_670' title='bbox 2929 3585 3060 3640; x_wconf 86' lang='lat' dir='ltr'><strong>huic</strong></span> <span class='ocrx_word' id='word_1_671' title='bbox 3115 3601 3462 3657; x_wconf 86' lang='lat' dir='ltr'><strong>compertum</strong></span> <span class='ocrx_word' id='word_1_672' title='bbox 3526 3601 3665 3645; x_wconf 90' lang='lat' dir='ltr'><strong>erat.</strong></span> 
     </span>
    </p>
   </div>
   <div class='ocr_carea' id='block_1_97' title="bbox 2079 3668 3669 3746">
    <p class='ocr_par' dir='ltr' id='par_1_97' title="bbox 2079 3668 3669 3746">
     <span class='ocr_line' id='line_1_97' title="bbox 2079 3668 3669 3746; baseline 0.007 -22"><span class='ocrx_word' id='word_1_673' title='bbox 2079 3668 2294 3737; x_wconf 85' lang='lat' dir='ltr'><strong>Quibus</strong></span> <span class='ocrx_word' id='word_1_674' title='bbox 2350 3671 2428 3726; x_wconf 89' lang='lat' dir='ltr'><strong>illi</strong></span> <span class='ocrx_word' id='word_1_675' title='bbox 2486 3673 2913 3744; x_wconf 84' lang='lat' dir='ltr'><strong>haudquaquam</strong></span> <span class='ocrx_word' id='word_1_676' title='bbox 2971 3677 3255 3746; x_wconf 84' lang='lat' dir='ltr'><strong>segniores</strong></span> <span class='ocrx_word' id='word_1_677' title='bbox 3306 3678 3510 3743; x_wconf 86' lang='lat' dir='ltr'><strong>eil‘ecti,</strong></span> <span class='ocrx_word' id='word_1_678' title='bbox 3567 3681 3669 3735; x_wconf 85' lang='lat' dir='ltr'><strong>de-</strong></span> 
     </span>
    </p>
   </div>
   <div class='ocr_carea' id='block_1_98' title="bbox 2079 3761 3672 3836">
    <p class='ocr_par' dir='ltr' id='par_1_98' title="bbox 2079 3761 3672 3836">
     <span class='ocr_line' id='line_1_98' title="bbox 2079 3761 3672 3836; baseline 0.006 -21"><span class='ocrx_word' id='word_1_679' title='bbox 2079 3761 2287 3816; x_wconf 82' lang='lat' dir='ltr'><strong>siderio</strong></span> <span class='ocrx_word' id='word_1_680' title='bbox 2337 3762 2608 3831; x_wconf 86' lang='lat' dir='ltr'><strong>ignaviam</strong></span> <span class='ocrx_word' id='word_1_681' title='bbox 2663 3764 3000 3831; x_wconf 79' lang='lat' dir='ltr'><strong>excutiente,</strong></span> <span class='ocrx_word' id='word_1_682' title='bbox 3070 3765 3316 3836; x_wconf 87' lang='lat' dir='ltr'><strong>ipsisque</strong></span> <span class='ocrx_word' id='word_1_683' title='bbox 3361 3769 3672 3826; x_wconf 80' lang='lat' dir='ltr'><strong>visceribus</strong></span> 
     </span>
    </p>
   </div>
   <div class='ocr_carea' id='block_1_99' title="bbox 2085 3855 3668 3930">
    <p class='ocr_par' dir='ltr' id='par_1_99' title="bbox 2085 3855 3668 3930">
     <span class='ocr_line' id='line_1_99' title="bbox 2085 3855 3668 3930; baseline 0.005 -22"><span class='ocrx_word' id='word_1_684' title='bbox 2085 3855 2260 3925; x_wconf 89' lang='lat' dir='ltr'><strong>magis</strong></span> <span class='ocrx_word' id='word_1_685' title='bbox 2281 3871 2345 3910; x_wconf 91' lang='lat' dir='ltr'><strong>ac</strong></span> <span class='ocrx_word' id='word_1_686' title='bbox 2374 3856 2547 3926; x_wconf 86' lang='lat' dir='ltr'><strong>magis</strong></span> <span class='ocrx_word' id='word_1_687' title='bbox 2573 3863 2829 3911; x_wconf 85' lang='lat' dir='ltr'><strong>natorum</strong></span> <span class='ocrx_word' id='word_1_688' title='bbox 2858 3872 3045 3914; x_wconf 88' lang='lat' dir='ltr'><strong>amore</strong></span> <span class='ocrx_word' id='word_1_689' title='bbox 3088 3859 3467 3930; x_wconf 84' lang='lat' dir='ltr'><strong>ﬂagrantibus,</strong></span> <span class='ocrx_word' id='word_1_690' title='bbox 3495 3864 3634 3918; x_wconf 87' lang='lat' dir='ltr'><strong>vesti</strong></span> <span class='ocrx_word' id='word_1_691' title='bbox 3652 3893 3668 3903; x_wconf 90' lang='lat'><strong><em>-</em></strong></span> 
     </span>
    </p>
   </div>
   <div class='ocr_carea' id='block_1_100' title="bbox 2081 3947 3668 4025">
    <p class='ocr_par' dir='ltr' id='par_1_100' title="bbox 2081 3947 3668 4025">
     <span class='ocr_line' id='line_1_100' title="bbox 2081 3947 3668 4025; baseline 0.007 -25"><span class='ocrx_word' id='word_1_692' title='bbox 2081 3947 2245 4016; x_wconf 83' lang='lat' dir='ltr'><strong>gandi</strong></span> <span class='ocrx_word' id='word_1_693' title='bbox 2271 3962 2444 4017; x_wconf 88' lang='lat' dir='ltr'><strong>porro</strong></span> <span class='ocrx_word' id='word_1_694' title='bbox 2483 3948 2826 4019; x_wconf 84' lang='lat' dir='ltr'><strong>diligentiam</strong></span> <span class='ocrx_word' id='word_1_695' title='bbox 2861 3951 3242 4008; x_wconf 89' lang='lat' dir='ltr'><strong>intenderunt.</strong></span> <span class='ocrx_word' id='word_1_696' title='bbox 3266 3953 3457 4025; x_wconf 80' lang='lat' dir='ltr'><strong>Itaque</strong></span> <span class='ocrx_word' id='word_1_697' title='bbox 3491 3955 3668 4011; x_wconf 87' lang='lat' dir='ltr'><strong>visum</strong></span> 
     </span>
    </p>
   </div>
   <div class='ocr_carea' id='block_1_101' title="bbox 2081 4037 3671 4110">
    <p class='ocr_par' dir='ltr' id='par_1_101' title="bbox 2081 4037 3671 4110">
     <span class='ocr_line' id='line_1_101' title="bbox 2081 4037 3671 4110; baseline 0.007 -20"><span class='ocrx_word' id='word_1_698' title='bbox 2081 4037 2150 4091; x_wconf 90' lang='lat' dir='ltr'><strong>iis</strong></span> <span class='ocrx_word' id='word_1_699' title='bbox 2175 4037 2300 4101; x_wconf 88' lang='lat' dir='ltr'><strong>fuit,</strong></span> <span class='ocrx_word' id='word_1_700' title='bbox 2338 4039 2619 4109; x_wconf 82' lang='lat' dir='ltr'><strong>regionem</strong></span> <span class='ocrx_word' id='word_1_701' title='bbox 2646 4040 2903 4096; x_wconf 75' lang='lat' dir='ltr'><strong>Iordanis</strong></span> <span class='ocrx_word' id='word_1_702' title='bbox 2946 4041 3256 4098; x_wconf 85' lang='lat' dir='ltr'><strong>adeundam</strong></span> <span class='ocrx_word' id='word_1_703' title='bbox 3286 4059 3429 4110; x_wconf 85' lang='lat' dir='ltr'><strong>esse,</strong></span> <span class='ocrx_word' id='word_1_704' title='bbox 3466 4045 3559 4101; x_wconf 90' lang='lat' dir='ltr'><strong>ubi</strong></span> <span class='ocrx_word' id='word_1_705' title='bbox 3593 4052 3671 4101; x_wconf 83' lang='lat' dir='ltr'><strong>si-</strong></span> 
     </span>
    </p>
   </div>
   <div class='ocr_carea' id='block_1_102' title="bbox 2081 4128 3671 4207">
    <p class='ocr_par' dir='ltr' id='par_1_102' title="bbox 2081 4128 3671 4207">
     <span class='ocr_line' id='line_1_102' title="bbox 2081 4128 3671 4207; baseline 0.006 -24"><span class='ocrx_word' id='word_1_706' title='bbox 2081 4129 2196 4183; x_wconf 83' lang='lat' dir='ltr'><strong>mul</strong></span> <span class='ocrx_word' id='word_1_707' title='bbox 2223 4128 2431 4185; x_wconf 89' lang='lat' dir='ltr'><strong>liberos</strong></span> <span class='ocrx_word' id='word_1_708' title='bbox 2456 4132 2835 4200; x_wconf 69' lang='lat' dir='ltr'><strong>quwritarent,</strong></span> <span class='ocrx_word' id='word_1_709' title='bbox 2867 4134 3035 4189; x_wconf 82' lang='lat' dir='ltr'><strong>simul</strong></span> <span class='ocrx_word' id='word_1_710' title='bbox 3079 4145 3396 4191; x_wconf 86' lang='lat' dir='ltr'><strong>manantem</strong></span> <span class='ocrx_word' id='word_1_711' title='bbox 3444 4137 3671 4207; x_wconf 74' lang='lat' dir='ltr'><strong>largitor</strong></span> 
     </span>
    </p>
   </div>
   <div class='ocr_carea' id='block_1_103' title="bbox 2081 4222 3673 4295">
    <p class='ocr_par' dir='ltr' id='par_1_103' title="bbox 2081 4222 3673 4295">
     <span class='ocr_line' id='line_1_103' title="bbox 2081 4222 3673 4295; baseline 0.006 -20"><span class='ocrx_word' id='word_1_712' title='bbox 2081 4222 2365 4277; x_wconf 78' lang='lat' dir='ltr'><strong>dexteram</strong></span> <span class='ocrx_word' id='word_1_713' title='bbox 2421 4224 2714 4293; x_wconf 86' lang='lat' dir='ltr'><strong>egentibus</strong></span> <span class='ocrx_word' id='word_1_714' title='bbox 2761 4225 3063 4295; x_wconf 85' lang='lat' dir='ltr'><strong>aperirent.</strong></span> <span class='ocrx_word' id='word_1_715' title='bbox 3122 4225 3203 4281; x_wconf 82' lang='lat' dir='ltr'><strong>Eo</strong></span> <span class='ocrx_word' id='word_1_716' title='bbox 3235 4241 3360 4282; x_wconf 87' lang='lat' dir='ltr'><strong>cum</strong></span> <span class='ocrx_word' id='word_1_717' title='bbox 3406 4228 3673 4284; x_wconf 78' lang='lat' dir='ltr'><strong>abiissen:</strong></span> 
     </span>
    </p>
   </div>
   <div class='ocr_carea' id='block_1_104' title="bbox 2082 4313 3673 4388">
    <p class='ocr_par' dir='ltr' id='par_1_104' title="bbox 2082 4313 3673 4388">
     <span class='ocr_line' id='line_1_104' title="bbox 2082 4313 3673 4388; baseline 0.004 -21"><span class='ocrx_word' id='word_1_718' title='bbox 2082 4313 2307 4367; x_wconf 89' lang='lat' dir='ltr'><strong>obvium</strong></span> <span class='ocrx_word' id='word_1_719' title='bbox 2340 4313 2586 4368; x_wconf 83' lang='lat' dir='ltr'><strong>habuere</strong></span> <span class='ocrx_word' id='word_1_720' title='bbox 2614 4314 3002 4370; x_wconf 80' lang='lat' dir='ltr'><strong>admirandum</strong></span> <span class='ocrx_word' id='word_1_721' title='bbox 3025 4315 3178 4370; x_wconf 88' lang='lat' dir='ltr'><strong>illum</strong></span> <span class='ocrx_word' id='word_1_722' title='bbox 3204 4330 3416 4380; x_wconf 89' lang='lat' dir='ltr'><strong>senem,</strong></span> <span class='ocrx_word' id='word_1_723' title='bbox 3440 4318 3535 4388; x_wconf 88' lang='lat' dir='ltr'><strong>qui</strong></span> <span class='ocrx_word' id='word_1_724' title='bbox 3562 4320 3673 4373; x_wconf 83' lang='lat' dir='ltr'><strong>Ar-</strong></span> 
     </span>
    </p>
   </div>
   <div class='ocr_carea' id='block_1_105' title="bbox 2083 4405 3669 4477">
    <p class='ocr_par' dir='ltr' id='par_1_105' title="bbox 2083 4405 3669 4477">
     <span class='ocr_line' id='line_1_105' title="bbox 2083 4405 3669 4477; baseline 0.001 -17"><span class='ocrx_word' id='word_1_725' title='bbox 2083 4405 2305 4460; x_wconf 88' lang='lat' dir='ltr'><strong>cadium</strong></span> <span class='ocrx_word' id='word_1_726' title='bbox 2365 4406 2702 4471; x_wconf 84' lang='lat' dir='ltr'><strong>tetenderat,</strong></span> <span class='ocrx_word' id='word_1_727' title='bbox 2744 4408 3256 4477; x_wconf 88' lang='lat' dir='ltr'><strong>monachorumque</strong></span> <span class='ocrx_word' id='word_1_728' title='bbox 3318 4408 3524 4464; x_wconf 88' lang='lat' dir='ltr'><strong>amictu</strong></span> <span class='ocrx_word' id='word_1_729' title='bbox 3579 4409 3669 4463; x_wconf 86' lang='lat' dir='ltr'><strong>in-</strong></span> 
     </span>
    </p>
   </div>
   <div class='ocr_carea' id='block_1_106' title="bbox 2085 4497 3668 4572">
    <p class='ocr_par' dir='ltr' id='par_1_106' title="bbox 2085 4497 3668 4572">
     <span class='ocr_line' id='line_1_106' title="bbox 2085 4497 3668 4572; baseline 0.002 -21"><span class='ocrx_word' id='word_1_730' title='bbox 2085 4497 2301 4551; x_wconf 82' lang='lat' dir='ltr'><strong>duerat.</strong></span> <span class='ocrx_word' id='word_1_731' title='bbox 2338 4497 2418 4552; x_wconf 83' lang='lat' dir='ltr'><strong>Ad</strong></span> <span class='ocrx_word' id='word_1_732' title='bbox 2447 4497 2595 4552; x_wconf 89' lang='lat' dir='ltr'><strong>hunc</strong></span> <span class='ocrx_word' id='word_1_733' title='bbox 2624 4499 2973 4564; x_wconf 86' lang='lat' dir='ltr'><strong>accedentes,</strong></span> <span class='ocrx_word' id='word_1_734' title='bbox 3001 4499 3273 4554; x_wconf 89' lang='lat' dir='ltr'><strong>contactis</strong></span> <span class='ocrx_word' id='word_1_735' title='bbox 3320 4501 3495 4554; x_wconf 87' lang='lat' dir='ltr'><strong>sacris</strong></span> <span class='ocrx_word' id='word_1_736' title='bbox 3544 4500 3668 4572; x_wconf 82' lang='lat' dir='ltr'><strong>ejus</strong></span> 
     </span>
    </p>
   </div>
   <div class='ocr_carea' id='block_1_107' title="bbox 2083 4592 3672 4664">
    <p class='ocr_par' dir='ltr' id='par_1_107' title="bbox 2083 4592 3672 4664">
     <span class='ocr_line' id='line_1_107' title="bbox 2083 4592 3672 4664; baseline 0.001 -17"><span class='ocrx_word' id='word_1_737' title='bbox 2083 4593 2340 4663; x_wconf 88' lang='lat' dir='ltr'><strong>pedibus,</strong></span> <span class='ocrx_word' id='word_1_738' title='bbox 2365 4594 2679 4657; x_wconf 87' lang='lat' dir='ltr'><strong>obsecrant,</strong></span> <span class='ocrx_word' id='word_1_739' title='bbox 2713 4603 2774 4648; x_wconf 92' lang='lat' dir='ltr'><strong>ut</strong></span> <span class='ocrx_word' id='word_1_740' title='bbox 2804 4608 3027 4648; x_wconf 89' lang='lat' dir='ltr'><strong>suarum</strong></span> <span class='ocrx_word' id='word_1_741' title='bbox 3059 4592 3207 4664; x_wconf 87' lang='lat' dir='ltr'><strong>apud</strong></span> <span class='ocrx_word' id='word_1_742' title='bbox 3252 4593 3425 4648; x_wconf 89' lang='lat' dir='ltr'><strong>Deum</strong></span> <span class='ocrx_word' id='word_1_743' title='bbox 3479 4609 3672 4663; x_wconf 83' lang='lat' dir='ltr'><strong>preca-</strong></span> 
     </span>
    </p>
   </div>
   <div class='ocr_carea' id='block_1_108' title="bbox 2083 4682 3673 4754">
    <p class='ocr_par' dir='ltr' id='par_1_108' title="bbox 2083 4682 3673 4754">
     <span class='ocr_line' id='line_1_108' title="bbox 2083 4682 3673 4754; baseline 0.003 -18"><span class='ocrx_word' id='word_1_744' title='bbox 2083 4685 2295 4737; x_wconf 88' lang='lat' dir='ltr'><strong>tionum</strong></span> <span class='ocrx_word' id='word_1_745' title='bbox 2324 4684 2623 4754; x_wconf 86' lang='lat' dir='ltr'><strong>participes</strong></span> <span class='ocrx_word' id='word_1_746' title='bbox 2652 4682 2839 4738; x_wconf 80' lang='lat' dir='ltr'><strong>faciat.</strong></span> <span class='ocrx_word' id='word_1_747' title='bbox 2866 4684 3080 4738; x_wconf 84' lang='lat' dir='ltr'><strong>Annuit</strong></span> <span class='ocrx_word' id='word_1_748' title='bbox 3109 4698 3233 4738; x_wconf 84' lang='lat' dir='ltr'><strong>mox</strong></span> <span class='ocrx_word' id='word_1_749' title='bbox 3274 4684 3543 4739; x_wconf 87' lang='lat' dir='ltr'><strong>benevole</strong></span> <span class='ocrx_word' id='word_1_750' title='bbox 3584 4700 3673 4740; x_wconf 88' lang='lat' dir='ltr'><strong>se-</strong></span> 
     </span>
    </p>
   </div>
   <div class='ocr_carea' id='block_1_109' title="bbox 2081 4776 3673 4848">
    <p class='ocr_par' dir='ltr' id='par_1_109' title="bbox 2081 4776 3673 4848">
     <span class='ocr_line' id='line_1_109' title="bbox 2081 4776 3673 4848; baseline 0 -17"><span class='ocrx_word' id='word_1_751' title='bbox 2081 4778 2227 4841; x_wconf 86' lang='lat' dir='ltr'><strong>nior,</strong></span> <span class='ocrx_word' id='word_1_752' title='bbox 2258 4778 2541 4846; x_wconf 86' lang='lat' dir='ltr'><strong>Deumque</strong></span> <span class='ocrx_word' id='word_1_753' title='bbox 2562 4786 2842 4847; x_wconf 84' lang='lat' dir='ltr'><strong>precatus,</strong></span> <span class='ocrx_word' id='word_1_754' title='bbox 2878 4777 2994 4831; x_wconf 91' lang='lat' dir='ltr'><strong>suis</strong></span> <span class='ocrx_word' id='word_1_755' title='bbox 3025 4790 3121 4831; x_wconf 88' lang='lat' dir='ltr'><strong>eos</strong></span> <span class='ocrx_word' id='word_1_756' title='bbox 3153 4777 3448 4848; x_wconf 87' lang='lat' dir='ltr'><strong>compellat</strong></span> <span class='ocrx_word' id='word_1_757' title='bbox 3491 4776 3673 4833; x_wconf 84' lang='lat' dir='ltr'><strong>nomi-</strong></span> 
     </span>
    </p>
   </div>
   <div class='ocr_carea' id='block_1_110' title="bbox 2084 4867 3669 4941">
    <p class='ocr_par' dir='ltr' id='par_1_110' title="bbox 2084 4867 3669 4941">
     <span class='ocr_line' id='line_1_110' title="bbox 2084 4867 3669 4941; baseline 0 -17"><span class='ocrx_word' id='word_1_758' title='bbox 2084 4870 2268 4933; x_wconf 86' lang='lat' dir='ltr'><strong>nibus,</strong></span> <span class='ocrx_word' id='word_1_759' title='bbox 2309 4880 2473 4939; x_wconf 87' lang='lat' dir='ltr'><strong>atque</strong></span> <span class='ocrx_word' id='word_1_760' title='bbox 2501 4871 2555 4940; x_wconf 92' lang='lat' dir='ltr'><strong>(o</strong></span> <span class='ocrx_word' id='word_1_761' title='bbox 2582 4869 2756 4925; x_wconf 86' lang='lat' dir='ltr'><strong>divini</strong></span> <span class='ocrx_word' id='word_1_762' title='bbox 2798 4870 3045 4925; x_wconf 87' lang='lat' dir='ltr'><strong>muneris</strong></span> <span class='ocrx_word' id='word_1_763' title='bbox 3070 4868 3362 4940; x_wconf 80' lang='lat' dir='ltr'><strong>gratiam!)</strong></span> <span class='ocrx_word' id='word_1_764' title='bbox 3394 4869 3568 4941; x_wconf 86' lang='lat' dir='ltr'><strong>ipsam</strong></span> <span class='ocrx_word' id='word_1_765' title='bbox 3597 4867 3669 4924; x_wconf 86' lang='lat' dir='ltr'><strong>ob</strong></span> 
     </span>
    </p>
   </div>
   <div class='ocr_carea' id='block_1_111' title="bbox 2084 4953 3673 5031">
    <p class='ocr_par' dir='ltr' id='par_1_111' title="bbox 2084 4953 3673 5031">
     <span class='ocr_line' id='line_1_111' title="bbox 2084 4953 3673 5031; baseline 0.001 -16"><span class='ocrx_word' id='word_1_766' title='bbox 2084 4976 2251 5031; x_wconf 86' lang='lat' dir='ltr'><strong>quam</strong></span> <span class='ocrx_word' id='word_1_767' title='bbox 2298 4953 2566 5016; x_wconf 75' lang='lat' dir='ltr'><strong>venerant</strong></span> <span class='ocrx_word' id='word_1_768' title='bbox 2611 4976 2857 5026; x_wconf 86' lang='lat' dir='ltr'><strong>causam,</strong></span> <span class='ocrx_word' id='word_1_769' title='bbox 2926 4961 3099 5016; x_wconf 84' lang='lat' dir='ltr'><strong>divini</strong></span> <span class='ocrx_word' id='word_1_770' title='bbox 3170 4960 3400 5018; x_wconf 85' lang='lat' dir='ltr'><strong>luminis</strong></span> <span class='ocrx_word' id='word_1_771' title='bbox 3456 4961 3673 5031; x_wconf 83' lang='lat' dir='ltr'><strong>perspi-</strong></span> 
     </span>
    </p>
   </div>
   <div class='ocr_carea' id='block_1_112' title="bbox 2084 5054 3769 5127">
    <p class='ocr_par' dir='ltr' id='par_1_112' title="bbox 2084 5054 3769 5127">
     <span class='ocr_line' id='line_1_112' title="bbox 2084 5054 3769 5127; baseline 0.001 -19"><span class='ocrx_word' id='word_1_772' title='bbox 2084 5054 2283 5109; x_wconf 89' lang='lat' dir='ltr'><strong>cientia</strong></span> <span class='ocrx_word' id='word_1_773' title='bbox 2311 5062 2368 5110; x_wconf 91' lang='lat' dir='ltr'><strong>et</strong></span> <span class='ocrx_word' id='word_1_774' title='bbox 2389 5056 2603 5111; x_wconf 87' lang='lat' dir='ltr'><strong>visione</strong></span> <span class='ocrx_word' id='word_1_775' title='bbox 2629 5057 2926 5127; x_wconf 85' lang='lat' dir='ltr'><strong>cognitam,</strong></span> <span class='ocrx_word' id='word_1_776' title='bbox 2967 5054 3114 5110; x_wconf 85' lang='lat' dir='ltr'><strong>haud</strong></span> <span class='ocrx_word' id='word_1_777' title='bbox 3139 5065 3465 5111; x_wconf 89' lang='lat' dir='ltr'><strong>cunctanter</strong></span> <span class='ocrx_word' id='word_1_778' title='bbox 3497 5069 3670 5125; x_wconf 64' lang='lat' dir='ltr'><strong>expoo</strong></span> <span class='ocrx_word' id='word_1_779' title='bbox 3766 5092 3769 5095; x_wconf 89' lang='lat'><strong><em>-</em></strong></span> 
     </span>
    </p>
   </div>
   <div class='ocr_carea' id='block_1_113' title="bbox 2083 5146 3670 5219">
    <p class='ocr_par' dir='ltr' id='par_1_113' title="bbox 2083 5146 3670 5219">
     <span class='ocr_line' id='line_1_113' title="bbox 2083 5146 3670 5219; baseline -0.002 -15"><span class='ocrx_word' id='word_1_780' title='bbox 2083 5148 2185 5204; x_wconf 85' lang='lat' dir='ltr'><strong>nit.</strong></span> <span class='ocrx_word' id='word_1_781' title='bbox 2223 5148 2332 5204; x_wconf 82' lang='lat' dir='ltr'><strong>Sed</strong></span> <span class='ocrx_word' id='word_1_782' title='bbox 2360 5146 2475 5219; x_wconf 88' lang='lat' dir='ltr'><strong>ipsa</strong></span> <span class='ocrx_word' id='word_1_783' title='bbox 2500 5149 2923 5218; x_wconf 89' lang='lat' dir='ltr'><strong>propemodum,</strong></span> <span class='ocrx_word' id='word_1_784' title='bbox 2950 5148 3155 5219; x_wconf 88' lang='lat' dir='ltr'><strong>quibus</strong></span> <span class='ocrx_word' id='word_1_785' title='bbox 3204 5162 3338 5204; x_wconf 88' lang='lat' dir='ltr'><strong>usus</strong></span> <span class='ocrx_word' id='word_1_786' title='bbox 3359 5157 3446 5202; x_wconf 89' lang='lat' dir='ltr'><strong>est</strong></span> <span class='ocrx_word' id='word_1_787' title='bbox 3479 5146 3670 5210; x_wconf 84' lang='lat' dir='ltr'><strong>verba,</strong></span> 
     </span>
    </p>
   </div>
   <div class='ocr_carea' id='block_1_114' title="bbox 2079 5237 3672 5314">
    <p class='ocr_par' dir='ltr' id='par_1_114' title="bbox 2079 5237 3672 5314">
     <span class='ocr_line' id='line_1_114' title="bbox 2079 5237 3672 5314; baseline -0.003 -17"><span class='ocrx_word' id='word_1_788' title='bbox 2079 5242 2235 5314; x_wconf 83' lang='lat' dir='ltr'><strong>juvat</strong></span> <span class='ocrx_word' id='word_1_789' title='bbox 2276 5241 2649 5312; x_wconf 88' lang='lat' dir='ltr'><strong>particulatim</strong></span> <span class='ocrx_word' id='word_1_790' title='bbox 2697 5240 2945 5297; x_wconf 71' lang='lat' dir='ltr'><strong>aﬂerre:</strong></span> <span class='ocrx_word' id='word_1_791' title='bbox 3003 5241 3303 5308; x_wconf 89' lang='lat' dir='ltr'><strong>Quidnam,</strong></span> <span class='ocrx_word' id='word_1_792' title='bbox 3334 5239 3532 5310; x_wconf 91' lang='lat' dir='ltr'><strong>inquit,</strong></span> <span class='ocrx_word' id='word_1_793' title='bbox 3601 5237 3672 5294; x_wconf 87' lang='lat' dir='ltr'><strong>ad</strong></span> 
     </span>
    </p>
   </div>
   <div class='ocr_carea' id='block_1_115' title="bbox 2082 5331 3677 5405">
    <p class='ocr_par' dir='ltr' id='par_1_115' title="bbox 2082 5331 3677 5405">
     <span class='ocr_line' id='line_1_115' title="bbox 2082 5331 3677 5405; baseline -0.001 -16"><span class='ocrx_word' id='word_1_794' title='bbox 2082 5335 2427 5389; x_wconf 85' lang='lat' dir='ltr'><strong>invisendam</strong></span> <span class='ocrx_word' id='word_1_795' title='bbox 2463 5333 2894 5405; x_wconf 77' lang='lat' dir='ltr'><strong>Hierosolymam</strong></span> <span class='ocrx_word' id='word_1_796' title='bbox 2920 5332 3209 5390; x_wconf 86' lang='lat' dir='ltr'><strong>dominum</strong></span> <span class='ocrx_word' id='word_1_797' title='bbox 3244 5331 3677 5401; x_wconf 83' lang='lat' dir='ltr'><strong>Xenophontem</strong></span> 
     </span>
    </p>
   </div>
   <div class='ocr_carea' id='block_1_116' title="bbox 2084 5424 3673 5499">
    <p class='ocr_par' dir='ltr' id='par_1_116' title="bbox 2084 5424 3673 5499">
     <span class='ocr_line' id='line_1_116' title="bbox 2084 5424 3673 5499; baseline -0.001 -18"><span class='ocrx_word' id='word_1_798' title='bbox 2084 5441 2149 5482; x_wconf 88' lang='lat' dir='ltr'><strong>ac</strong></span> <span class='ocrx_word' id='word_1_799' title='bbox 2199 5426 2477 5482; x_wconf 88' lang='lat' dir='ltr'><strong>dominam</strong></span> <span class='ocrx_word' id='word_1_800' title='bbox 2531 5426 2757 5481; x_wconf 80' lang='lat' dir='ltr'><strong>Mariam</strong></span> <span class='ocrx_word' id='word_1_801' title='bbox 2789 5426 3057 5499; x_wconf 75' lang='lat' dir='ltr'><strong>impulit?</strong></span> <span class='ocrx_word' id='word_1_802' title='bbox 3091 5441 3201 5482; x_wconf 91' lang='lat' dir='ltr'><strong>non</strong></span> <span class='ocrx_word' id='word_1_803' title='bbox 3223 5425 3371 5481; x_wconf 86' lang='lat' dir='ltr'><strong>aliud</strong></span> <span class='ocrx_word' id='word_1_804' title='bbox 3401 5424 3673 5497; x_wconf 83' lang='lat' dir='ltr'><strong>profecto,</strong></span> 
     </span>
    </p>
   </div>
   <div class='ocr_carea' id='block_1_117' title="bbox 2084 5508 3688 5595">
    <p class='ocr_par' dir='ltr' id='par_1_117' title="bbox 2084 5508 3688 5595">
     <span class='ocr_line' id='line_1_117' title="bbox 2084 5508 3688 5595; baseline -0.001 -21"><span class='ocrx_word' id='word_1_805' title='bbox 2084 5534 2249 5591; x_wconf 81' lang='lat' dir='ltr'><strong>quam</strong></span> <span class='ocrx_word' id='word_1_806' title='bbox 2279 5519 2581 5574; x_wconf 87' lang='lat' dir='ltr'><strong>liberorum</strong></span> <span class='ocrx_word' id='word_1_807' title='bbox 2616 5534 2790 5574; x_wconf 87' lang='lat' dir='ltr'><strong>amor.</strong></span> <span class='ocrx_word' id='word_1_808' title='bbox 2834 5518 2990 5574; x_wconf 88' lang='lat' dir='ltr'><strong>Bono</strong></span> <span class='ocrx_word' id='word_1_809' title='bbox 3025 5519 3191 5590; x_wconf 85' lang='lat' dir='ltr'><strong>igitur</strong></span> <span class='ocrx_word' id='word_1_810' title='bbox 3227 5522 3413 5574; x_wconf 86' lang='lat' dir='ltr'><strong>animo</strong></span> <span class='ocrx_word' id='word_1_811' title='bbox 3458 5508 3688 5595; x_wconf 60' lang='lat' dir='ltr'><strong>estote.l</strong></span> 
     </span>
    </p>
   </div>
   <div class='ocr_carea' id='block_1_118' title="bbox 2082 5608 3677 5680">
    <p class='ocr_par' dir='ltr' id='par_1_118' title="bbox 2082 5608 3677 5680">
     <span class='ocr_line' id='line_1_118' title="bbox 2082 5608 3677 5680; baseline -0.004 -12"><span class='ocrx_word' id='word_1_812' title='bbox 2082 5613 2293 5676; x_wconf 76' lang='lat' dir='ltr'><strong>Vivont</strong></span> <span class='ocrx_word' id='word_1_813' title='bbox 2333 5612 2505 5676; x_wconf 86' lang='lat' dir='ltr'><strong>enim,</strong></span> <span class='ocrx_word' id='word_1_814' title='bbox 2536 5611 2730 5666; x_wconf 87' lang='lat' dir='ltr'><strong>vivunt</strong></span> <span class='ocrx_word' id='word_1_815' title='bbox 2778 5611 3008 5666; x_wconf 90' lang='lat' dir='ltr'><strong>omnino</strong></span> <span class='ocrx_word' id='word_1_816' title='bbox 3042 5611 3142 5666; x_wconf 80' lang='lat' dir='ltr'><strong>lilii</strong></span> <span class='ocrx_word' id='word_1_817' title='bbox 3186 5610 3383 5675; x_wconf 90' lang='lat' dir='ltr'><strong>vestri,</strong></span> <span class='ocrx_word' id='word_1_818' title='bbox 3433 5608 3581 5680; x_wconf 85' lang='lat' dir='ltr'><strong>quod</strong></span> <span class='ocrx_word' id='word_1_819' title='bbox 3618 5614 3677 5661; x_wconf 87' lang='lat' dir='ltr'><strong>et</strong></span> 
     </span>
    </p>
   </div>
   <div class='ocr_carea' id='block_1_119' title="bbox 2084 5697 3676 5770">
    <p class='ocr_par' dir='ltr' id='par_1_119' title="bbox 2084 5697 3676 5770">
     <span class='ocr_line' id='line_1_119' title="bbox 2084 5697 3676 5770; baseline -0.007 -9"><span class='ocrx_word' id='word_1_820' title='bbox 2084 5704 2355 5761; x_wconf 82' lang='lat' dir='ltr'><strong>divinitus</strong></span> <span class='ocrx_word' id='word_1_821' title='bbox 2378 5701 2537 5758; x_wconf 89' lang='lat' dir='ltr'><strong>vobis</strong></span> <span class='ocrx_word' id='word_1_822' title='bbox 2555 5702 2860 5758; x_wconf 88' lang='lat' dir='ltr'><strong>revelatum</strong></span> <span class='ocrx_word' id='word_1_823' title='bbox 2893 5708 3000 5756; x_wconf 87' lang='lat' dir='ltr'><strong>est.</strong></span> <span class='ocrx_word' id='word_1_824' title='bbox 3042 5699 3120 5755; x_wconf 88' lang='lat' dir='ltr'><strong>lte</strong></span> <span class='ocrx_word' id='word_1_825' title='bbox 3154 5699 3344 5770; x_wconf 86' lang='lat' dir='ltr'><strong>igitur,</strong></span> <span class='ocrx_word' id='word_1_826' title='bbox 3382 5697 3676 5767; x_wconf 88' lang='lat' dir='ltr'><strong>Deumque</strong></span> 
     </span>
    </p>
   </div>
   <div class='ocr_carea' id='block_1_120' title="bbox 2084 5783 3689 5866">
    <p class='ocr_par' dir='ltr' id='par_1_120' title="bbox 2084 5783 3689 5866">
     <span class='ocr_line' id='line_1_120' title="bbox 2084 5783 3689 5866; baseline -0.009 -13"><span class='ocrx_word' id='word_1_827' title='bbox 2084 5793 2412 5866; x_wconf 84' lang='lat' dir='ltr'><strong>precamini,</strong></span> <span class='ocrx_word' id='word_1_828' title='bbox 2444 5791 2684 5863; x_wconf 85' lang='lat' dir='ltr'><strong>operarii</strong></span> <span class='ocrx_word' id='word_1_829' title='bbox 2710 5791 2887 5849; x_wconf 64' lang='lat' dir='ltr'><strong>vinea:</strong></span> <span class='ocrx_word' id='word_1_830' title='bbox 2905 5789 3045 5861; x_wconf 83' lang='lat' dir='ltr'><strong>ejus.</strong></span> <span class='ocrx_word' id='word_1_831' title='bbox 3075 5787 3307 5845; x_wconf 79' lang='lat' dir='ltr'><strong>Reversi</strong></span> <span class='ocrx_word' id='word_1_832' title='bbox 3330 5794 3493 5842; x_wconf 82' lang='lat' dir='ltr'><strong>natos</strong></span> <span class='ocrx_word' id='word_1_833' title='bbox 3513 5783 3689 5840; x_wconf 74' lang='lat' dir='ltr'><strong>vide-</strong></span> 
     </span>
    </p>
   </div>
   <div class='ocr_carea' id='block_1_121' title="bbox 3275 5884 3351 5947">
    <p class='ocr_par' dir='ltr' id='par_1_121' title="bbox 3275 5884 3351 5947">
     <span class='ocr_line' id='line_1_121' title="bbox 3275 5884 3351 5947; baseline -0.013 0"><span class='ocrx_word' id='word_1_834' title='bbox 3275 5884 3351 5947; x_wconf 82' lang='lat'><strong>33</strong></span> 
     </span>
    </p>
   </div>
  </div>
