4138 6442
474 309 628 377 1335
1696 323 2001 385 .MENSIS
2028 324 2501 389 “IANUARIUS.
3608 316 3747 381 ωδε

468 427 635 482 bilis.
669 425 796 482 Haec
825 425 1047 494 effatus,
1073 430 1415 501 multamque
1447 430 1554 488 illis
1584 433 1818 491 salutem
1851 437 2060 507 imper-

2163 438 2380 508 ὃψεσθε.
2414 438 2601 500 Οὕτως
2634 437 2828 503 εἰπὼν,
2861 437 3095 502 ἐκείνοις
3139 435 3239 508 μὲν
3267 431 3545 506 σωτηρίαν
3585 432 3754 486 ἑπευ-

485 520 847 586 tiens,.abiit,
887 521 1436 593 eorumpectoribus
1485 524 1724 581 maxima
1779 527 2062 598 voluptate

2170 530 2425 602 ξάμενος,
2457 531 2661 602 ἀφῆκε,
2700 528 2901 602 πολλὴν
2932 529 3115 585 αὐτῶν
3148 529 3230 593 είς
3271 528 3372 600 τήν
3401 525 3630 597 καρδίαν
3656 542 3758 578 κα-

482 613 745 683 perfusis.
806 614 1039 686 Jamque
1101 613 1258 672 brevi
1319 631 1381 674 se
1458 617 2069 678 desideratissimorum

482 711 789 774 conspectu
816 704 1087 763 fruiturus
1108 713 1265 762 certa
1292 708 1556 764 tenebant
1579 710 1710 777 ﬁde,
1736 726 1903 782 quam
1932 710 2067 770 satis

485 802 762 853 astrueret
813 804 926 851 tam
977 795 1204 853 deﬁnita
1232 797 1303 854 de
1328 799 1495 857 rebus
1523 801 1592 858 ad
1623 803 1774 877 ipsos
1799 813 2063 875 spectan-

484 884 631 938 tibus
644 885 1068 955 pronuntiatio.

537 976 748 1037 .XXlIl.
779 977 1059 1034 Ceterum
1086 994 1262 1036 senex
1276 981 1355 1036 ad
1383 989 1628 1038 sanctam
1660 982 1869 1039 Christi
1920 983 2067 1039 Ana-

482 1070 676 1126 stasim
714 1087 1062 1143 progressus,
1080 1072 1226 1128 haud
1252 1076 1449 1144 procul
1496 1074 1766 1147 Golgotha
1813 1076 2066 1133 consedit

484 1162 665 1218 humi.
705 1162 772 1217 Et
804 1179 935 1219 ecce
962 1164 1214 1221 Joannes
1255 1174 1587 1235 precaturus
1641 1166 1917 1237 procedit,
1967 1168 2066 1238 qui

482 1252 604 1308 viso
640 1268 772 1309 sene
798 1269 927 1309 eum
953 1263 1269 1321 veneratus,
1304 1263 1471 1327 atque
1494 1257 1750 1314 elucente
1797 1256 2065 1314 virtutum

482 1345 602 1416 ejus
632 1346 815 1415 specie
853 1355 1058 1412 motus,
1083 1346 1464 1403 adorationem
1504 1356 1774 1419 prompte
1816 1349 2061 1418 exhibet,

483 1432 764 1507 incognito
818 1438 1045 1507 quidem
1096 1437 1329 1502 homini,
1384 1452 1498 1494 non
1558 1448 1744 1495 tamen
1788 1440 1927 1511 ipse,
1973 1441 2056 1497 uti

481 1524 750 1591 dicemus,
797 1528 1131 1600 incognitus.
1160 1528 1535 1586 Admirandus
1561 1531 1711 1586 enim
1744 1547 1911 1588 senex
1938 1548 2068 1588 mox

475 1615 694 1685 jussum
726 1631 1080 1690 consurgere,
1109 1618 1670 1693 benedictionemque
1714 1622 2064 1694 impertiens,

479 1718 546 1760 ac
590 1719 692 1761 suo
740 1720 869 1762 eum
923 1709 1151 1766 nomine
1185 1710 1492 1782 appellans,
1545 1712 1702 1768 suavi
1749 1712 2067 1784 blandaque

469 1808 615 1852 -voce
635 1813 650 1850 :
668 1795 926 1863 Ubinam,
947 1798 1150 1871 inquit,
1169 1778 1441 1858 hactenus
1454 1802 1628 1871 fuisti,
1643 1804 1867 1859 domine
1890 1778 2030 1861 Joan
2045 1836 2061 1846 -
2091 1778 2140 1842 Β

461 1887 624 1943 mes?
652 1887 795 1945 Ecce
823 1890 973 1945 enim
1019 1901 1179 1962 pater
1208 1903 1265 1948 et
1295 1902 1472 1949 mater
1511 1897 1613 1960 tui,
1671 1896 1781 1952 huc
1823 1899 2062 1954 advene-

462 1987 631 2037 trunt.
653 1989 970 2048 quaerentes
997 1990 1070 2036 te.
1098 1982 1204 2038 Sed
1233 1993 1290 2040 et
1322 1993 1373 2040 te
1401 1987 1684 2056 quaerendi
1722 1988 1912 2043 fratris
1931 2004 2063 2062 ergo

463 2067 693 2122 «venisse
714 2071 863 2125 novi.
889 2072 1015 2127 Hac
1033 2072 1222 2129 divino
1249 2090 1476 2146 prorsus
1498 2077 1759 2133 instinctu
1788 2093 1819 2133 a
1842 2079 2063 2137 seniore

478 2162 691 2233 prolata
739 2167 1171 2233 oratio,..loanni
1223 2179 1506 2240 stuporem
1543 2172 1771 2244 injecit;
1823 2189 2064 2245 cumque

478 2248 644 2326 longo
663 2256 776 2327 jam
806 2256 994 2314 fratris
1026 2259 1305 2316 desiderio
1332 2271 1643 2330 teneretur,
1674 2273 1900 2336 arrepto
1928 2281 2063 2321 eon-

478 2343 663 2401 festim
692 2346 970 2417 loquentis
1018 2365 1305 2408 sermone:
1332 2352 1468 2419 Ubi,
1502 2353 1703 2424 inquit,
1742 2355 1857 2421 ubi,
1893 2355 2059 2411 obse-

478 2450 597 2502 cro,
623 2438 699 2492 mi
729 2437 910 2505 Pater,
944 2449 1030 2497 est.
1058 2446 1577 2513 germanusmeus?
1621 2446 1854 2503 Ubinam
1886 2457 2062 2504 terra-

480 2529 640 2579 rum?
677 2526 823 2582 Vivit
842 2527 1054 2599 igitur?
1078 2546 1112 2584 ο
1136 2532 1597 2602 jucundissimam
1640 2537 1777 2591 mihi
1825 2541 2059 2594 vocem!

479 2633 512 2667 ο
533 2615 750 2672 dulcem
775 2619 1047 2691 linguaml
1084 2622 1293 2680 Audire
1314 2641 1479 2695 quam
1508 2642 1637 2682 mox
1664 2628 1939 2699 discupio,
1967 2630 2062 2685 ubi

457 2707 704 2765 fratrem
736 2724 1139 2783 conspecturus
1168 2717 1294 2772 sim.
1341 2718 1539 2774 Nonne
1566 2734 1665 2775 eor
1692 2735 1876 2776 meum
1905 2737 2062 2776 exar-

463 2800 618 2855 sisse
668 2802 1101 2862 animadvertis?
1135 2822 1335 2877 meque
1362 2809 1517 2864 velut
1568 2811 1902 2867 seminecem
1941 2814 2063 2884 ejus

478 2889 760 2951 desiderio
805 2895 1202 2953 contabuissc?
1232 2899 1304 2954 At
1354 2899 1586 2957 senior:
1639 2900 1739 2957 Hie
1792 2903 1937 2973 apud
1974 2920 2061 2960 me

480 2990 756 3060 tantisper
789 2992 1007 3060 asside;
1039 3001 1095 3048 et
1116 3009 1241 3050 mox
1267 2995 1495 3054 fratrem
1520 2999 1757 3056 videbis.

2165 623 2367 695 ταχέας
2390 626 2492 694 τὴν
2512 623 2732 695 ήδονήν.
2754 622 2846 695 Τῷ
2867 622 2977 693 γὰρ
2999 621 3143 676 οὕτω
3161 618 3598 691 διορατικὼτατα
3624 633 3691 670 πε
3699 615 3757 688 ρὶ

2166 715 2345 771 αὐτῶν
2373 716 2637 784 ἐξειπεῖν,
2673 716 2857 770 πίστιν
2882 716 3071 778 αὐτοῖς
3108 716 3339 784 παρεῖχε
3369 712 3466 771 καὶ
3488 712 3617 782 περὶ
3640 711 3754 765 τῶν

2166 809 2324 876 υίῶν,
2358 808 2454 863 καὶ
2481 809 2564 863 ὅτι
2598 808 2740 880 μετά
2774 807 2970 880 μικρὸν
3014 807 3239 878 ὄψονται
3263 806 3391 869 τοὺς
3442 803 3751 874 φιλτάτους.

2238 973 2331 1027 ΚΓ
2332 971 2365 1029 ’.
2413 970 2585 1034 Αὐτὸς
2617 972 2674 1025 δὲ
2713 974 2794 1035 εἰς
2834 973 2933 1042 τὴν
2971 969 3065 1024 τοῦ
3110 969 3349 1039 Χριστοῦ
3386 968 3549 1036 ἀγίαν
3592 967 3751 1021 Ἀνά-

2167 1080 2357 1119 στασιν
2386 1062 2659 1130 ἀπελθὼν,
2704 1061 3055 1128 ὲν.γειτόνων
3085 1059 3180 1113 τοῦ
3203 1054 3474 1126 Γολγοθᾶ,
3500 1057 3755 1112 ἐκάθισεν

2166 1161 2253 1215 ἐπ’
2301 1159 2557 1228 ἐδάφους.
2590 1159 2703 1214 Καὶ
2730 1159 2866 1222 ίδοὺ,
2907 1157 3193 1229 πρόσεισιν
3219 1158 3248 1210 ό
3302 1156 3558 1225 Ἰωάννης
3603 1154 3759 1219 εὐξό-

2169 1264 2366 1321 μενοςο
2387 1248 2448 1314 ὃς
2481 1247 2606 1303 ἐπεὶ
2633 1247 2729 1302 ίδοι
2753 1247 2846 1303 τὸν
2874 1247 3128 1317 γέροντα,
3164 1244 3432 1307 αἰδεσθεὶς
3464 1244 3563 1298 καὶ
3594 1243 3755 1314 μόνον

2165 1337 2274 1394 ἀπὸ
2305 1337 2408 1409 τῆς
2450 1335 2866 1409 ἑπιπρεπούσης
2905 1335 3057 1406 αὐτῷ
3090 1333 3293 1405 ἀρετῆς
3315 1373 3331 1399 ,
3378 1334 3755 1405 προσκύνησιν

2167 1428 2412 1494 εὐλαϐῶς
2469 1429 2677 1494 ἐδίδου,
2733 1428 2914 1483 καίτοι
2981 1427 3195 1496 ἀγνοῶν
3249 1425 3342 1480 τὸν
3414 1427 3603 1497 ἄνδρα,
3677 1426 3755 1497 μὴ

2165 1519 2552 1591 ἀγνοούμενος,
2571 1517 2724 1574 ὥσπε
2732 1536 2763 1590 ρ
2779 1519 2883 1591 ήδη
2907 1519 3001 1574 καὶ
3024 1518 3217 1589 όλόγος
3239 1514 3490 1589 δηλώσει.
3520 1516 3755 1588 "Avia-aq

2166 1616 2277 1687 γὰρ
2327 1614 2491 1670 αὐτὸν
2536 1615 2882 1686 παραχρῆμα
2932 1613 2963 1666 ό
3014 1611 3320 1683 θαυμάσιος
3348 1610 3553 1681 γέρων,
3595 1610 3754 1663 εὐλο-

2166 1710 2346 1780 γήσας
2374 1723 2432 1762 τε
2473 1709 2571 1762 καὶ
2600 1706 2840 1770 καλέσας
2874 1705 2942 1760 ἐκ
2989 1703 3085 1758 τοῦ
3139 1703 3403 1775 ὀνόματος
3435 1700 3576 1774 ήπίᾳ.
3610 1702 3752 1756 πάνυ

2168 1798 2262 1853 καὶ
2312 1800 2578 1870 προσηνεῖ
2600 1800 2668 1869 τῇ
2702 1798 2878 1869 φωνῇ.
2925 1794 3062 1863 Ποῦ,
3096 1794 3267 1866 φησὶν
3299 1789 3446 1864 ἦσθα
3483 1791 3546 1846 τδ
3586 1792 3751 1865 μέχρι

2166 1894 2379 1959 τούτου,
2413 1891 2539 1962 κῦρι
2581 1892 2840 1962 Ἰωάννης
2879 1890 3012 1946 Ἰδοὺ
3052 1888 3160 1960 γὰρ
3202 1888 3230 1942 ὅ
3258 1904 3317 1941 τε
3353 1886 3538 1958 πατὴρ
3581 1888 3679 1941 καὶ
3714 1887 3752 1956 ή

2169 1987 2354 2057 μήτηρ
2389 2002 2481 2038 σου
2521 1984 2590 2038 τά
2640 1983 2878 2037 ἐνταῦθα
2898 1982 3196 2037 κατέλαϐον
3233 1978 3620 2050 ἐπιζητοῦντες
3643 1995 3705 2032 σε
3733 1994 3750 2011 θ

2164 2074 2281 2133 οἶδα
2303 2077 2360 2132 δὲ
2385 2078 2469 2131 ὅτι
2496 2077 2592 2131 καὶ
2617 2076 2779 2140 αὐτὸς
2809 2079 2872 2130 σὺ
2898 2076 2990 2129 τὸν
3018 2075 3246 2144 ἀδελφὺν
3270 2073 3362 2126 τὸν
3383 2072 3476 2125 σὺν
3503 2070 3755 2141 ἐκζητῶν

2165 2169 2451 2240 ἐλήλυθας.
2496 2168 2715 2239 Θάμϐος
2747 2167 2966 2239 εἰσῆλθε
3007 2167 3099 2221 τὸν
3155 2164 3432 2236 Ἰωάννην,
3461 2164 3604 2218 οὕτω
3627 2164 3751 2217 Beo-

2166 2262 2451 2325 πνεύστως
2485 2261 2769 2331 εἰρηκότος
2820 2259 2916 2312 τοῦ
2956 2257 3212 2328 γέροντος
3240 2272 3254 2286 °
3289 2257 3385 2309 καὶ
3422 2256 3543 2308 ἐπεὶ
3582 2255 3754 2317 πολὺς

2120 2390 2126 2397 -
2165 2352 2326 2408 αὐτὸν
2371 2347 2486 2423 εἶχε
2518 2350 2682 2415 πόθος
2731 2350 2827 2404 τοῦ
2870 2348 3128 2419 ἀδελφοῦ,
3173 2349 3426 2419 ἀρπάσας
3462 2347 3525 2399 τὸ
3560 2345 3751 2416 λεχθὲν

2165 2445 2388 2513 αὐτίκα,
2425 2445 2536 2498 Καὶ
2572 2443 2675 2497 ποῦ
2720 2440 2851 2515 ἆρα,
2897 2442 3024 2507 ποῦ,
3067 2442 3197 2512 ἔφη,
3248 2440 3503 2508 ἀδελφὸς,
3532 2439 3746 2508 -Πάτερ,

2165 2541 2195 2593 ό
2236 2538 2387 2609 ἐμὸς,
2437 2535 2582 2609 ποῦς
2625 2537 2690 2607 ζῇ
2731 2536 2790 2588 δὲ
2818 2535 2990 2598 ὅλωςς
3041 2535 3106 2587 Ὢ
3137 2536 3382 2605 ῥήματος
3421 2531 3673 2604 ήδίστουὶ
3706 2529 3755 2581 ὦ

2163 2628 2419 2698 γλυκείας
2449 2627 2731 2698 γλώττηςι
2770 2626 2991 2680 ἀκούσω
3019 2626 3080 2679 τὸ
3119 2626 3305 2696 τάχος,
3338 2624 3443 2677 ποῦ
3479 2624 3570 2676 τὸν
3598 2620 3754 2675 ἀδελ-

2165 2721 2265 2792 φὸν
2286 2719 2528 2790 scopa;
2567 2720 2720 2790 ὁρᾷς,
2753 2718 2901 2781 ὅπως
2932 2718 3336 2788 ὲμπέπρησμαι
3361 2716 3461 2785 τὴν
3495 2713 3749 2784 καρδίαν.
3822 2718 3827 2722 ’

2162 2814 2312 2875 ὅπως
2351 2811 2623 2881 ὲκτέτηκα
2652 2810 2749 2863 καὶ
2797 2809 3032 2880 ἡμιθνής
3074 2809 3191 2879 είρι
3237 2808 3305 2861 δι’
3348 2806 3547 2872 αὐτόν;
3587 2808 3752 2863 Καὶό

2164 2905 2365 2975 γέρων,
2395 2902 2643 2966 Καθέζου
2672 2902 2806 2972 παρ’
2833 2901 2978 2972 ἐμοὶ,
3009 2900 3136 2971 ἔφη,
3164 2899 3259 2955 καὶ
3286 2899 3407 2970 ὄψει
3434 2899 3630 2953 θᾶττον
3656 2897 3752 2953 τὸν

2164 2996 2412 3066 ἀδελφόν.

550 3079 743 3137 XXIV.
769 3082 963 3153 Neque
997 3084 1160 3157 longa
1187 3086 1293 3142 fuit
1320 3104 1474 3144 mora
1510 3105 1637 3146 cum
1672 3092 1944 3150 Arcadius
1966 3094 2033 3149 ad

2235 3084 2364 3143 KA'.
2407 3087 2618 3157 Ὀλίγον
2663 3084 2805 3141 πάνυ
2839 3084 2902 3138 τὸ
2949 3083 3153 3156 μεταξὺ
3184 3100 3276 3155 ην,
3308 3084 3405 3137 καὶ
3432 3083 3693 3187 πάρεισιν
3721 3082 3753 3137 δ

476 3164 585 3227 an
618 3213 632 3237 ,
665 3180 813 3229 totus
844 3176 1135 3247 exsanguis
1161 3190 1225 3233 ac
1270 3179 1513 3247 tabidus,
1544 3181 1773 3252 soloque
1809 3193 1962 3238 motu
2004 3195 2061 3240 et

479 3279 614 3319 voce
642 3263 773 3325 visae
818 3264 1001 3321 adhuc
1053 3269 1372 3338 superstitis
1402 3270 1609 3328 faciens
1654 3273 1840 3330 ﬁdem.
1887 3275 2063 3332 Tanta

478 3352 557 3405 illi
593 3354 926 3409 venerandae
949 3355 1258 3427 sobriasque
1286 3358 1635 3418 abstinentia:
1682 3363 1864 3418 fuerat
1905 3378 2058 3421 cura.

478 3442 558 3497 Ad
581 3458 770 3499 senem
807 3446 974 3517 igitur
1002 3449 1317 3506 verecunde
1347 3451 1707 3524 modesteque
1748 3455 2018 3512 accedens
2045 3497 2060 3522 ,

476 3535 642 3602 Ecce,
664 3538 865 3610 inquit,
896 3541 968 3595 mi
996 3539 1312 3615 Pater,jam
1347 3546 1544 3602 tertius
1564 3557 1650 3603 est
1678 3564 1877 3616 annus,
1910 3561 2063 3621 post-

476 3644 643 3701 quam
697 3645 888 3702 agrum
937 3643 1092 3690 tuum
1143 3637 1293 3693 nulla
1324 3638 1668 3709 inspectione
1698 3642 1954 3714 dignatus
1976 3659 2059 3710 es,

476 3734 601 3774 cum
637 3719 750 3791 ipse
781 3722 1001 3779 interim
1030 3727 1296 3797 plurimas
1319 3730 1509 3801 spinas
1549 3733 1904 3806 tribulosque
1934 3751 2075 3808 pro-

477 3810 684 3867 tulerit.
715 3813 1009 3885 Reliquum
1040 3827 1125 3874 est
1152 3819 1345 3891 igitur,
1378 3831 1440 3877 ut
1485 3832 1772 3881 strenuam
1809 3827 1877 3883 ei
1926 3843 2060 3899 pur-

474 3903 654 3971 gando
685 3919 909 3974 operam
941 3923 1130 3965 naves.
1147 3910 1248 3966 Cui
1276 3928 1486 3969 senex:
1519 3913 1903 3988 Nequaquam,
1951 3920 2056 3988 ait,

454 3994 553 4048 .ita
576 4009 667 4050 res
696 3995 900 4063 habet;
926 4015 1053 4054 nam
1078 3998 1403 4073 etquotidie
1429 4020 1558 4061 eum
1588 4006 1826 4079 inspexi,
1847 4021 1903 4067 et
1921 4013 2062 4068 mul-

455 4095 593 4140 tum
620 4087 687 4142 de
709 4102 778 4142 eo
805 4089 1075 4146 sollicitus
1097 4091 1175 4147 fui
1215 4111 1229 4148 :
1254 4110 1430 4164 quare
1455 4112 1566 4152 non
1596 4099 1804 4169 spinas,
1837 4103 2056 4173 Opinor,

470 4184 575 4229 aut.
609 4176 845 4233 tribulos
865 4181 1119 4250 protulit,
1160 4183 1259 4239 sed
1285 4200 1419 4240 uvas
1438 4186 1634 4254 bonas,
1690 4188 2060 4249 frumentum-

476 4277 911 4337 que‘maturum,
939 4270 1144 4342 quibus
1178 4274 1444 4330 nimirum
1478 4276 1596 4349 ipse
1628 4277 1740 4335 Rex
1768 4281 2058 4340 universo-

476 4372 599 4411 rum
626 4357 956 4417 delectatur.

2177 3178 2483 3251 Ἀρκάδιοῇ
2523 3177 2703 3249 ὠχρὸς
2742 3178 2885 3246 ἄγαν
2915 3175 3013 3232 καὶ
3055 3174 3321 3246 τακηρδς,
3361 3173 3517 3245 μόλις
3556 3175 3619 3229 τὺ
3672 3176 3750 3246 μὴ

2163 3269 2356 3340 νεκρὸς
2383 3265 2666 3332 εἶναιτοῖς
2696 3267 2966 3339 κινήμασι
3003 3267 3187 3340 μόνοις
3227 3266 3324 3322 καλ⁸
3365 3268 3430 3338 τῇ
3471 3269 3623 3338 φωνῇ
3661 3283 3756 3320 πι-

2165 3361 2458 3433 στούμενος
2483 3375 2498 3391 ·
2526 3360 2779 3414 τοσοῦτον
2818 3359 3152 3428 ἐγκρατείας
3188 3358 3474 3430 ἐφρόντισε
3504 3356 3604 3425 τῆς
3638 3357 3750 3411 σώ-

2165 3470 2361 3525 φρονος
2391 3452 2488 3508 καὶ
2526 3452 2752 3524 σεμνῆς.
2780 3448 3102 3522 Προσελθὼν
3127 3444 3221 3505 οὗν
3262 3450 3342 3520 τῷ
3374 3451 3596 3520 γέροντι
3624 3448 3745 3502 λίαν

2164 3543 2409 3608 εὐλαϐῶς
2437 3543 2532 3599 καὶ
2585 3541 2843 3614 μετρίως,
2886 3541 3044 3608 Ἰδοὺ,
3077 3540 3263 3613 τρίτον
3310 3540 3451 3605 ἔτος,
3498 3541 3653 3611 φησὶ,
3686 3541 3749 3608 ἐξ

2162 3631 2226 3694 οὗ
2265 3636 2356 3692 τδν
2386 3636 2557 3708 άγρδν
2597 3635 2690 3691 τδν
2730 3636 2823 3690 σὺν
2863 3634 3145 3706 οὐδεμιᾶς,
3186 3634 3393 3705 Πάτερ,
3441 3633 3751 3702 ἐπισκοπῆς

2163 3731 2430 3803 ἠξίωσας,
2453 3729 2550 3785 καὶ
2580 3728 2745 3793 αὐτὸς
2770 3726 3014 3791 ἀκάνθας
3037 3717 3136 3781 καὶ
3157 3726 3443 3798 τριϐόλους
3471 3727 3751 3798 ἀνήνεγκε

2163 3823 2447 3885 πλείστας.
2496 3820 2759 3876 Λείπεται
2814 3819 2910 3875 οὖν
2959 3836 3019 3873 σε
3071 3818 3243 3873 πολλά
3294 3819 3559 3873 κοπιάσαι
3609 3819 3750 3888 πρὸς

2160 3914 2261 3986 τήν
2286 3912 2453 3967 αὑτοῦ
2480 3911 2770 3984 κάθαρσιν.
2806 3911 2922 3965 Οὐκ
2949 3907 3147 3979 ἔγωγε,
3177 3904 3330 3964 εἶπεν
3351 3912 3379 3964 ὁ
3409 3908 3608 3981 γέρων,
3631 3910 3751 3963 ἀλλ’

2161 4004 2379 4076 ἡμέραν
2420 4002 2663 4073 ἑκάστην
2697 4000 3119 4072 ἑπεσκεπτόμην
3160 4000 3347 4065 αὐτὸν,
3405 4001 3501 4053 καὶ
3542 3999 3753 4070 πολλῆς

2158 4094 2344 4167 ἠξίουν
2369 4094 2712 4166 ἐπιμελείας,
2733 4093 2841 4148 καὶ
2865 4088 3043 4175 οἴμαι,
3077 4091 3152 4156 ὼς
3188 4091 3315 4146 οὔτε
3351 4090 3598 4156 ἀκάνθας
3621 4091 3753 4145 οὔτε

2163 4190 2272 4260 μὴν
2319 4188 2609 4259 τριϐόλους
2659 4186 2886 4256 ἀνῆκεν,
2933 4183 3074 4239 ἀλλὰ
3120 4184 3399 4257 σταφυλήν
3439 4182 3612 4255 καλὴν
3655 4186 3753 4237 καὶ

2162 4283 2307 4333 σῖτον
2333 4278 2567 4351 ὦριμον,
2602 4272 2686 4342 οἷς
2717 4278 2826 4348 ἄρα
2868 4275 2965 4331 καὶ
3011 4275 3041 4328 ό
3085 4275 3352 4339 Βασιλεὺς
3400 4274 3593 4347 ήδεται
3639 4275 3754 4329 τῶν

2160 4372 2435 4426 ἀπάντων.

547 4448 711 4505 XXV.
745 4451 871 4510 Haec
907 4454 1234 4525 prolocutus
1282 4459 1369 4515 vir
1403 4459 1630 4519 divinus
1678 4465 1927 4522 nondum
1970 4466 2053 4523 eis

2230 4462 2364 4519 KE’.
2377 4463 2487 4517 Kal.
2512 4461 2656 4516 οὕτω
2683 4462 2783 4534 μὲν
2809 4463 2837 4517 ό
2866 4461 3007 4527 θεῖος
3019 4456 3173 4516 εἷπεν
3202 4461 3369 4532 ἀνήρ’
3391 4459 3468 4532 μὴ
3485 4457 3753 4533 προσθεὶς

474 4555 631 4596 suam
678 4541 1084 4603 fraternitatem
1133 4550 1374 4620 aperuit,
1404 4555 1715 4624 praesertim
1751 4572 1879 4614 cum
1916 4559 2060 4616 invi-

473 4644 593 4687 cem
626 4635 836 4690 tamob
866 4638 1229 4695 mutationem
1280 4640 1524 4709 habitus,
1576 4659 1746 4714 quam
1801 4648 1875 4704 ob
1906 4663 2061 4705 sum-

471 4738 619 4779 mam
667 4740 965 4798 eorporum
1005 4733 1460 4791 extenuationem
1501 4734 1930 4809 haudquaquam
1964 4754 2060 4809 ag-

470 4830 769 4877 noscerent
792 4838 1072 4897 ;.cumque
1095 4826 1201 4883 alia
1223 4828 1461 4900 quadam
1495 4830 1709 4887 ratione
1736 4832 1963 4887 eosdem
1999 4832 2058 4889 in

471 4910 721 4966 mutuam
751 4916 1120 4985 cognitionem
1148 4921 1436 4978 statuisset
1459 4921 1759 4978 adducere.
1783 4922 1866 4978 Ad
1889 4923 2061 4980 Joan-

388 5078 395 5085 _
471 5013 597 5057 nem
628 5003 814 5075 itaque
842 5022 903 5063 se
934 5021 1286 5083 convertens,
1320 5013 1500 5081 Unde,
1554 5014 1865 5087 inquiebat,
1895 5017 2057 5074 veni-

471 5094 578 5148 sti?
605 5094 699 5151 llte
730 5112 863 5154 vero
901 5115 1027 5156 eum
1053 5109 1204 5158 tanta
1237 5105 1406 5160 animi
1439 5105 1820 5165 moderatione
1887 5118 2055 5180 atque

470 5186 803 5256 humilitate,
839 5201 1042 5261 quanta
1066 5193 1176 5251 dici
1202 5194 1291 5252 vix
1315 5205 1513 5266 potest,
1541 5198 1733 5255 eadem
1760 5215 1899 5271 pene
1924 5215 2057 5257 usus

467 5296 626 5351 voce,
663 5299 773 5353 qua
808 5299 840 5339 a
864 5286 1155 5360 naufragio
1195 5297 1449 5346 recenter
1495 5302 1771 5361 servatus,
1804 5308 1930 5349 cum
1984 5294 2054 5351 ad

398 5418 411 5429 .
469 5364 870 5433 monasterium
899 5380 1140 5450 primum
1172 5382 1484 5450 accederet,
1513 5399 1649 5442 usus
1688 5385 1902 5444 fuerat:
1947 5385 2053 5444 Ho-

355 5494 359 5499 -
468 5481 582 5529 mo.
616 5467 815 5539 inquit,
838 5480 1100 5528 externus
1129 5489 1193 5529 ac
1223 5474 1350 5530 vilis
1394 5490 1541 5542 sum,
1589 5476 1790 5533 divina:
1836 5479 2053 5535 miseri-

476 5558 681 5620 cordia:
743 5569 1073 5634 tuarumque
1119 5567 1501 5637 precationum
1548 5569 1790 5641 indigus.
1843 5570 2051 5628 Tantus

472 5650 554 5705 illi
605 5652 784 5709 inerat
841 5656 1126 5713 modestia:
1157 5673 1334 5715 amor.
1367 5658 1550 5727 Quare
1581 5669 1638 5716 et
1680 5662 1734 5717 in
1765 5663 2048 5719 meliorem

2161 4554 2221 4611 δὲ
2248 4554 2491 4627 δηλῶσαι
2520 4554 2619 4626 τήν
2667 4554 3008 4626 ἀδελφότητα
3035 4552 3341 4626 (ἠγνόησαν
3352 4552 3461 4623 γάρ
3482 4551 3753 4622 ἀλλήλους
3806 4582 3811 4587 ~

2160 4648 2226 4705 εκ
2250 4666 2312 4704 τε
2340 4649 2442 4720 τῆς
2468 4646 2773 4722 μεταϐολῆς
2810 4647 2923 4703 τῶν
2951 4646 3269 4718 ἐνδυμάτων
3297 4644 3518 4716 καὶτῆς
3541 4644 3748 4713 πολλῆς

2159 4738 2256 4793 τοῦ
2273 4738 2529 4812 σώματος
2543 4738 2796 4811 τήξεως),
2818 4738 3022 4810 τρόπον
3041 4737 3131 4791 ἒτε
3138 4753 3233 4809 ρον
3252 4732 3515 4806 ἠϐούλετο
3533 4734 3751 4798 τούτοις

2157 4834 2252 4890 τὸν
2283 4833 2701 4904 ἀναγνωρισμδν
2720 4832 3003 4903 ἐμϐαλεῖν.
3036 4829 3212 4885 Πόθεν
3230 4828 3524 4901 τοιγαροῦν
3552 4827 3755 4900 ὥρμη-

2162 4943 2283 4996 σαι;
2321 4926 2401 4997 τῷ
2440 4925 2665 4999 Ἰωάννῃ
2698 4923 2855 4995 φησί.
2911 4923 2973 4976 '0
3004 4923 3060 4976 δὲ
3101 4921 3242 4994 μετά
3270 4921 3446 4993 πόσης
3474 4919 3543 4974 ἂν
3570 4917 3753 4981 εἴποις

2156 5019 2258 5092 τῆς
2282 5015 2707 5091 μετριοπαθείας
2736 5014 2833 5069 καὶ⁵
2856 5012 3264 5078 ταπεινώσεως,
3288 5014 3358 5084 τῇ
3380 5010 3520 5082 αὐτῇ
3544 5007 3754 5080 ἐχρῆτο

2159 5113 2338 5183 φωνῇ,
2387 5103 2555 5186 ᾖκαὶ
2612 5108 2883 5180 πρότερον
2923 5104 2987 5159 τὸ
3038 5105 3301 5173 ναυάγιον
3348 5103 3592 5167 ὑποστάς
3648 5100 3750 5156 καὶ

2156 5200 2447 5267 διασωθεὶς
2495 5203 2564 5274 τῇ
2618 5203 2755 5272 μονῇ
2808 5196 3162 5269 προσῆλθεν,
3223 5193 3550 5267 Ἄνθρωπός
3602 5194 3748 5265 ειμι,

2156 5295 2333 5365 λέγων
2355 5335 2370 5358 ,
2413 5292 2565 5361 ξένος
2608 5292 2704 5345 καὶ
2738 5287 2997 5353 ταπεινὸς
3022 5327 3038 5353 ,
3094 5286 3315 5358 ἐπιδεὴς
3365 5285 3553 5349 ἐλέους
3603 5284 3745 5339 Θεοῦ

2156 5389 2252 5444 καὶ
2276 5388 2387 5442 τῶν
2427 5386 2537 5441 σῶν
2565 5384 2739 5455 ἀγίων
2775 5382 2951 5455 εὐχῶν
2983 5399 2995 5413 ·
3018 5380 3162 5435 οὕτω
3190 5381 3455 5452 διάπυρος
3504 5378 3751 5451 ἐραστὴς

2152 5476 2222 5554 ἧν
2249 5479 2344 5534 τοῦ
2373 5479 2594 5551 μετρίου
2618 5493 2632 5509 ο
2661 5477 2756 5531 καὶ
2786 5476 2872 5529 ἵνα
2893 5474 2954 5528 τὸ
2976 5474 3076 5542 τῆς
3100 5471 3251 5534 θείας
3280 5473 3506 5543 Γραφῆς
3530 5470 3749 5540 εἴποιμι

2155 5572 2293 5647 πρὸς
2335 5572 2397 5626 τὸ
2438 5570 2806 5644 χρηστότερον
2844 5564 3114 5633 ἐκλαϐὼν,
3165 5584 3185 5618 ι
3220 5565 3452 5632 Γέγονεν
3484 5562 3633 5633 αύτῷ
3662 5562 3748 5626 ὡς

2157 5666 2391 5737 ἱμάτιον,
2415 5663 2444 5716 δ
2463 5661 2875 5734 περιϐάλλεται,
2901 5660 2935 5729 ἡ
2959 5658 3287 5722 ταπείνωσις
3316 5672 3362 5710 ἰ
3396 5654 3533 5728 πρὸς
3562 5652 3745 5708 ταῦτα

472 5748 688 5810 partem
738 5744 889 5800 illum
942 5745 1242 5819 Scriptura:
1270 5750 1449 5808 locum
1481 5752 1550 5809 de
1590 5767 1661 5808 eo
1688 5754 2047 5824 pronuntiare

2162 5756 2402 5828 ΰγέρων,
2450 5756 2579 5822 Ναὶ,
2614 5754 2802 5825 φησίν·
2849 5752 2964 5807 ἀλλ’
3017 5752 3140 5808 εἰπὲ
3166 5752 3226 5806 τό
3251 5767 3310 5806 τε
3330 5750 3487 5822 γένος
3525 5748 3586 5803 τὸ
3616 5746 3749 5817 σὺν,
