4138 6454
430 336 565 418 ibi}?

1637 350 1818 421 VI'TA
1857 362 1917 421 S.
1954 358 2369 422 XENOPHON
2377 359 2520 423 TIS.

3544 357 3688 427 1038

425 467 523 520 καὶ
555 464 655 537 τὴν
685 465 889 538 χώραν,
937 470 1033 526 καὶ
1063 461 1160 544 τὴν
1204 464 1540 545 ἀνατροφὴν,
1589 464 1678 527 ἵνα
1731 474 1827 528 καὶ
1866 473 2010 528 οὕτω

2129 489 2335 544 possum
2361 492 2375 526 :
2402 495 2419 526 ι
2452 474 2845 531 Faetaeratilli
2876 484 3138 548 tanquam
3160 475 3331 534 vestis
3355 489 3464 547 qua
3495 475 3697 533 induc-

426 553 561 618 Θεὸς
597 554 852 629 δοξασθῇ.
898 558 958 614 ’0
983 560 1166 616 τοίνυν
1207 563 1462 636 Ἰωάννης
1513 563 1674 634 λόγου
1706 564 2008 636 ἁψάμενος,

425 644 495 698 τά
539 644 636 699 ἀπ’
667 648 844 720 ἀρχῆς
882 650 1011 723 ἄχρι
1053 652 1242 717 τέλους
1297 654 1477 727 ἐπῄει,
1514 655 1611 709 καὶ¹
1656 659 1723 728 τῇ
1756 657 2011 728 διηγήσει

426 737 789 808 γνωρίσματα
809 757 932 795 τινα
983 744 1084 814 τῆς
1122 735 1440 814 συγγενείας
1477 746 1557 818 τῷ
1603 747 1819 819 ἀδελφῷ
1870 766 2010 819 παρ·

427 827 564 897 εἶχε,
633 834 1141 907 συμμαρτυρούσης
1172 838 1356 902 αὐτοῖς
1383 839 1480 894 καὶ
1514 838 2011 913 συμφθεγγομένης

427 917 529 989 τῆς
559 920 758 989 ὅψεως,
791 923 841 976 εί
874 925 971 978 καὶ
1002 927 1131 988 τοὺς
1178 931 1540 1002 χαρακτῆρας
1591 933 1822 1001 ἀσαφεῖς
1864 927 2012 1004 εἶχεν

428 1009 489 1062 ἐκ
540 1011 641 1082 τῆς
682 1011 889 1084 πολλῆς
927 1016 1340 1088 άμϐλυνθέντας
1373 1021 1768 1086 κακοπαθείας.
1838 1021 1924 1087 Ὠς
1955 1025 2012 1079 δὲ

428 1098 525 1152 καὶ
554 1101 685 1171 περὶ
708 1102 809 1173 τὴν
850 1104 1105 1177 διήγησιν
1133 1107 1229 1163 τοῦ
1261 1126 1318 1163 τε
1349 1110 1538 1165 πλοίου
1572 1113 1666 1166 καὶ
1699 1112 1791 1167 τοῦ
1828 1114 2013 1169 κινδύ-

429 1208 522 1281 νου
553 1195 817 1267 κατέστη,
845 1199 941 1251 καὶ
970 1201 1054 1255 ὅτι
1090 1201 1320 1272 ἀδελφὸς
1347 1204 1498 1278 αὐτῷ
1524 1197 1615 1281 ἦν,
1654 1199 1716 1261 οὗ
1750 1209 1847 1263 xal.
1877 1209 2015 1281 πρὸς

428 1278 599 1354 ὄνομα
624 1287 908 1358 μνησθεὶς,
936 1286 1191 1359 ἐστέναξε
1218 1296 1313 1350 καὶ
1340 1278 1559 1370 δάκρυα
1582 1299 1885 1367 κατέσταξε
1918 1278 2014 1356 τοῦ

429 1376 749 1447 προσώπου,
786 1382 863 1451 μὴ
889 1383 1132 1454 ἐνεγκὼν
1171 1389 1201 1442 6
1239 1388 1524 1460 Ἀρκάδιος
1548 1392 1648 1463 τὴν
1670 1393 1771 1464 τῆς
1800 1396 2015 1464 φύσεως

428 1469 745 1555 τυραννίδα,
774 1473 1036 1542 ἀναστὰς,
1092 1478 1189 1533 καὶ
1245 1479 1323 1552 τῷ
1383 1482 1606 1553 γέροντι
1662 1486 2012 1555 προσπεσὼν,

2114 564 2275 620 batur
2299 562 2669 622 humilitas‘.»
2691 566 2792 622 Cui
2814 582 3006 634 senex,
3029 568 3198 624 Recte
3215 567 3465 639 quidem,
3490 567 3694 639 inquit.

2115 652 2222 711 Sed
2253 664 2308 711 ct
2336 667 2512 727 genus
2569 667 2752 726 tuum,
2782 666 2839 713 et
2890 659 3149 729 patriam,
3176 668 3235 716 et
3279 656 3696 723 educationem,

2115 758 2178 803 ut
2217 749 2348 805 hinc
2381 764 2603 820 quoque
2651 747 2766 805 Deo
2791 751 3021 822 gloriam
3071 752 3404 819 tribuamus,
3458 765 3697 822 expone.

2116 838 2254 893 Tum
2282 838 2520 894 Joannes
2543 855 2852 895 sermonem
2892 839 3168 910 adoriens,
3215 842 3284 897 ab
3321 840 3483 898 initio
3532 839 3602 896 ad
3632 840 3700 894 fi-

2114 945 2242 985 nem
2260 946 2437 1001 usque
2465 940 2666 987 cuncta
2696 934 3070 1002 persequitur,
3097 941 3263 1004 atque
3295 935 3444 990 inter
3466 947 3700 988 narran-

2115 1021 2249 1077 dum
2289 1021 2443 1078 fratri
2474 1023 2742 1079 nonnulla
2772 1022 3121 1095 cognationis
3147 1024 3356 1080 indicia
3396 1024 3549 1091 facit,
3579 1039 3705 1094 quae

2116 1112 2303 1169 vultus
2330 1112 2504 1183 ipsius
2532 1114 2685 1168 velut
2713 1113 3033 1169 testimonio
3065 1121 3162 1170 aut
3181 1115 3307 1170 viva
3335 1115 3574 1185 quadam
3603 1130 3703 1170 vo-

2118 1219 2179 1261 ce
2201 1204 2695 1271 confirmabantur,
2716 1204 2819 1261 etsi
2850 1205 3185 1263 lineamenta
3204 1206 3452 1278 ejusdem
3476 1212 3557 1261 tot
3585 1221 3704 1261 ma-

2117 1298 2298 1352 lorum
2327 1298 2682 1368 perpessione
2729 1297 2988 1354 hebetata
3030 1313 3096 1353 ac
3157 1297 3561 1370 prepemodum
3607 1312 3706 1353 ex-

2118 1388 2322 1444 stincta
2356 1389 2698 1445 viderentur.
2725 1389 2932 1447 Verum
2964 1389 3060 1445 ubi
3086 1390 3428 1448 recensendo
3451 1402 3568 1446 tum
3600 1405 3706 1445 na-

2118 1480 2249 1551 vigii
2305 1488 2420 1535 tum
2446 1480 2679 1551 periculi
2729 1484 3073 1538 mentionem
3110 1482 3324 1552 injecit.
3375 1498 3442 1538 ac
3476 1482 3705 1538 fratrem

433 1553 621 1651 Οἶκος,
655 1561 830 1632 ἔλεγε,
866 1560 911 1620 ὦ
958 1568 1161 1638 Πάτερ,
1209 1574 1239 1625 6
1290 1572 1424 1644 ὲμδς
1453 1574 1682 1644 ἀδελφὸς
1708 1553 2014 1651 *Ἰωάννηῇ

2129 1588 2285 1643 quem
2325 1572 2613 1629 habuisset
2658 1573 2989 1639 nominavit,
3045 1583 3163 1629 tum
3211 1575 3498 1630 enimvero
3533 1574 3706 1631 Arca-

434 1644 590 1717 οὒτος
633 1655 661 1708 6
704 1657 996 1728 φίλτατος,
1033 1657 1190 1728 οὗτος
1226 1665 1454 1731 ἐκεῖνος,
1500 1670 1529 1722 6
1565 1668 1662 1739 τὴν
1710 1671 1885 1742 αὐτήν
1927 1644 2018 1744 μοι

2129 1663 2268 1727 dius,
2312 1672 2522 1720 naturae
2550 1664 2870 1720 violentiam
2905 1665 3047 1719 ultra
3108 1681 3221 1720 non
3272 1665 3479 1731 ferens,
3514 1681 3705 1721 erum-

437 1744 813 1814 συμπλεύσας,
863 1752 960 1806 καὶ
1014 1753 1076 1807 τὸ
1120 1755 1254 1809 αὐτὸ
1294 1757 1557 1827 ναυάγιον
1606 1760 1869 1827 ὑποστὰς,
1923 1762 2019 1817 καὶ

2129 1757 2384 1826 pentibus
2409 1757 2687 1828 suspiriis,
2736 1758 2997 1828 lacrymis
3035 1772 3133 1811 ora
3181 1756 3543 1827 perfundens,
3585 1772 3683 1812 sur

435 1838 781 1908 παραδόξως.
821 1842 897 1907 ὡς
933 1845 1066 1917 ὁρᾷν
1111 1846 1313 1920 ἔχοιμι,
1344 1820 1748 1918 συνδιασωθείς,
1784 1820 1880 1908 καλ
1923 1854 2019 1909 νῦν

2129 1850 2286 1916 rexit,
2321 1856 2487 1920 atque
2540 1849 2608 1904 ad
2666 1849 2902 1905 senioris
2948 1850 3117 1921 pedes
3166 1850 3526 1919 provolutus:
3583 1849 3705 1913 Hic.

435 1925 559 2017 ἐμοὶ
583 1930 1032 2005 παραδοξοτέρως
1061 1937 1368 2005 ἐπιφανείς.
1397 1940 1461 1992 Ὢ
1485 1941 1637 2005 θείας
1670 1943 2014 2014 οίκονομίαςί

2129 1939 2325 2011 inquit,
2375 1941 2450 1995 mi
2491 1940 2670 2005 Pater,
2733 1947 2820 1995 est
2881 1938 3055 1995 frater
3107 1948 3285 2006 meus,
3349 1938 3710 2017 charissimus

435 2016 482 2070 ὣ
534 2018 668 2074 Θεοῦ
705 2024 990 2094 κριμάτων
1035 2024 1371 2100 ὑπερφυῶνί
1422 2033 1469 2087 ὣ
1510 2034 1689 2089 πάντα
1737 2035 1896 2106 λόγον
1939 2055 2020 2093 νι-

2129 2029 2384 2098 loannes,
2418 2031 2510 2085 hic
2537 2032 2654 2101 ipse
2679 2031 2773 2102 qui
2802 2040 3058 2101 suscepta
3095 2046 3312 2086 mecum
3360 2016 3709 2102 navigatione

437 2107 623 2182 κώσης
658 2109 958 2185 Προνοίαςί
992 2121 1106 2175 Καὶ
1138 2124 1166 2176 6
1197 2123 1398 2196 γέρων,
1433 2126 1607 2195 Κάγὼ
1654 2126 1824 2200 ᾔδειν,
1863 2130 2023 2200 φησὶ,

2129 2127 2470 2198 naufragium
2528 2128 2780 2198 pertulit,
2837 2127 2992 2182 velut
3024 2126 3314 2193 miraculo,
3346 2125 3711 2197 quemadmo-

437 2200 573 2291 ἀλλὰ
603 2205 792 2260 τούτου
817 2210 979 2282 χάριν
1013 2212 1266 2285 ἐπέσχον,
1296 2216 1363 2271 ἵν’
1395 2217 1660 2289 ἀλλήλους
1691 2220 1849 2291 ὑμεῖς
1874 2220 2021 2275 οίκο-

2129 2217 2257 2274 dum
2304 2219 2493 2275 videre
2543 2219 2730 2285 datur,
2781 2227 3164 2282 conservatus,
3210 2226 3268 2273 et
3319 2234 3470 2272 nunc
3504 2205 3712 2289 majore

439 2290 531 2346 θεν
568 2295 861 2364 ἑπιγνῶτε.
893 2301 1004 2356 Καὶ
1034 2305 1179 2359 οὕτω
1205 2306 1303 2377 μὲν
1332 2310 1361 2362 6
1395 2309 1538 2374 θεῖος
1563 2313 1728 2386 ἀνήρ.
1762 2314 1826 2367 Οἱ
1853 2314 1910 2368 δὲ
1941 2316 2021 2380 εἰς

2129 2310 2291 2367 etiam
2322 2309 2588 2365 miraculo
2613 2309 2746 2364 mihi
2768 2309 3010 2364 oblatus.
3047 2306 3092 2365 Ο
3122 2309 3373 2364 divinum
3400 2308 3560 2378 plane
3582 2324 3716 2363 con-

440 2386 780 2478 περιπλοκάς
827 2391 1069 2463 ἐχώρουν
1096 2440 1112 2464 ,
1150 2399 1245 2451 καὶ
1297 2402 1681 2470 περιλαϐόντες
1724 2406 2020 2478 ἀλλήλους,

441 2475 534 2526 καὶ
561 2477 629 2529 τά
660 2475 869 2549 ἀδελφά
897 2482 1057 2537 τοῦτο
1085 2486 1186 2557 μὲν
1219 2490 1756 2564 προσφθεγξάμενοι,
1783 2475 1942 2551 τοῧτο
1967 2498 2025 2553 δὲ

440 2566 536 2619 καὶ
571 2570 1061 2644 περιπτυξάμενοι,
1094 2578 1261 2649 εὐχήν
1308 2598 1368 2634 τε
1401 2582 1554 2653 παρά
1595 2583 1692 2639 τοῦ
1744 2585 1890 2641 θείου
1936 2589 2027 2657 γέ-

444 2670 629 2725 ροντος
662 2662 1043 2735 αἰτησάμενοι,
1089 2670 1275 2743 κοινὴν
1309 2673 1408 2744 τὴν
1453 2668 1808 2748 εὐχαριστίαν
1840 2680 2027 2733 ἀπεδί-

440 2750 603 2841 δοςαν
625 2752 703 2823 τῷ
732 2755 874 2826 Θεῷ,
905 2760 1003 2829 οὐχ
1028 2756 1191 2833 ἦττον
1212 2764 1312 2832 τῆς
1337 2765 1429 2819 τοῦ
1459 2766 1706 2822 κινδύνου
1729 2769 2026 2841 διαφυγῆς,

442 2839 477 2913 ἢ
506 2844 605 2914 τῆς
632 2845 876 2918 ἀλλήλων
909 2850 1038 2917 θέας
1070 2857 1165 2909 καὶ
1196 2857 1515 2927 συναφείας,
1547 2863 1644 2914 καὶ
1671 2839 1864 2916 τούτου
1897 2839 2029 2934 μάλ-

2127 2402 2346 2458 silium!
2396 2416 2430 2456 ο
2459 2399 2672 2474 judicia
2708 2401 2805 2455 Dei
2850 2410 3111 2455 naturam
3157 2398 3465 2454 vincentia!
3511 2413 3544 2453 ο
3586 2414 3717 2469 pro-

2128 2489 2426 2545 videntiam
2454 2490 2604 2544 nulla
2640 2490 2889 2545 oratione
2928 2500 3024 2545 aut
3053 2489 3267 2544 ratione
3294 2488 3710 2559 explicandam!

2129 2578 2379 2654 Subjecit
2412 2582 2615 2640 deinde
2639 2598 2808 2638 senex
2835 2602 2848 2637 :
2884 2584 3076 2654 Neque
3108 2597 3241 2638 vero
3271 2597 3360 2637 me
3396 2582 3512 2636 haec
3538 2581 3714 2651 fugie-

2128 2677 2296 2742 bant;
2329 2692 2521 2733 verum
2554 2677 2764 2733 idcirco
2794 2676 3068 2732 silendum
3093 2674 3246 2739 duxi,
3283 2683 3345 2729 ut
3373 2674 3591 2729 indiciis
3617 2674 3719 2728 do-

2129 2769 2377 2824 mesticis
2409 2768 2646 2824 invicem
2673 2767 3072 2841 agnosceretis.
3097 2767 3210 2822 Sub
3241 2767 3359 2822 haec
3396 2766 3573 2822 divini
3611 2767 3719 2820 ho-

2130 2859 2299 2916 minis
2322 2859 2492 2917 verba
2514 2861 2593 2916 illi
2620 2861 2675 2916 in
2704 2861 2993 2931 amplexus
3030 2869 3257 2915 ruentes
3291 2859 3604 2913 art-tissime
3636 2858 3719 2913 in-

444 2936 537 2991 λον
562 2940 659 3010 τῆς
676 2938 766 2995 διὰ
792 2941 885 2996 τοῦ
913 2944 1119 2999 τοιοῦδε
1151 2949 1454 3019 σχήματος,
1483 2950 1696 3006 καὶτοῦ
1724 2952 1864 3024 βίου,
1892 2954 2027 3025 πρὸς

2129 2954 2307 3009 vicem
2341 2953 2707 3025 stringebant,
2749 2962 2807 3008 et
2836 2966 2986 3007 nunc
3016 2951 3243 3024 quidem
3269 2951 3512 3006 fraterne
3537 2950 3715 3005 collo-

444 3028 579 3084 Θεὸν
600 3032 908 3108 εἰσαγωγῆς
926 3054 986 3091 τε
1013 3041 1105 3093 καὶ
1133 3040 1485 3107 οἱκειώσεως·
1516 3043 1658 3099 ὥστε
1682 3045 2026 3116 συμϐαίνειν,

2132 3055 2388 3117 quentes,
2451 3059 2601 3099 nunc
2660 3044 2972 3114 amplexum
3027 3043 3506 3113 redintegrantes,
3564 3057 3717 3097 nunc

445 3119 767 3237 Ιιῖολλαίττλῶς
804 3129 1003 3193 αὐτοὺς
1030 3130 1279 3201 ἥδεσθαι,
1314 3134 1409 3187 καὶ
1438 3133 1558 3206 Θεῷ
1592 3133 1693 3207 τὴν
1733 3136 1893 3207 χάριν
1922 3138 2024 3207 ὁμ-

2136 3137 2330 3209 0ptimi
2368 3136 2517 3193 senis
2567 3137 2947 3208 precationem
3007 3135 3393 3207 deposcentes,
3451 3147 3562 3188 uno
3617 3148 3715 3189 ore

443 3213 652 3285 ολογεὶν
684 3217 826 3291 ὑπὲρ
865 3221 964 3292 τῆς
991 3221 1222 3289 ἑαυτῶν,
1250 3224 1392 3295 ὑπὲρ
1421 3226 1521 3295 τῆς
1552 3227 1797 3299 ἀλλήλων
1827 3226 2027 3299 δηλαδὴ

2131 3228 2339 3301 gratias
2411 3228 2639 3284 Numini
2693 3226 3055 3295 referebant,
3105 3236 3224 3283 tum
3252 3226 3398 3298 quod
3466 3226 3719 3297 periculo

446 3308 740 3379 σωτηρίας,
777 3310 921 3383 ὑπὲρ
949 3313 1048 3385 τῆς
1083 3316 1164 3379 είς
1204 3312 1262 3370 ἒν
1302 3317 1467 3372 πάλιν
1508 3320 1856 3391 συναγωγῆς,
1887 3319 2027 3390 ὑπὲρ

2133 3330 2286 3378 tanto
2315 3321 2558 3392 exempti
2582 3330 2791 3385 essent,
2825 3329 2941 3376 tum
2973 3319 3125 3391 quod
3161 3326 3356 3375 mutuo
3387 3319 3712 3389 conspectui

444 3398 542 3469 τῆς
599 3400 680 3465 είς
702 3402 945 3458 τοιοῦτον
980 3404 1094 3476 βίον
1125 3408 1423 3483 ἀναγωγῆς
1451 3428 1512 3465 τε
1545 3413 1639 3468 καὶ
1663 3411 2026 3478 τελειώσεως.

2132 3421 2189 3469 et
2233 3412 2611 3484 conjunctioni
2669 3412 2935 3479 restituti,
2968 3422 3083 3468 tum
3136 3411 3374 3466 maxime
3422 3409 3570 3482 quod
3623 3409 3718 3464 tali
3791 3434 3798 3443 -

457 3489 621 3547 Ἀλλὰ
645 3493 715 3549 τὰ
747 3496 849 3567 μὲν
873 3499 1099 3561 ἐκείνων
1123 3500 1317 3568 οὕτως.

2135 3506 2329 3563 habitu
2364 3508 2587 3577 vitaque
2609 3507 2840 3578 dignati,
2870 3507 2938 3562 ad
2993 3512 3202 3561 tantam
3235 3503 3333 3559 Dei
3370 3511 3590 3573 tamque
3620 3502 3720 3557 do-

448 3585 728 3643 mesticam
746 3589 1155 3659 quodammodo
1176 3594 1607 3653 familiaritatem
1667 3598 2070 3670 pervenissent.
2132 3599 2324 3670 Neque
2365 3600 2490 3656 finis
2510 3611 2657 3665 erat,
2687 3610 2786 3656 aut
2809 3599 3125 3656 communis
3153 3598 3381 3661 laetitiae,
3412 3607 3510 3653 aut
3541 3611 3716 3667 agen-

447 3678 643 3734 darum
681 3681 790 3737 Deo
833 3682 1134 3756 gratiarum
1184 3688 1272 3743 vel
1327 3689 1399 3744 ob
1451 3705 1608 3745 suam
1657 3690 1928 3762 cujusque
1974 3697 2032 3746 et
2070 3688 2370 3745 fraternam
2424 3693 2683 3755 salutem,
2713 3692 2801 3747 vel
2849 3692 2921 3747 ob
2986 3705 3188 3746 novam
3241 3687 3516 3761 ejusmodi
3581 3702 3721 3742 con-

448 3770 810 3841 gressionem,
833 3776 919 3830 vel
952 3775 1025 3832 ob
1053 3777 1177 3834 talis
1203 3778 1330 3833 vita:
1370 3779 1688 3836 institutum
1722 3796 1850 3837 cum
1884 3790 2033 3837 tanta
2065 3780 2407 3853 perfectione
2442 3792 2782 3852 susceptum.
2824 3777 3005 3852 Atque
3066 3781 3171 3837 hac
3226 3778 3451 3850 quidem
3495 3778 3714 3834 ratione

450 3877 575 3934 qua:
597 3865 666 3923 ad
697 3866 823 3925 illos
842 3870 1127 3940 pertinent
1149 3886 1270 3928 sese
1301 3872 1527 3928 habent.

1882 4007 2110 4066 CAPUT
2141 4006 2253 4063 νη.

1126 4192 1391 4252 Parentes
1417 4192 1562 4266 ﬁlios
1590 4196 1807 4250 tandem
1841 4202 2132 4266 agnoscunt
2165 4210 2181 4248 :
2218 4194 2431 4263 utrique
2506 4193 2789 4247 sanctitate
2808 4194 3022 4264 ﬂorent.

520 4401 667 4474 KG'.
715 4402 976 4458 Βούλεται
1005 4400 1064 4456 δὲ
1091 4400 1189 4456 καὶ
1223 4400 1358 4467 Θεὸς
1396 4402 1491 4456 καὶ
1530 4402 1560 4456 6
1592 4400 1750 4471 λόγος
1792 4403 1891 4475 ἤδη
1928 4406 2027 4464 τοῖς

2212 4405 2401 4464 XXVI.
2433 4405 2592 4462 Nunc
2625 4413 2833 4473 autem,
2859 4403 2973 4458 Deo
2996 4411 3053 4458 et
3081 4401 3395 4456 narratione
3421 4413 3488 4454 eo
3519 4397 3728 4455 ducen-

449 4494 700 4565 ἀδελφοῖς
729 4493 964 4564 συνάψαι
1002 4491 1098 4546 καὶ
1126 4490 1256 4555 τοὺς
1282 4492 1635 4562 γεννήτορας.
1666 4493 2027 4548 Συνάπτονται

2141 4501 2311 4565 tibus,
2344 4497 2511 4554 etiam
2536 4508 2796 4569 parentes
2824 4511 2950 4552 cum
2982 4493 3247 4550 fratribus
3294 4494 3723 4565 conjungentur.

447 4589 506 4643 δὲ
534 4588 730 4651 οὕτως.
765 4585 935 4642 Οὔπω
962 4586 1073 4657 γὰρ
1101 4583 1197 4640 δύο
1230 4584 1511 4656 παρῆλθον
1541 4585 1768 4657 ἡμέραι,
1812 4587 1905 4640 καὶ
1937 4587 2039 4639 αὖ·

451 4681 535 4736 τοὶ
570 4681 848 4752 παρῆσαν,
887 4678 1156 4751 φιλοτίμῳ
1203 4677 1349 4750 χειρὶ
1383 4677 1483 4742 τάς
1537 4676 1803 4748 διανομὰς
1850 4679 2039 4732 ποιού-

453 4791 607 4845 μενοι
656 4774 793 4845 πρός
823 4790 884 4827 τε
937 4773 1000 4827 τὸ
1039 4773 1196 4842 ἅγιον
1228 4771 1322 4826 τοῦ
1369 4771 1611 4843 Κρανίου
1641 4771 1768 4844 δρος
1808 4773 1901 4826 καὶ
1949 4772 2041 4826 τὸν

452 4867 740 4940 ζωηφόρον
773 4867 941 4936 τάφον
972 4864 1214 4937 Χριστοῦ
1259 4863 1355 4920 τοῦ
1386 4864 1540 4932 ,Θεοῦ
1578 4864 1758 4935 ἡμῶν.
1806 4864 2042 4919 Ἔπειτα

453 4960 688 5026 ἐξιοῦσιν
733 4963 762 5016 6
800 4960 940 5024 θεῖος
969 4962 1178 5025 ἐκεῖνος
1219 4960 1461 5032 συναντᾷ
1484 4960 1687 5028 γέρων,
1724 4957 1785 5021 ὃς
1819 4959 1915 5012 καὶ
1945 4957 2040 5012 τοῦ

453 5053 553 5127 ζῇν
580 5055 767 5119 αὐτοῖς
800 5056 928 5118 τοὺς
974 5053 1173 5118 παῖδας
1204 5053 1578 5118 διεϐεδαίωσε,
1609 5052 1705 5106 καὶ
1730 5053 1855 5106 ὅσον
1890 5048 2044 5105 οὔπω

453 5149 683 5212 θεατοὺς
716 5147 957 5201 ἔσεσθαι.
1004 5148 1195 5217 Τούτῳ
1221 5145 1353 5214 γοῦν
1385 5144 1800 5214 προσελθόντες,
1845 5144 1942 5198 καὶ
1978 5143 2046 5213 ἡν

452 5241 563 5294 ἔδει
590 5241 777 5303 δόντες
805 5239 992 5313 τιμὴν,
1031 5239 1186 5304 τέλος
1220 5238 1383 5311 ᾔτουν
1411 5238 1512 5309 τῆς
1549 5237 1919 5308 ὑποσχέσεως,
1952 5238 2050 5292 καὶ

458 5331 524 5383 τὰ
546 5332 700 5401 σφῶν
732 5332 899 5387 τέκνα
917 5333 1104 5403 ἠξίουν
1127 5332 1279 5386 ίδεῖν.
1314 5331 1511 5386 Ἢνίκα
1530 5330 1587 5384 δὲ
1602 5329 1777 5384 ταῦτα
1797 5330 2040 5399 ἐλέγετο,

458 5421 511 5473 οἱ
547 5425 787 5491 γενναῖοι
834 5424 1024 5488 παῖδες
1052 5422 1278 5479 ὄπισθεν
1326 5419 1467 5495 ἦσαν
1503 5421 1583 5493 τῷ
1632 5422 1853 5494 γέροντι
1892 5439 2038 5491 παρα

461 5515 698 5581 εστῶτες
724 5533 738 5548 ·
772 5517 886 5573 ἀλλ’
921 5518 1368 5591 ὲπέσχενξαύτοὺς
1395 5519 1624 5583 ἐκεῖνος,
1661 5514 2041 5588 μηδοτιοῦνείο

458 5608 584 5663 πεῖν
615 5609 1014 5681 ἐντειλάμενος,
1069 5611 1207 5683 μήτε
1249 5609 1356 5683 μὴν
1407 5607 1602 5681 δήλους
1647 5606 1878 5673 ἑαυτοὺς
1925 5608 2040 5672 τοῖς

514 5788 538 5820 ⁸
558 5785 770 5847 Coloss.
801 5802 887 5854 Ill,
917 5784 1009 5844 12.

2139 4590 2197 4646 ld
2222 4590 2371 4661 quod
2405 4590 2482 4645 ita
2512 4589 2723 4645 evenit.
2756 4588 2860 4644 Vix
2882 4587 3029 4642 enim
3053 4586 3166 4640 duo
3212 4584 3541 4640 eﬂluxerant
3583 4583 3725 4650 dies,

2138 4696 2265 4736 cum
2296 4690 2353 4734 et
2393 4680 2499 4750 ipsi
2559 4679 2788 4742 adsunt,
2848 4675 3107 4730 munifica
3155 4689 3322 4727 manu
3374 4673 3726 4744 largitionem

2139 4781 2482 4829 exercentes.
2521 4771 2626 4838 Qui
2664 4770 2756 4826 ubi
2793 4770 2861 4824 ad
2890 4776 3143 4824 sanctum
3188 4764 3453 4821 Calvaria:
3481 4774 3726 4819 montem

2140 4875 2305 4936 atque
2339 4863 2408 4919 ad
2460 4862 2741 4918 viviﬁcum
2773 4858 2980 4915 Christi
3026 4856 3123 4913 Dei
3179 4856 3357 4911 nostri
3411 4856 3729 4923 sepulcrum

2141 4964 2515 5020 accesserunt,
2542 4954 2764 5010 divinus
2812 4951 2904 5007 ille
2931 4964 3101 5006 senex
3125 4947 3209 5004 eis
3235 4949 3500 5013 occurrit,
3531 4946 3626 5017 qui
3671 4956 3729 5001 et

2143 5058 2304 5104 antea
2337 5047 2406 5102 de
2436 5057 2695 5102 natorum
2723 5046 2837 5100 vita
2865 5041 3136 5099 certiores
3162 5038 3501 5103 reddiderat,
3529 5047 3586 5098 et
3614 5040 3729 5107 iam

2144 5148 2358 5195 tantum
2391 5153 2502 5193 non
2531 5136 2726 5191 adesse
2777 5150 2842 5190 ac
2870 5131 3051 5189 videri
3101 5129 3531 5203 significaverat.
3565 5128 3729 5183 Hunc

2143 5231 2240 5285 ubi
2290 5228 2553 5284 adierunt
2592 5225 2863 5286 exhibita,
2899 5222 2983 5278 uti
3021 5236 3119 5292 par
3156 5227 3297 5285 erat,
3344 5215 3731 5281 veneratione,

2149 5322 2403 5395 promissi
2460 5322 2626 5376 tinem
2683 5318 2932 5389 exigunt,
2973 5314 3329 5382 ﬁliorumque
3369 5318 3731 5379 conspectum

2147 5417 2464 5488 requirunt.
2525 5412 2743 5468 Interea
2796 5410 2929 5464 dum
2976 5406 3035 5462 hi
3095 5417 3382 5462 sermones
3430 5400 3732 5466 habentur,

2149 5508 2401 5584 generosi
2429 5510 2663 5581 juvenes
2693 5512 2843 5559 retro
2875 5498 3132 5557 astabant
3175 5492 3316 5560 seni,
3341 5491 3733 5584 ejusjussione

2148 5580 2440 5675 prohibiti,
2468 5612 2539 5655 ne
2561 5604 2656 5654 aut
2704 5593 2936 5653 verbum
2979 5590 3253 5653 facerent,
3283 5590 3378 5639 aut
3429 5580 3735 5652 aliquarao
