4138 6444
468 461 601 528 ιοιι

1720 468 1898 527 VITA
1938 469 2001 529 S.
2043 467 2604 534 XENOPHONTIS.

3599 485 3760 550 10H"

463 584 631 629 nnsto
684 587 872 643 parem
934 583 1176 630 mentem
1233 574 1464 646 adeptas.
1517 576 1708 631 Frater
1766 577 1901 632 inibi
1941 577 2020 632 fui

2149 578 2243 632 τοῦ
2274 581 2527 650 σώματος
2555 583 2752 655 ἐχούσῃ
2788 585 2883 638 καὶ
2916 585 3015 655 τὴν
3047 585 3250 659 ψυχήν.
3296 584 3405 644 Ἦν
3434 591 3488 644 δέ
3525 611 3615 661 μοι
3645 593 3741 648 καὶ

455 665 697 719 Joannes
722 666 968 720 nomine.
988 664 1195 720 Caetera
1240 666 1499 736 deinceps
1545 678 2041 738 enarrant.quem-

455 754 756 810 admodum
806 756 1091 811 institutus
1156 756 1365 822 fuerit,
1423 766 1485 813 ut
1538 761 1921 827 navigaverit,
1985 761 2041 815 in

460 856 671 917 quanto
715 846 966 917 periculo
1016 858 1291 913 versatus,
1345 857 1553 917 quanto
1609 849 1706 904 Dei
1769 850 2041 904 beneficio

454 946 710 994 servatus
759 940 849 994 sit.
892 937 1017 993 Haec
1051 939 1143 993 illo
1176 949 1438 995 narrante
1472 957 1595 996 mox
1648 957 1679 995 a
1716 943 2039 1011 parentibus

452 1031 622 1102 agniti
662 1039 815 1090 sunt.
849 1031 943 1100 qui
1000 1031 1386 1086 incredibilem
1426 1033 1740 1088 animorum
1796 1035 2040 1089 exsulta-

457 1122 661 1176 tionem
719 1128 775 1173 et
809 1108 1170 1186 alacritatem,
1216 1122 1511 1190 cordisque
1554 1123 1834 1188 ardorem,
1886 1125 2038 1180 velut

451 1211 720 1279 impetum
751 1210 1020 1264 divinitus
1052 1209 1292 1266 amatum
1343 1228 1457 1266 non
1497 1213 1761 1277 ferentes,
1812 1224 2035 1284 repente

450 1308 818 1371 consurgunt,
850 1302 1232 1370 amplexantur
1266 1303 1493 1370 liberos,
1525 1321 1830 1376 eorumque
1853 1308 2033 1361 cervi-

449 1392 613 1448 cibus
665 1392 1010 1456 circumfusi,
1070 1393 1237 1449 simul
1293 1397 1519 1460 osculis,
1567 1397 1731 1451 simul
1778 1398 2033 1468 lacrymis

451 1484 782 1538 immensum
818 1483 1130 1537 animorum
1164 1495 1446 1556 stuporem
1476 1489 1812 1553 excitabant,
1848 1490 1902 1542 in
1935 1489 2033 1543 has

450 1588 612 1630 voces
640 1586 996 1644 erumpentes
1032 1594 1047 1639 ;
1088 1575 1324 1648 Ergone,
1349 1580 1529 1643 Pater,
1554 1580 1611 1634 bi
1644 1591 1766 1635 sunt
1800 1580 1899 1635 filii
1931 1598 2032 1637 no—

453 1666 593 1721 stri?
630 1667 687 1721 bi
747 1683 877 1723 vere
920 1669 1309 1725 dilectissimi?
1352 1672 1406 1726 bi
1454 1672 1559 1741 ipsi
1597 1688 1627 1727 a
1675 1674 1838 1728 nobis
1878 1683 2030 1729 tanto

449 1773 572 1814 cum
607 1759 799 1815 dolore
821 1761 1072 1829 quaesiti?
1103 1760 1245 1827 Quid
1271 1762 1512 1818 deinde?
1555 1763 1676 1820 Uno
1697 1780 1792 1820 ore
1810 1765 2029 1819 laudem

448 1850 671 1906 Numini
703 1862 761 1907 et.
798 1852 1007 1921 gratias
1039 1853 1312 1911 tribuunt.

2150 671 2377 741 ἀδελφὸς
2405 673 2577 740 ὄνομα
2620 676 2891 744 Ἰωάννης.
2934 678 3169 735 Ἔπειτα
3204 682 3443 754 καθεξῆς
3493 686 3639 754 λέγει
3666 692 3734 741 τά

2147 764 2249 834 τῆς
2283 766 2533 829 παιδείας
2554 810 2567 830 ,
2598 767 2666 820 τὰ
2697 768 2790 821 τοῦ
2824 769 2959 823 πλοῦ
2989 773 3083 824 καὶ
3113 774 3179 827 τά
3212 775 3307 828 τοῦ
3342 776 3612 841 κινδύνου,
3646 780 3741 832 καὶ

2144 856 2263 919 οἵας
2293 858 2398 910 ὐπὸ
2426 857 2563 910 Θεοῦ
2596 859 2863 931 τετύχηκε
2893 863 3189 933 σωτηρίας.
3225 866 3384 922 Οὕτω
3419 869 3477 922 δὲ
3514 868 3729 935 διεξιόν-

2142 966 2255 1016 τος,
2295 950 2347 1001 οἱ
2380 952 2559 1017 γονεῖς
2603 952 2918 1019 ἐπιγνόντες
2949 956 3166 1023 αὐτοὺς,
3212 962 3306 1012 καὶ
3345 960 3408 1012 τὸ
3439 961 3608 1033 ἅλμα,
3643 964 3737 1016 καὶ

2141 1040 2239 1112 τὴν
2274 1040 2478 1111 ὁρμὴν,
2521 1043 2615 1094 καὶ
2644 1043 2745 1113 τὴν
2786 1045 2885 1115 τῆς
2916 1046 3141 1116 καρδίας
3176 1049 3250 1118 μὴ
3285 1051 3598 1118 ἐνεγκόντες
3631 1054 3735 1108 1:6-

2142 1149 2333 1203 ρωσιν.
2381 1133 2730 1189 ὲνθουσιῶσιν
2786 1137 2988 1205 ὁμοίως
3038 1138 3202 1202 εὐθὺς
3256 1141 3581 1210 ἀνέστησαν,
3637 1147 3731 1199 καὶ

2142 1222 2527 1292 περιλαϐόντες
2560 1226 2683 1288 τοὺς
2720 1228 2938 1292 παῖδας,
2976 1229 3069 1281 καὶ
3101 1232 3213 1292 τοῖς
3245 1230 3426 1284 αὐτῶν
3456 1236 3726 1303 περιφῦν-

2139 1329 2229 1374 τες
2259 1314 2575 1383 τραχήλοις,
2605 1313 2763 1369 τοῦτο
2789 1317 2888 1387 μὲν
2913 1318 3206 1387 φιλήμασι,
3233 1321 3392 1374 τοῦτο
3411 1322 3469 1376 δὲ
3495 1324 3728 1395 δάκρυσι

2139 1401 2238 1471 τὴν
2277 1404 2516 1474 ἄμετρον
2547 1405 2764 1477 ἐκείνην
2806 1407 2907 1476 τῆς
2950 1407 3131 1480 ψυχῆς
3181 1408 3439 1464 ἔκστασιν
3486 1417 3731 1483 παρεκά-

2135 1493 2283 1560 λουν,
2313 1488 2474 1548 Οὗτοί
2510 1498 2639 1560 εἰσι,
2688 1497 2893 1568 Πάτερ,
2940 1498 3212 1567 λέγοντες.
3241 1503 3289 1556 οί
3326 1504 3486 1573 ἡμῶν
3515 1505 3725 1568 παῖδες’

2134 1581 2285 1641 οὗτοι
2326 1586 2543 1657 ἀληθῶς
2576 1588 2626 1641 oi
2672 1588 2943 1656 φίλτατοι,
2980 1592 3028 1644 oi
3059 1592 3262 1663 πολλὴν
3291 1595 3421 1664 ἡμῖν
3451 1595 3552 1665 τὴν
3593 1596 3725 1666 περὶ

2133 1677 2314 1731 αὐτῶν
2357 1676 2585 1747 ζήτησιν
2643 1679 3055 1748 παρασχόντες,
3106 1674 3275 1736 οὗτοι.
3332 1681 3398 1733 Τί
3455 1681 3516 1734 τὸ
3587 1682 3725 1752 μετά

2131 1767 2338 1833 ταῦτας
2366 1769 2537 1838 Κοινὴ
2568 1770 2602 1838 ἡ
2631 1767 2759 1835 δόξα
2780 1771 2915 1840 πρὸς
2945 1770 3081 1825 Θεὸν
3106 1774 3200 1827 καί
3233 1772 3576 1843 εὐχαριστία.

515 1963 712 2020 XXIX.
744 1964 857 2020 Nec
878 1966 1075 2021 morati
1114 1975 1245 2022 sunt
1290 1979 1547 2037 parentes
1576 1970 1710 2040 quin
1756 1970 2021 2025 ardentis-

2204 1963 2333 2017 ΚΘν.
2371 1960 2506 2018 Εἶτα
2534 1964 2843 2036 θερμοτάτη
2874 1967 2980 2021 τῶν
3011 1970 3347 2042 γεννητόρων
3369 1971 3553 2040 δέησις
3580 1975 3718 2044 πρὸς

446 2059 602 2115 simis
630 2058 892 2128 precibus
937 2070 1188 2113 sanctum
1245 2060 1426 2115 virum
1476 2061 1913 2128 obtestarentur,
1972 2072 2033 2118 ut

444 2154 596 2224 ipsos
621 2166 841 2222 quoque
877 2152 1081 2206 sacrati
1115 2152 1264 2208 illius
1292 2153 1515 2210 habitus
1563 2155 1744 2225 sigillo
1782 2164 2028 2220 ornaret,

445 2260 556 2315 quo
595 2259 721 2300 cum
749 2243 896 2309 ﬁliis,
932 2245 1063 2299 licet
1087 2245 1349 2314 impares,
1384 2244 1631 2316 ejusdem
1665 2254 1846 2300 tamen
1896 2246 2027 2300 boni

421 2341 768 2404 sectatores;
800 2354 907 2394 non
940 2352 1123 2395 autem
1154 2340 1321 2411 (quod
1346 2342 1491 2396 Deus
1514 2342 1811 2408 averteret)
1835 2355 2026 2396 exsor-

444 2438 528 2485 tes
557 2430 944 2486 redderentur.
976 2431 1046 2485 Et
1077 2446 1377 2501 persuasus
1400 2447 1592 2487 eorum
1626 2432 2027 2502 supplicatione

443 2538 611 2579 senex
631 2524 777 2590 (nam
811 2522 865 2577 in
896 2539 956 2579 re
984 2525 1145 2594 plane
1171 2534 1277 2579 tam
1305 2535 1495 2580 sancta
1519 2524 1650 2595 quid
1676 2522 2024 2592 resisteret?)

442 2616 632 2670 eadem
653 2630 752 2669 sua
785 2615 1008 2671 dextera
1045 2617 1283 2672 vertices
1306 2632 1498 2671 eorum
1545 2617 1802 2680 totondit,
1841 2617 2028 2673 initia-

439 2707 651 2777 vitquc.
677 2714 843 2775 atque
871 2722 966 2762 eos
991 2708 1282 2765 dimittens
1322 2708 1601 2779 praecipit,
1637 2710 1698 2764 ut
1738 2708 1796 2764 in
1841 2719 2025 2780 poste-

446 2812 568 2852 rum
602 2797 671 2853 ab
698 2799 850 2854 omni
877 2814 1173 2869 corporum
1198 2798 1704 2855 communicatione
1754 2809 2023 2871 tempera-

443 2897 565 2944 rent
595 2929 611 2956 ,
635 2889 815 2946 donec
861 2904 1153 2946 commune
1195 2901 1413 2946 natura:
1446 2890 1691 2946 debitum
1736 2892 2021 2961 persolve-

442 2983 583 3031 rent.

491 3083 660 3140 XXX.
691 3084 871 3156 Atque
904 3085 1217 3156 huiusmodi
1249 3086 1354 3142 fuit
1382 3088 1574 3158 optimi
1618 3087 1871 3144 Numinis
1891 3105 2020 3161 erga

440 3182 551 3227 tam
581 3172 758 3227 bonos
782 3182 1041 3242 parentes
1066 3173 1382 3245 liberosque
1414 3175 1783 3244 providentia,
1836 3177 2014 3231 admi-

438 3262 670 3318 rationis
707 3263 887 3334 juxta,
922 3277 987 3318 ac
1027 3265 1313 3321 suavitatis
1366 3266 1707 3336 plenissima.
1741 3267 1894 3322 Adeo
1954 3277 2017 3322 ut
2046 3289 2088 3346 ε

437 3355 495 3408 in
551 3354 662 3409 illis
695 3355 982 3425 impletum
1015 3356 1180 3410 fuerit
1224 3357 1372 3427 quod
1413 3358 1483 3413 ab
1543 3358 1681 3414 Isaia
1725 3358 1933 3416 dictum
1998 3379 2014 3416 :

445 3460 465 3493 ι
494 3441 774 3512 imponam
820 3442 1086 3512 Spiritum
1117 3460 1300 3501 meum
1329 3464 1498 3519 super
1520 3464 1708 3505 semen
1748 3458 1924 3515 tuum,
1957 3459 2014 3506 et

435 3535 854 3591 benedictioncs
882 3550 1033 3590 nicas
1062 3551 1229 3607 super
1275 3537 1417 3594 filios
1448 3548 1589 3596 tuos.
1630 3541 1699 3596 Et
1738 3543 2014 3608 orientur,

433 3637 495 3683 ut
526 3631 578 3685 in
609 3630 793 3684 medio
819 3645 976 3700 aquae
1002 3630 1213 3695 fenum,
1243 3638 1300 3684 et
1327 3632 1472 3686 sicut
1501 3633 1641 3688 salix
1680 3648 1848 3704 super
1875 3650 2011 3704 prae-

432 3720 782 3778 terﬂuentem
805 3739 1002 3792 aquam
1023 3722 1064 3776 ".
1097 3742 1117 3775 ι
1143 3724 1269 3777 Haec
1291 3723 1483 3788 Isaias,
1512 3723 1772 3794 loquente
1805 3740 1903 3795 per
1926 3725 2014 3795 ip-

432 3827 554 3868 sum
587 3813 682 3868 Dei
712 3817 925 3885 gratia;
972 3814 1340 3884 quae,velutsi
1389 3815 1458 3870 ad
1494 3816 1643 3886 ipsos
1672 3816 2013 3880 dicerentur,

432 3906 829 3961 convenienter
844 3922 975 3961 sane
1001 3908 1056 3961 in
1079 3906 1302 3962 eosdem
1331 3916 1661 3978 congruunt.
1690 3908 2012 3980 Cujusmodi

431 4007 489 4052 et
512 3996 657 4053 istud
690 4017 724 4060 ε,
746 4017 764 4048 ι
799 3998 952 4054 Meus
976 4015 1035 4054 es
1062 4010 1143 4065 tu,
1169 4009 1224 4054 et
1261 4000 1306 4055 si
1332 4000 1615 4055 transieris
1657 4016 1876 4071 aquam,
1925 4010 2009 4056 te-

429 4101 552 4141 cum
578 4104 700 4144 sum
742 4090 785 4142 ⁸.
832 4106 852 4140 ι
888 4089 956 4142 Ει
981 4089 1131 4145 hoc:
1167 4109 1186 4141 ι
1238 4089 1494 4145 Auditam
1540 4090 1737 4146 faciam
1778 4092 2011 4147 salutem

428 4186 602 4244 tuam,
633 4189 691 4234 et
743 4181 846 4234 sub
877 4180 1068 4235 umbra
1097 4196 1292 4237 manus
1344 4197 1477 4236 mea!
1505 4192 1783 4253 protegam
1832 4193 1884 4237 te
1903 4185 1947 4238 '.
1980 4201 2000 4236 ι

432 4267 555 4323 Filii
586 4278 771 4324 autem
800 4268 868 4324 ad
908 4269 1163 4324 ultimum
1202 4270 1321 4326 vale
1347 4272 1672 4341 parentibus
1701 4273 1874 4337 dicto,
1898 4276 2010 4345 spi-

430 4362 683 4417 ritualem
712 4370 925 4432 patrem
956 4362 1223 4418 libentius
1250 4366 1447 4429 secuti,
1481 4380 1608 4420 cum
1636 4382 1705 4421 eo
1734 4367 1792 4421 in
1813 4367 2009 4424 deser-

429 4458 546 4505 tum
575 4466 635 4507 se
669 4456 984 4517 conferunt,
1009 4453 1341 4524 beatumque
1365 4455 1439 4509 ibi
1465 4454 1625 4512 finem
1658 4473 2008 4531 consequun-

426 4552 542 4609 tur,
568 4555 692 4601 ante
715 4546 926 4601 obitum
956 4547 1159 4605 divinis
1179 4564 1401 4618 quoque
1429 4551 1756 4607 muneribus
1774 4553 2002 4623 dignati,

426 4652 491 4690 ac
531 4643 645 4691 tum
675 4638 803 4693 aliis
831 4641 1008 4695 sancti
1042 4640 1280 4711 Spiritus
1305 4640 1487 4706 donis,
1524 4651 1639 4698 lum
1666 4644 2001 4701 vaticinandi

424 4724 684 4782 facultate
711 4729 1002 4797 pollentes.

492 4927 685 4983 XXXI.
724 4930 887 4984 Pater
910 4946 1044 4985 vero
1077 4931 1299 4986 illorum
1348 4933 1646 5002 praeclarus
1671 4933 1999 5002 evangelicae

423 5020 730 5092 disciplinae
776 5032 1102 5089 assectator,
1153 5025 1396 5081 dimissis
1441 5026 1795 5096 venditisque
1839 5026 1997 5080 bonis

421 5116 703 5181 omnibus,
727 5132 790 5170 ca
813 5116 1104 5186 egentibus
1142 5115 1446 5180 distribuit,
1498 5131 1738 5185 eumque
1773 5117 1826 5171 in
1877 5131 1998 5169 mo-

422 5205 551 5258 dum
593 5205 892 5261 levissimis
920 5205 1303 5274 minimisque,
1330 5205 1497 5260 rebus
1532 5205 1850 5260 universum
1893 5204 1997 5260 sibi

424 5298 687 5351 cmlorum
730 5313 959 5369 regnum
992 5296 1354 5366 comparavit.
1390 5296 1496 5351 Sed
1540 5306 1595 5352 et
1619 5298 1794 5351 servis
1820 5296 1999 5350 omni-

425 5388 529 5442 bus
575 5390 897 5447 domesticis
955 5392 1216 5447 libertate
1265 5390 1503 5457 donatis,
1557 5390 1661 5444 bac
1694 5390 1909 5446 ratione
1943 5389 1998 5443 in

425 5498 718 5538 "uulnerum
756 5485 993 5540 filiorum
1026 5482 1269 5539 caelestis
1318 5483 1498 5537 Patris
1533 5482 1730 5536 referri
1763 5481 1999 5537 studuit.

420 5576 477 5631 li:
505 5577 554 5631 le
584 5576 729 5630 thori
754 5579 987 5648 vitaeque
1039 5584 1097 5630 et
1131 5575 1377 5646 ejusdem
1426 5574 1590 5645 plane
1620 5575 1731 5629 voti
1769 5588 2000 5628 consor-

421 5678 530 5724 tem
571 5670 905 5726 venerandis
926 5668 1260 5740 quibusdam
1302 5666 1635 5723 mulieribus
1665 5665 2001 5737 virginibus-

2133 2055 2224 2109 τὸν
2261 2055 2406 2126 ἱερὸν
2437 2056 2605 2129 ἄνδρα
2644 2059 2873 2124 ἐκεῖνον,
2906 2060 3045 2113 ὥστε
3085 2065 3149 2133 τῇ
3201 2066 3457 2134 σφραγῖδι
3487 2066 3583 2120 καὶ
3625 2069 3729 2120 ab"

2129 2145 2258 2209 τοὺς
2307 2146 2651 2218 σημανθῆναι
2701 2148 2792 2201 τοῦ
2848 2150 3222 2222 ἀγιοπρεπούς
3274 2155 3580 2225 σχήματοῖ,
3626 2157 3720 2210 καὶ

2130 2237 2393 2307 φανῆναι,
2425 2240 2473 2291 εἰ
2508 2240 2604 2292 καὶ
2642 2240 2928 2311 δευτέρους
2953 2244 3062 2296 τῶν
3088 2243 3317 2310 τέκνων,
3350 2245 3469 2298 ἀλλ’
3495 2242 3726 2301 οὖνντού.

2132 2330 2246 2382 ῐσου
2276 2329 2440 2382 καλοῦ
2472 2331 2736 2401 μιμητάς,
2768 2336 2860 2385 καὶ
2890 2333 2966 2404 μὴ
3014 2335 3363 2389 παντάπασιν
3389 2337 3711 2407 ἁμετόχους·

2127 2424 2265 2490 ὅπερ
2312 2421 2553 2488 ἀνάξιον.
2608 2424 2859 2478 Πείθεται
2910 2426 3121 2490 τούτοις
3171 2427 3417 2494 ἀξιοῦσιν
3457 2430 3486 2482 ό
3537 2429 3717 2497 γέρων

2129 2515 2247 2585 (καὶ
2270 2514 2387 2578 πῶς
2402 2515 2510 2586 γὰρ
2537 2514 2622 2579 οὒ,
2653 2516 2941 2584 θεοφιλοῦς
2969 2517 3123 2582 δντος
3147 2519 3390 2589 ἀτεχνῶς
3413 2519 3508 2573 τοῦ
3535 2521 3715 2591 πράγ-

2129 2623 2299 2678 ματος
2320 2609 2383 2677 ;),
2411 2609 2505 2660 καὶ
2539 2611 2603 2685 τῇ
2632 2599 2789 2680 αὐτῇ⁰
2802 2608 2954 2680 δεξιᾷ
2976 2611 3265 2674 κάκείνους
3289 2611 3475 2682 κείρας
3504 2628 3564 2665 τε
3596 2612 3714 2683 ἄμα

2126 2698 2221 2750 καὶ
2253 2697 2566 2765 τελειώσας,
2601 2700 2980 2768 παραγγείλας
3005 2701 3201 2771 ἀφίησι
3231 2702 3432 2771 μηκέτι
3463 2718 3712 2772 σωματι-

2123 2787 2234 2850 κῶς
2263 2788 2525 2856 ἀλλήλους
2556 2790 2707 2857 ἰδεῖν,
2740 2791 2845 2855 ἕως
2876 2792 2936 2845 τὸ
2971 2792 3149 2846 κοινὸν
3183 2794 3247 2860 τῇ
3311 2793 3523 2863 γενέσει
3552 2794 3712 2865 χρέος

2123 2881 2385 2953 ἑκάτερος
2409 2884 2590 2937 αὐτῶν
2621 2882 2868 2955 ἀποδῴη.

2192 3079 2272 3137 A'.
2329 3082 2567 3153 Τοιαύτη
2610 3082 2944 3154 χαριεστάτη
2996 3084 3092 3137 καὶ
3138 3082 3427 3155 θαυμαστὴ
3476 3084 3554 3155 τῷ
3595 3084 3710 3141 ὄντι

2123 3172 2402 3244 οἰκονομία
2434 3173 2562 3244 περὶ
2593 3174 2719 3236 τοὺς
2745 3175 3016 3245 χρηστοὺς
3050 3175 3144 3227 καλ⁵
3179 3175 3419 3246 πατέρας
3450 3177 3546 3228 καὶ
3576 3180 3707 3229 παῖ-

2121 3262 2218 3326 δας
2257 3263 2411 3333 παρά
2436 3263 2528 3317 τοῦ
2564 3263 2770 3331 ἀγαθοῦ
2799 3263 2937 3317 Θεοῦ
2985 3265 3233 3333 γέγονεν,
3278 3264 3354 3328 ὼς
3397 3264 3570 3337 πέρας
3618 3265 3706 3319 ἐπ’

2120 3357 2302 3418 αὐτοῖς
2326 3354 2511 3408 λαϐεῖν
2535 3354 2563 3407 ὃ
2589 3354 2678 3408 διὰ
2713 3355 2935 3409 Ἡσαΐου
2960 3356 3119 3418 αὐτὸς
3152 3356 3468 3424 φθέγγεται,
3500 3374 3519 3407 ι
3558 3355 3709 3411 Ἐπιο

2125 3448 2294 3517 θήσω,
2327 3447 2525 3515 λέγων,
2558 3446 2621 3500 τὸ
2672 3446 2898 3518 Πνεῦμά
2931 3466 3030 3519 μου
3061 3449 3156 3502 ἐπὶ
3204 3450 3266 3501 τὸ
3317 3449 3539 3519 σπέρμα
3584 3466 3702 3515 σου,

2121 3540 2216 3592 καὶ
2248 3537 2347 3601 τὰς
2379 3538 2628 3606 εὐλογίας
2672 3554 2774 3607 μου
2811 3538 2904 3591 ἐπὶ
2943 3542 3012 3592 τὰ
3039 3539 3208 3593 τέκνα
3237 3556 3354 3607 σου,
3389 3541 3484 3593 καὶ
3511 3541 3705 3594 ἀνατε-

2118 3629 2305 3684 λοῢσιν
2339 3629 2413 3692 ὡς
2443 3630 2720 3700 ἀναμέσον
2747 3628 2938 3693 ὓδατος
2968 3630 3182 3702 χόρτος,
3218 3632 3314 3684 καὶ
3351 3630 3426 3693 ὡς
3460 3630 3578 3686 ίτέα
3600 3632 3706 3686 ’ἐπὶ

2118 3722 2230 3774 πᾶν
2264 3720 2386 3792 ῥέον
2429 3720 2595 3790 ὕδωρ.
2635 3739 2654 3773 ι
2709 3721 2821 3775 Καὶ
2858 3720 3029 3775 ταῦτα
3057 3722 3115 3775 δὲ
3170 3722 3396 3775 Ἡσαΐου
3445 3723 3546 3792 μέν
3592 3724 3712 3777 alar

2116 3812 2210 3865 καὶ
2253 3812 2355 3882 τῆς
2394 3812 2463 3866 δι’
2508 3811 2677 3866 αὐτοῦ
2707 3811 3086 3884 φθεγγομένης
3119 3812 3214 3866 τοῦ
3252 3812 3389 3869 Θευῦ
3438 3814 3706 3885 χάριτος,

2117 3900 2318 3972 πολλὴν
2347 3900 2405 3953 δὲ
2449 3901 2546 3954 καὶ
2573 3900 2708 3971 πρὸς
2740 3901 2937 3962 αὐτοὺς
2969 3900 3226 3970 λέγεσθαι
3251 3901 3350 3967 τὴν
3384 3902 3699 3972 οἰκειότητα

2115 3992 2371 4064 φέρονταο
2406 3986 2520 4045 οἷον
2548 3991 2634 4059 τὸ,
2661 4008 2682 4044 ι
2735 3991 2897 4061 Ἐμδς
2934 3985 2985 4045 εἶ
3021 3992 3108 4059 σὺ,
3150 3993 3244 4046 καὶ
3288 3993 3382 4046 ἐὰν
3417 3993 3701 4066 διαϐαίνῃς

2111 4085 2176 4140 δι’
2210 4084 2423 4150 ὕδατος,
2476 4086 2619 4156 μετὰ
2669 4084 2764 4138 σοῦ
2801 4087 2941 4157 εἰμι’
2984 4103 3003 4137 ι
3052 4085 3148 4139 καλ⁵
3191 4083 3272 4150 τὸ,
3330 4104 3349 4137 ι
3399 4085 3709 4157 Ἀκουστὴν-

2112 4178 2328 4249 ποιήσω
2361 4178 2461 4249 τὴν
2510 4179 2786 4249 σωτηρίαν
2818 4193 2934 4242 σου,
2978 4177 3074 4231 καὶ
3104 4177 3209 4231 ὑπὸ
3241 4177 3339 4251 τὴν
3393 4178 3553 4232 σκιὰν
3598 4179 3708 4248 τῆς

2114 4269 2299 4340 χειρός
2334 4285 2435 4339 μου
2463 4270 2724 4323 σκεπάσω
2761 4285 2841 4323 σε.
2876 4288 2893 4320 ι
2925 4269 2989 4322 Oi
3038 4270 3137 4340 μὲν
3173 4265 3267 4324 οὗν
3292 4270 3480 4334 παῖδες
3510 4272 3578 4322 τά
3606 4287 3703 4322 τε-

2113 4362 2336 4417 λευταῖα
2359 4364 2486 4426 τούς
2507 4364 2843 4434 γεννήτορας
2907 4363 3308 4433 ἀσπασάμενοι,
3337 4363 3416 4432 τῷ
3448 4378 3698 4432 πνευμαο

2113 4457 2282 4521 τικῶς
2309 4457 2741 4528 ἀναγεννήσαντι
2767 4456 2968 4526 μᾶλλον
2993 4456 3229 4519 εἵποντο,
3259 4455 3355 4510 καὶ
3383 4456 3480 4509 σὺν
3501 4455 3706 4526 ἐκείνῳ

2110 4548 2210 4619 τὴν
2235 4549 2441 4621 ἔρημον
2470 4548 2967 4615 είσελθόντες,,ὲκεί
2986 4548 3047 4600 τὸ
3070 4547 3340 4618 μακάριον
3366 4548 3697 4619 ὑπέρχονται

2041 4622 2083 4678 D
2110 4641 2285 4706 τέλος,
2317 4640 2670 4712 χαρισμάτων
2700 4640 2796 4692 καὶ
2839 4638 2944 4708 πρὸ
2976 4637 3071 4692 τοῦ
3101 4638 3287 4701 τέλους
3324 4637 3485 4691 θείων
3527 4639 3695 4705 ἀξιω-

2113 4732 2320 4798 θέντες,
2356 4732 2719 4804 προρῤήσεών
2754 4749 2813 4784 τε
2851 4732 2948 4785 καὶ
2972 4730 3191 4801 δωρεῶν
3222 4730 3402 4785 ἄλλων
3427 4730 3521 4784 τοῦ
3552 4733 3693 4800 dum.

2110 4824 2204 4878 θοῦ
2237 4825 2573 4895 Πνεύματος.

2180 4939 2307 4991 AA'.
2350 4937 2411 4991 Ὀ
2437 4938 2493 4990 δέ
2523 4954 2586 5006 γε
2629 4938 2811 5008 πατὴρ
2856 4936 3058 5003 αὐτῶν,
3093 4936 3389 5006 πληρωτὴς
3426 4934 3689 5006 ἀντικρὺς

2108 5030 2202 5084 τοῦ
2248 5029 2584 5099 Εὑαγγελίου
2614 5030 2908 5083 δείκνυται·
2945 5030 3041 5084 καὶ
3086 5028 3310 5099 πέμψας
3344 5027 3441 5082 καὶ
3467 5025 3533 5080 τὰ
3565 5028 3694 5079 έαυ-

2108 5120 2202 5174 τοῦ
2232 5122 2490 5191 πωλήσας
2517 5120 2755 5183 ἅπαντα,
2779 5120 2876 5174 καὶ
2899 5119 3095 5191 πένησι
3122 5119 3356 5182 διαδοὺς,
3394 5118 3490 5173 καὶ
3517 5115 3691 5180 οὓτως

2108 5212 2343 5265 εὐτελῶν
2385 5229 2445 5265 τε
2492 5214 2586 5266 καὶ
2642 5213 2892 5283 σμικρῶν
2944 5210 3221 5282 βασιλείαν
3280 5209 3531 5280 οὐρανῶν
3561 5209 3695 5277 ὅλην

2106 5300 2286 5372 ἐαυτῷ
2316 5300 2694 5372 ὠνησάμενος,
2744 5299 3058 5370 ἐλευθερίας
3111 5314 3170 5351 τε
3216 5298 3364 5353 ἀπαν
3415 5297 3581 5350 αὐτοῦ
3629 5297 3690 5350 τὸ

2106 5392 2379 5445 οἰκετικὸν
2410 5392 2670 5457 ἀξιώσας,
2715 5391 2782 5444 δι’
2818 5386 2895 5444 ὧν
2924 5390 3191 5444 ἔσπευσεν
3232 5391 3312 5452 είς
3349 5389 3496 5452 υἱοὺς
3526 5387 3690 5451 αὐτὸς

2100 5483 2448 5554 ἐγγραφῆναι
2465 5482 2829 5554 τοῦρύρανίου
2855 5483 3092 5552 Πατρὸς,
3123 5477 3243 5534 εἶτα
3264 5480 3361 5534 καὶ
3382 5481 3483 5546 τὴν
3515 5478 3690 5533 σύνοι-

2100 5592 2197 5628 κον
2246 5575 2397 5647 αὐτῷ
2436 5575 2531 5628 καὶ
2570 5574 2803 5644 σύμϐιον
2846 5573 3063 5644 ἀληθῶς
3097 5574 3190 5627 καὶ
3228 5572 3288 5625 τὸ
3317 5570 3377 5626 ἓν
3418 5571 3689 5625 πνέουσαν

2100 5669 2310 5737 γυναιξὶ
2364 5670 2589 5739 σεμναῖς
2629 5668 2725 5722 καὶ
2773 5666 3065 5738 παρθένοις
3097 5667 3365 5730 arma,
3402 5661 3548 5719 οὕτω
3589 5662 3686 5715 σὺν

486 5862 504 5894 ⁷
530 5860 637 5915 lsa.
666 5875 811 5924 χιιι,
860 5860 916 5913 3.
991 5859 1012 5891 ⁵
1048 5858 1151 5913 Isa.
1189 5873 1341 5925 mn,
1373 5858 1428 5923 2,
1459 5873 1551 5923 LII,
1585 5862 1636 5915 7.
1714 5858 1733 5890 ⁹
1765 5855 1870 5912 lsa.
1906 5870 1982 5919 LI,
2022 5854 2106 5910 16.
