4138 6476
436 461 601 530 ,1043

1668 461 1955 527 MENSIS
2001 463 2441 529 JANUARIUS

3583 463 3725 527 1034

455 582 598 650 αὐτῇ
631 577 866 649 θελήσας
911 578 993 641 εἰς
1048 577 1142 631 τὸν
1176 576 1265 631 ἀεὶ
1313 541 1507 651 χρόνον
1554 578 1622 649 τῇ
1679 579 1780 648 μιᾷ
1831 578 2046 650 κεφαλῇ

2150 597 2260 652 que
2301 577 2632 649 committit;
2661 580 2740 637 sic
2766 581 3041 651 cum-ipsa
3097 576 3322 635 Christo
3351 575 3449 633 uni
3477 577 3726 636 omnium

457 673 678 726 πάντων
707 671 930 741 Χριστῳ
960 671 1319 741 συναφθῆναι.

532 761 660 817 AB'.
687 761 851 825 ’Ἧτις
878 760 975 816 καὶ
999 759 1278 816 πολιτείαν
1307 760 1645 833 μετελθοῦσα
1665 761 1786 816 λίαν
1809 761 2042 833 ὑψηλὴν,

462 857 558 909 καὶ
603 855 805 923 ὀλίγοις
858 853 1112 926 βάσιμον,
1151 854 1479 926 ἀρραϐῶνας
1510 854 1667 925 ἔσχεν
1692 854 1929 909 ὲνταυθα
1945 853 2047 924 τῆς

460 949 596 1019 πρὸς
617 947 751 1001 Θεὸν
783 946 1110 1010 οἱκειώσεως
1122 948 1218 1001 καὶ
1236 947 1335 1018 τῆς
1357 946 1716 1018 ὲκδεξομὲνης
1745 945 1912 1017 αὐτὴν
1951 950 2044 998 ἑκ·-

460 1037 604 1092 εἰθεν
624 1036 1048 1108 μακαριότητος,
1077 1034 1453 1106 δαιμονῶντας
1485 1036 1888 1106 ίασαμὲντμκαὶ
1918 1037 2046 1088 πολ·-

458 1129 569 1184 λῶν
615 1128 792 1182 ἄλλων
837 1131 1159 1199 νοσημάτων
1205 1128 1339 1199 εὐχῇ
1388 1130 1732 1199 κρατήσασα.
1792 1131 1854 1183 '0
1897 1129 1954 1183 δέ
1982 1145 2047 1198 γε

460 1224 606 1286 οεῖος
630 1220 708 1292 τῷ
737 1221 852 1275 ὄντι
895 1221 993 1274 καὶ
1036 1219 1496 1291 θαυμασιώτατος
1523 1221 1736 1293 ἀνδρῶν
1771 1221 2045 1292 Ξενοφῶν,

456 1314 677 1384 τρίχινα
710 1312 965 1378 ὑπενδὺς,
993 1310 1159 1381 πολλῇ
1189 1328 1248 1364 τε
1276 1311 1406 1382 περὶ
1434 1312 1536 1381 τὴν
1563 1311 1776 1366 δίαιταν
1802 1310 2049 1384 εὐτελείᾳ

459 1408 809 1476 χρησάμενος
853 1404 948 1457 καὶ
998 1403 1363 1474 κακοπαθείᾳ,
1395 1405 1492 1458 καὶ
1537 1404 1705 1457 οἱονεὶ
1746 1404 1904 1468 δίκας
1947 1403 2047 1474 τὴν

460 1496 842 1567 προλαὸοὖσαν
880 1492 1321 1564 εἰσπραξάμενος
1367 1493 1739 1560 πολυτέλειαν,
1775 1495 1874 1565 τὴν
1913 1510 2048 1548 παν-

459 1589 666 1659 έρημόν
689 1605 751 1640 τε
789 1585 1134 1648 καταλαϐὼν,
1167 1587 1332 1639 κάκεῖ
1355 1585 1446 1640 τὸν
1479 1585 1773 1639 ὑπόλοιπον
1805 1586 1899 1640 τοῦ
1931 1585 2046 1656 βίου

457 1682 650 1752 χρόνον
692 1677 1011 1746 διενεγκὼν,
1059 1676 1424 1748 προγνώσεὼν
1465 1694 1526 1730 τε
1581 1681 1680 1732 καὶ
1725 1679 2048 1749 μυστηρίων

459 1773 557 1826 καὶ
627 1769 882 1841 μεγάλων
944 1767 1305 1841 χαρισμάτων
1361 1767 1648 1835 ἀξιωθεὶς,
1713 1768 1899 1832 πολιὸς
1948 1767 2047 1838 τὴν

455 1863 640 1936 τρίχα,
670 1862 861 1932 νεαρὸς
899 1861 999 1931 τὴν
1031 1861 1290 1931 σπουδὴν,
1321 1862 1458 1932 πρὸς
1495 1860 1591 1924 τὰς
1633 1861 1846 1913 ἐκεῖθεν
1882 1858 2050 1929 μονὰς

2069 627 2122 687 Α

2148 673 2317 742 capiti
2343 681 2612 728 aaternum
2641 673 2898 728 connecti
2924 669 3274 728 desiderans.

2219 762 2440 818 XXXII.
2463 761 2645 833 Atque
2664 763 2755 818 illa
2785 761 3010 833 quidem
3050 759 3274 817 sublimi
3313 759 3475 831 plane
3504 761 3729 830 paucis-

2149 871 2257 925 que
2301 870 2526 911 accesso
2549 858 2679 910 vitae,
2722 870 2922 926 genere
2976 854 3136 916 inito,
3166 853 3333 907 etiam
3365 852 3557 908 arrhas
3585 853 3729 908 obti-

2147 947 2272 1002 nuit.
2298 963 2398 1003 seu
2429 948 2681 1003 maximae
2713 949 2802 1001 hic
2839 962 2964 1001 cum
2990 947 3102 1000 Deo
3140 943 3588 1010 necessitudinis,
3628 959 3729 1000 seu

2149 1041 2425 1094 manentis
2452 1055 2572 1095 eam
2597 1041 2864 1108 deinceps
2896 1037 3200 1102 felicitatis,
3234 1046 3353 1092 tum
3384 1036 3732 1092 daemonibus

2147 1139 2374 1185 vexatos
2401 1129 2670 1197 liberans,
2701 1138 2816 1185 tum
2859 1131 2966 1185 alia
3001 1128 3171 1183 multa
3221 1127 3604 1183 inﬁrmitatum
3632 1144 3732 1199 ge-

2148 1235 2282 1276 nera
2307 1222 2625 1293 precatione
2649 1222 2954 1293 depellens.
2979 1221 3211 1276 Divinus
3238 1227 3423 1276 autem
3446 1229 3613 1292 atque
3639 1221 3732 1276 in-

2152 1323 2238 1369 ter
2263 1314 2416 1370 viros
2453 1314 2822 1370 admiratione
2851 1313 3210 1384 dignissimus
3235 1313 3549 1384 Xenophon
3570 1354 3587 1380 ,
3632 1315 3732 1369 de-

2149 1411 2279 1466 trita
2309 1418 2464 1465 veste
2490 1410 2740 1473 indutus,
2773 1424 3090 1480 magnaque
3130 1409 3308 1463 victus
3354 1409 3730 1479 parcimonim,

2148 1513 2206 1557 et
2237 1503 2602 1572 asperitatum
2663 1501 2968 1556 tolerantiae
3020 1514 3142 1554 sese
3200 1498 3432 1565 dedens,
3499 1499 3734 1569 perinde

2149 1592 2305 1664 quasi
2341 1593 2589 1663 pristinae
2631 1591 3054 1663 magniﬁcentiae
3079 1608 3111 1646 a
3143 1607 3203 1647 se
3228 1606 3422 1662 poenas
3466 1592 3731 1662 exigeret,

2150 1685 2208 1739 in
2241 1685 2684 1740 desertissimum
2725 1683 2908 1737 locum
2941 1681 3192 1747 secessit,
3227 1682 3324 1736 ubi
3370 1690 3594 1753 peracta
3641 1697 3735 1737 re-

2149 1777 2300 1846 liqua
2334 1777 2467 1842 vita,
2503 1775 3012 1840 vaticinationibus,
3052 1774 3379 1844 arcanisque
3405 1783 3460 1829 et
3479 1773 3736 1829 maximis

2151 1869 2378 1924 dotibus
2415 1868 2667 1938 insignis,
2723 1882 2896 1922 canus
2923 1867 3123 1937 capite,
3163 1866 3448 1936 diligentia
3489 1866 3732 1937 juvenis,

459 1954 912 2025 παραπέμπεται,
959 1950 1254 2018 ἄνθρωπος
1286 1949 1502 2020 ἀληθῶς
1530 1949 1622 2002 τοῦ
1657 1950 1792 2002 Θεοῦ
1825 1951 2047 2019 γενόμε-

2153 1963 2210 2016 in
2241 1961 2558 2016 mansiones
2584 1961 2706 2016 illas
2755 1970 3022 2029 receptus,
3049 1967 3170 2013 est:
3213 1959 3296 2012 vir
3342 1957 3574 2013 omnino
3620 1959 3734 2014 Deo

459 2062 570 2108 νος,
621 2045 717 2097 καὶ
758 2042 879 2095 ὃλον
920 2036 1069 2094 οἷκον
1108 2040 1452 2110 καθιερώσας
1501 2039 1676 2108 αὐτῷ,
1729 2037 1934 2108 σπουδῇ
1985 2053 2046 2089 τε

459 2137 616 2209 πάσῃ
644 2132 993 2204 θεραπεύσας
1032 2132 1360 2203 πανοικεσίᾳ
1388 2131 1511 2186 κατ’
1541 2131 1888 2201 ἀμφοτέρους
1920 2129 2047 2191 τοὺς

461 2229 613 2290 υἱοὺς
650 2227 920 2297 μακάριος
959 2223 1326 2294 ἀποδειχθεὶς,
1375 2223 1436 2276 τὸ
1481 2222 1798 2278 καινότατον
1842 2237 1902 2274 τε
1951 2221 2048 2278 καὶ

461 2318 850 2391 χαλεπώτατον
879 2316 1227 2387 σωτηριῶδες
1259 2315 1568 2386 ὑπόδειγμα
1591 2316 1882 2386 γενόμενος
1912 2315 2048 2367 πᾶσι

460 2413 577 2474 τοῖς
609 2410 708 2479 τὴν
747 2407 1000 2477 ἁλμυρὰν
1039 2408 1174 2476 ἡμῖν
1217 2407 1319 2460 τοῦ.
1346 2406 1462 2476 βίου
1510 2407 1732 2464 πλέουσι
1777 2405 2049 2461 θάλατταν

463 2505 560 2559 καὶ
604 2502 876 2566 σώζεσθαι
915 2500 1259 2570 βουλομένοις
1283 2515 1296 2530 ·
1332 2499 1392 2552 ὃν
1419 2501 1468 2554 εἰ
1514 2501 1590 2569 μὴ
1617 2499 1919 2570 θαυμάζειν
1953 2499 2049 2568 μό-

463 2613 576 2663 νον,
601 2595 741 2650 ἀλλὰ
772 2595 866 2648 καὶ
905 2591 1218 2663 μιμεῖσθαι,
1264 2592 1662 2662 σπουδάζομεν,
1697 2591 1914 2661 μέτοχοι
1941 2589 2051 2643 τῶν

467 2687 735 2758 μενόντων
768 2683 931 2739 αὐτὸν
969 2683 1192 2752 ἀγαθῶν
1218 2681 1474 2754 ἐσόμεθα,
1510 2684 1568 2737 ὲν
1598 2682 1821 2754 Χριστῷ
1875 2679 2048 2752 Ἰησοῦ

463 2778 542 2850 τῷ
570 2776 764 2848 Κυρίῳ
794 2775 973 2847 ἡμῶν,
1025 2768 1071 2842 ᾧ
1115 2775 1318 2846 πρέπει
1350 2776 1502 2828 πᾶσα
1536 2774 1686 2841 δόξα,
1716 2775 1874 2845 τιμὴ,
1914 2775 2052 2844 κρά-

464 2888 579 2936 τος,
614 2868 960 2940 μεγαλοσύνη
1001 2868 1096 2922 καὶ
1131 2867 1601 2939 μεγαλοπρέπεια,
1647 2866 1764 2933 νῦν,
1804 2865 1902 2922 καὶ⁵
1938 2866 2048 2934 ἀεὶ,

466 2961 560 3016 καὶ
590 2963 671 3027 είς
700 2961 831 3026 τοὺς
867 2960 1072 3025 αἰῶνας
1109 2960 1217 3016 τῶν
1249 2958 1485 3016 αἰώνων.
1552 2959 1749 3031 Ἀμήν.

2151 2053 2396 2119 deditus,
2421 2059 2482 2107 ut
2507 2052 2601 2122 qui
2637 2060 2956 2107 consecrata
2982 2050 3086 2120 ipsi
3115 2050 3280 2105 domo
3307 2059 3441 2114 tota,
3470 2051 3734 2120 omnique

2150 2143 2448 2200 sedulitate
2498 2143 2682 2198 eidem
2729 2147 2982 2199 serviens
3031 2158 3160 2197 cum
3218 2143 3476 2197 universa
3527 2142 3734 2197 familia

2153 2239 2444 2307 utriusque
2475 2237 2602 2292 vita:
2637 2235 2900 2294 felicitate
2932 2235 3262 2305 conspicuus
3294 2235 3505 2290 exstitit
3528 2251 3544 2292 :
3570 2234 3738 2288 nimi-

2151 2346 2272 2385 rum
2299 2330 2560 2386 omnibus
2593 2329 2958 2384 salsissimum
3001 2327 3130 2382 vitae
3180 2327 3347 2397 hujus
3377 2341 3528 2388 mare
3579 2326 3739 2381 navi-

2153 2421 2434 2492 gantibus,
2464 2423 2769 2490 salutisque
2793 2419 3060 2475 studiosis
3101 2419 3468 2474 novissimum
3500 2434 3565 2476 ac
3594 2418 3738 2473 difﬁ-

2155 2514 2450 2578 cillimum,
2504 2513 2601 2569 sed
2640 2515 2884 2568 salutare
2929 2512 3239 2582 exemplum
3271 2511 3524 2567 eﬂ‘ectus.
3560 2510 3737 2578 Quem

2156 2606 2205 2662 si
2257 2620 2370 2660 non
2415 2605 2683 2661 admirari
2720 2603 3009 2670 duntaxat,
3049 2618 3242 2658 verum
3305 2603 3472 2660 etiam
3531 2603 3737 2657 imitari

2153 2698 2554 2764 studuerimus,
2586 2699 2641 2751 in
2664 2697 2913 2752 eamdem
2945 2712 3070 2751 cum
3123 2697 3245 2765 ipso
3287 2695 3558 2750 bonorum
3589 2711 3742 2749 com-

2155 2792 2476 2850 munionem
2509 2789 2820 2853 veniemus,
2851 2789 2907 2842 in
2953 2786 3175 2842 Christo
3215 2785 3349 2842 Jesu
3391 2795 3448 2842 et
3504 2786 3740 2840 Domino

2155 2895 2372 2950 nostro,
2417 2883 2508 2938 cui
2555 2882 2792 2937 debetur
2817 2880 2998 2937 omnis
3038 2879 3237 2949 gloria,
3288 2878 3490 2943 honor,
3532 2879 3737 2944 virtus,

2157 2974 2418 3042 maiestas
2449 2986 2512 3024 ac
2537 2967 2959 3040 magniﬁcentia,
2987 2985 3134 3024 nunc
3157 2977 3214 3025 et
3247 2969 3303 3024 in
3333 2969 3533 3025 saecula
3561 2984 3706 3024 saccu

2159 3065 2362 3120 lorum.
2399 3064 2593 3124 Amen.
