4138 6490
489 436 628 503 Ιθίτ

1718 433 2001 495 MENSIS
2042 433 2077 495 Ι
2082 433 2179 493 AN
2190 434 2499 497 UARIUS.

3601 433 3746 502 1048

477 557 726 624 inquam,
769 564 890 620 quae
926 548 1029 603 sita
1063 555 1150 604 est
1186 546 1242 601 in
1275 544 1595 618 Ccelesyria.
1628 543 1765 600 Cum
1816 555 1925 600 tam
1954 545 2044 601 cla.

2165 539 2312 598 εἷλκε
2343 545 2404 598 τὸ
2441 543 2621 612 γένος.
2669 508 3025 615 Ἀντιοχείας,
3078 544 3201 616 ἥτις
3247 545 3387 600 κατά
3417 545 3518 618 τὴν
3545 547 3746 619 Κοίλην

476 661 593 701 ram
633 653 814 700 autem
856 643 1086 696 haberet
1119 640 1371 712 patriam,
1403 655 1508 693 nec
1548 648 1809 709 parentes
1838 637 2056 707 quidem

475 734 670 789 habuit
699 733 883 787 minus
907 730 1141 786 nobiles.
1176 728 1424 784 Fuerunt
1465 730 1610 783 enim
1642 730 1682 783 ii
1716 745 1934 799 quoque
1968 746 2060 784 su-

474 825 765 897 spiciendi,
798 832 855 879 et
914 819 1203 894 splendore
1263 820 1388 876 vita:
1412 823 1603 891 paucis
1655 821 1900 876 secundi.
1931 820 2057 875 Erat

473 916 619 972 enim
653 924 806 985 pater
854 914 965 969 dux
993 912 1287 978 exercitus,
1315 920 1372 965 et
1401 911 1492 981 qui
1527 911 1711 967 multis
1745 911 2056 988 abundabat

471 1009 689 1081 opibus.
725 1005 933 1059 Nomen
970 1014 1152 1059 autem
1184 1004 1325 1074 patri
1357 1004 1433 1073 (1)
1458 1004 1679 1073 quidem
1710 1003 2058 1057 eratSecun—

472 1106 602 1162 dus,
631 1097 789 1151 matri
817 1112 952 1150 vero
974 1096 1243 1149 Anthusn.
1269 1093 1370 1161 Qui
1388 1094 1629 1164 primum
1658 1093 1876 1162 quidem
1901 1100 2058 1147 erant

469 1190 735 1257 religione
766 1188 1020 1259 gentiles,
1061 1194 1116 1240 et
1155 1187 1486 1240 tenebantur
1507 1185 1791 1255 profundis
1816 1184 2056 1240 tenebris

471 1282 819 1353 ignorantiae,
843 1279 1079 1342 etiamsi,
1102 1287 1391 1347 postquam
1427 1278 1509 1331 eis
1538 1287 1700 1331 natus
1740 1286 1885 1332 esset
1913 1276 2055 1331 filius

472 1383 530 1428 et
559 1372 742 1426 divino
777 1372 1099 1441 baptismate
1124 1376 1498 1439 regeneratus,
1529 1368 1752 1424 fuerunt
1776 1369 1814 1422 ii
1835 1382 2053 1440 quoque

470 1466 719 1521 veritatis
778 1465 900 1519 luce
941 1462 1246 1517 illutninati.
1282 1461 1356 1514 Ex
1401 1461 1486 1516 his
1546 1462 1635 1515 ille
1696 1471 1869 1528 ortus,
1927 1478 2052 1517 cum

471 1570 617 1615 esset
653 1559 830 1613 adhuc
861 1572 995 1626 puer
1021 1565 1205 1620 mtate,
1240 1570 1585 1624 nequaquam
1616 1555 1807 1609 habuit
1838 1556 2048 1625 puerile

467 1649 771 1719 ingenium.
799 1646 986 1715 Neque
1014 1645 1161 1699 enim
1196 1644 1436 1699 faciebat
1466 1644 1671 1714 aliquid
1702 1644 2048 1710 indecorum,

465 1753 644 1807 neque
674 1746 794 1792 erat
844 1746 1143 1805 occupatus
1178 1736 1233 1789 in
1287 1733 1512 1790 ludicris
1571 1743 1627 1790 et
1663 1734 1872 1791 lusibus
1904 1753 1916 1788 :
1952 1735 2048 1790 sed

464 1830 641 1900 qualis
670 1828 975 1898 procedens
1030 1826 1210 1881 futura
1241 1834 1387 1882 esset
1416 1826 1621 1898 planta,
1656 1828 1772 1897 ipsa
1823 1829 2048 1883 omnino

2162 638 2341 689 κεῖται
2404 634 2627 700 Συρίαν.
2685 634 2842 688 Οὕτω
2868 635 2925 689 δὲ
2957 637 3213 707 πατρίδος
3260 638 3538 708 ἐπιφανῶς
3578 639 3743 710 ἔχων,

2161 725 2313 778 οὐδὲν
2339 720 2504 796 ἦττον
2554 726 2649 779 καὶ
2675 726 2929 797 πατέρων
2981 727 3220 796 εὐγενῶν
3241 728 3449 798 ἔτυχεν.
3488 731 3748 785 Ἀπόσλε-

2160 833 2286 869 πτοι
2332 816 2443 888 γὰρ
2501 817 2599 870 καὶ
2629 818 2805 881 αὐτοὶ,
2845 818 2940 871 καὶ
2978 822 3045 891 τῇ
3070 821 3210 872 κατά
3237 821 3331 875 τὸν
3398 822 3515 894 βίον
3578 844 3740 897 περι-

2161 908 2358 980 φανείᾳ
2383 909 2457 981 μὴ
2486 908 2698 962 πολλῶν
2758 909 3024 980 δεύτεροι.
3074 913 3386 983 Στρατηγὸς
3442 915 3551 986 γὰρ
3593 918 3743 989 αὐτῷ

2159 1000 2188 1051 ὁ
2211 1001 2414 1069 πατὴρ,
2452 1000 2548 1053 καὶ
2582 999 2760 1069 μυρίῳ
2794 1000 3008 1070 πλούτῳ
3042 1004 3136 1055 καὶ
3184 1003 3472 1076 βαθυτάτῳ
3512 1005 3700 1078 κομῶν
3726 1026 3745 1044 ·

2158 1089 2328 1159 ὖνομα
2361 1091 2416 1143 δὲ
2447 1091 2524 1161 τῷ
2566 1093 2663 1160 μὲν
2704 1093 2811 1143 τῶν
2844 1093 3048 1158 γονέων
3090 1095 3401 1162 Σεκοῦνδος,
3441 1102 3504 1169 τῇ
3539 1101 3594 1152 δὲ
3627 1102 3744 1155 ’Λνα

2158 1181 2326 1235 θοῦσα
2353 1200 2365 1214 ο
2387 1184 2446 1235 τὸ
2464 1185 2675 1253 πρῶτον
2695 1185 2959 1254 ’Έλληνες
2979 1186 3113 1255 όμοῦ
3126 1191 3190 1259 τῇ
3216 1188 3482 1261 θρησκεία
3501 1190 3620 1262 [rp-
3643 1195 3740 1264 ei}.

2159 1274 2502 1347 θρησκείαν],
2525 1278 2617 1329 καὶ
2636 1276 2713 1346 τῷ
2740 1278 2896 1347 βαθεῖ
2917 1280 3093 1349 σκότῳ
3112 1281 3211 1348 τῆς
3239 1283 3462 1348 ἀγνοίας
3495 1287 3740 1355 κάτοχοι·

2155 1369 2204 1419 εί
2245 1366 2340 1419 καὶ
2376 1370 2511 1435 μετὰ
2554 1367 2654 1439 τὴν
2679 1368 2775 1421 τοῦ
2839 1370 3030 1433 παιδός
3081 1372 3356 1441 γέννησιν,
3399 1377 3532 1443 πρὸς
3558 1376 3614 1429 δὲ
3647 1380 3743 1432 καὶ

2154 1459 2253 1528 τὴν
2310 1458 2406 1511 τοῦ
2464 1458 2612 1512 θείου
2665 1460 3041 1531 βαπτίσματος
3068 1464 3428 1532 ἀναγέννησιν
3449 1506 3463 1528 ,
3489 1466 3567 1535 τῷ
3601 1468 3745 1535 φωτὶ

2154 1550 2250 1602 καὶ
2278 1545 2424 1603 οὗτοι
2449 1551 2548 1620 τῆς
2578 1552 2835 1621 ἀληθείας
2856 1553 3371 1624 περιελάμφθησαν.
3407 1557 3501 1609 Ἐκ
3534 1559 3742 1612 τούτων

2154 1643 2362 1706 ἐκεῖνος
2418 1641 2721 1712 προελθὼν,
2765 1646 2894 1703 παῖς
2919 1641 2994 1696 ὢν
3023 1642 3101 1695 ἔτι
3133 1645 3230 1714 τὴν
3251 1646 3487 1714 ἡλικίαν,
3510 1648 3570 1699 οὐ
3596 1650 3741 1703 κατά

2153 1734 2349 1797 παῖδας
2395 1730 2508 1804 εἶχε
2535 1737 2595 1787 τὸ
2619 1735 2895 1806 φρόνημα.
2946 1737 3085 1791 Οὔτε
3129 1739 3238 1810 γὰρ
3267 1741 3506 1810 ἐπραττέ
3538 1760 3590 1794 τι
3628 1744 3739 1797 τῶν

2151 1826 2429 1896 ἀκόσμων,
2486 1826 2609 1880 οὔτε
2642 1827 2776 1899 πρὸς
2832 1828 3130 1899 ἀθύρματα
3160 1827 3276 1901 εἶχε
3312 1834 3405 1885 καὶ
3465 1834 3686 1897 παιδιάς
3721 1851 3735 1864 ·

465 1925 700 1991 seipsam
734 1920 1034 1976 indicabat.
1077 1919 1284 1975 Deinde
1309 1919 1555 1974 divinum
1590 1920 1902 1988 assequitur
1945 1920 2044 1974 ba-

2150 1893 2379 1970 de-zb
2410 1918 2578 1986 φυτὸν
2637 1893 2819 1985 εύθὺς,
2890 1893 3076 1973 ὁποῖον
3098 1893 3310 1990 γένοίτο
3348 1924 3555 1993 προϊὸν,
3589 1893 3728 1977 αὐτὸ

463 2017 749 2086 ριῑειιευιη,
809 2028 1042 2083 corpore
1101 2014 1280 2068 adhuc
1339 2012 1497 2068 valde
1553 2022 1744 2068 tenero
1787 2023 1839 2068 et
1876 2013 2043 2071 molli.

464 2111 767 2181 Oportebat
803 2110 949 2163 enim
1000 2123 1150 2172 eum,
1204 2108 1362 2177 cujus
1397 2107 1506 2162 vita
1538 2107 1608 2161 ad
1640 2106 1920 2161 Christum
1958 2107 2046 2161 in-

464 2203 719 2267 clinabat,
750 2216 859 2255 non
886 2214 1106 2255 manere
1137 2200 1370 2269 amplius
1398 2197 1602 2253 Christi
1628 2197 1910 2268 signaculo
1936 2212 2044 2251 non

464 2296 760 2366 signatum.
819 2293 923 2361 Qui
979 2308 1104 2347 eum
1160 2299 1347 2346 autem
1397 2291 1672 2360 baptismo
1725 2289 1904 2354 tinxit,
1946 2287 2048 2343 fuit

462 2385 734 2448 Melctius,
754 2384 846 2454 qui
871 2386 1075 2454 Optime
1094 2382 1507 2438 administravit
1535 2382 1720 2437 sedem
1747 2381 1924 2434 Antiot
1947 2381 2046 2434 lte-

462 2497 613 2544 nam,
648 2480 779 2535 sede
802 2479 1021 2534 virtutis
1049 2478 1211 2549 longe
1243 2478 1423 2531 altior.
1455 2476 1651 2532 Postea
1682 2485 1865 2530 autem
1925 2477 2046 2544 ejus

463 2589 682 2645 quoque
708 2581 963 2642 parentes
990 2570 1176 2626 divino
1227 2569 1391 2624 tradit
1419 2569 1659 2622 lavacro.
1688 2567 1872 2637 Neque
1898 2569 2045 2622 enim

465 2680 564 2735 par
602 2670 741 2725 erat,
780 2675 839 2716 ut
868 2676 990 2715 cum
1027 2660 1093 2715 ad
1126 2661 1299 2713 lucem
1317 2662 1502 2727 gratiae
1524 2658 1851 2713 accessisset
1879 2658 2043 2722 tilius,

462 2758 557 2829 qui
592 2757 642 2812 ei
693 2757 873 2811 causa:
933 2754 1152 2809 fuerant
1187 2760 1246 2806 ut
1305 2753 1359 2807 in
1402 2753 1579 2809 lucem
1628 2753 1900 2813 ederetur.
1932 2768 2046 2807 non

462 2848 734 2919 ejusdem,
765 2847 923 2916 cujus
960 2845 1124 2907 ﬁlius,
1149 2853 1337 2899 essent
1375 2844 1682 2914 splendoris
1729 2844 2043 2914 participes.

460 2939 672 2995 Deinde
701 2938 1058 3011 grammatico
1090 2935 1342 3001 traditus,
1368 2946 1426 2991 ut
1452 2937 1656 3007 primas
1679 2936 2047 2992 disceretdis-

464 3033 716 3104 eiplinas,
774 3040 895 3086 erat
945 3029 1033 3085 fax
1090 3028 1290 3098 injecta
1340 3029 1393 3083 in
1441 3029 1660 3100 ignem:
1691 3044 1869 3100 neque
1935 3028 2046 3083 ullo

464 3128 692 3183 omnino
714 3140 853 3195 opus
888 3123 1124 3178 habebat
1158 3121 1402 3186 stimulo,
1432 3138 1535 3177 nec
1562 3122 1764 3192 aliquo,
1800 3121 1892 3191 qui
1917 3137 2042 3176 eum

2150 2009 2313 2063 ἑαυτὸ
2334 2011 2664 2081 παρεδήλου.
2686 2007 2818 2065 Εἶτα
2839 2012 2932 2065 τοῦ
2958 2012 3106 2066 θείου
3145 2014 3495 2078 καταξιοῦται
3541 2015 3739 2086 βαπτίσ

2150 2118 2356 2171 σματος
2382 2104 2473 2156 ἐπὶ
2497 2104 2601 2175 νέῳ
2624 2105 2762 2158 πάνυ
2791 2105 2882 2158 καὶ
2902 2106 3093 2176 ἁπαλῷ
3122 2106 3514 2177 σώματι.Ἕδει
3530 2112 3637 2178 γάρ
3656 2110 3736 2181 τῷ

2152 2192 2251 2264 βίῳ
2304 2195 2441 2265 πρὸς
2507 2195 2744 2264 Χριστὸν
2793 2196 3043 2250 κλίνονται
3079 2198 3153 2268 μὴ
3189 2199 3282 2250 ἐπὶ
3308 2200 3441 2252 πολὺ
3465 2202 3562 2269 τῆς
3592 2202 3737 2255 κατά

2150 2286 2368 2354 πνεῦμα
2420 2287 2708 2340 λείπεσθαι
2760 2288 3122 2358 τελειότητος.
3167 2291 3433 2354 Μελέτιος
3480 2293 3588 2346 δὲό
3640 2294 3736 2363 βα-

2150 2380 2350 2443 πτίσας
2394 2375 2461 2450 ἦν
2489 2397 2502 2410 ⁵
2534 2379 2591 2443 ὃς
2647 2381 2739 2433 τὸν
2791 2381 2977 2450 θρόνον
3041 2381 3238 2451 ἄριστα
3267 2382 3364 2451 τῆς
3408 2384 3734 2453 Ἀντιοχείας

2150 2474 2395 2542 ἐκόσμει,
2449 2474 2601 2543 παρά
2630 2473 2765 2526 πολὺ
2792 2472 2865 2541 τῷ
2895 2473 3071 2543 θρόνῳ
3101 2474 3201 2544 τῆς
3244 2476 3445 2545 ἀρετῆς
3466 2477 3733 2545 ὑψηλότε-

2153 2583 2266 2635 ρος.
2332 2566 2598 2635 ’Υστερον
2633 2567 2689 2619 δὲ
2715 2566 2809 2618 καὶ
2859 2571 2984 2627 τοὺς
3020 2568 3188 2620 αὑτοῦ
3214 2565 3457 2638 πατέρας
3493 2569 3569 2638 τῷ
3602 2570 3732 2640 θείῳ

2147 2657 2359 2727 λουτρῷ
2416 2657 2654 2710 δίδωσιν.
2710 2659 2845 2712 Οὐδὲ
2901 2660 3011 2730 γὰρ
3055 2655 3124 2730 ἦν
3148 2659 3318 2724 ἀξιον,
3350 2660 3427 2729 τῷ
3463 2662 3601 2731 φωτὶ
3634 2663 3733 2732 τῆς

2148 2752 2369 2820 χάριτος
2397 2751 2490 2802 τοῦ
2524 2751 2713 2814 παιδὸς
2749 2752 3166 2822 προσελθόντος,
3193 2753 3320 2816 τοὺς
3352 2753 3561 2814 αἰτίους
3588 2753 3737 2824 αὐτῷ

2149 2844 2244 2912 τῆς
2269 2844 2349 2905 εἰς
2380 2843 2496 2911 φῶς
2524 2846 2860 2913 προαγωγῆς
2903 2845 3254 2914 γενομένους,
3293 2843 3368 2915 μὴ
3404 2845 3502 2914 τῆς
3533 2845 3734 2913 ὁμοίας

2152 2935 2480 3002 κοινωνῆσαι
2520 2935 2927 3006 λαμπρότητος,
2954 2936 3145 2991 ἔπειτα
3199 2939 3592 3008 γραμματιστῇ
3624 2954 3734 2989 τινι

2149 3025 2474 3096 παραδοθεὶς
2510 3069 2524 3091 ,
2567 3028 2686 3092 ὅλος
2731 3028 2837 3082 τῶν
2896 3029 3237 3099 μαθημάτων
3284 3029 3519 3097 γίνεται.
3568 3029 3734 3083 Φύσει

2147 3118 2204 3172 δὲ
2247 3118 2398 3190 δεξιᾷ
2459 3121 2667 3189 σπουδὴ
2732 3121 3100 3185 συνελθοῦσα,
3150 3122 3220 3176 δι’
3265 3121 3447 3190 ὀλίγου
3505 3123 3735 3177 πλεῖστα

463 3224 615 3271 esset
650 3215 1003 3271 incitaturus.
1032 3212 1353 3281 Quanquam
1372 3211 1680 3282 disciplina,
1706 3221 1763 3266 et
1784 3213 2043 3267 diuturna

2150 3213 2519 3283 ἐκμανθάνειν
2555 3213 2753 3268 ἐποίει.
2795 3215 2892 3267 Ἐκ
2923 3214 3113 3278 παιδίας
3137 3215 3237 3283 μὲν
3267 3209 3361 3267 οὖν
3389 3214 3554 3267 ἔτιτὸ
3586 3214 3734 3267 λιτὸν

459 3309 520 3364 in
552 3322 662 3361 uno
686 3307 807 3361 loco
839 3321 1014 3371 mora,
1043 3312 1100 3361 et
1125 3306 1367 3361 assidere
1386 3314 1736 3373 occupatum,
1770 3312 1900 3359 sunt
1927 3319 2046 3359 om-

462 3399 599 3454 nino
619 3397 914 3468 jnvenibus
943 3397 1154 3466 ingrata
1180 3406 1234 3450 et
1255 3396 1551 3465 injucunda
1575 3413 1586 3449 :
1613 3395 1886 3464 quomodo
1910 3410 2046 3449 cont-

463 3500 549 3546 tra
588 3489 906 3546 saltationes
942 3496 998 3543 et
1031 3488 1438 3547 translationes.
1470 3502 1780 3556 cursusque
1809 3496 1866 3541 et
1923 3502 2044 3541 mo-

463 3581 646 3637 tiones
700 3587 830 3634 sunt
891 3579 970 3633 eis
1022 3578 1352 3649 gratissima.
1412 3578 1504 3632 llle
1549 3585 1732 3632 autem
1770 3592 1828 3631 se
1871 3585 2043 3631 totum

466 3673 701 3728 dctlebat
724 3671 1045 3740 disciplinis.
1073 3669 1211 3724 Cum
1242 3670 1389 3724 bono
1416 3671 1601 3738 itaque
1634 3668 1855 3739 ingenio
1882 3668 2046 3723 simul

462 3778 802 3819 concertens
834 3763 1096 3828 studium,
1133 3762 1316 3816 etfecit
1356 3771 1416 3815 ut
1459 3761 1607 3816 brevi
1658 3761 1889 3830 plurima
1933 3759 2043 3815 disc

462 3865 634 3912 ceret.
688 3854 825 3910 Cum
874 3864 1056 3908 autem
1125 3854 1197 3908 ab
1254 3852 1481 3907 ineunte
1528 3861 1685 3907 atate
1723 3852 2041 3907 tenuitatem

460 3954 718 4008 amasset,
742 3953 798 4000 et
820 3960 850 3998 a
874 3944 1014 4001 fastu
1062 3941 1471 4005 alienationem,
1502 3953 1621 3997 erat
1643 3942 1895 4011 superior
1923 3957 2044 3997 om-

462 4041 628 4096 nibus
655 4037 931 4093 blanditiis
961 4046 1018 4091 et
1052 4037 1214 4091 rebus
1245 4035 1556 4105 superfluis,
1582 4049 1763 4104 neque
1782 4035 2041 4089 comitum

462 4130 869 4187 multitudinem
895 4143 1078 4183 secum
1109 4128 1316 4183 ducens
1355 4128 1423 4182 ad
1473 4127 1660 4181 ludum
1718 4127 2041 4181 litterarium

460 4235 643 4289 neque
701 4232 845 4288 equo
881 4226 1088 4280 vectus,
1117 4216 1220 4271 iter
1240 4215 1447 4286 ingredi
1480 4216 1778 4270 sustinens.
1807 4214 1915 4271 Sed
1942 4231 2044 4270 nec

462 4308 612 4365 aliud
636 4308 930 4377 quidquam
965 4306 1255 4361 delicatum
1301 4314 1395 4361 aut
1440 4304 1810 4375 splendidum,
1856 4314 1916 4361 ut
1948 4305 2040 4375 qui

463 4408 611 4456 esset
637 4416 702 4454 ex
736 4409 886 4455 tanta
924 4397 1087 4452 domo
1148 4404 1425 4450 ostentare
1469 4396 1832 4450 contendens.
1856 4395 2042 4466 Itaque

461 4510 586 4550 cum
612 4502 866 4563 parentes
893 4490 1112 4559 quidem
1151 4488 1306 4543 valde
1349 4489 1637 4552 instarent,
1672 4495 1730 4541 et
1773 4502 1891 4541 eam
1926 4503 2039 4542 rem

2154 3304 2389 3373 φιλήσας
2422 3305 2517 3356 καὶ
2550 3304 2753 3372 ἄτυφον
2773 3345 2787 3368 ,
2849 3306 3034 3375 πάσης
3061 3305 3323 3375 ἀπείχετο
3358 3304 3617 3374 βλακείας
3637 3307 3733 3359 καὶ

2147 3396 2553 3464 περιττότητος,
2608 3394 2732 3449 οὔτε
2777 3395 2982 3466 πλῆθος
3016 3395 3329 3449 ἀκολουθῶν
3370 3398 3451 3459 είς
3483 3397 3581 3467 τὴν
3606 3397 3728 3451 δια-

2146 3486 2339 3557 τριϐὴν
2376 3488 2737 3556 ἐπαγόμενος,
2790 3487 2914 3566 οὔτε
2956 3489 3110 3557 ἵππῳ
3144 3490 3244 3557 τὴν
3281 3488 3508 3556 πορείαν
3540 3487 3727 3541 ἀνύειν

2147 3579 2612 3649 παραδεχόμενος,
2636 3580 2759 3633 οὔτε
2794 3581 2962 3649 ἄλλην
2989 3580 3268 3651 ἁϐρότητα
3295 3583 3389 3634 καὶ
3435 3581 3727 3651 κομψείαν.

2145 3665 2234 3725 οἷα
2265 3673 2413 3734 είκὸς
2434 3673 2527 3725 τὸν
2552 3671 2813 3739 τοιοῦτον,
2851 3672 3319 3744 ἐπιδεικνύμενος,
3363 3674 3605 3741 καίτοιγε
3621 3674 3730 3729 τιῖν

2145 3765 2350 3833 γονέων
2397 3765 2644 3834 σφοδρῶς
2696 3767 3064 3835 ἐπικειμένων
3132 3767 3226 3821 καὶ
3286 3768 3503 3821 οἰκείων
3568 3766 3733 3836 ὕϐριν

2144 3854 2302 3907 τοῦτο
2344 3853 2736 3923 λογιζομένων,
2786 3856 2887 3910 οὐκ
2938 3856 3118 3911 αὐτῶν
3146 3856 3203 3910 δὲ
3235 3857 3418 3927 μόνον,
3451 3856 3587 3911 ἀλλὰ
3633 3857 3731 3912 καὶ

2144 3944 2497 4013 παιδαγωγοῦ
2557 3946 2650 3998 καὶ
2681 3946 3068 4015 συμφοιτητῶν
3096 3948 3165 4001 τὰ
3197 3951 3360 4018 ὃμοια
3404 3950 3728 4016 ποιούντων,

2144 4033 2241 4086 καὶ
2292 4033 2391 4103 τὴν
2445 4034 2646 4105 πολλὴν
2699 4034 3068 4099 ὀνειδιζόντων
3136 4038 3435 4093 εὐτέλειαν.
3504 4039 3730 4108 Ἐκείνῳ

2142 4126 2200 4179 δὲ
2218 4126 2413 4180 πολλοῦ
2441 4127 2545 4181 ἔδει
2572 4130 2686 4192 τοῖς
2709 4130 2915 4183 τούτων
2942 4130 3122 4198 λόγοις
3158 4133 3467 4201 πεισθῆναι.
3500 4135 3593 4187 καὶ
3628 4132 3730 4204 τὴν

2143 4218 2427 4286 ἡλικιῶτιν
2471 4219 2622 4290 αὐτῷ
2657 4222 2750 4274 καὶ
2783 4222 2947 4292 φίλην
2992 4224 3324 4279 ἀπώσασθαι
3374 4227 3727 4296 μετριότητα.

2146 4309 2309 4364 Ὥστε
2360 4313 2453 4366 καί
2510 4312 2618 4366 τῶν
2669 4313 2880 4378 γονέων
2939 4315 3089 4386 αὐτῷ
3130 4334 3260 4370 ποτε
3314 4317 3730 4385 κοινολογουμέ-

2145 4421 2273 4468 νων,
2309 4409 2401 4458 καὶ
2446 4406 2548 4474 τὴν
2603 4406 2805 4473 αἰτίαν,
2855 4406 2923 4460 δι’
2957 4408 3018 4478 ἣν
3067 4408 3212 4463 οὕτω
3260 4409 3328 4462 δι’
3364 4409 3601 4473 ὀνείδους
3628 4411 3728 4464 αύ-

2143 4497 2257 4558 τοῖς
2305 4491 2445 4549 εἶναι
2497 4496 2640 4550 θέλοι
2689 4497 3131 4566 πυνθανομένων,
3195 4501 3357 4565 λιτῶς
3388 4503 3531 4573 ἔχων
3581 4503 3727 4557 πάνυ

458 4601 586 4642 esse
614 4585 715 4640 sibi
742 4583 942 4655 probro
971 4583 1255 4653 ducerent,
1285 4596 1387 4637 nec
1407 4582 1439 4635 ii
1462 4581 1584 4645 soli,
1620 4582 1714 4637 sed
1740 4582 1902 4635 etiam
1928 4597 2037 4651 pae-

2149 4584 2239 4638 καὶ
2312 4585 2619 4653 ἰδιωτικῶς,
2650 4591 2680 4640 ὁ
2709 4589 2870 4656 σοφὸς
2895 4589 2973 4659 τῷ
2997 4589 3111 4643 δντι
3176 4593 3271 4646 καὶ
3327 4571 3448 4663 ’τὴν⁷
3477 4591 3730 4660 γλῶτταν
3780 4658 3784 4663 ο

457 4681 699 4751 dagogus
732 4687 787 4733 et
831 4675 1189 4744 condiscipuli
1224 4675 1413 4729 eadem
1472 4674 1739 4737 facerent,
1769 4684 1825 4728 et
1854 4673 1903 4728 ei
1941 4688 2039 4728 ex-

2149 4678 2433 4750 ἀήττητος,
2466 4678 2512 4732 ὣ
2537 4680 2591 4733 τί
2638 4698 2792 4746 ποτε,
2829 4679 2976 4749 εἷπε,
3009 4685 3312 4754 πράγματά
3341 4702 3432 4751 μοι
3468 4685 3728 4756 βούλεσθε

457 4771 806 4843 probrarent,
830 4768 975 4838 quod
1005 4774 1152 4821 esset
1178 4766 1346 4821 nimis
1373 4766 1496 4819 vilis
1516 4774 1573 4820 et
1597 4765 1868 4832 abjectus,
1901 4763 2041 4819 ntul-

2149 4770 2404 4841 παρέχειν
2466 4771 2767 4844 διακενῆς;
2840 4776 2916 4847 μὴ
2945 4777 3212 4847 κρείττων
3260 4776 3392 4844 ἐγὼ,
3437 4779 3594 4848 φησὶ,
3626 4777 3726 4831 τοῦ

456 4872 575 4917 tum
609 4862 799 4915 aberat
853 4867 911 4916 ut
942 4858 1031 4912 ille
1065 4857 1498 4928 persuaderetur
1525 4871 1715 4910 eorum
1748 4855 1951 4921 verbis,
1986 4864 2042 4910 et

2149 4862 2358 4933 Δανιὴλ,
2400 4863 2576 4934 ἣτῶν
2623 4865 2792 4936 τριῶν
2843 4868 3051 4921 παίδων
3076 4868 3324 4931 ἐκείνων,
3362 4862 3437 4923 ὦν
3473 4869 3564 4923 διὰ
3618 4870 3727 4941 τὴν

456 4956 560 5011 sibi
613 4952 958 5023 congenitam
1015 4959 1072 5005 et
1125 4958 1331 5021 gratam
1364 4949 1658 5017 repelleret
1703 4948 2036 5004 moderatio-

453 5061 601 5100 nem.
631 5043 996 5110 Quamobrem
1032 5056 1157 5095 cum
1189 5056 1313 5095 eum
1345 5041 1640 5108 aliquando
1680 5041 2039 5096 convenirent

450 5146 732 5209 parentes,
766 5145 820 5188 et
849 5148 1071 5189 causam
1106 5142 1382 5202 rogarent,
1413 5147 1511 5186 cur
1531 5134 1611 5185 eis
1631 5132 1881 5188 dedecori
1915 5148 2036 5189 esse

450 5229 617 5284 vell‘et
648 5240 755 5282 tam
792 5227 1033 5280 tenuiter
1066 5225 1275 5288 virens,
1304 5232 1357 5279 et
1390 5224 1561 5278 instar
1593 5226 1876 5293 cujusdam
1915 5227 2034 5295 ple-

2140 4955 2241 5025 τῆς
2264 4956 2444 5028 ψυχῆς
2475 4959 2767 5029 συντριόὴν
2792 4961 2889 5013 καὶ
2913 4961 3014 5031 τὴν
3033 4960 3129 5015 τοῦ
3158 4963 3473 5031 πνεύματος
3508 4964 3734 5033 μετριό-

2141 5063 2301 5116 τητα,
2334 5052 2363 5101 ό
2399 5050 2499 5118 μὲν
2523 5051 2754 5103 λεόντων
2810 5052 3056 5115 ἐκτεθεὶς
3115 5054 3382 5123 στόμασιν
3431 5056 3733 5126 ἀπρόσιτος

2143 5133 2236 5208 ἦν,
2253 5141 2304 5191 oi
2335 5141 2392 5193 δέ
2424 5142 2641 5212 καμίνῳ
2669 5142 2841 5210 πυρὸς
2865 5142 3180 5208 ἐκδοθέντες
3203 5144 3461 5198 τοσοῦτον
3485 5146 3733 5218 ἀπέσχον

2145 5229 2239 5283 ὑπ’
2290 5231 2456 5285 αὐτοῦ
2510 5233 2795 5304 βλαϐῆναι,
2852 5233 2995 5288 ὥστε
3030 5236 3228 5306 μικροῦ
3260 5238 3371 5291 δεῖν
3390 5239 3486 5291 καὶ
3519 5238 3594 5301 ὡς
3621 5239 3735 5292 ὐπ-

448 5321 599 5377 beii:
635 5320 723 5374 ille
759 5334 947 5373 revera
979 5318 1217 5387 sapiens,
1252 5325 1309 5373 et
1341 5316 1523 5391 lingua
1566 5319 1726 5390 plane
1768 5319 2029 5388 invictus,

448 5414 494 5471 υ
513 5430 610 5470 cur
639 5412 795 5479 mihi,
823 5411 1017 5482 inquit,
1042 5411 1243 5465 frustra
1265 5409 1428 5465 vultis
1452 5410 1713 5466 exhibere
1730 5413 2032 5482 negotium,

444 5508 672 5580 perinde
694 5522 760 5562 ac
791 5505 835 5561 si
868 5520 970 5559 nos
994 5503 1151 5574 pritni
1183 5505 1306 5559 vita:
1332 5505 1651 5559 tenuitatem
1682 5515 1737 5559 et
1776 5507 2027 5562 modera-

2142 5326 2317 5399 ηρέτῃ
2374 5327 2665 5396 φαίνεσθαι
2713 5330 2793 5400 τῷ
2835 5331 2971 5402 πυρὶ
3023 5332 3368 5403 χρωμένους,
3420 5334 3514 5387 καὶ
3579 5336 3727 5387 κατὰ

2141 5418 2253 5471 τῶν
2317 5422 2759 5490 περιεστηκότων
2818 5424 3112 5489 ἐπαφιέναι
3166 5426 3263 5477 σὺν
3296 5425 3475 5477 οὐδενὶ
3504 5426 3581 5493 τῷ
3612 5441 3730 5478 κωα

2137 5510 2357 5579 λύοντι;
2407 5513 2467 5566 οὐ
2504 5512 2614 5584 μὴν
2665 5514 2723 5568 δὲ
2782 5513 2919 5569 ἀλλά
2966 5517 3059 5569 καὶ
3115 5518 3393 5587 πανταχοῦ
3451 5518 3552 5589 τὴν
3577 5518 3732 5572 θείαν

519 5652 595 5723 (1)
634 5648 992 5707 Parentes.S.
1012 5650 1241 5723 Joannis
1260 5650 1635 5723 Qltrysostmni
1670 5662 1898 5707 matrem
1936 5656 2045 5710 Pu-

444 5720 612 5796 suam
638 5724 809 5796 fuisse
829 5722 1255 5796 praeterj‘heod.
1284 5720 1345 5774 L.
1378 5720 1458 5796 tu,
1479 5724 1707 5791 eap.17,
1739 5726 2039 5796 ntenologia

453 5790 618 5844 etiam
648 5790 957 5847 Graecorum
992 5792 1302 5855 aﬂirmant;
1336 5792 1431 5845 sed
1472 5790 1661 5847 eorum
1698 5790 1981 5849 sententia
2008 5812 2037 5849 a

464 5855 699 5914 Baronio
728 5862 795 5916 ad
824 5877 1029 5917 annum
1070 5860 1175 5917 362
1212 5862 1519 5918 refellitur:
1551 5864 1657 5919 nisi
1683 5864 1821 5919 forte
1851 5864 2038 5920 Publa

2152 5659 2402 5735 Anthusa
2465 5658 2617 5735 dicta
2668 5661 2762 5735 sit.
2789 5690 2867 5735 --_
2900 5662 2978 5717 De
3005 5662 3166 5735 .loan.
3200 5662 3392 5735 tlltrys.
3440 5679 3641 5734 genere
3674 5674 3731 5721 et

2147 5729 2501 5801 educatione,
2529 5730 2655 5785 vide
2680 5731 2907 5801 Nicepb.
2928 5747 2978 5787 c.
3011 5732 3067 5798 2,
3104 5735 3156 5800 3,
3197 5732 3289 5788 lib.
3313 5729 3470 5794 'xm';
3515 5735 3724 5792 Tlteod.

2147 5798 2243 5855 lib.
2270 5817 2321 5863 v,
2351 5816 2413 5874 _c.
2445 5800 2536 5874 g6.
2565 5801 2632 5856 27
2661 5818 2679 5874 _:
2869 5802 2977 5874 lib.
3007 5798 3200 5869 vm,c.
3237 5805 3290 5873 2,
3324 5804 3395 5872 5;
3434 5803 3587 5861 Socr.
3630 5806 3729 5861 lib.

2105 5940 2109 5945 γ
2151 5885 2225 5936 vt,
2259 5885 2309 5924 c.
2349 5871 2416 5935 ὃς
2453 5870 2575 5925 Bar.
2605 5872 2670 5925 ad
2700 5870 2790 5927 an.
2819 5873 2943 5929 582.
