4138 6404
444 367 587 434 ὶθίθ

1454 367 1635 431 VITA
1681 372 1742 432 S.
1784 372 2105 436 iOANNIS
2136 373 2701 446 CHRYSOSTOMI.

3563 391 3707 459 1050

438 481 683 553 εὑρίσκω
729 477 950 550 γραφὴν
979 478 1040 533 τὸ
1076 479 1336 535 ταπεινὸν
1382 481 1544 536 τοῦτο
1600 484 1694 538 καὶ
1732 486 1859 556 παρ’
1894 487 2023 555 ὑμῖν

2129 489 2332 546 tionem
2361 495 2748 555 statuissemus
2775 499 2979 566 colere,
3004 517 3150 573 aegre
3189 504 3474 562 ferentes?
3499 506 3705 566 Deinde

438 574 724 636 δικασταῖς
758 573 1106 627 ἀπόπτυστον
1140 575 1270 645 περὶ
1300 574 1497 635 πολλοῦ
1543 579 1894 651 ποιουμένην,
1930 580 2026 633 καὶ

446 666 523 730 ὡς
556 664 709 719 οὐδέν
740 682 791 717 τι
826 663 955 718 ἄλλο
1002 665 1253 735 τιμῶσαν
1275 684 1290 699 ο
1318 667 1377 720 τὺ
1397 668 1454 722 δὲ
1485 670 1738 739 περιττὸν
1762 672 1854 725 καὶ
1880 673 2030 741 φιλό-

440 775 602 829 τιμον
655 759 720 811 ἐκ
785 758 985 819 παντὸς
1021 758 1454 827 διαθάλλουσαν,
1505 763 1600 815 καὶ
1660 766 1873 834 μικρῶν
1933 765 2027 820 καὶ

442 849 645 907 ἀθλίων
702 847 889 920 ψυχῶν
944 850 1123 917 ἔρωτα
1169 852 1394 920 μᾶλλον,
1426 854 1546 925 οὐχὶ
1581 857 1853 925 μεγάλων,
1910 859 2029 911 οὐδὲ

441 942 706 1011 γενναίων
757 942 887 994 αὐτὸ
938 943 1249 1012 τιθεμένην.
1300 946 1463 999 Ὥστε
1522 948 1620 1000 οὐκ
1652 949 1884 1017 ἀμαθῶς
1917 951 2028 1018 ἐγὼ

442 1035 561 1096 τοῖς
584 1032 828 1096 πλείονος
850 1032 1070 1104 τίθεμαι
1088 1037 1251 1103 λόγου
1271 1040 1423 1090 τουτὶ
1444 1038 1503 1091 τὸ
1524 1039 1764 1109 μέτριον·
1793 1042 1913 1093 ἐπεὶ
1934 1042 2031 1095 καὶ

443 1126 707 1188 τοιούτοις
729 1128 975 1181 εὐδοκεῖν
1003 1129 1262 1198 μανθάνω
1291 1130 1350 1182 τὸ
1383 1130 1556 1190 θεῖον,
1586 1135 1682 1186 καὶ
1711 1134 1871 1203 χάριν
1921 1133 2024 1204 μὲν

443 1219 687 1288 παρέχον
718 1220 831 1280 τοῖς
876 1222 1177 1284 ταπεινοῖς,
1200 1222 1313 1284 τοῖς
1347 1222 1392 1273 δ’
1423 1224 1686 1287 ἐναντίως
1716 1223 1901 1294 ἔχουσι
1931 1226 2028 1277 καὶ

446 1311 778 1380 μαχόμενον.
850 1310 1037 1365 Ταῦτα
1110 1313 1322 1366 ἐκείνου
1353 1314 1635 1383 ιλέγοντος
1666 1356 1682 1382 ,
1768 1316 2031 1387 ἔκπληξις

445 1401 720 1467 ἐλάμϐανε
749 1401 873 1465 τοὺς
915 1402 1165 1471 πατέρας
1199 1406 1319 1475 [γρ.
1350 1406 1662 1478 τεκόντας].
1712 1408 2029 1461 Ἠκολούθει

446 1493 504 1547 δὲ
547 1494 768 1558 πάντως
821 1495 916 1548 καὶ
945 1496 977 1565 ἡ
1021 1496 1129 1549 ἀπὸ
1154 1501 1260 1552 τῶν
1294 1500 1555 1570 ῥημάτων
1580 1500 1840 1569 ὠφέλεια·
1872 1500 2016 1554 ὥστε

452 1585 642 1656 μισθὸν
673 1587 856 1651 αὐτοῖς
890 1587 1132 1642 τοιοῦτον
1163 1590 1364 1645 διδόναι
1393 1593 1493 1663 τῆς
1522 1595 1602 1656 είς
1629 1593 1721 1646 τὸν
1759 1593 1873 1664 βίον
1898 1611 2030 1664 προ-

448 1677 591 1742 όδου,
626 1679 721 1730 καὶ
780 1676 912 1747 παρ’
965 1679 1191 1735 ἐκείνων
1246 1682 1435 1747 ἁπλῶς
1459 1683 1523 1736 τὸ
1569 1678 1711 1737 εῖναι
1765 1683 2024 1749 λαϐόντα,

446 1767 590 1824 τὸςῦ
624 1765 765 1825 εἶναι
814 1773 1039 1836 τούτους
1096 1773 1407 1845 φιλοτίμως
1458 1774 1805 1845 ἀμείϐεσθαι.
1857 1776 2028 1840 Μόλις

446 1860 506 1914 δὲ
558 1865 674 1926 τοῖς
712 1862 928 1931 γονεῦσι
989 1865 1236 1929 πεισθεὶς
1295 1843 1557 1936 ἠνέσχετο
1586 1867 1650 1919 τὸ
1671 1867 1771 1920 σὺν
1795 1869 1877 1922 ἑνὶ
1903 1868 2014 1921 τῶν
2060 1843 2103 1898 Β

446 1952 655 2006 παίδων
706 1955 930 2007 ἀπιέναι
967 1958 1105 2027 πρὸς
1156 1957 1257 2027 τὴν
1289 1957 1594 2029 διατριϐήν.
1624 1960 1698 2014 Οὐ
1723 1959 1858 2013 πολὺ
1884 1959 1947 2015 τὸ
1972 1963 2029 2017 ὲν

450 2045 621 2115 μέσῳ,
655 2045 743 2097 καὶ
768 2047 796 2098 ὁ
825 2048 924 2116 μὲν
956 2047 1140 2118 πατὴρ
1171 2048 1527 2121 ἀπήλλακται
1553 2050 1663 2106 τῶν
1694 2053 1979 2122 παρόντων
2009 2069 2024 2084 ⁸

450 2139 486 2208 ἡ
520 2139 707 2208 μήτηρ
757 2141 834 2200 δὲ,
855 2140 988 2193 ικαὶ
1047 2143 1301 2213 πρόωρον
1342 2143 1534 2213 ὥσπερ
1562 2143 1673 2217 [ίσ.
1705 2145 1897 2216 ὥσπερ
1930 2148 2024 2201 καί

447 2229 721 2303 πρόωρον]
767 2232 1110 2302 ὑπομείνασα
1159 2236 1257 2307 τὴν
1303 2237 1553 2306 χηρείαν,
1603 2238 1700 2292 καὶ
1753 2239 1847 2292 ἐπὶ
1877 2239 2029 2294 παιδὶ

448 2321 552 2390 νέῳ
602 2324 694 2375 τὶν
734 2323 850 2392 βίον
903 2325 1226 2393 σαλεύουσα,
1288 2328 1492 2398 μυρίαν
1523 2324 1638 2400 εἶχε
1668 2329 1767 2400 τὴν
1798 2331 1893 2384 ἐπὶ
1922 2331 2028 2385 τῶν

446 2414 792 2483 πραγμάτων
851 2416 1204 2485 ἀνωμαλίαν,
1262 2419 1358 2471 καὶ
1427 2419 1600 2473 πολλὰ
1651 2420 1720 2473 τὰ
1789 2419 2026 2491 δυσχερῆ

448 2507 747 2561 συνέπιπτε
792 2508 915 2561 καθ’
959 2509 1219 2579 ἑκάστην,
1267 2507 1356 2563 οἷα
1386 2512 1546 2581 μόναι
1576 2512 1635 2564 αί
1656 2511 1881 2566 τοιαῦτα
1924 2530 2029 2565 πα-

448 2595 635 2650 θοῦσαι
690 2600 876 2667 σαφῶς
921 2601 1265 2656 ἐπίστανται.
1319 2602 1537 2657 Τούτων
1582 2603 1767 2672 ἐκείνη
1820 2603 2028 2674 βραχὺν

448 2688 648 2760 ἔχουσα
688 2691 866 2759 λόγον,
911 2692 1007 2746 δύο
1052 2694 1160 2747 τῶν
1193 2694 1411 2748 πάντων
1462 2695 1709 2755 πλείονος
1736 2697 1888 2765 ἠξίου
1927 2712 2027 2765 με-

452 2778 646 2850 ρίμνης
676 2780 738 2832 τὸ
771 2782 1000 2852 μηδενὸς
1063 2784 1203 2852 μετὰ
1260 2783 1358 2851 τὴν
1416 2782 1511 2835 τοῦ
1547 2783 1740 2854 ἀνδρὸς
1764 2784 2025 2853 τελευτὴν

448 2872 635 2943 ἑτέρου
694 2874 981 2945 προσέχειν
1006 2874 1171 2945 ἔρωτι
1190 2876 1307 2944 (καὶ
1338 2875 1449 2943 γὰρ
1480 2872 1626 2945 εἶχεν
1660 2874 1739 2927 ἔτι
1771 2873 1869 2944 τὴν
1908 2874 2027 2943 ήλιο

447 2962 574 3016 κίαν
612 2967 732 3027 ταῖς
792 2964 1074 3030 τοιαύταις
1127 2967 1330 3033 πάγαις
1359 2966 1689 3036 ἁλώσιμον),
1729 2966 1823 3019 καὶ
1850 2966 1910 3017 τὸ
1938 2963 2028 3017 τὸν

450 3055 616 3110 παῖδα
665 3057 813 3110 οὕτω
860 3062 1197 3128 προαγαγεῖν
1225 3057 1340 3130 [ιφ.
1368 3055 1717 3128 προσάγειν],
1751 3058 1825 3119 ὼς
1860 3057 2027 3126 μηδε-

449 3147 578 3219 μίαν
634 3149 847 3220 ἑτέραψ
875 3150 1190 3204 δείκνυσθαι
1231 3151 1474 3204 τοιούτου
1512 3150 1750 3221 μητέρα.
1795 3150 1947 3202 Ἐπεὶ
1967 3148 2026 3201 δὲ

445 3240 652 3304 ἐκεῖνος
673 3244 1076 3312 γραμματικήν
1110 3260 1168 3296 τε
1200 3245 1296 3296 καὶ
1327 3242 1428 3314 τὴν
1469 3242 1757 3310 ἐγκύκλιον
1806 3240 2027 3294 παίδευ-

445 3347 532 3386 σιν
565 3334 824 3403 ὲκμαθὼν
854 3330 944 3406 ἦν,
979 3330 1099 3388 εἶτα
1133 3337 1226 3388 καὶ
1257 3336 1554 3406 ῥητορικῆς
1577 3335 1673 3387 καὶ
1704 3331 2029 3403 φιλοσοφίας

443 3425 525 3487 είς
551 3425 722 3498 ἄκρον
756 3429 948 3498 ἡλασε,
983 3428 1083 3498 τὴν
1110 3429 1210 3499 μὲν
1232 3429 1306 3492 ὡς
1334 3428 1533 3499 ἄριστα
1567 3427 1825 3482 Λιϐανίου
1844 3444 2029 3499 παρα-

444 3515 627 3572 λαϐὼν
659 3514 744 3591 (οὗ
799 3522 936 3575 πολὺ
961 3522 1023 3575 τὸ
1071 3525 1151 3585 είς
1213 3521 1515 3593 ῥητορικὴν
1542 3521 1699 3585 κλέος
1728 3522 1890 3589 ἐστὶ),
1929 3521 2028 3593 τὴν

443 3607 502 3661 δὲ
538 3610 701 3665 πάλιν
768 3611 1158 3686 Ἀνδραγαθίου
1209 3613 1517 3682 φιλοπόνως
1563 3612 2020 3685 ἀκροασάμενος,

442 3699 497 3753 τί
520 3700 731 3769 γίνεται
757 3719 772 3768 ;

2130 582 2312 639 statim
2361 586 2734 645 adducebatur
2789 591 2843 646 in
2905 596 3214 666 exemplum
3261 598 3449 654 Daniel
3499 611 3555 656 et
3598 611 3707 658 tres

2130 673 2284 740 pueri
2317 674 2356 727 '.
2382 674 2463 729 Ex
2495 678 2698 745 quibus
2731 681 2823 735 ille
2847 682 3089 750 quidem,
3126 687 3319 755 inquit.
3354 699 3577 759 propter
3597 697 3713 747 ani-

2131 779 2234 818 mae
2289 768 2678 825 contritiouem
2725 782 2781 826 et
2835 775 3062 842 spiritus
3128 781 3597 841 moderationem.
3640 788 3709 840 ah

2130 870 2226 913 ore
2257 856 2480 913 leonum
2515 861 2653 914 adiri
2688 878 2797 917 non
2829 867 3022 933 p0lttil,
3059 868 3135 922 illi
3163 881 3345 927 autem
3368 876 3600 941 coniecti
3653 878 3708 932 in

2130 945 2408 1004 fornacem
2464 950 2626 1021 ignis,
2657 962 2869 1009 tantum
2901 957 3077 1011 abfuit
3108 969 3168 1014 ut
3198 963 3269 1016 ab
3293 964 3408 1032 ipso
3431 967 3712 1022 vinceren-

2133 1046 2241 1100 tur,
2280 1050 2338 1094 ut
2365 1042 2528 1096 etiam
2557 1047 2952 1114 propemodum
2975 1050 3297 1107 viderentur
3318 1057 3564 1113 ministro
3586 1062 3710 1129 igne

2130 1140 2369 1198 utentes,
2399 1144 2456 1189 et
2491 1135 2545 1189 in
2600 1136 2874 1201 inimicos,
2907 1142 2997 1209 qui
3048 1144 3544 1214 circumsistebant,
3582 1168 3707 1208 eum

2129 1223 2338 1293 absque
2407 1226 2519 1281 ullo
2566 1227 2924 1286 immitterent
2969 1234 3364 1303 impedimento
3396 1241 3433 1293 ³.
3491 1244 3709 1312 Alioqui

2130 1323 2313 1369 autem
2337 1316 2538 1387 ubique
2576 1318 2797 1375 invenio
2826 1321 3065 1377 divinam
3120 1328 3481 1398 Scripturam,
3545 1333 3708 1402 hanc,

2131 1422 2251 1474 qua}
2275 1408 2420 1478 apud
2447 1424 2564 1472 vos,
2617 1411 2852 1480 iudices,
2888 1415 3120 1470 habetur
3141 1424 3498 1491 contemptui,
3532 1425 3713 1480 humi-

2129 1499 2337 1554 litatem
2369 1501 2569 1571 ubique
2593 1506 2773 1575 magni
2804 1504 3002 1571 facere,
3027 1522 3082 1564 et
3104 1522 3163 1564 ut
3183 1512 3319 1567 nihil
3341 1518 3531 1585 magis.
3557 1534 3711 1573 conl-

2132 1591 2389 1646 mendare
2414 1611 2427 1646 ;
2456 1591 2656 1648 fastum
2695 1611 2824 1649 vero
2857 1605 2912 1651 ct
2950 1598 3176 1654 honoris
3227 1603 3463 1658 studium
3522 1622 3711 1676 repte-

2133 1679 2376 1737 hendere
2412 1702 2424 1738 :
2453 1684 2616 1754 idque
2645 1689 2829 1756 pusilli
2858 1700 2914 1744 et
2943 1691 3140 1760 abjecti
3167 1708 3287 1748 esse
3312 1697 3493 1763 potius
3516 1699 3709 1766 animi,

2134 1789 2294 1842 quam
2352 1776 2552 1830 excelsi
2604 1787 2660 1833 et
2702 1783 2907 1850 magni,
2944 1783 3165 1840 ducere.
3197 1784 3561 1850 Quamobrem
3596 1807 3710 1846 non

2130 1880 2232 1936 ego
2283 1865 2597 1936 ignorantet;
2637 1870 2812 1939 pluris
2839 1872 2980 1926 facio
3034 1874 3175 1930 hanc
3227 1878 3707 1936 mediocritatem:

2130 1956 2301 2011 Deum
2327 1959 2472 2014 enim
2505 1960 2671 2015 didici
2708 1962 2793 2017 his
2845 1964 3105 2019 delectari
3139 1966 3302 2036 (solet
3346 1969 3491 2024 enim
3546 1973 3711 2026 simul

2130 2063 2253 2103 cum
2276 2058 2504 2105 externo
2521 2051 2710 2106 habitu
2736 2052 2877 2107 affici
2902 2054 3131 2123 anima),
3155 2064 3211 2110 et
3234 2059 3461 2125 gratiam
3489 2061 3711 2129 quidem

2130 2142 2374 2210 praebere
2414 2143 2712 2200 humilibus
2740 2148 2761 2179 ³
2791 2165 2804 2200 :
2840 2147 2905 2202 iis
2934 2159 3141 2214 autem,
3170 2152 3262 2221 qui
3302 2166 3493 2208 contra
3516 2170 3579 2209 se
3607 2156 3710 2210 ba-

2130 2231 2282 2296 bent,
2312 2235 2616 2290 adversari.
2655 2235 2781 2292 llaec
2811 2238 2905 2292 illo
2939 2240 3176 2306 dicente,
3218 2253 3475 2311 parentes
3527 2246 3715 2300 obstu-

2131 2337 2388 2394 puerunt.
2418 2329 2722 2384 Consecuta
2749 2341 2834 2386 est
2874 2343 3056 2388 autem
3096 2336 3340 2399 omnino,
3370 2353 3490 2406 qua:
3519 2355 3549 2393 ιι
3581 2356 3708 2395 ver-

2131 2415 2237 2478 bis,
2271 2426 2330 2470 ut
2354 2419 2535 2486 potius
2561 2435 2681 2488 qua:
2700 2437 2727 2474 a
2755 2421 2912 2477 factis
2936 2426 3265 2493 procedebat
3301 2428 3504 2484 utilitas
3531 2447 3544 2483 :
3570 2430 3708 2487 adeo

2132 2516 2194 2562 ut.
2228 2509 2387 2562 talem
2409 2510 2489 2563 eis
2509 2511 2664 2566 daret
2695 2516 3001 2569 mercedem
3054 2532 3167 2573 sua;
3206 2519 3260 2572 in
3300 2520 3462 2575 vitam
3506 2524 3709 2591 produ-

2132 2597 2331 2651 Ctionis
2363 2617 2374 2651 :
2414 2601 2581 2679 ctqui
2614 2603 2684 2655 ab
2713 2604 2792 2657 eis
2821 2606 3041 2673 quidem
3086 2608 3260 2662 solum
3312 2622 3626 2681 acceperat,
3650 2623 3711 2670 ut

2132 2699 2272 2742 esset
2296 2706 2310 2755 ;
2347 2699 2405 2741 ut
2427 2692 2438 2741 l
2460 2706 2565 2746 ene
2594 2704 2760 2760 esset,
2791 2695 2871 2750 eis
2887 2698 3140 2753 munifice
3168 2701 3440 2757 redderet.
3463 2703 3563 2760 Vix
3589 2714 3710 2761 tan-

2131 2779 2252 2834 dem
2279 2790 2459 2836 autem
2483 2798 2513 2836 a
2539 2784 2860 2854 parentibus
2880 2800 3195 2856 persuasus,
3219 2791 3273 2845 in
3298 2792 3403 2848 hoc
3427 2795 3508 2850 eis
3529 2810 3706 2865 paret,

2131 2872 2221 2943 qui
2254 2874 2457 2943 alioqui
2484 2890 2543 2929 se
2601 2876 2656 2931 in
2696 2877 2819 2931 aliis
2868 2880 3147 2949 praebebat
3174 2884 3704 2955 obedientissimum,

2132 2972 2192 3017 ut
2223 2980 2565 3035 nequaquam
2610 2968 2834 3037 quidem
2867 2986 2992 3026 eum
3043 2974 3312 3043 pluribus,
3343 2978 3436 3032 sed
3490 2995 3600 3033 uno
3637 2996 3706 3036 ex

2130 3053 2350 3111 famulis
2374 3073 2499 3112 eum
2532 3059 2848 3127 comitante,
2880 3063 2982 3118 iret
3026 3068 3091 3118 ad
3131 3067 3317 3121 ludunt
3354 3069 3702 3128 litterarium.

2130 3145 2250 3200 Non
2279 3148 2505 3221 multum
2548 3151 2892 3223 interjectum
2953 3165 3035 3211 est
3098 3161 3382 3229 temporis,
3442 3172 3497 3217 et
3554 3175 3708 3233 pater

2130 3235 2349 3306 quidem
2384 3239 2619 3294 excessit
2645 3256 2676 3296 e
2718 3242 2830 3298 vita
2872 3248 3127 3315 pmsenti
3158 3265 3171 3301 :
3202 3259 3373 3305 mater
3404 3261 3611 3317 autem,
3646 3264 3704 3309 ut

2126 3344 2250 3398 qua:
2277 3340 2662 3399 przeinaturam
2714 3336 2977 3391 subiisset
3014 3339 3358 3407 viduitatem,
3389 3352 3447 3397 et
3482 3355 3706 3414 propter

2126 3437 2355 3492 puerum
2382 3424 2562 3479 adhuc
2593 3435 2796 3483 tenera
2816 3430 3014 3497 :etatis,
3037 3432 3162 3487 vita:
3193 3432 3450 3490 fluctibus
3474 3435 3701 3506 agitata,

2125 3517 2313 3570 multis
2343 3526 2400 3571 et
2428 3518 2592 3573 variis
2633 3521 2879 3588 quotidie
2915 3525 3211 3580 vexabatur
3240 3528 3460 3582 casibus
3491 3539 3546 3584 et
3595 3546 3706 3585 mo-

2124 3608 2320 3673 lesnis,
2359 3625 2497 3679 quas
2524 3625 2602 3665 ετξ
2627 3612 2754 3667 solre
2783 3623 2974 3683 aperte
3008 3618 3209 3681 sciunt,
3241 3634 3363 3687 qua:
3410 3620 3529 3674 illas
3577 3638 3704 3675 sen-

2130 3702 2547 3769 tiunt.Quorum
2574 3706 2793 3773 quidem
2817 3722 3039 3775 parvam
3062 3709 3148 3762 illa
3174 3709 3382 3765 ducens
3411 3714 3697 3776 rationem,

442 3795 553 3850 duo
574 3810 643 3852 ex
672 3798 930 3855 onmibus
952 3800 1189 3857 maxime
1218 3800 1446 3856 curabat
1480 3816 1717 3871 :nempe
1744 3806 1876 3855 utet
1901 3809 2022 3869 post
2061 3799 2145 3853 sui
2177 3800 2354 3852 mariti
2384 3800 2673 3856 decessum
2736 3802 2942 3856 nullius
3005 3819 3192 3860 amore
3231 3820 3522 3877 caperetur
3576 3814 3700 3883 (po-

443 3894 743 3953 teratenim
773 3893 893 3964 ejus
917 3904 1048 3952 tetas
1066 3898 1249 3954 adhuc
1273 3898 1391 3967 capi
1415 3897 1501 3953 bis
1528 3896 1757 3967 laqueis)
1792 3915 1803 3951 :
1833 3905 1887 3950 et
1918 3896 2088 3950 lilium
2116 3898 2195 3952 sic
2220 3896 2477 3951 educeret
2501 3896 2598 3966 (Ξ),
2629 3897 2847 3953 utnulla
2877 3899 2981 3954 alia
3008 3903 3393 3958 ostenderetur
3412 3914 3586 3960 mater
3618 3916 3701 3960 ta-

440 3989 510 4046 lis
532 3989 650 4045 lilii.
675 3988 970 4057 Postquam
991 3997 1174 4044 autem
1198 3991 1288 4045 ille
1310 3990 1590 4046 didicisset
1610 3989 2018 4057 grammaticam
2057 3999 2114 4043 et
2143 3989 2332 4044 orbem
2375 3988 2810 4058 disciplinarum,
2873 3992 3071 4046 deinde.
3120 3995 3284 4049 etiam
3320 4006 3568 4065 pervenit
3635 3999 3700 4054 ad

439 4096 718 4138 summum
744 4080 961 4137 dicendi
992 4080 1269 4136 facultatis
1299 4092 1464 4152 atque
1512 4080 1876 4151 philosophiae
1907 4098 1923 4135 :
1964 4089 2023 4135 ut
2061 4080 2154 4150 qui
2196 4081 2344 4135 illam
2371 4079 2592 4149 quidem
2624 4095 2785 4148 quam
2813 4083 3015 4152 optime
3045 4086 3318 4155 acceperit
3366 4104 3398 4139 a
3451 4086 3678 4142 Libanio

438 4179 598 4250 cuius
627 4184 748 4235 erat
772 4178 1001 4251 insignis
1030 4177 1173 4232 fama
1199 4178 1256 4232 in
1282 4188 1400 4233 arte
1428 4177 1645 4233 dicendi
1672 4195 1685 4230 :
1718 4177 1861 4232 hanc
1892 4184 2077 4231 autem
2115 4176 2185 4231 ab
2236 4176 2609 4246 Andragathio
2663 4175 2955 4251 diligenter
2980 4178 3232 4234 adiverit.
3266 4180 3404 4246 Quid
3432 4181 3487 4235 lit
3512 4181 3535 4234 ?

507 4271 585 4328 B’.
621 4272 795 4336 Πόθος
821 4272 985 4326 αὐτὸν
1016 4271 1268 4335 πλείονος
1316 4272 1569 4336 παιδείας
1600 4272 1694 4325 καὶ
1727 4270 1811 4334 είς
1852 4270 2019 4339 Ἀθή-

2192 4270 2261 4324 ll.
2279 4270 2612 4326 Desiderium
2625 4272 2850 4342 majoris
2864 4273 3187 4328 eruditionis
3205 4273 3278 4343 (in
3294 4273 3543 4343 pluribus
3556 4274 3700 4328 enim

437 4383 538 4432 νας
566 4365 861 4436 ἀφικέσθαι
912 4364 1370 4435 παρασκευάξεν
1407 4366 1574 4419 κάκεῖ
1629 4364 1904 4433 σοφιστῶν
1954 4380 2015 4416 τε

436 4462 535 4514 καὶ
560 4459 869 4528 φιλοσόφων
893 4459 1007 4521 τοῖς
1032 4457 1280 4528 ἀρίστοις
1308 4457 1370 4510 οὐ
1404 4456 1547 4511 κατὰ
1572 4457 1852 4528 πάρεργον
1883 4472 2019 4523 συγ-

434 4545 748 4622 γινθμενος,
773 4549 920 4604 οὕτω
941 4548 1185 4604 καινοῦν
1214 4549 1522 4615 ὲπλούτισε,
1541 4550 1640 4602 καὶ
1665 4548 1915 4617 γλῶτταν
1937 4549 2019 4611 είς

435 4640 608 4712 ἄκρον
628 4640 897 4710 ἤσκησεν,
937 4638 1013 4703 ὡς
1047 4638 1243 4709 μηδενὶ
1278 4639 1475 4711 ῥᾳδίως
1493 4639 1588 4692 τοῦ
1624 4641 1741 4693 ἴσου
1762 4656 2019 4710 παραχω·

438 4735 573 4805 ρεῖν.
615 4731 899 4787 Ἐντεῦθεν
964 4731 1236 4802 ἐπίσημος
1288 4733 1347 4785 ὲν
1382 4731 1573 4802 βραχεῖ
1617 4736 1721 4784 οὐκ
1764 4733 2020 4802 Ἀθήναις

438 4825 621 4897 μόνον,
684 4824 820 4878 ἀλλὰ
856 4824 952 4878 καὶ
987 4822 1201 4877 Ἐλλάδι
1239 4826 1307 4895 τῇ
1356 4823 1507 4894 πάσῃ
1538 4822 1771 4891 γίνεται,
1807 4827 1903 4877 καὶ
1932 4841 2020 4878 το-

438 4919 651 4981 σοῦτον,
675 4916 752 4980 ὡς
773 4917 869 4970 καὶ
897 4915 1048 4987 αὐτῷ
1071 4915 1136 4986 δὴ
1159 4915 1236 4986 τῷ
1264 4915 1495 4985 ὑπάρχῳ
1522 4915 1620 4983 τῆς
1646 4915 1756 4968 τῶν
1772 4914 2016 4986 Ἀθηνῶν

434 5009 664 5074 πόλεως,
704 5009 768 5063 τὸ
789 5010 912 5063 κατ’
938 5008 1062 5077 ὄψιν
1090 5010 1255 5079 μόνον
1280 5007 1480 5071 ἐλθεῖν,
1511 5009 1746 5077 πρᾶγμα
1763 5007 2023 5077 λογισθῆ-

431 5119 520 5158 ναι
548 5101 792 5171 σπουδῆς
838 5102 1012 5170 ἄξιον.
1046 5103 1205 5156 Κατά
1237 5119 1363 5155 τινα
1394 5101 1525 5169 γοῦν
1558 5100 1749 5167 καιρὸν
1808 5100 2015 5171 ἐκκλη-

436 5194 717 5260 σιάζοντα,
750 5196 846 5248 καὶ
892 5196 1020 5257 τοὺς
1072 5195 1164 5248 ἐπὶ
1194 5192 1323 5265 δόξῃ
1388 5194 1482 5246 καὶ
1527 5193 1670 5262 λόγῳ
1701 5190 1772 5245 τά
1824 5192 2017 5261 πρῶτα

432 5285 698 5353 φέροντας
724 5284 1102 5353 συγκαλοῦντα
1130 5284 1240 5337 τῶν
1283 5283 1608 5354 Ἀθηναίων,
1649 5282 1814 5341 πόθος
1852 5283 2016 5335 αὑτὸν

433 5372 699 5440 λαμϐάνει
720 5376 971 5441 πλεῖστος
1001 5375 1481 5448 μετακαλέσασθαι
1506 5374 1713 5430 καὶτὸν
1738 5375 1893 5442 ἇγιον
1918 5374 2017 5427 σὺν

434 5466 605 5538 πολλῇ
629 5470 723 5522 καὶ
747 5471 1017 5543 φιλοτίμῳ
1039 5474 1108 5543 τῇ
1135 5470 1426 5543 θεραπείᾳ,
1461 5469 1648 5540 δχημά
1678 5484 1738 5520 τε
1763 5466 2019 5537 πέμψανο

436 5577 518 5623 ια,
558 5561 656 5615 καὶ
682 5562 818 5634 άλλη
855 5566 1029 5640 ὁπόση
1062 5567 1145 5629 τίς
1179 5566 1298 5619 ἐστι
1328 5563 1465 5635 πρὸς
1490 5561 1651 5618 τοῦτο
1692 5559 2011 5633 δορυφορία.

500 5676 520 5708 ³
553 5673 698 5731 Dan.
723 5678 844 5743 Vt,l
878 5692 1031 5749 seqq.

444 5818 457 5829 ε
494 5790 570 5862 (ε)
601 5791 643 5860 f.
681 5793 957 5848 educeret.

1109 5678 1132 5710 ³
1167 5675 1307 5734 Dan.
1341 5692 1426 5746 ιιι,
1448 5677 1521 5733 94
1541 5691 1695 5747 seqq.

2119 4364 2283 4421 bonis
2304 4366 2659 4435 assequendis
2688 4366 2968 4421 laborabat
2990 4365 3311 4435 cupiditate)
3342 4364 3504 4419 elllcit
3521 4376 3579 4419 ut
3608 4383 3702 4421 ve-

2118 4459 2234 4512 niat
2257 4458 2523 4523 Athenas,
2563 4467 2620 4513 et
2647 4458 2757 4513 illic
2804 4458 2968 4513 simul
2998 4472 3222 4512 versans
3263 4473 3388 4511 cum
3421 4470 3696 4527 praestan-

2119 4549 2344 4604 tissimis
2370 4550 2681 4605 rhetoribus
2720 4559 2776 4605 et
2825 4550 3186 4620 philosophis,
3221 4550 3302 4604 sic
3352 4558 3409 4605 et
3463 4560 3699 4605 mentem

2120 4641 2496 4711 locupletavit,
2534 4652 2591 4697 et
2621 4642 2863 4712 linguam
2897 4655 3110 4695 summe
3148 4640 3419 4702 exercuit,
3453 4652 3508 4695 ut
3565 4642 3698 4696 nulli

2119 4728 2278 4784 facile
2323 4731 2668 4795 concederet,
2715 4739 2775 4784 ut
2803 4738 2949 4785 esset
3003 4744 3126 4783 cum
3180 4745 3245 4784 eo
3304 4730 3696 4785 conferendas.

2118 4818 2260 4874 Hinc
2289 4819 2491 4875 factum
2524 4831 2626 4887 est,
2661 4830 2720 4876 ut
2747 4822 2897 4876 brevi
2921 4830 3070 4874 esset
3095 4820 3344 4891 insignis,
3373 4837 3480 4875 non
3521 4822 3697 4878 solum

2118 4912 2376 4977 Athenis,
2404 4914 2498 4969 sed
2534 4914 2700 4968 etiam
2752 4914 2808 4968 in
2866 4914 3123 4969 universa
3176 4911 3382 4968 Grzecia
3416 4931 3427 4966 :
3462 4915 3599 4968 adeo
3636 4921 3698 4968 ut

2118 5005 2221 5076 ipsi
2254 5022 2470 5077 quoque
2513 5006 2772 5078 praefecto
2819 5008 3073 5077 prmtorio
3132 5021 3218 5061 res
3253 5007 3530 5060 videretur
3574 5021 3698 5062 esse

2117 5100 2281 5169 digna
2311 5116 2509 5170 magno
2541 5101 2749 5164 studio,
2780 5101 2864 5155 vel
2896 5102 3073 5154 solum
3105 5100 3297 5153 venire
3361 5098 3416 5151 in
3462 5111 3698 5165 conspe-

2117 5199 2267 5247 ctum
2291 5192 2651 5246 Athenarum.
2682 5191 2818 5247 Cum
2843 5208 2972 5263 ergo
2994 5192 3227 5262 quodam
3257 5201 3499 5260 tempore
3528 5190 3699 5244 habe-

2118 5290 2204 5335 ret
2219 5281 2566 5345 concionem,
2590 5292 2646 5337 et
2671 5299 2767 5338 eos
2792 5292 3121 5337 convocaret
3152 5298 3219 5338 ex
3241 5281 3695 5345 Atheniensibus,

2117 5372 2211 5442 qui
2232 5382 2291 5428 et
2324 5373 2492 5441 gloria
2515 5382 2570 5428 et
2593 5375 2810 5429 dicendi
2858 5374 3120 5429 facultate
3185 5376 3445 5429 tenebant
3494 5372 3699 5443 primas

2117 5476 2323 5535 partes,
2352 5467 2401 5520 ei
2442 5481 2588 5521 curae
2616 5467 2738 5533 fuit,
2798 5476 2859 5522 ut
2899 5476 3151 5522 sanctum
3194 5481 3413 5538 quoque
3453 5465 3699 5519 officiose

2118 5567 2341 5613 voearet
2372 5568 2429 5613 et
2451 5559 2789 5617 honorifice:
2827 5561 3124 5632 statimque
3158 5559 3387 5616 missum
3407 5557 3510 5615 fuit
3538 5555 3697 5613 vehi-

1772 5673 1793 5707 ³
1826 5671 1944 5728 Jac.
1979 5686 2053 5739 tv,
2093 5669 2199 5739 10;
2230 5671 2250 5727 l
2290 5671 2430 5728 Petr.
2457 5689 2493 5740 l,
2538 5673 2590 5728 6.
