4138 6412
457 389 588 459 1051

1682 382 1966 446 MENSIS
2002 382 2456 448 JANUABIUS.

3573 379 3712 448 1052

451 504 660 565 culum,
692 508 746 552 et
775 496 932 558 alius,
965 496 1054 566 qui
1074 495 1149 550 ad
1181 495 1281 549 hoc
1313 493 1554 564 expedit,
1583 494 1896 548 comitatus.
1920 491 2028 547 Sed

2145 495 2287 549 Ἀλλ’
2330 498 2538 561 ἐκεῖνος
2581 497 2778 565 ταῦτα,
2813 499 2890 563 ώς
2926 497 3158 569 περιττά
3203 497 3295 552 κα¹ι
3351 497 3584 566 ἀνόνητα
3615 499 3713 549 καὶ

455 595 546 648 ille
578 594 695 646 haec
730 600 986 659 tanquam
1011 601 1415 658 supervacanea
1433 595 1490 640 et
1523 585 1736 640 inutilia
1773 596 1829 641 et
1863 585 2026 640 veluti

454 686 616 739 inane
650 682 862 737 itineris
894 681 1270 751 adjumentum
1300 676 1589 748 repellens,
1612 676 1762 731 solus
1784 676 1926 732 viam
1945 685 2031 732 est

454 777 750 846 ingressus,
781 774 898 828 suis
927 781 1088 827 utens
1118 770 1370 842 pedibus,
1404 768 1551 839 quod
1569 769 1788 838 quidem
1816 769 1917 823 sibi
1950 768 2030 822 fa-

453 869 708 924 ciendum
738 865 1025 922 constituit
1053 865 1121 930 is,
1147 865 1240 934 qui
1267 871 1352 918 est
1378 877 1568 927 sanus,
1600 871 1778 916 etnon
1804 870 2028 931 propter

455 963 824 1032 arrogantiam
877 967 936 1014 et
977 973 1172 1014 vanam
1209 957 1435 1028 gloriam
1466 970 1529 1010 ea
1561 953 1796 1009 sustinet
1825 954 2025 1017 facere,

453 1069 575 1124 qua:
611 1053 822 1124 aegroti.
855 1049 1220 1116 Quamobrem
1254 1047 1425 1115 magis
1458 1054 1741 1116 stupentes
1762 1045 1881 1114 ejus
1909 1059 2026 1098 mo-

453 1143 814 1206 derationem,
847 1151 905 1196 et
937 1156 1055 1196 eam
1077 1155 1198 1208 quae
1221 1139 1521 1209 apparebat
1557 1135 2025 1200 constitutionem,

453 1237 719 1292 ducentes
744 1249 868 1289 esse
902 1231 1190 1301 imaginem
1230 1230 1446 1294 animae,
1473 1244 1594 1298 qua:
1631 1243 1742 1283 non
1784 1242 2029 1299 appare-

453 1328 572 1392 bat,
602 1327 718 1396 ipse
747 1325 957 1396 primus
977 1321 1236 1394 praetorio
1272 1319 1566 1390 praefectus
1600 1327 1657 1374 et
1682 1319 1776 1388 qui
1803 1334 1930 1374 cum
1963 1333 2028 1374 eo

453 1420 704 1485 aderant,
757 1417 805 1472 ei
837 1413 1115 1470 accedenti
1175 1412 1430 1467 lubenter
1479 1418 1918 1474 assurrexerunt,
1973 1417 2033 1466 et

453 1525 580 1565 eum
604 1515 934 1578 aspexerunt
966 1504 1141 1560 oculis
1186 1502 1494 1557 reverentia
1547 1502 1727 1572 plenis
1764 1511 1821 1556 et
1855 1502 2028 1557 bene-

452 1599 712 1653 volentia.
731 1596 936 1652 Deinde
956 1595 1118 1651 etiam
1138 1593 1190 1648 vi
1206 1594 1543 1648 attrahentes
1561 1593 2026 1664 (resistebatenim

452 1698 674 1761 propter
699 1690 1083 1744 vehementem
1131 1701 1371 1740 amorem
1407 1684 1816 1754 moderationis)
1851 1684 2028 1754 primo

450 1783 570 1838 loco
591 1797 715 1837 eum
739 1781 942 1853 dignati
967 1789 1114 1844 sunt,
1139 1779 1464 1850 publiceque
1481 1777 2022 1849 ornarunteloquen-

2058 1842 2098 1896 Β

2131 589 2288 641 κενὸν
2329 586 2442 643 οἷον
2475 591 2703 660 πορείας
2746 591 3022 662 ἐφόλκιον,
3049 592 3411 662 διωσάμενος,
3445 590 3603 660 μόνος
3630 589 3711 643 ει-

2130 681 2368 750 χετοτῆς
2401 681 2544 746 ὁδοῦ,
2587 685 2716 736 ποσὶ
2744 685 2859 746 τοῖς
2894 683 3092 738 ἐαυτοῦ
3134 681 3442 755 χρώμενος.
3489 680 3611 752 Ὑφ’
3643 672 3714 733 οὗ

2128 773 2224 823 καὶ
2255 771 2456 841 μᾶλλον
2484 773 2649 827 αὐτὸν
2676 775 3047 843 ἐκπλαγέντες
3075 775 3177 845 τῆς
3207 773 3580 846 μετριότητος,
3609 772 3712 826 καὶ

2126 865 2228 935 τὴν
2249 868 2582 938 φαινομένην
2608 870 2944 924 κατάστασιν
2979 870 3166 925 εἰκόνα
3199 871 3298 941 τῆς
3331 867 3572 939 ἀφανοῦς
3597 867 3708 938 ψυ⁶

2128 953 2230 1025 χῆς
2261 957 2644 1028 ποιησάμενοι,
2689 959 2854 1023 αὐτός
2881 975 2941 1012 τε
3005 958 3223 1030 πρῶτος
3253 956 3366 1029 [γρ.
3405 954 3652 1028 πρῶτον]
3677 956 3714 1008 δ

2129 1045 2392 1118 ὕπαρχος,
2417 1049 2510 1102 καὶ
2537 1049 2651 1103 ὅσοι
2683 1049 2748 1120 δὴ
2770 1049 3163 1120 συμπαρῆσαν,
3196 1050 3287 1102 καὶ
3317 1047 3709 1118 ὑπανέστησαν

2128 1140 2431 1210 προσιόντι,
2467 1143 2562 1195 καὶ
2587 1142 2726 1212 πρὸς
2759 1142 2884 1213 βίαν
2901 1141 3382 1211 ἐπισπασάμενοι,
3407 1141 3508 1211 τῆς
3533 1155 3708 1210 προεο

2126 1231 2282 1302 δρίας
2313 1232 2518 1302 ἠξίουν,
2549 1234 2787 1306 δημοσίᾳ
2811 1252 2886 1289 τε·
2909 1240 3024 1299 τοῖς
3061 1233 3595 1302 ἐκλόγωνέπαίνοις
3611 1232 3712 1286 καὶ

2126 1327 2250 1387 ταῖς
2288 1324 2477 1390 ἄλλαις
2503 1327 2914 1398 ἐφιλοτιμοῦντο
2950 1329 3160 1398 τιμαῖς.
3202 1325 3391 1380 Ταῦτα
3424 1325 3482 1379 δέ
3511 1324 3708 1396 πρᾴως

2125 1414 2219 1469 τὸν
2240 1415 2433 1483 φθόνον
2459 1417 2560 1470 οὔκ
2595 1413 2665 1488 ἦν
2703 1419 2968 1488 ἐνεγκεῖν,
2995 1418 3116 1471 οὐδὲ
3144 1419 3255 1480 τοῖς
3285 1416 3395 1470 τῶν
3417 1415 3711 1486 βασκάνων

2128 1507 2353 1578 ἔμελλεν
2389 1509 2688 1580 ὀφθαλμοῖς
2715 1510 2929 1582 φορητά
2955 1510 3214 1581 γενέσθαι
3237 1509 3334 1564 κα)⁵
3362 1509 3566 1564 ἄλυπα.
3593 1507 3713 1576 Τῆς

2127 1601 2238 1668 γὰρ
2269 1602 2434 1671 κενῆς
2480 1600 2640 1672 δόξης
2671 1603 2920 1671 ἐσχάτως
2946 1601 3411 1672 ἀντιποιούμενοι,
3442 1599 3542 1671 τὴν
3569 1597 3714 1669 πρὸς

2129 1689 2337 1746 ἐκεῖνον
2385 1692 2554 1762 τιμὴν
2586 1693 2684 1764 τῆς
2726 1693 2938 1747 ἑαυτῶν
2974 1694 3170 1763 ὕφεσιν
3221 1691 3469 1762 ἐνόμιζον
3524 1687 3707 1744 εἶναι·

2129 1781 2384 1856 καθάπερ
2427 1784 2491 1855 δὴ
2554 1786 2647 1838 καὶ⁵
2685 1785 2958 1856 ’Λνθεμίῳ
3003 1786 3128 1838 τότε
3183 1783 3522 1846 συνέϐαινεν,
3551 1780 3712 1850 ἀνδρὶ

449 1877 538 1930 tiae
583 1874 837 1929 laudibus
886 1883 941 1928 et
993 1872 1114 1927 aliis
1175 1871 1491 1941 privilegiis.
1521 1870 1661 1925 Fieri
1691 1879 1873 1924 autem
1913 1884 2023 1924 non

2134 1877 2238 1946 τὴν·
2264 1875 2362 1945 μὲν
2386 1876 2680 1948 θρησκείαν
2700 1877 2902 1947 ἐλληνι,
2935 1875 3026 1930 καὶ
3043 1876 3131 1930 διὰ
3165 1876 3268 1946 μέν
3294 1875 3393 1946 τὴν
3425 1874 3554 1946 περὶ
3581 1873 3710 1934 τοὺς

455 1974 693 2038 poterat,
732 1974 790 2019 ut
825 1965 1129 2019 toleranter
1159 1963 1273 2016 ll'J'C
1305 1962 1469 2016 ferret
1503 1961 1702 2015 invidia
1733 1979 1746 2014 :
1772 1976 1874 2016 nec
1907 1961 2026 2016 sine

454 2059 644 2114 dolore
684 2057 804 2111 hznc
843 2056 1154 2124 aspicerent
1192 2053 1499 2107 invidorum
1527 2052 1668 2106 oculi
1703 2093 1716 2106 .
1741 2051 1875 2105 Nam
1902 2066 2026 2106 cum

450 2163 646 2202 vanam
681 2147 906 2218 gloriam
937 2160 1150 2200 summe
1191 2144 1296 2200 sibi
1343 2143 1725 2208 vindicarent,
1753 2143 2028 2198 existima-

453 2244 584 2294 bant
618 2239 764 2293 illius
793 2239 1056 2293 honorem
1077 2238 1291 2291 illorum
1322 2237 1516 2291 honori
1541 2237 1851 2292 detrahere.
1877 2237 2028 2302 Quo-

456 2335 618 2389 modo
671 2333 890 2399 accidit,
924 2342 985 2387 ut
1033 2341 1149 2388 tum
1186 2347 1402 2403 quoque
1463 2331 1774 2386 afﬁceretur
1817 2331 2030 2386 Anthe-

456 2427 623 2489 mius,
678 2425 770 2494 qui
833 2439 944 2477 non
974 2423 1125 2493 parvi
1152 2424 1374 2493 quidem
1402 2422 1504 2477 fuit
1540 2422 1778 2476 nominis
1808 2431 2031 2492 propter

454 2515 697 2570 studium
737 2513 1088 2582 eloquentiae,
1119 2513 1340 2584 gentilis
1377 2520 1562 2566 autem
1597 2521 1714 2566 erat
1745 2512 2028 2581 religione,

454 2615 508 2662 et
536 2605 740 2676 alioqui
769 2605 950 2677 lingua
980 2603 1258 2676 profusus,
1295 2614 1350 2659 et
1379 2605 1569 2659 volens
1591 2604 1642 2659 ei
1681 2603 1914 2658 nimium
1947 2604 2033 2657 in-

452 2699 674 2768 dulgere
703 2716 716 2751 :
750 2698 841 2767 qui
891 2697 1063 2752 sancti
1102 2697 1356 2752 laudibus
1399 2712 1510 2750 non
1570 2696 1752 2752 minus
1789 2711 2027 2761 morsus,

455 2807 619 2855 quam
642 2791 689 2845 si
719 2790 833 2860 ipse
867 2791 1060 2845 luisset
1086 2803 1300 2844 summa
1331 2787 1559 2844 allectus
1585 2790 1940 2854 contumelia,
1974 2789 2031 2844 in

455 2905 583 2944 eum
619 2888 935 2943 vehementi
995 2887 1190 2958 spiritu
1230 2886 1608 2949 invehebatur,
1653 2893 1708 2941 et
1765 2887 2029 2956 injustum

454 2981 683 3036 vocabat
717 2980 796 3045 id,
821 2980 963 3050 quod
987 2979 1190 3034 factum
1215 2979 1411 3045 fuerat,
1440 2989 1495 3034 et
1533 2979 1747 3035 dicebat
1765 2996 1888 3036 esse
1921 2996 2033 3035 ne-

455 3072 676 3137 farium,
702 3070 971 3140 h05pitem
997 3080 1051 3124 et
1096 3070 1361 3124 advenam
1423 3070 1633 3140 primos
1675 3070 1753 3125 sic
1795 3071 2032 3126 honores

2129 1965 2320 2036 λόγους
2347 1967 2582 2038 σπουδὴν
2608 1968 2946 2033 ὀνόματοςώ
2974 1967 3182 2036 φαύλου
3203 1965 3548 2037 τετυχηκότι,
3573 1979 3714 2032 προ-

2130 2059 2287 2110 πετεῖ
2315 2057 2373 2110 δὲ
2406 2057 2580 2121 ἄλλως
2599 2060 2736 2124 ϐντι,
2772 2058 2867 2111 καὶ
2895 2061 2961 2128 τῇ
2995 2056 3210 2127 γλώττῃ
3241 2056 3445 2126 σφόδρα
3482 2051 3710 2124 χαρίζε-

2132 2149 2254 2202 σθαι
2307 2148 2638 2220 βουλομένῳ.
2683 2153 2780 2212 ’³ος
2815 2151 2928 2213 τοῖς
2977 2149 3116 2219 πρὸς
3149 2150 3242 2200 τὸν
3269 2147 3426 2215 ἅγιον
3458 2145 3706 2205 ἐπαίνοις

2130 2243 2228 2311 οὐχ
2255 2236 2416 2312 ἦττον
2439 2241 2678 2311 δηχθεὶς,
2705 2242 2738 2312 ἢ
2767 2243 2926 2311 εἷπερ
2945 2241 3104 2304 αὐτὸς
3125 2239 3390 2309 ἐτύγχανε
3415 2239 3481 2291 τὰ
3504 2236 3710 2305 ἔσχατα

2133 2335 2431 2404 ὑϐρισθεὶς,
2464 2335 2632 2398 πολὺς
2663 2335 2784 2388 κατ’
2819 2333 2982 2387 αὑτοῦ
3005 2334 3178 2397 ἔπνει,
3206 2333 3388 2387 ἄδικόν
3420 2347 3479 2382 τε
3509 2329 3571 2379 τὸ
3603 2343 3708 2395 γε-

2132 2427 2434 2499 γενημένον
2469 2426 2784 2490 ἀποκαλῶν,
2842 2426 2936 2479 καὶ
2973 2425 3048 2488 di;
3083 2425 3142 2476 οὺ
3193 2421 3417 2493 θεμιτὸν
3457 2419 3566 2489 είη,
3616 2418 3712 2469 τὸν

2133 2519 2284 2585 ξένον
2326 2517 2470 2571 οὕτω
2505 2520 2599 2570 καὶ
2635 2519 2828 2589 νέηλυν
2865 2517 2974 2571 τῶν
3008 2514 3240 2586 πρώτων
3295 2511 3580 2579 ἀξιοῦσθαι
3627 2525 3716 2560 τι-

2137 2611 2272 2682 μῶν,
2303 2612 2399 2664 καὶ¹
2441 2611 2680 2681 μάλιστα
2713 2611 2841 2682 περὶ
2871 2610 2930 2664 τὸ
2961 2609 3126 2671 σέϐας
3180 2608 3313 2678 ἡμῖν
3349 2607 3500 2674 παρὰ
3548 2602 3730 2665 πολὺ,

2134 2703 2290 2772 φησὶ,
2312 2703 2720 2757 διαλλάττοντα.
2757 2702 2871 2770 Ἐφ’
2900 2697 2980 2764 οἷς
3005 2701 3096 2754 καὶ
3122 2700 3315 2770 πρῶτα
3333 2698 3422 2751 τὸν
3437 2697 3706 2764 ὕπαρχον,

2131 2796 2186 2848 τί
2231 2795 2286 2847 δὲ
2322 2797 2416 2848 καὶ
2444 2797 2635 2864 γέγονε
2669 2795 2822 2866 παρά
2875 2795 2968 2848 τον
3015 2793 3199 2862 λόγον,
3242 2792 3438 2852 εἰπεῖν,
3471 2791 3521 2842 εί
3569 2787 3711 2856 ἀνὴρ

2134 2885 2278 2940 οὕτω
2309 2887 2410 2958 μὲν
2455 2888 2648 2955 γένους
2701 2886 2839 2957 ἔχων
2873 2887 2967 2939 καὶ
3016 2885 3288 2947 παιδείας,
3328 2881 3471 2935 οὕτω
3516 2879 3574 2933 δέ
3628 2877 3716 2946 τῷ

2138 2979 2345 3050 μετρίῳ
2386 2979 2697 3049 προσέχων,
2739 2979 2888 3043 ἄξιος
2923 2977 3054 3048 παρ’
3089 2977 3246 3047 ἡμῶν
3273 2974 3468 3043 ἐκρίθη
3517 2971 3714 3040 τιμῆς,

2136 3069 2269 3122 ὃπου
2308 3085 2370 3137 γε
2399 3071 2492 3121 καὶ
2531 3070 2702 3138 χωρὶς
2731 3069 2841 3122 τῶν
2869 3067 3068 3131 ἄλλων,
3116 3064 3249 3119 αὐτὸ
3288 3064 3348 3116 τὸ
3377 3063 3602 3133 φεύγειν
3625 3079 3712 3114 τιο

455 3163 714 3232 ιοῐιεθῳιί
746 3182 758 3216 :
785 3171 841 3217 et
869 3161 1124 3222 maxime,
1153 3160 1353 3225 aiebat,
1386 3176 1510 3215 eum
1545 3161 1635 3231 qui
1667 3177 1696 3214 a
1727 3162 1883 3215 nobis
1913 3162 2029 3232 plu-

2141 3161 2270 3232 μὴν,
2315 3163 2482 3232 τιμὴν
2539 3157 2650 3215 οἶδε
2699 3158 3106 3231 περιποιεῖσθαι
3152 3157 3229 3226 τῷ
3285 3156 3361 3228 μὴ
3425 3154 3712 3226 ζητοῦντις

457 3257 652 3309 rimum
683 3252 861 3307 dill‘ert
890 3252 1168 3322 religione.
1209 3251 1440 3322 Propter
1479 3269 1600 3321 quae
1629 3255 1866 3322 primum
1898 3255 2032 3308 invi-

457 3346 602 3398 diam
629 3359 770 3414 aegre
818 3343 1002 3396 ferens
1037 3342 1352 3411 prarfectus,
1399 3342 1691 3408 Quidnam,
1719 3345 1877 3409 dixit,
1912 3343 2027 3398 fue-

458 3437 530 3490 rit
572 3443 771 3505 praeter
814 3434 1104 3499 rationem,
1135 3433 1177 3486 si
1203 3433 1309 3494 vir,
1333 3433 1426 3502 qui
1460 3440 1542 3487 est
1571 3441 1625 3486 et
1681 3433 1774 3487 tali
1832 3448 2030 3504 genere

455 3536 630 3590 ortus,
665 3534 927 3595 tantaque
953 3534 1008 3580 et
1038 3525 1284 3580 doctrina
1328 3534 1384 3580 et
1434 3525 1697 3580 modestia
1749 3526 2028 3596 praeditus,

456 3621 630 3673 fuerat
660 3619 933 3674 indicatus
963 3635 992 3672 a
1024 3617 1182 3672 nobis
1209 3619 1416 3673 honore
1467 3618 1684 3689 dignus,
1713 3633 1836 3672 cum
1867 3618 2029 3673 etiam

458 3723 654 3783 praeter
675 3713 801 3776 alia,
835 3712 1010 3782 ipsum
1035 3712 1298 3765 honorem
1321 3711 1525 3782 fugere,
1555 3712 1816 3765 honorem
1847 3711 2033 3781 acqui-

460 3815 540 3859 rat
569 3804 712 3874 apud
749 3820 866 3870 eos,
902 3803 1001 3873 qui
1025 3804 1252 3873 sapiunt
1267 3815 1316 3856 et
1340 3812 1493 3857 recte
1533 3804 1711 3857 sciunt
1741 3803 2033 3872 judicare?

461 3899 667 3954 Deinde
688 3908 872 3952 autem
935 3895 1185 3951 Joannes.
1205 3911 1420 3966 quoque
1446 3897 1654 3966 placide
1688 3897 1806 3966 ejus
1827 3911 2033 3951 sermo-

459 4005 582 4045 nem
613 3990 915 4058 excipiens,
939 3990 1054 4044 Non
1099 3991 1405 4058 oportebat,
1438 3989 1631 4058 inquit,
1688 4005 1721 4045 ο
1749 3989 2030 4053 Anthemi,

456 4097 580 4135 eum
613 4083 706 4150 qui
738 4081 841 4135 sibi
893 4080 1132 4135 vindicat
1177 4081 1604 4150 philosophiam,
1664 4081 1736 4134 ita
1786 4082 2031 4152 superari

456 4175 525 4226 ab
551 4174 758 4228 honore
811 4173 1120 4239 hominum,
1181 4182 1236 4229 et
1281 4189 1407 4228 eum
1467 4175 1721 4244 persequi
1776 4183 2032 4246 tanquam

459 4276 574 4317 rem
606 4277 858 4332 magnam
905 4270 961 4317 et
1000 4277 1199 4333 magna
1245 4265 1601 4319 contentione
1646 4267 2032 4335 appetendam,

455 4355 549 4423 qui
579 4369 690 4409 non
719 4353 896 4409 solum
930 4353 1088 4408 nobis
1103 4369 1222 4408 non
1263 4354 1545 4424 prodesse,
1582 4355 1677 4412 sed
1717 4357 1886 4413 etiam
1910 4360 2032 4430 plu-

456 4445 654 4500 rimum
715 4453 897 4516 potest
938 4445 1158 4510 laedere,
1189 4445 1340 4515 quod
1383 4447 1582 4502 attinet
1631 4447 1698 4503 ad
1753 4449 2029 4507 virtutem.

2139 3253 2332 3308 ἔπειτα
2364 3255 2421 3305 δὲ
2451 3254 2544 3306 καὶ
2577 3251 2943 3320 τὸνἸωάννην
2978 3253 3166 3323 πρᾴως
3192 3251 3283 3303 τὸν
3319 3249 3476 3317 λόγον
3507 3247 3712 3300 ὑπολα-

2139 3347 2323 3412 ϐόντα,
2367 3347 2468 3399 οὐκ
2497 3347 2687 3416 ἐχρῆν,
2728 3339 2774 3397 ὦ
2811 3342 3084 3411 Ἀνθέμιε,
3151 3345 3339 3408 φάναι,
3396 3337 3716 3408 φιλοσοφίας

2139 3438 2609 3509 ἀντιποιούμενον,
2644 3439 2810 3507 τιμῆς
2863 3437 3006 3490 οὕτω
3061 3437 3160 3506 τῆς
3197 3435 3346 3508 παρᾶ
3410 3433 3716 3503 ἀνθρώπων

2139 3530 2528 3601 ἀμφισϐητεῖν,
2578 3533 2672 3583 καὶ
2703 3530 2778 3591 ὼς
2835 3531 2976 3598 μέγα
3010 3546 3062 3581 τι
3092 3528 3296 3596 ταύτην
3355 3523 3716 3598 μεταδιώκειν

2139 3623 2233 3675 καὶ
2264 3622 2673 3692 έπεριμάχητον,
2713 3621 2811 3691 οὐχ
2857 3622 3006 3684 ὅπως
3061 3619 3202 3690 μέγα
3253 3620 3345 3672 καὶ
3409 3617 3713 3684 ἀξιόλογον,

2138 3711 2254 3764 ἀλλ’
2280 3711 2398 3764 οὐδὲ
2431 3713 2625 3782 μικρὸν
2656 3713 2803 3782 ἡμᾶς
2874 3713 2954 3775 είς
3005 3712 3098 3764 τὸν
3148 3712 3247 3781 τῆς
3306 3711 3510 3780 ἀρετῆς
3559 3709 3716 3777 λόγον

2139 3803 2368 3873 ὠφελεῖν
2397 3803 2724 3875 δυναμένην.
2760 3803 2826 3856 Τί
2861 3805 2970 3874 γὰρ
3010 3803 3163 3872 παρά
3190 3803 3398 3874 ταύτην
3431 3802 3718 3873 ἅνθρωπος

2139 3895 2336 3947 ἐαυτοῦ
2366 3894 2591 3964 βελτίων
2636 3895 2696 3947 τὸ
2749 3895 2884 3965 πρὸς
2930 3895 3233 3964 ἀλήθειαν;
3289 3896 3371 3947 ὅτι
3423 3893 3480 3946 δέ
3513 3911 3581 3963 με
3621 3895 3719 3946 καὶ

2140 3988 2408 4058 ἀνομοίως
2431 3988 2559 4057 ὑμῖν
2587 3988 2733 4057 ἔχειν
2767 3987 2897 4058 περὶ
2932 3987 3188 4050 τδ-σέϐας
3221 3989 3504 4058 είρήκατε,
3559 3988 3719 4042 τοῦτο

2140 4079 2306 4143 αὐτὸς
2330 4080 2429 4132 οὐκ
2462 4079 2799 4150 ἀρνήσομαι,
2832 4077 3031 4132 πολλοῦ
3059 4095 3122 4147 γε
3151 4080 3245 4132 καὶ
3273 4079 3391 4132 δεῖ·
3423 4079 3560 4133 ἀλλά
3615 4082 3713 4134 καὶ

2141 4170 2258 4237 νῦν,
2292 4171 2452 4242 εῐπερ
2485 4171 2695 4235 ἀλλοτε,
2719 4173 2808 4242 -τῇ
2834 4169 3050 4242 γλώττῃ
3104 4171 3336 4242 χάριτας
3371 4171 3500 4237 ἐξω.
3530 4173 3717 4226 διακορ

2141 4268 2303 4335 νῆσαι
2329 4269 2466 4336 πρὸς
2495 4263 2668 4318 ταῦτά
2687 4281 2776 4334 μοι
2796 4264 3092 4338 δυναμένῃ.
3110 4266 3277 4330 Θεοὺς
3298 4267 3404 4338 γὰρ
3423 4267 3548 4321 οὕτε
3575 4263 3717 4334 οἴδα,

2140 4353 2267 4409 οὕτε
2297 4353 2704 4424 όμολογήσαιμι
2761 4353 2863 4426 (μὴ
2905 4355 3050 4409 οὕτω
3079 4355 3264 4419 κακῶς
3297 4356 3406 4424 ἐγὼ
3440 4359 3535 4412 καὶ
3583 4377 3720 4430 φρε-

2142 4446 2247 4499 νῶν
2268 4445 2454 4516 σχοίην
2470 4445 2565 4498 καὶ
2586 4443 2880 4515 γλώττης),
2903 4446 3020 4500 ἀλλ’
3037 4442 3119 4511 εἷς
3139 4449 3262 4519 ἐμοὶ
3287 4448 3418 4513 Θεὸς
3435 4451 3463 4502 ὁ
3484 4451 3720 4523 Χριστὸς

456 4536 598 4600 Quid
628 4536 773 4591 enim
804 4535 970 4591 fuerit
1022 4551 1213 4592 revera
1245 4538 1406 4592 homo
1433 4553 1499 4593 ex
1513 4553 1579 4594 eo
1605 4539 1786 4611 seipso
1806 4543 2030 4598 meliori

2142 4540 2200 4592 ἑν
2235 4538 2408 4606 Πατρὶ
2451 4538 2544 4591 καὶ
2576 4539 2858 4608 Πνεύματι
2888 4539 3290 4611 γνωριζόμενος
3313 4558 3328 4573 ⁶
3359 4543 3418 4606 ὃς
3448 4543 3627 4598 πάντα
3654 4560 3718 4598 τε

456 4625 614 4691 Quod
652 4641 782 4680 vero
815 4625 1001 4681 dixisti
1034 4642 1122 4681 me
1153 4641 1273 4682 esse
1303 4627 1551 4684 dissimili
1574 4631 1728 4686 vobis
1748 4633 2035 4703 religione,

456 4711 862 4777 erubescerem,
901 4713 946 4766 si
992 4712 1208 4768 viderer
1259 4723 1458 4781 tacere,
1521 4718 1728 4774 ducens
1776 4721 1887 4776 hoc
1913 4737 2037 4779 esse

455 4801 795 4871 pudendum.
827 4801 936 4873 Ego
965 4804 1110 4858 enim
1138 4805 1270 4861 deos
1296 4823 1485 4878 neque
1511 4812 1789 4876 novi,.nec
1819 4828 1906 4867 me
1943 4828 2038 4869 eos

460 4907 698 4961 unquam
730 4907 854 4948 esse
902 4894 1281 4966 adoraturum,
1316 4900 1598 4968 professus
1627 4902 1860 4971 fuerim;
1896 4906 2038 4963 absit

459 4991 520 5036 ut
549 4983 686 5038 adeo
717 4985 1006 5054 desipiam,
1047 4996 1103 5042 et
1130 4989 1201 5044 sit
1227 4991 1358 5045 mihi
1378 4991 1561 5063 lingua
1589 5003 1697 5048 tam
1725 5000 2035 5054 temeraria.

462 5075 570 5130 Sed
601 5093 745 5130 unus
778 5077 915 5132 mihi
956 5078 1100 5134 Deus
1131 5089 1215 5136 est
1238 5080 1510 5148 Christus,
1539 5085 1630 5153 qui
1692 5090 2039 5158 cognoscitur

459 5169 513 5221 in
538 5169 698 5222 Patre
724 5179 779 5223 et
804 5170 858 5222 in
897 5169 1129 5240 Spiritu,
1188 5173 1277 5242 qui
1310 5183 1365 5228 et
1407 5177 1592 5230 omnia
1637 5178 1706 5232 ab
1740 5179 1895 5234 initio
1920 5197 2041 5250 pro-

461 5261 617 5315 duxit
643 5277 708 5316 ex
740 5262 938 5329 nihilo,
967 5272 1022 5319 et
1055 5281 1202 5320 nunc
1241 5266 1504 5320 ineffabili
1553 5284 1616 5322 ea
1653 5269 1855 5326 virtute
1909 5290 2040 5329 con-

459 5350 618 5416 tinet,
655 5359 711 5404 et
756 5367 970 5407 annuos
1028 5354 1186 5409 nobis
1241 5356 1448 5411 fructus
1478 5361 1809 5429 suppeditat,
1845 5372 1900 5417 et
1927 5379 2037 5419 ma-

459 5456 589 5494 num
619 5443 894 5510 aperiens,
921 5459 1086 5499 omne
1107 5446 1310 5500 animal
1341 5448 1530 5520 implet
1577 5451 1963 5512 benedictione
1987 5459 2033 5510 ⁵.

455 5531 563 5586 Sed
605 5547 717 5586 non
767 5532 1042 5600 Christus,
1086 5536 1223 5592 dixit
1285 5538 1637 5611 interpellans
1686 5545 2034 5614 Anthemius,

456 5622 709 5688 producit
737 5624 839 5680 bos
863 5625 1076 5683 fructus
1127 5643 1360 5700 annuos,
1416 5634 1512 5692 sed
1543 5635 1812 5694 elementa
1847 5642 2033 5698 mundi

533 5794 554 5825 ⁵
580 5795 721 5853 Psal.
747 5816 922 5870 cxuv,
960 5803 1044 5860 16.

2137 4632 2466 4701 παρήγαγεν
2498 4631 2562 4683 ἐκ
2599 4630 2675 4703 μὴ
2705 4630 2896 4697 όντων,
2929 4634 3024 4687 καὶ
3052 4634 3148 4688 νῦν
3178 4636 3479 4707 ἀπορρήτῳ
3533 4636 3718 4691 σθένει

2135 4723 2439 4793 διακρατεῖ,
2473 4725 2722 4796 καρπούς
2744 4743 2804 4778 τε
2829 4729 2957 4789 τοὺς
2985 4728 3236 4799 ἐτησίους
3280 4731 3413 4797 ἡμῖν
3465 4732 3715 4801 χορηγεῖ,

2137 4815 2232 4867 καὶ
2294 4815 2529 4884 ἀνοίγων
2557 4819 2723 4870 αὑτοῦ
2767 4819 2868 4887 τὴν
2902 4823 3082 4891 χεῖρα,
3137 4823 3248 4874 πᾶν
3280 4821 3418 4885 ζῶον
3470 4823 3722 4886 εὐδοκίας

2137 4905 2466 4977 ἀποπληροῖ.
2510 4907 2648 4960 Ἀλλ’
2679 4909 2778 4978 οὐχ
2808 4909 3118 4978 όΧριστδς,
3145 4907 3300 4965 εἶπεν
3321 4914 3566 4982 ἐγκύψας
3594 4915 3720 4966 Ἀνο

2139 4997 2346 5068 θέμιος,
2393 4999 2520 5061 τοὺς
2554 5000 2807 5070 ἐτησίους
2860 5001 3082 5064 τούτους
3136 5003 3372 5072 προάγει
3431 5007 3720 5076 καρποὺς,

2137 5089 2205 5142 τὰ
2237 5094 2477 5159 στοιχεῖα
2530 5091 2585 5144 δὲ
2634 5091 2727 5144 τοῦ
2759 5093 2994 5163 κόσμου,
3043 5095 3202 5165 φησὶ,
3234 5098 3450 5164 καιροῖς
3483 5097 3633 5158 ίδὶοις
3654 5101 3722 5166 τῇ

2135 5182 2246 5234 τῶν
2274 5184 2412 5236 θεῶν
2470 5185 2698 5255 προνοίᾳ.
2733 5186 3076 5258 τελεσφορεῖ.
3113 5189 3267 5258 "Atta
3311 5191 3368 5243 δέ
3416 5190 3495 5258 τῷ
3547 5189 3722 5244 ταῦτα

2138 5276 2334 5341 είπεῖν,
2370 5276 2597 5348 πονηρῷ
2648 5277 2918 5348 πνεύματι
2951 5280 3288 5350 κατάσχετος
3329 5282 3591 5351 γεγονὼς,
3627 5286 3725 5336 κσέι

2141 5368 2206 5435 τῇ
2236 5369 2330 5435 γῇ,
2364 5365 2617 5437 καθάπερ
2663 5365 2797 5438 εἶχε,
2821 5373 3286 5442 προσαρραχθεὶς,
3308 5372 3487 5428 ἔκειτο
3507 5375 3726 5445 βρύχων

2141 5459 2237 5512 καὶ
2269 5460 2611 5531 διαστρέφων
2630 5462 2737 5533 μὲν
2752 5463 3088 5534 ὀφθαλμοὺς,
3114 5466 3331 5530 ὀδόντας
3350 5467 3419 5520 δὲ·
3434 5467 3721 5540 τετριγὼς,

2143 5550 2239 5603 καὶ
2277 5551 2451 5622 ἀφρδν
2505 5553 2846 5624 παραπτύων
2883 5556 2982 5610 τοῦ
3036 5559 3324 5628 στόματος.
3393 5561 3577 5615 Ταῦτα
3629 5561 3726 5616 τὸν

2146 5643 2390 5717 ὕπαρχον
2426 5649 2521 5702 καὶ
2558 5651 2683 5714 τοὺς
2714 5649 3103 5722 συμπαρόντας
3135 5652 3506 5724 θεασαμένους
3541 5653 3726 5726 θαῦμὰ
