4138 6416
443 392 589 458 1055

1673 390 1962 453 MENSIS
1998 390 2463 457 JANUARIUS.

3578 381 3723 452 1056

442 501 684 555 maximo
723 498 1059 565 communia,
1084 512 1205 570 quae
1229 507 1359 555 sunt
1380 498 1619 554 maxime
1644 498 1904 554 diversa?
1940 495 2028 552 Si-

2141 498 2350 571 γένους]
2412 499 2508 555 καὶ
2569 497 2713 554 κατά
2747 497 2810 552 τὸ
2837 496 3090 552 πλουτεῖν
3131 494 3462 550 ίσοστάσιον.
3511 494 3624 548 Ποῦ
3658 483 3721 548 δὶῖ

442 592 660 664 quidem
692 590 987 661 plurimum
1021 592 1165 646 inter
1217 606 1278 647 se
1321 590 1583 647 differunt
1635 588 1926 646 Antiochia
1977 599 2035 645 et

445 684 808 756 Cappadocia.
872 682 1012 738 Sunt
1057 690 1241 738 autem
1286 684 1456 738 multa
1512 698 1729 753 quoque
1770 682 1876 737 alia
1938 696 2034 751 per

445 791 564 847 quae
589 776 783 845 conjici
819 784 1016 845 potest,
1060 790 1172 829 non
1198 789 1320 830 esse
1374 775 1525 831 hunc
1570 791 1828 845 magnum
1883 775 2042 828 Basi-

445 869 601 935 lium,
625 870 718 923 sed
751 868 1040 938 quemdam
1060 869 1251 932 alium,
1281 876 1463 923 ortum
1509 869 1832 924 Antiochim.
1862 866 2035 923 Caete-

447 976 567 1015 rum
595 961 663 1014 ab
687 960 792 1016 hoc
826 960 1079 1016 instituto
1132 969 1261 1016 tunc
1310 961 1614 1031 sapientem
1656 961 1933 1015 abducunt
1980 967 2037 1013 et

446 1051 661 1114 civitas,
696 1059 750 1105 et
776 1051 949 1105 multo
986 1052 1155 1121 magis
1215 1051 1281 1106 ad
1322 1051 1759 1121 persuadendum
1797 1049 2035 1105 elﬁcacia

449 1148 498 1203 ei
533 1157 845 1217 temperans
876 1148 1238 1218 lacrymarum
1271 1148 1689 1203 medicamenta.
1736 1145 1870 1200 Nam
1900 1145 2035 1200 civi-

448 1249 535 1297 tas
550 1240 793 1309 quidem,
837 1249 1093 1309 tanquam
1135 1240 1324 1295 fretum
1354 1240 1631 1309 pr0prium
1660 1248 1716 1292 et
1744 1254 1772 1292 a
1814 1253 1875 1292 se
1903 1238 2036 1292 edu-

451 1341 655 1395 catum,
688 1347 812 1385 eum
847 1332 1215 1402 amplectitur,
1256 1339 1450 1384 cteum
1503 1338 1770 1398 perpetuo
1818 1329 2037 1384 volebat

452 1421 692 1476 retinere
765 1439 777 1475 :
851 1437 913 1475 ea
978 1421 1119 1475 enim
1180 1420 1335 1474 valde
1388 1419 1707 1474 movebatur
1763 1420 2035 1474 suavitate

451 1514 759 1568 orationum
834 1513 1083 1577 Joannis,
1162 1528 1393 1582 quarum
1473 1512 1759 1566 maximam
1826 1520 2035 1583 partem

451 1605 808 1660 consumebat
834 1605 890 1658 in
923 1605 1163 1674 jUtliCiiS,
1204 1605 1423 1659 assidue
1472 1604 1601 1659 illuc
1630 1603 1927 1668 ventitans,
1984 1612 2040 1659 et

449 1702 661 1763 partem
702 1693 1012 1749 defendens
1066 1692 1380 1749 inferiorem
1428 1701 1484 1748 et
1520 1708 1670 1758 eum,
1720 1694 1811 1762 qui
1868 1692 2040 1747 babe-

448 1786 612 1840 batur
640 1786 1003 1856 contemptui,
1038 1802 1317 1841 recreans.
1351 1784 1522 1840 Mater
1582 1793 1789 1849 autem,
1846 1791 2037 1854 utpote

450 1884 647 1941 mater,
683 1877 853 1947 magis
880 1892 1139 1947 germane
1156 1892 1282 1931 eum
1318 1877 1532 1941 adiens,
1575 1876 1900 1945 doloresque
1917 1891 2041 1945 par-

450 1975 542 2023 tus
571 1975 626 2022 et
663 1968 1014 2024 lactatiouem
1051 1968 1099 2024 ei
1158 1970 1212 2023 in
1264 1971 1585 2025 memoriam
1653 1983 1938 2035 revocans,
1985 1976 2042 2022 et

451 2059 594 2114 mala
626 2059 928 2123 viduitatis,
965 2069 1023 2116 et
1069 2076 1409 2131 quaecunque
1461 2068 1716 2130 poterant
1761 2060 2040 2115 attrahere

450 2150 645 2216 ﬁlium,
682 2161 746 2206 ut
774 2152 961 2207 matris
995 2153 1366 2215 misereretur,
1408 2152 1628 2206 arcebat
1680 2167 1708 2205 a
1736 2152 2037 2222 proposito.

455 2239 563 2297 Sed
584 2243 756 2297 satius
790 2251 894 2306 est,
920 2251 978 2296 ut
999 2242 1071 2296 illi
1115 2242 1220 2312 ipsi
1253 2243 1395 2296 hanc
1421 2244 1726 2312 relinquam
1760 2244 2039 2298 narratio-

454 2346 601 2385 nem.
636 2329 823 2401 Neque
849 2332 993 2386 enim
1017 2332 1242 2399 omnino
1271 2331 1353 2386 fas
1390 2340 1496 2398 est,
1553 2347 1656 2388 nec
1681 2333 2039 2396 conveniens,

456 2428 517 2476 ut
537 2436 661 2476 cum
690 2423 738 2477 ei
763 2421 1033 2476 liceatsua
1057 2439 1151 2492 per
1177 2438 1234 2478 se
1264 2423 1468 2488 dicere,
1503 2439 1627 2486 nos,
1671 2424 1781 2478 illis
1807 2423 2033 2489 relictis,

455 2524 522 2564 ex
549 2510 710 2564 nobis
752 2510 883 2580 ipsis
947 2510 1213 2566 faciamus
1269 2512 1662 2567 narrationem.
1706 2512 1844 2567 Dicit
1889 2513 2038 2567 enim

460 2601 581 2674 ipse
629 2604 682 2657 in
707 2604 861 2658 libris
894 2606 965 2658 De
1020 2604 1331 2660 sacerdotio.
1351 2604 1450 2677 (5),
1504 2605 1739 2660 iuuuens
1782 2605 2038 2671 amicum,

457 2693 550 2766 qui
577 2711 699 2750 eum
727 2705 844 2749 erat
865 2697 1200 2752 abducturus
1228 2697 1298 2753 ad
1346 2697 1422 2760 id,
1459 2699 1616 2768 cujus
1670 2697 1849 2754 studio
1891 2708 2043 2751 tene-

454 2785 632 2843 batur.
671 2786 877 2844 Deinde
906 2799 1151 2856 matrem,
1190 2806 1311 2859 qua:
1366 2788 1473 2845 hoc
1528 2791 1843 2853 resciverat,
1877 2789 2044 2843 mise-

455 2879 703 2937 rabiliter
735 2883 1054 2949 accessisse,
1103 2892 1159 2937 et
1192 2883 1246 2938 id
1282 2883 1650 2954 prohibuisse.
1707 2882 1797 2937 Sic
1857 2890 2042 2937 autem

458 2968 627 3026 habet
668 2990 682 3026 :
728 2972 1023 3044 Postquam
1064 2974 1212 3029 enim
1258 2975 1432 3030 sensit
1462 2973 1774 3036 consilium,
1814 2974 1959 3043 quod
2011 2987 2043 3027 a

458 3058 620 3114 nobis
641 3061 980 3131 capiebatur,
1019 3078 1107 3117 me
1135 3063 1359 3119 dextera
1395 3070 1645 3131 accepto,
1682 3071 1739 3117 et
1781 3063 1837 3117 in
1877 3064 2041 3119 domo

2133 589 2308 644 ταῦτα
2354 589 2542 661 θήσεις
2591 590 2683 644 καὶ
2711 590 2790 660 τῷ
2823 589 3048 661 μεγάλῳ
3069 589 3243 653 κοινὰ,
3297 587 3501 658 μᾶλλον
3527 585 3584 640 δὲ
3623 587 3722 640 καὶ

2135 683 2213 752 τῷ
2255 682 2497 752 μεγίστῳ
2526 683 2780 752 διάφορα,
2844 681 3008 750 εἴπερ
3060 682 3238 752 δήπου
3287 681 3381 734 καὶ
3413 678 3723 750 ’Δντιὸχεια

2135 774 2292 838 πόλις
2319 775 2414 828 καὶ
2452 774 2819 829 Καππαδοκία
2850 773 3225 843 διενηνόχασιν
3251 789 3266 837 ;
3296 771 3412 824 ἐστι
3443 770 3501 822 δέ
3523 786 3586 838 γε
3622 770 3724 823 καὶ⁵

2134 868 2272 923 ἄλλα
2301 867 2472 921 πολλὰ
2500 868 2567 920 δι’
2590 861 2665 919 ὧν
2700 867 2764 922 ἄν
2793 884 2878 930 τις
2920 867 3265 936 τεκμήραιτο
3299 864 3375 934 μὴ
3408 864 3502 916 τὸν
3544 862 3721 932 μέγαν

2136 957 2277 1013 εἶναι
2339 960 2526 1013 τοῦτον
2584 960 2888 1025 Βασίλειον,
2933 958 3071 1014 ἀλλά
3109 975 3234 1011 τινα
3291 956 3498 1027 μᾶλλον
3525 958 3590 1008 ἐκ
3618 955 3724 1024 τῆς

2149 1052 2480 1122 Ἀντιοχείας
2534 1051 2883 1123 ὁρμώμενον.
2948 1050 3110 1105 Ἀλλὰ
3149 1049 3241 1103 τοῦ
3271 1048 3479 1103 σκοποῦ
3522 1046 3719 1101 τούτου

2136 1144 2338 1215 τέωςῆ
2394 1158 2457 1197 τε
2511 1144 2667 1206 πόλις
2724 1144 2888 1198 αὑτὸν
2935 1144 3235 1211 ἀπάγουσι,
3289 1143 3387 1210 καὶ
3453 1140 3723 1210 μᾶλλονή

2143 1238 2348 1307 μήτηρ,
2402 1236 2552 1290 δεινὰ
2581 1237 2720 1306 πρὸς
2748 1236 2925 1290 πειθὼ
2952 1236 3022 1290 τὰ
3059 1237 3125 1289 ἐκ
3147 1236 3256 1288 τῶν
3289 1232 3545 1304 δακρύων
3574 1231 3728 1301 αὐτῷ

2138 1329 2424 1398 κεράσασα
2473 1328 2769 1399 φάρμακα.
2817 1329 2881 1381 Ἠ
2920 1328 3020 1398 μὲν
3073 1329 3183 1398 γὰρ
3232 1327 3388 1392 πόλις
3454 1327 3532 1389 ὼς
3588 1325 3727 1379 ίδίου

2140 1419 2456 1490 θρέμματος
2478 1421 2812 1491 περιείχετο,
2840 1422 2933 1474 καὶ
2955 1419 3264 1489 διὰδπαντδς
3282 1418 3538 1488 κατέχειν
3564 1416 3733 1487 #16015-

2138 1513 2282 1566 λετο.
2314 1509 2472 1588 Εἶχον
2502 1513 2611 1584 γὰρ
2639 1512 2808 1582 αὐτὴν
2851 1512 3089 1583 ἰσχυρῶς
3114 1513 3170 1565 αί
3225 1512 3333 1564 τῶν
3383 1512 3595 1564 ἐκείνου
3632 1509 3729 1564 λό-

2141 1622 2253 1674 γων
2284 1607 2564 1676 Σειρῆνες,
2594 1603 2674 1669 εἷς
2694 1604 2821 1675 (sic)
2842 1606 2904 1658 τὸ
2930 1604 3179 1658 πλεῖστον
3211 1604 3373 1673 ἔνεμε
3397 1602 3477 1672 τῷ
3504 1602 3727 1674 δικαίῳ,

2139 1704 2252 1762 τοῖς
2285 1700 2658 1771 δικαστηρίοις
2720 1699 3096 1770 ἐνδιατρίϐων,
3140 1698 3338 1767 καὶτῷ
3367 1698 3729 1753 καταδεεστέ-

2070 1839 2111 1894 Β
2144 1809 2221 1862 ρῳ
2256 1793 2409 1862 μέρει
2454 1792 2761 1862 τιθέμενος.
2805 1790 2869 1845 Ἦ
2901 1790 2959 1844 δὲ
2989 1792 3194 1861 μήτηρ,
3231 1787 3320 1842 οἷα
3356 1790 3564 1859 μήτηρ,
3591 1805 3729 1860 γνη-

2144 1883 2403 1955 σιώτερον
2440 1884 2589 1954 αὐτῷ
2641 1883 3039 1952 προσελθοῦσα,
3089 1885 3185 1934 καὶ
3238 1881 3447 1935 ὠδίνων
3478 1880 3594 1951 ἃμα
3630 1882 3731 1934 καὶ

2143 1974 2314 2045 θηλῆς
2381 1975 2766 2044 ὑπομνήσασα,
2819 1974 2916 2026 καὶ¹
2947 1975 3014 2025 τὰ
3040 1976 3104 2025 ἐκ
3136 1973 3233 2039 τῆς
3287 1970 3517 2041 χηρείας
3550 1970 3724 2033 κακὰ,

2139 2067 2237 2121 καὶ
2286 2066 2467 2118 πάντα
2515 2066 2617 2118 ὅσα
2674 2063 2901 2117 δυνατὸν
2934 2058 3004 2133 ἦν
3035 2064 3151 2115 υίὸν
3204 2060 3431 2114 ἑλκῦσαι
3456 2064 3519 2131 τῇ
3557 2062 3732 2130 μητρὶ

2142 2159 2279 2229 πρὸς
2331 2157 2702 2227 συμπάθειαν,
2747 2158 2981 2224 ἀπεῖργε
3011 2155 3105 2210 τοῦ
3154 2153 3551 2224 προκειμένου·
3590 2152 3734 2221 μᾶ).-

2143 2249 2235 2304 λον
2263 2250 2318 2302 δὲ
2343 2248 2489 2317 αὑτῷ
2531 2248 2724 2317 ἐκείνῳ
2782 2247 2999 2315 λέγοντι
3048 2246 3177 2315 περὶ
3235 2244 3429 2297 τούτου
3463 2261 3731 2313 παραχωη

2147 2344 2296 2413 ρήσω
2345 2340 2440 2394 τοῦ
2498 2341 2861 2411 διηγήματος.
2903 2338 3116 2392 Μανίαν
3152 2337 3259 2405 γὰρ
3298 2336 3363 2390 ἂν
3391 2334 3629 2403 ἀληθῶςυ
3657 2336 3726 2389 οὐ

2139 2434 2344 2501 τόλμαν
2404 2431 2655 2503 ᾐτιώμην
2680 2431 2927 2493 δικαίως.
2981 2431 3051 2485 εί.
3084 2431 3141 2480 ἐν
3180 2422 3262 2490 οἷς
3290 2427 3360 2480 τὰ
3399 2427 3607 2480 ἐκείνου
3640 2425 3715 2480 δι’

2142 2526 2350 2579 ἐκείνου
2384 2524 2567 2593 λέγειν
2599 2524 2797 2593 παρὸν,
2832 2522 2996 2585 αὐτὸς
3025 2520 3198 2574 ταῦτα
3225 2518 3563 2581 καταλιπὼν,
3591 2517 3737 2586 παρ’

2142 2617 2278 2688 ἐμοῦ
2464 2613 2732 2687 ἐμαυτοῦ]
2770 2614 2867 2683 τὴν
2932 2614 3190 2683 διήγησιν
3221 2610 3547 2680 ἐποιούμην.
3585 2609 3734 2679 Φησὶ

2143 2708 2253 2779 γὰρ
2279 2707 2449 2770 οὕτως
2482 2710 2537 2760 ἐν
2562 2708 2673 2768 τοῖς
2736 2722 2801 2758 πε
2814 2706 2865 2775 ρ).
2917 2702 3217 2773 ἱερωσύνης
3239 2701 3424 2766 αὐτὸς,
3451 2700 3542 2753 τὸν
3571 2698 3733 2766 φίλον

2144 2798 2496 2868 εἰσενεγκὼν,
2561 2797 2795 2862 ἀπάξειν
2852 2795 2946 2849 ἐπὶ
2992 2795 3054 2848 τὸ
3088 2793 3530 2863 σπουδαζόμενον
3595 2791 3731 2859 μέλ-

2143 2893 2329 2958 λοντα,
2367 2889 2488 2947 εἶτα
2525 2892 2625 2962 τὴν
2658 2890 2873 2962 μητέρα
2906 2887 3187 2960 μαθοῦσαν
3220 2887 3496 2941 καὶτοῦτο
3522 2884 3728 2939 διακω-

2143 2982 2409 3038 λύσασαψ
2464 2982 2579 3052 εχει
2604 2982 2662 3035 δὲ
2690 2980 2892 3044 οὕτως’
2944 2978 3165 3049 Ἐπειδὴ
3192 2980 3301 3048 γὰρ
3330 2978 3532 3050 ᾔσθετο
3550 2975 3735 3031 ταῦτα.

2148 3075 2578 3147 βουλευόμενον,
2631 3073 2877 3126 λαϐοῦσά
2929 3089 2994 3141 με
3034 3072 3134 3140 τῆς
3169 3069 3376 3135 δεξιᾶς,
3426 3071 3733 3140 εἰσήγαγεν

455 3151 507 3207 ei
547 3153 807 3208 attributa
846 3155 914 3210 ad
951 3155 1252 3211 sedendum
1287 3156 1555 3211 collocato
1596 3170 1766 3226 prope
1815 3155 2037 3224 lectum,

2143 3166 2224 3229 είς
2255 3165 2344 3218 τὸν
2398 3163 2849 3232 ἀποτεταγμένοι)
2904 3156 3052 3214 οἷκον
3091 3163 3254 3232 αὐτῇ,
3312 3160 3409 3214 καὶ
3450 3159 3731 3213 καθίσασα

455 3244 511 3302 In
551 3261 661 3317 quo
680 3261 783 3299 nos
810 3257 1119 3317 pepererat,
1151 3246 1434 3303 emittebat
1454 3247 1637 3323 fontes
1658 3248 2038 3319 lacrymarum,

456 3347 513 3393 et
562 3338 891 3409 adiungebat
942 3340 1106 3396 verba
1174 3340 1427 3411 lacrymis
1487 3340 1907 3404 miserabiliora,
1963 3341 2043 3396 sic

457 3429 603 3499 apud
635 3445 734 3484 nos
783 3431 1129 3485 lamentans:
1161 3428 1315 3493 Mihi,
1375 3430 1573 3500 inquit,
1611 3446 1645 3485 o
1684 3429 1779 3496 ﬁli,
1841 3431 2043 3486 virtute

459 3521 540 3576 tui
574 3522 743 3592 patris
776 3522 865 3576 diu
902 3521 1008 3576 frui
1040 3537 1150 3576 non
1183 3522 1355 3587 licuit,
1396 3538 1521 3578 cum
1575 3521 1686 3578 Deo
1737 3523 1812 3577 ita
1864 3524 2041 3578 visum

455 3623 626 3667 esset.
652 3613 788 3668 Nam
814 3614 1034 3668 dolores
1066 3614 1121 3667 in
1155 3624 1317 3685 partu
1380 3624 1605 3686 propter
1666 3623 1719 3670 te
1764 3625 2042 3687 acceptos,

456 3718 606 3758 mors
659 3704 806 3760 illius
833 3713 1151 3770 consecuta,
1192 3705 1286 3760 tibi
1312 3707 1533 3776 quidem
1567 3707 1875 3774 orbitatem,
1906 3708 2043 3763 mihi

462 3803 643 3850 autem
740 3792 1058 3851 viduitatem
1146 3799 1331 3853 attulit
1425 3808 1557 3853 ante
1632 3808 1867 3877 tempus,
1987 3809 2043 3855 et

455 3888 599 3943 mala
654 3889 955 3953 viduitatis,
1001 3904 1121 3960 qua:
1169 3905 1248 3945 ea:
1302 3892 1429 3945 sola:
1493 3892 1735 3957 demum,
1789 3909 1912 3963 quae
1955 3894 2043 3949 illa

456 3997 631 4053 passa:
646 3990 792 4048 sunt,
829 3983 970 4037 scire
990 3992 1176 4052 aperte
1200 3988 1496 4054 potuerint.
1538 3984 1695 4040 Nulla
1747 3988 1893 4041 enim
1918 4002 2042 4041 ora-

458 4074 538 4129 tio
583 4076 827 4145 potuerit
879 4077 1141 4144 consequi
1179 4068 1557 4147 tempestatem
1588 4079 1734 4134 illam
1760 4088 1816 4135 et
1844 4080 2043 4135 ﬂuctus

456 4165 601 4229 illos,
627 4179 763 4234 quos
818 4166 965 4220 subit
1012 4168 1214 4237 puella,
1258 4184 1289 4223 e
1331 4169 1494 4225 domo
1552 4171 1773 4240 quidem
1817 4180 2043 4241 paterna

456 4271 640 4327 nuper
668 4273 908 4328 egressa,
938 4267 995 4313 et
1024 4274 1206 4314 rerum
1240 4260 1515 4331 imperita,
1546 4269 1601 4315 et
1649 4260 1743 4331 qui
1797 4259 2040 4315 cohiberi

458 4365 568 4405 non
596 4359 797 4422 potest,
830 4362 1055 4422 repente
1100 4353 1251 4408 luctu
1295 4368 1575 4423 oppressa,
1604 4362 1660 4408 et
1683 4368 1909 4408 necesse
1939 4353 2041 4407 ba-

454 4437 596 4496 ἔνευε
648 4443 886 4511 majores
928 4445 1207 4513 suscipere
1235 4444 1650 4511 sollicitudines,
1715 4459 1877 4511 quam
1941 4459 2041 4513 pro

461 4540 623 4589 atate
647 4543 704 4589 et
732 4549 890 4590 sexu.
922 4536 1151 4605 Oportet
1178 4538 1324 4591 enim
1365 4544 1426 4590 ut
1455 4537 1689 4591 arbitror
1715 4537 2041 4591 tamulorum
2076 4519 2124 4579 Ῑ)

458 4626 766 4680 socordiam
795 4626 1238 4682 animadvertere
1267 4637 1324 4682 et
1355 4628 1651 4697 corrigere,
1684 4636 1739 4682 et
1778 4628 2043 4685 maleﬁcia

456 4715 771 4778 observare,
818 4727 1170 4786 cognatorum
1239 4719 1464 4774 insidias
1494 4719 1834 4789 propulsare,
1862 4721 2044 4789 publi-

456 4820 718 4861 canorum
771 4807 1001 4878 injurias
1057 4806 1106 4864 εἰ
1152 4809 1608 4864 inhumanitatem
1671 4809 1725 4863 in
1766 4810 2044 4880 exigendis

455 4898 816 4970 vectigalibus
850 4916 1047 4971 magno
1072 4910 1127 4957 et
1158 4903 1374 4959 excelso
1430 4903 1617 4957 animo
1663 4901 1827 4957 ferre.
1887 4903 2043 4969 Quod

456 4990 501 5046 si
529 4991 720 5047 relicto
745 4993 911 5047 etiam
941 4994 1151 5049 infante
1183 4995 1504 5060 decesserit,
1533 4995 1625 5064 qui
1656 5004 1739 5050 est
1769 5007 2038 5064 mortuus,

458 5083 504 5135 si
545 5082 617 5137 sit
641 5083 859 5152 quidem
892 5083 1127 5151 femina,
1159 5102 1410 5158 magnam
1440 5086 1661 5156 quidem
1716 5087 1795 5143 sic
1824 5104 2040 5158 quoque

456 5175 619 5229 matri
650 5175 919 5246 praebebit
968 5176 1423 5241 sollicitudinem,
1457 5193 1487 5231 a
1522 5178 1829 5249 sumptibus
1856 5188 2037 5236 tamen

459 5274 515 5321 et
537 5278 686 5322 metu
714 5267 968 5323 liberam.
1010 5269 1181 5325 Filius
1210 5252 1548 5323 autem'eam
1576 5269 1819 5339 quotidie
1852 5270 2042 5339 implet

457 5356 752 5413 timoribus
779 5359 1271 5415 innumerabilibus
1289 5369 1341 5414 et
1366 5359 1614 5430 pluribus
1655 5360 2041 5416 sollicitudini-

458 5452 580 5507 bus.
621 5451 775 5508 Mitto
857 5463 1136 5524 sumptum
1178 5452 1556 5522 pecuniarum,
1602 5468 1765 5524 quem
1818 5468 2043 5509 necesse

458 5544 625 5602 habet
654 5546 835 5602 facere
864 5547 909 5601 si
933 5561 1059 5602 eum
1093 5545 1328 5601 educare
1356 5545 1507 5616 cupit
1526 5544 1845 5600 liberaliter.
1895 5544 2039 5600 Nihil

460 5638 655 5694 horum
683 5648 865 5695 tamen
890 5640 1025 5695 mihi
1053 5639 1343 5711 persuasit,
1400 5647 1461 5694 ut
1485 5638 1785 5695 secundum
1844 5638 2037 5695 iuircm

534 5817 611 5886 (εἰ)
649 5818 767 5875 Lib.
799 5839 858 5889 ιι,
890 5839 1007 5893 cap.
1035 5825 1087 5879 Ξ.

2145 3256 2373 3327 πλησίον
2414 3255 2509 3308 ἐπὶ
2532 3256 2630 3324 τῆς
2663 3254 2845 3320 εὐνῆς.
2875 3247 2944 3324 ἦς
2968 3255 3117 3324 ἡμᾶς
3148 3251 3325 3319 ὤδινε,
3368 3252 3551 3321 πηγὰς
3581 3250 3729 3320 ἐφίει

2141 3347 2416 3418 δακρύων,
2456 3349 2551 3400 καὶ
2612 3345 2721 3398 τῶν
2746 3345 2998 3416 δακρύων
3020 3345 3362 3414 ἑλεεινότερα
3416 3340 3732 3414 προσετίθει

2146 3443 2389 3512 ῥήματα,
2417 3438 2642 3492 τοιαῦτα
2668 3438 2804 3507 πρὸς
2825 3439 2972 3507 ἡμᾶς
2988 3437 3292 3509 ὀδυρομένη
3315 3435 3431 3508 [γρ.
3459 3434 3732 3506 ἀποδυρο-

2146 3527 2328 3602 μένη]’
2348 3529 2509 3596 Ἐγὼ,
2527 3527 2929 3598 φησ“ι,παιδίον.
2948 3529 3259 3597 τῆςάρετῆς
3272 3527 3364 3580 τοῦ
3378 3544 3481 3580 πατ
3492 3523 3730 3598 ρδςμοῦ]

2110 3692 2113 3697 ⁴
2145 3620 2239 3676 σοῦ
2279 3623 2381 3675 οὐκ
2401 3621 2632 3691 ἀφείθην
2661 3619 2972 3674 ἀπολαῦσαι
3006 3622 3099 3673 ἐπὶ
3125 3619 3260 3673 πολύ
3280 3637 3294 3651 ο
3326 3619 3406 3689 τῷ
3423 3617 3543 3683 Θεῷ
3570 3616 3737 3670 τοῦτο

2140 3713 2352 3768 δοκοῦν.
2407 3712 2518 3775 Τὰς
2570 3711 2678 3781 γὰρ
2714 3711 2911 3773 ὠδίνας
2954 3710 3053 3774 τὰς
3101 3712 3194 3763 ἐπὶ
3225 3710 3308 3764 σοὶ
3336 3709 3731 3777 διαδεξάμενος

2141 3803 2170 3855 δ
2206 3803 2435 3864 θάνατος
2485 3784 2723 3866 ἐκείνου,
2764 3803 2849 3853 σοὶ
2879 3800 2978 3869 μὲν
3014 3802 3304 3871 ὀρφανίαν,
3345 3802 3468 3871 ἐμοὶ
3498 3798 3731 3870 χηρείαν

2144 3896 2448 3964 ἐπέστησεν
2493 3894 2695 3964 ἄωρον,
2725 3894 2820 3947 καὶ
2855 3893 2955 3963 τῆς
3002 3893 3230 3964 χηρείας
3263 3893 3436 3957 δεινὰ,
3493 3891 3529 3946 ἃ
3563 3892 3728 3961 μόναι

2142 3986 2200 4038 αἱ
2225 3985 2493 4038 παθοῦσαι
2555 3984 2791 4038 δύναιντ’
2822 3983 2889 4036 ἂν
2923 3985 3127 4037 εἰδέναι
3177 3982 3387 4052 σαφῶς.
3419 3982 3590 4050 Λόγος
3617 3982 3729 4052 γὰρ

2142 4076 2319 4138 οὐδεὶς
2345 4075 2411 4129 ἂν
2445 4076 2689 4144 ἐφίκοιτο
2712 4075 2806 4128 τοῦ
2839 4075 3113 4145 χειμῶνος
3138 4075 3351 4128 ἐκείνου
3367 4077 3459 4127 καὶ
3481 4073 3575 4127 τοῦ
3601 4073 3732 4125 κλύ-

2141 4168 2329 4231 δωνος,
2352 4169 2411 4221 ὃν
2440 4167 2735 4237 ὑφίσταται
2755 4167 2891 4239 κόρη
2917 4166 3044 4236 ἄρτι
3066 4168 3163 4236 μὲν
3181 4167 3277 4235 τῆς
3305 4167 3482 4229 οἰκίας
3506 4164 3605 4234 τῆς
3623 4181 3733 4217 πα-

2143 4260 2322 4331 τρῴας
2343 4260 2703 4332 προελθοῦσα,
2747 4260 2843 4312 καὶ
2863 4260 3208 4330 πραγμάτων
3222 4260 3447 4328 ἄπειρος
3465 4251 3624 4319 οὖσα,
3646 4256 3733 4320 ἐξ·

2144 4354 2342 4423 αίφνης
2357 4368 2417 4403 τε
2437 4351 2621 4404 πένθει
2634 4352 2849 4422 ἀσχέτῳ
2869 4350 3173 4421 βαλλομένη
3196 4357 3288 4404 καὶ
3306 4348 3735 4418 ἀναγκαζομένη

2145 4446 2460 4518 φροντίδων,
2480 4445 2575 4498 καὶ
2595 4444 2696 4515 τῆς
2722 4445 2937 4515 ήλικίας
2962 4445 3170 4511 καὶτῆς
3196 4447 3413 4513 φύσεως
3435 4443 3730 4512 ἀνέχεσθαι

2153 4535 2437 4608 μειζόνων.
2461 4538 2552 4588 Δεῖ
2575 4538 2704 4607 γὰρ,
2731 4533 2905 4608 οἶμαι,
2932 4535 3205 4607 ῥᾳθυμίας
3226 4536 3454 4589 οἰκετῶν
3479 4534 3734 4604 ἐπιστρέο

2146 4629 2388 4698 φειν,καλ⁸
2402 4630 2739 4698 κακουργίας
2757 4646 2974 4701 παρατη
2985 4631 3117 4699 ρεῖν,
3137 4628 3414 4698 συγγενῶν
3427 4628 3736 4696 ἀποκρούεα

2146 4721 2271 4774 σθαι
2303 4720 2612 4787 ἐπιϐουλὰς,
2638 4723 2747 4774 τῶν
2763 4717 2831 4774 τὰ
2863 4722 3100 4793 δημόσια
3121 4723 3565 4791 είσπραττόντων
3598 4718 3719 4791 [)‘p.

2146 4812 2521 4885 πραττόντων]
2575 4813 2673 4875 τὰς
2732 4815 3016 4884 ἐπηρείας,
3055 4815 3152 4866 καὶ
3204 4813 3303 4883 τὴν
3358 4814 3626 4882 ἀπήνειαν
3661 4811 3720 4863 ὲν

2144 4908 2265 4968 ταῖς
2290 4906 2397 4958 τῶν
2425 4905 2698 4977 εἰσφορῶν
2731 4906 3059 4969 καταϐολαῖς
3082 4908 3346 4974 γενναίως
3371 4906 3580 4975 φέρειν.
3600 4903 3734 4956 Ἐὰν

2144 4997 2201 5050 δὲ
2236 4997 2332 5050 καὶ
2366 4997 2577 5050 παιδίον
2606 4996 2927 5050 καταλιπὼν
2946 5000 2975 5051 ὁ
2999 4997 3282 5061 τεθνηκὼς
3310 4996 3561 5061 ἀπέλθοι,
3593 4994 3730 5062 θῆλυ

2153 5090 2252 5161 μὲν
2284 5089 2366 5153 ὃν,
2423 5088 2626 5160 πολλὴν
2678 5090 2773 5143 καὶ
2803 5089 2949 5143 οὕτω
3008 5089 3234 5159 παρέξει
3295 5091 3362 5159 τῇ
3402 5089 3574 5158 μητρὶ
3628 5086 3732 5156 τὴν

2151 5181 2431 5252 φροντίδα,
2465 5182 2616 5251 ὅμως
2637 5182 2695 5234 δὲ
2722 5182 2817 5236 καὶ
2849 5182 3228 5252 ἀναλωμάτων
3256 5182 3352 5234 καὶ
3374 5180 3525 5243 δέους
3554 5178 3733 5250 ἀπηλ-

2151 5272 2433 5344 λαγμένην
2455 5289 2468 5303 °
2500 5274 2530 5325 ὁ
2567 5274 2624 5327 δέ
2653 5275 2768 5338 υίὸς
2795 5276 3009 5346 μυρίων
3035 5274 3207 5344 αὐτὴν
3237 5272 3423 5344 φόϐων
3452 5272 3573 5326 καθ’
3602 5270 3736 5325 ἐκά-

2154 5380 2286 5433 στην
2313 5365 2620 5435 ἐμπίπλησι
2638 5366 2739 5436 τὴν
2755 5358 2991 5439 ἡμέραν,
3010 5365 3106 5419 καὶ
3128 5364 3390 5419 πλειόνων
3410 5363 3733 5435 φροντίδων.

2153 5457 2263 5529 Τὴν
2293 5456 2403 5525 γὰρ
2432 5457 2542 5511 τῶν
2571 5458 2869 5528 χρημάτων
2891 5457 2965 5511 ἐῶ
2991 5458 3261 5527 δαπάνην,
3279 5458 3414 5526 ὅσην
3436 5454 3734 5525 ὑπομένειν

2150 5548 2521 5618 ἀναγκάζεται
2541 5550 2863 5624 ἐλευθερίως
2873 5551 3031 5605 αὑτὸν
3044 5549 3347 5622 ἀναθρέψαι
3366 5547 3731 5618 ἐπιθυμοῦσα.

2162 5643 2305 5697 Ἀλλ’
2331 5644 2481 5714 ὅμως
2509 5643 2663 5698 οὐδέν
2694 5661 2763 5717 με
2785 5644 2990 5700 τούτων
3020 5642 3208 5698 ἔπεισε
3237 5641 3508 5712 δευτέροις
3537 5635 3735 5710 ὁμιλῆ-
