4138 6442
414 291 557 359 1057

1445 311 1624 372 rm
1663 312 1724 374 s.
1759 312 2086 377 JOANNIS
2113 318 2674 395 CHRYSOSTOMI.
2738 302 2747 313 ’

3540 330 3682 399 1058

424 408 516 456 σαί
546 405 893 508 γάμοις,οὐδ’
922 410 1111 484 ἕτερον
1138 414 1524 487 ἐπεισαγαγεῖν
1552 423 1786 492 νυμφίον
1811 426 1877 493 τῇ
1901 424 1990 477 τοῦ

2100 431 2533 498 matrimonium,
2558 449 2738 504 neque
2767 435 2934 492 alium
2962 452 3225 508 sponsum
3274 440 3678 500 introducerent

417 496 624 590 πατρὸς
664 501 811 572 οἰκίᾳ
847 502 941 556 τοῦ
968 503 1062 558 σοῦ
1085 522 1099 536 ·
1131 506 1247 560 ἀλλ’
1275 508 1468 579 έμενον
1511 515 1572 567 ἐν
1599 518 1664 587 τῇ
1722 515 1862 590 ζάλῃ
1898 517 1994 571 καί⁵

414 587 494 656 τῷ
517 587 751 662 θορύὸῳ,
783 594 877 647 καὶ
911 597 1010 666 τὴν
1047 598 1271 669 σιδηρᾶν
1300 601 1403 670 τῆς
1433 606 1660 676 χηρείας
1705 609 1808 662 οὐκ
1833 587 1995 678 *γέφυ-

410 695 511 773 γον
527 683 791 773 κάμινον,
816 686 1031 756 πρῶτον
1055 691 1155 758 μὲν
1174 691 1277 745 ὑπὸ
1296 694 1396 763 τῆς
1416 696 1621 751 ἄνωθεν
1652 699 1992 773 βοηθουμένη

414 768 628 861 ροπῆς·
659 771 820 842 ἔφερε
851 773 907 827 δέ
964 794 1054 847 μοι
1111 782 1470 852 παραμυθίαν
1507 786 1569 839 ού
1638 768 1994 861 μικράν-τῶν

411 860 620 955 δεινῶν,
654 863 749 917 καὶ
781 865 842 918 τὸ
891 871 1130 939 συνεχῶς
1155 874 1237 937 είς
1272 875 1372 947 τὴν
1406 876 1518 948 σὴνα
1548 878 1672 948 ὃψιν
1715 860 1869 955 όρᾷν,
1899 886 1994 939 καὶ

412 954 598 1008 εἰκόνα
652 974 743 1025 μοι
776 959 870 1011 τοῦ
909 963 1360 1035 τετελευτηκότος
1408 954 1991 1048 φυλάσσεσθαιέμψυ-

412 1061 529 1139 χον,
563 1048 701 1116 πρὸς
723 1051 1070 1122 ἐκεῖνον
1106 1056 1345 1131 ἐκείνην]
1375 1062 1843 1139 ἀπηκριϐωμένην
1891 1087 1993 1123 κα-

410 1135 542 1198 λῶς.
580 1139 680 1191 Διὰ
707 1141 864 1195 τοῦτο
892 1145 985 1197 καὶ
1018 1145 1099 1199 ἔτι
1138 1149 1334 1218 νήπιος
1364 1149 1462 1218 ὢν,
1493 1156 1591 1207 καὶ
1627 1135 1763 1227 μηδὲ
1799 1135 1989 1232 ⁷φθέγο

409 1230 603 1295 γεσθαί
634 1248 721 1284 πω
772 1233 985 1303 μαθὼν,
1024 1238 1111 1291 ὅτε
1170 1240 1409 1308 μάλιστα
1457 1247 1721 1319 τέρπουσι
1746 1255 1873 1317 τοὺς
1900 1230 1992 1308 τὲ.-

409 1320 607 1387 κόντας
629 1325 679 1376 οἱ
709 1326 917 1417 παῖδες,
951 1330 1154 1401 πολλήν
1187 1352 1279 1404 μοι
1304 1341 1564 1410 παρεῖχες
1583 1342 1681 1407 τὴν
1706 1324 1992 1417 παράκλη-

410 1430 521 1469 σιν.
551 1416 660 1469 Καὶ
688 1417 795 1488 μὴν
823 1405 946 1475 δῦδὲ
973 1426 1150 1479 ἐκεῖνο
1203 1428 1270 1482 ἂν
1309 1405 1869 1500 ἔχοιςναίτιάσασθαι,
1906 1405 1989 1492 ὅτι

407 1507 507 1575 τὴν
545 1510 643 1577 μὲν
673 1512 900 1582 χηρείαν
923 1517 1186 1583 γενναίως
1210 1520 1548 1591 ἠνέγκαμεν,
1575 1527 1676 1595 τὴν
1708 1526 1770 1580 δέ
1800 1506 1990 1582 οὐσίαν

416 1615 500 1652 σοι
525 1602 625 1668 τὴν
652 1606 929 1677 πατρικὴν
957 1608 1356 1680 ἠλαττὼσαμεν
1381 1613 1472 1667 διά
1498 1616 1597 1685 τὴν
1626 1619 1727 1687 τῆς
1762 1621 1990 1691 χηρείας

413 1692 680 1782 ἀνάγκην,
709 1697 845 1768 ὅπερ
868 1700 1098 1767 πολλοὺς
1118 1703 1227 1757 τῶν
1249 1706 1515 1777 ὀρφανίαν
1531 1709 1990 1782 δυστυχησάντων

405 1779 527 1839 οῖδα
564 1789 841 1854 παθόντας
886 1793 1020 1853 ἐγώ.
1068 1796 1178 1850 Καὶ
1206 1798 1316 1868 γὰρ
1341 1800 1438 1853 καὶ
1481 1779 1987 1876 ταύτην-ἀκεραίαν

408 1883 650 1950 ἐφύλαξα
685 1890 886 1955 πᾶσαν,
918 1892 1014 1946 καὶ
1043 1893 1151 1946 τῶν
1179 1894 1507 1963 ὀφειλόντων
1530 1901 1610 1965 είς
1636 1902 1988 1974 εὐδοκίμησιν

406 1974 787 2066 δαπανηθῆναι
817 1982 916 2053 τὴν
951 1984 1050 2054 σὴν
1072 1986 1321 2042 ἐνέλιπον
1347 1990 1520 2057 οὐδὲν,
1566 1996 1629 2048 ἐκ
1674 1996 1782 2049 τῶν
1810 1999 1986 2066 ἐμαυ-
2020 2004 2029 2009 ’

405 2067 527 2137 τῆς,
559 2073 649 2124 καὶ
673 2065 748 2126 ὧν
774 2068 939 2145 ἦλθον
960 2078 1171 2131 οἴκοθεν
1198 2079 1424 2150 ἔχουσα,
1447 2085 1747 2141 δαπανῶσα
1771 2065 1990 2159 χρημά-

405 2178 537 2216 των.
567 2164 679 2218 Καὶ
713 2167 872 2236 μήτοι
903 2170 1135 2242 νομίσῃς
1176 2174 1545 2240 όνειδίζουσάν
1575 2197 1643 2247 με
1682 2181 1858 2235 ταῦτα
1894 2181 1990 2237 λέο

404 2269 527 2323 γειν
546 2255 662 2323 νῦν,
692 2258 807 2312 ἀλλ’
844 2261 964 2314 ἀντὶ¹
990 2263 1209 2319 πάντων
1245 2284 1304 2319 σε
1330 2267 1534 2321 τούτων
1552 2270 1680 2340 μίαν
1713 2273 1853 2325 αἰτῶ
1888 2276 1988 2344 χά-

410 2365 519 2420 ριν.
557 2353 631 2421 μή
661 2370 728 2422 με
750 2354 978 2428 δευτέρᾳ
1004 2360 1203 2431 χηρείᾳ
1233 2362 1569 2431 περιϐαλεῖν,
1606 2366 1739 2433 μηδέ
1766 2367 1826 2420 τὸ
1874 2385 1989 2421 κοι·

409 2442 581 2514 μηθὲν
607 2445 706 2516 ἢδη
730 2446 920 2512 πένθος
950 2451 1152 2519 ἀνάψαι
1180 2453 1365 2516 πάλιν,
1392 2455 1529 2509 ἀλλὰ
1550 2460 1866 2527 περίμεινον
1887 2462 1987 2530 τὴν

406 2535 548 2608 ἐμὴν
574 2537 854 2609 τελευτήν.
885 2541 1044 2606 Ἴσως
1067 2544 1203 2612 μετὰ
1233 2548 1426 2615 μικρὸν
1459 2546 1828 2618 ἀπελεύσομαι
1858 2551 1989 2621 χρό-

406 2645 518 2683 νον.
545 2630 684 2695 Τοὺς
716 2632 815 2699 μὲν
844 2633 952 2704 γάρ
993 2636 1147 2699 νέους
1193 2637 1350 2697 ἐλπὶς
1380 2638 1476 2692 καὶ
1507 2639 1590 2703 είς
1631 2640 1810 2710 γῆρας
1836 2643 1987 2713 ἥξειν

413 2721 647 2791 μακρὸν,
678 2724 808 2777 οίἙὲ
840 2728 1216 2807 γεγηρακότες
1236 2731 1398 2799 ἡμεῖς
1428 2733 1582 2786 οὐδὲν
1616 2732 1806 2805 ἕτερον
1835 2739 1867 2807 ἢ
1897 2737 1987 2790 τὸν

408 2812 635 2869 θάνατον
672 2817 1037 2889 ἀναμένομεν.
1085 2805 1255 2875 Ὅταν
1296 2818 1390 2877 οὖν
1426 2841 1494 2893 με
1532 2828 1598 2897 τῇ
1630 2829 1699 2896 γῇ
1731 2805 1987 2899 παραδῷς

409 2909 505 2962 καὶ
531 2911 640 2973 τοῖς
669 2910 877 2974 ὀστέοις
912 2912 1005 2966 τοῦ
1031 2913 1238 2984 πατρὸς
1261 2915 1529 2988 ἀναμίξῃς
1564 2918 1657 2971 τοῦ
1683 2919 1802 2983 σοῦ,
1833 2922 1985 2974 στέλ-

408 3001 500 3056 λου
537 3004 755 3074 μακράς
803 3004 1139 3074 ἀποδημίας,
1171 3008 1267 3059 καὶ
1318 3008 1450 3060 πλέε
1483 3009 1781 3074 θάλασσαν,
1810 3012 1876 3083 ἢν
1918 3012 1985 3066 ἂν

2098 520 2152 574 in
2181 522 2402 578 domum
2430 526 2601 595 patris
2631 529 2709 582 tui
2739 547 2753 584 :
2779 531 2875 584 sed
2911 531 3085 589 mansi
3139 532 3193 588 in
3252 542 3578 605 tempestate
3625 547 3683 592 et

2100 614 2356 683 tumultu,
2387 625 2443 670 et
2477 633 2585 672 non
2616 620 2777 691 eﬂ‘ugi
2809 621 3041 679 ferream
3069 624 3346 679 fornacem
3375 628 3679 695 viduitatis,

2097 701 2337 770 primum
2376 706 2596 774 quidem
2625 710 2809 778 adjuta
2838 727 3075 781 superno
3130 716 3351 771 auxilio.
3404 717 3683 773 Afferehat

2097 804 2280 850 autem
2313 797 2446 853 mihi
2492 815 2601 854 non
2658 819 2879 871 parvam
2929 808 3192 863 malorum
3249 812 3679 866 censolationem

2097 896 2153 943 et
2174 890 2318 958 quod
2349 900 2502 947 tuum
2542 895 2752 950 vultum
2787 897 3026 953 viderem
3073 902 3310 965 assidue,
3360 916 3415 958 et
3477 905 3678 959 mortui

2095 980 2390 1037 animatam
2425 998 2700 1042 servarem
2753 987 3066 1059 imaginem,
3128 993 3194 1045 ad
3250 994 3392 1047 illius
3448 995 3677 1059 efﬁgiem

2095 1082 2350 1128 accurate
2382 1090 2718 1144 expreSsam.
2783 1077 3076 1148 Propterea
3123 1096 3247 1136 cum
3305 1098 3455 1138 esses
3499 1087 3679 1140 adhuc

2095 1159 2299 1228 infans,
2323 1173 2378 1218 et
2396 1166 2627 1221 necdum
2669 1168 2815 1238 loqui
2847 1170 3154 1236 didicisses,
3186 1175 3404 1241 quando
3425 1184 3680 1243 parentes

2064 1253 2329 1317 _maxime
2347 1255 2621 1311 delectant
2652 1258 2830 1327 pueri,
2877 1260 3012 1314 mihi
3078 1276 3328 1332 magnam
3398 1265 3679 1332 prmhebas

2068 1347 2550 1421 consolationem.
2580 1350 2742 1420 Atqui
2780 1364 2881 1406 nec
2908 1352 3043 1409 illud
3099 1355 3234 1410 mihi
3267 1357 3510 1425 potueris
3541 1358 3682 1426 obji.

2093 1453 2236 1495 cere.
2262 1440 2409 1508 quod
2437 1440 2758 1496 viduitatem
2797 1443 3020 1512 quidem
3070 1444 3288 1501 fortiter
3344 1447 3676 1504 tulerimus:

2092 1529 2298 1598 patrias
2323 1539 2506 1585 autem
2566 1531 2856 1589 facultates
2909 1534 3005 1589 tibi
3047 1536 3410 1592 minuerimus
3454 1547 3681 1613 propter

2091 1621 2473 1676 necessitatem
2512 1623 2793 1679 viduitatis
2818 1643 2829 1677 :
2851 1626 2992 1695 quod
3024 1627 3245 1696 quidem
3275 1628 3390 1684 scio
3412 1629 3680 1685 accidisse

2092 1711 2301 1776 multis,
2331 1713 2423 1782 qui
2459 1713 2513 1767 in
2537 1714 2823 1770 orbitatem
2865 1716 3192 1772 inciderant.
3218 1717 3353 1775 Nam
3404 1733 3498 1773 eas
3547 1735 3680 1788 quo-

2091 1817 2197 1871 que
2235 1803 2518 1860 universas
2553 1805 2745 1875 reliqui
2777 1806 3108 1875 integras,et
3132 1824 3253 1877 qua:
3278 1809 3547 1864 debebant
3579 1826 3675 1865 ex-

2092 1893 2274 1961 pendi,
2311 1902 2368 1948 ut
2389 1897 2472 1948 vir
2492 1895 2667 1949 bonus
2697 1905 2753 1949 et
2783 1898 2987 1966 probus
3008 1899 3288 1959 evaderes,
3321 1915 3430 1953 nun
3465 1901 3677 1956 cessavi

2091 1999 2151 2037 ea
2186 1999 2253 2038 ex
2294 1985 2452 2049 meis,
2483 1992 2539 2039 et
2569 2001 2706 2055 quas
2735 1987 2897 2041 domo
2933 1988 3114 2052 attuli,
3165 1989 3477 2058 expendere
3507 2005 3674 2058 pecu-

2090 2075 2218 2130 niis.
2247 2076 2359 2131 Nec
2397 2078 2679 2133 existimes
2701 2094 2790 2133 me
2819 2078 2935 2134 haec
2974 2079 3069 2134 tibi
3099 2094 3247 2134 nunc
3274 2080 3457 2135 dicere
3479 2095 3674 2150 expro-

2090 2168 2373 2242 brantenﬁ;
2407 2172 2502 2226 sed
2526 2186 2625 2241 pro
2649 2171 2715 2227 iis
2747 2172 3003 2227 omnibus
3026 2187 3188 2226 unam
3239 2189 3269 2226 a
3303 2182 3354 2227 te
3388 2183 3514 2243 peto
3557 2190 3679 2244 gra-

2091 2262 2242 2328 tiam,
2273 2279 2343 2318 ne
2378 2280 2464 2319 me
2492 2265 2546 2318 in
2582 2265 2879 2320 secundam
2931 2265 3147 2334 injicias
3190 2266 3528 2321 viduitatem.
3568 2266 3678 2323 Sed

2090 2365 2352 2424 exspecta
2377 2371 2556 2411 meum
2590 2358 2896 2411 decessum.
2929 2356 3182 2413 Fortasse
3212 2357 3358 2411 brevi
3400 2366 3522 2427 post
3543 2367 3680 2411 tem-

2091 2463 2225 2518 pore
2253 2449 2534 2504 decedam.
2566 2448 2702 2503 Nam
2730 2464 2855 2519 spes
2886 2448 3109 2518 quidem
3152 2456 3253 2511 est,
3305 2448 3680 2503 adolescentes

2092 2556 2214 2597 esse
2241 2543 2307 2596 ad
2337 2543 2555 2614 longam
2608 2552 2870 2597 venturos
2921 2550 3285 2597 senectutem.
3335 2541 3445 2597 Nos
3497 2551 3678 2595 autem

2090 2634 2182 2705 qui
2206 2635 2618 2698 consenuimus,
2655 2634 2794 2689 nihil
2826 2634 2973 2688 aliud
3008 2649 3172 2704 quam
3219 2643 3448 2688 mortem
3475 2648 3678 2702 exspe—

2090 2735 2322 2780 ctamus.
2358 2725 2587 2792 Quando
2616 2740 2747 2779 vero
2766 2740 2853 2779 me
2888 2736 3045 2779 terra:
3082 2724 3447 2788 mandaveris,
3469 2733 3525 2779 et
3551 2739 3678 2779 cum

2090 2818 2307 2872 ossibus
2336 2818 2507 2888 patris
2554 2816 2633 2871 tui
2663 2816 2972 2881 miscueris,
3023 2816 3214 2887 longas
3242 2817 3475 2891 suscipe
3521 2831 3682 2886 pere-

2090 2910 2445 2981 grinationes,
2479 2917 2537 2964 et
2560 2924 2711 2963 mare
2744 2910 2935 2979 naviga
2985 2909 3353 2978 quodcunque
3408 2908 3675 2963 volueris:

2094 3010 2222 3056 tunc
2252 3002 2433 3055 nullus
2458 3010 2541 3056 est
2566 3002 2966 3072 prohibiturus.
3021 2999 3273 3067 Quaudiu
3331 3009 3512 3055 autem
3562 3002 3677 3071 spi—

405 3092 597 3167 ἐθέλῃς
622 3110 636 3126 ο
671 3096 790 3149 τότε
817 3097 846 3149 ό
872 3097 1132 3151 κωλύσων
1157 3098 1354 3162 οὐδείς.
1389 3100 1531 3164 Ἕως
1567 3100 1611 3154 δ’
1647 3102 1713 3155 ἂν
1732 3105 1982 3170 ἐμπνέω-

2094 3109 2295 3153 ramus.
2330 3094 2905 3149 sustineasnobiscum
2949 3093 3240 3149 habitare:
3287 3108 3467 3163 neque
3505 3095 3676 3149 Deum

410 3200 533 3254 μεν,
565 3187 801 3259 ἀνάσχου
853 3190 952 3259 τὴν
987 3190 1108 3257 μεθ’
1166 3192 1324 3262 ἡμῶν
1362 3193 1599 3262 οἴκησιν,
1635 3197 1769 3266 μηδὲ
1815 3216 1983 3269 προσο

406 3278 645 3349 κρούσῃς
678 3280 755 3350 τῷ
780 3280 919 3354 Θεῷ,
960 3283 1136 3355 μάτην
1166 3285 1259 3337 καὶ
1287 3286 1407 3356 είκῇ
1427 3290 1538 3348 τοῖς
1556 3288 1821 3353 τοιούτοις
1843 3292 1989 3360 ἡμᾶς

406 3365 748 3435 περιϐάλλων
780 3371 970 3432 κακοῖς
1022 3370 1353 3440 ἠδικηκότας
1413 3375 1588 3431 οὐδέν.
1635 3378 1694 3431 Εἰ
1732 3379 1831 3448 μὲν
1881 3382 1990 3452 γάρ

411 3454 557 3526 ἔχεις
584 3459 857 3525 ἐγκαλεῖν,
888 3462 969 3513 ὅτι
988 3462 1048 3514 σὲ
1069 3465 1148 3526 είς
1176 3463 1436 3534 βιωτικάς
1466 3469 1741 3539 περιέλκω
1769 3475 1990 3543 φροντί-

405 3547 524 3612 δας,
558 3550 652 3604 καὶ
677 3551 786 3605 τῶν
831 3555 1179 3625 πραγμάτων
1210 3559 1511 3626 ἀναγκάζω
1545 3563 1854 3633 φροντίζειν
1881 3567 1990 3621 τῶν

408 3639 581 3710 ἐμῶν,
609 3642 683 3713 μὴ
713 3645 840 3708 τοὺς
871 3644 969 3714 τῆς
1001 3646 1217 3713 φύσεως
1243 3648 1468 3716 νόμους,
1521 3655 1595 3723 μὴ
1631 3654 1730 3725 τὴν
1758 3657 1992 3729 ἀνατρο-

411 3733 539 3803 φὴν,
575 3733 650 3805 μὴ
680 3735 777 3806 τὴν
802 3735 1114 3806 συνήθειαν,
1178 3741 1304 3812 μηδ’
1330 3742 1458 3796 ἄλλο
1505 3747 1672 3817 μηδὲν
1697 3749 1987 3816 αἰδεσθεὶς,

409 3825 485 3890 ὡς
541 3826 863 3891 ἐπιϐούλους
913 3830 1081 3900 φεῦγε
1117 3835 1212 3887 καὶ
1254 3835 1566 3906 πολεμίους.
1606 3840 1667 3892 Ei
1715 3841 1772 3894 δὲ
1813 3844 1988 3898 πάντα

411 3919 745 3990 πράττομεν,
789 3920 932 3976 ὥστε
965 3924 1169 3994 πολλήν
1218 3943 1301 3980 σοι
1348 3931 1765 3997 παρασκευάσαι
1796 3934 1989 4004 σχολὴν

409 4012 488 4074 εἰς
515 4014 613 4084 τὴν
632 4013 726 4067 τοῦ
750 4014 870 4085 βίον
893 4016 1084 4071 τούτου
1112 4021 1360 4089 πορείαν,
1385 4024 1435 4074 εί
1463 4022 1558 4076 καὶ
1589 4025 1755 4093 μηδὲν
1776 4026 1987 4095 ἕτερον’

406 4096 561 4169 οὗτος
617 4107 748 4176 γοῦν
814 4108 1098 4174 κατεχέτω
1147 4128 1205 4163 σε
1242 4111 1373 4181 παρ’
1414 4113 1569 4183 ήμῶν
1618 4113 1731 4186 Ιγρ.
1778 4116 1932 4190 ἡμῖν]
1962 4122 1990 4173 ό

404 4200 625 4272 δεσμός.
652 4203 773 4256 Κᾶν
802 4204 912 4274 γὰρ
966 4204 1195 4274 μυρίους
1243 4220 1303 4257 σε
1347 4204 1512 4277 λέγῃς
1542 4206 1740 4274 φιλεῖν,
1765 4208 1875 4261 οὐδ’
1907 4202 1987 4273 εἷς

409 4291 493 4344 σοὶΙ
523 4291 751 4361 παρέξει
778 4296 1049 4363 τοσαύτης
1073 4294 1386 4349 ἀπολαῦσαι
1419 4296 1736 4367 ἐλευθερίας
1757 4317 1771 4330 ·
1799 4300 1988 4370 ἐπειδὴ

413 4384 549 4453 μηδὲ
577 4384 657 4437 ἔτι
677 4404 781 4451 τις,
814 4388 920 4457 ὅτῳ
941 4387 1092 4451 μέλει
1115 4387 1212 4457 τῆς
1247 4392 1347 4459 σῆς
1370 4390 1774 4460 εὐδοκιμήστως
1804 4390 1988 4460 ἐξίσης

2094 3179 2361 3244 oll‘endas,
2390 3196 2491 3236 nos
2526 3192 2730 3237 temere
2756 3183 2809 3235 in
2836 3190 2984 3237 tanta
3025 3182 3165 3237 mala
3211 3182 3535 3252 conjiciens,
3558 3198 3680 3252 quae

2095 3281 2148 3326 te
2176 3273 2320 3326 nulla
2349 3273 2633 3329 all'eeimus
2672 3274 2892 3344 injuria.
2922 3273 3055 3329 Nam
3082 3275 3125 3330 si
3157 3292 3244 3330 me
3272 3275 3491 3343 quidem
3523 3288 3680 3344 poees

2092 3366 2392 3431 criminari,
2419 3368 2564 3437 quod
2590 3376 2641 3423 te
2680 3361 2900 3423 attraho
2934 3369 2985 3423 in
3018 3370 3181 3439 hujus
3231 3370 3354 3425 vitae
3408 3369 3680 3424 sollicitu-

2094 3460 2271 3524 dines,
2304 3470 2522 3530 eteogo
2575 3468 2626 3515 te
2678 3477 2859 3515 rerum
2920 3478 3165 3517 mearum
3215 3476 3403 3518 curam
3450 3476 3676 3529 gerere:

2093 3568 2203 3605 non
2238 3552 2382 3623 leges
2405 3562 2632 3617 naturae,
2663 3569 2775 3607 non
2803 3553 3211 3621 educationem,
3250 3570 3359 3610 non
3397 3554 3680 3610 familiari-

2096 3653 2284 3706 tatem,
2312 3660 2414 3698 nec
2455 3645 2656 3714 aliquid
2716 3646 2955 3713 denique
3005 3646 3154 3699 aliud
3205 3645 3497 3710 reveritus,
3551 3646 3678 3715 fuge

2096 3746 2352 3803 tanquam
2388 3735 2570 3788 hostes
2587 3743 2642 3788 et
2677 3734 3048 3791 insidiatores.
3082 3733 3136 3787 Si
3171 3744 3354 3789 autem
3375 3735 3556 3789 omnia
3598 3735 3677 3790 fa-

2093 3828 2288 3892 cimus,
2329 3836 2388 3880 ut
2417 3843 2671 3898 maguum
2716 3827 2812 3880 tibi
2845 3841 3101 3896 paremus
3137 3827 3308 3881 otium
3369 3827 3438 3881 ad
3484 3826 3587 3881 hoc
3617 3834 3677 3882 ut

2093 3921 2198 3976 hoc
2227 3921 2350 3975 vitae
2373 3921 2476 3975 iter
2500 3920 2847 3990 ingrediaris,
2886 3920 2929 3973 si
2963 3920 3095 3973 nihil
3129 3919 3299 3985 aliud,
3337 3920 3441 3975 hoc
3480 3920 3674 3976 saltem

2096 4024 2147 4069 te
2178 4022 2425 4066 nostrum
2493 4012 2725 4067 retineat
2751 4012 3048 4066 vinculum.
3089 4012 3223 4066 Nam
3257 4013 3360 4067 etsi
3425 4013 3573 4067 dicas
3621 4022 3676 4067 te

2092 4103 2260 4158 amari
2295 4103 2362 4157 ab
2394 4102 2902 4165 innumerabilibus,
2935 4116 3096 4156 nemo
3148 4102 3247 4157 tibi
3294 4103 3576 4171 praebebit,
3606 4110 3677 4157 ‘ut

2095 4205 2240 4250 tanta
2264 4194 2462 4248 fruaris
2493 4194 2762 4248 libertate.
2796 4192 2970 4247 Nemo
2999 4194 3143 4248 enim
3179 4203 3282 4254 est,
3305 4195 3393 4248 cui
3421 4203 3509 4248 tua
3534 4195 3677 4248 bona

2092 4290 2420 4344 existimatio
2460 4287 2529 4342 sit
2559 4302 2712 4357 aeque
2744 4303 2890 4342 curae
2919 4296 3082 4357 atque
3115 4299 3197 4342 est
3223 4288 3380 4342 mihi.
3430 4287 3556 4342 Haec
3587 4303 3678 4342 re-

2095 4381 2203 4436 fert
2238 4381 2420 4451 lingua
2444 4380 2533 4433 illa
2564 4378 2802 4449 egregia.
2838 4386 2893 4432 et
2926 4377 3385 4446 quemadmodum
3442 4376 3679 4432 Basilius

409 4476 554 4546 ἐμοί.
588 4478 775 4532 Ταῦτα
805 4480 839 4549 ἡ
871 4478 1008 4548 καλὴ
1044 4479 1264 4545 διέξεισι
1300 4480 1516 4549 γλῶττα
1537 4498 1551 4512 ⁸
1580 4484 1673 4535 καὶ
1699 4484 1846 4546 ὅπως
1877 4482 1988 4536 Bat-

2098 4474 2317 4535 quidem
2338 4472 2712 4540 subiitjugum
2762 4470 3104 4534 diaconatus,
3160 4484 3385 4539 sperans
3427 4468 3563 4530 fore.
3617 4475 3680 4522 ut

411 4569 609 4635 σίλειος
652 4571 756 4639 μὲν
777 4574 858 4634 εἰς
887 4570 978 4624 τὸν
999 4572 1099 4639 τῆς
1118 4572 1400 4634 διακονίας
1441 4572 1661 4643 ὑπήχθη
1687 4575 1873 4641 ζυγὸν,
1900 4575 1990 4626 καὶ

2092 4578 2215 4618 eum
2239 4563 2463 4616 haberet
2493 4562 2612 4628 ejus
2631 4560 2837 4613 ordinis
2853 4560 3059 4614 socium
3084 4576 3098 4625 ;
3129 4560 3217 4613 ille
3238 4567 3417 4613 autem
3447 4557 3678 4627 gradum

410 4658 572 4714 αὐτὸν
603 4663 858 4716 κοινωνὸν
884 4661 1030 4733 ἔχειν
1069 4664 1296 4725 ἐλπίσας
1328 4665 1431 4734 τῆς
1471 4664 1676 4728 τάξεως
1698 4682 1712 4695 ·
1748 4668 1776 4719 ὁ
1805 4666 1862 4718 δὲ
1896 4664 1989 4718 τὸν

409 4750 615 4823 βαθμὸν
641 4754 901 4823 ὀκνήσας,
927 4756 1022 4808 καὶ
1041 4755 1337 4824 ὑποσχέσει
1376 4754 1565 4807 τοῦτον
1602 4755 1993 4826 παρακρουσά-

2092 4654 2349 4710 dubitans
2379 4652 2675 4721 suscipere.
2715 4651 2941 4720 pulchre
2958 4666 3083 4705 eum
3135 4650 3676 4719 promissoimpellit,

2094 4753 2357 4814 tauquam
2403 4743 2519 4812 ipse
2567 4756 2783 4810 quoque
2817 4742 2928 4809 jam
2976 4741 3194 4795 futurus
3236 4750 3383 4797 esset
3429 4740 3676 4809 ejusdem

411 4861 594 4914 μενος,
635 4845 712 4906 ὡς
737 4847 830 4898 καὶ
859 4847 1023 4911 αὐτὸς
1049 4847 1263 4917 μέλλων
1288 4846 1380 4900 τοῦ
1418 4847 1535 4900 ἴσου
1581 4848 1849 4916 μετέχειν,
1869 4847 1990 4899 τότε

2092 4836 2390 4907 particeps.
2422 4834 2487 4888 Et
2535 4842 2665 4887 tunc
2714 4833 2933 4902 quidem
2976 4840 3198 4888 recusat
3254 4832 3676 4899 ordinationem,

413 4936 511 5007 μὲν
522 4937 803 5003 ἐξίσταται
821 4938 919 5008 τὴν
932 4941 1291 5011 χειροτονίαν.
1305 4942 1688 5011 Χαρισόιμενος
1703 4939 1990 5012 τοιγαροῦν

2093 4935 2273 4990 victus
2300 4946 2329 4984 a
2356 4945 2454 4983 sua
2487 4927 2541 4981 in
2562 4943 2680 4981 eam
2704 4926 3015 4981 reverentia

406 5034 475 5104 τῇ
510 5035 702 5104 μητρὶ,
735 5035 830 5087 καὶ
861 5034 1012 5088 ἄκων
1048 5035 1147 5106 τὴν
1181 5036 1345 5107 μέχρι
1373 5035 1561 5100 τέλους
1606 5035 1865 5105 παρέχων
1910 5030 2280 5107 γηροκομίαν,
2349 5023 2542 5093 ἐπειδὴ
2604 5023 2788 5095 ἐκείνη
2814 5022 2905 5077 τὸν
2934 5022 3046 5093 βίον
3066 5022 3326 5090 ἀπέλιπε,
3358 5020 3678 5093 παραυτίκα

410 5127 566 5197 οὗτος
588 5135 657 5187 τὰ
677 5132 802 5186 ὅσια
827 5131 917 5186 ἐπ’
947 5134 1086 5204 αὐτῇ
1117 5133 1344 5202 δράσας,
1370 5133 1471 5204 τὴν
1500 5133 1611 5187 τῶν
1639 5133 1843 5201 γονέων
1874 5132 2002 5200 ὃλην
2042 5128 2231 5184 οὐσίαν
2270 5123 2537 5195 περιττὴν
2579 5116 2771 5186 οὖσαν»
2800 5121 2961 5190 τριχῆ
2983 5122 3183 5193 διαιρεῖ
3202 5137 3216 5154 ⁸
3243 5122 3336 5174 καὶ
3362 5120 3555 5189 πρῶτα
3578 5120 3679 5189 μὲν

394 5226 662 5294 ίπενήτων
705 5222 915 5278 ἔνδειαν
946 5223 1025 5295 τῷ
1051 5223 1240 5295 χρυσῷ
1280 5223 1611 5293 θεραπεύειο
1668 5224 1792 5278 ὅσαι
1821 5224 1878 5277 δὲ
1908 5223 2019 5277 τῶν
2059 5218 2367 5288 ἐκκλησιῶν
2432 5217 2729 5285 ἐτύγχανον
2790 5215 3159 5280 σπανίζουσαι
3210 5213 3537 5285 κειμηλίων,
3582 5213 3676 5267 τὸν

416 5319 655 5390 ἄργυρον
683 5321 866 5383 αὐτοῖς
896 5319 1170 5390 διανέμει·
1204 5318 1314 5374 τῶν
1359 5318 1417 5373 δὲ
1451 5320 1727 5386 ἀκινήτων
1781 5318 1862 5371 ὅτι
1892 5333 2000 5389 περ
2038 5312 2129 5387 ἦν,
2163 5314 2239 5385 τῷ
2271 5311 2521 5382 δημοσίῳ
2544 5310 2727 5381 φέρων
2761 5307 3067 5381 ἀποκληροῖ
3090 5347 3106 5375 ,
3175 5311 3276 5379 τὴν
3317 5304 3685 5379 ἀπραγμοσύ-

421 5426 519 5478 νην
569 5409 749 5481 ἐαυτῷ
819 5411 1280 5481 περιποιούμενος
1305 5453 1319 5476 ,
1382 5408 1477 5464 καὶ
1518 5409 1676 5478 ὄχλον
1715 5408 1920 5472 παντὸς
1960 5406 2262 5478 φορολόγου
2319 5401 2739 5472 διαδιδράσκων.
2798 5397 2931 5455 Εἶτα
2985 5402 3079 5455 καὶ
3124 5402 3251 5464 τοὺς
3309 5402 3528 5465 οἰκέτας
3582 5402 3685 5469 τῆς

416 5502 665 5568 δουλείας
691 5505 860 5571 ἀνεὶς,
891 5506 1117 5569 καὶτὰς
1170 5505 1308 5576 πρὸς
1350 5505 1412 5557 τὸ
1433 5501 1534 5572 ζῇν
1556 5502 1814 5573 ἀφορμάς
1869 5501 2314 5573 παρασχόμενος,
2349 5494 2412 5550 τὺ
2475 5494 2766 5551 κάλλιστον
2826 5496 3048 5549 πάντων
3094 5492 3275 5562 ἐαυτῷ
3314 5496 3674 5565 συνετήρησε,

417 5602 481 5655 τὸ
515 5602 684 5675 μηδὲν
731 5603 896 5673 ἔχειν,
936 5604 1033 5657 καὶ
1098 5603 1161 5656 τὸ
1201 5600 1432 5671 λυθῆναι
1476 5601 1681 5665 παντὸς
1726 5599 1931 5670 δεσμοῦ
1994 5598 2079 5669 τῷ
2114 5598 2343 5669 παρόντι
2401 5593 2594 5665 κόσμῳ
2636 5591 3020 5659 συνάπτοντος,
3067 5591 3166 5646 καὶ
3194 5589 3332 5644 Θεδν
3386 5589 3511 5675 ἀντὶ
3542 5605 3678 5644 παν·

418 5715 529 5751 των
551 5695 878 5767 πλουτῆσαι,
912 5696 976 5750 τὸ
1009 5696 1277 5768 μακάριον
1299 5697 1468 5761 ὅντως
1495 5698 1682 5765 κτῆμα
1709 5695 1802 5748 καὶ
1825 5694 2209 5764 ἀναφαίρετον.
