4138 6412
1352 290 1384 315 ο

490 330 634 396 1359

1714 318 1998 387 MENSIS
2036 316 2492 388 JANUARIUS.

3607 309 3749 383 1060

559 445 649 501 IV.
672 444 808 501 Cum
840 444 1117 515 aliquanto
1150 451 1329 498 autem
1380 450 1506 513 post
1547 451 1794 513 tempore
1817 443 1904 498 vix
1939 456 2061 498 sus-

2239 444 2311 493 A'.
2343 441 2498 495 Μετά
2524 440 2577 495 δὲ
2615 439 2804 512 χρόνον
2871 456 3014 504 τινα,
3049 431 3149 509 τὴν
3194 435 3545 507 ἀναγνώστου
3589 437 3748 504 τάξιν

486 541 726 610 cepisset
772 537 1021 593 ordinem
1072 535 1313 601 lectoris,
1342 549 1473 590 non-
1503 535 1672 589 libros
1709 550 1896 590 sacros
1924 534 2066 605 lege-

489 633 581 686 bat
602 630 965 695 solummodo,
1024 628 1120 683 sed
1172 628 1336 683 etiam
1385 626 1580 697 Spiritu
1637 626 1919 696 sapientia:
1969 638 2065 680 eos

488 722 970 791 interpretabatur,
995 730 1051 775 et
1094 734 1286 790 magna
1319 720 1470 773 verbi
1524 719 1644 773 luce
1673 729 1728 773 et
1780 720 1925 773 bono
1951 718 2066 772 evi-

488 813 685 868 dentiae
728 813 984 867 utebatur
1037 810 1094 865 in
1148 810 1511 879 expositione.
1563 809 1827 876 Quamvis
1880 818 2063 863 autem

488 913 635 958 tanta
661 910 807 959 esset
828 903 1001 972 gratia
1060 902 1341 971 pra-ditus,
1396 909 1449 956 et
1492 902 1787 955 universus
1833 900 2066 969 p0pulus

488 994 750 1064 penderet
783 993 853 1046 ab
877 993 997 1060 ejus
1023 991 1225 1060 lingua,
1256 1005 1400 1060 :rgre
1424 998 1603 1044 tamen
1641 990 1823 1044 ferens
1868 987 2066 1042 tumul-

484 1093 596 1149 tus,
629 1089 718 1153 qui
739 1086 967 1139 erantin
990 1083 1232 1147 civitate,
1258 1091 1315 1136 et
1331 1082 1509 1136 vitans
1532 1080 1794 1152 quidquid
1823 1080 1957 1135 facit
1997 1079 2065 1134 ad

483 1177 928 1243 ostentationem,
953 1174 1156 1244 utquid
1180 1183 1461 1229 arceretur
1505 1189 1537 1229 a
1571 1174 1867 1234 desiderio.
1918 1172 2067 1242 quod

484 1269 555 1323 ab
578 1268 738 1322 initio
765 1267 949 1321 animo
978 1264 1347 1336 concipiebat,
1378 1266 1522 1336 quod
1555 1273 1678 1321 erat
1708 1266 1811 1321 sub
1845 1263 1958 1320 Deo
1978 1264 2066 1319 vi-

484 1366 695 1420 vere,et
722 1359 775 1414 ei
804 1359 902 1414 soli
934 1356 1052 1414 fieri
1076 1357 1448 1421 manifestum,
1471 1357 1688 1412 tristitia
1706 1355 2062 1422 adiciebatur,

483 1454 808 1523 angebatur.
851 1450 1034 1505 animo
1078 1449 1293 1520 plurimi
1340 1449 1573 1505 faciebat
1614 1448 1985 1513 solitudinem,
2010 1457 2066 1505 et

485 1553 739 1614 tanquam
784 1544 896 1599 illic
942 1543 1270 1597 absconsum
1332 1541 1657 1597 inventurus
1722 1542 2063 1606 thesaurum,

481 1637 549 1691 ad
585 1652 702 1691 eam
725 1636 1033 1690 festinabat.
1068 1635 1203 1689 Cum
1229 1634 1335 1689 hoc
1396 1649 1526 1704 ergo
1579 1634 1765 1688 animo
1799 1640 2064 1697 versaret,

481 1738 790 1799 opportuno
822 1734 1069 1795 tempore
1104 1726 1417 1791 observato,
1442 1726 1644 1796 jubens
1672 1740 1865 1780 omnes
1880 1725 2065 1779 valere

481 1828 767 1890 cognatos,
841 1818 1072 1883 amicos,
1141 1818 1457 1882 familiares,
1554 1818 1779 1889 plausus
1854 1818 2063 1880 civiles.

480 1910 899 1974 ostentationes,
937 1909 1073 1977 quin
1112 1908 1276 1962 etiam
1316 1923 1528 1973 eorum,
1559 1909 1757 1977 quibus
1787 1908 1949 1963 fiebat
1978 1911 2067 1965 in-

476 1997 641 2067 juria,
674 1999 1029 2052 defensiones
1062 2006 1156 2052 :et
1177 2014 1279 2053 nec
1303 1998 1624 2053 viduitatem
1676 1998 1863 2054 matris
1918 2000 2069 2072 ergi-

480 2098 625 2152 tans,
681 2104 784 2141 nec
830 2091 1036 2143 sororis
1083 2103 1270 2144 curam
1313 2099 1591 2159 reputans,
1660 2107 1780 2161 qum
1837 2093 2066 2161 juvenili

479 2194 709 2251 corpore
734 2182 973 2236 subierat
1005 2183 1193 2254 jugum
1224 2182 1570 2253 virginitatis,
1602 2200 1848 2255 opusque
1895 2185 2065 2242 liabe-

481 2274 591 2337 bat,
622 2273 742 2328 utei
781 2274 1073 2343 diligenter
1089 2274 1474 2343 provideretur
1502 2292 1516 2329 :
1540 2285 1704 2346 atque
1730 2278 1868 2331 adeo
1890 2278 2065 2348 ipsam

479 2381 695 2437 quoque
717 2367 936 2421 domum
955 2381 1146 2437 parum
1166 2382 1386 2434 curans,
1406 2367 1589 2424 relicta
1608 2369 1849 2436 civitate,
1867 2370 2068 2425 relictis

479 2457 757 2523 omnibus,
804 2466 918 2513 toto
947 2461 1088 2528 pede
1130 2459 1198 2515 ad
1231 2459 1395 2514 vitam
1451 2460 1687 2529 quietam
1762 2460 2067 2532 transfugit.

551 2547 763 2603 Deinde
793 2565 918 2604 eum
946 2559 1094 2605 esset
1118 2560 1251 2606 aetas
1281 2551 1460 2606 adhuc
1480 2550 1759 2622 juvenilis,
1792 2553 1892 2609 etsi
1923 2564 2069 2610 esset

479 2641 530 2696 ei
559 2656 759 2710 corpus
801 2651 990 2697 natura
1013 2645 1155 2698 male
1212 2643 1465 2698 allectum
1501 2653 1556 2699 et
1588 2643 2064 2711 valetudinarium,

480 2746 537 2787 se
571 2733 732 2787 tradit
763 2733 1135 2800 monasteriis,
1158 2733 1212 2787 in
1253 2734 1456 2803 quibus
1502 2735 1615 2791 vita
1672 2734 1933 2806 agebatur
1977 2750 2067 2790 ac-

479 2825 720 2880 curatior
749 2835 805 2879 et
829 2826 1093 2895 asperior,
1121 2841 1284 2894 quam
1318 2827 1371 2880 in
1396 2826 1517 2880 aliis
1553 2841 1565 2878 :
1633 2836 1687 2881 et
1743 2841 1867 2880 cum
1896 2834 2064 2881 totam

479 2925 686 2971 vestem
713 2916 959 2971 exuisset
990 2932 1114 2971 cum
1138 2918 1407 2987 sapientia
1441 2920 1643 2984 carnis,
1677 2928 1769 2973 aut
1796 2926 1856 2973 ut
1883 2919 2066 2975 verius

480 3008 682 3075 dicam,
736 3008 881 3064 illam
938 3010 1093 3081 prius
1139 3010 1402 3075 exuisset,
1447 3010 1626 3067 induit
1681 3012 1942 3067 amictum
1997 3027 2064 3068 ex

2168 532 2632 601 καταδεξάμενος,
2687 533 2936 602 ούιμόνον
2973 530 3159 594 ἁπλῶς
3219 530 3436 599 ὑπῆρχε
3464 528 3565 592 τὰς
3595 530 3750 601 ίεράς

2171 625 2645 693 ύπαναγινώσκων
2678 624 2919 695 βίϐλους,
2953 624 3090 677 ἀλλά
3113 622 3208 677 καὶ
3249 620 3526 693 πνεύματι
3551 621 3747 691 σοφίας

2169 716 2543 787 διερμηνεύων
2601 716 2794 779 αὑτὰς,
2855 715 2948 768 καὶ
2980 714 3158 786 πολλῷ
3189 714 3267 784 τῷ
3298 714 3439 782 φωτὶ
3470 712 3564 768 τοῦ
3584 713 3747 782 λόγου

2170 808 2300 877 περὶ
2325 809 2424 879 τὴν
2442 806 2704 878 ἐξήγησιν
2733 807 3015 879 χρώμενος
3036 825 3050 839 ·
3084 805 3290 875 καίπερ
3314 805 3372 859 δὲ
3415 804 3558 865 οὕτω
3590 805 3752 876 χάρι-

2168 914 2268 962 τας
2305 898 2466 968 ἔχων,
2516 899 2611 951 καὶ
2645 898 2737 951 τὸν
2767 898 2894 951 λαον
2922 892 3139 952 ἅπαντα
3161 892 3260 967 τῆς
3300 896 3550 965 γλώττης
3576 898 3749 967 ἀνηρ-

2169 989 2429 1059 τημένον,
2463 990 2601 1043 ἀλλά
2639 991 2765 1053 τοὺς
2785 993 2843 1043 ἐν
2883 990 3032 1044 πόλει
3059 990 3429 1060 δυσχεραίνων
3458 983 3743 1061 θορύϐους,

2169 1080 2363 1133 καὶτὸ
2407 1080 2544 1148 πρὸς
2596 1080 2858 1145 ἐπίδειξιν
2910 1076 3060 1135 ἀπαν
3128 1082 3551 1151 περιϊστάμενος
3585 1123 3599 1148 ,
3651 1083 3748 1135 καὶ

2168 1168 2358 1242 ὥσπερ
2380 1165 2449 1242 ἧς
2491 1169 2552 1236 ἐξ
2594 1170 2770 1242 ἀρχῆς
2822 1167 3014 1224 ὤδινεν
3066 1170 3370 1242 ἐπιθυμίας
3401 1172 3745 1242 εἰργόμενος,

2166 1263 2291 1334 ἥτις
2319 1259 2388 1334 ἦν
2419 1263 2524 1317 ὑπὸ
2569 1263 2689 1333 Θεῷ
2720 1263 2850 1334 ζῇψ
2916 1263 3012 1316 καὶ
3052 1259 3227 1334 τούτῳ
3281 1263 3428 1334 μόνῳ
3458 1263 3775 1332 καταφανῆ.

2168 1355 2414 1424 γίνεσθαι
2461 1355 2748 1427 ἤσχαλλεν,
2808 1348 3120 1427 ἐδυσφόρει,
3178 1346 3541 1426 τὴψέρημίαν
3563 1356 3751 1425 ἡγεῖτο

2167 1444 2264 1500 τοῦ
2296 1445 2498 1509 παντὸς
2522 1442 2701 1511 ἀξίαν·
2736 1444 2829 1498 καὶ
2858 1441 3047 1516 ὥσπερ
3083 1445 3201 1498 ἐκεῖ
3238 1445 3608 1516 κεκρυμμένῳ
3639 1443 3750 1498 τινὶ

2173 1535 2383 1609 μέλλων
2426 1540 2741 1608 περιτυχεῖν
2771 1536 3052 1608 θησαυρῷ,
3090 1537 3225 1607 πρὸς
3256 1539 3429 1607 αὐτὴν
3461 1538 3741 1604 ἔσπευδεν,

2169 1627 2346 1692 οὔτως
2391 1629 2485 1682 ἐπὶ
2524 1628 2650 1684 νοῦν
2681 1628 2840 1699 ἔχων,
2869 1631 2961 1683 τὸν
2990 1630 3298 1701 ἐπιτήδειον
3341 1629 3586 1699 φυλάξας
3622 1647 3749 1683 και-

2173 1719 2288 1791 ρὸν,
2318 1721 2450 1774 πᾶσι
2487 1719 2700 1791 χαίρειν
2742 1720 3137 1791 φθεγξάμενος,
3169 1722 3412 1788 οἰκείοις,
3437 1720 3748 1789 συγγενέσι,

2175 1811 2371 1883 φίλοις,
2407 1812 2624 1883 κρότοις
2686 1813 3004 1879 πολιτικοῖς,
3040 1811 3358 1879 ἐπιδείξεσι,
3402 1811 3539 1886 πρὸς
3566 1811 3749 1865 δὲκαὶ

2167 1904 2248 1976 τῷ
2284 1907 2399 1969 τοῖς
2430 1902 2803 1976 ἀδικουμένοις
2839 1906 3185 1976 συνηγορεῖν,
3227 1905 3321 1958 καὶ
3359 1904 3497 1975 μήτε
3542 1904 3749 1976 μητρὸς

2164 1996 2396 2068 χηρείαν
2431 1999 2513 2061 είς
2588 1996 2714 2050 νοῦν
2769 1996 2975 2062 λαϐὼν,
3045 1998 3183 2069 μήτε
3252 1996 3359 2067 μὴν
3411 1997 3747 2066 προστασίαν

2167 2088 2406 2159 ἀδελφῆς
2466 2088 2934 2160 ὑπολογισάμενος
2990 2088 3121 2152 νέας
3179 2087 3262 2142 ἔτι
3310 2084 3507 2160 κομιδῇ
3547 2105 3748 2158 τυγχα-

2162 2180 2389 2252 νούσης,
2419 2181 2513 2234 τὸν
2557 2180 2658 2251 τῆς
2696 2179 2997 2252 παρθενίας
3023 2197 3083 2234 τε
3115 2180 3282 2249 ζυγὸν
3319 2179 3745 2253 ἀναδεξαμένης,

2166 2273 2263 2329 καὶ
2334 2272 2558 2343 πολλῆς,
2586 2272 2664 2336 ὡς
2686 2272 2856 2338 εἰκὸς,
2918 2272 3180 2345 προνοίας
3237 2273 3491 2337 ἐπιδεοῦς
3553 2271 3744 2342 οὔσης,

2172 2364 2374 2436 μᾶλλον
2395 2364 2452 2418 δέ
2478 2364 2575 2419 καὶ
2602 2364 2771 2419 αὐτοῦ
2806 2364 2959 2418 οίκου
2989 2365 3088 2434 τὴν
3126 2363 3450 2437 ἐπιμέλειαν
3484 2365 3564 2428 εἰς
3594 2364 3746 2419 οὐδὲν

2166 2456 2414 2526 θέμενος,
2472 2453 2756 2509 ἀπολιπὼν
2805 2454 2904 2527 τὴν
2952 2452 3128 2522 πόλιν,
3167 2455 3306 2527 πρὸς
3361 2455 3454 2509 τὸν
3521 2454 3747 2527 ἡσύχιον

2168 2546 2485 2617 αὐτομολεῖ.
2520 2539 2655 2600 Εἶτα
2684 2545 2789 2617 τῆς
2840 2545 3059 2618 ἡλικίας
3087 2547 3169 2600 ἐτι
3187 2546 3390 2618 νεαρᾶς
3413 2545 3599 2619 οθσης,
3627 2547 3747 2601 καί·

2168 2655 2254 2691 τοι
2280 2637 2440 2706 φύσει
2470 2635 2565 2690 τοῦ
2590 2636 2840 2707 σώματος
2877 2636 3131 2708 πονήρως
3171 2635 3266 2691 καὶ
3300 2636 3539 2708 νοσερῶς
3600 2634 3751 2708 έχον-

2168 2746 2281 2795 τος,
2318 2730 2428 2792 τοῖς
2456 2727 2843 2800 μοναστηρίοις
2865 2730 2980 2793 τοῖς
3019 2728 3217 2799 μᾶλλον
3256 2729 3362 2782 τῶν
3385 2728 3561 2783 ἄλλων
3585 2730 3748 2800 ἀκρι-

2167 2818 2321 2882 ϐείας
2356 2817 2786 2890 ἐπειλημμένοις
2812 2819 3002 2873 ἑαυτὸν
3032 2818 3235 2886 δίδωσι,
3287 2820 3383 2874 καὶ
3414 2820 3515 2891 τὴν
3541 2818 3747 2890 ἐσθῆτα

2166 2912 2349 2965 πᾶσαν
2393 2900 2599 2974 ἀποδὺς
2661 2909 2802 2981 μετά
2827 2928 2889 2981 γε
2921 2910 3016 2965 τοῦ
3059 2911 3326 2984 σαρκικοῦ
3373 2914 3746 2984 φρονήματος,

2164 3002 2199 3074 ἢ
2229 3000 2628 3074 τάληθέστερον
2686 3004 2887 3065 εἰπεῖν,
2944 3004 3125 3057 ἐκεῖνο
3171 3004 3511 3075 προαποδὺς,
3561 3004 3631 3058 τὰ
3675 3005 3743 3059 ἐκ

479 3100 606 3172 pilis
628 3109 966 3165 contextum,
995 3116 1195 3172 corpus
1245 3102 1423 3158 adhuc
1478 3103 1740 3175 atlligens,
1784 3112 1839 3159 et
1897 3104 2061 3163 veluti

2170 3095 2428 3167 τριχίνων
2474 3096 2773 3169 ὑφάσματα
2830 3098 3244 3168 περιϐάλλεται,
3306 3098 3524 3171 τρύχων
3567 3099 3648 3153 ἐτι
3684 3099 3751 3153 τδ

478 3192 771 3263 quamdam
793 3193 998 3248 nubem
1026 3201 1336 3260 attenuans,
1362 3204 1418 3250 et
1444 3194 1636 3249 lumini
1663 3195 1864 3249 mentis
1919 3210 2062 3266 prte-

480 3276 961 3339 benslibertatem.
996 3283 1296 3339 Maximum
1329 3294 1512 3339 autem
1546 3285 1786 3355 ponebat
1818 3285 2061 3341 studium

482 3376 539 3430 in
568 3375 815 3447 legendis
873 3376 1026 3432 libris
1069 3377 1378 3432 divinarum
1436 3378 1864 3449 Scripturarum.
1905 3378 2060 3446 Quod

481 3466 707 3536 quidem
735 3467 967 3524 faciebat
996 3477 1105 3523 tam
1123 3468 1411 3540 diligenter
1432 3477 1496 3523 ut
1541 3469 1652 3524 vim
1700 3485 1914 3535 eorum,
1942 3486 2064 3541 qua:

483 3557 540 3612 in
562 3558 644 3613 eis
666 3558 875 3625 insunt,
929 3558 1291 3614 nihilominus
1326 3561 1383 3615 in
1439 3570 1625 3616 mente
1675 3561 2059 3632 imprimeret:

483 3648 683 3705 deinde
727 3664 893 3704 manu
918 3650 1135 3720 propria
1163 3659 1220 3706 et
1243 3651 1732 3723 laboredigitorum
1770 3669 1864 3711 eas
1892 3655 2063 3710 inter-

482 3747 813 3808 pretaretur,
839 3747 899 3792 ut
932 3739 1134 3795 dictum
1171 3751 1291 3796 est:
1355 3750 1566 3813 etquae
1619 3752 1749 3799 sunt
1805 3759 2060 3817 compre-

483 3830 659 3887 hensa
685 3831 941 3898 didicilia,
970 3842 1155 3903 aperta
1212 3834 1469 3890 redderet
1492 3837 1784 3893 studiosis:
1817 3846 1872 3893 et
1897 3855 2061 3910 quam

483 3922 813 3982 sententiam
842 3923 957 3992 ipse
984 3924 1279 3997 collegerat
1297 3941 1420 3981 cum
1438 3926 1644 3993 labore,
1673 3929 1941 3998 praeberet
1968 3931 2057 3996 iis,

482 4012 577 4083 qui
612 4013 890 4079 volebant,
907 4014 1282 4083 accipiendam
1309 4015 1447 4071 citra
1496 4017 1667 4075 ullum
1714 4018 1980 4077 laborem.
2002 4021 2061 4077 Si

482 4117 617 4174 ergo
639 4104 875 4174 propriis
933 4104 1216 4162 laboribus
1254 4122 1454 4177 panem
1486 4109 1751 4179 praebere,
1805 4112 2061 4169 conciliat

483 4191 814 4257 mercedem,
845 4193 1151 4250 esurientes
1181 4195 1394 4251 animas
1416 4197 1496 4252 sic
1523 4199 1819 4269 exsatiare,
1843 4213 2062 4273 quanta:

484 4281 831 4339 fueritcausa
866 4287 1369 4344 remunerationis?
1389 4287 1480 4345 Sic
1505 4304 1636 4361 ergo
1660 4290 1873 4348 divinas
1906 4294 2059 4350 Serio

483 4383 676 4449 pturas
709 4374 1102 4447 interpretans,
1124 4378 1323 4437 deinde
1375 4380 1537 4438 etiam
1567 4398 1661 4439 eas
1703 4393 1934 4442 exornat
1970 4403 2057 4453 eo,

2171 3188 2351 3260 σῶμα,
2392 3189 2487 3243 καὶ
2524 3186 2635 3243 οἶόν
2666 3206 2721 3244 τι
2760 3190 2917 3260 νέφος
2948 3189 3361 3258 ἀπολεπτύνων,
3419 3189 3516 3244 καὶ
3544 3189 3624 3263 τῷ
3650 3190 3747 3244 τοῦ

2163 3278 2257 3334 νοῦ
2317 3280 2457 3350 φωτὶ
2518 3280 2779 3350 παρέχων
2845 3272 3185 3353 ἐλευθερίαν.
3231 3280 3437 3350 Ἔργον
3485 3280 3543 3335 δέ
3596 3280 3748 3354 αὐτῷ

2164 3370 2608 3439 σπουδαιότατον,
2658 3372 2767 3427 τῶν
2816 3372 2977 3427 θείων
3005 3372 3238 3446 Γραφῶν
3275 3375 3492 3430 ἐπιέναι
3528 3374 3627 3439 τὰς
3659 3374 3745 3447 βί-

2162 3463 2323 3527 ϐλους
2388 3463 2562 3530 οὕτως
2624 3464 2901 3536 ἐμμελῶς,
2928 3465 3005 3529 ὡς
3037 3467 3192 3523 οὐδὲν
3229 3462 3394 3542 ἦττον
3444 3471 3748 3542 ἐγγράφειν

2162 3558 2229 3628 τῇ
2257 3556 2467 3629 διανοίᾳ
2507 3556 2615 3610 τῶν
2655 3558 2998 3627 ἐγκειμένων
3023 3560 3124 3631 τὴν
3153 3560 3405 3634 δύναμιν,
3438 3565 3531 3617 καὶ
3563 3563 3746 3636 οἰκείᾳ

2162 3650 2309 3721 χειρὶ
2335 3650 2431 3703 καὶ
2476 3641 2721 3721 ’καμάτῳ
2786 3651 3070 3707 δακτύλων
3137 3654 3519 3728 διερμηνεύειν
3549 3657 3745 3722 αὐτὰς,

2162 3744 2354 3817 ὥσπερ
2395 3746 2632 3818 εἴρηται,
2667 3746 2761 3800 καὶ
2789 3749 2935 3819 σαφῆ
2975 3748 3046 3802 τὰ
3076 3748 3363 3822 δύσληπτα
3394 3751 3604 3806 τιθέναι
3632 3754 3748 3816 τοῖς

2163 3838 2490 3909 φιλολόγοις,
2516 3841 2575 3893 ὃν
2604 3855 2663 3894 τε
2689 3841 2854 3906 αὐτὸς
2880 3843 3029 3914 πόνῳ
3083 3843 3337 3910 συνέλεξε
3369 3845 3516 3913 νοῦν,
3556 3845 3746 3901 τοῦτον

2162 3929 2380 3994 ἀπόνως
2437 3929 2709 4003 θηρᾶσθαι
2773 3933 3039 4003 παρέχειν
3077 3936 3191 3998 τοῖς
3259 3933 3630 4007 βουλομένοις.
3680 3936 3744 3989 Εἰ

2161 4021 2255 4077 οὖν
2282 4022 2364 4088 τὸ,
2403 4022 2589 4088 πόνοις
2611 4024 2838 4088 οἰκείοις
2873 4024 3038 4096 ἄρτον
3068 4025 3292 4094 διδόναι,
3322 4027 3518 4099 μισθοῦ
3551 4027 3748 4098 πρόξε-

2163 4130 2273 4177 νον,
2312 4114 2380 4182 τὸ
2409 4112 2591 4185 ψυχάς
2641 4114 2787 4169 οὕτω
2839 4115 3093 4187 τρέφειν,
3154 4119 3331 4189 πόσης
3388 4120 3507 4175 ἐστί
3569 4121 3744 4193 δήπου

2162 4203 2453 4274 παραίτιον
2511 4202 2977 4272 μισθαποδοσίαςς
3034 4208 3206 4280 ταύτῃ
3266 4208 3399 4280 γοῦν
3439 4211 3537 4275 τὰς
3594 4210 3744 4276 θείας

2162 4294 2538 4368 διῳμηνεύων
2595 4296 2842 4368 Γραφάς,
2899 4299 3105 4372 καὶτῷ
3159 4300 3336 4373 ἠθικῷ
3399 4303 3562 4359 πάλιν
3619 4304 3746 4358 ἐπι-

2164 4387 2393 4454 κοσμεῖ⁶
2428 4385 2505 4450 ὡς
2540 4384 2605 4438 τδ
2633 4386 2735 4457 μὲν
2787 4383 2929 4441 εἶναι
2972 4387 3109 4461 πρὸς
3159 4389 3442 4461 φωτισμὸν
3477 4391 3742 4455 διανοίας,

482 4468 626 4538 quod
650 4468 719 4524 ad
752 4483 934 4524 mores
966 4471 1207 4540 pertinet
1232 4488 1248 4526 :
1310 4482 1370 4528 ut
1408 4474 1540 4531 illud
1570 4476 1790 4546 quidem
1816 4490 1964 4535 esset
1992 4481 2059 4536 ad

2164 4475 2226 4531 τδ
2256 4476 2314 4531 δὲ
2346 4476 2482 4548 πρὸς
2505 4476 2655 4547 ἠθῶν
2688 4478 3031 4551 ἐπιμέλειαν.
3065 4481 3137 4535 Ἤ
3170 4481 3372 4551 μᾶλλον
3399 4482 3544 4538 οὕτω
3573 4486 3741 4537 ποιεῖ·

482 4562 682 4619 mentis
712 4562 1187 4633 illumfnationem,
1225 4564 1329 4622 hoc
1353 4575 1531 4624 autem
1556 4569 1620 4624 ad
1636 4585 1848 4625 morum
1876 4587 2061 4627 curam

481 4655 814 4726 gerendam:
849 4665 962 4725 aut,
1014 4656 1058 4711 si
1101 4657 1295 4723 mavis,
1346 4659 1442 4716 illo
1499 4660 1719 4731 quidem
1769 4661 2063 4720 illustraret

481 4747 657 4803 solum
692 4748 911 4804 divitias
936 4749 1180 4821 spiritus,
1211 4766 1333 4822 qua:
1373 4752 1562 4823 jacent
1615 4753 1669 4808 in
1732 4755 2006 4824 profundo
2042 4772 2055 4810 :

482 4838 587 4894 hoc
614 4853 745 4893 vero
770 4841 932 4895 etiam
969 4850 1159 4912 aperte
1192 4842 1508 4910 deduceret,
1550 4845 1750 4915 utejus
1803 4861 2053 4903 essemus

481 4930 795 5000 participes.
837 4931 895 4987 ln
928 4932 1031 4988 hac
1055 4942 1203 5004 grata
1256 4936 1441 5006 quiete
1500 4937 1782 4994 etsilentio
1832 4954 2058 5010 compo-

478 5031 687 5078 nuntur
707 5025 776 5079 ab
813 5041 882 5080 eo
902 5026 1024 5081 libri
1053 5026 1123 5082 de
1142 5028 1449 5084 sacerdotio
1479 5043 1493 5081 :
1526 5028 1583 5083 in
1624 5030 1824 5100 quibus
1853 5040 2057 5102 quanta

478 5114 701 5185 quidem
727 5114 800 5171 sit
826 5116 1066 5187 dignitas
1091 5119 1402 5186 sacerdotii,
1437 5119 1651 5189 qualem
1696 5130 1879 5177 autem
1936 5137 2058 5178 esse

477 5212 729 5276 oporteat
751 5220 903 5271 eum,
921 5208 1015 5277 qui
1037 5206 1143 5263 hoc
1162 5216 1247 5264 est
1276 5210 1552 5282 dignatus,
1596 5223 1849 5268 accurate
1870 5223 2058 5270 osten-

476 5297 579 5356 dit.
612 5296 767 5355 Tunc
795 5300 957 5356 etiam
971 5302 1478 5364 scribitorationem
1510 5305 1579 5360 ad
1604 5307 1895 5376 quamdam
1934 5306 2060 5361 illu-

479 5401 647 5447 strem
672 5391 980 5456 mulierem,
1011 5409 1135 5464 qua:
1192 5396 1356 5466 paulo
1382 5404 1509 5452 ante
1571 5397 1787 5453 viderat
1834 5406 2054 5455 noctem

475 5484 780 5553 viduitatis,
817 5493 876 5541 et
894 5501 1091 5557 magno
1128 5488 1279 5545 luctu
1320 5491 1669 5562 gravabatur,
1717 5505 1836 5547 eam
1861 5490 2055 5546 leniter

475 5588 755 5639 recreans,
788 5581 844 5629 et
915 5575 1216 5633 ostendens
1256 5578 1577 5636 Viduitatem
1628 5595 1741 5635 non
1766 5593 1889 5635 esse
1937 5595 2052 5635 rem

474 5664 639 5720 vilem
662 5673 720 5720 et
740 5664 1005 5735 abiectam
1029 5686 1043 5723 :
1079 5669 1176 5725 sed
1203 5683 1453 5743 magnam
1474 5681 1531 5727 et
1546 5671 1913 5727 venerandam
1931 5684 2052 5727 esse

426 5748 436 5757 κ
475 5750 595 5820 eius
623 5752 963 5825 dignitatem,
998 5772 1228 5829 eamque
1267 5759 1477 5832 magnis
1507 5759 1764 5818 laudibus
1804 5774 1924 5816 esse
1961 5759 2050 5816 di-

2161 4569 2241 4640 τῷ
2271 4568 2370 4641 μὲν
2395 4569 2708 4639 διαφωτίζει
2744 4572 2906 4642 μόνον
2934 4572 3029 4629 τὸν
3066 4577 3459 4647 κεκρυμμένον
3511 4576 3744 4632 πλοῦτον

2161 4661 2257 4716 τοῦ
2301 4661 2640 4733 πνεύματος,
2684 4663 2762 4735 τῷ
2796 4663 2874 4729 δὲ,
2905 4664 3056 4728 ὅπως
3079 4665 3147 4720 ἂν
3196 4668 3292 4720 καὶ
3355 4667 3738 4740 μετάσχωμεν,

2163 4752 2350 4822 σαφῶς
2414 4753 2745 4810 ἐκδιδάσκει.
2794 4754 2885 4810 Ἑν
2951 4755 3125 4830 ταύτῃ
3164 4760 3232 4831 τῇ
3290 4759 3574 4831 φιλησύχῳ
3627 4761 3744 4815 δια-

2163 4847 2343 4914 γωγῇ,
2392 4845 2488 4900 καί
2518 4847 2565 4900 οἰ
2593 4846 2722 4918 περὶ
2750 4846 2849 4917 τῆς
2902 4848 3205 4921 ἱερωσύνης
3235 4850 3385 4921 αὐτῷ
3418 4853 3743 4908 συντάττονο

2159 4953 2250 4990 ται
2282 4935 2454 5006 λόγοιο
2487 4937 2546 4991 ἐν
2567 4934 2650 5002 οἷς
2679 4938 2804 4991 ὅσον
2834 4938 2934 5008 μὲν
2955 4939 3018 4993 τὸ
3038 4940 3137 5010 τῆς
3164 4941 3465 5014 ἱερωσύνης
3498 4942 3737 5016 ἀξίωμα,

2157 5028 2341 5081 ὁποῖον
2363 5027 2423 5082 δέ
2448 5027 2531 5082 δεῖ
2550 5025 2691 5083 εἶναι
2723 5029 2816 5083 τὸν
2849 5031 3171 5103 ἱερωμένον,
3207 5034 3450 5102 ἀκριϐῶς
3474 5036 3737 5091 δείκνυσι.

2158 5119 2293 5172 Τότε
2322 5121 2420 5174 καὶ
2449 5119 2584 5189 πρός
2614 5136 2737 5173 τινα
2773 5119 2885 5175 τῶν
2929 5123 3249 5192 περιφανῶν
3282 5126 3563 5193 γυναικῶν
3580 5127 3741 5196 λόγον

2160 5211 2489 5281 συγγράφει,
2526 5210 2652 5281 ἀρτι
2686 5212 2914 5282 χηρείας
2952 5213 3170 5268 ἰδοῦσαν
3201 5215 3398 5281 νύκτα,
3430 5218 3527 5270 καὶ
3558 5217 3740 5289 πολλῷ

2155 5301 2234 5373 τῷ
2263 5302 2450 5357 πένθει
2492 5304 2700 5375 ταύτης
2731 5304 3132 5379 βαρυνομένην,
3163 5307 3385 5379 ὁμαλῶς
3411 5310 3741 5382 ἀνακτώμε-

2158 5413 2247 5459 νος
2285 5396 2381 5449 καὶ
2429 5397 2666 5462 δεικνὺς,
2706 5397 2790 5451 ὅτι
2820 5397 2896 5470 μὴ
2923 5399 3068 5454 πάνυ
3102 5398 3291 5467 ἄδοξον
3328 5403 3422 5456 καὶ
3476 5404 3739 5459 ταπεινὸν

2157 5487 2191 5556 ἡ
2242 5486 2456 5556 χηρεία,
2521 5487 2658 5540 ἀλλά
2709 5489 2804 5542 καὶ
2843 5491 2990 5559 μέγα
3043 5501 3140 5545 και
3197 5494 3400 5563 σεμνὸν
3463 5496 3633 5568 αὐτῆς
3674 5499 3739 5551 τὸ

2155 5577 2395 5649 ἀξίωμα,
2464 5579 2562 5633 καὶ
2599 5580 2813 5635 πολλῶν
2869 5581 3116 5646 ἀξιοῦται
3144 5584 3255 5640 τῶν
3287 5587 3581 5659 ἐγκωμίων
3609 5589 3645 5658 ἦ
3668 5605 3735 5657 γε

2153 5670 2252 5742 τὴν
2297 5673 2606 5742 συνείδησιν
2668 5673 2957 5744 φυλάξασα
2988 5674 3069 5747 τῷ
3097 5682 3490 5753 κατοιχομένῳ,
3520 5683 3614 5735 καὶ
3655 5681 3737 5752 μὴ

2154 5761 2432 5833 δευτέροις
2472 5763 2670 5835 γάμοις
2717 5764 2916 5837 ἑαυτήν
2939 5781 2999 5820 τε
3021 5765 3216 5839 ἄτιμον
3270 5770 3447 5839 θεῖσα,
3499 5772 3594 5827 καὶ
3628 5770 3728 5844 τῆς
