4138 6418
446 286 580 353 Ῑθὸι

1425 292 1619 357 "-vrrA
1660 298 1721 359 s.
1764 294 2085 358 JOANNIS
2132 296 2691 363 cnuvsosroau.
2736 266 2787 312 “’

3571 278 3715 373 tota

445 403 583 472 πρὸς
632 401 724 455 τὸν
775 399 946 474 ἄνδρα
986 403 1227 474 στοργῆς
1250 400 1740 479 καταψευσαμένη.
1763 403 1900 464 Εἶτα
1932 408 2020 462 καὶ

2131 425 2314 481 gnam,
2339 429 2462 484 qua:
2491 430 2646 469 suam
2682 416 2738 470 in
2771 414 3092 473 defunctum
3117 417 3384 490 integram
3414 437 3710 481 conserva-

437 491 576 564 περὶ
615 490 916 562 παρθενίας
947 489 1121 557 ἄλλως
1145 494 1430 548 συντάττει
1464 494 1688 565 βιϐλίον,
1719 497 2012 551 θεσπέσιόν

428 598 497 638 ’τι
522 585 583 638 τὺ
610 584 807 648 κάλλος
862 585 1035 656 αὐτῆς
1093 585 1189 640 καὶ
1232 587 1472 658 ἄρρητον
1531 588 1624 641 τὸν
1653 586 1858 660 κέσμον
1889 591 2026 643 ἀπο-

440 675 725 730 δεικνύων.
804 675 913 729 Kal
973 676 1280 748 Σταγειρίῳ
1332 677 1387 731 δὲ
1453 677 1647 747 λόγους
1711 681 2023 751 συγγράφει

430 769 585 838 ’φίλῳ
617 767 717 838 μὲν
778 767 937 838 ἀνδρὶ
975 769 1069 821 καὶ
1105 769 1347 840 συνήθει,
1410 771 1627 842 κατόχῳ
1659 771 1715 824 δὲ
1745 773 2023 843 γενομένῳ

443 855 670 928 πονηρῷ
734 855 1026 926 πνεύματι.
1079 858 1153 911 Τὸ
1195 858 1252 912 δὲ
1324 858 1531 928 βιϐλίον
1582 860 1856 932 πρόφασιν
1921 860 2023 932 μὲν

443 949 653 1001 ἐκεῖνον
698 947 1182 1020 λαμϐάνει,’χωρεῖ
1206 950 1262 1003 δὲ
1308 952 1396 1005 διὰ
1442 951 1625 1022 πάσης
1683 951 2022 1020 φιλοσοφίαςο

434 1039 536 1091 καὶ
567 1038 682 1091 ἐστι
714 1038 896 1091 κοινὸν
938 1039 1291 1109 εὐχαριστίας
1325 1042 1420 1096 καὶ
1460 1042 1737 1114 ὑπομονῆς
1768 1042 2024 1098 διδασκᾶ-

439 1133 576 1198 λιον,
597 1133 890 1195 τοσαύταις
914 1133 1247 1206 ’πιθανότησι
1275 1135 1370 1189 καὶ
1400 1137 1671 1205 ἀνάγκαις
1704 1138 2022 1208 ῥητορικαῖς

433 1225 980 1296 συγκεκροτημένον,
1004 1226 1038 1295 ἢ
1073 1226 1276 1296 μᾶλλον
1307 1226 1483 1293 θείαις
1531 1230 1708 1282 εἰπεῖν
1737 1228 1831 1282 καὶ
1862 1247 2024 1283 πνευ-

359 1310 369 1319 ’
432 1317 705 1386 ’μτικαῖς
732 1317 995 1388 ῐχάρισιν,
1028 1317 1105 1383 ὡς
1134 1319 1265 1373 αὐτὸ
1297 1319 1380 1385 τὸ,
1426 1320 1642 1390 δαίμονι
1674 1325 2018 1393 περιπεσεῖν,

430 1407 655 1463 *πείθειν
686 1409 971 1481 ἀγαπητὸν
1001 1411 1275 1480 ἡγεῖσθαι,
1306 1412 1402 1467 καὶ
1427 1412 1696 1484 ὠφελείας
1755 1412 2023 1485 μεγίστης

423 1498 724 1556 ὑπόθεσιν.
753 1501 829 1554 Οὐ
886 1502 994 1572 μὴν
1045 1503 1183 1557 ἀλλὰ
1243 1505 1338 1559 καὶ
1382 1506 1515 1577 περὶ
1550 1505 1899 1572 κατανύξεως
1927 1505 2022 1561 δύο

425 1592 562 1646 τότε
589 1592 740 1663 αὐτῷ
771 1594 1150 1649 συντέθεινται
1199 1596 1385 1665 λόγοι·
1427 1593 1504 1653 ὧν
1537 1600 1566 1653 ὁ
1600 1599 1701 1671 μὲν
1737 1601 1818 1664 εἰς
1839 1599 2021 1671 Δημὴο

439 1698 612 1755 τρτον,
641 1684 829 1757 ἔτερος
857 1686 915 1740 δὲ
944 1688 1024 1750 είς
1076 1686 1361 1759 Στελέχιον
1420 1689 1827 1761 ἐπιγέγραπται
1849 1731 1864 1756 ,
1932 1690 2020 1753 είς

2132 499 2213 553 vit
2240 502 2659 568 conscientiam,
2695 519 2755 559 se
2802 507 3059 562 secundis
3091 509 3303 578 nuptiis
3336 526 3445 566 non
3477 514 3713 570 reddidit

2130 589 2412 657 infamem,
2444 606 2506 649 ut
2529 611 2649 665 qua:
2677 597 3114 655 benevolentiam
3143 602 3367 657 mentita
3387 602 3456 658 sit
3476 605 3529 659 in
3551 608 3713 663 mari-

2135 683 2501 739 tum.Deindc
2538 685 2702 740 etiam
2728 687 2796 741 de
2836 687 3150 757 virginitate
3199 692 3394 746 scribit
3432 693 3596 748 alium
3647 697 3714 750 li-

2133 774 2579 841 hrum,divinam
2630 779 2752 847 ejus
2779 781 3081 835 ostendens
3143 782 3605 850 pulchritudinem
3657 797 3712 842 et

2133 882 2386 938 magnum
2405 870 2524 938 ejus
2550 879 2955 937 ornamentum,
2992 871 3226 943 Stagirio
3260 891 3480 947 quoque
3520 880 3713 934 scribit

2130 958 2387 1028 pulchras
2408 962 2686 1016 orationes
2708 970 2765 1017 et
2794 963 2948 1017 valde
2968 964 3277 1033 praeclaras.
3301 969 3401 1023 Hic
3426 970 3510 1024 vir
3526 986 3573 1023 ei
3588 980 3643 1024 at
3659 971 3711 1026 ei

2130 1049 2290 1105 valde
2331 1050 2616 1106 familiaris
2647 1070 2660 1107 :
2693 1052 2868 1109 fuerat
2894 1062 3074 1109 autem
3105 1072 3440 1125 possessusa
3476 1061 3711 1132 maligno

2130 1139 2401 1208 daemone,
2440 1143 2620 1213 qualia
2663 1153 2793 1198 sunt
2837 1144 2930 1200 Dei
2968 1146 3377 1216 judicia.Liher
3404 1152 3532 1207 iero
3566 1152 3711 1206 illam

2129 1233 2348 1303 quidem
2381 1232 2579 1304 accipit
2607 1235 2881 1291 scribendi
2925 1238 3269 1293 occasionem
3302 1259 3315 1294 :
3361 1256 3460 1311 per
3486 1245 3714 1297 univer-

2130 1338 2246 1378 sam
2279 1331 2464 1379 autem
2512 1325 2761 1395 procedit
2809 1326 3262 1398 philosophiam:
3327 1346 3453 1386 eum
3509 1332 3715 1389 dixeris

2127 1433 2253 1474 esse
2273 1433 2564 1475 commune
2586 1420 2976 1476 documentum
3016 1422 3236 1479 virtutis
3278 1426 3418 1496 grati
3442 1427 3607 1484 animi
3655 1436 3714 1483 et

2129 1510 2529 1574 tolerantiae,ut
2551 1512 2643 1581 qui
2675 1514 3015 1584 compositus
3062 1514 3135 1570 sit
3182 1527 3330 1572 tanta
3382 1518 3439 1573 in
3476 1519 3710 1579 dicendi)

2128 1599 2534 1670 probabilitate,
2572 1611 2678 1656 tam
2709 1604 3005 1675 multisque
3044 1609 3375 1664 necessariis
3405 1611 3709 1667 Rhetorum

2129 1694 2487 1763 argumentis,
2517 1702 2630 1759 aut,
2665 1703 2724 1748 ut
2748 1697 2944 1752 melius
2994 1699 3194 1766 dicam,
3239 1701 3438 1756 divinis
3461 1712 3518 1757 et
3550 1705 3713 1772 spiri-

429 1776 668 1848 ’ἔσχατον
730 1779 1021 1850 ἀκριϐείας
1046 1779 1138 1833 τὸν
1179 1782 1470 1854 φιλάρετον
1514 1785 1896 1848 ἐκπονοῦντες,
1925 1785 2020 1839 καὶ

2127 1781 2328 1836 talibus
2349 1784 2558 1855 gratiis,
2585 1785 2724 1840 adeo
2750 1796 2807 1842 ut
2840 1788 2943 1844 hoc
2975 1790 3152 1859 ipsum
3181 1794 3325 1862 quod
3376 1770 3627 1849 inciderit
3655 1796 3711 1849 in

424 1866 611 1921 δεινὸν
676 1867 879 1940 μύωπα
924 1876 1275 1937 κατανύξεως
1308 1876 1429 1937 ταῖς
1470 1875 1744 1944 φιλοθέοις⁸
1782 1875 2021 1941 ἐνιέντες

417 1958 658 2032 ⁵ιῖιυχοιῖς.
701 1961 865 2016 Ἀλλὰ
908 1964 1139 2030 τούτους
1166 1965 1287 2034 μὲν,
1326 1965 1468 2021 ὥστε
1499 1968 1574 2039 μὴ
1608 1968 1851 2033 πίπτειν,
1916 1987 2022 2042 μη-

420 2052 494 2107 ’δέ
544 2055 664 2119 ταῖς
708 2055 804 2108 τοῦ
864 2059 1105 2129 πονηροῦ
1164 2060 1384 2131 τέχναις
1442 2061 1719 2132 ἁλώσιμον
1770 2063 2021 2132 γίνεσθαι

422 2145 528 2198 ’τὸν
578 2147 824 2214 φιλόθεον
863 2167 874 2181 ·
936 2150 1126 2222 ἓτερον
1148 2152 1207 2207 δὲ
1232 2153 1522 2208 συντάττει
1581 2157 1719 2228 πρὸς
1772 2157 1865 2209 τὸν
1917 2158 2017 2229 ήδη

426 2239 675 2292 ’πεσόντα
714 2281 729 2304 ,
803 2237 901 2297 εἴτ’
956 2237 1051 2298 οὖν
1130 2244 1412 2316 πληγέντα
1477 2246 1623 2318 βέλει
1679 2248 1780 2319 τῆς
1840 2248 2021 2321 ἁμαρ-

435 2330 556 2395 τίας
600 2330 896 2405 (Θεόδωρος
926 2335 1100 2407 ὄνομα
1128 2337 1207 2410 τῷ
1234 2338 1499 2409 πεσόντι),
1546 2338 1689 2394 ὥστε
1740 2339 1816 2410 μὴ
1852 2358 2021 2395 κατα-

439 2424 648 2487 πεσεῖν,
686 2424 808 2496 μηδ’
836 2427 1149 2495 ἀπογνῶναι
1170 2427 1269 2495 τὴν
1299 2429 1596 2500 σωτηρίαν,
1626 2431 1790 2482 οίονει
1824 2429 2019 2497 φιλάν-

436 2512 655 2585 θρωπον
692 2515 840 2586 αὐτῷ
892 2520 1053 2589 χεῖρα
1091 2518 1185 2573 τὸν
1216 2520 1376 2590 λόγον
1405 2520 1726 2592 προτείνων,
1784 2522 1878 2575 καὶ
1906 2522 2021 2575 κεί-

442 2622 605 2675 μενον
636 2607 896 2674 ἀνιστὰς,
957 2610 1051 2663 καὶ
1100 2611 1177 2683 μὴ
1242 2612 1546 2683 συγχωρῶν
1605 2615 1887 2683 ἐπιμεῖναι
1939 2613 2017 2685 τῷ

440 2696 710 2769 πτώματι.
745 2699 887 2753 Ἀλλ’
930 2699 1074 2755 οὕτω
1121 2703 1219 2772 μὲν
1252 2703 1340 2756 διὰ
1369 2703 1480 2757 τῶν
1531 2702 1710 2772 λόγων
1743 2705 2016 2770 ἐδίδασκε,

440 2789 576 2843 πολὺ
605 2790 665 2844 τὸ
695 2790 973 2862 ὠφέλιμον
1007 2792 1146 2863 μετὰ
1192 2793 1286 2847 τοῦ
1318 2794 1477 2865 ἡδέος
1529 2796 1764 2865 ἐχόντων
1788 2809 1803 2825 ⁸
1840 2797 2021 2866 πολλῷ

438 2881 496 2934 δὲ
528 2883 729 2953 μᾶλλον
761 2885 857 2938 καὶ
888 2887 988 2954 τὴν
1009 2884 1118 2939 ἀπὸ
1149 2887 1258 2940 τῶν
1279 2885 1460 2957 ἔργων
1486 2888 1734 2958 προσῆγε
1759 2888 2017 2943 διδασκα-

434 2975 579 3039 λίαν,
618 2977 751 3048 εὒχῇ
789 2978 887 3048 μὲν
908 2978 1322 3049 προσκείμενος.
1392 2981 1487 3034 καὶ
1547 2982 1751 3053 ἀρετὴν
1797 2983 2020 3038 ἃπασαν

438 3067 665 3139 μετιὼν,
700 3067 892 3139 ὥσπερ
922 3070 1231 3140 ἀρχέτυπον
1284 3073 1396 3134 τοῖς
1423 3069 1607 3135 ἄλλοις
1662 3072 1800 3143 πρὸς
1845 3072 2016 3144 αὐτὴν

439 3155 651 3226 μέλλων
681 3155 926 3219 ἔσεσθαι,
979 3157 1492 3229 ταπεινοφροσύνης
1522 3157 1578 3212 δὲ
1616 3158 1790 3223 οὕτως
1821 3163 2017 3232 ἐπιμε-

435 3244 683 3319 λόμενος,
732 3245 920 3319 ὥσπερ
948 3248 1006 3300 ἐν
1031 3247 1209 3319 τούτῳ
1236 3250 1297 3302 τὸ
1333 3251 1603 3320 πρωτεῖον
1634 3249 1781 3321 ἔχειν
1815 3251 2016 3305 ἐθέλων

434 3337 636 3409 τρόπον
667 3336 876 3410 ἕτερον,
907 3339 966 3391 ἐν
991 3338 1068 3408 τῷ
1094 3340 1297 3410 μηδένα
1323 3340 1520 3395 ἑαυτοῦ
1546 3341 1751 3397 τιθέναι
1796 3345 1924 3415 περὶ
1959 3343 2019 3397 τὸ

436 3430 654 3495 εὐτελὲς
693 3430 969 3501 δεύτερον.
1009 3430 1308 3485 Ἀπέταττε
1362 3433 1420 3486 δὲ
1474 3434 1571 3487 καὶ
1621 3434 1786 3507 μέρος
1818 3454 1871 3490 τι
1917 3436 2019 3507 τῆς

435 3522 652 3594 ἡμέρας
668 3521 848 3593 ἐαυτῷ
863 3522 996 3593 πρὸς
1022 3523 1311 3593 ἐπίσκεψιν
1335 3525 1445 3579 τῶν
1460 3525 1782 3591 νοσούντων,
1806 3527 2018 3582 οἴκοθεν

438 3615 541 3687 μὲν
556 3614 784 3678 ἐκείνοις
810 3614 987 3669 πάντα
1010 3614 1290 3685 παρέχων,
1318 3616 1418 3670 ὅσα
1437 3615 1690 3687 δύναμις,
1716 3619 1811 3672 καὶ
1841 3617 2018 3685 οὕτως

435 3709 639 3771 αὐτοὺς
659 3706 1001 3761 ἀνακτᾶσθαι
1039 3706 1358 3773 σπουδάζων
1378 3725 1393 3741 ’
1431 3708 1667 3780 μάλιστα
1695 3712 1752 3764 δὲ
1787 3712 1883 3766 καὶ
1909 3716 2011 3784 τὴν

433 3799 548 3855 ’ἀπὸ
603 3799 714 3853 τῶν
763 3799 941 3869 λόγων
970 3800 1299 3871 προσφέρων
1323 3800 1699 3872 παραμυθίαν,
1725 3803 1822 3856 κα)⁵
1852 3806 2018 3858 παντὶ

439 3893 628 3962 τρόπῳ
679 3891 897 3953 δεικνὺς
926 3894 988 3943 τὸ
1014 3889 1421 3963 φιλάνθρωπον.
1454 3893 1519 3944 Τί
1548 3891 1606 3946 δέ
1633 3909 1647 3955 ;
1682 3911 2016 3967 μετριοφροο

440 3983 606 4057 σύνης
666 3982 766 4054 μὲν
815 3983 991 4037 οὐδενὶ
1019 3983 1081 4037 τὸ
1127 3982 1288 4036 πλέον
1313 3983 1518 4050 ἐδίδου,
1577 3984 1804 4053 ἀγνοίας
1854 3986 1931 4052 δὲ,
1981 3987 2016 4058 ἢ

439 4077 791 4150 ἐγκρατείας,
824 4075 857 4147 ἢ
885 4075 1053 4145 ἄλλης
1098 4074 1208 4128 τῶν
1261 4075 1474 4146 ἀρετῶν
1528 4076 1719 4140 ὁποίας
1740 4118 1756 4143 ,
1794 4076 1945 4132 ἐστιν
1974 4073 2018 4148 ᾧ

437 4154 815 4221 τῶνᾟιπάντων
841 4164 934 4217 τοῦ
954 4163 1197 4224 πλείονος
1224 4161 1555 4229 ὐπεξίστατο
1574 4179 1590 4229 ;
1607 4163 1703 4217 καὶ
1729 4163 1814 4227 τίς
1844 4164 2019 4229 οὕτως

438 4259 545 4324 ἔξω
594 4256 810 4328 θεσμῶν
833 4254 867 4327 ἢ
899 4252 1134 4327 φρενῶν,
1157 4253 1235 4316 ὡς
1260 4252 1553 4307 συνθέσθαι
1584 4253 1665 4324 τῷ
1691 4254 1975 4326 λεγομένῳ
1999 4272 2015 4323 ;

440 4351 581 4422 πλὴν
620 4348 735 4404 ἀλλ’
793 4346 936 4403 οὕτω
978 4346 1078 4417 μὲν
1109 4343 1281 4415 ἀρετὴ
1313 4345 1462 4398 πᾶσα
1497 4343 1575 4416 τῷ
1606 4344 1762 4417 ἀνδρὶ
1798 4345 2018 4416 κατώρ-

2123 1873 2449 1940 daemonem,
2482 1877 2889 1933 existimaretur
2941 1896 3053 1937 non
3110 1899 3232 1939 esse
3282 1887 3709 1943 abominandum

2122 1981 2225 2021 nec
2249 1968 2638 2034 aversandum,
2670 1977 2732 2023 ut
2779 1972 2924 2040 quod
2975 1972 3141 2028 fuerit
3179 1988 3560 2047 argumentum
3598 1995 3712 2031 ma-

2122 2054 2282 2110 sima:
2306 2056 2577 2112 utilitatis.
2605 2057 2759 2113 Tunc
2782 2060 2946 2114 etiam
2966 2064 3252 2132 compositi
3272 2074 3401 2120 sunt
3430 2069 3580 2121 abeo
3598 2068 3707 2122 duo

2123 2147 2244 2203 libri
2269 2149 2812 2220 decompunctione:
2845 2168 3080 2223 quorum
3141 2172 3282 2210 unus
3346 2158 3563 2225 quidem
3603 2157 3710 2213 fuit

2123 2240 2421 2312 inscriptus
2437 2242 2505 2296 ad
2523 2241 2878 2309 Demetrium,
2895 2244 3032 2299 alter
3050 2254 3231 2300 autem
3250 2247 3315 2302 ad
3337 2246 3670 2304 Stelechium
3695 2268 3708 2304 :

2123 2346 2272 2397 eum,
2304 2333 2396 2402 qui
2425 2341 2510 2387 est
2537 2333 2814 2389 studiosus
2844 2335 3086 2399 virtutis,
3133 2340 3542 2395 accuratissime
3591 2342 3707 2395 ela-

2123 2425 2404 2491 borantes,
2429 2434 2487 2481 et
2541 2441 2726 2481 acrem
2789 2426 3070 2483 stimulum
3124 2432 3566 2501 compunctionis
3608 2434 3715 2503 piis

2124 2515 2483 2572 immittentes
2512 2517 2731 2572 animis.
2750 2518 2856 2573 Sed
2893 2519 2995 2574 hos
3018 2521 3238 2591 quidem
3264 2523 3485 2593 scripsit
3515 2525 3707 2583 libros.

2124 2625 2193 2663 ne
2233 2609 2493 2664 caderent
2518 2610 2619 2674 illi,
2646 2610 2713 2669 ad
2746 2626 2883 2681 quos
2912 2612 3098 2682 scripti
3133 2613 3370 2678 fuerant,
3394 2631 3572 2686 neque
3601 2633 3716 2672 ma-

2122 2697 2252 2769 ligni
2287 2698 2496 2768 laqueis
2528 2699 2650 2769 pius
2680 2700 3074 2770 implearetur,
3101 2704 3199 2757 scd
3260 2712 3431 2759 staret
3482 2703 3731 2761 firmitcr'

2123 2792 2177 2845 in
2203 2792 2344 2847 hono
2389 2791 2700 2861 proﬁciens.
2748 2793 2927 2847 Alium
2989 2804 3172 2849 autem
3227 2796 3417 2850 scribit
3458 2797 3526 2852 ad
3561 2812 3711 2865 eum,

2120 2880 2235 2951 qui,
2271 2881 2406 2950 proh
2436 2880 2610 2947 dolor,
2641 2881 2753 2951 jam
2789 2892 2908 2936 erat
2939 2882 3122 2952 lapsus
3145 2899 3240 2939 seu
3266 2900 3560 2955 percussus
3604 2888 3713 2943 telo

2125 2972 2335 3042 peccati
2361 2971 2382 3044 (
2401 2972 2450 3028 ei
2476 2988 2624 3036 vero.
2659 2974 2752 3044 qui
2780 2972 2965 3043 lapsus
2995 2982 3134 3036 erat,
3171 2990 3370 3030 nomen
3404 2975 3509 3031 fuit
3536 2977 3714 3033 Tlieo~

2123 3063 2348 3135 dorus),
2392 3072 2449 3118 ut
2478 3080 2589 3119 non
2613 3065 2946 3130 concideret,
2984 3080 3163 3134 neque
3195 3066 3515 3136 desperaret
3559 3069 3710 3123 salu-

2123 3163 2254 3221 tem,
2280 3168 2536 3226 tanquam
2568 3157 2858 3227 benignam
2918 3172 3142 3212 manum
3177 3157 3227 3212 ei
3256 3158 3541 3231 porrigens
3590 3176 3714 3215 ora-

2121 3243 2349 3310 tionem,
2372 3256 2427 3300 et
2453 3246 2731 3314 jacentem
2757 3246 2997 3317 erigens,
3020 3255 3076 3303 et
3100 3262 3211 3301 non
3269 3251 3601 3315 concedens,
3650 3261 3712 3305 ut

2120 3338 2345 3392 omnino
2382 3320 2734 3408 permaneret
2789 3339 2845 3393 in
2878 3350 3123 3410 peccato.
3186 3340 3293 3396 Sed
3356 3342 3435 3396 sic
3488 3344 3710 3413 quidem

2120 3442 2238 3488 erat
2258 3433 2376 3505 ejus
2400 3449 2497 3503 per
2517 3433 2684 3488 libros
2702 3433 2976 3498 doctrina,
3000 3448 3124 3489 cum
3153 3433 3430 3504 voluptate
3460 3451 3710 3508 magnam

2121 3526 2331 3582 habens
2375 3526 2689 3582 utilitatem.
2743 3526 2913 3581 Multo
2963 3537 3149 3581 autem
3201 3528 3372 3598 magis
3426 3542 3493 3582 ex
3554 3529 3713 3585 factis

2119 3621 2369 3676 adhibuit
2397 3619 2724 3683 doctrinam,
2754 3626 2814 3672 ut
2853 3619 2947 3688 qui
2980 3627 3247 3688 perpetuo
3275 3619 3498 3690 quidem
3541 3637 3706 3676 vaca-

2120 3719 2205 3766 ret
2231 3710 2486 3776 orationi,
2521 3719 2577 3764 et
2601 3724 2819 3763 omnem
2848 3717 3135 3762 exerceret
3181 3707 3463 3769 virtutem.
3493 3708 3562 3763 ad
3591 3724 3707 3763 eam

2121 3803 2341 3859 futurus
2371 3802 2491 3855 aliis
2521 3811 2778 3870 tanquam
2809 3799 3112 3869 exemplar.
3163 3799 3542 3855 Humilitatem
3574 3813 3710 3853 vero

2121 3897 2195 3951 ita
2225 3902 2344 3951 erat
2368 3893 2674 3963 amplexus,
2711 3900 2966 3961 tanquam
2997 3891 3052 3945 in
3085 3906 3148 3947 ea
3178 3891 3287 3946 alio
3340 3890 3501 3945 modo
3548 3890 3711 3945 vellet

2119 3988 2322 4060 primas
2356 3994 2538 4057 partes
2569 3984 2823 4039 obtinere
2865 3982 2919 4036 in
2956 3997 3045 4050 eo,
3086 3982 3233 4053 quod
3266 3982 3400 4036 nulli
3434 3980 3524 4036 alii
3551 3981 3712 4036 cede-

2120 4089 2205 4135 rct
2229 4087 2533 4135 extremum
2580 4077 2847 4132 omnium.
2906 4073 3123 4130 Partem
3172 4088 3390 4145 quoque
3440 4072 3549 4127 dici
3607 4073 3711 4128 sibi

2120 4171 2414 4243 deputabat
2457 4171 2525 4225 ad
2581 4170 2837 4225 visendos
2886 4176 3139 4241 aegrotos,
3192 4181 3224 4222 e
3288 4167 3452 4221 domo
3491 4164 3709 4235 quidem

2119 4263 2303 4319 omnia
2339 4262 2445 4316 illis
2478 4260 2729 4331 praebens
2757 4275 2854 4331 pro
2873 4260 3103 4326 viribus,
3123 4257 3359 4313 maxime
3378 4265 3561 4311 autem
3579 4270 3712 4310 con-

2121 4353 2441 4409 solationem
2475 4350 2556 4406 eis
2577 4351 2818 4406 alferens
2842 4348 3093 4405 oratione
3122 4355 3180 4403 et
3217 4346 3476 4402 omnibus
3531 4344 3712 4401 modis

438 4442 583 4498 θωτο
631 4444 882 4514 κρεῖττον
918 4440 954 4509 ἢ
983 4437 1127 4494 κατὰ
1184 4436 1421 4509 μίμησιν
1453 4452 1467 4467 ⁸
1518 4437 1689 4491 ταῦτα
1715 4437 1771 4491 δὲ
1805 4439 1898 4492 καὶ
1942 4439 2018 4503 ὡς

2124 4445 2202 4500 eis
2227 4443 2523 4499 ostendens
2547 4441 2963 4514 benignitatem.
2998 4439 3140 4507 Quid
3162 4447 3345 4494 autem
3378 4438 3402 4491 ?
3447 4435 3712 4491 Modestia

440 4536 696 4605 ἐξαίρετα
730 4534 906 4603 τούτῳ
921 4532 1172 4601 νέμουσι,
1202 4529 1267 4583 τὸ
1298 4530 1435 4600 μήτε
1481 4528 1646 4583 αὑτὸν
1669 4529 2019 4601 ὀμωμοκέναι

445 4629 583 4701 μετὰ
611 4626 672 4680 τὸ
695 4623 1001 4695 ἀποστῆναι
1047 4623 1280 4692 κόσμου,
1357 4617 1489 4690 μήθ’
1532 4620 1707 4691 ἑτέρῳ
1734 4620 1826 4674 τὸν
1859 4621 2024 4690 ὅρκον

441 4720 767 4789 ἐπαγαγεῖν,
793 4716 857 4770 τὸ
886 4714 961 4785 μὴ
1019 4714 1274 4785 κατερεῖν
1315 4727 1482 4777 τινος,
1504 4709 1567 4764 τὸ
1598 4710 1673 4781 μὴ
1694 4710 2022 4781 ψεύσασθαι,

440 4812 503 4867 τὸ
539 4811 614 4884 μὴ
641 4806 1022 4882 ἐπαρᾶσασθαι
1080 4803 1295 4877 μηδενὶ,
1324 4801 1387 4856 τὸ
1418 4803 1609 4857 ἀστεῖα
1670 4805 1808 4874 μήτε
1862 4804 2026 4858 αὐτὸν

444 4901 805 4976 φθέγξασθαι,
860 4900 1000 4971 μήτε
1027 4897 1190 4951 ἄλλου
1211 4894 1467 4964 λέγοντος
1494 4894 1849 4965 ἀνασχέσθαι.
1886 4896 2024 4950 Φασὶ

442 4999 499 5054 δὲ
523 4996 686 5053 αὐτὸν
713 4996 808 5050 καὶ
839 4991 936 5046 τοῦ
969 4988 1141 5045 ὕπνου
1173 4989 1314 5043 κατὰ
1352 4987 1446 5041 τὸν
1480 4986 1672 5059 καιρὸν
1701 4987 1800 5058 τῆς
1832 4988 2024 5058 χρείας

443 5090 588 5145 οὕτω
612 5086 926 5158 τυγχάνειν.
960 5083 1180 5155 Σχοῖνος
1208 5078 1431 5134 καθεῖτο
1460 5078 1668 5134 ἄνωθεν
1698 5078 1807 5132 τῶν
1836 5078 2023 5149 ἄκρων

443 5183 789 5253 ἐκδεδεμένη,
831 5176 918 5247 ἐφ’
1055 5176 1153 5237 τας
1203 5189 1264 5226 τε
1294 5175 1481 5245 χεῖρας
1516 5173 1613 5228 καὶ
1662 5170 1761 5244 τὴν
1812 5166 2026 5244 ὖπήνην

446 5273 744 5345 ἐπερείδων
786 5270 971 5336 αὐτὸς,
1009 5265 1270 5340 βραχείας
1313 5266 1459 5328 τινὸς
1510 5266 1607 5320 καὶ⁷
1662 5266 1723 5318 οὗ
1774 5263 2024 5335 βεϐαίας,

449 5365 561 5418 ἀλλ’
606 5360 717 5418 οἷον
764 5362 883 5436 [γρ.
917 5360 1029 5433 οῖα]
1064 5357 1523 5431 παρεψευσμένης
1566 5360 1667 5429 τῆς
1709 5357 2028 5429 καταφορᾶς

454 5455 880 5527 μετελάμϐανεν.

2120 4536 2362 4607 quidem,
2395 4544 2455 4589 ut
2483 4534 2748 4597 diximus,
2777 4534 3005 4588 cedebat
3041 4529 3251 4586 nemini
3286 4545 3303 4584 :
3357 4528 3414 4583 in
3461 4528 3712 4583 castitate

2123 4642 2253 4681 vero
2275 4635 2371 4680 aut
2415 4625 2761 4680 continentia
2792 4632 2887 4678 aut
2910 4623 3014 4677 alia
3062 4621 3269 4676 virtute
3299 4629 3384 4674 est
3418 4634 3484 4674 ex
3527 4619 3711 4674 omni-

2123 4717 2227 4774 bus
2249 4717 2469 4787 altquis.
2492 4716 2582 4772 cui
2605 4715 2870 4772 cederet?
2893 4713 2959 4768 Et
2978 4713 3102 4783 quis
3136 4712 3288 4766 illum
3316 4711 3402 4765 vel
3429 4710 3567 4765 adeo
3601 4724 3711 4764 non

2123 4808 2298 4874 novit,
2328 4807 2411 4864 vel
2450 4805 2628 4862 nescit
2673 4820 2794 4861 esse
2844 4819 3029 4869 verax,
3090 4811 3147 4857 ut
3185 4803 3233 4857 ei
3285 4802 3433 4872 quod
3489 4801 3709 4869 dicitur,

2128 4900 2620 4973 assentiatur(6)?
2675 4899 2783 4954 Sed
2833 4899 2912 4954 sic
2956 4898 3175 4967 quidem
3248 4895 3338 4951 ille
3369 4909 3430 4950 se
3483 4893 3713 4965 pulchre

2126 4996 2295 5065 gessit
2326 4993 2382 5047 in
2429 4992 2578 5047 omni
2603 4992 2823 5056 virtute,
2854 4989 3049 5045 melius
3079 5003 3242 5059 quam
3293 4998 3354 5042 ut
3413 5002 3537 5042 eum
3586 4984 3712 5056 quis

2126 5095 2313 5155 posset
2343 5085 2566 5140 imitari.
2601 5085 2775 5140 Porro
2833 5093 3018 5138 autem
3053 5082 3172 5137 haec
3227 5096 3443 5152 quoque
3494 5080 3569 5135 illi
3615 5079 3714 5134 tri-

2125 5176 2301 5231 buunt
2335 5186 2592 5248 tanquam
2642 5177 2860 5239 eximia,
2887 5176 3031 5246 quod
3089 5189 3265 5244 neque
3315 5173 3433 5243 ipse
3471 5187 3710 5242 unquam

2124 5267 2413 5340 juraverit,
2438 5279 2725 5341 postquam
2756 5268 2967 5339 aufugit
2997 5283 3027 5322 a
3082 5267 3287 5321 mundo
3320 5280 3336 5320 :
3398 5279 3577 5335 neque
3616 5263 3710 5317 ulli

2123 5359 2507 5435 jusjurandum
2557 5359 2837 5423 detulerit,
2888 5359 3024 5413 nulli
3068 5357 3389 5422 detraxerit,
3432 5371 3711 5426 nunquam

2128 5449 2200 5506 sit
2226 5450 2512 5515 mentitus,
2545 5450 2679 5505 nulli
2705 5451 2777 5505 sit
2810 5452 2950 5506 male
2977 5460 3255 5522 precatus.
3273 5449 3449 5505 faceta
3465 5464 3530 5504 ac
3557 5465 3714 5503 scur-

451 5549 569 5605 rilia
606 5564 787 5620 neque
810 5549 930 5621 ipse
961 5548 1031 5605 sit
1059 5547 1295 5618 locutus,
1335 5558 1516 5614 neque
1582 5543 1748 5599 alium
1791 5544 2065 5607 dicentem
2107 5543 2452 5600 sustinuerit.
2527 5541 2724 5600 Dicunt
2765 5550 2946 5598 autem
2998 5543 3177 5614 ipsum
3251 5556 3467 5614 quoque
3510 5540 3717 5596 medio-

521 5706 599 5779 (6)
638 5707 715 5764 al.
742 5705 904 5775 Quod
936 5705 1157 5773 dicitur,
1176 5709 1240 5759 ut
1268 5706 1316 5760 ei
1343 5718 1449 5759 non
1480 5718 1592 5759 ass.
