  <div class='ocr_page' id='page_1' title='image "/cluster/home/n/w/nwhite01/storage/ocr_20150623/114:no.1/coo.31924054870187/539.png"; bbox 0 0 4138 6444; ppageno 0'>
   <div class='ocr_carea' id='block_1_1' title="bbox 436 330 579 393">
    <p class='ocr_par' dir='ltr' id='par_1_1' title="bbox 436 330 579 393">
     <span class='ocr_line' id='line_1_1' title="bbox 436 330 579 393; baseline 0 0"><span class='ocrx_word' id='word_1_1' title='bbox 436 330 579 393; x_wconf 52' lang='grc'><strong>1963</strong></span> 
     </span>
    </p>
   </div>
   <div class='ocr_carea' id='block_1_2' title="bbox 1677 330 2460 401">
    <p class='ocr_par' dir='ltr' id='par_1_2' title="bbox 1677 330 2460 401">
     <span class='ocr_line' id='line_1_2' title="bbox 1677 330 2460 401; baseline 0.009 -9"><span class='ocrx_word' id='word_1_2' title='bbox 1677 332 1954 394; x_wconf 85' lang='lat' dir='ltr'><strong>MENSIS</strong></span> <span class='ocrx_word' id='word_1_3' title='bbox 1997 330 2460 401; x_wconf 80' lang='lat' dir='ltr'><strong>JANUARIUS.</strong></span> 
     </span>
    </p>
   </div>
   <div class='ocr_carea' id='block_1_3' title="bbox 3566 338 3707 407">
    <p class='ocr_par' dir='ltr' id='par_1_3' title="bbox 3566 338 3707 407">
     <span class='ocr_line' id='line_1_3' title="bbox 3566 338 3707 407; baseline -0.021 -2"><span class='ocrx_word' id='word_1_4' title='bbox 3566 338 3707 407; x_wconf 73' lang='grc' dir='ltr'><strong>10θὰ</strong></span> 
     </span>
    </p>
   </div>
   <div class='ocr_carea' id='block_1_4' title="bbox 434 450 3709 531">
    <p class='ocr_par' dir='ltr' id='par_1_4' title="bbox 434 450 3709 531">
     <span class='ocr_line' id='line_1_4' title="bbox 434 450 3709 531; baseline 0.002 -24"><span class='ocrx_word' id='word_1_5' title='bbox 434 465 584 507; x_wconf 86' lang='lat' dir='ltr'><strong>crem</strong></span> <span class='ocrx_word' id='word_1_6' title='bbox 610 463 863 505; x_wconf 83' lang='lat' dir='ltr'><strong>somnum</strong></span> <span class='ocrx_word' id='word_1_7' title='bbox 893 450 1215 520; x_wconf 87' lang='lat' dir='ltr'><strong>sumpsisse,</strong></span> <span class='ocrx_word' id='word_1_8' title='bbox 1236 464 1360 506; x_wconf 90' lang='lat' dir='ltr'><strong>cum</strong></span> <span class='ocrx_word' id='word_1_9' title='bbox 1397 459 1544 506; x_wconf 82' lang='lat' dir='ltr'><strong>esset</strong></span> <span class='ocrx_word' id='word_1_10' title='bbox 1572 465 1713 519; x_wconf 89' lang='lat' dir='ltr'><strong>opus</strong></span> <span class='ocrx_word' id='word_1_11' title='bbox 1745 469 1760 505; x_wconf 89' lang='lat'><strong>:</strong></span> <span class='ocrx_word' id='word_1_12' title='bbox 1817 451 1897 506; x_wconf 89' lang='lat' dir='ltr'><strong>sic</strong></span> <span class='ocrx_word' id='word_1_13' title='bbox 1941 458 2127 506; x_wconf 87' lang='lat' dir='ltr'><strong>autem</strong></span> <span class='ocrx_word' id='word_1_14' title='bbox 2193 453 2497 524; x_wconf 83' lang='lat' dir='ltr'><strong>sumpsisse</strong></span> <span class='ocrx_word' id='word_1_15' title='bbox 2531 469 2545 507; x_wconf 89' lang='lat'><strong>:</strong></span> <span class='ocrx_word' id='word_1_16' title='bbox 2607 453 2762 509; x_wconf 88' lang='lat' dir='ltr'><strong>funis</strong></span> <span class='ocrx_word' id='word_1_17' title='bbox 2795 470 2863 511; x_wconf 81' lang='lat' dir='ltr'><strong>ex</strong></span> <span class='ocrx_word' id='word_1_18' title='bbox 2911 456 3025 512; x_wconf 85' lang='lat' dir='ltr'><strong>alto</strong></span> <span class='ocrx_word' id='word_1_19' title='bbox 3082 454 3494 526; x_wconf 83' lang='lat' dir='ltr'><strong>demittebatur,</strong></span> <span class='ocrx_word' id='word_1_20' title='bbox 3518 458 3709 531; x_wconf 80' lang='lat' dir='ltr'><strong>alliga-</strong></span> 
     </span>
    </p>
   </div>
   <div class='ocr_carea' id='block_1_5' title="bbox 435 545 3710 624">
    <p class='ocr_par' dir='ltr' id='par_1_5' title="bbox 435 545 3710 624">
     <span class='ocr_line' id='line_1_5' title="bbox 435 545 3710 624; baseline 0.003 -25"><span class='ocrx_word' id='word_1_21' title='bbox 435 546 957 601; x_wconf 79' lang='lat' dir='ltr'><strong>tusextremiszcui</strong></span> <span class='ocrx_word' id='word_1_22' title='bbox 979 554 1035 599; x_wconf 87' lang='lat' dir='ltr'><strong>et</strong></span> <span class='ocrx_word' id='word_1_23' title='bbox 1059 545 1315 600; x_wconf 87' lang='lat' dir='ltr'><strong>manibus</strong></span> <span class='ocrx_word' id='word_1_24' title='bbox 1371 555 1428 601; x_wconf 91' lang='lat' dir='ltr'><strong>et</strong></span> <span class='ocrx_word' id='word_1_25' title='bbox 1455 546 1623 600; x_wconf 84' lang='lat' dir='ltr'><strong>barba</strong></span> <span class='ocrx_word' id='word_1_26' title='bbox 1685 547 1803 616; x_wconf 89' lang='lat' dir='ltr'><strong>ipse</strong></span> <span class='ocrx_word' id='word_1_27' title='bbox 1840 546 2107 613; x_wconf 83' lang='lat' dir='ltr'><strong>innitens,</strong></span> <span class='ocrx_word' id='word_1_28' title='bbox 2148 548 2438 616; x_wconf 81' lang='lat' dir='ltr'><strong>quemdam</strong></span> <span class='ocrx_word' id='word_1_29' title='bbox 2472 549 2769 616; x_wconf 89' lang='lat' dir='ltr'><strong>modicum,</strong></span> <span class='ocrx_word' id='word_1_30' title='bbox 2820 568 2999 622; x_wconf 87' lang='lat' dir='ltr'><strong>neque</strong></span> <span class='ocrx_word' id='word_1_31' title='bbox 3064 553 3243 624; x_wconf 91' lang='lat' dir='ltr'><strong>ipsum</strong></span> <span class='ocrx_word' id='word_1_32' title='bbox 3305 553 3543 619; x_wconf 77' lang='lat' dir='ltr'><strong>ﬁrmum,</strong></span> <span class='ocrx_word' id='word_1_33' title='bbox 3612 555 3710 611; x_wconf 90' lang='lat' dir='ltr'><strong>sed</strong></span> 
     </span>
    </p>
   </div>
   <div class='ocr_carea' id='block_1_6' title="bbox 435 637 1807 709">
    <p class='ocr_par' dir='ltr' id='par_1_6' title="bbox 435 637 1807 709">
     <span class='ocr_line' id='line_1_6' title="bbox 435 637 1807 709; baseline 0.001 -16"><span class='ocrx_word' id='word_1_34' title='bbox 435 637 767 693; x_wconf 84' lang='lat' dir='ltr'><strong>imbecillum</strong></span> <span class='ocrx_word' id='word_1_35' title='bbox 803 646 858 692; x_wconf 94' lang='lat' dir='ltr'><strong>et</strong></span> <span class='ocrx_word' id='word_1_36' title='bbox 878 638 1201 693; x_wconf 76' lang='lat' dir='ltr'><strong>ementitum</strong></span> <span class='ocrx_word' id='word_1_37' title='bbox 1233 640 1508 694; x_wconf 88' lang='lat' dir='ltr'><strong>somnium</strong></span> <span class='ocrx_word' id='word_1_38' title='bbox 1533 641 1807 709; x_wconf 81' lang='lat' dir='ltr'><strong>gustabat.</strong></span> 
     </span>
    </p>
   </div>
   <div class='ocr_carea' id='block_1_7' title="bbox 507 727 2031 807">
    <p class='ocr_par' dir='ltr' id='par_1_7' title="bbox 507 731 2030 807">
     <span class='ocr_line' id='line_1_7' title="bbox 507 731 2030 807; baseline 0.001 -20"><span class='ocrx_word' id='word_1_39' title='bbox 507 731 574 788; x_wconf 77' lang='grc' dir='ltr'><strong>ν.</strong></span> <span class='ocrx_word' id='word_1_40' title='bbox 607 734 741 787; x_wconf 83' lang='lat' dir='ltr'><strong>Cum</strong></span> <span class='ocrx_word' id='word_1_41' title='bbox 761 732 840 787; x_wconf 90' lang='lat' dir='ltr'><strong>sic</strong></span> <span class='ocrx_word' id='word_1_42' title='bbox 858 734 1022 787; x_wconf 88' lang='lat' dir='ltr'><strong>vitam</strong></span> <span class='ocrx_word' id='word_1_43' title='bbox 1063 742 1270 803; x_wconf 78' lang='lat' dir='ltr'><strong>ageret,</strong></span> <span class='ocrx_word' id='word_1_44' title='bbox 1301 735 1457 791; x_wconf 92' lang='lat' dir='ltr'><strong>valde</strong></span> <span class='ocrx_word' id='word_1_45' title='bbox 1506 736 1727 807; x_wconf 88' lang='lat' dir='ltr'><strong>quidem</strong></span> <span class='ocrx_word' id='word_1_46' title='bbox 1777 735 2030 791; x_wconf 85' lang='lat' dir='ltr'><strong>studebat</strong></span> 
     </span>
    </p>
   </div>
   <div class='ocr_carea' id='block_1_8' title="bbox 2136 727 3708 807">
    <p class='ocr_par' dir='ltr' id='par_1_8' title="bbox 2208 727 3708 807">
     <span class='ocr_line' id='line_1_8' title="bbox 2208 727 3708 807; baseline 0.005 -24"><span class='ocrx_word' id='word_1_47' title='bbox 2208 729 2286 787; x_wconf 84' lang='lat' dir='ltr'><strong>E&#39;.</strong></span> <span class='ocrx_word' id='word_1_48' title='bbox 2317 727 2475 783; x_wconf 86' lang='grc' dir='ltr'><strong>Οῦτω</strong></span> <span class='ocrx_word' id='word_1_49' title='bbox 2508 731 2748 800; x_wconf 76' lang='grc' dir='ltr'><strong>μετιόντι</strong></span> <span class='ocrx_word' id='word_1_50' title='bbox 2771 731 2861 785; x_wconf 65' lang='grc' dir='ltr'><strong>τὸν</strong></span> <span class='ocrx_word' id='word_1_51' title='bbox 2892 732 3007 803; x_wconf 77' lang='grc' dir='ltr'><strong>βίον</strong></span> <span class='ocrx_word' id='word_1_52' title='bbox 3036 734 3222 788; x_wconf 89' lang='grc' dir='ltr'><strong>λαθεῖν</strong></span> <span class='ocrx_word' id='word_1_53' title='bbox 3249 736 3349 804; x_wconf 79' lang='grc' dir='ltr'><strong>μὲν</strong></span> <span class='ocrx_word' id='word_1_54' title='bbox 3384 737 3532 807; x_wconf 83' lang='grc' dir='ltr'><strong>αὐτῷ</strong></span> <span class='ocrx_word' id='word_1_55' title='bbox 3589 738 3708 792; x_wconf 83' lang='grc' dir='ltr'><strong>δια-</strong></span> 
     </span>
    </p>
   </div>
   <div class='ocr_carea' id='block_1_9' title="bbox 435 824 2020 897">
    <p class='ocr_par' dir='ltr' id='par_1_9' title="bbox 435 824 2020 897">
     <span class='ocr_line' id='line_1_9' title="bbox 435 824 2020 897; baseline 0.001 -20"><span class='ocrx_word' id='word_1_56' title='bbox 435 824 625 889; x_wconf 87' lang='lat' dir='ltr'><strong>latere,</strong></span> <span class='ocrx_word' id='word_1_57' title='bbox 651 833 707 878; x_wconf 90' lang='lat' dir='ltr'><strong>et</strong></span> <span class='ocrx_word' id='word_1_58' title='bbox 737 824 1010 879; x_wconf 87' lang='lat' dir='ltr'><strong>neminem</strong></span> <span class='ocrx_word' id='word_1_59' title='bbox 1034 825 1256 890; x_wconf 88' lang='lat' dir='ltr'><strong>habere,</strong></span> <span class='ocrx_word' id='word_1_60' title='bbox 1283 825 1375 896; x_wconf 86' lang='lat' dir='ltr'><strong>qui</strong></span> <span class='ocrx_word' id='word_1_61' title='bbox 1427 836 1573 882; x_wconf 88' lang='lat' dir='ltr'><strong>esset</strong></span> <span class='ocrx_word' id='word_1_62' title='bbox 1599 826 1717 897; x_wconf 88' lang='lat' dir='ltr'><strong>ejus</strong></span> <span class='ocrx_word' id='word_1_63' title='bbox 1746 827 2020 882; x_wconf 88' lang='lat' dir='ltr'><strong>conscius.</strong></span> 
     </span>
    </p>
   </div>
   <div class='ocr_carea' id='block_1_10' title="bbox 438 915 2024 987">
    <p class='ocr_par' dir='ltr' id='par_1_10' title="bbox 438 915 2024 987">
     <span class='ocr_line' id='line_1_10' title="bbox 438 915 2024 987; baseline 0.004 -20"><span class='ocrx_word' id='word_1_64' title='bbox 438 915 580 969; x_wconf 77' lang='lat' dir='ltr'><strong>Nulli</strong></span> <span class='ocrx_word' id='word_1_65' title='bbox 614 916 758 970; x_wconf 88' lang='lat' dir='ltr'><strong>enim</strong></span> <span class='ocrx_word' id='word_1_66' title='bbox 793 932 1006 980; x_wconf 89' lang='lat' dir='ltr'><strong>eorum,</strong></span> <span class='ocrx_word' id='word_1_67' title='bbox 1041 918 1132 987; x_wconf 90' lang='lat' dir='ltr'><strong>qui</strong></span> <span class='ocrx_word' id='word_1_68' title='bbox 1161 919 1297 972; x_wconf 64' lang='lat' dir='ltr'><strong>mala</strong></span> <span class='ocrx_word' id='word_1_69' title='bbox 1339 918 1602 985; x_wconf 87' lang='lat' dir='ltr'><strong>fecerant,</strong></span> <span class='ocrx_word' id='word_1_70' title='bbox 1661 932 1720 974; x_wconf 89' lang='lat' dir='ltr'><strong>ut</strong></span> <span class='ocrx_word' id='word_1_71' title='bbox 1773 920 1850 974; x_wconf 89' lang='lat' dir='ltr'><strong>illi</strong></span> <span class='ocrx_word' id='word_1_72' title='bbox 1894 936 2024 975; x_wconf 82' lang='lat' dir='ltr'><strong>om-</strong></span> 
     </span>
    </p>
   </div>
   <div class='ocr_carea' id='block_1_11' title="bbox 438 1007 2023 1078">
    <p class='ocr_par' dir='ltr' id='par_1_11' title="bbox 438 1007 2023 1078">
     <span class='ocr_line' id='line_1_11' title="bbox 438 1007 2023 1078; baseline 0.004 -18"><span class='ocrx_word' id='word_1_73' title='bbox 438 1007 570 1062; x_wconf 86' lang='lat' dir='ltr'><strong>nino</strong></span> <span class='ocrx_word' id='word_1_74' title='bbox 600 1024 745 1062; x_wconf 69' lang='lat' dir='ltr'><strong>curas</strong></span> <span class='ocrx_word' id='word_1_75' title='bbox 769 1008 871 1063; x_wconf 86' lang='lat' dir='ltr'><strong>fuit</strong></span> <span class='ocrx_word' id='word_1_76' title='bbox 894 1010 1082 1065; x_wconf 91' lang='lat' dir='ltr'><strong>latere.</strong></span> <span class='ocrx_word' id='word_1_77' title='bbox 1112 1009 1224 1065; x_wconf 87' lang='lat' dir='ltr'><strong>Hoc</strong></span> <span class='ocrx_word' id='word_1_78' title='bbox 1258 1022 1440 1066; x_wconf 89' lang='lat' dir='ltr'><strong>autem</strong></span> <span class='ocrx_word' id='word_1_79' title='bbox 1465 1021 1584 1066; x_wconf 81' lang='lat' dir='ltr'><strong>erat</strong></span> <span class='ocrx_word' id='word_1_80' title='bbox 1604 1012 1847 1078; x_wconf 86' lang='lat' dir='ltr'><strong>dilIicite,</strong></span> <span class='ocrx_word' id='word_1_81' title='bbox 1896 1028 2023 1068; x_wconf 91' lang='lat' dir='ltr'><strong>cum</strong></span> 
     </span>
    </p>
   </div>
   <div class='ocr_carea' id='block_1_12' title="bbox 439 1101 2024 1176">
    <p class='ocr_par' dir='ltr' id='par_1_12' title="bbox 439 1101 2024 1176">
     <span class='ocr_line' id='line_1_12' title="bbox 439 1101 2024 1176; baseline 0.004 -23"><span class='ocrx_word' id='word_1_82' title='bbox 439 1112 497 1154; x_wconf 90' lang='lat' dir='ltr'><strong>et</strong></span> <span class='ocrx_word' id='word_1_83' title='bbox 538 1101 710 1156; x_wconf 85' lang='lat' dir='ltr'><strong>virtus</strong></span> <span class='ocrx_word' id='word_1_84' title='bbox 741 1104 820 1156; x_wconf 86' lang='lat' dir='ltr'><strong>s&#39;e</strong></span> <span class='ocrx_word' id='word_1_85' title='bbox 855 1117 914 1156; x_wconf 92' lang='lat' dir='ltr'><strong>se</strong></span> <span class='ocrx_word' id='word_1_86' title='bbox 948 1103 1149 1158; x_wconf 87' lang='lat' dir='ltr'><strong>habeat</strong></span> <span class='ocrx_word' id='word_1_87' title='bbox 1174 1114 1391 1168; x_wconf 90' lang='lat' dir='ltr'><strong>natura,</strong></span> <span class='ocrx_word' id='word_1_88' title='bbox 1423 1113 1481 1157; x_wconf 94' lang='lat' dir='ltr'><strong>ut</strong></span> <span class='ocrx_word' id='word_1_89' title='bbox 1509 1121 1656 1167; x_wconf 89' lang='lat' dir='ltr'><strong>eum,</strong></span> <span class='ocrx_word' id='word_1_90' title='bbox 1700 1105 1791 1174; x_wconf 89' lang='lat' dir='ltr'><strong>qni</strong></span> <span class='ocrx_word' id='word_1_91' title='bbox 1850 1105 2024 1176; x_wconf 89' lang='lat' dir='ltr'><strong>ipsam</strong></span> 
     </span>
    </p>
   </div>
   <div class='ocr_carea' id='block_1_13' title="bbox 439 1192 2025 1266">
    <p class='ocr_par' dir='ltr' id='par_1_13' title="bbox 439 1192 2025 1266">
     <span class='ocr_line' id='line_1_13' title="bbox 439 1192 2025 1266; baseline 0.003 -22"><span class='ocrx_word' id='word_1_92' title='bbox 439 1201 684 1251; x_wconf 79' lang='lat' dir='ltr'><strong>exercet,</strong></span> <span class='ocrx_word' id='word_1_93' title='bbox 715 1192 887 1247; x_wconf 72' lang='lat' dir='ltr'><strong>soleat</strong></span> <span class='ocrx_word' id='word_1_94' title='bbox 922 1193 1103 1248; x_wconf 88' lang='lat' dir='ltr'><strong>facere</strong></span> <span class='ocrx_word' id='word_1_95' title='bbox 1160 1195 1545 1249; x_wconf 84' lang='lat' dir='ltr'><strong>manifestum:</strong></span> <span class='ocrx_word' id='word_1_96' title='bbox 1589 1206 1643 1250; x_wconf 90' lang='lat' dir='ltr'><strong>et</strong></span> <span class='ocrx_word' id='word_1_97' title='bbox 1689 1196 1828 1250; x_wconf 87' lang='lat' dir='ltr'><strong>Deus</strong></span> <span class='ocrx_word' id='word_1_98' title='bbox 1886 1213 2025 1266; x_wconf 81' lang='lat' dir='ltr'><strong>prae-</strong></span> 
     </span>
    </p>
   </div>
   <div class='ocr_carea' id='block_1_14' title="bbox 442 1276 2023 1357">
    <p class='ocr_par' dir='ltr' id='par_1_14' title="bbox 442 1276 2023 1357">
     <span class='ocr_line' id='line_1_14' title="bbox 442 1276 2023 1357; baseline 0.003 -20"><span class='ocrx_word' id='word_1_99' title='bbox 442 1290 590 1337; x_wconf 83' lang='lat' dir='ltr'><strong>terea</strong></span> <span class='ocrx_word' id='word_1_100' title='bbox 631 1283 1045 1339; x_wconf 74' lang='lat' dir='ltr'><strong>velitcirltorem</strong></span> <span class='ocrx_word' id='word_1_101' title='bbox 1068 1301 1226 1339; x_wconf 90' lang='lat' dir='ltr'><strong>suum</strong></span> <span class='ocrx_word' id='word_1_102' title='bbox 1257 1287 1580 1357; x_wconf 77' lang='lat' dir='ltr'><strong>glorificare.</strong></span> <span class='ocrx_word' id='word_1_103' title='bbox 1635 1276 1825 1357; x_wconf 76' lang='lat' dir='ltr'><strong>Itaque</strong></span> <span class='ocrx_word' id='word_1_104' title='bbox 1874 1288 2023 1341; x_wconf 81' lang='lat' dir='ltr'><strong>illum</strong></span> 
     </span>
    </p>
   </div>
   <div class='ocr_carea' id='block_1_15' title="bbox 442 1376 2025 1450">
    <p class='ocr_par' dir='ltr' id='par_1_15' title="bbox 442 1376 2025 1450">
     <span class='ocr_line' id='line_1_15' title="bbox 442 1376 2025 1450; baseline 0.004 -21"><span class='ocrx_word' id='word_1_105' title='bbox 442 1390 660 1444; x_wconf 77' lang='lat' dir='ltr'><strong>quoque</strong></span> <span class='ocrx_word' id='word_1_106' title='bbox 684 1377 763 1430; x_wconf 91' lang='lat' dir='ltr'><strong>sic</strong></span> <span class='ocrx_word' id='word_1_107' title='bbox 796 1377 849 1429; x_wconf 90' lang='lat' dir='ltr'><strong>iu</strong></span> <span class='ocrx_word' id='word_1_108' title='bbox 883 1378 1171 1445; x_wconf 77' lang='lat' dir='ltr'><strong>pnesentia</strong></span> <span class='ocrx_word' id='word_1_109' title='bbox 1205 1380 1395 1445; x_wconf 84' lang='lat' dir='ltr'><strong>aperit.</strong></span> <span class='ocrx_word' id='word_1_110' title='bbox 1448 1376 1542 1431; x_wconf 81' lang='lat' dir='ltr'><strong>Vir</strong></span> <span class='ocrx_word' id='word_1_111' title='bbox 1576 1379 1792 1445; x_wconf 80' lang='lat' dir='ltr'><strong>quidam</strong></span> <span class='ocrx_word' id='word_1_112' title='bbox 1822 1394 2025 1450; x_wconf 76' lang='lat' dir='ltr'><strong>genere</strong></span> 
     </span>
    </p>
   </div>
   <div class='ocr_carea' id='block_1_16' title="bbox 445 1466 2023 1542">
    <p class='ocr_par' dir='ltr' id='par_1_16' title="bbox 445 1466 2023 1542">
     <span class='ocr_line' id='line_1_16' title="bbox 445 1466 2023 1542; baseline 0.002 -19"><span class='ocrx_word' id='word_1_113' title='bbox 445 1466 636 1539; x_wconf 80' lang='lat' dir='ltr'><strong>Syrus,</strong></span> <span class='ocrx_word' id='word_1_114' title='bbox 673 1467 1235 1538; x_wconf 78' lang='lat' dir='ltr'><strong>nominellesychius,</strong></span> <span class='ocrx_word' id='word_1_115' title='bbox 1268 1477 1428 1523; x_wconf 74' lang='lat' dir='ltr'><strong>artato</strong></span> <span class='ocrx_word' id='word_1_116' title='bbox 1471 1471 1691 1539; x_wconf 87' lang='lat' dir='ltr'><strong>quidem</strong></span> <span class='ocrx_word' id='word_1_117' title='bbox 1741 1471 1852 1540; x_wconf 80' lang='lat' dir='ltr'><strong>jam</strong></span> <span class='ocrx_word' id='word_1_118' title='bbox 1898 1488 2023 1542; x_wconf 79' lang='lat' dir='ltr'><strong>pro-</strong></span> 
     </span>
    </p>
   </div>
   <div class='ocr_carea' id='block_1_17' title="bbox 443 1559 2024 1631">
    <p class='ocr_par' dir='ltr' id='par_1_17' title="bbox 443 1559 2024 1631">
     <span class='ocr_line' id='line_1_17' title="bbox 443 1559 2024 1631; baseline 0.003 -21"><span class='ocrx_word' id='word_1_119' title='bbox 443 1565 657 1619; x_wconf 89' lang='lat' dir='ltr'><strong>vectus,</strong></span> <span class='ocrx_word' id='word_1_120' title='bbox 689 1567 935 1625; x_wconf 88' lang='lat' dir='ltr'><strong>tempore</strong></span> <span class='ocrx_word' id='word_1_121' title='bbox 969 1566 1153 1612; x_wconf 87' lang='lat' dir='ltr'><strong>autem</strong></span> <span class='ocrx_word' id='word_1_122' title='bbox 1196 1559 1312 1611; x_wconf 89' lang='lat' dir='ltr'><strong>fere</strong></span> <span class='ocrx_word' id='word_1_123' title='bbox 1364 1576 1583 1629; x_wconf 89' lang='lat' dir='ltr'><strong>quoque</strong></span> <span class='ocrx_word' id='word_1_124' title='bbox 1624 1562 1890 1631; x_wconf 74' lang='lat' dir='ltr'><strong>:equalem</strong></span> <span class='ocrx_word' id='word_1_125' title='bbox 1925 1562 2024 1615; x_wconf 89' lang='lat' dir='ltr'><strong>ha-</strong></span> 
     </span>
    </p>
   </div>
   <div class='ocr_carea' id='block_1_18' title="bbox 442 1648 2025 1721">
    <p class='ocr_par' dir='ltr' id='par_1_18' title="bbox 442 1648 2025 1721">
     <span class='ocr_line' id='line_1_18' title="bbox 442 1648 2025 1721; baseline 0.004 -20"><span class='ocrx_word' id='word_1_126' title='bbox 442 1648 603 1701; x_wconf 85' lang='lat' dir='ltr'><strong>bebat</strong></span> <span class='ocrx_word' id='word_1_127' title='bbox 631 1649 1073 1703; x_wconf 76' lang='lat' dir='ltr'><strong>exercitationem</strong></span> <span class='ocrx_word' id='word_1_128' title='bbox 1110 1666 1124 1703; x_wconf 91' lang='lat'>:</span> <span class='ocrx_word' id='word_1_129' title='bbox 1162 1651 1252 1718; x_wconf 87' lang='lat' dir='ltr'><strong>qui</strong></span> <span class='ocrx_word' id='word_1_130' title='bbox 1281 1652 1395 1719; x_wconf 82' lang='lat' dir='ltr'><strong>ipse</strong></span> <span class='ocrx_word' id='word_1_131' title='bbox 1426 1666 1646 1721; x_wconf 87' lang='lat' dir='ltr'><strong>quoque</strong></span> <span class='ocrx_word' id='word_1_132' title='bbox 1704 1662 1822 1706; x_wconf 87' lang='lat' dir='ltr'><strong>erat</strong></span> <span class='ocrx_word' id='word_1_133' title='bbox 1881 1668 2025 1709; x_wconf 89' lang='lat' dir='ltr'><strong>unus</strong></span> 
     </span>
    </p>
   </div>
   <div class='ocr_carea' id='block_1_19' title="bbox 444 1739 2023 1806">
    <p class='ocr_par' dir='ltr' id='par_1_19' title="bbox 444 1739 2023 1806">
     <span class='ocr_line' id='line_1_19' title="bbox 444 1739 2023 1806; baseline 0.004 -14"><span class='ocrx_word' id='word_1_134' title='bbox 444 1754 510 1792; x_wconf 83' lang='lat' dir='ltr'><strong>ex</strong></span> <span class='ocrx_word' id='word_1_135' title='bbox 543 1739 668 1797; x_wconf 79' lang='lat' dir='ltr'><strong>illis.</strong></span> <span class='ocrx_word' id='word_1_136' title='bbox 701 1739 792 1806; x_wconf 89' lang='lat' dir='ltr'><strong>qui</strong></span> <span class='ocrx_word' id='word_1_137' title='bbox 819 1740 871 1793; x_wconf 91' lang='lat' dir='ltr'><strong>in</strong></span> <span class='ocrx_word' id='word_1_138' title='bbox 904 1755 1060 1804; x_wconf 68' lang='lat' dir='ltr'><strong>sacro</strong></span> <span class='ocrx_word' id='word_1_139' title='bbox 1087 1740 1177 1793; x_wconf 92' lang='lat' dir='ltr'><strong>illo</strong></span> <span class='ocrx_word' id='word_1_140' title='bbox 1198 1742 1595 1796; x_wconf 70' lang='lat' dir='ltr'><strong>exercebantur</strong></span> <span class='ocrx_word' id='word_1_141' title='bbox 1640 1744 1973 1799; x_wconf 84' lang='lat' dir='ltr'><strong>monasterio</strong></span> <span class='ocrx_word' id='word_1_142' title='bbox 2010 1762 2023 1798; x_wconf 93' lang='lat'><strong>:</strong></span> 
     </span>
    </p>
   </div>
   <div class='ocr_carea' id='block_1_20' title="bbox 444 1830 2026 1904">
    <p class='ocr_par' dir='ltr' id='par_1_20' title="bbox 444 1830 2026 1904">
     <span class='ocr_line' id='line_1_20' title="bbox 444 1830 2026 1904; baseline 0.004 -19"><span class='ocrx_word' id='word_1_143' title='bbox 444 1832 604 1898; x_wconf 75' lang='lat' dir='ltr'><strong>cujus</strong></span> <span class='ocrx_word' id='word_1_144' title='bbox 629 1830 870 1900; x_wconf 75' lang='lat' dir='ltr'><strong>vestigiis</strong></span> <span class='ocrx_word' id='word_1_145' title='bbox 903 1831 1157 1886; x_wconf 87' lang='lat' dir='ltr'><strong>insistere</strong></span> <span class='ocrx_word' id='word_1_146' title='bbox 1204 1834 1455 1900; x_wconf 80' lang='lat' dir='ltr'><strong>copicbat</strong></span> <span class='ocrx_word' id='word_1_147' title='bbox 1481 1851 1709 1904; x_wconf 83' lang='lat' dir='ltr'><strong>magnus</strong></span> <span class='ocrx_word' id='word_1_148' title='bbox 1734 1836 1823 1890; x_wconf 88' lang='lat' dir='ltr'><strong>ille</strong></span> <span class='ocrx_word' id='word_1_149' title='bbox 1857 1835 2026 1891; x_wconf 90' lang='lat' dir='ltr'><strong>Joan-</strong></span> 
     </span>
    </p>
   </div>
   <div class='ocr_carea' id='block_1_21' title="bbox 444 1922 2028 1982">
    <p class='ocr_par' dir='ltr' id='par_1_21' title="bbox 444 1922 2028 1982">
     <span class='ocr_line' id='line_1_21' title="bbox 444 1922 2028 1982; baseline 0.004 -7"><span class='ocrx_word' id='word_1_150' title='bbox 444 1936 566 1982; x_wconf 88' lang='lat' dir='ltr'><strong>nes,</strong></span> <span class='ocrx_word' id='word_1_151' title='bbox 592 1922 720 1975; x_wconf 77' lang='lat' dir='ltr'><strong>du:n</strong></span> <span class='ocrx_word' id='word_1_152' title='bbox 750 1923 991 1976; x_wconf 80' lang='lat' dir='ltr'><strong>nandum</strong></span> <span class='ocrx_word' id='word_1_153' title='bbox 1015 1925 1380 1978; x_wconf 86' lang='lat' dir='ltr'><strong>essetvirtute</strong></span> <span class='ocrx_word' id='word_1_154' title='bbox 1408 1941 1675 1981; x_wconf 89' lang='lat' dir='ltr'><strong>summus.</strong></span> <span class='ocrx_word' id='word_1_155' title='bbox 1714 1926 1772 1980; x_wconf 85' lang='lat' dir='ltr'><strong>Ei</strong></span> <span class='ocrx_word' id='word_1_156' title='bbox 1806 1936 2028 1982; x_wconf 88' lang='lat' dir='ltr'><strong>noctur-</strong></span> 
     </span>
    </p>
   </div>
   <div class='ocr_carea' id='block_1_22' title="bbox 443 2013 2023 2087">
    <p class='ocr_par' dir='ltr' id='par_1_22' title="bbox 443 2013 2023 2087">
     <span class='ocr_line' id='line_1_22' title="bbox 443 2013 2023 2087; baseline 0.006 -23"><span class='ocrx_word' id='word_1_157' title='bbox 443 2025 551 2065; x_wconf 79' lang='lat' dir='ltr'><strong>nas</strong></span> <span class='ocrx_word' id='word_1_158' title='bbox 593 2027 782 2080; x_wconf 84' lang='lat' dir='ltr'><strong>preces</strong></span> <span class='ocrx_word' id='word_1_159' title='bbox 815 2014 921 2066; x_wconf 86' lang='lat' dir='ltr'><strong>Deo</strong></span> <span class='ocrx_word' id='word_1_160' title='bbox 951 2013 1203 2068; x_wconf 78' lang='lat' dir='ltr'><strong>offerenti</strong></span> <span class='ocrx_word' id='word_1_161' title='bbox 1236 2025 1461 2084; x_wconf 70' lang='lat' dir='ltr'><strong>apparet</strong></span> <span class='ocrx_word' id='word_1_162' title='bbox 1492 2018 1748 2087; x_wconf 84' lang='lat' dir='ltr'><strong>quiddam</strong></span> <span class='ocrx_word' id='word_1_163' title='bbox 1780 2019 2023 2074; x_wconf 50' lang='lat' dir='ltr'><strong>divinum</strong></span> 
     </span>
    </p>
   </div>
   <div class='ocr_carea' id='block_1_23' title="bbox 2131 818 3711 896">
    <p class='ocr_par' dir='ltr' id='par_1_23' title="bbox 2131 818 3711 896">
     <span class='ocr_line' id='line_1_23' title="bbox 2131 818 3711 896; baseline 0.005 -22"><span class='ocrx_word' id='word_1_164' title='bbox 2131 822 2407 894; x_wconf 84' lang='grc' dir='ltr'><strong>φερόντως</strong></span> <span class='ocrx_word' id='word_1_165' title='bbox 2434 818 2560 894; x_wconf 78' lang='grc' dir='ltr'><strong>ἦνη</strong></span> <span class='ocrx_word' id='word_1_166' title='bbox 2595 824 2825 896; x_wconf 79' lang='grc' dir='ltr'><strong>σπουδὴ,</strong></span> <span class='ocrx_word' id='word_1_167' title='bbox 2857 828 2950 878; x_wconf 69' lang='grc' dir='ltr'><strong>καὶ</strong></span> <span class='ocrx_word' id='word_1_168' title='bbox 3006 826 3212 895; x_wconf 80' lang='grc' dir='ltr'><strong>μηδένα</strong></span> <span class='ocrx_word' id='word_1_169' title='bbox 3263 827 3409 896; x_wconf 81' lang='grc' dir='ltr'><strong>ἔχειν</strong></span> <span class='ocrx_word' id='word_1_170' title='bbox 3444 828 3598 881; x_wconf 77' lang='grc' dir='ltr'><strong>κάτω</strong></span> <span class='ocrx_word' id='word_1_171' title='bbox 3619 830 3711 883; x_wconf 67' lang='grc' dir='ltr'><strong>τὶν</strong></span> 
     </span>
    </p>
   </div>
   <div class='ocr_carea' id='block_1_24' title="bbox 2130 914 3708 990">
    <p class='ocr_par' dir='ltr' id='par_1_24' title="bbox 2130 914 3708 990">
     <span class='ocr_line' id='line_1_24' title="bbox 2130 914 3708 990; baseline 0.005 -24"><span class='ocrx_word' id='word_1_172' title='bbox 2130 914 2429 968; x_wconf 82' lang='grc' dir='ltr'><strong>συνειδότα.</strong></span> <span class='ocrx_word' id='word_1_173' title='bbox 2452 915 2641 969; x_wconf 71' lang='grc' dir='ltr'><strong>Οὐδενὶ</strong></span> <span class='ocrx_word' id='word_1_174' title='bbox 2656 916 2763 987; x_wconf 84' lang='grc' dir='ltr'><strong>γὰρ</strong></span> <span class='ocrx_word' id='word_1_175' title='bbox 2795 916 2937 970; x_wconf 82' lang='grc' dir='ltr'><strong>οὓτω</strong></span> <span class='ocrx_word' id='word_1_176' title='bbox 2967 917 3076 972; x_wconf 83' lang='grc' dir='ltr'><strong>τῶν</strong></span> <span class='ocrx_word' id='word_1_177' title='bbox 3103 918 3172 972; x_wconf 83' lang='grc' dir='ltr'><strong>τὰ</strong></span> <span class='ocrx_word' id='word_1_178' title='bbox 3196 920 3410 989; x_wconf 70' lang='grc' dir='ltr'><strong>πονηρὰ</strong></span> <span class='ocrx_word' id='word_1_179' title='bbox 3431 920 3708 990; x_wconf 76' lang='grc' dir='ltr'><strong>δρώντων,</strong></span> 
     </span>
    </p>
   </div>
   <div class='ocr_carea' id='block_1_25' title="bbox 2127 1005 3713 1078">
    <p class='ocr_par' dir='ltr' id='par_1_25' title="bbox 2127 1005 3713 1078">
     <span class='ocr_line' id='line_1_25' title="bbox 2127 1005 3713 1078; baseline 0.006 -21"><span class='ocrx_word' id='word_1_180' title='bbox 2127 1005 2203 1067; x_wconf 83' lang='grc' dir='ltr'><strong>ὡς</strong></span> <span class='ocrx_word' id='word_1_181' title='bbox 2253 1006 2447 1077; x_wconf 79' lang='grc' dir='ltr'><strong>ἐκείνῳ</strong></span> <span class='ocrx_word' id='word_1_182' title='bbox 2502 1009 2723 1071; x_wconf 83' lang='grc' dir='ltr'><strong>πάντως</strong></span> <span class='ocrx_word' id='word_1_183' title='bbox 2782 1010 3019 1078; x_wconf 77' lang='grc' dir='ltr'><strong>ἐμέλησε</strong></span> <span class='ocrx_word' id='word_1_184' title='bbox 3070 1008 3131 1061; x_wconf 77' lang='grc' dir='ltr'><strong>τὸ</strong></span> <span class='ocrx_word' id='word_1_185' title='bbox 3182 1009 3388 1065; x_wconf 78' lang='grc' dir='ltr'><strong>λαθεῖν.</strong></span> <span class='ocrx_word' id='word_1_186' title='bbox 3446 1012 3618 1066; x_wconf 85' lang='grc' dir='ltr'><strong>Τοῦτο</strong></span> <span class='ocrx_word' id='word_1_187' title='bbox 3651 1014 3713 1067; x_wconf 74' lang='grc' dir='ltr'><strong>δὲ</strong></span> 
     </span>
    </p>
   </div>
   <div class='ocr_carea' id='block_1_26' title="bbox 2129 1098 3714 1172">
    <p class='ocr_par' dir='ltr' id='par_1_26' title="bbox 2129 1098 3714 1172">
     <span class='ocr_line' id='line_1_26' title="bbox 2129 1098 3714 1172; baseline 0.004 -22"><span class='ocrx_word' id='word_1_188' title='bbox 2129 1099 2327 1169; x_wconf 79' lang='grc' dir='ltr'><strong>κομιδῇ</strong></span> <span class='ocrx_word' id='word_1_189' title='bbox 2384 1098 2667 1169; x_wconf 82' lang='grc' dir='ltr'><strong>δυσχερὲς,</strong></span> <span class='ocrx_word' id='word_1_190' title='bbox 2730 1099 2889 1168; x_wconf 87' lang='grc' dir='ltr'><strong>φύσει</strong></span> <span class='ocrx_word' id='word_1_191' title='bbox 2912 1118 2972 1154; x_wconf 90' lang='grc' dir='ltr'><strong>τε</strong></span> <span class='ocrx_word' id='word_1_192' title='bbox 2999 1104 3099 1168; x_wconf 77' lang='grc' dir='ltr'><strong>τῆς</strong></span> <span class='ocrx_word' id='word_1_193' title='bbox 3123 1101 3328 1171; x_wconf 77' lang='grc' dir='ltr'><strong>ἀρετῆς</strong></span> <span class='ocrx_word' id='word_1_194' title='bbox 3359 1101 3533 1165; x_wconf 79' lang='grc' dir='ltr'><strong>οὕτως</strong></span> <span class='ocrx_word' id='word_1_195' title='bbox 3557 1102 3714 1172; x_wconf 78' lang='grc' dir='ltr'><strong>ἑχούο</strong></span> 
     </span>
    </p>
   </div>
   <div class='ocr_carea' id='block_1_27' title="bbox 2129 1190 3694 1265">
    <p class='ocr_par' dir='ltr' id='par_1_27' title="bbox 2129 1190 3694 1265">
     <span class='ocr_line' id='line_1_27' title="bbox 2129 1190 3694 1265; baseline 0.004 -24"><span class='ocrx_word' id='word_1_196' title='bbox 2129 1205 2251 1260; x_wconf 76' lang='grc' dir='ltr'><strong>σης,</strong></span> <span class='ocrx_word' id='word_1_197' title='bbox 2309 1190 2524 1245; x_wconf 73' lang='grc' dir='ltr'><strong>καὶτοῦ</strong></span> <span class='ocrx_word' id='word_1_198' title='bbox 2556 1193 2690 1245; x_wconf 81' lang='grc' dir='ltr'><strong>Θεοῦ</strong></span> <span class='ocrx_word' id='word_1_199' title='bbox 2725 1191 2967 1256; x_wconf 66' lang='grc' dir='ltr'><strong>δοξάζειν</strong></span> <span class='ocrx_word' id='word_1_200' title='bbox 3002 1193 3095 1247; x_wconf 79' lang='grc' dir='ltr'><strong>τὸν</strong></span> <span class='ocrx_word' id='word_1_201' title='bbox 3138 1193 3480 1264; x_wconf 75' lang='grc' dir='ltr'>θεραπευτὴν</span> <span class='ocrx_word' id='word_1_202' title='bbox 3506 1195 3694 1265; x_wconf 83' lang='grc' dir='ltr'><strong>βουλο-</strong></span> 
     </span>
    </p>
   </div>
   <div class='ocr_carea' id='block_1_28' title="bbox 2131 1283 3715 1355">
    <p class='ocr_par' dir='ltr' id='par_1_28' title="bbox 2131 1283 3715 1355">
     <span class='ocr_line' id='line_1_28' title="bbox 2131 1283 3715 1355; baseline 0.003 -20"><span class='ocrx_word' id='word_1_203' title='bbox 2131 1284 2320 1352; x_wconf 82' lang='grc' dir='ltr'><strong>μένου.</strong></span> <span class='ocrx_word' id='word_1_204' title='bbox 2374 1283 2547 1351; x_wconf 79' lang='grc' dir='ltr'><strong>Δῆλον</strong></span> <span class='ocrx_word' id='word_1_205' title='bbox 2580 1284 2873 1355; x_wconf 81' lang='grc' dir='ltr'><strong>τοιγαροῦν</strong></span> <span class='ocrx_word' id='word_1_206' title='bbox 2908 1285 3117 1337; x_wconf 74' lang='grc' dir='ltr'><strong>ἐκεῖνον</strong></span> <span class='ocrx_word' id='word_1_207' title='bbox 3142 1285 3239 1337; x_wconf 77' lang='grc' dir='ltr'><strong>καὶ</strong></span> <span class='ocrx_word' id='word_1_208' title='bbox 3271 1285 3409 1347; x_wconf 87' lang='grc' dir='ltr'><strong>τέως</strong></span> <span class='ocrx_word' id='word_1_209' title='bbox 3433 1286 3583 1337; x_wconf 78' lang='grc' dir='ltr'><strong>τόνδε</strong></span> <span class='ocrx_word' id='word_1_210' title='bbox 3617 1287 3715 1339; x_wconf 75' lang='grc' dir='ltr'><strong>τὸν</strong></span> 
     </span>
    </p>
   </div>
   <div class='ocr_carea' id='block_1_29' title="bbox 2127 1371 3718 1447">
    <p class='ocr_par' dir='ltr' id='par_1_29' title="bbox 2127 1371 3718 1447">
     <span class='ocr_line' id='line_1_29' title="bbox 2127 1371 3718 1447; baseline 0.002 -23"><span class='ocrx_word' id='word_1_211' title='bbox 2127 1371 2328 1443; x_wconf 80' lang='grc' dir='ltr'><strong>τρόπον</strong></span> <span class='ocrx_word' id='word_1_212' title='bbox 2375 1375 2541 1426; x_wconf 80' lang='grc' dir='ltr'><strong>ποιεῖ.</strong></span> <span class='ocrx_word' id='word_1_213' title='bbox 2604 1374 2771 1444; x_wconf 81' lang='grc' dir='ltr'><strong>Ἀνήρ</strong></span> <span class='ocrx_word' id='word_1_214' title='bbox 2811 1392 2895 1437; x_wconf 91' lang='grc' dir='ltr'><strong>τις</strong></span> <span class='ocrx_word' id='word_1_215' title='bbox 2927 1374 3003 1442; x_wconf 72' lang='grc' dir='ltr'><strong>τῷ</strong></span> <span class='ocrx_word' id='word_1_216' title='bbox 3040 1375 3188 1442; x_wconf 86' lang='grc' dir='ltr'><strong>γένει</strong></span> <span class='ocrx_word' id='word_1_217' title='bbox 3217 1374 3411 1446; x_wconf 84' lang='grc' dir='ltr'><strong>Σύρος.</strong></span> <span class='ocrx_word' id='word_1_218' title='bbox 3442 1376 3541 1445; x_wconf 81' lang='grc' dir='ltr'><strong>τὴν</strong></span> <span class='ocrx_word' id='word_1_219' title='bbox 3581 1376 3718 1447; x_wconf 76' lang='grc' dir='ltr'><strong>κλῆ-</strong></span> 
     </span>
    </p>
   </div>
   <div class='ocr_carea' id='block_1_30' title="bbox 2131 1464 3714 1538">
    <p class='ocr_par' dir='ltr' id='par_1_30' title="bbox 2131 1464 3714 1538">
     <span class='ocr_line' id='line_1_30' title="bbox 2131 1464 3714 1538; baseline 0.004 -21"><span class='ocrx_word' id='word_1_220' title='bbox 2131 1480 2215 1517; x_wconf 90' lang='grc' dir='ltr'><strong>σιν</strong></span> <span class='ocrx_word' id='word_1_221' title='bbox 2254 1464 2528 1534; x_wconf 83' lang='grc' dir='ltr'><strong>Ἡσύχιος,</strong></span> <span class='ocrx_word' id='word_1_222' title='bbox 2587 1464 2685 1536; x_wconf 74' lang='grc' dir='ltr'><strong>τὴν</strong></span> <span class='ocrx_word' id='word_1_223' title='bbox 2718 1465 2936 1536; x_wconf 77' lang='grc' dir='ltr'><strong>ἠλικίαν</strong></span> <span class='ocrx_word' id='word_1_224' title='bbox 2996 1467 3379 1538; x_wconf 80' lang='grc' dir='ltr'><strong>προϐεϐηκὼς,</strong></span> <span class='ocrx_word' id='word_1_225' title='bbox 3411 1468 3714 1538; x_wconf 81' lang='grc' dir='ltr'><strong>σύγχρονον</strong></span> 
     </span>
    </p>
   </div>
   <div class='ocr_carea' id='block_1_31' title="bbox 2129 1554 3715 1629">
    <p class='ocr_par' dir='ltr' id='par_1_31' title="bbox 2129 1554 3715 1629">
     <span class='ocr_line' id='line_1_31' title="bbox 2129 1554 3715 1629; baseline 0.003 -19"><span class='ocrx_word' id='word_1_226' title='bbox 2129 1557 2314 1625; x_wconf 84' lang='grc' dir='ltr'><strong>ὀλίγου</strong></span> <span class='ocrx_word' id='word_1_227' title='bbox 2368 1557 2467 1627; x_wconf 77' lang='grc' dir='ltr'><strong>τὴν</strong></span> <span class='ocrx_word' id='word_1_228' title='bbox 2521 1557 2756 1626; x_wconf 72' lang='grc' dir='ltr'><strong>ἄςκησιν</strong></span> <span class='ocrx_word' id='word_1_229' title='bbox 2808 1558 2969 1629; x_wconf 77' lang='grc' dir='ltr'><strong>ἔχων,</strong></span> <span class='ocrx_word' id='word_1_230' title='bbox 3002 1554 3083 1622; x_wconf 76' lang='grc' dir='ltr'><strong>εἷς</strong></span> <span class='ocrx_word' id='word_1_231' title='bbox 3118 1562 3210 1613; x_wconf 79' lang='grc' dir='ltr'><strong>καὶ</strong></span> <span class='ocrx_word' id='word_1_232' title='bbox 3244 1560 3406 1621; x_wconf 77' lang='grc' dir='ltr'><strong>αὐτὸς</strong></span> <span class='ocrx_word' id='word_1_233' title='bbox 3438 1560 3546 1613; x_wconf 77' lang='grc' dir='ltr'><strong>τῶν</strong></span> <span class='ocrx_word' id='word_1_234' title='bbox 3570 1559 3715 1614; x_wconf 83' lang='grc' dir='ltr'><strong>κατὰ</strong></span> 
     </span>
    </p>
   </div>
   <div class='ocr_carea' id='block_1_32' title="bbox 2129 1643 3713 1721">
    <p class='ocr_par' dir='ltr' id='par_1_32' title="bbox 2129 1643 3713 1721">
     <span class='ocr_line' id='line_1_32' title="bbox 2129 1643 3713 1721; baseline 0.004 -20"><span class='ocrx_word' id='word_1_235' title='bbox 2129 1648 2228 1718; x_wconf 80' lang='grc' dir='ltr'><strong>τὴν</strong></span> <span class='ocrx_word' id='word_1_236' title='bbox 2275 1647 2427 1718; x_wconf 77' lang='grc' dir='ltr'><strong>ἱερὰν</strong></span> <span class='ocrx_word' id='word_1_237' title='bbox 2469 1648 2688 1719; x_wconf 76' lang='grc' dir='ltr'><strong>ἐκείνην</strong></span> <span class='ocrx_word' id='word_1_238' title='bbox 2750 1651 2920 1719; x_wconf 80' lang='grc' dir='ltr'><strong>μονὴν</strong></span> <span class='ocrx_word' id='word_1_239' title='bbox 2953 1650 3331 1721; x_wconf 82' lang='grc' dir='ltr'><strong>ἀσκουμένων,</strong></span> <span class='ocrx_word' id='word_1_240' title='bbox 3362 1643 3423 1703; x_wconf 71' lang='grc' dir='ltr'><strong>οὗ</strong></span> <span class='ocrx_word' id='word_1_241' title='bbox 3452 1652 3549 1704; x_wconf 78' lang='grc' dir='ltr'><strong>καὶ</strong></span> <span class='ocrx_word' id='word_1_242' title='bbox 3589 1652 3713 1707; x_wconf 83' lang='grc' dir='ltr'><strong>κατ’</strong></span> 
     </span>
    </p>
   </div>
   <div class='ocr_carea' id='block_1_33' title="bbox 2134 1737 3715 1814">
    <p class='ocr_par' dir='ltr' id='par_1_33' title="bbox 2134 1737 3715 1814">
     <span class='ocr_line' id='line_1_33' title="bbox 2134 1737 3715 1814; baseline 0.005 -26"><span class='ocrx_word' id='word_1_243' title='bbox 2134 1738 2277 1807; x_wconf 76' lang='grc' dir='ltr'><strong>ἴχνος</strong></span> <span class='ocrx_word' id='word_1_244' title='bbox 2308 1737 2510 1808; x_wconf 77' lang='grc' dir='ltr'><strong>βαίνειν</strong></span> <span class='ocrx_word' id='word_1_245' title='bbox 2536 1741 2562 1792; x_wconf 87' lang='grc' dir='ltr'><strong>ό</strong></span> <span class='ocrx_word' id='word_1_246' title='bbox 2597 1741 2770 1809; x_wconf 80' lang='grc' dir='ltr'><strong>μέγας</strong></span> <span class='ocrx_word' id='word_1_247' title='bbox 2800 1741 3015 1810; x_wconf 79' lang='grc' dir='ltr'><strong>ἠγάπα,</strong></span> <span class='ocrx_word' id='word_1_248' title='bbox 3052 1742 3157 1804; x_wconf 75' lang='grc' dir='ltr'><strong>ἕως</strong></span> <span class='ocrx_word' id='word_1_249' title='bbox 3202 1738 3358 1793; x_wconf 75' lang='grc' dir='ltr'><strong>οὔπω</strong></span> <span class='ocrx_word' id='word_1_250' title='bbox 3380 1741 3478 1811; x_wconf 82' lang='grc' dir='ltr'><strong>τὴν</strong></span> <span class='ocrx_word' id='word_1_251' title='bbox 3508 1741 3715 1814; x_wconf 78' lang='grc' dir='ltr'><strong>ἀρετὴν</strong></span> 
     </span>
    </p>
   </div>
   <div class='ocr_carea' id='block_1_34' title="bbox 2131 1827 3714 1905">
    <p class='ocr_par' dir='ltr' id='par_1_34' title="bbox 2131 1827 3714 1905">
     <span class='ocr_line' id='line_1_34' title="bbox 2131 1827 3714 1905; baseline 0.001 -21"><span class='ocrx_word' id='word_1_252' title='bbox 2131 1831 2298 1901; x_wconf 74' lang='grc' dir='ltr'><strong>ἄκρος</strong></span> <span class='ocrx_word' id='word_1_253' title='bbox 2320 1827 2407 1903; x_wconf 75' lang='grc' dir='ltr'><strong>ἢν.</strong></span> <span class='ocrx_word' id='word_1_254' title='bbox 2438 1832 2622 1903; x_wconf 83' lang='grc' dir='ltr'><strong>Τούτῳ</strong></span> <span class='ocrx_word' id='word_1_255' title='bbox 2641 1833 2704 1902; x_wconf 74' lang='grc' dir='ltr'><strong>δὴ</strong></span> <span class='ocrx_word' id='word_1_256' title='bbox 2734 1851 2796 1885; x_wconf 87' lang='grc' dir='ltr'><strong>νυ</strong></span> <span class='ocrx_word' id='word_1_257' title='bbox 2810 1834 2937 1896; x_wconf 66' lang='grc' dir='ltr'><strong>κτδς</strong></span> <span class='ocrx_word' id='word_1_258' title='bbox 2964 1835 3044 1896; x_wconf 78' lang='grc' dir='ltr'><strong>εἰς</strong></span> <span class='ocrx_word' id='word_1_259' title='bbox 3077 1836 3392 1905; x_wconf 78' lang='grc' dir='ltr'><strong>προσευχὴν</strong></span> <span class='ocrx_word' id='word_1_260' title='bbox 3435 1834 3714 1904; x_wconf 79' lang='grc' dir='ltr'><strong>ἱσταμένῳ</strong></span> 
     </span>
    </p>
   </div>
   <div class='ocr_carea' id='block_1_35' title="bbox 2131 1925 3717 1996">
    <p class='ocr_par' dir='ltr' id='par_1_35' title="bbox 2131 1925 3717 1996">
     <span class='ocr_line' id='line_1_35' title="bbox 2131 1925 3717 1996; baseline 0.002 -20"><span class='ocrx_word' id='word_1_261' title='bbox 2131 1925 2385 1992; x_wconf 85' lang='grc' dir='ltr'><strong>φαίνεταί</strong></span> <span class='ocrx_word' id='word_1_262' title='bbox 2416 1944 2466 1979; x_wconf 90' lang='grc' dir='ltr'><strong>τι</strong></span> <span class='ocrx_word' id='word_1_263' title='bbox 2490 1926 2631 1979; x_wconf 87' lang='grc' dir='ltr'><strong>θεῖον</strong></span> <span class='ocrx_word' id='word_1_264' title='bbox 2681 1926 2778 1979; x_wconf 73' lang='grc' dir='ltr'><strong>καὶ</strong></span> <span class='ocrx_word' id='word_1_265' title='bbox 2824 1925 3121 1996; x_wconf 82' lang='grc' dir='ltr'><strong>ὀφθαλμῶν</strong></span> <span class='ocrx_word' id='word_1_266' title='bbox 3181 1925 3515 1995; x_wconf 74' lang='grc' dir='ltr'><strong>ὑψηλότερον</strong></span> <span class='ocrx_word' id='word_1_267' title='bbox 3546 1943 3561 1959; x_wconf 88' lang='grc'><strong>·</strong></span> <span class='ocrx_word' id='word_1_268' title='bbox 3620 1927 3717 1980; x_wconf 72' lang='grc' dir='ltr'><strong>καὶ¹</strong></span> 
     </span>
    </p>
   </div>
   <div class='ocr_carea' id='block_1_36' title="bbox 2132 2015 3718 2089">
    <p class='ocr_par' dir='ltr' id='par_1_36' title="bbox 2132 2015 3718 2089">
     <span class='ocr_line' id='line_1_36' title="bbox 2132 2015 3718 2089; baseline 0.002 -20"><span class='ocrx_word' id='word_1_269' title='bbox 2132 2015 2322 2089; x_wconf 84' lang='grc' dir='ltr'><strong>ὥσπερ</strong></span> <span class='ocrx_word' id='word_1_270' title='bbox 2353 2021 2433 2081; x_wconf 78' lang='grc' dir='ltr'><strong>εἰς</strong></span> <span class='ocrx_word' id='word_1_271' title='bbox 2473 2019 2639 2087; x_wconf 80' lang='grc' dir='ltr'><strong>μέσον</strong></span> <span class='ocrx_word' id='word_1_272' title='bbox 2676 2017 2809 2071; x_wconf 75' lang='grc' dir='ltr'><strong>αὐτὸ</strong></span> <span class='ocrx_word' id='word_1_273' title='bbox 2857 2018 3032 2070; x_wconf 84' lang='grc' dir='ltr'><strong>θεῖναι</strong></span> <span class='ocrx_word' id='word_1_274' title='bbox 3080 2016 3329 2087; x_wconf 81' lang='grc' dir='ltr'><strong>γλώττης</strong></span> <span class='ocrx_word' id='word_1_275' title='bbox 3361 2017 3536 2085; x_wconf 84' lang='grc' dir='ltr'><strong>ἀγὼν,</strong></span> <span class='ocrx_word' id='word_1_276' title='bbox 3569 2016 3718 2072; x_wconf 74' lang='grc' dir='ltr'><strong>οὕτω</strong></span> 
     </span>
    </p>
   </div>
   <div class='ocr_carea' id='block_1_37' title="bbox 444 2090 2031 2181">
    <p class='ocr_par' dir='ltr' id='par_1_37' title="bbox 444 2104 2028 2181">
     <span class='ocr_line' id='line_1_37' title="bbox 444 2104 2028 2181; baseline 0.008 -24"><span class='ocrx_word' id='word_1_277' title='bbox 444 2113 501 2158; x_wconf 90' lang='lat' dir='ltr'><strong>et</strong></span> <span class='ocrx_word' id='word_1_278' title='bbox 560 2104 777 2169; x_wconf 85' lang='lat' dir='ltr'><strong>fortius,</strong></span> <span class='ocrx_word' id='word_1_279' title='bbox 830 2122 992 2173; x_wconf 85' lang='lat' dir='ltr'><strong>quam</strong></span> <span class='ocrx_word' id='word_1_280' title='bbox 1055 2115 1114 2160; x_wconf 89' lang='lat' dir='ltr'><strong>ut</strong></span> <span class='ocrx_word' id='word_1_281' title='bbox 1179 2108 1230 2161; x_wconf 93' lang='lat' dir='ltr'><strong>id</strong></span> <span class='ocrx_word' id='word_1_282' title='bbox 1275 2109 1474 2162; x_wconf 88' lang='lat' dir='ltr'><strong>intueri</strong></span> <span class='ocrx_word' id='word_1_283' title='bbox 1527 2111 1752 2165; x_wconf 82' lang='lat' dir='ltr'><strong>humani</strong></span> <span class='ocrx_word' id='word_1_284' title='bbox 1805 2125 2028 2181; x_wconf 81' lang='lat' dir='ltr'><strong>possent</strong></span> 
     </span>
    </p>
   </div>
   <div class='ocr_carea' id='block_1_38' title="bbox 2136 2090 3718 2181">
    <p class='ocr_par' dir='ltr' id='par_1_38' title="bbox 2136 2109 3718 2180">
     <span class='ocr_line' id='line_1_38' title="bbox 2136 2109 3718 2180; baseline 0.001 -19"><span class='ocrx_word' id='word_1_285' title='bbox 2136 2109 2197 2180; x_wconf 81' lang='grc' dir='ltr'><strong>δὴ</strong></span> <span class='ocrx_word' id='word_1_286' title='bbox 2228 2111 2319 2162; x_wconf 78' lang='grc' dir='ltr'><strong>καί</strong></span> <span class='ocrx_word' id='word_1_287' title='bbox 2344 2110 2576 2163; x_wconf 85' lang='grc' dir='ltr'><strong>ἀκοῦσαι</strong></span> <span class='ocrx_word' id='word_1_288' title='bbox 2608 2109 2797 2162; x_wconf 79' lang='grc' dir='ltr'><strong>καινόν</strong></span> <span class='ocrx_word' id='word_1_289' title='bbox 2816 2126 2869 2161; x_wconf 87' lang='grc' dir='ltr'><strong>τι</strong></span> <span class='ocrx_word' id='word_1_290' title='bbox 2902 2112 2995 2161; x_wconf 68' lang='grc' dir='ltr'><strong>καὶ</strong></span> <span class='ocrx_word' id='word_1_291' title='bbox 3028 2109 3494 2179; x_wconf 81' lang='grc' dir='ltr'><strong>φρικωδέστατον.</strong></span> <span class='ocrx_word' id='word_1_292' title='bbox 3555 2109 3718 2163; x_wconf 81' lang='grc' dir='ltr'><strong>Ἀλλὰ</strong></span> 
     </span>
    </p>
   </div>
   <div class='ocr_carea' id='block_1_39' title="bbox 444 2198 2025 2271">
    <p class='ocr_par' dir='ltr' id='par_1_39' title="bbox 444 2198 2025 2271">
     <span class='ocr_line' id='line_1_39' title="bbox 444 2198 2025 2271; baseline 0.007 -21"><span class='ocrx_word' id='word_1_293' title='bbox 444 2198 609 2262; x_wconf 91' lang='lat' dir='ltr'><strong>oculi,</strong></span> <span class='ocrx_word' id='word_1_294' title='bbox 632 2198 777 2267; x_wconf 91' lang='lat' dir='ltr'><strong>quod</strong></span> <span class='ocrx_word' id='word_1_295' title='bbox 800 2208 855 2253; x_wconf 91' lang='lat' dir='ltr'><strong>et</strong></span> <span class='ocrx_word' id='word_1_296' title='bbox 883 2210 1100 2253; x_wconf 87' lang='lat' dir='ltr'><strong>veretur</strong></span> <span class='ocrx_word' id='word_1_297' title='bbox 1149 2200 1331 2269; x_wconf 81' lang='lat' dir='ltr'><strong>lingua</strong></span> <span class='ocrx_word' id='word_1_298' title='bbox 1368 2202 1422 2255; x_wconf 90' lang='lat' dir='ltr'><strong>in</strong></span> <span class='ocrx_word' id='word_1_299' title='bbox 1457 2203 1699 2259; x_wconf 84' lang='lat' dir='ltr'><strong>medium</strong></span> <span class='ocrx_word' id='word_1_300' title='bbox 1735 2207 2025 2271; x_wconf 86' lang='lat' dir='ltr'><strong>adducere,</strong></span> 
     </span>
    </p>
   </div>
   <div class='ocr_carea' id='block_1_40' title="bbox 446 2290 2031 2362">
    <p class='ocr_par' dir='ltr' id='par_1_40' title="bbox 446 2290 2031 2362">
     <span class='ocr_line' id='line_1_40' title="bbox 446 2290 2031 2362; baseline 0.005 -19"><span class='ocrx_word' id='word_1_301' title='bbox 446 2290 665 2359; x_wconf 85' lang='lat' dir='ltr'><strong>etquod</strong></span> <span class='ocrx_word' id='word_1_302' title='bbox 699 2300 783 2344; x_wconf 91' lang='lat' dir='ltr'><strong>est</strong></span> <span class='ocrx_word' id='word_1_303' title='bbox 829 2292 1014 2345; x_wconf 87' lang='lat' dir='ltr'><strong>auditu</strong></span> <span class='ocrx_word' id='word_1_304' title='bbox 1082 2292 1329 2362; x_wconf 88' lang='lat' dir='ltr'><strong>inprimis</strong></span> <span class='ocrx_word' id='word_1_305' title='bbox 1359 2294 1636 2351; x_wconf 88' lang='lat' dir='ltr'><strong>horribile.</strong></span> <span class='ocrx_word' id='word_1_306' title='bbox 1665 2297 1769 2351; x_wconf 89' lang='lat' dir='ltr'><strong>Sed</strong></span> <span class='ocrx_word' id='word_1_307' title='bbox 1827 2309 1906 2353; x_wconf 91' lang='lat' dir='ltr'><strong>est</strong></span> <span class='ocrx_word' id='word_1_308' title='bbox 1935 2298 2031 2352; x_wconf 90' lang='lat' dir='ltr'><strong>ad-</strong></span> 
     </span>
    </p>
   </div>
   <div class='ocr_carea' id='block_1_41' title="bbox 447 2381 2026 2459">
    <p class='ocr_par' dir='ltr' id='par_1_41' title="bbox 447 2381 2026 2459">
     <span class='ocr_line' id='line_1_41' title="bbox 447 2381 2026 2459; baseline 0.005 -24"><span class='ocrx_word' id='word_1_309' title='bbox 447 2381 721 2436; x_wconf 86' lang='lat' dir='ltr'><strong>hibendus</strong></span> <span class='ocrx_word' id='word_1_310' title='bbox 744 2383 982 2437; x_wconf 86' lang='lat' dir='ltr'><strong>animus.</strong></span> <span class='ocrx_word' id='word_1_311' title='bbox 1017 2383 1227 2437; x_wconf 70' lang='lat' dir='ltr'><strong>Etenim</strong></span> <span class='ocrx_word' id='word_1_312' title='bbox 1258 2401 1367 2439; x_wconf 91' lang='lat' dir='ltr'><strong>non</strong></span> <span class='ocrx_word' id='word_1_313' title='bbox 1416 2387 1597 2442; x_wconf 89' lang='lat' dir='ltr'><strong>minus</strong></span> <span class='ocrx_word' id='word_1_314' title='bbox 1647 2401 1813 2455; x_wconf 85' lang='lat' dir='ltr'><strong>metu,</strong></span> <span class='ocrx_word' id='word_1_315' title='bbox 1866 2406 2026 2459; x_wconf 89' lang='lat' dir='ltr'><strong>quam</strong></span> 
     </span>
    </p>
   </div>
   <div class='ocr_carea' id='block_1_42' title="bbox 446 2474 2029 2549">
    <p class='ocr_par' dir='ltr' id='par_1_42' title="bbox 446 2474 2029 2549">
     <span class='ocr_line' id='line_1_42' title="bbox 446 2474 2029 2549; baseline 0.006 -22"><span class='ocrx_word' id='word_1_316' title='bbox 446 2474 728 2542; x_wconf 80' lang='lat' dir='ltr'><strong>voluptate</strong></span> <span class='ocrx_word' id='word_1_317' title='bbox 789 2478 973 2530; x_wconf 73' lang='lat' dir='ltr'><strong>mixta‘</strong></span> <span class='ocrx_word' id='word_1_318' title='bbox 999 2484 1081 2530; x_wconf 92' lang='lat' dir='ltr'><strong>est</strong></span> <span class='ocrx_word' id='word_1_319' title='bbox 1136 2480 1396 2533; x_wconf 83' lang='lat' dir='ltr'><strong>narratio.</strong></span> <span class='ocrx_word' id='word_1_320' title='bbox 1436 2477 1548 2532; x_wconf 86' lang='lat' dir='ltr'><strong>Viri</strong></span> <span class='ocrx_word' id='word_1_321' title='bbox 1605 2480 1824 2549; x_wconf 89' lang='lat' dir='ltr'><strong>quidam</strong></span> <span class='ocrx_word' id='word_1_322' title='bbox 1877 2491 2029 2537; x_wconf 88' lang='lat' dir='ltr'><strong>veste</strong></span> 
     </span>
    </p>
   </div>
   <div class='ocr_carea' id='block_1_43' title="bbox 447 2560 2030 2638">
    <p class='ocr_par' dir='ltr' id='par_1_43' title="bbox 447 2560 2030 2638">
     <span class='ocr_line' id='line_1_43' title="bbox 447 2560 2030 2638; baseline 0.006 -24"><span class='ocrx_word' id='word_1_323' title='bbox 447 2560 688 2626; x_wconf 82' lang='lat' dir='ltr'><strong>candidi,</strong></span> <span class='ocrx_word' id='word_1_324' title='bbox 713 2574 934 2632; x_wconf 85' lang='lat' dir='ltr'><strong>aspectu</strong></span> <span class='ocrx_word' id='word_1_325' title='bbox 969 2565 1261 2630; x_wconf 85' lang='lat' dir='ltr'><strong>terribiles,</strong></span> <span class='ocrx_word' id='word_1_326' title='bbox 1292 2582 1323 2621; x_wconf 88' lang='lat' dir='ltr'><strong>e</strong></span> <span class='ocrx_word' id='word_1_327' title='bbox 1355 2568 1495 2623; x_wconf 65' lang='lat' dir='ltr'><strong>eiulo</strong></span> <span class='ocrx_word' id='word_1_328' title='bbox 1514 2569 1733 2638; x_wconf 89' lang='lat' dir='ltr'><strong>quidem</strong></span> <span class='ocrx_word' id='word_1_329' title='bbox 1766 2569 1867 2624; x_wconf 81' lang='lat' dir='ltr'><strong>visi</strong></span> <span class='ocrx_word' id='word_1_330' title='bbox 1900 2579 2030 2624; x_wconf 92' lang='lat' dir='ltr'><strong>sunt</strong></span> 
     </span>
    </p>
   </div>
   <div class='ocr_carea' id='block_1_44' title="bbox 448 2644 2029 2731">
    <p class='ocr_par' dir='ltr' id='par_1_44' title="bbox 448 2644 2029 2731">
     <span class='ocr_line' id='line_1_44' title="bbox 448 2644 2029 2731; baseline 0.008 -27"><span class='ocrx_word' id='word_1_331' title='bbox 448 2650 515 2705; x_wconf 91' lang='lat' dir='ltr'><strong>ad</strong></span> <span class='ocrx_word' id='word_1_332' title='bbox 550 2644 674 2705; x_wconf 86' lang='lat' dir='ltr'><strong>eum</strong></span> <span class='ocrx_word' id='word_1_333' title='bbox 694 2653 1027 2709; x_wconf 82' lang='lat' dir='ltr'><strong>descendere</strong></span> <span class='ocrx_word' id='word_1_334' title='bbox 1060 2673 1072 2709; x_wconf 95' lang='lat'>:</span> <span class='ocrx_word' id='word_1_335' title='bbox 1103 2654 1301 2710; x_wconf 63' lang='lat' dir='ltr'><strong>Joanni</strong></span> <span class='ocrx_word' id='word_1_336' title='bbox 1328 2673 1459 2714; x_wconf 74' lang='lat' dir='ltr'><strong>vero</strong></span> <span class='ocrx_word' id='word_1_337' title='bbox 1504 2658 1685 2729; x_wconf 80' lang='lat' dir='ltr'><strong>lingua</strong></span> <span class='ocrx_word' id='word_1_338' title='bbox 1721 2676 1908 2724; x_wconf 89' lang='lat' dir='ltr'><strong>aureo,</strong></span> <span class='ocrx_word' id='word_1_339' title='bbox 1935 2662 2029 2731; x_wconf 88' lang='lat' dir='ltr'><strong>qui</strong></span> 
     </span>
    </p>
   </div>
   <div class='ocr_carea' id='block_1_45' title="bbox 447 2741 2029 2823">
    <p class='ocr_par' dir='ltr' id='par_1_45' title="bbox 447 2741 2029 2823">
     <span class='ocr_line' id='line_1_45' title="bbox 447 2741 2029 2823; baseline 0.009 -30"><span class='ocrx_word' id='word_1_340' title='bbox 447 2741 568 2810; x_wconf 90' lang='lat' dir='ltr'><strong>ipse</strong></span> <span class='ocrx_word' id='word_1_341' title='bbox 596 2758 814 2813; x_wconf 89' lang='lat' dir='ltr'><strong>quoque</strong></span> <span class='ocrx_word' id='word_1_342' title='bbox 855 2757 1021 2800; x_wconf 89' lang='lat' dir='ltr'><strong>noctu</strong></span> <span class='ocrx_word' id='word_1_343' title='bbox 1089 2749 1430 2816; x_wconf 86' lang='lat' dir='ltr'><strong>precabatur,</strong></span> <span class='ocrx_word' id='word_1_344' title='bbox 1472 2752 1655 2805; x_wconf 87' lang='lat' dir='ltr'><strong>venire</strong></span> <span class='ocrx_word' id='word_1_345' title='bbox 1690 2752 1742 2805; x_wconf 92' lang='lat' dir='ltr'><strong>in</strong></span> <span class='ocrx_word' id='word_1_346' title='bbox 1793 2769 2029 2823; x_wconf 84' lang='lat' dir='ltr'><strong>conspe-</strong></span> 
     </span>
    </p>
   </div>
   <div class='ocr_carea' id='block_1_46' title="bbox 446 2833 2031 2911">
    <p class='ocr_par' dir='ltr' id='par_1_46' title="bbox 446 2833 2031 2911">
     <span class='ocr_line' id='line_1_46' title="bbox 446 2833 2031 2911; baseline 0.008 -24"><span class='ocrx_word' id='word_1_347' title='bbox 446 2840 619 2887; x_wconf 88' lang='lat' dir='ltr'><strong>ctum.</strong></span> <span class='ocrx_word' id='word_1_348' title='bbox 651 2833 762 2889; x_wconf 87' lang='lat' dir='ltr'><strong>Visi</strong></span> <span class='ocrx_word' id='word_1_349' title='bbox 790 2846 919 2891; x_wconf 91' lang='lat' dir='ltr'><strong>sunt</strong></span> <span class='ocrx_word' id='word_1_350' title='bbox 941 2850 1145 2903; x_wconf 89' lang='lat' dir='ltr'><strong>autem,</strong></span> <span class='ocrx_word' id='word_1_351' title='bbox 1172 2857 1314 2896; x_wconf 92' lang='lat' dir='ltr'><strong>unus</strong></span> <span class='ocrx_word' id='word_1_352' title='bbox 1347 2842 1566 2911; x_wconf 84' lang='lat' dir='ltr'><strong>quidem</strong></span> <span class='ocrx_word' id='word_1_353' title='bbox 1611 2843 1833 2907; x_wconf 88' lang='lat' dir='ltr'><strong>librum,</strong></span> <span class='ocrx_word' id='word_1_354' title='bbox 1891 2847 2031 2900; x_wconf 87' lang='lat' dir='ltr'><strong>alter</strong></span> 
     </span>
    </p>
   </div>
   <div class='ocr_carea' id='block_1_47' title="bbox 446 2927 2029 2994">
    <p class='ocr_par' dir='ltr' id='par_1_47' title="bbox 446 2927 2029 2994">
     <span class='ocr_line' id='line_1_47' title="bbox 446 2927 2029 2994; baseline 0.011 -17"><span class='ocrx_word' id='word_1_355' title='bbox 446 2932 630 2981; x_wconf 79' lang='lat' dir='ltr'><strong>autem</strong></span> <span class='ocrx_word' id='word_1_356' title='bbox 652 2927 831 2983; x_wconf 89' lang='lat' dir='ltr'><strong>claves</strong></span> <span class='ocrx_word' id='word_1_357' title='bbox 880 2930 1081 2985; x_wconf 86' lang='lat' dir='ltr'><strong>habere</strong></span> <span class='ocrx_word' id='word_1_358' title='bbox 1120 2932 1174 2986; x_wconf 91' lang='lat' dir='ltr'><strong>in</strong></span> <span class='ocrx_word' id='word_1_359' title='bbox 1209 2934 1481 2988; x_wconf 86' lang='lat' dir='ltr'><strong>manibus.</strong></span> <span class='ocrx_word' id='word_1_360' title='bbox 1533 2935 1734 2990; x_wconf 78' lang='lat' dir='ltr'><strong>Deinde</strong></span> <span class='ocrx_word' id='word_1_361' title='bbox 1792 2938 2029 2994; x_wconf 86' lang='lat' dir='ltr'><strong>Joannes</strong></span> 
     </span>
    </p>
   </div>
   <div class='ocr_carea' id='block_1_48' title="bbox 448 3019 2031 3095">
    <p class='ocr_par' dir='ltr' id='par_1_48' title="bbox 448 3019 2031 3095">
     <span class='ocr_line' id='line_1_48' title="bbox 448 3019 2031 3095; baseline 0.009 -25"><span class='ocrx_word' id='word_1_362' title='bbox 448 3031 585 3072; x_wconf 86' lang='lat' dir='ltr'><strong>nova</strong></span> <span class='ocrx_word' id='word_1_363' title='bbox 613 3019 701 3075; x_wconf 88' lang='lat' dir='ltr'><strong>illa</strong></span> <span class='ocrx_word' id='word_1_364' title='bbox 735 3036 923 3077; x_wconf 91' lang='lat' dir='ltr'><strong>eorum</strong></span> <span class='ocrx_word' id='word_1_365' title='bbox 962 3023 1135 3090; x_wconf 82' lang='lat' dir='ltr'><strong>forma</strong></span> <span class='ocrx_word' id='word_1_366' title='bbox 1194 3025 1627 3095; x_wconf 83' lang='lat' dir='ltr'><strong>obstupefactus.</strong></span> <span class='ocrx_word' id='word_1_367' title='bbox 1682 3030 1876 3084; x_wconf 91' lang='lat' dir='ltr'><strong>timore</strong></span> <span class='ocrx_word' id='word_1_368' title='bbox 1931 3030 2031 3085; x_wconf 86' lang='lat' dir='ltr'><strong>fuit</strong></span> 
     </span>
    </p>
   </div>
   <div class='ocr_carea' id='block_1_49' title="bbox 448 3115 2027 3186">
    <p class='ocr_par' dir='ltr' id='par_1_49' title="bbox 448 3115 2027 3186">
     <span class='ocr_line' id='line_1_49' title="bbox 448 3115 2027 3186; baseline 0.008 -23"><span class='ocrx_word' id='word_1_369' title='bbox 448 3123 755 3180; x_wconf 89' lang='lat' dir='ltr'><strong>correptus.</strong></span> <span class='ocrx_word' id='word_1_370' title='bbox 781 3123 838 3168; x_wconf 91' lang='lat' dir='ltr'><strong>et</strong></span> <span class='ocrx_word' id='word_1_371' title='bbox 865 3130 923 3169; x_wconf 82' lang='lat' dir='ltr'><strong>se</strong></span> <span class='ocrx_word' id='word_1_372' title='bbox 952 3115 1283 3170; x_wconf 84' lang='lat' dir='ltr'><strong>simulhunu</strong></span> <span class='ocrx_word' id='word_1_373' title='bbox 1316 3118 1531 3186; x_wconf 87' lang='lat' dir='ltr'><strong>dejccit.</strong></span> <span class='ocrx_word' id='word_1_374' title='bbox 1558 3118 1636 3173; x_wconf 92' lang='lat' dir='ltr'><strong>Illi</strong></span> <span class='ocrx_word' id='word_1_375' title='bbox 1679 3129 1859 3175; x_wconf 86' lang='lat' dir='ltr'><strong>autem</strong></span> <span class='ocrx_word' id='word_1_376' title='bbox 1904 3138 2027 3177; x_wconf 89' lang='lat' dir='ltr'><strong>cum</strong></span> 
     </span>
    </p>
   </div>
   <div class='ocr_carea' id='block_1_50' title="bbox 451 3204 2031 3278">
    <p class='ocr_par' dir='ltr' id='par_1_50' title="bbox 451 3204 2031 3278">
     <span class='ocr_line' id='line_1_50' title="bbox 451 3204 2031 3278; baseline 0.009 -24"><span class='ocrx_word' id='word_1_377' title='bbox 451 3216 616 3256; x_wconf 87' lang='lat' dir='ltr'><strong>manu</strong></span> <span class='ocrx_word' id='word_1_378' title='bbox 644 3204 1141 3272; x_wconf 83' lang='lat' dir='ltr'><strong>apprehendentes,</strong></span> <span class='ocrx_word' id='word_1_379' title='bbox 1175 3209 1392 3278; x_wconf 81' lang='lat' dir='ltr'><strong>erigunt</strong></span> <span class='ocrx_word' id='word_1_380' title='bbox 1423 3218 1479 3263; x_wconf 90' lang='lat' dir='ltr'><strong>et</strong></span> <span class='ocrx_word' id='word_1_381' title='bbox 1515 3219 1660 3265; x_wconf 81' lang='lat' dir='ltr'><strong>metu</strong></span> <span class='ocrx_word' id='word_1_382' title='bbox 1707 3212 1943 3277; x_wconf 88' lang='lat' dir='ltr'><strong>solvunt,</strong></span> <span class='ocrx_word' id='word_1_383' title='bbox 1975 3224 2031 3269; x_wconf 90' lang='lat' dir='ltr'><strong>et</strong></span> 
     </span>
    </p>
   </div>
   <div class='ocr_carea' id='block_1_51' title="bbox 447 3292 2031 3378">
    <p class='ocr_par' dir='ltr' id='par_1_51' title="bbox 447 3292 2031 3378">
     <span class='ocr_line' id='line_1_51' title="bbox 447 3292 2031 3378; baseline 0.011 -33"><span class='ocrx_word' id='word_1_384' title='bbox 447 3292 644 3361; x_wconf 86' lang='lat' dir='ltr'><strong>jnbent</strong></span> <span class='ocrx_word' id='word_1_385' title='bbox 671 3311 793 3349; x_wconf 90' lang='lat' dir='ltr'><strong>eum</strong></span> <span class='ocrx_word' id='word_1_386' title='bbox 831 3312 952 3351; x_wconf 89' lang='lat' dir='ltr'><strong>esse</strong></span> <span class='ocrx_word' id='word_1_387' title='bbox 981 3300 1127 3353; x_wconf 91' lang='lat' dir='ltr'><strong>bono</strong></span> <span class='ocrx_word' id='word_1_388' title='bbox 1156 3302 1359 3357; x_wconf 90' lang='lat' dir='ltr'><strong>animo.</strong></span> <span class='ocrx_word' id='word_1_389' title='bbox 1410 3303 1546 3358; x_wconf 92' lang='lat' dir='ltr'><strong>Cum</strong></span> <span class='ocrx_word' id='word_1_390' title='bbox 1603 3321 1731 3359; x_wconf 86' lang='lat' dir='ltr'><strong>vero</strong></span> <span class='ocrx_word' id='word_1_391' title='bbox 1786 3320 2031 3378; x_wconf 81' lang='lat' dir='ltr'><strong>rogasset</strong></span> 
     </span>
    </p>
   </div>
   <div class='ocr_carea' id='block_1_52' title="bbox 452 3384 2029 3465">
    <p class='ocr_par' dir='ltr' id='par_1_52' title="bbox 452 3384 2029 3465">
     <span class='ocr_line' id='line_1_52' title="bbox 452 3384 2029 3465; baseline 0.01 -29"><span class='ocrx_word' id='word_1_392' title='bbox 452 3399 680 3455; x_wconf 71' lang='lat' dir='ltr'><strong>magnus</strong></span> <span class='ocrx_word' id='word_1_393' title='bbox 718 3384 978 3452; x_wconf 91' lang='lat' dir='ltr'><strong>Joannes,</strong></span> <span class='ocrx_word' id='word_1_394' title='bbox 1042 3390 1266 3459; x_wconf 87' lang='lat' dir='ltr'><strong>quinam</strong></span> <span class='ocrx_word' id='word_1_395' title='bbox 1326 3407 1531 3459; x_wconf 89' lang='lat' dir='ltr'><strong>essent,</strong></span> <span class='ocrx_word' id='word_1_396' title='bbox 1587 3396 1676 3465; x_wconf 87' lang='lat' dir='ltr'><strong>qui</strong></span> <span class='ocrx_word' id='word_1_397' title='bbox 1727 3412 1848 3450; x_wconf 88' lang='lat' dir='ltr'><strong>curn</strong></span> <span class='ocrx_word' id='word_1_398' title='bbox 1895 3399 2029 3453; x_wconf 89' lang='lat' dir='ltr'><strong>tanti</strong></span> 
     </span>
    </p>
   </div>
   <div class='ocr_carea' id='block_1_53' title="bbox 450 3479 2030 3553">
    <p class='ocr_par' dir='ltr' id='par_1_53' title="bbox 450 3479 2030 3553">
     <span class='ocr_line' id='line_1_53' title="bbox 450 3479 2030 3553; baseline 0.009 -24"><span class='ocrx_word' id='word_1_399' title='bbox 450 3486 653 3533; x_wconf 78' lang='lat' dir='ltr'><strong>essent,</strong></span> <span class='ocrx_word' id='word_1_400' title='bbox 691 3479 755 3532; x_wconf 92' lang='lat' dir='ltr'><strong>ad</strong></span> <span class='ocrx_word' id='word_1_401' title='bbox 785 3494 909 3533; x_wconf 90' lang='lat' dir='ltr'><strong>eum</strong></span> <span class='ocrx_word' id='word_1_402' title='bbox 941 3482 1193 3536; x_wconf 84' lang='lat' dir='ltr'><strong>venirent</strong></span> <span class='ocrx_word' id='word_1_403' title='bbox 1226 3502 1238 3537; x_wconf 94' lang='lat'>:</span> <span class='ocrx_word' id='word_1_404' title='bbox 1270 3487 1363 3540; x_wconf 91' lang='lat' dir='ltr'><strong>sed</strong></span> <span class='ocrx_word' id='word_1_405' title='bbox 1398 3503 1465 3540; x_wconf 92' lang='lat' dir='ltr'><strong>ne</strong></span> <span class='ocrx_word' id='word_1_406' title='bbox 1504 3488 1715 3553; x_wconf 85' lang='lat' dir='ltr'><strong>timeas,</strong></span> <span class='ocrx_word' id='word_1_407' title='bbox 1755 3489 1829 3543; x_wconf 89' lang='lat' dir='ltr'><strong>illi</strong></span> <span class='ocrx_word' id='word_1_408' title='bbox 1867 3490 2030 3544; x_wconf 71' lang='lat' dir='ltr'><strong>dixe~</strong></span> 
     </span>
    </p>
   </div>
   <div class='ocr_carea' id='block_1_54' title="bbox 454 3567 2036 3636">
    <p class='ocr_par' dir='ltr' id='par_1_54' title="bbox 454 3567 2036 3636">
     <span class='ocr_line' id='line_1_54' title="bbox 454 3567 2036 3636; baseline 0.011 -18"><span class='ocrx_word' id='word_1_409' title='bbox 454 3576 603 3619; x_wconf 82' lang='lat' dir='ltr'><strong>runt.</strong></span> <span class='ocrx_word' id='word_1_410' title='bbox 633 3567 741 3623; x_wconf 88' lang='lat' dir='ltr'><strong>Nos</strong></span> <span class='ocrx_word' id='word_1_411' title='bbox 761 3571 907 3624; x_wconf 90' lang='lat' dir='ltr'><strong>enim</strong></span> <span class='ocrx_word' id='word_1_412' title='bbox 937 3572 1190 3628; x_wconf 84' lang='lat' dir='ltr'><strong>venimus</strong></span> <span class='ocrx_word' id='word_1_413' title='bbox 1224 3575 1288 3630; x_wconf 87' lang='lat' dir='ltr'><strong>ad</strong></span> <span class='ocrx_word' id='word_1_414' title='bbox 1330 3584 1400 3636; x_wconf 85' lang='lat' dir='ltr'><strong>te.</strong></span> <span class='ocrx_word' id='word_1_415' title='bbox 1436 3578 1586 3631; x_wconf 87' lang='lat' dir='ltr'><strong>missi</strong></span> <span class='ocrx_word' id='word_1_416' title='bbox 1614 3595 1643 3631; x_wconf 90' lang='lat' dir='ltr'><strong>a</strong></span> <span class='ocrx_word' id='word_1_417' title='bbox 1673 3579 1910 3635; x_wconf 86' lang='lat' dir='ltr'><strong>Christo.</strong></span> <span class='ocrx_word' id='word_1_418' title='bbox 1944 3581 2036 3636; x_wconf 89' lang='lat' dir='ltr'><strong>Sic</strong></span> 
     </span>
    </p>
   </div>
   <div class='ocr_carea' id='block_1_55' title="bbox 453 3659 2032 3741">
    <p class='ocr_par' dir='ltr' id='par_1_55' title="bbox 453 3659 2032 3741">
     <span class='ocr_line' id='line_1_55' title="bbox 453 3659 2032 3741; baseline 0.009 -28"><span class='ocrx_word' id='word_1_419' title='bbox 453 3659 733 3721; x_wconf 71' lang='lat' dir='ltr'><strong>dixerunt.</strong></span> <span class='ocrx_word' id='word_1_420' title='bbox 774 3675 826 3717; x_wconf 87' lang='lat' dir='ltr'><strong>ct</strong></span> <span class='ocrx_word' id='word_1_421' title='bbox 854 3664 1034 3718; x_wconf 86' lang='lat' dir='ltr'><strong>statim</strong></span> <span class='ocrx_word' id='word_1_422' title='bbox 1085 3665 1219 3719; x_wconf 87' lang='lat' dir='ltr'><strong>alter</strong></span> <span class='ocrx_word' id='word_1_423' title='bbox 1248 3682 1436 3721; x_wconf 88' lang='lat' dir='ltr'><strong>eorum</strong></span> <span class='ocrx_word' id='word_1_424' title='bbox 1484 3684 1679 3723; x_wconf 89' lang='lat' dir='ltr'><strong>manus</strong></span> <span class='ocrx_word' id='word_1_425' title='bbox 1732 3671 2032 3741; x_wconf 73' lang='lat' dir='ltr'><strong>porrigens,</strong></span> 
     </span>
    </p>
   </div>
   <div class='ocr_carea' id='block_1_56' title="bbox 452 3751 2033 3833">
    <p class='ocr_par' dir='ltr' id='par_1_56' title="bbox 452 3751 2033 3833">
     <span class='ocr_line' id='line_1_56' title="bbox 452 3751 2033 3833; baseline 0.008 -28"><span class='ocrx_word' id='word_1_426' title='bbox 452 3751 588 3807; x_wconf 88' lang='lat' dir='ltr'><strong>dlcit</strong></span> <span class='ocrx_word' id='word_1_427' title='bbox 617 3768 631 3804; x_wconf 88' lang='lat'><strong>:</strong></span> <span class='ocrx_word' id='word_1_428' title='bbox 660 3752 775 3809; x_wconf 88' lang='lat' dir='ltr'><strong>lloc</strong></span> <span class='ocrx_word' id='word_1_429' title='bbox 812 3757 1021 3827; x_wconf 88' lang='lat' dir='ltr'><strong>accipe.</strong></span> <span class='ocrx_word' id='word_1_430' title='bbox 1054 3756 1109 3811; x_wconf 89' lang='lat' dir='ltr'><strong>Id</strong></span> <span class='ocrx_word' id='word_1_431' title='bbox 1134 3771 1315 3813; x_wconf 80' lang='lat' dir='ltr'><strong>autem</strong></span> <span class='ocrx_word' id='word_1_432' title='bbox 1344 3769 1463 3814; x_wconf 90' lang='lat' dir='ltr'><strong>erat</strong></span> <span class='ocrx_word' id='word_1_433' title='bbox 1510 3761 1669 3816; x_wconf 90' lang='lat' dir='ltr'><strong>liber.</strong></span> <span class='ocrx_word' id='word_1_434' title='bbox 1717 3763 1829 3833; x_wconf 80' lang='lat' dir='ltr'><strong>Ego</strong></span> <span class='ocrx_word' id='word_1_435' title='bbox 1863 3765 2033 3829; x_wconf 89' lang='lat' dir='ltr'><strong>enim,</strong></span> 
     </span>
    </p>
   </div>
   <div class='ocr_carea' id='block_1_57' title="bbox 452 3845 2035 3925">
    <p class='ocr_par' dir='ltr' id='par_1_57' title="bbox 452 3845 2035 3925">
     <span class='ocr_line' id='line_1_57' title="bbox 452 3845 2035 3925; baseline 0.008 -27"><span class='ocrx_word' id='word_1_436' title='bbox 452 3845 649 3915; x_wconf 84' lang='lat' dir='ltr'><strong>inquit,</strong></span> <span class='ocrx_word' id='word_1_437' title='bbox 670 3862 788 3901; x_wconf 81' lang='lat' dir='ltr'><strong>sunt</strong></span> <span class='ocrx_word' id='word_1_438' title='bbox 819 3848 1078 3914; x_wconf 88' lang='lat' dir='ltr'><strong>Joannes,</strong></span> <span class='ocrx_word' id='word_1_439' title='bbox 1108 3851 1195 3905; x_wconf 93' lang='lat' dir='ltr'><strong>cui</strong></span> <span class='ocrx_word' id='word_1_440' title='bbox 1239 3852 1334 3906; x_wconf 90' lang='lat' dir='ltr'><strong>Dei</strong></span> <span class='ocrx_word' id='word_1_441' title='bbox 1395 3853 1663 3923; x_wconf 88' lang='lat' dir='ltr'><strong>sapientia</strong></span> <span class='ocrx_word' id='word_1_442' title='bbox 1697 3864 1889 3925; x_wconf 87' lang='lat' dir='ltr'><strong>pectus</strong></span> <span class='ocrx_word' id='word_1_443' title='bbox 1947 3856 2035 3911; x_wconf 88' lang='lat' dir='ltr'><strong>di-</strong></span> 
     </span>
    </p>
   </div>
   <div class='ocr_carea' id='block_1_58' title="bbox 454 3939 2036 4013">
    <p class='ocr_par' dir='ltr' id='par_1_58' title="bbox 454 3939 2036 4013">
     <span class='ocr_line' id='line_1_58' title="bbox 454 3939 2036 4013; baseline 0.006 -22"><span class='ocrx_word' id='word_1_444' title='bbox 454 3939 604 3991; x_wconf 88' lang='lat' dir='ltr'><strong>misit</strong></span> <span class='ocrx_word' id='word_1_445' title='bbox 633 3948 688 3993; x_wconf 91' lang='lat' dir='ltr'><strong>ct</strong></span> <span class='ocrx_word' id='word_1_446' title='bbox 709 3941 957 4007; x_wconf 90' lang='lat' dir='ltr'><strong>permisit</strong></span> <span class='ocrx_word' id='word_1_447' title='bbox 983 3942 1026 4003; x_wconf 82' lang='grc'><strong>⁸,</strong></span> <span class='ocrx_word' id='word_1_448' title='bbox 1080 3951 1141 3997; x_wconf 93' lang='lat' dir='ltr'><strong>ut</strong></span> <span class='ocrx_word' id='word_1_449' title='bbox 1194 3957 1359 4012; x_wconf 88' lang='lat' dir='ltr'><strong>super</strong></span> <span class='ocrx_word' id='word_1_450' title='bbox 1420 3944 1597 4013; x_wconf 88' lang='lat' dir='ltr'><strong>ipsum</strong></span> <span class='ocrx_word' id='word_1_451' title='bbox 1662 3947 2036 4001; x_wconf 87' lang='lat' dir='ltr'><strong>rccumbercm</strong></span> 
     </span>
    </p>
   </div>
   <div class='ocr_carea' id='block_1_59' title="bbox 452 4030 2033 4106">
    <p class='ocr_par' dir='ltr' id='par_1_59' title="bbox 452 4030 2033 4106">
     <span class='ocr_line' id='line_1_59' title="bbox 452 4030 2033 4106; baseline 0.007 -24"><span class='ocrx_word' id='word_1_452' title='bbox 452 4030 592 4084; x_wconf 85' lang='lat' dir='ltr'><strong>nihil</strong></span> <span class='ocrx_word' id='word_1_453' title='bbox 618 4033 844 4085; x_wconf 79' lang='lat' dir='ltr'><strong>veritus.</strong></span> <span class='ocrx_word' id='word_1_454' title='bbox 878 4032 1007 4099; x_wconf 65' lang='lat' dir='ltr'><strong>Quae</strong></span> <span class='ocrx_word' id='word_1_455' title='bbox 1038 4035 1136 4088; x_wconf 88' lang='lat' dir='ltr'><strong>tibi</strong></span> <span class='ocrx_word' id='word_1_456' title='bbox 1165 4051 1380 4105; x_wconf 88' lang='lat' dir='ltr'><strong>quoque</strong></span> <span class='ocrx_word' id='word_1_457' title='bbox 1408 4053 1505 4106; x_wconf 89' lang='lat' dir='ltr'><strong>per</strong></span> <span class='ocrx_word' id='word_1_458' title='bbox 1534 4052 1635 4091; x_wconf 90' lang='lat' dir='ltr'><strong>nos</strong></span> <span class='ocrx_word' id='word_1_459' title='bbox 1690 4036 1848 4093; x_wconf 80' lang='lat' dir='ltr'><strong>faciet</strong></span> <span class='ocrx_word' id='word_1_460' title='bbox 1889 4038 2033 4093; x_wconf 83' lang='lat' dir='ltr'><strong>Scri-</strong></span> 
     </span>
    </p>
   </div>
   <div class='ocr_carea' id='block_1_60' title="bbox 458 4127 2039 4196">
    <p class='ocr_par' dir='ltr' id='par_1_60' title="bbox 458 4127 2039 4196">
     <span class='ocr_line' id='line_1_60' title="bbox 458 4127 2039 4196; baseline 0.006 -18"><span class='ocrx_word' id='word_1_461' title='bbox 458 4133 647 4196; x_wconf 88' lang='lat' dir='ltr'><strong>pturas</strong></span> <span class='ocrx_word' id='word_1_462' title='bbox 668 4129 1070 4196; x_wconf 80' lang='lat' dir='ltr'><strong>comprehenso</strong></span> <span class='ocrx_word' id='word_1_463' title='bbox 1098 4127 1306 4192; x_wconf 83' lang='lat' dir='ltr'><strong>faciles,</strong></span> <span class='ocrx_word' id='word_1_464' title='bbox 1342 4141 1395 4184; x_wconf 91' lang='lat' dir='ltr'><strong>et</strong></span> <span class='ocrx_word' id='word_1_465' title='bbox 1421 4132 1657 4185; x_wconf 86' lang='lat' dir='ltr'><strong>deducet</strong></span> <span class='ocrx_word' id='word_1_466' title='bbox 1678 4133 1743 4185; x_wconf 90' lang='lat' dir='ltr'><strong>ad</strong></span> <span class='ocrx_word' id='word_1_467' title='bbox 1768 4133 1915 4186; x_wconf 90' lang='lat' dir='ltr'><strong>illius</strong></span> <span class='ocrx_word' id='word_1_468' title='bbox 1945 4149 2039 4187; x_wconf 87' lang='lat' dir='ltr'><strong>co-</strong></span> 
     </span>
    </p>
   </div>
   <div class='ocr_carea' id='block_1_61' title="bbox 455 4219 2035 4293">
    <p class='ocr_par' dir='ltr' id='par_1_61' title="bbox 455 4219 2035 4293">
     <span class='ocr_line' id='line_1_61' title="bbox 455 4219 2035 4293; baseline 0.004 -21"><span class='ocrx_word' id='word_1_469' title='bbox 455 4219 776 4291; x_wconf 74' lang='lat' dir='ltr'><strong>gnitionem.</strong></span> <span class='ocrx_word' id='word_1_470' title='bbox 809 4220 1072 4275; x_wconf 77' lang='lat' dir='ltr'><strong>Similiter</strong></span> <span class='ocrx_word' id='word_1_471' title='bbox 1109 4233 1289 4276; x_wconf 89' lang='lat' dir='ltr'><strong>autem</strong></span> <span class='ocrx_word' id='word_1_472' title='bbox 1357 4223 1494 4276; x_wconf 83' lang='lat' dir='ltr'><strong>alter</strong></span> <span class='ocrx_word' id='word_1_473' title='bbox 1550 4240 1766 4293; x_wconf 87' lang='lat' dir='ltr'><strong>quoque</strong></span> <span class='ocrx_word' id='word_1_474' title='bbox 1817 4240 2035 4279; x_wconf 90' lang='lat' dir='ltr'><strong>manum</strong></span> 
     </span>
    </p>
   </div>
   <div class='ocr_carea' id='block_1_62' title="bbox 457 4314 2038 4384">
    <p class='ocr_par' dir='ltr' id='par_1_62' title="bbox 457 4314 2038 4384">
     <span class='ocr_line' id='line_1_62' title="bbox 457 4314 2038 4384; baseline 0.003 -17"><span class='ocrx_word' id='word_1_475' title='bbox 457 4314 740 4384; x_wconf 85' lang='lat' dir='ltr'><strong>porrigens</strong></span> <span class='ocrx_word' id='word_1_476' title='bbox 764 4334 775 4368; x_wconf 91' lang='lat'>:</span> <span class='ocrx_word' id='word_1_477' title='bbox 810 4314 1030 4383; x_wconf 70' lang='lat' dir='ltr'><strong>Accipe,</strong></span> <span class='ocrx_word' id='word_1_478' title='bbox 1053 4315 1204 4377; x_wconf 85' lang='lat' dir='ltr'><strong>dicit,</strong></span> <span class='ocrx_word' id='word_1_479' title='bbox 1230 4316 1327 4369; x_wconf 90' lang='lat' dir='ltr'><strong>has</strong></span> <span class='ocrx_word' id='word_1_480' title='bbox 1349 4316 1548 4371; x_wconf 85' lang='lat' dir='ltr'><strong>claves.</strong></span> <span class='ocrx_word' id='word_1_481' title='bbox 1583 4317 1665 4371; x_wconf 83' lang='lat' dir='ltr'><strong>Me</strong></span> <span class='ocrx_word' id='word_1_482' title='bbox 1694 4330 1876 4371; x_wconf 88' lang='lat' dir='ltr'><strong>autem</strong></span> <span class='ocrx_word' id='word_1_483' title='bbox 1898 4318 2038 4372; x_wconf 88' lang='lat' dir='ltr'><strong>scias</strong></span> 
     </span>
    </p>
   </div>
   <div class='ocr_carea' id='block_1_63' title="bbox 456 4405 2038 4473">
    <p class='ocr_par' dir='ltr' id='par_1_63' title="bbox 456 4405 2038 4473">
     <span class='ocr_line' id='line_1_63' title="bbox 456 4405 2038 4473; baseline 0.003 -15"><span class='ocrx_word' id='word_1_484' title='bbox 456 4419 578 4459; x_wconf 90' lang='lat' dir='ltr'><strong>esse</strong></span> <span class='ocrx_word' id='word_1_485' title='bbox 607 4406 849 4471; x_wconf 86' lang='lat' dir='ltr'><strong>Petrum,</strong></span> <span class='ocrx_word' id='word_1_486' title='bbox 873 4406 962 4459; x_wconf 92' lang='lat' dir='ltr'><strong>cui</strong></span> <span class='ocrx_word' id='word_1_487' title='bbox 1015 4422 1092 4460; x_wconf 82' lang='lat' dir='ltr'><strong>cae</strong></span> <span class='ocrx_word' id='word_1_488' title='bbox 1116 4405 1332 4460; x_wconf 89' lang='lat' dir='ltr'><strong>fuerant</strong></span> <span class='ocrx_word' id='word_1_489' title='bbox 1361 4423 1389 4459; x_wconf 91' lang='lat' dir='ltr'><strong>a</strong></span> <span class='ocrx_word' id='word_1_490' title='bbox 1429 4405 1537 4461; x_wconf 91' lang='lat' dir='ltr'><strong>Deo</strong></span> <span class='ocrx_word' id='word_1_491' title='bbox 1572 4408 1801 4462; x_wconf 62' lang='lat' dir='ltr'><strong>traditae.</strong></span> <span class='ocrx_word' id='word_1_492' title='bbox 1865 4406 2038 4473; x_wconf 86' lang='lat' dir='ltr'><strong>Quem</strong></span> 
     </span>
    </p>
   </div>
   <div class='ocr_carea' id='block_1_64' title="bbox 454 4495 2036 4569">
    <p class='ocr_par' dir='ltr' id='par_1_64' title="bbox 454 4495 2036 4569">
     <span class='ocr_line' id='line_1_64' title="bbox 454 4495 2036 4569; baseline 0.004 -24"><span class='ocrx_word' id='word_1_493' title='bbox 454 4504 603 4545; x_wconf 78' lang='lat' dir='ltr'><strong>nunc.</strong></span> <span class='ocrx_word' id='word_1_494' title='bbox 632 4508 849 4562; x_wconf 84' lang='lat' dir='ltr'><strong>quoque</strong></span> <span class='ocrx_word' id='word_1_495' title='bbox 876 4495 1035 4548; x_wconf 88' lang='lat' dir='ltr'><strong>crede</strong></span> <span class='ocrx_word' id='word_1_496' title='bbox 1061 4511 1158 4564; x_wconf 87' lang='lat' dir='ltr'><strong>per</strong></span> <span class='ocrx_word' id='word_1_497' title='bbox 1181 4511 1267 4549; x_wconf 89' lang='lat' dir='ltr'><strong>me</strong></span> <span class='ocrx_word' id='word_1_498' title='bbox 1295 4496 1487 4550; x_wconf 88' lang='lat' dir='ltr'><strong>eadem</strong></span> <span class='ocrx_word' id='word_1_499' title='bbox 1521 4505 1573 4550; x_wconf 89' lang='lat' dir='ltr'><strong>te</strong></span> <span class='ocrx_word' id='word_1_500' title='bbox 1602 4497 1813 4567; x_wconf 81' lang='lat' dir='ltr'><strong>dignari</strong></span> <span class='ocrx_word' id='word_1_501' title='bbox 1843 4497 2036 4569; x_wconf 80' lang='lat' dir='ltr'><strong>gratia,</strong></span> 
     </span>
    </p>
   </div>
   <div class='ocr_carea' id='block_1_65' title="bbox 455 4583 2041 4660">
    <p class='ocr_par' dir='ltr' id='par_1_65' title="bbox 455 4583 2041 4660">
     <span class='ocr_line' id='line_1_65' title="bbox 455 4583 2041 4660; baseline 0.004 -22"><span class='ocrx_word' id='word_1_502' title='bbox 455 4583 593 4639; x_wconf 89' lang='lat' dir='ltr'><strong>adeo</strong></span> <span class='ocrx_word' id='word_1_503' title='bbox 646 4595 705 4639; x_wconf 91' lang='lat' dir='ltr'><strong>ut</strong></span> <span class='ocrx_word' id='word_1_504' title='bbox 753 4602 1090 4656; x_wconf 67' lang='lat' dir='ltr'><strong>quaecunque</strong></span> <span class='ocrx_word' id='word_1_505' title='bbox 1156 4588 1409 4659; x_wconf 68' lang='lat' dir='ltr'><strong>ligaveris</strong></span> <span class='ocrx_word' id='word_1_506' title='bbox 1449 4598 1546 4643; x_wconf 92' lang='lat' dir='ltr'><strong>ant</strong></span> <span class='ocrx_word' id='word_1_507' title='bbox 1594 4589 1823 4644; x_wconf 82' lang='lat' dir='ltr'><strong>solveris</strong></span> <span class='ocrx_word' id='word_1_508' title='bbox 1878 4605 2041 4660; x_wconf 88' lang='lat' dir='ltr'><strong>super</strong></span> 
     </span>
    </p>
   </div>
   <div class='ocr_carea' id='block_1_66' title="bbox 454 4681 2039 4744">
    <p class='ocr_par' dir='ltr' id='par_1_66' title="bbox 454 4681 2039 4744">
     <span class='ocr_line' id='line_1_66' title="bbox 454 4681 2039 4744; baseline 0.004 -11"><span class='ocrx_word' id='word_1_509' title='bbox 454 4689 674 4744; x_wconf 73' lang='lat' dir='ltr'><strong>terram,</strong></span> <span class='ocrx_word' id='word_1_510' title='bbox 710 4681 780 4735; x_wconf 91' lang='lat' dir='ltr'><strong>ita</strong></span> <span class='ocrx_word' id='word_1_511' title='bbox 812 4684 975 4737; x_wconf 87' lang='lat' dir='ltr'><strong>etiam</strong></span> <span class='ocrx_word' id='word_1_512' title='bbox 1002 4697 1061 4738; x_wconf 93' lang='lat' dir='ltr'><strong>se</strong></span> <span class='ocrx_word' id='word_1_513' title='bbox 1089 4683 1321 4738; x_wconf 80' lang='lat' dir='ltr'><strong>habeant</strong></span> <span class='ocrx_word' id='word_1_514' title='bbox 1351 4684 1404 4737; x_wconf 92' lang='lat' dir='ltr'><strong>in</strong></span> <span class='ocrx_word' id='word_1_515' title='bbox 1445 4684 1619 4740; x_wconf 65' lang='lat' dir='ltr'><strong>caelis.</strong></span> <span class='ocrx_word' id='word_1_516' title='bbox 1655 4685 1736 4739; x_wconf 82' lang='lat' dir='ltr'><strong>Ad</strong></span> <span class='ocrx_word' id='word_1_517' title='bbox 1766 4686 1882 4740; x_wconf 65' lang='lat' dir='ltr'><strong>haec</strong></span> <span class='ocrx_word' id='word_1_518' title='bbox 1915 4701 2039 4740; x_wconf 89' lang='lat' dir='ltr'><strong>cum</strong></span> 
     </span>
    </p>
   </div>
   <div class='ocr_carea' id='block_1_67' title="bbox 2139 2194 3715 2272">
    <p class='ocr_par' dir='ltr' id='par_1_67' title="bbox 2139 2194 3715 2272">
     <span class='ocr_line' id='line_1_67' title="bbox 2139 2194 3715 2272; baseline -0.002 -17"><span class='ocrx_word' id='word_1_519' title='bbox 2139 2203 2433 2272; x_wconf 75' lang='grc' dir='ltr'><strong>προσέχειν</strong></span> <span class='ocrx_word' id='word_1_520' title='bbox 2494 2201 2613 2253; x_wconf 86' lang='grc' dir='ltr'><strong>δέον</strong></span> <span class='ocrx_word' id='word_1_521' title='bbox 2663 2201 2754 2252; x_wconf 81' lang='grc' dir='ltr'><strong>τὸν</strong></span> <span class='ocrx_word' id='word_1_522' title='bbox 2794 2200 2937 2253; x_wconf 77' lang='grc' dir='ltr'><strong>νοῦν.</strong></span> <span class='ocrx_word' id='word_1_523' title='bbox 2972 2201 3086 2253; x_wconf 68' lang='grc' dir='ltr'><strong>Καὶ</strong></span> <span class='ocrx_word' id='word_1_524' title='bbox 3113 2200 3221 2269; x_wconf 77' lang='grc' dir='ltr'><strong>γὰρ</strong></span> <span class='ocrx_word' id='word_1_525' title='bbox 3250 2199 3403 2253; x_wconf 76' lang='grc' dir='ltr'><strong>οὐδὲν</strong></span> <span class='ocrx_word' id='word_1_526' title='bbox 3424 2194 3588 2269; x_wconf 74' lang='grc' dir='ltr'><strong>ἦττον</strong></span> <span class='ocrx_word' id='word_1_527' title='bbox 3617 2200 3715 2254; x_wconf 89' lang='grc' dir='ltr'><strong>τοῦ</strong></span> 
     </span>
    </p>
   </div>
   <div class='ocr_carea' id='block_1_68' title="bbox 2133 2291 3717 2365">
    <p class='ocr_par' dir='ltr' id='par_1_68' title="bbox 2133 2291 3717 2365">
     <span class='ocr_line' id='line_1_68' title="bbox 2133 2291 3717 2365; baseline -0.001 -19"><span class='ocrx_word' id='word_1_528' title='bbox 2133 2294 2299 2365; x_wconf 75' lang='grc' dir='ltr'><strong>φόϐου</strong></span> <span class='ocrx_word' id='word_1_529' title='bbox 2329 2294 2421 2345; x_wconf 74' lang='grc' dir='ltr'><strong>καὶ</strong></span> <span class='ocrx_word' id='word_1_530' title='bbox 2448 2293 2610 2365; x_wconf 75' lang='grc' dir='ltr'><strong>ἡδονῇ</strong></span> <span class='ocrx_word' id='word_1_531' title='bbox 2649 2291 3025 2364; x_wconf 81' lang='grc' dir='ltr'><strong>συγκέκραται</strong></span> <span class='ocrx_word' id='word_1_532' title='bbox 3054 2291 3116 2345; x_wconf 81' lang='grc' dir='ltr'><strong>τὸ</strong></span> <span class='ocrx_word' id='word_1_533' title='bbox 3146 2291 3417 2362; x_wconf 80' lang='grc' dir='ltr'><strong>διήγημα.</strong></span> <span class='ocrx_word' id='word_1_534' title='bbox 3443 2293 3548 2345; x_wconf 89' lang='grc' dir='ltr'><strong>Δύο</strong></span> <span class='ocrx_word' id='word_1_535' title='bbox 3569 2292 3717 2356; x_wconf 78' lang='grc' dir='ltr'><strong>τινὲς</strong></span> 
     </span>
    </p>
   </div>
   <div class='ocr_carea' id='block_1_69' title="bbox 2131 2381 3716 2455">
    <p class='ocr_par' dir='ltr' id='par_1_69' title="bbox 2131 2381 3716 2455">
     <span class='ocr_line' id='line_1_69' title="bbox 2131 2381 3716 2455; baseline -0.002 -16"><span class='ocrx_word' id='word_1_536' title='bbox 2131 2385 2322 2455; x_wconf 87' lang='grc' dir='ltr'><strong>ἄνδρες</strong></span> <span class='ocrx_word' id='word_1_537' title='bbox 2381 2385 2568 2437; x_wconf 68' lang='grc' dir='ltr'><strong>λευκοὶ</strong></span> <span class='ocrx_word' id='word_1_538' title='bbox 2592 2384 2688 2455; x_wconf 81' lang='grc' dir='ltr'><strong>τὴν</strong></span> <span class='ocrx_word' id='word_1_539' title='bbox 2719 2384 2936 2453; x_wconf 77' lang='grc' dir='ltr'><strong>στολὴν,</strong></span> <span class='ocrx_word' id='word_1_540' title='bbox 2981 2381 3205 2453; x_wconf 72' lang='grc' dir='ltr'><strong>φοϐεροὶ</strong></span> <span class='ocrx_word' id='word_1_541' title='bbox 3228 2384 3331 2453; x_wconf 82' lang='grc' dir='ltr'><strong>τὴν</strong></span> <span class='ocrx_word' id='word_1_542' title='bbox 3362 2383 3512 2452; x_wconf 65' lang='grc' dir='ltr'><strong>ὄψιν,</strong></span> <span class='ocrx_word' id='word_1_543' title='bbox 3546 2382 3716 2455; x_wconf 83' lang='grc' dir='ltr'><strong>ούρα-</strong></span> 
     </span>
    </p>
   </div>
   <div class='ocr_carea' id='block_1_70' title="bbox 2131 2472 3720 2545">
    <p class='ocr_par' dir='ltr' id='par_1_70' title="bbox 2131 2472 3720 2545">
     <span class='ocr_line' id='line_1_70' title="bbox 2131 2472 3720 2545; baseline -0.002 -17"><span class='ocrx_word' id='word_1_544' title='bbox 2131 2476 2284 2529; x_wconf 87' lang='grc' dir='ltr'><strong>νόθεν</strong></span> <span class='ocrx_word' id='word_1_545' title='bbox 2314 2475 2502 2541; x_wconf 77' lang='grc' dir='ltr'><strong>ἔδοξαν</strong></span> <span class='ocrx_word' id='word_1_546' title='bbox 2533 2474 2681 2544; x_wconf 78' lang='grc' dir='ltr'><strong>αὐτῷ</strong></span> <span class='ocrx_word' id='word_1_547' title='bbox 2712 2474 3015 2538; x_wconf 83' lang='grc' dir='ltr'><strong>κατελθεῖν,</strong></span> <span class='ocrx_word' id='word_1_548' title='bbox 3049 2474 3144 2528; x_wconf 75' lang='grc' dir='ltr'><strong>καὶ</strong></span> <span class='ocrx_word' id='word_1_549' title='bbox 3185 2472 3264 2543; x_wconf 88' lang='grc' dir='ltr'><strong>τῷ</strong></span> <span class='ocrx_word' id='word_1_550' title='bbox 3290 2474 3512 2544; x_wconf 82' lang='grc' dir='ltr'><strong>μεγάλῳ</strong></span> <span class='ocrx_word' id='word_1_551' title='bbox 3541 2473 3720 2545; x_wconf 82' lang='grc' dir='ltr'><strong>τούτῳ</strong></span> 
     </span>
    </p>
   </div>
   <div class='ocr_carea' id='block_1_71' title="bbox 2132 2565 3718 2637">
    <p class='ocr_par' dir='ltr' id='par_1_71' title="bbox 2132 2565 3718 2637">
     <span class='ocr_line' id='line_1_71' title="bbox 2132 2565 3718 2637; baseline -0.002 -16"><span class='ocrx_word' id='word_1_552' title='bbox 2132 2568 2226 2621; x_wconf 77' lang='grc' dir='ltr'><strong>καὶ</strong></span> <span class='ocrx_word' id='word_1_553' title='bbox 2260 2567 2409 2637; x_wconf 79' lang='grc' dir='ltr'><strong>αὐτῷ</strong></span> <span class='ocrx_word' id='word_1_554' title='bbox 2464 2566 2870 2636; x_wconf 82' lang='grc' dir='ltr'><strong>προσεύχεσθαι</strong></span> <span class='ocrx_word' id='word_1_555' title='bbox 2897 2566 3214 2636; x_wconf 81' lang='grc' dir='ltr'><strong>φαινομένῳ</strong></span> <span class='ocrx_word' id='word_1_556' title='bbox 3248 2569 3393 2620; x_wconf 86' lang='grc' dir='ltr'><strong>κατὰ</strong></span> <span class='ocrx_word' id='word_1_557' title='bbox 3421 2565 3718 2636; x_wconf 80' lang='grc' dir='ltr'><strong>προσώπον</strong></span> 
     </span>
    </p>
   </div>
   <div class='ocr_carea' id='block_1_72' title="bbox 2132 2654 3717 2732">
    <p class='ocr_par' dir='ltr' id='par_1_72' title="bbox 2132 2654 3717 2732">
     <span class='ocr_line' id='line_1_72' title="bbox 2132 2654 3717 2732; baseline -0.003 -17"><span class='ocrx_word' id='word_1_558' title='bbox 2132 2660 2451 2731; x_wconf 78' lang='grc' dir='ltr'><strong>προσελθεῖν</strong></span> <span class='ocrx_word' id='word_1_559' title='bbox 2472 2678 2486 2692; x_wconf 76' lang='grc' dir='ltr'><strong>ο</strong></span> <span class='ocrx_word' id='word_1_560' title='bbox 2538 2654 2611 2713; x_wconf 80' lang='grc' dir='ltr'><strong>ὧν</strong></span> <span class='ocrx_word' id='word_1_561' title='bbox 2640 2662 2667 2713; x_wconf 85' lang='grc' dir='ltr'><strong>ό</strong></span> <span class='ocrx_word' id='word_1_562' title='bbox 2709 2660 2808 2731; x_wconf 80' lang='grc' dir='ltr'><strong>μὲν</strong></span> <span class='ocrx_word' id='word_1_563' title='bbox 2869 2662 3057 2731; x_wconf 84' lang='grc' dir='ltr'><strong>τόμον,</strong></span> <span class='ocrx_word' id='word_1_564' title='bbox 3090 2660 3277 2732; x_wconf 71' lang='grc' dir='ltr'><strong>ἔτερος</strong></span> <span class='ocrx_word' id='word_1_565' title='bbox 3312 2662 3368 2715; x_wconf 84' lang='grc' dir='ltr'><strong>δὲ</strong></span> <span class='ocrx_word' id='word_1_566' title='bbox 3398 2660 3548 2722; x_wconf 83' lang='grc' dir='ltr'><strong>κλεῖς</strong></span> <span class='ocrx_word' id='word_1_567' title='bbox 3582 2676 3717 2712; x_wconf 65' lang='grc' dir='ltr'><strong>κατι</strong></span> 
     </span>
    </p>
   </div>
   <div class='ocr_carea' id='block_1_73' title="bbox 2132 2749 3717 2825">
    <p class='ocr_par' dir='ltr' id='par_1_73' title="bbox 2132 2749 3717 2825">
     <span class='ocr_line' id='line_1_73' title="bbox 2132 2749 3717 2825; baseline -0.003 -18"><span class='ocrx_word' id='word_1_568' title='bbox 2132 2755 2279 2825; x_wconf 71' lang='grc' dir='ltr'><strong>ἐχειν</strong></span> <span class='ocrx_word' id='word_1_569' title='bbox 2346 2752 2533 2823; x_wconf 82' lang='grc' dir='ltr'><strong>ὲῴκει.</strong></span> <span class='ocrx_word' id='word_1_570' title='bbox 2576 2752 2679 2806; x_wconf 75' lang='grc' dir='ltr'><strong>Τὸν</strong></span> <span class='ocrx_word' id='word_1_571' title='bbox 2722 2752 2977 2821; x_wconf 70' lang='grc' dir='ltr'><strong>Ἰωᾶννην</strong></span> <span class='ocrx_word' id='word_1_572' title='bbox 3004 2752 3061 2805; x_wconf 85' lang='grc' dir='ltr'><strong>δὲ</strong></span> <span class='ocrx_word' id='word_1_573' title='bbox 3090 2751 3151 2804; x_wconf 74' lang='grc' dir='ltr'><strong>τὸ</strong></span> <span class='ocrx_word' id='word_1_574' title='bbox 3179 2752 3368 2805; x_wconf 81' lang='grc' dir='ltr'><strong>καινὸν</strong></span> <span class='ocrx_word' id='word_1_575' title='bbox 3410 2752 3591 2805; x_wconf 76' lang='grc' dir='ltr'><strong>αὐτῶν</strong></span> <span class='ocrx_word' id='word_1_576' title='bbox 3620 2749 3717 2803; x_wconf 89' lang='grc' dir='ltr'><strong>τοῦ</strong></span> 
     </span>
    </p>
   </div>
   <div class='ocr_carea' id='block_1_74' title="bbox 2133 2844 3721 2915">
    <p class='ocr_par' dir='ltr' id='par_1_74' title="bbox 2133 2844 3721 2915">
     <span class='ocr_line' id='line_1_74' title="bbox 2133 2844 3721 2915; baseline -0.002 -16"><span class='ocrx_word' id='word_1_577' title='bbox 2133 2848 2308 2911; x_wconf 72' lang='grc' dir='ltr'><strong>εἴδους</strong></span> <span class='ocrx_word' id='word_1_578' title='bbox 2359 2844 2811 2913; x_wconf 84' lang='grc' dir='ltr'><strong>καταπλαγέντα,</strong></span> <span class='ocrx_word' id='word_1_579' title='bbox 2868 2844 3021 2915; x_wconf 80' lang='grc' dir='ltr'><strong>φόϐῳ</strong></span> <span class='ocrx_word' id='word_1_580' title='bbox 3057 2844 3350 2915; x_wconf 77' lang='grc' dir='ltr'><strong>ληφθῆναι,</strong></span> <span class='ocrx_word' id='word_1_581' title='bbox 3387 2844 3485 2899; x_wconf 75' lang='grc' dir='ltr'><strong>καὶ</strong></span> <span class='ocrx_word' id='word_1_582' title='bbox 3534 2860 3721 2913; x_wconf 89' lang='grc' dir='ltr'><strong>παρα-</strong></span> 
     </span>
    </p>
   </div>
   <div class='ocr_carea' id='block_1_75' title="bbox 2133 2933 3717 3010">
    <p class='ocr_par' dir='ltr' id='par_1_75' title="bbox 2133 2933 3717 3010">
     <span class='ocr_line' id='line_1_75' title="bbox 2133 2933 3717 3010; baseline -0.015 1"><span class='ocrx_word' id='word_1_583' title='bbox 2133 2939 2323 3010; x_wconf 77' lang='grc' dir='ltr'><strong>Χρῆμα</strong></span> <span class='ocrx_word' id='word_1_584' title='bbox 2388 2939 2692 3008; x_wconf 83' lang='grc' dir='ltr'><strong>σύντρομον</strong></span> <span class='ocrx_word' id='word_1_585' title='bbox 2752 2935 2946 2989; x_wconf 73' lang='grc' dir='ltr'><strong>ἑαυτὸν</strong></span> <span class='ocrx_word' id='word_1_586' title='bbox 3000 2940 3066 3008; x_wconf 78' lang='grc' dir='ltr'><strong>τῇ</strong></span> <span class='ocrx_word' id='word_1_587' title='bbox 3107 2939 3177 3007; x_wconf 86' lang='grc' dir='ltr'><strong>γῇ</strong></span> <span class='ocrx_word' id='word_1_588' title='bbox 3215 2933 3717 3006; x_wconf 82' lang='grc' dir='ltr'><strong>προσκαταϐαλεϊν.</strong></span> 
     </span>
    </p>
   </div>
   <div class='ocr_carea' id='block_1_76' title="bbox 2078 3025 3716 3099">
    <p class='ocr_par' dir='ltr' id='par_1_76' title="bbox 2078 3025 3716 3099">
     <span class='ocr_line' id='line_1_76' title="bbox 2078 3025 3716 3099; baseline -0.005 -14"><span class='ocrx_word' id='word_1_589' title='bbox 2078 3078 2087 3085; x_wconf 89' lang='grc'><strong>.</strong></span> <span class='ocrx_word' id='word_1_590' title='bbox 2131 3032 2273 3093; x_wconf 76' lang='grc' dir='ltr'><strong>Τοὺς</strong></span> <span class='ocrx_word' id='word_1_591' title='bbox 2309 3029 2365 3082; x_wconf 82' lang='grc' dir='ltr'><strong>δὲ</strong></span> <span class='ocrx_word' id='word_1_592' title='bbox 2399 3029 2508 3082; x_wconf 81' lang='grc' dir='ltr'><strong>τῶν</strong></span> <span class='ocrx_word' id='word_1_593' title='bbox 2567 3028 2768 3099; x_wconf 74' lang='grc' dir='ltr'><strong>χειρῶν</strong></span> <span class='ocrx_word' id='word_1_594' title='bbox 2825 3026 3252 3097; x_wconf 81' lang='grc' dir='ltr'><strong>ἐπιλαϐομένους</strong></span> <span class='ocrx_word' id='word_1_595' title='bbox 3304 3025 3663 3095; x_wconf 81' lang='grc' dir='ltr'><strong>διαναστῆσαι</strong></span> <span class='ocrx_word' id='word_1_596' title='bbox 3696 3065 3716 3093; x_wconf 87' lang='grc'><strong>,</strong></span> 
     </span>
    </p>
   </div>
   <div class='ocr_carea' id='block_1_77' title="bbox 2132 3118 3718 3191">
    <p class='ocr_par' dir='ltr' id='par_1_77' title="bbox 2132 3118 3718 3191">
     <span class='ocr_line' id='line_1_77' title="bbox 2132 3118 3718 3191; baseline -0.001 -16"><span class='ocrx_word' id='word_1_597' title='bbox 2132 3122 2281 3175; x_wconf 83' lang='grc' dir='ltr'><strong>λύειν</strong></span> <span class='ocrx_word' id='word_1_598' title='bbox 2329 3139 2388 3174; x_wconf 90' lang='grc' dir='ltr'><strong>τε</strong></span> <span class='ocrx_word' id='word_1_599' title='bbox 2422 3122 2513 3174; x_wconf 79' lang='grc' dir='ltr'><strong>τὸν</strong></span> <span class='ocrx_word' id='word_1_600' title='bbox 2577 3122 2743 3191; x_wconf 83' lang='grc' dir='ltr'><strong>φόϐον</strong></span> <span class='ocrx_word' id='word_1_601' title='bbox 2776 3119 2946 3191; x_wconf 80' lang='grc' dir='ltr'><strong>αὐτῷ,</strong></span> <span class='ocrx_word' id='word_1_602' title='bbox 2984 3125 3077 3173; x_wconf 75' lang='grc' dir='ltr'><strong>καὶ</strong></span> <span class='ocrx_word' id='word_1_603' title='bbox 3110 3120 3335 3191; x_wconf 76' lang='grc' dir='ltr'><strong>θαρρεϊν</strong></span> <span class='ocrx_word' id='word_1_604' title='bbox 3368 3118 3718 3187; x_wconf 66' lang='grc' dir='ltr'><strong>’ὲγκελεύειν.</strong></span> 
     </span>
    </p>
   </div>
   <div class='ocr_carea' id='block_1_78' title="bbox 2134 3209 3723 3287">
    <p class='ocr_par' dir='ltr' id='par_1_78' title="bbox 2134 3209 3723 3287">
     <span class='ocr_line' id='line_1_78' title="bbox 2134 3209 3723 3287; baseline -0.004 -18"><span class='ocrx_word' id='word_1_605' title='bbox 2134 3215 2225 3287; x_wconf 83' lang='grc' dir='ltr'><strong>Τῷ</strong></span> <span class='ocrx_word' id='word_1_606' title='bbox 2260 3214 2573 3285; x_wconf 83' lang='grc' dir='ltr'><strong>πυθομένῳ,</strong></span> <span class='ocrx_word' id='word_1_607' title='bbox 2605 3213 2753 3276; x_wconf 86' lang='grc' dir='ltr'><strong>τίνες</strong></span> <span class='ocrx_word' id='word_1_608' title='bbox 2781 3213 2847 3268; x_wconf 85' lang='grc' dir='ltr'><strong>ἂν</strong></span> <span class='ocrx_word' id='word_1_609' title='bbox 2878 3209 3008 3278; x_wconf 83' lang='grc' dir='ltr'><strong>εἷεν,</strong></span> <span class='ocrx_word' id='word_1_610' title='bbox 3056 3213 3174 3280; x_wconf 75' lang='grc' dir='ltr'><strong>οἵγε</strong></span> <span class='ocrx_word' id='word_1_611' title='bbox 3201 3210 3539 3282; x_wconf 81' lang='grc' dir='ltr'><strong>τηλικαύτης</strong></span> <span class='ocrx_word' id='word_1_612' title='bbox 3563 3209 3723 3281; x_wconf 76' lang='grc' dir='ltr'><strong>δόξης</strong></span> 
     </span>
    </p>
   </div>
   <div class='ocr_carea' id='block_1_79' title="bbox 2134 3302 3724 3375">
    <p class='ocr_par' dir='ltr' id='par_1_79' title="bbox 2134 3302 3724 3375">
     <span class='ocr_line' id='line_1_79' title="bbox 2134 3302 3724 3375; baseline -0.003 -18"><span class='ocrx_word' id='word_1_613' title='bbox 2134 3306 2428 3375; x_wconf 75' lang='grc' dir='ltr'><strong>ἠξιωμένοι</strong></span> <span class='ocrx_word' id='word_1_614' title='bbox 2454 3304 2590 3372; x_wconf 72' lang='grc' dir='ltr'><strong>πρὸς</strong></span> <span class='ocrx_word' id='word_1_615' title='bbox 2611 3304 2777 3356; x_wconf 75' lang='grc' dir='ltr'><strong>αὐτὸν</strong></span> <span class='ocrx_word' id='word_1_616' title='bbox 2807 3302 3122 3374; x_wconf 70' lang='grc' dir='ltr'><strong>ἐληλύθασι,</strong></span> <span class='ocrx_word' id='word_1_617' title='bbox 3157 3302 3234 3373; x_wconf 83' lang='grc' dir='ltr'><strong>μὴ</strong></span> <span class='ocrx_word' id='word_1_618' title='bbox 3267 3302 3456 3371; x_wconf 85' lang='grc' dir='ltr'><strong>φοϐοῦ,</strong></span> <span class='ocrx_word' id='word_1_619' title='bbox 3498 3303 3724 3365; x_wconf 84' lang='grc' dir='ltr'><strong>τούτους</strong></span> 
     </span>
    </p>
   </div>
   <div class='ocr_carea' id='block_1_80' title="bbox 2139 3390 3725 3465">
    <p class='ocr_par' dir='ltr' id='par_1_80' title="bbox 2139 3390 3725 3465">
     <span class='ocr_line' id='line_1_80' title="bbox 2139 3390 3725 3465; baseline -0.003 -15"><span class='ocrx_word' id='word_1_620' title='bbox 2139 3399 2346 3450; x_wconf 87' lang='grc' dir='ltr'><strong>εἰπεῖν·</strong></span> <span class='ocrx_word' id='word_1_621' title='bbox 2385 3396 2433 3447; x_wconf 80' lang='grc' dir='ltr'><strong>οἱ</strong></span> <span class='ocrx_word' id='word_1_622' title='bbox 2462 3394 2542 3456; x_wconf 80' lang='grc' dir='ltr'><strong>δὲ,</strong></span> <span class='ocrx_word' id='word_1_623' title='bbox 2575 3393 2737 3465; x_wconf 78' lang='grc' dir='ltr'><strong>ἡμεῖς</strong></span> <span class='ocrx_word' id='word_1_624' title='bbox 2773 3393 2982 3464; x_wconf 72' lang='grc' dir='ltr'><strong>ἥκομέν</strong></span> <span class='ocrx_word' id='word_1_625' title='bbox 3016 3409 3102 3445; x_wconf 92' lang='grc' dir='ltr'><strong>σοι</strong></span> <span class='ocrx_word' id='word_1_626' title='bbox 3158 3391 3507 3461; x_wconf 82' lang='grc' dir='ltr'><strong>πεμφθέντες</strong></span> <span class='ocrx_word' id='word_1_627' title='bbox 3564 3390 3725 3461; x_wconf 74' lang='grc' dir='ltr'><strong>παρὰ</strong></span> 
     </span>
    </p>
   </div>
   <div class='ocr_carea' id='block_1_81' title="bbox 2137 3482 3728 3558">
    <p class='ocr_par' dir='ltr' id='par_1_81' title="bbox 2137 3482 3728 3558">
     <span class='ocr_line' id='line_1_81' title="bbox 2137 3482 3728 3558; baseline -0.003 -14"><span class='ocrx_word' id='word_1_628' title='bbox 2137 3487 2394 3558; x_wconf 81' lang='grc' dir='ltr'><strong>Χριστοῦ.</strong></span> <span class='ocrx_word' id='word_1_629' title='bbox 2421 3482 2554 3541; x_wconf 82' lang='grc' dir='ltr'><strong>Εἶτα</strong></span> <span class='ocrx_word' id='word_1_630' title='bbox 2575 3486 2666 3540; x_wconf 64' lang='grc' dir='ltr'><strong>τὶν</strong></span> <span class='ocrx_word' id='word_1_631' title='bbox 2690 3487 2788 3556; x_wconf 81' lang='grc' dir='ltr'><strong>μὲν</strong></span> <span class='ocrx_word' id='word_1_632' title='bbox 2809 3483 2906 3556; x_wconf 87' lang='grc' dir='ltr'><strong>τὴν</strong></span> <span class='ocrx_word' id='word_1_633' title='bbox 2930 3487 3088 3555; x_wconf 80' lang='grc' dir='ltr'><strong>χεῖρα</strong></span> <span class='ocrx_word' id='word_1_634' title='bbox 3113 3485 3427 3539; x_wconf 71' lang='grc' dir='ltr'><strong>ἐκτείναντα</strong></span> <span class='ocrx_word' id='word_1_635' title='bbox 3452 3484 3544 3537; x_wconf 79' lang='grc' dir='ltr'><strong>τὸν</strong></span> <span class='ocrx_word' id='word_1_636' title='bbox 3559 3483 3728 3554; x_wconf 79' lang='grc' dir='ltr'><strong>τόμον</strong></span> 
     </span>
    </p>
   </div>
   <div class='ocr_carea' id='block_1_82' title="bbox 2138 3574 3729 3647">
    <p class='ocr_par' dir='ltr' id='par_1_82' title="bbox 2138 3574 3729 3647">
     <span class='ocr_line' id='line_1_82' title="bbox 2138 3574 3729 3647; baseline -0.001 -15"><span class='ocrx_word' id='word_1_637' title='bbox 2138 3579 2456 3641; x_wconf 75' lang='grc' dir='ltr'><strong>ἐπιδιδόναι,</strong></span> <span class='ocrx_word' id='word_1_638' title='bbox 2489 3577 2650 3644; x_wconf 75' lang='grc' dir='ltr'><strong>Δέξαι</strong></span> <span class='ocrx_word' id='word_1_639' title='bbox 2676 3578 2851 3641; x_wconf 81' lang='grc' dir='ltr'><strong>τουτὶ,</strong></span> <span class='ocrx_word' id='word_1_640' title='bbox 2905 3577 3157 3646; x_wconf 88' lang='grc' dir='ltr'><strong>λέγοντα,</strong></span> <span class='ocrx_word' id='word_1_641' title='bbox 3203 3576 3265 3630; x_wconf 78' lang='grc' dir='ltr'><strong>τὸ</strong></span> <span class='ocrx_word' id='word_1_642' title='bbox 3306 3576 3538 3647; x_wconf 83' lang='grc' dir='ltr'><strong>βιϐλίον.</strong></span> <span class='ocrx_word' id='word_1_643' title='bbox 3579 3574 3729 3645; x_wconf 84' lang='grc' dir='ltr'><strong>Ἐγὼ</strong></span> 
     </span>
    </p>
   </div>
   <div class='ocr_carea' id='block_1_83' title="bbox 2138 3662 3724 3743">
    <p class='ocr_par' dir='ltr' id='par_1_83' title="bbox 2138 3662 3724 3743">
     <span class='ocr_line' id='line_1_83' title="bbox 2138 3662 3724 3743; baseline -0.002 -18"><span class='ocrx_word' id='word_1_644' title='bbox 2138 3673 2248 3743; x_wconf 71' lang='grc' dir='ltr'><strong>γὰρ</strong></span> <span class='ocrx_word' id='word_1_645' title='bbox 2294 3671 2565 3740; x_wconf 82' lang='grc' dir='ltr'><strong>Ἰωάννης,</strong></span> <span class='ocrx_word' id='word_1_646' title='bbox 2615 3662 2769 3741; x_wconf 83' lang='grc' dir='ltr'><strong>ᾧπερ</strong></span> <span class='ocrx_word' id='word_1_647' title='bbox 2802 3671 2835 3741; x_wconf 80' lang='grc' dir='ltr'>ἡ</span> <span class='ocrx_word' id='word_1_648' title='bbox 2869 3669 2963 3723; x_wconf 88' lang='grc' dir='ltr'><strong>τοῦ</strong></span> <span class='ocrx_word' id='word_1_649' title='bbox 3028 3669 3165 3723; x_wconf 86' lang='grc' dir='ltr'><strong>Θεοῦ</strong></span> <span class='ocrx_word' id='word_1_650' title='bbox 3222 3669 3386 3739; x_wconf 81' lang='grc' dir='ltr'><strong>σοφία</strong></span> <span class='ocrx_word' id='word_1_651' title='bbox 3429 3670 3492 3722; x_wconf 82' lang='grc' dir='ltr'><strong>τὸ</strong></span> <span class='ocrx_word' id='word_1_652' title='bbox 3526 3668 3724 3734; x_wconf 77' lang='grc' dir='ltr'><strong>στῆθος</strong></span> 
     </span>
    </p>
   </div>
   <div class='ocr_carea' id='block_1_84' title="bbox 2140 3759 3784 3834">
    <p class='ocr_par' dir='ltr' id='par_1_84' title="bbox 2140 3759 3784 3834">
     <span class='ocr_line' id='line_1_84' title="bbox 2140 3759 3784 3834; baseline -0.001 -19"><span class='ocrx_word' id='word_1_653' title='bbox 2140 3764 2333 3834; x_wconf 78' lang='grc' dir='ltr'><strong>ἀνῆκε,</strong></span> <span class='ocrx_word' id='word_1_654' title='bbox 2368 3762 2460 3815; x_wconf 78' lang='grc' dir='ltr'><strong>καὶ</strong></span> <span class='ocrx_word' id='word_1_655' title='bbox 2496 3763 2776 3815; x_wconf 71' lang='grc' dir='ltr'><strong>ἐπιπεσεῖν</strong></span> <span class='ocrx_word' id='word_1_656' title='bbox 2811 3759 2960 3831; x_wconf 85' lang='grc' dir='ltr'><strong>αὐτῷ</strong></span> <span class='ocrx_word' id='word_1_657' title='bbox 2985 3760 3340 3832; x_wconf 73' lang='grc' dir='ltr'><strong>παρεδέξατοι</strong></span> <span class='ocrx_word' id='word_1_658' title='bbox 3401 3760 3523 3830; x_wconf 77' lang='grc' dir='ltr'><strong>ἥτις</strong></span> <span class='ocrx_word' id='word_1_659' title='bbox 3546 3760 3613 3831; x_wconf 75' lang='grc' dir='ltr'><strong>δή</strong></span> <span class='ocrx_word' id='word_1_660' title='bbox 3642 3777 3727 3814; x_wconf 89' lang='grc' dir='ltr'><strong>σοι</strong></span> <span class='ocrx_word' id='word_1_661' title='bbox 3764 3791 3784 3798; x_wconf 78' lang='lat'><strong>-</strong></span> 
     </span>
    </p>
   </div>
   <div class='ocr_carea' id='block_1_85' title="bbox 2141 3853 3728 3926">
    <p class='ocr_par' dir='ltr' id='par_1_85' title="bbox 2141 3853 3728 3926">
     <span class='ocr_line' id='line_1_85' title="bbox 2141 3853 3728 3926; baseline -0.004 -15"><span class='ocrx_word' id='word_1_662' title='bbox 2141 3857 2234 3911; x_wconf 79' lang='grc' dir='ltr'><strong>καὶ</strong></span> <span class='ocrx_word' id='word_1_663' title='bbox 2295 3856 2363 3909; x_wconf 88' lang='grc' dir='ltr'><strong>δι’</strong></span> <span class='ocrx_word' id='word_1_664' title='bbox 2408 3855 2567 3926; x_wconf 83' lang='grc' dir='ltr'><strong>ἡμῶν</strong></span> <span class='ocrx_word' id='word_1_665' title='bbox 2604 3855 2673 3909; x_wconf 71' lang='grc' dir='ltr'><strong>τὰ</strong></span> <span class='ocrx_word' id='word_1_666' title='bbox 2731 3853 2841 3909; x_wconf 85' lang='grc' dir='ltr'><strong>τῶν</strong></span> <span class='ocrx_word' id='word_1_667' title='bbox 2895 3853 3133 3924; x_wconf 83' lang='grc' dir='ltr'><strong>Γραφῶν</strong></span> <span class='ocrx_word' id='word_1_668' title='bbox 3161 3853 3363 3907; x_wconf 74' lang='grc' dir='ltr'><strong>εὔλυτα</strong></span> <span class='ocrx_word' id='word_1_669' title='bbox 3389 3853 3572 3923; x_wconf 84' lang='grc' dir='ltr'><strong>θήσει,</strong></span> <span class='ocrx_word' id='word_1_670' title='bbox 3627 3854 3728 3906; x_wconf 61' lang='grc' dir='ltr'><strong>καὶ¹</strong></span> 
     </span>
    </p>
   </div>
   <div class='ocr_carea' id='block_1_86' title="bbox 2141 3944 3727 4020">
    <p class='ocr_par' dir='ltr' id='par_1_86' title="bbox 2141 3944 3727 4020">
     <span class='ocr_line' id='line_1_86' title="bbox 2141 3944 3727 4020; baseline -0.001 -20"><span class='ocrx_word' id='word_1_671' title='bbox 2141 3948 2549 4020; x_wconf 81' lang='grc' dir='ltr'><strong>χειραγωγὴσει</strong></span> <span class='ocrx_word' id='word_1_672' title='bbox 2602 3945 2803 4013; x_wconf 82' lang='grc' dir='ltr'><strong>ταύτης</strong></span> <span class='ocrx_word' id='word_1_673' title='bbox 2863 3946 2999 4017; x_wconf 69' lang='grc' dir='ltr'><strong>πρὸς</strong></span> <span class='ocrx_word' id='word_1_674' title='bbox 3052 3945 3150 4015; x_wconf 72' lang='grc' dir='ltr'><strong>τὴν</strong></span> <span class='ocrx_word' id='word_1_675' title='bbox 3211 3944 3659 4014; x_wconf 74' lang='grc' dir='ltr'><strong>ἐπίγνωσινοτδν</strong></span> <span class='ocrx_word' id='word_1_676' title='bbox 3679 3944 3727 3999; x_wconf 84' lang='grc' dir='ltr'><strong>δ’</strong></span> 
     </span>
    </p>
   </div>
   <div class='ocr_carea' id='block_1_87' title="bbox 2141 4036 3725 4108">
    <p class='ocr_par' dir='ltr' id='par_1_87' title="bbox 2141 4036 3725 4108">
     <span class='ocr_line' id='line_1_87' title="bbox 2141 4036 3725 4108; baseline -0.004 -12"><span class='ocrx_word' id='word_1_677' title='bbox 2141 4042 2300 4096; x_wconf 76' lang='grc' dir='ltr'><strong>ἄλλον</strong></span> <span class='ocrx_word' id='word_1_678' title='bbox 2350 4039 2445 4095; x_wconf 71' lang='grc' dir='ltr'><strong>καὶ</strong></span> <span class='ocrx_word' id='word_1_679' title='bbox 2467 4039 2629 4092; x_wconf 82' lang='grc' dir='ltr'><strong>αὑτὸν</strong></span> <span class='ocrx_word' id='word_1_680' title='bbox 2679 4039 2779 4108; x_wconf 81' lang='grc' dir='ltr'><strong>τὴν</strong></span> <span class='ocrx_word' id='word_1_681' title='bbox 2824 4039 2985 4108; x_wconf 85' lang='grc' dir='ltr'><strong>χεῖρα</strong></span> <span class='ocrx_word' id='word_1_682' title='bbox 3015 4036 3304 4108; x_wconf 79' lang='grc' dir='ltr'><strong>ὀρέγοντα,</strong></span> <span class='ocrx_word' id='word_1_683' title='bbox 3332 4037 3502 4103; x_wconf 82' lang='grc' dir='ltr'><strong>δέξαι,</strong></span> <span class='ocrx_word' id='word_1_684' title='bbox 3535 4037 3725 4106; x_wconf 81' lang='grc' dir='ltr'><strong>φάναι,</strong></span> 
     </span>
    </p>
   </div>
   <div class='ocr_carea' id='block_1_88' title="bbox 2141 4127 3729 4199">
    <p class='ocr_par' dir='ltr' id='par_1_88' title="bbox 2141 4127 3729 4199">
     <span class='ocr_line' id='line_1_88' title="bbox 2141 4127 3729 4199; baseline -0.003 -13"><span class='ocrx_word' id='word_1_685' title='bbox 2141 4133 2301 4186; x_wconf 56' lang='grc' dir='ltr'><strong>τάσδε</strong></span> <span class='ocrx_word' id='word_1_686' title='bbox 2357 4131 2453 4193; x_wconf 72' lang='grc' dir='ltr'><strong>τὰς</strong></span> <span class='ocrx_word' id='word_1_687' title='bbox 2525 4130 2696 4193; x_wconf 87' lang='grc' dir='ltr'><strong>κλεῖς.</strong></span> <span class='ocrx_word' id='word_1_688' title='bbox 2742 4128 2873 4199; x_wconf 82' lang='grc' dir='ltr'><strong>Ἐμὲ</strong></span> <span class='ocrx_word' id='word_1_689' title='bbox 2903 4129 2959 4180; x_wconf 78' lang='grc' dir='ltr'><strong>δὲ</strong></span> <span class='ocrx_word' id='word_1_690' title='bbox 2994 4128 3201 4198; x_wconf 83' lang='grc' dir='ltr'><strong>Πέτρον</strong></span> <span class='ocrx_word' id='word_1_691' title='bbox 3262 4128 3393 4193; x_wconf 83' lang='grc' dir='ltr'><strong>ῐσθι,</strong></span> <span class='ocrx_word' id='word_1_692' title='bbox 3436 4130 3528 4181; x_wconf 78' lang='grc' dir='ltr'><strong>τὸν</strong></span> <span class='ocrx_word' id='word_1_693' title='bbox 3574 4127 3729 4199; x_wconf 80' lang='grc' dir='ltr'><strong>παρᾶ</strong></span> 
     </span>
    </p>
   </div>
   <div class='ocr_carea' id='block_1_89' title="bbox 2142 4218 3728 4290">
    <p class='ocr_par' dir='ltr' id='par_1_89' title="bbox 2142 4218 3728 4290">
     <span class='ocr_line' id='line_1_89' title="bbox 2142 4218 3728 4290; baseline -0.003 -13"><span class='ocrx_word' id='word_1_694' title='bbox 2142 4223 2279 4277; x_wconf 82' lang='grc' dir='ltr'><strong>Θεοῦ</strong></span> <span class='ocrx_word' id='word_1_695' title='bbox 2332 4223 2535 4284; x_wconf 90' lang='grc' dir='ltr'><strong>ταύτας</strong></span> <span class='ocrx_word' id='word_1_696' title='bbox 2584 4220 3020 4290; x_wconf 80' lang='grc' dir='ltr'><strong>ὲγχειρισθέντα,</strong></span> <span class='ocrx_word' id='word_1_697' title='bbox 3074 4219 3135 4273; x_wconf 88' lang='grc' dir='ltr'><strong>ὃν</strong></span> <span class='ocrx_word' id='word_1_698' title='bbox 3190 4221 3286 4273; x_wconf 79' lang='grc' dir='ltr'><strong>καὶ</strong></span> <span class='ocrx_word' id='word_1_699' title='bbox 3333 4221 3429 4273; x_wconf 89' lang='grc' dir='ltr'><strong>νῦν</strong></span> <span class='ocrx_word' id='word_1_700' title='bbox 3488 4220 3555 4272; x_wconf 77' lang='grc' dir='ltr'><strong>δι’</strong></span> <span class='ocrx_word' id='word_1_701' title='bbox 3588 4218 3728 4288; x_wconf 73' lang='grc' dir='ltr'><strong>ὲμοῦ</strong></span> 
     </span>
    </p>
   </div>
   <div class='ocr_carea' id='block_1_90' title="bbox 2144 4311 3728 4384">
    <p class='ocr_par' dir='ltr' id='par_1_90' title="bbox 2144 4311 3728 4384">
     <span class='ocr_line' id='line_1_90' title="bbox 2144 4311 3728 4384; baseline -0.001 -15"><span class='ocrx_word' id='word_1_702' title='bbox 2144 4316 2365 4370; x_wconf 79' lang='grc' dir='ltr'><strong>πίστευε</strong></span> <span class='ocrx_word' id='word_1_703' title='bbox 2405 4316 2503 4384; x_wconf 82' lang='grc' dir='ltr'><strong>τῆς</strong></span> <span class='ocrx_word' id='word_1_704' title='bbox 2537 4315 2710 4383; x_wconf 80' lang='grc' dir='ltr'><strong>αὐτῆς</strong></span> <span class='ocrx_word' id='word_1_705' title='bbox 2749 4330 2807 4365; x_wconf 89' lang='grc' dir='ltr'><strong>σε</strong></span> <span class='ocrx_word' id='word_1_706' title='bbox 2846 4313 3070 4383; x_wconf 84' lang='grc' dir='ltr'><strong>χάριτος</strong></span> <span class='ocrx_word' id='word_1_707' title='bbox 3105 4311 3322 4377; x_wconf 82' lang='grc' dir='ltr'><strong>ἀξιοῦν·</strong></span> <span class='ocrx_word' id='word_1_708' title='bbox 3347 4312 3491 4368; x_wconf 83' lang='grc' dir='ltr'><strong>ὥστε</strong></span> <span class='ocrx_word' id='word_1_709' title='bbox 3534 4313 3632 4365; x_wconf 80' lang='grc' dir='ltr'><strong>ὅσα</strong></span> <span class='ocrx_word' id='word_1_710' title='bbox 3658 4311 3728 4367; x_wconf 77' lang='grc' dir='ltr'><strong>ἂν</strong></span> 
     </span>
    </p>
   </div>
   <div class='ocr_carea' id='block_1_91' title="bbox 2142 4399 3728 4479">
    <p class='ocr_par' dir='ltr' id='par_1_91' title="bbox 2142 4399 3728 4479">
     <span class='ocr_line' id='line_1_91' title="bbox 2142 4399 3728 4479; baseline -0.003 -19"><span class='ocrx_word' id='word_1_711' title='bbox 2142 4406 2337 4479; x_wconf 79' lang='grc' dir='ltr'><strong>δήσῃς,</strong></span> <span class='ocrx_word' id='word_1_712' title='bbox 2372 4406 2405 4476; x_wconf 83' lang='grc' dir='ltr'>ἦ</span> <span class='ocrx_word' id='word_1_713' title='bbox 2435 4406 2605 4476; x_wconf 80' lang='grc' dir='ltr'><strong>λύσῃς</strong></span> <span class='ocrx_word' id='word_1_714' title='bbox 2631 4404 2724 4457; x_wconf 77' lang='grc' dir='ltr'><strong>ἐπὶ</strong></span> <span class='ocrx_word' id='word_1_715' title='bbox 2759 4404 2858 4474; x_wconf 80' lang='grc' dir='ltr'><strong>τῆς</strong></span> <span class='ocrx_word' id='word_1_716' title='bbox 2888 4405 3013 4474; x_wconf 78' lang='grc' dir='ltr'><strong>γῆς,</strong></span> <span class='ocrx_word' id='word_1_717' title='bbox 3057 4403 3319 4473; x_wconf 83' lang='grc' dir='ltr'><strong>δεδεμένα</strong></span> <span class='ocrx_word' id='word_1_718' title='bbox 3355 4403 3529 4457; x_wconf 85' lang='grc' dir='ltr'><strong>ταῦτα</strong></span> <span class='ocrx_word' id='word_1_719' title='bbox 3560 4399 3728 4467; x_wconf 77' lang='grc' dir='ltr'><strong>εἶναι,</strong></span> 
     </span>
    </p>
   </div>
   <div class='ocr_carea' id='block_1_92' title="bbox 2143 4492 3729 4570">
    <p class='ocr_par' dir='ltr' id='par_1_92' title="bbox 2143 4492 3729 4570">
     <span class='ocr_line' id='line_1_92' title="bbox 2143 4492 3729 4570; baseline -0.004 -19"><span class='ocrx_word' id='word_1_720' title='bbox 2143 4499 2176 4570; x_wconf 77' lang='grc' dir='ltr'><strong>ἢ</strong></span> <span class='ocrx_word' id='word_1_721' title='bbox 2212 4498 2484 4566; x_wconf 86' lang='grc' dir='ltr'><strong>λελυμένα</strong></span> <span class='ocrx_word' id='word_1_722' title='bbox 2514 4498 2608 4549; x_wconf 75' lang='grc' dir='ltr'><strong>καὶ</strong></span> <span class='ocrx_word' id='word_1_723' title='bbox 2627 4499 2684 4550; x_wconf 84' lang='grc' dir='ltr'><strong>ὲν</strong></span> <span class='ocrx_word' id='word_1_724' title='bbox 2718 4497 2833 4557; x_wconf 81' lang='grc' dir='ltr'><strong>τοῖς</strong></span> <span class='ocrx_word' id='word_1_725' title='bbox 2868 4495 3139 4566; x_wconf 78' lang='grc' dir='ltr'><strong>οὐρανοῖς.</strong></span> <span class='ocrx_word' id='word_1_726' title='bbox 3166 4493 3309 4564; x_wconf 82' lang='grc' dir='ltr'><strong>Πρὸς</strong></span> <span class='ocrx_word' id='word_1_727' title='bbox 3338 4492 3516 4546; x_wconf 88' lang='grc' dir='ltr'><strong>ταῦτα</strong></span> <span class='ocrx_word' id='word_1_728' title='bbox 3544 4492 3600 4545; x_wconf 84' lang='grc' dir='ltr'><strong>δὲ</strong></span> <span class='ocrx_word' id='word_1_729' title='bbox 3635 4492 3729 4546; x_wconf 75' lang='grc' dir='ltr'><strong>τὸν</strong></span> 
     </span>
    </p>
   </div>
   <div class='ocr_carea' id='block_1_93' title="bbox 2150 4584 3725 4665">
    <p class='ocr_par' dir='ltr' id='par_1_93' title="bbox 2150 4584 3725 4665">
     <span class='ocr_line' id='line_1_93' title="bbox 2150 4584 3725 4665; baseline -0.006 -19"><span class='ocrx_word' id='word_1_730' title='bbox 2150 4594 2427 4665; x_wconf 76' lang='grc' dir='ltr'><strong>μακάριον</strong></span> <span class='ocrx_word' id='word_1_731' title='bbox 2493 4586 2936 4657; x_wconf 75' lang='grc' dir='ltr'><strong>δυσωπούμενον,</strong></span> <span class='ocrx_word' id='word_1_732' title='bbox 2987 4584 3179 4654; x_wconf 84' lang='grc' dir='ltr'><strong>ὥσπερ</strong></span> <span class='ocrx_word' id='word_1_733' title='bbox 3209 4585 3725 4651; x_wconf 78' lang='grc' dir='ltr'><strong>καὶύποπίπτοντα,</strong></span> 
     </span>
    </p>
   </div>
   <div class='ocr_carea' id='block_1_94' title="bbox 2146 4676 3730 4750">
    <p class='ocr_par' dir='ltr' id='par_1_94' title="bbox 2146 4676 3730 4750">
     <span class='ocr_line' id='line_1_94' title="bbox 2146 4676 3730 4750; baseline -0.006 -11"><span class='ocrx_word' id='word_1_734' title='bbox 2146 4688 2242 4739; x_wconf 74' lang='grc' dir='ltr'><strong>καὶ</strong></span> <span class='ocrx_word' id='word_1_735' title='bbox 2266 4683 2508 4749; x_wconf 79' lang='grc' dir='ltr'><strong>ἀνάξιον,</strong></span> <span class='ocrx_word' id='word_1_736' title='bbox 2561 4683 2754 4735; x_wconf 64' lang='grc' dir='ltr'><strong>ἑαυτὸν</strong></span> <span class='ocrx_word' id='word_1_737' title='bbox 2814 4679 3069 4749; x_wconf 79' lang='grc' dir='ltr'><strong>κρίνοντα</strong></span> <span class='ocrx_word' id='word_1_738' title='bbox 3098 4679 3323 4750; x_wconf 79' lang='grc' dir='ltr'><strong>χάριτος</strong></span> <span class='ocrx_word' id='word_1_739' title='bbox 3367 4676 3730 4749; x_wconf 85' lang='grc' dir='ltr'><strong>τηλικαύτης,</strong></span> 
     </span>
    </p>
   </div>
   <div class='ocr_carea' id='block_1_95' title="bbox 456 4765 2031 4843">
    <p class='ocr_par' dir='ltr' id='par_1_95' title="bbox 456 4771 2031 4840">
     <span class='ocr_line' id='line_1_95' title="bbox 456 4771 2031 4840; baseline 0.004 -15"><span class='ocrx_word' id='word_1_740' title='bbox 456 4771 645 4825; x_wconf 88' lang='lat' dir='ltr'><strong>beatus</strong></span> <span class='ocrx_word' id='word_1_741' title='bbox 670 4773 756 4827; x_wconf 92' lang='lat' dir='ltr'><strong>ille</strong></span> <span class='ocrx_word' id='word_1_742' title='bbox 782 4775 1153 4840; x_wconf 86' lang='lat' dir='ltr'><strong>erubesceret,</strong></span> <span class='ocrx_word' id='word_1_743' title='bbox 1186 4784 1242 4830; x_wconf 95' lang='lat' dir='ltr'><strong>et</strong></span> <span class='ocrx_word' id='word_1_744' title='bbox 1263 4785 1714 4831; x_wconf 89' lang='lat' dir='ltr'><strong>consternaretur</strong></span> <span class='ocrx_word' id='word_1_745' title='bbox 1744 4777 1952 4839; x_wconf 89' lang='lat' dir='ltr'><strong>animo,</strong></span> <span class='ocrx_word' id='word_1_746' title='bbox 1983 4786 2031 4832; x_wconf 87' lang='lat' dir='ltr'><strong>et</strong></span> 
     </span>
    </p>
   </div>
   <div class='ocr_carea' id='block_1_96' title="bbox 2136 4765 3734 4843">
    <p class='ocr_par' dir='ltr' id='par_1_96' title="bbox 2144 4769 3734 4843">
     <span class='ocr_line' id='line_1_96' title="bbox 2144 4769 3734 4843; baseline -0.006 -11"><span class='ocrx_word' id='word_1_747' title='bbox 2144 4779 2270 4843; x_wconf 82' lang='grc' dir='ltr'><strong>τοὺς</strong></span> <span class='ocrx_word' id='word_1_748' title='bbox 2338 4776 2514 4838; x_wconf 84' lang='grc' dir='ltr'><strong>θείους</strong></span> <span class='ocrx_word' id='word_1_749' title='bbox 2563 4773 2807 4836; x_wconf 77' lang='grc' dir='ltr'><strong>ἐκείνους</strong></span> <span class='ocrx_word' id='word_1_750' title='bbox 2864 4771 3065 4843; x_wconf 81' lang='grc' dir='ltr'><strong>ἄνδρας</strong></span> <span class='ocrx_word' id='word_1_751' title='bbox 3116 4769 3562 4840; x_wconf 82' lang='grc' dir='ltr'><strong>ἀναλαμϐάνειν,</strong></span> <span class='ocrx_word' id='word_1_752' title='bbox 3634 4771 3734 4823; x_wconf 76' lang='grc' dir='ltr'><strong>καὶ</strong></span> 
     </span>
    </p>
   </div>
   <div class='ocr_carea' id='block_1_97' title="bbox 456 4866 2037 4938">
    <p class='ocr_par' dir='ltr' id='par_1_97' title="bbox 456 4866 2037 4938">
     <span class='ocr_line' id='line_1_97' title="bbox 456 4866 2037 4938; baseline 0.004 -22"><span class='ocrx_word' id='word_1_753' title='bbox 456 4872 604 4918; x_wconf 87' lang='lat' dir='ltr'><strong>tanta</strong></span> <span class='ocrx_word' id='word_1_754' title='bbox 629 4867 801 4936; x_wconf 80' lang='lat' dir='ltr'><strong>gratia</strong></span> <span class='ocrx_word' id='word_1_755' title='bbox 836 4881 892 4922; x_wconf 86' lang='lat' dir='ltr'><strong>se</strong></span> <span class='ocrx_word' id='word_1_756' title='bbox 911 4876 1032 4922; x_wconf 83' lang='lat' dir='ltr'><strong>esse</strong></span> <span class='ocrx_word' id='word_1_757' title='bbox 1057 4868 1330 4923; x_wconf 82' lang='lat' dir='ltr'><strong>iudiearet</strong></span> <span class='ocrx_word' id='word_1_758' title='bbox 1381 4866 1688 4938; x_wconf 83' lang='lat' dir='ltr'><strong>indignum,</strong></span> <span class='ocrx_word' id='word_1_759' title='bbox 1735 4869 1906 4923; x_wconf 80' lang='lat' dir='ltr'><strong>divini</strong></span> <span class='ocrx_word' id='word_1_760' title='bbox 1958 4869 2037 4923; x_wconf 90' lang='lat' dir='ltr'><strong>illi</strong></span> 
     </span>
    </p>
   </div>
   <div class='ocr_carea' id='block_1_98' title="bbox 455 4953 2041 5029">
    <p class='ocr_par' dir='ltr' id='par_1_98' title="bbox 455 4953 2041 5029">
     <span class='ocr_line' id='line_1_98' title="bbox 455 4953 2041 5029; baseline 0.003 -19"><span class='ocrx_word' id='word_1_761' title='bbox 455 4953 698 5010; x_wconf 88' lang='lat' dir='ltr'><strong>virieum</strong></span> <span class='ocrx_word' id='word_1_762' title='bbox 730 4967 984 5011; x_wconf 89' lang='lat' dir='ltr'><strong>recreant</strong></span> <span class='ocrx_word' id='word_1_763' title='bbox 1006 4958 1309 5029; x_wconf 88' lang='lat' dir='ltr'><strong>etimplent</strong></span> <span class='ocrx_word' id='word_1_764' title='bbox 1335 4959 1582 5013; x_wconf 86' lang='lat' dir='ltr'><strong>audacia.</strong></span> <span class='ocrx_word' id='word_1_765' title='bbox 1641 4959 1848 5015; x_wconf 86' lang='lat' dir='ltr'><strong>Deinde</strong></span> <span class='ocrx_word' id='word_1_766' title='bbox 1914 4975 2041 5016; x_wconf 90' lang='lat' dir='ltr'><strong>cum</strong></span> 
     </span>
    </p>
   </div>
   <div class='ocr_carea' id='block_1_99' title="bbox 457 5038 2039 5122">
    <p class='ocr_par' dir='ltr' id='par_1_99' title="bbox 457 5038 2039 5122">
     <span class='ocr_line' id='line_1_99' title="bbox 457 5038 2039 5122; baseline 0.002 -19"><span class='ocrx_word' id='word_1_767' title='bbox 457 5063 581 5103; x_wconf 84' lang='lat' dir='ltr'><strong>eum</strong></span> <span class='ocrx_word' id='word_1_768' title='bbox 606 5048 784 5104; x_wconf 91' lang='lat' dir='ltr'><strong>crucis</strong></span> <span class='ocrx_word' id='word_1_769' title='bbox 811 5050 980 5121; x_wconf 76' lang='lat' dir='ltr'><strong>figura</strong></span> <span class='ocrx_word' id='word_1_770' title='bbox 1005 5052 1411 5122; x_wconf 81' lang='lat' dir='ltr'><strong>obsignassent,</strong></span> <span class='ocrx_word' id='word_1_771' title='bbox 1437 5058 1486 5105; x_wconf 88' lang='lat' dir='ltr'><strong>et</strong></span> <span class='ocrx_word' id='word_1_772' title='bbox 1522 5038 1627 5105; x_wconf 83' lang='lat' dir='ltr'><strong>visi</strong></span> <span class='ocrx_word' id='word_1_773' title='bbox 1689 5060 1876 5106; x_wconf 86' lang='lat' dir='ltr'><strong>essent</strong></span> <span class='ocrx_word' id='word_1_774' title='bbox 1913 5067 2039 5106; x_wconf 90' lang='lat' dir='ltr'><strong>eum</strong></span> 
     </span>
    </p>
   </div>
   <div class='ocr_carea' id='block_1_100' title="bbox 458 5141 2043 5208">
    <p class='ocr_par' dir='ltr' id='par_1_100' title="bbox 458 5141 2043 5208">
     <span class='ocr_line' id='line_1_100' title="bbox 458 5141 2043 5208; baseline 0.003 -13"><span class='ocrx_word' id='word_1_775' title='bbox 458 5141 713 5208; x_wconf 88' lang='lat' dir='ltr'><strong>osculari,</strong></span> <span class='ocrx_word' id='word_1_776' title='bbox 742 5143 1058 5199; x_wconf 86' lang='lat' dir='ltr'><strong>revolarunt</strong></span> <span class='ocrx_word' id='word_1_777' title='bbox 1079 5145 1132 5199; x_wconf 91' lang='lat' dir='ltr'><strong>in</strong></span> <span class='ocrx_word' id='word_1_778' title='bbox 1160 5145 1348 5200; x_wconf 61' lang='lat' dir='ltr'><strong>oculos.</strong></span> <span class='ocrx_word' id='word_1_779' title='bbox 1388 5144 1512 5199; x_wconf 71' lang='lat' dir='ltr'><strong>llam</strong></span> <span class='ocrx_word' id='word_1_780' title='bbox 1547 5160 1670 5199; x_wconf 90' lang='lat' dir='ltr'><strong>cum</strong></span> <span class='ocrx_word' id='word_1_781' title='bbox 1704 5146 1934 5202; x_wconf 84' lang='lat' dir='ltr'><strong>vidisset</strong></span> <span class='ocrx_word' id='word_1_782' title='bbox 1961 5148 2043 5201; x_wconf 89' lang='lat' dir='ltr'><strong>vir</strong></span> 
     </span>
    </p>
   </div>
   <div class='ocr_carea' id='block_1_101' title="bbox 460 5229 2040 5305">
    <p class='ocr_par' dir='ltr' id='par_1_101' title="bbox 460 5229 2040 5305">
     <span class='ocr_line' id='line_1_101' title="bbox 460 5229 2040 5305; baseline 0.004 -22"><span class='ocrx_word' id='word_1_783' title='bbox 460 5229 553 5285; x_wconf 89' lang='lat' dir='ltr'><strong>ille</strong></span> <span class='ocrx_word' id='word_1_784' title='bbox 583 5231 835 5303; x_wconf 81' lang='lat' dir='ltr'><strong>insignis,</strong></span> <span class='ocrx_word' id='word_1_785' title='bbox 868 5234 961 5288; x_wconf 92' lang='lat' dir='ltr'><strong>diu</strong></span> <span class='ocrx_word' id='word_1_786' title='bbox 1012 5234 1212 5289; x_wconf 91' lang='lat' dir='ltr'><strong>mansit</strong></span> <span class='ocrx_word' id='word_1_787' title='bbox 1242 5234 1441 5304; x_wconf 90' lang='lat' dir='ltr'><strong>plenus</strong></span> <span class='ocrx_word' id='word_1_788' title='bbox 1485 5244 1633 5289; x_wconf 87' lang='lat' dir='ltr'><strong>metu</strong></span> <span class='ocrx_word' id='word_1_789' title='bbox 1688 5243 1740 5289; x_wconf 87' lang='lat' dir='ltr'><strong>et</strong></span> <span class='ocrx_word' id='word_1_790' title='bbox 1791 5243 2040 5305; x_wconf 90' lang='lat' dir='ltr'><strong>stupore,</strong></span> 
     </span>
    </p>
   </div>
   <div class='ocr_carea' id='block_1_102' title="bbox 460 5324 2045 5393">
    <p class='ocr_par' dir='ltr' id='par_1_102' title="bbox 460 5324 2045 5393">
     <span class='ocr_line' id='line_1_102' title="bbox 460 5324 2045 5393; baseline 0.004 -16"><span class='ocrx_word' id='word_1_791' title='bbox 460 5324 598 5378; x_wconf 79' lang='lat' dir='ltr'><strong>adeo</strong></span> <span class='ocrx_word' id='word_1_792' title='bbox 618 5333 677 5378; x_wconf 93' lang='lat' dir='ltr'><strong>ut</strong></span> <span class='ocrx_word' id='word_1_793' title='bbox 704 5340 827 5381; x_wconf 92' lang='lat' dir='ltr'><strong>cum</strong></span> <span class='ocrx_word' id='word_1_794' title='bbox 852 5328 1106 5382; x_wconf 87' lang='lat' dir='ltr'><strong>monachi</strong></span> <span class='ocrx_word' id='word_1_795' title='bbox 1133 5343 1261 5383; x_wconf 89' lang='lat' dir='ltr'><strong>eum</strong></span> <span class='ocrx_word' id='word_1_796' title='bbox 1299 5327 1551 5384; x_wconf 89' lang='lat' dir='ltr'><strong>viderent</strong></span> <span class='ocrx_word' id='word_1_797' title='bbox 1578 5329 1659 5384; x_wconf 87' lang='lat' dir='ltr'><strong>sic</strong></span> <span class='ocrx_word' id='word_1_798' title='bbox 1681 5328 1958 5393; x_wconf 76' lang='lat' dir='ltr'><strong>affectum,</strong></span> <span class='ocrx_word' id='word_1_799' title='bbox 1987 5337 2045 5384; x_wconf 90' lang='lat' dir='ltr'><strong>et</strong></span> 
     </span>
    </p>
   </div>
   <div class='ocr_carea' id='block_1_103' title="bbox 460 5421 2043 5492">
    <p class='ocr_par' dir='ltr' id='par_1_103' title="bbox 460 5421 2043 5492">
     <span class='ocr_line' id='line_1_103' title="bbox 460 5421 2043 5492; baseline 0.004 -22"><span class='ocrx_word' id='word_1_800' title='bbox 460 5428 715 5490; x_wconf 74' lang='lat' dir='ltr'><strong>rogarent</strong></span> <span class='ocrx_word' id='word_1_801' title='bbox 769 5435 1017 5492; x_wconf 76' lang='lat' dir='ltr'><strong>quamam</strong></span> <span class='ocrx_word' id='word_1_802' title='bbox 1054 5429 1199 5476; x_wconf 88' lang='lat' dir='ltr'><strong>esset</strong></span> <span class='ocrx_word' id='word_1_803' title='bbox 1254 5435 1439 5487; x_wconf 88' lang='lat' dir='ltr'><strong>causa,</strong></span> <span class='ocrx_word' id='word_1_804' title='bbox 1486 5421 1575 5477; x_wconf 79' lang='lat' dir='ltr'><strong>vix</strong></span> <span class='ocrx_word' id='word_1_805' title='bbox 1626 5438 1688 5477; x_wconf 90' lang='lat' dir='ltr'><strong>ea</strong></span> <span class='ocrx_word' id='word_1_806' title='bbox 1742 5422 2043 5492; x_wconf 87' lang='lat' dir='ltr'><strong>aperuerit,</strong></span> 
     </span>
    </p>
   </div>
   <div class='ocr_carea' id='block_1_104' title="bbox 465 5512 2035 5583">
    <p class='ocr_par' dir='ltr' id='par_1_104' title="bbox 465 5512 2035 5583">
     <span class='ocr_line' id='line_1_104' title="bbox 465 5512 2035 5583; baseline 0.003 -17"><span class='ocrx_word' id='word_1_807' title='bbox 465 5512 714 5568; x_wconf 81' lang='lat' dir='ltr'><strong>indicens</strong></span> <span class='ocrx_word' id='word_1_808' title='bbox 734 5514 814 5568; x_wconf 93' lang='lat' dir='ltr'><strong>eis</strong></span> <span class='ocrx_word' id='word_1_809' title='bbox 848 5514 1125 5569; x_wconf 91' lang='lat' dir='ltr'><strong>silentium</strong></span> <span class='ocrx_word' id='word_1_810' title='bbox 1153 5523 1243 5569; x_wconf 90' lang='lat' dir='ltr'><strong>:et</strong></span> <span class='ocrx_word' id='word_1_811' title='bbox 1270 5525 1327 5569; x_wconf 91' lang='lat' dir='ltr'><strong>ut</strong></span> <span class='ocrx_word' id='word_1_812' title='bbox 1358 5514 1475 5570; x_wconf 66' lang='lat' dir='ltr'><strong>haec</strong></span> <span class='ocrx_word' id='word_1_813' title='bbox 1494 5517 1767 5571; x_wconf 89' lang='lat' dir='ltr'><strong>celaretur</strong></span> <span class='ocrx_word' id='word_1_814' title='bbox 1786 5513 2035 5583; x_wconf 81' lang='lat' dir='ltr'><strong>Joannes</strong></span> 
     </span>
    </p>
   </div>
   <div class='ocr_carea' id='block_1_105' title="bbox 458 5605 2051 5677">
    <p class='ocr_par' dir='ltr' id='par_1_105' title="bbox 458 5605 2051 5677">
     <span class='ocr_line' id='line_1_105' title="bbox 458 5605 2051 5677; baseline 0.005 -22"><span class='ocrx_word' id='word_1_815' title='bbox 458 5618 527 5657; x_wconf 85' lang='lat' dir='ltr'><strong>ne</strong></span> <span class='ocrx_word' id='word_1_816' title='bbox 557 5605 753 5660; x_wconf 88' lang='lat' dir='ltr'><strong>demus</strong></span> <span class='ocrx_word' id='word_1_817' title='bbox 781 5607 948 5673; x_wconf 91' lang='lat' dir='ltr'><strong>enim,</strong></span> <span class='ocrx_word' id='word_1_818' title='bbox 972 5606 1169 5677; x_wconf 87' lang='lat' dir='ltr'><strong>inquit,</strong></span> <span class='ocrx_word' id='word_1_819' title='bbox 1201 5609 1250 5664; x_wconf 92' lang='lat' dir='ltr'><strong>ei</strong></span> <span class='ocrx_word' id='word_1_820' title='bbox 1299 5610 1745 5676; x_wconf 87' lang='lat' dir='ltr'><strong>occasionem,ut</strong></span> <span class='ocrx_word' id='word_1_821' title='bbox 1784 5609 1912 5665; x_wconf 90' lang='lat' dir='ltr'><strong>hinc</strong></span> <span class='ocrx_word' id='word_1_822' title='bbox 1960 5626 2051 5664; x_wconf 89' lang='lat' dir='ltr'><strong>re-</strong></span> 
     </span>
    </p>
   </div>
   <div class='ocr_carea' id='block_1_106' title="bbox 532 5763 1012 5829">
    <p class='ocr_par' dir='ltr' id='par_1_106' title="bbox 532 5763 1012 5829">
     <span class='ocr_line' id='line_1_106' title="bbox 532 5763 1012 5829; baseline 0.017 -13"><span class='ocrx_word' id='word_1_823' title='bbox 532 5763 550 5791; x_wconf 79' lang='grc'><strong><em>⁸</em></strong></span> <span class='ocrx_word' id='word_1_824' title='bbox 576 5764 728 5821; x_wconf 86' lang='lat' dir='ltr'><strong>Joan.</strong></span> <span class='ocrx_word' id='word_1_825' title='bbox 761 5783 880 5829; x_wconf 79' lang='lat' dir='ltr'><strong>xm.</strong></span> <span class='ocrx_word' id='word_1_826' title='bbox 920 5768 1012 5825; x_wconf 77' lang='grc'><strong>93.</strong></span> 
     </span>
    </p>
   </div>
   <div class='ocr_carea' id='block_1_107' title="bbox 2142 4858 3733 4940">
    <p class='ocr_par' dir='ltr' id='par_1_107' title="bbox 2142 4858 3733 4940">
     <span class='ocr_line' id='line_1_107' title="bbox 2142 4858 3733 4940; baseline -0.003 -18"><span class='ocrx_word' id='word_1_827' title='bbox 2142 4870 2376 4940; x_wconf 82' lang='grc' dir='ltr'><strong>θάρσους</strong></span> <span class='ocrx_word' id='word_1_828' title='bbox 2408 4866 2572 4920; x_wconf 78' lang='grc' dir='ltr'><strong>αὑτὸν</strong></span> <span class='ocrx_word' id='word_1_829' title='bbox 2615 4863 2965 4935; x_wconf 82' lang='grc' dir='ltr'><strong>ἑμπιμπλᾷν.</strong></span> <span class='ocrx_word' id='word_1_830' title='bbox 2996 4858 3130 4916; x_wconf 73' lang='grc' dir='ltr'><strong>Εἶτα</strong></span> <span class='ocrx_word' id='word_1_831' title='bbox 3154 4864 3248 4916; x_wconf 70' lang='grc' dir='ltr'><strong>καὶ</strong></span> <span class='ocrx_word' id='word_1_832' title='bbox 3289 4864 3733 4935; x_wconf 73' lang='grc' dir='ltr'><strong>ὲπιχαράξαντας</strong></span> 
     </span>
    </p>
   </div>
   <div class='ocr_carea' id='block_1_108' title="bbox 2141 4953 3733 5031">
    <p class='ocr_par' dir='ltr' id='par_1_108' title="bbox 2141 4953 3733 5031">
     <span class='ocr_line' id='line_1_108' title="bbox 2141 4953 3733 5031; baseline -0.006 -15"><span class='ocrx_word' id='word_1_833' title='bbox 2141 4959 2307 5016; x_wconf 84' lang='grc' dir='ltr'><strong>αὑτοῦ</strong></span> <span class='ocrx_word' id='word_1_834' title='bbox 2359 4958 2471 5031; x_wconf 68' lang='grc' dir='ltr'><strong>[ἴον.</strong></span> <span class='ocrx_word' id='word_1_835' title='bbox 2517 4955 2692 5029; x_wconf 74' lang='grc' dir='ltr'>αὐτῷ]</span> <span class='ocrx_word' id='word_1_836' title='bbox 2712 4956 2807 5008; x_wconf 89' lang='grc' dir='ltr'><strong>τοῦ</strong></span> <span class='ocrx_word' id='word_1_837' title='bbox 2841 4953 3078 5025; x_wconf 82' lang='grc' dir='ltr'><strong>σταυροῦ</strong></span> <span class='ocrx_word' id='word_1_838' title='bbox 3108 4954 3199 5009; x_wconf 75' lang='grc' dir='ltr'><strong>τὸν</strong></span> <span class='ocrx_word' id='word_1_839' title='bbox 3227 4954 3421 5023; x_wconf 86' lang='grc' dir='ltr'><strong>τύπον,</strong></span> <span class='ocrx_word' id='word_1_840' title='bbox 3449 4958 3543 5009; x_wconf 72' lang='grc' dir='ltr'><strong>καὶ</strong></span> <span class='ocrx_word' id='word_1_841' title='bbox 3569 4954 3733 5025; x_wconf 77' lang='grc' dir='ltr'><strong>φιλῆο</strong></span> 
     </span>
    </p>
   </div>
   <div class='ocr_carea' id='block_1_109' title="bbox 2144 5046 3733 5120">
    <p class='ocr_par' dir='ltr' id='par_1_109' title="bbox 2144 5046 3733 5120">
     <span class='ocr_line' id='line_1_109' title="bbox 2144 5046 3733 5120; baseline -0.003 -16"><span class='ocrx_word' id='word_1_842' title='bbox 2144 5068 2235 5105; x_wconf 88' lang='grc' dir='ltr'><strong>σαι</strong></span> <span class='ocrx_word' id='word_1_843' title='bbox 2269 5050 2556 5120; x_wconf 84' lang='grc' dir='ltr'><strong>φανέντας,</strong></span> <span class='ocrx_word' id='word_1_844' title='bbox 2588 5046 2901 5116; x_wconf 77' lang='grc' dir='ltr'><strong>ἀναπτῆναι</strong></span> <span class='ocrx_word' id='word_1_845' title='bbox 2927 5046 3091 5099; x_wconf 78' lang='grc' dir='ltr'><strong>πάλιν</strong></span> <span class='ocrx_word' id='word_1_846' title='bbox 3120 5048 3199 5111; x_wconf 83' lang='grc' dir='ltr'><strong>είς</strong></span> <span class='ocrx_word' id='word_1_847' title='bbox 3229 5048 3516 5118; x_wconf 84' lang='grc' dir='ltr'><strong>οὐρανούς.</strong></span> <span class='ocrx_word' id='word_1_848' title='bbox 3543 5046 3733 5102; x_wconf 85' lang='grc' dir='ltr'><strong>Ταῦτα</strong></span> 
     </span>
    </p>
   </div>
   <div class='ocr_carea' id='block_1_110' title="bbox 2142 5139 3737 5211">
    <p class='ocr_par' dir='ltr' id='par_1_110' title="bbox 2142 5139 3737 5211">
     <span class='ocr_line' id='line_1_110' title="bbox 2142 5139 3737 5211; baseline -0.003 -14"><span class='ocrx_word' id='word_1_849' title='bbox 2142 5143 2233 5197; x_wconf 78' lang='grc' dir='ltr'><strong>τὸν</strong></span> <span class='ocrx_word' id='word_1_850' title='bbox 2291 5142 2459 5195; x_wconf 75' lang='grc' dir='ltr'><strong>πολὺν</strong></span> <span class='ocrx_word' id='word_1_851' title='bbox 2512 5143 2720 5195; x_wconf 76' lang='grc' dir='ltr'><strong>ἐκεῖνον</strong></span> <span class='ocrx_word' id='word_1_852' title='bbox 2782 5139 3090 5210; x_wconf 70' lang='grc' dir='ltr'><strong>ἑωρακότα,</strong></span> <span class='ocrx_word' id='word_1_853' title='bbox 3165 5139 3366 5211; x_wconf 75' lang='grc' dir='ltr'><strong>μεστὸν</strong></span> <span class='ocrx_word' id='word_1_854' title='bbox 3416 5139 3584 5209; x_wconf 81' lang='grc' dir='ltr'><strong>φόϐου</strong></span> <span class='ocrx_word' id='word_1_855' title='bbox 3635 5141 3737 5194; x_wconf 73' lang='grc' dir='ltr'><strong>καὶ</strong></span> 
     </span>
    </p>
   </div>
   <div class='ocr_carea' id='block_1_111' title="bbox 2147 5232 3740 5305">
    <p class='ocr_par' dir='ltr' id='par_1_111' title="bbox 2147 5232 3740 5305">
     <span class='ocr_line' id='line_1_111' title="bbox 2147 5232 3740 5305; baseline -0.003 -14"><span class='ocrx_word' id='word_1_856' title='bbox 2147 5235 2542 5305; x_wconf 73' lang='grc' dir='ltr'><strong>καταπλήξεως</strong></span> <span class='ocrx_word' id='word_1_857' title='bbox 2603 5234 2697 5288; x_wconf 73' lang='grc' dir='ltr'><strong>ἐπὶ</strong></span> <span class='ocrx_word' id='word_1_858' title='bbox 2741 5234 2992 5287; x_wconf 84' lang='grc' dir='ltr'><strong>πλεῖστον</strong></span> <span class='ocrx_word' id='word_1_859' title='bbox 3042 5232 3325 5298; x_wconf 86' lang='grc' dir='ltr'><strong>διατελεῖν,</strong></span> <span class='ocrx_word' id='word_1_860' title='bbox 3355 5234 3431 5297; x_wconf 87' lang='grc' dir='ltr'><strong>ὼς</strong></span> <span class='ocrx_word' id='word_1_861' title='bbox 3472 5236 3565 5287; x_wconf 76' lang='grc' dir='ltr'><strong>καὶ</strong></span> <span class='ocrx_word' id='word_1_862' title='bbox 3605 5235 3740 5297; x_wconf 75' lang='grc' dir='ltr'><strong>τοὺς</strong></span> 
     </span>
    </p>
   </div>
   <div class='ocr_carea' id='block_1_112' title="bbox 2153 5324 3740 5401">
    <p class='ocr_par' dir='ltr' id='par_1_112' title="bbox 2153 5324 3740 5401">
     <span class='ocr_line' id='line_1_112' title="bbox 2153 5324 3740 5401; baseline -0.002 -18"><span class='ocrx_word' id='word_1_863' title='bbox 2153 5331 2423 5401; x_wconf 75' lang='grc' dir='ltr'><strong>μοναχοὺς</strong></span> <span class='ocrx_word' id='word_1_864' title='bbox 2471 5327 2645 5391; x_wconf 78' lang='grc' dir='ltr'><strong>οὕτως</strong></span> <span class='ocrx_word' id='word_1_865' title='bbox 2695 5326 2891 5398; x_wconf 81' lang='grc' dir='ltr'><strong>ἔχοντα</strong></span> <span class='ocrx_word' id='word_1_866' title='bbox 2925 5324 3256 5398; x_wconf 87' lang='grc' dir='ltr'><strong>θεωμένους,</strong></span> <span class='ocrx_word' id='word_1_867' title='bbox 3300 5329 3396 5382; x_wconf 74' lang='grc' dir='ltr'><strong>καὶ</strong></span> <span class='ocrx_word' id='word_1_868' title='bbox 3423 5328 3524 5399; x_wconf 85' lang='grc' dir='ltr'><strong>τὴν</strong></span> <span class='ocrx_word' id='word_1_869' title='bbox 3553 5328 3740 5381; x_wconf 69' lang='grc' dir='ltr'><strong>αἰτίαν</strong></span> 
     </span>
    </p>
   </div>
   <div class='ocr_carea' id='block_1_113' title="bbox 2151 5419 3734 5494">
    <p class='ocr_par' dir='ltr' id='par_1_113' title="bbox 2151 5419 3734 5494">
     <span class='ocr_line' id='line_1_113' title="bbox 2151 5419 3734 5494; baseline -0.001 -19"><span class='ocrx_word' id='word_1_870' title='bbox 2151 5423 2274 5494; x_wconf 81' lang='grc' dir='ltr'><strong>ἣτις</strong></span> <span class='ocrx_word' id='word_1_871' title='bbox 2316 5421 2401 5493; x_wconf 84' lang='grc' dir='ltr'><strong>εῐη</strong></span> <span class='ocrx_word' id='word_1_872' title='bbox 2430 5419 2987 5490; x_wconf 84' lang='grc' dir='ltr'><strong>διαπυνθανομένους,</strong></span> <span class='ocrx_word' id='word_1_873' title='bbox 3024 5421 3182 5491; x_wconf 86' lang='grc' dir='ltr'><strong>μόλις</strong></span> <span class='ocrx_word' id='word_1_874' title='bbox 3208 5421 3379 5491; x_wconf 76' lang='grc' dir='ltr'><strong>αὐτὴν</strong></span> <span class='ocrx_word' id='word_1_875' title='bbox 3402 5419 3734 5488; x_wconf 73' lang='grc' dir='ltr'><strong>ἐκκαλύψαι,</strong></span> 
     </span>
    </p>
   </div>
   <div class='ocr_carea' id='block_1_114' title="bbox 2157 5512 3739 5586">
    <p class='ocr_par' dir='ltr' id='par_1_114' title="bbox 2157 5512 3739 5586">
     <span class='ocr_line' id='line_1_114' title="bbox 2157 5512 3739 5586; baseline -0.003 -17"><span class='ocrx_word' id='word_1_876' title='bbox 2157 5514 2368 5585; x_wconf 85' lang='grc' dir='ltr'><strong>σιωπὴν</strong></span> <span class='ocrx_word' id='word_1_877' title='bbox 2424 5513 2627 5586; x_wconf 84' lang='grc' dir='ltr'><strong>πολλὴν</strong></span> <span class='ocrx_word' id='word_1_878' title='bbox 2680 5515 3151 5586; x_wconf 83' lang='grc' dir='ltr'><strong>παραγγείλαντα,</strong></span> <span class='ocrx_word' id='word_1_879' title='bbox 3192 5512 3409 5569; x_wconf 75' lang='grc' dir='ltr'><strong>καὶτοῦ</strong></span> <span class='ocrx_word' id='word_1_880' title='bbox 3442 5514 3739 5585; x_wconf 59' lang='grc' dir='ltr'><strong>ἀπόρρητα</strong></span> 
     </span>
    </p>
   </div>
   <div class='ocr_carea' id='block_1_115' title="bbox 2156 5603 3739 5682">
    <p class='ocr_par' dir='ltr' id='par_1_115' title="bbox 2156 5603 3739 5682">
     <span class='ocr_line' id='line_1_115' title="bbox 2156 5603 3739 5682; baseline -0.002 -20"><span class='ocrx_word' id='word_1_881' title='bbox 2156 5608 2330 5662; x_wconf 88' lang='grc' dir='ltr'><strong>ταῦτα</strong></span> <span class='ocrx_word' id='word_1_882' title='bbox 2386 5607 2603 5662; x_wconf 81' lang='grc' dir='ltr'><strong>κεῖσθαι</strong></span> <span class='ocrx_word' id='word_1_883' title='bbox 2629 5606 2709 5680; x_wconf 83' lang='grc' dir='ltr'><strong>τῷ</strong></span> <span class='ocrx_word' id='word_1_884' title='bbox 2747 5609 2992 5682; x_wconf 73' lang='grc' dir='ltr'><strong>Ἰωάννῃ,</strong></span> <span class='ocrx_word' id='word_1_885' title='bbox 3029 5607 3107 5681; x_wconf 74' lang='grc' dir='ltr'><strong>μὴ</strong></span> <span class='ocrx_word' id='word_1_886' title='bbox 3136 5608 3234 5663; x_wconf 77' lang='grc' dir='ltr'><strong>καὶ</strong></span> <span class='ocrx_word' id='word_1_887' title='bbox 3286 5607 3561 5678; x_wconf 78' lang='grc' dir='ltr'><strong>πρόφασιν</strong></span> <span class='ocrx_word' id='word_1_888' title='bbox 3584 5603 3739 5677; x_wconf 78' lang='grc' dir='ltr'>αὐτῷ</span> 
     </span>
    </p>
   </div>
  </div>
