4138 6398
369 306 513 373 1065

1390 312 1567 373 VITA
1603 315 1663 376 s.
1705 313 2029 379 JOANNIS
2065 292 2597 383 CHRYSOSTOMI

3502 321 3639 389 1066

361 416 856 491 δῶμεν,·φήσαντα,
878 421 976 492 τῆς
997 420 1250 476 ἐντεῦθεν
1275 421 1533 495 ἀναχωρή
1544 441 1700 489 σεως.
1728 428 1793 479 Ui
1844 445 1941 498 μεν

2048 428 2227 485 cedat.
2248 430 2327 485 Illi
2350 447 2479 502 ergo
2500 431 2606 495 bis,
2626 444 2748 499 qua:
2761 429 2905 485 dicta
2933 436 3083 495 sunt,
3107 430 3489 502 obstupefacti,
3510 435 3643 491 hinc

361 507 459 565 οὖν
494 510 588 564 ἐπὶ
626 513 738 574 τοῖς
766 510 1038 582 λεχθεῖσιν
1059 514 1429 583 ἐκπλαγέντες
1455 516 1555 584 τὴν
1589 518 1781 588 ἀκοὴν,
1818 537 1950 574 τεκ-

246 594 251 597 ’
362 601 550 673 μηρίῳ
606 602 781 675 τούτῳ
813 606 906 657 καὶ
934 605 1062 676 περὶ
1085 607 1146 660 τὸ
1171 607 1360 661 λοιπὸν
1398 609 1641 682 ἐχρῶντο
1676 610 1774 663 τοῦ
1805 611 1947 681 βίου,

365 696 448 747 ὅτι
472 686 752 765 παράδοξα
782 695 998 759 πάντως
1023 697 1178 787 ἔσται
1198 698 1290 752 καὶ
1314 699 1585 768 μεγαλεῖα
1609 702 1937 772 διαπραττό-

368 804 555 859 μενος.
604 785 716 840 Καὶ
745 788 938 857 γέγονε
993 785 1092 859 μὲν
1149 789 1388 859 ἀληθῶς,
1439 791 1616 862 μυρία
1672 793 1768 845 τοῦ
1810 792 1947 846 Θεοῦ

363 878 552 933 τοῦτον
584 879 678 932 ἐπὶ
714 878 825 933 τῶν
862 880 1039 950 ἔργων
1084 880 1418 946 δοξάζοντος.
1489 883 1653 952 Ἦμῖν
1681 883 1737 936 δὲ
1774 884 1934 952 ὀλίγα

366 968 463 1022 καὶ
489 967 559 1021 δι’
589 967 811 1038 ὀλίγων,
867 970 1040 1041 ὁπόση
1089 970 1342 1041 δύναμις,
1387 973 1452 1026 ὲκ
1481 970 1690 1025 τούτων
1744 972 1946 1045 διηγη-
2030 1006 2035 1012 -

366 1056 514 1110 τέον.
851 1100 858 1106 .
1284 1090 1288 1096 -

435 1193 528 1262 (ς’ῗ.
569 1194 737 1267 Ἀνήρ
779 1212 864 1259 τις
919 1195 1264 1268 Ἀντιοχεῦς,
1296 1192 1366 1253 ἰδ’
1410 1200 1570 1269 γένος
1618 1204 1944 1274 περιφανὴς,

361 1288 457 1341 τὸν
482 1286 597 1356 βίον
640 1286 963 1359 πολυτελὴς,
990 1288 1130 1360 νόσῳ
1146 1292 1254 1345 τινὶ
1288 1282 1593 1364 περιαλγὴς
1618 1296 1680 1347 τὸ
1710 1295 1951 1366 ἡμίκρα-

362 1395 453 1432 νον
473 1379 741 1447 ἐγεγόνει,
757 1379 1007 1450 Τοσαύτη
1027 1380 1086 1433 δὲ
1112 1384 1145 1450 ἡ
1169 1382 1264 1436 τοῦ
1283 1384 1491 1448 πάθους
1512 1385 1665 1456 ἀκμὴ
1686 1388 1782 1440 καὶ
1801 1386 1945 1441 οὕτω

366 1470 637 1533 σύντονος,
658 1469 746 1534 ’ῶς
775 1471 866 1525 τὸν
897 1470 1174 1556 ὀφθαλμᾲν
1226 1475 1498 1529 ἐκστάντα
1516 1477 1626 1547 τῆς
1674 1478 1840 1549 ἕδρας
1879 1483 1945 1551 τῇ

367 1561 465 1615 τοῦ
484 1561 658 1621 κακοῦ
683 1563 914 1632 δυνάμει
938 1565 1104 1618 πᾶσιν
1132 1566 1364 1637 ὁρᾶσθαι
1389 1608 1405 1635 ,
1434 1571 1667 1641 πρᾶγμα
1689 1570 1943 1639 δακρύων

370 1654 543 1719 ἀξιον.
606 1653 810 1709 τοῦτον
862 1656 944 1718 είς
974 1656 1074 1727 τὴν
1107 1659 1279 1728 μονὴν
1309 1658 1668 1737 ἀφικόμενον,
1698 1655 1810 1734 ὲνῇ
1856 1661 1976 1714 τδν’

369 1749 571 1839 μέγανυ
593 1747 859 1801 διατελεῖν
884 1744 975 1819 ἦν,
1006 1749 1179 1816 πολλά
1238 1752 1338 1822 μὲν
1391 1755 1622 1839 δεῖσθαι,
1667 1754 1866 1817 πολλὰς
1888 1753 1945 1806 δὲ
1981 1781 2019 1831 η

366 1836 505 1908 πρὸς
533 1837 685 1891 ἔλεον
724 1838 952 1907 ἀφιέναι
981 1840 1186 1908 φωνὰς,
1208 1842 1326 1913 τὴν
1353 1836 1654 1915 θεραπείαν
1691 1843 1948 1915 αἰτούμεο

361 1944 476 1983 νον·
533 1930 625 1985 τὸν
645 1931 701 1984 δὲ
730 1931 825 1985 καὶ
884 1934 1242 2003 πμπαθῆσαι
1272 1937 1377 2008 μὲν
1409 1937 1548 2006 (πῶς
1572 1939 1683 2011 γὰρ
1714 1939 1781 1993 οὐ
1812 1938 1950 1994 πάν-

363 2038 475 2075 των
501 2021 630 2111 δντα
679 2022 1235 2111 φιλανθρωπότατονς
1270 2029 1287 2098 )
1328 2030 1610 2100 εἰρηκέναι
1627 2033 1685 2086 δὲ
1739 2033 1946 2111 μοχθη-

365 2111 476 2180 ρῶν
503 2110 686 2182 ἔργων
713 2106 857 2166 εἶναι
880 2113 1058 2168 ταῦτα
1085 2117 1179 2169 καὶ
1208 2119 1308 2188 τῆς
1336 2122 1415 2184 εἰς
1432 2122 1667 2192 Χριστὸν
1691 2106 1947 2189 ἀπιστίας

360 2203 641 2276 ἐπίχειρα.
678 2204 743 2258 Ei
784 2205 879 2259 οὖν
924 2208 1026 2281 ὅλῃ
1069 2211 1135 2280 τῇ
1185 2210 1334 2283 ψυχῇ
1364 2213 1540 2283 τούτῳ
1604 2215 1946 2285 προσέλθοις,

365 2292 462 2347 καὶ
524 2296 636 2349 τῶν
691 2291 1000 2371 προτέρων³
1021 2302 1399 2373 ἀποσχόμενος
1454 2290 1944 2378 ἐπιτηδευμάτων,

365 2387 589 2456 ἀγωγὴν
619 2388 886 2462 μετέλθῃς
902 2391 1064 2459 φίλην
1098 2392 1250 2461 αὑτῷ
1273 2394 1368 2447 καὶ
1394 2396 1758 2466 ἀρέσκουσαν,
1789 2399 1943 2465 οὐδὲν

362 2478 425 2531 τὺ
452 2478 660 2540 κωλύον
707 2480 861 2534 ἔσται
918 2482 1014 2535 καὶ
1057 2483 1156 2554 τῆν
1200 2484 1307 2539 τοῦ
1375 2485 1673 2551 λυποῦντος
1718 2486 1946 2554 ἕψεσθαι

364 2567 689 2638 θεραπείαν.
743 2570 850 2624 Τοῦ
885 2572 947 2625 ’δὲ
969 2575 1067 2628 καὶ
1098 2575 1386 2630 πιστεύειν
1421 2578 1835 2648 ὁμολογοῦντος,
1856 2583 1950 2636 καὶ

365 2661 577 2729 ἀμείνω
611 2661 766 2731 θήσει
794 2664 888 2716 τὸν
943 2665 1058 2733 βίον
1098 2666 1562 2738 ὑπισχνουμένου,
1596 2672 1734 2742 πρὸς
1763 2673 1821 2727 δὲ
1852 2673 1948 2727 καὶ

367 2749 465 2813 τάς
522 2752 682 2819 ἁγίας
725 2754 943 2818 ὲκείνας
1004 2757 1435 2827 καταφιλοῦντος
1483 2764 1697 2832 χεῖρας,
1768 2764 1864 2818 καὶ
1887 2765 1946 2818 τὸ

369 2843 585 2912 ἱμάτιον
610 2844 685 2916 τῷ
723 2846 979 2915 ἀλγοῦντι
1015 2848 1172 2921 μέρει
1204 2853 1636 2921 προσάπτοντος.
1663 2856 1763 2926 οὐχ
1795 2857 1830 2925 ἡ
1860 2872 1947 2909 κε-

329 2936 512 3027 ,φαλὴ
556 2938 692 3007 μόνη
728 2944 830 3011 τῆς
876 2940 1071 3012 ὀδύνης
1126 2941 1471 3027 ἀπήλλακτο,
1526 2947 1663 3002 ἀλλά
1699 2949 1847 3003 καὶὸ
1877 2953 1944 3021 τῇ
1993 2979 2003 2989 ς

368 3028 460 3099 βίᾳ
488 3028 693 3100 ταύτης
743 3033 1100 3104 ἐκκρουσθεὶς
1119 3024 1423 3108 ὀφθαλμὸς,
1457 3038 1649 3109 ὥσπερ
1677 3041 1946 3112 πρότερον

2049 523 2312 592 deinceps
2351 524 2597 578 futuram
2655 525 2780 593 ejus
2829 514 2993 576 vitam
3047 522 3436 593 conjiciebaut,
3494 525 3641 594 quod

2051 615 2262 670 scilicet
2305 627 2454 671 esset
2495 616 2743 672 facturus
2792 629 2990 689 magna
3053 628 3107 672 et
3161 618 3524 672 admirabilia.
3574 617 3641 672 Et

1997 726 2018 741 ο
2050 707 2191 762 facta
2224 708 2444 778 quidem
2461 718 2589 762 sunt
2620 724 2810 763 revera
2863 710 3313 773 innumerabilia,
3362 709 3470 765 Deo
3525 709 3639 780 glo-

2052 801 2302 856 riﬁcante
2324 791 2581 873 magnum
2608 802 2757 855 illum
2800 801 2855 854 in
2908 802 3185 871 operibus.
3217 800 3404 857 'Nobis
3455 812 3637 857 autem

2054 908 2226 962 pauca
2251 901 2310 948 et
2339 893 2526 965 paucis
2547 902 2677 948 sunt
2696 894 2966 947 narranda
2999 908 3099 964 pro
3122 894 3365 967 viribus.,

2123 1207 2209 1264 VI.
2252 1206 2347 1261 Vir
2403 1207 2620 1277 quidam
2670 1207 3066 1273 Antiochenus,
3124 1206 3355 1261 illustris
3404 1220 3631 1275 genere,

2054 1299 2161 1353 vita
2218 1299 2537 1369 splendidus
2565 1305 2621 1354 et
2648 1297 2992 1368 magniﬁcus.
3028 1298 3221 1353 morbo
3247 1298 3483 1367 quodam
3518 1312 3660 1350 ma-.
3700 1358 3706 1363 η

2051 1407 2216 1460 gnum
2281 1389 2554 1447 sentiebat
2613 1389 2857 1445 dolorem
2909 1390 2964 1442 in
3014 1388 3193 1443 media
3235 1397 3389 1458 parte
3440 1386 3636 1441 cranii.

2052 1478 2229 1532 Tanta
2285 1485 2469 1532 autem
2525 1488 2644 1532 erat
2697 1477 2781 1531 vis
2811 1478 2987 1532 morbi
3017 1488 3075 1533 et
3129 1479 3268 1533 adeo
3308 1477 3546 1541 intonsa,
3581 1483 3644 1530 ut

2050 1569 2245 1623 oculus
2275 1570 2406 1624 sede
2444 1578 2593 1625 esset
2622 1578 2857 1633 emotus,
2889 1579 2947 1623 ut
2979 1569 3073 1639 qui
3120 1570 3173 1624 vi
3213 1569 3341 1624 mali
3385 1585 3495 1623 non
3519 1583 3644 1637 .po-

2056 1660 2251 1726 tuisset
2296 1649 2568 1715 resistere
2606 1676 2620 1713 :
2652 1669 2708 1714 et
2739 1660 2811 1714 ita
2839 1659 3121 1717 videretur
3156 1658 3414 1713 omnibus
3443 1672 3531 1711 res
3560 1657 3641 1711 la-

2052 1751 2379 1823 crymabilis.
2436 1752 2489 1804 Is
2530 1765 2653 1804 cum
2709 1743 2968 1804 venissct'
3012 1749 3079 1803 ad
3121 1748 3539 1811 monasterium,
3583 1748 3639 1801 in

2053 1858 2162 1913 quo
2191 1842 2423 1912 degebat
2451 1855 2680 1911 magnus
2703 1834 2968 1903 Ioannes,
3022 1840 3254 1894 multum
3284 1838 3504 1908 quidem
3547 1853 3639 1892 ro—

2054 1936 2214 2005 gabat
2246 1953 2257 1987 :
2295 1933 2495 1987 multas
2517 1942 2699 2002 autem
2730 1931 3015 1986 emittebat
3033 1945 3196 1986 voces
3226 1929 3293 1985 ad
3319 1930 3639 1985 movendam

2057 2023 2509 2088 misericordiam,
2565 2030 2759 2092 petens
2804 2021 3167 2077 curationem.
3230 2019 3281 2075 Is
3341 2035 3473 2075 vero
3536 2019 3643 2074 fuit

2053 2115 2271 2184 quidem
2306 2116 2585 2169 misertus.
2621 2113 2822 2179 Quidni
2858 2112 3024 2177 enim,
3059 2128 3183 2166 cum
3211 2120 3358 2167 esset
3393 2111 3637 2167 omnium

2057 2207 2341 2262 hominum
2391 2205 2891 2261 clementissimus?
2922 2204 3061 2259 Dixit
3102 2215 3309 2268 autem,
3367 2207 3481 2259 ba‘c
3519 2219 3642 2261 esse

2053 2302 2283 2371 praemia
2320 2301 2712 2355 sceleratorum
2744 2297 3035 2361 factorum,
3065 2307 3120 2351 et
3146 2294 3200 2350 in
3232 2297 3511 2352 Christum
3556 2297 3641 2371 in-

2053 2391 2417 2447 credulitatis.
2488 2390 2545 2444 Si
2566 2380 2728 2460 ergo,
2783 2388 2983 2453 aiebat,
3025 2396 3140 2443 toto
3187 2389 3371 2442 animo
3408 2388 3475 2443 ad
3515 2403 3642 2443 eam

2052 2482 2375 2545 accesseris,
2402 2491 2459 2535 et
2489 2480 2686 2535 deinde
2721 2478 2995 2547 prioribus
3031 2478 3237 2532 relictis
3269 2477 3485 2537 studiis,
3519 2472 3663 2533 vitae}

2052 2573 2321 2628 rationem
2365 2586 2653 2643 aggressus
2701 2570 2873 2626 fueris
2921 2569 2969 2625 ei
3012 2579 3223 2641 gratam
3272 2577 3327 2623 et
3360 2569 3638 2634 mundam,

2052 2664 2193 2719 nihil
2221 2664 2327 2719 erit
2349 2664 2491 2733 quod
2522 2663 2722 2726 obstet,
2759 2677 2867 2731 quo
2914 2663 3097 2715 minus
3128 2668 3389 2730 sequatur
3429 2661 3640 2714 curatio

2059 2757 2200 2827 ejus,
2240 2758 2383 2826 quod
2416 2764 2467 2811 te
2494 2755 2725 2811 cruciat.
2757 2755 2892 2810 Cum
2922 2753 2967 2807 is
2988 2759 3169 2808 autem
3202 2761 3256 2807 et
3286 2767 3346 2808 se
3377 2751 3642 2807 fateretur

2053 2850 2301 2913 credere,
2334 2856 2390 2902 ct
2428 2847 2779 2918 polliceretur
2805 2846 2970 2900 vitam
3001 2854 3212 2905 mutare
3238 2844 3290 2900 in
3325 2845 3539 2909 melius,
3583 2855 3640 2900 ct

2053 2940 2202 2994 illius
2243 2939 2580 2994 castissimas
2637 2952 2832 2992 manus
2861 2934 3287 2999 deoscularctur,
3342 2945 3396 2989 et
3432 2934 3638 2991 dolenti

2050 3033 2188 3103 parti
2224 3041 2426 3087 vestem
2455 3032 2795 3095 admoveret,
2827 3043 2934 3082 nou
2963 3029 3138 3085 solum
3172 3027 3275 3081 fuit
3304 3036 3464 3096 caput
3503 3026 3639 3082 libe-

363 3120 507 3174 κατά
571 3122 754 3192 χῶραν
776 3118 869 3195 ἦν.
905 3126 1108 3196 ἷΗρκει
1156 3129 1320 3199 τοῦτο
1342 3130 1557 3202 λεχθὲν,
1583 3133 1680 3187 καὶ
1710 3135 1811 3207 τῆς
1846 3135 1941 3188 τοῦ

2054 3133 2229 3180 ratum
2286 3140 2316 3179 a
2371 3124 2581 3187 dolore,
2618 3121 2714 3177 sed
2759 3121 2925 3175 etiam
2981 3119 3193 3182 oculus,
3255 3118 3347 3188 qui
3385 3119 3435 3173 vi
3466 3118 3534 3173 ab
3568 3134 3635 3173 eo

365 3210 522 3278 ἀγίου
564 3214 801 3278 πίστεως
855 3215 1127 3287 σύμϐολον
1188 3220 1445 3288 γενέσθαι
1506 3224 1698 3293 σαφὲς,
1756 3228 1853 3279 καὶ
1874 3225 1941 3297 ἢν

364 3301 517 3373 οὗτος
539 3308 798 3364 ἐπλούτει
833 3314 986 3383 παρὰ
1011 3312 1106 3366 τοῦ
1133 3313 1291 3382 Θεοῦ,
1318 3317 1587 3389 γνωρίσαι
1619 3312 1813 3390 ῥοπήν.

432 3590 506 3648 Z'.
560 3593 621 3646 Ὀ
647 3592 703 3646 δὲ
734 3593 893 3662 λόγος
919 3594 1018 3650 καῖ⁹
1035 3593 1222 3669 ἓτέρον
1248 3596 1341 3651 ἐπὶ
1358 3596 1533 3669 τούτῳ
1557 3598 1787 3653 διελθεῖν
1809 3575 1953 3670 βούέ

252 3702 283 3711 -ν
361 3685 535 3747 λεται,
573 3681 727 3736 οὐδὲν
780 3679 949 3757 ἦττον
1003 3683 1099 3738 τοῦ
1144 3684 1511 3756 προλαϐόντος
1537 3688 1599 3740 τὸ
1628 3688 1939 3743 σιωπᾶσθαι

366 3775 442 3845 μὴ
496 3775 847 3845 ἀνεχόμενον.
915 3775 1009 3843 Τὸ,
1064 3778 1205 3832 κατά
1231 3778 1334 3833 τὸν
1384 3779 1678 3850 Ἀρχέλαον
1718 3782 1938 3845 πάντως

362 3868 523 3941 φημὶ,
576 3866 672 3922 καὶ
718 3864 787 3940 ἧς
854 3868 1045 3940 ἔτυχεν
1099 3871 1306 3934 ἐκεῖνος
1374 3871 1839 3943 θαυματουργίας·
1874 3873 1936 3938 ὃς

2049 3217 2232 3272 fuerat
2268 3215 2612 3278 exturbatus,
2642 3212 2744 3267 fuit
2782 3214 2899 3267 loco
2932 3211 3098 3281 priOri
3142 3211 3446 3265 restitutus.
3491 3210 3635 3266 Satis

2048 3316 2167 3362 erat
2195 3309 2320 3372 hoc,
2343 3306 2487 3377 quod
2519 3305 2725 3361 dictum
2753 3312 2859 3368 est,
2893 3288 2952 3357 ut
2980 3311 3128 3358 esset
3151 3304 3363 3373 signum
3400 3302 3633 3358 evidens

2048 3400 2173 3456 ﬁdei
2230 3400 2437 3466 sancti,
2498 3407 2555 3454 et
2616 3396 3058 3471 ut‘signiﬂcaret
3131 3408 3386 3466 magnum
3449 3394 3636 3465 gratia:

2048 3492 2448 3563 adiumentum,
2473 3490 2618 3562 quod
2649 3506 2679 3544 a
2712 3488 2822 3544 Deo
2873 3497 2992 3544 erat
3019 3485 3225 3542 eﬂ‘atim
3281 3494 3634 3554 consecutus.

2117 3604 2230 3660 VII.
2256 3603 2384 3659 Vult
2422 3614 2605 3659 autem
2630 3596 2804 3659 oratio
2838 3604 3072 3659 alterum
3101 3618 3319 3674 quoque
3371 3600 3631 3668 adjicere,

2044 3699 2401 3755 nihilominus
2462 3696 2827 3764 praecedente,
2871 3696 3019 3765 quod
3069 3708 3406 3764 nequaquam
3438 3707 3497 3746 se
3536 3707 3636 3761 pa-

2051 3799 2185 3852 titur
2236 3796 2484 3851 mandari
2539 3795 2776 3850 silentio.
2814 3792 3143 3864 Cujusmodi-
3168 3793 3312 3847 enim
3344 3793 3508 3846 fuerit
3555 3791 3633 3852 id,

2046 3890 2194 3962 quod
2220 3888 2486 3943 Archelao
2509 3887 2791 3947 acciderit.
2831 3886 2985 3941 scitis
3014 3885 3223 3955 utique.
3256 3892 3312 3938 et
3350 3883 3629 3953 quodnam

374 3961 702 4031 Ἀντιοχείας
729 3962 827 4032 μὲν
850 3961 1036 4034 ἄρχων
1064 3963 1363 4035 ἐτύγχανεν
1393 3962 1489 4026 ῶν,
1522 3965 1616 4017 καὶ
1643 3965 1712 4018 τὰ
1742 3964 1936 4036 πρῶτα

2048 3961 2103 4037 in
2128 3997 2252 4039 eum
2285 3981 2489 4036 factum
2522 3979 2689 4034 fuerit
2731 3978 3054 4033 miraculum
3087 3996 3100 4032 :
3133 3976 3227 4046 qui
3258 3983 3373 4031 erat
3411 3974 3628 4044 quidem

361 4055 544 4125 φέρων
594 4054 698 4124 τῆς
722 4054 953 4118 πόλεως’
986 4055 1050 4108 ἐκ
1069 4072 1216 4119 τινος
1244 4056 1303 4110 δὲ
1337 4057 1487 4128 αὐτῷ
1520 4056 1934 4129 συμπτώματος

2048 4086 2247 4143 praeses
2285 4068 2622 4127 Antiochia).
2684 4076 2740 4122 et
2786 4067 3069 4121 obtinebat
3110 4067 3316 4135 primas
3351 4072 3537 4132 partes
3578 4063 3633 4118 in

357 4147 672 4217 ἀπορρήτου
695 4145 871 4216 λέπρα
900 4145 978 4218 τῷ
1021 4146 1258 4219 μετώπῳ
1283 4144 1366 4210 τις
1399 4148 1764 4219 ὲπανθήσασοι
1804 4151 1936 4219 σφόο

2048 4162 2266 4218 civitate
2294 4176 2308 4212 :
2348 4173 2552 4221 arcano
2582 4166 2917 4213 autcmlcasu
2942 4156 3092 4229 lepra
3121 4154 3390 4224 quaedam,
3418 4167 3539 4222 quae
3578 4152 3632 4207 in

357 4237 461 4309 δρα
508 4238 721 4306 ἐλύπει,
754 4238 823 4294 δι’
848 4239 1113 4311 αίσχύνης
1145 4240 1206 4295 τὸ
1257 4239 1433 4305 πάθος
1475 4240 1786 4313 τιθέμενον,
1838 4242 1933 4297 καὶ

2048 4253 2162 4325 eius
2205 4250 2383 4308 fronte
2408 4248 2738 4314 emeruerat,
2777 4261 2901 4303 eum
2943 4261 3136 4315 magna
3158 4244 3425 4301 adiciebat
3460 4241 3632 4297 mole-

360 4330 550 4399 σχεδὸν
586 4324 805 4385 ἃπασαν
861 4332 1267 4402 ἐκτρεπόμενον
1312 4332 1457 4403 ὄψιν.
1488 4333 1671 4388 Πολλά
1711 4334 1812 4406 μὲν
1840 4334 1933 4388 οῦν

2048 4346 2169 4410 stia,
2199 4354 2261 4400 ut
2284 4359 2405 4414 quae
2436 4358 2561 4397 eum
2620 4339 2831 4411 pudore
2862 4336 3135 4413 alliceret,
3166 4345 3223 4391 et
3266 4333 3526 4401 elliceret,
3576 4340 3636 4387 ut

360 4422 564 4492 ἰατρῶν
609 4423 774 4498 τέχνη
829 4422 1009 4494 βοηθῷ
1063 4425 1431 4495 χρησάμενος,
1481 4427 1634 4483 οὐδὲν
1679 4428 1936 4483 ἀπώνατο

2048 4436 2293 4491 omnium
2335 4435 2531 4490 vitaret
2561 4433 2771 4489 oculos.
2813 4430 2949 4486 Cum
2992 4429 3178 4499 itaque
3226 4427 3457 4482 multum
3498 4439 3633 4483 usus

355 4513 607 4589 πλέον,ῆ
661 4516 741 4586 τῷ
782 4515 949 4586 λίχνῳ
996 4516 1291 4580 παίζεσθαι
1334 4519 1444 4571 τῶν
1504 4519 1759 4586 ἐλπίδων,
1830 4520 1938 4584 ἓως

2048 4510 2196 4585 esset
2229 4527 2520 4590 medicina,
2551 4533 2611 4580 ut
2644 4540 2766 4595 quae
2800 4531 2988 4594 posset
3012 4522 3061 4576 ei
3095 4535 3254 4591 opem
3285 4519 3447 4583 ferre,
3490 4514 3631 4571 nihil

350 4607 720 4678 ἠλέγχθησαν.
770 4609 897 4679 Ὀψὲ
918 4606 1050 4686 γοῦν
1079 4610 1176 4663 καὶ
1209 4611 1361 4680 μόλις
1389 4610 1482 4665 τὸν
1511 4612 1668 4682 ἅγιον
1700 4614 1781 4678 είς
1813 4614 1939 4669 νοῦν

2048 4622 2212 4676 aliud.
2242 4620 2454 4674 fructus
2485 4633 2550 4672 ex
2586 4632 2650 4671 ea
2699 4615 2948 4685 accepit,
2982 4628 3143 4684 quam
3194 4619 3254 4666 ut
3304 4625 3403 4681 spe
3433 4607 3632 4664 blanda

356 4699 708 4770 βαλλόμενος,
764 4703 859 4754 καὶ
918 4702 1238 4774 θερμοτέρῳ
1285 4702 1558 4769 πνεύματι
1597 4704 1736 4777 πρὸς
1764 4706 1933 4760 αὐτὸν

2048 4692 2387 4773 illuderetur,
2419 4711 2596 4766 donec
2621 4707 2867 4763 constitit
2893 4721 3012 4761 eam
3037 4720 3157 4760 esse
3187 4703 3457 4759 fallacem.
3493 4690 3631 4756 Cum

354 4791 710 4861 ἀφικόμενος,
755 4791 935 4846 ποδῶν
953 4810 1015 4846 τε
1068 4794 1276 4865 ἥπτετο
1332 4794 1443 4849 τῶν
1496 4796 1690 4866 ἁγίων,
1740 4799 1836 4853 καὶ
1879 4804 1940 4854 τὸ

2048 4816 2229 4861 autem
2261 4812 2485 4859 sanctus
2514 4802 2605 4857 vix
2637 4800 2858 4857 tandem
2887 4800 2939 4854 ei
2966 4794 3208 4854 venisset
3254 4797 3308 4850 in
3361 4806 3628 4874 mentem,

356 4884 533 4947 πάθος
571 4884 810 4947 ἐδείκνυ,
843 4885 942 4940 καὶ
974 4885 1273 4957 θεραπείαν
1306 4885 1402 4941 τοῦ
1431 4887 1730 4954 λυποῦντος
1758 4892 1941 4961 ᾐτεῖτο

2048 4905 2099 4951 et
2122 4895 2190 4951 ad
2218 4910 2343 4950 eum
2375 4895 2612 4950 venisset
2634 4890 2950 4947 ferventiori
2969 4889 3184 4961 spiritu,
3205 4888 3380 4960 tetigit
3410 4896 3630 4943 sanctos

353 4973 562 5029 λαϐεῖν’
588 4975 683 5029 τὸν
709 4975 767 5029 δὲ
793 4976 890 5030 καὶ
945 4975 1168 5047 ἐλεῆσαι
1203 4977 1303 5049 τὴν
1345 4979 1657 5050 συμφορὰν,
1703 4981 1797 5035 καὶ
1822 4984 1938 5047 ταῖς

350 5065 447 5119 τοῦ
480 5065 771 5137 δεηθέντος
800 5069 1219 5139 ὲπικαμφθῆναι
1245 5051 1471 5138 φωναῖς.
1496 5068 1629 5126 Εἶτα
1645 5074 1937 5144 ὁμολογίαν

348 5158 515 5211 αὐτὸν
566 5160 873 5228 ἀπαιτῆσαι
929 5160 1185 5233 πονηρῶν
1219 5163 1299 5224 εἰς
1326 5161 1388 5215 τὸ
1415 5163 1542 5234 ἑξῆς
1574 5164 1753 5235 ἔργων
1797 5167 1935 5221 ἀπο·-

351 5246 582 5320 τροπῇς,
639 5248 737 5302 καὶ
789 5249 890 5317 τῆς
917 5248 1029 5302 τῶν
1058 5253 1583 5322 προημαρτημένων
1613 5254 1765 5326 αύτῷ
1790 5256 1934 5327 διορ-

356 5334 595 5399 θώσεως.
644 5339 732 5403 Ὠς
770 5339 826 5393 δὲ
856 5341 1066 5403 ἐκεῖνος
1124 5343 1306 5397 πάντα
1335 5348 1509 5397 ποιεῖν
1538 5347 1928 5417 ἐπηγγέλλετο,

2043 4988 2166 5044 illos
2200 4988 2386 5058 pedes,
2421 4996 2475 5041 et
2499 4987 2750 5041 morbum
2780 4984 3041 5048 ostendit,
3069 4991 3126 5039 et
3154 4982 3313 5052 petiit
3348 4989 3409 5035 ut
3436 4994 3630 5034 conseo

2041 5089 2303 5150 queretur
2328 5078 2667 5133 curationem
2690 5076 2829 5147 eius,
2853 5075 2998 5146 quod
3027 5075 3178 5129 illum
3209 5072 3345 5127 male
3370 5071 3625 5130 habebat.
3686 5136 3694 5149 δ

2041 5171 2094 5226 Is
2122 5178 2304 5224 autem
2343 5177 2400 5224 et
2428 5169 2688 5224 misertus
2733 5167 3074 5232 calamitatis,
3132 5175 3190 5221 ut
3220 5165 3312 5235 qui
3341 5174 3488 5220 esset
3513 5163 3624 5218 cle-

2039 5254 2434 5322 nientissrmus,
2485 5270 2541 5313 et
2580 5258 2755 5313 ﬂexus
2785 5257 2890 5313 fuit
2916 5256 3190 5329 precantis
3221 5256 3461 5311 vocibus.
3512 5254 3623 5309 De-

2039 5353 2167 5408 inde
2192 5368 2318 5408 cum
2343 5367 2409 5407 eo
2435 5359 2628 5422 pactus
2658 5358 2761 5417 est,
2805 5360 2866 5407 ut
2908 5367 2940 5406 a
2972 5352 3129 5407 malis
3155 5351 3453 5407 declinaret
3485 5365 3621 5419 ope-

313 5514 320 5521 .
352 5426 585 5521 zeal-1m
633 5428 932 5509 θεραπείαν
959 5433 1235 5504 ἐπιμελῶς
1265 5432 1689 5507 ἀντεπράττετο,
1745 5438 1932 5494 λαϐεῖν

2048 5445 2192 5500 ribus
2223 5444 2294 5501 de
2337 5453 2557 5509 caetero,
2610 5454 2805 5517 petens
2832 5444 3017 5511 etiam,
3069 5453 3129 5499 ut
3176 5444 3357 5515 priora
3395 5449 3616 5512 peccata

248 5582 253 5587 ι
313 5515 320 5521 ’
349 5515 517 5570 αὐτὸν
550 5521 892 5592 παραχρῆμα
921 5524 1156 5585 κελεύει.
1178 5527 1274 5579 καὶ
1303 5526 1391 5580 ἐπ’
1413 5529 1637 5600 ὀνόματι
1660 5531 1756 5586 τοῦ
1796 5533 1931 5603 Χριέ

2048 5535 2360 5607 corrigeret.
2390 5534 2546 5602 Quod
2570 5515 2789 5605 quidem
2819 5551 2942 5590 cum
2978 5542 3125 5589 esset
3147 5532 3440 5606 pollicitus,
3473 5547 3616 5602 prir-

349 5607 483 5664 στοῦ
513 5610 702 5665 λοῦσαι
735 5612 814 5683 τῷ
842 5612 1021 5682 ὕδατι,
1048 5617 1142 5684 ἀφ’
1173 5610 1346 5688 οὗπερ
1392 5611 1516 5684 ἔθος
1573 5621 1751 5677 πίνειν
1801 5612 1929 5690 τοὺς

2048 5628 2158 5683 buit
2186 5627 2237 5683 ei
2262 5627 2636 5684 curationem:
2669 5627 2857 5683 dicens
2896 5627 2952 5681 in
2980 5626 3200 5681 nomine
3226 5624 3428 5681 Christi
3495 5624 3614 5677 lava

344 5701 637 5774 ἀδελφούς.
670 5704 878 5760 Τούτου
907 5706 963 5760 δὲ
1000 5709 1317 5778 γενομένου,
1356 5710 1626 5784 κάθαρσις
1647 5714 1798 5787 αὐτῷ
1827 5718 1925 5790 τῆς

2048 5734 2089 5776 ιε
2112 5735 2271 5792 aqua,
2301 5720 2394 5776 ubi
2420 5719 2618 5775 fratres
2638 5720 2817 5775 solent
2841 5719 3048 5774 bibere.
3076 5717 3229 5783 Quod
3261 5731 3383 5772 cum
3409 5713 3612 5772 factum

669 5803 944 5866 Parnm.
988 5807 1104 5867 Gn.
1144 5806 1356 5875 CXIV.
3184 5813 3261 5877 34
