4138 6420
554 306 698 373 1067

1755 314 2034 376 MENSIS
2080 312 2542 379 JANUARIUS.
2569 338 2577 346 '

3682 318 3828 386 1068

558 435 726 491 esset,
766 426 892 486 fecit
929 430 1181 490 similiter
1208 445 1375 506 atque
1402 433 1607 499 Siloé‘,
1639 441 1693 487 et
1723 430 2017 487 consecuta
2056 438 2131 485 est

2242 430 2450 499 λέπρας
2508 426 2887 500 ἐπηκολούθει,
2921 428 3015 485 καὶ
3072 428 3341 509 οὕτως-ὡς
3374 430 3508 503 μηδὲ
3550 429 3828 504 σύμϐολόν

558 516 723 589 lepra:
753 524 962 579 sanatio
994 526 1132 581 adeo
1160 525 1317 597 pure,
1354 536 1412 581 ιιι
1446 542 1547 581 nec
1581 526 1755 581 morbi
1784 525 2006 594 quidem
2047 540 2135 577 re-

559 621 805 666 maneret
835 616 1139 686 vestigium.
1172 618 1386 683 Quanta
1406 610 1744 671 'Archelaum
1785 625 2003 685 propter
2034 613 2135 667 hoc

556 703 782 760 incessit
813 707 995 763 laetitia
1016 712 1029 766 !
1054 710 1329 776 Quantum
1367 710 1606 780 perfudit
1636 708 1924 780 gaudium!
1949 708 2138 774 Quan-

560 803 643 851 tas
671 795 853 853 etlecit
891 799 996 855 hoc
1036 809 1095 855 ut
1146 802 1259 856 Deo
1307 810 1493 871 ageret
1539 800 1772 868 gratias!
1830 799 1966 865 Quid
2022 813 2132 852 non

557 885 698 948 dico,
728 888 874 956 quod
917 898 1001 943 est
1033 891 1211 960 majus
1242 898 1297 945 et
1344 890 1681 960 perfectius?
1717 890 1913 954 Quanti
1947 887 2045 942 fuit
2083 888 2132 941 ei

556 976 723 1030 studii
754 993 938 1043 causa,
969 971 1031 1034 ut
1077 981 1140 1033 ad
1189 981 1385 1035 animze
1429 981 1699 1061 aSpiceret
1751 979 2130 1034 curationem!

557 1063 740 1121 Sancti
770 1069 914 1122 enim
945 1070 1124 1124 verbis
1155 1070 1290 1125 adeo
1320 1070 1422 1125 fuit
1445 1081 1654 1141 captus,
1685 1079 1739 1124 et
1764 1070 1901 1124 adeo
1924 1069 2131 1123 studuit

556 1173 748 1213 revera
804 1162 1028 1231 exsequi
1071 1162 1147 1226 id,
1198 1163 1342 1232 quod
1386 1163 1433 1217 ci
1490 1160 1832 1232 promiserat,
1884 1172 1941 1216 ut
1995 1161 2132 1215 nihil

555 1250 824 1317 differret,
858 1269 1035 1323 neque
1073 1252 1149 1310 rei
1186 1255 1340 1310 daret
1382 1255 1545 1309 ullam
1576 1270 1782 1309 moram
1817 1256 2081 1324 temporis
2113 1272 2127 1309 :

484 1361 489 1366 ·
554 1345 649 1397 sed
684 1344 767 1403 iis.
802 1361 921 1413 qua!
951 1346 1205 1409 habebat,
1236 1347 1417 1401 statim
1438 1346 1745 1401 distributis
1777 1347 2127 1417 pauperibus,

556 1429 785 1504 aliorum
823 1434 1079 1504 deinceps
1110 1451 1231 1489 esse
1271 1445 1535 1490 statueret
1564 1438 1769 1491 versari
1802 1439 1855 1491 in
1886 1439 1969 1498 iis,
2011 1444 2131 1507 quae

554 1520 619 1574 ad
655 1522 793 1575 hanc
820 1525 980 1577 vitam
1012 1525 1323 1594 pertinent:
1359 1526 1411 1581 et
1440 1528 1558 1598 ejus
1589 1527 1784 1581 sectari
1814 1528 2042 1592 somnia,
2064 1543 2131 1583 ex

555 1613 619 1667 iis
667 1617 831 1669 stulte
879 1617 1007 1671 illud
1039 1637 1052 1671 :
1083 1619 1199 1686 ipse
1245 1629 1426 1674 autem
1480 1622 1706 1675 veniens
1740 1622 1806 1676 ad
1857 1631 2133 1675 monaste-

550 1703 712 1770 rium,
750 1705 799 1758 iu
849 1723 957 1775 quo
1004 1716 1122 1763 erat
1156 1709 1300 1764 illius
1344 1712 1611 1776 medicus,
1642 1712 1874 1771 voluerit
1913 1728 2033 1766 esse
2072 1713 2128 1766 in

551 1811 782 1856 numero
811 1798 1047 1865 illorum,
1089 1802 1179 1871 qui
1209 1802 1318 1857 illic
1360 1805 1761 1859 exercebantur
1790 1821 1802 1856 :
1831 1813 1882 1858 et
1923 1806 2024 1859 sub
2065 1821 2131 1860 eo

548 1900 882 1958 praeceptore
911 1892 1072 1946 vitam
1105 1882 1313 1962 eligens
1356 1895 1813 1964 perfectissimam
1836 1940 1849 1959 ,
1888 1896 1996 1949 illic
2037 1913 2129 1951 us-

548 1990 653 2050 que
682 1982 746 2036 ad
781 1983 940 2038 finem
974 1987 1193 2041 studere
1236 1987 1451 2055 placere
1488 1989 1750 2043 Creatori.
1790 1986 1901 2042 lloc
1934 1989 2131 2044 unttltos

548 2083 614 2121 ex
651 2069 735 2133 iis,
772 2074 861 2142 qui
897 2083 1053 2128 erant
1100 2078 1341 2131 illustres
1386 2076 1712 2142 Antiochiae,
1772 2079 2027 2133 excitavit
2063 2079 2131 2133 ad

547 2159 780 2215 similem
808 2166 1233 2230 aemulationem,
1264 2176 1319 2221 et
1369 2168 1618 2230 adiunxit
1651 2150 1877 2223 numero
1916 2186 2127 2237 eorum,

546 2252 637 2319 qui
680 2254 811 2308 salvi
846 2255 1023 2316 ﬁunt:
1060 2258 1310 2311 similiter
1369 2258 1513 2313 enim
1566 2258 1677 2313 Deo
1727 2276 1853 2314 suas
1908 2274 2131 2330 propter

544 2351 772 2411 egentes
827 2346 1142 2403 dedicantes
1198 2348 1504 2415 facultates,
1556 2351 1644 2405 alii
1696 2352 1917 2421 quidem
1974 2354 2128 2407 relati

490 2491 501 2502 _
545 2446 678 2491 sunt
734 2437 789 2491 in
841 2455 1130 2496 numerum
1168 2443 1331 2509 hujus
1376 2444 1555 2498 sancti
1594 2444 1933 2506 monasterii,
1990 2461 2128 2514 quu-

547 2530 714 2584 modo
757 2534 921 2587 etiam
954 2516 1107 2589 aiunt
1138 2535 1286 2590 illum
1318 2537 1690 2598 Theodorum,
1723 2538 1812 2606 qui
1851 2536 1948 2591 fuit
1989 2555 2130 2593 unus

547 2637 614 2677 e1
642 2625 795 2680 valde
845 2626 1146 2683 illustribus
1176 2647 1188 2682 :
1223 2630 1314 2684 alii
1363 2646 1494 2685 vero
1535 2631 1878 2686 ventitabant
1907 2631 1973 2685 ad
2003 2631 2128 2699 alia,

547 2732 669 2787 qua:
708 2718 761 2773 in
799 2721 1020 2776 civitate
1070 2732 1265 2787 erant,
1301 2725 1654 2780 monasteria.
1704 2728 2128 2780 Omnes-autem

548 2810 905 2868 intuebantur
953 2815 1021 2871 ad
1083 2816 1247 2871 vitam
1307 2817 1574 2884 Joannis,
1653 2827 1907 2888 tanquam
1959 2835 2127 2873 unum

543 2905 843 2974 exemplar.
871 2905 1005 2961 Nam
1030 2910 1133 2981 etsi
1160 2919 1317 2964 erant
1343 2911 1487 2981 apud
1522 2909 1787 2980 singulos,
1821 2908 1914 2979 qui
1947 2912 2053 2965 vita
2077 2920 2133 2965 ct

547 2993 741 3048 ordine
773 2999 1107 3065 pra-stabant
1134 3001 1278 3065 aliis,
1314 3001 1359 3056 is
1394 3011 1575 3057 tamen
1601 3010 1719 3057 erat
1741 3003 1986 3055 omnium
2018 3004 2131 3073 pri-

540 3099 671 3140 mus
695 3078 943 3143 cruditor
977 3102 1031 3146 et
1059 3093 1319 3163 magister

624 3358 759 3413 Vill.
802 3358 1005 3414 Verum
1045 3365 1327 3418 enimvero
1364 3350 1682 3423 vultoratio
1730 3369 1958 3424 aliorum
1992 3387 2129 3440 quo-

547 3465 656 3519 quc.
703 3452 1017 3507 meminisse
1060 3456 1180 3523 ejus
1230 3457 1620 3512 miraculorum
1645 3501 1658 3524 ,
1692 3468 1747 3515 ct
1775 3476 1838 3514 ea
1867 3478 1977 3515 non
2016 3463 2134 3517 dari

547 3543 833 3608 oblivioni;
857 3562 977 3614 quae
1005 3565 1194 3603 revera
1228 3566 1337 3605 non
1378 3561 1507 3605 sunt
1559 3552 1718 3624 digna
1750 3569 1871 3623 qua:
1910 3555 2130 3610 dentur.

546 3634 682 3691 Nam
715 3636 797 3690 vir
829 3639 1046 3707 quidam
1076 3643 1299 3697 nomine
1331 3643 1586 3709 Eucleus,
1640 3645 1727 3699 cui
1777 3644 1980 3701 invidia
2021 3648 2134 3701 dre»

547 3728 728 3782 monis
758 3730 975 3784 CXCiallS
1009 3742 1130 3787 erat
1163 3735 1375 3800 oculus,
1418 3737 1611 3791 statuit
1647 3737 1812 3791 vitam
1853 3739 2133 3809 suscipere

548 3822 906 3877 monasticam
943 3824 1094 3881 in'co
1130 3828 1483 3892 monasterio,
1515 3828 1570 3883 in
1600 3846 1710 3901 quo
1727 3839 1845 3886 erat
1872 3844 2130 3888 sanctus:

542 3926 780 3982 cumque
819 3917 1159 3984 accessisset,
1191 3927 1247 3974 et
1277 3920 1521 3975 habitum
1567 3932 1829 3977 mutasset
1856 3933 1911 3978 ct
1944 3925 2132 3989 vitam,

553 4018 808 4076 maguum
839 4008 1103 4064 Joannem
1135 4013 1360 4069 attrahit
1382 4015 1449 4068 ad
1480 4014 1929 4072 misericordiam.
1970 4018 2137 4072 Audit

551 4097 738 4167 itaque
770 4100 918 4154 illum
945 4102 1024 4155 sic
1054 4103 1119 4156 ad
1160 4106 1383 4159 verbum
1417 4117 1685 4171 orantem,
1714 4118 1769 4163 et
1798 4122 1994 4179 magno
2022 4110 2133 4166 fet-'-

547 4204 681 4243 vore
736 4193 1230 4250 commiserationis
1265 4196 1343 4251 sic
1366 4198 1607 4253 animum
1651 4200 2075 4257 inﬂammantem
2120 4223 2132 4258 :

548 4280 714 4347 Deus,
748 4299 782 4337 o
812 4284 1002 4349 frater,
1041 4287 1136 4341 tibi
1188 4288 1517 4355 medebitur,
1568 4300 1623 4346 et
1654 4292 1981 4349 illmninabit
2011 4303 2134 4350 tuos

543 4376 734 4431 oculos
777 4387 832 4432 ct
874 4380 1055 4436 cordis
1080 4388 1136 4435 et
1165 4383 1434 4453 corporis.
1485 4383 1657 4438 Simul
1682 4400 1806 4440 cum
1846 4386 1949 4442 hoc
1988 4388 2135 4443 dicto

2237 541 2290 577 τι
2328 522 2423 575 τοῦ
2448 522 2659 585 πάθους
2692 520 3042 591 τοπαράπαν
3084 521 3490 591 ὑπολελεῖφθαι.
3517 523 3664 595 Πόση
3724 523 3825 578 τὸν

2253 616 2660 688 Ἀρχέλαονὲπὶ
2698 616 2875 685 τούτῳ
2896 614 3043 685 χαρὰ
3074 613 3397 684 περιέλαῦες
3458 615 3631 685 πόσης
3660 616 3829 686 εὐχα-

2241 709 2451 780 ριστίας
2484 707 2634 777 αὐτῴ
2660 707 2761 777 τῆς
2796 708 2932 777 πρὸς
2959 707 3049 759 τον
3077 706 3215 777 Θεὸν
3244 707 3509 781 πρόξενον
3544 709 3783 780 κατέστη
3809 728 3827 776 ;

2239 800 2313 871 (τί
2350 799 2425 869 μὴ
2457 798 2603 867 λέγω
2639 799 2700 850 τὸ
2733 799 2919 868 μεῖξον
2957 800 3050 851 καὶ
3079 798 3412 870 τελεώτερον
3436 798 3489 868 ;)
3526 798 3701 869 πόσης
3735 803 3834 853 αξ-

2212 889 2328 944 ’τία
2364 888 2540 958 τούτῳ
2589 890 2725 960 π’ρὸς
2757 889 2934 959 ψυχὴν
2966 888 3266 958 θεραπείας
3294 891 3326 960 ἡ
3358 894 3644 960 σωματικὴ
3680 889 3828 960 αὕτη

2236 976 2458 1052 γέγονεν
2485 986 2627 1047 ἴασις
2654 1001 2669 1051 ;
2716 985 2810 1038 καὶ
2839 985 2947 1061 γάρ
2998 983 3175 1047 οὕτως
3203 982 3320 1051 ἥλω
3360 982 3475 1055 [γρ.
3501 981 3668 1054 ἑάλω]
3699 983 3818 1035 τῶν

2235 1079 2328 1129 τοῦ
2365 1076 2522 1142 ἁγίου
2545 1076 2719 1143 λόγων
2738 1075 2833 1127 καὶ
2850 1075 3096 1145 ’παραινέ
3107 1078 3379 1138 σεων,’καὶ
3402 1075 3575 1137 οὕτως
3615 1074 3828 1126 ἔσπευ-

2236 1155 2331 1223 σεν
2393 1169 2645 1238 ἀψευδεῖς
2704 1169 2852 1237 αὐτῷ
2878 1194 2881 1197 ν
2910 1168 3086 1234 δεῖξαι
3137 1167 3239 1231 τὰς
3281 1168 3639 1236 ὑποσχέσειςἸ
3672 1165 3826 1218 ῶστι

2233 1262 2335 1315 οὒκ
2364 1264 2443 1324 εἰς
2470 1261 2756 1326 ἀναϐολὰς,
2802 1262 2921 1314 οὐδὲ
2955 1261 3147 1330 χρόνον
3184 1260 3306 1313 τινὰ.
3347 1260 3531 1312 δοῦναι
3565 1260 3645 1328 τῷ
3670 1258 3824 1327 πράα

2234 1368 2407 1421 γματι
2458 1355 2552 1405 καὶ
2579 1353 2892 1428 μελλήσεις,
2929 1353 3065 1405 ἀλλὰ
3094 1351 3411 1423 παραυτίκα
3447 1350 3516 1404 τὰ
3539 1350 3669 1403 ὄντα
3703 1350 3823 1410 τοῖς

2233 1444 2509 1513 δεομένοις
2539 1444 2629 1496 καὶ
2659 1444 2854 1512 πένησι
2886 1443 3216 1512 διελόμενον,
3267 1435 3641 1510 ἑτέρωνιεῖναι
3668 1438 3825 1501 λογί-

2237 1536 2458 1598 σασθαι,
2496 1534 2552 1586 τι
2584 1536 2715 1603 περὶ
2764 1535 2854 1587 τὸν
2911 1521 3026 1605 βίον
3074 1531 3445 1601 ἀνεστράφθαι
3483 1532 3683 1598 φιλεῖν,
3724 1529 3832 1583 καὶ

2236 1629 2350 1690 τοῖς
2407 1626 2637 1696 ὀνείροις
2697 1626 2887 1678 τούτου
2944 1622 3569 1693 προσκείσθαι,κα“ιτῶν
3592 1622 3828 1694 φθειρο-

2243 1719 2418 1789 μένων
2472 1719 2799 1789 ἀιτέχεσθαι
2823 1736 2837 1751 ·
2888 1719 3049 1772 αὑτὸν
3068 1719 3123 1771 δὲ
3147 1718 3207 1769 τὸ
3236 1717 3629 1786 μοειαστὴριοει,
3657 1716 3687 1769 ὃ
3729 1718 3828 1769 τον

2243 1810 2435 1878 ἰατρὸν
2487 1805 2623 1879 εἶχε,
2652 1809 3031 1887 καταλαϐόντα
3048 1810 3240 1862 τούτου
3266 1807 3377 1881 [Ian
3405 1806 3613 1880 τοῦτο],
3653 1807 3830 1878 μέρος

2240 1902 2433 1955 ἑαυτὸν
2495 1904 2741 1972 ποιῆσαι,
2786 1903 2881 1955 καὶ
2919 1901 3026 1954 τῶν
3061 1904 3179 1954 ἐκεῖ
3219 1900 3398 1963 καλῶς
3431 1899 3824 1968 ἀσκουμένωνι

2242 1989 2332 2047 καῖ
2370 1994 2482 2064 βίον
2554 1996 2807 2065 ἑλόμενον
2836 1995 2940 2048 ὑπὸ
2993 1995 3255 2064 παιδευτῇ
3289 1993 3465 2063 τορτῳ
3491 1994 3587 2048 καὶ
3645 1991 3828 2060 καθη-

2234 2086 2431 2154 γεμόνι
2483 2086 2575 2138 τὸν
2603 2073 3025 2157 ἀκριϐέστατον,
3059 2088 3178 2139 ἐκεῖ
3213 2086 3376 2155 μέχρι
3406 2085 3595 2147 τέλους
3624 2085 3832 2153 εὐαρεο

2241 2180 2436 2247 στῆσαι
2465 2179 2542 2249 τῷ
2569 2178 2840 2234 κτίσαντι.
2904 2178 3075 2231 Τοῦτο
3107 2179 3335 2240 πολλοὺς
3374 2176 3485 2230 τῶν
3522 2180 3577 2230 ἐν
3614 2177 3824 2229 Ἀντιο-

2237 2274 2361 2341 χεῖᾳ
2397 2271 2716 2340 περιφανῶν
2752 2271 2889 2341 πρὸς
2925 2270 3215 2341 τὸνόμοιον
3248 2269 3471 2340 ἠρέθισε
3505 2269 3690 2337 ζῆλον,
3722 2267 3824 2322 καὶ

2238 2362 2315 2433 τῷ
2348 2364 2501 2433 μέρει
2565 2363 2673 2416 τῶν
2744 2364 3067 2433 σωζομένων
3099 2363 3381 2428 συνέταξε.
3413 2361 3824 2432 Παραπλησίως

2238 2452 2345 2524 γὰρ
2374 2455 2450 2524 τῷ
2479 2453 2598 2524 Θεῷ
2651 2454 2751 2522 τὴν
2790 2454 2980 2506 οδσίαν
3001 2453 3089 2507 διὰ
3120 2453 3229 2506 τῶν
3254 2452 3529 2529 δεομένων
3559 2450 3825 2519 ἀφοσιούο

2242 2562 2416 2615 μενοι,
2448 2546 2495 2597 οἱ
2557 2545 2676 2614 μὲν,
2730 2544 2809 2612 τῷ
2855 2543 2949 2596 τοὺ
2998 2544 3156 2611 ἁγίου
3203 2542 3377 2613 τούτῳ
3416 2542 3823 2613 φροντιστηρξῳ

2240 2633 2702 2701 συγκατελέγοντο
2756 2634 2970 2704 (ὥσπερ
2996 2633 3061 2704 δὴ
3123 2633 3218 2687 καὶ
3275 2632 3551 2703 Θεόδωρον
3613 2632 3825 2686 ἐκεῖνόν

2240 2742 2424 2796 φασιν,
2479 2725 2575 2779 ἕνα
2607 2725 2715 2778 τῶν
2765 2726 2975 2796 σφόδρα
3007 2725 3290 2795 ἐπιφανῶν
3314 2725 3648 2794 γενόμενον),
3682 2726 3731 2777 οἱ
3766 2723 3828 2778 δδ

2239 2820 2334 2872 καὶ
2360 2818 2569 2889 ἑτέροις
2610 2820 2989 2888 προσεφοίτων
3036 2818 3427 2889 μοναστηρίοις
3458 2819 3568 2879 τοῖς
3593 2816 3699 2870 ἀνὰ
3722 2813 3827 2887 τὴν

2240 2911 2396 2964 πόλιν
2450 2910 2765 2979 κειμένοιςο
2820 2911 3023 2972 πάντες
3051 2910 3106 2962 δὲ
3130 2908 3320 2982 ῶσπερ
3382 2910 3463 2973 είς
3512 2908 3828 2980 ἀρχέτυπον

2237 3002 2319 3067 ἓν,
2355 3002 2445 3077 τὸν
2490 3002 2735 3056 Ἰωάννου
2793 3002 2907 3071 βίον
2962 3002 3293 3061 ἀπέϐλεπον.
3348 3004 3457 3057 Καὶ
3475 3003 3582 3073 γὰρ
3613 2994 3665 3054 εί
3690 3004 3827 3074 παρ’

2155 3113 2197 3171 α
2234 3096 2485 3157 ἑκάστοις
2549 3090 2711 3165 ἦσα),
2740 3096 2788 3148 οἳ
2814 3096 2905 3148 καὶ
2934 3095 3036 3165 βίῳ
3070 3098 3165 3149 καὶ
3188 3094 3339 3167 τάξει
3362 3096 3636 3167 διέφερον,
3675 3095 3819 3150 ἀλλὰ

2235 3187 2455 3242 πάντων
2510 3180 2589 3250 εἷς
2616 3182 2683 3258 ἦν
2712 3184 2869 3251 οὗτος
2891 3190 2917 3240 ὁ
2948 3186 3166 3258 πρῶτος
3191 3187 3511 3259 καθηγητὴς
3548 3188 3645 3241 καὶ
3669 3186 3826 3243 διδά-

2237 3281 2453 3343 σκαλος.
3808 3278 3813 3285 ’

2310 3376 2390 3427 ιιι.
2438 3372 2599 3426 Ἀλλὰ
2655 3372 2969 3443 μεμνῆσθαι
3002 3372 3166 3427 πάλιν
3189 3374 3219 3427 ὁ
3252 3372 3409 3441 λόγος
3450 3371 3547 3425 καὶ
3587 3370 3697 3423 τῶν
3729 3368 3826 3423 άλ-

2234 3456 2341 3518 λωύ
2367 3464 2532 3518 αὐτοῦ
2569 3464 2815 3535 βούλεται
2852 3465 3195 3534 θαυμασίων,
3234 3468 3331 3520 καὶ
3361 3465 3438 3535 μὴ
3481 3463 3621 3535 λήθῃ
3644 3469 3830 3533 παρα-

2232 3554 2435 3610 διδόναι
2462 3556 2530 3609 τὰ
2570 3555 2643 3626 μὴ
2673 3559 2883 3627 σιωπῆς
2934 3555 3106 3619 διτως
3154 3557 3306 3623 ἄξια.
3370 3553 3530 3626 Ἀνὴρ
3586 3553 3696 3624 γάρ
3738 3569 3827 3617 τις

2236 3646 2473 3708 Εῠκλεος
2513 3646 2773 3719 τοῦνομα,
2807 3648 2991 3719 φθόνῳ
3015 3649 3280 3719 δαιμονίῳ
3304 3646 3397 3701 τὸν
3421 3647 3700 3716 ὀφθαλμὸν
3727 3647 3826 3700 ὲκ·-

2237 3738 2453 3805 κοπελς,
2507 3739 2601 3793 τὸν
2647 3743 2857 3813 μονήρη
2928 3742 3043 3812 βίον
3092 3742 3151 3794 ἐν
3183 3735 3387 3812 ᾧπερὸ
3439 3738 3614 3810 μέγας
3666 3734 3827 3802 οὗτος

2240 3831 2459 3905 ὑπῆρχε
2486 3831 2724 3902 σεμνείῳ
2783 3833 3063 3904 μετελθεῖν
3111 3822 3311 3888 εἵλετο.
3365 3835 3474 3887 Καὶ
3504 3831 3829 3906 προσελθὼν

2237 3926 2335 3979 καὶ
2371 3928 2558 3996 σχῆμα
2586 3927 2884 3996 διαμείψας
2916 3929 3012 3979 καὶ
3038 3926 3177 3997 βίον,
3231 3931 3309 3991 είς
3342 3927 3494 3981 ἔλεον
3524 3927 3829 3999 ἐπισπᾶται

2236 4016 2329 4069 τὸν
2358 4016 2532 4084 ἆγιον.
2600 4016 2816 4070 Ἀκούει
2845 4017 3149 4086 ’τοιγαροῦν
3184 4017 3357 4081 οὓτως
3403 4019 3614 4071 ἐκείνου
3655 4033 3829 4085 προσ-

2234 4107 2557 4178 ευξαμένου,
2612 4108 2710 4161 καὶ
2762 4109 2931 4181 πολλῇ
2956 4112 3021 4180 τῇ
3080 4108 3262 4180 θέρμῃ
3308 4109 3410 4177 τῆς
3476 4106 3829 4185 συμπαθείας

2233 4201 2335 4271 τὴν
2369 4200 2548 4270 ψυχὴν
2571 4199 3020 4271 ὲκπυρώςαντος.
3063 4200 3122 4253 ὐ
3160 4202 3317 4264 Θεὸς,
3345 4200 3563 4267 ἁδελφὲ,
3600 4197 3825 4266 ίάσηταξ

2238 4308 2319 4355 σε,
2348 4292 2443 4344 καὶ
2502 4292 2714 4362 φωτίσῃ
2769 4292 2896 4354 τοὺς
2952 4290 3265 4361 ὀφθαλμοὺς
3298 4292 3393 4344 καὶ
3434 4290 3534 4361 τῆς
3592 4290 3829 4362 καρδίας

2238 4402 2333 4436 σου
2374 4383 2470 4436 καὶ
2515 4381 2609 4434 τοῦ
2647 4381 2918 4453 σώματος.
2959 4383 3111 4461 ξ’Λμα
3162 4384 3216 4436 δὲ
3237 4383 3314 4455 τῷ
3344 4384 3489 4452 λόγῳ
3542 4384 3636 4438 καὶ
3668 4384 3704 4454 ἡ
3729 4382 3825 4435 θε-

545 4470 827 4524 concurrit
859 4472 1021 4525 etiam
1052 4474 1287 4539 curatio,
1316 4484 1372 4529 et
1414 4475 1751 4533 illuminatus
1781 4486 1898 4533 erat
1921 4480 2131 4546 oculus,

2242 4476 2443 4546 ραπεία
2468 4477 2785 4549 συνέτρεχε,
2818 4477 2912 4529 καὶ
2934 4478 2961 4529 ὁ
2983 4476 3262 4546 ὀφθαλμὸς
3280 4474 3611 4545 ἑφωτίζετο,
3639 4476 3733 4529 καὶ
3754 4470 3827 4546 ἦν

547 4569 603 4615 et
635 4575 700 4615 eo
728 4563 985 4618 utebatur
1016 4564 1271 4621 similiter
1321 4575 1483 4637 atque
1524 4569 1651 4625 alio.
1704 4568 2040 4640 Simpliciter
2074 4581 2132 4627 et

547 4655 747 4706 .enitcr
778 4669 807 4709 a
842 4671 928 4711 me
963 4667 1259 4713 narrantur
1286 4659 1581 4723 miracula,
1609 4662 1736 4715 dum
1767 4664 1834 4717 ad
1865 4663 2130 4718 orationis

548 4745 754 4815 aspicio
780 4746 1203 4819 longitudinem,
1246 4760 1302 4804 et
1342 4752 1481 4815 nihil
1510 4754 1636 4808 volo
1670 4752 1790 4809 fuse
1820 4769 1884 4809 ac
1921 4755 2130 4823 prolixe

549 4842 826 4910 persequi.
877 4842 982 4897 Sed
1017 4844 1168 4899 nullo
1201 4860 1339 4914 opus
1390 4856 1471 4898 est
1515 4854 1836 4910 ornamento
1881 4856 2126 4913 externo,

548 4939 605 4985 et
638 4931 705 4985 iis
732 4948 853 5002 qua:
879 4949 941 4989 ea
972 4946 1206 5005 possunt
1231 4937 1513 5001 extollere,
1545 4937 1640 4992 scd
1671 4936 1904 4993 sumciet
1928 4940 2011 4993 eis
2035 4955 2132 4995 sua

552 5024 904 5094 pulchritudo
944 5038 1000 5083 et
1045 5030 1387 5100 magnitudo.
1432 5030 1552 5097 Quo
1599 5030 1745 5085 circa
1792 5040 1919 5086 sunt
1968 5033 2132 5087 etiam

552 5119 687 5173 mihi
718 5119 820 5174 alia
851 5121 1040 5176 eodem
1073 5123 1235 5179 modo
1265 5124 1553 5177 narranda.

623 5213 717 5271 ιχ.
759 5214 952 5271 Mulier
1005 5219 1254 5287 quzedam
1304 5218 1443 5273 civis
1494 5217 1858 5286 Antiochena,
1916 5221 2137 5275 nomine

554 5306 851 5375 Christina,
906 5308 1171 5381 proﬂuvio
1222 5313 1504 5385 sanguinis
1551 5323 1760 5385 septem
1806 5313 1917 5387 jam
1959 5330 2136 5371 annos

555 5400 790 5472 graviter
816 5403 1120 5461 laborabat.
1175 5403 1311 5460 Cum
1345 5421 1410 5461 ea
1450 5422 1581 5478 ergo
1624 5408 1717 5463 diu
1743 5422 1841 5462 usa
1882 5406 2131 5475 medicis,

554 5494 866 5563 agnovisset
911 5508 1016 5559 eos
1049 5511 1185 5551 vana
1239 5513 1335 5569 spe
1369 5498 1571 5554 ducere
1624 5507 1683 5554 et
1704 5514 1873 5555 .mora
1931 5497 2133 5564 inutili,

555 5589 775 5645 vehitur
816 5605 845 5643 α
872 5590 1156 5661 jumentis,
1199 5599 1253 5646 et
1293 5593 1410 5648 viro
1450 5600 1734 5664 sequente,
1783 5591 2032 5649 defertur
2068 5590 2136 5647 ad

627 5771 650 5803 ⁸
680 5770 837 5827 Joan.
869 5753 945 5843 ix,
979 5775 1029 5828 7.

2239 4566 2378 4639 ἔχων
2405 4569 2481 4640 τῷ
2505 4571 2678 4640 ἑτέρῳ
2701 4569 3129 4640 παραπλησίως.
3166 4568 3343 4639 Ἀπλῆ
3378 4585 3469 4640 μοι
3492 4566 3588 4622 καὶ
3614 4567 3828 4637 σχέδιος

2239 4649 2416 4731 ἡτῶν
2456 4661 2753 4730 θαυμάτων
2794 4661 3047 4733 διήγησις
3099 4661 3233 4729 πρὸς
3254 4661 3315 4713 τὸ
3360 4661 3535 4731 μῆκος
3577 4659 3831 4731 ἀφορῶν.

2239 4772 2291 4809 τι
2316 4754 2409 4808 τοῦ
2437 4756 2623 4825 λόγου,
2667 4755 2763 4809 καὶ
2789 4754 2954 4826 μηδὲν
2983 4753 3450 4824 ὲπεξεργάζεσθαι
3486 4752 3825 4833 ῥουλομὲνῳ·

2242 4848 2382 4920 πλὴν
2418 4844 2674 4919 ὀὐδεμία
2719 4849 2883 4919 χρεία
2915 4847 3015 4916 τῆς
3071 4845 3271 4911 ἔξωθεν
3322 4845 3681 4917 εὐπρεπείας,
3730 4846 3832 4899 καὶ.

2240 4939 2350 4994 τῶν
2420 4940 2670 5012 ἐπαίρειν
2698 4940 2839 4993 αὐτὰ
2872 4938 3211 5009 δυναμένων,
3246 4936 3384 4992 ἀλλά
3422 4936 3619 5001 κάλλος
3640 4936 3831 4998 αὐτοῖς

2242 5034 2336 5087 καὶ
2367 5034 2600 5104 μέγεθος
2629 5035 2702 5107 τὸ.
2725 5034 2855 5087 ἴδιον
2884 5033 3210 5102 ἀποχρήσει.
3243 5031 3408 5085 Ὅθεν
3439 5031 3511 5102 δὴ
3531 5032 3627 5085 καί
3653 5029 3830 5092 τᾶλλα

2241 5127 2444 5197 τρῦτιον
2479 5143 2570 5196 μοι
2594 5127 2685 5180 τὸν
2718 5126 2834 5181 ἴσον
2852 5126 3163 5197 διηγητέον.

2311 5219 2389 5273 6'.
2419 5206 2561 5290 Γυνὴ
2596 5218 2812 5282 πολῖτις
2865 5217 3224 5289 Ἀντιοχείας,
3260 5215 3503 5286 τοῦνομα
3533 5214 3827 5287 Χριστίνα.

2243 5311 2463 5381 Ταύτην
2514 5312 2842 5384 αἱμορροίας
2884 5311 3058 5375 πάθος
3123 5311 3218 5365 καὶ
3265 5313 3347 5375 είς
3418 5310 3649 5380 ἕϐδομον
3678 5304 3830 5372 ’ἔτος

2241 5406 2493 5477 χαλεπῶς
2527 5388 2775 5478 ἔτρυχεν.
2813 5406 2905 5471 Ὠς
2932 5402 3026 5459 οὖν
3058 5403 3264 5476 ἰατροῖς
3287 5402 3458 5458 πολλὰ
3476 5400 3826 5475 χρησαμένη.

2244 5497 2409 5570 κενὴν
2437 5498 2630 5552 ἐλπίδα
2660 5496 2728 5552 τὰ
2752 5497 2815 5564 ἐξ
2839 5496 3019 5551 αὐτῶν
3053 5490 3315 5571 Εγνωνκαὶ
3353 5495 3591 5567 ματαίαν
3606 5492 3827 5568 τριϐὴν,
3867 5503 3881 5514 ·

2244 5592 2445 5663 φόρτος
2489 5588 2710 5659 γίνεται
2762 5590 2876 5655 τοῖς
2932 5588 3290 5662 ὑποζυγίοις,
3332 5588 3432 5643 καὶ
3480 5584 3579 5643 τοῦ
3628 5582 3830 5658 ἀνδρὸς

3212 5770 3241 5790 \
