4138 6454
535 350 685 461 οιοιι

1748 374 2032 436 MENSIS
2076 368 2526 434 JANUARIUS.

3569 323 3577 329 ’
3662 364 3837 432 me

550 503 785 565 nissent,
839 514 871 555 ο
900 497 1128 553 Domine
1157 508 1213 551 et
1261 495 1404 551 Deus
1436 494 1705 569 omnium,
1752 502 1810 549 et
1833 491 2131 549 admirabi-

2242 490 2324 544 τοῦ
2371 486 2640 560 σταυροῦ·
2666 478 2938 555 κείμενόν.
2976 483 3136 538 Οὕτω
3172 483 3464 569 τοιχαροῦν
3485 486 3512 539 ὁ
3538 485 3837 557 μακάριος

549 594 684 647 lium
717 606 946 661 operum
997 589 1228 664 ellectpr
1277 587 1574 643 ineﬂ'abilis
1601 629 1615 653 ,
1665 587 1900 641 belluam
1944 584 2149 641 vident,

544 686 820 755 jacentem
861 691 1133 737 mortuam
1176 681 1244 736 ad
1282 681 1456 750 ipsam
1506 680 1681 734 basim
1745 678 1954 734 Crueis.
2022 676 2129 731 Sed

548 775 730 829 missis
758 774 815 827 in
859 773 1152 849 praesentia
1178 773 1399 842 quidem
1442 770 1753 833 miraculis,
1788 777 2132 823 transeamus
2168 762 2171 763 ⁷

547 867 615 920 ad
642 866 919 921 'orationis
946 856 1169 920 'seriem.
1201 863 1338 920 Cum
1387 863 1478 918 ille
1507 878 1636 934 ergo
1665 862 1860 916 beatus
1897 860 1975 913 sic
1997 874 2131 928 qua-

549 968 676 1014 tuor
707 973 884 1012 annos
911 956 1135 1011 vixisset
1166 955 1223 1009 in
1252 955 1356 1009 hoc
1382 953 1713 1008 monasterio
1736 989 1750 1015 ,
1789 949 1987 1021 partim
2011 948 2139 1018 qui;

548 1043 675 1107 dem
706 1052 793 1116 iis,
825 1066 948 1120 quae
981 1050 1217 1113 dicebat,
1254 1047 1447 1118 partim
1498 1054 1682 1100 autem
1726 1055 1783 1098 et
1827 1042 2022 1112 magis,
2063 1040 2131 1095 iis

540 1156 670 1213 quae
717 1141 986 1207 faciebat,
1021 1140 1290 1212 inducens
1337 1138 1406 1191 ad
1434 1135 1712 1198 virtutem,
1738 1134 1918 1189 evasit
1953 1131 2131 1186 clarus

535 1249 603 1295 ~et
632 1237 783 1293 omni
807 1252 874 1291 ex
908 1244 1064 1307 parte
1091 1234 1422 1297 celebratus,
1451 1229 1819 1296 omnibusque
1840 1237 1901 1281 et
1931 1224 2130 1295 linguis

525 1339 606 1384 tet
660 1311 887 1383 auribus
941 1341 1192 1397 magnam
1241 1322 1503 1377 afferebat
1544 1320 1881 1389 voluptatem
1932 1332 1948 1369 :
2013 1315 2133 1369 aliis

531 1422 768 1491 quidem
793 1421 997 1485 dicere,
1024 1418 1144 1472 aliis
1175 1420 1306 1471 vero
1336 1430 1399 1470 ea
1427 1429 1548 1483 quae
1579 1412 1918 1473 dicebantur,
1950 1416 2132 1463 atten-

550 1514 682 1571 dere
708 1529 789 1569 aex
820 1527 977 1581 aequo
1018 1510 1351 1565 amantibus.
1385 1508 1524 1562 Cum
1555 1516 1670 1562 haec
1700 1506 1777 1559 illi
1806 1519 1930 1558 .non
1970 1502 2133 1557 modo

549 1588 701 1673 grata
725 1617 836 1658 non
864 1609 1086 1666 essent,
1139 1600 1237 1655 sed
1278 1615 1341 1654 ea
1379 1599 1546 1653 etiam
1588 1612 1731 1669 aegre
1758 1595 1948 1660 ferret,
1990 1583 2126 1666 (non

557 1692 741 1744 minus
765 1690 932 1754 enim,
957 1704 1118 1758 quam
1135 1703 1204 1743 ex
1238 1688 1348 1742 Deo
1383 1687 1591 1749 vivere,
1623 1684 1876 1739 studebat
1930 1682 2015 1738 sic
2034 1680 2134 1747 ,γί-

550 1780 731 1835 vendo
761 1780 952 1845 latere,
984 1788 1048 1841 ut
1076 1788 1237 1833 antea
1290 1776 1549 1847 diximus)
1608 1791 1801 1832 rursus
1845 1774 2131 1831 constituit

550 1871 832 1942 aufugere,
859 1879 915 1923 et
944 1885 1003 1925 se
1042 1869 1220 1924 oculis
1275 1867 1557 1922 hominum
1623 1866 1949 1921 subducere.
1992 1863 2131 1918 Cum

542 1960 733 2029 itaque
784 1959 1093 2013 clanculum
1163 1956 1484 2026 aufugisset,
1526 1964 1583 2011 et
1635 1970 1882 2017 seorsum
1949 1953 2134 2010 vivere

550 2050 852 2116 statuisset,
883 2058 1025 2104 totos
1048 2049 1186 2104 duos
1208 2046 1470 2117 transegit
1490 2060 1686 2110 annos,
1708 2046 1897 2101 vivens
1949 2046 2136 2101 solita-

553 2140 739 2209 rie,'et
771 2142 870 2221 soli
897 2140 1005 2194 Deo
1044 2153 1337 2210 apparens.
1362 2136 1481 2191 Non
1510 2146 1631 2192 erat
1670 2138 1719 2192 ei
1750 2138 1991 2204 lucerna,
2022 2152 2133 2191 non

549 2233 752 2296 lectus,
782 2248 895 2287 nou
925 2248 1138 2298 mensa,
1172 2246 1351 2301 neque
1375 2229 1578 2307 aliquid
1613 2230 1949 2297 hujusmodi,
1988 2230 2135 2301 quod

555 2324 716 2379 faciat
746 2323 1198 2382 administerium
1230 2324 1497 2393 corporis.
1554 2324 1744 2379 Solum
1794 2332 1975 2377 autem
2022 2332 2139 2378 erat

553 2415 602 2467 ei
653 2428 846 2485 parum
892 2412 1068 2483 panis,
1131 2412 1278 2481 quod
1333 2407 1676 2482 praebebatur
1724 2414 1792 2468 ab
1835 2412 2015 2482 aliquo
2071 2428 2137 2468 ex

556 2504 789 2561 vicinis:
834 2504 1003 2574 algori
1032 2498 1169 2559 vero
1200 2515 1253 2559 et
1298 2494 1476 2570 aestui,
1537 2513 1594 2559 et
1634 2504 1890 2559 omnibus
1924 2505 2139 2575 injuriis

554 2595 704 2649 aeris
733 2605 852 2650 erat
871 2595 1174 2666 expositus,
1194 2604 1248 2650 et
1276 2610 1400 2665 eum
1432 2595 1512 2673 eis
1538 2584 1928 2652 contendebat.
1985 2589 2181 2662 Ωιιο-χ

557 2686 704 2740 niam
751 2696 935 2741 autem
984 2687 1273 2757 Oportebat
1320 2687 1498 2756 ipsqu
1537 2702 1774 2757 quoque,
1827 2702 1950 2742 cum
1998 2697 2142 2743 esset

562 2779 747 2842 homo,
771 2778 988 2833 ostendi
1043 2794 1167 2834 esse
1213 2778 1509 2834 obnoxium
1549 2788 1759 2835 natura:
1807 2779 2132 2836 inﬁrmitati-

558 2870 684 2934 bus,
712 2870 843 2939 quid
871 2870 963 2936 sit,
1002 2878 1061 2925 et
1109 2869 1384 2940 quorude
1431 2887 1519 2927 res
1557 2872 1701 2926 illius
1731 2871 2138 2941 dispensantur,

557 2970 613 3016 et
644 2962 896 3031 qualibus
935 2976 1082 3032 saepe
1120 2962 1258 3016 solet
1286 2961 1379 3016 Dei
1400 2962 1670 3033 sapientia
1719 2963 1799 3017 uti
1838 2962 2140 3018 occasioni-

554 3053 682 3119 bus,
714 3053 818 3107 alia
850 3068 946 3123 per
967 3054 1071 3107 alia
1106 3062 1407 3108 contexens
1462 3061 1516 3108 et
1575 3054 1817 3121 varians,
1873 3055 2142 3124 facileque

2235 584 2318 645 είς
2372 581 2635 649 τέταρτον
2684 578 2804 640 ἔτος
2824 580 2890 648 τῇ
2931 581 3066 650 μονῇ
3095 560 3281 651 ἐκείνῇ
3304 577 3571 642 διαϐιοὺς,
3620 578 3838 633 καὶτὰ
3932 650 3943 657 .

2237 673 2337 744 μὲν
2386 668 2469 737 οἷς
2516 671 2692 739 ἔλεγε,
2719 670 2786 722 τὰ
2808 668 2866 722 δὲ
2897 671 2992 723 καὶ
3057 671 3258 741 μᾶλλον
3283 664 3363 734 οἷς
3394 670 3633 740 ἔπραττε
3671 671 3832 741 πρὸς

2232 767 2334 834 τὴν
2372 763 2572 835 ἀρετὴν
2635 761 3000 829 ἐπαγόμενος,
3053 763 3363 834 περιφανὴς
3423 764 3662 835 κατέστη
3720 767 3836 819 καὶ

2233 854 2709 928 περιϐόητος,,καὶ
2726 850 2793 925 ἦν
2822 854 2919 924 ἡδὺ
2949 857 3115 909 πᾶσιν
3144 855 3469 925 ἑντρύφημα
3502 856 3598 917 καὶ
3632 857 3837 923 γλῶσς-

2236 969 2358 1015 σαις
2381 952 2478 1005 καὶ
2542 953 2756 1016 ἀκοαῖς,
2800 952 2910 1003 τῶν
2943 949 3038 1020 μὲν
3060 947 3265 1017 λέγειν,
3284 948 3407 1027 ,τῶν
3438 947 3493 1000 δὲ
3522 950 3837 1018 προσέχειν

2233 1045 2344 1106 τοῖς
2409 1043 2722 1114 λεγομένοις
2779 1040 2978 1110 ἐπίσης
3042 1038 3363 1107 φιλούντων.
3438 1039 3581 1106 Πρὸς
3636 1040 3835 1094 ταῦτα

2235 1136 2442 1198 ἐκεῖνος
2504 1136 2604 1205 οὐχ
2676 1136 2825 1198 ὅπως
2890 1133 3083 1204 ἡδέως,
3135 1131 3273 1187 ἀλλὰ
3327 1133 3421 1186 καὶ
3472 1133 3595 1185 λίαν
3633 1133 3835 1202 ἀηδῶς

2206 1227 2375 1299 λεχων
2412 1228 2508 1282 καὶ
2545 1227 2934 1315 βαρυνόμενος,
2967 1226 3063 1279 καὶ
3099 1224 3160 1278 τὸ
3180 1224 3466 1279 λανθάνειν
3501 1226 3565 1276 ὲκ
3610 1225 3833 1288 παντὸς
3878 1236 3885 1263 ε

2231 1319 2435 1389 τρόπου
2476 1313 2881 1386 διανοούμενος,
2913 1315 3157 1387 δρασμὸν
3186 1315 3381 1384 ἕτερον
3411 1314 3601 1378 πάλιν,
3632 1314 3729 1366 καὶ
3753 1313 3830 1365 τὸ

2233 1410 2299 1461 ἐκ
2334 1407 2498 1477 μέσου
2553 1406 2668 1479 [γρ.
2728 1405 2951 1477 μέσωνῙ.
2994 1405 3189 1458 ἑαυτὸν
3246 1390 3421 1458 θεῖναι
3474 1404 3571 1458 καὶ
3629 1404 3831 1475 ἀφανῆ

2233 1490 2576 1564 διεσκέψατο.
2605 1494 2716 1572 Καὶ
2742 1494 2922 1548 τοίνυν
2945 1493 3123 1566 λάθρα
3156 1493 3462 1564 διαφυγὼν,
3500 1495 3595 1548 xa‘t
3632 1511 3822 1549 κατα-

2238 1587 2406 1657 μόνας
2435 1588 2727 1657 γενόμενος
2775 1586 2906 1657 παρ’
2938 1586 3096 1649 ὅλους
3136 1586 3230 1639 δύο
3276 1587 3463 1658 διῆγεν
3510 1585 3830 1649 ἐνιαυτοὺς,

2236 1679 2345 1744 ζῶν
2372 1679 2546 1745 οὕτως
2573 1681 2878 1755 ἐρημικῶς,
2902 1679 3001 1734 καὶ
3033 1679 3111 1749 τῷ
3140 1678 3261 1750 Θεῷ
3292 1678 3440 1749 μόνῳ
3467 1670 3830 1747 φαινόμενος.

2237 1774 2312 1827 oe
2343 1773 2537 1843 λύχνος
2569 1768 2639 1844 ἦν
2664 1771 2837 1844 αὐτῷ,
2895 1772 2957 1825 οὐ
2997 1770 3180 1842 κλίνη,
3213 1770 3272 1823 οὐ
3307 1770 3576 1847 τράπεζα,
3615 1769 3742 1823 οὐδέ
3768 1785 3839 1822 τι

2240 1863 2452 1917 τοιοῦτο
2509 1863 2621 1917 τῶν
2672 1862 2810 1933 πρὸς
2847 1861 3155 1933 ὑπηρεσίαν
3183 1859 3277 1914 τοῦ
3328 1859 3600 1930 σώματος.
3624 1858 3840 1928 “Apto;

2240 1954 2298 2008 δὲ
2333 1954 2534 2024 μόνος,’
2584 1952 2680 2007 καὶ
2733 1952 2894 2016 αὐτὸς
2952 1940 3289 2022 βραχύτατος
3335 1950 3470 2020 πρός
3523 1966 3668 2011 τινος
3711 1950 3834 2001 τῶν

2247 2046 2576 2114 ὲκγειτόνων
2624 2043 3025 2114 ποριζόμενος·⁸
3081 2042 3243 2113 ψύχει
3270 2042 3348 2109 δὲ,
3399 2041 3497 2094 καὶ
3553 2040 3835 2100 καύσωνι,

2243 2138 2338 2191 καὶ
2388 2135 2593 2190 πάσαις
2639 2138 2757 2198 ταῖς
2782 2136 2847 2187 ὲκ
2870 2134 2961 2187 τοῦ
3001 2133 3162 2205 ἀέρος
3210 2117 3608 2202 ταλαιπωρίαις
3644 2130 3833 2183 ἐτέλει

2241 2230 2690 2301 διαμιλλώμενος.
2738 2228 2967 2282 Ἐπε“ιδὲ
2997 2227 3102 2282 ἔδει
3162 2227 3257 2281 καὶ
3304 2225 3467 2280 αὐτὸν
3526 2224 3831 2311 ἄνθρωπον

2243 2327 2394 2391 ὄντα,
2425 2324 2520 2388 καὶ
2548 2325 2669 2387 ταῖς
2725 2321 3033 2387 ᾀσθενείαις
3061 2320 3162 2391 τῆς
3204 2318 3422 2390 φύσεως
3460 2316 3835 2386 ὑποκείμενον

2245 2414 2671 2487 ὲλεγχθῇναι,τί
2704 2415 2949 2484 γίνεται;
3005 2412 3102 2468 καὶ
3164 2412 3282 2475 πῶς
3328 2410 3397 2465 τὰ
3434 2410 3557 2464 κατ’
3616 2410 3837 2463 ἐκεῖνον

2244 2511 2611 2580 οἰκονομεῖται
2633 2525 2646 2572 ;
2698 2490 2791 2561 καὶ
2828 2507 2970 2571 οἵαις
2997 2508 3030 2577 ὴ
3054 2504 3149 2559 τοῦ
3199 2504 3353 2576 Θεοῦ,
3372 2500 3535 2573 σοςρία
3560 2501 3831 2565 πολλάκις

2245 2606 2366 2666 ταῖς
2392 2600 2988 2674 ἀφορμαῖς·κέχρηται,
3031 2599 3197 2670 ἕτερα
3233 2598 3302 2652 δι’
3335 2596 3540 2668 ἐτέρων
3595 2594 3834 2648 πλέκειν

2246 2696 2578 2767 εὐμηχάνως
2598 2691 2997 2761 οίκονομοῦσα;
3027 2690 3098 2744 τὰ
3128 2689 3471 2759 ὑπογάστρια
3507 2687 3835 2758 πλήττεται,

2209 2840 2215 2845 _
2248 2786 2342 2840 καὶ
2375 2785 2473 2848 τὰς
2504 2782 2765 2852 δυνάμεις
2812 2780 3090 2835 διαλύεται
3123 2779 3233 2858 τῶν
3262 2778 3503 2859 νεφρῷν,
3558 2781 3679 2839 ταῖς
3716 2778 3837 2831 τῶν

2250 2876 2441 2945 πάγων
2472 2874 2800 2947 ὑπερϐολαῖς
2823 2874 3103 2946 ἡττηθείς.
3152 2872 3290 2927 Ὑπὸ
3308 2870 3515 2941 ταύτης
3548 2868 3831 2924 συνωθού-

2252 2985 2408 3040 μενος
2428 2960 2547 3040 [γρ.
2570 2962 2664 3021 οὖν
2686 2965 2920 3039 ὠθούμ.]
2942 2966 3040 3037 τῆς
3071 2966 3337 3035 ἀνάγκης,
3367 2963 3570 3035 μᾶλλον
3591 2962 3648 3016 δὲ
3676 2964 3837 3033 παρὰ

2248 3059 2342 3114 τοῦ
2366 3060 2599 3129 ,ἄγοντος
2656 3060 2819 3113 αὐτὸν
2877 3058 3188 3129 πνεύματος
3210 3057 3582 3128 ὁδηγούμενος
3611 3054 3837 3117 πολλοῖς

557 3153 615 3198 et
640 3159 839 3214 magno
870 3143 1100 3199 artificio
1126 3145 1455 3214 dispensans
1485 3146 1508 3199 ?
1541 3145 1598 3200 In
1627 3146 1741 3200 imo
1776 3156 1969 3203 ventre
1994 3147 2141 3203 acci-

2252 3152 2513 3214 ὑπόθεσις
2569 3151 2845 3221 σωτηρίας
2867 3149 3146 3219 γενέσθαι,
3182 3149 3282 3214 τὴν
3331 3146 3660 3214 Ἐκκλησίαν
3688 3140 3825 3216 πάρ’

561 3237 642 3307 pit
666 3250 887 3316 sensum
918 3236 1145 3303 doloris,
1167 3244 1230 3291 ‘et
1259 3236 1377 3306 ejus
1401 3252 1594 3292 renum
1629 3237 1918 3293 solvuntur
1972 3239 2146 3307 vires,

557 3337 618 3384 ut
715 3329 811 3396 qui
882 3327 1077 3382 fuisset
1134 3337 1424 3397 superatus
1483 3344 1515 3383 a
1571 3328 1753 3384 nimiis
1835 3330 2144 3401 frigoribus.

557 3418 888 3490 Compulsus
926 3436 1055 3492 ergo
1094 3421 1162 3475 ab
1181 3421 1286 3477 bac
1320 3420 1677 3485 necessitate,
1717 3421 1804 3476 vel
1835 3422 2018 3491 potius
2048 3422 2148 3477 de-

566 3511 769 3567 ductus
826 3513 894 3566 ab
945 3527 1033 3574 eo,
1086 3528 1197 3582 quo
1255 3512 1580 3577 ducebatur,
1625 3512 1842 3581 spiritu,
1893 3522 1953 3568 ut
2006 3523 2151 3569 esset

564 3601 955 3657 multiscausa
1017 3602 1228 3668 salutis,
1292 3602 1360 3657 ad
1393 3602 1697 3657 Ecclesiam
1750 3613 1947 3673 praeter
2001 3619 2150 3674 spem

538 3690 711 3746 .reuit
734 3692 853 3761 ejus
897 3691 1198 3746 luminare:
1263 3701 1319 3746 et
1384 3707 1509 3746 cum
1563 3692 1820 3748 omnibus
1896 3694 2150 3763 quidem,

561 3786 833 3855 przecipue
894 3781 1350 3857 autem'magno
1419 3785 1636 3841 Meletio
1693 3786 1890 3842 fuisset
1986 3799 2149 3842 causa

560 3892 770 3947 magum
800 3877 1020 3939 laetitize,
1047 3877 1186 3931 etab
1214 3893 1280 3931 eo
1316 3876 1932 3946 fuissctjucuudissime
1986 3894 2146 3933 acce—

563 3977 690 4038 ptus
713 3978 768 4023 et
802 3978 1102 4033 recreatus,
1152 3968 1352 4023 deinde
1382 3970 1640 4024 etiam'ab
1666 3983 1730 4023 eo
1760 3969 1965 4037 accipit
1999 3970 2151 4024 ordi-

560 4077 688 4117 nem
744 4061 979 4116 diaconi.
1009 4054 1144 4116 Cum
1201 4069 1381 4115 autem
1415 4061 1468 4115 in
1528 4062 1633 4116 hoc
1678 4063 1847 4132 gradu
1903 4063 2153 4132 pulcher-

2246 3242 2440 3297 ἐλπίδα
2502 3240 2939 3310 καταλαμϐάνειο
2972 3240 3066 3293 καὶ
3114 3232 3251 3291 πᾶσι
3279 3238 3398 3307 μὲν,
3440 3238 3732 3306 ἐξαιρέτως
3774 3234 3835 3288 δὲ

2242 3336 2320 3407 τῷ
2349 3334 2572 3406 μεγάλῳ
2585 3334 2853 3403 Μελετίῳ,
2877 3333 3083 3402 πολλῆς
3105 3331 3297 3403 ἡδονῆς
3325 3328 3601 3390 καταστάς
3633 3328 3832 3393 αῐτιος,

2247 3429 2343 3483 καὶ
2390 3425 2730 3496 ὑποδειχθεὶς
2781 3425 2856 3488 ὼς
2885 3424 3079 3495 ἣδιστα
3116 3422 3254 3493 πρὸς
3286 3420 3453 3476 αὐτοῦ
3502 3420 3597 3473 καὶ
3650 3434 3836 3489 παρα-

2247 3516 2509 3589 κ).ηθε“ις,,
2553 3511 2673 3570 εἶτα
2712 3500 2808 3569 καὶ
2832 3515 2931 3586 τὴν
2959 3513 3055 3568 τοῦ
3085 3503 3334 3568 διακόνου
3366 3512 3707 3585 χειροτονίαν
3731 3512 3831 3564 ὑπ’

2248 3609 2414 3664 αὐτοῦ
2476 3608 2855 3677 καταδέχεται.
2895 3593 3096 3675 ’Τούτῳ
3122 3605 3180 3658 δὲ
3218 3605 3295 3676 τῷ
3319 3605 3513 3676 βαθμῷ
3543 3602 3831 3665 κάλλιστα,
3896 3634 3909 3649 ι

2249 3700 2342 3753 καὶ
2364 3698 2439 3761 ὡς
2462 3695 2583 3768 Θεῷ
2637 3695 2810 3765 φίλον,
2834 3696 2928 3749 ἐπὶ
2962 3695 3125 3751 πέντε
3150 3696 3265 3756 τοῖς
3297 3694 3440 3759 ὅλοις
3466 3694 3642 3747 ἔτεσιν
3676 3692 3836 3745 ἐνεν-

2248 3780 2573 3862 δοκιμήσας,
2601 3790 2697 3843 καὶ
2725 3787 2908 3855 λόγοις
2938 3783 3019 3854 οἷς
3052 3806 3109 3843 τε
3139 3790 3443 3858 ὲσχεδίαζε,
3463 3787 3557 3840 καὶ
3580 3783 3662 3849 οἷς
3691 3786 3836 3838 κατὰ

2230 3878 2447 3956 σχολὴν
2473 3882 2739 3937 συνετίθει
2774 3883 2867 3937 καὶ
2893 3881 3126 3953 μελέτης
3157 3881 3329 3951 ἠξίου·
3351 3879 3594 3942 πλείονος
3632 3880 3698 3931 ὲκ
3729 3878 3834 3945 τῆς

2250 3975 2459 4048 χρυσῆς
2484 3976 2711 4041 ὑέτίζων
2743 3975 3013 4047 γλώττης,
3053 3974 3234 4038 καλῶς
3268 3972 3329 4027 τὸ
3354 3974 3456 4044 τῆς
3489 3969 3823 4041 Ἐκκλησίας

2251 4069 2445 4140 ἦρδευε
2482 4068 2793 4139 πρόσωπον.

564 4159 799 4222 Time.“
863 4168 921 4211 υι
976 4159 1087 4212 Deo
1149 4167 1359 4229 ἱένῖιιυιη
1415 4167 1554 4225 eral.
1599 4167 1748 4213 lotos
1782 4160 2024 4229 quinque
2049 4178 2225 4220 annos
2257 4181 2317 4221 se
2345 4165 2622 4234 gessisset,
2656 4173 2766 4218 tam
2822 4163 2947 4235 ejus
2986 4162 3352 4228 orationibus,
3424 4175 3559 4231 quas
3606 4168 3835 4229 propter

563 4262 831 4301 summam
867 4247 1068 4319 ingenii
1100 4248 1309 4317 copiam
1344 4249 1578 4302 habebat
1600 4265 1664 4303 ex
1690 4259 1957 4319 tempore,
2030 4267 2193 4321 quam
2228 4256 2296 4311 iis
2345 4270 2482 4325 quas
2507 4270 2605 4324 per
2657 4253 2830 4308 otium
2904 4254 3272 4323 componebat
3294 4288 3315 4317 -,
3369 4265 3425 4308 et
3484 4248 3834 4306 meditatione

564 4338 758 4408 majori
845 4327 1162 4393 elaborabat
1238 4355 1404 4395 aurea
1454 4340 1662 4410 lingua,
1719 4340 1937 4421 imbris.
1977 4342 2146 4399 instar
2178 4347 2487 4414 effundens,
2514 4345 2743 4417 pulchre
2770 4345 2981 4415 rigabat
3039 4346 3230 4400 faciem
3268 4346 3548 4401 Ecclesiae.

636 4432 734 4487 XI.
786 4431 921 4487 Cum
988 4441 1179 4502 postea
1227 4442 1412 4487 autem
1462 4433 1711 4487 Melclius
1774 4435 2016 4491 venisset
2082 4439 2143 4495 ad

2325 4441 2431 4495 ω’.
2491 4439 2755 4493 Μελετίου
2797 4439 2853 4491 δὲ
2918 4440 3058 4508 μετὰ
3136 4438 3308 4491 ταῦτα
3360 4437 3497 4506 πρὸς
3534 4438 3635 4508 τὴν
3666 4438 3725 4490 ὲν
3760 4439 3830 4508 τῇ

565 4523 947 4594 episcoporum
974 4523 1265 4593 synodum,
1286 4536 1418 4591 quae
1438 4531 1764 4594 congregata
1797 4524 1976 4591 fuerat
1997 4526 2144 4581 Con-

537 4617 941 4688 ‘stantinopoli,
983 4626 1043 4672 ut
1083 4633 1176 4673 eos
1228 4619 1448 4688 quidem
1510 4618 1832 4691 deponeret,
1880 4620 1973 4689 qui
2023 4636 2147 4676 cum

565 4709 773 4781 Spiritu
804 4718 994 4765 saneto
1013 4710 1335 4781 pugnabant
1365 4725 1475 4763 non
1505 4710 1562 4763 in
1627 4709 1820 4779 spiritu
1860 4712 1981 4766 Dei:
2018 4712 2152 4769 Gre-

567 4802 775 4873 gorium
804 4812 986 4856 autem
1015 4801 1167 4856 illum
1227 4802 1538 4872 theologum
1586 4800 1641 4854 in
1669 4802 1798 4857 sede
1824 4805 2146 4859 collocaret:

566 4901 623 4949 et
656 4893 767 4948 illic
788 4908 911 4964 quae
930 4904 1062 4948 sunt
1091 4893 1294 4948 caduca
1321 4901 1396 4947 et‘
1417 4892 1487 4948 ad
1520 4902 1735 4963 tempus
1787 4906 2152 4964 permunisset

566 4985 935 5050 manentibus,
966 4984 1059 5038 hic
1089 4998 1218 5039 vere
1243 4998 1465 5049 aureus,
1505 4984 1666 5038 simul
1718 4985 1935 5054 quidem
1976 4985 2152 5038 vitans

476 5066 481 5069 ’
565 5089 783 5130 omnem
816 5074 1200 5129 excellentiam
1225 5082 1282 5129 et
1312 5074 1519 5129 bonum
1561 5074 1901 5144 amplectens
1947 5071 2151 5129 silentii

566 5175 622 5221 et
660 5166 883 5236 quietis,
915 5164 1212 5219 revertitur
1235 5165 1288 5218 in
1322 5164 1558 5235 primum
1586 5166 1999 5231 monasterium.
2028 5148 2149 5217 'Sed

564 5272 689 5311 cum
728 5255 879 5309 illinc
938 5269 1132 5308 rursus
1184 5242 1898 5310 recessisset!revertitur
1965 5258 2154 5312 Antio-

568 5347 769 5408 chiam,
796 5360 909 5399 non
933 5343 1175 5415 migrans
1204 5353 1428 5409 temere,
1465 5361 1570 5401 nec
1621 5346 1740 5400 sine
1789 5345 1883 5400 Dei
1902 5349 2149 5415 numine,

567 5437 789 5491 utalius
828 5434 967 5490 duce
1023 5436 1184 5491 utens
1241 5452 1337 5491 sua
1376 5438 1606 5492 ratione.
1657 5437 1763 5492 Sed
1810 5437 1980 5492 Deum
2026 5458 2152 5496 eum

568 5534 823 5581 movente
882 5535 937 5581 et
979 5536 1230 5591 vocante,
1298 5526 1460 5582 modo
1504 5528 1738 5597 quodam
1789 5529 2055 5589 diviniore
2097 5545 2153 5597 et

569 5617 935 5687 praestantiori
987 5618 1223 5674 ratione.
1277 5619 1471 5690 Magno
1520 5621 1666 5675 enim
1718 5620 1998 5687 Flaviano,
2059 5628 2152 5695 qui

571 5706 787 5762 Meleiio
809 5707 970 5777 paulo
1008 5718 1135 5762 ante
1164 5709 1221 5763 in
1255 5708 1383 5763 sede
1412 5718 1772 5776 successerat,
1803 5711 1913 5767 Deo
1939 5713 1996 5767 in
2024 5778 2029 5783 Α
2054 5730 2154 5770 au-

571 5812 698 5851 rora
728 5800 943 5854 canenli
977 5815 1167 5856 sacros
1206 5801 1462 5869 bvmuos,
1488 5819 1766 5874 apparens
1811 5807 2040 5879 angelus
2098 5809 2152 5865 in

2252 4530 2829 4587 Κωνσταντινουπόλει
2874 4528 2982 4583 τῶν
3038 4528 3356 4582 ἐπισκόπων
3383 4528 3602 4582 σύνοδον
3633 4530 3831 4599 ἐκφοι-

2251 4626 2538 4693 τήσαντος,
2600 4621 2684 4689 ἐφ’
2711 4612 2755 4689 ᾧ
2782 4619 3032 4676 καθελεῖν
3088 4619 3185 4689 μὲν
3212 4621 3338 4682 τοὺς
3361 4619 3438 4689 τῷ
3468 4619 3611 4689 ἁγίῳ
3656 4620 3831 4673 Πνεύ-

2255 4731 2385 4784 ματι
2414 4714 2773 4783 μαχομένους,
2792 4709 3092 4780 Γρηγορίου
3121 4710 3178 4763 δὲ
3210 4709 3309 4781 τὴν
3333 4709 3580 4778 θεολόγον
3628 4708 3833 4777 ἐγκαθ-

2248 4804 2467 4876 ιδρύσαι
2525 4804 2728 4874 φωνὴν,
2762 4792 2932 4858 ’κάκεῖ
2983 4803 3091 4855 τῶν
3122 4803 3473 4875 προσίατρων
3522 4801 3835 4871 ἁλλαξαμέα

2253 4917 2343 4950 νου
2393 4898 2485 4951 τά
2515 4896 2746 4966 μένοντα
2782 4935 2797 4960 ,
2859 4897 2887 4948 ὁ
2942 4894 3179 4965 χρυσοῦς
3240 4888 3397 4957 οὗτος
3436 4894 3569 4965 ’ἅμα
3626 4894 3723 4963 μὲν
3768 4893 3836 4945 τὸ

2218 4990 2522 5060 ⁶ὑπερέχον
2573 4972 2752 5063 duo».
2794 4984 3224 5056 ύπεξιστάμενος
3253 5025 3270 5051 ,
3320 4986 3438 5057 ἅμα
3490 4986 3548 5039 δὲ
3594 4986 3687 5038 καὶ
3735 4983 3832 5038 τοῦ

2251 5080 2419 5136 καλοῦ
2460 5079 2560 5149 τῆς
2591 5076 2822 5149 ἡσυχίας
2855 5076 3325 5147 ἀντιποιούμενος,
3367 5081 3448 5140 είς
3475 5079 3577 5147 τὴν
3607 5077 3835 5149 πρώτην

2253 5170 2409 5235 αὖθις
2467 5169 2877 5240 ὲπαναστρέφει
2939 5171 3130 5240 μονήν.
3194 5169 3359 5223 Ἀλλὰ
3413 5170 3577 5224 πάλιν
3623 5169 3835 5225 ἐκεῖθεν

2254 5262 2573 5325 ἀπαναστὰς
2601 5263 2681 5325 είς
2721 5262 3052 5332 Ἀντιόχειαν
3083 5263 3469 5333 ἐπανέρχεται,
3501 5264 3597 5334 οὐχ
3646 5264 3834 5329 ἁπλῶς

2253 5355 2448 5423 οὕτως,
2478 5354 2597 5408 οὐδὲ
2618 5354 2767 5408 ἀθεεὶ
2790 5353 2886 5425 τὴν
2912 5354 3218 5424 μετάϐασιν
3231 5355 3624 5426 ποιησάμενος,
3643 5355 3835 5426 ὥσπερ

2253 5446 2319 5500 ἂν
2342 5445 2531 5518 ἕτερος
2585 5444 2868 5514 λογισμοῖς
2936 5445 3088 5509 ίδίοις
3141 5446 3474 5511 ἀκολουθῶν,
3522 5446 3657 5502 ἀλλὰ
3692 5447 3835 5503 Θεοῦ

2254 5537 2579 5606 κινήσαντος
2635 5536 2799 5590 αὐτὸν
2855 5537 3307 5603 καὶ¹καλέσαντος
3352 5541 3538 5611 τρόπῳ
3564 5542 3674 5596 τινὶ
3696 5543 3835 5599 Osto-

2253 5628 2398 5698 τέρῳ
2458 5628 2550 5681 καὶ
2608 5627 2754 5699 λόγῳ
2793 5627 2904 5700 [ισ.
2948 5628 3134 5700 λόγου]
3184 5632 3476 5702 κρείττονι.
3515 5626 3675 5709 Ἄρτι
3724 5639 3834 5708 γὰρ

2254 5718 2539 5791 Φλασιανῷ
2579 5719 2657 5791 τῷ
2711 5720 2934 5790 μεγάλῳ
2985 5723 3078 5777 τὸν
3129 5724 3395 5778 Μελετίου
3464 5724 3835 5800 διαδεξαμένη)

2259 5810 2474 5881 θρόνον,
2506 5809 2626 5882 θεῷ
2680 5816 2811 5883 περὶ
2842 5817 2943 5887 τὴν
2977 5816 3055 5870 ἕω
3081 5815 3206 5879 τοὺς
3245 5814 3424 5886 ίεροὺς
3466 5810 3832 5888 προσφέροντι
