  <div class='ocr_page' id='page_1' title='image "/cluster/home/n/w/nwhite01/storage/ocr_20150623/114:no.1/coo.31924054870187/544.png"; bbox 0 0 4138 6406; ppageno 0'>
   <div class='ocr_carea' id='block_1_1' title="bbox 270 2842 290 2872">
    <p class='ocr_par' dir='ltr' id='par_1_1' title="bbox 270 2842 290 2872">
     <span class='ocr_line' id='line_1_1' title="bbox 270 2842 290 2872; baseline 0 0"><span class='ocrx_word' id='word_1_1' title='bbox 270 2842 290 2872; x_wconf 75' lang='grc' dir='ltr'><strong><em>Ι</em></strong></span> 
     </span>
    </p>
   </div>
   <div class='ocr_carea' id='block_1_2' title="bbox 302 359 478 427">
    <p class='ocr_par' dir='ltr' id='par_1_2' title="bbox 302 359 478 427">
     <span class='ocr_line' id='line_1_2' title="bbox 302 359 478 427; baseline 0.011 -2"><span class='ocrx_word' id='word_1_2' title='bbox 302 359 478 427; x_wconf 63' lang='grc'><strong>11173</strong></span> 
     </span>
    </p>
   </div>
   <div class='ocr_carea' id='block_1_3' title="bbox 1362 364 2598 439">
    <p class='ocr_par' dir='ltr' id='par_1_3' title="bbox 1362 364 2598 439">
     <span class='ocr_line' id='line_1_3' title="bbox 1362 364 2598 439; baseline 0.001 -13"><span class='ocrx_word' id='word_1_3' title='bbox 1362 365 1540 426; x_wconf 78' lang='lat' dir='ltr'><strong>VITA</strong></span> <span class='ocrx_word' id='word_1_4' title='bbox 1580 366 1640 439; x_wconf 71' lang='grc'><strong>5.</strong></span> <span class='ocrx_word' id='word_1_5' title='bbox 1680 364 2005 427; x_wconf 77' lang='lat' dir='ltr'><strong>JOANNIS</strong></span> <span class='ocrx_word' id='word_1_6' title='bbox 2040 366 2598 429; x_wconf 79' lang='lat' dir='ltr'><strong>CHRYSOSTOMI.</strong></span> 
     </span>
    </p>
   </div>
   <div class='ocr_carea' id='block_1_4' title="bbox 3469 357 3607 435">
    <p class='ocr_par' dir='ltr' id='par_1_4' title="bbox 3469 357 3607 435">
     <span class='ocr_line' id='line_1_4' title="bbox 3469 357 3607 435; baseline 0.007 -1"><span class='ocrx_word' id='word_1_7' title='bbox 3469 357 3607 435; x_wconf 66' lang='lat' dir='ltr'><strong>1071i</strong></span> 
     </span>
    </p>
   </div>
   <div class='ocr_carea' id='block_1_5' title="bbox 333 468 1912 552">
    <p class='ocr_par' dir='ltr' id='par_1_5' title="bbox 333 468 1912 545">
     <span class='ocr_line' id='line_1_5' title="bbox 333 468 1912 545; baseline 0.001 -19"><span class='ocrx_word' id='word_1_8' title='bbox 333 472 539 543; x_wconf 76' lang='grc' dir='ltr'><strong>ὕμνους</strong></span> <span class='ocrx_word' id='word_1_9' title='bbox 566 468 800 540; x_wconf 77' lang='grc' dir='ltr'><strong>ἅγγελος</strong></span> <span class='ocrx_word' id='word_1_10' title='bbox 858 471 1110 536; x_wconf 78' lang='grc' dir='ltr'><strong>ἐπιστὰς,</strong></span> <span class='ocrx_word' id='word_1_11' title='bbox 1141 472 1234 525; x_wconf 74' lang='grc' dir='ltr'><strong>ἐπὶ</strong></span> <span class='ocrx_word' id='word_1_12' title='bbox 1257 473 1317 526; x_wconf 78' lang='grc' dir='ltr'><strong>τδ</strong></span> <span class='ocrx_word' id='word_1_13' title='bbox 1346 474 1738 545; x_wconf 86' lang='grc' dir='ltr'><strong>μοναστήριον,</strong></span> <span class='ocrx_word' id='word_1_14' title='bbox 1768 474 1797 526; x_wconf 89' lang='grc' dir='ltr'><strong>ὃ</strong></span> <span class='ocrx_word' id='word_1_15' title='bbox 1827 473 1912 527; x_wconf 76' lang='grc' dir='ltr'><strong>τὸν</strong></span> 
     </span>
    </p>
   </div>
   <div class='ocr_carea' id='block_1_6' title="bbox 2012 468 3605 552">
    <p class='ocr_par' dir='ltr' id='par_1_6' title="bbox 2027 474 3605 552">
     <span class='ocr_line' id='line_1_6' title="bbox 2027 474 3605 552; baseline 0.007 -26"><span class='ocrx_word' id='word_1_16' title='bbox 2027 474 2441 545; x_wconf 69' lang='lat' dir='ltr'><strong>monasterium,</strong></span> <span class='ocrx_word' id='word_1_17' title='bbox 2473 477 2528 531; x_wconf 93' lang='lat' dir='ltr'><strong>in</strong></span> <span class='ocrx_word' id='word_1_18' title='bbox 2551 494 2659 547; x_wconf 87' lang='lat' dir='ltr'><strong>quo</strong></span> <span class='ocrx_word' id='word_1_19' title='bbox 2691 486 2808 534; x_wconf 87' lang='lat' dir='ltr'><strong>erat</strong></span> <span class='ocrx_word' id='word_1_20' title='bbox 2839 476 3098 544; x_wconf 76' lang='lat' dir='ltr'><strong>Joannes,</strong></span> <span class='ocrx_word' id='word_1_21' title='bbox 3135 478 3298 551; x_wconf 76' lang='lat' dir='ltr'><strong>jussit</strong></span> <span class='ocrx_word' id='word_1_22' title='bbox 3322 479 3408 535; x_wconf 87' lang='lat' dir='ltr'><strong>ire</strong></span> <span class='ocrx_word' id='word_1_23' title='bbox 3441 497 3605 552; x_wconf 85' lang='lat' dir='ltr'><strong>quam</strong></span> 
     </span>
    </p>
   </div>
   <div class='ocr_carea' id='block_1_7' title="bbox 343 557 1927 633">
    <p class='ocr_par' dir='ltr' id='par_1_7' title="bbox 343 557 1927 633">
     <span class='ocr_line' id='line_1_7' title="bbox 343 557 1927 633; baseline 0.001 -17"><span class='ocrx_word' id='word_1_24' title='bbox 343 562 603 632; x_wconf 79' lang='grc' dir='ltr'><strong>Ἰωάννην</strong></span> <span class='ocrx_word' id='word_1_25' title='bbox 635 558 804 633; x_wconf 72' lang='grc' dir='ltr'><strong>εἶχεν,</strong></span> <span class='ocrx_word' id='word_1_26' title='bbox 855 564 937 617; x_wconf 81' lang='grc' dir='ltr'><strong>ὅτι</strong></span> <span class='ocrx_word' id='word_1_27' title='bbox 968 564 1197 633; x_wconf 86' lang='grc' dir='ltr'><strong>τάχιστα</strong></span> <span class='ocrx_word' id='word_1_28' title='bbox 1236 564 1534 632; x_wconf 71' lang='grc' dir='ltr'>ἀφικέσθαι</span> <span class='ocrx_word' id='word_1_29' title='bbox 1554 557 1927 631; x_wconf 62' lang='grc' dir='ltr'><strong>διεκελεύετο,</strong></span> 
     </span>
    </p>
   </div>
   <div class='ocr_carea' id='block_1_8' title="bbox 330 654 1918 728">
    <p class='ocr_par' dir='ltr' id='par_1_8' title="bbox 330 654 1918 728">
     <span class='ocr_line' id='line_1_8' title="bbox 330 654 1918 728; baseline -0.001 -18"><span class='ocrx_word' id='word_1_30' title='bbox 330 657 428 710; x_wconf 76' lang='grc' dir='ltr'><strong>καὶ</strong></span> <span class='ocrx_word' id='word_1_31' title='bbox 458 656 648 711; x_wconf 81' lang='grc' dir='ltr'><strong>τοῦτον</strong></span> <span class='ocrx_word' id='word_1_32' title='bbox 678 657 773 709; x_wconf 68' lang='grc' dir='ltr'><strong>ἐπὶ</strong></span> <span class='ocrx_word' id='word_1_33' title='bbox 794 654 894 728; x_wconf 80' lang='grc' dir='ltr'><strong>τὴν</strong></span> <span class='ocrx_word' id='word_1_34' title='bbox 928 656 1227 725; x_wconf 73' lang='grc' dir='ltr'><strong>ἐκκλησίαν</strong></span> <span class='ocrx_word' id='word_1_35' title='bbox 1260 674 1321 710; x_wconf 82' lang='grc' dir='ltr'><strong>τε</strong></span> <span class='ocrx_word' id='word_1_36' title='bbox 1357 658 1607 727; x_wconf 82' lang='grc' dir='ltr'><strong>ἀγαγεῖν,</strong></span> <span class='ocrx_word' id='word_1_37' title='bbox 1642 657 1736 710; x_wconf 67' lang='grc' dir='ltr'><strong>καὶ</strong></span> <span class='ocrx_word' id='word_1_38' title='bbox 1768 657 1918 728; x_wconf 82' lang='grc' dir='ltr'><strong>ίερέα</strong></span> 
     </span>
    </p>
   </div>
   <div class='ocr_carea' id='block_1_9' title="bbox 329 732 1918 818">
    <p class='ocr_par' dir='ltr' id='par_1_9' title="bbox 329 732 1918 818">
     <span class='ocr_line' id='line_1_9' title="bbox 329 732 1918 818; baseline -0.001 -15"><span class='ocrx_word' id='word_1_39' title='bbox 329 747 668 814; x_wconf 71' lang='grc' dir='ltr'><strong>τελειῶσαι,</strong></span> <span class='ocrx_word' id='word_1_40' title='bbox 746 747 940 810; x_wconf 83' lang='grc' dir='ltr'><strong>σκεῦος</strong></span> <span class='ocrx_word' id='word_1_41' title='bbox 1007 746 1158 818; x_wconf 77' lang='grc' dir='ltr'><strong>αὐτῷ</strong></span> <span class='ocrx_word' id='word_1_42' title='bbox 1214 747 1448 818; x_wconf 80' lang='grc' dir='ltr'><strong>ἐκλογῆς</strong></span> <span class='ocrx_word' id='word_1_43' title='bbox 1504 732 1646 801; x_wconf 84' lang='grc' dir='ltr'><strong>κατά</strong></span> <span class='ocrx_word' id='word_1_44' title='bbox 1703 748 1918 801; x_wconf 76' lang='grc' dir='ltr'><strong>Παῦλον</strong></span> 
     </span>
    </p>
   </div>
   <div class='ocr_carea' id='block_1_10' title="bbox 330 826 1918 910">
    <p class='ocr_par' dir='ltr' id='par_1_10' title="bbox 330 826 1918 910">
     <span class='ocr_line' id='line_1_10' title="bbox 330 826 1918 910; baseline -0.002 -17"><span class='ocrx_word' id='word_1_45' title='bbox 330 837 626 910; x_wconf 74' lang='grc' dir='ltr'><strong>ἐσόμενον,</strong></span> <span class='ocrx_word' id='word_1_46' title='bbox 662 839 757 892; x_wconf 72' lang='grc' dir='ltr'><strong>καὶ</strong></span> <span class='ocrx_word' id='word_1_47' title='bbox 791 838 869 906; x_wconf 80' lang='grc' dir='ltr'><strong>τῷ</strong></span> <span class='ocrx_word' id='word_1_48' title='bbox 928 826 1072 908; x_wconf 73' lang='grc' dir='ltr'><strong>λόγῳ</strong></span> <span class='ocrx_word' id='word_1_49' title='bbox 1126 838 1388 907; x_wconf 76' lang='grc' dir='ltr'><strong>μέλλοντα</strong></span> <span class='ocrx_word' id='word_1_50' title='bbox 1436 838 1534 908; x_wconf 80' lang='grc' dir='ltr'><strong>τὴν</strong></span> <span class='ocrx_word' id='word_1_51' title='bbox 1590 838 1918 908; x_wconf 81' lang='grc' dir='ltr'><strong>οἰκουμένην</strong></span> 
     </span>
    </p>
   </div>
   <div class='ocr_carea' id='block_1_11' title="bbox 331 930 1917 1002">
    <p class='ocr_par' dir='ltr' id='par_1_11' title="bbox 331 930 1917 1002">
     <span class='ocr_line' id='line_1_11' title="bbox 331 930 1917 1002; baseline -0.001 -18"><span class='ocrx_word' id='word_1_52' title='bbox 331 930 671 1002; x_wconf 78' lang='grc' dir='ltr'><strong>περιλαϐεῖν,</strong></span> <span class='ocrx_word' id='word_1_53' title='bbox 736 930 882 983; x_wconf 63' lang='grc' dir='ltr'><strong>κατὰ</strong></span> <span class='ocrx_word' id='word_1_54' title='bbox 932 931 1025 983; x_wconf 72' lang='grc' dir='ltr'><strong>τὸν</strong></span> <span class='ocrx_word' id='word_1_55' title='bbox 1082 930 1249 983; x_wconf 82' lang='grc' dir='ltr'><strong>αὐτὸν</strong></span> <span class='ocrx_word' id='word_1_56' title='bbox 1307 930 1365 983; x_wconf 84' lang='grc' dir='ltr'><strong>δέ</strong></span> <span class='ocrx_word' id='word_1_57' title='bbox 1424 930 1615 1001; x_wconf 73' lang='grc' dir='ltr'><strong>καιρδν</strong></span> <span class='ocrx_word' id='word_1_58' title='bbox 1674 932 1708 1001; x_wconf 80' lang='grc' dir='ltr'><strong>ἡ</strong></span> <span class='ocrx_word' id='word_1_59' title='bbox 1755 932 1917 999; x_wconf 77' lang='grc' dir='ltr'><strong>ὁμοία</strong></span> 
     </span>
    </p>
   </div>
   <div class='ocr_carea' id='block_1_12' title="bbox 336 1022 1916 1094">
    <p class='ocr_par' dir='ltr' id='par_1_12' title="bbox 336 1022 1916 1094">
     <span class='ocr_line' id='line_1_12' title="bbox 336 1022 1916 1094; baseline -0.001 -17"><span class='ocrx_word' id='word_1_60' title='bbox 336 1023 421 1093; x_wconf 75' lang='grc' dir='ltr'><strong>τῷ</strong></span> <span class='ocrx_word' id='word_1_61' title='bbox 489 1022 715 1094; x_wconf 76' lang='grc' dir='ltr'><strong>Ἰωάννῃ</strong></span> <span class='ocrx_word' id='word_1_62' title='bbox 772 1023 1107 1094; x_wconf 84' lang='grc' dir='ltr'><strong>παρίσταται</strong></span> <span class='ocrx_word' id='word_1_63' title='bbox 1157 1022 1299 1091; x_wconf 77' lang='grc' dir='ltr'><strong>δψις.</strong></span> <span class='ocrx_word' id='word_1_64' title='bbox 1338 1023 1604 1092; x_wconf 82' lang='grc' dir='ltr'><strong>Ἀγγελος</strong></span> <span class='ocrx_word' id='word_1_65' title='bbox 1668 1022 1766 1093; x_wconf 74' lang='grc' dir='ltr'><strong>γάρ</strong></span> <span class='ocrx_word' id='word_1_66' title='bbox 1812 1025 1916 1076; x_wconf 86' lang='grc' dir='ltr'><strong>κά-</strong></span> 
     </span>
    </p>
   </div>
   <div class='ocr_carea' id='block_1_13' title="bbox 333 1115 1913 1187">
    <p class='ocr_par' dir='ltr' id='par_1_13' title="bbox 333 1115 1913 1187">
     <span class='ocr_line' id='line_1_13' title="bbox 333 1115 1913 1187; baseline -0.001 -18"><span class='ocrx_word' id='word_1_67' title='bbox 333 1116 499 1185; x_wconf 80' lang='grc' dir='ltr'><strong>κείνῳ</strong></span> <span class='ocrx_word' id='word_1_68' title='bbox 553 1115 980 1185; x_wconf 82' lang='grc' dir='ltr'><strong>προσευχομένῳ</strong></span> <span class='ocrx_word' id='word_1_69' title='bbox 1050 1115 1150 1169; x_wconf 77' lang='grc' dir='ltr'><strong>σὺν</strong></span> <span class='ocrx_word' id='word_1_70' title='bbox 1218 1115 1387 1186; x_wconf 75' lang='grc' dir='ltr'><strong>πολλῇ</strong></span> <span class='ocrx_word' id='word_1_71' title='bbox 1427 1119 1492 1187; x_wconf 81' lang='grc' dir='ltr'><strong>τῇ</strong></span> <span class='ocrx_word' id='word_1_72' title='bbox 1526 1115 1658 1187; x_wconf 70' lang='grc' dir='ltr'><strong>δόξῃ</strong></span> <span class='ocrx_word' id='word_1_73' title='bbox 1708 1118 1804 1168; x_wconf 79' lang='grc' dir='ltr'><strong>καὶ</strong></span> <span class='ocrx_word' id='word_1_74' title='bbox 1845 1117 1913 1185; x_wconf 82' lang='grc' dir='ltr'><strong>τῇ</strong></span> 
     </span>
    </p>
   </div>
   <div class='ocr_carea' id='block_1_14' title="bbox 331 1204 1914 1277">
    <p class='ocr_par' dir='ltr' id='par_1_14' title="bbox 331 1204 1914 1277">
     <span class='ocr_line' id='line_1_14' title="bbox 331 1204 1914 1277; baseline 0.001 -19"><span class='ocrx_word' id='word_1_75' title='bbox 331 1206 477 1275; x_wconf 82' lang='grc' dir='ltr'><strong>αύγῇ</strong></span> <span class='ocrx_word' id='word_1_76' title='bbox 531 1204 844 1276; x_wconf 65' lang='grc' dir='ltr'><strong>παραστὰς,</strong></span> <span class='ocrx_word' id='word_1_77' title='bbox 884 1204 1115 1258; x_wconf 74' lang='grc' dir='ltr'><strong>ἕπεσθαι</strong></span> <span class='ocrx_word' id='word_1_78' title='bbox 1164 1206 1300 1277; x_wconf 76' lang='grc' dir='ltr'><strong>πρὸς</strong></span> <span class='ocrx_word' id='word_1_79' title='bbox 1326 1206 1424 1276; x_wconf 75' lang='grc' dir='ltr'><strong>τὴν</strong></span> <span class='ocrx_word' id='word_1_80' title='bbox 1453 1206 1749 1277; x_wconf 71' lang='grc' dir='ltr'><strong>ἐκκλησίαν</strong></span> <span class='ocrx_word' id='word_1_81' title='bbox 1772 1206 1914 1264; x_wconf 81' lang='grc' dir='ltr'><strong>Φλα-</strong></span> 
     </span>
    </p>
   </div>
   <div class='ocr_carea' id='block_1_15' title="bbox 332 1290 1915 1370">
    <p class='ocr_par' dir='ltr' id='par_1_15' title="bbox 332 1290 1915 1370">
     <span class='ocr_line' id='line_1_15' title="bbox 332 1290 1915 1370; baseline 0.003 -23"><span class='ocrx_word' id='word_1_82' title='bbox 332 1295 507 1366; x_wconf 82' lang='grc' dir='ltr'><strong>6ιανῷ</strong></span> <span class='ocrx_word' id='word_1_83' title='bbox 540 1335 556 1361; x_wconf 89' lang='grc'><strong>,</strong></span> <span class='ocrx_word' id='word_1_84' title='bbox 631 1296 725 1348; x_wconf 74' lang='grc' dir='ltr'><strong>καὶ</strong></span> <span class='ocrx_word' id='word_1_85' title='bbox 790 1296 905 1368; x_wconf 76' lang='grc' dir='ltr'><strong>τὴν,</strong></span> <span class='ocrx_word' id='word_1_86' title='bbox 942 1295 1036 1349; x_wconf 78' lang='grc' dir='ltr'><strong>τοῦ</strong></span> <span class='ocrx_word' id='word_1_87' title='bbox 1091 1298 1467 1370; x_wconf 78' lang='grc' dir='ltr'><strong>πρεσὸυτέρου</strong></span> <span class='ocrx_word' id='word_1_88' title='bbox 1512 1290 1915 1363; x_wconf 78' lang='grc' dir='ltr'><strong>καταδέξασθαι</strong></span> 
     </span>
    </p>
   </div>
   <div class='ocr_carea' id='block_1_16' title="bbox 330 1389 1913 1464">
    <p class='ocr_par' dir='ltr' id='par_1_16' title="bbox 330 1389 1913 1464">
     <span class='ocr_line' id='line_1_16' title="bbox 330 1389 1913 1464; baseline 0.003 -22"><span class='ocrx_word' id='word_1_89' title='bbox 330 1389 669 1464; x_wconf 80' lang='grc' dir='ltr'><strong>χειροτονίαν</strong></span> <span class='ocrx_word' id='word_1_90' title='bbox 701 1391 1055 1460; x_wconf 78' lang='grc' dir='ltr'><strong>προστάττει.</strong></span> <span class='ocrx_word' id='word_1_91' title='bbox 1082 1390 1188 1445; x_wconf 79' lang='grc' dir='ltr'><strong>Τὸν</strong></span> <span class='ocrx_word' id='word_1_92' title='bbox 1225 1391 1283 1444; x_wconf 82' lang='grc' dir='ltr'><strong>δὲ</strong></span> <span class='ocrx_word' id='word_1_93' title='bbox 1311 1391 1410 1462; x_wconf 83' lang='grc' dir='ltr'><strong>τὴν</strong></span> <span class='ocrx_word' id='word_1_94' title='bbox 1430 1390 1913 1464; x_wconf 80' lang='grc' dir='ltr'><strong>ὀπτασίανθεῖκὴν</strong></span> 
     </span>
    </p>
   </div>
   <div class='ocr_carea' id='block_1_17' title="bbox 334 1462 1914 1555">
    <p class='ocr_par' dir='ltr' id='par_1_17' title="bbox 334 1462 1914 1555">
     <span class='ocr_line' id='line_1_17' title="bbox 334 1462 1914 1555; baseline 0.001 -20"><span class='ocrx_word' id='word_1_95' title='bbox 334 1483 439 1552; x_wconf 76' lang='grc' dir='ltr'><strong>μὲν</strong></span> <span class='ocrx_word' id='word_1_96' title='bbox 467 1462 608 1535; x_wconf 81' lang='grc' dir='ltr'><strong>εἷναί</strong></span> <span class='ocrx_word' id='word_1_97' title='bbox 640 1482 718 1552; x_wconf 83' lang='grc' dir='ltr'><strong>μὴ</strong></span> <span class='ocrx_word' id='word_1_98' title='bbox 743 1483 1115 1554; x_wconf 82' lang='grc' dir='ltr'><strong>ἀγνοήσαντα,</strong></span> <span class='ocrx_word' id='word_1_99' title='bbox 1167 1476 1625 1555; x_wconf 75' lang='grc' dir='ltr'><strong>διευλαϐούμενον</strong></span> <span class='ocrx_word' id='word_1_100' title='bbox 1652 1485 1712 1538; x_wconf 81' lang='grc' dir='ltr'><strong>δὲ</strong></span> <span class='ocrx_word' id='word_1_101' title='bbox 1736 1462 1914 1550; x_wconf 79' lang='grc' dir='ltr'><strong>ἄλλως</strong></span> 
     </span>
    </p>
   </div>
   <div class='ocr_carea' id='block_1_18' title="bbox 336 1564 1910 1647">
    <p class='ocr_par' dir='ltr' id='par_1_18' title="bbox 336 1564 1910 1647">
     <span class='ocr_line' id='line_1_18' title="bbox 336 1564 1910 1647; baseline 0.003 -22"><span class='ocrx_word' id='word_1_102' title='bbox 336 1572 433 1625; x_wconf 77' lang='grc' dir='ltr'><strong>καὶ</strong></span> <span class='ocrx_word' id='word_1_103' title='bbox 466 1570 724 1625; x_wconf 73' lang='grc' dir='ltr'><strong>ὀκνοῦντα</strong></span> <span class='ocrx_word' id='word_1_104' title='bbox 773 1564 919 1643; x_wconf 70' lang='grc' dir='ltr'><strong>’πρὸς</strong></span> <span class='ocrx_word' id='word_1_105' title='bbox 948 1574 1009 1627; x_wconf 75' lang='grc' dir='ltr'><strong>τὸ</strong></span> <span class='ocrx_word' id='word_1_106' title='bbox 1034 1575 1339 1647; x_wconf 80' lang='grc' dir='ltr'><strong>ἐπίταγμα,</strong></span> <span class='ocrx_word' id='word_1_107' title='bbox 1389 1575 1622 1631; x_wconf 82' lang='grc' dir='ltr'><strong>ἀκοῦσαι</strong></span> <span class='ocrx_word' id='word_1_108' title='bbox 1688 1576 1910 1645; x_wconf 87' lang='grc' dir='ltr'><strong>λέγεται</strong></span> 
     </span>
    </p>
   </div>
   <div class='ocr_carea' id='block_1_19' title="bbox 335 1664 1914 1740">
    <p class='ocr_par' dir='ltr' id='par_1_19' title="bbox 335 1664 1914 1740">
     <span class='ocr_line' id='line_1_19' title="bbox 335 1664 1914 1740; baseline 0.002 -20"><span class='ocrx_word' id='word_1_109' title='bbox 335 1665 616 1735; x_wconf 85' lang='grc' dir='ltr'><strong>θειοτέρας</strong></span> <span class='ocrx_word' id='word_1_110' title='bbox 663 1664 849 1736; x_wconf 80' lang='grc' dir='ltr'>φωνῆς</span> <span class='ocrx_word' id='word_1_111' title='bbox 885 1679 901 1694; x_wconf 82' lang='grc'>⁸</span> <span class='ocrx_word' id='word_1_112' title='bbox 938 1669 1006 1721; x_wconf 77' lang='lat' dir='ltr'><strong>‘A</strong></span> <span class='ocrx_word' id='word_1_113' title='bbox 1030 1668 1059 1719; x_wconf 85' lang='grc' dir='ltr'><strong>δ</strong></span> <span class='ocrx_word' id='word_1_114' title='bbox 1111 1667 1241 1733; x_wconf 81' lang='grc' dir='ltr'><strong>Θεὸς</strong></span> <span class='ocrx_word' id='word_1_115' title='bbox 1276 1668 1547 1740; x_wconf 77' lang='grc' dir='ltr'><strong>βούλεται,</strong></span> <span class='ocrx_word' id='word_1_116' title='bbox 1593 1670 1678 1734; x_wconf 87' lang='grc' dir='ltr'><strong>τίς</strong></span> <span class='ocrx_word' id='word_1_117' title='bbox 1731 1670 1914 1734; x_wconf 79' lang='grc' dir='ltr'><strong>ἱκανὸς</strong></span> 
     </span>
    </p>
   </div>
   <div class='ocr_carea' id='block_1_20' title="bbox 331 1756 1907 1834">
    <p class='ocr_par' dir='ltr' id='par_1_20' title="bbox 331 1756 1907 1834">
     <span class='ocr_line' id='line_1_20' title="bbox 331 1756 1907 1834; baseline 0.004 -25"><span class='ocrx_word' id='word_1_118' title='bbox 331 1756 489 1810; x_wconf 71' lang='grc' dir='ltr'><strong>ἔσται</strong></span> <span class='ocrx_word' id='word_1_119' title='bbox 513 1756 867 1819; x_wconf 70' lang='grc' dir='ltr'><strong>διασκεδάσαι</strong></span> <span class='ocrx_word' id='word_1_120' title='bbox 892 1775 909 1825; x_wconf 89' lang='lat'><strong>;</strong></span> <span class='ocrx_word' id='word_1_121' title='bbox 948 1758 1092 1813; x_wconf 78' lang='grc' dir='ltr'><strong>οὓτω</strong></span> <span class='ocrx_word' id='word_1_122' title='bbox 1116 1761 1521 1832; x_wconf 68' lang='grc' dir='ltr'><strong>χρηματισθεὶς</strong></span> <span class='ocrx_word' id='word_1_123' title='bbox 1549 1764 1578 1815; x_wconf 86' lang='grc' dir='ltr'>ὁ</span> <span class='ocrx_word' id='word_1_124' title='bbox 1610 1762 1907 1834; x_wconf 86' lang='grc' dir='ltr'><strong>μακάριος,</strong></span> 
     </span>
    </p>
   </div>
   <div class='ocr_carea' id='block_1_21' title="bbox 2026 565 3607 635">
    <p class='ocr_par' dir='ltr' id='par_1_21' title="bbox 2026 565 3607 635">
     <span class='ocr_line' id='line_1_21' title="bbox 2026 565 3607 635; baseline 0.008 -16"><span class='ocrx_word' id='word_1_125' title='bbox 2026 565 2293 622; x_wconf 91' lang='lat' dir='ltr'><strong>citissime</strong></span> <span class='ocrx_word' id='word_1_126' title='bbox 2311 577 2368 622; x_wconf 86' lang='lat' dir='ltr'><strong>et</strong></span> <span class='ocrx_word' id='word_1_127' title='bbox 2406 585 2528 622; x_wconf 81' lang='lat' dir='ltr'><strong>eum</strong></span> <span class='ocrx_word' id='word_1_128' title='bbox 2560 570 2762 626; x_wconf 90' lang='lat' dir='ltr'><strong>ducere</strong></span> <span class='ocrx_word' id='word_1_129' title='bbox 2793 571 2865 626; x_wconf 88' lang='lat' dir='ltr'><strong>ad</strong></span> <span class='ocrx_word' id='word_1_130' title='bbox 2884 572 3181 635; x_wconf 79' lang='lat' dir='ltr'><strong>ecclesiam</strong></span> <span class='ocrx_word' id='word_1_131' title='bbox 3206 583 3261 629; x_wconf 88' lang='lat' dir='ltr'><strong>et</strong></span> <span class='ocrx_word' id='word_1_132' title='bbox 3284 589 3607 632; x_wconf 85' lang='lat' dir='ltr'><strong>consecrare</strong></span> 
     </span>
    </p>
   </div>
   <div class='ocr_carea' id='block_1_22' title="bbox 2027 659 3608 740">
    <p class='ocr_par' dir='ltr' id='par_1_22' title="bbox 2027 659 3608 740">
     <span class='ocr_line' id='line_1_22' title="bbox 2027 659 3608 740; baseline 0.011 -29"><span class='ocrx_word' id='word_1_133' title='bbox 2027 659 2391 723; x_wconf 73' lang='lat' dir='ltr'><strong>sacerdotem.</strong></span> <span class='ocrx_word' id='word_1_134' title='bbox 2453 661 2699 718; x_wconf 86' lang='lat' dir='ltr'><strong>futurum</strong></span> <span class='ocrx_word' id='word_1_135' title='bbox 2745 664 2794 718; x_wconf 89' lang='lat' dir='ltr'><strong>ei</strong></span> <span class='ocrx_word' id='word_1_136' title='bbox 2846 680 2942 721; x_wconf 79' lang='lat' dir='ltr'><strong>vas</strong></span> <span class='ocrx_word' id='word_1_137' title='bbox 2990 667 3274 723; x_wconf 89' lang='lat' dir='ltr'><strong>electionis</strong></span> <span class='ocrx_word' id='word_1_138' title='bbox 3334 671 3608 740; x_wconf 84' lang='lat' dir='ltr'><strong>quomodo</strong></span> 
     </span>
    </p>
   </div>
   <div class='ocr_carea' id='block_1_23' title="bbox 2025 742 3604 825">
    <p class='ocr_par' dir='ltr' id='par_1_23' title="bbox 2025 742 3604 825">
     <span class='ocr_line' id='line_1_23' title="bbox 2025 742 3604 825; baseline 0.01 -24"><span class='ocrx_word' id='word_1_139' title='bbox 2025 747 2231 804; x_wconf 80' lang='lat' dir='ltr'><strong>Paulus</strong></span> <span class='ocrx_word' id='word_1_140' title='bbox 2263 751 2307 816; x_wconf 93' lang='lat'><strong>&quot;,</strong></span> <span class='ocrx_word' id='word_1_141' title='bbox 2368 761 2422 806; x_wconf 88' lang='lat' dir='ltr'><strong>et</strong></span> <span class='ocrx_word' id='word_1_142' title='bbox 2477 754 2646 808; x_wconf 88' lang='lat' dir='ltr'><strong>verbo</strong></span> <span class='ocrx_word' id='word_1_143' title='bbox 2699 742 3239 825; x_wconf 20' lang='lat' dir='ltr'><strong>comprehensurum&#39;</strong></span> <span class='ocrx_word' id='word_1_144' title='bbox 3286 761 3604 817; x_wconf 83' lang='lat' dir='ltr'><strong>universum</strong></span> 
     </span>
    </p>
   </div>
   <div class='ocr_carea' id='block_1_24' title="bbox 2024 831 3606 926">
    <p class='ocr_par' dir='ltr' id='par_1_24' title="bbox 2024 831 3606 926">
     <span class='ocr_line' id='line_1_24' title="bbox 2024 831 3606 926; baseline 0.008 -28"><span class='ocrx_word' id='word_1_145' title='bbox 2024 842 2211 904; x_wconf 83' lang='lat' dir='ltr'><strong>orbem</strong></span> <span class='ocrx_word' id='word_1_146' title='bbox 2246 852 2423 899; x_wconf 70' lang='lat' dir='ltr'><strong>terrm.</strong></span> <span class='ocrx_word' id='word_1_147' title='bbox 2453 844 2653 901; x_wconf 88' lang='lat' dir='ltr'><strong>Eadem</strong></span> <span class='ocrx_word' id='word_1_148' title='bbox 2677 831 2859 902; x_wconf 69' lang='lat' dir='ltr'><strong>autem</strong></span> <span class='ocrx_word' id='word_1_149' title='bbox 2887 850 3016 905; x_wconf 84' lang='lat' dir='ltr'><strong>hora</strong></span> <span class='ocrx_word' id='word_1_150' title='bbox 3065 851 3130 905; x_wconf 85' lang='lat' dir='ltr'><strong>ad</strong></span> <span class='ocrx_word' id='word_1_151' title='bbox 3155 851 3438 910; x_wconf 69' lang='lat' dir='ltr'><strong>Joannem</strong></span> <span class='ocrx_word' id='word_1_152' title='bbox 3471 871 3606 926; x_wconf 81' lang='lat' dir='ltr'><strong>quo-</strong></span> 
     </span>
    </p>
   </div>
   <div class='ocr_carea' id='block_1_25' title="bbox 2024 937 3605 1016">
    <p class='ocr_par' dir='ltr' id='par_1_25' title="bbox 2024 937 3605 1016">
     <span class='ocr_line' id='line_1_25' title="bbox 2024 937 3605 1016; baseline 0.008 -24"><span class='ocrx_word' id='word_1_153' title='bbox 2024 953 2131 1008; x_wconf 92' lang='lat' dir='ltr'><strong>que</strong></span> <span class='ocrx_word' id='word_1_154' title='bbox 2162 937 2331 993; x_wconf 73' lang='lat' dir='ltr'><strong>venit’</strong></span> <span class='ocrx_word' id='word_1_155' title='bbox 2376 939 2573 994; x_wconf 84' lang='lat' dir='ltr'><strong>similis</strong></span> <span class='ocrx_word' id='word_1_156' title='bbox 2632 941 2793 996; x_wconf 86' lang='lat' dir='ltr'><strong>visio.</strong></span> <span class='ocrx_word' id='word_1_157' title='bbox 2846 940 2981 997; x_wconf 82' lang='lat' dir='ltr'><strong>Nam</strong></span> <span class='ocrx_word' id='word_1_158' title='bbox 3037 943 3115 998; x_wconf 82' lang='lat' dir='ltr'><strong>illi</strong></span> <span class='ocrx_word' id='word_1_159' title='bbox 3165 946 3382 1016; x_wconf 81' lang='lat' dir='ltr'><strong>quoque</strong></span> <span class='ocrx_word' id='word_1_160' title='bbox 3425 950 3605 1004; x_wconf 85' lang='lat' dir='ltr'><strong>oranti</strong></span> 
     </span>
    </p>
   </div>
   <div class='ocr_carea' id='block_1_26' title="bbox 2025 1030 3605 1114">
    <p class='ocr_par' dir='ltr' id='par_1_26' title="bbox 2025 1030 3605 1114">
     <span class='ocr_line' id='line_1_26' title="bbox 2025 1030 3605 1114; baseline 0.009 -31"><span class='ocrx_word' id='word_1_161' title='bbox 2025 1041 2211 1086; x_wconf 90' lang='lat' dir='ltr'><strong>astans</strong></span> <span class='ocrx_word' id='word_1_162' title='bbox 2245 1030 2470 1102; x_wconf 83' lang='lat' dir='ltr'><strong>angelus</strong></span> <span class='ocrx_word' id='word_1_163' title='bbox 2496 1047 2621 1087; x_wconf 89' lang='lat' dir='ltr'><strong>cum</strong></span> <span class='ocrx_word' id='word_1_164' title='bbox 2653 1049 2845 1105; x_wconf 83' lang='lat' dir='ltr'><strong>magna</strong></span> <span class='ocrx_word' id='word_1_165' title='bbox 2875 1035 3046 1107; x_wconf 76' lang='lat' dir='ltr'><strong>gloria</strong></span> <span class='ocrx_word' id='word_1_166' title='bbox 3095 1046 3150 1092; x_wconf 90' lang='lat' dir='ltr'><strong>et</strong></span> <span class='ocrx_word' id='word_1_167' title='bbox 3180 1040 3490 1107; x_wconf 84' lang='lat' dir='ltr'><strong>splendore,</strong></span> <span class='ocrx_word' id='word_1_168' title='bbox 3513 1044 3605 1114; x_wconf 81' lang='lat' dir='ltr'><strong>ju-</strong></span> 
     </span>
    </p>
   </div>
   <div class='ocr_carea' id='block_1_27' title="bbox 2024 1122 3604 1197">
    <p class='ocr_par' dir='ltr' id='par_1_27' title="bbox 2024 1122 3604 1197">
     <span class='ocr_line' id='line_1_27' title="bbox 2024 1122 3604 1197; baseline 0.006 -20"><span class='ocrx_word' id='word_1_169' title='bbox 2024 1122 2116 1177; x_wconf 91' lang='lat' dir='ltr'><strong>bet</strong></span> <span class='ocrx_word' id='word_1_170' title='bbox 2144 1130 2331 1192; x_wconf 88' lang='lat' dir='ltr'><strong>aperte</strong></span> <span class='ocrx_word' id='word_1_171' title='bbox 2374 1122 2690 1179; x_wconf 81' lang='lat' dir='ltr'><strong>Flavianum</strong></span> <span class='ocrx_word' id='word_1_172' title='bbox 2736 1128 2980 1197; x_wconf 89' lang='lat' dir='ltr'><strong>sequiad</strong></span> <span class='ocrx_word' id='word_1_173' title='bbox 3031 1129 3341 1196; x_wconf 74' lang='lat' dir='ltr'><strong>ecclesiam,</strong></span> <span class='ocrx_word' id='word_1_174' title='bbox 3381 1142 3436 1188; x_wconf 92' lang='lat' dir='ltr'><strong>et</strong></span> <span class='ocrx_word' id='word_1_175' title='bbox 3456 1136 3604 1189; x_wconf 57' lang='lat' dir='ltr'><strong>accir</strong></span> 
     </span>
    </p>
   </div>
   <div class='ocr_carea' id='block_1_28' title="bbox 2026 1213 3605 1288">
    <p class='ocr_par' dir='ltr' id='par_1_28' title="bbox 2026 1213 3605 1288">
     <span class='ocr_line' id='line_1_28' title="bbox 2026 1213 3605 1288; baseline 0.008 -20"><span class='ocrx_word' id='word_1_176' title='bbox 2026 1228 2152 1282; x_wconf 82' lang='lat' dir='ltr'><strong>pere</strong></span> <span class='ocrx_word' id='word_1_177' title='bbox 2178 1213 2423 1271; x_wconf 85' lang='lat' dir='ltr'><strong>ordinem</strong></span> <span class='ocrx_word' id='word_1_178' title='bbox 2466 1217 2900 1288; x_wconf 77' lang='lat' dir='ltr'><strong>presbyteratus.</strong></span> <span class='ocrx_word' id='word_1_179' title='bbox 2932 1217 3025 1275; x_wconf 85' lang='lat' dir='ltr'><strong>Ille</strong></span> <span class='ocrx_word' id='word_1_180' title='bbox 3069 1230 3252 1277; x_wconf 87' lang='lat' dir='ltr'><strong>autem</strong></span> <span class='ocrx_word' id='word_1_181' title='bbox 3308 1239 3431 1278; x_wconf 88' lang='lat' dir='ltr'><strong>cum</strong></span> <span class='ocrx_word' id='word_1_182' title='bbox 3495 1241 3605 1280; x_wconf 89' lang='lat' dir='ltr'><strong>non</strong></span> 
     </span>
    </p>
   </div>
   <div class='ocr_carea' id='block_1_29' title="bbox 2024 1304 3606 1375">
    <p class='ocr_par' dir='ltr' id='par_1_29' title="bbox 2024 1304 3606 1375">
     <span class='ocr_line' id='line_1_29' title="bbox 2024 1304 3606 1375; baseline 0.009 -18"><span class='ocrx_word' id='word_1_183' title='bbox 2024 1304 2337 1375; x_wconf 29' lang='lat' dir='ltr'><strong>ignorasset.</strong></span> <span class='ocrx_word' id='word_1_184' title='bbox 2380 1306 2599 1375; x_wconf 86' lang='lat' dir='ltr'><strong>quidem</strong></span> <span class='ocrx_word' id='word_1_185' title='bbox 2632 1307 2897 1364; x_wconf 82' lang='lat' dir='ltr'><strong>visionem</strong></span> <span class='ocrx_word' id='word_1_186' title='bbox 2933 1326 3054 1365; x_wconf 89' lang='lat' dir='ltr'><strong>esse</strong></span> <span class='ocrx_word' id='word_1_187' title='bbox 3089 1312 3348 1374; x_wconf 85' lang='lat' dir='ltr'><strong>divinam,</strong></span> <span class='ocrx_word' id='word_1_188' title='bbox 3382 1312 3606 1372; x_wconf 78' lang='lat' dir='ltr'><strong>revere-</strong></span> 
     </span>
    </p>
   </div>
   <div class='ocr_carea' id='block_1_30' title="bbox 1962 1397 3603 1475">
    <p class='ocr_par' dir='ltr' id='par_1_30' title="bbox 1962 1397 3603 1475">
     <span class='ocr_line' id='line_1_30' title="bbox 1962 1397 3603 1475; baseline 0.005 -24"><span class='ocrx_word' id='word_1_189' title='bbox 1962 1446 1965 1451; x_wconf 89' lang='lat'><strong>.</strong></span> <span class='ocrx_word' id='word_1_190' title='bbox 2025 1405 2176 1452; x_wconf 88' lang='lat' dir='ltr'><strong>retur</strong></span> <span class='ocrx_word' id='word_1_191' title='bbox 2219 1406 2400 1452; x_wconf 84' lang='lat' dir='ltr'><strong>autem</strong></span> <span class='ocrx_word' id='word_1_192' title='bbox 2457 1397 2661 1469; x_wconf 89' lang='lat' dir='ltr'><strong>alioqui</strong></span> <span class='ocrx_word' id='word_1_193' title='bbox 2693 1410 2749 1454; x_wconf 89' lang='lat' dir='ltr'><strong>et</strong></span> <span class='ocrx_word' id='word_1_194' title='bbox 2800 1400 3074 1456; x_wconf 89' lang='lat' dir='ltr'><strong>dubitaret</strong></span> <span class='ocrx_word' id='word_1_195' title='bbox 3120 1402 3319 1469; x_wconf 84' lang='lat' dir='ltr'><strong>facere,</strong></span> <span class='ocrx_word' id='word_1_196' title='bbox 3365 1406 3511 1475; x_wconf 86' lang='lat' dir='ltr'><strong>quod</strong></span> <span class='ocrx_word' id='word_1_197' title='bbox 3554 1407 3603 1460; x_wconf 90' lang='lat' dir='ltr'><strong>ei</strong></span> 
     </span>
    </p>
   </div>
   <div class='ocr_carea' id='block_1_31' title="bbox 2024 1484 3604 1562">
    <p class='ocr_par' dir='ltr' id='par_1_31' title="bbox 2024 1484 3604 1562">
     <span class='ocr_line' id='line_1_31' title="bbox 2024 1484 3604 1562; baseline 0.008 -23"><span class='ocrx_word' id='word_1_198' title='bbox 2024 1486 2201 1541; x_wconf 79' lang='lat' dir='ltr'><strong>fuerat</strong></span> <span class='ocrx_word' id='word_1_199' title='bbox 2280 1487 2611 1558; x_wconf 88' lang='lat' dir='ltr'><strong>imperatum</strong></span> <span class='ocrx_word' id='word_1_200' title='bbox 2694 1501 2916 1562; x_wconf 86' lang='lat' dir='ltr'><strong>propter</strong></span> <span class='ocrx_word' id='word_1_201' title='bbox 2979 1484 3432 1559; x_wconf 80' lang='lat' dir='ltr'><strong>moderationem,</strong></span> <span class='ocrx_word' id='word_1_202' title='bbox 3521 1499 3604 1551; x_wconf 87' lang='lat' dir='ltr'><strong>di-</strong></span> 
     </span>
    </p>
   </div>
   <div class='ocr_carea' id='block_1_32' title="bbox 2022 1578 3607 1652">
    <p class='ocr_par' dir='ltr' id='par_1_32' title="bbox 2022 1578 3607 1652">
     <span class='ocr_line' id='line_1_32' title="bbox 2022 1578 3607 1652; baseline 0.006 -21"><span class='ocrx_word' id='word_1_203' title='bbox 2022 1578 2164 1632; x_wconf 90' lang='lat' dir='ltr'><strong>citur</strong></span> <span class='ocrx_word' id='word_1_204' title='bbox 2242 1594 2431 1634; x_wconf 90' lang='lat' dir='ltr'><strong>vocem</strong></span> <span class='ocrx_word' id='word_1_205' title='bbox 2511 1580 2783 1637; x_wconf 85' lang='lat' dir='ltr'><strong>audivisse</strong></span> <span class='ocrx_word' id='word_1_206' title='bbox 2848 1583 3218 1642; x_wconf 88' lang='lat' dir='ltr'><strong>diviniorem:</strong></span> <span class='ocrx_word' id='word_1_207' title='bbox 3280 1584 3410 1652; x_wconf 67' lang='grc' dir='ltr'><strong>ριν</strong></span> <span class='ocrx_word' id='word_1_208' title='bbox 3462 1588 3607 1643; x_wconf 80' lang='lat' dir='ltr'><strong>Deus</strong></span> 
     </span>
    </p>
   </div>
   <div class='ocr_carea' id='block_1_33' title="bbox 2021 1671 3605 1749">
    <p class='ocr_par' dir='ltr' id='par_1_33' title="bbox 2021 1671 3605 1749">
     <span class='ocr_line' id='line_1_33' title="bbox 2021 1671 3605 1749; baseline 0.006 -25"><span class='ocrx_word' id='word_1_209' title='bbox 2021 1671 2231 1737; x_wconf 79' lang='lat' dir='ltr'><strong>statuit,</strong></span> <span class='ocrx_word' id='word_1_210' title='bbox 2308 1673 2433 1742; x_wconf 88' lang='lat' dir='ltr'><strong>quis</strong></span> <span class='ocrx_word' id='word_1_211' title='bbox 2485 1675 2685 1743; x_wconf 89' lang='lat' dir='ltr'><strong>poterit</strong></span> <span class='ocrx_word' id='word_1_212' title='bbox 2746 1675 2965 1730; x_wconf 78' lang='lat' dir='ltr'><strong>vitare?</strong></span> <span class='ocrx_word' id='word_1_213' title='bbox 3003 1675 3154 1746; x_wconf 47' lang='lat' dir='ltr'><strong>.Cum</strong></span> <span class='ocrx_word' id='word_1_214' title='bbox 3224 1678 3304 1733; x_wconf 79' lang='lat' dir='ltr'><strong>sic</strong></span> <span class='ocrx_word' id='word_1_215' title='bbox 3381 1694 3605 1749; x_wconf 87' lang='lat' dir='ltr'><strong>respon-</strong></span> 
     </span>
    </p>
   </div>
   <div class='ocr_carea' id='block_1_34' title="bbox 2021 1765 3604 1835">
    <p class='ocr_par' dir='ltr' id='par_1_34' title="bbox 2021 1765 3604 1835">
     <span class='ocr_line' id='line_1_34' title="bbox 2021 1765 3604 1835; baseline 0.006 -18"><span class='ocrx_word' id='word_1_216' title='bbox 2021 1778 2141 1818; x_wconf 86' lang='lat' dir='ltr'><strong>sum</strong></span> <span class='ocrx_word' id='word_1_217' title='bbox 2207 1765 2509 1835; x_wconf 83' lang='lat' dir='ltr'><strong>accepisset</strong></span> <span class='ocrx_word' id='word_1_218' title='bbox 2568 1767 2782 1832; x_wconf 88' lang='lat' dir='ltr'><strong>beatus,</strong></span> <span class='ocrx_word' id='word_1_219' title='bbox 2861 1778 2916 1825; x_wconf 91' lang='lat' dir='ltr'><strong>et</strong></span> <span class='ocrx_word' id='word_1_220' title='bbox 3004 1771 3165 1826; x_wconf 76' lang='lat' dir='ltr'><strong>simul</strong></span> <span class='ocrx_word' id='word_1_221' title='bbox 3246 1770 3604 1827; x_wconf 71' lang='lat' dir='ltr'><strong>intellexiSset</strong></span> 
     </span>
    </p>
   </div>
   <div class='ocr_carea' id='block_1_35' title="bbox 328 1844 1912 1933">
    <p class='ocr_par' dir='ltr' id='par_1_35' title="bbox 328 1849 1908 1925">
     <span class='ocr_line' id='line_1_35' title="bbox 328 1849 1908 1925; baseline 0.003 -22"><span class='ocrx_word' id='word_1_222' title='bbox 328 1854 429 1903; x_wconf 83' lang='grc' dir='ltr'><strong>καὶ</strong></span> <span class='ocrx_word' id='word_1_223' title='bbox 489 1849 851 1921; x_wconf 80' lang='grc' dir='ltr'><strong>λογισάμενος</strong></span> <span class='ocrx_word' id='word_1_224' title='bbox 932 1850 1281 1922; x_wconf 81' lang='grc' dir='ltr'><strong>εὐγνώμονος</strong></span> <span class='ocrx_word' id='word_1_225' title='bbox 1336 1849 1478 1906; x_wconf 83' lang='grc' dir='ltr'><strong>εἶναι</strong></span> <span class='ocrx_word' id='word_1_226' title='bbox 1534 1852 1867 1925; x_wconf 82' lang='grc' dir='ltr'><strong>θεράποντος</strong></span> <span class='ocrx_word' id='word_1_227' title='bbox 1894 1894 1908 1919; x_wconf 92' lang='grc'><strong>,</strong></span> 
     </span>
    </p>
   </div>
   <div class='ocr_carea' id='block_1_36' title="bbox 2012 1844 3603 1933">
    <p class='ocr_par' dir='ltr' id='par_1_36' title="bbox 2017 1853 3603 1933">
     <span class='ocr_line' id='line_1_36' title="bbox 2017 1853 3603 1933; baseline 0.008 -28"><span class='ocrx_word' id='word_1_228' title='bbox 2017 1867 2141 1907; x_wconf 79' lang='lat' dir='ltr'><strong>esse</strong></span> <span class='ocrx_word' id='word_1_229' title='bbox 2174 1853 2311 1923; x_wconf 79' lang='lat' dir='ltr'><strong>grati</strong></span> <span class='ocrx_word' id='word_1_230' title='bbox 2342 1864 2397 1908; x_wconf 90' lang='lat' dir='ltr'><strong>et</strong></span> <span class='ocrx_word' id='word_1_231' title='bbox 2424 1854 2704 1923; x_wconf 89' lang='lat' dir='ltr'><strong>prudentis</strong></span> <span class='ocrx_word' id='word_1_232' title='bbox 2738 1857 2951 1921; x_wconf 84' lang='lat' dir='ltr'><strong>famuli,</strong></span> <span class='ocrx_word' id='word_1_233' title='bbox 2990 1876 3098 1915; x_wconf 89' lang='lat' dir='ltr'><strong>non</strong></span> <span class='ocrx_word' id='word_1_234' title='bbox 3141 1877 3444 1933; x_wconf 82' lang='lat' dir='ltr'><strong>repugnare</strong></span> <span class='ocrx_word' id='word_1_235' title='bbox 3500 1864 3603 1917; x_wconf 86' lang='lat' dir='ltr'><strong>Do-</strong></span> 
     </span>
    </p>
   </div>
   <div class='ocr_carea' id='block_1_37' title="bbox 329 1944 1912 2020">
    <p class='ocr_par' dir='ltr' id='par_1_37' title="bbox 329 1944 1912 2020">
     <span class='ocr_line' id='line_1_37' title="bbox 329 1944 1912 2020; baseline 0.001 -19"><span class='ocrx_word' id='word_1_236' title='bbox 329 1947 605 2001; x_wconf 85' lang='grc' dir='ltr'><strong>Δεσπότου</strong></span> <span class='ocrx_word' id='word_1_237' title='bbox 660 1947 854 2019; x_wconf 81' lang='grc' dir='ltr'><strong>γνώμῃ</strong></span> <span class='ocrx_word' id='word_1_238' title='bbox 880 1947 956 2019; x_wconf 79' lang='grc' dir='ltr'><strong>μὴ</strong></span> <span class='ocrx_word' id='word_1_239' title='bbox 1000 1948 1325 2018; x_wconf 83' lang='grc' dir='ltr'><strong>ἀντιλέγειν,</strong></span> <span class='ocrx_word' id='word_1_240' title='bbox 1365 1944 1755 2020; x_wconf 77' lang='grc' dir='ltr'><strong>προσκαλεῖται</strong></span> <span class='ocrx_word' id='word_1_241' title='bbox 1785 1951 1912 2014; x_wconf 80' lang='grc' dir='ltr'><strong>τοὺς</strong></span> 
     </span>
    </p>
   </div>
   <div class='ocr_carea' id='block_1_38' title="bbox 334 2042 1913 2114">
    <p class='ocr_par' dir='ltr' id='par_1_38' title="bbox 334 2042 1913 2114">
     <span class='ocr_line' id='line_1_38' title="bbox 334 2042 1913 2114; baseline 0.001 -20"><span class='ocrx_word' id='word_1_242' title='bbox 334 2042 627 2113; x_wconf 79' lang='grc' dir='ltr'><strong>μοναχοὺς,</strong></span> <span class='ocrx_word' id='word_1_243' title='bbox 674 2043 770 2095; x_wconf 73' lang='grc' dir='ltr'><strong>καὶ</strong></span> <span class='ocrx_word' id='word_1_244' title='bbox 841 2043 991 2106; x_wconf 83' lang='grc' dir='ltr'><strong>ὅπως</strong></span> <span class='ocrx_word' id='word_1_245' title='bbox 1046 2042 1229 2095; x_wconf 78' lang='grc' dir='ltr'><strong>αὐτῶν</strong></span> <span class='ocrx_word' id='word_1_246' title='bbox 1277 2043 1462 2112; x_wconf 83' lang='grc' dir='ltr'><strong>μέλλοι</strong></span> <span class='ocrx_word' id='word_1_247' title='bbox 1491 2042 1913 2114; x_wconf 77' lang='grc' dir='ltr'><strong>διαχωρίζεσθαι</strong></span> 
     </span>
    </p>
   </div>
   <div class='ocr_carea' id='block_1_39' title="bbox 329 2116 1911 2207">
    <p class='ocr_par' dir='ltr' id='par_1_39' title="bbox 329 2116 1911 2207">
     <span class='ocr_line' id='line_1_39' title="bbox 329 2116 1911 2207; baseline 0 -18"><span class='ocrx_word' id='word_1_248' title='bbox 329 2134 707 2203; x_wconf 79' lang='grc' dir='ltr'><strong>καταγγέλλει.</strong></span> <span class='ocrx_word' id='word_1_249' title='bbox 732 2116 869 2197; x_wconf 83' lang='grc' dir='ltr'><strong>Τοὺς</strong></span> <span class='ocrx_word' id='word_1_250' title='bbox 898 2134 958 2188; x_wconf 84' lang='grc' dir='ltr'><strong>δὲ</strong></span> <span class='ocrx_word' id='word_1_251' title='bbox 984 2132 1131 2205; x_wconf 83' lang='grc' dir='ltr'><strong>λύπῃ</strong></span> <span class='ocrx_word' id='word_1_252' title='bbox 1144 2137 1240 2189; x_wconf 76' lang='grc' dir='ltr'><strong>καὶ</strong></span> <span class='ocrx_word' id='word_1_253' title='bbox 1270 2136 1481 2206; x_wconf 79' lang='grc' dir='ltr'><strong>ἀθυμίᾳ</strong></span> <span class='ocrx_word' id='word_1_254' title='bbox 1506 2125 1911 2207; x_wconf 78' lang='grc' dir='ltr'><strong>συνεχομένους</strong></span> 
     </span>
    </p>
   </div>
   <div class='ocr_carea' id='block_1_40' title="bbox 326 2227 1908 2301">
    <p class='ocr_par' dir='ltr' id='par_1_40' title="bbox 326 2227 1908 2301">
     <span class='ocr_line' id='line_1_40' title="bbox 326 2227 1908 2301; baseline 0.003 -21"><span class='ocrx_word' id='word_1_255' title='bbox 326 2227 508 2296; x_wconf 73' lang='grc' dir='ltr'><strong>λόγοις</strong></span> <span class='ocrx_word' id='word_1_256' title='bbox 532 2245 594 2282; x_wconf 89' lang='grc' dir='ltr'><strong>τε</strong></span> <span class='ocrx_word' id='word_1_257' title='bbox 632 2227 958 2298; x_wconf 78' lang='grc' dir='ltr'><strong>παρεκάλει,</strong></span> <span class='ocrx_word' id='word_1_258' title='bbox 1016 2228 1115 2283; x_wconf 78' lang='grc' dir='ltr'><strong>καὶ</strong></span> <span class='ocrx_word' id='word_1_259' title='bbox 1164 2229 1368 2300; x_wconf 75' lang='grc' dir='ltr'><strong>τρόπον</strong></span> <span class='ocrx_word' id='word_1_260' title='bbox 1419 2228 1543 2283; x_wconf 85' lang='grc' dir='ltr'><strong>τινά</strong></span> <span class='ocrx_word' id='word_1_261' title='bbox 1568 2229 1908 2301; x_wconf 80' lang='grc' dir='ltr'><strong>θεραπεύων,</strong></span> 
     </span>
    </p>
   </div>
   <div class='ocr_carea' id='block_1_41' title="bbox 330 2320 1908 2393">
    <p class='ocr_par' dir='ltr' id='par_1_41' title="bbox 330 2320 1908 2393">
     <span class='ocr_line' id='line_1_41' title="bbox 330 2320 1908 2393; baseline 0.001 -19"><span class='ocrx_word' id='word_1_262' title='bbox 330 2321 570 2391; x_wconf 86' lang='grc' dir='ltr'><strong>μάλιστα</strong></span> <span class='ocrx_word' id='word_1_263' title='bbox 594 2320 653 2374; x_wconf 83' lang='grc' dir='ltr'><strong>δέ</strong></span> <span class='ocrx_word' id='word_1_264' title='bbox 683 2320 778 2375; x_wconf 73' lang='grc' dir='ltr'><strong>καὶ</strong></span> <span class='ocrx_word' id='word_1_265' title='bbox 806 2321 899 2374; x_wconf 84' lang='grc' dir='ltr'><strong>τοῦ</strong></span> <span class='ocrx_word' id='word_1_266' title='bbox 931 2322 1206 2392; x_wconf 84' lang='grc' dir='ltr'><strong>χρησίμου</strong></span> <span class='ocrx_word' id='word_1_267' title='bbox 1231 2320 1442 2385; x_wconf 75' lang='grc' dir='ltr'><strong>τούτοις</strong></span> <span class='ocrx_word' id='word_1_268' title='bbox 1459 2322 1908 2393; x_wconf 74' lang='grc' dir='ltr'><strong>ἐπιμελούμενος,</strong></span> 
     </span>
    </p>
   </div>
   <div class='ocr_carea' id='block_1_42' title="bbox 325 2408 1961 2480">
    <p class='ocr_par' dir='ltr' id='par_1_42' title="bbox 325 2408 1961 2480">
     <span class='ocr_line' id='line_1_42' title="bbox 325 2408 1961 2480; baseline -0.001 -17"><span class='ocrx_word' id='word_1_269' title='bbox 325 2411 420 2464; x_wconf 87' lang='grc' dir='ltr'><strong>δύο</strong></span> <span class='ocrx_word' id='word_1_270' title='bbox 468 2411 579 2465; x_wconf 83' lang='grc' dir='ltr'><strong>τῶν</strong></span> <span class='ocrx_word' id='word_1_271' title='bbox 628 2411 849 2464; x_wconf 88' lang='grc' dir='ltr'><strong>πάντων</strong></span> <span class='ocrx_word' id='word_1_272' title='bbox 886 2409 1269 2480; x_wconf 78' lang='grc' dir='ltr'><strong>ἐκλεξάμενος,</strong></span> <span class='ocrx_word' id='word_1_273' title='bbox 1301 2408 1351 2462; x_wconf 83' lang='grc' dir='ltr'><strong>οἳ</strong></span> <span class='ocrx_word' id='word_1_274' title='bbox 1385 2408 1485 2479; x_wconf 84' lang='grc' dir='ltr'><strong>βίῳ</strong></span> <span class='ocrx_word' id='word_1_275' title='bbox 1522 2425 1581 2462; x_wconf 91' lang='grc' dir='ltr'><strong>τε</strong></span> <span class='ocrx_word' id='word_1_276' title='bbox 1616 2409 1712 2471; x_wconf 72' lang='grc' dir='ltr'><strong>καὶ</strong></span> <span class='ocrx_word' id='word_1_277' title='bbox 1768 2408 1913 2478; x_wconf 83' lang='grc' dir='ltr'><strong>λόγῳ</strong></span> <span class='ocrx_word' id='word_1_278' title='bbox 1955 2455 1961 2461; x_wconf 93' lang='grc'><strong>.</strong></span> 
     </span>
    </p>
   </div>
   <div class='ocr_carea' id='block_1_43' title="bbox 323 2502 1913 2577">
    <p class='ocr_par' dir='ltr' id='par_1_43' title="bbox 323 2502 1913 2577">
     <span class='ocr_line' id='line_1_43' title="bbox 323 2502 1913 2577; baseline -0.001 -19"><span class='ocrx_word' id='word_1_279' title='bbox 323 2504 439 2559; x_wconf 88' lang='grc' dir='ltr'><strong>τῶν</strong></span> <span class='ocrx_word' id='word_1_280' title='bbox 476 2504 654 2558; x_wconf 78' lang='grc' dir='ltr'><strong>ἄλλων</strong></span> <span class='ocrx_word' id='word_1_281' title='bbox 698 2505 975 2577; x_wconf 83' lang='grc' dir='ltr'><strong>προεῖχον,</strong></span> <span class='ocrx_word' id='word_1_282' title='bbox 1007 2503 1109 2574; x_wconf 83' lang='grc' dir='ltr'><strong>τὴν</strong></span> <span class='ocrx_word' id='word_1_283' title='bbox 1144 2502 1486 2574; x_wconf 81' lang='grc' dir='ltr'><strong>προστασίαν</strong></span> <span class='ocrx_word' id='word_1_284' title='bbox 1522 2502 1635 2556; x_wconf 84' lang='grc' dir='ltr'><strong>τῶν</strong></span> <span class='ocrx_word' id='word_1_285' title='bbox 1667 2502 1913 2572; x_wconf 79' lang='grc' dir='ltr'><strong>ἀδελφῶν</strong></span> 
     </span>
    </p>
   </div>
   <div class='ocr_carea' id='block_1_44' title="bbox 325 2588 1911 2664">
    <p class='ocr_par' dir='ltr' id='par_1_44' title="bbox 325 2588 1911 2664">
     <span class='ocr_line' id='line_1_44' title="bbox 325 2588 1911 2664; baseline 0 -16"><span class='ocrx_word' id='word_1_286' title='bbox 325 2596 634 2664; x_wconf 73' lang='grc' dir='ltr'><strong>ἐπιτρέπει.</strong></span> <span class='ocrx_word' id='word_1_287' title='bbox 691 2596 781 2650; x_wconf 88' lang='grc' dir='ltr'>Ἐν</span> <span class='ocrx_word' id='word_1_288' title='bbox 817 2588 861 2664; x_wconf 81' lang='grc' dir='ltr'>ᾧ</span> <span class='ocrx_word' id='word_1_289' title='bbox 883 2595 941 2649; x_wconf 81' lang='grc' dir='ltr'><strong>δέ</strong></span> <span class='ocrx_word' id='word_1_290' title='bbox 966 2594 1144 2649; x_wconf 81' lang='grc' dir='ltr'><strong>ταῦτα</strong></span> <span class='ocrx_word' id='word_1_291' title='bbox 1168 2594 1404 2663; x_wconf 84' lang='grc' dir='ltr'><strong>ἐγίνετο,</strong></span> <span class='ocrx_word' id='word_1_292' title='bbox 1466 2594 1766 2659; x_wconf 65' lang='grc' dir='ltr'><strong>⁴ιιλαόιιινδς</strong></span> <span class='ocrx_word' id='word_1_293' title='bbox 1787 2596 1911 2649; x_wconf 86' lang='grc' dir='ltr'><strong>ἐπι-</strong></span> 
     </span>
    </p>
   </div>
   <div class='ocr_carea' id='block_1_45' title="bbox 330 2684 1908 2757">
    <p class='ocr_par' dir='ltr' id='par_1_45' title="bbox 330 2684 1908 2757">
     <span class='ocr_line' id='line_1_45' title="bbox 330 2684 1908 2757; baseline 0.002 -17"><span class='ocrx_word' id='word_1_294' title='bbox 330 2686 488 2750; x_wconf 82' lang='grc' dir='ltr'><strong>στὰς,</strong></span> <span class='ocrx_word' id='word_1_295' title='bbox 523 2687 618 2739; x_wconf 79' lang='grc' dir='ltr'><strong>καὶ</strong></span> <span class='ocrx_word' id='word_1_296' title='bbox 644 2684 721 2756; x_wconf 84' lang='grc' dir='ltr'><strong>τῷ</strong></span> <span class='ocrx_word' id='word_1_297' title='bbox 745 2686 1005 2757; x_wconf 78' lang='grc' dir='ltr'><strong>μακαρίῳ</strong></span> <span class='ocrx_word' id='word_1_298' title='bbox 1067 2684 1189 2755; x_wconf 81' lang='grc' dir='ltr'><strong>μεθ’</strong></span> <span class='ocrx_word' id='word_1_299' title='bbox 1236 2685 1435 2757; x_wconf 78' lang='grc' dir='ltr'><strong>ἡδονῆς</strong></span> <span class='ocrx_word' id='word_1_300' title='bbox 1479 2685 1908 2755; x_wconf 81' lang='grc' dir='ltr'><strong>συγγενόμενος,</strong></span> 
     </span>
    </p>
   </div>
   <div class='ocr_carea' id='block_1_46' title="bbox 342 2777 1910 2852">
    <p class='ocr_par' dir='ltr' id='par_1_46' title="bbox 342 2777 1910 2852">
     <span class='ocr_line' id='line_1_46' title="bbox 342 2777 1910 2852; baseline 0.001 -20"><span class='ocrx_word' id='word_1_301' title='bbox 342 2779 441 2832; x_wconf 82' lang='grc' dir='ltr'><strong>Ἐκ</strong></span> <span class='ocrx_word' id='word_1_302' title='bbox 477 2777 671 2833; x_wconf 84' lang='grc' dir='ltr'><strong>πολλοῦ</strong></span> <span class='ocrx_word' id='word_1_303' title='bbox 707 2780 826 2849; x_wconf 81' lang='grc' dir='ltr'><strong>μὲν,</strong></span> <span class='ocrx_word' id='word_1_304' title='bbox 868 2779 996 2850; x_wconf 81' lang='grc' dir='ltr'><strong>ἐφη,</strong></span> <span class='ocrx_word' id='word_1_305' title='bbox 1031 2781 1131 2851; x_wconf 76' lang='grc' dir='ltr'><strong>τῆς</strong></span> <span class='ocrx_word' id='word_1_306' title='bbox 1169 2782 1268 2852; x_wconf 85' lang='grc' dir='ltr'><strong>σῆς</strong></span> <span class='ocrx_word' id='word_1_307' title='bbox 1292 2779 1593 2851; x_wconf 76' lang='grc' dir='ltr'><strong>ἐτύγχανον</strong></span> <span class='ocrx_word' id='word_1_308' title='bbox 1623 2780 1910 2850; x_wconf 75' lang='grc' dir='ltr'><strong>ἐπιθυμῶν</strong></span> 
     </span>
    </p>
   </div>
   <div class='ocr_carea' id='block_1_47' title="bbox 326 2871 1945 2944">
    <p class='ocr_par' dir='ltr' id='par_1_47' title="bbox 326 2871 1945 2944">
     <span class='ocr_line' id='line_1_47' title="bbox 326 2871 1945 2944; baseline 0.001 -19"><span class='ocrx_word' id='word_1_309' title='bbox 326 2873 570 2941; x_wconf 84' lang='grc' dir='ltr'><strong>ὁμιλίας,</strong></span> <span class='ocrx_word' id='word_1_310' title='bbox 619 2873 900 2942; x_wconf 83' lang='grc' dir='ltr'><strong>σοφώτατε</strong></span> <span class='ocrx_word' id='word_1_311' title='bbox 958 2871 1266 2943; x_wconf 85' lang='grc' dir='ltr'><strong>ἀνθρώπων</strong></span> <span class='ocrx_word' id='word_1_312' title='bbox 1303 2874 1400 2927; x_wconf 75' lang='grc' dir='ltr'><strong>καὶ</strong></span> <span class='ocrx_word' id='word_1_313' title='bbox 1431 2874 1758 2943; x_wconf 84' lang='grc' dir='ltr'><strong>τιμιώτατε,</strong></span> <span class='ocrx_word' id='word_1_314' title='bbox 1792 2876 1908 2944; x_wconf 72' lang='lat' dir='ltr'><strong>sipo</strong></span> <span class='ocrx_word' id='word_1_315' title='bbox 1940 2906 1945 2911; x_wconf 66' lang='grc' dir='ltr'><strong>ι</strong></span> 
     </span>
    </p>
   </div>
   <div class='ocr_carea' id='block_1_48' title="bbox 324 2960 1908 3040">
    <p class='ocr_par' dir='ltr' id='par_1_48' title="bbox 324 2960 1908 3040">
     <span class='ocr_line' id='line_1_48' title="bbox 324 2960 1908 3040; baseline -0.001 -19"><span class='ocrx_word' id='word_1_316' title='bbox 324 2968 508 3039; x_wconf 87' lang='grc' dir='ltr'><strong>γόμην</strong></span> <span class='ocrx_word' id='word_1_317' title='bbox 533 2967 590 3020; x_wconf 88' lang='grc' dir='ltr'><strong>δέ</strong></span> <span class='ocrx_word' id='word_1_318' title='bbox 614 2968 693 3030; x_wconf 82' lang='grc' dir='ltr'><strong>είς</strong></span> <span class='ocrx_word' id='word_1_319' title='bbox 713 2966 811 3040; x_wconf 79' lang='grc' dir='ltr'><strong>τὴν</strong></span> <span class='ocrx_word' id='word_1_320' title='bbox 834 2960 1086 3040; x_wconf 82' lang='grc' dir='ltr'><strong>σήμερον</strong></span> <span class='ocrx_word' id='word_1_321' title='bbox 1107 2966 1594 3038; x_wconf 82' lang='grc' dir='ltr'><strong>ἐκκλησιαστικαῖς</strong></span> <span class='ocrx_word' id='word_1_322' title='bbox 1623 2968 1908 3039; x_wconf 85' lang='grc' dir='ltr'><strong>προσέχων</strong></span> 
     </span>
    </p>
   </div>
   <div class='ocr_carea' id='block_1_49' title="bbox 303 3057 1911 3132">
    <p class='ocr_par' dir='ltr' id='par_1_49' title="bbox 303 3057 1911 3132">
     <span class='ocr_line' id='line_1_49' title="bbox 303 3057 1911 3132; baseline -0.01 -16"><span class='ocrx_word' id='word_1_323' title='bbox 303 3057 607 3132; x_wconf 71' lang='grc' dir='ltr'><strong>’φροντίσιο</strong></span> <span class='ocrx_word' id='word_1_324' title='bbox 666 3060 761 3115; x_wconf 79' lang='grc' dir='ltr'><strong>νῦν</strong></span> <span class='ocrx_word' id='word_1_325' title='bbox 791 3060 847 3114; x_wconf 75' lang='grc' dir='ltr'><strong>δέ</strong></span> <span class='ocrx_word' id='word_1_326' title='bbox 887 3060 1066 3129; x_wconf 79' lang='grc' dir='ltr'><strong>(δόξαν</strong></span> <span class='ocrx_word' id='word_1_327' title='bbox 1120 3059 1263 3114; x_wconf 73' lang='grc' dir='ltr'><strong>οὕτω</strong></span> <span class='ocrx_word' id='word_1_328' title='bbox 1292 3057 1435 3130; x_wconf 83' lang='grc' dir='ltr'><strong>Θεῷ)</strong></span> <span class='ocrx_word' id='word_1_329' title='bbox 1492 3060 1629 3130; x_wconf 78' lang='grc' dir='ltr'><strong>πρὸς</strong></span> <span class='ocrx_word' id='word_1_330' title='bbox 1663 3059 1724 3113; x_wconf 83' lang='grc' dir='ltr'><strong>σὲ</strong></span> <span class='ocrx_word' id='word_1_331' title='bbox 1748 3060 1911 3129; x_wconf 80' lang='grc' dir='ltr'><strong>ἀφιγ-</strong></span> 
     </span>
    </p>
   </div>
   <div class='ocr_carea' id='block_1_50' title="bbox 330 3146 1907 3225">
    <p class='ocr_par' dir='ltr' id='par_1_50' title="bbox 330 3146 1907 3225">
     <span class='ocr_line' id='line_1_50' title="bbox 330 3146 1907 3225; baseline -0.001 -19"><span class='ocrx_word' id='word_1_332' title='bbox 330 3152 489 3224; x_wconf 90' lang='grc' dir='ltr'><strong>μεθα.</strong></span> <span class='ocrx_word' id='word_1_333' title='bbox 554 3146 691 3208; x_wconf 75' lang='grc' dir='ltr'><strong>Εἶτα</strong></span> <span class='ocrx_word' id='word_1_334' title='bbox 716 3154 813 3207; x_wconf 77' lang='grc' dir='ltr'><strong>καὶ</strong></span> <span class='ocrx_word' id='word_1_335' title='bbox 839 3152 1008 3225; x_wconf 87' lang='grc' dir='ltr'><strong>δήλην</strong></span> <span class='ocrx_word' id='word_1_336' title='bbox 1032 3152 1182 3223; x_wconf 83' lang='grc' dir='ltr'><strong>αὐτῷ</strong></span> <span class='ocrx_word' id='word_1_337' title='bbox 1206 3154 1305 3223; x_wconf 85' lang='grc' dir='ltr'><strong>τὴν</strong></span> <span class='ocrx_word' id='word_1_338' title='bbox 1332 3153 1485 3207; x_wconf 82' lang='grc' dir='ltr'><strong>θείαν</strong></span> <span class='ocrx_word' id='word_1_339' title='bbox 1526 3152 1650 3222; x_wconf 72' lang='grc' dir='ltr'><strong>ὄψιν</strong></span> <span class='ocrx_word' id='word_1_340' title='bbox 1675 3170 1907 3224; x_wconf 85' lang='grc' dir='ltr'><strong>πεποιη-</strong></span> 
     </span>
    </p>
   </div>
   <div class='ocr_carea' id='block_1_51' title="bbox 325 3240 1908 3317">
    <p class='ocr_par' dir='ltr' id='par_1_51' title="bbox 325 3240 1908 3317">
     <span class='ocr_line' id='line_1_51' title="bbox 325 3240 1908 3317; baseline 0 -18"><span class='ocrx_word' id='word_1_341' title='bbox 325 3245 505 3310; x_wconf 75' lang='grc' dir='ltr'><strong>κότος,</strong></span> <span class='ocrx_word' id='word_1_342' title='bbox 572 3240 805 3317; x_wconf 71' lang='grc' dir='ltr'><strong>ἐπείπερ</strong></span> <span class='ocrx_word' id='word_1_343' title='bbox 852 3245 1096 3314; x_wconf 79' lang='grc' dir='ltr'><strong>ἔγνωστο</strong></span> <span class='ocrx_word' id='word_1_344' title='bbox 1115 3244 1193 3315; x_wconf 87' lang='grc' dir='ltr'><strong>τῷ</strong></span> <span class='ocrx_word' id='word_1_345' title='bbox 1246 3246 1492 3317; x_wconf 83' lang='grc' dir='ltr'><strong>μεγάλῳ,</strong></span> <span class='ocrx_word' id='word_1_346' title='bbox 1520 3244 1657 3298; x_wconf 84' lang='grc' dir='ltr'><strong>Θεοῦ</strong></span> <span class='ocrx_word' id='word_1_347' title='bbox 1678 3245 1908 3313; x_wconf 87' lang='grc' dir='ltr'><strong>νεύματι</strong></span> 
     </span>
    </p>
   </div>
   <div class='ocr_carea' id='block_1_52' title="bbox 323 3334 1943 3407">
    <p class='ocr_par' dir='ltr' id='par_1_52' title="bbox 323 3334 1943 3407">
     <span class='ocr_line' id='line_1_52' title="bbox 323 3334 1943 3407; baseline 0.002 -19"><span class='ocrx_word' id='word_1_348' title='bbox 323 3338 387 3389; x_wconf 71' lang='grc' dir='ltr'><strong>τὸ</strong></span> <span class='ocrx_word' id='word_1_349' title='bbox 403 3336 666 3406; x_wconf 85' lang='grc' dir='ltr'><strong>παράπαν</strong></span> <span class='ocrx_word' id='word_1_350' title='bbox 684 3336 759 3407; x_wconf 82' lang='grc' dir='ltr'><strong>μὴ</strong></span> <span class='ocrx_word' id='word_1_351' title='bbox 785 3336 1109 3405; x_wconf 83' lang='grc' dir='ltr'><strong>ἀντιλέγειν,</strong></span> <span class='ocrx_word' id='word_1_352' title='bbox 1146 3334 1323 3399; x_wconf 78' lang='grc' dir='ltr'><strong>ἄλλως</strong></span> <span class='ocrx_word' id='word_1_353' title='bbox 1340 3353 1400 3388; x_wconf 86' lang='grc' dir='ltr'><strong>τε</strong></span> <span class='ocrx_word' id='word_1_354' title='bbox 1434 3336 1534 3407; x_wconf 86' lang='grc' dir='ltr'><strong>τῆς</strong></span> <span class='ocrx_word' id='word_1_355' title='bbox 1556 3336 1706 3399; x_wconf 86' lang='grc' dir='ltr'><strong>θείας</strong></span> <span class='ocrx_word' id='word_1_356' title='bbox 1728 3336 1907 3406; x_wconf 68' lang='grc' dir='ltr'><strong>ὅψεως</strong></span> <span class='ocrx_word' id='word_1_357' title='bbox 1932 3359 1943 3367; x_wconf 66' lang='grc' dir='ltr'><strong>ι</strong></span> 
     </span>
    </p>
   </div>
   <div class='ocr_carea' id='block_1_53' title="bbox 322 3427 1904 3502">
    <p class='ocr_par' dir='ltr' id='par_1_53' title="bbox 322 3427 1904 3502">
     <span class='ocr_line' id='line_1_53' title="bbox 322 3427 1904 3502; baseline 0.003 -20"><span class='ocrx_word' id='word_1_358' title='bbox 322 3427 392 3482; x_wconf 82' lang='grc' dir='ltr'><strong>δι’</strong></span> <span class='ocrx_word' id='word_1_359' title='bbox 427 3428 758 3501; x_wconf 80' lang='grc' dir='ltr'><strong>ἀμφοτέρων</strong></span> <span class='ocrx_word' id='word_1_360' title='bbox 783 3428 792 3438; x_wconf 89' lang='grc'><strong>’</strong></span> <span class='ocrx_word' id='word_1_361' title='bbox 819 3429 1234 3500; x_wconf 77' lang='grc' dir='ltr'><strong>βεϐαιωθείσης,</strong></span> <span class='ocrx_word' id='word_1_362' title='bbox 1293 3430 1438 3496; x_wconf 78' lang='grc' dir='ltr'><strong>ἀξιοῖ</strong></span> <span class='ocrx_word' id='word_1_363' title='bbox 1474 3428 1567 3484; x_wconf 86' lang='grc' dir='ltr'><strong>τδν</strong></span> <span class='ocrx_word' id='word_1_364' title='bbox 1621 3430 1904 3502; x_wconf 79' lang='grc' dir='ltr'><strong>ἀρχιερέα,</strong></span> 
     </span>
    </p>
   </div>
   <div class='ocr_carea' id='block_1_54' title="bbox 322 3520 1907 3596">
    <p class='ocr_par' dir='ltr' id='par_1_54' title="bbox 322 3520 1907 3596">
     <span class='ocr_line' id='line_1_54' title="bbox 322 3520 1907 3596; baseline 0.001 -21"><span class='ocrx_word' id='word_1_365' title='bbox 322 3520 423 3593; x_wconf 79' lang='grc' dir='ltr'><strong>τὴν</strong></span> <span class='ocrx_word' id='word_1_366' title='bbox 469 3520 620 3592; x_wconf 80' lang='grc' dir='ltr'><strong>ἱερὰν</strong></span> <span class='ocrx_word' id='word_1_367' title='bbox 688 3522 1084 3592; x_wconf 85' lang='grc' dir='ltr'><strong>μυσταγωγίαν</strong></span> <span class='ocrx_word' id='word_1_368' title='bbox 1112 3522 1275 3595; x_wconf 82' lang='grc' dir='ltr'><strong>αὑτὸν</strong></span> <span class='ocrx_word' id='word_1_369' title='bbox 1306 3524 1516 3576; x_wconf 80' lang='grc' dir='ltr'><strong>ἐκεῖνον</strong></span> <span class='ocrx_word' id='word_1_370' title='bbox 1552 3523 1678 3576; x_wconf 87' lang='grc' dir='ltr'><strong>κατ’</strong></span> <span class='ocrx_word' id='word_1_371' title='bbox 1737 3524 1907 3596; x_wconf 82' lang='grc' dir='ltr'><strong>αὐτὴν</strong></span> 
     </span>
    </p>
   </div>
   <div class='ocr_carea' id='block_1_55' title="bbox 323 3605 1906 3685">
    <p class='ocr_par' dir='ltr' id='par_1_55' title="bbox 323 3605 1906 3685">
     <span class='ocr_line' id='line_1_55' title="bbox 323 3605 1906 3685; baseline 0 -18"><span class='ocrx_word' id='word_1_372' title='bbox 323 3612 610 3667; x_wconf 83' lang='grc' dir='ltr'><strong>ἐκτελέσαι</strong></span> <span class='ocrx_word' id='word_1_373' title='bbox 668 3612 768 3684; x_wconf 84' lang='grc' dir='ltr'><strong>τὴν</strong></span> <span class='ocrx_word' id='word_1_374' title='bbox 826 3615 1082 3685; x_wconf 75' lang='grc' dir='ltr'><strong>ἡμέραν,</strong></span> <span class='ocrx_word' id='word_1_375' title='bbox 1139 3614 1227 3683; x_wconf 79' lang='grc' dir='ltr'><strong>ἐφ’</strong></span> <span class='ocrx_word' id='word_1_376' title='bbox 1276 3605 1321 3682; x_wconf 80' lang='grc' dir='ltr'>ᾦ</span> <span class='ocrx_word' id='word_1_377' title='bbox 1375 3613 1491 3667; x_wconf 88' lang='grc' dir='ltr'><strong>τῶν</strong></span> <span class='ocrx_word' id='word_1_378' title='bbox 1546 3614 1906 3685; x_wconf 85' lang='grc' dir='ltr'><strong>άγιασμάτων</strong></span> 
     </span>
    </p>
   </div>
   <div class='ocr_carea' id='block_1_56' title="bbox 324 3699 1903 3777">
    <p class='ocr_par' dir='ltr' id='par_1_56' title="bbox 324 3699 1903 3777">
     <span class='ocr_line' id='line_1_56' title="bbox 324 3699 1903 3777; baseline 0 -18"><span class='ocrx_word' id='word_1_379' title='bbox 324 3699 572 3767; x_wconf 74' lang='grc' dir='ltr'><strong>ἅπαντας</strong></span> <span class='ocrx_word' id='word_1_380' title='bbox 622 3707 936 3777; x_wconf 87' lang='grc' dir='ltr'><strong>μετασχεῖν,</strong></span> <span class='ocrx_word' id='word_1_381' title='bbox 964 3706 1207 3771; x_wconf 75' lang='grc' dir='ltr'><strong>καὶτοὺς</strong></span> <span class='ocrx_word' id='word_1_382' title='bbox 1242 3704 1343 3776; x_wconf 78' lang='grc' dir='ltr'><strong>τὴν</strong></span> <span class='ocrx_word' id='word_1_383' title='bbox 1371 3706 1638 3777; x_wconf 86' lang='grc' dir='ltr'><strong>φροντίδα</strong></span> <span class='ocrx_word' id='word_1_384' title='bbox 1658 3705 1903 3769; x_wconf 84' lang='grc' dir='ltr'><strong>διαδεξα-</strong></span> 
     </span>
    </p>
   </div>
   <div class='ocr_carea' id='block_1_57' title="bbox 329 3798 1905 3872">
    <p class='ocr_par' dir='ltr' id='par_1_57' title="bbox 329 3798 1905 3872">
     <span class='ocr_line' id='line_1_57' title="bbox 329 3798 1905 3872; baseline 0.002 -22"><span class='ocrx_word' id='word_1_385' title='bbox 329 3798 527 3867; x_wconf 79' lang='grc' dir='ltr'><strong>μένους</strong></span> <span class='ocrx_word' id='word_1_386' title='bbox 555 3798 666 3852; x_wconf 88' lang='grc' dir='ltr'><strong>τῶν</strong></span> <span class='ocrx_word' id='word_1_387' title='bbox 688 3799 936 3870; x_wconf 84' lang='grc' dir='ltr'><strong>ἀδελφῶν</strong></span> <span class='ocrx_word' id='word_1_388' title='bbox 974 3800 1074 3872; x_wconf 83' lang='grc' dir='ltr'><strong>τῆς</strong></span> <span class='ocrx_word' id='word_1_389' title='bbox 1114 3798 1248 3872; x_wconf 85' lang='grc' dir='ltr'><strong>παρ’</strong></span> <span class='ocrx_word' id='word_1_390' title='bbox 1282 3799 1450 3854; x_wconf 76' lang='grc' dir='ltr'><strong>αὐτοῦ</strong></span> <span class='ocrx_word' id='word_1_391' title='bbox 1491 3801 1905 3869; x_wconf 85' lang='grc' dir='ltr'><strong>εύλογίας.ἐπι-</strong></span> 
     </span>
    </p>
   </div>
   <div class='ocr_carea' id='block_1_58' title="bbox 327 3891 1901 3965">
    <p class='ocr_par' dir='ltr' id='par_1_58' title="bbox 327 3891 1901 3965">
     <span class='ocr_line' id='line_1_58' title="bbox 327 3891 1901 3965; baseline 0.004 -23"><span class='ocrx_word' id='word_1_392' title='bbox 327 3892 529 3959; x_wconf 83' lang='grc' dir='ltr'><strong>τυχεῖν.</strong></span> <span class='ocrx_word' id='word_1_393' title='bbox 588 3892 739 3945; x_wconf 56' lang='grc' dir='ltr'><strong>Μετὰ</strong></span> <span class='ocrx_word' id='word_1_394' title='bbox 772 3891 830 3945; x_wconf 88' lang='grc' dir='ltr'><strong>δὲ</strong></span> <span class='ocrx_word' id='word_1_395' title='bbox 860 3892 1037 3946; x_wconf 78' lang='grc' dir='ltr'><strong>ταῦτά</strong></span> <span class='ocrx_word' id='word_1_396' title='bbox 1077 3909 1267 3964; x_wconf 85' lang='grc' dir='ltr'><strong>φησιν,</strong></span> <span class='ocrx_word' id='word_1_397' title='bbox 1307 3892 1415 3964; x_wconf 83' lang='grc' dir='ltr'><strong>ὅπη</strong></span> <span class='ocrx_word' id='word_1_398' title='bbox 1458 3891 1536 3964; x_wconf 81' lang='grc' dir='ltr'><strong>τῷ</strong></span> <span class='ocrx_word' id='word_1_399' title='bbox 1572 3893 1691 3965; x_wconf 79' lang='grc' dir='ltr'><strong>Θεῷ</strong></span> <span class='ocrx_word' id='word_1_400' title='bbox 1726 3894 1901 3964; x_wconf 85' lang='grc' dir='ltr'><strong>φίλον,</strong></span> 
     </span>
    </p>
   </div>
   <div class='ocr_carea' id='block_1_59' title="bbox 328 3970 1904 4054">
    <p class='ocr_par' dir='ltr' id='par_1_59' title="bbox 328 3970 1904 4054">
     <span class='ocr_line' id='line_1_59' title="bbox 328 3970 1904 4054; baseline 0.003 -20"><span class='ocrx_word' id='word_1_401' title='bbox 328 3981 626 4053; x_wconf 86' lang='grc' dir='ltr'><strong>προθύμως</strong></span> <span class='ocrx_word' id='word_1_402' title='bbox 680 3981 826 4054; x_wconf 74' lang='grc' dir='ltr'><strong>ἔχειν</strong></span> <span class='ocrx_word' id='word_1_403' title='bbox 881 3970 1223 4039; x_wconf 84' lang='grc' dir='ltr'><strong>ἀκολουθεῖν.</strong></span> <span class='ocrx_word' id='word_1_404' title='bbox 1292 3984 1540 4053; x_wconf 87' lang='grc' dir='ltr'><strong>Ἐγένετο</strong></span> <span class='ocrx_word' id='word_1_405' title='bbox 1570 3983 1779 4053; x_wconf 75' lang='grc' dir='ltr'><strong>ταῦτα’</strong></span> <span class='ocrx_word' id='word_1_406' title='bbox 1810 3991 1904 4041; x_wconf 76' lang='grc' dir='ltr'><strong>καὶ</strong></span> 
     </span>
    </p>
   </div>
   <div class='ocr_carea' id='block_1_60' title="bbox 290 4073 1906 4148">
    <p class='ocr_par' dir='ltr' id='par_1_60' title="bbox 290 4073 1906 4148">
     <span class='ocr_line' id='line_1_60' title="bbox 290 4073 1906 4148; baseline 0 -21"><span class='ocrx_word' id='word_1_407' title='bbox 290 4076 390 4143; x_wconf 67' lang='grc' dir='ltr'><strong>ιτῇ</strong></span> <span class='ocrx_word' id='word_1_408' title='bbox 423 4074 551 4145; x_wconf 79' lang='grc' dir='ltr'><strong>ἑξῆς</strong></span> <span class='ocrx_word' id='word_1_409' title='bbox 582 4073 661 4145; x_wconf 84' lang='grc' dir='ltr'><strong>τῷ</strong></span> <span class='ocrx_word' id='word_1_410' title='bbox 705 4075 935 4147; x_wconf 79' lang='grc' dir='ltr'><strong>ἱεράρχῃ</strong></span> <span class='ocrx_word' id='word_1_411' title='bbox 987 4075 1277 4146; x_wconf 85' lang='grc' dir='ltr'><strong>μέλλοντος</strong></span> <span class='ocrx_word' id='word_1_412' title='bbox 1347 4077 1775 4148; x_wconf 84' lang='grc' dir='ltr'><strong>συναποδημεῖν,</strong></span> <span class='ocrx_word' id='word_1_413' title='bbox 1821 4079 1906 4148; x_wconf 87' lang='grc' dir='ltr'><strong>γί-</strong></span> 
     </span>
    </p>
   </div>
   <div class='ocr_carea' id='block_1_61' title="bbox 321 4168 1952 4243">
    <p class='ocr_par' dir='ltr' id='par_1_61' title="bbox 321 4168 1952 4243">
     <span class='ocr_line' id='line_1_61' title="bbox 321 4168 1952 4243; baseline 0.001 -24"><span class='ocrx_word' id='word_1_414' title='bbox 321 4168 474 4222; x_wconf 82' lang='grc' dir='ltr'><strong>νεταί</strong></span> <span class='ocrx_word' id='word_1_415' title='bbox 492 4184 545 4221; x_wconf 90' lang='grc' dir='ltr'><strong>τι</strong></span> <span class='ocrx_word' id='word_1_416' title='bbox 568 4169 802 4239; x_wconf 81' lang='grc' dir='ltr'><strong>πρᾶγμα</strong></span> <span class='ocrx_word' id='word_1_417' title='bbox 826 4168 1082 4240; x_wconf 86' lang='grc' dir='ltr'><strong>δακρύων</strong></span> <span class='ocrx_word' id='word_1_418' title='bbox 1102 4168 1178 4234; x_wconf 84' lang='grc' dir='ltr'><strong>ῶς</strong></span> <span class='ocrx_word' id='word_1_419' title='bbox 1201 4168 1419 4242; x_wconf 88' lang='grc' dir='ltr'><strong>ἀληθῶς</strong></span> <span class='ocrx_word' id='word_1_420' title='bbox 1441 4168 1612 4234; x_wconf 80' lang='grc' dir='ltr'><strong>ἀξιον.</strong></span> <span class='ocrx_word' id='word_1_421' title='bbox 1644 4170 1904 4243; x_wconf 84' lang='grc' dir='ltr'><strong>(Μνήμης</strong></span> <span class='ocrx_word' id='word_1_422' title='bbox 1948 4216 1952 4220; x_wconf 91' lang='grc'><strong>.</strong></span> 
     </span>
    </p>
   </div>
   <div class='ocr_carea' id='block_1_62' title="bbox 321 4259 1902 4335">
    <p class='ocr_par' dir='ltr' id='par_1_62' title="bbox 321 4259 1902 4335">
     <span class='ocr_line' id='line_1_62' title="bbox 321 4259 1902 4335; baseline 0.003 -23"><span class='ocrx_word' id='word_1_423' title='bbox 321 4259 644 4330; x_wconf 80' lang='grc' dir='ltr'><strong>ἀξιούμενον</strong></span> <span class='ocrx_word' id='word_1_424' title='bbox 674 4262 768 4315; x_wconf 79' lang='grc' dir='ltr'><strong>καὶ</strong></span> <span class='ocrx_word' id='word_1_425' title='bbox 792 4260 967 4332; x_wconf 80' lang='grc' dir='ltr'><strong>ζημία</strong></span> <span class='ocrx_word' id='word_1_426' title='bbox 1027 4263 1146 4325; x_wconf 90' lang='grc' dir='ltr'><strong>ταῖς</strong></span> <span class='ocrx_word' id='word_1_427' title='bbox 1198 4262 1742 4335; x_wconf 85' lang='grc' dir='ltr'><strong>φιλανθρωποτέραις</strong></span> <span class='ocrx_word' id='word_1_428' title='bbox 1797 4264 1902 4334; x_wconf 83' lang='grc' dir='ltr'><strong>ψυ-</strong></span> 
     </span>
    </p>
   </div>
   <div class='ocr_carea' id='block_1_63' title="bbox 320 4353 1901 4429">
    <p class='ocr_par' dir='ltr' id='par_1_63' title="bbox 320 4353 1901 4429">
     <span class='ocr_line' id='line_1_63' title="bbox 320 4353 1901 4429; baseline 0.004 -27"><span class='ocrx_word' id='word_1_429' title='bbox 320 4353 446 4421; x_wconf 88' lang='grc' dir='ltr'><strong>χαῖς</strong></span> <span class='ocrx_word' id='word_1_430' title='bbox 477 4353 573 4405; x_wconf 83' lang='grc' dir='ltr'><strong>καὶ</strong></span> <span class='ocrx_word' id='word_1_431' title='bbox 597 4353 945 4424; x_wconf 83' lang='grc' dir='ltr'><strong>συμπάσχειν</strong></span> <span class='ocrx_word' id='word_1_432' title='bbox 964 4353 1022 4407; x_wconf 81' lang='grc' dir='ltr'><strong>ἐν</strong></span> <span class='ocrx_word' id='word_1_433' title='bbox 1042 4355 1156 4417; x_wconf 90' lang='grc' dir='ltr'><strong>τοῖς</strong></span> <span class='ocrx_word' id='word_1_434' title='bbox 1176 4353 1441 4419; x_wconf 87' lang='grc' dir='ltr'><strong>τοιούτοις</strong></span> <span class='ocrx_word' id='word_1_435' title='bbox 1457 4355 1901 4429; x_wconf 69' lang='grc' dir='ltr'><strong>ἐπισταμένως]</strong></span> 
     </span>
    </p>
   </div>
   <div class='ocr_carea' id='block_1_64' title="bbox 324 4443 1901 4520">
    <p class='ocr_par' dir='ltr' id='par_1_64' title="bbox 324 4443 1901 4520">
     <span class='ocr_line' id='line_1_64' title="bbox 324 4443 1901 4520; baseline 0.005 -25"><span class='ocrx_word' id='word_1_436' title='bbox 324 4443 692 4513; x_wconf 82' lang='grc' dir='ltr'><strong>Περιστάντες</strong></span> <span class='ocrx_word' id='word_1_437' title='bbox 742 4445 852 4514; x_wconf 80' lang='grc' dir='ltr'><strong>γὰρ</strong></span> <span class='ocrx_word' id='word_1_438' title='bbox 904 4445 1070 4500; x_wconf 77' lang='grc' dir='ltr'><strong>αὐτὸν</strong></span> <span class='ocrx_word' id='word_1_439' title='bbox 1129 4445 1332 4511; x_wconf 75' lang='grc' dir='ltr'><strong>ἃπαςδ</strong></span> <span class='ocrx_word' id='word_1_440' title='bbox 1377 4447 1487 4501; x_wconf 89' lang='grc' dir='ltr'><strong>τῶν</strong></span> <span class='ocrx_word' id='word_1_441' title='bbox 1556 4447 1901 4520; x_wconf 72' lang='grc' dir='ltr'><strong>μοναζὸντων</strong></span> 
     </span>
    </p>
   </div>
   <div class='ocr_carea' id='block_1_65' title="bbox 320 4537 1982 4646">
    <p class='ocr_par' dir='ltr' id='par_1_65' title="bbox 320 4537 1982 4646">
     <span class='ocr_line' id='line_1_65' title="bbox 320 4537 1982 4646; baseline 0.001 -56"><span class='ocrx_word' id='word_1_442' title='bbox 320 4537 503 4611; x_wconf 76' lang='grc' dir='ltr'><strong>χορὸς,</strong></span> <span class='ocrx_word' id='word_1_443' title='bbox 566 4537 756 4610; x_wconf 83' lang='grc' dir='ltr'><strong>ὥσπερ</strong></span> <span class='ocrx_word' id='word_1_444' title='bbox 782 4537 861 4608; x_wconf 84' lang='grc' dir='ltr'><strong>τῷ</strong></span> <span class='ocrx_word' id='word_1_445' title='bbox 898 4538 1093 4609; x_wconf 84' lang='grc' dir='ltr'><strong>ἐκείνῳ</strong></span> <span class='ocrx_word' id='word_1_446' title='bbox 1140 4541 1378 4592; x_wconf 86' lang='grc' dir='ltr'><strong>συνεῖναι</strong></span> <span class='ocrx_word' id='word_1_447' title='bbox 1424 4540 1646 4604; x_wconf 82' lang='grc' dir='ltr'><strong>ζῶντες,</strong></span> <span class='ocrx_word' id='word_1_448' title='bbox 1704 4542 1801 4595; x_wconf 73' lang='grc' dir='ltr'><strong>καὶ</strong></span> <span class='ocrx_word' id='word_1_449' title='bbox 1929 4586 1982 4646; x_wconf 83' lang='lat' dir='ltr'><strong>D</strong></span> 
     </span>
    </p>
   </div>
   <div class='ocr_carea' id='block_1_66' title="bbox 318 4629 1899 4701">
    <p class='ocr_par' dir='ltr' id='par_1_66' title="bbox 318 4629 1899 4701">
     <span class='ocr_line' id='line_1_66' title="bbox 318 4629 1899 4701; baseline 0.001 -18"><span class='ocrx_word' id='word_1_450' title='bbox 318 4630 584 4701; x_wconf 82' lang='grc' dir='ltr'><strong>διαιρέσει</strong></span> <span class='ocrx_word' id='word_1_451' title='bbox 621 4629 909 4701; x_wconf 86' lang='grc' dir='ltr'><strong>μέλλοντες</strong></span> <span class='ocrx_word' id='word_1_452' title='bbox 944 4630 1399 4701; x_wconf 85' lang='grc' dir='ltr'><strong>συναφαιρεῖσθαι</strong></span> <span class='ocrx_word' id='word_1_453' title='bbox 1429 4630 1524 4683; x_wconf 78' lang='grc' dir='ltr'><strong>καὶ</strong></span> <span class='ocrx_word' id='word_1_454' title='bbox 1566 4630 1666 4694; x_wconf 87' lang='grc' dir='ltr'><strong>τάς</strong></span> <span class='ocrx_word' id='word_1_455' title='bbox 1698 4632 1899 4701; x_wconf 75' lang='grc' dir='ltr'><strong>ψυχάς,</strong></span> 
     </span>
    </p>
   </div>
   <div class='ocr_carea' id='block_1_67' title="bbox 319 4716 1899 4795">
    <p class='ocr_par' dir='ltr' id='par_1_67' title="bbox 319 4716 1899 4795">
     <span class='ocr_line' id='line_1_67' title="bbox 319 4716 1899 4795; baseline 0.001 -21"><span class='ocrx_word' id='word_1_456' title='bbox 319 4721 480 4793; x_wconf 80' lang='grc' dir='ltr'><strong>τίμὴ</strong></span> <span class='ocrx_word' id='word_1_457' title='bbox 522 4722 662 4789; x_wconf 81' lang='grc' dir='ltr'><strong>πρὸς</strong></span> <span class='ocrx_word' id='word_1_458' title='bbox 706 4716 890 4795; x_wconf 68' lang='grc' dir='ltr'><strong>οἶκτον</strong></span> <span class='ocrx_word' id='word_1_459' title='bbox 942 4720 1164 4789; x_wconf 81' lang='grc' dir='ltr'><strong>ἐλεγον;</strong></span> <span class='ocrx_word' id='word_1_460' title='bbox 1197 4720 1359 4774; x_wconf 85' lang='grc' dir='ltr'><strong>ποίαν</strong></span> <span class='ocrx_word' id='word_1_461' title='bbox 1399 4721 1612 4791; x_wconf 83' lang='grc' dir='ltr'><strong>θρήνων</strong></span> <span class='ocrx_word' id='word_1_462' title='bbox 1661 4722 1899 4793; x_wconf 72' lang='grc' dir='ltr'><strong>ὑπερϐο-</strong></span> 
     </span>
    </p>
   </div>
   <div class='ocr_carea' id='block_1_68' title="bbox 320 4801 1895 4884">
    <p class='ocr_par' dir='ltr' id='par_1_68' title="bbox 320 4801 1895 4884">
     <span class='ocr_line' id='line_1_68' title="bbox 320 4801 1895 4884; baseline 0.001 -18"><span class='ocrx_word' id='word_1_463' title='bbox 320 4813 418 4883; x_wconf 81' lang='grc' dir='ltr'><strong>λὴν</strong></span> <span class='ocrx_word' id='word_1_464' title='bbox 472 4812 881 4883; x_wconf 75' lang='grc' dir='ltr'><strong>ἀπελίμπανονς</strong></span> <span class='ocrx_word' id='word_1_465' title='bbox 931 4812 1210 4883; x_wconf 78' lang='grc' dir='ltr'><strong>περιέψων</strong></span> <span class='ocrx_word' id='word_1_466' title='bbox 1253 4801 1469 4880; x_wconf 64' lang='grc' dir='ltr'><strong>ἀύτὸν,</strong></span> <span class='ocrx_word' id='word_1_467' title='bbox 1496 4812 1895 4884; x_wconf 79' lang='grc' dir='ltr'><strong>περιέϐαλλον,</strong></span> 
     </span>
    </p>
   </div>
   <div class='ocr_carea' id='block_1_69' title="bbox 321 4905 1900 4977">
    <p class='ocr_par' dir='ltr' id='par_1_69' title="bbox 321 4905 1900 4977">
     <span class='ocr_line' id='line_1_69' title="bbox 321 4905 1900 4977; baseline -0.001 -16"><span class='ocrx_word' id='word_1_468' title='bbox 321 4907 552 4971; x_wconf 77' lang='grc' dir='ltr'><strong>ἑαυτοὺς</strong></span> <span class='ocrx_word' id='word_1_469' title='bbox 574 4909 689 4969; x_wconf 83' lang='grc' dir='ltr'><strong>τοῖς</strong></span> <span class='ocrx_word' id='word_1_470' title='bbox 716 4905 911 4959; x_wconf 89' lang='grc' dir='ltr'><strong>τούτου</strong></span> <span class='ocrx_word' id='word_1_471' title='bbox 950 4906 1138 4975; x_wconf 83' lang='grc' dir='ltr'><strong>μέλεσι</strong></span> <span class='ocrx_word' id='word_1_472' title='bbox 1189 4906 1666 4977; x_wconf 80' lang='grc' dir='ltr'><strong>συμπαρέϐαλλον.</strong></span> <span class='ocrx_word' id='word_1_473' title='bbox 1713 4907 1900 4977; x_wconf 84' lang='grc' dir='ltr'><strong>Παρα-</strong></span> 
     </span>
    </p>
   </div>
   <div class='ocr_carea' id='block_1_70' title="bbox 319 4998 1900 5073">
    <p class='ocr_par' dir='ltr' id='par_1_70' title="bbox 319 4998 1900 5073">
     <span class='ocr_line' id='line_1_70' title="bbox 319 4998 1900 5073; baseline 0 -20"><span class='ocrx_word' id='word_1_474' title='bbox 319 5002 542 5073; x_wconf 81' lang='grc' dir='ltr'><strong>φρονεῖν</strong></span> <span class='ocrx_word' id='word_1_475' title='bbox 569 4999 771 5064; x_wconf 81' lang='grc' dir='ltr'><strong>αὐτοὺς</strong></span> <span class='ocrx_word' id='word_1_476' title='bbox 809 4999 983 5055; x_wconf 85' lang='grc' dir='ltr'><strong>ἐποίει</strong></span> <span class='ocrx_word' id='word_1_477' title='bbox 1011 4998 1073 5052; x_wconf 83' lang='grc' dir='ltr'><strong>τὸ</strong></span> <span class='ocrx_word' id='word_1_478' title='bbox 1097 4998 1268 5062; x_wconf 83' lang='grc' dir='ltr'><strong>πάθος</strong></span> <span class='ocrx_word' id='word_1_479' title='bbox 1297 4999 1436 5066; x_wconf 81' lang='grc' dir='ltr'><strong>ἐνὸν,</strong></span> <span class='ocrx_word' id='word_1_480' title='bbox 1470 4998 1702 5071; x_wconf 75' lang='grc' dir='ltr'><strong>ἡγοῦντο</strong></span> <span class='ocrx_word' id='word_1_481' title='bbox 1733 5001 1900 5059; x_wconf 81' lang='grc' dir='ltr'><strong>συνά-</strong></span> 
     </span>
    </p>
   </div>
   <div class='ocr_carea' id='block_1_71' title="bbox 314 5091 1902 5165">
    <p class='ocr_par' dir='ltr' id='par_1_71' title="bbox 314 5091 1902 5165">
     <span class='ocr_line' id='line_1_71' title="bbox 314 5091 1902 5165; baseline 0.001 -20"><span class='ocrx_word' id='word_1_482' title='bbox 314 5093 441 5163; x_wconf 76' lang='grc' dir='ltr'><strong>ψειν</strong></span> <span class='ocrx_word' id='word_1_483' title='bbox 468 5091 618 5164; x_wconf 82' lang='grc' dir='ltr'><strong>αὐτῷ</strong></span> <span class='ocrx_word' id='word_1_484' title='bbox 648 5092 744 5146; x_wconf 76' lang='grc' dir='ltr'><strong>καὶ</strong></span> <span class='ocrx_word' id='word_1_485' title='bbox 773 5092 843 5145; x_wconf 86' lang='grc' dir='ltr'><strong>τά</strong></span> <span class='ocrx_word' id='word_1_486' title='bbox 891 5092 1143 5162; x_wconf 84' lang='grc' dir='ltr'><strong>σώματα,</strong></span> <span class='ocrx_word' id='word_1_487' title='bbox 1181 5091 1280 5163; x_wconf 82' lang='grc' dir='ltr'><strong>τὴν</strong></span> <span class='ocrx_word' id='word_1_488' title='bbox 1308 5093 1660 5164; x_wconf 84' lang='grc' dir='ltr'><strong>ὑποστροφὴν</strong></span> <span class='ocrx_word' id='word_1_489' title='bbox 1686 5094 1902 5165; x_wconf 81' lang='grc' dir='ltr'><strong>ἀπηγό-</strong></span> 
     </span>
    </p>
   </div>
   <div class='ocr_carea' id='block_1_72' title="bbox 322 5184 1903 5257">
    <p class='ocr_par' dir='ltr' id='par_1_72' title="bbox 322 5184 1903 5257">
     <span class='ocr_line' id='line_1_72' title="bbox 322 5184 1903 5257; baseline 0.003 -21"><span class='ocrx_word' id='word_1_490' title='bbox 322 5201 499 5255; x_wconf 87' lang='grc' dir='ltr'><strong>ρευον,</strong></span> <span class='ocrx_word' id='word_1_491' title='bbox 537 5184 638 5256; x_wconf 74' lang='grc' dir='ltr'><strong>τὴν</strong></span> <span class='ocrx_word' id='word_1_492' title='bbox 667 5185 858 5256; x_wconf 80' lang='grc' dir='ltr'><strong>μονὴν,</strong></span> <span class='ocrx_word' id='word_1_493' title='bbox 889 5184 966 5247; x_wconf 87' lang='grc' dir='ltr'>ὡς</span> <span class='ocrx_word' id='word_1_494' title='bbox 992 5184 1191 5255; x_wconf 89' lang='grc' dir='ltr'><strong>μηκέτι</strong></span> <span class='ocrx_word' id='word_1_495' title='bbox 1221 5184 1448 5239; x_wconf 65' lang='grc' dir='ltr'><strong>δυνατὸν</strong></span> <span class='ocrx_word' id='word_1_496' title='bbox 1467 5184 1534 5255; x_wconf 78' lang='grc' dir='ltr'><strong>δμ</strong></span> <span class='ocrx_word' id='word_1_497' title='bbox 1547 5202 1711 5256; x_wconf 82' lang='grc' dir='ltr'><strong>μασιν</strong></span> <span class='ocrx_word' id='word_1_498' title='bbox 1733 5185 1903 5257; x_wconf 77' lang='grc' dir='ltr'><strong>ὀφθῆ-</strong></span> 
     </span>
    </p>
   </div>
   <div class='ocr_carea' id='block_1_73' title="bbox 319 5278 1901 5350">
    <p class='ocr_par' dir='ltr' id='par_1_73' title="bbox 319 5278 1901 5350">
     <span class='ocr_line' id='line_1_73' title="bbox 319 5278 1901 5350; baseline 0.004 -24"><span class='ocrx_word' id='word_1_499' title='bbox 319 5292 411 5328; x_wconf 90' lang='grc' dir='ltr'><strong>ναι</strong></span> <span class='ocrx_word' id='word_1_500' title='bbox 444 5280 557 5340; x_wconf 86' lang='grc' dir='ltr'><strong>τοῖς</strong></span> <span class='ocrx_word' id='word_1_501' title='bbox 589 5278 823 5346; x_wconf 80' lang='grc' dir='ltr'><strong>ἑαυτῶν,</strong></span> <span class='ocrx_word' id='word_1_502' title='bbox 868 5279 1291 5349; x_wconf 86' lang='grc' dir='ltr'><strong>ἀπεδίδρασκον.</strong></span> <span class='ocrx_word' id='word_1_503' title='bbox 1339 5278 1429 5343; x_wconf 85' lang='grc' dir='ltr'><strong>Ὧς</strong></span> <span class='ocrx_word' id='word_1_504' title='bbox 1484 5280 1541 5333; x_wconf 84' lang='grc' dir='ltr'><strong>δέ</strong></span> <span class='ocrx_word' id='word_1_505' title='bbox 1575 5279 1730 5350; x_wconf 86' lang='grc' dir='ltr'><strong>μόλις</strong></span> <span class='ocrx_word' id='word_1_506' title='bbox 1769 5279 1901 5333; x_wconf 83' lang='grc' dir='ltr'><strong>ποτὲ</strong></span> 
     </span>
    </p>
   </div>
   <div class='ocr_carea' id='block_1_74' title="bbox 320 5369 1901 5441">
    <p class='ocr_par' dir='ltr' id='par_1_74' title="bbox 320 5369 1901 5441">
     <span class='ocr_line' id='line_1_74' title="bbox 320 5369 1901 5441; baseline 0.004 -22"><span class='ocrx_word' id='word_1_507' title='bbox 320 5369 387 5437; x_wconf 76' lang='grc' dir='ltr'><strong>τῇ</strong></span> <span class='ocrx_word' id='word_1_508' title='bbox 405 5370 547 5439; x_wconf 77' lang='grc' dir='ltr'><strong>τομῇ</strong></span> <span class='ocrx_word' id='word_1_509' title='bbox 578 5369 672 5421; x_wconf 80' lang='grc' dir='ltr'><strong>τοῦ</strong></span> <span class='ocrx_word' id='word_1_510' title='bbox 689 5370 872 5441; x_wconf 82' lang='grc' dir='ltr'><strong>λόγου,</strong></span> <span class='ocrx_word' id='word_1_511' title='bbox 907 5372 1001 5425; x_wconf 78' lang='grc' dir='ltr'><strong>καὶ</strong></span> <span class='ocrx_word' id='word_1_512' title='bbox 1025 5370 1183 5425; x_wconf 76' lang='grc' dir='ltr'><strong>τοῦτο</strong></span> <span class='ocrx_word' id='word_1_513' title='bbox 1203 5371 1304 5441; x_wconf 75' lang='grc' dir='ltr'><strong>μὲν</strong></span> <span class='ocrx_word' id='word_1_514' title='bbox 1328 5370 1423 5424; x_wconf 83' lang='grc' dir='ltr'><strong>τοῦ</strong></span> <span class='ocrx_word' id='word_1_515' title='bbox 1458 5371 1721 5440; x_wconf 87' lang='grc' dir='ltr'><strong>μεγάλου,</strong></span> <span class='ocrx_word' id='word_1_516' title='bbox 1742 5370 1901 5425; x_wconf 82' lang='grc' dir='ltr'><strong>τοῦτο</strong></span> 
     </span>
    </p>
   </div>
   <div class='ocr_carea' id='block_1_75' title="bbox 315 5458 1899 5536">
    <p class='ocr_par' dir='ltr' id='par_1_75' title="bbox 315 5458 1899 5536">
     <span class='ocr_line' id='line_1_75' title="bbox 315 5458 1899 5536; baseline 0.001 -20"><span class='ocrx_word' id='word_1_517' title='bbox 315 5460 375 5516; x_wconf 82' lang='grc' dir='ltr'><strong>δέ</strong></span> <span class='ocrx_word' id='word_1_518' title='bbox 409 5458 505 5513; x_wconf 83' lang='grc' dir='ltr'><strong>τοῦ</strong></span> <span class='ocrx_word' id='word_1_519' title='bbox 540 5462 843 5535; x_wconf 85' lang='grc' dir='ltr'><strong>ἀρχιερέως</strong></span> <span class='ocrx_word' id='word_1_520' title='bbox 875 5464 1276 5536; x_wconf 77' lang='grc' dir='ltr'><strong>παραινοῦντος</strong></span> <span class='ocrx_word' id='word_1_521' title='bbox 1298 5465 1396 5518; x_wconf 76' lang='grc' dir='ltr'><strong>καὶ</strong></span> <span class='ocrx_word' id='word_1_522' title='bbox 1424 5464 1766 5536; x_wconf 86' lang='grc' dir='ltr'><strong>δριμυτέραν</strong></span> <span class='ocrx_word' id='word_1_523' title='bbox 1796 5480 1899 5517; x_wconf 90' lang='grc' dir='ltr'><strong>που</strong></span> 
     </span>
    </p>
   </div>
   <div class='ocr_carea' id='block_1_76' title="bbox 319 5554 1896 5629">
    <p class='ocr_par' dir='ltr' id='par_1_76' title="bbox 319 5554 1896 5629">
     <span class='ocr_line' id='line_1_76' title="bbox 319 5554 1896 5629; baseline 0.003 -22"><span class='ocrx_word' id='word_1_524' title='bbox 319 5555 415 5609; x_wconf 65' lang='grc' dir='ltr'><strong>καὶ</strong></span> <span class='ocrx_word' id='word_1_525' title='bbox 438 5554 538 5624; x_wconf 78' lang='grc' dir='ltr'><strong>τὴν</strong></span> <span class='ocrx_word' id='word_1_526' title='bbox 566 5554 887 5627; x_wconf 89' lang='grc' dir='ltr'><strong>ἐπιτίμησιν</strong></span> <span class='ocrx_word' id='word_1_527' title='bbox 946 5557 1323 5629; x_wconf 81' lang='grc' dir='ltr'><strong>ἐπιφέροντος,</strong></span> <span class='ocrx_word' id='word_1_528' title='bbox 1354 5556 1451 5611; x_wconf 82' lang='grc' dir='ltr'><strong>ἀπ’</strong></span> <span class='ocrx_word' id='word_1_529' title='bbox 1480 5556 1648 5611; x_wconf 77' lang='grc' dir='ltr'><strong>αὐτοῦ</strong></span> <span class='ocrx_word' id='word_1_530' title='bbox 1678 5557 1896 5629; x_wconf 76' lang='grc' dir='ltr'><strong>διερρά-</strong></span> 
     </span>
    </p>
   </div>
   <div class='ocr_carea' id='block_1_77' title="bbox 325 5646 1943 5721">
    <p class='ocr_par' dir='ltr' id='par_1_77' title="bbox 325 5646 1943 5721">
     <span class='ocr_line' id='line_1_77' title="bbox 325 5646 1943 5721; baseline 0 -21"><span class='ocrx_word' id='word_1_531' title='bbox 325 5663 515 5719; x_wconf 74' lang='grc' dir='ltr'><strong>γησαν,</strong></span> <span class='ocrx_word' id='word_1_532' title='bbox 546 5646 596 5699; x_wconf 91' lang='grc' dir='ltr'><strong>οί</strong></span> <span class='ocrx_word' id='word_1_533' title='bbox 634 5646 738 5717; x_wconf 79' lang='grc' dir='ltr'><strong>μὲν</strong></span> <span class='ocrx_word' id='word_1_534' title='bbox 764 5648 993 5714; x_wconf 81' lang='grc' dir='ltr'><strong>ἄκοντες</strong></span> <span class='ocrx_word' id='word_1_535' title='bbox 1024 5649 1399 5721; x_wconf 83' lang='grc' dir='ltr'><strong>ἐπανήρχοντο</strong></span> <span class='ocrx_word' id='word_1_536' title='bbox 1443 5647 1665 5711; x_wconf 81' lang='grc' dir='ltr'><strong>πυκνῶς</strong></span> <span class='ocrx_word' id='word_1_537' title='bbox 1708 5650 1893 5711; x_wconf 83' lang='grc' dir='ltr'><strong>αὐτοῖς</strong></span> <span class='ocrx_word' id='word_1_538' title='bbox 1932 5683 1943 5694; x_wconf 85' lang='grc'><strong>.</strong></span> 
     </span>
    </p>
   </div>
   <div class='ocr_carea' id='block_1_78' title="bbox 388 5807 864 5881">
    <p class='ocr_par' dir='ltr' id='par_1_78' title="bbox 388 5807 864 5881">
     <span class='ocr_line' id='line_1_78' title="bbox 388 5807 864 5881; baseline 0 -17"><span class='ocrx_word' id='word_1_539' title='bbox 388 5811 407 5842; x_wconf 86' lang='grc'><strong>⁷</strong></span> <span class='ocrx_word' id='word_1_540' title='bbox 432 5808 557 5881; x_wconf 75' lang='grc' dir='ltr'><strong>ᾼει.</strong></span> <span class='ocrx_word' id='word_1_541' title='bbox 600 5825 678 5875; x_wconf 72' lang='grc' dir='ltr'><strong>ιι,</strong></span> <span class='ocrx_word' id='word_1_542' title='bbox 706 5807 864 5864; x_wconf 68' lang='lat'><strong>1-22.</strong></span> 
     </span>
    </p>
   </div>
   <div class='ocr_carea' id='block_1_79' title="bbox 2016 1944 3602 2011">
    <p class='ocr_par' dir='ltr' id='par_1_79' title="bbox 2016 1944 3602 2011">
     <span class='ocr_line' id='line_1_79' title="bbox 2016 1944 3602 2011; baseline 0.008 -13"><span class='ocrx_word' id='word_1_543' title='bbox 2016 1944 2149 1998; x_wconf 90' lang='lat' dir='ltr'><strong>mini</strong></span> <span class='ocrx_word' id='word_1_544' title='bbox 2185 1944 2473 2008; x_wconf 86' lang='lat' dir='ltr'><strong>voluntati,</strong></span> <span class='ocrx_word' id='word_1_545' title='bbox 2502 1949 2734 2004; x_wconf 85' lang='lat' dir='ltr'><strong>accersit</strong></span> <span class='ocrx_word' id='word_1_546' title='bbox 2758 1951 3096 2006; x_wconf 80' lang='lat' dir='ltr'><strong>monachos:</strong></span> <span class='ocrx_word' id='word_1_547' title='bbox 3136 1962 3191 2008; x_wconf 90' lang='lat' dir='ltr'><strong>et</strong></span> <span class='ocrx_word' id='word_1_548' title='bbox 3238 1969 3360 2008; x_wconf 90' lang='lat' dir='ltr'><strong>cum</strong></span> <span class='ocrx_word' id='word_1_549' title='bbox 3408 1955 3487 2010; x_wconf 85' lang='lat' dir='ltr'><strong>eis</strong></span> <span class='ocrx_word' id='word_1_550' title='bbox 3517 1956 3602 2011; x_wconf 78' lang='lat' dir='ltr'><strong>di-</strong></span> 
     </span>
    </p>
   </div>
   <div class='ocr_carea' id='block_1_80' title="bbox 2015 2034 3597 2117">
    <p class='ocr_par' dir='ltr' id='par_1_80' title="bbox 2015 2034 3597 2117">
     <span class='ocr_line' id='line_1_80' title="bbox 2015 2034 3597 2117; baseline 0.009 -31"><span class='ocrx_word' id='word_1_551' title='bbox 2015 2034 2188 2089; x_wconf 82' lang='lat' dir='ltr'><strong>xisset</strong></span> <span class='ocrx_word' id='word_1_552' title='bbox 2229 2050 2289 2090; x_wconf 92' lang='lat' dir='ltr'><strong>se</strong></span> <span class='ocrx_word' id='word_1_553' title='bbox 2319 2051 2442 2091; x_wconf 85' lang='lat' dir='ltr'><strong>esse</strong></span> <span class='ocrx_word' id='word_1_554' title='bbox 2471 2038 2886 2108; x_wconf 86' lang='lat' dir='ltr'><strong>abscessurum,</strong></span> <span class='ocrx_word' id='word_1_555' title='bbox 2929 2042 3186 2100; x_wconf 62' lang='lat' dir='ltr'><strong>aﬂ‘erteis</strong></span> <span class='ocrx_word' id='word_1_556' title='bbox 3218 2045 3485 2112; x_wconf 76' lang='lat' dir='ltr'><strong>dolorem,</strong></span> <span class='ocrx_word' id='word_1_557' title='bbox 3505 2048 3597 2117; x_wconf 82' lang='lat' dir='ltr'><strong>qui</strong></span> 
     </span>
    </p>
   </div>
   <div class='ocr_carea' id='block_1_81' title="bbox 2018 2132 3601 2209">
    <p class='ocr_par' dir='ltr' id='par_1_81' title="bbox 2018 2132 3601 2209">
     <span class='ocr_line' id='line_1_81' title="bbox 2018 2132 3601 2209; baseline 0.011 -31"><span class='ocrx_word' id='word_1_558' title='bbox 2018 2141 2129 2179; x_wconf 83' lang='lat' dir='ltr'><strong>non</strong></span> <span class='ocrx_word' id='word_1_559' title='bbox 2159 2133 2336 2209; x_wconf 80' lang='lat' dir='ltr'><strong>potest</strong></span> <span class='ocrx_word' id='word_1_560' title='bbox 2363 2132 2547 2187; x_wconf 80' lang='lat' dir='ltr'><strong>verbis</strong></span> <span class='ocrx_word' id='word_1_561' title='bbox 2586 2134 2858 2204; x_wconf 82' lang='lat' dir='ltr'><strong>exprimi:</strong></span> <span class='ocrx_word' id='word_1_562' title='bbox 2920 2136 3213 2207; x_wconf 79' lang='lat' dir='ltr'><strong>Postquam</strong></span> <span class='ocrx_word' id='word_1_563' title='bbox 3266 2150 3446 2195; x_wconf 86' lang='lat' dir='ltr'><strong>autem</strong></span> <span class='ocrx_word' id='word_1_564' title='bbox 3505 2156 3601 2195; x_wconf 82' lang='lat' dir='ltr'><strong>eos</strong></span> 
     </span>
    </p>
   </div>
   <div class='ocr_carea' id='block_1_82' title="bbox 2019 2219 3601 2304">
    <p class='ocr_par' dir='ltr' id='par_1_82' title="bbox 2019 2219 3601 2304">
     <span class='ocr_line' id='line_1_82' title="bbox 2019 2219 3601 2304; baseline 0.01 -32"><span class='ocrx_word' id='word_1_565' title='bbox 2019 2219 2202 2275; x_wconf 87' lang='lat' dir='ltr'><strong>verbis</strong></span> <span class='ocrx_word' id='word_1_566' title='bbox 2234 2222 2367 2277; x_wconf 88' lang='lat' dir='ltr'><strong>satis</strong></span> <span class='ocrx_word' id='word_1_567' title='bbox 2406 2234 2486 2279; x_wconf 88' lang='lat' dir='ltr'><strong>est</strong></span> <span class='ocrx_word' id='word_1_568' title='bbox 2539 2227 2873 2294; x_wconf 87' lang='lat' dir='ltr'><strong>consolatus,</strong></span> <span class='ocrx_word' id='word_1_569' title='bbox 2926 2230 2994 2285; x_wconf 90' lang='lat' dir='ltr'><strong>de</strong></span> <span class='ocrx_word' id='word_1_570' title='bbox 3046 2246 3112 2286; x_wconf 91' lang='lat' dir='ltr'><strong>eo</strong></span> <span class='ocrx_word' id='word_1_571' title='bbox 3162 2247 3400 2302; x_wconf 87' lang='lat' dir='ltr'><strong>quoque,</strong></span> <span class='ocrx_word' id='word_1_572' title='bbox 3454 2238 3601 2304; x_wconf 83' lang='lat' dir='ltr'><strong>quod</strong></span> 
     </span>
    </p>
   </div>
   <div class='ocr_carea' id='block_1_83' title="bbox 2002 2312 3605 2388">
    <p class='ocr_par' dir='ltr' id='par_1_83' title="bbox 2002 2312 3605 2388">
     <span class='ocr_line' id='line_1_83' title="bbox 2002 2312 3605 2388; baseline 0.011 -24"><span class='ocrx_word' id='word_1_573' title='bbox 2002 2315 2134 2366; x_wconf 86' lang='lat' dir='ltr'><strong>&#39;erat</strong></span> <span class='ocrx_word' id='word_1_574' title='bbox 2165 2312 2422 2370; x_wconf 90' lang='lat' dir='ltr'><strong>illisutile</strong></span> <span class='ocrx_word' id='word_1_575' title='bbox 2481 2316 2749 2382; x_wconf 87' lang='lat' dir='ltr'><strong>futurum,</strong></span> <span class='ocrx_word' id='word_1_576' title='bbox 2803 2321 3090 2388; x_wconf 87' lang='lat' dir='ltr'><strong>sollicitus,</strong></span> <span class='ocrx_word' id='word_1_577' title='bbox 3153 2325 3341 2379; x_wconf 84' lang='lat' dir='ltr'><strong>electis</strong></span> <span class='ocrx_word' id='word_1_578' title='bbox 3390 2326 3605 2381; x_wconf 83' lang='lat' dir='ltr'><strong>duobus</strong></span> 
     </span>
    </p>
   </div>
   <div class='ocr_carea' id='block_1_84' title="bbox 2010 2403 3605 2485">
    <p class='ocr_par' dir='ltr' id='par_1_84' title="bbox 2010 2403 3605 2485">
     <span class='ocr_line' id='line_1_84' title="bbox 2010 2403 3605 2485; baseline 0.01 -30"><span class='ocrx_word' id='word_1_579' title='bbox 2010 2413 2079 2455; x_wconf 81' lang='lat' dir='ltr'><strong>ex</strong></span> <span class='ocrx_word' id='word_1_580' title='bbox 2098 2403 2373 2471; x_wconf 88' lang='lat' dir='ltr'><strong>omnibus,</strong></span> <span class='ocrx_word' id='word_1_581' title='bbox 2407 2406 2499 2474; x_wconf 90' lang='lat' dir='ltr'><strong>qui</strong></span> <span class='ocrx_word' id='word_1_582' title='bbox 2528 2416 2683 2462; x_wconf 90' lang='lat' dir='ltr'><strong>erant</strong></span> <span class='ocrx_word' id='word_1_583' title='bbox 2702 2418 2757 2464; x_wconf 89' lang='lat' dir='ltr'><strong>et</strong></span> <span class='ocrx_word' id='word_1_584' title='bbox 2778 2410 2884 2464; x_wconf 87' lang='lat' dir='ltr'><strong>vita</strong></span> <span class='ocrx_word' id='word_1_585' title='bbox 2917 2421 2971 2465; x_wconf 90' lang='lat' dir='ltr'><strong>et</strong></span> <span class='ocrx_word' id='word_1_586' title='bbox 2995 2412 3605 2485; x_wconf 61' lang='lat' dir='ltr'><strong>serruonelreliquorum</strong></span> 
     </span>
    </p>
   </div>
   <div class='ocr_carea' id='block_1_85' title="bbox 2016 2490 3604 2566">
    <p class='ocr_par' dir='ltr' id='par_1_85' title="bbox 2016 2490 3604 2566">
     <span class='ocr_line' id='line_1_85' title="bbox 2016 2490 3604 2566; baseline 0.009 -19"><span class='ocrx_word' id='word_1_587' title='bbox 2016 2490 2261 2561; x_wconf 83' lang='lat' dir='ltr'><strong>omnium</strong></span> <span class='ocrx_word' id='word_1_588' title='bbox 2283 2492 2740 2566; x_wconf 64' lang='lat' dir='ltr'><strong>praestantissimi,</strong></span> <span class='ocrx_word' id='word_1_589' title='bbox 2762 2500 2993 2560; x_wconf 80' lang='lat' dir='ltr'><strong>fratrum</strong></span> <span class='ocrx_word' id='word_1_590' title='bbox 3021 2518 3210 2559; x_wconf 89' lang='lat' dir='ltr'><strong>curam</strong></span> <span class='ocrx_word' id='word_1_591' title='bbox 3245 2505 3324 2561; x_wconf 89' lang='lat' dir='ltr'><strong>eis</strong></span> <span class='ocrx_word' id='word_1_592' title='bbox 3350 2508 3604 2561; x_wconf 82' lang='lat' dir='ltr'><strong>commit-</strong></span> 
     </span>
    </p>
   </div>
   <div class='ocr_carea' id='block_1_86' title="bbox 2017 2586 3605 2659">
    <p class='ocr_par' dir='ltr' id='par_1_86' title="bbox 2017 2586 3605 2659">
     <span class='ocr_line' id='line_1_86' title="bbox 2017 2586 3605 2659; baseline 0.009 -20"><span class='ocrx_word' id='word_1_593' title='bbox 2017 2586 2100 2640; x_wconf 90' lang='lat' dir='ltr'><strong>tit.</strong></span> <span class='ocrx_word' id='word_1_594' title='bbox 2142 2587 2363 2643; x_wconf 86' lang='lat' dir='ltr'><strong>lnterim</strong></span> <span class='ocrx_word' id='word_1_595' title='bbox 2396 2598 2603 2655; x_wconf 88' lang='lat' dir='ltr'><strong>autem,</strong></span> <span class='ocrx_word' id='word_1_596' title='bbox 2633 2591 2762 2647; x_wconf 92' lang='lat' dir='ltr'><strong>dum</strong></span> <span class='ocrx_word' id='word_1_597' title='bbox 2799 2593 3014 2659; x_wconf 83' lang='lat' dir='ltr'><strong>tierent,</strong></span> <span class='ocrx_word' id='word_1_598' title='bbox 3075 2597 3343 2653; x_wconf 84' lang='lat' dir='ltr'><strong>accedens</strong></span> <span class='ocrx_word' id='word_1_599' title='bbox 3393 2598 3605 2654; x_wconf 84' lang='lat' dir='ltr'><strong>Flavia-</strong></span> 
     </span>
    </p>
   </div>
   <div class='ocr_carea' id='block_1_87' title="bbox 2015 2665 3605 2753">
    <p class='ocr_par' dir='ltr' id='par_1_87' title="bbox 2015 2665 3605 2753">
     <span class='ocr_line' id='line_1_87' title="bbox 2015 2665 3605 2753; baseline 0.008 -24"><span class='ocrx_word' id='word_1_600' title='bbox 2015 2692 2279 2742; x_wconf 89' lang='lat' dir='ltr'><strong>nus,cum</strong></span> <span class='ocrx_word' id='word_1_601' title='bbox 2321 2680 2554 2735; x_wconf 79' lang='lat' dir='ltr'><strong>maxima</strong></span> <span class='ocrx_word' id='word_1_602' title='bbox 2588 2665 2867 2753; x_wconf 84' lang='lat' dir='ltr'><strong>voluptate</strong></span> <span class='ocrx_word' id='word_1_603' title='bbox 2913 2670 3464 2741; x_wconf 28' lang='lat' dir='ltr'><strong>beatum&#39;alloeutus:</strong></span> <span class='ocrx_word' id='word_1_604' title='bbox 3499 2686 3605 2742; x_wconf 81' lang='lat' dir='ltr'><strong>Diu</strong></span> 
     </span>
    </p>
   </div>
   <div class='ocr_carea' id='block_1_88' title="bbox 2014 2768 3604 2847">
    <p class='ocr_par' dir='ltr' id='par_1_88' title="bbox 2014 2768 3604 2847">
     <span class='ocr_line' id='line_1_88' title="bbox 2014 2768 3604 2847; baseline 0.009 -26"><span class='ocrx_word' id='word_1_605' title='bbox 2014 2768 2259 2836; x_wconf 87' lang='lat' dir='ltr'><strong>quidem,</strong></span> <span class='ocrx_word' id='word_1_606' title='bbox 2296 2769 2499 2841; x_wconf 87' lang='lat' dir='ltr'><strong>inquit,</strong></span> <span class='ocrx_word' id='word_1_607' title='bbox 2544 2773 2849 2830; x_wconf 85' lang='lat' dir='ltr'><strong>desideravi</strong></span> <span class='ocrx_word' id='word_1_608' title='bbox 2889 2786 2939 2832; x_wconf 92' lang='lat' dir='ltr'><strong>te</strong></span> <span class='ocrx_word' id='word_1_609' title='bbox 2962 2778 3289 2847; x_wconf 63' lang='lat' dir='ltr'><strong>convenire,</strong></span> <span class='ocrx_word' id='word_1_610' title='bbox 3313 2795 3347 2835; x_wconf 90' lang='grc' dir='ltr'><strong>ο</strong></span> <span class='ocrx_word' id='word_1_611' title='bbox 3399 2780 3484 2835; x_wconf 85' lang='lat' dir='ltr'><strong>vir</strong></span> <span class='ocrx_word' id='word_1_612' title='bbox 3516 2796 3604 2835; x_wconf 84' lang='lat' dir='ltr'><strong>sa-</strong></span> 
     </span>
    </p>
   </div>
   <div class='ocr_carea' id='block_1_89' title="bbox 2015 2861 3599 2936">
    <p class='ocr_par' dir='ltr' id='par_1_89' title="bbox 2015 2861 3599 2936">
     <span class='ocr_line' id='line_1_89' title="bbox 2015 2861 3599 2936; baseline 0.01 -22"><span class='ocrx_word' id='word_1_613' title='bbox 2015 2861 2357 2930; x_wconf 85' lang='lat' dir='ltr'><strong>pientissime</strong></span> <span class='ocrx_word' id='word_1_614' title='bbox 2391 2874 2446 2919; x_wconf 86' lang='lat' dir='ltr'><strong>et</strong></span> <span class='ocrx_word' id='word_1_615' title='bbox 2474 2865 2529 2918; x_wconf 90' lang='lat' dir='ltr'><strong>iu</strong></span> <span class='ocrx_word' id='word_1_616' title='bbox 2573 2867 2771 2936; x_wconf 88' lang='lat' dir='ltr'><strong>primis</strong></span> <span class='ocrx_word' id='word_1_617' title='bbox 2802 2871 3153 2926; x_wconf 85' lang='lat' dir='ltr'><strong>venerande:</strong></span> <span class='ocrx_word' id='word_1_618' title='bbox 3184 2872 3475 2927; x_wconf 63' lang='lat' dir='ltr'><strong>non&#39;licuit</strong></span> <span class='ocrx_word' id='word_1_619' title='bbox 3495 2889 3599 2929; x_wconf 87' lang='lat' dir='ltr'><strong>au-</strong></span> 
     </span>
    </p>
   </div>
   <div class='ocr_carea' id='block_1_90' title="bbox 2016 2954 3599 3026">
    <p class='ocr_par' dir='ltr' id='par_1_90' title="bbox 2016 2954 3599 3026">
     <span class='ocr_line' id='line_1_90' title="bbox 2016 2954 3599 3026; baseline 0.009 -22"><span class='ocrx_word' id='word_1_620' title='bbox 2016 2958 2124 3005; x_wconf 86' lang='lat' dir='ltr'><strong>tem</strong></span> <span class='ocrx_word' id='word_1_621' title='bbox 2144 2968 2328 3022; x_wconf 85' lang='lat' dir='ltr'><strong>usque</strong></span> <span class='ocrx_word' id='word_1_622' title='bbox 2354 2954 2410 3008; x_wconf 93' lang='lat' dir='ltr'><strong>in</strong></span> <span class='ocrx_word' id='word_1_623' title='bbox 2440 2955 2768 3012; x_wconf 84' lang='lat' dir='ltr'><strong>hodiernum</strong></span> <span class='ocrx_word' id='word_1_624' title='bbox 2800 2959 2966 3026; x_wconf 89' lang='lat' dir='ltr'><strong>diem,</strong></span> <span class='ocrx_word' id='word_1_625' title='bbox 2996 2966 3127 3016; x_wconf 84' lang='lat' dir='ltr'><strong>cum</strong></span> <span class='ocrx_word' id='word_1_626' title='bbox 3170 2977 3424 3018; x_wconf 86' lang='lat' dir='ltr'><strong>vacarem</strong></span> <span class='ocrx_word' id='word_1_627' title='bbox 3450 2964 3599 3019; x_wconf 86' lang='lat' dir='ltr'><strong>curis</strong></span> 
     </span>
    </p>
   </div>
   <div class='ocr_carea' id='block_1_91' title="bbox 2013 3038 3603 3132">
    <p class='ocr_par' dir='ltr' id='par_1_91' title="bbox 2013 3038 3603 3132">
     <span class='ocr_line' id='line_1_91' title="bbox 2013 3038 3603 3132; baseline 0.008 -34"><span class='ocrx_word' id='word_1_628' title='bbox 2013 3038 2417 3103; x_wconf 83' lang='lat' dir='ltr'><strong>ecclesiasticis.</strong></span> <span class='ocrx_word' id='word_1_629' title='bbox 2448 3048 2624 3116; x_wconf 66' lang='lat' dir='ltr'><strong>;Nunc</strong></span> <span class='ocrx_word' id='word_1_630' title='bbox 2654 3066 2784 3106; x_wconf 89' lang='lat' dir='ltr'><strong>vero</strong></span> <span class='ocrx_word' id='word_1_631' title='bbox 2804 3067 2928 3107; x_wconf 87' lang='lat' dir='ltr'><strong>cum</strong></span> <span class='ocrx_word' id='word_1_632' title='bbox 2972 3053 3082 3109; x_wconf 84' lang='lat' dir='ltr'><strong>Deo</strong></span> <span class='ocrx_word' id='word_1_633' title='bbox 3116 3054 3191 3132; x_wconf 79' lang='lat' dir='ltr'><strong>ita</strong></span> <span class='ocrx_word' id='word_1_634' title='bbox 3220 3056 3394 3110; x_wconf 85' lang='lat' dir='ltr'><strong>visum</strong></span> <span class='ocrx_word' id='word_1_635' title='bbox 3413 3056 3503 3122; x_wconf 89' lang='lat' dir='ltr'><strong>sit,</strong></span> <span class='ocrx_word' id='word_1_636' title='bbox 3529 3055 3603 3111; x_wconf 84' lang='lat' dir='ltr'><strong>ad</strong></span> 
     </span>
    </p>
   </div>
   <div class='ocr_carea' id='block_1_92' title="bbox 2017 3138 3597 3203">
    <p class='ocr_par' dir='ltr' id='par_1_92' title="bbox 2017 3138 3597 3203">
     <span class='ocr_line' id='line_1_92' title="bbox 2017 3138 3597 3203; baseline 0.006 -11"><span class='ocrx_word' id='word_1_637' title='bbox 2017 3146 2068 3192; x_wconf 87' lang='lat' dir='ltr'><strong>te</strong></span> <span class='ocrx_word' id='word_1_638' title='bbox 2094 3138 2343 3194; x_wconf 88' lang='lat' dir='ltr'><strong>venimus</strong></span> <span class='ocrx_word' id='word_1_639' title='bbox 2385 3141 2726 3198; x_wconf 88' lang='lat' dir='ltr'><strong>carissimam</strong></span> <span class='ocrx_word' id='word_1_640' title='bbox 2786 3147 3050 3201; x_wconf 90' lang='lat' dir='ltr'><strong>animam.</strong></span> <span class='ocrx_word' id='word_1_641' title='bbox 3098 3146 3306 3202; x_wconf 90' lang='lat' dir='ltr'><strong>Deinde</strong></span> <span class='ocrx_word' id='word_1_642' title='bbox 3362 3162 3487 3202; x_wconf 91' lang='lat' dir='ltr'><strong>cum</strong></span> <span class='ocrx_word' id='word_1_643' title='bbox 3545 3148 3597 3203; x_wconf 93' lang='lat' dir='ltr'><strong>ei</strong></span> 
     </span>
    </p>
   </div>
   <div class='ocr_carea' id='block_1_93' title="bbox 2013 3214 3599 3310">
    <p class='ocr_par' dir='ltr' id='par_1_93' title="bbox 2013 3214 3599 3310">
     <span class='ocr_line' id='line_1_93' title="bbox 2013 3214 3599 3310; baseline 0.006 -24"><span class='ocrx_word' id='word_1_644' title='bbox 2013 3232 2178 3287; x_wconf 91' lang='lat' dir='ltr'><strong>etiam</strong></span> <span class='ocrx_word' id='word_1_645' title='bbox 2210 3232 2453 3296; x_wconf 87' lang='lat' dir='ltr'><strong>divinam</strong></span> <span class='ocrx_word' id='word_1_646' title='bbox 2487 3214 2793 3305; x_wconf 50' lang='lat' dir='ltr'><strong>apEruisset</strong></span> <span class='ocrx_word' id='word_1_647' title='bbox 2822 3237 3113 3304; x_wconf 86' lang='lat' dir='ltr'><strong>visionem,</strong></span> <span class='ocrx_word' id='word_1_648' title='bbox 3173 3240 3431 3310; x_wconf 88' lang='lat' dir='ltr'><strong>quoniam</strong></span> <span class='ocrx_word' id='word_1_649' title='bbox 3484 3252 3599 3296; x_wconf 77' lang='lat' dir='ltr'><strong>Sta-</strong></span> 
     </span>
    </p>
   </div>
   <div class='ocr_carea' id='block_1_94' title="bbox 2015 3326 3603 3398">
    <p class='ocr_par' dir='ltr' id='par_1_94' title="bbox 2015 3326 3603 3398">
     <span class='ocr_line' id='line_1_94' title="bbox 2015 3326 3603 3398; baseline 0.007 -18"><span class='ocrx_word' id='word_1_650' title='bbox 2015 3332 2197 3380; x_wconf 89' lang='lat' dir='ltr'><strong>tuerat</strong></span> <span class='ocrx_word' id='word_1_651' title='bbox 2224 3340 2455 3398; x_wconf 74' lang='lat' dir='ltr'><strong>magnus</strong></span> <span class='ocrx_word' id='word_1_652' title='bbox 2503 3326 2745 3385; x_wconf 79' lang='lat' dir='ltr'><strong>Joannes</strong></span> <span class='ocrx_word' id='word_1_653' title='bbox 2798 3329 2945 3385; x_wconf 88' lang='lat' dir='ltr'><strong>sicut</strong></span> <span class='ocrx_word' id='word_1_654' title='bbox 2987 3333 3245 3398; x_wconf 80' lang='lat' dir='ltr'><strong>diximus,</strong></span> <span class='ocrx_word' id='word_1_655' title='bbox 3298 3334 3391 3389; x_wconf 89' lang='lat' dir='ltr'><strong>Dei</strong></span> <span class='ocrx_word' id='word_1_656' title='bbox 3441 3339 3603 3391; x_wconf 86' lang='lat' dir='ltr'><strong>nutui</strong></span> 
     </span>
    </p>
   </div>
   <div class='ocr_carea' id='block_1_95' title="bbox 2015 3406 3597 3492">
    <p class='ocr_par' dir='ltr' id='par_1_95' title="bbox 2015 3406 3597 3492">
     <span class='ocr_line' id='line_1_95' title="bbox 2015 3406 3597 3492; baseline 0.008 -19"><span class='ocrx_word' id='word_1_657' title='bbox 2015 3416 2242 3473; x_wconf 90' lang='lat' dir='ltr'><strong>omnino</strong></span> <span class='ocrx_word' id='word_1_658' title='bbox 2268 3433 2379 3473; x_wconf 90' lang='lat' dir='ltr'><strong>non</strong></span> <span class='ocrx_word' id='word_1_659' title='bbox 2409 3406 2733 3492; x_wconf 73' lang='lat' dir='ltr'><strong>repugnare,</strong></span> <span class='ocrx_word' id='word_1_660' title='bbox 2776 3431 2832 3478; x_wconf 91' lang='lat' dir='ltr'><strong>et</strong></span> <span class='ocrx_word' id='word_1_661' title='bbox 2883 3424 3121 3480; x_wconf 84' lang='lat' dir='ltr'><strong>maxime</strong></span> <span class='ocrx_word' id='word_1_662' title='bbox 3148 3441 3269 3481; x_wconf 89' lang='lat' dir='ltr'><strong>cum</strong></span> <span class='ocrx_word' id='word_1_663' title='bbox 3302 3428 3486 3492; x_wconf 83' lang='lat' dir='ltr'><strong>divina</strong></span> <span class='ocrx_word' id='word_1_664' title='bbox 3517 3430 3597 3484; x_wconf 85' lang='lat' dir='ltr'><strong>vi-</strong></span> 
     </span>
    </p>
   </div>
   <div class='ocr_carea' id='block_1_96' title="bbox 2015 3509 3643 3590">
    <p class='ocr_par' dir='ltr' id='par_1_96' title="bbox 2015 3509 3643 3590">
     <span class='ocr_line' id='line_1_96' title="bbox 2015 3509 3643 3590; baseline 0.009 -27"><span class='ocrx_word' id='word_1_665' title='bbox 2015 3509 2097 3564; x_wconf 87' lang='lat' dir='ltr'><strong>sio</strong></span> <span class='ocrx_word' id='word_1_666' title='bbox 2124 3524 2224 3578; x_wconf 89' lang='lat' dir='ltr'><strong>per</strong></span> <span class='ocrx_word' id='word_1_667' title='bbox 2262 3520 2557 3580; x_wconf 90' lang='lat' dir='ltr'><strong>utrumque</strong></span> <span class='ocrx_word' id='word_1_668' title='bbox 2609 3510 2806 3568; x_wconf 77' lang='lat' dir='ltr'><strong>fuisset</strong></span> <span class='ocrx_word' id='word_1_669' title='bbox 2847 3516 3189 3589; x_wconf 80' lang='lat' dir='ltr'><strong>confirmata,</strong></span> <span class='ocrx_word' id='word_1_670' title='bbox 3246 3528 3402 3590; x_wconf 81' lang='lat' dir='ltr'><strong>rogat</strong></span> <span class='ocrx_word' id='word_1_671' title='bbox 3447 3521 3603 3577; x_wconf 86' lang='lat' dir='ltr'><strong>illum</strong></span> <span class='ocrx_word' id='word_1_672' title='bbox 3636 3540 3643 3547; x_wconf 93' lang='grc'><strong>·</strong></span> 
     </span>
    </p>
   </div>
   <div class='ocr_carea' id='block_1_97' title="bbox 2015 3599 3613 3684">
    <p class='ocr_par' dir='ltr' id='par_1_97' title="bbox 2015 3599 3613 3684">
     <span class='ocr_line' id='line_1_97' title="bbox 2015 3599 3613 3684; baseline 0.01 -31"><span class='ocrx_word' id='word_1_673' title='bbox 2015 3600 2197 3669; x_wconf 86' lang='lat' dir='ltr'><strong>ipsum</strong></span> <span class='ocrx_word' id='word_1_674' title='bbox 2232 3599 2576 3671; x_wconf 80' lang='lat' dir='ltr'><strong>pontiﬁcem,</strong></span> <span class='ocrx_word' id='word_1_675' title='bbox 2611 3612 2673 3659; x_wconf 93' lang='lat' dir='ltr'><strong>ut</strong></span> <span class='ocrx_word' id='word_1_676' title='bbox 2725 3605 2818 3661; x_wconf 92' lang='lat' dir='ltr'><strong>illo</strong></span> <span class='ocrx_word' id='word_1_677' title='bbox 2866 3606 2986 3677; x_wconf 87' lang='lat' dir='ltr'><strong>ipso</strong></span> <span class='ocrx_word' id='word_1_678' title='bbox 3027 3608 3116 3665; x_wconf 88' lang='lat' dir='ltr'><strong>die</strong></span> <span class='ocrx_word' id='word_1_679' title='bbox 3161 3624 3377 3666; x_wconf 90' lang='lat' dir='ltr'><strong>sacrum</strong></span> <span class='ocrx_word' id='word_1_680' title='bbox 3442 3628 3613 3684; x_wconf 46' lang='lat' dir='ltr'><strong>pera-L</strong></span> 
     </span>
    </p>
   </div>
   <div class='ocr_carea' id='block_1_98' title="bbox 2014 3696 3597 3774">
    <p class='ocr_par' dir='ltr' id='par_1_98' title="bbox 2014 3696 3597 3774">
     <span class='ocr_line' id='line_1_98' title="bbox 2014 3696 3597 3774; baseline 0.011 -28"><span class='ocrx_word' id='word_1_681' title='bbox 2014 3700 2106 3763; x_wconf 76' lang='lat' dir='ltr'><strong>gat</strong></span> <span class='ocrx_word' id='word_1_682' title='bbox 2133 3696 2471 3764; x_wconf 87' lang='lat' dir='ltr'><strong>mysterium,</strong></span> <span class='ocrx_word' id='word_1_683' title='bbox 2500 3706 2559 3751; x_wconf 91' lang='lat' dir='ltr'><strong>ut</strong></span> <span class='ocrx_word' id='word_1_684' title='bbox 2590 3699 2701 3754; x_wconf 91' lang='lat' dir='ltr'><strong>sint</strong></span> <span class='ocrx_word' id='word_1_685' title='bbox 2725 3715 2920 3756; x_wconf 88' lang='lat' dir='ltr'><strong>omnes</strong></span> <span class='ocrx_word' id='word_1_686' title='bbox 2944 3703 3239 3774; x_wconf 78' lang='lat' dir='ltr'><strong>participes</strong></span> <span class='ocrx_word' id='word_1_687' title='bbox 3284 3707 3597 3763; x_wconf 82' lang='lat' dir='ltr'><strong>sanctiﬁca-</strong></span> 
     </span>
    </p>
   </div>
   <div class='ocr_carea' id='block_1_99' title="bbox 2015 3778 3600 3867">
    <p class='ocr_par' dir='ltr' id='par_1_99' title="bbox 2015 3778 3600 3867">
     <span class='ocr_line' id='line_1_99' title="bbox 2015 3778 3600 3867; baseline 0.01 -28"><span class='ocrx_word' id='word_1_688' title='bbox 2015 3778 2220 3858; x_wconf 87' lang='lat' dir='ltr'><strong>torum,</strong></span> <span class='ocrx_word' id='word_1_689' title='bbox 2254 3796 2308 3843; x_wconf 90' lang='lat' dir='ltr'><strong>et</strong></span> <span class='ocrx_word' id='word_1_690' title='bbox 2331 3787 2391 3854; x_wconf 91' lang='lat' dir='ltr'><strong>ii,</strong></span> <span class='ocrx_word' id='word_1_691' title='bbox 2425 3789 2519 3859; x_wconf 90' lang='lat' dir='ltr'><strong>qui</strong></span> <span class='ocrx_word' id='word_1_692' title='bbox 2550 3790 2779 3846; x_wconf 88' lang='lat' dir='ltr'><strong>fratrum</strong></span> <span class='ocrx_word' id='word_1_693' title='bbox 2834 3809 3023 3849; x_wconf 86' lang='lat' dir='ltr'><strong>curam</strong></span> <span class='ocrx_word' id='word_1_694' title='bbox 3052 3807 3435 3867; x_wconf 84' lang='lat' dir='ltr'><strong>susceperunt,</strong></span> <span class='ocrx_word' id='word_1_695' title='bbox 3467 3816 3600 3855; x_wconf 86' lang='lat' dir='ltr'><strong>eon-</strong></span> 
     </span>
    </p>
   </div>
   <div class='ocr_carea' id='block_1_100' title="bbox 2014 3883 3593 3962">
    <p class='ocr_par' dir='ltr' id='par_1_100' title="bbox 2014 3883 3593 3962">
     <span class='ocr_line' id='line_1_100' title="bbox 2014 3883 3593 3962; baseline 0.009 -28"><span class='ocrx_word' id='word_1_696' title='bbox 2014 3886 2319 3950; x_wconf 79' lang='lat' dir='ltr'><strong>Sequantur</strong></span> <span class='ocrx_word' id='word_1_697' title='bbox 2340 3883 2488 3940; x_wconf 92' lang='lat' dir='ltr'><strong>illius</strong></span> <span class='ocrx_word' id='word_1_698' title='bbox 2513 3886 2979 3944; x_wconf 85' lang='lat' dir='ltr'><strong>benedictionem.</strong></span> <span class='ocrx_word' id='word_1_699' title='bbox 3034 3890 3162 3947; x_wconf 89' lang='lat' dir='ltr'><strong>Post</strong></span> <span class='ocrx_word' id='word_1_700' title='bbox 3217 3892 3334 3948; x_wconf 75' lang='lat' dir='ltr'><strong>haec</strong></span> <span class='ocrx_word' id='word_1_701' title='bbox 3389 3901 3593 3962; x_wconf 90' lang='lat' dir='ltr'><strong>autem,</strong></span> 
     </span>
    </p>
   </div>
   <div class='ocr_carea' id='block_1_101' title="bbox 2013 3972 3597 4056">
    <p class='ocr_par' dir='ltr' id='par_1_101' title="bbox 2013 3972 3597 4056">
     <span class='ocr_line' id='line_1_101' title="bbox 2013 3972 3597 4056; baseline 0.01 -30"><span class='ocrx_word' id='word_1_702' title='bbox 2013 3972 2208 4042; x_wconf 91' lang='lat' dir='ltr'><strong>inquit,</strong></span> <span class='ocrx_word' id='word_1_703' title='bbox 2233 3990 2342 4044; x_wconf 88' lang='lat' dir='ltr'><strong>quo</strong></span> <span class='ocrx_word' id='word_1_704' title='bbox 2370 3976 2483 4033; x_wconf 89' lang='lat' dir='ltr'><strong>Deo</strong></span> <span class='ocrx_word' id='word_1_705' title='bbox 2517 3978 2692 4033; x_wconf 90' lang='lat' dir='ltr'><strong>visum</strong></span> <span class='ocrx_word' id='word_1_706' title='bbox 2707 3988 2813 4047; x_wconf 90' lang='lat' dir='ltr'><strong>est,</strong></span> <span class='ocrx_word' id='word_1_707' title='bbox 2837 3985 3160 4054; x_wconf 85' lang='lat' dir='ltr'><strong>sequaripse</strong></span> <span class='ocrx_word' id='word_1_708' title='bbox 3175 4000 3391 4056; x_wconf 90' lang='lat' dir='ltr'><strong>quoque</strong></span> <span class='ocrx_word' id='word_1_709' title='bbox 3414 4002 3597 4056; x_wconf 89' lang='lat' dir='ltr'><strong>prom-</strong></span> 
     </span>
    </p>
   </div>
   <div class='ocr_carea' id='block_1_102' title="bbox 2011 4068 3599 4143">
    <p class='ocr_par' dir='ltr' id='par_1_102' title="bbox 2011 4068 3599 4143">
     <span class='ocr_line' id='line_1_102' title="bbox 2011 4068 3599 4143; baseline 0.012 -26"><span class='ocrx_word' id='word_1_710' title='bbox 2011 4073 2108 4134; x_wconf 89' lang='lat' dir='ltr'><strong>pto</strong></span> <span class='ocrx_word' id='word_1_711' title='bbox 2128 4074 2184 4120; x_wconf 90' lang='lat' dir='ltr'><strong>et</strong></span> <span class='ocrx_word' id='word_1_712' title='bbox 2230 4068 2397 4123; x_wconf 86' lang='lat' dir='ltr'><strong>alacri</strong></span> <span class='ocrx_word' id='word_1_713' title='bbox 2424 4071 2628 4126; x_wconf 85' lang='lat' dir='ltr'><strong>animo.</strong></span> <span class='ocrx_word' id='word_1_714' title='bbox 2665 4072 2828 4128; x_wconf 87' lang='lat' dir='ltr'><strong>Facta</strong></span> <span class='ocrx_word' id='word_1_715' title='bbox 2860 4084 2990 4130; x_wconf 89' lang='lat' dir='ltr'><strong>sunt</strong></span> <span class='ocrx_word' id='word_1_716' title='bbox 3052 4077 3192 4143; x_wconf 81' lang='lat' dir='ltr'><strong>haec,</strong></span> <span class='ocrx_word' id='word_1_717' title='bbox 3242 4087 3298 4133; x_wconf 90' lang='lat' dir='ltr'><strong>et</strong></span> <span class='ocrx_word' id='word_1_718' title='bbox 3353 4093 3476 4134; x_wconf 90' lang='lat' dir='ltr'><strong>cum</strong></span> <span class='ocrx_word' id='word_1_719' title='bbox 3511 4096 3599 4136; x_wconf 84' lang='lat' dir='ltr'><strong>se-</strong></span> 
     </span>
    </p>
   </div>
   <div class='ocr_carea' id='block_1_103' title="bbox 2011 4159 3600 4241">
    <p class='ocr_par' dir='ltr' id='par_1_103' title="bbox 2011 4159 3600 4241">
     <span class='ocr_line' id='line_1_103' title="bbox 2011 4159 3600 4241; baseline 0.01 -30"><span class='ocrx_word' id='word_1_720' title='bbox 2011 4159 2202 4226; x_wconf 89' lang='lat' dir='ltr'><strong>quenti</strong></span> <span class='ocrx_word' id='word_1_721' title='bbox 2233 4160 2321 4215; x_wconf 92' lang='lat' dir='ltr'><strong>die</strong></span> <span class='ocrx_word' id='word_1_722' title='bbox 2352 4171 2500 4217; x_wconf 89' lang='lat' dir='ltr'><strong>esset</strong></span> <span class='ocrx_word' id='word_1_723' title='bbox 2526 4164 2781 4221; x_wconf 85' lang='lat' dir='ltr'><strong>abiturus</strong></span> <span class='ocrx_word' id='word_1_724' title='bbox 2835 4167 3002 4223; x_wconf 90' lang='lat' dir='ltr'><strong>simul</strong></span> <span class='ocrx_word' id='word_1_725' title='bbox 3041 4183 3165 4224; x_wconf 91' lang='lat' dir='ltr'><strong>cum</strong></span> <span class='ocrx_word' id='word_1_726' title='bbox 3226 4172 3508 4241; x_wconf 84' lang='lat' dir='ltr'><strong>pontifice,</strong></span> <span class='ocrx_word' id='word_1_727' title='bbox 3541 4173 3600 4227; x_wconf 85' lang='lat' dir='ltr'><strong>fit</strong></span> 
     </span>
    </p>
   </div>
   <div class='ocr_carea' id='block_1_104' title="bbox 2011 4252 3592 4328">
    <p class='ocr_par' dir='ltr' id='par_1_104' title="bbox 2011 4252 3592 4328">
     <span class='ocr_line' id='line_1_104' title="bbox 2011 4252 3592 4328; baseline 0.007 -24"><span class='ocrx_word' id='word_1_728' title='bbox 2011 4265 2104 4305; x_wconf 90' lang='lat' dir='ltr'><strong>res</strong></span> <span class='ocrx_word' id='word_1_729' title='bbox 2134 4252 2499 4325; x_wconf 84' lang='lat' dir='ltr'><strong>lacrymabilis</strong></span> <span class='ocrx_word' id='word_1_730' title='bbox 2522 4256 2627 4328; x_wconf 78' lang='lat' dir='ltr'><strong>piis</strong></span> <span class='ocrx_word' id='word_1_731' title='bbox 2652 4258 2872 4325; x_wconf 88' lang='lat' dir='ltr'><strong>animis,</strong></span> <span class='ocrx_word' id='word_1_732' title='bbox 2910 4260 2957 4315; x_wconf 89' lang='lat' dir='ltr'><strong>si</strong></span> <span class='ocrx_word' id='word_1_733' title='bbox 2993 4262 3079 4316; x_wconf 85' lang='lat' dir='ltr'><strong>vel</strong></span> <span class='ocrx_word' id='word_1_734' title='bbox 3109 4263 3288 4317; x_wconf 73' lang='lat' dir='ltr'><strong>solum</strong></span> <span class='ocrx_word' id='word_1_735' title='bbox 3315 4263 3592 4319; x_wconf 84' lang='lat' dir='ltr'><strong>audiatur.</strong></span> 
     </span>
    </p>
   </div>
   <div class='ocr_carea' id='block_1_105' title="bbox 2011 4344 3609 4413">
    <p class='ocr_par' dir='ltr' id='par_1_105' title="bbox 2011 4344 3609 4413">
     <span class='ocr_line' id='line_1_105' title="bbox 2011 4344 3609 4413; baseline 0.004 -13"><span class='ocrx_word' id='word_1_736' title='bbox 2011 4344 2150 4400; x_wconf 86' lang='lat' dir='ltr'><strong>Eum</strong></span> <span class='ocrx_word' id='word_1_737' title='bbox 2181 4346 2593 4404; x_wconf 88' lang='lat' dir='ltr'><strong>circumsistens</strong></span> <span class='ocrx_word' id='word_1_738' title='bbox 2621 4351 2921 4407; x_wconf 30' lang='lat' dir='ltr'><strong>universus.</strong></span> <span class='ocrx_word' id='word_1_739' title='bbox 2939 4353 3144 4408; x_wconf 90' lang='lat' dir='ltr'><strong>chorus</strong></span> <span class='ocrx_word' id='word_1_740' title='bbox 3194 4354 3609 4413; x_wconf 75' lang='lat' dir='ltr'><strong>monachorum</strong></span> 
     </span>
    </p>
   </div>
   <div class='ocr_carea' id='block_1_106' title="bbox 2010 4439 3621 4514">
    <p class='ocr_par' dir='ltr' id='par_1_106' title="bbox 2010 4439 3621 4514">
     <span class='ocr_line' id='line_1_106' title="bbox 2010 4439 3621 4514; baseline 0.002 -20"><span class='ocrx_word' id='word_1_741' title='bbox 2010 4440 2322 4509; x_wconf 86' lang='lat' dir='ltr'><strong>perindeac</strong></span> <span class='ocrx_word' id='word_1_742' title='bbox 2341 4443 2387 4498; x_wconf 90' lang='lat' dir='ltr'><strong>si</strong></span> <span class='ocrx_word' id='word_1_743' title='bbox 2420 4457 2508 4509; x_wconf 89' lang='lat' dir='ltr'><strong>eo,</strong></span> <span class='ocrx_word' id='word_1_744' title='bbox 2536 4444 2683 4514; x_wconf 91' lang='lat' dir='ltr'><strong>quod</strong></span> <span class='ocrx_word' id='word_1_745' title='bbox 2724 4445 2813 4500; x_wconf 91' lang='lat' dir='ltr'><strong>ille</strong></span> <span class='ocrx_word' id='word_1_746' title='bbox 2839 4446 3005 4501; x_wconf 89' lang='lat' dir='ltr'><strong>simul</strong></span> <span class='ocrx_word' id='word_1_747' title='bbox 3050 4462 3175 4501; x_wconf 86' lang='lat' dir='ltr'><strong>eum</strong></span> <span class='ocrx_word' id='word_1_748' title='bbox 3216 4448 3296 4503; x_wconf 90' lang='lat' dir='ltr'><strong>eis</strong></span> <span class='ocrx_word' id='word_1_749' title='bbox 3324 4439 3490 4513; x_wconf 84' lang='lat' dir='ltr'><strong>esset,</strong></span> <span class='ocrx_word' id='word_1_750' title='bbox 3513 4448 3621 4500; x_wconf 69' lang='lat' dir='ltr'><strong>vi-,</strong></span> 
     </span>
    </p>
   </div>
   <div class='ocr_carea' id='block_1_107' title="bbox 2010 4528 3594 4607">
    <p class='ocr_par' dir='ltr' id='par_1_107' title="bbox 2010 4528 3594 4607">
     <span class='ocr_line' id='line_1_107' title="bbox 2010 4528 3594 4607; baseline 0.003 -21"><span class='ocrx_word' id='word_1_751' title='bbox 2010 4528 2309 4597; x_wconf 58' lang='lat' dir='ltr'><strong>vereutfet</strong></span> <span class='ocrx_word' id='word_1_752' title='bbox 2340 4534 2609 4590; x_wconf 86' lang='lat' dir='ltr'><strong>divisione</strong></span> <span class='ocrx_word' id='word_1_753' title='bbox 2649 4536 2809 4590; x_wconf 86' lang='lat' dir='ltr'><strong>simul</strong></span> <span class='ocrx_word' id='word_1_754' title='bbox 2840 4551 3058 4607; x_wconf 86' lang='lat' dir='ltr'><strong>quoque</strong></span> <span class='ocrx_word' id='word_1_755' title='bbox 3111 4546 3298 4593; x_wconf 86' lang='lat' dir='ltr'><strong>essent</strong></span> <span class='ocrx_word' id='word_1_756' title='bbox 3352 4538 3449 4591; x_wconf 84' lang='lat' dir='ltr'><strong>eis.</strong></span> <span class='ocrx_word' id='word_1_757' title='bbox 3496 4552 3594 4591; x_wconf 87' lang='lat' dir='ltr'><strong>au-</strong></span> 
     </span>
    </p>
   </div>
   <div class='ocr_carea' id='block_1_108' title="bbox 2008 4624 3595 4699">
    <p class='ocr_par' dir='ltr' id='par_1_108' title="bbox 2008 4624 3595 4699">
     <span class='ocr_line' id='line_1_108' title="bbox 2008 4624 3595 4699; baseline 0 -19"><span class='ocrx_word' id='word_1_758' title='bbox 2008 4624 2250 4681; x_wconf 71' lang='lat' dir='ltr'><strong>ferenda:</strong></span> <span class='ocrx_word' id='word_1_759' title='bbox 2278 4628 2496 4691; x_wconf 64' lang='lat' dir='ltr'><strong>animae,</strong></span> <span class='ocrx_word' id='word_1_760' title='bbox 2540 4629 2632 4699; x_wconf 83' lang='lat' dir='ltr'><strong>qui</strong></span> <span class='ocrx_word' id='word_1_761' title='bbox 2684 4629 2749 4684; x_wconf 86' lang='lat' dir='ltr'><strong>ad</strong></span> <span class='ocrx_word' id='word_1_762' title='bbox 2783 4629 3107 4683; x_wconf 81' lang='lat' dir='ltr'><strong>movendam</strong></span> <span class='ocrx_word' id='word_1_763' title='bbox 3164 4627 3595 4682; x_wconf 82' lang='lat' dir='ltr'><strong>misericordiam</strong></span> 
     </span>
    </p>
   </div>
   <div class='ocr_carea' id='block_1_109' title="bbox 2009 4719 3592 4786">
    <p class='ocr_par' dir='ltr' id='par_1_109' title="bbox 2009 4719 3592 4786">
     <span class='ocr_line' id='line_1_109' title="bbox 2009 4719 3592 4786; baseline 0.001 -14"><span class='ocrx_word' id='word_1_764' title='bbox 2009 4734 2121 4774; x_wconf 88' lang='lat' dir='ltr'><strong>non</strong></span> <span class='ocrx_word' id='word_1_765' title='bbox 2155 4719 2408 4775; x_wconf 89' lang='lat' dir='ltr'><strong>dicebant</strong></span> <span class='ocrx_word' id='word_1_766' title='bbox 2434 4730 2490 4775; x_wconf 92' lang='lat' dir='ltr'><strong>et</strong></span> <span class='ocrx_word' id='word_1_767' title='bbox 2517 4720 2834 4776; x_wconf 86' lang='lat' dir='ltr'><strong>faciebant?</strong></span> <span class='ocrx_word' id='word_1_768' title='bbox 2861 4720 3033 4786; x_wconf 85' lang='lat' dir='ltr'><strong>Quam</strong></span> <span class='ocrx_word' id='word_1_769' title='bbox 3065 4734 3173 4775; x_wconf 84' lang='lat' dir='ltr'><strong>non</strong></span> <span class='ocrx_word' id='word_1_770' title='bbox 3208 4719 3291 4773; x_wconf 88' lang='lat' dir='ltr'><strong>vel</strong></span> <span class='ocrx_word' id='word_1_771' title='bbox 3324 4735 3592 4774; x_wconf 87' lang='lat' dir='ltr'><strong>summam</strong></span> 
     </span>
    </p>
   </div>
   <div class='ocr_carea' id='block_1_110' title="bbox 2009 4813 3595 4877">
    <p class='ocr_par' dir='ltr' id='par_1_110' title="bbox 2009 4813 3595 4877">
     <span class='ocr_line' id='line_1_110' title="bbox 2009 4813 3595 4877; baseline -0.002 -9"><span class='ocrx_word' id='word_1_772' title='bbox 2009 4814 2248 4869; x_wconf 89' lang='lat' dir='ltr'><strong>edebant</strong></span> <span class='ocrx_word' id='word_1_773' title='bbox 2296 4815 2787 4870; x_wconf 70' lang='lat' dir='ltr'><strong>lamentationem?</strong></span> <span class='ocrx_word' id='word_1_774' title='bbox 2836 4815 2972 4868; x_wconf 88' lang='lat' dir='ltr'><strong>Eum</strong></span> <span class='ocrx_word' id='word_1_775' title='bbox 3014 4813 3424 4877; x_wconf 89' lang='lat' dir='ltr'><strong>demulcebant,</strong></span> <span class='ocrx_word' id='word_1_776' title='bbox 3479 4828 3595 4866; x_wconf 89' lang='lat' dir='ltr'><strong>am-</strong></span> 
     </span>
    </p>
   </div>
   <div class='ocr_carea' id='block_1_111' title="bbox 1987 4890 3593 4977">
    <p class='ocr_par' dir='ltr' id='par_1_111' title="bbox 1987 4890 3593 4977">
     <span class='ocr_line' id='line_1_111' title="bbox 1987 4890 3593 4977; baseline 0.001 -16"><span class='ocrx_word' id='word_1_777' title='bbox 1987 4890 2409 4977; x_wconf 42' lang='lat' dir='ltr'><strong>biectebantur,</strong></span> <span class='ocrx_word' id='word_1_778' title='bbox 2466 4923 2526 4963; x_wconf 87' lang='lat' dir='ltr'><strong>se</strong></span> <span class='ocrx_word' id='word_1_779' title='bbox 2563 4909 2823 4963; x_wconf 86' lang='lat' dir='ltr'><strong>membris</strong></span> <span class='ocrx_word' id='word_1_780' title='bbox 2867 4907 3015 4962; x_wconf 83' lang='lat' dir='ltr'><strong>illius</strong></span> <span class='ocrx_word' id='word_1_781' title='bbox 3057 4906 3429 4977; x_wconf 86' lang='lat' dir='ltr'><strong>implicabant.</strong></span> <span class='ocrx_word' id='word_1_782' title='bbox 3490 4905 3593 4962; x_wconf 85' lang='lat' dir='ltr'><strong>De-</strong></span> 
     </span>
    </p>
   </div>
   <div class='ocr_carea' id='block_1_112' title="bbox 2009 4997 3623 5083">
    <p class='ocr_par' dir='ltr' id='par_1_112' title="bbox 2009 4997 3623 5083">
     <span class='ocr_line' id='line_1_112' title="bbox 2009 4997 3623 5083; baseline 0 -33"><span class='ocrx_word' id='word_1_783' title='bbox 2009 4999 2189 5068; x_wconf 89' lang='lat' dir='ltr'><strong>sipere</strong></span> <span class='ocrx_word' id='word_1_784' title='bbox 2215 5013 2312 5054; x_wconf 86' lang='lat' dir='ltr'><strong>eos</strong></span> <span class='ocrx_word' id='word_1_785' title='bbox 2340 4998 2579 5054; x_wconf 88' lang='lat' dir='ltr'><strong>faciebat</strong></span> <span class='ocrx_word' id='word_1_786' title='bbox 2597 4998 2765 5053; x_wconf 86' lang='lat' dir='ltr'><strong>animi</strong></span> <span class='ocrx_word' id='word_1_787' title='bbox 2782 4998 3124 5069; x_wconf 80' lang='lat' dir='ltr'><strong>perturbatio</strong></span> <span class='ocrx_word' id='word_1_788' title='bbox 3150 5014 3167 5052; x_wconf 90' lang='lat'><strong>:</strong></span> <span class='ocrx_word' id='word_1_789' title='bbox 3203 4997 3623 5083; x_wconf 65' lang='lat' dir='ltr'><strong>existimabant&#39;</strong></span> 
     </span>
    </p>
   </div>
   <div class='ocr_carea' id='block_1_113' title="bbox 2001 5090 3590 5166">
    <p class='ocr_par' dir='ltr' id='par_1_113' title="bbox 2001 5090 3590 5166">
     <span class='ocr_line' id='line_1_113' title="bbox 2001 5090 3590 5166; baseline 0.002 -24"><span class='ocrx_word' id='word_1_790' title='bbox 2001 5103 2082 5154; x_wconf 83' lang='lat' dir='ltr'><strong>se,</strong></span> <span class='ocrx_word' id='word_1_791' title='bbox 2106 5094 2233 5143; x_wconf 66' lang='lat' dir='ltr'><strong>cuin</strong></span> <span class='ocrx_word' id='word_1_792' title='bbox 2266 5090 2479 5166; x_wconf 76' lang='lat' dir='ltr'><strong>liceret,</strong></span> <span class='ocrx_word' id='word_1_793' title='bbox 2508 5091 2740 5160; x_wconf 80' lang='lat' dir='ltr'><strong>velipsa</strong></span> <span class='ocrx_word' id='word_1_794' title='bbox 2769 5105 2892 5147; x_wconf 84' lang='lat' dir='ltr'><strong>esse</strong></span> <span class='ocrx_word' id='word_1_795' title='bbox 2917 5106 3145 5162; x_wconf 82' lang='lat' dir='ltr'><strong>corpora</strong></span> <span class='ocrx_word' id='word_1_796' title='bbox 3175 5091 3590 5161; x_wconf 87' lang='lat' dir='ltr'><strong>conjuncturos,</strong></span> 
     </span>
    </p>
   </div>
   <div class='ocr_carea' id='block_1_114' title="bbox 2001 5180 3591 5253">
    <p class='ocr_par' dir='ltr' id='par_1_114' title="bbox 2001 5180 3591 5253">
     <span class='ocr_line' id='line_1_114' title="bbox 2001 5180 3591 5253; baseline 0.001 -20"><span class='ocrx_word' id='word_1_797' title='bbox 2001 5180 2179 5235; x_wconf 90' lang='lat' dir='ltr'><strong>reditu</strong></span> <span class='ocrx_word' id='word_1_798' title='bbox 2211 5180 2325 5235; x_wconf 82' lang='lat' dir='ltr'><strong>sibi.</strong></span> <span class='ocrx_word' id='word_1_799' title='bbox 2356 5180 2777 5246; x_wconf 79' lang='lat' dir='ltr'><strong>interdicebant,</strong></span> <span class='ocrx_word' id='word_1_800' title='bbox 2834 5181 3116 5253; x_wconf 77' lang='lat' dir='ltr'><strong>fugiebant</strong></span> <span class='ocrx_word' id='word_1_801' title='bbox 3172 5182 3591 5249; x_wconf 89' lang='lat' dir='ltr'><strong>monasterium,</strong></span> 
     </span>
    </p>
   </div>
   <div class='ocr_carea' id='block_1_115' title="bbox 2002 5274 3595 5347">
    <p class='ocr_par' dir='ltr' id='par_1_115' title="bbox 2002 5274 3595 5347">
     <span class='ocr_line' id='line_1_115' title="bbox 2002 5274 3595 5347; baseline 0.002 -18"><span class='ocrx_word' id='word_1_802' title='bbox 2002 5284 2260 5344; x_wconf 84' lang='lat' dir='ltr'><strong>tanquam</strong></span> <span class='ocrx_word' id='word_1_803' title='bbox 2288 5274 2405 5330; x_wconf 83' lang='lat' dir='ltr'><strong>ﬁeri</strong></span> <span class='ocrx_word' id='word_1_804' title='bbox 2438 5290 2550 5329; x_wconf 91' lang='lat' dir='ltr'><strong>non</strong></span> <span class='ocrx_word' id='word_1_805' title='bbox 2572 5284 2780 5345; x_wconf 84' lang='lat' dir='ltr'><strong>posset,</strong></span> <span class='ocrx_word' id='word_1_806' title='bbox 2807 5283 2870 5330; x_wconf 90' lang='lat' dir='ltr'><strong>ut</strong></span> <span class='ocrx_word' id='word_1_807' title='bbox 2889 5276 3127 5347; x_wconf 86' lang='lat' dir='ltr'><strong>amplius</strong></span> <span class='ocrx_word' id='word_1_808' title='bbox 3176 5276 3294 5332; x_wconf 79' lang='lat' dir='ltr'><strong>suis</strong></span> <span class='ocrx_word' id='word_1_809' title='bbox 3322 5276 3595 5347; x_wconf 86' lang='lat' dir='ltr'><strong>aspicere-</strong></span> 
     </span>
    </p>
   </div>
   <div class='ocr_carea' id='block_1_116' title="bbox 1998 5366 3592 5440">
    <p class='ocr_par' dir='ltr' id='par_1_116' title="bbox 1998 5366 3592 5440">
     <span class='ocr_line' id='line_1_116' title="bbox 1998 5366 3592 5440; baseline 0.001 -19"><span class='ocrx_word' id='word_1_810' title='bbox 1998 5375 2089 5421; x_wconf 89' lang='lat' dir='ltr'><strong>tur</strong></span> <span class='ocrx_word' id='word_1_811' title='bbox 2132 5366 2330 5422; x_wconf 88' lang='lat' dir='ltr'><strong>oculis.</strong></span> <span class='ocrx_word' id='word_1_812' title='bbox 2394 5366 2531 5423; x_wconf 86' lang='lat' dir='ltr'><strong>Cum</strong></span> <span class='ocrx_word' id='word_1_813' title='bbox 2582 5377 2767 5423; x_wconf 86' lang='lat' dir='ltr'><strong>autem</strong></span> <span class='ocrx_word' id='word_1_814' title='bbox 2822 5378 3046 5424; x_wconf 90' lang='lat' dir='ltr'><strong>secante</strong></span> <span class='ocrx_word' id='word_1_815' title='bbox 3105 5370 3355 5424; x_wconf 90' lang='lat' dir='ltr'><strong>oratione</strong></span> <span class='ocrx_word' id='word_1_816' title='bbox 3395 5371 3592 5440; x_wconf 87' lang='lat' dir='ltr'><strong>partim</strong></span> 
     </span>
    </p>
   </div>
   <div class='ocr_carea' id='block_1_117' title="bbox 1998 5460 3591 5533">
    <p class='ocr_par' dir='ltr' id='par_1_117' title="bbox 1998 5460 3591 5533">
     <span class='ocr_line' id='line_1_117' title="bbox 1998 5460 3591 5533; baseline 0.004 -19"><span class='ocrx_word' id='word_1_817' title='bbox 1998 5460 2219 5530; x_wconf 77' lang='lat' dir='ltr'><strong>quidem</strong></span> <span class='ocrx_word' id='word_1_818' title='bbox 2272 5462 2453 5533; x_wconf 79' lang='lat' dir='ltr'><strong>magni</strong></span> <span class='ocrx_word' id='word_1_819' title='bbox 2511 5460 2761 5529; x_wconf 80' lang='lat' dir='ltr'><strong>Joannis,</strong></span> <span class='ocrx_word' id='word_1_820' title='bbox 2829 5462 3026 5532; x_wconf 89' lang='lat' dir='ltr'><strong>partim</strong></span> <span class='ocrx_word' id='word_1_821' title='bbox 3079 5470 3262 5517; x_wconf 90' lang='lat' dir='ltr'><strong>autem</strong></span> <span class='ocrx_word' id='word_1_822' title='bbox 3320 5463 3591 5532; x_wconf 76' lang='lat' dir='ltr'><strong>pontificis</strong></span> 
     </span>
    </p>
   </div>
   <div class='ocr_carea' id='block_1_118' title="bbox 2005 5554 3595 5624">
    <p class='ocr_par' dir='ltr' id='par_1_118' title="bbox 2005 5554 3595 5624">
     <span class='ocr_line' id='line_1_118' title="bbox 2005 5554 3595 5624; baseline -0.001 -15"><span class='ocrx_word' id='word_1_823' title='bbox 2005 5555 2375 5617; x_wconf 85' lang='lat' dir='ltr'><strong>admonentis,</strong></span> <span class='ocrx_word' id='word_1_824' title='bbox 2401 5563 2456 5609; x_wconf 88' lang='lat' dir='ltr'><strong>et</strong></span> <span class='ocrx_word' id='word_1_825' title='bbox 2477 5555 2770 5624; x_wconf 86' lang='lat' dir='ltr'><strong>aliquando</strong></span> <span class='ocrx_word' id='word_1_826' title='bbox 2796 5554 2962 5610; x_wconf 90' lang='lat' dir='ltr'><strong>etiam</strong></span> <span class='ocrx_word' id='word_1_827' title='bbox 2994 5554 3248 5611; x_wconf 88' lang='lat' dir='ltr'><strong>acerbius</strong></span> <span class='ocrx_word' id='word_1_828' title='bbox 3300 5554 3595 5623; x_wconf 76' lang='lat' dir='ltr'><strong>increpan-</strong></span> 
     </span>
    </p>
   </div>
   <div class='ocr_carea' id='block_1_119' title="bbox 2007 5633 3605 5721">
    <p class='ocr_par' dir='ltr' id='par_1_119' title="bbox 2007 5633 3605 5721">
     <span class='ocr_line' id='line_1_119' title="bbox 2007 5633 3605 5721; baseline 0.001 -19"><span class='ocrx_word' id='word_1_829' title='bbox 2007 5649 2093 5715; x_wconf 90' lang='lat' dir='ltr'><strong>tis,</strong></span> <span class='ocrx_word' id='word_1_830' title='bbox 2125 5647 2331 5704; x_wconf 88' lang='lat' dir='ltr'><strong>suutab</strong></span> <span class='ocrx_word' id='word_1_831' title='bbox 2363 5663 2429 5702; x_wconf 93' lang='lat' dir='ltr'><strong>eo</strong></span> <span class='ocrx_word' id='word_1_832' title='bbox 2455 5647 2649 5713; x_wconf 83' lang='lat' dir='ltr'><strong>avulsi,</strong></span> <span class='ocrx_word' id='word_1_833' title='bbox 2692 5633 2785 5703; x_wconf 76' lang='lat' dir='ltr'><strong>alii</strong></span> <span class='ocrx_word' id='word_1_834' title='bbox 2818 5648 3038 5719; x_wconf 89' lang='lat' dir='ltr'><strong>quidem</strong></span> <span class='ocrx_word' id='word_1_835' title='bbox 3097 5648 3254 5706; x_wconf 64' lang='lat' dir='ltr'><strong>Exviti</strong></span> <span class='ocrx_word' id='word_1_836' title='bbox 3286 5649 3605 5721; x_wconf 58' lang='lat' dir='ltr'><strong>redienuut,</strong></span> 
     </span>
    </p>
   </div>
  </div>
