4138 6458
414 375 559 471 nm

1441 387 1618 455 VITA
1658 392 1718 453 s.
1760 388 2099 455 JOANNIS‘
2131 356 2681 457 cnnrsos'rom.

3541 396 3695 462 1073-

488 494 589 550 ll".
644 494 859 562 Γυναίῳ
908 497 1015 553 τινὶ
1059 498 1169 553 τῶν
1213 501 1277 555 ἂν
1310 501 1611 573 Ἀντιοχείᾳ
1656 503 1987 573 περιφανῶν,

2172 502 2314 557 Xlll.
2346 500 2545 559 Illustri
2585 504 2802 561 cuidam
2847 503 3065 561 mulieri
3111 504 3419 562 Antiochiae
3460 520 3661 563 nomen

412 588 624 647 Εὕκλία
660 589 914 659 ’τοῦνομα
937 606 952 622 ·
1020 591 1193 665 ταύτῃ
1219 591 1275 667 δὲ
1311 592 1426 656 υίὸς
1478 595 1765 665 ἀγαπητὸς
1825 591 1997 666 ἦν,δς

411 679 637 752 πυρετῷ
692 681 963 734 καυσὼδει
1032 681 1260 752 ληφθεὶς
1343 683 1605 755 τελευτᾷν
1662 683 1993 739 ἐκινδύνευε.

410 775 681 844 Μιμεῖται
732 769 1036 842 ’τοιγαροῦν
1072 774 1173 841 τὴν
1236 775 1551 830 Χαναναίαν
1594 779 1627 847 ἡ
1658 778 1867 848 μήτηρ,
1905 780 1997 831 καὶ

412 865 494 934 τῷ
527 863 788 935 μακαρίῳ
843 863 1239 931 προσελθοῦσα,
1268 867 1361 920 καὶ
1386 867 1570 936 φωνὰς
1601 868 1785 941 ἐκείνῃ
1815 886 1997 939 παρα-

412 956 662 1026 πλησίως
715 944 1069 1026 προσάγουσα
1101 957 1285 1021 ἐλέους
1337 962 1542 1028 τυχεῖν,
1572 960 1673 1014 οὐκ
1705 963 1797 1014 ἐπὶ
1823 961 1997 1029 θυγαο

408 1049 524 1119 τρὶ,
555 1047 675 1101 ἀλλ’
725 1049 809 1116 ἐφ’
834 1048 936 1119 υἰῷ
982 1052 1304 1121 παρεκάλει.
1366 1052 1514 1123 Πλὴν
1540 1052 1678 1107 ἀλλὰ
1704 1046 1994 1125 π’ροσέχειν

407 1141 513 1205 δεῖ,
538 1148 628 1195 τὸν
667 1141 814 1204 νοῦν,
852 1146 946 1194 καὶ
975 1146 1200 1196 σκοπεῖν
1233 1144 1379 1208 ὅπως
1415 1141 1530 1215 εἶχε
1569 1146 1819 1215 γνώμης.
1855 1147 1994 1216 μετὰ

409 1234 503 1288 τοῦ
535 1234 787 1304 σώματος
822 1234 1153 1305 θεραπεύειν
1202 1237 1295 1289 καὶ
1318 1236 1418 1299 τὰς
1466 1239 1668 1307 ψυχὰς,
1708 1238 1909 1308 μᾶλλον
1940 1238 1996 1291 δὲ

405 1328 505 1391 καὶ
539 1327 645 1398 πρὸ
663 1327 868 1380 τούτων
901 1329 1135 1391 ὲκείνας
1171 1330 1292 1382 ἐπεὶ
1316 1329 1528 1383 καὶτοῦ
1557 1331 1789 1400 πάσχειν
1810 1330 1999 1394 κακῶς

406 1422 478 1475 τὰ
521 1420 776 1491 σώματα,
812 1420 1016 1486 ταύτας
1053 1421 1233 1484 αἰτίας
1264 1404 1519 1492 ηὕρισκε.
1573 1424 1684 1477 Καὶ
1711 1424 1872 1477 τοῦτο
1895 1423 1996 1495 μὲν

410 1511 499 1565 διὰ
537 1512 646 1565 τῶν
692 1511 1018 1579 φθασάντων
1069 1511 1229 1583 δῆλον
1262 1513 1506 1582 δγέγονε,
1542 1514 1775 1584 δηλώσει
1803 1514 1861 1568 δὲ
1900 1519 1997 1569 καὶ

414 1600 572 1667 αὖθις
589 1605 617 1657 ὁ
643 1603 824 1672 λόγος.
842 1602 932 1668 Ὠς
955 1605 1067 1674 γὰρ
1098 1604 1355 1677 ἐκθύμως
1383 1608 1524 1676 ἄγαν
1554 1608 1648 1662 καὶ
1677 1606 1999 1679 περιπαθῶς

406 1701 448 1768 νή
483 1700 643 1770 γυνὴσ
671 1700 809 1769 πρὺς
843 1699 944 1769 τὴν
992 1701 1276 1773 ἱκετηρίαν
1322 1703 1558 1756 ὲτείνετο
1592 1703 1851 1773 (καὶγὰρ
1879 1697 1994 1773 εἶχε

416 1790 618 1853 πολλὰς
665 1789 803 1860 πρὸς
833 1788 896 1843 τὸ
922 1790 1143 1861 θρηνεῖν
1174 1792 1450 1862 ἀφορμὰς,
1480 1794 1574 1845 ἐπὶ
1596 1794 1862 1864 τέσσαρσι
1886 1796 1996 1857 τοῖς

410 1881 511 1951 ἤδη
565 1878 1036 1950 τετελευτηκόσιν
1063 1882 1221 1947 υἰοῖς,
1255 1884 1350 1935 καὶ
1380 1883 1542 1937 αὐτὸν
1579 1884 1834 1954 θνήσκειν
1865 1885 1996 1954 ὀρᾷν
2028 1869 2070 1926 Β

412 1972 706 2042 μέλλουσα)
740 1974 944 2037 ἐκεῖνος
970 1975 1076 2026 ὑπὸ
1107 1974 1201 2027 τοῦ
1235 1974 1613 2038 συνοικοῦντος
1643 1975 1794 2047 αὐτῷ
1830 1974 1996 2031 πνεύ·

414 2080 578 2133 ματος
624 2063 693 2117 τὰ
718 2065 972 2136 ἐγκρυφῆ
1026 2064 1283 2132 κατιδὼν,
1343 2068 1440 2121 καὶ
1487 2069 1649 2135 γνοὺς
1691 2067 1768 2130 ὡς
1791 2068 1848 2121 αἱ
1881 2068 1992 2122 τῶν

412 2157 666 2228 πατέρων
695 2158 961 2229 ἁμαρτίαι
988 2161 1103 2224 τοῖς
1154 2160 1313 2214 παισί
1334 2161 1425 2215 τὸν
1441 2160 1668 2215 θάνατον
1690 2162 1993 2233 ἐμνηστεύέ·

411 2261 595 2309 σαντο,
650 2247 856 2312 ταύτας
897 2251 977 2311 εἰς
1005 2249 1065 2302 τὸ
1122 2251 1357 2322 φανερὸν
1420 2252 1830 2322 αἰτιασάμενος,
1885 2255 1994 2308 Καὶ

412 2336 628 2404 τοῦτον,
679 2338 825 2405 εἶπε,
874 2340 966 2393 τὸν
1022 2341 1292 2411 πέμπτον,
1338 2344 1495 2414 εἰμὴ
1559 2345 1819 2414 μετάνοια
1849 2347 1994 2416 ὑμᾶς

408 2429 629 2504 εἰσέλθῃ
696 2431 808 2485 τῶν
880 2435 1326 2505 πεπραγμένων,
1411 2437 1604 2508 νεκρὸν
1672 2437 1993 2509 παραπόδας

407 2522 627 2592 ὄψεσθε.
656 2524 812 2578 Ἐπεί
833 2525 889 2578 δὲ
917 2529 965 2581 οἰ
1001 2529 1177 2595 γονεῖς
1208 2527 1421 2583 τούτων
1445 2529 1739 2594 ἀκούοντες
1760 2525 1993 2601 γνησίαν

408 2613 818 2683 ἐπηγγέλλοντο
870 2614 970 2687 τὴν
1029 2618 1324 2686 μετάνοιαν
1358 2619 1457 2673 καὶ
1482 2622 1650 2675 αὑτὸν
1692 2621 1831 2692 πρὸς
1854 2639 1994 2692 συμ-

372 2706 383 2716 '
408 2702 642 2756 πάθειαν
667 2706 1034 2776 παρεκάλουν,
1058 2709 1288 2779 ἐλεήσας
1319 2713 1526 2774 ἐκεῖνος
1542 2713 1642 2783 τὴν
1672 2714 1988 2783 συμφορὰν,

411 2794 557 2866 ὕδωρ
589 2798 970 2869 προσαχθῆναι
1023 2801 1237 2854 κελεύει
1257 2816 1270 2833 ⁸
1295 2800 1325 2855 ὃ
1350 2803 1472 2873 τρὶς
1514 2802 1627 2868 μὲν·
1650 2792 1740 2855 ἐπ’
1765 2802 1993 2872 ὀνόματι

410 2891 509 2956 τῆς
527 2891 683 2958 ἁγίας
706 2893 935 2963 Τριὰδος
965 2893 1296 2964 σφραγίσας,
1319 2894 1522 2964 τρὶςοδὲ
1566 2894 1717 2966 αὐτῷ
1749 2896 1845 2949 τὸν
1901 2913 1991 2949 νο-

409 2981 606 3036 σοῦντα
628 2984 1034 3057 διαρραντίσας,
1055 2988 1184 3056 ὑγιᾶ
1208 2991 1273 3059 τῇ
1306 2988 1666 3062 γεγεννηκυίᾳ
1695 2988 1989 3060 παρέσχεν.

314 3072 319 3075 ⁷
407 3070 569 3129 Οὗτοι
607 3079 705 3148 μὲν
756 3078 850 3133 οῦν
873 3080 1065 3150 ὥσπερ
1118 3080 1571 3153 ᾀντιθεραπεύειν
1609 3083 1989 3156 βουληθέντες,

409 3168 580 3243 ἱκανῷ
636 3172 843 3242 χρυσίῳ
891 3174 984 3226 τὸν
1015 3173 1171 3241 am;
1208 3172 1507 3243 ἐδωροῦντο
1532 3189 1546 3202 ·
1570 3173 1704 3245 τῷδε
1741 3161 1864 3228 οὐδὲ
1897 3192 1987 3244 μι-

314 3326 319 3331 ,
407 3262 538 3330 κρόν
570 3276 623 3315 τι
650 3263 762 3315 τῶν
790 3263 1083 3334 διδομένων
1133 3265 1388 3335 προσιτὸν
1437 3267 1681 3336 γέγονεν,
1715 3268 1980 3338 εἰρηκότι,

408 3353 484 3422 μὴ
507 3352 607 3424 τὴν
657 3353 751 3407 τοῦ
794 3354 931 3408 Θεοῦ
979 3355 1190 3428 δωρεὰν
1245 3359 1544 3428 χρημάτων
1598 3356 1758 3412 ὢνιον
1811 3361 1984 3411 ποιεῖν

400 3442 721 3517 βούλεσθαι*
753 3446 903 3501 Ἀλλ’
961 3449 1119 3517 εἴπερ
1163 3449 1312 3518 ὑμῖν,
1358 3450 1514 3520 φησὶ,
1550 3450 1705 3518 φίλον
1751 3451 1984 3522 φανερὸν

405 3536 631 3607 ποιῆσαι
664 3539 747 3592 ὅτι
774 3539 850 3608 τῷ
881 3540 1003 3611 Θεῷ
1038 3541 1265 3615 χάριτας
1294 3543 1579 3615 ὁμολογεῖν
1634 3542 1837 3610 ἔγνωτε
1883 3546 1984 3616 τῆς

406 3630 626 3696 ἰάσεως,
680 3633 855 3704 ἀληθῆ
908 3633 1119 3699 δείξατε
1148 3637 1250 3704 τὴν
1295 3636 1614 3707 ὑπόσχεσιν,
1644 3639 1740 3690 καὶ
1792 3637 1979 3707 πάσης

407 3719 507 3790 μὲν
558 3724 825 3794 πονηρίας
855 3726 1140 3795 ἀφέμενοι,
1190 3727 1372 3798 πάσης
1403 3728 1462 3782 δὲ
1489 3729 1741 3800 πράξεως
1766 3730 1979 3798 ἀγαθῆς

404 3814 812 3883 ἐπιλαϐόμενοι,
879 3816 1057 3880 οῦτως
1116 3808 1384 3873 εἰσοίσετε
1444 3821 1522 3891 τῷ
1567 3821 1825 3891 ἡλεηκότι
1880 3822 1979 3890 τὴν

406 3906 640 3978 ἀμοιϐὴν
693 3909 983 3980 ἀξιόχρεω.
1030 3911 1138 3963 Καὶ
1189 3910 1350 3964 τοῦτο
1390 3912 1488 3979 μὲν
1523 3914 1809 3967 τοιοῦτονο-
1833 3915 1892 3968 τὸ
1922 3915 1979 3967 δὲ

332 4031 336 4035 -
404 3993 499 4048 νῦν
525 3998 863 4068 ῥηθήσεσθαι
898 4000 1116 4070 μέλλον,
1151 4000 1285 4071 παρ’
1345 4002 1498 4056 οὐδὲν
1520 3985 1683 4075 ἧττον
1717 4003 1814 4057 καὶ
1846 4002 1981 4075 πρὸς

398 4089 578 4160 ψυχῆς
606 4090 877 4158 ὠφέλειαν
907 4093 1235 4164 ἐπιτήδειον,
1254 4093 1352 4147 καὶ
1369 4093 1573 4164 τὴντοῦ
1603 4095 1764 4165 ἁγίου
1793 4096 1976 4166 χάριν,

398 4182 575 4251 ὁπόση
611 4185 969 4257 παραστῆσαι
999 4186 1317 4257 δυνάμενον.

2102 601 2221 650 erat
2260 592 2467 649 Euclia.
2496 594 2560 650 Ei
2583 611 2712 651 vero
2738 606 2856 651 erat
2880 595 3114 653 dilectus
3144 597 3307 665 ﬁlius,
3338 597 3430 668 qui
3469 598 3680 654 ardenti

2101 684 2253 740 febre
2289 684 2591 750 laborabat,
2621 695 2678 741 et
2730 686 2984 742 veniebat
3012 688 3066 742 in
3113 690 3305 747 mortis
3346 689 3673 759 periculum.

2101 775 2242 843 Quid
2271 775 2479 848 igitur?
2515 776 2687 831 Mater
2718 777 2964 832 imitatur
3000 776 3428 845 Chananteam’,
3469 788 3526 835 et
3564 797 3702 835 non.

2099 871 2283 925 minus
2312 887 2476 940 quam
2517 871 2681 938 (ilius,
2716 871 2831 927 suis
2865 871 3198 928 inﬂammata
3226 874 3550 941 visceribus,
3588 890 3680 939 ac-

2099 963 2245 1017 cedit
2277 964 2343 1017 ad
2375 963 2617 1026 beatum,
2642 964 2898 1018 emittens
2923 978 3084 1019 voces
3116 965 3191 1018 illi
3218 965 3422 1021 similes
3450 984 3463 1019 :
3488 977 3541 1020 et
3569 981 3679 1039 non

2102 1052 2354 1107 similiter
2389 1061 2449 1108 ut
2500 1053 2589 1107 illa
2644 1052 2701 1106 in
2733 1053 2861 1115 tilia,
2893 1053 2987 1107 sed
3032 1054 3086 1107 in
3136 1053 3246 1108 tilio
3294 1055 3680 1119 miserabiiiter

2105 1161 2302 1217 rogans
2327 1154 2385 1200 ut
2407 1155 2835 1216 consequeretur
2859 1145 3309 1207 misericordiam.
3331 1144 3436 1200 Sed
3465 1156 3684 1213 Oportet

2099 1237 2340 1290 animum
2379 1237 2662 1291 attendere
2713 1244 2770 1293 et
2816 1235 3188 1304 considerare,
3219 1235 3678 1307 quemadmodum
3734 1231 3746 1245 '

2101 1329 2318 1400 egregio
2346 1328 2421 1390 illi
2467 1328 2581 1381 viro
2610 1336 2729 1384 erat
2756 1327 2974 1383 animus
3013 1326 3227 1381 animas
3267 1326 3434 1381 etiam
3464 1341 3703 1390 curat-8,-

2100 1420 2330 1490 iilasque
2367 1420 2541 1474 multo
2574 1419 2767 1490 magis,
2809 1419 3066 1488 quoniam
3094 1428 3155 1473 ut
3198 1417 3340 1472 male
3364 1426 3682 1487 paterentur

2052 1558 2055 1559 ν
2101 1511 2477 1581 corpora,.bas
2506 1510 2822 1566 inveniebat
2849 1524 3062 1565 causas.
3096 1508 3164 1567 Et
3196 1509 3301 1565 hoc
3327 1509 3544 1591 quidem
3568 1508 3681 1579 jam

2098 1604 2274 1659 evasit
2320 1600 2670 1659 manifestum
2701 1618 2801 1672 per
2843 1617 2929 1669 ea,
2980 1617 3103 1672 qua:
3155 1609 3596 1673 praecesserunt:
3651 1616 3683 1656 ιι

2097 1696 2257 1753 nobis
2301 1704 2483 1751 autem
2532 1710 2727 1750 rursus
2759 1710 2976 1765 quoque
3025 1695 3366 1749 ostendetur.
3414 1693 3684 1748 Videntur

2099 1789 2245 1845 enim
2289 1789 2441 1859 pueri
2478 1797 2731 1859 parentes
2759 1788 2928 1845 fuisse
2955 1789 3011 1842 in
3044 1789 3156 1844 vita
3187 1788 3395 1859 agenda
3425 1787 3683 1844 socordes

2099 1891 2156 1938 et
2183 1883 2545 1953 negligentes.
2574 1881 2711 1938 Cum
2743 1882 2889 1937 enim
2933 1884 3212 1938 concitate
3250 1891 3306 1937 et
3352 1883 3544 1937 insane
3583 1882 3687 1938 ad-

2098 1976 2320 2030 modum
2369 1974 2606 2030 ferretur
2637 1974 2834 2029 mulier
2871 1975 2938 2029 ad
2982 1975 3397 2046 supplicandum
3426 1975 3685 2047 (habebat

2098 2069 2243 2123 enim
2261 2068 2555 2124 maximam
2573 2068 2916 2124 'lamentandi
2940 2070 3305 2134 occasionem,
3332 2079 3391 2125 ut
3410 2087 3530 2140 qua:
3562 2080 3685 2140 post

2097 2170 2333 2231 quatuor
2371 2162 2513 2217 ﬁlios
2536 2162 2648 2231 jam
2701 2169 2972 2228 mortuos,
3003 2160 3180 2231 ipsum
3228 2177 3447 2231 quoque
3496 2162 3693 2216 visura.

2096 2263 2241 2309 esset
2262 2252 2448 2318 mori),
2473 2253 2565 2307 ille
2592 2266 2716 2308 cum
2744 2251 2939 2322 spiritu
2970 2252 3025 2334 in
3060 2267 3126 2306 eo
3157 2252 3436 2306 habitante
3454 2252 3684 2306 vidisset

2097 2361 2184 2412 ea,
2214 2360 2334 2414 quae
2367 2345 2630 2409 latebant,
2657 2354 2721 2400 et
2759 2344 3125 2415 cognovisset,
3151 2344 3298 2413 quod
3336 2354 3556 2414 peccata
3582 2359 3680 2412 pa-

2097 2431 2315 2493 rentum
2342 2436 2468 2492 ﬁliis
2488 2447 2724 2493 mortem
2747 2437 3195 2504 conciliaverant,
3219 2453 3344 2492 cum
3370 2453 3433 2493 ea
3463 2438 3685 2508 publica

2095 2539 2410 2586 accusasset
2448 2529 2651 2587 :liunc
2695 2545 2935 2600 quoque,
2985 2529 3198 2599 inquit,
3240 2530 3516 2605 quintum,
3572 2530 3680 2585 nisi

2096 2631 2311 2683 eorum,
2340 2636 2463 2689 qua:
2494 2619 2729 2683 fecistis,
2771 2635 2868 2676 vos
2899 2619 3131 2674 subierit
3159 2606 3502 2690 poenitentia,
3528 2620 3685 2677 vide-

2095 2711 2227 2767 bitis
2254 2726 2286 2766 e
2317 2712 2544 2782 vestigio
2578 2718 2854 2772 mortuum
2885 2720 2941 2765 et
2969 2711 3299 2766 exanimem.
3322 2709 3457 2766 Cum
3493 2723 3679 2767 autem

2095 2811 2353 2874 parentes
2378 2802 2466 2857 bis
2491 2802 2690 2856 auditis
2713 2818 2897 2857 veram
2920 2811 2975 2856 ct
3003 2803 3271 2856 sinceram
3295 2802 3681 2872 promisissent

2096 2895 2497 2966 pmnitentiam,
2517 2904 2571 2950 et
2593 2909 2713 2964 quae
2749 2893 2908 2949 facile
2928 2894 3144 2951 moveri
3170 2904 3404 2964 poterat,
3437 2897 3679 2950 animam

2098 2990 2380 3045 incitasset
2415 2989 2482 3044 ad
2532 2988 2990 3049 misericordiam,
3025 2988 3115 3042 ille
3161 2987 3419 3042 misertus
3451 2989 3678 3042 calami-

2098 3080 2245 3142 tatis,
2283 3094 2481 3149 aquam
2526 3078 2685 3148 jubet
2730 3077 2932 3133 aﬂ'erri.
2973 3078 3145 3143 Quam
3177 3090 3316 3132 cum
3344 3088 3426 3133 ter
3456 3079 3685 3149 quidem

2097 3172 2363 3243 signasset
2396 3170 2453 3225 in
2503 3171 2723 3226 nomine
2773 3178 2978 3225 sanctae
3009 3170 3317 3237 Trinitatis,
3375 3180 3428 3226 et
3485 3182 3567 3225 ter
3610 3154 3675 3227 ea

2091 3263 2418 3331 aspersisset
2442 3262 2614 3328 illum;
2645 3263 2736 3332 qui
2769 3261 3088 3332 aagrotabat,
3122 3276 3312 3315 sanum
3332 3258 3394 3316 et
3424 3277 3452 3315 a
3485 3261 3681 3318 morbo

2082 3354 2315 3421 liberum
2341 3355 2575 3409 reddidit
2600 3346 2673 3419 ei,
2692 3370 2811 3424 qua:
2831 3362 3115 3425 genuerat.
3157 3356 3335 3424 Atque
3359 3354 3395 3408 ii
3424 3355 3665 3424 quidem,

2083 3456 2144 3504 ut
2172 3447 2264 3518 qui
2297 3447 2502 3501 vellent
2539 3447 2743 3502 referre
2774 3447 2978 3519 gratias
3008 3451 3054 3499 ei
3088 3446 3177 3515 qui
3211 3456 3517 3509 curaverat.
3548 3461 3667 3500 ma-

2080 3555 2186 3612 gna
2217 3539 2268 3595 vi
2291 3540 2410 3594 auri
2439 3547 2690 3617 sanctum
2720 3539 3015 3594 donabant.
3041 3540 3175 3593 Cum
3211 3550 3393 3595 autem
3413 3540 3668 3600 ‘dixissct.

2084 3648 2144 3687 se
2179 3647 2247 3685 ne
2276 3631 2572 3686 minimum
2602 3630 2821 3701 quidem
2859 3631 2996 3686 velle
3022 3631 3271 3700 accipere
3298 3646 3509 3692 eorum,
3550 3646 3688 3701 qna:-

2089 3726 2386 3788 dabantur,
2417 3724 2607 3781 dicens
2637 3739 2696 3778 se
2725 3723 2871 3778 nolle
2914 3721 3010 3776 Dei
3056 3718 3262 3776 donum
3299 3721 3548 3792 pecuniis
3579 3737 3673 3777 ve-

2085 3817 2210 3871 nale
2235 3819 2541 3885 proponere
2571 3829 2583 3865 :
2615 3814 2723 3870 Sed
2753 3815 2818 3877 si,
2853 3812 3031 3881 inquit
3064 3813 3190 3878 illis,
3216 3814 3372 3869 vobis
3400 3828 3545 3868 curae
3573 3812 3667 3881 sit,

2087 3906 2433 3963 manifestum
2466 3906 2694 3961 reddere
2734 3905 2883 3975 quod
2936 3904 3048 3959 Deo
3091 3919 3218 3959 vere
3260 3904 3420 3975 agitis
3466 3903 3668 3974 gratias

2088 4015 2189 4071 pro
2219 3997 2521 4061 curatione,
2555 3997 2826 4052 ostendite
2858 4012 2979 4052 esse
3009 4011 3193 4051 veram
3224 3997 3665 4067 promissionem,

2087 4101 2143 4150 et
2165 4092 2353 4147 relicta
2383 4090 2533 4146 omni
2587 4089 2960 4160 improbitate,
2992 4090 3132 4144 bona
3156 4105 3321 4159 opera
3366 4099 3618 4144 exercete
3649 4108 3666 4144 :

2086 4186 2168 4241 sic
2189 4186 2259 4249 ei,
2278 4184 2373 4255 qui
2405 4183 2574 4237 vestri
2602 4195 2687 4237 est
2710 4181 2989 4248 misertus,
3020 4182 3266 4237 referetis
3293 4182 3537 4252 gratiam.
3559 4180 3679 4238 Sed.

327 4332 337 4338 ,
396 4273 622 4342 quidem
667 4275 773 4330 boc
805 4284 889 4330 est
932 4276 1266 4347 hujusmodi.
1295 4276 1453 4343 Quod
1486 4286 1669 4334 autem
1711 4292 1861 4332 nunc
1897 4285 1984 4331 est
2022 4275 2315 4330 dicendum
2377 4272 2552 4327 nihilo
2592 4280 2676 4326 est
2706 4286 2772 4326 eo
2802 4271 2986 4345 minus
3008 4280 3063 4325 et
3093 4271 3161 4326 ad
3201 4272 3397 4326 anima:
3465 4270 3666 4326 utilita-

401 4378 529 4433 tem,
548 4380 604 4424 et
626 4372 1019 4426 ostendendam
1044 4375 1295 4442 gratiam,
1319 4389 1440 4443 quae
1466 4374 1522 4429 in
1548 4388 1747 4445 magno
1766 4374 1977 4428 Joanne
2016 4370 2319 4426 habitabat.
2984 4447 2997 4457 .

475 4460 570 4513 IA'.
607 4461 738 4513 Κατ’
780 4462 961 4514 έκεῖνο
1006 4462 1201 4533 καιροῦ
1236 4466 1263 4517 ὁ
1294 4464 1394 4534 τῆς
1432 4466 1639 4528 πόλεως
1697 4466 1881 4534 ἄρχων
1908 4465 1975 4517 τὰ

2150 4460 2290 4518 XIV.
2327 4458 2430 4526 Qui
2453 4459 2543 4515 illo
2576 4468 2824 4530 tempore
2855 4468 2972 4515 erat
3004 4473 3208 4531 praeses
3239 4458 3491 4525 civitatis,
3510 4459 3664 4515 talio»

398 4551 726 4623 Μαρκίωνος
775 4553 1025 4624 δόγματα
1070 4555 1243 4609 νοσῶν
1299 4550 1371 4626 ἦν
1398 4595 1413 4620 ,
1459 4557 1556 4609 καὶ
1601 4559 1716 4621 τοῖς
1769 4556 1981 4610 ἐκείνου

399 4645 716 4714 συνηγορῶν
784 4648 1168 4712 σπουδασταίς,
1234 4649 1329 4701 καὶ
1368 4650 1567 4720 μυρίαν
1622 4650 1872 4704 ἐντεῦθεν
1900 4651 1984 4722 τῷ

396 4740 665 4810 ὀρθοδόξῳ
713 4745 873 4813 μέρει
928 4741 1188 4814 παρέχων
1373 4742 1605 4814 βλάϐην,
1658 4744 1851 4799 τούτου
1884 4745 1982 4815 τὴν

396 4833 647 4902 γαμετὴν
688 4833 719 4885 ὁ
749 4834 1075 4905 ἀπορῤήτως
1123 4833 1298 4889 ταῦτα
1325 4836 1639 4901 ποικίλλων,
1672 4838 1766 4890 καὶ
1797 4834 1983 4904 φιλαν-

395 4922 632 4996 θρώπως
680 4926 1141 4998 οἰκονομούμενος
1191 4928 1332 4998 νόσῳ
1396 4928 1744 5005 δυσεντερίας
1792 4928 1973 4997 ἀφῆκε

395 5021 742 5088 περιπεσεῖν.
790 5019 854 5071 Ἦ
884 5021 941 5072 δὲ
984 5020 1166 5091 ἥττων
1201 5021 1295 5077 τοῦ
1330 5021 1504 5077 κακοῦ
1541 5021 1830 5092 γενομένη,
1866 5022 1972 5074 πᾶ-

393 5126 495 5164 σαν
556 5112 656 5181 μὲν
709 5112 954 5184 ἰατρείας
1019 5114 1300 5186 ἀπήλεγχε
1362 5116 1589 5187 τέχνην*
1622 5114 1822 5175 πάντες
1840 5112 1897 5165 δὲ
1925 5112 1976 5164 οἰ

390 5203 462 5256 τὰ
513 5204 603 5258 ἴσα
641 5207 971 5278 φρονοῦντες
1025 5210 1105 5285 εἰς
1163 5207 1473 5278 προσευχὴ)
1519 5205 1971 5276 συγκαλούμενοι,

395 5295 588 5362 βελτίω
631 5299 897 5353 διετίθουν
962 5301 1138 5355 οὐδέν.
1198 5300 1370 5364 Μόλις
1405 5300 1535 5371 γοῦν
1578 5300 1676 5371 τῆς
1720 5300 1968 5356 Ἰωάννου

392 5386 614 5456 χάριτος
642 5390 723 5453 εἰς
776 5392 1001 5463 μνήμην
1034 5392 1304 5458 ἐλθόντες,
1350 5392 1631 5446 καὶτοῦτο
1666 5390 1808 5445 κατὰ
1843 5389 1969 5443 νοῦν

390 5477 634 5547 θέμενοι,
665 5482 738 5547 ὡς
775 5487 823 5537 εἰ
883 5485 951 5538 δι’
1012 5484 1180 5541 αὑτοῦ
1238 5485 1451 5556 γένοιτο
1496 5485 1590 5539 τοῦ
1657 5485 1969 5554 νοσήματος

394 5569 574 5635 λύσις,
615 5577 1059 5649 συναποσχέσθαι
1095 5578 1190 5633 καὶ
1216 5578 1320 5649 τῆς
1350 5577 1493 5631 κατὰ
1519 5577 1580 5630 τὸ
1610 5576 1787 5644 δόγμα
1807 5575 1964 5628 νόσου

384 5659 795 5735 χαλεπωτέρας,
826 5666 1000 5732 οὕτως
1035 5668 1264 5733 ἑαυτοὺς
1292 5668 1581 5733 πείσαντες
1611 5666 1841 5737 κλινήρη
1868 5665 1965 5734 τὴν

456 5843 474 5875 ³
506 5841 698 5901 Matth.
738 5860 833 5912 xv,
858 5843 961 5899 ἥ.

2084 4558 2240 4613 rabat
2264 4557 2455 4612 morbo
2483 4556 2797 4627 dogmatum
2834 4556 3148 4620 Marci-onis,
3183 4565 3231 4610 et
3267 4554 3484 4611 favebat
3518 4553 3661 4609 illius

2084 4651 2452 4707 sectatoribus
2483 4668 2497 4705 :
2529 4658 2603 4705 et-
2633 4649 2757 4706 ideo
2786 4651 2925 4720 parti
2974 4650 3293 4705 orthodoxae
3334 4658 3456 4704 erat
3498 4666 3662 4706 causa

2082 4742 2350 4797 malorum
2405 4725 2909 4796 innumerabilium.
2970 4740 3145 4809 llujus
3201 4756 3427 4794 uxorem
3471 4741 3534 4806 is,
3567 4743 3661 4813 qui

2081 4850 2280 4901 arcane
2341 4842 2397 4888 et
2447 4833 2681 4905 benigne
2739 4833 2858 4890 haec
2891 4834 3092 4894 variat.
3161 4831 3369 4887 dimisit
3414 4833 3662 4889 laborare

2080 4929 2273 4983 morbo
2311 4925 2561 4981 torminis
2612 4924 3017 4981 intestinorum.
3069 4921 3164 4977 Illa
3214 4930 3396 4997 autem
3436 4937 3465 4976 a
3517 4924 3663 4978 malo

2079 5028 2355 5091 superata,
2386 5033 2604 5073 omnem
2643 5018 2862 5088 quidem
2896 5015 3097 5071 refellit
3122 5014 3409 5072 medicinae
3432 5025 3604 5070 artem
3640 5034 3655 5073 :

2080 5125 2272 5168 omnes
2319 5124 2471 5172 vero,
2509 5110 2602 5178 qui
2678 5108 2870 5162 eadem
2942 5104 3274 5167 sentiebant,
3357 5108 3533 5160 vocati
3590 5107 3659 5161 ad

2080 5204 2408 5267 orationem,
2438 5217 2547 5255 non
2597 5214 2718 5256 eam
2768 5197 2965 5253 melius
3012 5197 3341 5260 affecerunt,
3387 5195 3498 5251 imo
3526 5212 3667 5251 vero

2077 5294 2345 5359 deterius,
2369 5292 2495 5360 mali
2518 5301 2737 5360 tempus
2761 5287 2811 5342 ei
2842 5289 3209 5360 producentes
3248 5300 3388 5342 vana
3422 5300 3517 5356 spe
3554 5301 3657 5340 cu-

2071 5382 2430 5443 ralionis.Vix
2459 5381 2680 5438 tandem
2698 5387 2877 5433 autem
2892 5378 3119 5433 Joannis
3147 5378 3335 5449 gratiae
3365 5375 3653 5437 recordati,

2068 5493 2193 5533 cum
2246 5477 2350 5532 hoc
2380 5458 2530 5546 apud.
2573 5488 2634 5528 se
2682 5472 3024 5535 statuissent,
3055 5471 3200 5540 quod
3239 5469 3282 5525 si
3329 5484 3425 5537 per
3472 5467 3652 5538 ipsum

2070 5570 2225 5625 ﬁeret
2252 5584 2283 5624 a
2314 5569 2508 5634 morbo
2534 5564 2809 5631 liberatio,
2845 5546 3008 5621 simul
3037 5562 3201 5618 etiam
3255 5561 3587 5618 desisterent
3621 5576 3654 5614 a

2067 5663 2260 5723 morbo
2299 5662 2586 5733 dogmatis,
2626 5659 2718 5730 qui
2758 5667 2844 5716 est
2886 5657 3047 5729 longe
3098 5655 3352 5728 gravior;
3391 5666 3517 5709 cum
3570 5649 3647 5708 sic
