4138 6402
540 326 684 395 1379

1747 309 2033 395 MENSIS
2081 288 2544 394 nummus.

3680 332 3830 403 1080

538 445 642 501 sibi
690 440 1117 514 persuasissent,
1151 441 1206 496 in
1240 438 1384 496 lecto
1422 438 1849 497 decumbentem
1894 440 2126 498 alierum

2234 444 2472 509 γυναῖκα
2526 439 2884 513 κομισθεῖσαν
2919 441 3028 513 πρὸ
3054 442 3167 498 τῶν
3195 443 3290 497 τοῦ
3323 442 3474 517 ίιροῦ
3512 447 3827 517 παριπιῖισι

538 534 846 598 mulierem,
879 543 935 587 et
965 548 1085 588 eam
1122 540 1373 588 statuunt
1420 547 1522 603 pro
1547 531 1762 587 foribus
1796 534 2009 603 templi,
2041 534 2134 589 de-

539 626 849 680 siderantes
888 623 1141 678 invenire
1194 622 1514 679 Flavianum
1563 630 1618 676 et
1666 621 1890 676 beatum
1922 622 2133 677 vultum

538 716 783 772 Joannis.
802 716 988 771 Sancti
1015 702 1146 786 ergo
1169 714 1235 769 ad
1263 728 1360 769 eos
1380 709 1967 783 egrediuntur.’Neque
1989 713 2133 767 enim

537 826 639 882 par
666 826 787 866 esse
812 826 995 880 neque
1016 810 1307 863 honestum
1350 807 1669 871 censebant,
1691 815 1750 861 ut
1769 808 1847 861 eis
1873 806 2132 876 templum

537 913 749 976 pateret
777 918 1009 974 quorum
1045 901 1224 955 anima
1255 915 1365 953 non
1397 900 1617 969 patebat
1646 897 2131 969 dogmatibus-pie-

539 996 689 1051 tatis.
722 995 955 1049 Primus
988 1002 1168 1048 autem
1195 992 1276 1047 eis
1306 991 1441 1047 dixit
1481 1005 1644 1045 verus
1676 991 1767 1045 ille
1820 991 1982 1043 homo
2016 989 2129 1054 Dei,

488 1140 495 1147 ,
536 1088 719 1150 beata,
744 1087 991 1156 inquam,
1012 1087 1102 1139 illa
1130 1095 1183 1139 et
1201 1085 1385 1139 suavis
1414 1082 1595 1153 lingua
1616 1100 1630 1134 :
1651 1081 1792 1147 Quid
1814 1097 1911 1135 vos
1940 1082 2127 1144 movit,

538 1186 603 1231 ut
627 1178 931 1233 statueritis
956 1176 1147 1231 venire
1164 1176 1232 1229 ad
1262 1174 1522 1244 templum
1545 1170 2009 1235 Christianorum,
2037 1170 2129 1240 qui

538 1271 819 1327 Christum
851 1270 1070 1340 quidem
1121 1266 1529 1323 adversaniini;
1569 1263 1900 1318 Mareionrm
1946 1274 2128 1318 autem

543 1364 755 1433 plurimi
797 1362 995 1425 facitis,
1026 1369 1081 1415 et
1111 1360 1326 1414 habetis
1372 1359 1427 1412 in
1465 1372 1661 1427 magno
1692 1357 1938 1411 honore?
1973 1356 2129 1422 Quod

537 1457 756 1525 quidem
784 1455 943 1525 plane
961 1453 1094 1521 satis
1114 1451 1375 1513 ostendit,
1395 1450 1541 1520 quod
1570 1448 1715 1502 illius
1735 1448 1976 1505 cultores
1991 1464 2125 1503 con-

537 1547 862 1602 vocaveritis
887 1545 954 1599 ad
987 1543 1162 1597 morbi
1190 1553 1282 1596 aut
1304 1542 1535 1612 alicujus
1566 1542 1833 1597 molestiae
1852 1542 2129 1597 liberatio-

536 1654 686 1706 nem,
726 1637 953 1707 etquod
987 1652 1111 1691 cum
1145 1635 1218 1689 illi
1258 1636 1461 1705 precati
1477 1643 1696 1701 essent,
1726 1650 1839 1690 non
1880 1634 2127 1708 assecuti

534 1734 658 1789 sitis
689 1731 1029 1786 curationem
1064 1746 1079 1783 :
1110 1728 1253 1799 quod
1277 1727 1497 1798 quidem
1530 1728 1684 1783 vobis
1706 1727 1906 1783 accidit
1928 1735 2127 1797 praeter

2238 533 2445 598 πυλῶν,
2492 532 2660 587 αὑτοῦ
2687 551 2743 587 τε
2763 533 3068 589 Φλασιανοῦ
3091 535 3186 589 καὶ
3210 536 3312 608 τῆς
3350 537 3605 592 Ἰωάννου
3636 542 3829 610 τυχεῖν

2237 623 2634 693 ἐπιθυμοῦντες
2667 623 2865 692 ὅψεως.
2884 682 2889 686 ,
2910 624 3118 689 Ἐξίασι
3144 626 3438 700 τοιγαροῦν
3462 628 3601 700 πρὸς
3621 629 3829 694 αὐτοὺς

2235 714 2472 783 οἱᾶγιοι.
2509 715 2645 768 Οὐδὲ
2716 718 2826 786 γὰρ
2886 715 3037 781 ἄξιον
3085 717 3311 791 ἔκριναν
3369 719 3828 793 βάσιμονναὺτοῖς

2235 808 2489 876 γενέσθαι
2509 808 2570 862 τὸ
2606 809 2770 879 ἱερὸν,
2827 809 3028 864 ἄϐατον
3061 811 3142 865 ἔτι
3180 815 3246 884 τῇ
3285 814 3541 886 εὐσεϐείᾳ
3565 814 3666 886 τήν
3712 815 3830 885 ψυ-

2234 900 2336 972 χὴν
2403 900 2613 970 ἔχουσι.
2647 901 2758 954 Καὶ
2791 902 3013 970 πρῶτος
3041 904 3178 974 πρὸς
3204 906 3405 969 αὐτοὺς
3437 908 3465 960 ό
3492 907 3699 978 ἀληθὴς
3722 908 3826 962 τοῦ

2233 990 2371 1044 Θεοῦ
2412 992 2782 1063 ἄνθρωπος,ή
2828 996 3077 1064 μακαρία
3143 995 3367 1063 γλῶσσα
3425 997 3523 1056 ,καὶ
3584 996 3829 1070 μελιχρὰ
3862 1048 3873 1070 _,

2234 1081 2328 1133 καὶ
2345 1062 2629 1150 σωτήριος,
2649 1081 2712 1133 Τί
2735 1062 3017 1146 παθόντες,
3055 1080 3182 1153 spy},
3204 1083 3282 1154 τῷ
3315 1083 3429 1136 τῶν
3469 1062 3827 1155 Χριστιανέύν
3860 1062 3879 1132 ἶ

2233 1170 2347 1240 ναῷ
2406 1170 2870 1241 προσεληλύθατε,
2901 1172 2952 1223 οἱ
2982 1172 3051 1225 τὰ
3082 1172 3319 1244 Χριστοῦ
3350 1173 3451 1243 μὲν
3477 1176 3826 1245 ἐκτρεπόμε-

2231 1279 2337 1323 νοι,
2367 1263 2437 1316 τὰ
2462 1258 2788 1334 Μαρκίωνος
2815 1264 2872 1316 δὲ
2896 1265 2993 1316 καὶ
3018 1264 3227 1335 σφόδρα
3258 1264 3346 1327 διὰ
3366 1268 3534 1335 τιμῆς
3564 1267 3827 1337 ἔχοντες

2231 1348 2326 1417 Οἷς
2355 1354 2498 1424 μέγα
2531 1356 2625 1408 καὶ
2653 1355 2714 1407 τὸ
2741 1355 2866 1418 τοὺς
2888 1354 3097 1408 ἐκείνου
3122 1355 3470 1426 θεραπευτὰς
3490 1360 3570 1422 είς
3595 1353 3830 1414 ὲπικουέ

2188 1488 2189 1491 η
2234 1448 2363 1515 ρίαν
2422 1448 2720 1516 συγκαλεῖν
2778 1448 2873 1501 καὶ
2933 1448 3257 1522 ἀπαλλαγὴν
3326 1449 3422 1504 τοῦ
3485 1453 3822 1523 νοσήματος.

2243 1539 2545 1611 Ἀπόστητε
2569 1540 2750 1595 τοίνυν
2771 1540 2868 1605 τοῦ
2899 1541 3046 1611 ἱεροῦ
3063 1542 3213 1599 ναοῦ.
3244 1543 3377 1598 οὐδὲ
3406 1544 3521 1621 γὰρ
3553 1546 3828 1618 ἐκπειρά-

2229 1649 2320 1685 σαι
2381 1633 2618 1704 Χριστὸν
2670 1635 2831 1705 ὑμεῖς
2864 1634 3161 1707 δυνήσεσθε
3189 1653 3204 1667 ο
3265 1636 3339 1706 μὴ
3368 1636 3529 1690 τοῦτο
3562 1639 3828 1709 πονηρῶς

2228 1723 2430 1779 οἴεσθε.
2489 1726 2628 1788 Τοὺς
2667 1726 2726 1779 δὲ
2775 1716 3007 1796 γονικῂ,
3071 1727 3258 1794 φάναι,
3313 1726 3684 1798 κεχειρῶσθαι
3750 1732 3823 1799 τῇ

535 1824 1026 1895 exspectationem.
1058 1822 1328 1876 Discedite
1359 1838 1489 1894 ergo
1514 1822 1584 1877 ab
1610 1823 1715 1877 hoc
1728 1837 1884 1877 sacro
1900 1823 2120 1892 templo,

2229 1819 2431 1891 πλάνῃ,
2485 1820 2582 1873 καὶ
2636 1819 2931 1890 συνηθείας
2991 1821 3238 1891 πονηρᾶς
3262 1820 3608 1890 ήττᾶσθαιτὸ
3642 1823 3823 1893 μέχρι

534 1919 794 1987 quoniam
823 1928 927 1972 nec
963 1931 1059 1970 vos
1113 1915 1369 1985 poteritis
1402 1915 1630 1970 omnino
1677 1914 1958 1970 Christum
2000 1923 2127 1970 teu-

533 2017 652 2065 tarc
683 2029 697 2066 :
732 2026 801 2065 ne
841 2011 946 2064 hoc
984 2007 1150 2063 stulte
1188 2008 1412 2078 putetis.
1450 2007 1526 2061 Illi
1566 2000 1749 2062 autem
1780 2006 2035 2062 dicebant
2067 2021 2127 2061 se

535 2115 825 2175 parentum
860 2116 1048 2157 errore
1077 2114 1197 2154 esse
1244 2108 1434 2168 captos
1477 2107 1532 2152 et
1582 2113 1758 2168 usque
1802 2098 1856 2152 in
1904 2098 2125 2153 hodier»

533 2209 669 2251 num
706 2196 849 2249 diem
910 2192 1082 2249 fuisse
1107 2201 1396 2263 superatos
1433 2206 1462 2244 a
1496 2190 1640 2244 mala
1701 2175 2122 2245 consuetudine.

534 2290 642 2344 Sed
669 2303 767 2358 per
784 2274 1087 2352 Christum,
1109 2286 1466 2349 aiebant,‘vos
1489 2298 1765 2354 rogamus,
1785 2282 2126 2338 miseremini

534 2379 947 2450 poenitentium.
982 2378 1075 2431 Sic
1107 2378 1252 2431 enim
1302 2390 1427 2430 cum
1453 2390 1540 2441 eo,
1578 2374 1724 2444 quod
1758 2389 1956 2445 corpus
1979 2365 2127 2428 recte

537 2471 811 2537 alﬁcietis,
854 2469 1103 2525 eﬂicictis
1132 2468 1413 2531 etiam,'ut
1437 2483 1569 2522 sana
1595 2468 1668 2522 sit
1694 2466 1897 2522 anima.
1930 2466 2126 2521 Sciatis

535 2563 687 2618 cnim
721 2562 858 2627 fore,
894 2570 951 2614 ut
981 2574 1082 2613 nos
1113 2572 1458 2628 nequaquam
1494 2556 1729 2626 amplius
1755 2556 2127 2612 abstineamus

536 2673 567 2711 a
600 2650 988 2710 communione
1014 2660 1218 2716 vestra,
1251 2665 1373 2720 quae
1394 2658 1480 2705 est
1507 2665 1574 2704 ex
1608 2665 1737 2705 vera
1769 2649 1996 2720 pietate.
2029 2648 2126 2705 His

532 2750 710 2806 ﬂexus
739 2763 969 2818 magnus
1000 2747 1262 2811 Joannes,
1294 2745 1460 2815 iussit
1507 2759 1703 2814 aquam
1751 2742 1933 2798 all‘crri
1969 2761 1982 2796 :
2036 2743 2126 2798 cui

534 2853 660 2895 cum
684 2837 927 2893 divinum
949 2834 1578 2908 signaculuminjecisset
1597 2833 1843 2904 pontifex
1865 2833 1966 2904 (sic
1980 2834 2126 2889 enim

492 2980 495 2985 .
534 2930 648 2984 illic
676 2930 730 2984 ei
756 2929 1077 2999 persuasit),
1104 2926 1323 2982 mulieri
1349 2925 1553 2982 infudit
1577 2927 1631 2981 in
1650 2925 1859 2982 Christi
1880 2926 2123 2982 neruine.

534 3021 697 3090 Quod
725 3005 944 3092 quidem
977 3036 1103 3075 cum
1154 3021 1360 3074 factum
1397 3027 1564 3083 esset,
1599 3034 1721 3088 quae
1752 3018 1809 3072 in
1856 3018 2001 3076 lecto
2025 3018 2125 3073 de-

537 3113 852 3179 cumbcbat,
882 3113 1069 3168 statim
1093 3112 1349 3166 surrexit'
1375 3126 1530 3177 sana,
1562 3117 1619 3166 et
1672 3126 1797 3165 eum
1843 3110 2043 3165 marito
2070 3120 2128 3166 et

539 3207 756 3263 civibus
776 3223 882 3262 una
907 3220 1039 3261 voce
1062 3204 1352 3259 unanimes
1372 3204 1652 3282 Christum
1677 3204 2122 3275 magniﬁeabant.

537 3301 750 3356 Deinde
777 3301 941 3355 etiam
975 3298 1042 3353 ad
1082 3304 1396 3353 sanctorum
1425 3312 1602 3369 genua
1630 3297 1999 3367 procidentes,
2029 3312 2127 3367 pe-

541 3396 752 3450 tierunt
778 3395 997 3450 veniam
1051 3394 1252 3465 prioris
1296 3394 1638 3464 ignorantiae,
1675 3401 1731 3447 et
1783 3392 2008 3448 domum
2038 3409 2127 3450 re-

541 3490 770 3545 dierunt
806 3504 820 3543 :
871 3494 927 3542 et
971 3502 1095 3541 cum
1145 3487 1345 3541 multas
1377 3487 1599 3557 quidem
1628 3486 1911 3556 .pecunias
1938 3487 2127 3559 egenis

541 3579 975 3644 distribuissent,
1002 3577 1223 3650 triginta
1256 3593 1386 3633 vero
1416 3579 1581 3632 libras
1610 3577 1751 3641 auri,
1783 3577 1980 3647 partim
2004 3577 2127 3649 qui-

537 3675 663 3728 dem
709 3671 778 3727 ad
835 3679 1115 3740 sumptura
1174 3674 1625 3741 peregrinorum,
1683 3668 1883 3740 partim
1944 3679 2126 3724 autem

538 3773 893 3837 aegrotorum,
926 3762 1124 3833 partim
1147 3776 1278 3815 vero
1319 3760 1595 3833 egentium
1638 3760 1983 3819 xenodochio
2019 3768 2128 3814 tra-

541 3857 850 3921 didissent,
905 3864 961 3909 et
1009 3853 1079 3908 ab
1131 3852 1224 3906 illo
1277 3860 1526 3920 tempore
1573 3866 1603 3904 a
1652 3849 2125 3908 Mareionistarum

539 3945 933 4002 communione
985 3941 1213 3997 omnino
1282 3933 1711 4002 abétinuissent,
1764 3937 2035 3993 insaniam
2073 3943 2129 3990 et

539 4041 834 4095 amentiam
868 4053 958 4092 res
984 4035 1202 4089 illorum
1218 4029 1727 4100 vocantes,Christi
1765 4039 2129 4085 sacrosancte

541 4132 855 4187 assidebam
880 4128 1160 4184 Ecclesiae.
1200 4125 1340 4180 Cum
1377 4134 1559 4179 autem
1588 4122 1664 4176 illi
1695 4121 1846 4177 omni
1881 4122 2128 4177 adhibito

539 4221 746 4287 studio,
782 4230 838 4276 et
880 4219 1054 4280 omni,
1106 4227 1168 4272 ut
1198 4216 1421 4282 dicitur,
1470 4215 1706 4268 rudente
1757 4224 1937 4278 moto,
1989 4210 2128 4265 nihil

540 4314 767 4370 omnino
800 4312 1182 4383 perfecissent,
1237 4319 1292 4364 ct
1341 4309 1730 4378 desperassent
1769 4302 1884 4359 ﬁeri
1943 4319 2124 4375 posse,

539 4415 602 4462 ut
632 4405 734 4476 ipsi
767 4405 836 4460 ad
886 4419 984 4460 eos
1018 4403 1284 4466 redirent,
1320 4399 1775 4471 prmstigiatorem
1811 4408 1867 4454 et
1904 4400 2125 4470 Magum

532 4496 805 4552 Joannem
848 4496 1216 4567 appellabant,
1248 4492 1584 4562 et‘pl'uribus
1609 4490 1733 4544 aliis
1757 4492 2122 4557 contumeliis,

2230 4495 2511 4565 Δεσνπότην
2530 4494 2722 4564 ὁμοίῳο
2757 4494 2933 4559 ἄλλως
2960 4514 3021 4549 τε
3050 4497 3107 4549 δὲ
3140 4499 3232 4550 καὶ
3257 4498 3604 4567 θεόπεμπτον
3634 4498 3824 4560 αὐτοῖς
3866 4501 3875 4533 ι
3966 4560 3973 4563 Α

536 4588 815 4643 civitatem
845 4587 1137 4650 obeuntes,
1172 4599 1295 4659 cum
1328 4581 1663 4653 allieiebant.
1695 4581 1790 4635 Ille
1828 4597 1961 4637 vero
2003 4592 2124 4635 tan-

539 4689 655 4735 tum
681 4681 878 4746 abluit,
914 4688 974 4735 ut
1021 4678 1109 4734 vel
1156 4676 1443 4731 minimum
1475 4685 1697 4731 curaret
1738 4676 2120 4743 contumelias,

540 4778 601 4826 ut
634 4770 715 4824 eis
748 4770 933 4841 potius
978 4767 1234 4823 similiter
1277 4766 1441 4846 atque
1469 4764 1734 4820 Dominus
1776 4766 2120 4838 gloriaretur.

537 4862 753 4932 Alioqui
787 4871 969 4916 autem
1004 4858 1271 4915 divinitus
1312 4858 1611 4913 immissum
1663 4858 2030 4913 calamitatem
2057 4859 2123 4911 ad

538 4968 637 5008 eos
676 4969 802 5008 mox
832 4967 953 5007 esse
982 4960 1270 5005 venturam
1306 4951 1396 5005 ille
1422 4950 1696 5021 przedixit.
1738 4949 1933 5004 Paucis
1975 4949 2121 5003 enim

537 5056 661 5117 post
683 5046 896 5110 diebus,
928 5060 1050 5099 cum
1081 5059 1309 5115 magnus
1339 5054 1681 5099 terminotus
1715 5043 1910 5098 fuisset
1935 5043 2125 5111 Antio-

539 5140 700 5202 chiae,
744 5138 862 5208 ipsa
888 5138 1105 5202 domus,
1136 5152 1259 5206 qua:
1297 5136 1776 5192 Marcionistarum
1805 5144 2125 5204 susceperat

538 5231 1045 5304 congregationem,
1089 5244 1375 5292 corruens,
1411 5238 1465 5283 et
1505 5230 1705 5283 dOllluS
1736 5242 1954 5296 quoque
1999 5227 2121 5296 plu-

542 5322 695 5376 rima:
726 5336 852 5376 cum
889 5321 975 5386 iis,
1015 5321 1107 5391 qui
1154 5322 1345 5377 eadem
1394 5320 1724 5385 sentiebant,
1762 5320 2122 5391 labelactatae,

542 5415 904 5485 perdiderunt
947 5415 1240 5484 quamdam
1293 5412 1667 5467 incredibilem
1716 5427 1907 5466 eorum
1938 5413 2126 5467 multi-

542 5506 809 5571 tudinem,
836 5514 892 5559 et
921 5505 1064 5575 quod
1107 5513 1194 5559 est
1234 5502 1469 5557 maxime
1512 5502 1855 5564 admirabile,
1891 5512 1947 5558 et
1977 5505 2122 5573 quod

540 5606 730 5666 aperte
773 5597 1096 5651 ostendebat
1122 5611 1245 5651 eam
1297 5594 1559 5650 divinitus
1611 5594 1912 5651 immissum
1954 5596 2125 5660 fuisse

542 5687 929 5754 calamitatem,
955 5703 1081 5743 cum
1113 5696 1264 5743 tanta
1294 5687 1545 5757 periisset
1576 5688 1869 5743 multitudo
1906 5704 2119 5757 eorum,

545 5778 635 5841 qui
670 5778 808 5833 male
854 5780 1186 5847 sentiebant,
1212 5779 1393 5835 nullus
1418 5795 1482 5834 ex
1530 5779 1618 5846 iis,
1647 5778 1763 5858 _qui
1797 5792 1945 5837 recte
1990 5797 2120 5839 san—

2225 1913 2327 1983 τῆς
2388 1912 2652 1982 σήμερονο
2721 1910 2856 1964 ἀλλὰ
2905 1911 3046 1982 πρὸς
3104 1910 3202 1963 τοῦ
3269 1912 3509 1982 Χριστοῦ
3555 1913 3822 1984 δεόμεθα,

2224 2003 2533 2075 οἰκτείρατε
2570 2003 3065 2075 μεταμελομένους.
3100 2002 3258 2057 Οῦτω
3291 2004 3403 2076 γὰρ
3438 2007 3578 2075 μετὰ
3621 2007 3717 2059 τοῦ
3753 2007 3822 2062 εὖ

2229 2096 2390 2166 σῶμα
2434 2096 2680 2165 ποιῆσαι,
2725 2097 2820 2149 καὶ
2857 2096 2957 2167 τὴν
3005 2096 3187 2168 ψυχὴν
3249 2097 3535 2164 ὑγιάσατε.
3562 2100 3672 2153 Καὶ
3705 2100 3822 2171 γὰρ

2225 2190 2409 2243 οὐκέτι
2461 2188 2563 2259 τῆς
2614 2189 2758 2243 κατὰ
2812 2189 2912 2258 τὴν
2960 2189 3249 2243 εὐσὲὄειαν
3304 2187 3465 2260 ὑμῶν
3524 2192 3819 2257 κοινωνίας

2227 2281 2635 2354 ἀποστήσεσθαι
2700 2281 3189 2353 διαϐεϐαιούμεθα.
3266 2283 3494 2351 Τούτοις
3565 2285 3820 2355 ἐπικαμ-

2226 2374 2429 2445 φθέντα
2479 2374 2573 2427 τὸν
2623 2373 2818 2445 μέγαν,
2852 2374 2999 2446 ὕδωρ
3046 2375 3481 2447 προσενεχθῆναι
3526 2376 3816 2441 κελεῦσαι,

2225 2462 2384 2517 τοῦτο
2411 2462 2468 2516 δὲ
2498 2462 2799 2534 σφραγίσαι
2826 2462 2918 2516 τὸν
2956 2464 3221 2534 ίεράρχην
3257 2463 3424 2535 (οὕτω
3485 2464 3581 2519 τοῦ
3626 2466 3820 2521 Ἰωάν-
3896 2532 3903 2536 _

2227 2571 2320 2608 νου
2383 2553 2697 2619 πείσαντος)
2727 2556 2829 2608 καὶ
2895 2556 2990 2609 ἐπὶ
3014 2556 3091 2626 τῷ
3154 2557 3247 2610 τοῦ
3296 2557 3537 2629 Χριστοῦ
3585 2558 3819 2629 ὀνόματι

2227 2643 2598 2714 καταχεθῆναι
2662 2642 2779 2715 [γρ.
2841 2644 3307 2717 κατασχεσθῆναι]
3373 2648 3473 2718 τῆς
3531 2651 3834 2717 γυναικός.-

2272 2729 2413 2806 ὗπερ
2437 2735 2501 2804 δὴ
2529 2737 2847 2806 γενομένου,
2882 2738 2916 2807 ή
2945 2736 3266 2810 κλινοπετὴς
3325 2739 3488 2804 εὐθὺς
3538 2742 3807 2795 ἀνίστατο

2229 2826 2412 2901 ὑγιὴς,
2437 2829 2532 2881 καὶ
2566 2826 2686 2899 ἅμα
2722 2829 2820 2889 σὺν
2874 2829 3032 2899 ἀνδρὶ
3075 2831 3170 2882 καὶ
3203 2829 3455 2894 πολίταις
3518 2835 3620 2905 μιᾷ
3659 2837 3822 2906 φωνῇ

2227 2918 2319 2972 τὸν
2347 2918 2585 2989 Χριστὸν
2641 2918 3000 2988 ἐμεγάλυνεν.
3060 2916 3196 2972 Εἶτα
3239 2922 3335 2973 καὶ
3388 2920 3528 2991 πρὸς
3557 2921 3691 2989 γόνυ
3720 2922 3822 2974 πί-

2228 3026 2457 3073 πτοντες
2478 3010 2603 3073 τοὺς
2639 3010 2830 3078 ἁγίους
2866 3010 3198 3082 συγγνώμην
3220 3013 3315 3084 τῆς
3347 3013 3622 3084 προτέρας
3650 3014 3826 3085 ᾔτουν

2229 3101 2454 3169 ἀγνοίας
2679 3102 2861 3165 ἀνοίας
2886 3100 2930 3175 ],
2982 3102 3078 3156 καὶ
3107 3104 3249 3157 οὕτω
3276 3104 3556 3176 χαίροντες
3577 3105 3825 3179 ἐπανῄε-

2233 3211 2355 3260 σαν,
2408 3196 2577 3250 πολλὰ
2634 3195 2735 3267 μὲν
2760 3197 2870 3252 τῶν
2911 3193 3212 3268 χρημάτων
3259 3201 3370 3260 τοῖς
3402 3200 3461 3253 ἐν
3490 3200 3651 3271 χρείᾳ
3700 3200 3824 3254 δια-

2228 3287 2570 3358 νειμάμενοι,
2629 3289 2929 3359 τριάκοντα
2980 3289 3038 3343 δὲ
3074 3290 3273 3361 λιτρῶν
3324 3293 3552 3364 χρυσίον
3591 3295 3688 3348 ἐπὶ
3724 3293 3826 3348 δα-

2227 3382 2397 3453 πάνῃ,
2455 3380 2616 3435 τοῦτο
2679 3382 2778 3453 μὲν
2838 3384 3031 3449 ξένων,
3079 3385 3236 3438 τοῦτο
3260 3386 3315 3439 δὲ
3362 3384 3665 3451 νοσούντων
3715 3389 3821 3441 καὶ

2229 3473 2543 3544 πενομένων
2570 3473 2649 3543 τῷ
2679 3472 2996 3546 ξενοδοχείῳ
3052 3477 3490 3549 παρασχόμενοι.
3539 3477 3632 3545 Ἐξ
3669 3480 3823 3533 ὲκεί-

2227 3582 2321 3619 νου
2347 3565 2405 3618 δὲ
2437 3554 2756 3622 παντάπασι
2782 3567 2875 3620 καὶ
2910 3569 3010 3639 τῆς
3039 3567 3147 3622 τῶν
3189 3569 3637 3640 Μαρκιωνιστῶν
3675 3570 3820 3624 ἀπο-

2230 3657 2485 3729 σχόμενοι
2534 3658 2850 3725 κοινωνίας,
2894 3661 2961 3731 τῇ
3005 3660 3098 3713 τοῦ
3141 3660 3383 3732 Χριστοῦ
3438 3664 3820 3734 προσήδρευον

2242 3748 2563 3820 Ἐκκλησία.
2614 3750 2701 3814 Ὠς
2731 3752 2787 3803 δὲ
2826 3752 3028 3823 πολλὴν
3055 3754 3253 3807 ἐκεῖνοι
3280 3756 3376 3823 τὴν
3404 3754 3646 3825 σπουδὴν
3695 3757 3817 3808 εἰσι

2230 3840 2601 3910 ενέγκαντες,
2658 3846 2753 3897 καὶ⁵
2823 3843 3015 3914 ὥσπερ
3052 3846 3080 3897 ό
3142 3845 3339 3913 λόγος,
3403 3846 3580 3901 πάντα
3634 3848 3824 3903 κάλων

2229 3943 2575 4013 κινήσαντες,
2614 3934 2730 4011 ’τὴν
2766 3943 2854 4004 είς
2887 3941 2957 3995 τὰ
2989 3940 3182 4012 πρώην
3223 3942 3404 3996 αὐτῶν
3434 3942 3551 4014 [γρ.
3584 3942 3823 4016 τούτων]

2230 4035 2580 4107 ὑποστροφὴν
2626 4034 2975 4103 ἀπέγνωσαν,
3039 4038 3214 4108 μάγον
3269 4052 3324 4089 τε
3362 4036 3675 4089 ἀπεκάλουν
3711 4037 3813 4089 τὸν

2253 4128 2541 4199 Ἰωάννην,
2576 4130 2670 4182 καὶ
2710 4129 2847 4184 ἀλλα
2888 4130 3140 4195 πλεῖστα,
3165 4130 3268 4201 τὴν
3306 4130 3464 4194 πόλιν
3487 4128 3821 4200 περιϊόντες,

2230 4221 2311 4282 εἱς
2348 4221 2512 4273 αὑτὸν
2571 4219 2817 4292 ὕϐριζον.
2854 4219 2914 4275 '0
2948 4221 3004 4274 δὲ
3044 4220 3301 4275 τοσοῦτον
3331 4221 3539 4289 ἀπέσχε
3578 4220 3673 4274 τοῦ
3721 4224 3826 4273 καὶ

2231 4311 2366 4382 πρὸς
2415 4311 2597 4379 ὀλίγον
2654 4312 3062 4384 ἐπιστραφῆναι
3121 4314 3232 4367 τῶν
3288 4313 3541 4387 ὕϐρεων,
3589 4314 3673 4371 ὅτι
3723 4313 3826 4376 καὶ

2234 4403 2601 4473 σεμνύνεσθαι
2663 4405 2866 4473 μᾶλλον
2899 4407 2988 4458 ἐπ’
3017 4407 3207 4478 αύταῖς
3271 4402 3408 4475 εἶχε,
3438 4405 3515 4475 τῷ
3554 4405 3692 4475 πρὸς
3726 4406 3823 4457 τὸν

2230 4586 2538 4657 συμφορὰν,
2555 4587 2677 4641 ὅσον
2698 4585 2871 4653 οὔπω,
2890 4590 3223 4644 καταλαϐεῖν
3251 4586 3576 4660 μέλλουσαν,
3601 4592 3818 4652 ἐκεῖνος

2228 4679 2512 4756 προεῖπεν.
2574 4679 2815 4748 Ὀλίγαις
2878 4682 2987 4753 γὰρ
3026 4681 3253 4752 ὕστερον
3287 4684 3526 4754 ήμὲραις
3579 4669 3821 4752 σεισμοῦ

2230 4769 2469 4838 μεγάλου
2499 4769 2596 4841 τὴν
2637 4772 2915 4843 Ἀντιόχου
2943 4775 3294 4845 κινήσαντος,
3321 4775 3481 4837 αὑτός
3512 4792 3571 4827 τε
3591 4776 3618 4827 ὁ
3641 4770 3819 4841 οἶκος,

2226 4860 2285 4924 ὃς
2314 4862 2414 4931 τὴν
2442 4862 2551 4916 τῶν
2573 4864 3013 4934 Μαρκιωνιστῶν
3039 4869 3365 4937 συναγωγὴν
3395 4867 3631 4937 ἐδέχετο,
3669 4884 3826 4937 συμ-

2230 4954 2437 5023 πεσὼν,
2470 4956 2566 5009 καὶ
2612 4958 2784 5012 οἰκίαι
2816 4958 3067 5011 πλεῖσται
3096 4960 3210 5021 τοῖς
3247 4959 3314 5011 τὰ
3349 4944 3493 5012 αὐτὰ
3524 4950 3827 5028 ιρρονοῦσιν

2227 5047 2787 5111 ὲπικατασεισθείσαι,
2849 5051 3079 5104 ἄπιστόν
3107 5069 3160 5105 τι
3208 5051 3414 5124 πλῆθος
3475 5053 3656 5107 αὐτῶν
3712 5057 3830 5106 ἁπ-

2227 5136 2467 5194 ώλεσαν.
2497 5141 2609 5194 Καὶ
2629 5142 3199 5217 τοθαυμασιώτατον,
3249 5145 3344 5198 καὶ
3369 5145 3397 5198 ὃ
3437 5148 3679 5217 φανερὰν
3713 5145 3833 5200 δει-

2228 5229 2382 5282 κνύει
2442 5231 2703 5302 θεήλατον
2762 5231 2901 5287 εἶναι
2950 5238 3056 5308 τήν,
3106 5238 3417 5307 συμφορὰν,
3441 5238 3524 5290 ὅτι
3556 5237 3827 5292 τοσούτου

2228 5319 2466 5391 πλήθους
2518 5325 2628 5377 τῶν
2693 5326 3000 5393 κακοδόξων
3062 5330 3434 5394 ἀπολωλότος,
3490 5329 3669 5391 οὐδεὶς
3699 5330 3819 5382 τῶν

2225 5413 2363 5484 ὀρθὰ
2415 5417 2759 5485 φρονούντων
2804 5422 2991 5481 αὐτοῖς
3046 5420 3419 5476 συναπώλετο.
3461 5422 3634 5474 Τοῦτο
3661 5425 3827 5490 γενό-

2230 5524 2391 5577 μενον
2456 5510 2552 5562 καὶ
2598 5513 2724 5573 τοὺς
2760 5511 3125 5578 εὐσεϐοῦντας
3184 5516 3500 5586 ἐπέρρωσε,
3553 5517 3650 5569 καὶ
3708 5514 3830 5568 τῶν

2228 5602 2417 5665 κακῶς
2466 5603 2811 5671 φρονούντων
2861 5606 3092 5677 συχνοὺς
3136 5606 3510 5677 διωρθώσατο.
3573 5606 3703 5659 ’Καὶ
3753 5603 3830 5677 ἧν

2231 5696 2357 5749 ίδείν
2380 5697 2521 5750 κατὰ
2545 5697 2644 5769 τὴν
2673 5698 2893 5753 ἃπασαν
2920 5697 3105 5769 χώραν
3128 5699 3226 5769 τῆς
3249 5699 3459 5763 πόλεως
3482 5698 3822 5770 εύκτηρίους

2232 5787 2329 5857 μὲν
2356 5787 2538 5852 οἴκους
2562 5788 2683 5860 Θεῷ
2704 5789 3154 5863 ἅνεγειρομένους
3178 5808 3191 5819 ·
3223 5792 3278 5846 εί
3308 5809 3409 5847 που
3438 5778 3493 5847 δὲ
3516 5792 3642 5856 ναὸς
3662 5791 3827 5845 εἱδωιι
