4138 6416
372 360 511 431 1081

1365 321 1547 427 ιω
1584 363 1649 426 s.
1682 362 2009 426 JOANNIS
2057 356 2615 427 CHRYSOSTOMI.

3499 356 3642 429 1082

368 482 524 543 λικδς
567 476 965 564 καταλέλειπτο
989 517 1005 543 ,
1050 474 1348 550 καθῃρεῖτο
1410 478 1506 532 καὶ
1527 479 1744 564 είς-γῆν
1770 479 1960 549 ὲδαφξ-

2073 456 2293 545 Liebant,
2321 480 2485 534 simul
2518 492 2645 534 cum
2694 477 2764 533 iis
2794 476 2976 548 periit.
3019 474 3133 532 lloe
3161 489 3286 532 cum
3334 474 3406 531 ita
3439 473 3641 532 iactum

372 574 519 640 ζετο·
559 558 838 643 ἄνδραςδὲ
861 571 1180 640 φιλοσοφίας
1219 571 1315 625 καὶ⁵
1357 571 1563 643 ἀρετῆς
1616 558 1959 644 ἑπιμελομὲ·

374 681 501 729 νους
552 664 650 718 καὶ
678 662 848 732 πολλῇ
873 665 939 735 τῇ
969 663 1187 716 συνέσει
1240 664 1714 733 κεκοσμημένους,
1738 664 1962 735 ὐπδιτῆς

373 755 470 811 τοῦ
504 755 743 827 μεγάλου
762 753 966 808 τούτου
986 754 1245 825 προνοίας
1301 754 1383 817 εἰς
1427 754 1528 824 τὴν
1580 755 1692 808 τῶν
1742 756 1961 810 πολλῶν

375 846 657 919 σωτηρίαν
705 839 1184 916 ὲκπεμζπομένους,
1249 845 1572 918 Μαρτύριον
1601 847 1858 916 ἀψευδὲς,
1891 847 1961 902 τὰ

375 940 523 996 κατὰ
571 938 634 992 τδ
691 937 973 1009 Ἀμμανδν
1029 937 1176 1008 ὅρος.
1201 938 1511 1009 τηνικαῦτα
1566 940 1912 1010 γεγενημένα
1943 979 1960 1006 ,

375 1014 506 1088 ἔνθα
537 1034 664 1094 τοὺς
701 1031 1096 1094 κατοικοῦντας
1122 1016 1284 1084 οὐδὲν
1297 1030 1464 1084 πλέον
1493 1031 1639 1104 ἔχειν
1658 1034 1740 1097 είς
1769 1033 1960 1103 ἀγριό-

373 1143 514 1195 τητα
539 1126 666 1188 τοὺς
693 1123 869 1195 θῆρας
893 1122 1321 1186 καταλιπόντας,
1345 1125 1424 1187 είς
1448 1122 1721 1193 τοσαύτην
1752 1127 1962 1189 ἐκεῖνος

376 1219 587 1296 ήγαγεν
634 1216 952 1287 ἡμερότητά
984 1232 1044 1268 τε
1078 1214 1173 1268 καὶ
1209 1214 1546 1282 θεοσέϐειαν,
1577 1216 1652 1280 ὡς
1684 1216 1961 1286 ἀμελῆσαι

380 1311 479 1377 μὲν
555 1309 656 1379 τῆς
699 1308 1186 1379 πατροπαραδότου
1244 1307 1548 1379 θρησκείας
1605 1308 1960 1382 (πράγματος

382 1399 606 1472 ἰσχυροῦ
660 1400 887 1470 σφόδρα,
910 1400 1019 1453 ικαὶ
1068 1400 1281 1469 ἀλόγως
1331 1404 1461 1464 τοὺς
1506 1401 1737 1466 πολλοὺς
1765 1403 1841 1465 ὡς
1863 1402 1965 1455 οὐκ

379 1494 542 1550 ἄλλοι)
575 1492 720 1568 τινὸς
757 1485 1162 1566 χειρουμένου),
1196 1493 1481 1565 σὺνπολλῇ
1505 1492 1562 1546 δὲ
1591 1496 1657 1564 τῇ
1683 1494 1967 1566 προθυμία

385 1589 522 1659 πρὸς
549 1587 610 1641 τδ
633 1586 735 1656 τῆς
764 1586 1025 1656 ἀληθείας
1074 1587 1279 1656 φέγγος
1313 1587 1715 1658 αὐτομολῆσαι·
1753 1590 1851 1641 καὶ
1889 1589 1964 1659 μὴ

388 1680 550 1752 μέχρι
588 1678 784 1733 τούτου
854 1679 1069 1749 στῆναι,
1131 1679 1265 1733 ἀλλὰ
1299 1681 1395 1735 καὶ
1443 1681 1673 1745 πολλοὺς
1696 1681 1758 1746 ἐξ
1786 1681 1967 1735 αὐτῶν

383 1772 796 1843 φιλοτιμότερον
813 1775 878 1843 τῇ
905 1773 1158 1844 εὐσεϐείᾳ
1186 1773 1509 1842 χρωμένους
1546 1772 1749 1843 ἄνδρας
1776 1789 1836 1826 τε
1872 1772 1968 1825 καὶ

2062 580 2231 637 esset,
2262 581 2317 627 et
2357 575 2479 643 pios
2525 572 2929 645 corroboravit,
2961 578 3018 626 et
3067 570 3307 627 correxit
3349 571 3550 625 multos
3576 585 3646 624 ex

2067 667 2154 727 iis,
2179 662 2274 735 q'ui
2318 665 2464 719 male
2492 665 2844 720 sentiebant:
2882 671 2937 718 et
2972 663 3172 719 licebat
3202 661 3388 718 videre
3417 662 3472 716 in
3521 661 3648 715 uni-

2064 771 2224 813 versa
2252 756 2474 828 regione
2501 757 2761 821 civitatis,
2783 757 2975 812 domos
2994 757 3214 827 quidem
3242 755 3514 812 oratorias
3538 755 3649 810 Deo
3763 812 3771 820 _

2064 851 2316 912 excitari,
2350 850 2553 919 templa
2593 858 2776 904 autem
2815 848 3257 915 simulacrorum,
3286 850 3334 913 si
3377 846 3524 920 quod
3557 861 3649 902 re-

2066 952 2364 1006 manserat,
2389 941 2532 997 di'rui
2555 941 2805 1017 funditus
2827 948 2885 995 et
2924 940 2980 994 in
3018 949 3218 995 terram
3262 941 3424 1010 dejici
3456 955 3470 993 :
3503 940 3651 993 viros

2065 1046 2269 1097 autem.
2299 1038 2390 1105 qui
2424 1033 2786 1105 philosophia:
2809 1048 2998 1089 curam
3032 1033 3295 1104 gerebant
3321 1041 3377 1087 et
3408 1033 3648 1097 virtutis,

2067 1142 2373 1198 magnaque
2407 1127 2582 1182 ornati
2610 1134 2776 1181 erant
2819 1122 3180 1197 intelligentia
3197 1134 3252 1179 et
3283 1125 3537 1180 acumine
3564 1123 3652 1177 in-

2068 1221 2233 1291 genii,
2254 1236 2283 1275 a
2301 1221 2484 1291 magni
2509 1221 2674 1289 hujus
2706 1220 2809 1274 viri
2839 1220 3187 1290 providentia
3211 1218 3386 1274 emitti
3412 1219 3478 1273 ad
3512 1217 3653 1270 mul-

2068 1324 2248 1371 torum
2295 1315 2547 1370 salutem.
2578 1314 2802 1370 Certum
2833 1322 3017 1370 autem
3050 1306 3191 1383 éjus,
3219 1312 3364 1384 quod
3398 1311 3654 1377 dicimus,

2068 1409 2447 1465 testimonium
2496 1417 2625 1464 sunt
2676 1423 2777 1472 ea,
2828 1424 2951 1479 quas
2996 1407 3138 1464 facta
3186 1415 3316 1461 sunt
3356 1406 3412 1461 in
3466 1412 3656 1459 monte

2067 1498 2374 1555 Ammano:
2413 1502 2503 1556 ubi
2535 1516 2630 1556 eos
2657 1500 2750 1570 qui
2786 1494 3125 1563 habitabant,
3159 1499 3254 1569 qui
3296 1507 3455 1553 erant
3500 1495 3654 1566 impii

2069 1600 2125 1645 et
2162 1590 2548 1653 immansueti.
2600 1601 2655 1646 et
2707 1590 2845 1645 nihil
2892 1590 3227 1646 diﬂ‘erebant
3264 1606 3294 1643 a
3350 1590 3655 1644 bestiarum

2067 1684 2430 1751 immanitate,
2460 1685 2552 1739 ille
2581 1685 2649 1739 ad
2686 1693 2893 1738 tantam
2918 1683 3398 1747 mansuetudinem
3429 1682 3658 1737 deduxit

2071 1787 2127 1832 et
2149 1778 2431 1847 pietatem,
2455 1787 2516 1833 ut
2542 1793 2571 1832 a
2595 1779 2847 1849 patribus
2866 1778 3085 1848 quidem
3107 1778 3288 1833 datam
3314 1775 3658 1848 neglexerint

382 1867 674 1934 γυναῖκας,
724 1866 851 1927 τοὺς
907 1864 1006 1934 μὲν
1037 1864 1131 1918 τὸν
1162 1865 1272 1919 τῶν
1325 1866 1602 1936 μοναχῶν,
1633 1867 1762 1929 τοὺς
1794 1866 1852 1920 δὲ
1873 1866 1966 1919 τὸν

2075 1869 2412 1940 religionem,
2439 1884 2553 1923 rem
2590 1869 2744 1923 valde
2771 1868 3070 1931 difﬁcilem,
3097 1878 3152 1923 et
3179 1862 3322 1938 quae,
3354 1870 3398 1921 si
3428 1866 3534 1920 ulla
3569 1879 3657 1919 res

381 1956 489 2010 τῶν
511 1956 798 2028 παρθένων
829 1956 994 2023 ζυγὸν
1018 1957 1311 2013 ὑπελθεῖν..
1335 1957 1417 2011 Τὰ
1435 1957 1494 2011 δὲ
1526 1959 1652 2027 περὶ
1669 1959 1729 2010 τὸ
1764 1952 1969 2010 Κάσιον

381 2050 508 2122 ὅρος
540 2049 637 2102 καὶ
695 2048 787 2102 τὸν
844 2050 1025 2104 ἐκεῖσε
1079 2049 1191 2103 τῶν
1251 2049 1522 2121 Ἐλλήνων
1549 2050 1777 2120 ναὸντῷ
1816 2050 1971 2120 ἀνδρί⁵

385 2141 721 2213 πραχθέντα,
763 2142 849 2206 τίς
876 2141 1020 2196 οὕτω
1052 2141 1325 2213 βάσκανος
1353 2142 1387 2213 ἢ
1424 2132 1692 2214 ῥᾴθυμος,
1726 2141 1801 2204 ὡς
1836 2143 1968 2194 ὑπο-

388 2239 567 2305 μεῖναι
589 2237 922 2306 παραλιπεῖν
943 2252 959 2302 ;
993 2234 1124 2289 ἔνθα
1150 2235 1423 2305 τοσαύτης
1448 2235 1659 2305 πλάνης
1688 2235 1750 2290 τὸ
1775 2234 1971 2305 πρότε-

387 2345 481 2398 ρον
502 2326 696 2398 οὔσης,
717 2328 814 2381 καὶ
825 2327 1067 2398 πλήθους
1090 2327 1191 2397 μὲν
1208 2327 1445 2399 ἀριθμοῦ
1476 2311 1811 2398 κρείττονος,
1842 2328 1965 2381 ὅσαι

383 2414 525 2493 ὧραι
564 2418 879 2488 φοιτῶντος,
908 2421 1117 2491 μυρίων
1164 2418 1223 2473 δὲ
1251 2418 1409 2484 ζώων
1429 2419 1645 2488 σφαγῆς
1679 2418 1973 2489 γινομένης

385 2512 592 2584 είς.τὴν
617 2513 724 2565 τῶν
740 2512 1032 2582 δαιμόνωνί
1036 2512 1161 2583 (φεῦ
1184 2512 1222 2583 ι)
1254 2512 1574 2583 θεραπείαν,
1592 2512 1772 2569 πάντα
1789 2514 1972 2566 ἐκεῖνα

384 2607 559 2680 ᾤχετο
611 2606 705 2661 καί
741 2605 954 2676 ἀπέσϐη
1021 2606 1291 2678 τῷ’ζήλῳ
1333 2591 1434 2678 τῆς
1476 2605 1731 2677 μεγάλης
1768 2605 1973 2678 ταύτης

386 2700 483 2753 καὶ
533 2697 847 2769 θεοκινήτου
905 2697 1109 2768 ψυχῆς.
1151 2699 1289 2752 Οὐδὲ
1321 2699 1496 2753 ταῦτα
1544 2696 1719 2769 λήθης
1747 2697 1875 2763 ἄξια
1903 2699 1973 2752 τὰ

393 2791 529 2862 πρὸς
550 2795 616 2862 τῇ
647 2791 930 2863 ἀκρωρείᾳ
953 2791 1052 2860 τῆς
1105 2791 1317 2854 πόλεως
1365 2791 1461 2844 τοῦ
1511 2790 1613 2860 τῆς
1650 2791 1974 2862 Ἀφροδίτης

389 2883 729 2952 γεγενημένα
777 2881 907 2936 ναοῦ
942 2884 1037 2935 καὶΙ
1069 2882 1151 2935 ὅτι
1198 2881 1272 2954 μὴ
1297 2882 1457 2952 μόνον
1487 2885 1695 2937 ἐκεῖνον
1724 2883 1977 2953 καθαιρεῖ

389 2976 546 3047 θῆναι
586 2975 676 3029 διὰ
734 2975 973 3045 σπουδῆς
1024 2972 1198 3040 ἔθετο,
1231 2973 1369 3027 ἀλλὰ
1408 2975 1502 3029 καὶ
1556 2973 1757 3045 ἄνδρας
1785 2975 1977 3042 ἁγίους

387 3068 868 3139 ἐγκατοικισθῆναι
933 3067 1011 3138 τῷ
1057 3067 1210 3137 τόπῳ
1299 3066 1567 3138 φοϐεροὺς
1628 3068 1744 3128 τοῖς
1793 3067 1977 3118 ἐκεῖσε

387 3158 822 3232 παραδυομένοις
871 3159 1217 3231 ῦπάρξοντας
1261 3160 1515 3230 δαίμοσιν
1549 3199 1566 3225 ,
1611 3161 1693 3223 ’ὡς
1751 3159 1971 3230 μακρὰν

391 3254 492 3327 μὲν
521 3255 762 3319 ἐκείνους
816 3254 1180 3324 ἀπελαθῆναι,
1204 3253 1461 3323 καθάπερ
1488 3252 1633 3315 τινὸς
1649 3252 1817 3305 ὅπλου
1849 3270 1975 3322 φρι-

390 3346 521 3401 κτοῦ
554 3348 654 3416 τῆς
706 3348 816 3400 τῶν
848 3345 1061 3417 ἀνδρῶν
1092 3344 1263 3415 εὐχῆς
1296 3345 1487 3407 ⁴αὐτοῖς
1537 3345 1930 3413 ὲπισειθομὲνης
1957 3360 1972 3374 ·

389 3437 713 3508 ἀνθρώπους
732 3438 790 3492 δὲ
819 3438 947 3506 τοῦς
975 3437 1392 3506 περιοικοῦντας
1408 3436 1470 3490 οὐ
1488 3437 1590 3506 τῆς
1611 3436 1794 3491 αὐτῶν
1815 3437 1975 3507 μόνον

389 3530 774 3599 ἀπαλλαγῆναι
828 3529 1027 3601 λύμης,
1064 3528 1201 3582 ἀλλὰ
1236 3528 1331 3582 καὶ
1380 3527 1646 3604 πλείστης
1678 3527 1975 3581 ἀπολαύειν

390 3623 490 3692 τῆς
531 3623 803 3692 ὠφελείας
831 3625 943 3686 τοῖς
974 3621 1286 3676 συνοικοῦσι
1329 3623 1593 3691 μοναχοϊς
1620 3621 1972 3690 ὁμιλοῦντας.
2004 3670 2007 3673 ,

394 3717 594 3786 Ἔργον
635 3716 736 3785 τῆς
779 3715 991 3769 ἐκείνου
1019 3714 1282 3783 σπουδῆς,
1318 3714 1414 3767 καὶ
1446 3716 1479 3784 ἡ
1517 3717 1576 3767 ὲν
1598 3716 1665 3783 τῇ
1705 3713 1851 3783 ἄκρα
1879 3711 1974 3765 τοῦ

390 3809 564 3878 Βήλου
613 3808 910 3877 λεγομένου
960 3806 1191 3878 βεϐήλου
1258 3804 1390 3860 ναοῦ
1458 3805 1803 3875 καθαίρεσις,
1830 3807 1976 3859 καὶὸ

398 3903 589 3972 μέχρις
615 3901 843 3968 ἐδάφους
870 3886 1201 3968 ἀφανισμδς,
1224 3897 1340 3968 ἔχει
1365 3898 1460 3950 καὶ
1480 3898 1513 3966 ἡ
1537 3896 1648 3949 τῶν
1664 3896 1974 3950 Σελευκέων

394 4010 460 4046 πε
468 3995 667 4065 ριοικὶς
684 3993 958 4055 τοιούτοις
978 3990 1428 4061 ἐγκαυχήσασθαι
1447 3989 1542 4044 τοῦ
1561 3991 1756 4062 ἀνδρὸς
1775 4008 1975 4062 κατορ-

391 4084 674 4158 θώμασινο
740 4087 865 4140 ἐπεὶ
916 4086 1013 4140 κα)⁸
1065 4086 1364 4157 είδωλικῶν
1384 4086 1528 4140 ναῶν
1590 4084 1971 4157 καθαιρέσεις,

391 4179 553 4251 ιερῶν
580 4196 641 4233 τε
673 4177 834 4232 θείων
880 4177 1193 4246 οἰκοδομὰς,
1240 4178 1338 4231 καὶ
1400 4178 1688 4248 οἰκισμοὺς
1763 4177 1976 4249 ἀνδρῶν

388 4272 721 4342 φιλαρέτων,
788 4271 887 4326 καὶ
941 4275 1118 4342 ταύτῃ
1143 4270 1844 4343 γεγενημέναςέὑρήσεις.
1877 4271 1976 4334 Τίς

389 4364 501 4436 γὰρ
540 4365 630 4417 τὸν
662 4365 823 4435 ζῆλον
856 4361 999 4418 κατὰ
1035 4364 1205 4436 μέρος
1230 4364 1441 4431 ἐξείποι
1469 4365 1570 4434 τῆς
1607 4363 1973 4435 ἀποστολικῇς

388 4455 606 4527 ἐκείνης
628 4457 722 4511 καὶ
745 4455 1447 4528 μεμεριμνημένηςψυχῆςς
1483 4456 1567 4510 ἴνα
1590 4457 1723 4525 γοῦν
1742 4457 1817 4528 μὴ
1839 4457 1978 4528 πρὸς

2070 1959 2432 2022 οιὶιι,ἠιιι1ιοε
2457 1961 2629 2015 vincit
2660 1960 2865 2030 absque
2895 1961 3107 2015 ratione
3138 1977 3154 2013 :
3186 1966 3441 2029 prompto
3469 1965 3656 2011 autem

2072 2062 2126 2106 et
2153 2052 2314 2107 alacri
2345 2053 2532 2107 animo
2548 2052 2948 2125 transfugerint
2970 2053 3037 2108 ad
3065 2052 3244 2107 lucem
3272 2051 3519 2107 veritatis
3548 2067 3564 2106 :
3601 2058 3658 2105 et

2074 2160 2174 2200 nec
2197 2148 2461 2202 hactenus
2482 2147 2752 2210 steterint,
2775 2147 2871 2201 sed
2897 2147 3063 2201 etiam
3090 2147 3245 2201 multi
3274 2161 3339 2200 ex
3367 2145 3435 2199 iis
3455 2146 3659 2215 pietate

2073 2236 2157 2291 usi
2206 2236 2638 2302 muniﬁcentius,
2670 2237 2793 2301 viri,
2848 2238 3106 2308 inquam,
3145 2244 3205 2292 et
3249 2237 3530 2304 mulieres,
3565 2236 3655 2289 .illi

2072 2330 2294 2399 quidem
2326 2331 2743 2394 monachorum,
2777 2330 2862 2385 hae
2888 2331 3184 2402 'virginum
3232 2330 3423 2401 jugum
3468 2328 3659 2384 subie-

2075 2424 2203 2476 rint.
2240 2419 2359 2488 Qui.
2380 2431 2563 2476 autem
2594 2422 2648 2475 in
2680 2420 2843 2476 Casio
2871 2429 3059 2475 monte
3087 2428 3141 2474 et
3171 2419 3226 2473 in
3255 2418 3478 2489 templo,
3512 2419 3660 2488 quod

2074 2510 2186 2569 illic
2213 2522 2354 2581 erat,
2392 2514 2677 2586 gentilium
2709 2513 2778 2569 ab
2829 2513 2923 2569 illo
2978 2514 3099 2568 viro
3144 2511 3287 2568 iacta
3330 2522 3483 2579 sunt,
3534 2513 3662 2582 quis

2076 2614 2161 2661 est
2209 2607 2349 2661 adeo
2392 2606 2611 2662 invidus
2666 2617 2761 2661 aut
2793 2605 3076 2678 negligens
3123 2615 3222 2661 aut
3267 2606 3448 2670 deses,
3483 2614 3544 2661 ut
3604 2605 3658 2660 id

2076 2698 2344 2753 sustineat
2394 2688 2855 2768 praetermittere?
2887 2698 3010 2766 Quo
3051 2699 3105 2752 in
3139 2699 3262 2753 loco
3313 2713 3438 2754 cum
3476 2706 3662 2754 tantus

2074 2807 2229 2845 error
2275 2791 2429 2862 prius
2477 2801 2627 2848 esset
2677 2791 2931 2854 dil‘l‘nsus.
2979 2801 3037 2847 et
3093 2792 3387 2848 multitudo
3435 2793 3658 2864 quidem
3686 2804 3707 2819 “·

2074 2887 2297 2943 assidue
2326 2887 2536 2943 veniret
2567 2886 3004 2952 innumerabilis,
3028 2886 3183 2941 ﬁeret
3208 2896 3390 2942 autem
3428 2887 3663 2941 innuen-

2076 2996 2196 3035 sum
2255 2980 2574 3035 animalium
2629 2980 2953 3035 sacriﬁcium
2988 2989 3215 3050 propter
3249 2977 3478 3042 cultum,
3521 2979 3658 3049 proh

2076 3074 2231 3129 dolor
2256 3076 2270 3127 ι
2303 3073 2635 3133 dremonum.
2657 3074 2940 3144 perierunt
2975 3075 3061 3129 illa
3091 3075 3276 3129 omnia
3305 3083 3360 3129 et
3391 3075 3659 3144 exstincta

2077 3173 2208 3219 sunt
2260 3165 2378 3220 zelo
2410 3165 2554 3220 illius
2588 3181 2797 3236 magnae
2849 3174 2905 3221 et
2945 3181 3067 3235 quae
3108 3182 3140 3221 a
3178 3165 3289 3222 Deo
3337 3166 3663 3241 movebatur

2068 3255 2294 3337 animae.
2350 3249 2706 3327 Neque'haec
2751 3266 2882 3312 sunt
2937 3257 3124 3328 digna,
3156 3273 3279 3327 quae
3331 3258 3662 3313 mandentur

2077 3349 2316 3413 silentio,
2350 3365 2472 3419 quae
2503 3349 2643 3405 facta
2671 3359 2801 3405 sunt
2829 3351 2883 3405 in
2909 3350 3124 3420 fastigio
3149 3352 3407 3418 civitatis,
3436 3354 3491 3407 in
3523 3364 3661 3408 tem-

2077 3443 2176 3512 plo-
2198 3442 2465 3499 Veneris:
2508 3454 2562 3498 et
2609 3444 2755 3514 quod
2787 3460 2897 3499 non
2953 3445 3127 3500 solum
3172 3446 3462 3511 studuerit,
3510 3456 3567 3501 ut
3607 3446 3661 3502 id

2075 3535 2390 3591 dirueretur
2415 3578 2430 3603 ,
2466 3537 2561 3592 sed
2591 3538 2757 3592 etiam
2788 3547 2852 3593 ut
2882 3538 2935 3593 in
2968 3555 3034 3595 eo
3063 3539 3187 3594 loco
3217 3541 3319 3595 viri
3355 3541 3530 3596 sancti
3566 3546 3662 3596 ba-

2076 3628 2334 3692 bilarent,
2382 3628 2654 3684 terribiles
2705 3629 2792 3691 iis,
2839 3630 2930 3701 qui
2962 3644 3029 3685 eo
3073 3630 3352 3695 subibant,
3399 3630 3663 3686 daemoni-

2078 3720 2213 3773 bus:
2256 3719 2393 3774 adeo
2426 3727 2488 3773 ut
2528 3721 2605 3774 illi
2648 3720 2869 3790 quidem
2900 3720 3089 3791 procul
3147 3722 3361 3792 expulsi
3418 3723 3657 3791 fuerint,

2078 3819 2336 3880 tanquam
2386 3811 2554 3866 armis
2591 3812 2918 3882 quibusdam
2972 3812 3306 3868 terribilibus
3338 3812 3659 3880 intentatis,

2076 3919 2265 3959 eomm
2302 3903 2543 3960 virorum
2578 3904 2835 3975 precibus
2849 3922 2879 3961 .:
2917 3905 3166 3961 homines
3209 3908 3525 3977 autem,qui
3551 3907 3661 3962 cir-

2077 3996 2349 4051 cumcirca
2382 3997 2723 4063 babitabant,
2759 4014 2870 4053 non
2904 3998 3080 4054 solum
3111 4014 3142 4054 a
3175 3999 3399 4055 lmsione
3440 4001 3657 4061 illorum

2077 4076 2468 4156 liberarentur,
2497 4089 2592 4145 sed
2610 4091 2801 4157 etiam,
2823 4091 3119 4146 maximam
3169 4091 3483 4163 acciperent
3513 4093 3664 4150 utili-

2080 4188 2271 4244 tatem,
2313 4197 2439 4236 cum
2485 4191 2713 4253 possent
2760 4183 2973 4239 versari
3026 4198 3152 4239 cum
3197 4186 3502 4252 monachis,
3564 4187 3679 4260 qui

2078 4267 2308 4344 perfecti
2342 4284 2497 4346 erant
2528 4275 2583 4328 in
2614 4274 2708 4331 Dei
2743 4276 2963 4333 timore.
2999 4276 3148 4332 Illius
3182 4279 3384 4333 mentis
3410 4286 3465 4334 et
3480 4281 3659 4338 .studii

2078 4362 2242 4435 etiam
2281 4371 2367 4417 est
2389 4378 2550 4433 opus,
2599 4376 2723 4434 quas
2754 4364 2858 4421 l‘uit
2895 4367 2950 4422 in
2976 4383 3103 4423 arce
3138 4367 3272 4434 Beli,
3306 4369 3398 4439 qui
3435 4369 3657 4436 dieitur,

2078 4454 2291 4523 profani
2320 4455 2869 4531 templidestructio,
2894 4467 2950 4514 et
2969 4460 3035 4514 ad
3065 4460 3241 4515 solum
3270 4476 3441 4531 usque
3468 4461 3660 4517 demo-

386 4546 658 4617 ἀμετρίαν
717 4549 851 4618 ἡμῖν
876 4550 904 4601 ὁ
936 4548 1093 4617 λόγος
1142 4546 1512 4617 παραταθείη,
1560 4548 1731 4602 τᾶλλα
1792 4548 1970 4601 πάντα

2078 4544 2217 4599 litio.
2251 4542 2442 4600 Potest
2482 4530 2803 4617 etiam'quaa
2848 4548 2995 4605 circa
3036 4530 3662 4607 Seleuciamrhabitatur

386 4639 460 4692 τὰ
484 4639 542 4691 ὲν
571 4639 651 4710 τῷ
701 4639 1091 4711 ’πρεσϐυτερίῳ
1156 4639 1342 4708 τούτῳ,
1382 4638 1799 4709 κατωρθωμένα
1865 4655 1971 4693 πα-

386 4722 655 4798 ραλιπὼν,
687 4731 781 4783 ἐπὶ
801 4731 892 4783 τὸν
916 4729 1015 4800 τῆς
1044 4728 1351 4800 ἐπισκοπῆς
1384 4729 1647 4799 βαδιεῖται
1674 4728 1890 4799 χρόνον.

2088 4638 2259 4709 regio,
2299 4639 2517 4710 gloriari
2551 4642 2830 4710 praeclaris
2881 4641 3043 4697 factis
3091 4643 3241 4699 illius
3271 4641 3391 4698 viri.
3441 4643 3576 4699 Nam
3606 4654 3663 4700 et

2081 4734 2500 4791 simulacrorum
2541 4739 2738 4808 templa
2773 4740 2881 4795 illic
2927 4741 3127 4808 diruta,
3160 4749 3216 4815 et
3256 4741 3473 4798 divinas
3517 4742 3663 4810 aedes

384 4836 710 4890 exstructas,
745 4835 805 4882 et
830 4827 976 4883 viros
1020 4827 1239 4881 virtutis
1297 4825 1571 4882 studiosos
1621 4825 1732 4882 illic
1798 4827 1868 4882 ad
1930 4828 2287 4888 habitandum
2327 4835 2621 4891 collocatos
2656 4837 2923 4893 invenies.
2958 4834 3093 4905 Quis
3138 4842 3285 4894 enim
3320 4839 3497 4895 zelum
3540 4841 3658 4894 sin-

386 4920 608 4989 gulatim
642 4919 1012 4983 enuntiaverit
1044 4918 1188 4974 illius
1220 4918 1535 4989 apostolicae
1583 4925 1639 4973 et
1676 4912 1924 4975 sollicita;
1957 4924 2196 4980 animm?
2233 4925 2313 4981 Ne
2335 4943 2465 4999 ergo
2497 4929 2550 4983 in
2577 4930 2905 4985 immensum
2929 4932 3089 4987 nobis
3111 4941 3324 4988 crescat
3345 4936 3539 4999 oratio,
3575 4952 3662 4992 re-

385 5013 552 5084 liquis
579 5015 839 5070 omnibus
856 5015 1256 5085 praztermissis,
1276 5031 1397 5085 quae
1424 5008 1569 5069 recte
1588 5024 1740 5086 gesta
1762 5024 1889 5070 sunt
1911 5016 1965 5071 in
1995 5019 2099 5077 hoc
2121 5024 2517 5095 presbyteratu,
2533 5041 2595 5081 ea
2612 5027 2869 5096 procedet
2887 5029 2953 5083 ad
2977 5037 3190 5098 tempus
3221 5028 3588 5100 episcopatus.

458 5112 560 5165 IE'.
600 5112 677 5165 Οὐ
716 5111 888 5174 πολὺς
920 5112 1030 5182 γὰρ
1086 5109 1260 5183 ᾤχετο
1287 5111 1502 5182 χρόνος,
1526 5112 1623 5163 καὶ
1652 5110 1963 5180 Νεκτάριος

2154 5117 2270 5172 XV.
2311 5117 2432 5174 Non
2474 5121 2704 5177 multum
2732 5123 2879 5176 enim
2923 5121 3236 5178 intercessit
3276 5123 3559 5193 temporis,
3606 5132 3664 5180 et

391 5204 492 5272 μὲν
527 5206 555 5257 ὁ
600 5204 701 5273 τῆς
756 5203 1172 5257 Κωνσταντίνου
1237 5204 1506 5274 πρόεδρος
1568 5201 1703 5272 πρὸς
1766 5201 1970 5271 Κύριον

2082 5207 2369 5263 Nectarius
2403 5210 2623 5281 quidem
2665 5214 2862 5282 praesul
2902 5212 3425 5280 Constantinopolis,
3466 5213 3664 5284 migrat

391 5295 543 5366 ὲξεδή
555 5286 746 5368 μησεν,
772 5297 934 5360 εὐθὺς
956 5297 1013 5351 δὲ
1041 5299 1070 5350 ό
1094 5296 1189 5351 τοῦ
1216 5297 1408 5368 θρόνου
1435 5298 1587 5363 ἄξιος
1628 5295 1970 5365 ἐπεζητεῖτο.

2082 5302 2149 5356 ad
2182 5302 2470 5358 Dominum
2500 5304 2602 5375 (8).
2636 5302 2896 5361 Protinus
2926 5315 3107 5361 autem
3142 5307 3490 5376 quaerebatur
3510 5307 3664 5376 quis-

396 5389 608 5444 Ἀλλων
655 5391 749 5449 οὖν
795 5395 1000 5461 ἄλλοις,
1059 5395 1250 5467 ὥσπερ
1291 5395 1412 5459 ἔθος
1443 5398 1502 5449 ὲν
1532 5398 1646 5459 τοῖς
1685 5394 1970 5463 τοιούτοις,

2074 5385 2244 5468 piam,
2276 5398 2367 5467 qui
2398 5408 2548 5453 esset
2574 5398 2773 5471 dignus
2804 5415 2868 5454 ea
2894 5402 3045 5455 sede.
3073 5400 3210 5457 Cum
3236 5400 3327 5455 alii
3360 5416 3488 5473 ergo
3513 5399 3660 5465 aliis,

390 5481 463 5535 τὰ
493 5488 733 5556 πρωτεῖα
776 5489 1074 5558 νεμόντων,
1096 5491 1204 5543 ικαὶ
1251 5489 1360 5544 τῶν
1427 5488 1527 5559 μὲν
1556 5482 1887 5559 ⁷φιλίᾳ,τῶν
1909 5489 1968 5542 δὲ

2075 5497 2135 5542 ιιι
2167 5488 2284 5544 ﬁeri
2310 5491 2448 5545 solet
2478 5490 2535 5544 in
2565 5468 2834 5562 ejusmodi
2858 5492 3047 5559 rebus,
3076 5493 3309 5563 primas,
3332 5468 3518 5564 partes
3558 5490 3665 5547 tri-
3702 5468 3715 5483 χ

461 5670 539 5742 l8)
577 5671 867 5746 _Nectarius
914 5674 1109 5746 praesul
1143 5673 1279 5729 obiit
1321 5689 1466 5729 anno
1496 5673 1622 5735 567,
1647 5672 1980 5746 consulibus
2086 5673 2388 5746 creatione,
2408 5670 2538 5746 yide
2560 5671 2802 5746 biieeph.
2822 5656 3257 5746 cap.'2_lib._xm
3279 5668 3543 5746 ;__'_l‘heod.
3568 5667 3664 5746 lib.

387 5736 627 5797 Caesarie
651 5756 705 5799 et
733 5736 937 5810 Attico,
972 5743 1006 5799 5
1034 5744 1151 5797 Kal.
1185 5745 1403 5804 Octob.,
1434 5751 1491 5799 ιη
1530 5761 1592 5800 ex
1632 5745 1842 5800 Socrat.
1876 5744 1974 5797 lib.
2086 5760 2149 5805 ιη,
2171 5760 2218 5798 c.
2252 5745 2323 5798 26
2356 5762 2372 5811 ;
2401 5736 2526 5797 Sos.
2560 5742 2656 5798 lib.
2695 5736 2810 5810 vin,
2847 5736 2904 5798 εξ
2927 5745 2982 5807 2,
3010 5743 3083 5809 5;
3119 5742 3271 5799 Socr.
3299 5740 3394 5809 lib.
3427 5753 3563 5805 τηε.
3592 5737 3663 5807 2ς

385 5829 460 5879 Vt.
513 5830 563 5871 c.
601 5816 637 5871 2
666 5825 823 5871 notat
858 5817 981 5871 ΒΜ.
1027 5815 1101 5870 De
1147 5815 1380 5871 Nectarii
1431 5824 1624 5881 morte,
1655 5824 1711 5869 et
1748 5814 1976 5870 Joannis
2083 5812 2206 5869 Bar.
2246 5832 2337 5869 an.
2371 5815 2496 5870 5597.
2870 5844 2873 5849 ν
