4138 6416
516 332 660 407 1083

1724 322 2010 405 ΜΕΝειε
2052 340 2512 409 JANUARIUS.

3648 344 3799 414 1088

513 457 751 516 buerent
803 453 1062 527 (litenlm
1111 455 1167 511 in
1211 455 1283 511 iis
1308 455 1546 512 maxime
1593 454 1658 512 ex
1695 466 1852 527 parte
1897 459 2106 513 exami-

2215 458 2630 543 r'iovaatefq_:b
2689 462 2918 539 θαρρεῖν
2966 465 3225 544 ἑχόντων,
3278 467 3405 522 ’ἔπι
3450 466 3514 554 δε
3565 459 3642 523 ὧν
3699 469 3800 525 καὶ

514 551 688 612 natio.
716 563 827 605 non
874 563 942 607 ex
974 547 1179 603 virtute
1214 562 1433 613 eorum,
1482 546 1575 618 qui
1604 548 1968 614 asciscantur,
2002 552 2099 606 sed

513 656 582 698 ex
621 656 835 706 eorum,
859 640 951 711 qui
981 648 1112 697 sunt
1146 649 1422 711 potentes,
1460 640 1516 695 in
1564 656 1662 697 eos
1694 642 2102 707 benevolentia,

512 750 637 806 qua:
669 734 754 789 vel
795 743 881 789 est
920 748 1056 804 pura
1087 749 1153 790 ac
1181 734 1413 799 sincera,
1457 734 1542 790 vel
1583 736 1817 791 accessit
1863 736 2106 791 muneri-

515 826 684 898 bus):
717 835 999 899 oporteret
1035 835 1221 883 autem
1267 836 1519 883 sanctum
1551 826 1817 897 Spiritum
1861 828 2102 891 vincere,

515 932 716 977 eteum
758 919 980 990 praefici.
1007 920 1102 990 qui
1133 920 1200 975 ad
1249 920 1357 976 hoc
1394 920 1571 988 ipsum
1606 927 1727 974 erat
1773 920 1840 975 ab
1868 934 1935 973 eo
1968 934 2107 989 prae-

517 1014 844 1086 destinatus,
881 1021 939 1069 et
964 1011 1213 1082 superari
1246 1027 1437 1068 omnes
1490 1028 1521 1066 a
1549 1010 1776 1066 Joannis
1809 1011 2014 1065 virtute
2052 1018 2109 1065 et

514 1108 931 1178 eloquentia,et
963 1107 1013 1161 ei
1042 1108 1278 1176 primum
1311 1106 1489 1160 locum
1519 1105 1714 1160 cedere
1742 1104 1799 1157 in
1833 1102 2062 1160 ecclesia
2089 1119 2104 1158 :

517 1209 575 1256 et
604 1200 804 1269 alioqui
827 1200 949 1268 ejus
975 1196 1118 1253 fama
1151 1198 1324 1269 pleme
1346 1206 1530 1253 essunt
1550 1213 1741 1253 omnes
1771 1212 1952 1263 aures,
1971 1197 2108 1252 adeo

522 1303 583 1348 ut
611 1293 778 1350 etiam
815 1294 953 1347 bona
990 1291 1136 1347 illids
1181 1283 1473 1348 auditione
1515 1292 1821 1362 accepisset
1868 1293 2108 1361 impera-

521 1395 646 1449 tor;
685 1385 731 1440 is
760 1399 890 1440 vero
920 1393 1041 1439 erat
1066 1385 1368 1451 Arcadius;
1415 1399 1540 1438 cum
1575 1384 1692 1439 haec
1720 1384 1793 1439 ita
1841 1398 1901 1439 se
1946 1384 2108 1438 liabc~

519 1488 662 1542 rent,
690 1480 906 1534 tandem
935 1493 1059 1533 cum
1098 1485 1152 1532 et
1175 1477 1267 1546 qui
1304 1477 1601 1532 Ecclesiam
1632 1478 1911 1547 regebant.
1937 1487 1992 1532 et
2015 1478 2106 1546 qui

521 1570 917 1640 rempublicam
956 1567 1451 1628 administrabant.
1509 1582 1635 1622 cum
1677 1553 2009 1637 imperatore
2050 1566 2105 1620 in

521 1676 687 1719 unam
741 1662 1136 1717 convenissent
1168 1662 1539 1715 sententiam.
1580 1659 1875 1715 mittuntur
1914 1660 2110 1715 litteras

518 1757 589 1812 ad
635 1755 951 1811 Flavianum
1006 1751 1318 1823 pontificem
1376 1751 1730 1808 Antiochiae:
1780 1767 1902 1822 qua:
1945 1752 2107 1807 simul

2208 555 2420 628 χρυσίῳ
2453 557 2555 629 τὴν
2594 556 2696 627 τῆς
2747 559 3167 632 ἀρχιερωσύνης
3193 560 3572 632 ψῆφονῶνιον
3609 580 3804 624 ποιουμ

2182 651 2414 720 ⁸μένων.
2459 651 2581 704 ἐπεὶ
2612 650 2720 705 ἔδει
2752 653 2815 705 τδ
2842 654 2999 720 ἆγιον
3015 652 3244 725 Πνεῦμα
3275 656 3433 726 νικᾷν
3467 655 3563 708 καὶ
3587 655 3678 709 τὸν
3714 657 3800 719 είς

2207 743 2338 797 αὑτὸ
2357 744 2514 797 τοῦτο
2546 745 2964 818 προωρισμένον
2988 747 3084 800 ὑπ’
3114 747 3281 821 αὑτοῦ
3313 748 3794 819 προχειρίζεσθαι,

2208 839 2307 905 τῆς
2344 837 2596 891 Ἰωάννου
2628 856 2708 903 τε,
2747 839 2915 911 φημὶ,
2974 842 3178 913 ἀρετῆς
3216 842 3311 897 καὶ
3339 841 3588 913 γλώττης
3628 843 3798 913 ἡττη-

2210 921 2366 1000 θῆναι
2390 931 2620 998 πάντας,
2655 932 2752 986 καὶ
2779 933 2889 987 τῶν
2921 934 3229 1005 πρεσϐείων
3268 933 3418 1003 αὐτῷ
3450 930 3550 1004 τῆς
3588 935 3801 1005 ἐκκλη-

2210 1024 2331 1085 σίας
2373 1022 2799 1096 παραχωρῆσαι,
2846 1026 2952 1106 ηδη
2997 1028 3092 1080 καὶ
3122 1030 3191 1098 τῇ
3218 1016 3364 1081 ⁴κατ’
3423 1016 3608 1082 αὖτδν’
3636 1028 3801 1099 φήμῃ

2210 1116 2393 1186 πάσης
2452 1119 2626 1190 ἀκοῆς
2699 1118 3249 1191 ὑποπιμπλαμένης,
3311 1121 3388 1184 ὡς
3447 1121 3582 1192 μηδὲ
3633 1121 3801 1174 αὑτὸν

2163 1227 2169 1233 ’
2208 1210 2443 1278 ἀνήκοον
2508 1214 2690 1281 μεῖναι
2719 1212 2812 1265 τὸν
2842 1213 3152 1283 κρατοῦντα
3201 1214 3311 1267 τῶν
3352 1215 3565 1268 ἐκείνου
3611 1214 3803 1268 καλῶν

2210 1303 2532 1374 (Ἀρκάδιος
2554 1296 2712 1367 οὗτος
2731 1300 2852 1375 ἦν),
2889 1308 3012 1360 ἐπεὶ⁸
3052 1305 3227 1360 ταῦτα
3271 1305 3445 1371 οὑτως
3478 1302 3615 1377 εἶχε,
3642 1306 3804 1370 τέλος

2210 1396 2320 1449 τῶν
2351 1396 2458 1466 τῆς
2487 1395 2824 1467 Ἐκκλησίας
2852 1399 2946 1452 καὶ
2977 1398 3077 1469 τῆς
3099 1397 3375 1461 πολιτείας
3407 1398 3685 1468 ἀρχόντων
3723 1398 3808 1459 είς

2214 1491 2346 1559 μίαν
2403 1486 2634 1562 γνώμην
2671 1495 2750 1561 τῷ
2783 1488 2998 1562 βασιλεῖ
3050 1490 3440 1553 συνελθόντων,
3490 1491 3804 1563 γράμματα

2218 1583 2350 1652 πρὸς
2410 1583 2503 1637 τὸν
2576 1584 2838 1656 ίεράρχην
2901 1583 3233 1654 Ἀντιοχείας
3290 1583 3591 1637 Φλαΰιανδν
3653 1583 3805 1653 πέμ-

2211 1666 2427 1738 πονται,
2452 1674 2588 1746 όμοῦ
2615 1675 2712 1745 μὲν
2733 1677 2823 1728 τὸν
2862 1675 3167 1749 Νεκταρίου
3188 1675 3523 1746 γνωρίζοντα
3544 1676 3805 1738 θάνατον,

2212 1764 2347 1835 όμοῦ
2407 1766 2465 1819 δὲ
2519 1768 2615 1819 καὶ
2666 1768 2757 1819 τδν
2802 1766 3040 1838 χρυσοῦν
3100 1767 3376 1836 Ἰωάννην,
3434 1766 3494 1819 τὸ
3539 1767 3644 1835 γῆν
3699 1766 3803 1819 καὶ

519 1849 742 1920 quidem
791 1858 846 1904 et
909 1846 1149 1903 Nectarii
1196 1855 1429 1901 mortem
1477 1845 1526 1899 ei
1576 1844 1979 1916 signiﬁcabant,
2053 1854 2110 1899 et

2217 1855 2487 1909 θάλατταν
2527 1858 2785 1928 περιέχον
2828 1858 3036 1929 θαῦμα,
3068 1858 3162 1910 καὶ
3187 1855 3354 1909 αὑτοῦ
3381 1856 3458 1919 δὲ,
3492 1857 3653 1926 φημί,
3692 1872 3808 1908 πα-

523 1958 753 1999 aureum
796 1938 1089 2005 Joannem,
1130 1938 1274 2008 quod
1328 1948 1525 1992 terram
1559 1945 1615 1991 et
1666 1952 1816 1992 mare
1866 1936 2111 1991 continet

518 2036 876 2099 miraculum,
913 2043 1078 2101 atque
1108 2032 1246 2087 adeo
1278 2032 1453 2102 ipsum
1485 2032 1650 2086 etiam
1683 2031 1882 2086 coelum
1917 2031 2109 2101 tangit,

524 2132 592 2186 ad
643 2131 821 2201 ipsum
878 2128 1254 2184 accersebant.
1301 2125 1621 2181 Pontiﬁceni
1658 2134 1864 2190 autem,
1897 2141 2022 2180 cum
2055 2125 2110 2179 in

526 2239 724 2280 manus
777 2223 1103 2291 sumpsisset
1147 2220 1455 2291 epistolam.
1490 2227 1546 2274 et
1592 2234 1712 2274 eam
1769 2218 2108 2291 perlegisset,
2161 2266 2167 2273 .

525 2320 682 2376 aiunt
723 2319 1015 2374 tradidisse
1043 2316 1241 2371 Joanni
1279 2333 1294 2380 ;
1335 2332 1459 2371 cum
1492 2329 1645 2377 vero.
1697 2330 1820 2370 cum
1869 2313 2109 2384 legisset,

526 2414 761 2468 multum
792 2412 1013 2485 quidem
1046 2410 1628 2482 ingemuisse-propter
1647 2423 1733 2471 ea,
1762 2422 1884 2477 qua:
1909 2407 2111 2475 scripta

527 2503 789 2559 fuerant:
844 2511 897 2557 et
955 2500 1157 2557 multas
1201 2501 1365 2556 etiam
1427 2500 1692 2571 lacrymas
1743 2498 1992 2553 emisisse
2047 2493 2114 2551 ex

514 2599 702 2655 oculis
736 2607 961 2669 propter
1002 2595 1389 2651 contritionem
1445 2594 1696 2665 spiritus,
1729 2591 2001 2646 dicentem
2053 2603 2113 2644 se

526 2706 653 2748 esse
682 2690 987 2761 indignum.
1025 2696 1082 2743 ct
1113 2688 1205 2758 qui
1237 2687 1398 2758 longe
1452 2686 1693 2748 abesset,
1727 2693 1790 2739 ut
1830 2692 1977 2737 tanta
2026 2697 2113 2737 re-

529 2786 729 2843 οιίοιιίε
758 2801 886 2841 cura
915 2783 1112 2839 debeat
1162 2782 1210 2836 ei
1245 2780 1536 2845 committi.
1566 2777 1701 2833 Nam
1736 2767 1941 2848 parvae
1963 2777 2109 2841 navi,

530 2881 731 2943 aiebat,
758 2895 868 2934 non
892 2888 978 2934 est
999 2886 1177 2932 tutum
1206 2890 1458 2947 magnum
1486 2888 1628 2928 onus
1650 2872 1952 2942 imponere.
1973 2871 2111 2925 Cum

506 2962 610 3030 sic
645 2973 888 3035 diceret,
929 2985 1055 3027 eum
1104 2969 1491 3025 consolabatur
1533 2966 1860 3029 Flavianus,
1902 2973 1958 3018 et
1986 2972 2113 3034 apte

529 3068 794 3141 erigebat.
830 3065 1031 3126 verbis.
1065 3078 1167 3135 pro
1212 3059 1651 3123 medicamentis,
1690 3073 1953 3129 spargens
1990 3059 2111 3127 eius

510 3163 701 3232 ,ιιιιὶιηὶ
736 3160 1133 3234 aegritudinem.
1167 3157 1372 3211 Civitas
1406 3160 1910 3246 autempostquam
1938 3151 2113 3206 sensit
2138 3190 2181 3250 ο

533 3256 637 3311 huc
675 3254 931 3309 damnum
964 3252 1246 3318 (damnum
1280 3248 1424 3302 enim
1477 3237 1605 3300 non'
1642 3244 1926 3299 ferendum
1966 3241 2112 3320 judi-

530 3349 690 3404 cabat
719 3345 1094 3416 unusquisque
1150 3340 1380 3394 Joannis
1424 3336 1831 3406 privationem),
1871 3334 1923 3389 id
1971 3349 2114 3406 aegre

530 3452 586 3495 et
637 3441 1001 3495 intoleranter
1055 3434 1324 3488 ferebant.
1380 3429 1590 3485 Deinde
1643 3431 1805 3484 etiam
1855 3436 2113 3497 tanquam

533 3529 829 3586 violentum
864 3521 1452 3595 aliquid.tyrannicum
1488 3519 1721 3589 passuri,
1756 3527 1812 3574 et
1837 3519 1958 3573 aliis
1992 3533 2116 3573 ces-

531 3624 644 3678 suri
667 3636 753 3687 ea,
774 3635 895 3690 quae
917 3617 986 3673 ad
1015 3617 1166 3686 ipsos
1189 3615 1553 3686 pertinebant.
1585 3614 1891 3670 clamabant
1918 3613 2115 3667 adver-

520 3730 626 3771 sus
649 3730 774 3769 eum
806 3712 898 3782 qui
949 3710 1139 3764 misit:
1184 3708 1327 3774 Quid
1369 3706 1545 3762 vero?
1572 3707 1780 3762 adeone
1808 3715 1895 3762 est
1926 3706 2117 3761 infelix

529 3805 1057 3875 Constantinopolis,
1086 3803 1376 3873 iactantes,
1407 3802 1615 3857 adeone
1648 3816 1846 3870 expers
1873 3800 2117 3855 virorum

531 3900 836 3959 bonorum?
866 3898 947 3953 Ad
974 3909 1252 3953 tantamne
1281 3896 1498 3952 virtutis
1544 3896 1782 3966 inopiam
1808 3896 1955 3950 venit
1984 3894 2116 3949 urbs

532 3995 773 4051 maxime
801 3992 987 4061 regia?
1017 3993 1184 4046 Estne
1227 3991 1365 4045 adeo
1407 3990 1566 4060 inops
1619 3990 1673 4043 in
1708 3989 1796 4055 iis,
1838 4004 1958 4059 qua:
1988 3996 2118 4069 sunt

532 4086 881 4160 principalia,
912 4101 1074 4154 quam
1121 4084 1411 4153 oportebat
1445 4084 1499 4138 in
1531 4083 1784 4138 omnibus
1832 4079 2115 4151 superare",

533 4182 598 4235 ut
625 4193 657 4233 a
686 4179 850 4232 nobis
889 4192 1029 4247 opus
1060 4176 1261 4231 habeat
1291 4191 1379 4239 eo,
1411 4175 1499 4245 qui
1544 4175 1614 4229 sit
1642 4174 1859 4227 illorum
1902 4171 2101 4242 prrefu~

530 4278 693 4326 turus
725 4268 1023 4329 Ecclesiae?
1055 4267 1162 4323 Sed
1212 4258 1313 4323 nos
1349 4284 1453 4323 nec
1496 4275 1605 4321 tam
1644 4265 1819 4331 stulti,
1852 4248 1981 4319 nec.
2004 4271 2114 4318 tam

531 4363 891 4435 negligentes,
938 4375 1044 4415 nec
1079 4369 1362 4431 tantopere
1414 4360 1625 4415 erimus
1677 4358 2005 4428 proditores,
2058 4365 2119 4411 ut

530 4452 614 4510 eis
661 4462 857 4508 nostro
893 4452 1039 4507 bono
1070 4459 1177 4505 tam
1219 4451 1376 4506 facile
1418 4451 1698 4526 cedamus.
1749 4449 1927 4517 Caput
1962 4447 2116 4518 prius

2217 1947 2465 2018 ραψαῦον
2515 1948 2610 2001 τοῦ
2666 1949 2921 2016 οὐρανοῦ,
2958 1949 3095 2018 πρὸς
3125 1946 3285 2001 τοῦτο
3320 1946 3804 2016 μετακαλούμενα.

2214 2042 2310 2103 Et;
2330 2044 2517 2113 χεῖρας
2539 2041 2633 2096 οὖν
2662 2044 2760 2111 τὴν
2786 2042 3074 2112 ἐπιστολὴν
3094 2042 3185 2096 τὸν
3206 2040 3472 2113 ἀρχιερέα
3507 2040 3809 2108 δεξάμενον

2208 2120 2310 2184 καὶ
2372 2131 2723 2202 μετελθόντα,
2762 2131 3068 2204 ἐγχειρίσαι
3102 2134 3236 2201 φασὶ
3259 2133 3354 2184 καὶ
3382 2130 3462 2201 τῷ
3485 2130 3626 2200 ἁγίῳ
3648 2148 3660 2161 ·
3707 2129 3807 2183 τὸν

2213 2221 2273 2276 δὲ
2302 2223 2610 2292 ἀναγνόντα
2654 2223 2827 2278 πολλὰ
2876 2224 2978 2294 μὲν
3010 2223 3363 2289 ἐπιστενάξαι
3400 2225 3513 2291 τοῖς
3549 2237 3805 2292 γεγραμ-

2218 2317 2422 2388 μένοις,
2476 2317 2654 2372 πολλὰ
2701 2311 2765 2372 δὲ’
2809 2320 2902 2373 καὶ
2947 2319 3163 2391 δάκρυα
3213 2321 3280 2390 τῇ
3335 2314 3429 2371 τοῦ
3482 2315 3805 2387 πνεύματος

2218 2414 2477 2486 συντριϐῇ
2510 2416 2619 2469 τῶν
2646 2416 2946 2487 ὀφθαλμῶν
3004 2414 3333 2483 ἀποστόιξαι,
3364 2414 3585 2479 ἀνάξιον
3606 2413 3809 2467 ἑαυτὸν

2216 2501 2357 2560 εἶναι
2425 2508 2679 2576 λέγοντα,
2716 2509 2810 2562 καὶ
2842 2509 2949 2574 ὃτι,
2978 2508 3188 2562 Πολλοῦ
3219 2508 3594 2579 δέω-μεγάλης
3627 2505 3809 2571 οὑτως

2215 2599 2392 2671 ἀρχῆς
2427 2601 2731 2670 ὑποστῆναι
2765 2600 2930 2673 βάρος
2957 2618 2971 2633 ’
3002 2602 3126 2655 ἐπεὶ
3161 2602 3255 2655 καὶ
3283 2599 3373 2669 νηῒ
3400 2601 3575 2671 μικρᾷ
3600 2600 3805 2672 φόρτον

2219 2693 2441 2761 μείζονα
2464 2694 2741 2749 πιστεύειν
2768 2696 2869 2747 οὑκ
2896 2694 3155 2764 ἀσφαλές.
3189 2694 3293 2747 Τὸν
3320 2693 3377 2747 δέ
3408 2710 3470 2761 γε
3499 2690 3806 2745 Φλαϐιανὸν

2215 2786 2561 2841 ἁνακτᾶσθαί
2584 2804 2644 2840 τε
2679 2788 2842 2841 αὑτὸν
2899 2788 2991 2840 καὶ
3039 2787 3254 2857 ἀνέχει-ν
3277 2785 3581 2850 ἐπιδεξίως,
3608 2785 3810 2852 λόγους

2193 2880 2339 2933 ,ἀντὶ
2397 2879 2707 2951 φαρμάκων
2738 2882 2803 2951 τῇ
2834 2880 3043 2952 ἀθυμία
3074 2882 3172 2950 τῆς
3194 2879 3376 2950 ψυχῆς
3401 2880 3806 2932 ἐπιπὶιττοντα.

2228 2973 2293 3027 Ἦ
2345 2974 2529 3045 μέντοι
2574 2973 2730 3036 πόλις
2788 2973 2865 3037 ὡς
2903 2972 3132 3044 ᾔσθοντο
3193 2972 3295 3041 τῆς
3346 2971 3532 3042 κοινῆς
3599 2970 3812 3040 ζημίας

2214 3067 2421 3139 ταύτης
2443 3066 2538 3120 καὶ
2556 3068 2840 3137 συμφορᾶς
2871 3065 3097 3137 (ζημίαν
3122 3063 3229 3136 γὰρ
3262 3065 3500 3140 ἕκαστος.
3527 3065 3626 3135 οὑχ
3653 3065 3809 3127 ὅπως

2216 3160 2313 3213 κάὶ
2373 3156 2621 3231 φορητὴν
2672 3158 2773 3229 τὴν
2822 3158 3071 3212 Ἰωάννου
3109 3158 3369 3226 στέρησιν
3447 3156 3809 3224 ἐλογίζοντο)⁹

2221 3252 2433 3324 βαρέως
2456 3247 2605 3320 εἶχον
2633 3253 2724 3304 καὶ
2742 3251 2863 3304 λίαν
2882 3242 3225 3322 περιπαθῶς.
3262 3246 3396 3304 Εἶτα
3416 3250 3509 3303 καὶ
3530 3249 3606 3314 ὡς
3629 3247 3812 3320 βίαιόν

2218 3364 2269 3400 τι
2326 3338 2785 3416 καὶ’τυραννικδν
2835 3343 3138 3413 ὑποστῆναι
3200 3342 3505 3413 μέλλοντες,
3578 3342 3674 3396 καὶ
3727 3336 3810 3395 ὧν

2219 3440 2501 3512 προσῆκεν
2524 3439 2707 3503 αὐτοῖς
2723 3438 3000 3507 ἐκστῆναι,
3038 3438 3319 3491 κατεϐόων
3340 3437 3432 3490 τοῦ
3461 3436 3805 3506 πεμψαντος·

2221 3534 2285 3586 Τί
2311 3533 2437 3597 δαί;
2502 3530 2645 3585 οὕτω
2675 3530 2950 3602 δυστυχὴς
2997 3532 3032 3601 ἡ
3070 3529 3483 3584 Κωνσταντίνου
3530 3528 3807 3596 λέγοντες,

2219 3625 2392 3688 οὕτως
2445 3625 2681 3693 ἄμοιρος
2737 3622 2831 3677 τοῦ
2882 3622 3224 3694 φοϐουμένου
3284 3622 3374 3676 τὸν
3426 3620 3668 3690 Κύριον,
3723 3620 3812 3683 είς

2220 3712 2489 3783 τοσαύτην
2526 3707 2629 3784 ἧκε
2672 3713 2770 3784 τῆς
2818 3712 3025 3784 ἀρετῆς
3087 3714 3286 3766 σπάνιν
3319 3698 3371 3785 ἠ’
3398 3711 3810 3783 βασιλικωτάτη

2220 3806 2330 3858 τῶν
2366 3807 2600 3873 πόλεων,
2652 3805 2824 3868 οὑτως
2848 3806 3053 3875 ἄπορος
3084 3806 3141 3858 ἐν
3168 3808 3284 3868 τοῖς,
3312 3804 3569 3875 καιρίοις,
3598 3803 3665 3874 ἦν
3695 3802 3810 3856 ἔδει

2220 3900 2307 3954 διὰ
2351 3901 2571 3955 πάντων
2598 3900 2843 3970 κρατεῖν,
2885 3899 2958 3960 ὡς
2978 3899 3108 3970 παρ’
3149 3898 3306 3969 ἡμῶν
3335 3896 3545 3951 δεῖσθαι
3583 3894 3675 3948 τοῦ
3704 3893 3812 3963 τῆς

2232 3992 2562 4062 Ἐκκλησίας
2580 3992 2715 4061 αὑτῇ
2744 3990 3227 4061 προστησαμένους
3257 3988 3419 4042 Ἀλλά
3447 3988 3555 4058 γὰρ
3576 3988 3674 4057 οὑχ
3708 3985 3810 4039 οὖ-

2221 4103 2328 4149 τως
2384 4087 2630 4154 ἀνοήτως
2682 4086 2844 4155 ἡμεῖς
2867 4083 3082 4153 ἕξομεν,
3111 4084 3211 4153 οὑχ
3242 4082 3387 4136 οὕτω
3420 4082 3682 4154 ῥᾳθύμως
3708 4079 3810 4133 καὶ

2221 4177 2677 4247 προδοτικῶς,ὡς
2713 4179 2843 4248 ῥᾷον
2896 4179 3082 4237 αὐτοῖς
3139 4175 3359 4241 ὑπεῖξαι
3401 4175 3495 4229 τοῦ
3532 4174 3806 4246 ἡμετέρου

2223 4271 2412 4326 καλοῦ.
2470 4271 2582 4341 Τὴν
2636 4270 2882 4340 κεφαλὴν
2942 4270 3235 4342 πρότερον.
3278 4270 3706 4339 ἀφαιρήσονται,
3760 4265 3798 4337 ἢ

2221 4364 2430 4417 ἐκεῖνον
2488 4361 2620 4432 παρ’
2679 4361 2917 4414 ἑκόντων
2947 4359 3107 4430 ἡμῶν
3130 4359 3419 4430 λήψονται.
3462 4358 3702 4412 Τοιαῦτα
3734 4355 3803 4429 δή

2219 4471 2345 4508 τινα
2395 4453 2702 4526 είρηκότες,
2768 4453 2959 4507 ἔπειτα
3029 4452 3126 4507 καὶ
3187 4454 3373 4523 ὅρκοις
3423 4451 3671 4522 ἀλλήλων
3704 4452 3809 4513 τὰς

531 4544 695 4604 nobis
724 4546 995 4611 auferent,
1023 4561 1185 4616 quam
1222 4546 1374 4600 illum
1417 4561 1447 4599 a
1478 4532 1788 4599 volentibus
1820 4543 1980 4598 nobis
2005 4543 2114 4598 sint

2220 4546 2400 4615 ψυχὰς
2460 4543 2788 4616 ἐμπεδοῦσι,
2844 4542 2920 4614 μὴ
2954 4545 3164 4613 ἐφεῖναι
3189 4546 3303 4607 τοῖς
3342 4542 3804 4612 ἀπεσταλμένοις,

535 4638 834 4707 accepturi.
871 4636 994 4691 llaec
1026 4636 1295 4701 dicentes,
1336 4635 1537 4690 deinde
1579 4636 1741 4688 etiam
1787 4649 1946 4688 suum
1977 4649 2111 4689 con-

530 4726 713 4802 silium
754 4727 1081 4782 confirmant
1120 4726 1498 4796 jurejurando,
1536 4740 1643 4779 non
1691 4724 2009 4794 permittere
2046 4725 2113 4782 iis

532 4820 625 4897 qui
659 4821 811 4876 missi
871 4820 1089 4874 fuerant
1120 4840 1145 4874 ε,
1167 4820 1263 4875 sed
1294 4835 1413 4873 esse
1445 4819 1625 4889 potius
1668 4826 1886 4888 paratos
1925 4819 1990 4877 ad
2018 4835 2113 4889 pa-
2151 4813 2161 4823 ’

531 4913 800 4981 tiendum,
843 4914 887 4969 si
918 4914 1048 4985 quid
1101 4922 1287 4969 essent
1315 4912 1533 4968 facturi.
1582 4912 1719 4968 Cum
1769 4912 1952 4985 itaque
1995 4916 2114 4986 epi-

529 5022 730 5078 sc0pus
755 5007 1416 5068 habuisset.concionem,
1451 5016 1508 5062 et
1539 5008 1704 5063 verba
1735 5008 1958 5065 fecisset
1986 5020 2112 5081 apta

530 5101 597 5159 ad
637 5103 1098 5171 persuadendum,
1131 5108 1193 5155 ut
1223 5098 1481 5165 elliceret,
1535 5118 1604 5157 ne
1630 5104 1866 5179 populus
1894 5116 2115 5160 contra-

532 5193 763 5262 diceret,
810 5194 919 5249 illis
941 5209 1007 5249 ea
1048 5201 1207 5248 erant
1241 5194 1424 5251 inanis
1460 5197 1743 5267 strepitus,
1775 5208 1833 5255 et
1857 5215 1992 5254 vana
2017 5214 2115 5255 au-

527 5288 672 5348 rium
723 5287 992 5343 molestia.
1039 5285 1183 5352 Quid
1211 5287 1358 5342 enim
1407 5288 1641 5345 dicendo
1674 5301 1857 5360 posset
1889 5307 2114 5361 persua-

528 5380 679 5448 dere,
713 5394 840 5434 cum
867 5392 963 5435 eos
991 5377 1176 5451 lingua
1205 5389 1353 5435 esset
1379 5364 1727 5450 privaturus:
1766 5383 1969 5453 lingua,
1993 5368 2115 5454 quae

525 5483 639 5529 tam
663 5472 891 5551 pulchre
927 5472 1152 5543 quidem
1196 5474 1451 5541 canebat,
1483 5483 1538 5529 et
1578 5476 1738 5546 cujus
1763 5484 1957 5533 cantus
1997 5485 2118 5532 erat

524 5566 664 5625 adeo
694 5566 847 5622 utilis
873 5575 929 5622 et
967 5566 1257 5622 salutaris?
1282 5566 1454 5633 Quam
1477 5584 1587 5623 non
1621 5569 1831 5635 audire,
1854 5570 2114 5627 damnum

526 5669 760 5717 estnon
790 5658 1092 5725 mediocre,
1127 5660 1226 5717 sed
1276 5661 1360 5717 vel
1396 5661 1464 5717 ad
1497 5663 1670 5734 ipsam
1699 5678 1871 5734 usque
1917 5679 2116 5734 perva-

529 5757 666 5807 dens
691 5751 951 5840 animam.
991 5753 1193 5809 Deinde
1222 5769 1346 5840 eum
1370 5757 1463 5827 qui
1494 5756 1648 5813 missi
1679 5756 1917 5824 fuerant,
1946 5774 2113 5830 para-

532 5837 777 5893 rentvim
803 5838 997 5897 afferre
1024 5851 1079 5898 et
1108 5837 1326 5902 trahere
1353 5845 1638 5917 Joannem,
1660 5846 1777 5920 ipse
1808 5850 2111 5923 ingressus,

2219 4642 2334 4694 ἀλλ’
2372 4639 2582 4709 ἕτοιμοι
2623 4634 2766 4693 εἶναι
2797 4640 2937 4710 πρδς
2978 4640 3039 4691 τὸ
3071 4638 3265 4691 παθεῖν
3314 4636 3536 4708 μᾶλλον,
3563 4638 3713 4707 εἴτι,
3736 4635 3808 4690 ἂν

2218 4735 2313 4788 καὶ
2337 4732 2468 4805 ὅρᾷν
2524 4732 2781 4803 μέλλωσι.
2808 4730 2917 4784 Τοῦ
2957 4732 3138 4784 τοίνυν
3164 4729 3470 4783 ἐπισκόπου
3509 4728 3812 4795 ἐκκλησιά-

2219 4840 2432 4901 σαντος,
2460 4826 2554 4879 καὶ
2586 4826 2652 4895 τῇ
2683 4824 2811 4895 περὶ
2836 4822 3027 4876 τούτου
3059 4822 3378 4893 δημηγορίᾳ
3408 4821 3602 4875 ἑαυτὸν
3649 4818 3811 4889 ἐφέν-

2218 4935 2329 4982 τος,
2367 4918 2509 4973 ὥστε
2559 4918 2747 4994 πεῖσαι
2778 4916 2838 4970 τὸ
2863 4915 3067 4987 πλῆθος
3102 4914 3515 4986 μὴ’ἀντιλέγειν
3549 4912 3804 4977 ἐκείνοις,

2217 5013 2387 5083 ψόφος
2412 5008 2483 5084 ἦν
2511 5011 2678 5083 ἀργὸς
2714 5009 2910 5072 ταῦτα,
2944 5011 3039 5064 καὶ
3082 5004 3289 5080 ματαία
3311 5008 3420 5062 τῶν
3455 5006 3609 5061 ὢτων
3643 5007 3810 5076 ὄχλη-

2220 5119 2325 5165 σις.
2352 5101 2417 5154 Τί
2442 5102 2553 5173 γὰρ
2611 5102 2707 5155 καὶ
2734 5100 2910 5169 λέγων
2940 5100 3178 5171 ἠδύνατο
3209 5096 3442 5161 πείθειν,
3479 5098 3602 5151 ἐπεὶ
3629 5098 3808 5167 γλώτ-

2217 5209 2319 5263 της
2374 5182 2711 5264 ἀποστερεῖν
2755 5192 2958 5257 αὐτοὺς
3009 5191 3226 5262 ἔμελλε,
3255 5190 3502 5264 γλώττης
3534 5191 3677 5245 οὑτω
3703 5189 3807 5261 μὲν

2221 5285 2388 5339 καλὸν
2447 5285 2704 5358 ᾀδούσης,
2736 5284 2880 5339 οὕτω
2912 5286 2971 5340 δὲ
3015 5284 3294 5357 ὠφέλιμον
3345 5287 3442 5339 καὶ
3508 5287 3804 5356 σωτήριον,

2217 5375 2286 5452 ἧς
2317 5380 2375 5434 τδ
2412 5381 2489 5450 μὴ
2524 5368 2766 5443 ἀκούειν,
2790 5380 2965 5451 ζημία
2988 5378 3159 5451 δεινὴ,
3195 5380 3289 5434 καὶ
3314 5381 3394 5443 εἰς
3430 5379 3601 5450 αὐτὴν
3638 5379 3812 5449 ἢκου-

2221 5490 2290 5529 σα
2316 5472 2417 5545 τὴν
2463 5472 2679 5545 ψυχήν;
2715 5469 2853 5527 Εἶτα
2902 5472 3010 5528 τῶν
3034 5532 3039 5536 ,
3062 5472 3496 5542 ἀπεσταλμένων
3551 5471 3649 5526 καὶ
3681 5469 3810 5542 βίαν

2220 5566 2562 5639 προσθεῖναι,
2599 5568 2695 5621 καὶ
2724 5567 2898 5639 ταύτῃ
2922 5566 3014 5621 τὸν
3057 5565 3317 5635 Ἰωάννην
3347 5564 3573 5619 ἑλκύσαι
3600 5562 3810 5635 προθυ-

2222 5660 2509 5732 μουμένων
2537 5662 2703 5726 αὐτὸς
2734 5660 2869 5716 είσω
2887 5662 3202 5732 γενόμενος,
3235 5661 3330 5717 καὶ
3359 5661 3485 5739 ὅσον
3512 5659 3814 5730 πρόκριτον

2219 5755 2512 5827 ἐκπέμψας
2548 5754 2647 5824 τῆς
2686 5754 2917 5821 πόλεως,
2951 5754 3106 5827 ἠξίου
3146 5755 3209 5809 τὸ
3236 5754 3446 5826 πλῆθος
3469 5752 3637 5825 μηδὲν
3667 5750 3807 5805 vseb-

2220 5867 2381 5921 τερον
2420 5851 2712 5923 ιρρονῆσαι,
2758 5850 2894 5923 μηδὲ
2923 5850 3249 5923 πράγμασιν
3275 5849 3412 5915 ὅλως
3452 5844 3811 5920 θερμοτέροις
