4138 6426
486 340 627 412 1087

1682 288 1968 407 MENSIS
2002 332 2137 403 IAN
2147 340 2466 404 UARIUS.

3599 330 3761 398 1088-

481 469 601 517 orat
628 459 808 527 facile,
825 475 988 531 quam
1008 460 1181 518 cuivis
1204 460 1295 516 alii
1321 460 1664 519 solummodo
1683 462 1889 518 dicere.
1902 462 2073 533 Cujus

2175 462 2381 529 πραεῖα
2401 459 2467 532 δὴ
2495 460 2529 531 ἡ
2559 456 2821 524 ἔντευξις,
2844 458 2873 512 ό
2901 458 2960 514 δὲ
2983 457 3140 527 λόγος
3165 458 3336 520 οὕτως
3373 454 3613 527 όμαλῶς,
3648 454 3773 507 καὶΔ

481 570 587 609 vox
629 555 847 625 quidem
904 558 1024 611 erat
1067 556 1229 623 lenis,
1279 556 1422 612 lenis
1460 565 1646 612 autem
1699 555 2059 627 congressio:

485 645 663 699 oratio
687 660 841 708 vero,
878 660 1000 715 qua
1029 645 1168 701 adeo
1194 646 1411 717 placide
1434 654 1491 701 et
1521 646 1764 716 jucunde
1784 644 1986 701 ﬂuebat
2007 645 2061 699 in

488 735 747 799 animam,
772 743 829 790 et
860 743 970 818 tam
999 736 1235 806 benigne
1266 751 1387 791 eam
1416 736 1736 807 attingebat,
1764 746 1827 791 ut
1855 735 2063 791 nullum

485 836 635 882 esset
673 827 945 897 ejusmodi
974 829 1435 884 medicamentum
1469 830 1733 899 corporis,
1762 828 1907 899 quod
1940 843 2065 884 cum

480 922 697 992 juvaret
726 921 1042 990 plurimum,
1065 922 1203 976 nihil
1221 921 1440 977 all'erret
1468 920 1521 975 in
1542 922 1743 976 utendo
1761 919 2060 975 molestia:

487 1009 763 1077 quomodo
787 1009 877 1063 illa
900 1010 1104 1080 absque
1129 1011 1240 1067 ullo
1265 1026 1450 1066 morsu
1482 1012 1775 1066 maximam
1807 1010 2069 1063 all’erebat

485 1097 801 1151 utilitatem.
832 1098 1041 1153 Deinde
1083 1098 1171 1153 die
1213 1099 1464 1168 sequenti
1495 1100 1611 1169 ipse
1654 1098 1969 1169 imperator,
2014 1106 2070 1151 et

486 1189 804 1258 quicunque
844 1198 1002 1244 erant
1041 1189 1095 1242 in
1129 1190 1351 1245 civitate
1383 1190 1636 1244 honorati
1670 1200 1726 1244 et
1754 1189 1874 1244 aliis
1908 1203 2070 1257 supe-

486 1282 700 1347 riores,
761 1286 829 1338 ad
876 1284 1099 1361 beatum
1146 1284 1325 1339 virum
1376 1284 1702 1339 accedentes
1743 1283 1872 1351 (hoc
1919 1279 2068 1361 enim

488 1374 718 1428 omnino
765 1376 1074 1444 volebant),
1118 1376 1239 1445 ejus
1280 1390 1473 1445 preces
1521 1384 1577 1429 et
1630 1372 2069 1429 benedictionem

487 1466 889 1535 jucundissime
933 1478 1061 1523 sunt
1111 1468 1418 1523 consecuti.
1457 1467 1662 1521 Deinde
1704 1467 1814 1531 ille,
1868 1480 1992 1529 cum
2026 1464 2071 1518 is

487 1559 796 1623 laudabilis,
824 1560 914 1629 qui
939 1560 1114 1629 prius,
1146 1575 1271 1615 eum
1304 1558 1594 1614 invasisset
1620 1566 1798 1612 metus
1852 1564 1913 1613 et
1927 1567 2076 1612 esset

485 1666 734 1706 summus
772 1641 1013 1706 imitator
1039 1652 1169 1708 Jesu
1202 1653 1549 1729 humilitatis,
1589 1652 1786 1721 injecta
1827 1649 2075 1704 oratione

485 1741 565 1796 sic
620 1742 755 1796 dixit
798 1758 812 1796 :
860 1742 1144 1797 Terribilis
1185 1744 1319 1797 mihi
1365 1744 1481 1798 visa
1513 1751 1616 1807 est,
1668 1756 1702 1795 ο
1750 1741 2068 1809 imperator,

489 1831 775 1898 terribilis,
810 1840 865 1887 et
912 1834 1088 1900 major
1125 1848 1286 1903 quam
1318 1842 1373 1887 ut
1421 1841 1554 1887 mea:
1583 1834 1727 1886 vires
1757 1831 1900 1884 ferre
1936 1845 2067 1898 pos-

487 1935 634 1989 seut,
666 1927 895 1998 insignis
922 1927 1157 1999 dignitas
1179 1926 1343 1996 hujus
1375 1926 1722 1996 pontiﬁcatus
1751 1944 1762 1978 :
1803 1926 1954 1995 quod
1980 1940 2068 1979 me

491 2020 658 2076 etiam
692 2020 954 2075 reddebat
984 2021 1234 2075 timidum
1260 2020 1609 2076 cunctantem
1638 2020 1706 2074 ad
1738 2020 1858 2089 ejus
1884 2034 2069 2074 susce-

488 2111 735 2182 ptiouem
765 2129 779 2166 :
813 2111 959 2181 quod
989 2120 1046 2166 et
1085 2112 1150 2166 ad
1188 2126 1363 2166 meam
1396 2111 1639 2165 intuerer
1679 2109 2067 2179 abjectionem,

365 2253 373 2262 .
487 2211 547 2257 et
578 2202 645 2257 ad
680 2202 1112 2272 magnitudinem
1142 2203 1282 2273 ejus,
1314 2202 1458 2271 quod
1494 2217 1632 2257 meae
1656 2201 1779 2256 lidei
1815 2200 2069 2256 commit-

492 2290 725 2345 tebatur.
770 2291 891 2357 Quo
919 2300 1003 2346 cst
1035 2292 1180 2346 enim
1211 2292 1447 2364 dignitas
1473 2292 1775 2358 sublimior,
1801 2307 1867 2347 eo
1899 2294 2072 2365 magis

492 2397 633 2450 opus
656 2382 821 2447 habet
852 2381 953 2447 iis,’
966 2382 1058 2451 qui
1087 2391 1218 2436 sunt
1248 2382 1448 2436 excelsi
1480 2382 1710 2443 viribus,
1741 2384 1911 2451 eLqui
1934 2397 2069 2437 con-

492 2473 663 2528 ﬁdere
701 2482 930 2543 possunt
963 2474 1019 2528 in
1055 2475 1380 2530 ministerio.
1413 2473 1547 2530 Cum
1590 2485 1771 2533 autem
1821 2491 1923 2530 nos
1970 2474 2071 2530 etsi

495 2568 748 2639 indignos
794 2578 850 2623 et
883 2569 1148 2638 abjcctos,
1184 2569 1251 2625 iis
1288 2569 1630 2639 quibus'scit
1670 2569 1992 2633 rationibus,
2026 2568 2072 2622 is

491 2662 651 2733 cujus
674 2661 878 2733 judicia
901 2670 1032 2718 sunt
1050 2663 1280 2733 abyssus
1304 2664 1475 2717 multa
1496 2664 1559 2729 ”,
1583 2662 1649 2717 ad
1682 2662 1822 2717 banc
1850 2654 2075 2717 deduxit

494 2756 796 2827 speculam,
829 2764 885 2810 et
928 2756 1140 2810 ratione
1192 2756 1403 2826 praediti
1439 2756 1521 2811 sui
1577 2756 1752 2827 gregis
1799 2762 2071 2826 pastorem

2165 554 2340 626 ἡδέως
2390 552 2533 625 ῥέων
2564 555 2647 616 είς
2672 553 2774 623 τὴν
2810 549 3010 623 ψυχὴν,
3036 553 3134 605 καὶ
3166 551 3340 615 οὑτως
3363 549 3542 621 ἠπίως
3567 545 3750 617 αὐτῆς

2167 646 2496 717 ἁπτόμενος,
2552 644 2695 700 ὥστε
2748 643 2945 718 μηδὲν,
2973 642 3218 697 τοιοῦτον
3281 640 3421 695 εῖναι
3451 639 3765 711 φάρμακον-

2168 736 2443 807 σώματος,
2473 735 2504 789 ὃ
2535 736 2605 790 τὰ
2656 734 2894 806 μέγιστα
2961 733 3208 803 ὠφελοῦν
3273 732 3426 786 οὐδὲν
3472 731 3634 785 λυπεῖ
3674 730 3763 800 τῇ.

2166 828 2530 901 προσψαύσει,
2587 830 2664 893 ὡς
2710 829 2918 891 ἐκεῖνος
2975 827 3221 898 μεγάλην
3275 842 3334 879 τε
3383 824 3479 879 καλ⁵
3540 822 3752 892 πολλὴν

2166 924 2414 995 ἀδήκτως
2445 923 2667 993 ἐμποιεῖ
2696 920 2793 992 τὴν
2819 920 3114 989 ὠφέλειαν.
3150 913 3287 972 Εἶτα
3308 917 3422 993 τὴν,
3453 912 3763 986 ὑστεραίαν

2142 1050 2145 1051 ν
2171 1017 2426 1088 βασιλεὺς
2462 1016 2652 1080 αὑτὸς,
2703 1014 2799 1067 καὶ
2828 1013 2931 1082 τῆς
2956 1011 3235 1073 πολιτείας
3262 1012 3386 1064 ὅσον
3410 1009 3628 1077 ἔντιμον
3653 1005 3758 1060 καὶ

2167 1111 2294 1173 τοῦς
2326 1108 2556 1171 πολλοὺς
2589 1105 2990 1177 ὑπερϐεϐηκὸς,
3023 1102 3428 1173 προσελθόντες
3460 1098 3538 1169 τῷ
3571 1110 3757 1169 μακα-

2174 1200 2274 1271 ρίῳ
2332 1198 2510 1269 (τοῦτο
2558 1197 2667 1267 γὰρ
2696 1197 2761 1249 ἐκ
2788 1193 2988 1258 παντὸς
3044 1193 3253 1264 ἠξίουν)
3289 1192 3398 1246 τῶν
3423 1190 3555 1258 παρ’
3583 1182 3755 1241 αὑτοῦ

2170 1290 2347 1360 εὐχῶν
2385 1289 2583 1361 ἥδιστα
2608 1288 2703 1342 καὶ
2736 1287 2837 1355 τῆς
2865 1284 3120 1352 εὐλογίας
3144 1281 3437 1337 ἀπέλαυον.
3468 1274 3579 1359 Εἶθ’
3606 1277 3759 1331 οὑτω

2169 1382 2329 1448 λόγον
2401 1376 2658 1450 ἐμϐαλὼν
2700 1378 2931 1440 ἐκεῖνος,
2967 1375 3043 1440 ὼς
3073 1375 3180 1428 ὑπὸ
3207 1374 3308 1444 τῆς
3350 1372 3519 1441 αὐτῆς
3549 1368 3763 1430 δειλίας
3830 1368 3835 1371 ⁷

2172 1476 2430 1546 ἐχόμενος
2477 1472 2585 1542 τῆςι
2630 1470 2942 1538 ἐπαινετῆς,
2974 1462 3042 1538 ἦς
3081 1467 3174 1521 καὶ
3200 1466 3484 1537 πρότερον,
3536 1462 3632 1516 καὶ
3662 1477 3767 1531 μι-

2177 1564 2352 1636 μητὴς
2379 1563 2547 1617 τελῶν
2578 1563 2679 1634 τῆς
2719 1560 2895 1631 Ἰησοῦ
2920 1558 3326 1620 ταπεινώσεως,
3365 1553 3598 1624 Φοϐερόν
3636 1567 3765 1622 μοι,

2176 1655 2353 1721 εἶπεν,
2394 1650 2440 1710 ὦ
2477 1654 2725 1725 βασιλεῦ,
2761 1652 2856 1705 καὶ
2896 1651 3081 1721 μεῖζον
3111 1650 3145 1721 ἢ
3175 1648 3299 1704 κατ’
3330 1646 3470 1718 ἐμὴν
3498 1645 3767 1713 δύναμιν,

2176 1751 2274 1820 τῆς
2329 1750 2612 1821 ίεραρχίας
2647 1745 2854 1815 ταύτης
2880 1745 2981 1816 τῆς
3013 1740 3329 1814 ὑπερφυοῦς
3356 1740 3417 1792 τὸ
3450 1737 3688 1807 ἀξίωμα.
3729 1733 3770 1787 ὃ.

2176 1861 2244 1915 με
2284 1845 2379 1899 καὶ
2419 1842 2596 1910 δειλὸν
2621 1841 2799 1895 ἐποίει
2845 1840 2947 1895 καὶ
2976 1839 3114 1910 πρὸς
3145 1836 3244 1907 τὴν
3286 1834 3498 1905 αἵρεσιν
3527 1828 3763 1899 διαμέλ-

2170 1938 2330 1990 λοντα
2358 1935 2436 2005 τῷ
2467 1936 2607 2004 πρός
2634 1951 2696 1986 τε
2724 1931 2824 2004 τὴν
2875 1931 3016 2002 ἐμὴν
3069 1927 3329 1999 ἐσχατιὰν
3354 1955 3360 1962 -
3385 1924 3607 1995 ἀφορᾷω
3653 1921 3769 1975 καὶ

2169 2027 2267 2096 τὴν
2319 2027 2416 2080 τοῦ
2471 2026 2865 2097 πιστευομένου
2901 2016 3321 2094 μεγαλειότητα.
3351 2021 3503 2091 Ὄσῳ
3550 2018 3658 2089 γὰρ
3691 2015 3763 2071 τὸ

2171 2122 2397 2193 ὑψηλὸν,
2429 2120 2675 2189 τοσούτῳ,
2702 2121 2799 2174 καὶ
2820 2120 2931 2175 τῶν
2961 2122 3040 2184 είς
3075 2119 3304 2190 δύναμιν
3332 2115 3553 2189 ὑψηλῶν
3581 2115 3763 2169 δεῖται

2173 2212 2309 2283 πρὸς
2337 2214 2437 2283 τὴν
2489 2210 2815 2282 ὑπηρεσίαν.
2864 2209 3018 2264 Ἐπεὶ
3044 2209 3102 2262 δὲ
3130 2208 3227 2263 καὶ
3279 2206 3533 2272 ἀναξίους
3594 2202 3762 2266 ὄντας

2172 2310 2268 2361 καὶ
2319 2307 2493 2376 χαμαὶ
2541 2304 2828 2375 κειμένους
2889 2304 3059 2375 ἡμᾶς,
3087 2296 3170 2365 οἷς
3199 2301 3490 2356 ἐπίσταται
3540 2294 3757 2362 λόγοις,
3808 2346 3815 2351 .

2172 2393 2234 2454 οῦ
2256 2399 2324 2453 τὰ
2355 2399 2605 2471 κρίματα
2654 2397 2895 2461 ἄϐυσσος
2938 2396 3132 2468 πολλὴ,
3191 2397 3270 2459 εἰς
3322 2392 3530 2460 ταύτην
3579 2391 3761 2461 ἧγαγε
3804 2438 3809 2442 .

2174 2490 2484 2561 περιωπὴν,
2505 2487 2600 2541 καὶ
2620 2487 2859 2559 ποιμένα
2883 2490 2984 2558 τῆς
3004 2486 3233 2556 λογικῆς
3249 2482 3417 2539 αὐτοῦ
3444 2481 3757 2550 κατέστησε

2175 2583 2433 2652 ποίμνης.
2487 2581 2703 2650 δέομαι,
2762 2578 3007 2649 βασιλεῦ,
3062 2577 3201 2648 πρὸς
3272 2574 3453 2629 αὑτῶν
3504 2573 3760 2635 ἐλπίδων,

2173 2667 2248 2728 ὧν
2279 2673 2479 2735 πάντες
2538 2671 2776 2742 ἐχόμεθα
2802 2670 2945 2740 (οὑδέ
2975 2669 3085 2739 γὰρ
3120 2666 3403 2723 ἀκίνδυνόν
3433 2681 3525 2736 μοι
3545 2664 3609 2716 τὸ
3642 2661 3762 2716 ἀπὸ

2173 2765 2328 2819 τοῦδε
2355 2765 2535 2836 σιγᾷν,
2564 2763 2686 2816 οὐδὲ
2717 2763 2779 2815 τὸ
2829 2760 3072 2831 ἐμαυτοῦ
3112 2760 3273 2830 μόνον
3303 2757 3520 2829 ὁρῶντα
3547 2754 3758 2825 μισθω-

495 2849 801 2911 constituit,
831 2864 981 2919 rogo,
1015 2863 1048 2903 o
1070 2846 1387 2918 imperator.
1414 2864 1512 2918 per
1535 2865 1655 2902 cum
1699 2865 1875 2919 spem,
1910 2864 2072 2919 quam

2176 2859 2265 2912 τὸν
2319 2854 2482 2921 εἶναι,
2515 2856 2609 2909 καὶ
2647 2856 2709 2909 οὑ
2749 2854 3007 2924 ποιμένα)
3043 2845 3548 2930 δέομαιτειγαροῦν
3622 2862 3764 2932 προ-

495 2955 690 2995 omnes
736 2940 1004 2995 habemus
1059 2948 1260 3011 (neque
1306 2940 1451 2994 enim
1502 2940 1634 2995 mihi
1691 2949 1867 2995 tutum
1911 2940 2075 2996 fuerit

2177 2951 2499 3021 ηγουμένως
2533 2949 2631 3019 μέν
2692 2949 2805 3010 τοῖς
2837 2945 2931 2999 τοῦ
2974 2943 3108 2998 Θεοῦ
3136 2943 3315 3011 λόγοις
3346 2935 3442 3002 οῦς
3472 2936 3764 2992 εὑσύνετον

494 3032 756 3102 deinceps
779 3032 964 3096 silere,
997 3047 1178 3102 neque
1218 3032 1363 3102 quod
1407 3048 1588 3107 meum
1620 3043 1704 3086 est
1741 3033 1915 3087 solum
1951 3048 2075 3103 spe-

2180 3043 2520 3113 ὑποσχόντας
2570 3042 2737 3113 ὑμᾶς,
2796 3039 2890 3091 ἐπὶ
2931 3036 3010 3108 τῷ
3069 3034 3305 3107 θεμελίῳ
3362 3032 3464 3101 τῆς
3520 3029 3766 3090 πίστεως

494 3124 715 3188 ctando,
747 3124 1146 3180 mercenarium
1174 3140 1318 3187 esse,
1351 3135 1407 3179 et
1430 3141 1538 3180 non
1570 3126 1909 3195 pastorem);
1945 3142 2073 3195 rogo

2179 3134 2382 3205 χρυσὸν
2412 3134 2506 3186 καὶ
2531 3134 2770 3203 ἄργυρον
2805 3131 2900 3184 καὶ
2927 3129 3109 3193 λίθους
3128 3129 3363 3197 τιμίους,
3386 3122 3485 3185 τὰς
3515 3118 3758 3188 ἀγαθὰς,

496 3230 644 3287 ergo,
680 3224 739 3271 ut
770 3216 1144 3286 principaliter
1170 3216 1390 3286 quidem
1424 3232 1521 3272 vos
1549 3215 1643 3271 Dei
1673 3218 1853 3271 verbis
1887 3233 2074 3273 aurem

2172 3228 2354 3296 φημὶ,
2377 3225 2607 3294 πράξεις
2637 3223 2961 3293 οἰκοδομεῖν.
2985 3223 3045 3275 Εἰ
3061 3221 3123 3291 δή
3144 3234 3288 3280 τινες
3313 3212 3775 3287 προελήφθησανι

496 3308 806 3377 praebentes
834 3316 1122 3371 attentam,
1151 3324 1317 3378 super
1356 3308 1771 3363 fundamentum
1804 3310 1949 3375 lidei,
1978 3327 2076 3365 au—

438 3439 443 3444 -
497 3415 620 3455 rum
664 3409 720 3454 et
752 3410 1040 3471 argentum
1071 3409 1124 3455 et
1175 3401 1384 3472 lapides
1431 3403 1721 3472 pretiosos,
1781 3405 1968 3467 bonas,
2000 3405 2079 3462 in-

497 3507 685 3561 quam,
724 3493 989 3555 actiones.
1044 3493 1341 3549 :ediﬁcetis.
1367 3493 1420 3547 Si
1453 3493 1543 3563 qui
1585 3502 1767 3551 autem
1801 3511 2079 3573 praeoccu-

495 3585 608 3656 pati
664 3583 906 3649 l‘ueruut,
952 3595 1068 3652 aut,
1095 3585 1240 3655 quod
1270 3585 1443 3651 absit,
1494 3587 1603 3642 sint
1656 3592 2074 3660 prmoccupandi

496 3680 755 3736 humanis
782 3679 1015 3748 delictis,
1045 3695 1109 3736 ea
1142 3689 1273 3737 sunt
1331 3682 1651 3753 paenitentia
1681 3695 1735 3739 et
1759 3685 1941 3740 studio
1981 3700 2078 3741 ex-

496 3772 794 3847 purganda.
848 3774 928 3829 Ad
959 3790 1077 3829 eam
1109 3775 1181 3829 sit
1227 3776 1388 3831 nobis
1440 3776 1734 3846 pulchrum
1764 3779 2075 3846 exemplum
2123 3825 2129 3829 .

495 3880 725 3936 magnus
750 3864 839 3920 ille
867 3864 1036 3920 David
1061 3865 1128 3924 η.
1169 3865 1259 3935 qui
1284 3880 1407 3921 cum
1434 3865 1491 3919 in
1517 3877 1799 3936 peccatum
1828 3876 1887 3921 ut
1913 3868 2077 3922 homo

498 3955 805 4022 incidisset,
848 3965 906 4012 et
943 3958 1011 4013 ab
1047 3958 1270 4013 homine
1303 3957 1496 4013 fuisset
1534 3959 1927 4029 reprehensus,
1962 3972 2075 4013 non

494 4058 559 4105 ut
587 4050 752 4105 homo
778 4050 1139 4115 solummodo,
1174 4065 1355 4121 neque
1389 4050 1641 4107 similiter
1687 4066 1753 4108 ac
1782 4050 1978 4122 vulgus
2017 4066 2077 4105 se

495 4142 667 4213 gessit
717 4144 1022 4214 gratissima
1089 4144 1176 4198 illa
1236 4144 1456 4208 anima,
1515 4160 1696 4214 neque
1744 4143 2077 4215 contumelia

497 4234 988 4301 reprehensionem
1039 4234 1297 4305 pauperis
1328 4250 1421 4289 rex
1465 4235 1711 4305 repulit,
1741 4235 1834 4289 sed
1883 4249 2077 4305 magna

495 4325 873 4381 moderatione
896 4335 954 4381 et
982 4326 1150 4380 animi
1180 4326 1510 4382 contritione
1539 4328 1712 4395 ipsam
1737 4326 1860 4381 tulit
1895 4340 2079 4395 repre-

496 4412 842 4482 hensionem,
875 4424 931 4472 et
957 4431 1083 4472 cum
1105 4430 1163 4471 se
1180 4431 1437 4487 peccasse
1473 4431 1581 4471 nou
1604 4425 1750 4471 esset
1774 4415 2068 4479 inﬁciatus,

2136 3310 2211 3391 ’ἦ
2233 3320 2326 3375 καὶ
2365 3314 2727 3389 προληῲθεῖεν
2757 3316 2917 3386 (ὅπερ
2946 3311 3280 3383 ἀπεύχομαι)
3313 3307 3762 3379 παραπτώμασιν

2178 3410 2560 3480 ἀνθρωπίνοις,
2593 3408 2657 3477 τῇ
2698 3404 2958 3476 μετανοὶᾳ
2990 3402 3167 3455 ταῦτα
3214 3399 3545 3470 καθαρτέον.
3575 3394 3763 3451 Καλὸν

2180 3503 2483 3570 ὑπόδειγμα
2522 3500 2656 3569 πρὸς
2682 3498 2853 3568 αὑτὴν
2890 3498 2917 3550 ὁ
2950 3495 3124 3566 μέγας
3183 3495 3314 3565 ἡμῖν
3369 3491 3512 3544 έστω
3570 3486 3759 3550 Δαϐὶδ,
3790 3522 3799 3529 ο

2178 3595 2237 3657 ὃς
2266 3594 2580 3664 ἀνομήματι
2641 3590 2827 3654 ἁλοὺς,
2876 3582 2966 3643 οἷα
2997 3587 3306 3659 ἄνθρωπος.
3339 3584 3432 3639 ὑπ’
3468 3581 3762 3655 ἀνθρώπου

2179 3704 2237 3740 τε
2263 3685 2353 3739 τὸν
2409 3684 2633 3752 ἔλεγχον
2674 3681 2937 3745 ὑποστὰς,
2966 3680 3027 3734 οὑ
3064 3680 3184 3734 κατ’
3232 3678 3521 3750 ἄνθρωπον
3545 3673 3760 3740 ἁπλῶς,

2178 3776 2302 3830 οὐδὲ
2359 3778 2473 3837 τοῖς
2545 3773 2760 3836 πολλοῖς
2815 3774 3018 3842 ὁμοίως
3078 3774 3113 3843 ἡ
3162 3770 3500 3844 χαριεστάτη
3543 3766 3762 3835 διετέθη

2178 3867 2348 3939 ψυχή.
2406 3864 2542 3920 Οῠτε
2602 3865 2710 3937 γὰρ
2760 3864 2973 3936 βαρέως
3004 3865 3206 3936 ἧνεγκε
3262 3863 3401 3934 πρὸς
3431 3857 3765 3928 assumes:

2181 3960 2336 4031 ὕϐρει
2387 3958 2488 4030 τὴν
2549 3958 2757 4029 μέμψιν
2784 3958 2814 4010 ὁ
2838 3958 3095 4028 βασιλεὺς
3119 3956 3212 4010 τοῦ
3244 3956 3477 4024 πένητος
3509 3950 3763 4020 διεκρού-

2172 4065 2336 4117 σατο,
2401 4052 2515 4105 ἀλλ’
2546 4054 2606 4105 ἐν
2636 4050 2816 4120 πολλῷ
2840 4049 2919 4119 τῷ
2953 4049 3162 4120 μετρίῳ
3215 4049 3313 4102 καὶ
3348 4050 3416 4120 τῇ
3452 4050 3549 4118 τῆς
3579 4044 3763 4115 ψυχῆς

2182 4145 2444 4216 συντριϐῇ
2497 4144 2662 4198 αὑτόν
2687 4160 2745 4197 τε
2775 4143 2867 4197 τὸν
2919 4142 3140 4213 ἔλεγχον
3165 4142 3384 4214 ἤνεγκε,
3451 4142 3549 4195 καὶ
3575 4138 3764 4210 πλημ-

2184 4237 2416 4308 μελῆοαι
2452 4236 2527 4307 μὴ
2551 4235 2830 4307 ἀρνηθεὶς,
2867 4232 3086 4299 θᾶττον,
3114 4232 3148 4304 ἦ
3180 4234 3398 4303 δράσαι,
3423 4231 3517 4285 τοῦ
3554 4230 3763 4299 ἀφεθῆ-

2178 4348 2267 4385 ναι
2296 4329 2589 4399 τετύχηκε·
2621 4327 2800 4381 καίτοι
2826 4326 2887 4380 τὸ
2914 4326 3015 4398 μὲν
3039 4317 3330 4396 όλιοθῆσαι
3372 4323 3576 4397 ῥᾴδιον,
3610 4320 3672 4374 τὸ
3703 4320 3763 4373 δὲ

2179 4421 2504 4491 ἀναστῆναι,
2522 4419 2618 4474 καὶ
2644 4421 2727 4481 είς
2743 4410 2843 4491 τὴν
2880 4419 3154 4489 προτέραν
3187 4418 3379 4486 στῆναι
3400 4414 3763 4475 κατάστασιν,

496 4510 659 4567 citius
692 4528 855 4582 quam
888 4511 1116 4576 fecerat,
1151 4522 1484 4569 consecutus
1520 4511 1625 4567 fuit
1664 4511 2069 4567 remissionem.

2177 4515 2416 4586 ἐργῶδες
2474 4515 2571 4566 καὶ
2622 4490 2882 4584 χαλεπόν.
2954 4510 3112 4566 Οῦτω
3173 4511 3346 4581 πρᾶος
3369 4505 3461 4579 ἦν,
3488 4506 3633 4561 οὑτω
3664 4505 3766 4577 μέ-

496 4606 663 4675 Atqui
684 4600 803 4662 labi
833 4605 1053 4676 quidem
1076 4614 1164 4661 est
1193 4606 1351 4661 facile
1380 4624 1394 4661 :
1442 4618 1666 4674 surgere
1695 4613 1897 4668 autem,
1933 4613 1989 4677 et
2018 4606 2074 4660 in

456 4689 461 4695 ’
495 4705 700 4754 statum
730 4699 970 4768 priorem
1009 4696 1244 4759 restitui.
1273 4703 1358 4750 est
1397 4709 1687 4766 operosum
1730 4710 1796 4753 ac
1837 4695 2072 4751 difﬁcile.

494 4790 650 4846 Adeo
696 4798 812 4844 erat
855 4789 1024 4852 mitis,
1069 4789 1207 4845 adeo
1263 4788 1623 4843 moderatus:
1658 4796 1766 4840 tam
1816 4803 2074 4857 magnum

495 4884 737 4954 frttctum
785 4881 886 4937 fuit
936 4891 1269 4938 consecutus
1298 4865 1595 4935 ex‘divina
1641 4880 1966 4937 humilitate.
2011 4880 2077 4935 Et

494 4991 597 5029 nos
622 4989 772 5045 ergo,
813 4974 907 5041 qui
953 4972 1324 5028 ineﬂ‘abilibus
1357 4971 1794 5027 Dei-rationibus
1841 4972 1965 5027 ideo
2005 4971 2072 5026 ad

494 5082 594 5120 vos
625 5066 902 5129 venimus,
934 5075 995 5120 ut
1023 5065 1361 5119 voluntatem
1399 5064 1519 5134 ejus
1559 5065 1935 5131 testiﬁcemur,
1969 5063 2076 5120 hoc

496 5160 734 5231 primum
759 5160 986 5214 verbum
1016 5156 1278 5212 aChristo
1294 5166 1349 5213 et
1370 5150 1560 5212 divinti
1586 5158 1705 5227 ejus
1729 5158 2073 5213 Prtecursore

496 5248 856 5320 accipientes,
883 5246 1040 5303 vobis
1055 5247 1448 5313 annuntiamus
1461 5257 1524 5303 et
1547 5248 1840 5303 suademus
1866 5265 1879 5299 :
1913 5266 1930 5297 ι
1954 5247 2075 5303 Ρω-

495 5342 784 5398 nitentiam
844 5340 1026 5411 agite:
1076 5354 1248 5409 prope
1284 5348 1369 5394 est
1422 5339 1569 5395 enim
1622 5355 1862 5411 regnum.
1908 5339 2077 5395 c0310-

495 5451 617 5490 rum
649 5436 714 5488 ".
754 5452 774 5485 ι
820 5429 947 5487 Πειοο
981 5439 1164 5487 autem
1197 5448 1308 5488 non
1360 5433 1623 5497 dubitabo
1650 5433 1826 5504 vobis
1855 5432 2074 5488 assidue

496 5544 756 5585 revocare
785 5527 843 5582 in
875 5526 1190 5581 memoriam
1219 5526 1408 5581 :vobis
1430 5534 1612 5582 autem
1645 5526 1945 5581 timendum
1967 5534 2071 5591 est,

500 5636 588 5686 ne,
620 5621 665 5675 si
701 5619 919 5675 fueritis
954 5626 1363 5689 contemptores
1390 5618 1481 5674 Dei
1509 5617 1965 5681 testimoniorum,
2002 5619 2071 5673 ab

2173 4623 2346 4676 τριος,
2379 4604 2523 4659 οὑτω
2556 4605 2769 4675 μεγάλα
2797 4604 2939 4659 πάνυ
2961 4590 3062 4673 τῆς
3085 4602 3237 4665 θείας
3262 4600 3523 4664 ἀπώνατο
3559 4615 3787 4653 ταπειο.

2173 4697 2411 4761 νώσεως.
2462 4698 2576 4752 Καὶ
2623 4699 2790 4768 ἡμεῖς
2844 4696 3031 4751 τοίνυν
3060 4697 3109 4751 οί
3141 4694 3290 4749 κατὰ
3322 4694 3452 4758 τοὺς
3479 4693 3760 4764 ἀρρήτους

2173 4790 2268 4846 τοῦ
2310 4791 2446 4845 Θεοῦ
2482 4784 2697 4860 ’λόγους
2720 4791 2817 4854 ἐίς
2872 4790 3032 4844 τοῦτο
3083 4791 3213 4860 ὑμῖν
3243 4789 3493 4859 ἥκοντες,
3527 4787 3669 4840 ὥστε
3697 4783 3766 4838 τὸ

2175 4884 2343 4939 αὑτοῦ
2389 4881 2861 4954 διαμαρτύρεσθαι
2906 4881 3144 4953 θέλημα,
3173 4880 3337 4935 τοῦτο
3358 4879 3578 4952 πρῶτον
3602 4876 3762 4947 ῥῆμα

2179 4975 2333 5047 παρὰ
2367 4976 2607 5047 Χριστοῦ
2627 4976 2719 5033 καὶ
2742 4974 2838 5028 τοῦ
2868 4974 3014 5029 θείου
3036 4974 3292 5038 λαϐόντες
3312 4972 3651 5044 Προδρόμου,
3675 4969 3795 5022 εὑ-’

2175 5068 2580 5140 αγγελιζόμεθά
2619 5085 2679 5122 τε
2698 5070 2793 5122 καὶ
2814 5067 3190 5138 παραινοῦμεν
3216 5067 3347 5136 ὑμῖν
3370 5081 3383 5095 ·
3404 5063 3763 5119 Μετανοεῖτε

2177 5159 2376 5230 ῆγγικε
2403 5160 2512 5229 γὰρ
2536 5160 2570 5229 ἡ
2613 5158 2860 5229 βασιλεία
2889 5157 2998 5210 τῶν
3030 5150 3299 5228 οὐρανῶν.
3336 5152 3523 5208 Ταῦτα
3546 5153 3604 5206 δὲ
3632 5167 3766 5205 συν-

2177 5252 2317 5322 εχῶς
2359 5252 2510 5321 ἡμᾶς
2564 5251 2663 5321 μὲν
2706 5234 3152 5322 ὑπομιμνήσκειν
3193 5249 3294 5303 οὑκ
3314 5247 3597 5319 ὀκνητέον,
3627 5246 3764 5314 ὑμῖν

2177 5344 2237 5398 δέ
2270 5343 2509 5413 ἀσφαλὲς
2560 5343 2621 5398 τὸ
2671 5342 2982 5412 φοϐεῖσθαι.
3044 5342 3120 5412 μὴ
3181 5339 3596 5411 καταφρονηταὶ
3648 5337 3765 5392 τῶν

2127 5433 2508 5508 σ’μαρτυρίων
2555 5433 2649 5489 τοῦ
2695 5432 2832 5488 Θεοῦ
2872 5434 3179 5504 γενόμενοι,
3208 5431 3454 5485 ὑπόδικοι
3478 5428 3628 5500 αύτῷ
3660 5426 3763 5499 λη-

2184 5527 2409 5600 φθείητε
2441 5526 2500 5581 ἐν
2526 5527 2712 5598 ἡμέρᾳ
2765 5527 3098 5597 ἐπισκοπῆς.
3129 5524 3203 5578 Oti
3239 5522 3347 5595 γὰρ
3381 5521 3650 5594 ἡμέτερόν
3681 5536 3764 5586 τι,

2180 5619 2300 5672 οὑδέ
2363 5619 2473 5675 ἀπὸ
2533 5619 2631 5690 τῆς
2691 5618 2970 5690 ἡμετέρας
3003 5617 3232 5686 κοιλίας,
3261 5616 3360 5670 εἴτ’
3397 5610 3492 5671 οῦν
3521 5612 3773 5676 διανοίας

576 5795 620 5826 ³⁸
648 5796 792 5853 Psal.
817 5818 980 5869 xxxv,
1023 5805 1074 5859 7.
1155 5804 1192 5835 "
1225 5802 1269 5860 ll
1297 5802 1430 5873 Reg.
1463 5818 1514 5858 ιι
1540 5811 1595 5858 et
1628 5818 1726 5857 xu.
1809 5802 1848 5836 ¹²
1883 5801 2033 5859 Matt:
2070 5822 2127 5870 tt,
2164 5806 2219 5862 5.
