4138 6412
363 360 508 427 1089

1390 362 1568 422 VITA
1609 363 1670 424 S.
1701 363 1948 426 JOANN
1958 367 2027 427 IS
2061 369 2619 432 CHRYSOSTOMI.

3490 373 3628 435 1090

301 519 304 522 .
351 467 806 541 ἀπαγγελοῦμεν,
843 468 972 522 ἀλλ’
1028 469 1132 522 ὅσα
1176 468 1270 523 τοῦ
1331 471 1478 524 θείου
1540 473 1787 543 νάματος
1834 476 1936 544 τῆς

2057 493 2105 531 ιο
2156 495 2233 533 ret
2285 480 2772 550 deprehendamini
2832 481 2885 536 in
2943 482 3030 538 die
3081 484 3426 541 visitationis.
3482 487 3628 543 Nihil

321 609 332 619 .
354 563 719 618 θεοπνεύστου
789 562 1014 632 Γραφῆς
1063 561 1411 633 ὴρυσάμεθα,
1447 565 1619 617 ταῦτα
1647 566 1702 617 δὲ
1739 567 1934 619 οὑδένα

357 652 852 722 ὑποστελλόμενοι,
908 650 1030 704 οὑδὲ
1088 651 1322 721 ἡμέρας,
1382 653 1542 706 τοῦτο
1600 656 1664 726 δὴ
1725 657 1787 709 τὸ
1843 657 1938 710 τοῦ

357 735 866 817 ἱερωτάτούΔαῦὶδ
900 784 915 808 ,
964 742 1292 812 φοϐούμενοι
1325 785 1340 809 ,
1397 747 1745 815 φθεγξόμεθα
1802 749 1939 820 πρὸς

357 839 523 908 ὑμᾶς.
581 837 862 900 Συνιέντες
919 836 1018 905 μὲν
1077 832 1170 890 οῦν
1227 837 1386 908 ὑμεῖς
1419 839 1513 891 καὶ
1553 839 1647 903 οὓς
1683 841 1940 910 φιλήκοον

352 931 432 1002 τῷ
464 931 608 998 λόγῳ
630 930 729 999 τῆς
755 929 977 1000 διδαχῆς
1005 929 1330 1000 ὑπέχοντες,
1365 931 1581 995 ἑαυτοῖς
1619 932 1718 1003 μὲν
1758 950 1939 1002 σωτη-

357 1023 500 1096 ρίας.
549 1022 725 1092 χαρᾶς
749 1021 812 1085 ,δὲ
839 1023 955 1081 τοῖς
999 1023 1056 1074 ὲν
1086 1022 1304 1092 οὐρανῷ
1334 1023 1612 1092 ἀγγέλοις,
1649 1024 1853 1092 πολλῆς
1885 1023 1942 1076 δὲ

313 1167 326 1182 _
357 1115 454 1170 καὶ
477 1113 558 1183 τῷ
595 1112 716 1184 ἐμῷ
766 1113 1039 1184 πνεύματι
1087 1115 1451 1186 εὐφροσύνης,
1509 1116 1672 1168 αἴτιοι
1728 1115 1941 1168 ἔσεσθε.

355 1207 493 1262 Είδὲ
528 1207 624 1259 καλ¹
655 1205 764 1258 τῶν
791 1206 942 1274 ὲμῶν
967 1207 1114 1276 είητε
1149 1206 1708 1280 καταρρᾳθυμοῦντες
1741 1206 1940 1274 λόγων,

353 1299 450 1352 καὶ
476 1297 654 1351 ἄδατα
681 1300 747 1368 τῇ
767 1297 956 1369 διδαχῇ
989 1299 1059 1352 τὰ
1101 1299 1200 1370 τῆς
1263 1299 1493 1370 καρδίας
1542 1294 1659 1354 ὦτα
1687 1299 1929 1362 τιθέντες

361 1392 518 1460 (ὅπερ
584 1390 775 1460 ἀπείη)
834 1391 1191 1460 ἀνιαοήσεται
1215 1392 1314 1462 μὲν
1333 1393 1396 1445 τὸ
1419 1393 1645 1462 Πνεῦμα
1677 1391 1738 1444 τὸ
1767 1391 1943 1460 ἅγιον,

358 1483 715 1552 ἀνιαθήσεται
735 1481 794 1534 δὲ
822 1482 918 1535 καὶ
931 1482 1138 1552 τὺὲμὺν
1168 1483 1404 1554 πνεῦμα·
1431 1484 1490 1537 τὸ
1516 1483 1574 1538 δὲ
1596 1483 1944 1555 λειπόμενον,

359 1571 601 1641 λυπηρὸν
620 1571 738 1646 ,μὲν
759 1573 959 1636 εἰπεῖν,
997 1572 1291 1644 φιλαληθὲς
1313 1574 1390 1639 δὲ,
1428 1575 1528 1642 ἐμὲ
1552 1575 1652 1645 μὲν
1673 1575 1754 1636 εἰς
1783 1573 1948 1643 ὄχλον

369 1660 498 1730 ὑμῖν
532 1656 690 1727 εἷναι,
717 1662 750 1732 ἢ
774 1661 834 1714 τό
851 1678 915 1731 γε
951 1664 1335 1733 τρανέστερον,
1409 1666 1492 1728 είς
1553 1668 1728 1736 κρῖμα
1755 1664 1951 1734 ὑμέτε-

364 1767 478 1821 ρον,
513 1752 658 1822 ὑμᾶς
688 1752 745 1806 δέ
775 1769 864 1822 μοι
913 1755 995 1817 είς
1019 1754 1244 1827 ἄλγημα
1273 1756 1396 1826 (φεῦ
1417 1756 1456 1828 !)
1500 1758 1596 1811 καὶ
1626 1757 1822 1821 πένθος
1847 1757 1951 1826 ψυ-

358 1843 462 1912 χῆς
501 1845 708 1912 ἄφατον
730 1845 822 1899 καὶ
852 1846 1093 1902 ἀνίατον.

2043 571 2191 623 enim
2221 581 2495 658 nostrum,
2537 588 2713 642 neque
2753 589 2819 628 ex
2871 586 3061 629 nostro
3090 585 3280 631 ventre
3340 593 3437 630 seu
3482 581 3630 648 cogi-

2045 661 2252 715 tatione
2292 663 2761 730 annuntiabimus,
2799 665 2892 719 sed
2924 683 3043 735 qua:
3092 667 3375 721 hausimus
3425 683 3490 721 ex
3543 669 3630 721 di-

2045 754 2174 807 vino
2225 753 2430 809 ﬂuente
2483 755 2782 826 Scriptura:
2828 757 3110 812 divinitus'
3145 759 3442 828 inspiratze.
3504 761 3632 813 Ilaec

2043 855 2250 910 autem,
2293 847 2570 901 neminem
2620 857 2958 913 reverentes,
3008 865 3184 919 neque
3239 850 3376 914 dies,
3418 860 3476 904 ut
3528 850 3632 904 hoc

2043 939 2222 993 dicam
2265 939 2437 994 divini
2484 939 2795 1002 Davidis“,
2842 941 3118 1006 timentes,
3166 944 3232 996 ad
3294 960 3391 997 vos
3444 944 3634 1012 loquu-

2045 1045 2190 1086 mur.
2244 1031 2302 1086 Si
2356 1047 2453 1087 vos
2491 1048 2621 1104 ergo
2684 1033 3020 1104 intelligatis,
3080 1043 3135 1088 et
3183 1050 3347 1088 aures
3397 1043 3635 1088 attentas

2053 1121 2223 1175 verbo
2252 1121 2518 1177 doctrinae
2565 1125 2877 1193 pmbeatis,
2910 1123 3066 1178 vobis
3099 1123 3318 1192 quidem
3368 1124 3503 1193 ipsis
3549 1139 3634 1176 εει·

2049 1211 2202 1276 Iutis,
2229 1213 2409 1284 gaudii
2442 1230 2593 1280 vero,
2630 1215 2720 1284 qui
2753 1224 2880 1268 sunt
2911 1215 2965 1268 in
3006 1214 3178 1279 cmlis,
3217 1230 3424 1286 magnae
3453 1224 3634 1268 autem

2049 1319 2173 1358 meo
2198 1321 2417 1375 quoque
2448 1307 2665 1377 spiritui
2697 1323 2874 1362 causa:
2897 1307 3052 1362 eritis
3083 1305 3306 1363 Izelitiaz.
3331 1307 3427 1360 Sin
3454 1315 3633 1362 autem

2049 1411 2168 1450 mea
2205 1398 2372 1459 verba
2401 1401 2772 1470 neglexeritis,
2822 1409 2878 1455 ct
2913 1400 3177 1454 doctrinae
3208 1414 3319 1452 non
3357 1398 3638 1468 patuerint

2053 1503 2216 1542 aures
2266 1491 2444 1546 cordis
2487 1493 2676 1557 vestri,
2729 1491 2875 1560 quod
2919 1490 3080 1556 absit,
3132 1490 3380 1543 molestia
3415 1487 3635 1557 quidem

2051 1577 2324 1634 afﬁcietur
2356 1581 2594 1651 Spiritus
2626 1591 2872 1647 sanctus,
2904 1581 3152 1636 molestia
3182 1580 3451 1634 aﬂicietur
3485 1593 3640 1632 meus

2051 1684 2270 1740 quoque
2305 1672 2551 1741 spititus.
2589 1673 2746 1738 Quod
2769 1682 2958 1728 autem
2985 1682 3175 1731 restat.
3201 1672 3385 1725 auditu
3416 1669 3636 1740 quidem

2056 1768 2143 1814 est
2188 1763 2505 1830 molestum,
2550 1765 2648 1818 sed
2696 1774 2875 1819 tamen
2935 1773 3018 1819 est
3050 1780 3264 1826 verum,
3308 1776 3504 1832 nempe
3551 1753 3638 1814 me

1966 1843 2014 1902 Β
2043 1855 2262 1922 quidem
2308 1857 2551 1912 futurum
2604 1859 2759 1916 vobis
2788 1859 2856 1914 ad
2896 1858 3397 1920 conturbationem,
3433 1863 3548 1916 aut,
3581 1862 3639 1906 ut

355 1941 602 2012 apertius
650 1941 868 2009 dicam,
917 1944 988 1998 ad
1038 1943 1591 2001 condemnationem:
1645 1961 1745 2001 vos
1805 1960 1934 2001 vero
1996 1949 2161 2016 mihi,
2227 1953 2361 2022 proli
2400 1954 2598 2008 dolor!
2658 1955 2725 2010 ad
2771 1954 2976 2009 luctum
3039 1964 3094 2008 et
3139 1953 3332 2008 anima:
3395 1951 3638 2008 dolorem

358 2035 693 2091 ineffabilem
733 2046 790 2100 et.
821 2037 1298 2095 immedicabilem.
1355 2053 1358 2056 '

431 2132 536 2185 η’.
581 2130 728 2202 Πρδς
757 2129 934 2184 ταῦτα
958 2131 1048 2184 τὸν
1075 2131 1302 2202 βασιλέα
1331 2132 1428 2186 καὶ
1458 2133 1585 2195 τοὺς
1616 2133 1744 2203 περὶ
1778 2133 1942 2190 αὑτὸν

358 2220 648 2293 ἡσθέντας,
711 2221 807 2276 καὶ
831 2221 910 2293 τῷ
945 2223 1229 2294 μαρτυρίῳ
1295 2225 1395 2295 τῆς
1437 2223 1822 2294 συνειδήσεως,
1859 2223 1944 2276 ὃτι

359 2312 540 2376 καλῶς
575 2309 690 2385 εἶχε
714 2313 782 2367 τὰ.
807 2313 1088 2384 λεχθέντα,
1123 2316 1530 2387 περιασμένους
1566 2316 1940 2387 ὑπάρχοντας,

362 2407 565 2476 πολλὴν
614 2406 898 2477 ὁμολογεῖν
954 2406 1032 2478 τῷ
1100 2407 1230 2478 Θεῷ,
1273 2408 1435 2480 χάριν
1463 2447 1478 2472 ,
1512 2410 1587 2470 ὡς
1632 2408 1738 2460 ὑπὸ
1777 2407 1948 2477 πατρὶ

362 2496 590 2568 τοιούτῳ
645 2498 742 2562 καὶ
791 2497 1055 2568 παιδευτῇ
1086 2499 1148 2552 τὸ
1185 2498 1401 2568 λογικὸν
1460 2496 1628 2552 αὑτοῦ
1677 2497 1946 2568 ηὑδόκησε

367 2591 752 2662 ποιμαίνεσθαι
804 2591 1080 2661 ποίμνιον.
1137 2593 1258 2645 ΙΈτι
1288 2592 1344 2645 δὲ
1372 2591 1467 2644 τοῦ
1509 2591 1670 2660 ἀγίου
1706 2591 1805 2662 τὴν
1837 2591 1948 2662 ήδίο

369 2702 504 2758 στην
536 2685 874 2756 συνείροντος
900 2685 1145 2757 διδαχὴν,
1181 2687 1276 2739 καὶ
1301 2687 1370 2754 τῇ
1400 2687 1576 2755 χρυσῇ
1609 2684 1826 2755 γλώττῃ
1852 2683 1948 2736 καὶ

333 2811 340 2818 -
375 2780 605 2848 μουσικῇ
631 2778 792 2830 καλόν
822 2794 874 2830 τι
904 2778 1000 2830 καὶ
1021 2776 1218 2848 ᾠδικὺν
1241 2780 1632 2846 τερετίζοντος,
1687 2776 1784 2828 τοῦ
1812 2773 1948 2827 Θεοῦ

369 2868 614 2936 δοξάζειν
642 2869 926 2924 τδνιαὺτοῦ
975 2868 1286 2939 θεράποντα
1314 2867 1664 2940 βουλομένου,
1697 2869 1836 2939 ἀνήρ
1866 2884 1950 2932 τις

367 2959 576 3029 ἀθρόον,
609 2960 906 3031 ἀκαθάρτῳ
977 2960 1195 3030 δαίμονι
1253 2961 1486 3029 κάτοχος
1539 2961 1618 3023 είς
1656 2959 1820 3029 μέσον
1847 2959 1944 3028 τῆς

380 3051 684 3120 ἐκκλησίας
732 3053 924 3105 ἑαυτὸν
957 3051 1196 3118 είσωθεῖ,
1263 3052 1440 3123 ἀφρόν
1473 3069 1530 3104 τε
1561 3049 1654 3103 τοῦ
1686 3051 1952 3120 στόματος

337 3141 686 3214 ἀπορρέων,
750 3142 845 3196 καὶ
899 3141 999 3213 τὴν
1045 3142 1290 3210 γλῶτταν
1311 3158 1332 3207 ,·
1379 3141 1453 3204 ὡς
1495 3141 1739 3210 ἄκοσμον
1796 3140 1948 3203 ἰδεῖν,

324 3273 332 3279 -
373 3235 600 3298 καθιείς.
647 3235 871 3290 Πάντων
927 3230 1021 3289 οὖν
1072 3234 1343 3305 δεομένων
1387 3234 1488 3302 τῆς
1534 3233 1696 3300 ἁγίας
1735 3233 1952 3300 ἐκείνης

266 3359 272 3366 ·
369 3329 550 3400 ψυχῆς
603 3328 747 3382 ίασιν
795 3327 889 3380 τοῦ
946 3327 1248 3397 πάσχοντος
1301 3326 1728 3407 ὑπερεύξασθαι,
1787 3324 1948 3387 αὑτὸς

2117 2133 2283 2188 XVII.
2311 2134 2404 2189 llis
2445 2137 2606 2190 I;etati
2635 2137 2950 2207 imperator,
2984 2145 3039 2192 et
3065 2135 3156 2205 qui
3197 2150 3320 2203 cum
3351 2149 3416 2188 eo
3460 2113 3638 2196 erant,

2045 2233 2103 2278 et
2132 2226 2448 2281 testimonio
2486 2227 2838 2282 conscientiae
2869 2227 3173 2291 credentes,
3211 2227 3356 2295 quod
3387 2241 3506 2294 qua:
3558 2224 3640 2277 di-

2045 2325 2130 2369 cta
2159 2316 2396 2382 fuerant,
2421 2326 2568 2372 recte
2601 2332 2660 2372 se
2692 2317 2986 2381 habebant,
3017 2316 3127 2370 Deo
3152 2331 3378 2386 magnas
3409 2315 3643 2385 agebant

2048 2407 2271 2478 gratias,
2306 2408 2452 2477 quod
2493 2424 2522 2462 a
2555 2408 2648 2462 tali
2686 2417 2840 2479 patre
2880 2416 2936 2463 et
2983 2417 3203 2478 pastore
3255 2408 3307 2462 ei
3349 2407 3644 2477 placuisset

2048 2501 2198 2572 pasci
2259 2516 2418 2565 suum
2478 2518 2696 2575 gregem
2754 2496 2982 2558 rationis
3041 2502 3385 2573 participem.
3443 2498 3644 2553 Sancto

2053 2601 2232 2644 autem
2271 2593 2450 2646 adhuc
2508 2592 2890 2647 suavissimam
2940 2599 3285 2646 contexente“
3315 2590 3643 2654 doctrinam,

2051 2698 2335 2753 aureaque
2379 2699 2443 2738 ac
2497 2684 2706 2738 musica
2771 2683 2954 2752 lingua
3013 2691 3245 2738 canente
3301 2682 3529 2751 pulchre
3580 2697 3644 2733 ac

2053 2777 2350 2841 modulate,
2376 2777 2485 2831 Deo
2512 2777 2726 2831 volente
2755 2776 2934 2844 ipsum
2961 2773 3291 2845 gloriﬁcare,
3321 2773 3403 2826 vir
3424 2772 3643 2841 quidam

2055 2881 2280 2942 repente
2337 2887 2622 2941 possessus
2663 2887 2692 2925 a
2743 2871 2976 2942 maligno
3027 2869 3242 2938 spiritu,
3276 2868 3516 2938 scipsum
3559 2867 3644 2920 iu-

2057 2965 2223 3019 trudit
2259 2967 2314 3018 in
2342 2965 2574 3018 mediam
2607 2965 2916 3029 ecclesiam,
2951 2979 3194 3033 spumam
3231 2977 3325 3014 ore
3365 2961 3643 3022 etnitteus,

2055 3069 2109 3110 et
2149 3058 2332 3124 lingua
2372 3057 2527 3115 adeo.
2587 3065 2645 3110 ut
2708 3056 2828 3108 visu
2878 3063 3023 3108 esset
3054 3061 3276 3116 tetrum,
3327 3052 3644 3105 demitteus.

2057 3147 2326 3202 Omnibus
2360 3162 2489 3217 ergo
2522 3146 2842 3216 rogantibus
2881 3154 3126 3197 sanctam
3177 3143 3322 3195 illam
3380 3141 3642 3204 animam,

2061 3249 2127 3292 ut‘
2147 3240 2504 3292 misereretur
2537 3235 2882 3300 calamitatis,
2931 3243 2985 3288 et
3038 3241 3098 3288 ut
3143 3243 3321 3288 oraret
3365 3250 3462 3303 pro
3491 3249 3649 3288 cura-

2061 3333 2211 3384 tione
2244 3331 2384 3399 ejus,
2415 3328 2504 3398 qui
2552 3328 2879 3396 patiebatur,
2912 3328 3028 3396 ipse
3075 3341 3200 3380 cum
3242 3326 3495 3394 jussisset
3522 3340 3648 3394 pro-

373 3418 658 3490 ὲγγυτέρω
714 3417 969 3488 γενέσθαι
1011 3417 1202 3472 τοῦτον
1241 3417 1434 3484 εἰπὼν,
1467 3415 1866 3487 φιλανθρώπως
1891 3435 1946 3468 τε

2066 3423 2189 3491 pius
2237 3420 2521 3480 accedere,
2565 3423 2621 3470 et
2678 3415 2911 3486 benigne
2969 3413 3416 3484 appropinquans
3445 3412 3524 3466 vir
3553 3412 3649 3466 bc-

376 3512 631 3584 προσχὼν
657 3513 685 3565 ὁ
710 3511 1116 3590 φιλάνθρωπος,
1167 3511 1261 3564 καὶ⁵
1300 3511 1364 3580 τῇ
1412 3513 1576 3582 χειρὶ,
1622 3509 1954 3581 σφραγίσας,

372 3609 434 3663 τὸ
458 3610 632 3682 ὄνομά
651 3626 710 3662 τε
741 3609 840 3679 τῆς
880 3608 1043 3676 ἁγίας
1069 3605 1314 3660 ἐπειπὼν
1343 3608 1387 3660 Τ
1393 3606 1597 3678 ριάδος,
1627 3605 1708 3676 τῷ
1736 3603 1958 3675 πονηρῷ

376 3701 596 3769 δαίμονι
646 3701 883 3767 ἐξελθεῖν
933 3698 1300 3768 ὲγκελεύεται·
1330 3700 1426 3754 καὶ
1457 3699 1621 3761 εὐθὺς
1653 3698 1961 3766 συνεπόμε-

376 3811 466 3848 νον
493 3789 560 3864 ἦν
597 3793 723 3846 ἰδεῖν
785 3790 862 3862 τῷ
886 3790 1031 3862 λόγῳ
1058 3789 1120 3844 τὸ
1147 3789 1332 3860 ἔργον,
1392 3789 1489 3844 καὶ
1527 3789 1618 3843 τὸν
1670 3788 1960 3860 ἄνθρωπον

377 3885 436 3937 ὲν
463 3884 664 3956 ἀκαρεῖ
705 3883 902 3954 χρόνου
960 3883 1067 3952 τῆς
1109 3882 1414 3951 ἀνηκέστου
1461 3882 1666 3952 ταύτης
1710 3881 1962 3935 ἀπαλλα-

378 3974 543 4043 γέντα
577 3973 897 4037 κακώσεως.
953 3967 1088 4029 Εἶτα
1130 3958 1494 4042 διαναστήσας
1515 3972 1681 4026 αὑτὸν
1707 3974 1747 4025 ὁ.
1764 3972 1959 4042 μέγας,

381 4065 662 4136 σχολάζειν
690 4081 752 4117 τε
786 4067 852 4135 τῇ
883 4063 1153 4134 ἐκκλησίᾳ.
1198 4073 1432 4136 παρῃνει
1483 4065 1580 4116 καὶ
1610 4066 1677 4133 τῇ
1703 4062 1823 4133 θείᾳ
1854 4063 1963 4115 τῶν

379 4155 737 4226 ἁγιασμάτων
787 4154 1067 4224 κοινωνίᾳ,
1107 4153 1386 4224 νηστείαις
1433 4171 1493 4207 τε
1550 4153 1841 4224 προσέχειν
1871 4155 1965 4208 καὶ

381 4247 735 4318 προσευχαῖς.
762 4243 870 4298 Καὶ
909 4243 1072 4308 οὑτω,
1106 4246 1260 4313 φησὶ,
1297 4243 1465 4321 ποιῶν
1487 4244 1668 4298 οὐκέτι
1690 4245 1766 4315 τῷ
1787 4244 1967 4318 ὲχθρῷ

380 4338 584 4409 ληπτὸς
647 4337 768 4412 ἔσῃ,
818 4335 941 4402 οὑδὲ
979 4338 1104 4398 ταῖς
1149 4334 1317 4389 αὑτοῦ
1397 4337 1602 4404 πάγαις
1666 4334 1962 4406 ἁλώσιμος.

395 4428 676 4484 Ἐντεῦθεν
737 4429 971 4498 ἄρχεται
1021 4427 1122 4497 τῆς
1171 4427 1316 4480 κατὰ
1353 4427 1532 4498 ψυχὴν
1579 4429 1822 4496 ἰατρείας
1855 4430 1964 4500 ὀτῇ

379 4521 550 4592 τέχνῃ
605 4518 780 4591 ταύτῃ
807 4511 934 4580 τοὺς
958 4517 1150 4580 ἄλλους
1196 4518 1381 4589 πολλῴ
1410 4517 1486 4589 τῷ
1515 4519 1666 4589 μέσῳ
1699 4536 1968 4586 παρενεγ-

384 4611 517 4668 κών.
547 4613 651 4666 Τὸν
667 4611 723 4664 δὲ
753 4611 911 4680 λόγον
940 4610 1140 4682 κιρνῶν
1169 4609 1348 4679 μέλιτι
1379 4612 1475 4664 καὶ
1495 4614 1608 4675 τοῖς
1633 4611 1968 4681 ὴπιωτέροις

384 4704 726 4776 φαρμάκοις,
787 4702 863 4764 ὡς
891 4701 991 4773 ἤδη
1052 4701 1359 4772 φθάσαντες
1405 4701 1658 4771 ἔφημεν,
1707 4703 1864 4756 εῐπου
1915 4720 1970 4755 τι

387 4798 483 4852 καὶ
547 4795 641 4848 τοῦ
705 4792 904 4866 πικροῦ
962 4793 1058 4846 καὶ
1119 4792 1415 4862 στύφοντος
1465 4793 1608 4844 κατά
1654 4793 1843 4862 χρείαν
1873 4792 1969 4847 τοῦ

386 4891 822 4964 ἀῤῥωστὴματος
886 4886 1138 4956 ἐμϐάλοι,
1176 4884 1410 4939 ἐνταῦθα
1448 4885 1546 4956 τῆς
1574 4886 1772 4956 τέχνης
1817 4885 1968 4958 αὑτῷ

387 4983 449 5036 τὸ
479 4981 668 5054 περιὸν
697 4981 793 5034 καὶ
824 4977 1159 5049 σοφώτατον,
1193 4979 1274 5031 ὅτι
1304 4977 1398 5032 καὶ
1421 4976 1634 5032 δάκνων
1665 4977 1808 5032 οὑτω
1841 4978 1970 5031 πολ-

387 5074 547 5151 λάκις
601 5075 696 5127 καὶ
753 5071 929 5142 τομὴν
967 5069 1215 5138 ἐμποιῶν
1244 5071 1272 5123 ὁ
1304 5067 1464 5137 λόγος
1487 5070 1584 5124 καὶ
1614 5069 1877 5123 διακαίων
1901 5070 1970 5124 τὰ

363 5167 469 5236 μὴ
507 5165 836 5235 φαινόμενα,
883 5165 982 5232 οὑχ
1025 5163 1173 5224 ὅπως
1235 5160 1478 5230 λυπηρὸς
1513 5161 1576 5214 ού
1628 5160 1840 5228 γίνεται
1872 5162 1971 5233 ,τῷ

392 5255 654 5321 νοσοῦντι,
709 5255 804 5308 καὶ
861 5251 1324 5323 δυσπαράδεκτος,
1377 5250 1516 5305 ἀλλὰ
1568 5251 1662 5305 καὶ
1686 5251 1816 5322 ἡδύς
1851 5254 1972 5307 ἐστι

400 5348 597 5412 μᾶλλον
667 5349 903 5403 ἀκοῦσαι
967 5349 1062 5429 καὶ
1093 5336 1371 5420 μελιχρὸς,
1403 5347 1500 5402 καὶ
1542 5347 1804 5418 θέλκτρον
1857 5351 1975 5415 ταῖς

398 5435 588 5500 ἀκοαῖς
617 5439 854 5510 ἄμαχον.
1430 5495 1434 5500 .

471 5524 578 5579 III'.
631 5528 855 5597 Πρῶτον
899 5528 1112 5599 ¹τοίνυν,
1177 5527 1319 5584 κατά
1345 5528 1454 5584 τῶν
1481 5529 1754 5602 προφάσει
1777 5547 1973 5602 συγγε-

399 5614 547 5680 νείας
588 5619 687 5684 τὰς
720 5621 1107 5685 συνεισάκτους
1136 5620 1605 5692 παρεισαγόντων,
1640 5623 1744 5696 τὴν
1811 5621 1978 5695 εὑθη-

474 5797 520 5830 ⁸³
542 5795 685 5855 Psal.
721 5816 910 5868 vatu,
945 5802 1000 5858 6.

2067 3513 2287 3584 nignus,
2343 3526 2505 3564 manu
2565 3525 2688 3563 eum
2743 3507 3105 3578 obsignasset,
3161 3516 3213 3560 et
3251 3504 3655 3574 eﬂ'atus_cs:_ct

2067 3621 2264 3660 nomen
2287 3613 2490 3659 sancta
2523 3601 2828 3676 Trinitatis,
2854 3601 3145 3671 malignum
3171 3599 3473 3654 daemonem
3497 3596 3653 3667 jubet

2067 3700 2270 3770 egredi.
2313 3697 2566 3752 Protinus
2586 3703 2768 3749 autem
2795 3694 2948 3748 licuit
2978 3692 3161 3754 videre
3220 3690 3421 3744 factum
3457 3704 3652 3743 consc-

2067 3793 2161 3862 qui
2221 3791 2548 3855 orationem,
2605 3798 2661 3844 et
2723 3787 3002 3842 hominem
3064 3797 3341 3839 momento
3393 3783 3654 3852 temporis

2070 3883 2236 3937 fuisse
2258 3882 2546 3936 liberatum
2571 3896 2600 3934 a
2632 3886 2738 3950 tam
2775 3878 2923 3948 gravi
2951 3876 3264 3931 aIIIictione.
3294 3875 3500 3929 Deinde
3525 3889 3652 3927 cum

2069 3991 2301 4048 magnus
2329 3989 2453 4029 eum
2501 3973 2722 4027 fecisset
2751 3987 2995 4042 surgere,
3031 3969 3314 4024 admonuit
3345 3979 3405 4022 ut
3435 3974 3655 4022 vacaret

2070 4068 2348 4132 ecclesite,
2385 4075 2441 4122 et
2480 4065 2958 4120 sanctiﬁcatorum-
2997 4063 3198 4117 divinae
3253 4059 3652 4124 communioni,

2071 4169 2128 4216 et
2158 4174 2376 4230 operam
2405 4157 2559 4212 daret
2600 4155 2825 4226 jejuniis
2873 4163 2929 4210 et
2976 4152 3336 4225 orationibus.
3374 4149 3431 4206 Si
3485 4151 3653 4214 enim,

2073 4252 2268 4322 inquit,
2324 4251 2406 4305 sic
2460 4249 2677 4313 feceris,
2709 4263 2820 4302 non
2866 4256 2918 4302 te
2967 4245 3201 4315 amplius
3232 4259 3426 4314 capere
3457 4243 3659 4313 poterit

2074 4345 2350 4409 inimicus,
2382 4357 2562 4412 neque
2591 4341 2711 4410 ejus
2741 4339 3008 4393 irretieris
3035 4337 3260 4406 laqueis.
3290 4335 3429 4389 Ilinc
3459 4335 3658 4388 animae

2075 4436 2268 4506 incipit
2316 4434 2677 4496 curationem,
2725 4430 2818 4501 qui
2881 4430 2981 4483 hac
3030 4436 3147 4481 arte
3183 4426 3318 4480 alios
3351 4425 3510 4495 longe
3558 4440 3658 4477 an-

2078 4529 2386 4585 tecellebat.
2448 4526 2602 4581 Melle
2651 4533 2833 4578 autem
2862 4522 3098 4578 miscens
3122 4519 3445 4582 orationem,
3473 4526 3526 4570 et
3555 4516 3662 4570 mi-

2078 4623 2310 4678 tioribus
2349 4614 2806 4681 medicamentis,-
2838 4624 2895 4667 ut
2945 4614 3058 4682 jam
3110 4622 3236 4666 ante
3292 4610 3550 4674 diximus,
3613 4610 3660 4664 si

2079 4715 2207 4785 quid
2247 4711 2537 4783 aliquando
2572 4709 2849 4779 injecisset
2873 4705 3042 4760 amari
3073 4714 3128 4757 et
3163 4703 3474 4773 pungentis,
3514 4702 3660 4772 quod

2007 4772 2048 4826 D
2079 4772 2254 4860 morbi
2283 4772 2416 4858 usus
2455 4801 2527 4856 ita
2551 4772 2869 4869 postularet,
2900 4805 3028 4848 tunc
3047 4772 3369 4846 ostendebat
3395 4801 3660 4860 quantum

2079 4906 2228 4953 esset
2283 4896 2414 4950 artis
2466 4896 2696 4966 peritus.
2729 4891 2864 4944 Nam
2900 4887 2979 4943 sic
3007 4901 3150 4954 saepe
3180 4885 3434 4939 mordens
3475 4893 3531 4938 et
3573 4883 3660 4936 in-

2077 4991 2491 5054 cidensoratio,
2528 4998 2583 5043 et
2617 5000 2783 5039 urens
2811 4997 2897 5049 ea,
2933 4995 3053 5051 qua:
3083 4993 3193 5033 non
3238 4985 3520 5048 apparent,
3549 4992 3662 5030 non

2078 5085 2242 5139 modo
2270 5099 2381 5137 non
2427 5081 2487 5136 Iit
2532 5074 2764 5135 molesta
2803 5075 2876 5140 ei,
2915 5073 3008 5143 qui
3064 5079 3310 5149 aegrotat,
3353 5069 3446 5124 sed
3494 5069 3660 5123 etiam

2075 5177 2264 5232 auditu
2300 5174 2480 5244 potius
2502 5171 2745 5244 jucunda
2772 5176 2828 5224 et
2855 5165 3062 5233 suavis,
3089 5178 3357 5234 auresque
3390 5163 3665 5219 deliniens

2075 5280 2133 5342 et
2168 5267 2506 5325 demulcens.

2155 5529 2341 5584 XVIII.
2367 5527 2605 5584 Primum
2637 5539 2768 5599 ergo
2816 5525 3080 5581 adversus
3126 5538 3242 5592 eos,
3271 5521 3364 5593 qui
3397 5526 3664 5592 pratextu

2085 5619 2432 5696 cognationis
2491 5619 2752 5676 mulieres
2812 5614 3236 5676 introducebant
3261 5655 3278 5684 ,
3337 5622 3558 5670 acutam
3610 5616 3670 5666 et
