4138 6402
361 328 503 397 1093

1388 334 1567 394 VITA
1601 334 1665 396 S.
1711 322 2037 398 JOANNIS
2076 335 2642 398 CHRYSOSTOMI.‘

3476 328 3615 397 1094

361 446 501 499 πᾶσι
560 441 674 506 τοῖς
730 441 937 507 ὑλικοῖς
969 440 1294 497 ἀπείπαντο.
1323 442 1842 515 Ταπεινοφροσύνην
1875 442 1932 497 δὲ

2039 444 2216 499 solum
2271 444 2580 499 dilexerunt
2627 441 2878 498 intueri:
2923 455 2996 517 ex
3022 453 3129 511 quo
3152 436 3353 495 factum
3398 445 3504 501 est,
3559 449 3618 494 ut

355 544 453 603 καὶ
471 542 533 596 τδ
569 540 788 611 μέτριον
823 540 994 604 οὕτως
1021 534 1146 610 ἦρε,
1190 539 1287 593 καὶ
1313 538 1585 611 τοσαύτην
1603 539 1806 606 ἔδειξεν
1837 540 1936 594 αὐ-

248 686 258 694 .
356 636 458 706 τῆς
496 642 597 703 την
629 629 927 702 ὑπεροχὴν,
974 630 1050 693 ὡς
1104 629 1375 701 μηδεμίαν
1426 629 1595 702 ἄλλην
1639 630 1747 693 τῶν
1809 632 1938 702 ἀρε-

356 728 469 781 τῶν
525 726 666 795 αὐτῇ
719 719 1191 796 παραϐάλλεσθαι,
1252 722 1392 777 ἀλλὰ
1427 724 1520 777 καὶ
1564 724 1778 795 μητέρα
1840 723 1938 777 καὶ

359 817 580 888 φύλακα
640 815 752 870 τῶν
804 815 981 871 ἄλλων
1034 812 1174 870 εἶναι
1230 818 1421 871 πασῶν
1447 835 1463 850 ο
1517 819 1578 872 ού
1622 820 1730 889 μὴν
1799 819 1938 874 ἀλλὰ

360 913 458 964 καὶ
505 909 678 981 χωρὶς
725 909 939 978 ἐκείνης
998 910 1219 988 ἁπάσας
1244 911 1398 964 οὐδὲν
1430 910 1692 981 ἐχέγγυον
1716 890 1933 975 σώζειν,

356 1002 467 1057 οὐδ’
519 1002 780 1070 ἀσφαλὲς,
814 1001 951 1055 ἀλλὰ
1001 1003 1162 1056 πόνον
1219 1002 1365 1074 (φεῦ)
1391 1000 1531 1057 εἶναι
1574 1002 1806 1073 μάταιον
1837 1004 1936 1066 καὶΙ

358 1092 536 1146 κενόν.
585 1092 951 1164 Σωφροσύνην
982 1092 1039 1144 δὲ
1078 1093 1174 1146 καὶ
1242 1094 1543 1164 παρθενίαν
1561 1093 1646 1157 τίς
1670 1093 1815 1147 οὕτω
1845 1112 1936 1148 τε-

363 1187 621 1255 τίμηκεν,
651 1185 685 1255 ἢ
728 1184 866 1255 πρὸς
929 1184 1133 1254 ταύτην
1168 1187 1426 1257 ἠρέθισεν
1449 1227 1464 1249 ,
1500 1186 1575 1249 ὡς
1606 1187 1806 1259 μικροῦ
1844 1188 1938 1240 καὶ

360 1277 597 1348 κρείττω
630 1278 723 1329 καὶ
755 1275 1097 1348 ὑψηλοτέραν
1127 1278 1300 1346 αὐτὴν
1333 1279 1528 1346 δεῖξαι.
1554 1281 1595 1350 ἢ
1628 1279 1789 1334 ὥστε.
1834 1281 1930 1334 καὶ

360 1368 593 1438 βάσιμον
629 1363 769 1421 εἶναι
813 1367 973 1436 φύσει
1009 1371 1076 1438 τῇ
1104 1369 1444 1444 ἀνθρωπίνῃ,
1473 1373 1570 1430 καὶ
1600 1369 1738 1443 ὑπὲρ
1775 1369 1936 1427 αὐτὸν

361 1459 574 1513 κεῖσθαι
598 1460 689 1537 τὸν
728 1459 910 1529 νόμον,
944 1461 1002 1513 ἐν
1037 1460 1188 1526 τάξει
1210 1479 1269 1515 τε
1294 1462 1605 1534 φιλοτιμίας
1635 1461 1772 1520 εἶναι
1801 1466 1939 1536 μᾶλα

362 1553 473 1618 λον,
501 1552 534 1623 ἦ
577 1553 795 1620 ἐντολῆς
835 1568 852 1618 ;
890 1552 1137 1625 Ἀγάπην
1157 1555 1213 1608 δὲ
1241 1556 1340 1623 τὴν
1369 1556 1803 1628 βασιλικωτάτην
1831 1557 1940 1611 τῶν

363 1643 571 1713 ἀρετῶν
598 1644 681 1706 τίς
698 1643 860 1698 πλέον
887 1646 1172 1716 ἠγάπησεν
1193 1647 1224 1716 ἢ
1257 1645 1348 1712 ὲξύ
1359 1666 1562 1717 μνησεν
1585 1689 1601 1714 ,
1624 1651 1699 1714 ὡς
1721 1648 1804 1701 ἐπ’
1833 1651 1940 1720 ἀμ·

360 1736 564 1806 (θεόλῳ
595 1734 831 1800 κεῖσθαι,
861 1737 1064 1803 πῧτερα
1088 1739 1213 1800 τοὺς
1240 1740 1497 1802 ἐπαίνους
1516 1740 1731 1804 πλείους
1760 1742 1940 1812 ὑπάρ-

357 1827 544 1898 χειν,ἢ
573 1829 694 1889 τοὺς
729 1829 866 1898 πρὶς
895 1828 1063 1898 αὐτὴν
1089 1829 1298 1900 ἔρωτας
1329 1848 1344 1889 :
1373 1833 1469 1895 Τίς
1496 1833 1815 1903 γὰρ.οὓτως
1836 1803 1934 1887 aii-
1964 1803 2013 1861 B

358 1918 615 1991 τόχρημα
645 1919 813 1984 λίθος,
833 1921 927 1972 καὶ
949 1919 1045 1990 τὴν
1079 1922 1316 1991 καρδίαν
1338 1912 1617 1994 ἀκίνητος,
1639 1925 1714 1988 ὡς
1741 1927 1936 1992 είπεῖν,

356 2012 389 2080 ἢ
427 2011 740 2073 ἁτίθασσος,
775 2010 851 2074 ὡς
892 2012 965 2081 μὴ
997 2012 1123 2075 τοὺς
1143 2013 1285 2084 ὑπὲρ
1301 2014 1474 2083 αὐτῆς
1498 2014 1692 2082 λόγους
1722 2010 1952 2070 ἀκούων

306 2178 311 2181 _
360 2104 519 2174 ἡττιός
557 2103 742 2175 τεεκαὶ
772 2104 954 2172 ἱλαρὸς
1009 2106 1108 2173 τὴν
1162 2104 1340 2178 ψυχὴν
1370 2107 1644 2175 γενέσθαι,
1678 2107 1938 2175 καὶπρὸς

355 2197 454 2267 τὴν
482 2196 576 2248 τοῦ
614 2195 842 2264 πλησίον
870 2196 1336 2267 διαθερμανθῆναι
1371 2199 1577 2268 φιλίαν,
1602 2201 1699 2267 τῆς
1721 2199 1935 2253 Παύλου

356 2306 413 2341 τε
435 2287 613 2359 ψυχῆς
674 2292 969 2358 ἐκμαγεῖον
1036 2287 1175 2343 εἶναι
1207 2292 1429 2359 νομίσαι
1464 2291 1563 2361 τὴν
1594 2291 1804 2345 ἐκείνου
1834 2291 1931 2360 dau-

363 2380 465 2453 χήν
492 2398 506 2446 ;
538 2382 599 2434 El
622 2380 685 2434 δὲ
721 2381 816 2433 καὶ
866 2380 962 2452 τὴν
988 2381 1113 2457 τῶν
1135 2373 1345 2437 ἐκεῖθεν
1403 2383 1623 2452 ἀγαθῶν
1662 2383 1937 2438 ἔκπτωσιν

356 2473 619 2534 ὁΠαῦλος
671 2472 982 2542 κατηύξατο
1030 2466 1248 2536 ἑαύτοῦ,
1305 2466 1401 2528 οιαὶ
1456 2476 1688 2545 φανερὸς
1739 2477 1934 2544 γέγονε

355 2566 515 2620 τοῦτο
574 2565 783 2637 μᾶλλον
834 2565 1184 2636 αἱρούμενος,
1217 2565 1250 2637 ἦ
1285 2567 1413 2630 τοὺς
1455 2568 1513 2634 ἐξ
1555 2568 1936 2639 Ἰσραὴλεάπί-

358 2676 517 2722 στους
560 2658 665 2732 ἔξω
720 2659 823 2730 τῆς
872 2659 966 2712 τοῦ
1020 2659 1259 2729 Χριστοῦ
1308 2660 1525 2713 κεῖσθαι
1562 2660 1803 2732 μερίδος,
1838 2662 1935 2714 καὶ

355 2749 454 2819 τὴν
476 2750 706 2820 ,καρδίαν
735 2752 793 2803 ἐν
822 2751 934 2812 τοῖς
956 2749 1064 2813 τῶν
1096 2749 1271 2803 ἄλλων
1298 2750 1568 2821 ὲπυρρῦτο
1591 2750 1931 2816 σκανδὰλοις,

355 2839 492 2893 ἀλλὰ
540 2840 633 2913 καὶ
658 2839 818 2903 αὐτὸς
867 2839 1020 2892 οὐδὲν
1044 2834 1209 2911 ἦττον
1242 2838 1520 2910 πέφλεκτο
1545 2841 1612 2895 τὰ
1650 2841 1935 2911 σπλάγχνα

354 2930 417 3000 τῇ
460 2928 589 3000 περὶ
631 2929 722 2982 τὸν
783 2928 1010 2997 πλησίον
1066 2931 1294 2999 στοργῇ,
1333 2930 1427 2993 καὶ
1457 2931 1554 3002 τῆς
1576 2931 1689 2985 τῶν
1720 2920 1935 2986 πιστῶν

352 3020 752 3092 περιεκέκαυτο
788 3022 1149 3093 σωτηρίας,εί
1176 3021 1254 3092 τῷ
1284 3021 1564 3076 πιστεύειν
1592 3023 1742 3089 ἄξιος
1771 3024 1933 3087 αὐτὸς

352 3113 581 3174 ἐκεῖνος,
645 3112 847 3165 οὑτωσὶ
903 3110 1076 3180 λέγων
1134 3113 1290 3183 ἐντῷ
1328 3112 1504 3185 ἠθικῷ
1554 3116 1655 3183 τῆς
1700 3116 1757 3168 ἐν
1812 3116 1932 3179 ταῖς

353 3203 589 3276 Πράξεσι
616 3207 1061 3276 τεσσαρακοστῆς
1087 3205 1358 3277 τετάρτης
1390 3206 1631 3276 ὁμιλίας⁹
1677 3206 1928 3261 Ἐεὸουλὸ-

355 3298 550 3368 praue!
585 3291 695 3350 οἷον
730 3296 949 3366 τε,δψει
976 3298 1114 3368 αὑτῇ
1140 3296 1239 3368 τὴν
1262 3296 1503 3368 ἀγάπην,
1524 3299 1590 3369 ἢν
1624 3299 1752 3371 περὶ
1786 3301 1931 3369 ὑμᾶς

352 3389 482 3460 ἔχω,
551 3388 946 3454 ἐπιδείξασθαι.
1003 3386 1173 3441 Οὐδὲν
1230 3388 1339 3458 γὰρ
1390 3389 1520 3460 ,ἐμοὶ
1551 3390 1931 3460 ποθεινότερον

352 3480 529 3552 ὑμῶν,
582 3481 703 3534 οὐδὲ
763 3480 921 3534 τοῦτο
944 3479 1005 3534 τὸ
1044 3480 1180 3549 φῶς.
1206 3481 1491 3553 Μυριάκις
1520 3467 1630 3552 γὰρ
1651 3482 1927 3555 ηὐξάμην,

351 3576 445 3630 καὶ
474 3575 540 3629 τὰ
561 3575 709 3645 ἑξῆς.

352 3795 458 3851 hoc
502 3793 692 3851 lioeret
739 3803 946 3848 vestras
986 3793 1198 3850 animas
1247 3803 1585 3850 convertere.
1631 3795 1782 3853 Adeo
1812 3798 1929 3868 ipsa

353 3888 475 3948 luce
524 3887 658 3942 mihi
712 3896 798 3941 cst
840 3894 1021 3940 vestra
1060 3886 1206 3940 salus
1239 3887 1555 3954 jucundior.
1591 3887 1732 3953 Quid
1782 3891 1928 3945 enim

352 3994 442 4033 me
482 3978 675 4048 juvant
729 3978 937 4032 solares
967 3976 1123 4042 radii,
1166 3978 1405 4047 quando,
1437 3994 1558 4048 qua:
1581 3990 1802 4051 prepter
1831 3958 1930 4037 vos

349 4071 638 4140 accipitur,
675 4070 839 4125 aniud
862 4070 1125 4141 aegritudo
1147 4070 1319 4124 oculis
1340 4070 1476 4125 meis
1499 4087 1723 4142 magnas
1751 4073 1932 4128 oﬁ‘un-

349 4165 429 4219 dit
463 4165 755 4219 tenebras?
812 4164 927 4218 Lux
964 4163 1110 4217 enim
1168 4173 1297 4218 tunc
1350 4171 1434 4218 est
1488 4164 1652 4227 bona,
1713 4142 1932 4234 quando

349 4267 582 4327 apparet.
614 4256 671 4310 in
728 4254 934 4310 laetitia.
994 4254 1245 4311 Animam
1297 4256 1468 4322 enim,
1524 4271 1646 4326 quae
1694 4270 1929 4312 maerore

350 4357 440 4403 est
463 4346 674 4413 aﬂ'erta,
715 4347 950 4403 videtur
985 4346 1150 4402 etiam
1198 4347 1446 4403 molestia
1504 4349 1742 4405 afficere.
1773 4350 1929 4417 Quod

355 4449 537 4495 autem
601 4456 713 4494 non
769 4439 1027 4501 mentiar,
1084 4440 1225 4495 absit
1278 4441 1521 4510 quidem,
1583 4451 1642 4497 ut
1691 4457 1928 4512 unquam

354 4528 549 4584 faciam
614 4528 935 4599 perieulum.
991 4528 1100 4585 Sed
1149 4528 1196 4584 si
1244 4530 1462 4599 quando
1517 4532 1805 4604 contigerit
1862 4549 1928 4589 ex

348 4619 505 4674 vobis
538 4625 781 4689 peccare
831 4617 1091 4687 aliquem,
1135 4618 1394 4691 .accedite
1428 4619 1494 4675 ad
1530 4636 1617 4675 me
1647 4622 1929 4678 dormien-

350 4723 497 4769 tem:
529 4712 721 4766 si‘no’n
756 4726 876 4766 sum
916 4711 1107 4766 similis
1140 4711 1452 4783 paralyticis
1502 4729 1516 4766 :
1567 4713 1613 4767 si
1657 4730 1767 4769 non
1862 4716 1928 4771 iis

346 4806 441 4875 qui
507 4820 538 4859 a
585 4819 659 4859 se
714 4804 1120 4881 discesserunt:
1176 4813 1232 4860 et
1297 4812 1355 4858 ut
1415 4805 1592 4860 dicam
1647 4821 1771 4861 cum
1800 4821 1930 4875 pro-

350 4895 517 4969 pheta
542 4896 585 4928 “
619 4915 633 4951 :
676 4915 695 4948 ι
749 4894 815 4950 Ει
843 4896 1027 4952 lumen
1057 4896 1337 4952 oculorum
1368 4912 1635 4960 meorum,
1665 4909 1721 4955 et
1750 4899 1927 4975 ipsum

347 5005 458 5045 non
493 4999 577 5045 est
612 5003 829 5045 mecum
867 5003 882 5041 :
925 5006 945 5042 ι
991 4997 1047 5045 et
1076 4988 1178 5044 nisi
1203 4990 1471 5059 iudicaret
1493 4991 1809 5061 quispiam,
1841 5007 1928 5048 me

345 5098 471 5141 esse
498 5097 665 5159 supra
691 5081 911 5137 modum
957 5081 1306 5136 ambitiosum
1339 5090 1394 5136 et
1442 5080 1618 5136 laudis
1645 5082 1925 5152 cupidum,

344 5176 562 5231 videres
582 5190 672 5230 me
688 5173 933 5245 quotidie
956 5172 1136 5229 fontes
1156 5172 1520 5243 lacrymarum
1548 5171 1888 5230 emittentem
1910 5192 1924 5230 :

351 5265 544 5320 horum
579 5279 762 5331 autem
794 5273 879 5321 est
924 5263 1056 5319 mihi
1104 5263 1323 5319 conscia
1370 5263 1699 5319 domuncula
1743 5274 1798 5319 et
1838 5281 1927 5321 so-

349 5353 544 5412 litudo.
597 5357 817 5413 Credite
858 5357 1004 5412 enim
1056 5355 1214 5423 mihi,
1274 5370 1427 5425 spem
1480 5356 1700 5427 quidem
1752 5357 1926 5426 abieci

348 5441 485 5504 mete
533 5447 761 5507 salutis:
812 5450 942 5506 dum
995 5464 1126 5506 vero
1168 5458 1349 5517 vestra
1401 5447 1594 5514 deﬂeo,
1645 5465 1922 5521 nunquam

344 5547 432 5595 est
487 5539 621 5596 mibi
676 5541 850 5599 otium
911 5556 1033 5599 mea
1087 5541 1254 5598 mala'
1284 5538 1540 5614 dedendi.
1588 5540 1744 5598 Adeo
1789 5542 1923 5599 mihi

340 5633 529 5689 omnia
558 5650 656 5692 vos
715 5636 869 5692 estis.
911 5633 968 5690 Si
1025 5650 1253 5693 sensero
1308 5649 1406 5691 vos
1463 5634 1747 5706 proﬁcere,
1812 5651 1923 5707 pm

414 5775 457 5807 "
493 5773 653 5833 Rom.
681 5792 743 5842 tt,
786 5777 859 5841 ὃς
893 5776 935 5831 ll
962 5775 1089 5832 Cor.
1120 5792 1158 5842 ι,
1193 5777 1245 5833 6.
1329 5777 1374 5813 "
1417 5774 1559 5833 Psal.
1592 5794 1796 5847 xxxvii,
1826 5779 1911 5836 ll.

2038 552 2132 592 cor
2159 537 2366 593 divitiis
2397 552 2507 592 non
2546 543 2903 607 apponerent,
2943 549 3125 604 neque
3161 532 3417 589 omnibus
3451 532 3618 589 rebus

2039 630 2430 685 materialibus;
2463 628 2832 685 Humilitatem
2872 637 3053 683 autem
3092 634 3147 681 et
3187 626 3617 683 moderationem

2040 723 2177 791 adeo
2209 723 2425 785 extulit,
2452 731 2507 778 et
2542 730 2766 787 tantam,
2786 721 2904 791 ejus
2935 736 3058 776 esse
3082 720 3323 777 ostendit
3349 720 3406 775 in
3428 720 3618 776 humili
3714 739 3721 747 ο

2039 815 2436 880 excedentiam,
2479 823 2539 869 ut
2597 814 2745 869 nulla
2796 814 2898 868 alia
2946 813 3117 868 virtus
3151 814 3322 882 possit
3371 829 3499 868 cum
3552 829 3618 868 ea

2038 910 2274 966 conferri
2312 949 2329 974 ,
2362 909 2461 964 sed
2490 925 2555 965 ea
2601 910 2673 965 sit
2722 916 2895 987 mater
2939 914 2992 987 et
3036 915 3219 961 custos
3244 907 3471 965 aliarum
3501 920 3619 960 om-

2038 1003 2192 1057 nium
2229 1022 2242 1058 :
2288 1002 2399 1057 imo
2429 1016 2560 1057 vero
2592 1002 2711 1056 sine
2728 983 2842 1069 qua
2865 983 2983 1053 aliae
3012 998 3147 1052 nihil
3201 996 3425 1062 habent,
3474 996 3621 1066 quod

2039 1096 2111 1153 sit
2143 1106 2352 1151 certum
2382 1094 2439 1150 et
2477 1095 2591 1173 .lide
2647 1094 2872 1164 ilignum
2906 1110 2919 1146 :
2975 1091 3071 1146 sed
3112 1089 3242 1154 sint,
3279 1087 3416 1158 proh
3444 1088 3619 1147 dolor.

2039 1205 2212 1245 vanus
2239 1189 2459 1259 quidam
2489 1187 2643 1242 labor
2682 1195 2738 1242 .et
2789 1185 2986 1241 inanis.
3029 1179 3477 1251 Tcmperantiam
3520 1194 3620 1234 au-

2042 1294 2148 1340 tem
2198 1294 2254 1341 et
2296 1300 2425 1340 vere
2470 1283 2754 1353 pulchram
2809 1280 3181 1351 virginitatem
3234 1275 3360 1345 quis
3394 1273 3487 1328 sic
3534 1270 3621 1328 vel

2040 1378 2262 1439 amavit,
2296 1377 2381 1432 vel
2411 1377 2550 1430 alios
2599 1375 2690 1445 qui
2741 1382 2870 1427 sunt
2920 1370 3284 1430 honestiores,
3331 1364 3623 1435 magnique

2041 1481 2097 1527 et
2123 1470 2335 1525 excelsi.
2377 1468 2568 1533 animi,
2619 1468 2688 1534 ad
2750 1466 2870 1534 ejus
2921 1463 3191 1534 insignem
3222 1457 3469 1513 incitavit
3496 1454 3621 1526 pul-

2042 1561 2406 1618 chritutlinem
2438 1600 2454 1625 ,
2496 1570 2553 1614 ut
2593 1574 2713 1613 eam
2744 1555 3135 1627 propemodum
3165 1548 3464 1607 ostenderit
3501 1561 3623 1602 esse

2021 1654 2304 1722 'majorem
2343 1660 2397 1706 ct
2426 1650 2839 1714 sublimiorem,
2867 1663 3029 1721 quam
3078 1653 3137 1699 ut
3181 1643 3248 1699 ad
3283 1657 3402 1697 eam
3455 1637 3648 1709 poesit.

2042 1743 2282 1799 humana
2310 1752 2504 1797 natura
2542 1740 2845 1810 pervenire,
2899 1747 2957 1793 et
3002 1723 3275 1806 superare.
3319 1734 3490 1802 ipsam
3543 1729 3625 1785 le-

2041 1843 2162 1907 gem
2190 1853 2204 1889 :
2237 1833 2685 1901 liberalitati-sque
2709 1841 2764 1885 et
2789 1825 3211 1900 magniﬁcentia:
3233 1823 3414 1893 petius
3438 1821 3623 1875 locum

2042 1940 2258 1995 tenere,
2322 1944 2485 1998 quam
2543 1925 2848 1998 prmcepti?
2907 1921 3239 1979 Charitatem
3287 1932 3440 1988 vero,
3501 1930 3623 1984 qua:

2040 2030 2125 2077 est
2144 2021 2388 2075 omnium
2418 2020 2684 2073 virtutum
2715 2014 2948 2070 maxime
2978 2013 3144 2081 regia,
3173 2010 3298 2080 quis
3332 2008 3424 2062 illo
3451 2004 3622 2074 magis

2042 2113 2249 2169 amavit
2282 2121 2378 2166 aut
2437 2109 2678 2165 laudavit
2715 2148 2730 2171 ,
2772 2114 2832 2161 ut
2865 2105 3141 2161 dubitetur
3180 2102 3425 2171 majorne
3462 2096 3627 2152 fuerit

2039 2204 2297 2268 laudatio,
2330 2218 2397 2257 an
2427 2201 2548 2271 ejus
2576 2200 2630 2277 in
2662 2213 2782 2253 eam
2812 2213 2963 2252 amor
2986 2194 3169 2266 iouis
3197 2201 3282 2247 est
3306 2191 3452 2246 enim
3485 2187 3624 2242 adeo

2037 2298 2199 2368 plane
2235 2294 2375 2365 lapis
2406 2303 2506 2348 aut
2531 2292 2676 2347 ferro
2711 2291 2765 2344 in
2802 2288 2966 2344 corde
2998 2286 3267 2358 frigidior,
3302 2290 3363 2337 ut
3391 2281 3624 2336 audiens

2036 2388 2156 2457 ejus
2189 2387 2257 2440 de
2310 2385 2398 2439 illa
2449 2382 2745 2445 orationes,
2800 2395 2913 2434 non
2968 2377 3063 2432 ﬁat
3116 2375 3264 2430 mitis
3316 2385 3371 2427 et
3411 2369 3622 2432 hilaris,

2037 2486 2093 2533 et
2146 2477 2215 2532 ad
2246 2460 2592 2531 dilectionem
2631 2470 2865 2550 proximi
2919 2469 3208 2524 excitetur.
3243 2474 3299 2521 et
3326 2479 3434 2518 non
3470 2459 3623 2515 Pauli

2036 2583 2348 2640 expressam
2422 2565 2874 2636 eliigiem:putct
2935 2573 3060 2614 esse
3127 2557 3272 2612 illius
3341 2550 3627 2608 animam?

2035 2657 2189 2726 Quod
2215 2657 2258 2713 si
2281 2656 2481 2711 Paulus
2505 2644 2807 2724 optavit",
2840 2660 2901 2706 ut
2939 2650 3023 2706 vel
3062 2665 3090 2703 a
3125 2648 3282 2703 bonis
3349 2658 3469 2715 qute
3512 2642 3624 2699 illic

2034 2758 2184 2812 sunt,
2220 2748 2542 2804 excideret:
2586 2754 2641 2800 et
2672 2739 2862 2815 aperte
2907 2736 3167 2801 Ostendit.
3212 2755 3270 2794 se
3319 2738 3427 2793 hoc
3454 2735 3624 2805 riiagis

2034 2839 2191 2903 velle,
2241 2853 2406 2908 quam
2453 2851 2550 2891 eos
2639 2833 2731 2905 qui
2784 2840 2915 2887 sunt
2959 2847 3026 2886 ex
3065 2830 3248 2894 Israel,
3302 2843 3426 2883 esse
3470 2835 3622 2882 extra

2035 2943 2243 3004 partem
2271 2930 2474 2986 Christi
2499 2947 2520 2992 ι
2550 2937 2605 2983 et
2630 2928 2679 2982 ei
2720 2942 2816 2983 cor
2839 2924 3064 2981 omnino
3094 2924 3358 2977 urebatur
3388 2920 3624 2985 aliorum

2035 3020 2478 3093 oﬂ'ensiouibus:
2536 3019 2654 3089 ipse
2709 3031 2929 3088 quoque
2978 3014 3223 3068 Joannes
3263 2998 3623 3066 nihilominus

2038 3110 2478 3189 inflammabatur
2532 3126 2717 3165 amore
2780 3109 2835 3163 in
2889 3096 3228 3178 proximum,
3285 3113 3338 3158 et
3395 3101 3623 3157 fratrum

2036 3208 2229 3262 salutis
2258 3205 2483 3260 ardebat
2514 3203 2808 3263 desiderio,
2835 3202 2878 3256 si
2905 3201 2981 3255 illi
3014 3199 3114 3269 ipsi
3140 3206 3223 3253 est
3245 3193 3580 3252 credendum
3601 3228 3619 3255 .

2025 3304 2083 3354 in
2121 3299 2313 3355 morali
2349 3298 2420 3352 24
2454 3297 2509 3351 in
2552 3297 2720 3351 Actus
2760 3293 2981 3349 homilia
3011 3293 3093 3347 sic
3115 3288 3318 3345 dicenti
3343 3274 3361 3343 ι’
3390 3284 3623 3348 Vellem,

2029 3393 2077 3449 si
2135 3392 2252 3448 ﬁeri
2309 3398 2516 3463 posset,
2572 3390 2768 3444 vestris
2813 3386 2986 3441 oculis
3018 3382 3333 3445 ostendere,
3370 3395 3534 3450 quam
3565 3379 3623 3434 in

2032 3501 2129 3541 vos
2164 3485 2338 3539 habeo
2394 3483 2744 3539 charitatem.
2788 3477 2935 3535 Nihil
2978 3485 3063 3533 cst
3112 3476 3259 3531 enim
3308 3472 3441 3527 mihi
3470 3469 3624 3527 vobis

2026 3577 2332 3647 jucundius
2380 3584 2437 3637 et
2484 3573 2929 3633 desiderabilius,
2974 3585 3046 3624 ne
3085 3569 3203 3623 hth
3235 3566 3352 3636 ipsa
3398 3562 3622 3638 quidem

2025 3666 2145 3724 lux.
2180 3668 2379 3723 Millies
2418 3667 2567 3722 enim
2615 3674 2862 3735 Optarem
2909 3663 3026 3732 ipse
3060 3674 3183 3715 esse
3217 3670 3418 3723 caecus,
3450 3653 3494 3710 si
3525 3667 3623 3724 per

2032 3807 2228 3875 gaudio
2259 3821 2380 3861 mea
2427 3805 2567 3862 mala
2618 3819 2729 3858 non
2769 3801 2966 3856 sentio.
3020 3798 3077 3853 Si
3116 3797 3308 3853 videro
3351 3804 3619 3864 non'proo

2035 3896 2222 3960 ficere,
2257 3913 2368 3967 pra:
2409 3895 2577 3950 animi
2605 3892 2928 3963 aegritudine
2959 3905 3148 3945 rursus
3189 3902 3308 3943 mea
3353 3887 3568 3943 dimitto
3604 3905 3619 3943 ι

2035 3998 2095 4042 ut
2126 3975 2401 4057 qui'laetus
2428 3987 2528 4041 sim
2559 3985 2769 4039 vestris‘
2810 3982 2990 4042 bonis,
3033 3980 3137 4034 etsi
3193 3978 3336 4033 mala
3386 3978 3616 4033 habeam

2036 4076 2498 4131 innumerabilia:
2526 4074 2698 4129 tristis
2737 4081 2919 4127 autem
2954 4079 3180 4140 prepter
3217 4078 3395 4124 vestra
3447 4066 3619 4131 mala,

2036 4170 2249 4225 etiamsi
2281 4167 2695 4224 innumerabilia
2716 4167 2828 4222 sint
2851 4163 2984 4240 mihi
3008 4171 3156 4216 recte
3179 4161 3339 4216 facta.
3359 4159 3620 4224 Qua-nam

1956 4233 2007 4294 Β
2033 4264 2179 4319 enim
2211 4259 2370 4319 nobis
2391 4273 2475 4318 est
2497 4277 2644 4331 spes,
2670 4261 2715 4315 si
2746 4274 2842 4314 vos
2859 4234 2968 4313 non
2987 4254 3328 4328 proficiatis?
3356 4252 3619 4319 Quaenam

2032 4362 2216 4436 autem
2245 4353 2488 4412 tristitia.
2536 4352 2583 4408 si
2619 4365 2714 4406 vos
2742 4358 2894 4406 recte
2926 4346 3175 4419 geratis?
3206 4346 3266 4401 lu
3309 4344 3478 4398 altum
3517 4358 3619 4397 ex.

2034 4447 2146 4504 tolli
2178 4447 2390 4510 videor,
2424 4444 2644 4515 quando
2667 4443 2873 4512 aliquid
2896 4441 3024 4496 boni
3049 4440 3118 4494 de
3146 4438 3303 4493 vobis
3330 4435 3614 4493 audivero.

2035 4540 2265 4609 implete
2287 4539 2545 4610 gaudium
2570 4552 2755 4593 meum
2786 4557 2799 4590 :
2831 4534 2990 4589 liceat
3013 4531 3167 4587 vobis
3196 4530 3428 4587 salutem
3461 4542 3616 4582 asse-

1993 4623 2150 4698 'qui,
2207 4644 2296 4683 me
2351 4637 2534 4683 autem
2585 4635 2812 4698 propter
2866 4639 2966 4679 vos
3017 4622 3246 4677 reddere
3300 4620 3614 4677 rationem:

2032 4721 2189 4775 vobis
2219 4720 2338 4775 dari
2379 4722 2634 4787 salutem,
2666 4734 2756 4773 me
2789 4733 2918 4773 vero
2946 4715 3213 4776 accusari,
3246 4712 3391 4783 quod
3430 4726 3614 4767 meum

2033 4827 2235 4866 niunus
2258 4826 2367 4865 non
2401 4810 2763 4881 impleverim.
2791 4807 2910 4863 Non
2943 4805 3088 4861 enim
3116 4819 3268 4870 curo,
3299 4811 3359 4857 ut
3389 4817 3486 4873 per
3526 4816 3615 4856 me

2030 4902 2162 4958 salvi
2219 4902 2342 4957 sitis
2375 4945 2391 4969 ,
2444 4902 2542 4959 sed
2592 4912 2649 4958 ut
2681 4902 2856 4956 Solum
2910 4899 3043 4955 salvi
3097 4897 3238 4961 sitis,
3288 4905 3615 4966 quacunque

2032 4994 2262 5049 ratione.
2291 4993 2403 5049 lloe
2434 4995 2610 5050 solum
2648 4995 2704 5049 in
2728 5001 2913 5049 votum
2947 4990 3176 5055 contuli,
3197 4988 3343 5059 quod
3374 4996 3615 5043 vestrum

2029 5086 2336 5157 profectum
2359 5086 2629 5150 desidero,
2662 5087 2813 5157 quod
2837 5098 2935 5141 vos
2967 5101 3116 5148 amo,
3145 5083 3289 5153 quod
3330 5095 3428 5136 vos
3458 5095 3612 5135 com-

2028 5176 2255 5246 plector,
2293 5176 2439 5246 quod
2488 5191 2587 5232 vos
2626 5176 2759 5239 estis
2800 5176 2933 5231 mihi
2978 5175 3180 5239 omnia,
3222 5181 3279 5228 et
3330 5179 3504 5242 pater,
3555 5176 3614 5226 et

2030 5277 2225 5335 mater,
2257 5275 2313 5323 et
2339 5268 2558 5333 fratres,
2588 5277 2647 5324 et
2674 5267 2769 5322 ﬁlii
2797 5286 2812 5323 :
2859 5276 2916 5325 et
2952 5268 2999 5322 si
3031 5255 3338 5322 liceret'cor
3358 5272 3614 5320 nostrum

2028 5363 2336 5431 rumpere,’
2366 5369 2421 5417 et
2476 5361 2632 5417 vobis
2674 5360 2931 5416 omnibus
2987 5361 3298 5426 ostendere,
3351 5355 3612 5413 videretis

2028 5454 2085 5509 in
2117 5469 2312 5526 magna
2351 5453 2639 5531 latitudine
2669 5454 2819 5510 intus
2843 5468 2967 5511 esse
2999 5461 3055 5509 et
3077 5467 3278 5508 uxores
3298 5458 3356 5507 et
3380 5448 3609 5506 ﬁlioset

2030 5548 2276 5608 maritos.
2306 5547 2589 5621 Ejusmodi
2625 5547 2772 5605 enim
2813 5558 2898 5604 est.
2947 5546 3124 5603 virtus
3172 5543 3476 5612 eburitatis,
3522 5540 3614 5598 fo-

2031 5640 2215 5712 citque
2241 5634 2480 5699 animam
2510 5641 2600 5699 vel
2630 5638 2770 5699 celo
2795 5640 2919 5712 ipso
2944 5638 3215 5696 latiorem.
