4138 6430
547 362 689 430 1095
1368 382 1371 385 ‘
1505 361 1512 367 ’
1808 366 2096 428 MENSIS
2131 362 2591 428 JANUARIUS.
2834 374 2837 377 ’
3687 351 3839 418 1096

1808 366 2096 428 MENSIS
2131 362 2591 428 JANUARIUS.

619 477 737 534 XX.
791 477 921 534 Hme
969 485 1152 542 autem
1207 494 1313 533 non
1371 477 1548 534 solum
1607 466 1844 536 iaciebat
1891 481 1948 535 in
2002 481 2137 536 urbe

2313 477 2398 533 κ’.
2427 478 2618 532 Ταῦτα
2645 475 2703 530 δὲ
2735 475 2836 530 οὐκ
2864 476 2923 530 ἐν
2955 475 3093 549 μόνῃ
3112 479 3178 549 τῇ
3203 475 3436 548 βασιλίδι
3473 472 3584 529 τῶν
3616 469 3840 525 πόλεων

519 574 718 645 regia,
761 586 941 640 neque
979 587 1073 626 eos
1101 571 1247 626 solos
1278 572 1571 646 eserccbat
1603 574 1669 627 ad
1699 574 1957 628 virtutem
1995 616 2010 638 ,
2042 573 2136 625 sed

2257 572 2461 643 Βπῆρχε
2528 568 2735 633 ποιῶν,
2790 567 2911 622 οὐδὲ
2954 566 3179 632 τούτους
3236 568 3431 639 μόνους
3479 567 3639 639 ῆσκει
3688 562 3844 633 πρρς

547 682 645 738 per
675 680 894 721 omnem
928 672 1129 718 terram
1161 664 1581 722 extendebatur.
1609 674 1665 720 et
1697 665 1770 719 illi
1805 681 1952 720 cura)
1982 674 2139 719 erant

2257 662 2466 735 ἱρετην,
2511 660 2648 716 ἀλλά
2677 661 2773 715 καὶ
2795 659 3079 732 πανταχοῦ
3100 660 3204 732 γῆς
3237 660 3557 728 ἐξετείνετο,
3583 655 3678 709 καὶ
3718 653 3846 708 τῶν
3888 722 3895 727 ι

546 771 741 811 omnes
792 756 1060 820 ecclesiae,
1128 756 1552 826 ejusque-curae
1612 756 1935 812 unusdinis
1982 764 2137 809 erant

2257 752 2551 825 εκκλησιῶν
2594 751 2788 823 ἔμελλε
2819 750 2997 822 τούτῳ
3041 752 3257 817 πασῶν,
3310 751 3405 805 καὶ
3426 751 3551 823 ὄρος
3580 744 3649 820 ἦν
3678 743 3847 815 αὐτῷ

549 859 712 903 ωτι-ιιι
736 848 996 905 'termiui.
1029 848 1227 903 Joanni
1255 850 1402 904 enim
1431 864 1577 905 curae
1612 865 1726 905 non
1749 858 1906 904 erant
1937 828 2138 902 mensa:

2257 846 2343 916 τῆς
2401 844 2718 916 φροντίδος,
2771 843 2843 897 τὰ
2892 844 2992 915 τῆς
3038 842 3146 913 γῆς
3208 843 3444 915 πέρατα.
3502 840 3671 895 Οὐδὲν
3721 837 3849 908 γὰρ

547 952 603 994 et
630 942 825 1010 epulu',
860 957 1129 1012 agrosque
1156 942 1456 1012 possidere,
1488 950 1542 997 et
1583 958 1875 997 crumenas
1904 936 2136 1011 replere,

2257 938 2441 1009 ἐκείνῳ
2494 937 2657 1006 μέλον
2714 937 2991 1008 τράπεζαι
3024 935 3121 989 καὶ
3147 935 3482 1006 φιλοτησίαι,
3511 935 3601 987 καὶ
3637 931 3848 1000 ἀγρῶν

546 1042 604 1088 et
623 1034 665 1088 si
697 1033 826 1103 quid
855 1042 941 1087 est
966 1032 1135 1097 aliud,
1164 1049 1398 1104 quorum
1434 1035 1615 1089 studio
1641 1035 1838 1106 vulgus
1870 1042 2089 1088 tenetur
2121 1071 2136 1096 ,

2257 1030 2494 1100 κτήσεις,
2526 1031 2623 1083 καὶ
2652 1027 2956 1100 βαλαντίων
2991 1028 3307 1100 ἀδρότητες,
3340 1028 3433 1081 καὶ
3462 1027 3514 1080 εῖ
3537 1044 3588 1079 τι
3615 1025 3846 1095 ἕτερον,

478 1116 483 1125 ⁸
549 1126 649 1180 sed
683 1127 787 1181 hoc
834 1133 956 1180 erat
984 1126 1030 1180 ei
1062 1141 1213 1191 cura,
1248 1141 1369 1196 quas
1420 1107 1693 1198 exstingui
1745 1141 1855 1181 non
1903 1131 2138 1196 poterat,

2257 1124 2376 1201 τῶν.
2402 1126 2525 1189 τοῖς
2582 1123 2798 1186 πολλοῖς
2856 1124 3112 1197 ἐκθύμως
3174 1121 3656 1190 σπουδαζομένων,
3690 1119 3848 1173 ἀλλὰ

548 1229 603 1273 et
634 1217 841 1274 ossium
869 1217 1013 1273 tinea
1055 1227 1409 1289 uestrumque,
1440 1218 1584 1288 quod
1615 1217 1737 1273 eius
1769 1233 1866 1271 cor
1899 1216 2137 1280 subibat,

2257 1216 2402 1271 τοῦτο
2419 1211 2487 1287 ἦν
2512 1214 2663 1287 αὑτῷ
2682 1216 2744 1269 τὸ
2758 1215 2846 1269 διὰ
2875 1217 3057 1287 πάσης
3086 1214 3355 1284 ἀγόμενον
3388 1212 3491 1275 τῆς
3519 1210 3847 1283 φροντίδος,

552 1318 881 1381 perpetuum
921 1310 1042 1378 ejus
1080 1310 1284 1365 bellum
1314 1310 1579 1365 adversus
1613 1313 1825 1365 hostem
1862 1304 2137 1373 nostrum,

2257 1307 2338 1361 tat
2356 1307 2558 1363 ὀστέων
2576 1308 2695 1380 σὴς,
2722 1307 2818 1362 καὶ
2846 1306 3008 1379 μύωψ
3025 1307 3103 1370 είς
3124 1305 3353 1377 καρδίαν
3397 1304 3849 1376 παραδυόμενος,

551 1412 609 1458 et
652 1412 713 1457 ut
742 1403 857 1457 suis
880 1402 946 1457 ad
982 1417 1083 1456 nos
1129 1403 1495 1467 orationibus,
1535 1414 1589 1457 et
1629 1401 2015 1459 frequentibus
2045 1400 2142 1454 ad-

2257 1402 2342 1454 ιιαὶ
2402 1400 2647 1470 φλογμδς
2705 1400 2991 1463 ἄσϐεστος,
3062 1400 3155 1467 ὑφ’
3218 1389 3281 1451 οὗ
3340 1395 3514 1451 νύκτα
3559 1396 3652 1449 καὶ⁵
3716 1395 3851 1465 μεθ’

553 1494 949 1549 monitionibus
999 1504 1215 1548 arceret
1292 1494 1413 1564 ejus
1489 1494 1751 1559 insidias,
1798 1511 1852 1548 et
1906 1492 2142 1547 iusultus

2257 1492 2463 1563 ἡμέραν
2511 1493 2833 1564 ἐπίμπρατο
2884 1492 2983 1563 τὴν
3032 1490 3249 1562 ψυχὴν,
3307 1491 3335 1542 ό
3405 1488 3543 1560 πρὸς
3587 1487 3684 1540 τὸν
3741 1484 3837 1540 τοῦ

555 1580 887 1658 prohiberet,
914 1598 970 1642 et
990 1596 1252 1658 quantum
1286 1588 1506 1659 quidem
1536 1590 1602 1643 ad
1633 1589 1810 1658 ipsum
1846 1593 2138 1657 spectaret,

2257 1585 2448 1658 ἐχθροῦ
2509 1586 2635 1639 καθ’
2685 1587 2847 1657 ἡμῶν
2882 1586 3121 1655 πόλεμον
3164 1584 3445 1645 ἄπαυστος
3478 1579 3646 1633 αὐτοῦ
3677 1579 3855 1632 πόλε-

550 1680 763 1734 nullum
809 1678 1016 1737 sineret
1070 1695 1136 1734 ex
1182 1681 1414 1745 vocatis,
1461 1667 1573 1735 non
1625 1696 1687 1735 ex
1739 1679 1837 1746 iis;
1885 1679 1979 1750 qui
2012 1667 2142 1735 tunc

2257 1697 2367 1750 μσς,
2404 1680 2499 1734 καὶ
2524 1680 2613 1734 ἵνα
2632 1682 2745 1744 τοῖς
2771 1679 2913 1751 πρὸς
2941 1681 3089 1752 ἡμᾶς
3115 1678 3296 1747 λόγοις
3333 1677 3431 1729 καὶ
3457 1678 3577 1738 ταῖς
3602 1675 3855 1737 πυκναῖς

552 1781 731 1837 erant,
768 1787 878 1827 non
931 1787 998 1827 ex
1045 1770 1133 1837 iis,
1194 1772 1287 1842 qui
1338 1766 1859 1842 posteapexcidere
1910 1786 1940 1825 a
1992 1781 2141 1827 sorte

2257 1774 2650 1845 παραινέσεσιν
2675 1774 2884 1845 εἵργειν
2938 1771 3089 1843 αὐτῷ
3117 1773 3215 1835 τὰς
3238 1768 3531 1832 ἐπιϐουλὰς
3569 1768 3689 1839 ἔχῃ,
3744 1765 3857 1820 καὶ

551 1866 878 1930 electorum,
935 1874 992 1920 et
1039 1880 1164 1920 esse
1205 1866 1377 1936 partis
1424 1866 1685 1921 sinistra.
1744 1865 1973 1936 Pr0pter
2030 1865 2149 1920 haec

2257 1827 2646 1937 διωθῆναγτὴν
2674 1827 2883 1934 ἔφοδον,
2908 1865 3026 1929 καὶ,
3053 1827 3115 1917 τό
3154 1827 3219 1932 γε
3251 1864 3331 1927 είς
3351 1827 3690 1933 αὺτδννῆκτον,
3734 1877 3858 1931 μη-

553 1970 838 2011 sermones
854 1965 1122 2026 perpetuo
1151 1956 1384 2012 habebat
1421 1967 1477 2012 et
1513 1958 1767 2023 docebat,
1790 1966 1847 2011 et
1867 1971 2146 2027 nunquam

2257 1958 2378 2013 δένα
2425 1957 2534 2011 τῶν
2564 1955 2783 2030 κλητῶν
2810 1956 2886 2028 μὴ
2909 1956 3017 2010 τῶν
3052 1956 3143 2010 τότ
3155 1973 3201 2018 ε,
3237 1955 3313 2026 μὴ
3345 1954 3457 2010 τῶν
3479 1956 3559 2018 είς
3583 1954 3852 2026 ὕστερον,

555 2048 804 2104 cessabat
839 2048 1038 2104 diserta
1080 2049 1167 2104 illa
1193 2058 1249 2105 et
1282 2049 1557 2105 modulata
1580 2051 1762 2122 lingua
1802 2061 2020 2108 nostras
2062 2050 2147 2105 in-

555 2145 781 2192 cantare
831 2138 1064 2193 animas.
1103 2138 1403 2211 Propterea
1429 2149 1559 2196 sunt
1594 2142 1843 2211 pulchra:
1882 2142 1987 2197 illa:
2026 2156 2148 2197 ver-

556 2228 753 2284 borum
783 2228 1029 2298 Sirenes,
1062 2231 1548 2288 innumerabilium
1600 2233 1734 2289 illud
1770 2249 1923 2290 mare
1972 2234 2147 2290 bono-

558 2338 704 2386 rum,
741 2322 1048 2378 animarum
1091 2323 1436 2390 lautissimus,
1464 2342 1585 2393 quas
1618 2326 1869 2382 consumi
1922 2327 2150 2383 minime

549 2423 808 2485 possunt,
872 2415 1083 2483 epulae,
1141 2417 1302 2486 panis
1359 2416 1700 2489 angelorum,
1732 2434 1934 2473 mensae
1983 2419 2151 2476 totius

558 2508 729 2562 orbis.
766 2505 922 2574 Quod
954 2508 1000 2565 si
1038 2508 1098 2577 ii,
1147 2508 1240 2579 qui
1272 2510 1658 2577 alimentorum
1709 2512 1994 2567 sensiliqu
2049 2529 2151 2569 cu-

559 2614 677 2655 ram
711 2611 1020 2672 gesserunl,
1050 2617 1175 2669 qua:
1214 2610 1449 2673 possunt
1495 2602 1657 2674 longo
1704 2612 1951 2675 tempore
1999 2604 2151 2660 διιΠί-

559 2708 684 2748 cere
706 2693 1011 2765 egentibus,
1036 2709 1157 2764 qure
1187 2689 1673 2765 appellaresolent
1698 2695 2146 2763 Gerontocomia,

561 2784 663 2854 ipsi
700 2786 1044 2841 cxsistimant
1089 2803 1149 2841 se
1196 2802 1337 2857 opus
1377 2786 1573 2842 fecisse
1614 2788 1776 2844 laude
1811 2789 2061 2861 dignum,
2097 2801 2152 2846 et

560 2877 635 2931 ita
691 2887 1020 2949 reputantur
1069 2879 1138 2932 ab
1191 2878 1313 2933 aliis
1356 2894 1370 2933 :
1427 2881 1518 2950 qui
1574 2881 1681 2935 hoc
1727 2881 2045 2937 diuturnum
2098 2895 2153 2938 et

560 2983 892 3041 permanens
949 2971 1373 3038 nutrimentum,
1434 2974 1786 3030 suavissimas
1808 2976 1846 3039 ,'
1883 2976 2103 3046 inquam
2133 3015 2149 3039 ,

560 3064 861 3125 orationes,
903 3062 1123 3118 assidue
1149 3065 1555 3136 suppeditabat,
1588 3076 1649 3122 ut
1683 3082 1792 3122 non
1821 3067 1994 3123 solum
2025 3082 2151 3122 cum

2250 2050 2356 2116 ἔξω
2407 2050 2501 2105 τοῦ
2541 2050 2652 2104 τῶν
2704 2050 2978 2104 ἐκλεκτῶν
3032 2048 3237 2121 κλήρου
3281 2050 3425 2122 ἐάσῃ
3483 2049 3692 2113 πεσεῖν,
3746 2047 3860 2101 καὶ

2248 2144 2350 2215 τῆς
2378 2144 2672 2215 ἀριστερᾶς
2703 2142 2961 2211 γενέσθαι
2997 2143 3242 2213 μερίδος.
3277 2140 3377 2195 Διά
3404 2139 3579 2195 ταῦτα
3603 2132 3660 2194 αῖ
3716 2157 3859 2194 συν-

2255 2238 2402 2308 εχεῖς
2462 2235 2614 2306 αὐτῷ
2674 2235 2887 2306 ὁμιλίαι
2935 2236 3031 2289 καὶ
3059 2234 3295 2305 διδαχαῖ,
3320 2229 3327 2236 ’
3352 2234 3448 2288 καὶ
3475 2235 3535 2287 τδ
3568 2234 3859 2304 μηδέποτε

2250 2331 2440 2402 λήγειν
2461 2330 2561 2401 τὴν
2589 2328 2816 2383 εῦλαλον
2839 2328 3064 2400 ἐκείνην
3090 2328 3341 2398 γλῶτταν
3373 2327 3469 2381 καὶ
3493 2327 3701 2399 ᾠδικήν
3731 2327 3854 2383 τῶν

2252 2424 2540 2495 ἡμετέρων
2598 2419 2788 2492 ψυχῶν
2824 2421 3188 2492 κατᾴδουσαν.
3214 2419 3313 2473 Διά
3354 2417 3533 2481 ταῦτα
3561 2419 3615 2471 αἱ
3648 2417 3858 2472 πολλαὶ

2250 2515 2360 2569 τῶν
2408 2515 2586 2580 λόγων
2644 2512 2927 2583 Σειρῆνες,
2960 2512 2989 2564 0
3025 2510 3137 2565 τῶν
3167 2509 3391 2579 ἀγαθῶν
3433 2508 3632 2579 σωρὸς,
3665 2509 3699 2579 ἡ
3731 2508 3856 2564 τῶν

2252 2605 2545 2678 θησαυρῶν
2603 2604 2872 2667 Θάλασσα,
2902 2603 2961 2657 al
2996 2602 3105 2656 τῶν
3154 2600 3346 2673 ψυχῶν
3391 2600 3659 2655 ἀδάπανοι
3697 2604 3891 2658 πιανέ

2250 2700 2479 2767 δαισιαι,
2511 2700 2539 2753 0
2567 2698 2678 2752 τῶν
2715 2697 2969 2766 ἀγγέλων
2991 2695 3177 2767 ᾇρτος,
3207 2695 3263 2748 αῖ
3298 2694 3683 2764 οίκουμενικιιλ⁹
3702 2692 3855 2765 τρά-

2253 2792 2441 2858 πεζαι.
2478 2792 2543 2845 Εἰ
2569 2791 2625 2845 δέ
2652 2790 2748 2844 καὶ
2775 2790 2825 2843 οἱ
2856 2788 3078 2862 τροφῶν
3114 2786 3373 2858 πρόνοιαν
3406 2785 3705 2856 αἰσθητῶν,
3734 2781 3856 2838 τῶν

2252 2885 2344 2939 ἐπὶ
2367 2884 2503 2938 πολὺ
2538 2881 2635 2937 τοῦ
2664 2881 2861 2953 χρόνου
2891 2880 3138 2951 διαρκεῖν
3167 2878 3485 2947 δυναμένων
3506 2877 3716 2930 ἐνδεὲσι
3748 2876 3846 2930 καὶ

2254 2979 2592 3049 πενομένοις,
2626 2977 2683 3028 ἐν
2714 2975 2923 3045 σπουδῇ
2948 2973 3193 3043 θέμενοι,
3231 2970 3267 3025 ἀ
3296 2971 3359 3042 δὴ
3383 2970 3478 3024 καὶ
3503 2971 3855 3041 γηροκομεῖα

2252 3070 2440 3124 καλεῖν
2489 3067 2633 3131 ἔθος,
2676 3067 2993 3134 ἀξιέπαινον
3042 3065 3206 3135 ἔργον
3231 3064 3328 3117 καὶ
3357 3063 3590 3115 ἐλπίδων
3622 3061 3858 3131 ἀγαθῶν

562 3164 710 3210 esset
733 3164 1034 3226 superstes,
1070 3157 1164 3211 sed
1192 3157 1355 3211 etiam
1387 3172 1512 3212 cum
1556 3173 1774 3215 sursum
1798 3168 1943 3214 esset
1973 3169 2150 3214 trans—

2258 3164 2510 3237 ἔμπλεων
2578 3162 2948 3234 πεποιηκότες
2999 3159 3139 3212 εἰσίν
3160 3176 3173 3189 ⁸
3197 3159 3226 3214 0
3259 3158 3359 3224 τὴν
3405 3156 3611 3229 τροφὴν
3640 3155 3861 3247 ταύτην

567 3240 731 3305 latus,
766 3244 1016 3299 sitientes
1057 3244 1312 3315 impleret
1349 3248 1582 3315 animus,
1614 3258 1670 3303 et
1692 3249 2029 3305 inevitabilia
2059 3266 2155 3320 per

2258 3257 2359 3325 τὴν
2398 3254 2597 3327 διαρκῆ
2649 3254 2746 3307 καὶ
2795 3252 3093 3315 ἀδάπανον,
3126 3249 3255 3312 τοὺς
3282 3248 3480 3316 λόγους
3516 3247 3660 3319 φημὶ
3721 3246 3863 3311 τοὺς

565 3332 717 3400 ipsas
746 3333 985 3387 solveret
1012 3334 1251 3400 vincula,
1296 3344 1351 3391 et
1380 3352 1410 3390 a
1449 3352 1618 3391 manu
1651 3338 1871 3408 tyranni
1908 3342 2156 3410 captivas

563 3423 824 3480 liberaret
876 3427 1109 3492 animas,
1141 3437 1196 3483 et
1246 3428 1333 3497 iis,
1366 3430 1456 3499 qui
1489 3431 1623 3486 salvi
1655 3431 1859 3487 ﬁebant
1902 3449 2153 3505 magnam

565 3515 792 3572 afferret
820 3520 1192 3575 accessionem
1225 3535 1239 3575 :
1273 3522 1365 3591 qui
1391 3523 1510 3579 haec
1538 3524 1759 3579 abunde
1800 3526 2078 3595 praebebat
2102 3536 2156 3581 et

565 3607 871 3665 liberaliter
898 3619 953 3667 et
983 3613 1038 3667 in
1070 3611 1391 3669 universum
1422 3623 1642 3687 tempus
1678 3617 1784 3672 hoc
1806 3617 2011 3673 donum
2059 3634 2158 3673 ex-

568 3701 847 3768 tendebat,
880 3719 1177 3774 quamnam
1207 3706 1450 3775 potuerit
1487 3709 1704 3779 assequi
1733 3709 1997 3781 linguam,
2036 3726 2157 3780 qua:

565 3794 619 3852 ei
647 3796 865 3867 dignam
916 3806 1176 3853 contexet
1221 3797 1638 3855 laudationem?
1683 3799 1798 3857 lmo
1825 3817 1959 3857 vero
1989 3818 2159 3873 quas-

565 3903 694 3943 nam
745 3898 801 3945 et
853 3898 988 3960 quot
1025 3890 1410 3962 linguas?Sed
1466 3893 1560 3948 tali
1596 3894 1818 3965 quidem
1867 3896 2053 3951 anima
2101 3906 2160 3953 et

567 3980 750 4053 lingua
782 3997 855 4038 ne
885 3982 1001 4053 ipse
1040 3983 1263 4053 quidem
1312 3992 1400 4040 est
1421 3985 1619 4058 dignus
1652 3989 1913 4056 mundus,
1960 4000 2022 4044 ut
2069 3989 2159 4045 di-

568 4086 687 4127 can-
717 4088 843 4128 eum
891 4075 1079 4130 divino
1111 4074 1280 4131 Paulo
1311 4078 1380 4132 υ.
1418 4077 1574 4144 Quod
1602 4089 1785 4136 autem
1820 4096 1933 4137 non
1961 4082 2000 4136 ii
2027 4082 2152 4149 soli,

565 4165 663 4234 qui
695 4165 1016 4223 habitabant
1044 4168 1601 4241 Constantinopolim,-
1637 4173 1716 4228 illi
1772 4184 1960 4229 essent
1987 4190 2156 4243 cum,

568 4258 669 4316 sed
702 4273 893 4314 omnes
941 4259 1079 4327 fere,
1111 4278 1250 4331 quos
1280 4265 1362 4319 sol
1419 4265 1685 4331 intuetur,
1716 4266 1847 4321 hinc
1880 4277 2040 4337 potes
2071 4268 2159 4323 in-

571 4350 835 4417 telligere.
880 4350 1017 4407 Cum
1063 4353 1426 4411 intellexisset
1450 4355 1796 4413 'thuiciam
1843 4358 2159 4415 simulacris

568 4441 749 4497 adhuc
780 4451 837 4497 et
883 4443 1223 4499 dre-monibus
1253 4454 1310 4501 et
1344 4448 1628 4505 sceleratis
1653 4448 1874 4518 templis
1913 4451 2159 4506 essede-

2260 3350 2534 3423 ἠδίστους,
2588 3347 2845 3401 ἑκάστοτε
2874 3341 3147 3415 χορηγῶν,
3176 3340 3275 3412 τὴν
3306 3340 3574 3411 ἄψευστον
3638 3338 3864 3409 ἀμϐρο-

2261 3443 2405 3509 σίαν,
2433 3439 2496 3494 τὸ
2526 3436 2727 3508 ἀληθὲς
2758 3436 2984 3505 νέκταρ,
3013 3430 3096 3498 οἷς
3124 3431 3589 3505 ψυχαὶπεινῶσαι
3619 3430 3860 3485 διαπαν-

2259 3535 2349 3599 τὸς
2404 3533 2697 3605 τρέφονται
2742 3532 2839 3584 καὶ
2895 3528 3278 3600 κατάρδονται,
3338 3527 3439 3580 καῖ
3462 3525 3536 3595 γῆ
3564 3518 3721 3579 οὖσαι
3756 3526 3862 3578 καὶ

2269 3626 2411 3699 ξηρὰ
2458 3626 2552 3679 καὶ
2598 3624 2851 3694 ἄνικμος,
2890 3621 3235 3693 καρποφόροι
3281 3617 3405 3691 Θεῷ
3430 3616 3520 3671 διὰ
3561 3617 3862 3687 μετανοίας

2259 3721 2643 3784 καθίστανται,
2675 3717 2705 3769 0
2735 3714 2941 3786 ταύτης
2997 3710 3289 3782 τοιγαροῦν
3339 3710 3443 3781 τῆς
3469 3709 3677 3782 τροφῆς
3706 3709 3862 3779 πρύ-

2258 3830 2433 3879 τανις,
2456 3815 2487 3867 0
2527 3811 2603 3884 μὴ
2636 3809 2849 3881 περιὼν
2907 3810 3092 3880 μόνον,
3117 3806 3256 3862 ἀλλά
3275 3807 3373 3861 καὶ⁸
3400 3805 3497 3874 νῦν
3529 3805 3669 3876 μετά
3694 3803 3862 3867 τέλος

2261 3903 2491 3967 πολλοὺς
2532 3901 2643 3955 τῶν
2688 3898 3149 3969 πεφορτισμένων
3213 3896 3411 3958 ἀνιεὶς,
3437 3894 3532 3948 καὶ
3553 3892 3694 3965 τραύ
3705 3909 3865 3963 ματα

2259 3995 2449 4067 ψυχῶν
2498 3989 2842 4064 θεραπεύων,
2874 3991 2972 4043 καὶ
3013 3988 3158 4041 λύων
3197 3984 3583 4058 αἰχμαλώτους
3623 3983 3728 4053 τῆς
3759 4000 3865 4075 τι»-

2265 4084 2566 4159 ραννούσης
2628 4082 2834 4153 χειρὸς,
2867 4081 2960 4134 καὶ
2989 4078 3194 4149 πολλὴν
3238 4078 3563 4150 προσθήκην
3606 4079 3867 4138 τοῖςοσω-

2262 4177 2512 4248 ζομὲνοις
2558 4174 2758 4239 διδοὺς,
2796 4175 2830 4244 ἡ
2855 4171 3030 4226 ταῦτα
3056 4170 3323 4243 διηνεκῶς
3350 4171 3593 4223 ἁνύουσα
3611 4168 3861 4237 γλῶττα,

2259 4268 2407 4333 τίνος
2429 4269 2494 4321 ἂν
2517 4265 2671 4336 τύχοι
2729 4262 2977 4333 γλώττης
3040 4261 3193 4328 ἄξιον
3224 4260 3365 4332 αὐτῇ
3417 4258 3728 4327 πλεκούσης
3765 4260 3866 4313 τὸν

2261 4361 2521 4424 ἐπαινονς
2554 4355 2756 4428 μᾶλλον
2789 4354 2849 4407 δὲ
2878 4352 3049 4405 ποίων
3076 4353 3185 4422 ἄρα
3219 4351 3314 4404 καῖ⁵
3332 4352 3519 4403 πόσων
3549 4350 3862 4418 γλωσσῶν;

2262 4454 2378 4508 ἀλλ’
2414 4452 2558 4505 οὕτω
2614 4449 2714 4520 μὲν
2745 4451 2844 4519 τῆς
2878 4445 3095 4501 τοιᾶσδε
3126 4444 3222 4499 καὶ
3251 4444 3431 4515 ψυχῆς
3466 4444 3561 4497 καὶ
3597 4440 3865 4511 γλώσσης

569 4532 763 4597 ditam,
814 4534 1019 4606 regiam
1074 4550 1299 4592 manum
1350 4538 1557 4594 habens
1593 4540 1940 4610 adjutricem,
1964 4549 2023 4597 et
2044 4558 2155 4596 ma-

2261 4544 2372 4596 οὐδ’
2433 4539 2597 4604 αὐτὸς
2647 4538 2802 4604 ἄξιος
2832 4540 2861 4591 0
2887 4537 3116 4607 κόσμος,
3180 4535 3326 4590 κατά
3349 4535 3441 4588 τὸν
3477 4535 3623 4588 θεῖον
3672 4535 3865 4587 εἰπεῖν

571 4640 734 4696 gnam
765 4627 924 4681 aliam
955 4642 1199 4692 manum,
1229 4630 1318 4684 cui
1343 4642 1720 4701 persuaserat,
1757 4642 1817 4688 ut
1845 4634 1899 4687 in
1931 4634 1985 4690 id
2013 4630 2165 4704 quod

569 4719 855 4787 Oportebat
896 4720 1299 4790 impenderent,
1335 4737 1522 4779 secum
1550 4723 1780 4791 ducens,
1826 4726 2160 4781 exsecranda

567 4809 787 4878 quidem
807 4811 896 4866 illa
914 4812 1114 4883 templa
1148 4814 1302 4869 humi
1328 4815 1527 4871 evertit
1556 4832 1569 4869 :
1595 4831 1787 4872 eorum
1818 4826 2007 4873 autem
2039 4818 2161 4874 loco

566 4917 755 4958 sacras
780 4904 928 4959 aedes
966 4907 1188 4972 excitat,
1216 4916 1272 4962 et
1295 4907 1543 4963 immittit
1575 4908 1896 4975 monachos,
1923 4910 2016 4980 qui
2050 4910 2166 4965 fer-

567 5008 787 5067 ventem
835 4998 1012 5053 zelum
1057 5000 1462 5068 quodammodo
1515 5000 1822 5071 spirabant,
1877 5012 1933 5056 et
1992 5002 2156 5060 ﬁdem

575 5090 837 5146 tenebant
894 5093 1101 5161 optime
1147 5102 1199 5148 et
1236 5092 1673 5149 accuratissime.
1726 5086 2158 5161 Praetereaeum

568 5182 833 5237 audiisset
861 5182 1042 5237 Celtas
1084 5184 1390 5255 implicatos
1432 5199 1556 5241 esse
1604 5183 1815 5255 laqueis
1849 5187 2153 5253 ariauismi,

568 5274 663 5329 ille
692 5275 958 5331 adversus
998 5276 1404 5347 improbitatem
1436 5286 1629 5333 contra
1664 5278 1743 5335 sic
1773 5279 2153 5335 machinatur:

566 5368 923 5439 presbyteros
962 5368 1125 5425 simul
1159 5377 1215 5424 et
1240 5369 1522 5437 diaconos,
1561 5379 1618 5425 et
1657 5386 1773 5439 eos,
1818 5373 1911 5444 qui
1942 5372 2159 5429 divinos

568 5460 740 5517 libros
796 5462 1018 5533 legunt,
1051 5462 1147 5533 qui
1194 5462 1429 5519 similem
1484 5464 1708 5536 quidem
1768 5475 1826 5520 et
1871 5476 2157 5538 cognatam

572 5550 851 5608 habebant
896 5552 1157 5625 linguam,
1208 5569 1344 5610 sana
1398 5564 1584 5612 autem
1635 5566 1797 5613 erant
1830 5556 1960 5621 ﬁde,
2015 5558 2163 5614 acci-

575 5644 752 5714 piens,
784 5656 843 5701 et
872 5661 968 5702 eos
1000 5647 1168 5707 veluti
1194 5649 1512 5721 quemdam,
1553 5659 1614 5706 ut
1645 5650 1821 5717 aiunt,
1857 5660 2165 5724 magnetem

653 5819 696 5853 ιτ
718 5817 883 5879 llebr.
906 5824 1074 5923 "‘38.

2270 4633 2777 4707 ἈπόστολονεὌτι
2806 4632 2861 4685 δὲ
2890 4631 2989 4702 οὐχ
3014 4633 3065 4693 οἱ
3100 4629 3198 4701 τὴν
3232 4628 3647 4684 Κωνσταντίνου
3695 4624 3868 4699 μόνον

2258 4726 2540 4790 οἰκοῦντες
2587 4726 2784 4796 ἐκείνῳ
2817 4726 3063 4794 φροντὶς,
3093 4723 3229 4777 ἀλλά
3271 4722 3462 4794 σχεδὸν
3505 4721 3725 4785 πάντες,
3764 4719 3868 4784 οὓς

2257 4819 2288 4872 0
2311 4816 2463 4889 ἥλιος
2500 4817 2695 4887 ἐφορᾷ·
2728 4816 2829 4888 τὴν
2856 4814 3120 4884 Φοινίκην
3145 4811 3335 4884 μαθὼν
3363 4811 3607 4874 εἰδώλοις
3642 4810 3724 4863 ἔτι
3764 4815 3869 4866 καὶ

2260 4907 2491 4980 δαίμοσι
2543 4906 2642 4963 καὶ
2692 4909 2912 4978 μιαροῖς
2943 4909 3092 4969 ναοῖς
3126 4903 3601 4975 προσανέχουσαν,
3633 4902 3872 4958 ἐπίκου-

2236 5019 2359 5076 τρον
2415 5005 2515 5075 τῂν
2567 5000 2857 5072 βασιλικὴν
2928 5000 3160 5072 δύναμιν
3191 4997 3544 5070 προσλαὸὼν,
3576 4999 3671 5053 καὶ
3700 5002 3870 5070 χεῖρα

2262 5096 2488 5167 συχνὴν,
2514 5093 2581 5165 ἣν
2615 5092 2780 5156 αὐτὸς
2826 5084 3048 5146 ἔπεισεν
3079 5090 3422 5157 ἀναλίσκειν,
3468 5092 3549 5155 είς
3581 5089 3702 5145 δέον
3726 5106 3870 5146 συν-

2262 5186 2652 5257 εφαπτομένην
2698 5182 2883 5239 λαϐὼν
2912 5226 2928 5253 ,
2978 5185 3107 5248 τοὺς
3154 5183 3253 5253 μὲν
3310 5182 3547 5255 μιαροὺς
3612 5183 3869 5249 ἐκείνους

2264 5279 2427 5341 ναοὺς
2460 5279 2542 5339 είς
2575 5276 2773 5347 ἔδαφος
2797 5276 3152 5342 καταϐάλλει,
3174 5275 3357 5344 ἱεροὺς
3386 5275 3454 5332 δέ.
3474 5276 3867 5346 ἀντανίστησι,

2265 5372 2360 5426 καὶ
2397 5370 2669 5442 μοναχοὺς
2715 5370 3023 5441 ἐπιπέμπει
3047 5369 3249 5441 θερμὸν
3278 5367 3356 5439 τῷ
3386 5367 3538 5441 ζήλῳ
3570 5367 3863 5434 πνέοντας,

2268 5463 2365 5517 καὶ
2398 5461 2502 5533 τὴν
2534 5462 2717 5516 πίστιν
2744 5462 2947 5533 ἄριστα
2977 5458 3481 5534 διηκριϐωμένους,
3507 5459 3653 5531 Πρὸς
3677 5459 3734 5512 δὲ
3765 5463 3869 5515 καὶ

2264 5555 2503 5619 Κελτοὺς
2522 5552 2765 5619 ἀκούσας
2780 5556 2881 5625 τῆς
2897 5554 3244 5625 Ἀρειανικῆς
3270 5553 3403 5607 εῖσω
3434 5554 3611 5625 θήρας
3657 5552 3865 5622 κει.μί-

2266 5668 2413 5718 νονς,
2446 5649 2621 5718 οὕτως
2661 5652 3043 5725 ἀντιτεχνᾶται
3072 5652 3138 5721 τῇ
3163 5649 3417 5722 πονηρίᾳ.
3450 5645 3868 5721 πρεσϐυτέρους
