4138 6408
432 200 576 272 1697

1474 224 1650 286 VITA
1690 227 1752 289 S.
1796 229 2119 297 JOANNIS
2168 238 2722 313 CHRYSOSTOMI.

3556 246 3695 318 1093

430 325 549 394 ἅμα
593 324 688 379 καὶ
746 326 1027 394 διακόνους
1059 337 1153 385 καὶ
1192 333 1317 398 τοῦς
1348 335 1415 390 τὰ
1485 337 1641 405 Θείας
1660 342 2007 414 ὑπαναγινώ-

432 432 663 445 -..Α-ι-..-
719 417 935 445 Ωέεῒ-..-
989 422 1053 445 -3.
1095 423 1190 445 --ιη
1247 425 1341 445 -εμ
1400 429 1451 445 ις
1483 428 1494 445 r
1694 434 1705 445 .
1798 436 1810 445 .
1988 438 1998 445 .

2112 351 2199 418 iis,
2240 356 2331 425 qui
2364 374 2423 414 se
2466 376 2576 417 non
2614 372 2762 445 recte
2790 363 3083 428 habebant.
3113 365 3440 431 admiscens,
3472 364 3550 422 sic
3575 366 3693 422 illos

432 432 663 478 σκοντας
717 417 956 487 βίϐλους,
988 422 1054 475 τὰ
1091 423 1190 493 μὲν
1244 425 1342 495 τῆς
1395 428 1643 501 γλώττης
1685 434 1888 505 ὁμοίως
1916 438 2012 491 καὶ

431 507 710 575 συγγενῶς
745 508 988 580 ἔχοντας,
1024 513 1365 581 ὑγιαίνοντας
1392 518 1449 573 δὲ
1474 521 1574 589 τὴν
1602 524 1784 579 πίστιν
1800 526 2008 596 λαϐὼν,

430 597 525 652 καὶ
583 597 782 661 αὐτοὺς
835 603 1218 675 συμμεμῖχθαι
1270 607 1482 674 τούτοις
1543 618 2007 687 παρασκευάσας,

429 687 665 752 ἀστείως
711 688 858 744 οὕτω
913 694 1008 747 καὶ
1039 697 1316 765 τεχνικῶς
1364 703 1502 769 πρὸς
1539 705 1638 773 τήν
1663 708 1794 776 ὑγιᾶ
1828 712 2011 767 πίστιν

427 781 627 846 αὐτοὺς
676 784 963 853 ἐπάγεται.
1033 789 1121 854 Ὠς
1154 791 1211 845 δὲ
1260 792 1374 865 [ἵσ.
1412 797 1506 861 ’ος
1530 798 1609 872 δὲ]
1639 803 1734 856 καὶ
1789 804 2011 861 Σκυθῶν

426 872 573 968 ἄλλο-
599 875 757 968 γένος
808 877 1020 947 μαθὼν,
1050 882 1099 936 οἳ
1126 885 1279 955 παρὰ
1338 886 1438 952 τὰς
1494 891 1587 945 τοῦ
1631 894 1848 967 Ἴστρου
1883 898 2014 968 ῥοὰς

426 966 706 1059 οἰκούντές
724 970 850 1059 εἰσι,
885 971 1044 1043 διψῇν
1059 976 1159 1044 μὲν
1182 978 1279 1031 τοῦ
1304 981 1403 1050 τῆς
1431 981 1711 1049 εὐσεϐείας
1744 966 2007 1059 νάματος,

423 1054 518 1108 τοῦ
548 1055 606 1108 δὲ
633 1058 947 1123 ποτίσοντος
1003 1063 1253 1136 ἀπορεῖν,
1283 1068 1537 1141 γνώριμα
1565 1075 1800 1148 Λεοντίῳ
1818 1054 2011 1133 ⁷ταῦτα

424 1145 501 1215 τῷ
535 1147 635 1217 τῆς
683 1149 961 1219 Ἀγκύρας
988 1155 1277 1229 ὲπισκόπῳ
1308 1165 1471 1215 ποιεί.
1510 1165 1619 1218 Καὶ
1648 1145 1786 1220 ἐπει
1806 1157 2012 1235 ἐκεῖνος

423 1239 633 1310 ἀνδρῶν
684 1243 937 1315 εὐπορῶν
969 1243 1037 1316 ἦν
1072 1248 1181 1303 τῶν
1236 1253 1375 1323 πρὸς
1425 1255 1600 1311 ταῦτα
1652 1262 2000 1333 ἐπιτηδείων,

424 1332 719 1425 τοιούτους
755 1336 964 1390 ἐκεῖθεν
1013 1337 1218 1407 λαϐὼν,
1279 1347 1373 1398 καὶ
1412 1340 1494 1411 οἷς
1530 1348 1744 1422 ἔφημεν
1772 1332 2012 1425 ἐπιπέμς

425 1422 534 1494 ψας
585 1423 844 1493 Σκύθαις,
900 1429 1087 1499 ὁδηγεῖ
1134 1433 1272 1501 πρὸς
1303 1436 1584 1508 ἀλήθειαν.
1618 1443 1762 1512 Πρὸς
1789 1422 2004 1510 τούτο-ις

425 1515 521 1588 τὴν
547 1518 873 1588 Μαρκίωνος
908 1522 1120 1591 αἵρεσιν
1149 1526 1225 1589 εἴς
1255 1543 1407 1592 τινας
1438 1532 1547 1585 τῶν
1577 1532 1676 1603 τῆς
1719 1534 2009 1608 Ἀνατολῆς

427 1608 628 1677 κωμῶν
682 1610 873 1679 μαθὼν
935 1614 1310 1685 ὑφέρπουσαν,
1366 1623 1462 1676 καὶ
1510 1627 1739 1694 συχνοὺς
1764 1629 1998 1682 ὑποκλέ-

426 1715 684 1768 πτουσαν,
735 1703 837 1756 οὑκ
890 1706 1134 1772 ἀνεκτῶς
1185 1709 1367 1781 ἔσχεν,
1436 1715 1547 1785 οὐδέ
1584 1718 1876 1785 ἀναϐολαῖς
1909 1713 2003 1775 καὶ
2037 1708 2083 1767 Β

424 1791 634 1886 κρόκοις
658 1793 926 1879 ἐπέτρεψε
953 1797 1016 1850 τὸ
1042 1800 1385 1871 γιγνόμενον,
1416 1783 1537 1859 ἀλλ”
1561 1809 1727 1874 εὐθὺς
1755 1783 2016 1886 βασιλικῇ

424 1882 662 1954 δυνάμει
709 1888 804 1940 καὶ
833 1891 899 1960 τῇ
935 1891 1068 1964 παρ’
1096 1894 1299 1978 ἑαυτοῦ
1327 1897 1676 1971 χρησάμενος
1720 1882 2005 1978 αὑθεντία,

424 1978 717 2049 γράμμασί
750 1998 809 2034 τε
837 1984 977 2053 πρὸς
1020 1976 1181 2040 τούτο
1236 1991 1365 2055 τοὺς
1395 1994 1462 2045 ἐκ
1489 1994 1750 2061 γειτόνων
1780 1976 2011 2053 ἐπισκύ-

421 2087 559 2135 πους
612 2072 997 2145 διαναστήσας,
1030 2077 1107 2142 ῶς
1140 2096 1265 2135 τινα
1296 2082 1504 2155 φθορὰν
1558 2087 1653 2139 καὶ
1686 2088 1841 2142 νόσον
1862 2091 1923 2143 οὑ
1943 2091 2013 2144 τὰ

425 2164 623 2235 μέτρια
674 2164 1033 2234 λυμαίνεσθαι
1081 2170 1413 2245 δυναμένην,
1478 2180 1699 2248 μακρὰν
1756 2181 2011 2248 γενέσθαι

424 2259 524 2327 τῆς
556 2256 884 2329 Ἐκκλησίας
921 2264 1355 2333 παρασκευάζει.
1399 2269 1537 2325 Ἀλλ’
1570 2272 1720 2337 ὅπως
1747 2274 1845 2341 μὲν
1862 2275 2012 2348 αὐτῷ

427 2350 570 2404 κατὰ
593 2352 806 2406 Παῦλον
837 2356 870 2425 ή
902 2355 1144 2427 μίριμνα
1182 2362 1375 2415 πασῶν
1398 2362 1506 2417 τῶν
1544 2364 1889 2437 Ἐκκλησιῶν
1918 2364 2009 2440 ἦν,

426 2442 663 2512 μετρίως
692 2444 795 2516 ήδη
828 2447 1147 2520 δεδήλωται.

490 2538 623 2604 KA',
676 2539 769 2594 Δεῖ
796 2540 852 2594 δὲ
906 2544 1004 2598 καὶ
1050 2544 1161 2598 τῶν
1200 2545 1377 2601 ἄλλων
1430 2550 1861 2620 ἐπιμνησθῆναι,
1925 2548 2010 2617 οἷς

422 2629 649 2696 ἐκεῖνος,
711 2633 814 2702 τῆς
851 2633 1101 2706 γλώττης
1122 2637 1271 2708 αὑτῷ
1300 2640 1513 2712 σιωπήν
1544 2641 1801 2715 ἐχούσης,
1833 2645 2007 2715 ήσχόο

420 2720 572 2791 λητο,
601 2724 694 2778 καὶ
740 2726 869 2779 οἴων
926 2726 1105 2797 ἔργων
1149 2730 1246 2783 καὶ
1291 2733 1617 2803 οἰκονομιῶν
1650 2734 1882 2805 ἥπτετο.
1921 2735 2006 2790 Τὰ

424 2814 520 2884 τῆς
549 2816 874 2888 Ἐκκλησίας
920 2821 1358 2893 ἐπισκεψάμενος
1407 2824 1760 2897 ἀναλώματα,
1795 2828 1890 2881 καὶ
1918 2828 2011 2881 εὑ-

2094 460 2333 518 quoque
2367 453 2598 510 comiter
2629 454 2855 513 attrahit
2886 459 2956 515 ad
3006 459 3286 530 pietatem.
3332 459 3467 515 Cum
3511 467 3691 515 autem

2114 539 2261 594 aliud
2294 557 2511 613 quoque
2543 561 2717 616 genus
2745 549 3098 621 Scytharum,
3130 550 3222 621 qui
3267 550 3585 606 habitabant
3624 546 3695 606 ad

2112 628 2316 686 ﬂuenta
2354 634 2949 709 Danubii,.accepisset,
2985 640 3140 696 sitire
3173 640 3396 711 quidem
3422 640 3691 695 ﬂuentum

2113 723 2350 793 pietatis,
2375 728 2514 797 Opus
2541 745 2673 784 vero
2704 730 2907 787 habere
2937 745 3024 796 eo,
3056 732 3149 810 qui
3190 740 3336 787 esset
3379 739 3688 802 potaturus,

2114 815 2230 872 haec
2277 819 2549 891 signiﬁcat
2599 819 2831 877 Leontio
2860 824 3091 893 Ancyrae
3126 823 3423 893 episcopo:
3457 831 3514 877 et
3549 835 3694 892 quo-

2112 908 2259 963 niam
2300 909 2388 965 ille
2436 926 2576 981 opus
2616 910 2850 967 habebat
2880 913 3012 968 viris
3043 913 3110 968 ad
3156 915 3272 969 iure
3314 914 3545 978 idoneis,
3568 927 3694 967 eum

2113 998 2248 1053 tales
2300 999 2450 1055 illinc
2500 1004 2823 1073 accepisset,
2872 1013 2943 1059 ct'
2978 1004 3046 1059 ad
3078 1019 3203 1069 eos,
3244 1012 3383 1074 quo‘s
3427 1003 3691 1062 diximus.

2114 1089 2365 1161 Scythas.
2401 1093 2567 1148 veluti
2599 1095 2857 1164 quasdam
2907 1096 3094 1151 stellas
3149 1095 3388 1150 misisset
3408 1094 3490 1168 .ad
3545 1094 3695 1149 occi-

2111 1184 2379 1251 deutales,
2410 1187 2634 1243 deducit
2680 1189 2746 1243 ad
2796 1191 3104 1244 veritatem.
3158 1187 3362 1242 Praater
3411 1188 3530 1242 haec
3566 1201 3692 1242 cum

2111 1271 2401 1329 Marcionis
2437 1276 2685 1331 haeresim
2731 1277 3044 1333 rescivisset
3094 1293 3313 1348 serpere
3343 1277 3399 1332 in
3430 1276 3695 1346 quosdam

2110 1365 2261 1422 vicos
2320 1366 2592 1435 Orientis,
2622 1378 2678 1423 et
2725 1370 2927 1425 multos
2973 1385 3368 1441 corrumpere,
3408 1383 3521 1423 non
3572 1366 3699 1422 tulit

2115 1458 2430 1526 toleranter,
2468 1475 2650 1530 neque
2683 1460 3042 1517 dilationibus
3096 1472 3152 1517 et
3204 1462 3547 1533 temporibus
3578 1474 3699 1530 pro-

2112 1553 2275 1606 traxit
2307 1554 2702 1609 correctionem
2740 1594 2755 1619 ,
2806 1554 2903 1609 sed
2937 1553 3119 1609 statim
3156 1554 3319 1609 simul
3352 1552 3570 1624 quidem
3603 1566 3695 1608 re-

2112 1642 2195 1714 gia
2226 1644 2489 1714 potentia,
2526 1645 2686 1700 simul
2714 1654 2894 1700 autem
2954 1661 3049 1700 sua
3078 1661 3296 1716 quoque
3326 1661 3458 1701 usus
3497 1653 3694 1699 aucto-

2114 1734 2295 1798 ritate,
2343 1746 2399 1791 et
2432 1736 2628 1792 litteris
2708 1737 2777 1792 ad
2830 1736 2932 1792 hoc
2982 1736 3145 1791 simul
3192 1736 3404 1791 vicinos
3444 1736 3693 1791 excitans

2114 1825 2421 1896 episcopos,
2465 1835 2720 1897 tanquam
2777 1827 3029 1882 morbum
3060 1826 3297 1897 aliquem
3347 1827 3693 1896 pestiferum,

2113 1918 2205 1988 qui
2244 1926 2585 1988 poteratnon
2623 1918 2899 1973 mediocre
2940 1917 3233 1989 importare
3277 1917 3691 1982 detrimentum,

2113 2008 2278 2064 eﬂicit
2326 2010 2518 2064 abesse
2572 2008 2765 2079 procul
2796 2008 2864 2063 ab
2891 2006 3151 2064 Ecclesia.
3191 2008 3297 2063 Sed
3326 2007 3693 2077 quemadmo-r

2113 2099 2241 2155 dum
2272 2098 2366 2155 ille
2402 2099 2645 2169 quidem,
2680 2098 2825 2153 sicut
2852 2097 3072 2152 divinus
3101 2095 3304 2151 Paulus
3339 2096 3404 2162 ⁸⁸,
3438 2086 3557 2152 erat
3587 2090 3697 2151 sol-

2113 2188 2296 2245 lieitus
2350 2190 2417 2245 de
2454 2189 2711 2246 omnibus
2758 2187 3037 2269 Ecclesiis,
3070 2187 3211 2243 sicut
3240 2203 3270 2242 a
3295 2186 3455 2243 nobis
3483 2186 3696 2242 medim-

2113 2280 2298 2347 criter,
2329 2280 2401 2337 ita
2430 2282 2597 2337 etiam
2625 2295 2751 2335 vere
2781 2280 2886 2338 fuit
2917 2287 3221 2337 ostensum.

2186 2557 2331 2613 XXI.
2361 2556 2592 2628 Oportet
2638 2567 2824 2614 autem
2866 2558 3097 2613 aliorum
3120 2572 3338 2627 quoque
3361 2555 3695 2622 meminisse,

2113 2648 2170 2704 in
2204 2649 2401 2719 quibus
2458 2648 2571 2713 ille,
2599 2649 2788 2720 lingua
2832 2649 2952 2719 ejus
3008 2658 3246 2711 tacente,
3297 2656 3416 2703 erat
3450 2640 3699 2720 occupa-

2114 2748 2223 2807 tus,
2259 2750 2314 2796 et
2342 2756 2594 2811 qurenam
2625 2740 3040 2811 aggrediebatur
3069 2754 3255 2810 opera.
3286 2740 3422 2796 Cum
3442 2740 3697 2795 conside-

2113 2842 2290 2888 rasset
2325 2833 2603 2903 impensas
2641 2833 2925 2898 Ecclesiae,
2961 2840 3016 2887 et
3038 2832 3339 2887 invenisset
3378 2846 3564 2887 earum
3582 2822 3699 2902 plu?

424 2908 534 2978 ρὼν
586 2910 685 2969 οὐκ
738 2912 818 2976 εἰς
875 2912 994 2966 δέον
1041 2914 1340 2983 πάμπολλα
1364 2916 1758 2990 δαπανώμενος,
1795 2919 2005 2992 ταύτην

2112 2925 2280 2980 rimas
2299 2938 2642 2994 nequaquam
2659 2920 2906 2979 oonsumi
2927 2923 2978 2977 iu
2992 2938 3076 2988 ea,
3099 2938 3219 2993 quae
3234 2923 3543 2992 oportebat,
3561 2932 3695 2980 eum

423 2999 544 3070 μὲν,
574 3000 650 3064 ῶς
684 3002 804 3056 τινα
851 3005 1026 3076 φορὰν
1085 3006 1302 3075 ἄλογον,
1345 3008 1529 3092 ἵστησι
1589 3010 1690 3081 τὴν
1720 3012 1994 3084 δαπάνην*

2110 3014 2330 3086 quidem
2358 3015 2503 3071 sistit
2524 3024 2824 3086 sumptum,
2851 3022 3107 3084 tanquam
3131 3013 3350 3068 modum
3377 3013 3691 3082 quempiam

424 3096 768 3164 μετοχετεύει
797 3094 853 3148 δὲ
884 3096 1021 3166 πρὸς
1061 3097 1282 3168 Θεοφιλῆ
1313 3099 1393 3171 τῷ
1422 3101 1533 3156 ὄντι
1568 3105 1663 3157 καὶ
1692 3105 2000 3178 φιλάνθρω-

2112 3108 2599 3173 inconsideratum,
2636 3117 2692 3163 et
2723 3105 2956 3163 traducit
3004 3105 3072 3162 ad
3103 3118 3263 3160 usum
3295 3120 3419 3160 vere
3452 3104 3601 3176 pium
3636 3113 3697 3163 et

424 3198 528 3236 πον
577 3185 834 3256 ἀφορμήν
853 3202 868 3217 ·
902 3187 996 3241 καὶ
1019 3181 1341 3260 νοσοκομέῖα
1389 3195 1500 3256 τοῖς
1531 3192 1702 3259 ξένοις
1732 3198 1760 3250 ό
1788 3197 1866 3268 τῷ
1888 3196 2007 3268 Θεῷ

2112 3204 2411 3259 humanum
2475 3212 2576 3259 :et
2635 3218 2760 3258 cum
2807 3201 3108 3273 peregrinis
3152 3200 3474 3257 :edilicasset
3522 3215 3692 3255 noso~

420 3274 655 3343 ἐγγίζων
712 3278 1100 3350 οἰκοδομήσας,
1139 3284 1257 3335 ἐκεῖ
1282 3282 1351 3337 τὰ
1383 3286 1615 3355 περιττὰ
1652 3287 1799 3358 ρἐιν
1824 3306 2004 3362 παρα·

2111 3294 2287 3350 comia
2318 3293 2387 3357 is,
2434 3294 2529 3364 qui
2560 3295 2673 3350 Deo
2713 3293 3204 3364 appropinquabat,
3237 3292 3420 3348 ell'ecit
3477 3302 3539 3348 ut
3568 3293 3697 3348 illuc

421 3367 698 3432 σκευάζει,
764 3371 1175 3443 πρεσϐυτέρους
1221 3390 1282 3426 τε
1315 3374 1612 3443 ἐπιτάξας,
1667 3378 1761 3430 καὶ
1809 3379 2007 3444 αὐτοὺς

2109 3388 2273 3443 etiam
2303 3385 2614 3453 aiﬂuerent,
2650 3401 2771 3457 quae
2803 3393 2932 3440 sunt
2959 3384 3271 3441 necessaria
3297 3403 3311 3440 :
3350 3385 3431 3440 eis
3465 3387 3698 3459 presby-

419 3460 529 3513 τῶν
564 3460 703 3527 ἄγαν
751 3462 999 3516 εὐλαϐῶν
1054 3463 1151 3517 καὶ
1185 3464 1428 3535 ἁζύγων,
1473 3466 1610 3521 ἀλλὰ
1658 3469 1753 3522 καὶ
1802 3469 2007 3539 ἰατρῶν

2111 3470 2257 3532 teres
2290 3474 2590 3546 praeﬁciens
2619 3475 2774 3530 valde
2802 3475 2922 3545 pios
2948 3475 3020 3543 {et
3050 3474 3294 3547 conjugii
3341 3484 3612 3547 expertes,
3641 3484 3697 3531 et

420 3554 547 3615 τοὺς
570 3554 976 3627 δοκιμωτάτους
1002 3558 1080 3620 εἰς
1110 3557 1354 3628 τὴντῶν
1392 3558 1632 3614 ἀσθενῶν
1661 3561 2003 3632 ἐπιμέλειαν.

2108 3569 2350 3625 medicos
2381 3583 2600 3640 quoque
2632 3566 3051 3638 probatissimos
3077 3568 3145 3622 ad
3177 3582 3364 3622 curam
3399 3569 3696 3638 gerendam

422 3643 655 3717 Ἕτερον
717 3648 878 3715 ἔργον
943 3648 1092 3719 αὑτῷ
1146 3652 1239 3703 καὶ
1286 3652 1508 3720 φροντὶς
1549 3653 1750 3723 ἥκιστα
1784 3654 2003 3725 μετρία,

2108 3669 2454 3732 aegrotorum.
2495 3658 2627 3715 Erat
2676 3667 2858 3713 autem
2909 3659 3014 3713 boc
3068 3673 3284 3729 quoque
3314 3658 3433 3727 ejus
3470 3674 3609 3729 opus
3640 3669 3696 3714 et

416 3736 479 3789 τε
504 3737 846 3819 τῶνῡχηρῶν
888 3740 1093 3811 τάγμα.
1134 3741 1352 3811 ’Ἀσπερ
1399 3740 1464 3812 δὴ
1503 3742 1739 3797 κατιδὼν
1785 3745 1845 3796 οὐ
1904 3760 1998 3798 τε·-

418 3831 727 3900 ταγμένως,
791 3832 927 3887 ἀλλὰ
975 3834 1316 3905 πλημμελῶς
1367 3835 1619 3905 ἐχούσας,
1676 3836 1884 3910 διαιρεῖ
1903 3839 2005 3908 μὲν

419 3923 621 3988 καλῶς,
681 3927 957 3996 οἰκονομεῖ
987 3928 1043 3981 δὲ
1070 3930 1164 3982 καὶ
1190 3928 1250 3981 τὸ
1294 3933 1422 3998 περὶ
1478 3930 1649 3993 αὑτὰς
1709 3930 1995 3999 φιλοθέως.

418 4017 637 4072 Τούτων
694 4020 799 4090 γὰρ
838 4021 959 4074 ὅσαι
993 4022 1087 4075 καὶ
1122 4023 1315 4091 φρεσὶν
1338 4023 1476 4095 ἦσαν
1505 4024 1603 4076 καὶ
1641 4023 1829 4095 ἡλικίᾳ
1868 4026 2000 4079 νεά-

422 4108 635 4174 ζουσαι,
667 4112 762 4164 καὶ
787 4112 877 4164 διὰ
922 4112 1082 4166 τοῦτο
1117 4114 1212 4166 καὶ
1244 4114 1383 4185 πρὸς
1442 4115 1639 4186 ἡδονὰς
1687 4116 2007 4188 εὐπερίτρεο

417 4219 565 4263 πτοι.
618 4202 858 4274 δευτέρῳ
911 4205 1224 4274 χρήσασθαι
1264 4208 1428 4279 γάμῳ
1484 4208 1745 4275 κελεύει,
1794 4209 2004 4280 βέλτιον

417 4292 489 4367 ήῖί
493 4291 769 4363 τισάμενος
808 4294 869 4346 τὸ
896 4296 955 4347 ἐν
971 4293 1048 4364 τῷ
1081 4295 1316 4364 ἀσφαλεῖ
1368 4298 1760 4367 ταπεινότερον
1790 4297 2001 4370 τοῦεμὴ

2106 3767 2238 3808 cura
2274 3767 2387 3817 non
2425 3750 2740 3817 mediocris,
2790 3764 2992 3821 nempe
3026 3750 3161 3805 ordo
3216 3749 3523 3805 viduarum.
3559 3749 3694 3805 Nam

2106 3857 2232 3898 cum
2265 3824 2358 3896 eas
2396 3840 2621 3897 vidisset
2665 3840 2961 3910 praeclarus
3017 3856 3130 3894 non
3176 3847 3327 3895 recte
3362 3848 3418 3895 et
3466 3840 3683 3905 ordine,

2106 3935 2202 4001 sed
2231 3947 2398 4004 prave
2444 3947 2503 3989 se
2540 3946 2753 4005 gerere,
2787 3932 3016 4003 pulchre
3059 3932 3282 4005 quidem
3331 3932 3541 4000 dividit,
3582 3948 3694 3987 non

2104 4028 2287 4083 minus
2312 4034 2494 4082 autem
2528 4027 2620 4099 pie
2648 4026 2929 4095 dispensat
2963 4034 3020 4081 et
3051 4025 3398 4082 administrat
3442 4025 3516 4092 id,
3549 4024 3694 4096 quod

2104 4118 2173 4175 ad
2202 4133 2296 4175 eas
2333 4119 2664 4191 pertinebat.
2712 4117 3068 4187 Quaecunque
3115 4118 3262 4173 enim
3317 4133 3381 4173 ex
3441 4117 3510 4175 iis
3538 4128 3697 4174 erant

2104 4218 2265 4266 aetate
2304 4210 2556 4280 juvenes,
2605 4218 2661 4264 et
2704 4208 2826 4264 ideo
2872 4222 3162 4279 propensae
3211 4208 3281 4262 ad
3357 4202 3699 4277 voluptates.

2100 4304 2259 4375 jubet
2301 4302 2561 4359 secundis
2591 4301 2669 4357 uti
2698 4301 2907 4373 nuptiis
2945 4318 2958 4356 :
3001 4301 3199 4356 melius
3236 4316 3359 4355 esse
3396 4301 3696 4356 arbitratus

418 4386 588 4457 χωρὶς
610 4386 791 4457 φόϐων
809 4386 1166 4458 ὑψηλοτέρου.
1201 4389 1334 4454 Ταῖς
1362 4391 1547 4459 μέντοι
1570 4391 1663 4445 τὸν
1698 4390 2007 4462 βίονσπου-

2110 4394 2359 4466 id,-quod
2396 4402 2483 4449 est
2524 4392 2580 4448 in
2620 4401 2760 4456 tuto,
2792 4392 3021 4457 humile,
3061 4407 3223 4463 quam
3256 4389 3508 4453 sublime,
3549 4390 3694 4461 quod

415 4475 744 4546 δαιοτὲραις,
798 4478 894 4531 καὶ
942 4479 1067 4532 ὅσαι
1099 4480 1210 4532 τῶν
1234 4480 1413 4535 ἄλλων
1450 4483 1884 4555 ἁφηλικὲστεραι
1911 4486 2006 4538 καὶ

420 4565 496 4638 μὴ
549 4566 834 4640 ἕλαττονή
877 4569 1141 4641 ἐξήκοντα
1183 4570 1278 4640 ἔτη
1305 4576 1605 4640 γεγονυῖαι,
1651 4576 1877 4641 ταύταις
1931 4575 2006 4648 δὴ

418 4660 697 4729 νηστείαις
752 4661 851 4731 μὲν
921 4653 1206 4733 ἔχολάζειν
1232 4664 1327 4717 καὶ
1354 4669 1685 4736 προσευχαῖς
1719 4670 2000 4736 παραινεῖ,

418 4740 661 4823 λᾶυτρῶν
686 4752 744 4805 δὲ
792 4752 1099 4824 ἀπέχεσθαι
1158 4754 1253 4809 καὶ
1309 4756 1510 4821 πότων,
1572 4759 1666 4811 καὶ
1707 4758 1809 4828 τῆς
1855 4759 1998 4813 κατὰ

416 4841 516 4914 τήν
545 4845 751 4921 ἐσθῆτα
780 4846 1154 4910 πολυτελείας.
1203 4848 1338 4902 Οὐδὲ
1367 4848 1526 4903 τοῦτο
1554 4850 1870 4921 ἀκόσμητον
1901 4853 1996 4905 καὶ

416 4933 515 5004 τῆς
564 4914 709 4998 κατὰ
760 4935 919 5005 λόγον
983 4938 1300 5008 οἰκονομίας
1360 4938 1568 5010 ἔρημον
1630 4914 1944 4996 κατα-λείπει
1978 4985 1995 5010 ,

414 5023 642 5097 ἀνδράσι
672 5026 816 5094 λέγω
846 5029 941 5083 καὶ
966 5028 1185 5097 γυναιξὶ
1210 5030 1306 5094 τὰς
1341 5033 1421 5095 εἰς
1444 5033 1545 5102 τήν
1574 5032 1729 5103 ἱερὰν
1775 5033 1998 5102 σύναξιν

414 5120 771 5192 ἀπαντήσεις,
803 5121 942 5176 ἀλλὰ
970 5122 1171 5195 διαιρεῖ
1194 5123 1472 5178 κάνταῦθα
1500 5122 1705 5188 καλῶς.
1739 5127 1835 5181 καὶ
1863 5128 1998 5193 τοὺς

421 5211 520 5278 μὲν
585 5213 784 5278 νυκτὸς
837 5214 925 5267 ὅτι
980 5214 1272 5281 πλείστους
1302 5215 1515 5271 κελεύει
1561 5219 1779 5290 φοιτᾷν,
1811 5220 1911 5284 τὰς
1945 5219 2004 5274 δὲ

418 5304 610 5368 νυκτὸς
675 5306 775 5376 μὲν
834 5309 1133 5376 οἰκουρεῖν,
1181 5308 1395 5379 ἡμέρας
1426 5308 1485 5363 δὲ
1548 5310 1693 5363 κατὰ
1745 5310 1882 5365 πολὺ
1938 5312 1999 5365 τὸ

419 5394 705 5466 πρόθυμον
755 5398 1028 5471 ἁπαντᾷν.
1068 5400 1228 5454 Οὕτω
1259 5400 1431 5454 ποιῶν
1460 5402 1555 5454 καὶ
1588 5401 1774 5473 ἔργοις
1807 5401 2001 5456 ἑαυτὸν

416 5485 512 5541 καὶ
572 5488 823 5561 φροντίσι
878 5491 1161 5552 τοιαύταις
1217 5490 1550 5563 ἔνασχολῶν,
1592 5492 1820 5547 ἔσπευδε
1858 5493 2002 5549 κατὰ

485 5663 529 5701 ⁸⁸
565 5662 617 5731 ll
638 5665 763 5724 Cor.
799 5684 858 5732 ιι.
894 5668 986 5723 28.

743 5764 1013 5829 ΡΑτιιοι..
1061 5766 1175 5828 Gn.
1224 5768 1441 5836 CXIV.

2108 4497 2221 4538 non
2270 4490 2355 4538 est
2394 4482 2514 4538 sine
2549 4479 2825 4539 metuxlis
2859 4490 3063 4545 autem,
3096 4498 3216 4550 quae
3249 4491 3405 4535 erant
3428 4480 3549 4534 vita:
3577 4494 3695 4535 me-

2108 4573 2277 4638 lioris,
2335 4583 2392 4628 et
2437 4572 2615 4628 natalis
2662 4572 2784 4627 aliis
2830 4572 3235 4643 provectioris,
3277 4577 3337 4624 ut
3400 4584 3521 4639 quae
3582 4584 3695 4623 non

2107 4674 2290 4720 essent
2316 4671 2457 4719 natae
2482 4663 2666 4718 minus
2682 4678 2845 4734 quam
2864 4662 3144 4734 sexaginta
3170 4675 3366 4725 annos,
3397 4661 3478 4717 eis
3499 4660 3696 4716 suadet

2107 4766 2167 4813 ut
2220 4755 2664 4827 vaeentjejuniis
2696 4762 2751 4810 et
2776 4754 3034 4826 precibus
3066 4772 3079 4808 :
3108 4753 3419 4810 abstineant
3446 4762 3628 4807 autem
3659 4766 3694 4806 a

2105 4848 2333 4904 lavacris
2375 4857 2431 4903 et
2474 4848 2711 4903 maxime
2758 4846 3027 4902 conviviis
3051 4886 3065 4911 ,
3101 4853 3157 4901 et
3185 4860 3215 4900 a
3246 4845 3578 4915 sumptuosis
3599 4858 3695 4899 ve-

2106 4941 2299 4996 stibus.
2327 4937 2526 5003 Habes,
2547 4937 2787 4993 studiose
2805 4938 3045 5001 auditor,
3091 4936 3239 4992 aliud
3265 4950 3504 5007 quoque,
3534 4936 3692 5005 cujus

2104 5031 2286 5088 studio
2320 5030 2631 5095 tenebatur,
2662 5029 2807 5100 quod
2841 5042 2953 5084 non
2986 5038 3072 5085 est
3100 5029 3205 5084 vile
3235 5042 3337 5084 nec
3366 5027 3639 5083 mediocre
3671 5041 3687 5079 :

2103 5137 2302 5193 nempe
2351 5122 2419 5177 ad
2457 5135 2665 5177 sacram
2709 5120 2958 5192 synaxim
3021 5121 3316 5177 adventum
3352 5118 3595 5175 virorum
3634 5126 3691 5172 et

2102 5216 2415 5271 mulierum.
2457 5213 2593 5270 Nam
2627 5229 2732 5271 nec
2783 5214 2887 5270 boc
2920 5199 3145 5285 quoque.
3182 5213 3442 5284 relinquit
3480 5207 3693 5267 inordi~

2101 5318 2314 5375 natum,
2360 5323 2463 5365 uec
2487 5309 2542 5363 in
2579 5306 2886 5378 periculum
2915 5308 3229 5371 adductum,
3276 5321 3380 5363 nec
3411 5305 3687 5362 defectum

2101 5400 2508 5472 dispensatione
2530 5424 2555 5464 ,ν
2581 5416 2704 5471 qua;
2744 5395 2806 5452 lit
2838 5413 2903 5453 ex
2951 5397 3184 5454 ratione.
3223 5396 3329 5452 Sed
3357 5395 3451 5453 hic
3473 5402 3708 5466 quoque“

2104 5494 2338 5564 pulchre
2374 5501 2428 5549 et
2482 5501 2599 5548 tuto
2636 5489 2922 5548 distribuit
2974 5503 3075 5562 pro
3127 5488 3337 5545 viribus
3380 5502 3394 5539 :
3441 5495 3495 5542 et
3544 5485 3691 5554 viro;

3254 5765 3326 5827 55
