4138 6420
558 230 695 300 1039

1813 231 2098 291 MENSIS
2134 231 2273 292 IAN
2287 229 2601 292 UARIUS.

3658 230 3782 298 “00

551 352 773 423 quidem
801 352 957 422 jubet
1003 358 1171 406 noctu
1201 349 1363 408 simul
1402 346 1671 403 ventitare
1706 353 1763 401 et
1794 345 1849 399 in
1878 346 2129 401 multitu-

2236 343 2443 397 Παῦλον
2472 341 2824 413 ἀπρόσκοπος
2860 334 3000 395 εἶναι
3048 341 3205 395 πᾶσι.
3246 338 3356 394 Καὶ
3385 340 3566 412 ὥσπερ
3591 342 3781 412 ἐκεῖνος

551 440 706 507 dine,
755 452 816 497 ut
871 441 1185 497 voluerint:
1219 440 1478 495 mulieres
1509 438 1639 494 vci'o
1697 448 1861 494 noctu
1909 438 2129 509 quidem

554 548 771 589 servare
815 534 1034 589 domum
1068 550 1082 588 ι
1116 531 1352 587 interdiu
1401 538 1583 585 autem
1610 572 1624 595 ,
1655 530 1846 585 venire
1878 538 2131 600 prompto

553 631 611 677 ct
640 623 804 678 alacri
835 624 1037 677 animo.
1089 622 1181 679 Sic
1208 623 1442 689 faciens,
1479 629 1533 676 et
1581 620 1637 675 in
1682 621 1883 677 talibus
1909 635 2133 676 versans

553 717 813 786 operibus
841 725 897 772 ct
926 714 1418 780 sollicitudinibus,
1443 713 1719 775 studebat,
1751 714 1895 768 sicut
1932 712 2132 768 Paulus

553 821 676 861 esse
708 806 963 863 omnibus
989 806 1109 861 sine
1146 804 1453 861 oﬂensione
1482 805 1547 869 ιθ,
1582 813 1638 859 et
1664 805 1806 858 sicut
1838 803 1928 859 ille
1957 803 2135 858 omni-

554 895 658 951 bus
684 896 801 953 sine
842 906 1064 973 sumptu
1098 897 1379 967 praebebat
1403 895 1757 967 Evangelium
1786 897 1830 929 ¹⁰
1872 914 1886 950 :
1925 896 2006 950 sic
2035 910 2134 949 au-

555 994 666 1042 tem
689 987 805 1057 ipse
850 1003 1068 1059 quoque
1113 988 1266 1043 nullo
1299 1003 1364 1042 ex
1395 988 1463 1042 iis
1508 1002 1630 1057 qua:
1659 995 1814 1041 erant
1851 986 2130 1052 Ecclesiae,

554 1087 611 1132 et
637 1079 836 1150 quibus
885 1095 1079 1135 secure
1112 1079 1311 1135 licebat
1359 1079 1613 1135 omnibus
1649 1078 1943 1148 episcopis,
1978 1079 2130 1132 nullo

555 1172 720 1226 modo
745 1179 830 1226 est
861 1187 1012 1236 usus,
1057 1181 1118 1227 ut
1148 1171 1242 1244 qui
1289 1187 1567 1241 nunquam
1597 1173 1872 1243 aspexerit
1898 1171 1965 1226 ad
1993 1170 2132 1225 deli-

557 1262 670 1317 cias
695 1270 750 1316 et
787 1263 1170 1319 recreationes.
1199 1262 1483 1330 Quomodo
1511 1262 1677 1329 enim,
1710 1263 1802 1333 qui
1834 1263 1923 1317 vix
1956 1261 2130 1317 Solum

557 1351 860 1424 attingebat
887 1353 1304 1415 nutrimentum,
1324 1352 1573 1407 convivia
1614 1361 1797 1409 autem
1828 1362 1885 1408 et
1912 1368 2133 1422 compo-

555 1441 790 1497 tationes
822 1443 892 1496 ita
926 1442 1181 1513 fugiebat,
1214 1442 1355 1497 sicut
1395 1442 1546 1511 prius
1599 1442 1854 1506 diximus,
1919 1451 1980 1498 ut
2006 1458 2129 1497 cum

2234 436 2510 490 ἀδάπανον
2570 435 2738 487 ἐτίθει
2765 434 2826 488 τὸ
2860 434 3214 503 Εύαγγέλιον,
3240 432 3384 488 οὕτω
3420 434 3484 506 δὴ
3515 437 3605 490 καὶ
3633 438 3781 505 αὐτὸς

2233 528 2411 581 ούδενλ⁸
2459 530 2728 598 ἐκέχρητο
2776 526 2884 580 τῶν
2911 528 3011 596 τῆς
3044 526 3392 597 Ἐκκλησίας,
3419 528 3516 580 ὅσα
3539 545 3600 597 γε
3624 546 3778 600 προς-

2234 620 2357 691 ηκει
2391 622 2505 683 τοῖς
2560 621 2882 683 ἐπισκόποις
2926 619 3110 682 πόθεν,
3141 620 3199 684 ὃς
3227 637 3288 688 γε
3316 621 3409 673 καὶ
3440 621 3606 692 αὐτῆς
3638 624 3780 690 μόλις

2238 712 2408 780 φάναι
2438 711 2647 784 τροφῆς
2695 713 2900 782 ἥπτετο
2930 728 2946 743 ο
2980 712 3258 782 συμπόσια
3287 712 3342 765 δὲ
3373 711 3466 764 καὶ⁸
3484 714 3783 783 φιλοτησίας

2232 802 2376 857 οὕτω
2405 804 2646 873 παρεῖδε,
2678 803 2774 855 καὶ
2809 802 3217 874 βιωτικωτέρας
3250 803 3428 873 ἔκρινε
3460 801 3623 857 ταῦτα
3651 806 3786 874 φιλο·-

2232 895 2442 965 τιμίας,
2472 894 2546 959 ὡς
2568 896 2701 964 μηδὲ
2727 897 3000 948 συσσιτεῖν
3024 893 3314 964 ἀνέχεσθαι
3345 893 3552 962 μηδενί.
3578 896 3671 947 Διὰ
3696 896 3743 947 τί
3767 916 3780 963 ;

2235 985 2370 1041 Ούδὲ
2425 986 2532 1058 γὰρ
2587 988 2768 1057 χεῖρον
2814 985 3276 1055 ἀπολογήσασθαι,
3314 984 3436 1038 ἐπεὶ
3471 986 3561 1038 καὶ
3587 987 3787 1051 πολλοῖς

2236 1081 2473 1151 σκληρὸν
2522 1083 2617 1135 καὶ
2643 1080 2834 1150 ἄφιλον
2864 1079 3010 1145 ἔδοξε
3033 1079 3220 1143 τοῦτο,
3254 1080 3346 1132 καὶ
3379 1076 3470 1130 τοῦ
3494 1077 3675 1147 ψέγειν
3703 1082 3784 1146 ἐγ.

2233 1169 2356 1237 γύς.
2405 1171 2603 1242 Πρῶτα
2651 1170 2751 1239 μὲν
2797 1171 2880 1225 ὅτι
2910 1172 2973 1222 ὲκ
3008 1169 3130 1222 νέου
3164 1168 3242 1240 τῷ
3275 1168 3558 1237 νηστεύειν
3589 1169 3786 1221 συνεθι-

2236 1263 2405 1327 σθεὶς.
2461 1263 2557 1317 καὶ
2614 1262 2914 1334 σύντροφον
2958 1261 3108 1331 αὐτῷ
3144 1261 3238 1314 καὶ
3299 1259 3476 1329 φίλον,
3531 1257 3685 1328 εἴπερ
3713 1274 3789 1320 τις

2233 1354 2440 1425 ἔτερος,
2494 1353 2887 1424 ποιησάμενος,
2943 1353 3088 1407 οῖνου
3123 1369 3180 1404 τε
3217 1351 3312 1405 καὶ
3381 1349 3580 1411 παντὸς
3609 1350 3789 1420 ἑτέρου

2234 1444 2330 1500 τοῦ
2366 1447 2567 1518 γαστρὶ
2634 1444 3035 1516 κεχαρισμένου
3067 1442 3394 1514 παμπληθὲς
3432 1441 3791 1513 ἀποσχόμενος

557 1534 708 1589 nullo
764 1535 909 1589 vesci
962 1534 1246 1588 induceret
1295 1534 1352 1587 in
1396 1532 1683 1587 animum?
1715 1531 2133 1600 Quamobrem?

2237 1538 2317 1600 είς
2354 1537 2635 1602 τοσοῦτον,
2668 1536 2743 1599 ὡς
2772 1534 2920 1606 χυλῷ
2972 1540 3067 1589 καὶ
3122 1535 3271 1605 μόνῳ
3306 1532 3505 1607 κριθῆς
3529 1533 3646 1586 καθ’
3675 1533 3789 1586 ἐαυ-

555 1624 739 1682 Satius
780 1627 925 1680 enim
950 1626 1115 1681 fuerit
1144 1625 1328 1681 dicere
1357 1641 1577 1680 causam
1606 1642 1620 1679 :
1650 1625 1826 1681 visum
1856 1633 1940 1681 est
1982 1625 2128 1680 enim

2236 1628 2328 1681 τὸν
2349 1626 2579 1698 ἀποζῇν,
2611 1626 2874 1697 κρείττων
2908 1643 2968 1679 τε
2994 1625 3195 1694 σαρκὸς
3223 1625 3453 1694 ὁρᾶσθαι
3485 1624 3574 1677 καὶ
3617 1625 3793 1694 σχεδὸν

553 1713 661 1769 hoc
692 1714 877 1772 multis
922 1730 1177 1784 asperum
1225 1723 1281 1770 et
1329 1717 1636 1786 ingratum,
1671 1724 1725 1771 et
1751 1715 1912 1770 aliine
1940 1732 2128 1786 repre-

2236 1719 2419 1783 ἄσιτός
2446 1736 2505 1772 τε
2540 1719 2636 1774 καὶ⁸
2687 1719 2922 1787 ἄτροφος
2984 1713 3147 1783 εἶναι,
3203 1717 3299 1770 καὶ
3358 1716 3485 1768 ὅσον
3520 1717 3581 1767 ἐκ
3614 1715 3789 1768 τούτου

552 1806 825 1863 hensioni.
883 1807 1125 1863 Primum
1181 1807 1428 1878 quidem,
1463 1808 1607 1877 quod
1641 1823 1766 1863 cum
1814 1808 1882 1863 ab
1910 1809 2133 1864 ineunte

2236 1811 2375 1883 μηδὲ
2435 1809 2536 1882 ζῇν
2587 1811 3018 1880 πιστευόμενος,
3072 1811 3156 1874 είς
3220 1810 3274 1863 τί
3332 1810 3677 1880 καταλήγει;
3727 1813 3788 1878 τῇ

553 1906 722 1955 :etate
789 1900 1126 1956 assuevisset
1191 1900 1403 1970 jejunio
1436 1938 1451 1964 ,
1492 1899 1655 1970 idque
1676 1910 1821 1955 esset
1868 1901 1915 1955 ei
1964 1901 2133 1956 veluti

2236 1902 2449 1974 σκληρᾷ
2487 1901 2657 1970 ταύτῃ
2691 1903 2786 1955 κα¹ι
2824 1901 2977 1954 οὐδὲν
3013 1900 3200 1971 ἱλαρὸν
3232 1900 3437 1973 ἐχούσῃ
3491 1902 3584 1954 καὶ
3618 1901 3792 1969 φιλάν-

556 1991 815 2047 coalitum
874 2000 932 2048 et
987 1992 1276 2059 usitatum,
1329 2008 1359 2047 a
1425 1992 1658 2063 vinoque
1703 2001 1759 2047 ct
1787 1993 1979 2062 quovis
2001 1994 2130 2061 alio,

554 2083 701 2153 quod
737 2092 822 2139 est
853 2083 1030 2139 ventri
1059 2095 1295 2157 gratum,
1333 2085 1558 2140 omnino
1587 2084 1962 2151 abstinuisset,
1997 2087 2133 2142 adeo

555 2182 619 2230 ut
665 2175 781 2231 solo
840 2175 1031 2231 hordei
1084 2191 1249 2242 succo
1300 2176 1511 2232 viveret
1549 2187 1605 2232 et
1652 2193 1818 2233 carne
1857 2179 2130 2249 superior,

555 2266 773 2338 cibique
827 2276 882 2323 et
918 2277 1082 2338 potus
1116 2283 1313 2339 expers
1365 2268 1761 2339 propemodum
1803 2270 2130 2327 videretur:

556 2372 683 2414 cum
712 2359 804 2413 ille
834 2360 1196 2415 stomachum
1218 2359 1320 2415 hac
1347 2375 1538 2430 aspera
1569 2369 1624 2416 et
1656 2377 1776 2431 quae
1805 2362 1940 2416 nihil
1964 2362 2133 2417 hilare

557 2445 816 2512 habebat,
843 2447 1062 2503 vivendi
1095 2448 1306 2504 ratione
1337 2449 1493 2505 valde
1534 2450 1888 2521 corrupisset,
1920 2461 1976 2506 et
2001 2451 2134 2507 effe-

556 2535 724 2592 cisset
778 2547 839 2594 ut
889 2540 958 2595 ad
1014 2540 1226 2595 nullum
1276 2540 1423 2596 aliud
1459 2542 1784 2605 sumendum
1826 2544 2131 2599 nutrimen.

557 2635 674 2695 tum
711 2639 858 2686 esset
908 2631 1158 2697 idoneus,
1186 2648 1327 2705 aegre
1355 2642 1568 2703 poterat
1612 2633 1816 2705 aliquid
1845 2634 2133 2691 admittere

555 2718 737 2786 exiis,
772 2737 893 2792 qua:
922 2723 1043 2777 aliis
1090 2732 1219 2778 sunt
1267 2732 1440 2794 grata.
1474 2722 1541 2778 Et
1568 2723 1689 2780 ideo
1722 2740 1833 2780 non
1878 2725 2133 2782 lubenter

554 2810 854 2882 aspiciebat
901 2813 1140 2884 aliquid,
1181 2815 1327 2884 quod
1374 2823 1521 2870 esset
1572 2824 1786 2887 gratum
1837 2814 2041 2887 gutturi
2076 2827 2132 2874 et

554 2917 682 2958 cum
714 2903 995 2974 voluptate
1042 2915 1372 2961 sumeretur.
1407 2908 1583 2976 Atque
1630 2907 1748 2963 haec
1777 2907 1997 2978 quidem
2048 2917 2132 2963 est

2234 1992 2455 2063 θρωπον
2511 1995 2700 2064 ἀγωγῇ
2737 1993 2828 2046 τὸν
2889 1993 3161 2064 στόμαχον
3192 1992 3540 2063 διαφθείρας,
3574 1993 3792 2063 χαλεπὸς

2231 2080 2300 2157 ἦν
2331 2085 2631 2156 προσέσθαι
2663 2104 2715 2139 τι
2748 2086 2857 2139 τῶν
2883 2084 3173 2155 ἀσυνήθων
3239 2085 3338 2138 καὶ
3390 2084 3650 2157 στερεῶν·
3706 2087 3790 2139 καὶ

2231 2178 2321 2234 διὰ
2351 2178 2509 2232 τοῦτο
2534 2178 2715 2251 ἀηδῶς
2741 2178 2890 2250 ἑώρα
2923 2178 3058 2249 πρὸς
3089 2180 3200 2231 πᾶν
3233 2178 3262 2230 ὅ
3297 2194 3350 2230 τι
3377 2176 3562 2247 χάριέν
3590 2178 3697 2230 ἐστι
3720 2178 3792 2246 τῷ

2230 2270 2432 2341 λαιμῷ,
2497 2272 2593 2324 καὶ
2641 2273 2740 2340 τὴν
2788 2269 2970 2343 ὖρεξιν
3019 2269 3359 2324 ἐκκαλεῖται.
3389 2266 3536 2340 Αὕτη
3586 2268 3793 2338 μὲνοῦ)

2230 2361 2377 2417 αἰτία
2450 2361 2547 2431 μία
2590 2360 2684 2415 τοῦ
2737 2360 2811 2432 μὴ
2863 2362 3114 2431 στέργειν
3199 2359 3367 2413 αὑτὸν
3428 2360 3489 2414 τὸ
3531 2359 3788 2430 όμόσιτον.

2236 2453 2469 2506 Ἔπειτα
2507 2452 2700 2523 κρίνας
2752 2450 2877 2505 καθ’
2905 2452 3096 2505 ἑαυτὸν
3123 2447 3210 2524 ἦν.
3253 2451 3336 2516 ὡς
3362 2450 3481 2521 εἴγε
3514 2450 3650 2504 τισὶν
3677 2450 3793 2503 ἀνά-

2235 2565 2415 2619 σχοιτο
2436 2548 2596 2619 τῶνῆ
2631 2546 2783 2617 φιλίᾳ
2807 2546 3196 2618 διαφερόντων,
3228 2548 3264 2618 ἢ
3292 2547 3590 2617 ἀξιώμασι,
3620 2546 3787 2616 κοινῆς

2235 2639 2486 2708 μετέχειν
2535 2637 2837 2708 τραπέζης,
2864 2640 3110 2708 ἀνάγκην
3139 2624 3251 2703 ’ἔξει
3283 2640 3383 2693 καὶ
3411 2639 3546 2710 πρδς
3578 2638 3782 2710 ἑτέρους

2232 2729 2391 2783 τοῦτο
2444 2732 2637 2784 ποιεῖν.
2705 2730 2862 2783 Ἐπεὶ
2914 2730 3031 2794 πῶς
3069 2729 3133 2785 ἂν
3163 2731 3321 2802 μένοι.
3388 2723 3621 2802 καθαρόν
3658 2728 3793 2798 αὐτῷ

2233 2819 2296 2874 τδ
2345 2822 2851 2891 ἀπροσωπόληπτόν
2919 2840 2979 2877 τε
3046 2823 3142 2879 καὶ
3199 2824 3627 2878 ἀσκανδάλιστον
3653 2821 3789 2893 ;Καὶ

2236 2911 2409 2976 οὕτως
2450 2914 2530 2977 είς
2575 2914 2804 2978 πολλοὺς
2822 2914 2886 2968 τδ
2911 2917 3145 2987 πρᾶγμα
3200 2916 3506 2977 διαϐαῖνον,
3547 2916 3604 2969 ού
3651 2913 3794 2986 μόνον

555 3006 667 3048 una
701 3007 867 3050 causa
889 3035 903 3060 ,
940 3009 1040 3050 cur
1087 2993 1296 3065 fugeret
1329 3010 1570 3059 mensas.
1605 3006 1657 3053 et
1688 3014 1813 3054 cum
1845 2998 1967 3053 aliis
2021 3014 2130 3054 non

2236 2999 2470 3068 ἔγκοπον
2514 3002 2705 3073 ἐκείνῳ
2738 3003 2894 3057 ἔσται
2930 3008 3026 3058 καὶ
3050 3005 3283 3076 ὀχληρὸν
3312 3006 3627 3078 ἀμελετήτῳ
3664 3003 3791 3058 πάνυ

556 3082 724 3138 iniret
750 3084 1029 3140 convivia.
1073 3084 1281 3140 Deinde
1316 3087 1503 3151 etiam,
1544 3088 1689 3159 quod
1723 3103 1846 3143 cum
1884 3089 2029 3159 apud
2078 3104 2135 3143 se

549 3172 871 3244 iudicasset,
912 3175 1058 3246 quod
1092 3175 1136 3231 si
1164 3176 1471 3234 induxisset
1511 3178 1565 3233 in
1593 3179 1860 3242 animum,
1896 3188 1956 3235 ut
1983 3194 2133 3235 com-

554 3265 799 3319 muniter
841 3276 1156 3321 vesceretur
1183 3282 1307 3322 cum
1332 3268 1419 3333 iis,
1450 3269 1543 3340 qui
1581 3269 1666 3325 vel
1703 3270 1942 3325 amicitia
1976 3280 2136 3326 ante-

554 3354 763 3410 cellunt
803 3363 899 3410 aut
955 3356 1241 3428 dignitate,
1299 3373 1529 3414 necesse
1579 3359 1806 3415 habebit
1857 3360 1912 3416 id
1970 3362 2134 3418 etiam

555 3441 737 3500 facere
765 3459 887 3530 cum
926 3445 1067 3501 aliis.
1101 3447 1235 3503 Nam
1267 3452 1544 3520 quomodo
1578 3456 1891 3509 conservari
1941 3454 2137 3524 potue-

553 3536 649 3603 rit,
677 3544 737 3591 ut
766 3536 899 3591 nulli
930 3538 1002 3593 sit
1041 3538 1353 3607 offensioni,
1407 3558 1585 3613 neque
1632 3545 1884 3616 cuiquam
1945 3546 2138 3603 all'crat

553 3625 903 3682 molestiam?
940 3627 1137 3700 Sicque
1188 3648 1278 3688 res
1319 3633 1387 3689 ad
1414 3634 1616 3690 multos
1671 3639 1943 3693 transiens
1973 3680 1987 3705 ,
2024 3655 2135 3695 non

555 3719 731 3774 solum
760 3719 834 3776 illi
868 3720 1051 3777 futura
1097 3733 1246 3780 cssct
1283 3725 1557 3782 laboriosa
1580 3737 1634 3783 et
1662 3731 1909 3794 molesta.
1947 3720 2008 3786 ut
2044 3733 2136 3802 qui

552 3824 663 3865 non
688 3819 835 3866 esset
859 3820 1110 3868 versatus
1150 3813 1205 3868 in
1246 3816 1410 3872 rebus
1447 3818 1762 3888 hujusmodi
1799 3861 1813 3885 ,
1849 3823 1945 3877 sed
1971 3823 2134 3878 etiam

528 3899 925 3983 .interruptura
970 3912 1117 3959 esset
1167 3908 1482 3963 necessario
1538 3916 1591 3964 et
1641 3924 1724 3977 ea,
1774 3912 1976 3981 quibus
2020 3914 2138 3983 ipse

553 4000 749 4050 vacare
782 4006 1163 4060 consueverat,
1182 3997 1513 4063 orationem,
1545 4003 1792 4071 inquam,
1830 4012 1887 4058 et
1913 4005 2138 4060 medita-

554 4086 759 4142 tionem
813 4094 870 4142 et
916 4103 1100 4143 rerum
1150 4089 1505 4147 honestarum
1536 4093 1841 4150 doctrinam
1886 4098 2136 4167 :quibus

550 4178 692 4234 adeo
720 4191 837 4233 erat
866 4179 1102 4244 deditus,
1148 4194 1209 4236 ut
1241 4184 1344 4239 hoc
1391 4199 1536 4255 smpe
1566 4201 1794 4256 parvum
1838 4188 2138 4261 ncgligcret

555 4268 951 4325 nutrimentum
1006 4287 1019 4324 :
1075 4281 1288 4328 tantum
1331 4274 1556 4344 aberat,
1598 4286 1659 4333 ut
1705 4289 1893 4348 posset
1942 4296 2136 4336 vacare

2235 3090 2491 3145 τοιούτων
2551 3092 2666 3145 ὄντι
2717 3094 3151 3166 περισπασμῶν,
3193 3096 3335 3150 ἀλλᾶ
3378 3096 3469 3151 καὶ
3508 3092 3793 3164 περικοπὴν

2235 3180 2464 3251 παρέξει
2487 3185 2599 3246 τοῖς
2646 3184 2997 3252 ἀναγκαίοις,
3060 3188 3155 3239 καὶ
3181 3181 3263 3248 οἷς
3294 3187 3463 3251 αὐτὸς
3496 3186 3647 3239 εἴωθε
3685 3200 3792 3253 σχο-

2236 3273 2440 3341 λάζειν,
2496 3279 2776 3346 προσευχῇ
2830 3276 2975 3344 λέγω
3017 3277 3113 3334 καὶ
3164 3281 3437 3349 προσοχῇ,
3484 3277 3576 3332 καὶ
3612 3279 3674 3348 τῇ
3699 3274 3795 3327 τῶν

2237 3365 2421 3419 καλῶν
2475 3366 2697 3438 διδαχῇο
2752 3359 2827 3420 ὧν
2881 3368 3055 3432 οὕτως
3118 3369 3357 3437 ἐγίνετο,
3416 3370 3491 3433 ὡς
3517 3369 3606 3423 καὶ
3640 3366 3793 3436 αὐτῆς

2238 3457 2499 3522 πολλάκις
2523 3458 2626 3527 τῆς
2686 3460 2888 3529 μικρᾶς
2912 3459 3131 3530 ἐκείνης
3153 3460 3370 3531 τροφῆς
3396 3461 3793 3529 κατολιγωρεῖν,

2237 3552 2338 3622 οὐχ
2394 3553 2476 3604 ὅτι
2526 3551 2622 3604 καὶ
2674 3550 2977 3622 τραπέζαις
3036 3551 3180 3622 ἔχειν
3226 3552 3438 3608 διδόναι
3480 3553 3688 3623 σχολὴν,
3714 3551 3795 3603 καὶ

2237 3644 2499 3708 τοιούτοις
2528 3645 2819 3716 ἀνονήτοις
2870 3647 2964 3699 καὶ
2987 3648 3285 3717 περιττοῖς,
3330 3648 3415 3717 ἐφ’
3439 3641 3519 3709 οἷς
3579 3645 3718 3700 οὐδὲν
3738 3638 3798 3713 ἦν

2237 3737 2446 3808 ἀπᾷδον
2485 3737 2648 3790 αὐτὸν
2709 3737 2889 3806 λέγειν
2918 3737 2980 3791 τὸ
3027 3738 3392 3794 ἀποστολικδν
3443 3730 3796 3811 ἐκεῖνόιιρημι·

2253 3848 2269 3880 ι
2283 3829 2408 3882 Ὅτι
2427 3829 2527 3882 οὐκ
2556 3828 2675 3894 ἐξὸν
2695 3831 2822 3901 ἡμῖν
2845 3831 3241 3896 καταλιπόντας
3260 3832 3359 3886 τὸν
3388 3832 3541 3901 λόγον
3556 3831 3642 3895 τοῦ
3656 3826 3797 3886 θεοῦ.

2239 3921 2540 3991 τραπέζαις
2569 3921 3117 3984 διακονεῖν.»’Δλλως
3137 3939 3195 3975 τε
3220 3922 3298 3986 δὲ,
3328 3923 3435 3977 κᾶν
3465 3923 3636 3986 ἔδοξεν
3661 3918 3797 3987 αὺτῷ

2237 4011 2397 4066 τοῦτο
2452 4015 2647 4078 ποιεῖν,
2709 4014 2923 4085 ἀνάγκη
2974 4013 3084 4067 τῶν
3122 4013 3220 4069 δύο
3248 4017 3473 4078 πάντως
3498 4012 3801 4086 συμϐαίνειν

2239 4105 2488 4176 θάτερον,
2523 4106 2555 4176 ἢ
2587 4106 2858 4177 ἀφέμενον
2879 4106 2975 4177 τῆς
3010 4107 3537 4179 συνήθουςλτροφῆς,
3570 4100 3798 4170 ⁴τιναγιιὸι-

2239 4195 2427 4259 ζεσθαι
2499 4198 2744 4265 μετέχειν
2795 4197 2904 4250 τῶν
2964 4197 3310 4270 παχυτέρων,
3364 4198 3458 4253 καὶ
3483 4191 3799 4262 ὧνόκαιρός

2238 4286 2407 4339 ἐδίδου
2452 4286 2580 4350 τοὺς
2632 4287 2920 4356 ὁμοσίτους
3007 4287 3456 4356 μεταλαμϐάνειν
3522 4289 3675 4355 (ὅπερ
3710 4284 3798 4351 οὐχ

554 4359 761 4415 mensis
795 4369 850 4415 et
892 4360 1014 4416 aliis
1045 4362 1334 4431 inutilibus
1371 4375 1426 4420 et
1451 4370 1899 4437 supervacaneis.
1928 4370 2133 4438 Quam-

2243 4374 2390 4438 ὅπως
2423 4374 2572 4445 αὐτῷ
2623 4376 2924 4447 συμφέρον,
2975 4376 3112 4431 ἀλλᾶ
3144 4378 3241 4431 καὶ
3262 4379 3404 4442 ὅλως
3435 4377 3688 4431 ἀδύνατον
3715 4371 3799 4425 τοῦ

553 4451 744 4541 obrem
783 4453 917 4537 satis
939 4463 1062 4524 apte
1101 4464 1311 4525 poterat
1339 4458 1523 4514 dicere
1555 4460 1685 4515 illud
1714 4459 2093 4533 Apostolicum
2120 4482 2133 4520 :

2247 4465 2546 4536 στομάχου,
2600 4467 2851 4538 καθάπερ
2879 4467 3039 4537 ἔφην,
3072 4468 3422 4541 διεφθορότος
3447 4470 3538 4523 καὶ
3565 4467 3800 4535 πονῆρως

559 4560 577 4592 ι
616 4540 734 4599 Νοη
791 4544 918 4600 licet
969 4546 1163 4615 nobis,
1209 4548 1400 4604 relicto
1447 4551 1616 4606 verbo
1669 4552 1765 4608 Dei
1823 4554 2133 4612 ministrare

2245 4556 2346 4627 ἤδη
2375 4556 2769 4629 διακειμένου),
2807 4558 2840 4630 ἢ
2866 4559 3022 4613 τοῦτο
3046 4561 3339 4630 φεύγοντα,
3378 4562 3471 4615 καὶ
3495 4561 3590 4631 τῆς
3617 4554 3802 4622 λεπτῆς

551 4635 762 4690 mensis
790 4638 832 4669 ³³
864 4648 894 4687 ἰ
940 4637 1155 4709 Alioqui
1208 4649 1389 4696 autem
1430 4642 1472 4695 si
1512 4644 1689 4700 visum
1742 4644 1792 4700 ei
1841 4654 1987 4702 esset
2032 4648 2133 4703 hoc

2237 4649 2497 4720 ἐχόμενον
2519 4651 2611 4704 καὶ
2635 4651 2769 4723 μηδὲ
2792 4654 3017 4722 πτηνοῖς
3036 4644 3561 4725 ἀρκοιῖσηςδιροφῆς,
3589 4650 3804 4716 ἄκυρον

555 4725 754 4790 facere,
795 4741 1023 4783 necesse
1055 4737 1175 4784 erat
1204 4730 1450 4806 omnino,
1509 4742 1568 4788 ut
1628 4734 1863 4790 duorum
1900 4735 2132 4791 alterum

2236 4734 2350 4805 τοῖς
2415 4745 2867 4814 συνεστιωμένοις
2921 4744 3254 4815 ὑπειλῆφθαι
3285 4748 3377 4800 καὶ
3414 4743 3685 4816 φορτικόν,
3716 4738 3801 4791 καὶ

556 4816 801 4871 eveniret
833 4834 845 4870 :
882 4834 1078 4889 nempe
1108 4829 1168 4875 ut
1198 4830 1293 4875 aut
1320 4832 1586 4880 consueto
1628 4825 1888 4880 alimento
1922 4825 2135 4892 relicto,

554 4918 843 4981 cogeretur
894 4914 1037 4968 vesci
1098 4915 1463 4972 crassioribus
1507 4926 1563 4972 et
1591 4917 1678 4984 iis,
1712 4918 1912 4987 quibus
1945 4934 2138 4975 vesce-

553 5002 756 5058 bantur
795 5003 1039 5059 conviva
1073 5022 1086 5059 :
1117 5005 1265 5076 quod
1306 5008 1528 5077 quidem
1565 5026 1674 5064 non
1725 5011 1889 5065 modo
1934 5012 1982 5066 ei
2025 5028 2135 5066 non

2242 4833 2303 4885 τὸ
2322 4833 2442 4888 ὅλον
2498 4835 2668 4904 τύφου
2714 4838 2809 4891 καὶ
2841 4840 3006 4910 κενῆς
3038 4837 3198 4907 δόξης
3223 4840 3459 4909 πρᾶγμα
3486 4831 3797 4906 διαπραττό-

2245 4942 2430 4995 μενον.
2465 4927 2664 4997 Ἔργον
2690 4928 2787 4999 μὲν
2808 4925 2901 4984 οὖν
2930 4929 3078 5001 αύτῷ
3110 4930 3554 4992 σπουδαιότατον,
3589 4927 3677 4981 καὶ
3704 4922 3801 4976 ῶσ-

2243 5034 2350 5087 περ
2377 5017 2439 5089 δή
2464 5037 2616 5088 φασι,
2643 5021 2740 5074 καὶ⁸
2767 5021 3024 5092 ἀσχολίας
3045 5021 3434 5094 ὑπέρτερον,τδ
3446 5023 3512 5092 τῇ
3534 5014 3797 5090 προσενχῇ

556 5094 944 5163 conveniebat,
1000 5097 1097 5152 sed
1144 5112 1247 5153 nec
1297 5100 1520 5156 omnino
1574 5101 1627 5155 id
1675 5100 1857 5158 facere
1902 5112 2136 5174 poterat.

557 5203 682 5244 cum
711 5188 871 5256 male,
897 5197 956 5244 ut
981 5190 1240 5257 diximus,
1269 5201 1415 5247 esset
1453 5194 1502 5248 ei
1525 5193 1755 5250 allectus
1786 5199 2102 5254 stomachus
2126 5216 2141 5255 :

556 5289 654 5337 aut
679 5283 727 5337 si
764 5282 868 5338 hoc
904 5281 1140 5355 fugeret,
1180 5292 1236 5339 et
1268 5285 1419 5340 tenui
1445 5285 1592 5342 victu
1645 5298 1911 5358 uteretur,
1955 5291 2020 5346 iis
2051 5292 2133 5362 qui

2239 5292 2333 5347 τὸν
2381 5296 2574 5367 καιρὸν
2622 5295 2736 5368 ἔχει
2797 5299 3152 5370 τεταγμένον,
3201 5293 3311 5354 οἷον
3365 5298 3677 5369 νυκτερινῆς
3716 5290 3800 5344 καὶ

558 5373 1013 5442 convivabantur,
1047 5374 1228 5444 gravis
1269 5376 1547 5433 videretur
1599 5389 1655 5435 et
1714 5383 1978 5439 molestus
2030 5402 2044 5438 :
2088 5393 2133 5440 el

2244 5387 2468 5458 ὀρθρίου
2506 5389 2600 5442 καὶ
2627 5390 2724 5459 τῆς
2750 5391 2872 5446 καθ’
2904 5391 3147 5461 ἑσπέραν
3180 5390 3509 5458 δοξολογίας,
3550 5385 3679 5441 ἀλλά
3714 5377 3799 5434 καὶ

561 5464 691 5536 quid
714 5466 858 5520 aliud
884 5466 1315 5535 existimaretur,
1349 5486 1510 5542 quam
1541 5471 1643 5529 hoc
1671 5471 1851 5529 facere
1876 5475 2133 5546 superbi!

2243 5479 2304 5533 τὸ
2337 5478 2537 5550 φθάσαι
2594 5482 2722 5546 τοὺς
2766 5482 2960 5548 ἄλλους
2986 5484 3084 5558 τῆς
3117 5483 3310 5547 νυκτδς
3340 5479 3664 5544 ἀναστάντα,
3717 5464 3802 5525 καὶ

2242 5112 2603 5182 προσκεῖσθαι
2652 5113 2746 5167 καλ.
2800 5117 3066 5186 προσοχῇ,
3100 5116 3329 5179 καὶτοῖς
3362 5116 3443 5178 είς
3463 5112 3595 5167 Θεὸν
3621 5109 3799 5169 αίνοις·

2240 5201 2391 5273 Πλὴν
2423 5202 2545 5256 οὐδὲ
2592 5203 2701 5257 τῶν
2731 5206 2926 5259 κοινῶν
2950 5205 3143 5276 ἡμέλει
3171 5204 3466 5272 συνάξεων,
3494 5205 3586 5259 καὶ
3609 5203 3707 5255 δῖα
3739 5196 3795 5264 δὴ

637 5647 683 5681 ⁸³
716 5644 887 5703 lCor.
921 5663 975 5713 κ,
1009 5648 1097 5704 ‘52.
1175 5652 1218 5683 ’°
1253 5652 1272 5708 l
1302 5653 1425 5723 Cor.
1457 5671 1530 5712 ιτ.
1562 5654 1643 5713 l5.
1722 5657 1761 5688 "
1785 5656 1907 5714 Act.
1944 5660 2099 5721 v1.2.
