4138 6424
420 206 552 276 1101

1474 208 1653 274 VITA
1683 209 1743 270 S.
1779 208 2097 272 JOANNIS
2137 209 2690 274 CHRYSOSTOMI.

3541 218 3682 288 1102

416 321 519 386 τὰς
567 317 665 372 τοῦ
713 335 843 375 ναου
907 317 1082 384 πύλας
1125 318 1343 392 πρῶτον
1389 314 1701 385 ὑπανοῖξαι,
1745 317 1989 372 Ίωάννοι

2104 332 2271 373 causa
2311 327 2368 374 et
2410 334 2561 374 vanae
2611 318 2843 392 gloriae?
2878 318 2985 376 Sed
3016 319 3084 377 de
3119 321 3206 378 his
3235 323 3458 393 quidem
3498 331 3632 385 satis
3660 345 3683 386 :

421 411 856 482 φιλοτιμήματα.
889 408 997 466 Ἶιν
1024 411 1081 466 δὲ
1114 414 1143 466 6
1165 411 1412 481 γενναῖος
1434 412 1496 464 ού
1536 410 1776 464 συνιέναι
1837 407 1996 479 μόνον

419 502 681 567 ὀξύτατος
709 502 778 556 τὰ
811 502 888 574 μὴ
916 506 1028 567 τοῖς
1083 503 1300 565 πολλοῖς
1342 501 1538 573 ἔνδηλα
1569 502 1677 554 τῶν
1739 499 1994 573 Γραφῶν,

420 594 693 664 εὐστόχως
716 610 775 646 τε
799 593 1315 664 καταστοχασασθαι
1345 594 1444 662 τῆς
1467 592 1561 647 τοῦ
1589 593 1840 661 λέγοντος
1875 591 1997 645 δια-

417 683 567 746 νοίας
626 684 744 755 (καὶ
801 681 958 737 τοῦτο
979 683 1045 748 δὴ
1086 681 1146 735 τδ
1194 682 1288 735 τοῦ
1349 681 1726 751 Σαλομῶντος,
1782 680 1998 746 Ῥήσεις

415 777 619 846 γνῶναι
651 775 833 843 σοφῶν
865 778 959 827 καὶ
984 777 1335 846 αἰνίγματα),
1372 774 1510 828 ἀλλὰ
1539 774 1632 827 καὶ
1654 772 1995 845 ἑρμηνεῦσαι

415 867 481 922 τὺ
512 868 703 940 νοητὸν
730 865 975 937 εῦληπτα
1004 866 1098 920 καὶ
1126 865 1470 935 διαφωτίσαι,
1494 866 1591 919 καὶ
1619 866 1682 919 τὸ
1710 864 1804 918 τοῦ
1826 863 1988 932 λόγου

415 958 576 1028 δῆλον
637 958 786 1028 αὐτῷ
813 959 908 1011 καὶ
960 958 1147 1029 τυφλῷ
1186 957 1394 1023 θέσθαι,
1431 957 1540 1010 τῶν
1568 958 1632 1010 ἐκ
1652 957 1747 1009 τοῦ
1798 956 1997 1020 παντὸς

421 1050 619 1114 αἰῶνος
692 1049 1063 1118 εύγλώττατός
1087 1068 1147 1102 τε
1178 1051 1273 1103 καὶ
1311 1049 1664 1113 ἱκανώτατος.
1688 1048 1873 1117 Τούτῳ
1897 1048 2001 1101 πό-

421 1141 512 1203 θος
570 1140 672 1210 μὲν
724 1136 792 1211 ἦν
833 1142 927 1194 καὶ
956 1141 1092 1212 πρδς
1156 1143 1365 1206 πάντας
1413 1144 1539 1205 τοὺς
1586 1140 1783 1209 σοφούς
1812 1157 1871 1193 τε
1902 1141 1996 1194 καὶ

418 1232 731 1303 μακαρίους
762 1231 982 1303 ἄνδρας,
1025 1235 1314 1305 προφήτας
1338 1234 1482 1304 φημὶ
1511 1231 1607 1287 καὶ
1639 1231 1994 1295 ἀποστόλους,

415 1325 510 1379 καὶ
528 1327 672 1387 ὅσοις
702 1324 766 1394 δὴ
793 1325 881 1378 διὰ
908 1325 1218 1396 πνεύματος
1240 1328 1269 1379 6
1295 1326 1452 1394 λόγος
1483 1324 1757 1396 προήχθη,
1802 1324 1996 1394 ἀμέλει

414 1416 512 1471 καὶ
564 1417 689 1470 ὅσαι
736 1410 878 1486 ὧραι
927 1417 1035 1471 τῶν
1065 1418 1287 1489 βιϐλίων
1325 1417 1507 1471 αὐτῶν
1530 1418 1729 1487 εἴχετο,
1768 1416 1996 1479 καὶτοῖς

420 1507 662 1577 ῥήμασιν
702 1508 970 1579 ἐνετρύφα
995 1509 1093 1581 (τῷ
1118 1512 1228 1581 γὰρ
1257 1510 1450 1582 ὁμοίῳ,
1484 1512 1649 1578 φασὶ,
1680 1510 1743 1563 τὸ
1763 1509 1993 1581 ὅμοιον).

2099 412 2278 466 oratio
2308 420 2491 467 autem
2520 412 2780 484 deinceps
2816 414 3025 485 reliqua
3073 416 3266 471 ordine
3295 432 3678 492 persequatur.

2098 502 2392 558 Maximum
2443 520 2573 577 ergo
2607 505 2663 559 in
2719 506 2823 561 hoc
2855 507 3092 577 ponebat
3143 508 3408 576 studium,
3443 520 3505 566 ut
3541 517 3683 569 assi-

2097 596 2205 651 due
2241 608 2556 656 versaretur
2604 598 2658 652 in
2715 600 2962 655 oratione
3004 610 3057 654 et
3094 602 3468 669 meditatione,
3502 616 3561 661 et
3590 623 3651 661 re

2096 703 2219 742 rum
2254 687 2608 743 honestarum
2650 689 2899 743 doctrina
2947 699 3004 745 et
3045 691 3141 747 Dei
3188 692 3524 751 laudatione.
3572 696 3680 752 Sed

2097 794 2277 849 neque
2307 794 2629 834 communes
2662 781 2969 851 negligehat
2995 784 3464 854 congregationes,
3507 795 3565 842 et
3594 804 3680 853 ea,

2096 886 2218 940 qua:
2282 878 2497 941 tempus
2544 871 2748 926 habent
2789 868 3173 940 constitutum,
3209 884 3400 946 utpote
3451 886 3681 934 noctur-

2096 977 2246 1028 nam,
2279 970 2336 1018 et
2375 962 2719 1027 matutinum,
2757 973 2812 1018 et
2845 980 2966 1034 qua:
3013 965 3078 1019 fit
3117 982 3366 1037 vespere,
3405 969 3676 1040 gloriﬁca-

2097 1052 2322 1109 lionem.
2352 1054 2661 1119 Quinetiam
2694 1056 3061 1111 contendebat
3085 1057 3327 1114 Joannes
3352 1071 3516 1116 noctu
3555 1079 3683 1132 pro-

2098 1147 2297 1201 cedens
2325 1148 2459 1202 alios
2501 1143 2825 1220 praevenire,
2858 1162 2914 1204 et
2970 1153 3159 1221 templi
3208 1162 3394 1222 portas
3442 1157 3679 1224 primum

2097 1240 2331 1309 aperire.
2361 1238 2485 1295 Haec
2514 1250 2695 1295 autem
2728 1242 3074 1311 cujusmodi?
3107 1243 3231 1299 Erat
3264 1246 3409 1300 enim
3434 1248 3684 1320 egregius

2095 1331 2335 1388 Joannes
2373 1333 2719 1389 acutissimus
2749 1375 2763 1397 ,
2808 1351 2913 1389 non
2950 1335 3124 1390 solum
3175 1337 3241 1392 ad
3293 1338 3681 1411 intelligendas

2098 1422 2429 1492 Scripturas,
2453 1439 2573 1493 qua:
2600 1439 2630 1478 a
2668 1425 2827 1496 vulgo
2850 1440 2959 1480 non
2993 1435 3221 1496 possunt
3252 1431 3675 1499 comprehendi,
3760 1450 3763 1453 λ

2097 1525 2153 1570 et
2209 1516 2278 1571 ad
2321 1504 2463 1570 dicti.
2492 1516 2891 1579 eonjicicndam
2941 1534 3199 1588 germane
3235 1521 3564 1576 sententiam
3598 1523 3684 1577 in-

418 1596 615 1668 Παύλῳ
642 1596 699 1650 δὲ
730 1599 809 1667 τῷ
836 1602 1038 1670 κήρυκι
1081 1606 1176 1656 καὶ
1208 1606 1622 1676 προσετετήκει,
1652 1606 1746 1659 καὶ
1784 1605 1989 1675 ἱμέροις

2098 1608 2510 1678 geniosissimus
2535 1647 2550 1671 ,
2619 1619 2675 1663 et
2709 1618 2768 1664 ut
2796 1610 2929 1665 dicit
2981 1610 3236 1665 Salomon
3280 1613 3347 1679 ",
3375 1613 3442 1667 ad
3481 1629 3684 1685 cogno-

417 1690 558 1741 τισὶν
605 1691 938 1763 ἀπορρήτοις
975 1695 1125 1765 αὐτῷ
1170 1698 1499 1766 συνήπτετο,
1526 1697 1621 1750 καὶ
1671 1696 1849 1765 λόγοις
1880 1699 1989 1760 τοῖς

2096 1698 2296 1753 scenda
2355 1698 2495 1753 dicta
2552 1698 2859 1768 sapientum
2912 1708 2967 1755 et
3005 1700 3292 1772 aenigmata
3328 1742 3343 1768 ,
3379 1703 3474 1757 sed
3515 1681 3680 1758 etiam

415 1779 628 1832 ἐκείνου
675 1780 848 1850 διέζη.
878 1784 987 1837 Καὶ
1014 1785 1174 1855 δῆλός
1240 1786 1361 1838 ἐστι
1402 1785 1646 1856 πολλαχῆ
1673 1785 1782 1839 τῶν
1814 1786 1991 1854 λόγων

413 1870 582 1924 αὑτοῦ
626 1876 996 1946 μεμνημένος,
1024 1880 1123 1930 καὶ
1153 1877 1312 1931 τοῦτο
1340 1877 1548 1948 τροφὴν
1580 1878 1763 1947 ἡδεῖαν
1796 1876 1987 1931 ποιού-

415 1979 602 2033 μενος,
639 1966 734 2018 καὶ
773 1967 874 2031 τῆς
897 1970 954 2019 ἐν
989 1968 1140 2040 αύτῷ
1177 1969 1391 2039 φλογὸς
1432 1970 1800 2040 παραμύθιον.
1827 1969 1993 2023 Ὅθεν

412 2058 511 2109 καὶ
554 2059 699 2111 κατὰ
745 2061 871 2123 τοὺς
924 2061 1138 2133 δριμεῖς
1168 2064 1405 2133 ἐραστὰς
1431 2065 1526 2117 καὶ
1558 2063 1697 2116 πάνυ
1749 2062 1993 2126 διακαῶς

411 2148 657 2220 ἔχοντας,
703 2155 799 2208 καὶ
841 2156 1104 2228 ἡττῆσθαι
1132 2157 1325 2211 τούτου
1351 2156 1608 2228 ὁμολογεῖ
1629 2159 1723 2211 καὶ
1748 2158 1987 2211 δυσχω-

414 2245 671 2311 σπάστως
723 2249 869 2320 ἔχειν
891 2267 905 2281 ·
955 2252 1050 2305 καὶ
1073 2252 1149 2316 ὡς
1178 2251 1413 2323 ἀλλαχοῦ
1478 2250 1580 2322 μὲν
1610 2250 1758 2322 αύτῷ
1789 2253 1823 2321 ἡ
1847 2250 1992 2321 ὁρμὴ

410 2338 505 2391 τοῦ
555 2341 738 2409 λόγου,
792 2343 982 2397 τούτου
1012 2345 1069 2398 δὲ
1096 2347 1174 2408 είς
1213 2345 1434 2415 μνήμην
1478 2342 1708 2407 ἐλθόντι,
1743 2341 1993 2409 καθάπερ

412 2429 521 2483 ὑπό
567 2448 733 2485 τινων
778 2433 986 2488 ἁλῶναι
1046 2435 1285 2506 δεσμῶν,
1322 2435 1416 2487 καὶ
1457 2435 1550 2486 ἐπὶ
1589 2432 1724 2486 πολὺ
1752 2434 1992 2486 συνεῖναι

412 2518 609 2588 φιλεῖν,
636 2523 729 2575 καὶ
772 2524 848 2592 μὴ
876 2524 1077 2595 ῥᾳδίως
1105 2524 1490 2594 ἀπαλλαγῆναι
1521 2523 1806 2578 δύνασθαι.
1834 2519 1993 2575 Οῦτω

413 2610 581 2676 πολὺς
626 2612 775 2685 αὐτῷ
829 2618 923 2668 καὶ
964 2616 1276 2687 ἀπόρρητος
1302 2616 1331 2669 6
1360 2617 1497 2685 πρὸς
1554 2615 1765 2668 Παῦλον
1803 2611 1989 2675 πόθος,

414 2700 552 2756 ὥστε
577 2704 928 2774 ἁρμοζόντως
957 2709 1156 2774 εἰπεῖν,
1173 2707 1331 2761 τοῦτο
1353 2702 1494 2760 εῐναι
1509 2707 1733 2779 Ἰωάννῃ
1755 2704 1988 2768 Παῦλον,

414 2791 553 2861 ὅπερ
614 2797 810 2864 Παύλῳ
858 2798 1096 2868 Χριστὸς
1149 2796 1460 2867 ἐτύγχανε,
1528 2795 1734 2867 μᾶλλον
1782 2795 1839 2848 δὲ
1896 2794 1991 2846 καὶ

2094 1787 2161 1841 ad
2198 1785 2274 1849 id,
2306 1788 2450 1857 quod
2502 1787 2868 1853 intellexerat,
2906 1789 3067 1845 facile
3115 1793 3594 1862 interpretandum
3625 1805 3683 1849 et

2094 1876 2497 1943 illustrandum,
2549 1883 2607 1932 et
2641 1888 2699 1932 ut
2728 1878 2950 1942 dicitur,
2990 1879 3058 1933 ad
3090 1880 3141 1932 i:l
3183 1881 3269 1935 vel
3302 1896 3449 1937 caeco
3486 1892 3681 1953 aperte

2093 1967 2514 2032 ostendendum,
2546 1982 2758 2033 eorum,
2796 1969 2888 2038 qui
2919 1967 3141 2024 fuerunt
3171 1984 3238 2024 ex
3266 1971 3416 2025 omni
3445 1972 3671 2037 saeculo,

2092 2059 2521 2114 facundissimus
2576 2070 2633 2114 et
2670 2064 2909 2114 maxime
2959 2050 3210 2120 idoneus.
3268 2062 3402 2133 Ejus
3459 2063 3680 2133 quidem

2093 2160 2212 2205 erat
2249 2167 2477 2221 magnus
2533 2166 2686 2206 amor
2734 2151 2790 2204 in
2823 2167 3037 2217 omnes,
3070 2153 3166 2223 qui
3215 2167 3338 2208 cum
3390 2169 3480 2220 eo,
3527 2157 3674 2226 quod

2093 2243 2166 2313 pii
2200 2241 2425 2297 fuerunt
2456 2258 2524 2297 ex
2558 2243 2689 2306 Deo,
2731 2246 2900 2299 etiam
2940 2245 3108 2300 vitam
3133 2256 3369 2317 egerunt
3399 2265 3412 2301 :
3446 2250 3684 2320 prophr-

2094 2344 2197 2399 tas,
2245 2334 2487 2404 inquam,
2535 2342 2590 2389 et
2630 2335 2951 2404 apostolos,
2997 2341 3054 2390 et
3105 2337 3307 2407 quibus
3353 2340 3530 2404 oratio
3580 2356 3681 2410 per

2092 2423 2342 2495 spiritum
2399 2425 2799 2495 promanavita
2834 2426 2887 2479 in
2929 2441 3120 2480 eorum
3174 2436 3323 2482 certe
3358 2429 3513 2483 libris
3542 2445 3668 2484 ver-

2091 2518 2317 2572 Sabatur
2345 2518 2582 2580 assidue,
2616 2528 2673 2572 et
2711 2517 2767 2571 in
2813 2533 3004 2573 eorum
3042 2518 3225 2575 verbis
3254 2521 3549 2576 maximam
3584 2537 3676 2576 ca-

2089 2611 2273 2680 piebat
2326 2611 2681 2681 voluptatem.
2737 2610 2927 2666 Simile
2978 2611 3148 2678 enim,
3206 2620 3267 2667 ut
3304 2613 3478 2676 aiunt,
3510 2613 3717 2667 simili

2089 2701 2411 2756 delectatur.
2468 2690 2877 2755 Paulo‘autem
2941 2701 3178 2771 prteconi
3235 2710 3383 2756 totus
3423 2702 3677 2757 adhaere-

2089 2794 2295 2857 scebat,
2345 2790 2698 2847 et'inetl‘abili
2761 2793 3000 2862 quodam
3054 2792 3334 2847 desiderio
3369 2801 3492 2847 erat
3546 2808 3681 2848 con«

425 2875 644 2958 Ἰωάννῃ
703 2888 845 2943 κατὰ
895 2889 1104 2943 Παῦλον
1140 2889 1376 2960 Χριστός
1407 2905 1420 2920 ⁸
1463 2891 1586 2944 énsl.
1616 2890 1711 2943 καὶ
1743 2884 1989 2942 τοσοῦτοι

2091 2883 2329 2954 junctus,
2367 2890 2426 2937 et
2461 2882 2677 2938 vivebat
2728 2882 2874 2938 illius
2910 2883 3276 2939 sermonibus.
3327 2882 3679 2955 Nautaperte

411 2980 665 3033 κάκείνου
688 2981 776 3036 διὰ
795 2984 1032 3054 Χριστὸν
1062 2984 1112 3036 οἱ
1153 2982 1288 3053 πρὸς
1322 2981 1534 3036 Παῦλον
1558 2980 1782 3050 ἔρωτες.

2091 2972 2277 3028 multis
2311 2972 2368 3027 in
2411 2972 2547 3028 locis
2579 2972 2867 3027 verborum
2899 2972 3020 3044 ejus
3056 2974 3326 3037 meminit,
3363 2975 3525 3045 idque
3559 2993 3678 3030 uia-

410 3084 546 3140 mas
586 3069 734 3126 ducit
765 3087 890 3128 esse
918 3073 1145 3128 delicias
1167 3081 1223 3127 et
1264 3073 1492 3129 interna:
1523 3071 1755 3127 ﬂauunat
1805 3065 2260 3126 consolationem.
2307 3064 2540 3134 Propter
2615 3079 2774 3135 quam
2843 3079 3085 3147 causam.
3134 3066 3225 3122 ille
3263 3082 3480 3136 quoque
3520 3068 3680 3123 simi-

412 3160 537 3218 liter
568 3173 729 3234 atque
764 3166 798 3219 ii
835 3166 925 3237 qui
971 3175 1159 3222 amant
1192 3168 1399 3230 insane,
1433 3174 1490 3222 et
1539 3175 1667 3237 sunt
1708 3165 1865 3220 valde
1907 3158 2249 3224 inflammati,
2315 3159 2514 3213 fatetur
2545 3174 2605 3213 se
2661 3159 2730 3213 ab
2800 3174 2867 3214 eo
2928 3174 3049 3213 esse
3102 3168 3439 3230 superatum,
3470 3168 3526 3215 et
3565 3176 3677 3216 non

412 3270 573 3326 posse
608 3257 677 3312 ab
711 3273 777 3312 eo
806 3256 1013 3321 divelli,
1056 3268 1111 3314 et
1136 3260 1333 3314 alicubi
1367 3259 1586 3328 quidem
1642 3257 1699 3311 in
1761 3257 1880 3326 ipso
1950 3256 2155 3324 impetu
2210 3251 2513 3315 orationis,
2552 3267 2675 3306 cum
2726 3251 2817 3306 ille
2868 3252 2917 3307 ei
2970 3255 3213 3309 venisset
3252 3254 3305 3308 in
3379 3263 3617 3310 mentem
3654 3299 3672 3321 ,

411 3360 605 3419 captus
625 3348 726 3404 fuit
748 3351 966 3407 veluti-a
990 3351 1311 3420 quibusdam
1336 3350 1588 3416 vinculis,
1614 3359 1669 3404 et
1692 3348 1983 3418 plurimum
2023 3360 2146 3401 cum
2187 3357 2256 3398 eo
2317 3344 2516 3399 morari
2550 3344 2883 3416 magnifacit,
2921 3355 2977 3402 et
3047 3363 3157 3402 non
3200 3348 3358 3403 facile
3400 3358 3580 3419 potest
3608 3353 3680 3406 ab

411 3454 477 3496 eo
505 3439 808 3496 discedere.
844 3439 978 3493 Tam
1014 3420 1245 3510 magnus
1275 3447 1329 3492 et
1364 3446 1474 3492 tam
1527 3435 1820 3492 ineﬂ‘abilis
1874 3433 1978 3489 fuit
2014 3434 2139 3502 ejus
2168 3446 2321 3487 amor
2358 3432 2426 3486 in
2473 3431 2724 3499 Paulum,
2791 3443 2849 3490 ut
2892 3422 2982 3506 qui
3035 3437 3115 3492 sic
3185 3438 3337 3505 dicit,
3370 3456 3501 3495 vere
3531 3441 3678 3497 dicat

412 3537 519 3594 hoc
539 3533 736 3590 Joanni
767 3546 890 3587 esse
919 3530 1169 3595 Paulum,
1194 3530 1341 3601 quod
1369 3528 1536 3585 Paulo
1560 3528 1664 3584 fuit
1695 3526 1946 3582 Christus
1974 3541 1988 3578 :
2027 3524 2139 3578 imo
2177 3538 2307 3579 vero
2335 3523 2533 3579 Joanni
2573 3540 2790 3596 quoque
2851 3526 2955 3582 fuit
2983 3526 3234 3586 Christus
3290 3530 3433 3587 sicut
3481 3532 3674 3593 Paulo.

409 3629 545 3687 Nam
607 3635 790 3681 tantus
843 3640 1057 3695 quoque
1121 3624 1262 3678 illius
1306 3632 1532 3694 propter
1569 3620 1845 3677 Christum
1898 3618 2001 3674 fuit
2038 3633 2191 3672 amor
2225 3618 2279 3671 in
2310 3616 2564 3673 Paulum.

478 3721 610 3778 KB’.
660 3718 863 3772 Τούτου
926 3720 1046 3780 ταῖς
1098 3715 1408 3779 ἐπιστολαῖς
1473 3714 1869 3783 ἐντυγχάνοντα
1899 3710 1989 3762 τὸν

2166 3707 2334 3763 XXII.
2362 3706 2498 3764 Cum
2551 3709 2672 3781 ejus
2702 3722 2884 3767 autem
2912 3710 3185 3783 Epistolas
3210 3715 3412 3788 legeret
3437 3718 3526 3775 hic
3559 3736 3678 3777 ma-

414 3816 587 3888 μέγαν
607 3811 793 3866 τοῦτον
830 3809 1085 3880 Ἰωάννην
1111 3808 1273 3878 φημὶ,
1312 3808 1404 3861 καὶ
1435 3804 1668 3876 μελέτην
1693 3798 1986 3872 αύτὰςὲμ-

2091 3815 2229 3871 gnus
2263 3799 2522 3866 Joannes,
2555 3811 2612 3856 et
2636 3802 2692 3855 in
2723 3817 2910 3857 earum
2939 3805 3288 3861 convenienti
3320 3809 3676 3867 meditatione

415 3907 551 3980 μελῆ
619 3904 714 3959 καὶ
749 3900 955 3972 τροφὴν
998 3900 1220 3971 ἡδίστην
1279 3897 1622 3967 ποιούμενον,
1672 3896 1811 3950 ἀλλὰ
1868 3894 1983 3959 καὶ,

2091 3907 2343 3963 magnum
2392 3893 2634 3948 studium
2674 3904 2928 3965 poneret,
2981 3895 3283 3965 quinetiam
3325 3899 3506 3968 quoad
3553 3901 3675 3970 ejus

409 3996 483 4060 ὡς
510 3990 622 4049 οἷόν
648 4010 730 4058 τε,
764 3992 833 4046 δι’
863 3990 1065 4057 αὐτῶν,
1091 3986 1201 4054 οἶος
1229 3989 1326 4059 τὴν
1352 3988 1532 4060 ψυχὴν
1563 3990 1590 4042 6
1615 3987 1847 4052 Παῦλος,
1882 4003 1986 4040 κα-

2091 3984 2206 4038 (ieri
2236 3993 2440 4054 posset,
2467 3984 2645 4055 qualis
2688 3992 2835 4040 esset
2877 3986 3094 4043 animus
3124 3988 3298 4052 Pauli,
3336 3990 3477 4045 scire
3504 4006 3676 4062 cupe-

408 4085 674 4156 ταμαθείν
717 4082 1040 4152 γλιχόμενον
1072 4080 1210 4151 ἔρως
1243 4079 1461 4150 εἰσῆλθε
1487 4079 1580 4134 τοῦ
1610 4078 1708 4132 καὶ
1739 4077 1830 4131 τὸν
1859 4075 1985 4129 νοῦν

410 4175 686 4246 ἐκφράσαι
729 4172 823 4226 τὸν
859 4173 917 4224 ὲν
958 4170 1171 4237 αὐταῖς,
1227 4169 1321 4223 καὶ
1349 4170 1411 4222 τὸ
1446 4169 1644 4231 κάλλος
1673 4169 1768 4221 καὶ
1798 4165 1981 4238 βάθος,

410 4266 550 4336 ὅπερ
609 4264 780 4318 εἰσέτι
840 4266 953 4325 τοῖς
1001 4262 1217 4325 πολλοῖς
1273 4250 1467 4328 ἄδηλον
1530 4256 1621 4332 ἦν,
1651 4258 1982 4328 ἐκκαλύψαι.

413 4357 619 4429 Ἐργου
649 4353 942 4424 τοιγαροῦν
989 4352 1290 4423 ἁψάμενος,
1322 4354 1416 4407 καὶ
1444 4353 1582 4423 πρὸς
1611 4350 1759 4430 λέξιν
1780 4350 1984 4413 ταύτας

407 4448 798 4521 διερμηνεύων,
820 4445 1140 4522 ,ὲπδοιάζων
1176 4462 1293 4509 πως
1322 4449 1418 4498 καὶ
1468 4445 1832 4515 ἀναδυόμενος
1862 4444 1982 4498 καθ’

409 4540 598 4595 ἑαυτὸν
626 4536 822 4612 ἦνκαὶ
844 4537 1003 4591 τοῦτο
1039 4538 1093 4589 δὲ
1118 4537 1337 4600 πάντως
1375 4538 1479 4592 ὑπὸ
1507 4538 1600 4592 τοῦ
1640 4537 1847 4609 σφόδρα
1888 4554 1982 4607 φι-

407 4633 518 4688 λεῖν
534 4635 628 4687 καὶ
646 4634 901 4705 ἀρέσκειν
914 4630 1152 4701 ἀτεχνῶς
1183 4629 1487 4700 βούλεσθαι.
1525 4629 1598 4683 Τὸ
1617 4630 1675 4683 δὲ
1704 4614 1985 4701 ἀμφισϐη-

406 4724 665 4795 τούμενον
678 4723 849 4785 οὕτως
865 4722 977 4795 [Ian
998 4721 1178 4793 τοῦτο]
1203 4719 1292 4792 ἦν,
1307 4724 1355 4774 εἰ
1375 4722 1452 4791 τῷ
1470 4714 1668 4792 Παύλῳ
1688 4722 1829 4775 κατὰ
1845 4721 1979 4790 γνὼ-

412 4833 519 4889 μην
537 4818 565 4870 6
597 4817 779 4881 πόνος,
812 4817 862 4868 εί
904 4815 1082 4879 καλῶς
1104 4813 1497 4883 ὲφικνούμενός
1521 4815 1638 4866 ἐστι
1690 4814 1788 4882 τῆς
1815 4813 1983 4867 αὐτοῦ

408 4908 673 4973 διανοίας,
742 4908 840 4962 καὶ
868 4906 944 4980 μὴ
966 4906 1154 4976 πόρρω
1187 4905 1285 4975 τῆς
1314 4903 1575 4974 ἀληθείας
1637 4902 1847 4974 βάλλων
1891 4906 1985 4959 καὶ

410 5000 504 5056 τοῦ
541 5001 767 5055 σκοποῦ.
829 4998 1000 5054 Τοῦτο
1029 4998 1173 5053 κατὰ
1195 4997 1320 5051 νοῦν
1350 4997 1637 5067 στρέφοντι
1678 4996 1772 5049 καὶ
1792 4995 1985 5049 διαπο-

412 5092 617 5164 ροῦντι,
667 5092 813 5160 μάλα
838 5106 896 5144 τε
924 5088 1018 5143 τοῦ
1048 5088 1186 5143 Θεοῦ
1204 5087 1447 5160 δεομένῳ
1466 5086 1802 5155 διασαφῆσαι
1832 5085 1982 5156 αύτῷ

407 5182 470 5236 τὸ
494 5180 996 5252 ἀμφισαλλόμενονο
1075 5178 1177 5231 οὐκ
1231 5178 1312 5240 είς
1357 5175 1577 5246 μακρὰν
1615 5174 1895 5229 ὲπιλύεται
1924 5177 1985 5229 τὸ

413 5272 750 5344 ζητούμενον
771 5288 787 5304 ο
816 5273 911 5326 καὶ
942 5273 975 5340 ἡ
1005 5270 1161 5333 λύσις
1191 5268 1431 5339 καθαρὰ,
1468 5268 1564 5321 καὶ
1590 5266 1759 5338 μηδὲν
1786 5266 1985 5337 ἔχουσα

411 5360 686 5433 ὃδσμαθὶς
713 5363 748 5433 ἢ
777 5360 1095 5434 ἀμφίδοξον,
1138 5362 1168 5414 6
1189 5359 1470 5429 δὶ,τρ6πος
1520 5358 1832 5429 θαυμαστὸς
1850 5352 1984 5434 οἷος.

412 5432 527 5506 Καὶ
576 5452 686 5525 γὰρ
875 5432 974 5508 τοῦ
1027 5450 1162 5506 Θεοῦ
1218 5449 1410 5521 σοφίας
1438 5450 1555 5503 ἐστὶ
1585 5450 1678 5503 καὶ
1712 5449 1820 5503 τῶν
1850 5432 1987 5504 ὁδῶν

485 5627 533 5662 ⁸³
551 5628 709 5687 Prov.
738 5647 780 5700 ι,
808 5633 861 5687 6.

2087 4086 2171 4131 ret
2199 4115 2215 4140 ,
2245 4091 2370 4131 eum
2398 4077 2566 4132 subiit
2593 4078 2923 4133 desiderium
2954 4094 3141 4134 earum
3171 4081 3477 4150 explicandi
3510 4082 3674 4138 intel—

2087 4168 2390 4240 ligentiam,
2423 4177 2478 4224 et
2502 4168 2794 4231 ellicieudi,
2826 4179 2886 4225 ut
2916 4172 3189 4241 perveniri
3239 4185 3424 4243 posset
3448 4174 3527 4230 ad.
3555 4175 3676 4246 ejus

2086 4262 2444 4332 profundum,
2468 4262 2611 4332 quod
2635 4278 2666 4317 a
2714 4263 2902 4319 multis
2922 4266 3168 4321 nondum
3201 4274 3349 4321 recte
3373 4283 3674 4338 cognosce-

2085 4352 2268 4407 batur.
2289 4350 2425 4407 Rem
2459 4353 2644 4422 itaque
2688 4368 2996 4425 aggressus,
3021 4363 3077 4408 et
3097 4355 3218 4409 illas
3240 4357 3308 4411 ad
3334 4356 3558 4411 verbum
3588 4360 3674 4412 iu-

2088 4452 2413 4514 terpretans,
2447 4445 2594 4516 apud
2645 4459 2706 4500 se
2739 4447 3145 4516 quodammodo
3173 4447 3457 4503 dubitabat
3489 4458 3546 4503 et
3568 4449 3674 4504 dif-

2085 4533 2314 4591 ferebat.
2345 4535 2397 4590 Id
2425 4546 2610 4592 autem
2635 4552 2699 4592 ex
2732 4553 2799 4593 eo
2823 4538 3121 4604 oriebatur,
3158 4539 3301 4608 quod
3334 4539 3484 4594 illum
3516 4540 3672 4596 valde

2086 4625 2356 4698 diligeret,
2400 4636 2457 4682 et
2507 4629 2556 4682 ei
2588 4629 2749 4683 vellet
2781 4630 3008 4684 omnino
3042 4630 3277 4699 placere.
3311 4630 3370 4685 Id
3415 4646 3567 4695 vero,
3602 4632 3671 4687 de

2085 4734 2195 4789 quo
2225 4720 2535 4785 dubitabat,
2559 4727 2697 4783 erat,
2738 4736 2873 4775 num
2924 4719 3093 4775 Paulo
3136 4730 3324 4792 gratus
3359 4731 3508 4778 esset
3552 4722 3671 4791 ejus

2086 4811 2240 4866 labor
2274 4829 2289 4878 ;
2322 4826 2391 4866 an
2423 4820 2571 4867 recte
2623 4821 3010 4881 assequeretur
3064 4820 3303 4867 mentem
3341 4814 3482 4883 ejus,
3505 4830 3669 4884 quem

2085 4902 2365 4974 diligebat.
2392 4911 2447 4957 et
2465 4917 2596 4956 num
2614 4901 2774 4973 longe
2797 4917 2826 4956 a
2848 4903 3078 4957 veritate
3099 4903 3313 4958 abesset
3335 4915 3391 4958 et
3422 4919 3453 4958 a
3480 4919 3672 4974 scapo.

2093 4994 2206 5049 lloc
2235 5009 2361 5049 cum
2405 4995 2460 5049 in
2522 5002 2703 5049 mente
2742 5004 2987 5050 versaret
3016 5003 3070 5050 et
3089 4995 3386 5061 dubitaret,
3412 5005 3469 5051 et
3498 4997 3669 5053 Deum

2015 5052 2059 5107 θ
2086 5085 2243 5141 valde
2285 5094 2520 5158 rogaret,
2580 5094 2640 5141 ut
2680 5087 2754 5153 id,
2806 5087 2875 5144 de
2915 5102 3025 5158 quo
3062 5052 3448 5153 dubitabat,'ei
3477 5052 3667 5146 notum
3756 5162 3759 5163 ν

2083 5176 2257 5243 ﬁeret,
2289 5192 2398 5232 non
2445 5177 2539 5233 diu
2568 5177 2745 5234 abfuit
2773 5178 2991 5235 solutio.
3022 5178 3214 5236 Modus
3245 5188 3429 5237 autem
3459 5181 3671 5252 qualis?

2082 5267 2179 5323 Est
2205 5267 2350 5324 enim
2376 5284 2565 5323 revera
2615 5270 2729 5326 Deo
2757 5270 2956 5340 dignus
2995 5279 3047 5327 et
3072 5272 3218 5327 illius
3240 5272 3530 5344 sapientia.
3563 5272 3671 5329 Sed

2083 5368 2169 5416 est
2196 5359 2612 5416 attendendum.
2664 5362 2841 5418 Habet
2873 5363 3019 5419 enim
3065 5364 3277 5420 varium
3329 5364 3585 5436 quiddam
3617 5377 3673 5419 et

2083 5452 2429 5509 admirabile.
2458 5451 2557 5509 Vir
2586 5454 2832 5526 quidam,
2883 5457 2974 5526 qui
3016 5440 3398 5530 magistratum
3429 5467 3672 5528 gesserat
