4138 6450
433 230 574 308 1103

422 436 755 499 conspectus
783 434 841 483 et
869 440 968 497 per
990 422 1321 480 calumniam
1355 420 1571 475 delatus
1598 419 1666 475 ad
1714 420 2011 490 imperato-

422 537 540 577 rem
565 519 620 592 (0
645 519 897 576 acerbam
930 516 1191 571 invidiam
1226 522 1282 567 et
1309 511 1515 566 inimici
1557 510 2007 581 improbitatem),

424 631 455 670 a
476 614 624 687 regia
647 611 807 669 simul
843 620 897 665 et
927 608 1137 662 honore
1166 605 1479 676 expellitur.
1531 601 1667 658 Cum
1701 614 1883 658 autem
1930 604 2012 658 vi-

426 708 671 764 dissetse
702 718 895 774 magna
919 700 1169 757 laborare
1193 698 1376 768 inopia
1396 698 1535 767 ejus,
1558 696 1651 766 qui
1681 704 1826 751 esset
1851 711 2015 766 opem

425 781 660 863 laturus,
692 795 1004 865 intelligens
1055 807 1116 847 se
1144 805 1266 846 esse
1312 789 1585 844 infelicem
1626 799 1683 843 et
1730 788 2017 842 dominum

425 890 628 945 habere
661 889 979 950 adversum,
1016 893 1071 939 et
1096 899 1157 937 se
1187 880 1309 937 ideo
1333 882 1537 935 nemini
1560 896 1704 936 cura:
1741 879 2009 945 futurum,

425 980 681 1050 quoniam
717 979 922 1037 amicos
980 976 1122 1031 nihil
1149 989 1271 1029 esse
1298 974 1431 1029 dicit
1458 973 1736 1043 tragmdia,
1767 972 1811 1026 si
1835 972 1904 1026 sit
1928 971 2013 1024 in-

427 1070 561 1127 felix
588 1070 882 1139 quispiam.
909 1076 1270 1138 praeterquam
1296 1065 1467 1119 beata:
1494 1064 1569 1117 illi
1592 1064 2013 1130 aniimc.etquze

427 1161 744 1232 huiusmodi
801 1176 1027 1215 casuum
1060 1156 1266 1214 moveri
1314 1156 1455 1211 solet
1503 1154 1922 1209 misericordia:
1958 1160 2017 1207 et

426 1255 566 1309 nulli
593 1254 687 1308 alii
712 1252 969 1309 similiter
996 1259 1160 1319 atque
1200 1249 1297 1310 illi,
1349 1249 1517 1303 libere
1548 1246 1695 1316 loqui
1732 1246 1873 1315 apud
1908 1245 2014 1299 im-

429 1354 762 1416 peratorem,
794 1359 974 1411 neque
1005 1340 1195 1412 largiri
1248 1354 1451 1404 mores,
1489 1353 1593 1393 nec
1624 1340 1795 1408 ipsam
1830 1337 2012 1407 digni-

432 1447 646 1495 tatem:
684 1435 820 1506 petit
867 1450 966 1504 per
993 1434 1229 1501 aliquem
1274 1429 1681 1489 intermedium,
1726 1420 1914 1482 venire
1955 1427 2009 1480 in

430 1529 573 1585 beati
613 1535 990 1596 conspectum.
1013 1523 1167 1588 Quod
1186 1539 1307 1577 cum
1337 1514 1668 1583 rcsclvisset,
1697 1528 1862 1571 noctu
1886 1533 2013 1588 per-

429 1621 579 1675 misit
608 1629 666 1675 ut
689 1618 922 1679 veniret,
962 1623 1148 1683 utpote
1183 1612 1326 1682 quod
1360 1612 1596 1667 interdiu
1624 1626 1733 1663 non
1766 1609 2012 1664 futurum

426 1720 573 1769 esset
604 1720 776 1765 tntum
803 1708 1020 1778 alloqui.
1041 1705 1211 1761 Jussit
1236 1713 1417 1759 autem
1449 1702 1559 1757 Dei.
1579 1701 1772 1756 cultori
1801 1702 2009 1768 [δι-0010,

426 1806 523 1874 qui
561 1805 770 1868 eratad
798 1805 902 1857 hoc
957 1801 1312 1862 constitutus,
1373 1806 1434 1851 ut
1461 1810 1584 1850 cum
1639 1794 1900 1859 venisset,
1947 1794 2013 1863 ad

428 1913 552 1954 cum
583 1896 799 1952 facilem
836 1895 912 1948 illi
943 1894 1213 1963 praeberet
1267 1890 1479 1944 aditum
1504 1885 1639 1957 (ill).
1701 1886 1809 1939 Sed
1865 1887 2014 1953 enim

432 2002 626 2049 rursus
643 1996 728 2041 est
757 1985 1172 2046 attendendum,
1200 1980 1547 2036 affert-tenim
1570 1977 1745 2034 oratio
1766 1976 2015 2047 volupta-

428 2090 538 2135 tem
582 2079 745 2134 simul
766 2094 889 2133 cum
916 2076 1301 2132 admiratione.

497 2172 691 2227 XXIII.
718 2171 857 2226 Cum
887 2170 1032 2224 enim
1066 2168 1154 2222 ille
1190 2166 1430 2222 venisst't
1452 2175 1507 2221 et
1533 2175 1679 2222 esset
1709 2172 1895 2237 portas
1928 2164 2014 2218 in-

427 2279 671 2335 gressus,
694 2263 845 2317 vadit
864 2261 1087 2315 Proclns
1106 2260 1508 2313 :mnuntiatum.
1530 2258 1667 2313 Cum
1692 2269 1875 2312 autem
1902 2258 2013 2327 jam

427 2352 859 2416 accessissetad
903 2348 1235 2411 cubiculum,
1306 2349 1360 2402 in
1426 2364 1536 2417 quo
1576 2348 1747 2403 labori
1789 2361 2017 2417 magnus

430 2445 660 2498 vacabat
705 2442 967 2504 Joannes,
1018 2448 1074 2492 ct
1114 2448 1358 2492 attentus
1388 2447 1506 2492 erat
1553 2418 2012 2506 interpretationi,

430 2537 572 2591 ostio
596 2536 781 2589 statim
816 2536 1114 2588 admovens
1165 2530 1372 2596 oculos,
1400 2540 1456 2584 et
1486 2538 1546 2583 ut
1575 2529 1776 2584 licebat
1804 2543 1899 2598 per
1932 2527 2017 2581 fo-

413 2643 622 2681 ramen
654 2625 950 2694 aspiciens,
973 2624 1122 2678 videt
1149 2621 1443 2684 Joannem,
1474 2622 1573 2690 qui
1604 2620 1865 2690 pergebat
1896 2620 2020 2689 qui-

432 2719 561 2773 dem
602 2719 864 2781 scribere,
920 2725 975 2770 et
1034 2716 1089 2770 in
1116 2731 1183 2770 eo
1208 2723 1327 2769 erat
1370 2714 1656 2784 diligenter
1695 2723 2014 2783 occupatus,

434 2813 610 2865 virum
641 2818 824 2864 autem
862 2808 1174 2879 quemdam,
1226 2806 1402 2876 capite
1436 2806 1674 2870 calvum,
1706 2806 1882 2875 qualis
1934 2814 2019 2860 est

434 2884 641 2959 Eliszei'
661 2900 886 2971 efﬁgies,
934 2900 1019 2954 cui
1076 2901 1242 2953 densa
1299 2895 1520 2967 quidem
1582 2905 1702 2949 erat
1750 2896 2017 2965 promissa

1693 217 1981 280 MENSIS
2015 215 2486 281 IANUARIUS.

423 351 481 398 et
546 346 664 396 erat
712 333 901 392 mundi
948 331 1236 403 splendore
1282 326 1552 400 insignis,
1612 326 1804 383 invido
1852 327 2014 384 oculo

2119 326 2289 395 ἄξιος.

3550 220 3697 287 ιικι

2378 326 2546 396 Ἀνήρ
2590 342 2676 390 τις
2719 325 2831 380 τῶν
2853 326 2914 381 έν
2936 327 3080 382 τέλει
3100 328 3197 383 καὶ
3229 330 3297 402 τῇ
3325 330 3466 385 κατὰ
3489 333 3701 404 κόσμον

2113 418 2443 490 περιφανείᾳ.
2501 418 2766 488 διάσημος
2796 418 2905 472 ὑπό
2936 437 3027 474 του
3053 421 3310 492 βασκάνῳ
3341 422 3558 488 θεαθεὶς
3596 425 3702 493 ὀφο

2113 512 2325 584 θαλμῷ,
2372 512 2464 565 καὶ
2490 513 2570 576 εἰς
2594 510 2816 582 βασιλέα
2839 512 3172 584 διαϐληθεὶς,
3201 515 3331 583 (φεῦ
3358 515 3453 568 τοῦ
3485 516 3697 587 πικροῦ

2113 603 2311 674 φθόνου
2362 602 2458 657 καὶ
2493 603 2592 674 τῆς
2626 603 2721 661 τοῦ
2753 604 2950 673 ἐχθροῦ
2988 606 3288 675 μοχθηρίας
3315 608 3359 674 ἰ)
3388 607 3497 660 τῶν
3537 607 3703 678 βασι-

2110 695 2272 748 λείων
2293 696 2409 763 ἅμα
2432 698 2526 748 καὶ
2547 696 2646 764 τῆς
2660 696 2823 765 τιμῆς
2843 696 3226 751 ἀπελαύνεται.
3247 698 3335 760 Ὡς
3358 700 3417 752 δὲ
3445 701 3544 753 καὶ
3562 700 3702 753 πολ·-

2110 785 2209 856 λὴν
2250 784 2397 855 ἐώρα
2444 785 2537 838 τοῦ
2605 785 2965 856 βοηθήσοντος
3032 789 3303 858 ἐρημίαν,
3367 794 3546 854 συνείς
3611 793 3704 845 ὅτι

2112 874 2391 945 δυστυχῶν
2411 874 2676 928 οὕτωκαὶ
2697 876 2946 942 ἀντίξουν
2963 880 3054 929 τὸν
3079 879 3273 949 καιρὸν
3305 879 3466 949 ἔχων,
3494 945 3498 949 ¹
3518 880 3705 935 οὐδενὶ

2114 968 2286 1037 ἑτέρῳ
2344 969 2626 1037 φροντίδος
2679 968 2874 1038 ὀφθείη
2906 970 3081 1035 ἄξιος,
3122 972 3203 1024 ὄτι
3237 971 3311 1042 μὴ
3343 974 3410 1043 τῇ
3444 975 3704 1044 μακαρίᾳ

2116 1061 2301 1131 ἰκείνῃ
2332 1061 2478 1130 ψυχῇ
2525 1063 2620 1114 καὶ
2663 1062 3009 1131 συμπάσχειν
3038 1066 3150 1126 τοῖς
3181 1063 3444 1126 τοιούτοις
3480 1066 3699 1133 προθυ-

2117 1155 2393 1226 μουμένῃ,
2425 1156 2519 1206 καὶ
2547 1153 2624 1218 ὡς
2656 1156 2755 1208 οὐκ
2801 1155 2947 1225 ἄλλῳ
2978 1156 3040 1207 τὸ
3070 1156 3207 1227 πρὶς
3235 1157 3459 1225 βασιλέα
3481 1159 3708 1229 παρρη-

2115 1247 2404 1299 σιάσασθαι
2436 1246 2549 1299 οὗθ’
2573 1247 2837 1316 ότρόπος,
2877 1246 2988 1302 οὔτ’
3006 1248 3138 1300 αὐτὸ
3154 1248 3214 1300 τὸ
3241 1248 3457 1317 ἀξίωμα
3483 1248 3711 1301 δίδωσιν

2114 1338 2189 1403 ὼς
2210 1339 2424 1408 ἐκείνῳ,
2445 1340 2677 1392 αἰτεῖται
2698 1339 2788 1392 διὰ
2820 1340 2987 1410 μέσου
3011 1339 3154 1401 τινὸς
3177 1340 3255 1410 τῷ
3293 1341 3544 1409 μακαρίῳ
3562 1340 3711 1411 πρὸς

2116 1430 2238 1501 ὄψιν
2259 1432 2576 1486 ἐλθεῖν.Τὸν
2624 1433 2680 1484 δὲ
2706 1434 2945 1502 μαθόντα
2992 1422 3189 1496 νυκτὸς
3246 1434 3542 1503 ἐπιτρέψαι
3600 1433 3715 1502 τὴν

2116 1522 2324 1591 ἄφιξιν,
2347 1523 2424 1587 ὡς
2451 1524 2550 1592 τῆς
2574 1524 2792 1594 ἡμέρας
2816 1525 2916 1578 οὐκ
2948 1522 3164 1593 ὁσιξαλῆ
3190 1524 3289 1594 τὴν
3311 1524 3528 1594 ὁμιλίαν
3552 1523 3716 1593 αὐτῷ

2117 1614 2451 1684 θησομένης·
2514 1616 2802 1685 ἐπιτρέψαι
2827 1616 2882 1668 δὲ
2908 1615 3098 1685 καὶτῷ
3126 1616 3438 1684 θεραπευτῇ
3469 1615 3710 1685 Πρόκλῳ

2116 1711 2196 1771 εἰς
2250 1708 2407 1763 τοῦτο
2430 1708 2580 1778 αὐτῷ
2635 1706 2745 1779 [Ion
2801 1706 2956 1779 αὐτὸ]
3008 1709 3348 1778 τεταγμένῳ,
3401 1708 3621 1760 ἐπειδὰν
3675 1709 3708 1761 ὁ

2117 1800 2258 1870 ἀνὴρ
2308 1800 2583 1867 ἀφίκοιτο,
2649 1798 2870 1853 εὔθετον
2915 1800 3064 1869 αὐτῷ
3098 1800 3379 1852 διαθέσθαι
3404 1800 3500 1869 τὴν
3551 1801 3699 1870 προς

2118 1892 2281 1943 αὑτὸν
2337 1892 2560 1945 εἴσοδον.
2616 1892 2778 1945 Ἀλλὰ
2826 1894 3160 1963 προσεκτέον
3192 1895 3304 1953 τοῖς
3348 1892 3709 1962 λεγομένοις*

2119 1985 2305 2044 ίκανὸς
2354 1985 2464 2053 γὰρ
2530 1985 2561 2036 ό
2588 1983 2743 2053 λόγος
2798 1985 2991 2055 ἡδονὴν
3040 1984 3275 2037 ἐνθεῖναι
3323 1987 3442 2047 ταῖς
3506 1984 3708 2047 ἀκοαῖς

2119 2076 2259 2146 μετὰ
2290 2076 2590 2145 θαύματος.
3366 2056 3389 2066 ⁶

2189 2172 2425 2233 ΚΙ“’.Ὠς
2452 2173 2559 2241 γὰρ
2592 2172 2797 2234 ἐκεῖνος
2823 2168 3046 2239 ἀφίκετο
3078 2171 3172 2223 καὶ
3202 2170 3331 2224 εἴσω
3355 2169 3533 2238 θυρῶν
3560 2167 3648 2242 ἦν,
3675 2171 3709 2223 ὁ

2116 2263 2357 2333 Πρόκλος
2391 2263 2577 2316 ἄπεισι
2620 2261 3039 2331 προσαγγεῖλαι.
3068 2263 3177 2315 Καὶ
3201 2262 3420 2315 κοιτῶνι
3441 2263 3497 2315 δὲ
3524 2278 3704 2331 προσ-

2119 2351 2313 2415 ελθὼν,
2348 2352 2478 2404 ἔνθα
2511 2351 2790 2420 σχολάζων
2811 2353 2838 2403 ὁ
2865 2352 3038 2420 μέγας
3072 2354 3236 2404 πόνου
3266 2351 3466 2421 εἴχετο,
3500 2353 3594 2405 καὶ
3630 2354 3701 2420 τῇ

2119 2440 2385 2512 ἑρμηνείᾳ
2451 2441 2851 2511 προσκεκυφὼς
2890 2438 2982 2513 ἦν,
3015 2444 3072 2495 ὲν
3096 2443 3212 2512 χρῴ
3263 2441 3447 2512 θυρῶν
3495 2458 3553 2494 τε
3606 2443 3711 2495 τὸν

2117 2534 2396 2603 ὀφθαλμὸν
2420 2535 2810 2604 προσπελάσας
2845 2536 2939 2587 καὶ
2973 2533 3041 2586 δι’
3068 2535 3209 2602 ὁπῆς
3233 2575 3249 2599 ,
3278 2533 3354 2596 ὡς
3413 2532 3707 2604 ἐγχωροῦν

2116 2622 2185 2696 ἦν
2215 2625 2530 2695 διαϐλέψας,
2575 2628 2678 2698 ὁρᾷ
2732 2627 2827 2679 τὸν
2862 2627 3119 2696 Ἰωάννην
3173 2626 3439 2695 ἐχόμενον
3479 2626 3578 2695 μὲν
3604 2624 3705 2678 τοῦ

2120 2722 2378 2790 γράφειν,
2433 2721 2529 2774 καὶ
2561 2719 2712 2790 αὐτῷ
2745 2718 3219 2790 προσπονούμενον
3239 2739 3252 2751 ·
3291 2720 3459 2790 ἄνδρα
3494 2698 3703 2772 δέ’τινα

2118 2812 2415 2883 φα).ακῴν,
2473 2808 2605 2866 οἷον
2647 2814 2703 2866 αἰ
2756 2812 2964 2876 εἰκόνες
2996 2814 3083 2865 τὸν
3126 2813 3431 2866 Ἐλισσαῖον
3491 2814 3701 2884 ἔχουσι,

2117 2907 2295 2960 πλατὺ
2322 2907 2382 2959 τὸ
2414 2906 2622 2975 γένειον
2669 2906 2991 2976 καθειμένον
3040 2907 3135 2959 ἐπὶ
3182 2907 3291 2960 τῶν
3322 2905 3491 2975 ὤμων
3518 2907 3705 2977 ἠρέμα

431 2994 599 3049 balba
656 3008 820 3061 super
857 2993 1117 3046 humeros
1144 2990 1346 3045 sensim
1395 3003 1518 3042 cum
1547 2988 1705 3042 beato
1734 2988 2013 3059 congredi.

2122 2999 2197 3069 τῷ
2229 3000 2484 3071 μακαρίῳ
2537 2999 2938 3069 προσμίξαντα,
2988 3001 3080 3053 καὶ
3149 3001 3286 3070 πρὸς
3329 3000 3426 3064 οὓς
3501 3002 3706 3071 ἐκείνῳ

429 3096 487 3140 et
524 3101 648 3140 cum
677 3085 769 3139 illo
795 3085 941 3154 luqui
970 3082 1025 3138 in
1068 3098 1282 3137 aurem.
1317 3082 1441 3136 llazc
1473 3097 1596 3136 cum
1631 3081 1856 3135 vidisset
1891 3081 2017 3137 Pro-

407 3177 571 3242 ,clus,
614 3177 967 3231 existimabat
1009 3175 1271 3245 aliquem,
1319 3188 1379 3228 se
1421 3189 1530 3226 non
1575 3173 1869 3235 sentiente,
1895 3188 2018 3228 esse

430 3270 764 3339 ingressum,
791 3279 841 3322 et
883 3268 1061 3338 ipsum
1087 3282 1230 3328 esse,
1261 3267 1351 3336 qui
1380 3281 1503 3319 cum
1539 3274 1728 3319 sancto
1753 3266 2018 3334 loqueba-

435 3372 543 3416 tur.
594 3361 732 3415 Cnm
784 3361 969 3430 itaque
1025 3359 1101 3412 illi
1158 3357 1519 3427 signiﬁcasset
1559 3357 1611 3411 id
1640 3357 1787 3425 quod
1842 3357 2021 3409 fuerat

434 3451 767 3520 suSpicatus,
820 3450 1046 3521 rogabat
1098 3457 1163 3504 ut
1215 3457 1580 3517 exspectaret.
1628 3446 1765 3502 Cum
1834 3457 2019 3501 autem

433 3546 664 3597 multam
695 3541 1095 3596 intercessisset
1118 3542 1397 3609 temporis,
1432 3550 1487 3592 et
1507 3538 1575 3601 is,
1600 3540 1756 3608 cujus
1785 3548 2016 3608 praesto-

432 3637 647 3690 labatur
674 3635 902 3695 exitum,
949 3634 1189 3688 nondum
1225 3632 1465 3697 adesset,
1493 3647 1682 3686 rursus
1714 3635 1860 3687 vadit
1884 3637 2020 3692 Pro-

433 3728 573 3790 clus,
605 3740 731 3781 cum
748 3733 975 3797 urgente
1002 3722 1246 3786 homine,
1270 3732 1331 3777 ut
1366 3721 1413 3777 si
1431 3721 1656 3777 vidisset
1676 3738 1892 3777 cessare
1909 3723 2020 3777 eol-

434 3818 704 3888 loquitun,
727 3816 920 3873 statim
959 3814 1337 3871 aununtiaret.
1375 3813 1515 3868 Cum
1540 3828 1671 3869 vero
1700 3814 1790 3869 ille
1830 3829 2021 3869 rursus

433 3924 535 3981 per
570 3908 817 3966 foramen
875 3909 1170 3979 aspiciens,
1214 3906 1442 3961 vidisset
1471 3919 1599 3960 esse
1646 3914 1910 3960 attentam
1961 3916 2018 3962 et

433 4003 632 4057 seriam
656 4001 1098 4065 collocutimiem,
1119 3999 1490 4069 importunum
1512 4005 1569 4052 et
1588 3996 1879 4067 impudens
1898 4013 2020 4054 esse

433 4076 733 4150 arbitratus
787 4091 1140 4162 interpellare
1185 4090 1515 4154 orationem,
1550 4098 1835 4156 revertens
1861 4090 2022 4145 dubi-

434 4184 588 4239 tabat
612 4184 880 4253 .quisnam
933 4188 1084 4238 esset
1127 4180 1221 4250 qui
1298 4179 1622 4249 oquebatur,
1676 4187 1733 4234 et
1782 4194 2023 4248 quaram

435 4273 602 4330 modo
642 4283 792 4331 esset
813 4273 1116 4343 ingressus,
1149 4286 1275 4326 cum
1305 4286 1419 4327 non
1448 4270 1644 4325 fuisset
1671 4270 1720 4324 ei
1751 4271 1903 4341 prius
1928 4285 2021 4324 an-

2121 3091 2525 3160 διαλεγόμενον.
2593 3090 2779 3144 Ταῦτα
2845 3092 3024 3143 ἰδόντα
3063 3090 3155 3142 τὸν
3202 3090 3468 3160 Πρόκλον,
3502 3090 3704 3155 έξωῗέν

2119 3200 2244 3236 τινα
2270 3183 2523 3252 οἰηθῆναι
2566 3184 2717 3253 παρὰ
2749 3184 2848 3249 τὴν
2871 3182 3036 3235 αὐτοῦ
3067 3183 3327 3252 αἴσθησιν
3358 3182 3701 3255 προσελθεῖν,

2120 3275 2214 3327 καὶ
2237 3273 2400 3326 αὑτὸν
2427 3269 2562 3325 εἶναι
2584 3273 2779 3345 τὺνιτῷ
2807 3275 2947 3344 ἁγίῳ
2968 3273 3402 3343 διομςλούμενον.
3421 3276 3458 3326 Γ
3462 3275 3705 3345 νωρίσας

2120 3365 2409 3437 τοιγαροῦν
2430 3366 2457 3419 ὃ
2481 3367 2769 3435 ὑπείληρε,
2802 3366 2880 3437 τῷ
2907 3368 3058 3437 ἀνδρὶ
3092 3368 3425 3438 προσμένειν
3457 3367 3694 3421 κελεύει.

2132 3458 2219 3521 Ὠς
2248 3459 2306 3511 δὲ
2334 3459 2468 3512 πολὺ
2503 3460 2562 3511 τὸ
2600 3460 2803 3527 μεταξὺ
2832 3454 2919 3529 ἦν,
2952 3463 3043 3512 καὶ
3075 3459 3103 3511 ὁ
3134 3458 3585 3528 προσδοκώμενος
3613 3458 3701 3521 ἐξ·

2121 3546 2298 3601 ελθεῖν
2326 3547 2480 3601 οὔπω
2535 3549 2738 3617 παρῆν,
2789 3550 2977 3603 ἄπεισι
3027 3549 3190 3601 πάλιν
3223 3550 3252 3601 ὁ
3301 3548 3562 3618 Πρόκλος,
3604 3544 3705 3600 τοῦ

2120 3640 2411 3709 ἀνθρώπου
2440 3640 2574 3710 πρὸς
2596 3640 2753 3694 τοῦτο
2775 3641 3327 3706 διαναγκὰσαντος,εἱ
3357 3640 3456 3710 τὴν
3484 3640 3704 3710 ὁμιλίαν

2121 3732 2441 3801 πανομένην
2471 3731 2591 3796 ίδοι,
2648 3733 3041 3800 προσαγγεῖλαι
3086 3731 3168 3802 τῷ
3208 3732 3483 3802 μακαρίῳ.
3519 3730 3607 3793 Ὡς
3645 3731 3703 3784 δὲ

2121 3824 2214 3876 καὶ
2246 3820 2404 3885 αὖθις
2437 3823 2523 3875 διὰ
2537 3824 2631 3891 τῆς
2662 3822 2805 3892 ὀπῆς
2827 3823 3115 3893 εἰσόλέψας
3151 3821 3298 3893 ἑώρα
3334 3824 3704 3894 προσεκτικὴν

2119 3914 2287 3967 εἰσέτι
2314 3914 2409 3967 καὶ
2436 3913 2859 3985 διεγρηγορυῖαν
2887 3915 2985 3983 τὴν
3012 3913 3274 3978 ἔντευξιν,
3302 3914 3530 3984 ἄκαιρον
3560 3910 3706 3967 εἶναι

2121 4005 2216 4058 καὶ
2243 4004 2436 4074 ἰταμὸν
2471 4007 2822 4075 ἡγησάμενος
2867 4004 3044 4069 οὕτως
3087 4004 3279 4076 έχοντα
3318 4005 3574 4077 διακόψαι
3610 4005 3705 4057 τὶν

2118 4095 2296 4165 λόγον,
2331 4096 2571 4149 ἐπανιὼν
2602 4096 2758 4159 αὖθις
2783 4096 3095 4168 διηπορεῖτο
3122 4097 3211 4159 τίς
3235 4112 3296 4150 τε
3327 4098 3411 4165 εἴη
3448 4098 3479 4150 ὁ
3507 4096 3700 4163 λέγων,

2120 4188 2218 4242 καὶ
2244 4188 2362 4251 πῶς
2385 4189 2639 4254 εἰσέλθοι,
2665 4188 2740 4259 μὴ
2757 4188 2908 4259 αὐτῷ
2930 4189 3194 4260 πρότερον
3218 4179 3503 4256 ἀγγελθὲν.
3524 4186 3705 4257 Βραχὺ

2123 4281 2304 4336 τοίνυν
2333 4279 2577 4351 ἐπισχὼν
2597 4281 2784 4335 ἄπεισι
2811 4281 2998 4346 πάλιν,
3026 4281 3122 4333 καὶ
3152 4279 3353 4348 ὁμοίως
3385 4277 3508 4331 ίδὼν
3537 4281 3703 4348 ἀτενῆ

436 4366 773 4421 nuntiatum.
827 4362 966 4419 Cum
1004 4373 1187 4419 autem
1231 4378 1422 4432 parum
1462 4363 1828 4428 substitisset,
1874 4363 2017 4418 vadit

2127 4376 2224 4429 καὶ
2257 4373 2341 4427 ἔτι
2369 4374 2663 4442 γινομένην
2684 4372 2782 4441 τὴν
2807 4372 3047 4441 ὁμιλίαν,
3064 4373 3187 4426 ἐπεὶ
3209 4371 3305 4426 καὶ
3331 4372 3392 4424 τὸ
3419 4370 3575 4437 ξύλον
3602 4370 3705 4440 ἤδη

435 4472 652 4522 rursus,
705 4466 761 4513 et
809 4472 935 4513 cum
988 4472 1179 4513 rursus
1203 4457 1429 4511 vidisset
1474 4465 1582 4510 tam
1619 4456 1932 4527 diligentem
1964 4465 2022 4511 et

437 4560 553 4607 tam
572 4549 769 4605 seriam
799 4548 1245 4616 collocutionem,
1274 4549 1480 4620 lignum
1523 4562 1655 4603 vero
1682 4549 1794 4619 iam
1832 4548 2016 4618 pulsa-
2056 4565 2062 4570 ·

436 4653 553 4696 tum
587 4648 806 4699 vocaret
838 4639 906 4695 ad
931 4639 1428 4709 congregationem,
1450 4638 1717 4693 accedens
1745 4640 1810 4694 ad
1835 4640 2016 4694 homi-

438 4749 589 4798 nem,
621 4733 756 4791 dixit
794 4748 921 4787 eum
950 4731 1018 4787 de
1058 4742 1258 4789 caetero
1279 4747 1395 4786 non
1417 4745 1580 4801 posse
1610 4730 2020 4799 ipsum'conve-

439 4826 560 4881 nire
595 4839 767 4895 usque
822 4825 890 4879 ad
929 4824 1094 4881 finem
1145 4825 1430 4901 matutina:
1478 4820 1889 4895 glerificationis
1922 4837 1937 4874 :
1967 4830 2022 4876 ct

439 4922 699 4989 protinus
731 4934 859 4973 eum
885 4916 1113 4982 emittit,
1149 4918 1348 4988 iubens
1377 4930 1505 4969 eum
1537 4914 1718 4968 redire
1738 4914 2018 4983 postridie.

449 5016 602 5069 Venit
631 5016 815 5083 itaque
840 5013 1012 5079 homo.
1034 5012 1144 5074 ille,
1169 5020 1224 5064 et
1255 5009 1477 5063 Proeliis
1506 5009 1691 5060 statim
1708 5007 1851 5061 vadit
1883 5007 2018 5061 nihil

442 5116 750 5171 cunctatus,
775 5105 1041 5160 eteadem
1081 5118 1272 5157 rursus
1296 5101 1451 5165 vidit,
1475 5099 1610 5153 nihil
1646 5110 1898 5154 cessante
1928 5100 2020 5153 illa

440 5202 819 5255 collocutione.
855 5201 1303 5269 Propterea-ergo
1320 5211 1431 5250 non
1464 5211 1633 5249 ausus
1666 5196 1814 5249 illum
1841 5195 2021 5249 adhuc

440 5294 755 5357 adumucre,
780 5296 1091 5358 revertitur,
1121 5293 1294 5346 tristis
1327 5290 1466 5345 tristi
1495 5306 1619 5344 vero
1645 5304 1934 5358 apparens,
1964 5297 2019 5342 et

344 5456 353 5463 _
441 5396 543 5454 qur
567 5389 671 5441 hoc
704 5388 928 5443 nomine
953 5386 1150 5440 merito
1169 5392 1314 5439 esset
1341 5371 1699 5445 accusandus,
1739 5381 1883 5450 quod
1917 5382 2017 5433 ho-

440 5481 595 5545 mini,
626 5480 716 5549 qui
739 5480 795 5534 in
828 5479 968 5535 mala
991 5479 1125 5532 talia'
1148 5478 1433 5539 inciderat,
1461 5483 1514 5529 ct
1548 5484 1656 5528 tam
1693 5486 1855 5544 grave
1882 5481 2020 5526 tem-

2127 4465 2394 4537 κρουσθὲν
2423 4466 2505 4527 είς
2536 4465 2635 4535 τὴν
2683 4463 2903 4530 σύναξιν
2934 4463 3259 4535 παρεκάλει,
3285 4462 3601 4534 προσελθὼν
3627 4460 3707 4532 τῷ

2124 4556 2420 4628 ἀνθρώπῳ,
2446 4556 2751 4627 ἀνομίλητα
2777 4553 2872 4608 τοῦ
2898 4553 3088 4608 λοιποῦ
3114 4554 3182 4608 τὰ
3213 4553 3350 4625 πρὸς
3377 4553 3539 4607 αὐτὸν
3566 4548 3707 4605 εἶναι

2125 4648 2274 4716 λέγει
2311 4647 2469 4718 μέχρι
2521 4647 2709 4710 τέλους
2741 4646 2840 4714 τῆς
2871 4644 2967 4699 τοῦ
2999 4644 3200 4716 ὄρθρου
3230 4644 3541 4712 δοξολογίας
3564 4684 3578 4701 .
3611 4645 3708 4696 καὶ

2126 4738 2291 4801 εὐθὺς
2335 4737 2616 4808 ἐκπέμπει
2644 4736 3139 4805 διακελευσάμενος
3164 4737 3243 4797 εἰς
3275 4736 3375 4805 τὴν
3412 4732 3708 4801 ὑστεραίαν

2124 4829 2464 4885 ἐπανελθεῖν.
2493 4825 2637 4881 Ἷίκε
2657 4826 2950 4897 τοιγαροῦν
2978 4829 3006 4880 ὁ
3034 4826 3341 4894 ἄνθρωπος,
3373 4826 3469 4879 καὶ
3505 4828 3535 4879 ὁ
3563 4823 3707 4895 Πρόν-

2126 4922 2254 4985 κλος
2286 4921 2556 4992 μελλήσας
2589 4920 2741 4973 οὐδὲν
2763 4919 2974 4985 ἄπεισι,
2997 4920 3091 4973 καὶ
3118 4920 3188 4972 τὰ
3217 4919 3357 4972 αὐτὰ
3388 4917 3551 4971 πάλιν
3578 4917 3703 4986 ὁρᾷ,

2131 5012 2296 5082 μηδὲν
2329 5009 2666 5079 ὕπενδούσης
2705 5009 2804 5078 τῆς
2836 5009 3077 5079 ὁμιλίας.
3129 5010 3228 5062 Διά
3269 5009 3445 5073 ταῦτα
3485 5007 3580 5061 οὖν
3613 5007 3735 5062 καὶ·

2125 5102 2207 5156 ἔτι
2237 5102 2334 5171 τὴν
2380 5101 2688 5170 ὑπόμνησιν
2737 5100 2810 5169 μὴ
2844 5095 3149 5170 θαρρήσας,
3196 5100 3445 5152 ἐπάνεισι
3476 5096 3709 5167 λυπηρῷ

2128 5196 2375 5264 λυπηρὸς
2404 5193 2483 5261 τῷ
2510 5175 2663 5261 ἀνδρὶ
2690 5193 2903 5260 φανεὶς,
2930 5191 3025 5243 καὶ
3053 5189 3405 5256 ἐγκαλεῖσθαι
3429 5189 3708 5258 νομισθεὶς

2125 5286 2353 5349 δίκαιος,
2416 5286 2499 5338 ὅτι
2537 5283 2810 5354 ἀνθρώπῳ
2860 5283 3222 5353 ἀνθρωπίνοις
3271 5283 3565 5350 ἐμπεσόντι
3604 5297 3700 5332 κα·

2125 5379 2263 5439 κοῖς,
2297 5378 2389 5428 καὶ
2425 5377 2619 5445 καιροῦ
2662 5376 2926 5446 βαρύτητι
2975 5374 3310 5444 χρησαμένῳ
3345 5372 3420 5442 μὴ
3466 5374 3707 5442 χρηστὸς

2126 5468 2389 5537 φαίνοιτο,
2422 5468 2554 5538 μηδὲ
2585 5467 2655 5520 τὰ
2679 5468 2881 5522 δυνατὰ
2917 5470 3327 5536 συναιρόμενος,
3358 5465 3472 5519 ἀλλ’
3497 5466 3707 5534 ἑτέροις

518 5664 628 5733 (l0)
668 5663 800 5719 Vide
823 5663 889 5719 de
916 5663 1020 5719 hac
1049 5661 1276 5719 historia
1312 5659 1707 5717 Damasccnum
1734 5656 1812 5711 De
1850 5657 2012 5726 imag.
2048 5662 2184 5712 orat.
2213 5668 2229 5709 ι
2265 5670 2279 5710 :
2320 5650 2558 5707 Leonem
2583 5650 2811 5723 August.
2851 5659 2906 5706 et
2937 5659 3181 5705 caeteros.
