  <div class='ocr_page' id='page_1' title='image "/cluster/home/n/w/nwhite01/storage/ocr_20150623/114:no.1/coo.31924054870187/560.png"; bbox 0 0 4138 6440; ppageno 0'>
   <div class='ocr_carea' id='block_1_1' title="bbox 386 581 522 649">
    <p class='ocr_par' dir='ltr' id='par_1_1' title="bbox 386 581 522 649">
     <span class='ocr_line' id='line_1_1' title="bbox 386 581 522 649; baseline 0.007 -2"><span class='ocrx_word' id='word_1_1' title='bbox 386 581 522 649; x_wconf 76' lang='grc' dir='ltr'>11θὸ</span> 
     </span>
    </p>
   </div>
   <div class='ocr_carea' id='block_1_2' title="bbox 1320 534 2584 645">
    <p class='ocr_par' dir='ltr' id='par_1_2' title="bbox 1320 534 2584 645">
     <span class='ocr_line' id='line_1_2' title="bbox 1320 534 2584 645; baseline -0.003 -2"><span class='ocrx_word' id='word_1_2' title='bbox 1320 534 1534 645; x_wconf 58' lang='grc' dir='ltr'><strong>’νΙΤΑ</strong></span> <span class='ocrx_word' id='word_1_3' title='bbox 1564 562 1624 641; x_wconf 78' lang='lat' dir='ltr'><strong>s.</strong></span> <span class='ocrx_word' id='word_1_4' title='bbox 1663 576 1986 642; x_wconf 74' lang='lat' dir='ltr'><strong>JOANNIS</strong></span> <span class='ocrx_word' id='word_1_5' title='bbox 2023 575 2584 639; x_wconf 70' lang='lat' dir='ltr'><strong>cunrsosrom.</strong></span> 
     </span>
    </p>
   </div>
   <div class='ocr_carea' id='block_1_3' title="bbox 3514 576 3655 645">
    <p class='ocr_par' dir='ltr' id='par_1_3' title="bbox 3514 576 3655 645">
     <span class='ocr_line' id='line_1_3' title="bbox 3514 576 3655 645; baseline 0.028 -4"><span class='ocrx_word' id='word_1_6' title='bbox 3514 576 3655 645; x_wconf 79' lang='grc'>1106</span> 
     </span>
    </p>
   </div>
   <div class='ocr_carea' id='block_1_4' title="bbox 387 688 1960 773">
    <p class='ocr_par' dir='ltr' id='par_1_4' title="bbox 387 688 1960 773">
     <span class='ocr_line' id='line_1_4' title="bbox 387 688 1960 773; baseline -0.006 -20"><span class='ocrx_word' id='word_1_7' title='bbox 387 697 672 773; x_wconf 73' lang='grc' dir='ltr'><strong>χαρίζεται</strong></span> <span class='ocrx_word' id='word_1_8' title='bbox 722 694 947 767; x_wconf 77' lang='grc' dir='ltr'><strong>μᾶλλον,</strong></span> <span class='ocrx_word' id='word_1_9' title='bbox 980 696 1081 766; x_wconf 73' lang='grc' dir='ltr'><strong>τὴν</strong></span> <span class='ocrx_word' id='word_1_10' title='bbox 1114 695 1195 759; x_wconf 81' lang='grc' dir='ltr'><strong>είς</strong></span> <span class='ocrx_word' id='word_1_11' title='bbox 1224 692 1317 747; x_wconf 84' lang='grc' dir='ltr'><strong>τδν</strong></span> <span class='ocrx_word' id='word_1_12' title='bbox 1366 692 1542 764; x_wconf 87' lang='grc' dir='ltr'><strong>μέγαν</strong></span> <span class='ocrx_word' id='word_1_13' title='bbox 1566 691 1772 773; x_wconf 68' lang='grc' dir='ltr'><strong>εἴσοδον</strong></span> <span class='ocrx_word' id='word_1_14' title='bbox 1807 688 1960 743; x_wconf 56' lang='lat' dir='ltr'><strong>«om</strong></span> 
     </span>
    </p>
   </div>
   <div class='ocr_carea' id='block_1_5' title="bbox 2062 688 3653 773">
    <p class='ocr_par' dir='ltr' id='par_1_5' title="bbox 2075 692 3653 766">
     <span class='ocr_line' id='line_1_5' title="bbox 2075 692 3653 766; baseline 0.008 -26"><span class='ocrx_word' id='word_1_15' title='bbox 2075 703 2180 758; x_wconf 87' lang='lat' dir='ltr'><strong>pus</strong></span> <span class='ocrx_word' id='word_1_16' title='bbox 2202 699 2328 745; x_wconf 83' lang='lat' dir='ltr'><strong>erat</strong></span> <span class='ocrx_word' id='word_1_17' title='bbox 2365 705 2680 761; x_wconf 86' lang='lat' dir='ltr'><strong>perpessus,</strong></span> <span class='ocrx_word' id='word_1_18' title='bbox 2716 705 2825 746; x_wconf 92' lang='lat' dir='ltr'><strong>non</strong></span> <span class='ocrx_word' id='word_1_19' title='bbox 2874 706 2933 747; x_wconf 87' lang='lat' dir='ltr'><strong>se</strong></span> <span class='ocrx_word' id='word_1_20' title='bbox 2970 692 3266 766; x_wconf 78' lang='lat' dir='ltr'><strong>benignum</strong></span> <span class='ocrx_word' id='word_1_21' title='bbox 3310 693 3653 764; x_wconf 62' lang='lat' dir='ltr'><strong>prmbuissetv</strong></span> 
     </span>
    </p>
   </div>
   <div class='ocr_carea' id='block_1_6' title="bbox 380 760 1968 856">
    <p class='ocr_par' dir='ltr' id='par_1_6' title="bbox 380 760 1968 856">
     <span class='ocr_line' id='line_1_6' title="bbox 380 760 1968 856; baseline -0.009 -10"><span class='ocrx_word' id='word_1_22' title='bbox 380 760 506 854; x_wconf 47' lang='lat' dir='ltr'><strong>Qui;</strong></span> <span class='ocrx_word' id='word_1_23' title='bbox 531 760 863 850; x_wconf 26' lang='grc' dir='ltr'><strong>*ἀναϐολαῖς</strong></span> <span class='ocrx_word' id='word_1_24' title='bbox 886 760 1254 856; x_wconf 78' lang='grc' dir='ltr'><strong>κατατρίϐων.</strong></span> <span class='ocrx_word' id='word_1_25' title='bbox 1297 760 1543 838; x_wconf 74' lang='grc' dir='ltr'><strong>Ἐκεῖνον</strong></span> <span class='ocrx_word' id='word_1_26' title='bbox 1579 760 1655 836; x_wconf 71' lang='grc' dir='ltr'><strong>δὲ’</strong></span> <span class='ocrx_word' id='word_1_27' title='bbox 1687 780 1968 837; x_wconf 72' lang='grc' dir='ltr'><strong>διαϐεϐαι-</strong></span> 
     </span>
    </p>
   </div>
   <div class='ocr_carea' id='block_1_7' title="bbox 382 869 1965 944">
    <p class='ocr_par' dir='ltr' id='par_1_7' title="bbox 382 869 1965 944">
     <span class='ocr_line' id='line_1_7' title="bbox 382 869 1965 944; baseline -0.008 -10"><span class='ocrx_word' id='word_1_28' title='bbox 382 881 570 942; x_wconf 84' lang='grc' dir='ltr'><strong>οῦντος</strong></span> <span class='ocrx_word' id='word_1_29' title='bbox 596 877 750 932; x_wconf 78' lang='grc' dir='ltr'><strong>οὐδὲν</strong></span> <span class='ocrx_word' id='word_1_30' title='bbox 774 872 916 930; x_wconf 80' lang='grc' dir='ltr'><strong>εἶναι</strong></span> <span class='ocrx_word' id='word_1_31' title='bbox 947 875 1208 939; x_wconf 85' lang='grc' dir='ltr'><strong>τοιοῦτον,</strong></span> <span class='ocrx_word' id='word_1_32' title='bbox 1232 872 1368 927; x_wconf 85' lang='grc' dir='ltr'><strong>ἀλλά</strong></span> <span class='ocrx_word' id='word_1_33' title='bbox 1400 873 1556 944; x_wconf 88' lang='grc' dir='ltr'><strong>παρά</strong></span> <span class='ocrx_word' id='word_1_34' title='bbox 1588 873 1768 926; x_wconf 83' lang='grc' dir='ltr'><strong>πᾶσαν</strong></span> <span class='ocrx_word' id='word_1_35' title='bbox 1798 869 1965 925; x_wconf 82' lang='grc' dir='ltr'><strong>αὑτοῦ</strong></span> 
     </span>
    </p>
   </div>
   <div class='ocr_carea' id='block_1_8' title="bbox 382 960 1965 1041">
    <p class='ocr_par' dir='ltr' id='par_1_8' title="bbox 382 960 1965 1041">
     <span class='ocr_line' id='line_1_8' title="bbox 382 960 1965 1041; baseline -0.008 -17"><span class='ocrx_word' id='word_1_36' title='bbox 382 969 638 1041; x_wconf 68' lang='grc' dir='ltr'><strong>αἴσθησίν</strong></span> <span class='ocrx_word' id='word_1_37' title='bbox 689 984 748 1021; x_wconf 82' lang='grc' dir='ltr'><strong>τε</strong></span> <span class='ocrx_word' id='word_1_38' title='bbox 791 967 887 1021; x_wconf 74' lang='grc' dir='ltr'><strong>καὶ</strong></span> <span class='ocrx_word' id='word_1_39' title='bbox 938 966 1142 1032; x_wconf 82' lang='grc' dir='ltr'><strong>γνῶσιν</strong></span> <span class='ocrx_word' id='word_1_40' title='bbox 1173 964 1335 1019; x_wconf 84' lang='grc' dir='ltr'><strong>τοῦτο</strong></span> <span class='ocrx_word' id='word_1_41' title='bbox 1366 962 1710 1033; x_wconf 77' lang='grc' dir='ltr'><strong>συμϐαίνειν,</strong></span> <span class='ocrx_word' id='word_1_42' title='bbox 1742 960 1826 1024; x_wconf 79' lang='grc' dir='ltr'><strong>ὡς</strong></span> <span class='ocrx_word' id='word_1_43' title='bbox 1863 960 1965 1031; x_wconf 76' lang='grc' dir='ltr'><strong>ήδη</strong></span> 
     </span>
    </p>
   </div>
   <div class='ocr_carea' id='block_1_9' title="bbox 383 1051 1967 1131">
    <p class='ocr_par' dir='ltr' id='par_1_9' title="bbox 383 1051 1967 1131">
     <span class='ocr_line' id='line_1_9' title="bbox 383 1051 1967 1131; baseline -0.008 -14"><span class='ocrx_word' id='word_1_44' title='bbox 383 1063 517 1118; x_wconf 78' lang='grc' dir='ltr'><strong>πολὺ</strong></span> <span class='ocrx_word' id='word_1_45' title='bbox 551 1062 650 1131; x_wconf 80' lang='grc' dir='ltr'><strong>μὲν</strong></span> <span class='ocrx_word' id='word_1_46' title='bbox 681 1060 780 1129; x_wconf 76' lang='grc' dir='ltr'><strong>τῆς</strong></span> <span class='ocrx_word' id='word_1_47' title='bbox 807 1058 1000 1121; x_wconf 81' lang='grc' dir='ltr'><strong>νυκτὸς</strong></span> <span class='ocrx_word' id='word_1_48' title='bbox 1023 1058 1241 1127; x_wconf 70' lang='grc' dir='ltr'><strong>ἤνυστο,</strong></span> <span class='ocrx_word' id='word_1_49' title='bbox 1259 1053 1426 1126; x_wconf 76' lang='grc' dir='ltr'><strong>μηδὲν</strong></span> <span class='ocrx_word' id='word_1_50' title='bbox 1456 1054 1514 1108; x_wconf 85' lang='grc' dir='ltr'><strong>δὲ</strong></span> <span class='ocrx_word' id='word_1_51' title='bbox 1539 1051 1828 1124; x_wconf 79' lang='grc' dir='ltr'><strong>ἡέντευξις</strong></span> <span class='ocrx_word' id='word_1_52' title='bbox 1857 1053 1967 1105; x_wconf 81' lang='grc' dir='ltr'><strong>ὑπ-</strong></span> 
     </span>
    </p>
   </div>
   <div class='ocr_carea' id='block_1_10' title="bbox 381 1143 1966 1226">
    <p class='ocr_par' dir='ltr' id='par_1_10' title="bbox 381 1143 1966 1226">
     <span class='ocr_line' id='line_1_10' title="bbox 381 1143 1966 1226; baseline -0.008 -18"><span class='ocrx_word' id='word_1_53' title='bbox 381 1155 714 1226; x_wconf 85' lang='grc' dir='ltr'><strong>ηλλάττωτο,</strong></span> <span class='ocrx_word' id='word_1_54' title='bbox 738 1148 1142 1222; x_wconf 60' lang='grc' dir='ltr'><strong>πάλινίτδςξύλον</strong></span> <span class='ocrx_word' id='word_1_55' title='bbox 1164 1145 1649 1219; x_wconf 83' lang='grc' dir='ltr'><strong>κρουσθὲν,.λύπης</strong></span> <span class='ocrx_word' id='word_1_56' title='bbox 1672 1143 1793 1213; x_wconf 81' lang='grc' dir='ltr'><strong>(φεῦ</strong></span> <span class='ocrx_word' id='word_1_57' title='bbox 1812 1143 1851 1215; x_wconf 84' lang='grc'>1)</span> <span class='ocrx_word' id='word_1_58' title='bbox 1872 1143 1966 1197; x_wconf 74' lang='grc' dir='ltr'><strong>καὶ</strong></span> 
     </span>
    </p>
   </div>
   <div class='ocr_carea' id='block_1_11' title="bbox 384 1239 1963 1322">
    <p class='ocr_par' dir='ltr' id='par_1_11' title="bbox 384 1239 1963 1322">
     <span class='ocr_line' id='line_1_11' title="bbox 384 1239 1963 1322; baseline -0.007 -19"><span class='ocrx_word' id='word_1_59' title='bbox 384 1247 727 1322; x_wconf 79' lang='grc' dir='ltr'><strong>βαρυθυμίας</strong></span> <span class='ocrx_word' id='word_1_60' title='bbox 778 1244 981 1314; x_wconf 78' lang='grc' dir='ltr'><strong>μεστὸν</strong></span> <span class='ocrx_word' id='word_1_61' title='bbox 1025 1243 1117 1297; x_wconf 78' lang='grc' dir='ltr'><strong>τὸν</strong></span> <span class='ocrx_word' id='word_1_62' title='bbox 1165 1243 1453 1313; x_wconf 77' lang='grc' dir='ltr'><strong>ἄνθρωπον</strong></span> <span class='ocrx_word' id='word_1_63' title='bbox 1492 1242 1847 1310; x_wconf 82' lang='grc' dir='ltr'><strong>ἀποπέμπει,</strong></span> <span class='ocrx_word' id='word_1_64' title='bbox 1901 1239 1963 1293; x_wconf 88' lang='grc' dir='ltr'><strong>ού</strong></span> 
     </span>
    </p>
   </div>
   <div class='ocr_carea' id='block_1_12' title="bbox 385 1332 1965 1414">
    <p class='ocr_par' dir='ltr' id='par_1_12' title="bbox 385 1332 1965 1414">
     <span class='ocr_line' id='line_1_12' title="bbox 385 1332 1965 1414; baseline -0.008 -18"><span class='ocrx_word' id='word_1_65' title='bbox 385 1343 492 1414; x_wconf 76' lang='grc' dir='ltr'><strong>μὴν</strong></span> <span class='ocrx_word' id='word_1_66' title='bbox 531 1340 673 1394; x_wconf 84' lang='grc' dir='ltr'><strong>ὥστε</strong></span> <span class='ocrx_word' id='word_1_67' title='bbox 701 1339 795 1393; x_wconf 74' lang='grc' dir='ltr'><strong>καὶ</strong></span> <span class='ocrx_word' id='word_1_68' title='bbox 819 1336 1135 1407; x_wconf 81' lang='grc' dir='ltr'>ἀπογνῶναι</span> <span class='ocrx_word' id='word_1_69' title='bbox 1164 1336 1263 1406; x_wconf 84' lang='grc' dir='ltr'><strong>τὴν</strong></span> <span class='ocrx_word' id='word_1_70' title='bbox 1291 1335 1538 1398; x_wconf 77' lang='grc' dir='ltr'><strong>εἰσαῦθις</strong></span> <span class='ocrx_word' id='word_1_71' title='bbox 1570 1333 1853 1388; x_wconf 80' lang='grc' dir='ltr'><strong>ἐπάνοδον.</strong></span> <span class='ocrx_word' id='word_1_72' title='bbox 1875 1332 1965 1404; x_wconf 74' lang='grc' dir='ltr'><strong>Τῷ</strong></span> 
     </span>
    </p>
   </div>
   <div class='ocr_carea' id='block_1_13' title="bbox 379 1426 1964 1503">
    <p class='ocr_par' dir='ltr' id='par_1_13' title="bbox 379 1426 1964 1503">
     <span class='ocr_line' id='line_1_13' title="bbox 379 1426 1964 1503; baseline -0.004 -17"><span class='ocrx_word' id='word_1_73' title='bbox 379 1434 435 1488; x_wconf 75' lang='grc' dir='ltr'><strong>δὲ</strong></span> <span class='ocrx_word' id='word_1_74' title='bbox 465 1431 696 1503; x_wconf 79' lang='grc' dir='ltr'><strong>Πρόκλῳ</strong></span> <span class='ocrx_word' id='word_1_75' title='bbox 727 1429 1031 1500; x_wconf 80' lang='grc' dir='ltr'><strong>θαυμάζειν</strong></span> <span class='ocrx_word' id='word_1_76' title='bbox 1065 1430 1164 1499; x_wconf 83' lang='grc' dir='ltr'><strong>μὲν</strong></span> <span class='ocrx_word' id='word_1_77' title='bbox 1194 1428 1436 1500; x_wconf 85' lang='grc' dir='ltr'><strong>ἀτεχνῶς</strong></span> <span class='ocrx_word' id='word_1_78' title='bbox 1474 1429 1638 1501; x_wconf 73' lang='grc' dir='ltr'><strong>ἐπῄει</strong></span> <span class='ocrx_word' id='word_1_79' title='bbox 1661 1445 1675 1459; x_wconf 92' lang='grc'>·</span> <span class='ocrx_word' id='word_1_80' title='bbox 1708 1426 1964 1497; x_wconf 78' lang='grc' dir='ltr'><strong>ἐγκαλεῖν</strong></span> 
     </span>
    </p>
   </div>
   <div class='ocr_carea' id='block_1_14' title="bbox 381 1518 1965 1595">
    <p class='ocr_par' dir='ltr' id='par_1_14' title="bbox 381 1518 1965 1595">
     <span class='ocr_line' id='line_1_14' title="bbox 381 1518 1965 1595; baseline -0.006 -13"><span class='ocrx_word' id='word_1_81' title='bbox 381 1528 438 1581; x_wconf 72' lang='grc' dir='ltr'><strong>δὲ</strong></span> <span class='ocrx_word' id='word_1_82' title='bbox 487 1525 672 1595; x_wconf 76' lang='grc' dir='ltr'><strong>παρῆν</strong></span> <span class='ocrx_word' id='word_1_83' title='bbox 714 1524 914 1587; x_wconf 72' lang='grc' dir='ltr'><strong>οὐδενὶ,</strong></span> <span class='ocrx_word' id='word_1_84' title='bbox 958 1522 1137 1595; x_wconf 85' lang='grc' dir='ltr'><strong>ἐαυτῷ</strong></span> <span class='ocrx_word' id='word_1_85' title='bbox 1165 1522 1221 1576; x_wconf 87' lang='grc' dir='ltr'><strong>δέ</strong></span> <span class='ocrx_word' id='word_1_86' title='bbox 1262 1522 1583 1593; x_wconf 74' lang='grc' dir='ltr'><strong>μέμφεσθαι</strong></span> <span class='ocrx_word' id='word_1_87' title='bbox 1635 1521 1857 1593; x_wconf 79' lang='grc' dir='ltr'><strong>μᾶλλον,</strong></span> <span class='ocrx_word' id='word_1_88' title='bbox 1888 1518 1965 1585; x_wconf 83' lang='grc' dir='ltr'><strong>ὡς</strong></span> 
     </span>
    </p>
   </div>
   <div class='ocr_carea' id='block_1_15' title="bbox 385 1616 1964 1694">
    <p class='ocr_par' dir='ltr' id='par_1_15' title="bbox 385 1616 1964 1694">
     <span class='ocr_line' id='line_1_15' title="bbox 385 1616 1964 1694; baseline -0.004 -17"><span class='ocrx_word' id='word_1_89' title='bbox 385 1623 535 1694; x_wconf 84' lang='grc' dir='ltr'><strong>παρά</strong></span> <span class='ocrx_word' id='word_1_90' title='bbox 554 1621 651 1693; x_wconf 80' lang='grc' dir='ltr'><strong>τὴν</strong></span> <span class='ocrx_word' id='word_1_91' title='bbox 673 1620 839 1675; x_wconf 82' lang='grc' dir='ltr'><strong>αὐτοῦ</strong></span> <span class='ocrx_word' id='word_1_92' title='bbox 864 1619 1128 1690; x_wconf 77' lang='grc' dir='ltr'><strong>ἀμέλειαν</strong></span> <span class='ocrx_word' id='word_1_93' title='bbox 1155 1618 1313 1674; x_wconf 82' lang='grc' dir='ltr'><strong>τοῦτο</strong></span> <span class='ocrx_word' id='word_1_94' title='bbox 1334 1619 1655 1690; x_wconf 79' lang='grc' dir='ltr'><strong>συμϐαῖνον.</strong></span> <span class='ocrx_word' id='word_1_95' title='bbox 1670 1617 1770 1672; x_wconf 84' lang='grc' dir='ltr'><strong>Διά</strong></span> <span class='ocrx_word' id='word_1_96' title='bbox 1787 1616 1964 1672; x_wconf 83' lang='grc' dir='ltr'><strong>ταῦτα</strong></span> 
     </span>
    </p>
   </div>
   <div class='ocr_carea' id='block_1_16' title="bbox 336 1707 1966 1785">
    <p class='ocr_par' dir='ltr' id='par_1_16' title="bbox 336 1707 1966 1785">
     <span class='ocr_line' id='line_1_16' title="bbox 336 1707 1966 1785; baseline -0.004 -17"><span class='ocrx_word' id='word_1_97' title='bbox 336 1770 345 1779; x_wconf 66' lang='grc'><strong>,</strong></span> <span class='ocrx_word' id='word_1_98' title='bbox 382 1707 481 1769; x_wconf 70' lang='grc' dir='ltr'><strong>καὶ</strong></span> <span class='ocrx_word' id='word_1_99' title='bbox 510 1714 786 1784; x_wconf 74' lang='grc' dir='ltr'><strong>συνθήκας</strong></span> <span class='ocrx_word' id='word_1_100' title='bbox 812 1712 992 1784; x_wconf 78' lang='grc' dir='ltr'><strong>ἐαυτῷ</strong></span> <span class='ocrx_word' id='word_1_101' title='bbox 1022 1711 1207 1785; x_wconf 86' lang='grc' dir='ltr'><strong>τίθησι</strong></span> <span class='ocrx_word' id='word_1_102' title='bbox 1236 1713 1391 1768; x_wconf 81' lang='grc' dir='ltr'><strong>’πάνυ</strong></span> <span class='ocrx_word' id='word_1_103' title='bbox 1430 1710 1656 1783; x_wconf 71' lang='grc' dir='ltr'><strong>βεϐαίας</strong></span> <span class='ocrx_word' id='word_1_104' title='bbox 1688 1711 1763 1783; x_wconf 79' lang='grc' dir='ltr'><strong>μὴ</strong></span> <span class='ocrx_word' id='word_1_105' title='bbox 1797 1727 1966 1781; x_wconf 86' lang='grc' dir='ltr'><strong>προσ-</strong></span> 
     </span>
    </p>
   </div>
   <div class='ocr_carea' id='block_1_17' title="bbox 381 1800 1962 1878">
    <p class='ocr_par' dir='ltr' id='par_1_17' title="bbox 381 1800 1962 1878">
     <span class='ocr_line' id='line_1_17' title="bbox 381 1800 1962 1878; baseline -0.003 -17"><span class='ocrx_word' id='word_1_106' title='bbox 381 1806 536 1861; x_wconf 80' lang='grc' dir='ltr'><strong>έσθαι</strong></span> <span class='ocrx_word' id='word_1_107' title='bbox 563 1807 792 1877; x_wconf 84' lang='grc' dir='ltr'><strong>τροφὴν,</strong></span> <span class='ocrx_word' id='word_1_108' title='bbox 828 1807 905 1877; x_wconf 78' lang='grc' dir='ltr'><strong>μὴ</strong></span> <span class='ocrx_word' id='word_1_109' title='bbox 935 1805 1092 1877; x_wconf 78' lang='grc' dir='ltr'><strong>ὕπνῳ</strong></span> <span class='ocrx_word' id='word_1_110' title='bbox 1130 1800 1297 1874; x_wconf 79' lang='grc' dir='ltr'><strong>εἶξαι,</strong></span> <span class='ocrx_word' id='word_1_111' title='bbox 1329 1806 1404 1878; x_wconf 81' lang='grc' dir='ltr'><strong>μὴ</strong></span> <span class='ocrx_word' id='word_1_112' title='bbox 1435 1804 1609 1877; x_wconf 80' lang='grc' dir='ltr'><strong>βραχὺ</strong></span> <span class='ocrx_word' id='word_1_113' title='bbox 1645 1805 1755 1858; x_wconf 86' lang='grc' dir='ltr'><strong>τῶν</strong></span> <span class='ocrx_word' id='word_1_114' title='bbox 1780 1803 1962 1874; x_wconf 84' lang='grc' dir='ltr'><strong>θυρῶν</strong></span> 
     </span>
    </p>
   </div>
   <div class='ocr_carea' id='block_1_18' title="bbox 376 1893 1963 1967">
    <p class='ocr_par' dir='ltr' id='par_1_18' title="bbox 376 1893 1963 1967">
     <span class='ocr_line' id='line_1_18' title="bbox 376 1893 1963 1967; baseline -0.003 -17"><span class='ocrx_word' id='word_1_115' title='bbox 376 1895 705 1966; x_wconf 73' lang='grc' dir='ltr'><strong>ἀποστῆναι,</strong></span> <span class='ocrx_word' id='word_1_116' title='bbox 735 1895 843 1960; x_wconf 72' lang='grc' dir='ltr'><strong>ἕως</strong></span> <span class='ocrx_word' id='word_1_117' title='bbox 877 1895 1027 1967; x_wconf 77' lang='grc' dir='ltr'><strong>αὑτῷ</strong></span> <span class='ocrx_word' id='word_1_118' title='bbox 1048 1895 1264 1965; x_wconf 85' lang='grc' dir='ltr'><strong>γένοιτο</strong></span> <span class='ocrx_word' id='word_1_119' title='bbox 1281 1894 1316 1965; x_wconf 83' lang='grc' dir='ltr'>ἢ</span> <span class='ocrx_word' id='word_1_120' title='bbox 1337 1895 1414 1965; x_wconf 88' lang='grc' dir='ltr'>τῷ</span> <span class='ocrx_word' id='word_1_121' title='bbox 1441 1895 1715 1967; x_wconf 78' lang='grc' dir='ltr'><strong>ἀνθρώπῳ</strong></span> <span class='ocrx_word' id='word_1_122' title='bbox 1734 1893 1963 1965; x_wconf 77' lang='grc' dir='ltr'><strong>πρώτην</strong></span> 
     </span>
    </p>
   </div>
   <div class='ocr_carea' id='block_1_19' title="bbox 379 1985 1958 2059">
    <p class='ocr_par' dir='ltr' id='par_1_19' title="bbox 379 1985 1958 2059">
     <span class='ocr_line' id='line_1_19' title="bbox 379 1985 1958 2059; baseline 0 -18"><span class='ocrx_word' id='word_1_123' title='bbox 379 1986 565 2041; x_wconf 79' lang='grc' dir='ltr'><strong>θέσθαι</strong></span> <span class='ocrx_word' id='word_1_124' title='bbox 597 1988 697 2059; x_wconf 76' lang='grc' dir='ltr'><strong>τὴν</strong></span> <span class='ocrx_word' id='word_1_125' title='bbox 731 1985 1015 2058; x_wconf 81' lang='grc' dir='ltr'><strong>εῖσοδον,ἢ</strong></span> <span class='ocrx_word' id='word_1_126' title='bbox 1052 1988 1249 2057; x_wconf 81' lang='grc' dir='ltr'><strong>μαθεῖν</strong></span> <span class='ocrx_word' id='word_1_127' title='bbox 1276 1988 1361 2052; x_wconf 85' lang='grc' dir='ltr'><strong>τίς</strong></span> <span class='ocrx_word' id='word_1_128' title='bbox 1388 1988 1474 2059; x_wconf 76' lang='grc' dir='ltr'><strong>εἴη</strong></span> <span class='ocrx_word' id='word_1_129' title='bbox 1499 1989 1527 2042; x_wconf 88' lang='lat'><strong>6</strong></span> <span class='ocrx_word' id='word_1_130' title='bbox 1550 1989 1648 2042; x_wconf 75' lang='grc' dir='ltr'><strong>καὶ</strong></span> <span class='ocrx_word' id='word_1_131' title='bbox 1668 1989 1791 2051; x_wconf 84' lang='grc' dir='ltr'><strong>ταῖς</strong></span> <span class='ocrx_word' id='word_1_132' title='bbox 1822 2004 1958 2058; x_wconf 86' lang='grc' dir='ltr'><strong>προ-</strong></span> 
     </span>
    </p>
   </div>
   <div class='ocr_carea' id='block_1_20' title="bbox 2068 781 3657 853">
    <p class='ocr_par' dir='ltr' id='par_1_20' title="bbox 2068 781 3657 853">
     <span class='ocr_line' id='line_1_20' title="bbox 2068 781 3657 853; baseline 0.006 -19"><span class='ocrx_word' id='word_1_133' title='bbox 2068 795 2249 850; x_wconf 88' lang='lat' dir='ltr'><strong>ncque</strong></span> <span class='ocrx_word' id='word_1_134' title='bbox 2271 796 2433 851; x_wconf 87' lang='lat' dir='ltr'><strong>quam</strong></span> <span class='ocrx_word' id='word_1_135' title='bbox 2459 790 2670 852; x_wconf 85' lang='lat' dir='ltr'><strong>poterat</strong></span> <span class='ocrx_word' id='word_1_136' title='bbox 2702 795 2864 853; x_wconf 80' lang='lat' dir='ltr'><strong>opem</strong></span> <span class='ocrx_word' id='word_1_137' title='bbox 2896 781 3057 850; x_wconf 76' lang='lat' dir='ltr'><strong>ferre,</strong></span> <span class='ocrx_word' id='word_1_138' title='bbox 3081 784 3129 839; x_wconf 93' lang='lat' dir='ltr'><strong>ei</strong></span> <span class='ocrx_word' id='word_1_139' title='bbox 3152 784 3396 841; x_wconf 85' lang='lat' dir='ltr'><strong>tulisset:</strong></span> <span class='ocrx_word' id='word_1_140' title='bbox 3421 787 3514 843; x_wconf 88' lang='lat' dir='ltr'><strong>sed</strong></span> <span class='ocrx_word' id='word_1_141' title='bbox 3536 787 3657 843; x_wconf 85' lang='lat' dir='ltr'><strong>aliis</strong></span> 
     </span>
    </p>
   </div>
   <div class='ocr_carea' id='block_1_21' title="bbox 2065 872 3654 947">
    <p class='ocr_par' dir='ltr' id='par_1_21' title="bbox 2065 872 3654 947">
     <span class='ocr_line' id='line_1_21' title="bbox 2065 872 3654 947; baseline 0.006 -20"><span class='ocrx_word' id='word_1_142' title='bbox 2065 875 2249 944; x_wconf 87' lang='lat' dir='ltr'><strong>potius</strong></span> <span class='ocrx_word' id='word_1_143' title='bbox 2288 875 2359 929; x_wconf 88' lang='lat' dir='ltr'><strong>ad</strong></span> <span class='ocrx_word' id='word_1_144' title='bbox 2405 888 2659 945; x_wconf 84' lang='lat' dir='ltr'><strong>magnum</strong></span> <span class='ocrx_word' id='word_1_145' title='bbox 2696 872 2965 931; x_wconf 81' lang='lat' dir='ltr'><strong>Joannem</strong></span> <span class='ocrx_word' id='word_1_146' title='bbox 3000 876 3250 946; x_wconf 69' lang='lat' dir='ltr'><strong>prmbens</strong></span> <span class='ocrx_word' id='word_1_147' title='bbox 3270 879 3498 947; x_wconf 82' lang='lat' dir='ltr'><strong>aditum,</strong></span> <span class='ocrx_word' id='word_1_148' title='bbox 3520 881 3654 936; x_wconf 83' lang='lat' dir='ltr'><strong>dila-</strong></span> 
     </span>
    </p>
   </div>
   <div class='ocr_carea' id='block_1_22' title="bbox 2068 958 3656 1036">
    <p class='ocr_par' dir='ltr' id='par_1_22' title="bbox 2068 958 3656 1036">
     <span class='ocr_line' id='line_1_22' title="bbox 2068 958 3656 1036; baseline 0.003 -15"><span class='ocrx_word' id='word_1_149' title='bbox 2068 966 2312 1021; x_wconf 81' lang='lat' dir='ltr'><strong>tionibus</strong></span> <span class='ocrx_word' id='word_1_150' title='bbox 2350 981 2475 1021; x_wconf 89' lang='lat' dir='ltr'><strong>eum</strong></span> <span class='ocrx_word' id='word_1_151' title='bbox 2536 967 2617 1021; x_wconf 86' lang='lat' dir='ltr'><strong>sic</strong></span> <span class='ocrx_word' id='word_1_152' title='bbox 2650 966 2971 1036; x_wconf 85' lang='lat' dir='ltr'><strong>protelarct.</strong></span> <span class='ocrx_word' id='word_1_153' title='bbox 3034 958 3230 1024; x_wconf 65' lang='lat' dir='ltr'><strong>Procli)</strong></span> <span class='ocrx_word' id='word_1_154' title='bbox 3277 980 3458 1025; x_wconf 83' lang='lat' dir='ltr'><strong>autem</strong></span> <span class='ocrx_word' id='word_1_155' title='bbox 3511 972 3656 1027; x_wconf 72' lang='grc' dir='ltr'><strong>οἰητ-</strong></span> 
     </span>
    </p>
   </div>
   <div class='ocr_carea' id='block_1_23' title="bbox 2066 1044 3655 1129">
    <p class='ocr_par' dir='ltr' id='par_1_23' title="bbox 2066 1044 3655 1129">
     <span class='ocr_line' id='line_1_23' title="bbox 2066 1044 3655 1129; baseline 0.006 -18"><span class='ocrx_word' id='word_1_156' title='bbox 2066 1068 2272 1122; x_wconf 88' lang='lat' dir='ltr'><strong>mante,</strong></span> <span class='ocrx_word' id='word_1_157' title='bbox 2304 1044 2439 1113; x_wconf 82' lang='lat' dir='ltr'><strong>nihil</strong></span> <span class='ocrx_word' id='word_1_158' title='bbox 2473 1074 2596 1114; x_wconf 87' lang='lat' dir='ltr'><strong>esse</strong></span> <span class='ocrx_word' id='word_1_159' title='bbox 2624 1060 2942 1129; x_wconf 88' lang='lat' dir='ltr'><strong>bujusmodi</strong></span> <span class='ocrx_word' id='word_1_160' title='bbox 2983 1078 2996 1114; x_wconf 90' lang='lat'>:</span> <span class='ocrx_word' id='word_1_161' title='bbox 3035 1060 3129 1116; x_wconf 90' lang='lat' dir='ltr'><strong>sed</strong></span> <span class='ocrx_word' id='word_1_162' title='bbox 3156 1077 3215 1115; x_wconf 88' lang='lat' dir='ltr'><strong>se</strong></span> <span class='ocrx_word' id='word_1_163' title='bbox 3243 1079 3353 1118; x_wconf 90' lang='lat' dir='ltr'><strong>non</strong></span> <span class='ocrx_word' id='word_1_164' title='bbox 3383 1067 3655 1123; x_wconf 87' lang='lat' dir='ltr'><strong>sentiente</strong></span> 
     </span>
    </p>
   </div>
   <div class='ocr_carea' id='block_1_24' title="bbox 2069 1151 3656 1228">
    <p class='ocr_par' dir='ltr' id='par_1_24' title="bbox 2069 1151 3656 1228">
     <span class='ocr_line' id='line_1_24' title="bbox 2069 1151 3656 1228; baseline 0.006 -23"><span class='ocrx_word' id='word_1_165' title='bbox 2069 1167 2175 1206; x_wconf 90' lang='lat' dir='ltr'><strong>nec</strong></span> <span class='ocrx_word' id='word_1_166' title='bbox 2226 1151 2436 1207; x_wconf 78' lang='lat' dir='ltr'><strong>sciente</strong></span> <span class='ocrx_word' id='word_1_167' title='bbox 2503 1153 2609 1208; x_wconf 90' lang='lat' dir='ltr'><strong>hoc</strong></span> <span class='ocrx_word' id='word_1_168' title='bbox 2656 1153 2947 1221; x_wconf 67' lang='lat' dir='ltr'><strong>accidisse,</strong></span> <span class='ocrx_word' id='word_1_169' title='bbox 2997 1171 3121 1210; x_wconf 86' lang='lat' dir='ltr'><strong>cum</strong></span> <span class='ocrx_word' id='word_1_170' title='bbox 3146 1156 3256 1225; x_wconf 79' lang='lat' dir='ltr'><strong>jam</strong></span> <span class='ocrx_word' id='word_1_171' title='bbox 3309 1171 3500 1228; x_wconf 75' lang='lat' dir='ltr'><strong>inagna</strong></span> <span class='ocrx_word' id='word_1_172' title='bbox 3531 1172 3656 1227; x_wconf 82' lang='lat' dir='ltr'><strong>pars</strong></span> 
     </span>
    </p>
   </div>
   <div class='ocr_carea' id='block_1_25' title="bbox 2064 1244 3656 1316">
    <p class='ocr_par' dir='ltr' id='par_1_25' title="bbox 2064 1244 3656 1316">
     <span class='ocr_line' id='line_1_25' title="bbox 2064 1244 3656 1316; baseline 0.004 -17"><span class='ocrx_word' id='word_1_173' title='bbox 2064 1244 2248 1299; x_wconf 85' lang='lat' dir='ltr'><strong>noctis</strong></span> <span class='ocrx_word' id='word_1_174' title='bbox 2281 1253 2429 1299; x_wconf 89' lang='lat' dir='ltr'><strong>esset</strong></span> <span class='ocrx_word' id='word_1_175' title='bbox 2453 1253 2749 1311; x_wconf 88' lang='lat' dir='ltr'><strong>transacta,</strong></span> <span class='ocrx_word' id='word_1_176' title='bbox 2777 1261 3124 1316; x_wconf 82' lang='lat' dir='ltr'><strong>nequaquam</strong></span> <span class='ocrx_word' id='word_1_177' title='bbox 3154 1257 3337 1302; x_wconf 86' lang='lat' dir='ltr'><strong>autem</strong></span> <span class='ocrx_word' id='word_1_178' title='bbox 3370 1249 3656 1305; x_wconf 87' lang='lat' dir='ltr'><strong>minuere-</strong></span> 
     </span>
    </p>
   </div>
   <div class='ocr_carea' id='block_1_26' title="bbox 2066 1336 3653 1411">
    <p class='ocr_par' dir='ltr' id='par_1_26' title="bbox 2066 1336 3653 1411">
     <span class='ocr_line' id='line_1_26' title="bbox 2066 1336 3653 1411; baseline 0.003 -19"><span class='ocrx_word' id='word_1_179' title='bbox 2066 1346 2155 1392; x_wconf 92' lang='lat' dir='ltr'><strong>tur</strong></span> <span class='ocrx_word' id='word_1_180' title='bbox 2185 1336 2273 1390; x_wconf 90' lang='lat' dir='ltr'><strong>illa</strong></span> <span class='ocrx_word' id='word_1_181' title='bbox 2304 1336 2615 1403; x_wconf 85' lang='lat' dir='ltr'><strong>collocutio,</strong></span> <span class='ocrx_word' id='word_1_182' title='bbox 2649 1337 2852 1408; x_wconf 81' lang='lat' dir='ltr'><strong>lignum</strong></span> <span class='ocrx_word' id='word_1_183' title='bbox 2888 1354 3078 1394; x_wconf 87' lang='lat' dir='ltr'><strong>rursus</strong></span> <span class='ocrx_word' id='word_1_184' title='bbox 3097 1339 3395 1409; x_wconf 87' lang='lat' dir='ltr'><strong>pulsatum,</strong></span> <span class='ocrx_word' id='word_1_185' title='bbox 3431 1341 3653 1411; x_wconf 88' lang='lat' dir='ltr'><strong>plenum</strong></span> 
     </span>
    </p>
   </div>
   <div class='ocr_carea' id='block_1_27' title="bbox 2064 1428 3652 1501">
    <p class='ocr_par' dir='ltr' id='par_1_27' title="bbox 2064 1428 3652 1501">
     <span class='ocr_line' id='line_1_27' title="bbox 2064 1428 3652 1501; baseline 0.003 -17"><span class='ocrx_word' id='word_1_186' title='bbox 2064 1430 2251 1484; x_wconf 90' lang='lat' dir='ltr'><strong>dolore</strong></span> <span class='ocrx_word' id='word_1_187' title='bbox 2281 1438 2337 1484; x_wconf 88' lang='lat' dir='ltr'><strong>et</strong></span> <span class='ocrx_word' id='word_1_188' title='bbox 2367 1428 2536 1484; x_wconf 90' lang='lat' dir='ltr'><strong>animi</strong></span> <span class='ocrx_word' id='word_1_189' title='bbox 2566 1429 2892 1501; x_wconf 74' lang='lat' dir='ltr'><strong>aegritudine</strong></span> <span class='ocrx_word' id='word_1_190' title='bbox 2927 1432 3183 1487; x_wconf 81' lang='lat' dir='ltr'><strong>amandat</strong></span> <span class='ocrx_word' id='word_1_191' title='bbox 3208 1433 3513 1498; x_wconf 87' lang='lat' dir='ltr'><strong>hominem,</strong></span> <span class='ocrx_word' id='word_1_192' title='bbox 3539 1448 3652 1489; x_wconf 88' lang='lat' dir='ltr'><strong>non</strong></span> 
     </span>
    </p>
   </div>
   <div class='ocr_carea' id='block_1_28' title="bbox 2062 1521 3656 1594">
    <p class='ocr_par' dir='ltr' id='par_1_28' title="bbox 2062 1521 3656 1594">
     <span class='ocr_line' id='line_1_28' title="bbox 2062 1521 3656 1594; baseline 0.004 -18"><span class='ocrx_word' id='word_1_193' title='bbox 2062 1529 2246 1577; x_wconf 88' lang='lat' dir='ltr'><strong>tamen</strong></span> <span class='ocrx_word' id='word_1_194' title='bbox 2275 1522 2371 1586; x_wconf 83' lang='lat' dir='ltr'><strong>ita,</strong></span> <span class='ocrx_word' id='word_1_195' title='bbox 2413 1529 2475 1576; x_wconf 88' lang='lat' dir='ltr'><strong>ut</strong></span> <span class='ocrx_word' id='word_1_196' title='bbox 2512 1521 2681 1577; x_wconf 82' lang='lat' dir='ltr'><strong>futuri</strong></span> <span class='ocrx_word' id='word_1_197' title='bbox 2712 1522 2921 1579; x_wconf 90' lang='lat' dir='ltr'><strong>reditus</strong></span> <span class='ocrx_word' id='word_1_198' title='bbox 2955 1538 3109 1594; x_wconf 83' lang='lat' dir='ltr'><strong>spem</strong></span> <span class='ocrx_word' id='word_1_199' title='bbox 3141 1524 3425 1594; x_wconf 88' lang='lat' dir='ltr'><strong>abjiceret.</strong></span> <span class='ocrx_word' id='word_1_200' title='bbox 3458 1526 3656 1583; x_wconf 88' lang='lat' dir='ltr'><strong>Proclo</strong></span> 
     </span>
    </p>
   </div>
   <div class='ocr_carea' id='block_1_29' title="bbox 2063 1613 3651 1686">
    <p class='ocr_par' dir='ltr' id='par_1_29' title="bbox 2063 1613 3651 1686">
     <span class='ocr_line' id='line_1_29' title="bbox 2063 1613 3651 1686; baseline 0.004 -16"><span class='ocrx_word' id='word_1_201' title='bbox 2063 1627 2197 1670; x_wconf 87' lang='lat' dir='ltr'><strong>vero</strong></span> <span class='ocrx_word' id='word_1_202' title='bbox 2245 1613 2505 1668; x_wconf 89' lang='lat' dir='ltr'><strong>admirari</strong></span> <span class='ocrx_word' id='word_1_203' title='bbox 2562 1614 2806 1684; x_wconf 84' lang='lat' dir='ltr'><strong>quidem,</strong></span> <span class='ocrx_word' id='word_1_204' title='bbox 2863 1622 2926 1670; x_wconf 90' lang='lat' dir='ltr'><strong>ut</strong></span> <span class='ocrx_word' id='word_1_205' title='bbox 2973 1631 3075 1686; x_wconf 87' lang='lat' dir='ltr'><strong>par</strong></span> <span class='ocrx_word' id='word_1_206' title='bbox 3116 1626 3255 1682; x_wconf 91' lang='lat' dir='ltr'><strong>erat,</strong></span> <span class='ocrx_word' id='word_1_207' title='bbox 3301 1619 3562 1674; x_wconf 81' lang='lat' dir='ltr'><strong>veniebat</strong></span> <span class='ocrx_word' id='word_1_208' title='bbox 3594 1621 3651 1676; x_wconf 91' lang='lat' dir='ltr'><strong>in</strong></span> 
     </span>
    </p>
   </div>
   <div class='ocr_carea' id='block_1_30' title="bbox 2062 1703 3654 1780">
    <p class='ocr_par' dir='ltr' id='par_1_30' title="bbox 2062 1703 3654 1780">
     <span class='ocr_line' id='line_1_30' title="bbox 2062 1703 3654 1780; baseline 0.006 -23"><span class='ocrx_word' id='word_1_209' title='bbox 2062 1711 2304 1758; x_wconf 85' lang='lat' dir='ltr'><strong>mentem</strong></span> <span class='ocrx_word' id='word_1_210' title='bbox 2338 1744 2351 1769; x_wconf 89' lang='lat'><strong>,</strong></span> <span class='ocrx_word' id='word_1_211' title='bbox 2384 1703 2481 1759; x_wconf 85' lang='lat' dir='ltr'><strong>sed</strong></span> <span class='ocrx_word' id='word_1_212' title='bbox 2502 1704 2778 1759; x_wconf 81' lang='lat' dir='ltr'><strong>neminem</strong></span> <span class='ocrx_word' id='word_1_213' title='bbox 2811 1704 3067 1772; x_wconf 88' lang='lat' dir='ltr'><strong>habebat,</strong></span> <span class='ocrx_word' id='word_1_214' title='bbox 3091 1722 3255 1777; x_wconf 85' lang='lat' dir='ltr'><strong>quem</strong></span> <span class='ocrx_word' id='word_1_215' title='bbox 3283 1709 3654 1780; x_wconf 84' lang='lat' dir='ltr'><strong>reprehende-</strong></span> 
     </span>
    </p>
   </div>
   <div class='ocr_carea' id='block_1_31' title="bbox 2067 1794 3650 1875">
    <p class='ocr_par' dir='ltr' id='par_1_31' title="bbox 2067 1794 3650 1875">
     <span class='ocr_line' id='line_1_31' title="bbox 2067 1794 3650 1875; baseline 0.006 -26"><span class='ocrx_word' id='word_1_216' title='bbox 2067 1802 2152 1850; x_wconf 86' lang='lat' dir='ltr'><strong>ret</strong></span> <span class='ocrx_word' id='word_1_217' title='bbox 2183 1811 2196 1848; x_wconf 89' lang='lat'><strong>:</strong></span> <span class='ocrx_word' id='word_1_218' title='bbox 2226 1794 2323 1849; x_wconf 88' lang='lat' dir='ltr'><strong>sed</strong></span> <span class='ocrx_word' id='word_1_219' title='bbox 2352 1796 2419 1850; x_wconf 88' lang='lat' dir='ltr'><strong>de</strong></span> <span class='ocrx_word' id='word_1_220' title='bbox 2442 1811 2501 1850; x_wconf 89' lang='lat' dir='ltr'><strong>se</strong></span> <span class='ocrx_word' id='word_1_221' title='bbox 2526 1795 2712 1866; x_wconf 81' lang='lat' dir='ltr'><strong>potius</strong></span> <span class='ocrx_word' id='word_1_222' title='bbox 2755 1798 3113 1871; x_wconf 78' lang='lat' dir='ltr'><strong>querebatur,</strong></span> <span class='ocrx_word' id='word_1_223' title='bbox 3147 1800 3315 1870; x_wconf 86' lang='lat' dir='ltr'><strong>utqui</strong></span> <span class='ocrx_word' id='word_1_224' title='bbox 3354 1815 3450 1856; x_wconf 86' lang='lat' dir='ltr'><strong>sua</strong></span> <span class='ocrx_word' id='word_1_225' title='bbox 3473 1803 3650 1875; x_wconf 74' lang='lat' dir='ltr'><strong>negli-</strong></span> 
     </span>
    </p>
   </div>
   <div class='ocr_carea' id='block_1_32' title="bbox 2064 1888 3651 1965">
    <p class='ocr_par' dir='ltr' id='par_1_32' title="bbox 2064 1888 3651 1965">
     <span class='ocr_line' id='line_1_32' title="bbox 2064 1888 3651 1965; baseline 0.007 -24"><span class='ocrx_word' id='word_1_226' title='bbox 2064 1888 2248 1959; x_wconf 81' lang='lat' dir='ltr'><strong>gentia</strong></span> <span class='ocrx_word' id='word_1_227' title='bbox 2280 1889 2384 1943; x_wconf 90' lang='lat' dir='ltr'><strong>hoc</strong></span> <span class='ocrx_word' id='word_1_228' title='bbox 2432 1897 2653 1958; x_wconf 85' lang='lat' dir='ltr'><strong>putaret</strong></span> <span class='ocrx_word' id='word_1_229' title='bbox 2702 1890 2974 1946; x_wconf 83' lang='lat' dir='ltr'><strong>accidere.</strong></span> <span class='ocrx_word' id='word_1_230' title='bbox 3016 1891 3383 1958; x_wconf 82' lang='lat' dir='ltr'><strong>Quamobrem</strong></span> <span class='ocrx_word' id='word_1_231' title='bbox 3425 1897 3568 1965; x_wconf 84' lang='lat' dir='ltr'><strong>apud</strong></span> <span class='ocrx_word' id='word_1_232' title='bbox 3591 1912 3651 1952; x_wconf 83' lang='lat' dir='ltr'><strong>se</strong></span> 
     </span>
    </p>
   </div>
   <div class='ocr_carea' id='block_1_33' title="bbox 2064 1980 3651 2048">
    <p class='ocr_par' dir='ltr' id='par_1_33' title="bbox 2064 1980 3651 2048">
     <span class='ocr_line' id='line_1_33' title="bbox 2064 1980 3651 2048; baseline 0.006 -18"><span class='ocrx_word' id='word_1_233' title='bbox 2064 1980 2292 2034; x_wconf 82' lang='lat' dir='ltr'><strong>omnino</strong></span> <span class='ocrx_word' id='word_1_234' title='bbox 2337 1981 2642 2048; x_wconf 88' lang='lat' dir='ltr'><strong>constituit,</strong></span> <span class='ocrx_word' id='word_1_235' title='bbox 2676 1996 2788 2036; x_wconf 89' lang='lat' dir='ltr'><strong>non</strong></span> <span class='ocrx_word' id='word_1_236' title='bbox 2832 1980 3015 2037; x_wconf 86' lang='lat' dir='ltr'><strong>cibum</strong></span> <span class='ocrx_word' id='word_1_237' title='bbox 3045 1997 3289 2048; x_wconf 89' lang='lat' dir='ltr'><strong>sumere,</strong></span> <span class='ocrx_word' id='word_1_238' title='bbox 3312 2000 3424 2039; x_wconf 88' lang='lat' dir='ltr'><strong>non</strong></span> <span class='ocrx_word' id='word_1_239' title='bbox 3456 2001 3651 2040; x_wconf 86' lang='lat' dir='ltr'><strong>somno</strong></span> 
     </span>
    </p>
   </div>
   <div class='ocr_carea' id='block_1_34' title="bbox 369 2048 1960 2151">
    <p class='ocr_par' dir='ltr' id='par_1_34' title="bbox 369 2048 1958 2151">
     <span class='ocr_line' id='line_1_34' title="bbox 369 2048 1958 2151; baseline 0 -19"><span class='ocrx_word' id='word_1_240' title='bbox 369 2048 674 2143; x_wconf 38' lang='grc' dir='ltr'><strong>’λαϐούσαις</strong></span> <span class='ocrx_word' id='word_1_241' title='bbox 705 2079 803 2150; x_wconf 79' lang='grc' dir='ltr'><strong>τὴν</strong></span> <span class='ocrx_word' id='word_1_242' title='bbox 847 2048 1162 2151; x_wconf 61' lang='grc' dir='ltr'><strong>εἰσαγωγὴν</strong></span> <span class='ocrx_word' id='word_1_243' title='bbox 1194 2048 1509 2150; x_wconf 68' lang='grc' dir='ltr'><strong>ὑποκλέψας</strong></span> <span class='ocrx_word' id='word_1_244' title='bbox 1532 2096 1547 2110; x_wconf 78' lang='grc'>⁸</span> <span class='ocrx_word' id='word_1_245' title='bbox 1581 2080 1657 2144; x_wconf 85' lang='grc' dir='ltr'><strong>ὡς</strong></span> <span class='ocrx_word' id='word_1_246' title='bbox 1705 2048 1785 2133; x_wconf 25' lang='grc' dir='ltr'><strong>δὲ*</strong></span> <span class='ocrx_word' id='word_1_247' title='bbox 1815 2048 1958 2133; x_wconf 77' lang='grc' dir='ltr'><strong>οῦτω</strong></span> 
     </span>
    </p>
   </div>
   <div class='ocr_carea' id='block_1_35' title="bbox 2062 2048 3698 2151">
    <p class='ocr_par' dir='ltr' id='par_1_35' title="bbox 2064 2070 3698 2142">
     <span class='ocr_line' id='line_1_35' title="bbox 2064 2070 3698 2142; baseline 0.001 -19"><span class='ocrx_word' id='word_1_248' title='bbox 2064 2084 2135 2124; x_wconf 89' lang='lat' dir='ltr'><strong>ne</strong></span> <span class='ocrx_word' id='word_1_249' title='bbox 2155 2070 2443 2125; x_wconf 89' lang='lat' dir='ltr'><strong>minimum</strong></span> <span class='ocrx_word' id='word_1_250' title='bbox 2458 2071 2676 2140; x_wconf 88' lang='lat' dir='ltr'><strong>quidem</strong></span> <span class='ocrx_word' id='word_1_251' title='bbox 2704 2071 2920 2136; x_wconf 87' lang='lat' dir='ltr'><strong>cedere,</strong></span> <span class='ocrx_word' id='word_1_252' title='bbox 2940 2083 3119 2142; x_wconf 87' lang='lat' dir='ltr'><strong>neque</strong></span> <span class='ocrx_word' id='word_1_253' title='bbox 3146 2088 3177 2127; x_wconf 90' lang='lat' dir='ltr'><strong>a</strong></span> <span class='ocrx_word' id='word_1_254' title='bbox 3200 2072 3411 2128; x_wconf 76' lang='lat' dir='ltr'><strong>foribus</strong></span> <span class='ocrx_word' id='word_1_255' title='bbox 3427 2075 3653 2130; x_wconf 81' lang='lat' dir='ltr'><strong>omnino</strong></span> <span class='ocrx_word' id='word_1_256' title='bbox 3687 2110 3698 2125; x_wconf 54' lang='grc' dir='ltr'><strong>κ</strong></span> 
     </span>
    </p>
   </div>
   <div class='ocr_carea' id='block_1_36' title="bbox 378 2166 1959 2244">
    <p class='ocr_par' dir='ltr' id='par_1_36' title="bbox 378 2166 1959 2244">
     <span class='ocr_line' id='line_1_36' title="bbox 378 2166 1959 2244; baseline -0.001 -18"><span class='ocrx_word' id='word_1_257' title='bbox 378 2172 509 2242; x_wconf 75' lang='grc' dir='ltr'><strong>περὶ</strong></span> <span class='ocrx_word' id='word_1_258' title='bbox 539 2170 719 2241; x_wconf 80' lang='grc' dir='ltr'><strong>θυρῶν</strong></span> <span class='ocrx_word' id='word_1_259' title='bbox 750 2166 818 2242; x_wconf 81' lang='grc' dir='ltr'><strong>ἦν</strong></span> <span class='ocrx_word' id='word_1_260' title='bbox 857 2171 1070 2243; x_wconf 77' lang='grc' dir='ltr'><strong>δμμασί</strong></span> <span class='ocrx_word' id='word_1_261' title='bbox 1103 2189 1168 2242; x_wconf 86' lang='grc' dir='ltr'><strong>γε</strong></span> <span class='ocrx_word' id='word_1_262' title='bbox 1200 2172 1295 2227; x_wconf 65' lang='grc' dir='ltr'><strong>καλ⁸</strong></span> <span class='ocrx_word' id='word_1_263' title='bbox 1324 2172 1460 2226; x_wconf 77' lang='grc' dir='ltr'><strong>ὠσὶν</strong></span> <span class='ocrx_word' id='word_1_264' title='bbox 1498 2172 1695 2226; x_wconf 80' lang='grc' dir='ltr'><strong>ἑστῶσι</strong></span> <span class='ocrx_word' id='word_1_265' title='bbox 1726 2172 1820 2226; x_wconf 75' lang='grc' dir='ltr'><strong>καὶ</strong></span> <span class='ocrx_word' id='word_1_266' title='bbox 1852 2172 1959 2244; x_wconf 81' lang='grc' dir='ltr'><strong>ὅλῳ</strong></span> 
     </span>
    </p>
   </div>
   <div class='ocr_carea' id='block_1_37' title="bbox 2059 2161 3653 2234">
    <p class='ocr_par' dir='ltr' id='par_1_37' title="bbox 2059 2161 3653 2234">
     <span class='ocr_line' id='line_1_37' title="bbox 2059 2161 3653 2234; baseline 0.003 -18"><span class='ocrx_word' id='word_1_267' title='bbox 2059 2161 2366 2228; x_wconf 81' lang='lat' dir='ltr'><strong>discedere,</strong></span> <span class='ocrx_word' id='word_1_268' title='bbox 2423 2163 2600 2219; x_wconf 87' lang='lat' dir='ltr'><strong>donec</strong></span> <span class='ocrx_word' id='word_1_269' title='bbox 2662 2163 2750 2218; x_wconf 78' lang='lat' dir='ltr'><strong>vel</strong></span> <span class='ocrx_word' id='word_1_270' title='bbox 2810 2163 2926 2233; x_wconf 83' lang='lat' dir='ltr'><strong>ipse</strong></span> <span class='ocrx_word' id='word_1_271' title='bbox 2980 2163 3192 2234; x_wconf 86' lang='lat' dir='ltr'><strong>primus</strong></span> <span class='ocrx_word' id='word_1_272' title='bbox 3242 2165 3451 2220; x_wconf 86' lang='lat' dir='ltr'><strong>homini</strong></span> <span class='ocrx_word' id='word_1_273' title='bbox 3494 2166 3653 2220; x_wconf 81' lang='lat' dir='ltr'><strong>daret</strong></span> 
     </span>
    </p>
   </div>
   <div class='ocr_carea' id='block_1_38' title="bbox 376 2254 1960 2333">
    <p class='ocr_par' dir='ltr' id='par_1_38' title="bbox 376 2257 1959 2333">
     <span class='ocr_line' id='line_1_38' title="bbox 376 2257 1959 2333; baseline 0.001 -20"><span class='ocrx_word' id='word_1_274' title='bbox 376 2262 670 2330; x_wconf 80' lang='grc' dir='ltr'><strong>προσέχων</strong></span> <span class='ocrx_word' id='word_1_275' title='bbox 723 2258 801 2332; x_wconf 83' lang='grc' dir='ltr'><strong>τῷ</strong></span> <span class='ocrx_word' id='word_1_276' title='bbox 837 2260 932 2330; x_wconf 76' lang='grc' dir='ltr'><strong>νῷ,</strong></span> <span class='ocrx_word' id='word_1_277' title='bbox 973 2261 1129 2333; x_wconf 81' lang='grc' dir='ltr'>τρίτη</span> <span class='ocrx_word' id='word_1_278' title='bbox 1189 2262 1289 2332; x_wconf 84' lang='grc' dir='ltr'><strong>μὲν</strong></span> <span class='ocrx_word' id='word_1_279' title='bbox 1339 2260 1480 2331; x_wconf 75' lang='grc' dir='ltr'><strong>αὕτη</strong></span> <span class='ocrx_word' id='word_1_280' title='bbox 1526 2261 1623 2326; x_wconf 79' lang='grc' dir='ltr'><strong>νὺξ</strong></span> <span class='ocrx_word' id='word_1_281' title='bbox 1674 2257 1765 2333; x_wconf 80' lang='grc' dir='ltr'><strong>ἦν,</strong></span> <span class='ocrx_word' id='word_1_282' title='bbox 1805 2263 1901 2315; x_wconf 75' lang='grc' dir='ltr'><strong>καὶ</strong></span> <span class='ocrx_word' id='word_1_283' title='bbox 1932 2263 1959 2315; x_wconf 89' lang='lat'><strong>6</strong></span> 
     </span>
    </p>
   </div>
   <div class='ocr_carea' id='block_1_39' title="bbox 2062 2254 3733 2333">
    <p class='ocr_par' dir='ltr' id='par_1_39' title="bbox 2062 2254 3733 2327">
     <span class='ocr_line' id='line_1_39' title="bbox 2062 2254 3733 2327; baseline -0.001 -18"><span class='ocrx_word' id='word_1_284' title='bbox 2062 2254 2264 2310; x_wconf 79' lang='lat' dir='ltr'><strong>aditum</strong></span> <span class='ocrx_word' id='word_1_285' title='bbox 2293 2273 2307 2308; x_wconf 91' lang='lat'><strong>:</strong></span> <span class='ocrx_word' id='word_1_286' title='bbox 2342 2264 2403 2310; x_wconf 90' lang='lat' dir='ltr'><strong>ut</strong></span> <span class='ocrx_word' id='word_1_287' title='bbox 2429 2255 2620 2310; x_wconf 85' lang='lat' dir='ltr'><strong>saltem</strong></span> <span class='ocrx_word' id='word_1_288' title='bbox 2652 2255 2839 2319; x_wconf 86' lang='lat' dir='ltr'><strong>sciret,</strong></span> <span class='ocrx_word' id='word_1_289' title='bbox 2863 2256 3114 2324; x_wconf 86' lang='lat' dir='ltr'><strong>quisnam</strong></span> <span class='ocrx_word' id='word_1_290' title='bbox 3134 2256 3180 2313; x_wconf 88' lang='lat' dir='ltr'><strong>is</strong></span> <span class='ocrx_word' id='word_1_291' title='bbox 3213 2256 3302 2323; x_wconf 83' lang='lat' dir='ltr'><strong>sit,</strong></span> <span class='ocrx_word' id='word_1_292' title='bbox 3324 2257 3418 2327; x_wconf 90' lang='lat' dir='ltr'><strong>qui</strong></span> <span class='ocrx_word' id='word_1_293' title='bbox 3445 2273 3653 2327; x_wconf 69' lang='lat' dir='ltr'><strong>praece-</strong></span> <span class='ocrx_word' id='word_1_294' title='bbox 3728 2302 3733 2308; x_wconf 87' lang='lat'><em>.</em></span> 
     </span>
    </p>
   </div>
   <div class='ocr_carea' id='block_1_40' title="bbox 375 2351 1959 2428">
    <p class='ocr_par' dir='ltr' id='par_1_40' title="bbox 375 2351 1959 2428">
     <span class='ocr_line' id='line_1_40' title="bbox 375 2351 1959 2428; baseline 0.001 -23"><span class='ocrx_word' id='word_1_295' title='bbox 375 2352 666 2424; x_wconf 78' lang='grc' dir='ltr'><strong>ἄνθρωπος</strong></span> <span class='ocrx_word' id='word_1_296' title='bbox 697 2355 800 2425; x_wconf 72' lang='grc' dir='ltr'><strong>ἤδη</strong></span> <span class='ocrx_word' id='word_1_297' title='bbox 823 2357 1029 2428; x_wconf 84' lang='grc' dir='ltr'><strong>παρῆν.</strong></span> <span class='ocrx_word' id='word_1_298' title='bbox 1072 2355 1249 2418; x_wconf 79' lang='grc' dir='ltr'><strong>Εὐθὺς</strong></span> <span class='ocrx_word' id='word_1_299' title='bbox 1266 2351 1362 2411; x_wconf 80' lang='grc' dir='ltr'><strong>οὖν</strong></span> <span class='ocrx_word' id='word_1_300' title='bbox 1398 2360 1425 2410; x_wconf 88' lang='grc' dir='ltr'><strong>ὁ</strong></span> <span class='ocrx_word' id='word_1_301' title='bbox 1446 2355 1688 2428; x_wconf 83' lang='grc' dir='ltr'><strong>Πρόκλος</strong></span> <span class='ocrx_word' id='word_1_302' title='bbox 1715 2354 1959 2425; x_wconf 78' lang='grc' dir='ltr'><strong>ἀπαντή-</strong></span> 
     </span>
    </p>
   </div>
   <div class='ocr_carea' id='block_1_41' title="bbox 377 2445 1959 2520">
    <p class='ocr_par' dir='ltr' id='par_1_41' title="bbox 377 2445 1959 2520">
     <span class='ocr_line' id='line_1_41' title="bbox 377 2445 1959 2520; baseline 0.003 -25"><span class='ocrx_word' id='word_1_303' title='bbox 377 2461 498 2511; x_wconf 73' lang='grc' dir='ltr'><strong>σας,</strong></span> <span class='ocrx_word' id='word_1_304' title='bbox 526 2445 752 2516; x_wconf 77' lang='grc' dir='ltr'><strong>Θάρσει,</strong></span> <span class='ocrx_word' id='word_1_305' title='bbox 787 2446 892 2518; x_wconf 76' lang='grc' dir='ltr'><strong>ἔφη</strong></span> <span class='ocrx_word' id='word_1_306' title='bbox 915 2462 929 2477; x_wconf 81' lang='grc'><strong><em>⁸</em></strong></span> <span class='ocrx_word' id='word_1_307' title='bbox 960 2446 1201 2518; x_wconf 75' lang='grc' dir='ltr'><strong>ἁκριόὴς</strong></span> <span class='ocrx_word' id='word_1_308' title='bbox 1225 2447 1334 2520; x_wconf 82' lang='grc' dir='ltr'><strong>γὰρ</strong></span> <span class='ocrx_word' id='word_1_309' title='bbox 1367 2449 1478 2517; x_wconf 88' lang='grc' dir='ltr'><strong>ἐγώ</strong></span> <span class='ocrx_word' id='word_1_310' title='bbox 1515 2466 1598 2503; x_wconf 86' lang='grc' dir='ltr'><strong>σοι</strong></span> <span class='ocrx_word' id='word_1_311' title='bbox 1626 2449 1697 2502; x_wconf 82' lang='grc' dir='ltr'><strong>τὰ</strong></span> <span class='ocrx_word' id='word_1_312' title='bbox 1723 2447 1819 2501; x_wconf 88' lang='grc' dir='ltr'><strong>νῦν</strong></span> <span class='ocrx_word' id='word_1_313' title='bbox 1852 2446 1959 2516; x_wconf 81' lang='grc' dir='ltr'><strong>φύ-</strong></span> 
     </span>
    </p>
   </div>
   <div class='ocr_carea' id='block_1_42' title="bbox 375 2534 1956 2612">
    <p class='ocr_par' dir='ltr' id='par_1_42' title="bbox 375 2534 1956 2612">
     <span class='ocr_line' id='line_1_42' title="bbox 375 2534 1956 2612; baseline 0.003 -24"><span class='ocrx_word' id='word_1_314' title='bbox 375 2534 494 2599; x_wconf 71' lang='grc' dir='ltr'><strong>λαξ,</strong></span> <span class='ocrx_word' id='word_1_315' title='bbox 521 2536 615 2588; x_wconf 74' lang='grc' dir='ltr'><strong>καὶ</strong></span> <span class='ocrx_word' id='word_1_316' title='bbox 643 2536 822 2601; x_wconf 84' lang='grc' dir='ltr'><strong>οὐδεὶς</strong></span> <span class='ocrx_word' id='word_1_317' title='bbox 851 2538 933 2601; x_wconf 83' lang='grc' dir='ltr'><strong>εἰς</strong></span> <span class='ocrx_word' id='word_1_318' title='bbox 983 2539 1144 2611; x_wconf 86' lang='grc' dir='ltr'><strong>δεῦρο</strong></span> <span class='ocrx_word' id='word_1_319' title='bbox 1198 2541 1335 2612; x_wconf 82' lang='grc' dir='ltr'><strong>πρὸς</strong></span> <span class='ocrx_word' id='word_1_320' title='bbox 1366 2539 1459 2594; x_wconf 79' lang='grc' dir='ltr'><strong>τὸν</strong></span> <span class='ocrx_word' id='word_1_321' title='bbox 1491 2541 1669 2612; x_wconf 83' lang='grc' dir='ltr'><strong>μέγαν</strong></span> <span class='ocrx_word' id='word_1_322' title='bbox 1699 2539 1956 2607; x_wconf 76' lang='grc' dir='ltr'><strong>εἰσέλθοι,</strong></span> 
     </span>
    </p>
   </div>
   <div class='ocr_carea' id='block_1_43' title="bbox 376 2628 1958 2708">
    <p class='ocr_par' dir='ltr' id='par_1_43' title="bbox 376 2628 1958 2708">
     <span class='ocr_line' id='line_1_43' title="bbox 376 2628 1958 2708; baseline 0.003 -26"><span class='ocrx_word' id='word_1_323' title='bbox 376 2628 513 2683; x_wconf 81' lang='grc' dir='ltr'><strong>ἀλλά</strong></span> <span class='ocrx_word' id='word_1_324' title='bbox 558 2629 774 2700; x_wconf 86' lang='grc' dir='ltr'><strong>πρῶτός</strong></span> <span class='ocrx_word' id='word_1_325' title='bbox 820 2648 879 2686; x_wconf 84' lang='grc' dir='ltr'><strong>τε</strong></span> <span class='ocrx_word' id='word_1_326' title='bbox 926 2631 1022 2685; x_wconf 75' lang='grc' dir='ltr'><strong>καὶ</strong></span> <span class='ocrx_word' id='word_1_327' title='bbox 1076 2632 1238 2702; x_wconf 81' lang='grc' dir='ltr'><strong>μόνος</strong></span> <span class='ocrx_word' id='word_1_328' title='bbox 1290 2634 1453 2699; x_wconf 76' lang='grc' dir='ltr'><strong>αὐτὸς</strong></span> <span class='ocrx_word' id='word_1_329' title='bbox 1495 2635 1815 2708; x_wconf 83' lang='grc' dir='ltr'><strong>είσελεύσῃ,</strong></span> <span class='ocrx_word' id='word_1_330' title='bbox 1863 2636 1958 2689; x_wconf 76' lang='grc' dir='ltr'><strong>καὶ</strong></span> 
     </span>
    </p>
   </div>
   <div class='ocr_carea' id='block_1_44' title="bbox 381 2722 1959 2797">
    <p class='ocr_par' dir='ltr' id='par_1_44' title="bbox 381 2722 1959 2797">
     <span class='ocr_line' id='line_1_44' title="bbox 381 2722 1959 2797; baseline 0.001 -19"><span class='ocrx_word' id='word_1_331' title='bbox 381 2722 523 2778; x_wconf 82' lang='grc' dir='ltr'><strong>κατὰ</strong></span> <span class='ocrx_word' id='word_1_332' title='bbox 569 2722 765 2794; x_wconf 81' lang='grc' dir='ltr'><strong>σχολὴν</strong></span> <span class='ocrx_word' id='word_1_333' title='bbox 811 2724 1059 2797; x_wconf 80' lang='grc' dir='ltr'><strong>ἐντεύξῃ,</strong></span> <span class='ocrx_word' id='word_1_334' title='bbox 1106 2725 1291 2789; x_wconf 82' lang='grc' dir='ltr'><strong>καθώς</strong></span> <span class='ocrx_word' id='word_1_335' title='bbox 1336 2743 1419 2780; x_wconf 91' lang='grc' dir='ltr'><strong>σοι</strong></span> <span class='ocrx_word' id='word_1_336' title='bbox 1466 2725 1738 2797; x_wconf 84' lang='grc' dir='ltr'><strong>βούλημα.</strong></span> <span class='ocrx_word' id='word_1_337' title='bbox 1787 2724 1959 2780; x_wconf 86' lang='grc' dir='ltr'><strong>Τοῦτο</strong></span> 
     </span>
    </p>
   </div>
   <div class='ocr_carea' id='block_1_45' title="bbox 382 2812 1959 2889">
    <p class='ocr_par' dir='ltr' id='par_1_45' title="bbox 382 2812 1959 2889">
     <span class='ocr_line' id='line_1_45' title="bbox 382 2812 1959 2889; baseline 0.004 -24"><span class='ocrx_word' id='word_1_338' title='bbox 382 2812 553 2866; x_wconf 81' lang='grc' dir='ltr'><strong>εἰπὼν</strong></span> <span class='ocrx_word' id='word_1_339' title='bbox 582 2814 769 2868; x_wconf 79' lang='grc' dir='ltr'><strong>ἄπεισι</strong></span> <span class='ocrx_word' id='word_1_340' title='bbox 802 2816 891 2870; x_wconf 85' lang='grc' dir='ltr'><strong>διὰ</strong></span> <span class='ocrx_word' id='word_1_341' title='bbox 930 2817 1153 2887; x_wconf 81' lang='grc' dir='ltr'><strong>τάχους,</strong></span> <span class='ocrx_word' id='word_1_342' title='bbox 1187 2818 1280 2871; x_wconf 72' lang='grc' dir='ltr'><strong>καὶ</strong></span> <span class='ocrx_word' id='word_1_343' title='bbox 1311 2821 1379 2888; x_wconf 81' lang='grc' dir='ltr'><strong>τῇ</strong></span> <span class='ocrx_word' id='word_1_344' title='bbox 1407 2819 1515 2889; x_wconf 79' lang='grc' dir='ltr'><strong>ὁπῇ</strong></span> <span class='ocrx_word' id='word_1_345' title='bbox 1548 2818 1637 2872; x_wconf 81' lang='grc' dir='ltr'><strong>τὸν</strong></span> <span class='ocrx_word' id='word_1_346' title='bbox 1679 2817 1959 2887; x_wconf 73' lang='grc' dir='ltr'><strong>ὀφθαλμὸν</strong></span> 
     </span>
    </p>
   </div>
   <div class='ocr_carea' id='block_1_46' title="bbox 379 2903 1959 2979">
    <p class='ocr_par' dir='ltr' id='par_1_46' title="bbox 379 2903 1959 2979">
     <span class='ocr_line' id='line_1_46' title="bbox 379 2903 1959 2979; baseline 0.001 -22"><span class='ocrx_word' id='word_1_347' title='bbox 379 2903 724 2975; x_wconf 73' lang='grc' dir='ltr'><strong>προσόαλὼν,</strong></span> <span class='ocrx_word' id='word_1_348' title='bbox 751 2906 848 2960; x_wconf 76' lang='grc' dir='ltr'><strong>καὶ</strong></span> <span class='ocrx_word' id='word_1_349' title='bbox 875 2906 1038 2961; x_wconf 83' lang='grc' dir='ltr'><strong>πάλιν</strong></span> <span class='ocrx_word' id='word_1_350' title='bbox 1064 2907 1227 2977; x_wconf 84' lang='grc' dir='ltr'><strong>ὃμοια</strong></span> <span class='ocrx_word' id='word_1_351' title='bbox 1255 2909 1367 2972; x_wconf 82' lang='grc' dir='ltr'><strong>τοῖς</strong></span> <span class='ocrx_word' id='word_1_352' title='bbox 1389 2909 1678 2979; x_wconf 82' lang='grc' dir='ltr'><strong>προτέροις</strong></span> <span class='ocrx_word' id='word_1_353' title='bbox 1700 2906 1841 2975; x_wconf 73' lang='grc' dir='ltr'><strong>ἰδὼν,</strong></span> <span class='ocrx_word' id='word_1_354' title='bbox 1869 2908 1959 2960; x_wconf 68' lang='grc' dir='ltr'><strong>τὶν</strong></span> 
     </span>
    </p>
   </div>
   <div class='ocr_carea' id='block_1_47' title="bbox 379 2993 1959 3069">
    <p class='ocr_par' dir='ltr' id='par_1_47' title="bbox 379 2993 1959 3069">
     <span class='ocr_line' id='line_1_47' title="bbox 379 2993 1959 3069; baseline 0.005 -24"><span class='ocrx_word' id='word_1_355' title='bbox 379 2993 482 3063; x_wconf 77' lang='grc' dir='ltr'><strong>μὲν</strong></span> <span class='ocrx_word' id='word_1_356' title='bbox 504 2994 564 3047; x_wconf 82' lang='grc' dir='ltr'><strong>τὸ</strong></span> <span class='ocrx_word' id='word_1_357' title='bbox 598 2995 774 3065; x_wconf 76' lang='grc' dir='ltr'><strong>στόμα</strong></span> <span class='ocrx_word' id='word_1_358' title='bbox 810 2994 1017 3069; x_wconf 64' lang='grc' dir='ltr'><strong>θατέρᾳ.</strong></span> <span class='ocrx_word' id='word_1_359' title='bbox 1046 2998 1153 3050; x_wconf 88' lang='grc' dir='ltr'><strong>τῶν</strong></span> <span class='ocrx_word' id='word_1_360' title='bbox 1183 2997 1362 3051; x_wconf 80' lang='grc' dir='ltr'><strong>ἀκοῶν</strong></span> <span class='ocrx_word' id='word_1_361' title='bbox 1393 2998 1832 3068; x_wconf 75' lang='grc' dir='ltr'><strong>παραϐάλλοντα,</strong></span> <span class='ocrx_word' id='word_1_362' title='bbox 1865 3000 1959 3053; x_wconf 71' lang='grc' dir='ltr'><strong>καὶ</strong></span> 
     </span>
    </p>
   </div>
   <div class='ocr_carea' id='block_1_48' title="bbox 376 3086 1959 3163">
    <p class='ocr_par' dir='ltr' id='par_1_48' title="bbox 376 3086 1959 3163">
     <span class='ocr_line' id='line_1_48' title="bbox 376 3086 1959 3163; baseline 0.002 -21"><span class='ocrx_word' id='word_1_363' title='bbox 376 3086 453 3153; x_wconf 83' lang='grc' dir='ltr'><strong>ὡς</strong></span> <span class='ocrx_word' id='word_1_364' title='bbox 493 3089 787 3161; x_wconf 69' lang='grc' dir='ltr'><strong>ἀπόρρητά</strong></span> <span class='ocrx_word' id='word_1_365' title='bbox 833 3107 959 3143; x_wconf 89' lang='grc' dir='ltr'><strong>τινα</strong></span> <span class='ocrx_word' id='word_1_366' title='bbox 1006 3086 1477 3161; x_wconf 79' lang='grc' dir='ltr'><strong>διαψιθυρίζοντα,</strong></span> <span class='ocrx_word' id='word_1_367' title='bbox 1527 3092 1617 3145; x_wconf 82' lang='grc' dir='ltr'><strong>τὸν</strong></span> <span class='ocrx_word' id='word_1_368' title='bbox 1658 3091 1715 3144; x_wconf 81' lang='grc' dir='ltr'><strong>δέ</strong></span> <span class='ocrx_word' id='word_1_369' title='bbox 1749 3091 1959 3163; x_wconf 79' lang='grc' dir='ltr'><strong>χάρτην</strong></span> 
     </span>
    </p>
   </div>
   <div class='ocr_carea' id='block_1_49' title="bbox 383 3180 1956 3256">
    <p class='ocr_par' dir='ltr' id='par_1_49' title="bbox 383 3180 1956 3256">
     <span class='ocr_line' id='line_1_49' title="bbox 383 3180 1956 3256; baseline 0.003 -25"><span class='ocrx_word' id='word_1_370' title='bbox 383 3180 833 3249; x_wconf 78' lang='grc' dir='ltr'><strong>μεταχειρίζονται</strong></span> <span class='ocrx_word' id='word_1_371' title='bbox 862 3182 955 3233; x_wconf 67' lang='grc' dir='ltr'><strong>καὶ</strong></span> <span class='ocrx_word' id='word_1_372' title='bbox 984 3182 1198 3256; x_wconf 73' lang='grc' dir='ltr'><strong>ἐοικότα</strong></span> <span class='ocrx_word' id='word_1_373' title='bbox 1217 3182 1451 3252; x_wconf 68' lang='grc' dir='ltr'><strong>γράφειν</strong></span> <span class='ocrx_word' id='word_1_374' title='bbox 1476 3183 1545 3235; x_wconf 83' lang='grc' dir='ltr'><strong>τὰ</strong></span> <span class='ocrx_word' id='word_1_375' title='bbox 1569 3183 1956 3253; x_wconf 84' lang='grc' dir='ltr'><strong>εἰσηγούμενα,</strong></span> 
     </span>
    </p>
   </div>
   <div class='ocr_carea' id='block_1_50' title="bbox 380 3269 1958 3342">
    <p class='ocr_par' dir='ltr' id='par_1_50' title="bbox 380 3269 1958 3342">
     <span class='ocr_line' id='line_1_50' title="bbox 380 3269 1958 3342; baseline 0.003 -21"><span class='ocrx_word' id='word_1_376' title='bbox 380 3269 615 3339; x_wconf 81' lang='grc' dir='ltr'><strong>συνῆκεν</strong></span> <span class='ocrx_word' id='word_1_377' title='bbox 644 3272 672 3323; x_wconf 98' lang='lat'><strong>6</strong></span> <span class='ocrx_word' id='word_1_378' title='bbox 707 3269 950 3341; x_wconf 78' lang='grc' dir='ltr'><strong>Πρόκλος</strong></span> <span class='ocrx_word' id='word_1_379' title='bbox 980 3270 1082 3323; x_wconf 81' lang='grc' dir='ltr'><strong>οὐκ</strong></span> <span class='ocrx_word' id='word_1_380' title='bbox 1119 3271 1273 3325; x_wconf 71' lang='grc' dir='ltr'><strong>ἀθεεὶ</strong></span> <span class='ocrx_word' id='word_1_381' title='bbox 1313 3271 1474 3342; x_wconf 84' lang='grc' dir='ltr'><strong>τήνδε</strong></span> <span class='ocrx_word' id='word_1_382' title='bbox 1503 3272 1601 3340; x_wconf 80' lang='grc' dir='ltr'><strong>τὴν</strong></span> <span class='ocrx_word' id='word_1_383' title='bbox 1643 3272 1765 3340; x_wconf 69' lang='grc' dir='ltr'><strong>ὄψιν</strong></span> <span class='ocrx_word' id='word_1_384' title='bbox 1807 3271 1958 3337; x_wconf 89' lang='grc' dir='ltr'><strong>γίνε-</strong></span> 
     </span>
    </p>
   </div>
   <div class='ocr_carea' id='block_1_51' title="bbox 2057 2344 3651 2418">
    <p class='ocr_par' dir='ltr' id='par_1_51' title="bbox 2057 2344 3651 2418">
     <span class='ocr_line' id='line_1_51' title="bbox 2057 2344 3651 2418; baseline 0.003 -19"><span class='ocrx_word' id='word_1_385' title='bbox 2057 2344 2320 2399; x_wconf 87' lang='lat' dir='ltr'><strong>dentibus</strong></span> <span class='ocrx_word' id='word_1_386' title='bbox 2349 2345 2540 2400; x_wconf 81' lang='lat' dir='ltr'><strong>diebus</strong></span> <span class='ocrx_word' id='word_1_387' title='bbox 2566 2345 2873 2400; x_wconf 82' lang='lat' dir='ltr'><strong>clanculum</strong></span> <span class='ocrx_word' id='word_1_388' title='bbox 2924 2348 3028 2401; x_wconf 79' lang='lat' dir='ltr'><strong>fuit</strong></span> <span class='ocrx_word' id='word_1_389' title='bbox 3060 2347 3361 2418; x_wconf 82' lang='lat' dir='ltr'><strong>ingressus.</strong></span> <span class='ocrx_word' id='word_1_390' title='bbox 3390 2348 3528 2402; x_wconf 85' lang='lat' dir='ltr'><strong>Cum</strong></span> <span class='ocrx_word' id='word_1_391' title='bbox 3551 2363 3651 2403; x_wconf 81' lang='lat' dir='ltr'><strong>au-</strong></span> 
     </span>
    </p>
   </div>
   <div class='ocr_carea' id='block_1_52' title="bbox 2060 2437 3653 2509">
    <p class='ocr_par' dir='ltr' id='par_1_52' title="bbox 2060 2437 3653 2509">
     <span class='ocr_line' id='line_1_52' title="bbox 2060 2437 3653 2509; baseline 0.003 -19"><span class='ocrx_word' id='word_1_392' title='bbox 2060 2437 2421 2491; x_wconf 83' lang='lat' dir='ltr'><strong>temarrectis</strong></span> <span class='ocrx_word' id='word_1_393' title='bbox 2442 2437 2616 2492; x_wconf 88' lang='lat' dir='ltr'><strong>oculis</strong></span> <span class='ocrx_word' id='word_1_394' title='bbox 2652 2445 2707 2491; x_wconf 87' lang='lat' dir='ltr'><strong>et</strong></span> <span class='ocrx_word' id='word_1_395' title='bbox 2747 2439 2972 2493; x_wconf 84' lang='lat' dir='ltr'><strong>auribus</strong></span> <span class='ocrx_word' id='word_1_396' title='bbox 2998 2447 3295 2509; x_wconf 79' lang='lat' dir='ltr'><strong>staretpro</strong></span> <span class='ocrx_word' id='word_1_397' title='bbox 3325 2439 3558 2507; x_wconf 81' lang='lat' dir='ltr'><strong>foribus,</strong></span> <span class='ocrx_word' id='word_1_398' title='bbox 3597 2447 3653 2497; x_wconf 92' lang='lat' dir='ltr'><strong>et</strong></span> 
     </span>
    </p>
   </div>
   <div class='ocr_carea' id='block_1_53' title="bbox 2061 2526 3654 2599">
    <p class='ocr_par' dir='ltr' id='par_1_53' title="bbox 2061 2526 3654 2599">
     <span class='ocr_line' id='line_1_53' title="bbox 2061 2526 3654 2599; baseline 0.003 -19"><span class='ocrx_word' id='word_1_399' title='bbox 2061 2535 2234 2580; x_wconf 86' lang='lat' dir='ltr'><strong>totum</strong></span> <span class='ocrx_word' id='word_1_400' title='bbox 2263 2526 2507 2580; x_wconf 88' lang='lat' dir='ltr'><strong>animum</strong></span> <span class='ocrx_word' id='word_1_401' title='bbox 2537 2527 2845 2594; x_wconf 83' lang='lat' dir='ltr'><strong>adhiberet,</strong></span> <span class='ocrx_word' id='word_1_402' title='bbox 2867 2529 2982 2583; x_wconf 77' lang='lat' dir='ltr'><strong>haec</strong></span> <span class='ocrx_word' id='word_1_403' title='bbox 3004 2530 3228 2599; x_wconf 88' lang='lat' dir='ltr'><strong>quidem</strong></span> <span class='ocrx_word' id='word_1_404' title='bbox 3260 2539 3380 2586; x_wconf 89' lang='lat' dir='ltr'><strong>erat</strong></span> <span class='ocrx_word' id='word_1_405' title='bbox 3409 2547 3513 2585; x_wconf 78' lang='lat' dir='ltr'><strong>nox</strong></span> <span class='ocrx_word' id='word_1_406' title='bbox 3548 2540 3654 2587; x_wconf 87' lang='lat' dir='ltr'><strong>ter-</strong></span> 
     </span>
    </p>
   </div>
   <div class='ocr_carea' id='block_1_54' title="bbox 2062 2617 3650 2692">
    <p class='ocr_par' dir='ltr' id='par_1_54' title="bbox 2062 2617 3650 2692">
     <span class='ocr_line' id='line_1_54' title="bbox 2062 2617 3650 2692; baseline 0.003 -19"><span class='ocrx_word' id='word_1_407' title='bbox 2062 2617 2156 2679; x_wconf 86' lang='lat' dir='ltr'><strong>tia,</strong></span> <span class='ocrx_word' id='word_1_408' title='bbox 2195 2626 2251 2672; x_wconf 89' lang='lat' dir='ltr'><strong>et</strong></span> <span class='ocrx_word' id='word_1_409' title='bbox 2282 2618 2446 2673; x_wconf 89' lang='lat' dir='ltr'><strong>homo</strong></span> <span class='ocrx_word' id='word_1_410' title='bbox 2496 2618 2608 2689; x_wconf 81' lang='lat' dir='ltr'><strong>jam</strong></span> <span class='ocrx_word' id='word_1_411' title='bbox 2662 2620 2876 2680; x_wconf 75' lang='lat' dir='ltr'><strong>aderat.</strong></span> <span class='ocrx_word' id='word_1_412' title='bbox 2909 2619 3106 2675; x_wconf 87' lang='lat' dir='ltr'><strong>Statim</strong></span> <span class='ocrx_word' id='word_1_413' title='bbox 3164 2635 3295 2692; x_wconf 82' lang='lat' dir='ltr'><strong>ergo</strong></span> <span class='ocrx_word' id='word_1_414' title='bbox 3327 2621 3554 2677; x_wconf 89' lang='lat' dir='ltr'><strong>Proclus</strong></span> <span class='ocrx_word' id='word_1_415' title='bbox 3595 2622 3650 2677; x_wconf 83' lang='lat' dir='ltr'><strong>ei</strong></span> 
     </span>
    </p>
   </div>
   <div class='ocr_carea' id='block_1_55' title="bbox 2060 2703 3704 2783">
    <p class='ocr_par' dir='ltr' id='par_1_55' title="bbox 2060 2703 3704 2783">
     <span class='ocr_line' id='line_1_55' title="bbox 2060 2703 3704 2783; baseline 0.002 -18"><span class='ocrx_word' id='word_1_416' title='bbox 2060 2710 2237 2765; x_wconf 82' lang='lat' dir='ltr'><strong>factus</strong></span> <span class='ocrx_word' id='word_1_417' title='bbox 2281 2709 2496 2764; x_wconf 76' lang='lat' dir='ltr'><strong>obviam</strong></span> <span class='ocrx_word' id='word_1_418' title='bbox 2537 2727 2549 2762; x_wconf 93' lang='lat'><strong>:</strong></span> <span class='ocrx_word' id='word_1_419' title='bbox 2586 2710 2737 2776; x_wconf 83' lang='lat' dir='ltr'><strong>Esto,</strong></span> <span class='ocrx_word' id='word_1_420' title='bbox 2791 2711 3009 2780; x_wconf 77' lang='lat' dir='ltr'><strong>inquit,</strong></span> <span class='ocrx_word' id='word_1_421' title='bbox 3063 2712 3210 2767; x_wconf 90' lang='lat' dir='ltr'><strong>bono</strong></span> <span class='ocrx_word' id='word_1_422' title='bbox 3272 2712 3458 2767; x_wconf 90' lang='lat' dir='ltr'><strong>animo</strong></span> <span class='ocrx_word' id='word_1_423' title='bbox 3492 2732 3506 2767; x_wconf 88' lang='lat'><strong>:</strong></span> <span class='ocrx_word' id='word_1_424' title='bbox 3548 2728 3653 2783; x_wconf 69' lang='lat' dir='ltr'><strong>ego</strong></span> <span class='ocrx_word' id='word_1_425' title='bbox 3691 2703 3704 2717; x_wconf 86' lang='grc'><em>’</em></span> 
     </span>
    </p>
   </div>
   <div class='ocr_carea' id='block_1_56' title="bbox 2060 2801 3650 2873">
    <p class='ocr_par' dir='ltr' id='par_1_56' title="bbox 2060 2801 3650 2873">
     <span class='ocr_line' id='line_1_56' title="bbox 2060 2801 3650 2873; baseline 0.001 -16"><span class='ocrx_word' id='word_1_426' title='bbox 2060 2803 2206 2857; x_wconf 89' lang='lat' dir='ltr'><strong>enim</strong></span> <span class='ocrx_word' id='word_1_427' title='bbox 2272 2802 2435 2857; x_wconf 89' lang='lat' dir='ltr'><strong>modo</strong></span> <span class='ocrx_word' id='word_1_428' title='bbox 2479 2803 2573 2856; x_wconf 90' lang='lat' dir='ltr'><strong>tibi</strong></span> <span class='ocrx_word' id='word_1_429' title='bbox 2627 2801 2704 2856; x_wconf 80' lang='lat' dir='ltr'><strong>fui</strong></span> <span class='ocrx_word' id='word_1_430' title='bbox 2769 2810 2954 2857; x_wconf 82' lang='lat' dir='ltr'><strong>custos</strong></span> <span class='ocrx_word' id='word_1_431' title='bbox 3000 2803 3268 2873; x_wconf 83' lang='lat' dir='ltr'><strong>diligens,</strong></span> <span class='ocrx_word' id='word_1_432' title='bbox 3297 2818 3477 2872; x_wconf 86' lang='lat' dir='ltr'><strong>neque</strong></span> <span class='ocrx_word' id='word_1_433' title='bbox 3505 2803 3650 2858; x_wconf 81' lang='lat' dir='ltr'><strong>ulius</strong></span> 
     </span>
    </p>
   </div>
   <div class='ocr_carea' id='block_1_57' title="bbox 2060 2894 3650 2976">
    <p class='ocr_par' dir='ltr' id='par_1_57' title="bbox 2060 2894 3650 2976">
     <span class='ocr_line' id='line_1_57' title="bbox 2060 2894 3650 2976; baseline 0.001 -26"><span class='ocrx_word' id='word_1_434' title='bbox 2060 2897 2343 2976; x_wconf 84' lang='lat' dir='ltr'><strong>hucusque</strong></span> <span class='ocrx_word' id='word_1_435' title='bbox 2373 2895 2443 2950; x_wconf 84' lang='lat' dir='ltr'><strong>ad</strong></span> <span class='ocrx_word' id='word_1_436' title='bbox 2471 2910 2723 2966; x_wconf 78' lang='lat' dir='ltr'><strong>magnum</strong></span> <span class='ocrx_word' id='word_1_437' title='bbox 2756 2894 3035 2965; x_wconf 80' lang='lat' dir='ltr'><strong>ingressus</strong></span> <span class='ocrx_word' id='word_1_438' title='bbox 3055 2895 3160 2950; x_wconf 82' lang='lat' dir='ltr'><strong>fuit</strong></span> <span class='ocrx_word' id='word_1_439' title='bbox 3182 2937 3196 2963; x_wconf 95' lang='lat'><strong>,</strong></span> <span class='ocrx_word' id='word_1_440' title='bbox 3217 2895 3312 2951; x_wconf 89' lang='lat' dir='ltr'><strong>sed</strong></span> <span class='ocrx_word' id='word_1_441' title='bbox 3345 2896 3439 2951; x_wconf 87' lang='lat' dir='ltr'><strong>tibi</strong></span> <span class='ocrx_word' id='word_1_442' title='bbox 3473 2897 3650 2966; x_wconf 87' lang='lat' dir='ltr'><strong>primo</strong></span> 
     </span>
    </p>
   </div>
   <div class='ocr_carea' id='block_1_58' title="bbox 2060 2991 3647 3064">
    <p class='ocr_par' dir='ltr' id='par_1_58' title="bbox 2060 2991 3647 3064">
     <span class='ocr_line' id='line_1_58' title="bbox 2060 2991 3647 3064; baseline 0.001 -16"><span class='ocrx_word' id='word_1_443' title='bbox 2060 3001 2116 3048; x_wconf 87' lang='lat' dir='ltr'><strong>et</strong></span> <span class='ocrx_word' id='word_1_444' title='bbox 2141 2992 2239 3047; x_wconf 88' lang='lat' dir='ltr'><strong>soli</strong></span> <span class='ocrx_word' id='word_1_445' title='bbox 2282 2992 2349 3046; x_wconf 91' lang='lat' dir='ltr'><strong>ad</strong></span> <span class='ocrx_word' id='word_1_446' title='bbox 2374 3006 2497 3046; x_wconf 91' lang='lat' dir='ltr'><strong>eum</strong></span> <span class='ocrx_word' id='word_1_447' title='bbox 2529 2991 2635 3046; x_wconf 89' lang='lat' dir='ltr'><strong>erit</strong></span> <span class='ocrx_word' id='word_1_448' title='bbox 2658 2992 3097 3064; x_wconf 76' lang='lat' dir='ltr'><strong>ingrediendum,</strong></span> <span class='ocrx_word' id='word_1_449' title='bbox 3123 3003 3178 3048; x_wconf 88' lang='lat' dir='ltr'><strong>et</strong></span> <span class='ocrx_word' id='word_1_450' title='bbox 3202 3009 3326 3047; x_wconf 91' lang='lat' dir='ltr'><strong>eum</strong></span> <span class='ocrx_word' id='word_1_451' title='bbox 3347 3009 3445 3063; x_wconf 90' lang='lat' dir='ltr'><strong>per</strong></span> <span class='ocrx_word' id='word_1_452' title='bbox 3473 2994 3647 3049; x_wconf 89' lang='lat' dir='ltr'><strong>otium</strong></span> 
     </span>
    </p>
   </div>
   <div class='ocr_carea' id='block_1_59' title="bbox 2058 3082 3651 3152">
    <p class='ocr_par' dir='ltr' id='par_1_59' title="bbox 2058 3082 3651 3152">
     <span class='ocr_line' id='line_1_59' title="bbox 2058 3082 3651 3152; baseline 0.001 -14"><span class='ocrx_word' id='word_1_453' title='bbox 2058 3082 2376 3145; x_wconf 80' lang='lat' dir='ltr'><strong>convenies,</strong></span> <span class='ocrx_word' id='word_1_454' title='bbox 2420 3092 2686 3152; x_wconf 85' lang='lat' dir='ltr'><strong>quantum</strong></span> <span class='ocrx_word' id='word_1_455' title='bbox 2721 3083 2893 3138; x_wconf 85' lang='lat' dir='ltr'><strong>voles.</strong></span> <span class='ocrx_word' id='word_1_456' title='bbox 2927 3082 3039 3137; x_wconf 88' lang='lat' dir='ltr'><strong>lloc</strong></span> <span class='ocrx_word' id='word_1_457' title='bbox 3055 3099 3179 3138; x_wconf 90' lang='lat' dir='ltr'><strong>cum</strong></span> <span class='ocrx_word' id='word_1_458' title='bbox 3213 3084 3464 3150; x_wconf 68' lang='lat' dir='ltr'><strong>dixisset,</strong></span> <span class='ocrx_word' id='word_1_459' title='bbox 3492 3100 3651 3140; x_wconf 86' lang='lat' dir='ltr'><strong>acce-</strong></span> 
     </span>
    </p>
   </div>
   <div class='ocr_carea' id='block_1_60' title="bbox 2058 3175 3651 3246">
    <p class='ocr_par' dir='ltr' id='par_1_60' title="bbox 2058 3175 3651 3246">
     <span class='ocr_line' id='line_1_60' title="bbox 2058 3175 3651 3246; baseline 0.003 -16"><span class='ocrx_word' id='word_1_460' title='bbox 2058 3176 2139 3231; x_wconf 88' lang='lat' dir='ltr'><strong>dit</strong></span> <span class='ocrx_word' id='word_1_461' title='bbox 2163 3176 2592 3246; x_wconf 86' lang='lat' dir='ltr'><strong>quamprimum,</strong></span> <span class='ocrx_word' id='word_1_462' title='bbox 2635 3183 2832 3231; x_wconf 89' lang='lat' dir='ltr'><strong>etcum</strong></span> <span class='ocrx_word' id='word_1_463' title='bbox 2855 3175 3348 3231; x_wconf 80' lang='lat' dir='ltr'><strong>loraminioculum</strong></span> <span class='ocrx_word' id='word_1_464' title='bbox 3381 3177 3651 3234; x_wconf 74' lang='lat' dir='ltr'><strong>admovis-</strong></span> 
     </span>
    </p>
   </div>
   <div class='ocr_carea' id='block_1_61' title="bbox 2061 3268 3650 3339">
    <p class='ocr_par' dir='ltr' id='par_1_61' title="bbox 2061 3268 3650 3339">
     <span class='ocr_line' id='line_1_61' title="bbox 2061 3268 3650 3339; baseline 0.001 -15"><span class='ocrx_word' id='word_1_465' title='bbox 2061 3281 2165 3333; x_wconf 88' lang='lat' dir='ltr'><strong>set,</strong></span> <span class='ocrx_word' id='word_1_466' title='bbox 2196 3268 2518 3323; x_wconf 81' lang='lat' dir='ltr'><strong>ct&#39;vidisset</strong></span> <span class='ocrx_word' id='word_1_467' title='bbox 2560 3268 2759 3322; x_wconf 85' lang='lat' dir='ltr'><strong>similia</strong></span> <span class='ocrx_word' id='word_1_468' title='bbox 2794 3268 3070 3337; x_wconf 86' lang='lat' dir='ltr'><strong>prioribus</strong></span> <span class='ocrx_word' id='word_1_469' title='bbox 3101 3309 3117 3335; x_wconf 90' lang='lat'><strong>,</strong></span> <span class='ocrx_word' id='word_1_470' title='bbox 3153 3269 3304 3323; x_wconf 90' lang='lat' dir='ltr'><strong>illum</strong></span> <span class='ocrx_word' id='word_1_471' title='bbox 3343 3270 3561 3339; x_wconf 83' lang='lat' dir='ltr'><strong>quidem</strong></span> <span class='ocrx_word' id='word_1_472' title='bbox 3589 3284 3650 3325; x_wconf 86' lang='lat' dir='ltr'><strong>os</strong></span> 
     </span>
    </p>
   </div>
   <div class='ocr_carea' id='block_1_62' title="bbox 378 3357 1960 3448">
    <p class='ocr_par' dir='ltr' id='par_1_62' title="bbox 378 3357 1955 3433">
     <span class='ocr_line' id='line_1_62' title="bbox 378 3357 1955 3433; baseline -0.001 -19"><span class='ocrx_word' id='word_1_473' title='bbox 378 3361 524 3426; x_wconf 83' lang='grc' dir='ltr'><strong>σθαι,</strong></span> <span class='ocrx_word' id='word_1_474' title='bbox 566 3360 689 3414; x_wconf 75' lang='grc' dir='ltr'><strong>οὔτε</strong></span> <span class='ocrx_word' id='word_1_475' title='bbox 721 3360 830 3433; x_wconf 78' lang='grc' dir='ltr'><strong>μὴν</strong></span> <span class='ocrx_word' id='word_1_476' title='bbox 878 3357 1019 3416; x_wconf 71' lang='grc' dir='ltr'><strong>εἶναι</strong></span> <span class='ocrx_word' id='word_1_477' title='bbox 1051 3361 1391 3433; x_wconf 81' lang='grc' dir='ltr'><strong>ἀνθρώπειόν</strong></span> <span class='ocrx_word' id='word_1_478' title='bbox 1421 3379 1471 3414; x_wconf 88' lang='grc' dir='ltr'><strong>τι</strong></span> <span class='ocrx_word' id='word_1_479' title='bbox 1520 3361 1580 3414; x_wconf 82' lang='grc' dir='ltr'><strong>τὸ</strong></span> <span class='ocrx_word' id='word_1_480' title='bbox 1611 3361 1955 3431; x_wconf 83' lang='grc' dir='ltr'><strong>φαινόμενον,</strong></span> 
     </span>
    </p>
   </div>
   <div class='ocr_carea' id='block_1_63' title="bbox 2062 3357 3648 3448">
    <p class='ocr_par' dir='ltr' id='par_1_63' title="bbox 2062 3361 3648 3432">
     <span class='ocr_line' id='line_1_63' title="bbox 2062 3361 3648 3432; baseline 0.001 -16"><span class='ocrx_word' id='word_1_481' title='bbox 2062 3362 2448 3416; x_wconf 78' lang='lat' dir='ltr'><strong>admoventem</strong></span> <span class='ocrx_word' id='word_1_482' title='bbox 2469 3361 2626 3416; x_wconf 88' lang='lat' dir='ltr'><strong>alteri</strong></span> <span class='ocrx_word' id='word_1_483' title='bbox 2651 3376 2719 3415; x_wconf 83' lang='lat' dir='ltr'><strong>ex</strong></span> <span class='ocrx_word' id='word_1_484' title='bbox 2744 3361 2992 3428; x_wconf 82' lang='lat' dir='ltr'><strong>auribus,</strong></span> <span class='ocrx_word' id='word_1_485' title='bbox 3012 3370 3067 3415; x_wconf 89' lang='lat' dir='ltr'><strong>et</strong></span> <span class='ocrx_word' id='word_1_486' title='bbox 3097 3369 3353 3432; x_wconf 86' lang='lat' dir='ltr'><strong>tanquam</strong></span> <span class='ocrx_word' id='word_1_487' title='bbox 3384 3378 3648 3418; x_wconf 89' lang='lat' dir='ltr'><strong>arcanum</strong></span> 
     </span>
    </p>
   </div>
   <div class='ocr_carea' id='block_1_64' title="bbox 377 3452 1956 3526">
    <p class='ocr_par' dir='ltr' id='par_1_64' title="bbox 377 3452 1956 3526">
     <span class='ocr_line' id='line_1_64' title="bbox 377 3452 1956 3526; baseline 0.003 -23"><span class='ocrx_word' id='word_1_488' title='bbox 377 3452 513 3506; x_wconf 78' lang='grc' dir='ltr'><strong>ἀλλὰ</strong></span> <span class='ocrx_word' id='word_1_489' title='bbox 549 3453 690 3507; x_wconf 89' lang='grc' dir='ltr'><strong>θεῖόν</strong></span> <span class='ocrx_word' id='word_1_490' title='bbox 721 3470 773 3507; x_wconf 88' lang='grc' dir='ltr'><strong>τι</strong></span> <span class='ocrx_word' id='word_1_491' title='bbox 804 3453 996 3524; x_wconf 78' lang='grc' dir='ltr'><strong>χρῆμα</strong></span> <span class='ocrx_word' id='word_1_492' title='bbox 1026 3455 1121 3507; x_wconf 71' lang='grc' dir='ltr'><strong>καὶ</strong></span> <span class='ocrx_word' id='word_1_493' title='bbox 1147 3457 1399 3526; x_wconf 79' lang='grc' dir='ltr'><strong>κρεῖττον</strong></span> <span class='ocrx_word' id='word_1_494' title='bbox 1426 3453 1459 3525; x_wconf 84' lang='grc' dir='ltr'>ἢ</span> <span class='ocrx_word' id='word_1_495' title='bbox 1494 3454 1616 3506; x_wconf 84' lang='grc' dir='ltr'><strong>κατ’</strong></span> <span class='ocrx_word' id='word_1_496' title='bbox 1647 3452 1956 3524; x_wconf 85' lang='grc' dir='ltr'><strong>ἄνθρωπον.</strong></span> 
     </span>
    </p>
   </div>
   <div class='ocr_carea' id='block_1_65' title="bbox 382 3542 1959 3616">
    <p class='ocr_par' dir='ltr' id='par_1_65' title="bbox 382 3542 1959 3616">
     <span class='ocr_line' id='line_1_65' title="bbox 382 3542 1959 3616; baseline 0.001 -21"><span class='ocrx_word' id='word_1_497' title='bbox 382 3542 785 3615; x_wconf 75' lang='grc' dir='ltr'><strong>Ἐπιστραφεὶς</strong></span> <span class='ocrx_word' id='word_1_498' title='bbox 814 3544 1015 3610; x_wconf 77' lang='grc' dir='ltr'><strong>τοίνυν,</strong></span> <span class='ocrx_word' id='word_1_499' title='bbox 1037 3545 1252 3607; x_wconf 68' lang='grc' dir='ltr'><strong>Ἄπιθι,</strong></span> <span class='ocrx_word' id='word_1_500' title='bbox 1284 3544 1361 3616; x_wconf 87' lang='grc' dir='ltr'><strong>τῷ</strong></span> <span class='ocrx_word' id='word_1_501' title='bbox 1390 3544 1666 3615; x_wconf 85' lang='grc' dir='ltr'><strong>ἀνθρώπῳ</strong></span> <span class='ocrx_word' id='word_1_502' title='bbox 1687 3545 1842 3614; x_wconf 64' lang='grc' dir='ltr'><strong>φησὶ,</strong></span> <span class='ocrx_word' id='word_1_503' title='bbox 1864 3543 1959 3598; x_wconf 72' lang='grc' dir='ltr'><strong>καὶ</strong></span> 
     </span>
    </p>
   </div>
   <div class='ocr_carea' id='block_1_66' title="bbox 378 3635 1957 3706">
    <p class='ocr_par' dir='ltr' id='par_1_66' title="bbox 378 3635 1957 3706">
     <span class='ocr_line' id='line_1_66' title="bbox 378 3635 1957 3706; baseline 0 -17"><span class='ocrx_word' id='word_1_504' title='bbox 378 3635 500 3689; x_wconf 74' lang='grc' dir='ltr'><strong>καθ’</strong></span> <span class='ocrx_word' id='word_1_505' title='bbox 531 3637 725 3689; x_wconf 81' lang='grc' dir='ltr'><strong>ἑαυτὸν</strong></span> <span class='ocrx_word' id='word_1_506' title='bbox 754 3636 885 3706; x_wconf 85' lang='grc' dir='ltr'><strong>μένε</strong></span> <span class='ocrx_word' id='word_1_507' title='bbox 915 3636 1010 3689; x_wconf 86' lang='grc' dir='ltr'><strong>τοῦ</strong></span> <span class='ocrx_word' id='word_1_508' title='bbox 1053 3636 1190 3690; x_wconf 82' lang='grc' dir='ltr'><strong>Θεοῦ</strong></span> <span class='ocrx_word' id='word_1_509' title='bbox 1224 3637 1499 3706; x_wconf 73' lang='grc' dir='ltr'><strong>δεὲμενος.</strong></span> <span class='ocrx_word' id='word_1_510' title='bbox 1535 3637 1697 3700; x_wconf 74' lang='grc' dir='ltr'><strong>Εἰκὸς</strong></span> <span class='ocrx_word' id='word_1_511' title='bbox 1720 3637 1829 3706; x_wconf 77' lang='grc' dir='ltr'><strong>γάρ</strong></span> <span class='ocrx_word' id='word_1_512' title='bbox 1865 3652 1957 3689; x_wconf 87' lang='grc' dir='ltr'><strong>σου</strong></span> 
     </span>
    </p>
   </div>
   <div class='ocr_carea' id='block_1_67' title="bbox 378 3726 1958 3798">
    <p class='ocr_par' dir='ltr' id='par_1_67' title="bbox 378 3726 1958 3798">
     <span class='ocr_line' id='line_1_67' title="bbox 378 3726 1958 3798; baseline -0.001 -17"><span class='ocrx_word' id='word_1_513' title='bbox 378 3727 479 3781; x_wconf 69' lang='grc' dir='ltr'><strong>καὶ</strong></span> <span class='ocrx_word' id='word_1_514' title='bbox 527 3728 828 3796; x_wconf 76' lang='grc' dir='ltr'><strong>ἀϐούλητον</strong></span> <span class='ocrx_word' id='word_1_515' title='bbox 875 3726 1024 3798; x_wconf 86' lang='grc' dir='ltr'><strong>αύτῷ</strong></span> <span class='ocrx_word' id='word_1_516' title='bbox 1063 3729 1162 3797; x_wconf 83' lang='grc' dir='ltr'><strong>τὴν</strong></span> <span class='ocrx_word' id='word_1_517' title='bbox 1215 3728 1421 3782; x_wconf 77' lang='grc' dir='ltr'><strong>εἴσοδον</strong></span> <span class='ocrx_word' id='word_1_518' title='bbox 1455 3726 1631 3791; x_wconf 79' lang='grc' dir='ltr'><strong>εἶναι,</strong></span> <span class='ocrx_word' id='word_1_519' title='bbox 1667 3728 1760 3779; x_wconf 73' lang='grc' dir='ltr'><strong>καὶ</strong></span> <span class='ocrx_word' id='word_1_520' title='bbox 1807 3727 1958 3796; x_wconf 68' lang='grc' dir='ltr'><strong>παρὰ</strong></span> 
     </span>
    </p>
   </div>
   <div class='ocr_carea' id='block_1_68' title="bbox 378 3817 1961 3890">
    <p class='ocr_par' dir='ltr' id='par_1_68' title="bbox 378 3817 1961 3890">
     <span class='ocr_line' id='line_1_68' title="bbox 378 3817 1961 3890; baseline -0.003 -16"><span class='ocrx_word' id='word_1_521' title='bbox 378 3819 536 3874; x_wconf 82' lang='grc' dir='ltr'><strong>τοῦτο</strong></span> <span class='ocrx_word' id='word_1_522' title='bbox 566 3818 892 3875; x_wconf 86' lang='grc' dir='ltr'><strong>κωλύεσθαι.</strong></span> <span class='ocrx_word' id='word_1_523' title='bbox 942 3819 1097 3873; x_wconf 75' lang='grc' dir='ltr'><strong>Ἐπεὶ</strong></span> <span class='ocrx_word' id='word_1_524' title='bbox 1145 3819 1363 3890; x_wconf 77' lang='grc' dir='ltr'><strong>βέϐαιον</strong></span> <span class='ocrx_word' id='word_1_525' title='bbox 1412 3818 1614 3872; x_wconf 80' lang='grc' dir='ltr'><strong>κείσθω</strong></span> <span class='ocrx_word' id='word_1_526' title='bbox 1671 3835 1753 3871; x_wconf 89' lang='grc' dir='ltr'><strong>σοι</strong></span> <span class='ocrx_word' id='word_1_527' title='bbox 1800 3817 1961 3871; x_wconf 82' lang='grc' dir='ltr'><strong>τοῦτο</strong></span> 
     </span>
    </p>
   </div>
   <div class='ocr_carea' id='block_1_69' title="bbox 381 3908 1959 3983">
    <p class='ocr_par' dir='ltr' id='par_1_69' title="bbox 381 3908 1959 3983">
     <span class='ocr_line' id='line_1_69' title="bbox 381 3908 1959 3983; baseline 0 -22"><span class='ocrx_word' id='word_1_528' title='bbox 381 3910 475 3962; x_wconf 73' lang='grc' dir='ltr'><strong>καὶ</strong></span> <span class='ocrx_word' id='word_1_529' title='bbox 518 3910 915 3981; x_wconf 81' lang='grc' dir='ltr'><strong>ἀναμφίλογον,</strong></span> <span class='ocrx_word' id='word_1_530' title='bbox 960 3910 1167 3981; x_wconf 81' lang='grc' dir='ltr'><strong>μηδένα</strong></span> <span class='ocrx_word' id='word_1_531' title='bbox 1209 3909 1316 3983; x_wconf 85' lang='grc' dir='ltr'><strong>[ῖσ.</strong></span> <span class='ocrx_word' id='word_1_532' title='bbox 1359 3908 1608 3982; x_wconf 68' lang='grc' dir='ltr'><strong>μηδενὸς]</strong></span> <span class='ocrx_word' id='word_1_533' title='bbox 1653 3910 1761 3962; x_wconf 88' lang='grc' dir='ltr'><strong>τῶν</strong></span> <span class='ocrx_word' id='word_1_534' title='bbox 1800 3926 1959 3980; x_wconf 86' lang='grc' dir='ltr'><strong>περι-</strong></span> 
     </span>
    </p>
   </div>
   <div class='ocr_carea' id='block_1_70' title="bbox 378 4002 1958 4079">
    <p class='ocr_par' dir='ltr' id='par_1_70' title="bbox 378 4002 1958 4075">
     <span class='ocr_line' id='line_1_70' title="bbox 378 4002 1958 4075; baseline -0.001 -19"><span class='ocrx_word' id='word_1_535' title='bbox 378 4003 647 4072; x_wconf 79' lang='grc' dir='ltr'><strong>κειμένων</strong></span> <span class='ocrx_word' id='word_1_536' title='bbox 676 4002 857 4073; x_wconf 84' lang='grc' dir='ltr'><strong>σῶμα,</strong></span> <span class='ocrx_word' id='word_1_537' title='bbox 892 4003 1030 4056; x_wconf 79' lang='grc' dir='ltr'><strong>ἀλλὰ</strong></span> <span class='ocrx_word' id='word_1_538' title='bbox 1060 4002 1340 4074; x_wconf 69' lang='grc' dir='ltr'><strong>θειοτέραν</strong></span> <span class='ocrx_word' id='word_1_539' title='bbox 1366 4004 1486 4056; x_wconf 74' lang='grc' dir='ltr'><strong>τινὰ</strong></span> <span class='ocrx_word' id='word_1_540' title='bbox 1514 4004 1609 4055; x_wconf 80' lang='grc' dir='ltr'><strong>καὶ</strong></span> <span class='ocrx_word' id='word_1_541' title='bbox 1640 4002 1780 4072; x_wconf 82' lang='grc' dir='ltr'><strong>ὑπὲρ</strong></span> <span class='ocrx_word' id='word_1_542' title='bbox 1810 4003 1958 4075; x_wconf 78' lang='grc' dir='ltr'><strong>ἡμᾶς</strong></span> 
     </span>
    </p>
   </div>
   <div class='ocr_carea' id='block_1_71' title="bbox 376 4092 1958 4169">
    <p class='ocr_par' dir='ltr' id='par_1_71' title="bbox 376 4092 1958 4169">
     <span class='ocr_line' id='line_1_71' title="bbox 408 4092 1912 4123; baseline 0.001 -12"><span class='ocrx_word' id='word_1_543' title='bbox 408 4092 430 4111; x_wconf 68' lang='grc' dir='ltr'><strong>τ’</strong></span> <span class='ocrx_word' id='word_1_544' title='bbox 587 4095 597 4111; x_wconf 84' lang='grc'><strong>.</strong></span> <span class='ocrx_word' id='word_1_545' title='bbox 702 4120 703 4123; x_wconf 22' lang='grc' dir='ltr'><strong>η</strong></span> <span class='ocrx_word' id='word_1_546' title='bbox 778 4096 828 4113; x_wconf 67' lang='grc' dir='ltr'>η</span> <span class='ocrx_word' id='word_1_547' title='bbox 951 4097 971 4114; x_wconf 67' lang='grc' dir='ltr'><strong>ρ</strong></span> <span class='ocrx_word' id='word_1_548' title='bbox 1354 4097 1365 4114; x_wconf 80' lang='grc'>.</span> <span class='ocrx_word' id='word_1_549' title='bbox 1470 4092 1487 4111; x_wconf 67' lang='grc' dir='ltr'><strong>τ</strong></span> <span class='ocrx_word' id='word_1_550' title='bbox 1899 4095 1912 4113; x_wconf 70' lang='grc' dir='ltr'><strong><em>ο</em></strong></span> 
     </span>
     <span class='ocr_line' id='line_1_72' title="bbox 376 4095 1958 4169; baseline -0.001 -21"><span class='ocrx_word' id='word_1_551' title='bbox 376 4110 518 4149; x_wconf 71' lang='grc' dir='ltr'><strong>εινκι</strong></span> <span class='ocrx_word' id='word_1_552' title='bbox 548 4113 646 4166; x_wconf 85' lang='grc' dir='ltr'><strong>την</strong></span> <span class='ocrx_word' id='word_1_553' title='bbox 681 4099 919 4166; x_wconf 71' lang='grc' dir='ltr'><strong>ὁμιλίαν.</strong></span> <span class='ocrx_word' id='word_1_554' title='bbox 975 4097 1104 4166; x_wconf 84' lang='grc' dir='ltr'><strong>Εχει</strong></span> <span class='ocrx_word' id='word_1_555' title='bbox 1141 4097 1249 4169; x_wconf 71' lang='grc' dir='ltr'><strong>γὰρ</strong></span> <span class='ocrx_word' id='word_1_556' title='bbox 1282 4114 1376 4150; x_wconf 86' lang='grc' dir='ltr'><strong>και</strong></span> <span class='ocrx_word' id='word_1_557' title='bbox 1427 4097 1586 4160; x_wconf 76' lang='grc' dir='ltr'><strong>αυθις</strong></span> <span class='ocrx_word' id='word_1_558' title='bbox 1625 4095 1849 4166; x_wconf 82' lang='grc' dir='ltr'><strong>ὁμοίως,</strong></span> <span class='ocrx_word' id='word_1_559' title='bbox 1883 4112 1958 4156; x_wconf 87' lang='grc' dir='ltr'><strong>ως</strong></span> 
     </span>
    </p>
   </div>
   <div class='ocr_carea' id='block_1_72' title="bbox 375 4185 1957 4257">
    <p class='ocr_par' dir='ltr' id='par_1_72' title="bbox 375 4185 1957 4257">
     <span class='ocr_line' id='line_1_73' title="bbox 375 4185 1957 4257; baseline -0.001 -17"><span class='ocrx_word' id='word_1_560' title='bbox 375 4186 432 4240; x_wconf 75' lang='grc' dir='ltr'><strong>αἱ</strong></span> <span class='ocrx_word' id='word_1_561' title='bbox 463 4186 829 4256; x_wconf 73' lang='grc' dir='ltr'><strong>προλαϐοῦσαι</strong></span> <span class='ocrx_word' id='word_1_562' title='bbox 865 4186 959 4240; x_wconf 85' lang='grc' dir='ltr'><strong>δύο</strong></span> <span class='ocrx_word' id='word_1_563' title='bbox 996 4187 1192 4251; x_wconf 83' lang='grc' dir='ltr'><strong>νύκτες</strong></span> <span class='ocrx_word' id='word_1_564' title='bbox 1227 4204 1318 4257; x_wconf 90' lang='grc' dir='ltr'><strong>μοι</strong></span> <span class='ocrx_word' id='word_1_565' title='bbox 1369 4186 1602 4251; x_wconf 77' lang='grc' dir='ltr'><strong>ἔδειξαν.</strong></span> <span class='ocrx_word' id='word_1_566' title='bbox 1652 4187 1762 4239; x_wconf 75' lang='grc' dir='ltr'><strong>Καὶ</strong></span> <span class='ocrx_word' id='word_1_567' title='bbox 1796 4187 1824 4238; x_wconf 90' lang='grc' dir='ltr'><strong>ὁ</strong></span> <span class='ocrx_word' id='word_1_568' title='bbox 1861 4185 1957 4256; x_wconf 77' lang='grc' dir='ltr'><strong>μὲν</strong></span> 
     </span>
    </p>
   </div>
   <div class='ocr_carea' id='block_1_73' title="bbox 373 4277 1958 4352">
    <p class='ocr_par' dir='ltr' id='par_1_73' title="bbox 373 4277 1958 4352">
     <span class='ocr_line' id='line_1_74' title="bbox 373 4277 1958 4352; baseline -0.001 -20"><span class='ocrx_word' id='word_1_569' title='bbox 373 4279 547 4343; x_wconf 73' lang='grc' dir='ltr'><strong>οὓτως</strong></span> <span class='ocrx_word' id='word_1_570' title='bbox 579 4278 744 4352; x_wconf 78' lang='grc' dir='ltr'><strong>ἀπῄει</strong></span> <span class='ocrx_word' id='word_1_571' title='bbox 771 4280 917 4352; x_wconf 86' lang='grc' dir='ltr'><strong>λύπῃ</strong></span> <span class='ocrx_word' id='word_1_572' title='bbox 946 4280 1093 4350; x_wconf 79' lang='grc' dir='ltr'><strong>δεινῇ</strong></span> <span class='ocrx_word' id='word_1_573' title='bbox 1126 4281 1354 4349; x_wconf 76' lang='grc' dir='ltr'><strong>κάτοχος</strong></span> <span class='ocrx_word' id='word_1_574' title='bbox 1398 4280 1490 4332; x_wconf 79' lang='grc' dir='ltr'><strong>καὶ</strong></span> <span class='ocrx_word' id='word_1_575' title='bbox 1522 4279 1756 4350; x_wconf 81' lang='grc' dir='ltr'><strong>ἀπορίας</strong></span> <span class='ocrx_word' id='word_1_576' title='bbox 1787 4277 1958 4332; x_wconf 82' lang='grc' dir='ltr'><strong>κατά-</strong></span> 
     </span>
    </p>
   </div>
   <div class='ocr_carea' id='block_1_74' title="bbox 374 4359 1959 4440">
    <p class='ocr_par' dir='ltr' id='par_1_74' title="bbox 374 4359 1959 4440">
     <span class='ocr_line' id='line_1_75' title="bbox 374 4359 1959 4440; baseline 0.001 -19"><span class='ocrx_word' id='word_1_577' title='bbox 374 4366 579 4431; x_wconf 79' lang='grc' dir='ltr'><strong>πλεως.</strong></span> <span class='ocrx_word' id='word_1_578' title='bbox 613 4369 857 4439; x_wconf 78' lang='grc' dir='ltr'><strong>Ἡμέρας</strong></span> <span class='ocrx_word' id='word_1_579' title='bbox 884 4369 939 4421; x_wconf 80' lang='grc' dir='ltr'><strong>δὲ</strong></span> <span class='ocrx_word' id='word_1_580' title='bbox 964 4368 1067 4439; x_wconf 73' lang='grc' dir='ltr'><strong>ἤδη</strong></span> <span class='ocrx_word' id='word_1_581' title='bbox 1092 4370 1414 4439; x_wconf 75' lang='grc' dir='ltr'><strong>γενομένης,</strong></span> <span class='ocrx_word' id='word_1_582' title='bbox 1447 4359 1551 4438; x_wconf 76' lang='grc' dir='ltr'><strong>μνῆ</strong></span> <span class='ocrx_word' id='word_1_583' title='bbox 1562 4386 1639 4438; x_wconf 90' lang='grc' dir='ltr'><strong>μη</strong></span> <span class='ocrx_word' id='word_1_584' title='bbox 1659 4371 1750 4422; x_wconf 73' lang='grc' dir='ltr'><strong>τὸν</strong></span> <span class='ocrx_word' id='word_1_585' title='bbox 1777 4367 1959 4440; x_wconf 78' lang='grc' dir='ltr'><strong>μακά-</strong></span> 
     </span>
    </p>
   </div>
   <div class='ocr_carea' id='block_1_75' title="bbox 379 4444 1955 4532">
    <p class='ocr_par' dir='ltr' id='par_1_75' title="bbox 379 4444 1955 4532">
     <span class='ocr_line' id='line_1_76' title="bbox 379 4444 1955 4532; baseline 0 -20"><span class='ocrx_word' id='word_1_586' title='bbox 379 4477 497 4529; x_wconf 80' lang='grc' dir='ltr'><strong>ριον</strong></span> <span class='ocrx_word' id='word_1_587' title='bbox 530 4459 841 4513; x_wconf 80' lang='grc' dir='ltr'><strong>ὑπελθοῦσα</strong></span> <span class='ocrx_word' id='word_1_588' title='bbox 875 4444 1352 4531; x_wconf 80' lang='grc' dir='ltr'><strong>μετακαλέσασθαι</strong></span> <span class='ocrx_word' id='word_1_589' title='bbox 1381 4461 1471 4514; x_wconf 81' lang='grc' dir='ltr'><strong>τὸν</strong></span> <span class='ocrx_word' id='word_1_590' title='bbox 1505 4461 1747 4532; x_wconf 82' lang='grc' dir='ltr'><strong>Πρόκλον</strong></span> <span class='ocrx_word' id='word_1_591' title='bbox 1778 4462 1955 4512; x_wconf 78' lang='grc' dir='ltr'><strong>ποιεῖ’</strong></span> 
     </span>
    </p>
   </div>
   <div class='ocr_carea' id='block_1_76' title="bbox 373 4551 1960 4623">
    <p class='ocr_par' dir='ltr' id='par_1_76' title="bbox 373 4551 1960 4623">
     <span class='ocr_line' id='line_1_77' title="bbox 373 4551 1960 4623; baseline 0.001 -19"><span class='ocrx_word' id='word_1_592' title='bbox 373 4552 486 4604; x_wconf 80' lang='grc' dir='ltr'><strong>Καὶ</strong></span> <span class='ocrx_word' id='word_1_593' title='bbox 523 4551 647 4617; x_wconf 83' lang='grc' dir='ltr'><strong>ποῦ,</strong></span> <span class='ocrx_word' id='word_1_594' title='bbox 674 4552 861 4623; x_wconf 66' lang='grc' dir='ltr'><strong>φησιν,</strong></span> <span class='ocrx_word' id='word_1_595' title='bbox 906 4555 934 4606; x_wconf 86' lang='grc' dir='ltr'><strong>ὁ</strong></span> <span class='ocrx_word' id='word_1_596' title='bbox 968 4553 1074 4623; x_wconf 83' lang='grc' dir='ltr'><strong>πρὸ</strong></span> <span class='ocrx_word' id='word_1_597' title='bbox 1103 4551 1265 4622; x_wconf 79' lang='grc' dir='ltr'><strong>τῆσδε</strong></span> <span class='ocrx_word' id='word_1_598' title='bbox 1320 4553 1417 4622; x_wconf 79' lang='grc' dir='ltr'><strong>τῆς</strong></span> <span class='ocrx_word' id='word_1_599' title='bbox 1462 4553 1653 4623; x_wconf 82' lang='grc' dir='ltr'><strong>τρίτης</strong></span> <span class='ocrx_word' id='word_1_600' title='bbox 1693 4551 1769 4616; x_wconf 84' lang='grc' dir='ltr'><strong>ὡς</strong></span> <span class='ocrx_word' id='word_1_601' title='bbox 1811 4552 1960 4623; x_wconf 77' lang='grc' dir='ltr'><strong>ἡμᾶς</strong></span> 
     </span>
    </p>
   </div>
   <div class='ocr_carea' id='block_1_77' title="bbox 372 4643 1959 4716">
    <p class='ocr_par' dir='ltr' id='par_1_77' title="bbox 372 4643 1959 4716">
     <span class='ocr_line' id='line_1_78' title="bbox 372 4643 1959 4716; baseline 0.001 -20"><span class='ocrx_word' id='word_1_602' title='bbox 372 4645 551 4698; x_wconf 80' lang='grc' dir='ltr'><strong>ἐλθεῖν</strong></span> <span class='ocrx_word' id='word_1_603' title='bbox 595 4644 856 4711; x_wconf 79' lang='grc' dir='ltr'><strong>ἀξιώσας,</strong></span> <span class='ocrx_word' id='word_1_604' title='bbox 894 4646 990 4698; x_wconf 70' lang='grc' dir='ltr'><strong>καὶ</strong></span> <span class='ocrx_word' id='word_1_605' title='bbox 1041 4644 1200 4699; x_wconf 89' lang='grc' dir='ltr'><strong>τοῦτο</strong></span> <span class='ocrx_word' id='word_1_606' title='bbox 1232 4644 1363 4715; x_wconf 77' lang='grc' dir='ltr'><strong>παρ’</strong></span> <span class='ocrx_word' id='word_1_607' title='bbox 1390 4646 1548 4716; x_wconf 74' lang='grc' dir='ltr'><strong>ἡμῶν</strong></span> <span class='ocrx_word' id='word_1_608' title='bbox 1589 4643 1774 4698; x_wconf 80' lang='grc' dir='ltr'><strong>λαϐὼν</strong></span> <span class='ocrx_word' id='word_1_609' title='bbox 1815 4644 1959 4698; x_wconf 73' lang='grc' dir='ltr'><strong>κατὰ</strong></span> 
     </span>
    </p>
   </div>
   <div class='ocr_carea' id='block_1_78' title="bbox 2061 3452 3649 3525">
    <p class='ocr_par' dir='ltr' id='par_1_78' title="bbox 2061 3452 3649 3525">
     <span class='ocr_line' id='line_1_79' title="bbox 2061 3452 3649 3525; baseline -0.001 -16"><span class='ocrx_word' id='word_1_610' title='bbox 2061 3453 2355 3525; x_wconf 80' lang='lat' dir='ltr'><strong>quodpiam</strong></span> <span class='ocrx_word' id='word_1_611' title='bbox 2410 3455 2461 3508; x_wconf 91' lang='lat' dir='ltr'><strong>ei</strong></span> <span class='ocrx_word' id='word_1_612' title='bbox 2517 3453 3017 3508; x_wconf 84' lang='lat' dir='ltr'><strong>communicantem</strong></span> <span class='ocrx_word' id='word_1_613' title='bbox 3093 3461 3149 3507; x_wconf 91' lang='lat' dir='ltr'><strong>et</strong></span> <span class='ocrx_word' id='word_1_614' title='bbox 3195 3452 3649 3509; x_wconf 82' lang='lat' dir='ltr'><strong>submurmuran-</strong></span> 
     </span>
    </p>
   </div>
   <div class='ocr_carea' id='block_1_79' title="bbox 2062 3544 3649 3611">
    <p class='ocr_par' dir='ltr' id='par_1_79' title="bbox 2062 3544 3649 3611">
     <span class='ocr_line' id='line_1_80' title="bbox 2062 3544 3649 3611; baseline 0 -11"><span class='ocrx_word' id='word_1_615' title='bbox 2062 3554 2172 3600; x_wconf 88' lang='lat' dir='ltr'><strong>tem</strong></span> <span class='ocrx_word' id='word_1_616' title='bbox 2206 3562 2221 3601; x_wconf 85' lang='lat'><strong>:</strong></span> <span class='ocrx_word' id='word_1_617' title='bbox 2257 3545 2406 3600; x_wconf 87' lang='lat' dir='ltr'><strong>hunc</strong></span> <span class='ocrx_word' id='word_1_618' title='bbox 2452 3544 2920 3599; x_wconf 33' lang='lat' dir='ltr'><strong>antem‘chartam</strong></span> <span class='ocrx_word' id='word_1_619' title='bbox 2955 3544 3338 3601; x_wconf 86' lang='lat' dir='ltr'><strong>habentemin</strong></span> <span class='ocrx_word' id='word_1_620' title='bbox 3374 3545 3649 3611; x_wconf 82' lang='lat' dir='ltr'><strong>manibus,</strong></span> 
     </span>
    </p>
   </div>
   <div class='ocr_carea' id='block_1_80' title="bbox 2061 3634 3650 3706">
    <p class='ocr_par' dir='ltr' id='par_1_80' title="bbox 2061 3634 3650 3706">
     <span class='ocr_line' id='line_1_81' title="bbox 2061 3634 3650 3706; baseline -0.001 -15"><span class='ocrx_word' id='word_1_621' title='bbox 2061 3646 2117 3691; x_wconf 90' lang='lat' dir='ltr'><strong>et</strong></span> <span class='ocrx_word' id='word_1_622' title='bbox 2152 3637 2243 3706; x_wconf 90' lang='lat' dir='ltr'><strong>qui</strong></span> <span class='ocrx_word' id='word_1_623' title='bbox 2279 3636 2568 3690; x_wconf 84' lang='lat' dir='ltr'><strong>videbatur</strong></span> <span class='ocrx_word' id='word_1_624' title='bbox 2616 3634 2834 3704; x_wconf 85' lang='lat' dir='ltr'><strong>scriptis</strong></span> <span class='ocrx_word' id='word_1_625' title='bbox 2890 3635 3151 3689; x_wconf 87' lang='lat' dir='ltr'><strong>mandare</strong></span> <span class='ocrx_word' id='word_1_626' title='bbox 3182 3650 3267 3698; x_wconf 90' lang='lat' dir='ltr'><strong>ea,</strong></span> <span class='ocrx_word' id='word_1_627' title='bbox 3319 3651 3439 3704; x_wconf 78' lang='lat' dir='ltr'><strong>quae</strong></span> <span class='ocrx_word' id='word_1_628' title='bbox 3477 3636 3650 3690; x_wconf 84' lang='lat' dir='ltr'><strong>dicta-</strong></span> 
     </span>
    </p>
   </div>
   <div class='ocr_carea' id='block_1_81' title="bbox 2045 3700 3649 3793">
    <p class='ocr_par' dir='ltr' id='par_1_81' title="bbox 2045 3700 3649 3793">
     <span class='ocr_line' id='line_1_82' title="bbox 2045 3700 3649 3793; baseline -0.002 -9"><span class='ocrx_word' id='word_1_629' title='bbox 2045 3700 2280 3793; x_wconf 51' lang='lat' dir='ltr'><strong>.bantur,</strong></span> <span class='ocrx_word' id='word_1_630' title='bbox 2320 3725 2826 3781; x_wconf 79' lang='lat' dir='ltr'><strong>intellexitProclus</strong></span> <span class='ocrx_word' id='word_1_631' title='bbox 2846 3741 2953 3780; x_wconf 91' lang='lat' dir='ltr'><strong>non</strong></span> <span class='ocrx_word' id='word_1_632' title='bbox 2978 3725 3095 3780; x_wconf 87' lang='lat' dir='ltr'><strong>sine</strong></span> <span class='ocrx_word' id='word_1_633' title='bbox 3124 3725 3218 3781; x_wconf 89' lang='lat' dir='ltr'><strong>Dei</strong></span> <span class='ocrx_word' id='word_1_634' title='bbox 3248 3726 3473 3781; x_wconf 88' lang='lat' dir='ltr'><strong>numine</strong></span> <span class='ocrx_word' id='word_1_635' title='bbox 3506 3727 3649 3781; x_wconf 87' lang='lat' dir='ltr'><strong>hanc</strong></span> 
     </span>
    </p>
   </div>
   <div class='ocr_carea' id='block_1_82' title="bbox 2062 3818 3647 3890">
    <p class='ocr_par' dir='ltr' id='par_1_82' title="bbox 2062 3818 3647 3890">
     <span class='ocr_line' id='line_1_83' title="bbox 2062 3818 3647 3890; baseline -0.002 -16"><span class='ocrx_word' id='word_1_636' title='bbox 2062 3820 2177 3874; x_wconf 83' lang='lat' dir='ltr'><strong>ﬁeri</strong></span> <span class='ocrx_word' id='word_1_637' title='bbox 2223 3820 2746 3890; x_wconf 83' lang='lat' dir='ltr'><strong>visionem.,neque</strong></span> <span class='ocrx_word' id='word_1_638' title='bbox 2818 3818 3119 3873; x_wconf 86' lang='lat' dir='ltr'><strong>humanum</strong></span> <span class='ocrx_word' id='word_1_639' title='bbox 3175 3819 3455 3889; x_wconf 84' lang='lat' dir='ltr'><strong>quidpiam</strong></span> <span class='ocrx_word' id='word_1_640' title='bbox 3503 3832 3647 3881; x_wconf 87' lang='lat' dir='ltr'><strong>csse,</strong></span> 
     </span>
    </p>
   </div>
   <div class='ocr_carea' id='block_1_83' title="bbox 2061 3909 3645 3981">
    <p class='ocr_par' dir='ltr' id='par_1_83' title="bbox 2061 3909 3645 3981">
     <span class='ocr_line' id='line_1_84' title="bbox 2061 3909 3645 3981; baseline -0.001 -15"><span class='ocrx_word' id='word_1_641' title='bbox 2061 3910 2205 3981; x_wconf 89' lang='lat' dir='ltr'><strong>quod</strong></span> <span class='ocrx_word' id='word_1_642' title='bbox 2242 3909 2558 3979; x_wconf 84' lang='lat' dir='ltr'><strong>apparebat,</strong></span> <span class='ocrx_word' id='word_1_643' title='bbox 2590 3909 2684 3964; x_wconf 84' lang='lat' dir='ltr'><strong>sed</strong></span> <span class='ocrx_word' id='word_1_644' title='bbox 2716 3925 2832 3963; x_wconf 88' lang='lat' dir='ltr'><strong>rem</strong></span> <span class='ocrx_word' id='word_1_645' title='bbox 2868 3909 3107 3965; x_wconf 79' lang='lat' dir='ltr'><strong>divinam</strong></span> <span class='ocrx_word' id='word_1_646' title='bbox 3146 3918 3202 3964; x_wconf 83' lang='lat' dir='ltr'><strong>et</strong></span> <span class='ocrx_word' id='word_1_647' title='bbox 3233 3926 3354 3980; x_wconf 64' lang='lat' dir='ltr'><strong>quae</strong></span> <span class='ocrx_word' id='word_1_648' title='bbox 3384 3911 3454 3964; x_wconf 89' lang='lat' dir='ltr'><strong>sit</strong></span> <span class='ocrx_word' id='word_1_649' title='bbox 3482 3920 3645 3980; x_wconf 83' lang='lat' dir='ltr'><strong>supra</strong></span> 
     </span>
    </p>
   </div>
   <div class='ocr_carea' id='block_1_84' title="bbox 2062 3996 3649 4072">
    <p class='ocr_par' dir='ltr' id='par_1_84' title="bbox 2062 3996 3649 4072">
     <span class='ocr_line' id='line_1_85' title="bbox 2062 3996 3649 4072; baseline -0.001 -16"><span class='ocrx_word' id='word_1_650' title='bbox 2062 3996 2373 4056; x_wconf 55' lang='lat' dir='ltr'><strong>hominem;</strong></span> <span class='ocrx_word' id='word_1_651' title='bbox 2411 4001 2722 4056; x_wconf 84' lang='lat' dir='ltr'><strong>Conversus</strong></span> <span class='ocrx_word' id='word_1_652' title='bbox 2772 4016 2922 4072; x_wconf 82' lang='lat' dir='ltr'><strong>ergo,</strong></span> <span class='ocrx_word' id='word_1_653' title='bbox 2971 4001 3179 4055; x_wconf 82' lang='lat' dir='ltr'><strong>homini</strong></span> <span class='ocrx_word' id='word_1_654' title='bbox 3225 4002 3361 4057; x_wconf 74' lang='lat' dir='ltr'><strong>dixit</strong></span> <span class='ocrx_word' id='word_1_655' title='bbox 3395 4019 3407 4056; x_wconf 90' lang='lat'>:</span> <span class='ocrx_word' id='word_1_656' title='bbox 3438 4002 3560 4065; x_wconf 82' lang='lat' dir='ltr'><strong>Abi,</strong></span> <span class='ocrx_word' id='word_1_657' title='bbox 3592 4014 3649 4056; x_wconf 83' lang='lat' dir='ltr'><strong>et</strong></span> 
     </span>
    </p>
   </div>
   <div class='ocr_carea' id='block_1_85' title="bbox 2061 4092 3645 4164">
    <p class='ocr_par' dir='ltr' id='par_1_85' title="bbox 2061 4092 3645 4164">
     <span class='ocr_line' id='line_1_86' title="bbox 2061 4092 3645 4164; baseline -0.002 -14"><span class='ocrx_word' id='word_1_658' title='bbox 2061 4108 2221 4150; x_wconf 71' lang='lat' dir='ltr'><strong>mane</strong></span> <span class='ocrx_word' id='word_1_659' title='bbox 2242 4093 2387 4162; x_wconf 89' lang='lat' dir='ltr'><strong>apud</strong></span> <span class='ocrx_word' id='word_1_660' title='bbox 2417 4100 2490 4159; x_wconf 85' lang='lat' dir='ltr'><strong>te,</strong></span> <span class='ocrx_word' id='word_1_661' title='bbox 2525 4092 2693 4147; x_wconf 87' lang='lat' dir='ltr'><strong>Deum</strong></span> <span class='ocrx_word' id='word_1_662' title='bbox 2744 4108 2966 4164; x_wconf 85' lang='lat' dir='ltr'><strong>rogans.</strong></span> <span class='ocrx_word' id='word_1_663' title='bbox 3013 4093 3455 4147; x_wconf 86' lang='lat' dir='ltr'><strong>Consentaneum</strong></span> <span class='ocrx_word' id='word_1_664' title='bbox 3498 4094 3645 4148; x_wconf 84' lang='lat' dir='ltr'><strong>enim</strong></span> 
     </span>
    </p>
   </div>
   <div class='ocr_carea' id='block_1_86' title="bbox 2061 4184 3645 4256">
    <p class='ocr_par' dir='ltr' id='par_1_86' title="bbox 2061 4184 3645 4256">
     <span class='ocr_line' id='line_1_87' title="bbox 2061 4184 3645 4256; baseline -0.002 -15"><span class='ocrx_word' id='word_1_665' title='bbox 2061 4195 2145 4241; x_wconf 85' lang='lat' dir='ltr'><strong>est</strong></span> <span class='ocrx_word' id='word_1_666' title='bbox 2170 4201 2298 4256; x_wconf 81' lang='lat' dir='ltr'><strong>eum</strong></span> <span class='ocrx_word' id='word_1_667' title='bbox 2334 4186 2501 4252; x_wconf 89' lang='lat' dir='ltr'><strong>nolle,</strong></span> <span class='ocrx_word' id='word_1_668' title='bbox 2529 4194 2589 4240; x_wconf 90' lang='lat' dir='ltr'><strong>ut</strong></span> <span class='ocrx_word' id='word_1_669' title='bbox 2633 4194 2688 4239; x_wconf 91' lang='lat' dir='ltr'><strong>tu</strong></span> <span class='ocrx_word' id='word_1_670' title='bbox 2719 4184 3066 4256; x_wconf 81' lang='lat' dir='ltr'><strong>ingrediaris,</strong></span> <span class='ocrx_word' id='word_1_671' title='bbox 3098 4194 3155 4241; x_wconf 87' lang='lat' dir='ltr'><strong>et</strong></span> <span class='ocrx_word' id='word_1_672' title='bbox 3209 4188 3261 4240; x_wconf 87' lang='lat' dir='ltr'><strong>te</strong></span> <span class='ocrx_word' id='word_1_673' title='bbox 3300 4185 3424 4240; x_wconf 87' lang='lat' dir='ltr'><strong>ideo</strong></span> <span class='ocrx_word' id='word_1_674' title='bbox 3460 4185 3645 4256; x_wconf 87' lang='lat' dir='ltr'><strong>prohi-</strong></span> 
     </span>
    </p>
   </div>
   <div class='ocr_carea' id='block_1_87' title="bbox 2060 4277 3651 4347">
    <p class='ocr_par' dir='ltr' id='par_1_87' title="bbox 2060 4277 3651 4347">
     <span class='ocr_line' id='line_1_88' title="bbox 2060 4277 3651 4347; baseline -0.004 -13"><span class='ocrx_word' id='word_1_675' title='bbox 2060 4279 2199 4335; x_wconf 88' lang='lat' dir='ltr'><strong>beri.</strong></span> <span class='ocrx_word' id='word_1_676' title='bbox 2229 4277 2346 4333; x_wconf 82' lang='lat' dir='ltr'><strong>Hoc</strong></span> <span class='ocrx_word' id='word_1_677' title='bbox 2378 4278 2525 4333; x_wconf 90' lang='lat' dir='ltr'><strong>enim</strong></span> <span class='ocrx_word' id='word_1_678' title='bbox 2584 4294 2684 4347; x_wconf 87' lang='lat' dir='ltr'><strong>pro</strong></span> <span class='ocrx_word' id='word_1_679' title='bbox 2731 4286 2883 4333; x_wconf 86' lang='lat' dir='ltr'><strong>certo</strong></span> <span class='ocrx_word' id='word_1_680' title='bbox 2919 4278 3142 4342; x_wconf 82' lang='lat' dir='ltr'><strong>habeas,</strong></span> <span class='ocrx_word' id='word_1_681' title='bbox 3184 4278 3390 4333; x_wconf 86' lang='lat' dir='ltr'><strong>nullius</strong></span> <span class='ocrx_word' id='word_1_682' title='bbox 3423 4278 3651 4331; x_wconf 84' lang='lat' dir='ltr'><strong>omnino</strong></span> 
     </span>
    </p>
   </div>
   <div class='ocr_carea' id='block_1_88' title="bbox 2060 4369 3646 4440">
    <p class='ocr_par' dir='ltr' id='par_1_88' title="bbox 2060 4369 3646 4440">
     <span class='ocr_line' id='line_1_89' title="bbox 2060 4369 3646 4440; baseline -0.003 -15"><span class='ocrx_word' id='word_1_683' title='bbox 2060 4387 2129 4425; x_wconf 77' lang='lat' dir='ltr'><strong>ex</strong></span> <span class='ocrx_word' id='word_1_684' title='bbox 2165 4370 2233 4425; x_wconf 90' lang='lat' dir='ltr'><strong>iis</strong></span> <span class='ocrx_word' id='word_1_685' title='bbox 2281 4369 2374 4440; x_wconf 91' lang='lat' dir='ltr'><strong>qui</strong></span> <span class='ocrx_word' id='word_1_686' title='bbox 2397 4379 2526 4425; x_wconf 90' lang='lat' dir='ltr'><strong>sunt</strong></span> <span class='ocrx_word' id='word_1_687' title='bbox 2553 4369 2849 4440; x_wconf 86' lang='lat' dir='ltr'><strong>corporati,</strong></span> <span class='ocrx_word' id='word_1_688' title='bbox 2878 4370 2976 4425; x_wconf 89' lang='lat' dir='ltr'><strong>sed</strong></span> <span class='ocrx_word' id='word_1_689' title='bbox 2995 4369 3321 4425; x_wconf 87' lang='lat' dir='ltr'><strong>diviniorem</strong></span> <span class='ocrx_word' id='word_1_690' title='bbox 3356 4369 3646 4438; x_wconf 83' lang='lat' dir='ltr'><strong>quamdam</strong></span> 
     </span>
    </p>
   </div>
   <div class='ocr_carea' id='block_1_89' title="bbox 2059 4460 3649 4542">
    <p class='ocr_par' dir='ltr' id='par_1_89' title="bbox 2059 4460 3649 4542">
     <span class='ocr_line' id='line_1_90' title="bbox 2059 4460 3649 4542; baseline -0.003 -23"><span class='ocrx_word' id='word_1_691' title='bbox 2059 4470 2115 4519; x_wconf 88' lang='lat' dir='ltr'><strong>et</strong></span> <span class='ocrx_word' id='word_1_692' title='bbox 2143 4478 2265 4533; x_wconf 76' lang='lat' dir='ltr'><strong>qua:</strong></span> <span class='ocrx_word' id='word_1_693' title='bbox 2290 4472 2373 4542; x_wconf 82' lang='lat' dir='ltr'><strong>est</strong></span> <span class='ocrx_word' id='word_1_694' title='bbox 2397 4478 2561 4533; x_wconf 86' lang='lat' dir='ltr'><strong>supra</strong></span> <span class='ocrx_word' id='word_1_695' title='bbox 2586 4478 2707 4526; x_wconf 80' lang='lat' dir='ltr'><strong>nos,</strong></span> <span class='ocrx_word' id='word_1_696' title='bbox 2734 4478 2855 4519; x_wconf 85' lang='lat' dir='ltr'><strong>esse</strong></span> <span class='ocrx_word' id='word_1_697' title='bbox 2886 4463 3420 4517; x_wconf 85' lang='lat' dir='ltr'><strong>scrmonicationem.</strong></span> <span class='ocrx_word' id='word_1_698' title='bbox 3473 4460 3649 4515; x_wconf 81' lang='lat' dir='ltr'><strong>liabet</strong></span> 
     </span>
    </p>
   </div>
   <div class='ocr_carea' id='block_1_90' title="bbox 2062 4542 3695 4623">
    <p class='ocr_par' dir='ltr' id='par_1_90' title="bbox 2062 4542 3695 4623">
     <span class='ocr_line' id='line_1_91' title="bbox 2062 4542 3695 4623; baseline -0.003 -11"><span class='ocrx_word' id='word_1_699' title='bbox 2062 4558 2207 4612; x_wconf 88' lang='lat' dir='ltr'><strong>enim</strong></span> <span class='ocrx_word' id='word_1_700' title='bbox 2252 4572 2445 4613; x_wconf 84' lang='lat' dir='ltr'><strong>rursus</strong></span> <span class='ocrx_word' id='word_1_701' title='bbox 2487 4571 2547 4611; x_wconf 90' lang='lat' dir='ltr'><strong>se</strong></span> <span class='ocrx_word' id='word_1_702' title='bbox 2606 4557 2878 4621; x_wconf 88' lang='lat' dir='ltr'><strong>similiter,</strong></span> <span class='ocrx_word' id='word_1_703' title='bbox 2916 4556 3067 4611; x_wconf 88' lang='lat' dir='ltr'><strong>sicut</strong></span> <span class='ocrx_word' id='word_1_704' title='bbox 3112 4557 3233 4611; x_wconf 67' lang='lat' dir='ltr'><strong>dua:</strong></span> <span class='ocrx_word' id='word_1_705' title='bbox 3278 4554 3650 4623; x_wconf 69' lang='lat' dir='ltr'><strong>prmccdentes</strong></span> <span class='ocrx_word' id='word_1_706' title='bbox 3682 4542 3695 4561; x_wconf 73' lang='grc'>⁸</span> 
     </span>
    </p>
   </div>
   <div class='ocr_carea' id='block_1_91' title="bbox 2060 4644 3649 4716">
    <p class='ocr_par' dir='ltr' id='par_1_91' title="bbox 2060 4644 3649 4716">
     <span class='ocr_line' id='line_1_92' title="bbox 2060 4644 3649 4716; baseline -0.002 -14"><span class='ocrx_word' id='word_1_707' title='bbox 2060 4658 2252 4702; x_wconf 88' lang='lat' dir='ltr'><strong>noctes</strong></span> <span class='ocrx_word' id='word_1_708' title='bbox 2309 4647 2422 4716; x_wconf 88' lang='lat' dir='ltr'><strong>jam</strong></span> <span class='ocrx_word' id='word_1_709' title='bbox 2475 4646 2609 4702; x_wconf 87' lang='lat' dir='ltr'><strong>mihi</strong></span> <span class='ocrx_word' id='word_1_710' title='bbox 2638 4647 3022 4702; x_wconf 86' lang='lat' dir='ltr'><strong>ostenderunt.</strong></span> <span class='ocrx_word' id='word_1_711' title='bbox 3071 4646 3139 4701; x_wconf 87' lang='lat' dir='ltr'><strong>Et</strong></span> <span class='ocrx_word' id='word_1_712' title='bbox 3195 4645 3286 4699; x_wconf 81' lang='lat' dir='ltr'><strong>iile</strong></span> <span class='ocrx_word' id='word_1_713' title='bbox 3315 4645 3535 4714; x_wconf 87' lang='lat' dir='ltr'><strong>quidem</strong></span> <span class='ocrx_word' id='word_1_714' title='bbox 3567 4644 3649 4699; x_wconf 88' lang='lat' dir='ltr'><strong>sic</strong></span> 
     </span>
    </p>
   </div>
   <div class='ocr_carea' id='block_1_92' title="bbox 373 4726 1960 4811">
    <p class='ocr_par' dir='ltr' id='par_1_92' title="bbox 373 4736 1956 4809">
     <span class='ocr_line' id='line_1_93' title="bbox 373 4736 1956 4809; baseline -0.001 -19"><span class='ocrx_word' id='word_1_715' title='bbox 373 4736 625 4807; x_wconf 82' lang='grc' dir='ltr'><strong>θέλησιν;</strong></span> <span class='ocrx_word' id='word_1_716' title='bbox 670 4737 730 4789; x_wconf 88' lang='lat'><strong>&#39;0</strong></span> <span class='ocrx_word' id='word_1_717' title='bbox 767 4736 824 4790; x_wconf 81' lang='grc' dir='ltr'><strong>δὲ</strong></span> <span class='ocrx_word' id='word_1_718' title='bbox 865 4737 1070 4808; x_wconf 87' lang='grc' dir='ltr'><strong>τρίτον,</strong></span> <span class='ocrx_word' id='word_1_719' title='bbox 1103 4737 1230 4808; x_wconf 74' lang='grc' dir='ltr'><strong>ἔφη,</strong></span> <span class='ocrx_word' id='word_1_720' title='bbox 1275 4736 1384 4791; x_wconf 89' lang='grc' dir='ltr'><strong>τῶν</strong></span> <span class='ocrx_word' id='word_1_721' title='bbox 1422 4736 1594 4809; x_wconf 80' lang='grc' dir='ltr'><strong>τριῶν</strong></span> <span class='ocrx_word' id='word_1_722' title='bbox 1637 4736 1833 4807; x_wconf 71' lang='grc' dir='ltr'><strong>ἐφεξῆς</strong></span> <span class='ocrx_word' id='word_1_723' title='bbox 1868 4755 1956 4788; x_wconf 85' lang='grc' dir='ltr'><strong>νυ-</strong></span> 
     </span>
    </p>
   </div>
   <div class='ocr_carea' id='block_1_93' title="bbox 2062 4726 3645 4811">
    <p class='ocr_par' dir='ltr' id='par_1_93' title="bbox 2063 4736 3645 4811">
     <span class='ocr_line' id='line_1_94' title="bbox 2063 4736 3645 4811; baseline -0.002 -17"><span class='ocrx_word' id='word_1_724' title='bbox 2063 4739 2217 4802; x_wconf 88' lang='lat' dir='ltr'><strong>ahiit,</strong></span> <span class='ocrx_word' id='word_1_725' title='bbox 2246 4740 2391 4811; x_wconf 62' lang='lat' dir='ltr'><strong>grati</strong></span> <span class='ocrx_word' id='word_1_726' title='bbox 2424 4739 2611 4794; x_wconf 87' lang='lat' dir='ltr'><strong>dolore</strong></span> <span class='ocrx_word' id='word_1_727' title='bbox 2644 4754 2960 4808; x_wconf 78' lang='lat' dir='ltr'><strong>oppressus.</strong></span> <span class='ocrx_word' id='word_1_728' title='bbox 2993 4747 3047 4792; x_wconf 88' lang='lat' dir='ltr'><strong>et</strong></span> <span class='ocrx_word' id='word_1_729' title='bbox 3062 4737 3257 4807; x_wconf 85' lang='lat' dir='ltr'><strong>plenus</strong></span> <span class='ocrx_word' id='word_1_730' title='bbox 3285 4736 3645 4792; x_wconf 89' lang='lat' dir='ltr'><strong>dubitatione.</strong></span> 
     </span>
    </p>
   </div>
   <div class='ocr_carea' id='block_1_94' title="bbox 375 4829 1957 4900">
    <p class='ocr_par' dir='ltr' id='par_1_94' title="bbox 375 4829 1957 4900">
     <span class='ocr_line' id='line_1_95' title="bbox 375 4829 1957 4900; baseline -0.001 -18"><span class='ocrx_word' id='word_1_731' title='bbox 375 4829 523 4882; x_wconf 79' lang='grc' dir='ltr'><strong>κτῶν</strong></span> <span class='ocrx_word' id='word_1_732' title='bbox 575 4830 934 4899; x_wconf 84' lang='grc' dir='ltr'><strong>παρεγένετο,</strong></span> <span class='ocrx_word' id='word_1_733' title='bbox 986 4831 1080 4882; x_wconf 72' lang='grc' dir='ltr'><strong>καὶ</strong></span> <span class='ocrx_word' id='word_1_734' title='bbox 1133 4830 1423 4900; x_wconf 83' lang='grc' dir='ltr'><strong>παρέτεινε</strong></span> <span class='ocrx_word' id='word_1_735' title='bbox 1483 4829 1811 4898; x_wconf 79' lang='grc' dir='ltr'><strong>προσμένων</strong></span> <span class='ocrx_word' id='word_1_736' title='bbox 1876 4831 1957 4894; x_wconf 70' lang='grc' dir='ltr'><strong>εἰς</strong></span> 
     </span>
    </p>
   </div>
   <div class='ocr_carea' id='block_1_95' title="bbox 371 4913 1958 4988">
    <p class='ocr_par' dir='ltr' id='par_1_95' title="bbox 371 4913 1958 4988">
     <span class='ocr_line' id='line_1_96' title="bbox 371 4913 1958 4988; baseline 0.002 -21"><span class='ocrx_word' id='word_1_737' title='bbox 371 4913 590 4985; x_wconf 73' lang='grc' dir='ltr'><strong>ὄρθρον.</strong></span> <span class='ocrx_word' id='word_1_738' title='bbox 611 4915 659 4969; x_wconf 77' lang='grc' dir='ltr'><strong><em>Ἀ</em></strong></span> <span class='ocrx_word' id='word_1_739' title='bbox 672 4915 750 4970; x_wconf 87' lang='grc' dir='ltr'><strong>λλ’</strong></span> <span class='ocrx_word' id='word_1_740' title='bbox 776 4917 898 4969; x_wconf 75' lang='grc' dir='ltr'><strong>ἐπεὶ</strong></span> <span class='ocrx_word' id='word_1_741' title='bbox 927 4916 1119 4986; x_wconf 76' lang='grc' dir='ltr'><strong>ἔτυχεν</strong></span> <span class='ocrx_word' id='word_1_742' title='bbox 1145 4917 1333 4988; x_wconf 67' lang='grc' dir='ltr'><strong>ἕτερον</strong></span> <span class='ocrx_word' id='word_1_743' title='bbox 1357 4915 1568 4987; x_wconf 82' lang='grc' dir='ltr'><strong>ὁμιλεῖν</strong></span> <span class='ocrx_word' id='word_1_744' title='bbox 1597 4934 1700 4979; x_wconf 81' lang='grc' dir='ltr'><strong>σοι,</strong></span> <span class='ocrx_word' id='word_1_745' title='bbox 1726 4916 1958 4979; x_wconf 76' lang='grc' dir='ltr'><strong>αῦθαδες</strong></span> 
     </span>
    </p>
   </div>
   <div class='ocr_carea' id='block_1_96' title="bbox 364 5007 1955 5081">
    <p class='ocr_par' dir='ltr' id='par_1_96' title="bbox 364 5007 1955 5081">
     <span class='ocr_line' id='line_1_97' title="bbox 364 5007 1955 5081; baseline 0.003 -23"><span class='ocrx_word' id='word_1_746' title='bbox 364 5007 638 5080; x_wconf 46' lang='grc' dir='ltr'><strong>,ἐνομίσθη</strong></span> <span class='ocrx_word' id='word_1_747' title='bbox 684 5008 1088 5079; x_wconf 82' lang='grc' dir='ltr'><strong>προσελθόντας</strong></span> <span class='ocrx_word' id='word_1_748' title='bbox 1142 5011 1384 5081; x_wconf 78' lang='grc' dir='ltr'><strong>ἐγκοπὴν</strong></span> <span class='ocrx_word' id='word_1_749' title='bbox 1429 5008 1617 5063; x_wconf 78' lang='grc' dir='ltr'><strong>δοῦναι</strong></span> <span class='ocrx_word' id='word_1_750' title='bbox 1665 5009 1744 5080; x_wconf 83' lang='grc' dir='ltr'><strong>τῷ</strong></span> <span class='ocrx_word' id='word_1_751' title='bbox 1792 5009 1955 5080; x_wconf 80' lang='grc' dir='ltr'><strong>λόγῳ.</strong></span> 
     </span>
    </p>
   </div>
   <div class='ocr_carea' id='block_1_97' title="bbox 371 5100 1959 5173">
    <p class='ocr_par' dir='ltr' id='par_1_97' title="bbox 371 5100 1959 5173">
     <span class='ocr_line' id='line_1_98' title="bbox 371 5100 1959 5173; baseline -0.001 -21"><span class='ocrx_word' id='word_1_752' title='bbox 371 5100 479 5152; x_wconf 67' lang='grc' dir='ltr'><strong>Τὸν</strong></span> <span class='ocrx_word' id='word_1_753' title='bbox 514 5100 571 5153; x_wconf 78' lang='grc' dir='ltr'><strong>δέ</strong></span> <span class='ocrx_word' id='word_1_754' title='bbox 624 5102 1013 5171; x_wconf 83' lang='grc' dir='ltr'><strong>θαυμάσαντα,</strong></span> <span class='ocrx_word' id='word_1_755' title='bbox 1046 5102 1157 5155; x_wconf 73' lang='grc' dir='ltr'><strong>Καὶ</strong></span> <span class='ocrx_word' id='word_1_756' title='bbox 1202 5102 1316 5167; x_wconf 84' lang='grc' dir='ltr'><strong>τίς,</strong></span> <span class='ocrx_word' id='word_1_757' title='bbox 1351 5101 1537 5170; x_wconf 75' lang='grc' dir='ltr'><strong>φάναι,</strong></span> <span class='ocrx_word' id='word_1_758' title='bbox 1584 5103 1612 5155; x_wconf 88' lang='grc' dir='ltr'><strong>ὁ</strong></span> <span class='ocrx_word' id='word_1_759' title='bbox 1645 5100 1959 5173; x_wconf 83' lang='grc' dir='ltr'><strong>προσελθὼν</strong></span> 
     </span>
    </p>
   </div>
   <div class='ocr_carea' id='block_1_98' title="bbox 369 5190 1961 5265">
    <p class='ocr_par' dir='ltr' id='par_1_98' title="bbox 369 5190 1961 5265">
     <span class='ocr_line' id='line_1_99' title="bbox 369 5190 1961 5265; baseline 0.001 -21"><span class='ocrx_word' id='word_1_760' title='bbox 369 5192 569 5256; x_wconf 85' lang='grc' dir='ltr'><strong>νυκτός</strong></span> <span class='ocrx_word' id='word_1_761' title='bbox 611 5211 704 5262; x_wconf 87' lang='grc' dir='ltr'><strong>μοι</strong></span> <span class='ocrx_word' id='word_1_762' title='bbox 740 5193 836 5247; x_wconf 71' lang='grc' dir='ltr'><strong>καὶ</strong></span> <span class='ocrx_word' id='word_1_763' title='bbox 867 5193 1172 5264; x_wconf 81' lang='grc' dir='ltr'><strong>ὁμιλήσας;</strong></span> <span class='ocrx_word' id='word_1_764' title='bbox 1208 5190 1340 5247; x_wconf 81' lang='grc' dir='ltr'><strong>Εἶτα</strong></span> <span class='ocrx_word' id='word_1_765' title='bbox 1371 5192 1464 5247; x_wconf 81' lang='grc' dir='ltr'><strong>τὸν</strong></span> <span class='ocrx_word' id='word_1_766' title='bbox 1495 5192 1758 5265; x_wconf 83' lang='grc' dir='ltr'><strong>Πρόκλον,</strong></span> <span class='ocrx_word' id='word_1_767' title='bbox 1787 5193 1961 5262; x_wconf 83' lang='grc' dir='ltr'><strong>τούτῳ</strong></span> 
     </span>
    </p>
   </div>
   <div class='ocr_carea' id='block_1_99' title="bbox 372 5269 1960 5357">
    <p class='ocr_par' dir='ltr' id='par_1_99' title="bbox 372 5269 1960 5357">
     <span class='ocr_line' id='line_1_100' title="bbox 372 5269 1960 5357; baseline 0.002 -22"><span class='ocrx_word' id='word_1_768' title='bbox 372 5283 592 5348; x_wconf 80' lang='grc' dir='ltr'><strong>ἐοικὼς,</strong></span> <span class='ocrx_word' id='word_1_769' title='bbox 630 5269 829 5351; x_wconf 84' lang='grc' dir='ltr'><strong>εἰπεῖν,</strong></span> <span class='ocrx_word' id='word_1_770' title='bbox 857 5286 885 5337; x_wconf 91' lang='grc' dir='ltr'><strong>ὁ</strong></span> <span class='ocrx_word' id='word_1_771' title='bbox 924 5285 1273 5357; x_wconf 85' lang='grc' dir='ltr'><strong>προσομιλῶν</strong></span> <span class='ocrx_word' id='word_1_772' title='bbox 1310 5302 1416 5350; x_wconf 88' lang='grc' dir='ltr'><strong>σοι,</strong></span> <span class='ocrx_word' id='word_1_773' title='bbox 1453 5285 1709 5354; x_wconf 79' lang='grc' dir='ltr'><strong>δείξαντα</strong></span> <span class='ocrx_word' id='word_1_774' title='bbox 1738 5286 1830 5338; x_wconf 81' lang='grc' dir='ltr'><strong>ἐπὶ</strong></span> <span class='ocrx_word' id='word_1_775' title='bbox 1865 5289 1960 5352; x_wconf 79' lang='grc' dir='ltr'><strong>τῆς</strong></span> 
     </span>
    </p>
   </div>
   <div class='ocr_carea' id='block_1_100' title="bbox 375 5376 1961 5449">
    <p class='ocr_par' dir='ltr' id='par_1_100' title="bbox 375 5376 1961 5449">
     <span class='ocr_line' id='line_1_101' title="bbox 375 5376 1961 5449; baseline 0.001 -21"><span class='ocrx_word' id='word_1_776' title='bbox 375 5376 590 5439; x_wconf 80' lang='grc' dir='ltr'><strong>εἰκόνος</strong></span> <span class='ocrx_word' id='word_1_777' title='bbox 619 5377 710 5432; x_wconf 64' lang='grc' dir='ltr'><strong>τὶν</strong></span> <span class='ocrx_word' id='word_1_778' title='bbox 750 5376 987 5443; x_wconf 84' lang='grc' dir='ltr'><strong>Παῦλον,</strong></span> <span class='ocrx_word' id='word_1_779' title='bbox 1016 5378 1137 5447; x_wconf 75' lang='grc' dir='ltr'><strong>ἥτις</strong></span> <span class='ocrx_word' id='word_1_780' title='bbox 1171 5377 1249 5447; x_wconf 79' lang='grc' dir='ltr'><strong>τῷ</strong></span> <span class='ocrx_word' id='word_1_781' title='bbox 1279 5377 1636 5449; x_wconf 75' lang='grc' dir='ltr'><strong>Ἰωάννῃ-πρὸ</strong></span> <span class='ocrx_word' id='word_1_782' title='bbox 1664 5376 1961 5447; x_wconf 75' lang='grc' dir='ltr'><strong>ὀφθαλμῶν</strong></span> 
     </span>
    </p>
   </div>
   <div class='ocr_carea' id='block_1_101' title="bbox 377 5469 1962 5542">
    <p class='ocr_par' dir='ltr' id='par_1_101' title="bbox 377 5469 1962 5542">
     <span class='ocr_line' id='line_1_102' title="bbox 377 5469 1962 5542; baseline 0.002 -22"><span class='ocrx_word' id='word_1_783' title='bbox 377 5469 587 5533; x_wconf 78' lang='grc' dir='ltr'><strong>ἵστατο,</strong></span> <span class='ocrx_word' id='word_1_784' title='bbox 618 5470 806 5542; x_wconf 78' lang='grc' dir='ltr'><strong>καὶ-ἢν</strong></span> <span class='ocrx_word' id='word_1_785' title='bbox 834 5469 1074 5541; x_wconf 88' lang='grc' dir='ltr'><strong>συνεχῶς</strong></span> <span class='ocrx_word' id='word_1_786' title='bbox 1120 5469 1302 5524; x_wconf 71' lang='grc' dir='ltr'><strong>εἰώθει</strong></span> <span class='ocrx_word' id='word_1_787' title='bbox 1330 5470 1699 5542; x_wconf 77' lang='grc' dir='ltr'><strong>προσϐλέπειν</strong></span> <span class='ocrx_word' id='word_1_788' title='bbox 1718 5487 1734 5502; x_wconf 79' lang='grc' dir='ltr'><strong>ο</strong></span> <span class='ocrx_word' id='word_1_789' title='bbox 1770 5470 1828 5534; x_wconf 78' lang='grc' dir='ltr'><strong>ὃς</strong></span> <span class='ocrx_word' id='word_1_790' title='bbox 1869 5471 1962 5524; x_wconf 74' lang='grc' dir='ltr'><strong>καὶ</strong></span> 
     </span>
    </p>
   </div>
   <div class='ocr_carea' id='block_1_102' title="bbox 371 5559 1961 5633">
    <p class='ocr_par' dir='ltr' id='par_1_102' title="bbox 371 5559 1961 5633">
     <span class='ocr_line' id='line_1_103' title="bbox 371 5559 1961 5633; baseline 0 -20"><span class='ocrx_word' id='word_1_791' title='bbox 371 5559 682 5627; x_wconf 69' lang='grc' dir='ltr'><strong>διεφαίνετο</strong></span> <span class='ocrx_word' id='word_1_792' title='bbox 712 5561 1007 5633; x_wconf 80' lang='grc' dir='ltr'><strong>καθημένῳ</strong></span> <span class='ocrx_word' id='word_1_793' title='bbox 1034 5578 1138 5626; x_wconf 87' lang='grc' dir='ltr'><strong>σοι,</strong></span> <span class='ocrx_word' id='word_1_794' title='bbox 1169 5562 1325 5631; x_wconf 78' lang='grc' dir='ltr'><strong>φησὶ,</strong></span> <span class='ocrx_word' id='word_1_795' title='bbox 1358 5560 1452 5613; x_wconf 80' lang='grc' dir='ltr'><strong>καὶ</strong></span> <span class='ocrx_word' id='word_1_796' title='bbox 1483 5561 1551 5630; x_wconf 77' lang='grc' dir='ltr'><strong>τῇ</strong></span> <span class='ocrx_word' id='word_1_797' title='bbox 1574 5559 1764 5631; x_wconf 78' lang='grc' dir='ltr'><strong>Γραφῇ</strong></span> <span class='ocrx_word' id='word_1_798' title='bbox 1791 5577 1961 5629; x_wconf 84' lang='grc' dir='ltr'><strong>προσ·</strong></span> 
     </span>
    </p>
   </div>
   <div class='ocr_carea' id='block_1_103' title="bbox 372 5650 1963 5723">
    <p class='ocr_par' dir='ltr' id='par_1_103' title="bbox 372 5650 1963 5723">
     <span class='ocr_line' id='line_1_104' title="bbox 372 5650 1963 5723; baseline 0 -18"><span class='ocrx_word' id='word_1_799' title='bbox 372 5650 619 5723; x_wconf 77' lang='grc' dir='ltr'><strong>κειμένῳ</strong></span> <span class='ocrx_word' id='word_1_800' title='bbox 651 5652 837 5723; x_wconf 81' lang='grc' dir='ltr'><strong>ἠρέμα</strong></span> <span class='ocrx_word' id='word_1_801' title='bbox 882 5655 995 5715; x_wconf 83' lang='grc' dir='ltr'><strong>τοῖς</strong></span> <span class='ocrx_word' id='word_1_802' title='bbox 1040 5651 1210 5723; x_wconf 78' lang='grc' dir='ltr'><strong>ὤμοις</strong></span> <span class='ocrx_word' id='word_1_803' title='bbox 1242 5651 1675 5722; x_wconf 75' lang='grc' dir='ltr'><strong>ἐπικλινόμενος,</strong></span> <span class='ocrx_word' id='word_1_804' title='bbox 1706 5654 1801 5705; x_wconf 83' lang='grc' dir='ltr'><strong>καὶ</strong></span> <span class='ocrx_word' id='word_1_805' title='bbox 1828 5654 1963 5721; x_wconf 67' lang='grc' dir='ltr'><strong>πρὶς</strong></span> 
     </span>
    </p>
   </div>
   <div class='ocr_carea' id='block_1_104' title="bbox 369 5737 1964 5817">
    <p class='ocr_par' dir='ltr' id='par_1_104' title="bbox 369 5737 1964 5817">
     <span class='ocr_line' id='line_1_105' title="bbox 369 5737 1964 5817; baseline -0.003 -20"><span class='ocrx_word' id='word_1_806' title='bbox 369 5742 437 5797; x_wconf 76' lang='grc' dir='ltr'><strong>τὸ</strong></span> <span class='ocrx_word' id='word_1_807' title='bbox 464 5737 556 5806; x_wconf 81' lang='grc' dir='ltr'><strong>οὖς</strong></span> <span class='ocrx_word' id='word_1_808' title='bbox 595 5743 802 5814; x_wconf 85' lang='grc' dir='ltr'><strong>ὁμιλῶν</strong></span> <span class='ocrx_word' id='word_1_809' title='bbox 831 5743 923 5817; x_wconf 77' lang='grc' dir='ltr'><strong>(ὡς</strong></span> <span class='ocrx_word' id='word_1_810' title='bbox 948 5742 1006 5794; x_wconf 80' lang='grc' dir='ltr'><strong>δὲ</strong></span> <span class='ocrx_word' id='word_1_811' title='bbox 1048 5741 1148 5812; x_wconf 80' lang='grc' dir='ltr'><strong>ἐμὲ</strong></span> <span class='ocrx_word' id='word_1_812' title='bbox 1179 5740 1410 5813; x_wconf 78' lang='grc' dir='ltr'><strong>οἴεσθαι)</strong></span> <span class='ocrx_word' id='word_1_813' title='bbox 1437 5742 1529 5796; x_wconf 74' lang='grc' dir='ltr'><strong>καὶ</strong></span> <span class='ocrx_word' id='word_1_814' title='bbox 1568 5740 1729 5803; x_wconf 73' lang='grc' dir='ltr'><strong>αὐτὸς</strong></span> <span class='ocrx_word' id='word_1_815' title='bbox 1761 5742 1964 5804; x_wconf 81' lang='grc' dir='ltr'><strong>ἐκεῖνος</strong></span> 
     </span>
    </p>
   </div>
   <div class='ocr_carea' id='block_1_105' title="bbox 366 5832 1964 5913">
    <p class='ocr_par' dir='ltr' id='par_1_105' title="bbox 366 5832 1964 5913">
     <span class='ocr_line' id='line_1_106' title="bbox 366 5832 1964 5913; baseline -0.003 -24"><span class='ocrx_word' id='word_1_816' title='bbox 366 5838 496 5899; x_wconf 76' lang='grc' dir='ltr'><strong>ταῖς</strong></span> <span class='ocrx_word' id='word_1_817' title='bbox 551 5834 837 5907; x_wconf 82' lang='grc' dir='ltr'><strong>ἀληθείαις</strong></span> <span class='ocrx_word' id='word_1_818' title='bbox 892 5835 1062 5890; x_wconf 76' lang='grc' dir='ltr'><strong>ἐστίν.</strong></span> <span class='ocrx_word' id='word_1_819' title='bbox 1125 5833 1308 5901; x_wconf 82' lang='grc' dir='ltr'><strong>Ἔγνω</strong></span> <span class='ocrx_word' id='word_1_820' title='bbox 1372 5834 1662 5913; x_wconf 79' lang='grc' dir='ltr'><strong>τοιγαροῦν</strong></span> <span class='ocrx_word' id='word_1_821' title='bbox 1710 5835 1739 5886; x_wconf 85' lang='grc' dir='ltr'><strong>ὁ</strong></span> <span class='ocrx_word' id='word_1_822' title='bbox 1792 5832 1964 5903; x_wconf 80' lang='grc' dir='ltr'><strong>μέγας</strong></span> 
     </span>
    </p>
   </div>
   <div class='ocr_carea' id='block_1_106' title="bbox 369 5926 1965 6002">
    <p class='ocr_par' dir='ltr' id='par_1_106' title="bbox 369 5926 1965 6002">
     <span class='ocr_line' id='line_1_107' title="bbox 369 5926 1965 6002; baseline -0.001 -16"><span class='ocrx_word' id='word_1_823' title='bbox 369 5930 612 6000; x_wconf 69' lang='grc' dir='ltr'><strong>ἐπήκοον</strong></span> <span class='ocrx_word' id='word_1_824' title='bbox 641 5932 812 5986; x_wconf 70' lang='grc' dir='ltr'><strong>αὑτοῦ</strong></span> <span class='ocrx_word' id='word_1_825' title='bbox 839 5932 1092 6000; x_wconf 81' lang='grc' dir='ltr'><strong>γενέσθαι</strong></span> <span class='ocrx_word' id='word_1_826' title='bbox 1116 5930 1178 5986; x_wconf 77' lang='grc' dir='ltr'><strong>τὸ</strong></span> <span class='ocrx_word' id='word_1_827' title='bbox 1206 5931 1380 5998; x_wconf 79' lang='grc' dir='ltr'><strong>Θεῖον,</strong></span> <span class='ocrx_word' id='word_1_828' title='bbox 1415 5931 1499 6002; x_wconf 79' lang='grc' dir='ltr'><strong>ἐφ’</strong></span> <span class='ocrx_word' id='word_1_829' title='bbox 1537 5926 1616 5994; x_wconf 76' lang='grc' dir='ltr'><strong>οἷς</strong></span> <span class='ocrx_word' id='word_1_830' title='bbox 1646 5931 1827 6001; x_wconf 69' lang='grc' dir='ltr'><strong>ἐζήτει</strong></span> <span class='ocrx_word' id='word_1_831' title='bbox 1858 5945 1965 6000; x_wconf 82' lang='grc' dir='ltr'><strong>μα-</strong></span> 
     </span>
    </p>
   </div>
   <div class='ocr_carea' id='block_1_107' title="bbox 370 6023 1965 6097">
    <p class='ocr_par' dir='ltr' id='par_1_107' title="bbox 370 6023 1965 6097">
     <span class='ocr_line' id='line_1_108' title="bbox 370 6023 1965 6097; baseline 0 -20"><span class='ocrx_word' id='word_1_832' title='bbox 370 6023 513 6091; x_wconf 86' lang='grc' dir='ltr'><strong>θεῖν,</strong></span> <span class='ocrx_word' id='word_1_833' title='bbox 536 6028 584 6080; x_wconf 76' lang='lat' dir='ltr'><strong>ti</strong></span> <span class='ocrx_word' id='word_1_834' title='bbox 607 6024 750 6080; x_wconf 80' lang='grc' dir='ltr'><strong>κατὰ</strong></span> <span class='ocrx_word' id='word_1_835' title='bbox 770 6024 896 6080; x_wconf 85' lang='grc' dir='ltr'><strong>νοῦν</strong></span> <span class='ocrx_word' id='word_1_836' title='bbox 917 6024 995 6097; x_wconf 79' lang='grc' dir='ltr'><strong>τῷ</strong></span> <span class='ocrx_word' id='word_1_837' title='bbox 1017 6024 1327 6096; x_wconf 75' lang='grc' dir='ltr'><strong>Ἀποστόλῳ</strong></span> <span class='ocrx_word' id='word_1_838' title='bbox 1357 6025 1465 6080; x_wconf 82' lang='grc' dir='ltr'><strong>τῶν</strong></span> <span class='ocrx_word' id='word_1_839' title='bbox 1490 6023 1786 6080; x_wconf 79' lang='grc' dir='ltr'><strong>ἐπιστολῶν</strong></span> <span class='ocrx_word' id='word_1_840' title='bbox 1820 6027 1853 6095; x_wconf 83' lang='grc' dir='ltr'>ἡ</span> <span class='ocrx_word' id='word_1_841' title='bbox 1877 6023 1965 6089; x_wconf 82' lang='grc' dir='ltr'><strong>ἐξ·-</strong></span> 
     </span>
    </p>
   </div>
   <div class='ocr_carea' id='block_1_108' title="bbox 2059 4829 3649 4902">
    <p class='ocr_par' dir='ltr' id='par_1_108' title="bbox 2059 4829 3649 4902">
     <span class='ocr_line' id='line_1_109' title="bbox 2059 4829 3649 4902; baseline -0.004 -12"><span class='ocrx_word' id='word_1_842' title='bbox 2059 4835 2196 4890; x_wconf 82' lang='lat' dir='ltr'><strong>Cum</strong></span> <span class='ocrx_word' id='word_1_843' title='bbox 2228 4842 2409 4888; x_wconf 86' lang='lat' dir='ltr'><strong>autem</strong></span> <span class='ocrx_word' id='word_1_844' title='bbox 2438 4833 2551 4902; x_wconf 87' lang='lat' dir='ltr'><strong>jam</strong></span> <span class='ocrx_word' id='word_1_845' title='bbox 2580 4842 2729 4886; x_wconf 80' lang='lat' dir='ltr'><strong>esset</strong></span> <span class='ocrx_word' id='word_1_846' title='bbox 2778 4832 2895 4887; x_wconf 90' lang='lat' dir='ltr'><strong>dies</strong></span> <span class='ocrx_word' id='word_1_847' title='bbox 2948 4834 3150 4901; x_wconf 90' lang='lat' dir='ltr'><strong>(neque</strong></span> <span class='ocrx_word' id='word_1_848' title='bbox 3191 4831 3339 4885; x_wconf 87' lang='lat' dir='ltr'><strong>enim</strong></span> <span class='ocrx_word' id='word_1_849' title='bbox 3385 4829 3513 4885; x_wconf 88' lang='lat' dir='ltr'><strong>sivit</strong></span> <span class='ocrx_word' id='word_1_850' title='bbox 3557 4829 3649 4884; x_wconf 86' lang='lat' dir='ltr'><strong>ille</strong></span> 
     </span>
    </p>
   </div>
   <div class='ocr_carea' id='block_1_109' title="bbox 2059 4919 3649 4989">
    <p class='ocr_par' dir='ltr' id='par_1_109' title="bbox 2059 4919 3649 4989">
     <span class='ocr_line' id='line_1_110' title="bbox 2059 4919 3649 4989; baseline -0.003 -13"><span class='ocrx_word' id='word_1_851' title='bbox 2059 4921 2238 4976; x_wconf 88' lang='lat' dir='ltr'><strong>bonus</strong></span> <span class='ocrx_word' id='word_1_852' title='bbox 2255 4919 2640 4974; x_wconf 85' lang='lat' dir='ltr'><strong>conturbatum</strong></span> <span class='ocrx_word' id='word_1_853' title='bbox 2673 4920 2914 4973; x_wconf 85' lang='lat' dir='ltr'><strong>animum</strong></span> <span class='ocrx_word' id='word_1_854' title='bbox 2935 4919 3014 4974; x_wconf 85' lang='lat' dir='ltr'><strong>sic</strong></span> <span class='ocrx_word' id='word_1_855' title='bbox 3030 4934 3252 4973; x_wconf 89' lang='lat' dir='ltr'><strong>manere</strong></span> <span class='ocrx_word' id='word_1_856' title='bbox 3281 4919 3487 4989; x_wconf 86' lang='lat' dir='ltr'><strong>absque</strong></span> <span class='ocrx_word' id='word_1_857' title='bbox 3510 4932 3649 4973; x_wconf 87' lang='lat' dir='ltr'><strong>con-</strong></span> 
     </span>
    </p>
   </div>
   <div class='ocr_carea' id='block_1_110' title="bbox 2061 5008 3649 5081">
    <p class='ocr_par' dir='ltr' id='par_1_110' title="bbox 2061 5008 3649 5081">
     <span class='ocr_line' id='line_1_111' title="bbox 2061 5008 3649 5081; baseline -0.002 -14"><span class='ocrx_word' id='word_1_858' title='bbox 2061 5012 2348 5079; x_wconf 79' lang='lat' dir='ltr'><strong>solutione)</strong></span> <span class='ocrx_word' id='word_1_859' title='bbox 2379 5011 2698 5066; x_wconf 78' lang='lat' dir='ltr'><strong>recordatus</strong></span> <span class='ocrx_word' id='word_1_860' title='bbox 2739 5021 2980 5076; x_wconf 87' lang='lat' dir='ltr'><strong>sanctus,</strong></span> <span class='ocrx_word' id='word_1_861' title='bbox 3012 5012 3167 5081; x_wconf 79' lang='lat' dir='ltr'><strong>jubet</strong></span> <span class='ocrx_word' id='word_1_862' title='bbox 3205 5009 3465 5065; x_wconf 84' lang='lat' dir='ltr'><strong>accersiri</strong></span> <span class='ocrx_word' id='word_1_863' title='bbox 3515 5008 3649 5064; x_wconf 82' lang='lat' dir='ltr'><strong>Pro-</strong></span> 
     </span>
    </p>
   </div>
   <div class='ocr_carea' id='block_1_111' title="bbox 2061 5096 3644 5171">
    <p class='ocr_par' dir='ltr' id='par_1_111' title="bbox 2061 5096 3644 5171">
     <span class='ocr_line' id='line_1_112' title="bbox 2061 5096 3644 5171; baseline 0.001 -15"><span class='ocrx_word' id='word_1_864' title='bbox 2061 5103 2228 5165; x_wconf 87' lang='lat' dir='ltr'><strong>clum,</strong></span> <span class='ocrx_word' id='word_1_865' title='bbox 2261 5111 2335 5167; x_wconf 88' lang='lat' dir='ltr'><strong>et,</strong></span> <span class='ocrx_word' id='word_1_866' title='bbox 2370 5100 2470 5156; x_wconf 89' lang='lat' dir='ltr'><strong>Ubi</strong></span> <span class='ocrx_word' id='word_1_867' title='bbox 2507 5110 2589 5156; x_wconf 90' lang='lat' dir='ltr'><strong>est</strong></span> <span class='ocrx_word' id='word_1_868' title='bbox 2630 5103 2752 5167; x_wconf 82' lang='lat' dir='ltr'><strong>ille,</strong></span> <span class='ocrx_word' id='word_1_869' title='bbox 2804 5102 3001 5171; x_wconf 82' lang='lat' dir='ltr'><strong>inquit,</strong></span> <span class='ocrx_word' id='word_1_870' title='bbox 3037 5101 3129 5170; x_wconf 87' lang='lat' dir='ltr'><strong>qui</strong></span> <span class='ocrx_word' id='word_1_871' title='bbox 3170 5101 3345 5157; x_wconf 82' lang='lat' dir='ltr'><strong>tribus</strong></span> <span class='ocrx_word' id='word_1_872' title='bbox 3367 5108 3494 5155; x_wconf 88' lang='lat' dir='ltr'><strong>ante</strong></span> <span class='ocrx_word' id='word_1_873' title='bbox 3522 5096 3644 5157; x_wconf 79' lang='lat' dir='ltr'><strong>die-</strong></span> 
     </span>
    </p>
   </div>
   <div class='ocr_carea' id='block_1_112' title="bbox 2061 5194 3650 5265">
    <p class='ocr_par' dir='ltr' id='par_1_112' title="bbox 2061 5194 3650 5265">
     <span class='ocr_line' id='line_1_113' title="bbox 2061 5194 3650 5265; baseline 0.001 -15"><span class='ocrx_word' id='word_1_874' title='bbox 2061 5195 2165 5250; x_wconf 88' lang='lat' dir='ltr'><strong>bus</strong></span> <span class='ocrx_word' id='word_1_875' title='bbox 2194 5195 2260 5248; x_wconf 89' lang='lat' dir='ltr'><strong>ad</strong></span> <span class='ocrx_word' id='word_1_876' title='bbox 2290 5210 2389 5249; x_wconf 90' lang='lat' dir='ltr'><strong>nos</strong></span> <span class='ocrx_word' id='word_1_877' title='bbox 2410 5194 2664 5263; x_wconf 74' lang='lat' dir='ltr'><strong>cupiebat</strong></span> <span class='ocrx_word' id='word_1_878' title='bbox 2693 5195 2992 5250; x_wconf 84' lang='lat' dir='ltr'><strong>accedere?</strong></span> <span class='ocrx_word' id='word_1_879' title='bbox 3017 5195 3171 5261; x_wconf 87' lang='lat' dir='ltr'><strong>Quod</strong></span> <span class='ocrx_word' id='word_1_880' title='bbox 3195 5195 3413 5265; x_wconf 87' lang='lat' dir='ltr'><strong>quidem</strong></span> <span class='ocrx_word' id='word_1_881' title='bbox 3430 5210 3459 5250; x_wconf 85' lang='lat' dir='ltr'><strong>a</strong></span> <span class='ocrx_word' id='word_1_882' title='bbox 3484 5194 3650 5251; x_wconf 75' lang='lat' dir='ltr'><strong>nobis</strong></span> 
     </span>
    </p>
   </div>
   <div class='ocr_carea' id='block_1_113' title="bbox 2064 5287 3645 5360">
    <p class='ocr_par' dir='ltr' id='par_1_113' title="bbox 2064 5287 3645 5360">
     <span class='ocr_line' id='line_1_114' title="bbox 2064 5287 3645 5360; baseline 0.001 -17"><span class='ocrx_word' id='word_1_883' title='bbox 2064 5288 2207 5345; x_wconf 87' lang='lat' dir='ltr'><strong>haud</strong></span> <span class='ocrx_word' id='word_1_884' title='bbox 2230 5295 2450 5360; x_wconf 76' lang='lat' dir='ltr'><strong>gravate</strong></span> <span class='ocrx_word' id='word_1_885' title='bbox 2490 5287 2825 5358; x_wconf 84' lang='lat' dir='ltr'><strong>impetravit.</strong></span> <span class='ocrx_word' id='word_1_886' title='bbox 2883 5287 2979 5343; x_wconf 83' lang='lat' dir='ltr'><strong>ille</strong></span> <span class='ocrx_word' id='word_1_887' title='bbox 3033 5297 3239 5353; x_wconf 87' lang='lat' dir='ltr'><strong>autem,</strong></span> <span class='ocrx_word' id='word_1_888' title='bbox 3267 5288 3395 5351; x_wconf 84' lang='lat' dir='ltr'><strong>Ter,</strong></span> <span class='ocrx_word' id='word_1_889' title='bbox 3446 5288 3645 5358; x_wconf 86' lang='lat' dir='ltr'><strong>inquit,</strong></span> 
     </span>
    </p>
   </div>
   <div class='ocr_carea' id='block_1_114' title="bbox 2063 5380 3652 5450">
    <p class='ocr_par' dir='ltr' id='par_1_114' title="bbox 2063 5380 3652 5450">
     <span class='ocr_line' id='line_1_115' title="bbox 2063 5380 3652 5450; baseline 0.001 -15"><span class='ocrx_word' id='word_1_890' title='bbox 2063 5382 2241 5435; x_wconf 83' lang='lat' dir='ltr'><strong>tribus</strong></span> <span class='ocrx_word' id='word_1_891' title='bbox 2300 5381 2563 5450; x_wconf 87' lang='lat' dir='ltr'><strong>deinceps</strong></span> <span class='ocrx_word' id='word_1_892' title='bbox 2616 5381 2871 5435; x_wconf 85' lang='lat' dir='ltr'><strong>noctibus</strong></span> <span class='ocrx_word' id='word_1_893' title='bbox 2925 5381 3180 5445; x_wconf 82' lang='lat' dir='ltr'><strong>accessit,</strong></span> <span class='ocrx_word' id='word_1_894' title='bbox 3224 5388 3281 5434; x_wconf 89' lang='lat' dir='ltr'><strong>et</strong></span> <span class='ocrx_word' id='word_1_895' title='bbox 3348 5380 3652 5450; x_wconf 84' lang='lat' dir='ltr'><strong>permansit</strong></span> 
     </span>
    </p>
   </div>
   <div class='ocr_carea' id='block_1_115' title="bbox 2065 5470 3657 5542">
    <p class='ocr_par' dir='ltr' id='par_1_115' title="bbox 2065 5470 3657 5542">
     <span class='ocr_line' id='line_1_116' title="bbox 2065 5470 3657 5542; baseline -0.001 -15"><span class='ocrx_word' id='word_1_896' title='bbox 2065 5487 2238 5542; x_wconf 85' lang='lat' dir='ltr'><strong>usque</strong></span> <span class='ocrx_word' id='word_1_897' title='bbox 2267 5472 2331 5529; x_wconf 82' lang='lat' dir='ltr'><strong>ad</strong></span> <span class='ocrx_word' id='word_1_898' title='bbox 2365 5472 2715 5526; x_wconf 86' lang='lat' dir='ltr'><strong>matutinum.</strong></span> <span class='ocrx_word' id='word_1_899' title='bbox 2751 5470 2858 5527; x_wconf 86' lang='lat' dir='ltr'><strong>Sed</strong></span> <span class='ocrx_word' id='word_1_900' title='bbox 2890 5470 3148 5542; x_wconf 87' lang='lat' dir='ltr'><strong>quoniam</strong></span> <span class='ocrx_word' id='word_1_901' title='bbox 3179 5471 3319 5526; x_wconf 88' lang='lat' dir='ltr'><strong>alius</strong></span> <span class='ocrx_word' id='word_1_902' title='bbox 3350 5479 3527 5526; x_wconf 85' lang='lat' dir='ltr'><strong>tecum</strong></span> <span class='ocrx_word' id='word_1_903' title='bbox 3574 5471 3657 5525; x_wconf 64' lang='grc' dir='ltr'><strong>Ιοι</strong></span> 
     </span>
    </p>
   </div>
   <div class='ocr_carea' id='block_1_116' title="bbox 2065 5562 3653 5637">
    <p class='ocr_par' dir='ltr' id='par_1_116' title="bbox 2065 5562 3653 5637">
     <span class='ocr_line' id='line_1_117' title="bbox 2065 5562 3653 5637; baseline -0.001 -19"><span class='ocrx_word' id='word_1_904' title='bbox 2065 5566 2356 5637; x_wconf 61' lang='lat' dir='ltr'><strong>quelzatur,</strong></span> <span class='ocrx_word' id='word_1_905' title='bbox 2391 5563 2828 5619; x_wconf 80' lang='lat' dir='ltr'><strong>existimavimus</strong></span> <span class='ocrx_word' id='word_1_906' title='bbox 2868 5563 3116 5618; x_wconf 75' lang='lat' dir='ltr'><strong>futurum</strong></span> <span class='ocrx_word' id='word_1_907' title='bbox 3140 5578 3263 5619; x_wconf 84' lang='lat' dir='ltr'><strong>esse</strong></span> <span class='ocrx_word' id='word_1_908' title='bbox 3283 5562 3465 5617; x_wconf 76' lang='lat' dir='ltr'><strong>nimim</strong></span> <span class='ocrx_word' id='word_1_909' title='bbox 3494 5577 3653 5617; x_wconf 86' lang='lat' dir='ltr'><strong>arro-</strong></span> 
     </span>
    </p>
   </div>
   <div class='ocr_carea' id='block_1_117' title="bbox 2066 5654 3654 5729">
    <p class='ocr_par' dir='ltr' id='par_1_117' title="bbox 2066 5654 3654 5729">
     <span class='ocr_line' id='line_1_118' title="bbox 2066 5654 3654 5729; baseline -0.001 -18"><span class='ocrx_word' id='word_1_910' title='bbox 2066 5657 2284 5729; x_wconf 76' lang='lat' dir='ltr'><strong>gantim,</strong></span> <span class='ocrx_word' id='word_1_911' title='bbox 2318 5656 2363 5710; x_wconf 88' lang='lat' dir='ltr'><strong>si</strong></span> <span class='ocrx_word' id='word_1_912' title='bbox 2421 5656 2746 5711; x_wconf 80' lang='lat' dir='ltr'><strong>accedentes</strong></span> <span class='ocrx_word' id='word_1_913' title='bbox 2798 5655 3326 5726; x_wconf 84' lang='lat' dir='ltr'><strong>interrumperemus</strong></span> <span class='ocrx_word' id='word_1_914' title='bbox 3355 5661 3504 5709; x_wconf 84' lang='lat' dir='ltr'><strong>tuam</strong></span> <span class='ocrx_word' id='word_1_915' title='bbox 3537 5654 3654 5709; x_wconf 82' lang='lat' dir='ltr'><strong>col-</strong></span> 
     </span>
    </p>
   </div>
   <div class='ocr_carea' id='block_1_118' title="bbox 2066 5744 3648 5816">
    <p class='ocr_par' dir='ltr' id='par_1_118' title="bbox 2066 5744 3648 5816">
     <span class='ocr_line' id='line_1_119' title="bbox 2066 5744 3648 5816; baseline -0.003 -11"><span class='ocrx_word' id='word_1_916' title='bbox 2066 5751 2425 5806; x_wconf 75' lang='lat' dir='ltr'><strong>locutionem.</strong></span> <span class='ocrx_word' id='word_1_917' title='bbox 2462 5747 2514 5803; x_wconf 85' lang='lat' dir='ltr'><strong>Is</strong></span> <span class='ocrx_word' id='word_1_918' title='bbox 2557 5756 2739 5802; x_wconf 86' lang='lat' dir='ltr'><strong>autem</strong></span> <span class='ocrx_word' id='word_1_919' title='bbox 2791 5748 3117 5813; x_wconf 82' lang='lat' dir='ltr'><strong>admiratus,</strong></span> <span class='ocrx_word' id='word_1_920' title='bbox 3154 5746 3218 5803; x_wconf 84' lang='lat' dir='ltr'><strong>Et</strong></span> <span class='ocrx_word' id='word_1_921' title='bbox 3252 5745 3398 5816; x_wconf 85' lang='lat' dir='ltr'><strong>quis,</strong></span> <span class='ocrx_word' id='word_1_922' title='bbox 3447 5744 3648 5816; x_wconf 88' lang='lat' dir='ltr'><strong>inquit,</strong></span> 
     </span>
    </p>
   </div>
   <div class='ocr_carea' id='block_1_119' title="bbox 2065 5836 3653 5907">
    <p class='ocr_par' dir='ltr' id='par_1_119' title="bbox 2065 5836 3653 5907">
     <span class='ocr_line' id='line_1_120' title="bbox 2065 5836 3653 5907; baseline -0.004 -11"><span class='ocrx_word' id='word_1_923' title='bbox 2065 5849 2232 5896; x_wconf 88' lang='lat' dir='ltr'><strong>noctu</strong></span> <span class='ocrx_word' id='word_1_924' title='bbox 2272 5840 2343 5894; x_wconf 86' lang='lat' dir='ltr'><strong>ad</strong></span> <span class='ocrx_word' id='word_1_925' title='bbox 2382 5855 2487 5895; x_wconf 88' lang='lat' dir='ltr'><strong>nos</strong></span> <span class='ocrx_word' id='word_1_926' title='bbox 2512 5838 2833 5903; x_wconf 75' lang='lat' dir='ltr'><strong>accesserit,</strong></span> <span class='ocrx_word' id='word_1_927' title='bbox 2882 5846 2937 5893; x_wconf 84' lang='lat' dir='ltr'><strong>et.</strong></span> <span class='ocrx_word' id='word_1_928' title='bbox 2984 5838 3109 5907; x_wconf 78' lang='lat' dir='ltr'><strong>quis</strong></span> <span class='ocrx_word' id='word_1_929' title='bbox 3146 5853 3248 5894; x_wconf 78' lang='lat' dir='ltr'><strong>nos</strong></span> <span class='ocrx_word' id='word_1_930' title='bbox 3295 5836 3653 5892; x_wconf 76' lang='lat' dir='ltr'><strong>convenerit?</strong></span> 
     </span>
    </p>
   </div>
   <div class='ocr_carea' id='block_1_120' title="bbox 2068 5926 3650 6001">
    <p class='ocr_par' dir='ltr' id='par_1_120' title="bbox 2068 5926 3650 6001">
     <span class='ocr_line' id='line_1_121' title="bbox 2068 5926 3650 6001; baseline -0.005 -14"><span class='ocrx_word' id='word_1_931' title='bbox 2068 5931 2275 5987; x_wconf 84' lang='lat' dir='ltr'><strong>Deinde</strong></span> <span class='ocrx_word' id='word_1_932' title='bbox 2301 5930 2548 5997; x_wconf 83' lang='lat' dir='ltr'><strong>Proclus,</strong></span> <span class='ocrx_word' id='word_1_933' title='bbox 2588 5930 2685 5986; x_wconf 87' lang='lat' dir='ltr'><strong>Est</strong></span> <span class='ocrx_word' id='word_1_934' title='bbox 2715 5929 2957 6001; x_wconf 85' lang='lat' dir='ltr'><strong>quidem,</strong></span> <span class='ocrx_word' id='word_1_935' title='bbox 2996 5929 3193 5999; x_wconf 85' lang='lat' dir='ltr'><strong>inquit,</strong></span> <span class='ocrx_word' id='word_1_936' title='bbox 3243 5929 3467 5982; x_wconf 69' lang='lat' dir='ltr'><strong>omnino</strong></span> <span class='ocrx_word' id='word_1_937' title='bbox 3518 5926 3650 5980; x_wconf 73' lang='lat' dir='ltr'><strong>mihi</strong></span> 
     </span>
    </p>
   </div>
   <div class='ocr_carea' id='block_1_121' title="bbox 2071 6019 3665 6103">
    <p class='ocr_par' dir='ltr' id='par_1_121' title="bbox 2071 6019 3665 6103">
     <span class='ocr_line' id='line_1_122' title="bbox 2071 6019 3665 6103; baseline -0.005 -24"><span class='ocrx_word' id='word_1_938' title='bbox 2071 6025 2290 6096; x_wconf 73' lang='lat' dir='ltr'><strong>ignotus</strong></span> <span class='ocrx_word' id='word_1_939' title='bbox 2326 6024 2460 6095; x_wconf 86' lang='lat' dir='ltr'><strong>:qui</strong></span> <span class='ocrx_word' id='word_1_940' title='bbox 2509 6030 2698 6079; x_wconf 81' lang='lat' dir='ltr'><strong>autem</strong></span> <span class='ocrx_word' id='word_1_941' title='bbox 2760 6021 3260 6103; x_wconf 84' lang='lat' dir='ltr'><strong>te_all0quebatur,</strong></span> <span class='ocrx_word' id='word_1_942' title='bbox 3299 6019 3496 6101; x_wconf 82' lang='lat' dir='ltr'><strong>inquit,</strong></span> <span class='ocrx_word' id='word_1_943' title='bbox 3536 6031 3665 6093; x_wconf 49' lang='lat' dir='ltr'><strong>erat</strong></span> 
     </span>
    </p>
   </div>
  </div>
