4138 6402
534 564 675 629 1107

1768 557 2056 620 MENSIS
2101 556 2562 621 JANUARlUS.

3664 550 3814 617 1108

532 675 663 730 huic
690 672 885 728 similis
919 710 933 735 ,
959 671 1256 726 ostendens
1290 667 1445 723 Pauli
1492 665 1805 737 imaginem,
1828 682 1949 736 quae
1981 682 2107 736 per-

2226 668 2408 736 ἱγησις
2430 684 2444 697 ·
2487 669 2582 745 καὶ
2610 665 2699 722 διὰ
2728 663 2889 721 τοῦτο
2918 665 3086 733 δεῖξαι
3115 663 3277 720 αὑτὸν
3319 665 3525 718 ἐκεῖνον
3572 665 3815 719 συνόντα

528 774 696 837 petuo
715 763 893 818 stabat
923 770 1052 817 ante
1074 762 1366 824 Joannem,
1395 768 1452 815 et
1482 774 1641 829 quam
1660 758 1870 814 solebat
1901 760 2118 815 assidue

526 854 728 911 intueri
749 871 765 909 :
784 854 876 923 qui
892 854 1057 908 etiam
1075 851 1363 906 videbatur
1395 849 1493 905 tibi
1517 847 1728 903 sedenti
1754 856 1809 903 et
1826 848 2115 918 scriptioni

448 981 470 996 .
524 946 865 1002 incumbeuti
897 945 1103 1000 sensim
1150 944 1205 997 in
1236 942 1494 997 humeros
1520 940 1802 1006 inclinare,
1845 948 1915 1015 et_
1934 949 2116 994 tecum

524 1040 673 1109 loqui
706 1042 764 1093 in
793 1053 1006 1092 aurem.
1037 1034 1110 1091 Ut
1134 1044 1319 1090 autem
1352 1048 1452 1106 ego
1472 1033 1689 1104 opinor,
1718 1042 1835 1087 erat
1872 1033 1962 1086 ille
1995 1032 2116 1101 ipse

525 1145 739 1185 revera.
795 1128 1064 1200 Cognovit
1096 1127 1277 1197 itaque
1311 1141 1539 1196 magnus
1576 1124 1814 1180 Joannes
1855 1139 1913 1177 se
1943 1139 1973 1178 a
2004 1124 2115 1178 Deo

525 1224 698 1279 fuisse
744 1222 1060 1277 exauditum
1104 1220 1172 1275 de
1225 1219 1316 1281 iis,
1369 1234 1489 1288 qua:
1532 1216 1789 1288 cupiebat
1819 1215 1983 1281 scire,
2038 1231 2110 1270 an

525 1315 697 1370 Paulo
743 1323 895 1385 grata
951 1320 1098 1366 esset
1153 1310 1515 1381 Epistolarum
1549 1308 1828 1379 jexpositio
1861 1326 1873 1361 :
1902 1316 1959 1362 et
1991 1307 2114 1362 ideo

526 1406 833 1463 ostendisse
876 1404 1027 1458 illum
1075 1403 1248 1471 ipsum
1278 1401 1527 1463 Paulum,
1555 1400 1647 1470 qui
1680 1415 1803 1456 cum
1837 1416 1903 1454 co
1929 1415 2114 1455 versa-

525 1500 710 1559 hatur,
733 1497 855 1552 etei
893 1505 1153 1565 tanquam
1186 1493 1453 1564 discipulo
1478 1507 1637 1563 opem
1670 1492 1881 1547 ferebat
1912 1493 1968 1547 in
1992 1477 2117 1547 ora-i

528 1589 710 1644 tione:
736 1587 846 1641 imo
883 1601 1033 1649 vero,
1095 1585 1187 1655 qui
1221 1583 1358 1638 nihil
1406 1584 1639 1654 amplius
1680 1583 1965 1648 all‘erebat,
2004 1582 2111 1637 nisi

524 1678 671 1750 quod
704 1679 791 1744 iis,
819 1694 940 1748 quae
968 1677 1315 1743 dicebantur,
1345 1678 1521 1731 solum
1571 1679 1901 1732 servientem
1936 1676 2113 1747 porri-

524 1771 687 1842 gebat
709 1770 1011 1826 dexteram.
1044 1771 1178 1825 Cum
1211 1769 1290 1824 sic
1319 1768 1423 1824 sibi
1452 1769 1817 1838 persuasisset
1843 1768 2110 1834 Joannes,

522 1863 689 1934 jussit
720 1864 942 1933 quidem
991 1862 1244 1917 Proclum
1287 1866 1479 1933 parum
1513 1862 1788 1917 recedere.
1815 1861 1909 1917 llle
1926 1871 2109 1916 autem

527 1956 793 2019 inclusus,
820 1955 1064 2025 procedit
1094 1956 1146 2009 in
1190 1970 1390 2026 genua,
1423 1962 1478 2009 et
1510 1954 1765 2025 lacrymis
1790 1955 1979 2025 plenos
2008 1954 2111 2009 ha-

2221 758 2314 810 τὸν
2345 757 2578 823 Παῦλον,
2611 760 2707 813 καὶ
2747 757 2840 813 τοῦ
2876 758 3034 828 λόγου
3067 757 3322 828 καθάπερ
3342 755 3407 827 δὴ
3446 756 3542 810 καὶ.
3584 756 3839 828 μαθητῇ

2224 852 2641 923 συναιρόμενον,
2684 854 2778 906 καὶ
2836 851 2897 905 τὸ
2930 851 3052 904 ὅλον
3098 847 3359 919 τοιαύτην
3407 847 3652 916 γίνεσθαι
3706 848 3817 917 τὴν

2221 940 2506 1014 ἐξήγησιν,
2558 943 2678 998 οἵαν
2724 939 2862 997 εἰναι
2911 940 2989 1012 τῷ
3044 939 3356 1009 Ἀποστόλῳ
3394 938 3605 1003 δοκοῦν,
3636 938 3814 991 αὑτὸν

2219 1036 2372 1089 οὐδὲν
2409 1038 2834 1109 συνεισφέροντα
2871 1037 3055 1103 πλέον,
3081 1037 3165 1089 ὃτι
3195 1034 3270 1107 μὴ
3299 1036 3461 1105 μόνον
3493 1033 3813 1104 ὑπηρετοῦ-

2223 1146 2322 1182 σαν
2368 1131 2466 1201 τὴν
2499 1131 2682 1197 δεξιάν
2732 1130 3064 1201 παρέχοντα.
3108 1130 3266 1183 Οὕτω
3313 1126 3666 1180 πιστωθέντα’
3708 1128 3813 1180 τὶν

2233 1221 2496 1293 Ἰωάννην·
2516 1223 2770 1278 κελεῦσαι
2801 1225 2892 1277 τὸν
2927 1222 3169 1294 Πρόκλον
3203 1220 3510 1291 ἀποστῆναι
3561 1218 3766 1290 μικρόν
3789 1235 3807 1249 °
3832 1264 3843 1283 _.

2219 1314 2429 1369 ἐκεῖνον
2467 1317 2523 1370 δὲ
2554 1317 2980 1388 ἐγκλεισάμενον
3014 1315 3152 1386 πρὸς
3175 1314 3305 1383 γόνυ
3337 1314 3546 1375 πεσεῖν,
3584 1314 3673 1365 καὶ
3707 1313 3812 1366 δα-

2221 1408 2408 1479 κρύων
2438 1408 2699 1463 ὑπόπλεω
2723 1410 2850 1471 τοὺς
2873 1406 3187 1476 ὀφθαλμοὺς
3217 1405 3465 1474 θέμενον,
3501 1402 3707 1474 πολλὴν
3731 1401 3816 1474 τῷ

2220 1499 2342 1571 Θεῷ
2390 1502 2553 1572 χάριν
2594 1502 2692 1572 τῆς
2722 1500 2831 1555 τῶν
2876 1499 3200 1570 ἀμφιϐόλων
3230 1495 3529 1560 ἐπιλύσεως
3559 1496 3813 1565 καθομο-

2219 1592 2421 1660 λογεῖν.
2454 1590 2567 1647 Εἶθ’
2601 1593 2775 1656 οὕτως
2815 1591 3107 1662 ἐπιτρέψαι
3137 1590 3216 1662 τῷ
3245 1589 3493 1660 Πρόκλω,
3531 1588 3671 1641 κατὰ
3705 1586 3815 1659 τὴν

2218 1681 2480 1736 ἐπιοῦσαν
2509 1681 2682 1736 νύκτα
2708 1681 2801 1735 τὸν
2841 1679 3130 1750 ἄνθρωπον
3184 1678 3438 1745 ἀγαγεῖν.
3483 1674 3667 1745 Μηδὲν
3695 1674 3813 1744 γὰρ

2218 1772 2297 1827 ἔτι
2341 1775 2477 1845 φησὶ
2527 1771 2770 1827 τοιοῦτον
2826 1769 3201 1842 ὀφθήσεσθαι,
3255 1767 3348 1822 καὶ
3392 1766 3484 1820 τὸν
3534 1764 3815 1834 κληθέντα

2217 1866 2561 1938 προσελθεῖν,
2585 1866 2681 1919 καὶ
2703 1864 2934 1929 ἀξιῶσαι
2960 1861 3089 1932 περὶ
3112 1860 3222 1915 τῶν
3248 1857 3653 1930 προκειμένων·
3683 1850 3817 1909 εἶτα

2219 1959 2311 2013 τὸν
2354 1959 2611 2029 Ἰωάννην
2658 1957 2812 2011 οὐδὲν
2860 1955 3236 2026 ὑπερθέμενον
3268 1952 3409 2023 (πῶς
3458 1948 3598 2019 γὰρ,
3651 1946 3713 2011 ὃς
3749 1948 3814 2000 ἐν

525 2048 663 2102 hens
685 2023 894 2111 oculos,
920 2046 1032 2100 Deo
1054 2023 1277 2117 magnas
1297 2045 1411 2116 egit
1432 2023 1654 2117 gratias,
1686 2023 1832 2116 quod
1859 2047 2115 2102 solvisset

2226 2040 2327 2112 τοῖς
2352 2023 2629 2111 τοσούτοις
2662 2047 2798 2118 πυρὶ
2828 2046 2931 2116 τὴν
2950 2023 3263 2115 θερμότητα
3308 2040 3504 2104 ἐοικὼς
3551 2035 3620 2111 ἦν
3647 2039 3700 2109 ς’)
3727 2038 3815 2109 τῷ

526 2154 615 2205 ea,
644 2137 1144 2211 quaaqerantdubia.
1180 2136 1384 2193 Deinde
1416 2136 1584 2207 jussit
1620 2137 1836 2205 Proclo,
1873 2154 1944 2193 ne
1990 2154 2119 2193 eum

2226 2141 2431 2211 βασιλεῖ
2478 2141 2745 2212 γνωρίσαι
2792 2140 2921 2209 περὶ
2968 2136 3136 2193 αὑτοῦ
3167 2153 3179 2166 ·
3229 2136 3327 2189 καὶ
3363 2134 3459 2187 τὸν
3500 2134 3598 2205 μὲν
3642 2131 3815 2197 εὐθὺς

526 2232 844 2304 negligeret,
873 2231 963 2301 qui
998 2229 1227 2300 petierat
1255 2237 1315 2284 ιιι
1335 2244 1461 2283 eum
1498 2229 1860 2295 conveniret,
1900 2230 1995 2285 sed
2031 2230 2120 2300 ju-

2226 2228 2380 2297 εἶξαι,
2417 2231 2507 2286 τὸν
2540 2232 2598 2284 δὲ
2632 2228 3032 2300 ἀνακληθῆναι,
3074 2229 3169 2281 καὶ
3196 2226 3299 2296 τῆς
3345 2225 3615 2295 προτέρας
3646 2222 3813 2286 αὖθις

532 2326 707 2389 beret,
737 2332 798 2380 ut
825 2330 991 2377 nocte
1022 2321 1273 2391 sequenti
1303 2320 1608 2377 accederet.
1637 2321 1776 2376 Dicit
1805 2322 1950 2377 enim
1981 2322 2122 2377 nihil

2226 2325 2519 2396 ἀξιωθῆναι
2551 2325 2736 2396 τιμῆς.
2775 2326 2832 2378 '0
2868 2322 3050 2394 μέντοι
3075 2321 3311 2393 χρυσοῦς
3349 2320 3600 2390 Ἰωάννης
3623 2318 3814 2389 ὁρμῆς

531 2416 638 2472 tale
665 2415 900 2487 amplius
928 2415 998 2469 ab
1026 2429 1091 2469 eo
1122 2413 1300 2469 visum
1334 2413 1422 2468 iri.
1459 2412 1510 2467 ls
1539 2421 1721 2467 autem
1759 2422 2001 2469 vocatus
2027 2430 2122 2469 ac-

2226 2434 2275 2471 τε
2299 2417 2396 2470 καὶ
2422 2414 2735 2487 προθυμίας
2763 2416 2826 2468 έκ
2852 2414 2945 2468 τοῦ
2989 2415 3181 2485 μαθεῖν
3212 2413 3344 2483 περὶ
3386 2412 3487 2482 τῆς
3526 2410 3814 2480 θειοτέρας

528 2508 728 2575 cessit,
796 2516 855 2563 et
896 2506 1105 2579 rogavit
1155 2505 1223 2561 de
1289 2505 1377 2572 iis,
1430 2519 1553 2575 quae
1593 2513 1753 2559 erant
1808 2504 2110 2576 proposita.

528 2599 736 2654 Deinde
763 2597 1004 2653 Joannes
1031 2596 1169 2651 nihil
1195 2594 1455 2651 dill'erens
1487 2593 1787 2664 (quomodo
1814 2595 1984 2660 enim,
2016 2596 2112 2665 qui

529 2693 585 2746 in
615 2691 812 2747 talibus
843 2699 960 2745 erat
987 2690 1094 2761 igni
1123 2688 1319 2744 ardore
1351 2686 1606 2749 similis?)
1654 2688 1970 2757 imperatori
1996 2689 2114 2759 qui-

529 2786 655 2840 dem
687 2785 756 2840 de
785 2799 851 2839 eo
881 2783 1151 2853 signiﬁcat
1178 2797 1194 2837 .'
1222 2789 1278 2836 et
1309 2781 1399 2836 ille
1425 2779 1644 2851 quidem
1694 2782 1877 2834 statim
1901 2782 2067 2837 cessit
2096 2799 2112 2838 :

2216 2512 2433 2583 ἐκείνης
2460 2512 2640 2582 ὅψεως
2668 2510 3068 2582 ὑποπλησθεὶς,
3108 2511 3200 2563 καὶ
3237 2504 3326 2563 οἷα
3346 2509 3412 2579 δὴ
3448 2506 3698 2579 μαθητὴς
3730 2504 3815 2576 τῷ

2218 2603 2522 2673 διδασκάλῳ
2553 2603 2956 2675 ἐπιθαρῤήσας,
2995 2603 3065 2656 τὰ
3102 2601 3420 2655 ἐλλείποντα
3442 2601 3551 2654 τῶν
3583 2601 3812 2652 ἐπιστοο

2219 2696 2328 2749 λῶν
2377 2699 2458 2759 εἰς
2506 2696 2681 2766 πέρας
2729 2692 2971 2763 ἐνεγκὼν
3027 2695 3122 2748 καὶ
3153 2694 3529 2763 διασαφήσας,
3575 2690 3814 2745 πλοῦτον

2221 2789 2476 2857 δωρεῖται
2504 2790 2572 2858 τῇ
2619 2786 2921 2856 Ἐκκλησία
2949 2787 3217 2857 μηδέποτε
3246 2784 3662 2855 δαπανώμενον.

531 2883 623 2936 hic
663 2889 847 2936 autem
882 2878 1322 2943 fuitrevocatus,
1354 2885 1411 2932 et
1443 2877 1682 2946 priorem
1711 2877 1977 2932 honorem
2038 2896 2231 2938 rursus
2290 2884 2395 2938 fuit
2445 2893 2754 2941 assecutus.
2816 2873 3032 2940 Aureus
3094 2899 3224 2938 vero
3261 2882 3504 2937 Joannes
3550 2889 3814 2952 prompto

528 2981 586 3026 et
614 2970 781 3026 alacri
819 2969 1017 3025 animo.
1046 2968 1286 3038 repletus
1315 2982 1384 3021 ex
1406 2982 1493 3031 eo,
1527 2967 1671 3037 quod
1695 2966 1841 3020 illam
1872 2966 2112 3024 divinam
2153 2974 2457 3043 accepisset
2516 2974 2808 3038 visionem,
2877 2982 2934 3028 et
2980 2983 3237 3042 tanquam
3270 2973 3569 3043 discipulus
3593 2972 3647 3027 in
3688 2988 3813 3028 ma-

528 3068 696 3139 gistro
726 3066 954 3121 haberet
986 3064 1262 3126 ﬁduciam,
1305 3077 1429 3116 eum
1461 3078 1582 3132 qua:
1613 3062 1896 3117 restabant
1926 3077 2207 3121 sacrarum
2253 3069 2399 3123 illius
2430 3068 2822 3140 Epistolarum,
2848 3069 2920 3143 ad
2984 3066 3149 3123 tinem
3214 3067 3535 3123 deduxisset
3595 3077 3650 3122 et
3706 3082 3823 3143 ex-t

530 3158 812 3229 plicasset,
846 3155 938 3210 dat
969 3153 1228 3209 Ecclesiae
1267 3152 1507 3220 divitias,
1532 3168 1654 3223 qua:
1689 3168 1971 3223 nunquam
1998 3168 2423 3215 consumuntur.
2606 3206 2614 3212 .
2848 3142 2851 3145 ἰ

602 3250 797 3305 XXIV.
832 3250 962 3305 Haec
981 3265 1111 3321 ergo
1139 3249 1367 3321 insignis
1396 3257 1452 3305 et
1472 3249 1618 3305 clara
1644 3249 1801 3305 stella
1832 3250 2116 3320 Ecclesiae,

529 3353 587 3397 et
607 3342 799 3397 doctor
829 3351 1141 3405 accuratus,
1175 3342 1394 3401 virtutis
1428 3355 1696 3419 accensus
1720 3342 1838 3397 zelo
1868 3358 1968 3413 pro
1996 3342 2118 3412 ιΕρ-
2146 3377 2192 3435 C

533 3434 725 3498 clesia,
743 3442 800 3488 et
824 3447 1058 3503 arguens
1076 3433 1409 3498 sacerdotes,
1434 3432 1525 3502 qui
1549 3433 1734 3503 inique
1752 3449 1809 3488 se
1826 3435 2117 3506 gerebant:

530 3528 627 3596 qui
660 3525 823 3580 etiam
854 3540 968 3589 eos,
999 3524 1091 3594 qui
1142 3539 1249 3578 non
1299 3524 1662 3580 admittebant
1698 3525 2117 3591 correctionem,

530 3636 560 3672 a
596 3616 767 3671 sacris
794 3630 990 3670 arcens
1019 3616 1327 3679 vestibulis,
1356 3624 1413 3671 et
1447 3631 1556 3673 non
1581 3618 1713 3673 solis
1746 3618 1926 3673 verbis
1953 3619 2138 3682 casti-.

531 3724 689 3781 gans,
725 3709 818 3764 sed
836 3707 1002 3763 etiam
1031 3708 1335 3764 canonibus
1370 3708 1757 3764 ecclesiasticis
1789 3710 1842 3762 in
1878 3718 2121 3780 tempore

530 3801 766 3872 puniens
795 3800 1227 3871 improbitatem,
1278 3801 1428 3855 visus
1468 3809 1556 3856 est
1595 3801 1886 3870 aliquando
1914 3803 2117 3873 gravis,

533 3893 627 3962 qui
648 3900 773 3947 ‘crat
802 3891 961 3947 valde
991 3890 1138 3945 mitis
1181 3899 1239 3946 et
1292 3891 1558 3947 clemens.
1594 3882 1732 3958 Quid
1759 3893 1907 3947 enim
1931 3893 1977 3947 si
2014 3893 2122 3949 mel

531 3998 752 4054 quoque
811 3984 1023 4039 mordet
1064 3985 1313 4050 vulnera,
1370 3985 1426 4038 in
1474 3985 1673 4054 quibus
1720 3986 1865 4042 inest
1918 3987 2113 4043 ulcus?

535 4077 695 4133 Visus
715 4086 799 4131 est
835 4085 1017 4130 autem
1046 4076 1133 4141 iis,
1167 4076 1440 4145 quierant
1476 4078 1702 4132 omnino
1740 4078 2122 4134 immedicabi-

534 4169 638 4231 les,
669 4175 725 4222 et
749 4182 980 4236 quorum
1011 4166 1221 4222 curatio
1250 4175 1369 4221 erat
1391 4168 1618 4224 omnino
1648 4169 1956 4240 desperata.
1984 4169 2123 4225 Nam

533 4259 659 4329 quis
721 4267 815 4312 aut
868 4259 1236 4314 curandarum
1294 4259 1600 4315 animarum
1653 4262 1899 4332 peritior,
1934 4271 2029 4317 aut
2066 4262 2123 4317 in

537 4354 977 4422 medicamentis,
1003 4371 1124 4425 qua:
1140 4354 1419 4425 pertinent
1444 4354 1509 4409 ad
1535 4355 1896 4421 curationem,
1925 4370 2124 4425 nempe

537 4449 593 4500 in
622 4446 873 4501 oratione
896 4456 950 4499 et
991 4446 1046 4498 in
1072 4445 1249 4500 modis
1278 4445 1778 4500 administratiOnis
1812 4460 1880 4500 ac
1902 4446 2127 4516 dispen-

536 4539 783 4604 sationis,
820 4538 1004 4615 mitior
1042 4553 1109 4593 ac
1133 4537 1438 4608 benignior,
1470 4537 1611 4592 sicut
1641 4537 1804 4591 etiam
1823 4538 1932 4605 jam
1963 4546 2125 4591 antea

536 4630 916 4714 ostendimus?
973 4630 1245 4686 Caeterum
1299 4629 1560 4700 quamdiu
1590 4628 1735 4684 circa
1766 4629 1942 4683 solem
2000 4629 2123 4697 qui-

2303 3256 2431 3313 KA'.
2463 3250 2632 3322 Οὗτος
2657 3256 3311 3330 τοιγαροῦνόπεριφανὴς
3344 3255 3445 3325 τῆς
3475 3254 3810 3325 Ἐκκλησξας

2224 3348 2422 3418 ἀστὴρ,
2456 3348 2552 3401 καὶ
2598 3349 2698 3418 τῆς
2741 3347 2943 3419 ἀρετῆς
2996 3345 3317 3406 διδάσκαλος
3347 3344 3615 3417 ἀκριϐὴς,
3658 3344 3815 3416 ζήλῳ

2225 3438 2367 3506 ὑπὲρ
2399 3437 2501 3508 τῆς
2561 3437 2892 3508 Ἐκκλησίας
2943 3437 3323 3510 πυρούμενος,
3386 3437 3553 3504 ἱερεῖς
3608 3452 3670 3488 τε
3730 3435 3814 3489 δι-

2224 3529 2464 3600 ελέγχων
2511 3519 3003 3599 παρανομοῦντας,
3054 3527 3191 3580 ἀλλὰ
3249 3527 3346 3580 καλ⁸
3378 3527 3478 3594 τὴν
3520 3525 3816 3596 διόρθωσιν

2227 3620 2304 3692 μὴ
2344 3621 2737 3692 προσιεμένους
2774 3619 2883 3672 τῶν
2934 3618 3098 3689 ἱερῶν
3153 3618 3438 3686 ἀπείργων
3493 3616 3811 3689 προθύρων,

2223 3716 2283 3767 οὐ
2338 3713 2484 3784 λόγῳ
2533 3729 2592 3766 τε
2657 3712 2818 3781 μόνον
2867 3710 3141 3766 παιδεύων
3170 3750 3185 3776 ,
3232 3709 3368 3765 ἀλλά
3433 3710 3547 3763 καὶ·
3583 3709 3815 3764 κανόσιν

2226 3806 2705 3877 ὲκκλησιαστικοῖς
2741 3807 2799 3858 έν
2846 3803 3024 3873 καιρῷ
3053 3802 3303 3867 κολάζων
3335 3801 3436 3873 τὴν
3481 3801 3812 3873 μοχθηρίαν,

2226 3898 2372 3964 ἔδοξέ
2408 3915 2538 3952 ποτε
2560 3898 2656 3951 καὶ
2678 3896 2850 3968 βαρὺς
2881 3898 2910 3950 ό
2939 3895 3060 3950 λίαν
3091 3896 3344 3965 ἐπιεικής
3372 3912 3432 3949 τε
3462 3894 3558 3947 καὶ
3586 3894 3817 3967 ἡμερώ-

2226 4009 2409 4056 τατος.
2438 3991 2550 4044 Καὶ
2580 3990 2634 4044 τί
2665 3989 2798 4062 γάρ,
2837 3992 2884 4042 εἰ
2931 3990 3026 4041 καὶ
3063 3989 3125 4040 τὸ
3171 3988 3292 4059 μέλι
3345 3990 3565 4041 δάκνειν
3592 3983 3701 4040 οἶδε
3741 3987 3817 4041 τὰ

2226 4084 2382 4148 ἕλκος
2410 4083 2608 4155 ἔχοντα
2639 4082 2967 4154 τραύματα;
3002 4079 3189 4144 Ἔδοξε
3220 4081 3277 4133 δὲ
3307 4083 3422 4144 τοῖς
3450 4081 3644 4134 ἀνίατα
3672 4080 3822 4133 πάν-

2224 4192 2332 4240 τως
2362 4175 2580 4230 νοσοῦσι
2609 4175 2706 4227 καὶ
2724 4173 2821 4243 τὴν
2852 4173 3154 4246 θεραπείαν
3170 4162 3638 4242 ἀπεγνωσμένοις.
3656 4172 3819 4225 Ἐπεὶ

2225 4268 2309 4331 τίς
2344 4266 2518 4330 οὕτως
2548 4266 2583 4338 ἢ
2616 4265 2677 4320 τδ
2701 4264 2973 4336 ἰατρεύειν
3015 4266 3193 4334 ψυχὰς
3223 4265 3639 4336 ἐμπειρότατος,
3675 4263 3708 4334 ῆ
3743 4264 3820 4318 τά

2229 4361 2366 4428 πρὸς
2394 4357 2491 4429 τὴν
2530 4356 2776 4428 ἰατρείαν
2810 4357 3104 4427 φάρμακα,
3136 4358 3226 4410 τὸν
3254 4358 3412 4425 λόγον
3446 4356 3686 4426 δηλονότι
3716 4357 3820 4409 καὶ

2225 4453 2354 4514 τοὺς
2382 4451 2479 4520 τῆς
2509 4448 2820 4518 οἰκονομίας
2872 4449 3128 4519 τρόπους,
3162 4447 3565 4518 ἐμμελέστατός
3618 4464 3680 4500 τε
3713 4449 3820 4500 καὶ

2228 4540 2562 4610 ἠπιώτατος,
2593 4539 2783 4607 ὥσπερ
2832 4539 2936 4610 ἤδη
2971 4540 3067 4592 καὶ
3103 4538 3396 4609 προλαϐὼν
3427 4542 3456 4594 ὁ
3489 4539 3644 4607 λόγος
3689 4538 3823 4620 έδής

2226 4634 2367 4686 λωσε
2391 4649 2406 4699 ;
2432 4632 2576 4701 Πλὴν
2599 4631 2713 4686 ἀλλ’
2735 4632 2840 4695 ἕως
2871 4632 2969 4701 μὲν
2998 4632 3126 4701 περὶ
3153 4632 3243 4684 τὸν
3269 4632 3469 4703 κλῆρον
3490 4635 3537 4686 0i
3565 4632 3822 4703 ἔλεγχοι,

539 4726 664 4779 dem
692 4722 897 4777 clerum
947 4722 1286 4777 consistebat
1320 4720 1702 4791 reprehensio,
1749 4728 1804 4774 et
1837 4730 1956 4774 erat
1990 4721 2122 4773 intra

2235 4724 2330 4778 καὶ
2367 4724 2499 4776 εῐσω
2544 4723 2643 4793 τῆς
2679 4722 3008 4792 Ἐκκλησίας
3070 4723 3123 4792 ἡ,
3153 4721 3387 4776 δοκοῦσα
3440 4722 3713 4797 βαρύτης,
3752 4725 3824 4777 ού

536 4815 863 4881 E-cclesiam,
903 4829 1025 4884 qua:
1080 4813 1391 4876 videbatur,
1433 4811 1694 4882 gravitas,
1744 4827 1853 4865 non
1900 4813 2018 4865 erat
2042 4810 2127 4864 ni-

414 4924 433 4939 ’
538 4909 683 4964 mius
711 4908 885 4972 dolor,
917 4922 1022 4963 nec
1044 4906 1101 4960 in
1132 4921 1259 4961 eum
1286 4916 1408 4960 erat
1436 4904 1622 4959 odium
1650 4911 1860 4974 agreste
1882 4914 1937 4958 et
1958 4903 2136 4961 l'urio-.

536 5015 681 5065 sum,
711 4999 810 5055 sed
840 4999 1134 5055 remissum
1194 5006 1252 5053 et
1308 4996 1612 5061 tolerabile,
1649 5010 1751 5050 nec
1795 4996 2129 5066 procedebat

539 5101 696 5147 extra
726 5091 879 5146 labra
910 5098 1177 5160 concepta
1207 5087 1481 5142 molestia.
1526 5086 1661 5141 Cum
1692 5096 1874 5141 autem
1905 5086 1958 5139 in
1985 5086 2127 5140 mul-

535 5195 625 5241 tos
659 5199 901 5255 quoque,
931 5183 1023 5252 qui
1054 5181 1321 5254 gerebant
1352 5179 1728 5250 magistratus,
1768 5180 2131 5249 processisset

536 5277 900 5348 reprehensio
947 5274 1264 5347 (oportebat
1305 5272 1452 5327 enim
1506 5281 1732 5342 pr0pter
1781 5271 2129 5342 splendorem

536 5384 926 5443 personarum,
958 5377 1015 5423 et
1037 5367 1188 5437 quod
1218 5374 1269 5421 et
1304 5381 1363 5421 se
1408 5374 1464 5420 et
1493 5365 1630 5419 alios
1658 5375 1841 5433 posset
1870 5364 2024 5419 valde
2048 5364 2134 5419 lae-

538 5466 695 5527 dere,
746 5471 807 5517 ut
851 5476 965 5515 non
1018 5467 1166 5515 esset
1203 5458 1428 5513 remissa
1469 5455 1812 5526 improbitas,
1870 5464 2130 5524 tanquam

542 5558 781 5626 impetus
822 5569 977 5625 aquae
1032 5551 1192 5607 facile
1251 5549 1491 5615 ﬂuentis,
1544 5559 1599 5603 et
1648 5563 1770 5618 qua:
1818 5547 1994 5601 fertur
2035 5561 2133 5616 per

546 5649 729 5719 plana,
761 5660 880 5702 eam
912 5646 1031 5716 eius
1062 5643 1247 5699 verbis
1301 5650 1560 5711 tanquam
1589 5639 2014 5711 propugnaculis
2043 5639 2133 5693 in-

551 5737 816 5806 terrumpi
844 5755 858 5788 :
890 5750 960 5790 ne
989 5735 1036 5789 si
1079 5744 1228 5790 esset
1248 5735 1457 5802 absque
1487 5732 1598 5786 ullo
1622 5741 1771 5786 metu
1798 5743 1853 5785 et
1880 5730 2050 5785 libere
2074 5745 2133 5785 se

549 5827 801 5892 jactaret,
826 5826 945 5879 fuse
973 5841 1071 5895 per
1101 5825 1283 5880 omnia
1320 5826 1666 5895 procederet,
1716 5831 1773 5878 et
1816 5808 2019 5877 multos
2045 5821 2126 5876 in-

550 5914 782 5969 duceret
806 5916 876 5970 ad
900 5916 1306 5972 aemulationem
1334 5923 1560 5987 propter
1588 5915 1895 5971 libertatem
1916 5929 2131 5980 eorum,

554 6017 677 6073 quae
709 6007 1204 6079 perpetrabantur).
1231 6007 1367 6064 Cum
1399 6008 1476 6064 sic
1511 6006 1737 6076 faceret,
1780 6021 1835 6063 et
1865 6006 2127 6073 studeret,

2233 4815 2370 4868 πολὺ
2409 4815 2471 4867 τὸ
2499 4813 2661 4884 ἄχθος
2690 4808 2781 4884 ἦν,
2818 4812 2939 4866 οὐδὲ
2977 4812 3037 4865 τὸ
3069 4812 3205 4883 πρὸς
3235 4812 3399 4866 αὐτὸν
3432 4817 3587 4883 μῖσος
3621 4814 3826 4884 ἄγριον

2232 4904 2334 4976 ἤδη
2361 4905 2453 4957 καὶ
2481 4904 2729 4975 μανικὸν,
2753 4903 2887 4957 ἀλλὰ
2917 4904 3153 4975 φορητὸν
3183 4904 3276 4957 καὶ
3300 4904 3601 4974 ἐνδόσιμον,
3626 4905 3722 4958 καὶ
3751 4904 3823 4959 οὐ

2241 4998 2426 5068 πόρρω
2459 4996 2686 5067 χειλέων
2708 4996 3002 5067 προϐαῖνον
3025 4996 3086 5049 τὸ
3112 4997 3393 5068 δυσχερές.
3447 4997 3602 5051 Ἐπεὶ
3633 4998 3689 5053 δὲ
3719 5001 3829 5054 καὶ

2234 5087 2378 5140 κατὰ
2407 5087 2622 5140 πολλῶν
2651 5086 2760 5141 τῶν
2788 5089 2846 5140 ὲν
2876 5087 3020 5141 τέλει
3055 5089 3368 5159 προήνεγκε
3399 5089 3526 5153 τοὺς
3558 5090 3826 5162 ἐλέγχους

2238 5178 2375 5243 (ἔδει
2413 5180 2521 5250 γὰρ
2554 5178 2640 5232 διά
2683 5178 2744 5232 τὸ
2771 5178 2881 5233 τῶν
2917 5178 3227 5249 προσώπων
3285 5181 3572 5249 ἐπιφανὲς,
3609 5183 3705 5234 καὶ
3756 5183 3829 5236 τὸ

2237 5270 2451 5342 μεγάλα
2482 5270 2740 5341 βλάπτειν
2766 5270 2995 5334 ἑαυτούς
3026 5288 3085 5324 τε
3119 5272 3214 5324 καὶ
3265 5271 3486 5343 ἑτέρους
3532 5272 3827 5342 δύνασθαι,

2233 5363 2376 5417 ὥστε
2410 5363 2487 5435 μὴ
2509 5364 2644 5417 ἀδεᾶ
2680 5364 2774 5417 καὶ
2819 5362 3008 5418 ἄνετον
3038 5358 3182 5416 εἶναι
3227 5363 3326 5433 τὴν
3377 5364 3705 5435 μοχθηρίαν,
3728 5360 3829 5420 οἷα

2238 5456 2420 5528 ῥύμην
2458 5456 2651 5521 ὕδατος
2701 5456 2945 5518 εὐπετῶς
2987 5456 3202 5527 ῥέοντος
3252 5457 3348 5511 καὶ
3386 5456 3477 5510 δια
3524 5456 3670 5510 λείου
3720 5459 3829 5513 τοῦ

2235 5548 2438 5611 παντὸς
2481 5547 2809 5618 φερομένου,
2863 5545 2999 5599 ἀλλὰ
3053 5546 3429 5615 άνακεκόφθαι
3481 5548 3596 5611 τοῖς
3648 5547 3829 5601 αὐτοῦ

2237 5641 2418 5710 λόγοις
2448 5639 2640 5710 ὥσπερ
2672 5639 2964 5709 ἐρύμασιν,
2996 5638 3089 5692 ἵνα
3122 5640 3219 5709 μὴ,
3256 5637 3335 5709 τῷ
3379 5639 3640 5708 ἄτρεστος
3675 5633 3831 5694 εἶναι

2237 5732 2331 5785 καὶ
2357 5729 2918 5802 πεπαρῤησιασμένη,
2952 5729 3119 5801 χύδην
3150 5728 3239 5783 διὰ
3274 5729 3493 5783 πάντων
3515 5730 3692 5800 χωρῇ,
3720 5729 3833 5783 καὶ

2237 5822 2468 5885 πολλοὺς
2496 5820 2776 5891 ὲπάγηται
2811 5821 2948 5891 πρὸς
2980 5820 3072 5873 τὸν
3102 5818 3266 5889 ζῆλον
3295 5818 3386 5874 διὰ
3420 5819 3519 5888 τὴν
3550 5819 3660 5873 τῶν
3696 5815 3833 5872 τολ-

2240 5913 2509 5983 μωμένων
2535 5910 2898 5982 ἐλευθερίαν),
2940 5910 3097 5964 Ἐπεὶ
3123 5906 3219 5964 οὖν
3272 5909 3447 5974 οὕτως
3494 5910 3669 5964 ἐποίει
3722 5909 3832 5963 καὶ

2237 6005 2487 6078 διορθοῦν
2520 6004 2952 6069 αὐτόῖςέσπευδε
2982 6004 3073 6059 τὶν
3099 6002 3213 6076 βίον
3248 6003 3433 6069 κακῶς
3473 6004 3563 6057 καὶ
3598 5999 3829 6071 ἀναγώ-
