4138 6442
445 411 578 484 ΠΗ

445 621 660 676 delictis
688 621 988 694 ignorarint
1029 625 1445 698 benignitatem,
1489 643 1608 686 eam
1642 631 1926 689 discerent
1976 636 2033 690 in

446 713 562 769 suis
595 731 610 768 :
643 722 700 769 et
723 727 870 769 cum‘
897 715 1240 784 didicissent,
1293 719 1554 791 quidquid
1603 733 1691 780 est
1734 725 2034 782 huumnum

443 811 500 858 et
527 794 940 871 immisericors,
985 815 1042 862 et
1070 807 1294 881 benigni
1324 820 1380 866 et
1403 811 1798 871 misericordes
1833 817 2033 874 tierent

441 909 542 967 per
568 895 968 965 pmnitentiam.
993 897 1086 955 Sic
1105 914 1236 972 ergo
1259 903 1518 970 paulatim
1551 904 1608 959 in
1639 909 2030 964 nonnullorum

437 985 636 1042 animis
663 1003 772 1042 non
810 997 959 1044 recte
981 990 1038 1044 in
1059 1005 1186 1046 eum
1217 995 1540 1050 versabatur
1561 997 1772 1052 odium.
1821 998 1926 1055 Sed
1959 991 2032 1057 de

439 1093 544 1136 nac
567 1093 628 1136 re
680 1079 902 1150 quidem
931 1089 988 1134 et
1031 1081 1099 1138 de
1155 1083 1342 1150 exilio,
1377 1087 1520 1156 quod
1546 1103 1765 1143 omnem
1805 1105 2029 1161 superat

435 1168 784 1238 iniustitiam,
819 1179 1133 1242 exspectate
1162 1175 1464 1243 paululum.
1499 1175 1656 1232 Nunc
1677 1187 1882 1247 autem,
1905 1196 2028 1252 quae

434 1261 491 1316 id
527 1270 944 1331 praecesserunt,
1004 1272 1060 1319 et
1102 1279 1224 1334 quae
1245 1280 1356 1321 nec
1383 1274 1513 1322 sunt
1545 1268 1764 1338 quidem
1796 1282 2025 1342 praeter-

434 1351 722 1419 mittenda,
762 1353 988 1409 mandet
1007 1357 1232 1412 auribus
1259 1358 1458 1415 oratio.

503 1443 694 1500 XXVI.
733 1444 992 1501 Sanctum
1021 1449 1200 1503 virum
1227 1465 1295 1506 eo
1325 1460 1572 1524 tempore
1621 1471 1712 1512 res
1767 1457 2016 1528 quaedam

431 1533 704 1592 alliciebat
737 1536 1089 1601 molestia,et
1120 1539 1244 1610 igne
1287 1542 1389 1597 zeli
1422 1542 1686 1614 implebat
1733 1547 1853 1618 ejus
1901 1551 2020 1606 ani-

431 1641 597 1688 mam.
631 1625 844 1682 Etenim
868 1629 1200 1700 permissum
1233 1643 1353 1690 erat
1377 1635 1596 1694 Arianis
1655 1640 1800 1695 intra
1829 1641 2018 1698 civita-

435 1725 544 1770 tem
591 1715 797 1774 habere
862 1719 1320 1778 conciliabulum:
1369 1727 1512 1796 quod
1561 1729 1781 1798 quidem
1840 1731 2020 1790 fuerat

349 1861 354 1866 ,
431 1806 618 1863 multis
659 1823 844 1872 causa,
880 1817 944 1864 ut
965 1811 1306 1883 eodem,quo
1337 1814 1463 1884 ipsi.
1488 1816 1805 1877 laborarent
1825 1823 2017 1879 morbo

429 1898 586 1955 malm
613 1899 914 1969 Opinionis.
943 1901 1324 1972 Opportunum
1358 1907 1774 1980 itaquetempus
1798 1924 2012 1980 nactus,

426 1990 648 2060 quando
679 1991 982 2062 imperator
1003 1995 1156 2052 venit
1198 1997 1266 2053 ad
1297 2013 1539 2068 sacrum,
1571 1999 1712 2058 festo
1754 2019 1880 2060 eum
1943 2007 2012 2062 ad

423 2079 480 2139 id
501 2093 727 2148 vocante
758 2085 897 2154 (erat
955 2100 1138 2144 autem
1199 2089 1318 2146 dies
1370 2092 1802 2163 Epiphaniorum
1845 2097 2006 2170 (l9):

423 2174 520 2237 Dic
547 2176 700 2242 mihi,
727 2176 922 2246 inquit,
944 2193 978 2234 ο
1001 2179 1302 2251 imperator
1335 2200 1348 2236 :
1381 2183 1424 2238 si
1449 2185 1572 2256 quis
1599 2186 1729 2242 huic
1763 2189 2010 2260 pulchrae

421 2267 1088 2338 ctpretiosae(ostendens
1139 2285 1422 2341 coronam,
1467 2290 1633 2346 quam
1678 2277 1914 2334 habebat
1951 2279 2008 2336 in

421 2357 620 2428 capite)
642 2359 906 2430 quosdam
934 2359 1175 2428 abjectos
1208 2363 1548 2420 etobscuros
1601 2367 1812 2438 lapides
1858 2370 2009 2426 inse-

420 2450 644 2513 ruisset,
667 2450 1016 2506 videreturne
1039 2451 1132 2508 tibi
1166 2453 1269 2510 hoc
1290 2470 1410 2511 esse
1433 2455 1796 2526 tolerandum,
1820 2468 1874 2516 et
1892 2477 2006 2517 non

419 2553 678 2610 tanquam
709 2539 963 2597 universa
997 2557 1097 2612 per
1119 2543 1243 2598 illos
1291 2545 1600 2603 adiceretur
1647 2552 2002 2620 contumelia,

418 2648 562 2705 aegre
589 2632 812 2686 tulisses
840 2630 1025 2688 ?’Cum
1053 2635 1103 2690 is
1119 2644 1302 2692 autem
1329 2639 1548 2694 veritati
1592 2643 1864 2699 sermonis
1903 2660 2004 2700 an-

418 2725 673 2780 nuisset:
706 2723 848 2791 Quid
879 2739 1029 2789 vero,
1075 2727 1272 2795 inquit,
1315 2745 1425 2784 non
1469 2733 1751 2791 existimas
1780 2735 2004 2792 univer-

417 2831 602 2873 sorum
632 2815 834 2886 Regem
860 2813 1043 2882 irasci,
1076 2819 1120 2872 si
1154 2819 1210 2873 in
1245 2819 1334 2890 pia
1363 2821 1610 2889 civitate,
1642 2833 1834 2896 etquae
1885 2844 2004 2884 om-

416 2907 550 2970 nino
580 2915 730 2962 recte
757 2922 816 2962 se
847 2905 1033 2973 habet,
1062 2924 1208 2978 pars,
1239 2927 1362 2982 quae
1393 2913 1539 2982 male
1569 2917 1758 2982 sentit,
1789 2918 2002 2976 sinatur

411 2995 676 3063 habitare,
743 3013 867 3054 cum
918 3007 1167 3068 oporteat
1216 3001 1304 3058 vel
1333 3002 1402 3059 ab
1455 3003 1588 3075 ipsis
1645 3007 1880 3080 exigere,
1939 3020 2001 3066 ut

411 3097 806 3144 convertantur
837 3106 853 3146 :
881 3089 968 3145 vel
1001 3091 1047 3146 si
1087 3102 1465 3162 perseverent,
1497 3098 1754 3166 protinus
1812 3103 1999 3172 expel-

409 3177 714 3236 lereHIaec
748 3195 873 3234 cum
924 3180 1187 3237 audiisset
1233 3183 1552 3254 imperator,
1607 3205 1718 3245 non
1759 3190 1996 3260 distulit,

2103 3212 2231 3276 τοὺς
2283 3213 2540 3284 πρώτους

408 3285 512 3326 nec
541 3279 625 3325 est
652 3278 942 3326 cunctatus
966 3288 980 3324 :
1013 3271 1107 3326 sed
1142 3273 1348 3342 primos
1379 3291 1569 3332 eorum
1594 3279 1776 3335 statim
1805 3297 1998 3339 accer-

407 3363 522 3427 siit,
557 3375 613 3418 et
635 3379 701 3418 ex
734 3364 814 3419 eis
843 3363 986 3418 scire
1013 3364 1206 3433 voluit,
1237 3381 1304 3422 an
1327 3368 1384 3422 in
1405 3369 1650 3425 animum
1675 3372 1999 3434 inducerent

409 3473 440 3510 a
492 3455 746 3527 fugienda
799 3455 1063 3512 desistere
1106 3458 1391 3529 opinione,
1453 3462 1693 3519 minatus
1743 3467 1995 3526 exsilium

407 3554 466 3601 et
483 3546 752 3602 bonorum
784 3563 1006 3605 suorum
1030 3549 1398 3622 privationem
1435 3553 1523 3622 iis,
1573 3558 1666 3628 qui
1689 3575 1801 3616 non
1831 3579 1997 3634 pare-

406 3647 547 3694 rent.
577 3638 715 3694 Cum
768 3649 950 3696 autem
982 3643 1209 3698 vidisset
1266 3659 1362 3700 eos
1393 3661 1514 3704 esse
1541 3651 1988 3724 immedicabiles,

405 3730 586 3786 minas
615 3731 842 3788 deduxit
865 3734 933 3789 ad
967 3735 1248 3803 effectum,
1280 3747 1336 3793 et
1361 3735 1532 3807 jussit
1584 3759 1681 3800 eos
1737 3749 1934 3818 expelli
1960 3765 1992 3806 e

402 3821 642 3876 civitate.
677 3819 791 3878 lloc
822 3823 1024 3891 ellecit,
1050 3835 1110 3880 ut
1157 3828 1313 3882 multi
1343 3845 1588 3887 errorem
1621 3833 1990 3907 dediscentes,

401 3927 460 3966 se
485 3921 648 3968 rectae
681 3915 1046 3987 adiungerent
1075 3918 1344 3988 opinioni,
1376 3923 1521 3992 quod
1546 3925 1756 3980 nollent
1795 3944 1994 4000 carpo--

401 4005 479 4059 ris
507 4005 781 4060 sustinere
803 4008 1178 4074 alllictionem,
1211 4013 1407 4070 animae
1461 4017 1652 4074 vitium
1677 4019 1992 4090 cjicientes:
2026 4059 2029 4064 -

399 4096 632 4164 etquod
663 4095 997 4153 laboriosum
1038 4097 1294 4170 fugerent
1324 4104 1598 4172 exsilium,
1651 4123 1710 4163 se
1758 4111 1992 4182 improbi

399 4185 582 4256 potius
613 4186 880 4256 dogmatis
916 4189 1175 4244 laudabili
1227 4194 1416 4250 exsilio
1435 4197 1888 4269 condemnantes,
1939 4213 1994 4260 et

398 4287 631 4348 utraque
659 4289 806 4335 recte
837 4279 1130 4352 fugientes.
1163 4284 1489 4359 Quicunque
1519 4301 1720 4351 autem
1757 4295 1994 4364 fuerunt

397 4375 626 4430 omnino
679 4376 1031 4445 incurabiles,
1082 4379 1118 4436 ii
1177 4392 1443 4454 perpetuo
1471 4387 1714 4446 damnati
1776 4396 1988 4452 exsilio.

395 4465 760 4520 Versabuntur
799 4475 953 4522 extra
1011 4469 1216 4540 regiam
1285 4473 1587 4542 civitatem,
1639 4495 1752 4536 suae
1793 4486 1992 4542 animae

394 4557 588 4613 morbo
620 4573 678 4613 se
709 4559 1068 4625 obiectantes,
1099 4571 1155 4621 et
1193 4579 1316 4620 eum
1346 4565 1644 4638 deponere,
1669 4587 1779 4629 non
1801 4587 1983 4634 autem
2012 4585 2063 4649 .D

395 4648 599 4708 habere
663 4651 1056 4708 miserabiliter
1121 4657 1535 4718 erubescentes.
1594 4665 1800 4723 Deinde
1857 4687 1983 4727 cum

289 4793 296 4797 ,
393 4748 611 4809 tempus
642 4741 861 4810 aliquod
915 4742 1218 4802 ellluxisset
1243 4747 1312 4804 ab
1363 4749 1430 4805 iis
1461 4753 1554 4822 qui
1603 4755 1744 4812 intra
1800 4761 2002 4820 aulam-

387 4831 740 4910 impcratoris
779 4833 971 4888 eadem
1024 4837 1336 4924 scntiebapt
1365 4843 1512 4912 .(15),
1562 4844 1798 4903 latenter
1845 4866 1981 4905 con-

393 4923 616 4994 grcgati,
665 4923 744 4978 sic
787 4925 868 4979 eis
902 4927 1164 4996 paulatim
1200 4940 1388 5001 aperta
1434 4935 1650 4992 dicendi
1703 4939 1978 5009 libertate,

390 5017 506 5072 ausi
536 5024 665 5072 sunt
695 5017 770 5070 illi
807 5019 862 5072 in
911 5020 1243 5089 quibusdam
1279 5026 1476 5083 diebus
1531 5029 1859 5102 insignibus,
1923 5039 1976 5098 in

382 5109 590 5180 quibus
611 5109 788 5166 solent
822 5123 998 5169 coetus
1028 5119 1345 5186 convenire,
1380 5121 1484 5190 ipsi
1511 5139 1730 5194 quoque
1765 5126 1976 5201 ingredi

386 5201 663 5256 civitatem
697 5213 750 5258 et
781 5204 898 5275 cogi
927 5205 981 5260 in
1027 5210 1348 5276 porticibus,
1405 5222 1461 5270 et
1507 5215 1678 5273 libere
1719 5223 1966 5289 quaedam

383 5291 681 5363 nntiphona
735 5295 841 5365 ipsi
887 5311 1086 5354 canere
1140 5302 1374 5366 cantica,
1417 5296 1716 5376 composita
1761 5327 1966 5369 conve-

383 5386 598 5441 nienter
623 5401 811 5444 eorum
841 5389 1085 5460 opinioni
1113 5410 1128 5460 ;
1164 5400 1220 5448 et
1267 5397 1412 5466 quod
1443 5401 1650 5468 quaevis
1678 5404 1764 5474 pia
1819 5408 1969 5464 auris

381 5476 749 5546 ebborruerit,
795 5483 1057 5552 paulatim
1092 5500 1478 5556 processerunt
1499 5509 1563 5549 eo
1594 5495 1964 5568 impudentiae,

381 5571 625 5625 utetiam
659 5574 982 5630 orthodoxis
1035 5578 1390 5647 psallentibus
1423 5587 1824 5656 exprobrarent
1865 5594 1968 5650 ho-

455 5773 723 5872 gain}:th
747 5783 1039 5872 contigisse
1059 5798 1305 5872 autumat
1331 5791 1598 5856 Baronius
1630 5812 1754 5872 post
1805 5820 1962 5863 exor-

382 5841 492 5894 tam
525 5841 854 5906 orthodoxos
884 5841 1025 5910 inter
1051 5841 1843 5932 et"illiillic;"é«§ii'u'Fo'\-5F§§uxi.

1688 425 1977 492 MENSIS
2014 430 2476 500 IANUARIUS.

445 530 530 585 vel
557 529 626 584 ab
653 541 887 585 numana
922 531 1048 588 victi
1092 531 1453 592 inﬁrmitate:
1489 546 1544 592 et
1569 553 1690 594 cum
1722 541 1775 596 in
1803 542 2002 599 fratrum

2103 594 2108 608 _
2138 549 2373 620 χρηστὸν
2401 553 2462 604 ὲν
2487 553 2602 618 τοῖς
2647 555 2755 612 τῶν
2816 557 3062 632 ἀδελφῶν

3583 454 3732 525 1119.

3115 563 3390 638 ἠγνόησαν
3419 574 3723 642 παραπτώο

2137 653 2330 708 μασιν,
2361 641 2422 696 ἐν
2447 646 2559 710 τοῖς
2623 645 2836 702 ἑαυτῶν
2886 651 3122 722 μάθωσι,
3145 657 3238 710 καὶ
3271 657 3577 729 ποθήσωσι,
3625 666 3728 718 καὶ

2135 732 2368 800 χρηστοὶ
2422 735 2692 802 γένωνται
2757 739 2846 795 διὰ
2897 743 3212 814 μετανοίας.
3241 749 3430 820 Οὕτως
3471 753 3563 806 οὖν
3596 757 3726 810 κατ’

2132 822 2315 891 ὀλίγον
2335 825 2535 898 ψυχαῖς
2555 846 2698 885 τισιν
2723 833 2784 887 οὐ
2815 835 3013 900 καλαῖς
3038 838 3102 892 τὸ
3132 839 3270 912 πρὸς
3324 844 3486 899 αὐτὸν
3528 847 3726 920 ἐστρέ-

2135 933 2270 983 φετο
2318 923 2500 987 μῖσος.
2576 923 2740 980 Ἀλλὰ
2773 927 2842 982 τὰ
2885 929 2988 1000 μὲν
3045 934 3177 1006 περὶ
3223 935 3420 992 τούτου
3474 941 3570 994 καλ⁸
3615 941 3726 1012 τῆς

2129 1009 2343 1064 ἀδικίαν
2374 1013 2554 1066 πᾶσαν
2579 1015 3027 1092 ὑπερϐαλλούσης
3044 1023 3368 1096 ὑπερορίας,
3387 1031 3523 1100 πρὸς
3535 1009 3727 1101 ὀλίγον

2125 1191 2228 1244 ὅσα
2285 1193 2418 1264 μηδὲ
2471 1199 2764 1270 παρελθεῖν
2817 1203 2992 1274 ἄξιον,
3045 1209 3074 1260 ὁ
3124 1207 3282 1280 λόγος
3331 1191 3545 1284 νεμέτω
3593 1220 3721 1283 ταῖς

2126 1282 2342 1349 ἀκοαῖς.

2193 1465 2337 1534 KG’.
2382 1468 2602 1526 Ἐλύπει
2649 1472 2741 1527 τὸν
2777 1475 2938 1544 ἅγιον
2968 1481 3201 1552 πρᾶγμα
3220 1483 3314 1536 τοῦ
3344 1485 3467 1540 τότε
3495 1487 3720 1558 καιροῦ,

2123 1555 2220 1610 καὶ
2281 1561 2414 1630 πυρὶ
2471 1562 2645 1634 ζήλου
2677 1567 2778 1638 τὴν
2815 1569 2981 1624 αὐτοῦ
3005 1571 3188 1644 ψυχὴν
3215 1576 3557 1650 ἐνεπίμπρα.
3595 1555 3718 1635 Καὶ

2121 1649 2230 1720 γὰρ
2259 1650 2392 1704 εῖσω
2421 1653 2520 1725 τῆς
2547 1656 2757 1721 πόλεως
2789 1661 2912 1716 τότε
2943 1661 3012 1716 τὰ
3046 1665 3302 1737 συνέδρια
3327 1671 3441 1732 τοῖς
3470 1649 3721 1741 ίἊρεια-

2119 1741 2234 1804 νοίς
2262 1737 2355 1812 ἦν’
2389 1745 2528 1818 ὅπερ
2589 1747 2812 1814 πολλοῖς
2843 1753 3016 1806 αἴτιον
3053 1757 3293 1830 κατέστη
3341 1759 3452 1814 τῶν
3501 1737 3716 1818 ἁπλου-

2122 1833 2350 1903 στέρων,
2379 1837 2474 1891 τοῦ
2499 1839 2599 1912 τὴν
2627 1843 2802 1916 αὐτὴν
2830 1846 3066 1912 ἐκείνοις
3099 1851 3327 1922 νοσῆσαι
3353 1857 3706 1923 κακοδοξίαν.

2118 1925 2330 1996 Καιροῦ
2381 1929 2562 1986 τοίνυν
2614 1933 2925 2007 ἐπιτηδείου
2975 1941 3178 2019 τυχὼν,
3211 1945 3424 2019 ηνίκαὸ
3451 1948 3712 2020 βασιλεὺς

2115 2015 2196 2086 τῷ
2233 2017 2366 2089 ίερῷ
2394 2022 2695 2093 προσῆλθε,
2736 2027 2836 2096 τῆς
2869 2015 3071 2100 ἑορτῆς
3110 2033 3192 2097 είς
3230 2015 3392 2092 τοῦτο
3429 2015 3711 2112 καλούσης

2116 2103 2205 2180 (ἦν
2230 2109 2286 2163 δὲ
2310 2111 2343 2182 ἡ
2368 2113 2477 2166 τῶν
2513 2115 2848 2188 Ἐπιφανίων
2899 2123 3131 2196 ἡμέρα),
3181 2127 3318 2182 Εἰπέ
3351 2146 3462 2198 μοι,
3495 2133 3622 2204 ἔφη,

2113 2199 2360 2272 βασιλεῦ,
2381 2205 2435 2258 εί
2458 2223 2542 2271 τις
2574 2208 2650 2278 τῷ
2683 2211 2835 2283 καλῷ
2867 2213 3043 2287 τούτῳ
3073 2219 3167 2270 καὶ
3189 2219 3494 2294 πολυτίμῳ,
3521 2199 3708 2293 δείξας

2110 2297 2202 2348 τὸν
2217 2297 2312 2351 ἐπὶ
2359 2297 2461 2370 τῆς
2489 2302 2738 2374 κεφαλῆς
2771 2305 3059 2378 στέφανον,
3083 2309 3267 2375 λίθους
3283 2315 3438 2380 τινὰς
3463 2317 3706 2390 ἀζήλους

2110 2389 2207 2443 καὶ
2264 2390 2550 2462 ἀμαυροὺς
2613 2394 2774 2468 ἔτυχε
2843 2400 3338 2478 παρενείρας,ἆρά
3367 2389 3704 2467 σοιάνεκτδν

2107 2480 2278 2546 εδοξε,
2337 2484 2434 2536 καὶ
2497 2484 2596 2556 οὐχ
2625 2487 2703 2552 ὡς
2743 2489 2840 2544 τοῦ
2898 2493 3102 2558 παντὸς
3153 2494 3326 2560 δήπου
3355 2499 3426 2554 δι’
3469 2501 3706 2561 ἐκείνων

2109 2571 2468 2644 ὑϐριζομένου
2532 2579 2788 2650 χαλεπῶς
2825 2581 3106 2653 ἧνεγκας;
3165 2587 3260 2641 τοῦ
3295 2589 3351 2644 δὲ
3385 2591 3463 2662 τῷ
3495 2593 3701 2664 ἀληθεῖ

2109 2663 2204 2718 τοῦ
2240 2663 2401 2733 λόγου
2432 2671 2991 2740 συγκατανεύσαντος,
3025 2677 3091 2731 Τί
3123 2677 3201 2742 δὲ,
3231 2681 3418 2749 φησιν,
3441 2685 3564 2756 οὐχὶ
3590 2663 3700 2744 Ῠκαὶ

2105 2754 2185 2826 τῷ
2218 2755 2434 2826 βασιλεῖ
2473 2759 2582 2814 τῶν
2642 2762 2779 2818 ὅλων
2807 2764 2873 2818 δι’
2905 2767 3076 2840 ὀργῆς
3131 2767 3270 2824 εἶναι
3300 2771 3500 2838 δοκεῖς,
3526 2777 3690 2851 είπερ

2106 2847 2165 2900 ἐν
2194 2847 2410 2902 εὐσεϐεῖ
2456 2850 2631 2918 πόλει,
2672 2855 2769 2908 καὶ
2819 2855 2909 2910 διὰ
2969 2857 3188 2914 πάντων
3241 2864 3444 2939 ἐχούσῃ
3489 2847 3692 2937 καλῶς,

2102 2936 2415 3020 κακοδὸξων
2475 2941 2664 3013 ὅμιλος
2719 2946 2930 3002 ἀνίεται
2987 2956 3285 3023 κατοικεῖν,
3338 2936 3456 3012 δέον
3515 2959 3550 3032 ἢ
3595 2961 3691 3034 τὴν

2101 3015 2440 3103 ἐπιστροφὴν
2499 3034 2698 3101 αὐτοὺς
2775 3037 3062 3110 ἀπαιτεῖν,
3121 3045 3154 3117 ἢ
3221 3015 3561 3119 ἐμμένοντας
3616 3015 3692 3121 ῶς

2099 3121 2334 3193 τάχιστα
2389 3125 2758 3198 ἀπελαύνειν;
2814 3129 3035 3190 Τούτων
3081 3138 3373 3204 ἀκούσαςὸ
3401 3141 3686 3213 βασιλεὺς,

2579 3219 2761 3272 αὐτῶν
2797 3225 3251 3308 μεταπέμπεται,
3288 3234 3486 3304 πεῖραν
3518 3235 3693 3308 ληψόο

2107 3317 2288 3372 μενος,
2318 3306 2368 3358 εί
2391 3307 2694 3379 ἀποστῆναι
2721 3311 2822 3382 τῆς
2851 3296 3090 3388 φευκτῆς
3117 3296 3397 3377 πείθονταί
3423 3322 3540 3396 [ῃο.
3566 3296 3688 3381 ἐτὲι-

2103 3395 2336 3472 θωνται]
2361 3401 2542 3474 δόξης,
2573 3405 2874 3480 ὑπερορίαν
2919 3412 3229 3486 ἀπειλήσας
3259 3421 3372 3482 τοῖς
3400 3395 3688 3475 ἀπειθοῦσι

2099 3489 2198 3543 καὶ
2247 3491 2349 3563 τὴν
2386 3494 2508 3571 ,τῶν
2556 3494 2728 3552 ὄντων
2773 3501 3058 3574 στέρησιν.
3103 3505 3192 3571 Ὦς
3219 3507 3279 3562 δὲ
3319 3508 3469 3582 ἐώρα
3519 3513 3688 3584 μηδὲν

2103 3581 2625 3654 μεταπειθομένους,
2675 3589 2777 3659 τῆς
2829 3592 3038 3658 πόλεως
3067 3581 3409 3672 ἀπελαθῆναι
3443 3581 3681 3659 κελεύει.

2101 3670 2210 3725 Καὶ
2256 3673 2398 3728 οὕτω
2429 3677 2616 3732 πολλοὶ
2649 3680 2748 3752 τὴν
2779 3683 2990 3755 πλάνην
3020 3670 3434 3762 ἐξομοσάμενοι,
3453 3697 3517 3765 τῇ
3549 3693 3682 3766 ὀρθῇ

2104 3765 2434 3854 προσέθεντο
2461 3769 2586 3842 δόξῃ
2601 3786 2620 3801 ·’
2659 3773 2776 3828 ὅσοι
2804 3775 2862 3830 δὲ
2901 3779 2978 3848 μὴ
3005 3776 3147 3852 ἦσαν
3173 3782 3272 3854 τὴν
3306 3785 3510 3841 κακίαν
3535 3765 3684 3842 idat?

2102 3874 2213 3928 μοι,
2273 3853 2423 3914 οὗτοι
2482 3864 2582 3931 τὴν
2627 3865 2927 3940 ὑπερορίαν
2956 3877 3410 3946 κατακριθέντες,
3440 3880 3543 3945 ἔξω
3576 3900 3680 3936 που

2096 3950 2197 4018 τῆς
2229 3949 2497 4020 βασιλίδος
2555 3955 2826 4029 διέτριϐον
2854 3962 3082 4028 πόλεως,
3141 3961 3277 4020 Εἶτα
3306 3969 3501 4038 χρόνου
3535 3971 3682 4037 τινος

2095 4039 2542 4114 διαρρεύσαντος,
2590 4047 2697 4103 ὑπὸ
2722 4051 2832 4105 τῶν
2861 4055 2992 4109 εἴσω
3025 4057 3134 4112 τῶν
3175 4057 3466 4129 βασιλείων
3501 4063 3682 4118 αὐλῶν

2094 4131 2163 4185 τὰ
2200 4132 2290 4186 ἴσα
2331 4137 2630 4194 νοσούντων
2657 4141 2800 4196 κατὰ
2834 4143 2897 4197 τὸ
2925 4145 3150 4217 λεληθὸς
3178 4153 3676 4224 συγκρατούμενοι,

2095 4221 2234 4277 ἀλλά
2261 4241 2324 4290 γε
2353 4227 2450 4280 καὶ
2486 4231 2802 4302 παρρησίας
2828 4235 3011 4300 αὐτοῖς
3035 4240 3178 4294 κατά
3216 4221 3414 4316 μικρὸν
3449 4221 3676 4301 ὑπανοι·

2096 4327 2358 4386 γομενης,
2395 4316 2713 4390 ἐθάρσησαν
2737 4321 2796 4378 ἔν
2821 4341 2934 4378 τισι
2960 4327 3070 4380 τῶν
3091 4330 3384 4403 ἐπισήμων
3427 4337 3458 4406 ἡ
3468 4339 3674 4407 μερῶν,

2096 4405 2154 4459 ὲν
2187 4400 2276 4472 αἷς
2324 4406 2550 4462 εἰώθασι
2590 4411 2841 4478 γίνεσθαι
2905 4417 3180 4490 συνάξεις,
3377 4400 3674 4500 αὐτοὶ-τὴν

2097 4501 2272 4554 πόλιν
2306 4502 2552 4571 εἰσιέναι,
2622 4508 2718 4562 καὶ
2766 4510 2896 4583 περὶ
2945 4513 3044 4576 τὰς
3077 4519 3242 4582 στοὰς
3285 4521 3670 4592 ἁθροῖζεσθαι,

2090 4592 2233 4664 ᾠδάς
2263 4593 2321 4646 τέ
2351 4611 2505 4659 τινας
2539 4599 2874 4667 ἀντιφὼνους
2907 4603 3078 4676 ᾅδειν,
3099 4609 3280 4674 καθὼς
3309 4609 3455 4684 εἶχον
3487 4615 3670 4686 δόξης,

2090 4687 2528 4758 συντεθειμένας.
2574 4692 2670 4756 Εἰς
2730 4695 2890 4751 τοῦτο
2928 4698 2987 4752 δὲ
3041 4702 3323 4769 ἀναιδείας
3368 4708 3668 4780 προῆλθον,

2086 4775 2162 4838 ὡς
2219 4777 2329 4845 καὶ,
2381 4781 2494 4842 τοῖς
2553 4781 2857 4854 ὀρθοδόξοις
2909 4788 3210 4858 ψάλλοντας
3271 4775 3556 4861 ὀνειδίζειν
3610 4775 3672 4854 τδ

2084 4867 2390 4937 ὁμοούσιον,
2421 4871 2517 4924 καὶ
2555 4875 2634 4936 εἰς
2657 4873 2803 4946 ᾠδὴν
2829 4879 2962 4933 αὐτὸ
2995 4881 3207 4949 θέσθαι,
3233 4885 3353 4946 Ποῦ,
3378 4891 3507 4944 ποτέ
3539 4893 3669 4957 εἰσι,

2087 4959 2371 5028 λέγοντας,
2399 4964 2449 5016 oi
2485 4965 2554 5020 τὰ
2575 4967 2704 5035 τρία
2737 4969 2870 5040 μίαν
2921 4971 3061 5030 εἶναι
3085 4979 3479 5062 πρεσϐεύοντες
3508 4985 3672 5042 δύνα-

2089 5069 2212 5122 μιν;
2243 5054 2419 5110 ταῦτα
2449 5055 2539 5111 τὸν
2581 5059 2760 5130 μέγαν
2784 5064 3096 5122 ἀκούσαντα
3124 5072 3308 5145 πολλῷ
3333 5054 3496 5131 πλέον
3521 5081 3549 5132 ὁ
3565 5081 3669 5151 τῆς

2079 5143 2366 5210 εὐσεϐείας
2417 5147 2684 5220 ἁνέφλεγε
2739 5153 2922 5226 ζῆλος.
2964 5143 3418 5239 Ἐδεδοίκειῖγάρ
3479 5143 3668 5245 μὴιτδ

2078 5237 2248 5293 κακὸν
2269 5241 2582 5312 παρῥησίας
2610 5243 2755 5300 οὕτω
2784 5250 2926 5304 κατὰ
2951 5255 3149 5326 μικρὸν
3175 5237 3451 5317 ἀπολαῦον
3479 5237 3667 5336 ἐντρέ-

2077 5325 2199 5396 ψειέ
2254 5347 2406 5398 τινας
2439 5333 2548 5388 τῶν
2596 5336 3000 5413 ἀφελεστέρων,
3035 5325 3132 5400 καὶ
3156 5347 3256 5422 τὴν
3291 5351 3458 5426 ὀρθὴν
3485 5325 3667 5414 πίσιτιν

2079 5420 2376 5490 ἀπώμοτον
2435 5427 2618 5492 αὐτοῖς
2677 5429 2908 5502 θέμενον
2961 5420 3339 5514 ἐπαγάγηται-
3377 5420 3514 5519 πρὸς
3563 5451 3663 5522 τὴν

2080 5511 2316 5584 πλάνην.
2357 5516 2500 5570 Ἀλλ’
2549 5519 3014 5601 ἀντισοφίζεταιὴ
3047 5511 3218 5607 ἁρετῆ
3242 5540 3306 5610 τῇ
3340 5511 3530 5613 κακία,
3567 5511 3664 5597 καὶ

2081 5603 2418 5675 ἀντιφώνους
2467 5609 2612 5681 ᾠδὰς
2661 5618 2759 5670 καὶ
2826 5620 2989 5686 αὐτὸς
3053 5603 3305 5698 συνθεὶς,⁷
3329 5635 3422 5687 καὶ
3450 5603 3527 5707 τῶ
3549 5637 3663 5710 λαῷ

2147 5810 2256 5923 9512
2279 5811 2660 5923 Υἱὲῗιὲιὶξθριιίὶι
2831 5827 3188 5923 ὃῖίὲθύκηέιῖ
3231 5838 3440 5898 30mm"
3582 5862 3659 5923 ηρ

2068 5897 2188 5952 cap.
2220 5883 2252 5938 8
2283 5901 2297 5951 ;
2335 5883 2680 5948 Sozomflib.
2713 5883 2832 5966 vin,
2863 5883 3440 5974 ἑορῖ

2523 1121 2538 1136 °
2589 1107 2686 1162 νῦν
2747 1109 2917 1167 sua:
2959 1115 3244 1184 φθάσαντα
3307 1121 3515 1194 ταύτην
3546 1163 3562 1190 ,
3623 1126 3724 1180 καὶ
3811 1159 3819 1164 -
