4138 6412
333 479 470 553 ιιιι

1329 478 1512 543 νΙΤΑ
1549 478 1614 543 S'.
1650 472 1973 551 JOANNIS
2031 475 2599 545 CHRYSOSTOMI.

3465 489 3600 553 IIII

328 600 584 665 δεδωκὼς
614 598 747 671 περὶ
769 597 832 654 τὸ
859 597 1089 653 ἑωθινὸν
1132 596 1305 670 ᾅδειν,
1328 596 1473 660 οὕτω
1501 597 1602 661 τὰς
1622 597 1733 652 τῶν
1762 597 1918 669 αἱρε-

2033 596 2300 662 mousion,
2322 605 2379 651 et
2400 597 2452 652 id
2481 596 2778 654 execrandi
2809 597 2866 653 in
2897 598 3114 655 cantico
3146 611 3414 669 ponerent
3450 620 3462 656 :
3494 603 3602 659 Ubi

323 694 498 751 τικῶν
536 691 794 765 ἡμαύρου
820 690 1174 761 κενοφωνίας.
1210 691 1277 746 Τί
1305 690 1367 746 τὸ
1393 690 1676 757 έντεῦθενς
1714 690 1910 759 φθόνος

324 786 542 857 ἀνῆπτο
568 788 685 850 τοῖς
716 782 1036 856 αἱρετικοῖς,
1059 784 1152 838 καὶ
1176 783 1351 853 θυμὸς
1370 781 1581 854 ἄγριος.
1602 780 1662 846 ἐξ
1682 775 1742 837 οὗ
1770 780 1911 853 ἔρις,

328 880 394 935 ιιι
411 878 473 932 δὲ
498 878 602 945 τῆς
667 877 839 946 μάχη,
902 876 1000 928 καὶ
1054 875 1195 944 πρὸς
1241 873 1468 938 ταύταις
1517 873 1748 942 πληγαὶ,
1790 869 1910 926 εἶτα

328 968 641 1031 ἐπιϐουλαὶ,
665 968 762 1023 καὶ
797 968 950 1030 τέλος
970 966 1033 1033 ἐξ
1068 967 1349 1037 ἑκατέρων
1373 966 1614 1020 θάνατον
1642 964 1782 1018 ὥστε
1815 964 1911 1018 καὶ

326 1064 426 1118 ενα
468 1063 578 1125 τῶν
638 1062 740 1130 τῆς
803 1060 1075 1132 βασιλίδος
1129 1058 1403 1130 εὐνούχων
1432 1099 1448 1123 ,
1495 1058 1709 1128 Βρίσων
1760 1054 1911 1127 αύτῷ

327 1155 522 1225 ὃνομα,
589 1158 702 1218 τοῖς
735 1154 1001 1224 ὑμνῳδοῖς
1030 1152 1444 1223 συναιρόμενον,
1466 1150 1598 1222 λίθῳ
1628 1143 1908 1221 πληγῆναι

325 1247 388 1301 τὸ
424 1245 697 1317 μέτωπον·
723 1247 862 1316 ὅπερ
900 1246 976 1309 ῶς
1002 1244 1229 1316 βασιλέα
1254 1242 1561 1314 διαδραμὸν
1590 1243 1767 1295 αἴτιον
1796 1243 1909 1304 τοῖς

326 1336 631 1409 αίρετικοῖς
693 1338 935 1408 κατέστη
987 1335 1081 1390 τοῦ
1142 1335 1460 1389 παύσασθαι
1518 1334 1756 1406 δημοσίᾳ
1782 1334 1909 1396 τοὺς

331 1427 536 1499 ὕμνους
597 1431 793 1481 ποιεῖν.
845 1427 1014 1481 Οὐδὲν
1050 1427 1109 1481 δὲ
1159 1422 1274 1481 οἷον
1321 1428 1420 1481 καὶ⁵
1450 1427 1601 1493 ,περὶ
1651 1425 1762 1478 τῶν
1813 1426 1912 1479 ἀν-

329 1520 582 1589 τιφώνων
629 1509 802 1573 τῶνδε
853 1519 1136 1574 διαλαϐεῖν
1207 1518 1365 1590 ᾠδῶν
1398 1559 1412 1583 ,
1483 1518 1591 1583 τίς,
1629 1518 1741 1589 ἄρα
1813 1513 1910 1571 καὶ

231 1663 237 1669 .
339 1607 506 1682 ἦρξεν
540 1613 733 1676 αὐταῖς
787 1612 888 1679 τῆς
945 1612 1241 1682 εὑρέσεως.
1293 1611 1559 1679 Ἰγνάτιον
1609 1610 1718 1681 γάρ
1778 1627 1912 1677 φασι

332 1704 426 1758 τὸν
489 1704 748 1775 θεοφόρον
810 1705 907 1757 καὶ
960 1704 1217 1775 μάρτυρα
1285 1703 1509 1774 πρῶτον
1570 1701 1910 1773 Ἀντιοχεῦσι

330 1795 490 1850 τοῦτο
544 1796 902 1864 παραδοῦναι,
960 1797 1083 1866 ὕψει
1134 1798 1343 1850 ἐκεῖνον
1387 1795 1637 1866 θειοτέρα
1667 1796 1916 1867 παραλα-

330 1889 517 1954 ϐόντα,
562 1891 658 1942 καὶ
695 1889 961 1957 ἀγγέλους
1009 1889 1439 1959 ἀντιψάλλοντας
1494 1887 1752 1958 ἀλλήλοις
1804 1889 1911 1941 ἐω-

2019 696 2166 755 sunt,
2191 688 2459 755 dicentes,
2493 690 2588 758 qui
2621 690 2722 744 tria
2753 706 2925 746 uuam
2986 690 3291 747 defendunt
3343 709 3466 749 esse
3497 696 3594 749 vir-

2018 781 2236 834 tutem?
2269 779 2393 835 llaec
2419 795 2542 835 cum
2566 782 2829 835 audiisset
2854 782 2942 837 ille
2977 797 3224 853 magnus,
3273 800 3398 840 eum
3426 786 3621 857 picta»

2020 875 2090 929 ti’s
2122 874 2269 928 zelus
2294 876 2466 945 magis
2497 875 2757 930 incendit.
2788 874 3088 931 Verebatur
3117 878 3263 933 enim
3286 896 3358 935 ne
3377 882 3603 948 malum,

2019 967 2101 1023 sic
2144 983 2335 1028 rursus
2393 969 2647 1039 loquendi
2713 969 3020 1026 libertatem
3072 976 3408 1037 assecutum,
3461 985 3602 1033 esset

2018 1059 2140 1114 aliis
2166 1074 2330 1115 causa
2350 1061 2521 1115 exitii.
2567 1060 2911 1116 Machinatur
2968 1063 3152 1133 itaque
3197 1066 3370 1119 virtus
3417 1076 3606 1123 contra

2021 1151 2242 1211 vitium.
2278 1161 2483 1207 etcum
2514 1154 2633 1223 ipse
2687 1155 2994 1224 autiphona
3028 1161 3431 1229 composuisset
3472 1175 3607 1215 can-

2020 1243 2151 1308 tica,
2180 1253 2237 1298 et
2263 1244 2503 1299 dedisset
2535 1246 2750 1316 populis
2777 1249 3022 1302 canenda
3050 1250 3106 1303 in
3129 1250 3422 1316 matutino,
3476 1250 3606 1306 effe-

2019 1337 2092 1391 cit
2138 1337 2305 1395 utsic
2333 1348 2727 1394 evanescerent
2761 1340 2953 1396 inanes
3002 1358 3166 1398 voces
3205 1343 3610 1402 haereticorum.

2020 1428 2159 1496 Quid
2208 1430 2406 1509 deinde
2455 1433 2852 1503 consequitur?
2898 1435 3023 1488 Fuit
3078 1451 3312 1509 accensa
3341 1437 3621 1503 haereticis

2020 1523 2224 1579 invidia
2239 1535 2292 1580 et
2328 1526 2406 1580 ira
2428 1527 2683 1597 agrestis,
2706 1542 2773 1581 ex
2801 1528 3000 1597 qualis
3023 1536 3143 1584 orta
3172 1540 3258 1585 est
3292 1546 3393 1584 :cx
3419 1547 3481 1584 ea
3511 1547 3612 1585 au-

2022 1624 2130 1670 tem
2181 1632 2399 1688 pugnae,
2431 1628 2486 1672 et
2510 1628 2706 1689 prater
2734 1635 2827 1675 eas
2847 1619 3045 1690 plagae;
3079 1621 3274 1676 deinde
3301 1623 3533 1688 insidias,
3556 1630 3612 1678 et

2021 1717 2305 1776 postremo
2339 1709 2516 1764 (tardes
2542 1726 2608 1764 ex
2643 1713 2921 1781 utrisque,
2952 1713 3091 1767 adeo
3125 1722 3185 1767 ut
3207 1729 3351 1769 unus
3394 1729 3615 1784 quoque

2021 1809 2088 1850 ex
2119 1797 2392 1853 eunuchis
2433 1797 2817 1868 imperatricis,
2874 1802 3097 1857 nomine
3150 1802 3378 1874 Bryson,
3423 1804 3614 1861 favens

2022 1889 2343 1944 cantoribus
2384 1889 2727 1956 orthodoxis,
2760 1893 2815 1948 in
2868 1893 3049 1949 fronte
3112 1895 3277 1951 fuerit
3318 1912 3615 1967 percussus

333 1982 539 2052 pascere
586 1983 874 2054 καὶταύτῃ
906 1982 999 2037 τὸν
1029 1982 1197 2055 ὕμνον
1223 1984 1289 2054 τῇ
1322 1984 1495 2054 σεπτῇ
1522 1981 1712 2054 Τριάδι
1747 1997 1922 2052 προσ-

2033 1978 2226 2050 lapide.
2260 1981 2417 2048 Quod
2452 1984 2672 2053 quidem
2704 2000 2827 2039 cum
2859 1988 3203 2070 pervenisset
3227 1990 3292 2043 ad
3317 2005 3478 2044 aures
3508 1988 3614 2044 im-

332 2073 621 2144 φέροντας.
2025 2076 2319 2144 peratoris,
2383 2077 2563 2134 vetuit
2614 2079 2916 2144 haereticis,
2969 2095 3040 2136 ne
3091 2083 3329 2152 amplius
3383 2083 3616 2154 hymnos

333 2168 548 2237 publice
580 2171 844 2225 facerent.
911 2166 1096 2223 Satius
1163 2176 1349 2223 autem
1404 2167 1568 2224 fuerit
1627 2168 1696 2224 de
1750 2167 2068 2239 antiphonis
2132 2188 2350 2242 quoque
2410 2173 2637 2229 canticis
2683 2175 2890 2242 dicere,
2934 2177 3185 2247 quisnam
3236 2178 3404 2233 fuerit
3425 2185 3618 2237 auctdr

338 2278 529 2318 eorum
559 2264 910 2319 inventionis.
947 2264 1146 2319 Dicunt
1184 2264 1332 2318 enim
1369 2264 1615 2319 divinum
1640 2264 2029 2336 et'mar‘tyrem
2090 2265 2361 2337 Ignatinm
2430 2268 2537 2325 hoc
2601 2272 2891 2327 tradidisse
2944 2256 3183 2342 primum
3258 2276 3619 2332 Antiorhenis

334 2374 448 2414 non
478 2359 624 2415 domi
655 2374 768 2416 sua:
798 2368 854 2414 et
878 2375 908 2414 a
940 2375 1000 2415 se
1034 2361 1341 2423 inventum,
1373 2360 1469 2415 sed
1500 2361 1759 2416 diviniori
1813 2362 2049 2431 quadam
2086 2363 2322 2429 visione,
2364 2373 2426 2419 ut
2486 2366 2576 2420 ille
2624 2381 2750 2421 cum
2784 2366 2897 2422 Deo
2940 2384 3191 2439 magnam
3235 2368 3474 2425 habebat
3533 2371 3620 2426 fa-

333 2456 727 2521 miliaritatem,
769 2468 1055 2526 acceptum
1085 2464 1181 2512 :ut
1224 2456 1318 2527 qui
1349 2456 1552 2513 viderit
1614 2456 1842 2528 angelos
1887 2457 1968 2513 sic
2004 2457 2149 2515 inter
2185 2475 2246 2516 se
2302 2469 2494 2516 contra
2552 2463 2870 2533 psallentes,
2923 2472 2980 2518 et
3017 2464 3277 2535 hymnum
3326 2466 3622 2525 ollerentes

334 2553 626 2609 adorandae
647 2552 925 2607 'I'rinilati.

406 2652 537 2706 KZ'.
580 2649 691 2704 Καὶ
728 2648 967 2703 τοῦτοδὲ
989 2648 1099 2703 τῶν
1151 2650 1281 2720 περὶ
1314 2650 1569 2704 Ἰωάννου
1619 2651 1919 2725 ἱστορημέ-

337 2761 445 2799 νων
458 2743 661 2814 ἥκιστα
689 2742 940 2815 παριδεῖν
966 2742 1137 2807 ἄξιον.
1167 2744 1401 2810 Λέγεται
1423 2746 1554 2812 γὰρ,
1586 2743 1681 2797 καὶ
1709 2745 1918 2800 πολλῶν

343 2836 606 2904 στόμασιν
664 2831 869 2904 ᾅδεται,
896 2836 1088 2896 ὁσάκις
1123 2833 1188 2887 ἂν
1220 2834 1312 2887 τὸν
1336 2833 1478 2887 θεῖον
1509 2836 1672 2906 ἄρτον
1708 2828 1921 2907 ἱερουρ-

338 2927 456 2996 γῶν
508 2925 789 2997 ἀναφέροι,
838 2925 1025 2980 ἔνθουν
1068 2925 1192 2979 ὅλον
1250 2927 1559 2995 γινόμενον,
1623 2926 1920 2997 συμϐόλοις

337 3016 453 3070 τισὶ
474 3017 533 3070 τὸ
561 3018 655 3069 τοῦ
711 3016 846 3070 Θεοῦ
894 3018 1051 3086 ἆγιον
1083 3016 1307 3087 Πνεῦμα
1359 3018 1451 3071 ἐπὶ
1479 3019 1547 3070 τὰ
1578 3018 1923 3088 προκείμενα

337 3109 486 3179 δῶρα
529 3107 860 3163 καταϐαῖνον
913 3111 1068 3181 ὀρᾷν.
1106 3109 1254 3174 Ἓνδις
1312 3110 1445 3179 γοῦν
1487 3127 1620 3164 ποτε
1651 3111 1761 3164 τῶν
1783 3127 1924 3182 παρ-

344 3202 651 3272 ισταμένων
697 3202 846 3273 αὐτῷ
895 3202 1229 3273 λειτουργῶν
1267 3203 1475 3273 γυναίῳ
1520 3205 1631 3257 τινὶ
1674 3203 1784 3256 τῶν
1811 3203 1928 3256 δια-

2101 2653 2318 2711 XXVII.
2366 2656 2538 2710 Porro
2582 2663 2765 2710 autem
2796 2670 2862 2710 ex
2892 2655 2981 2711 iis.
3012 2670 3135 2724 quae
3157 2654 3225 2707 de
3270 2652 3480 2708 Joanne
3510 2664 3623 2710 tra-

2025 2744 2250 2812 duntur,
2286 2745 2393 2799 hoc
2432 2746 2660 2800 minime
2707 2755 2792 2801 est
2845 2745 3386 2814 praetermittendum.
3416 2744 3622 2800 Dicitur

2027 2816 2271 2891 cnim'ct
2313 2838 2609 2892 multorum
2670 2853 2922 2892 sermone
2961 2838 3286 2899 celebratur,
3322 2837 3468 2906 quod
3494 2853 3622 2893 eum

2027 2928 2275 2983 divinum
2357 2943 2557 2998 panem
2662 2943 2994 2982 consecrans
3079 2927 3383 2997 extolleret,
3474 2936 3620 2983 tutus

2030 3039 2060 3079 a
2104 3024 2216 3077 Deo
2267 3021 2504 3086 albatus,
2541 3020 2691 3091 (quid
2745 3030 2926 3073 autem
2986 3019 3181 3073 horum
3248 3028 3331 3073 cst
3388 3019 3624 3074 increili-

2032 3116 2143 3171 bile
2203 3115 2259 3168 in
2321 3122 2431 3168 tam
2484 3121 2672 3166 sancta
2749 3112 3025 3175 anima?)
3091 3112 3415 3180 quihusdam
3450 3112 3621 3183 signis

2032 3207 2252 3263 videbat
2318 3206 2419 3260 Dei
2489 3203 2752 3274 Spiritum
2822 3203 2890 3257 ad
2956 3203 3098 3259 dona
3172 3204 3452 3274 proposita
3523 3204 3621 3259 de-

343 3295 667 3349 κυπτουσῶν
721 3295 928 3348 ἄνωθεν
983 3295 1316 3365 προσχόντος
1375 3295 1467 3349 τὸν
1513 3294 1794 3366 ὀφθαλμὸν
1834 3295 1926 3348 καὶ

2033 3299 2319 3356 scendere.
2343 3297 2480 3353 Cum
2524 3306 2707 3350 autem
2746 3310 2888 3350 unus
2941 3310 3008 3350 ex
3072 3295 3355 3356 ministris.
3419 3297 3511 3367 qui
3569 3298 3622 3352 ei

345 3387 656 3456 περιέργως
714 3386 885 3456 αὐτὴν
954 3386 1395 3455 προσϐλέποντος
1426 3425 1439 3451 ,
1501 3385 1929 3457 διακρουσθῆναι

267 3544 273 3549 ,
349 3478 447 3548 μὲν
473 3477 617 3531 οὕτω
645 3478 744 3548 τὴν
774 3477 1009 3546 Θεωρίαν
1032 3479 1127 3532 τοῦ
1149 3477 1484 3547 πνεύματος*
1524 3481 1731 3533 ἐκεῖνον
1765 3479 1822 3532 δὲ
1854 3478 1931 3551 μὴ

345 3572 636 3639 ἀγνοῆσαι,
704 3570 843 3624 ἀλλὰ
870 3571 962 3624 τὸν
1004 3573 1104 3642 μὲν
1129 3571 1446 3643 λειτουργὸν
1475 3572 1674 3625 αὐτίκα
1705 3589 1933 3643 μετακι-

345 3668 510 3739 νῆσαι
541 3668 640 3737 τῆς
709 3667 971 3734 στάσεως,
1001 3667 1166 3720 αὑτὸν
1196 3665 1256 3720 δὲ
1296 3668 1397 3736 τῆς
1443 3669 1708 3739 συνήθους
1753 3669 1932 3737 ὅψεως

352 3763 428 3831 μὴ
480 3760 827 3833 διαμαρτεῖν·
894 3756 1016 3814 εἶτα
1077 3761 1340 3831 πρόνοιαν
1380 3763 1476 3814 καὶ
1508 3760 1605 3815 τοῦ
1647 3761 1934 3831 μέλλοντος

348 3852 620 3929 θέμενον,
686 3853 1192 3923 παραπετάσμασιν
1245 3852 1541 3923 ἐπιτρέψαι
1586 3852 1657 3905 τὰ
1703 3850 1934 3923 ὑπερῷα

349 3944 797 4016 διατειχίζεσθειι.

2033 3391 2385 3455 assistebant,
2440 3389 2496 3443 in
2530 3388 2822 3458 quamdam
2884 3387 3172 3443 mulierem
3230 3403 3295 3442 ex
3349 3387 3437 3452 iis,
3500 3405 3624 3459 quas

2036 3482 2273 3551 desuper
2324 3480 2570 3536 solebant
2622 3479 2926 3549 despicere,
2969 3482 3026 3549 (ο
3055 3489 3200 3534 tuam
3222 3479 3405 3534 omnia
3429 3495 3626 3550 perva-

2038 3574 2281 3637 dentem,
2304 3588 2340 3627 o
2376 3572 2631 3641 maligne,
2669 3571 3101 3642 improbitatem)
3155 3571 3376 3627 oculum
3437 3572 3626 3642 conje-

2040 3665 2224 3729 cissct,
2260 3672 2317 3719 et
2345 3678 2464 3718 eam
2496 3664 2710 3717 curiose
2735 3662 3028 3732 aspiceret,
3073 3663 3154 3717 sic
3186 3663 3407 3732 quidem
3428 3646 3639 3733 magno.

2039 3753 2235 3809 Joanni
2269 3752 2372 3807 fuit
2399 3752 2629 3822 depulsa
2657 3751 2791 3806 visio
2817 3751 2993 3805 sancti
3020 3751 3277 3821 Spiritus.
3307 3751 3403 3805 llle
3438 3762 3622 3807 autem

2041 3862 2153 3901 non
2186 3846 2475 3918 ignoravit,
2505 3847 2599 3899 sed
2628 3844 2942 3898 ministrum
2975 3843 3192 3912 quidem
3229 3846 3415 3899 statim
3439 3847 3628 3909 ,movit

2018 3954 2074 4005 .e
2113 3955 2212 3994 sua
2241 3938 2476 3993 statione
2510 3955 2522 3990 :
2557 3938 2675 4006 ipse
2699 3951 2827 3999 vero
2861 3946 3128 3991 consueta
3156 3937 3368 3991 visione
3419 3952 3489 3991 ne
3544 3940 3627 3996 sic

349 4038 572 4111 quidem
604 4047 689 4092 cst
715 4036 1034 4091 frustratus.
1061 4030 1293 4101 Deinde,
1317 4032 1485 4089 futuri
1516 4048 1733 4103 quoque
1772 4048 1961 4088 curam
1995 4047 2212 4103 gerens,
2248 4029 2412 4099 jussit
2442 4030 2577 4084 velis
2611 4029 2892 4099 superiora
2924 4028 3127 4082 muniri
3157 4030 3394 4084 tabulata
3431 4031 3565 4101 (l4).

422 4134 559 4189 KH’.
589 4134 697 4187 Ποῦ
716 4133 773 4187 δὲ
804 4135 899 4187 καὶ
932 4131 1086 4185 τοῦτο
1098 4131 1346 4200 παριδεῖν
1362 4129 1593 4195 δίκαιον,
1614 4129 1676 4182 ἓν
1705 4130 1804 4199 μὲν
1829 4129 1939 4182 τῶν

348 4229 482 4297 περὶ
507 4225 671 4292 αὐτοῦ
697 4222 1012 4293 λεγομένων
1046 4221 1128 4285 ὂν,
1167 4220 1370 4283 ἱκανῶς
1398 4220 1453 4272 δὲ
1489 4220 1612 4290 ἔχον
1645 4222 1791 4291 ψυχῇ
1836 4236 1936 4289 χα-

357 4319 612 4392 ρίσασθαι
643 4317 898 4387 φιλοθέῳ,
930 4316 1027 4369 καὶ
1063 4314 1200 4386 πρὸς
1231 4313 1398 4383 ὕμνον
1437 4312 1609 4384 αὐτὴν
1636 4313 1940 4383 ὃιαθερμὰ-

2116 4125 2358 4181 XXVIII.
2391 4126 2675 4192 Quomodo
2714 4126 3125 4193 autemjustum
3162 4126 3325 4180 fuerit
3358 4128 3462 4183 hoc
3491 4144 3630 4199 quo-

2044 4235 2151 4289 que
2182 4219 2484 4289 praeterire,
2507 4216 2651 4286 quod
2678 4228 2762 4270 est
2791 4216 3010 4286 quidem
3046 4232 3215 4269 unum
3247 4232 3314 4270 ex
3370 4217 3457 4283 iis,
3508 4234 3630 4289 quae

2045 4313 2114 4367 de
2140 4327 2206 4367 eo
2239 4311 2517 4373 dicuntur,
2560 4309 2664 4378 pia:
2697 4324 2830 4362 vero
2859 4309 3055 4363 animae
3083 4316 3262 4378 potest
3295 4323 3420 4363 esse
3478 4310 3632 4365 valde

348 4429 440 4467 ναι
466 4411 562 4466 τοῦ
613 4411 927 4473 κτίσαντοςς
972 4409 1127 4476 Ἔχει
1152 4406 1208 4458 δὲ
1239 4404 1435 4467 οὕτως·
1476 4405 1642 4476 Ἀνήρ
1671 4422 1754 4466 τις
1813 4405 1926 4458 κατ’

2045 4415 2279 4477 gratum,
2322 4414 2378 4459 et
2408 4420 2526 4459 eam
2557 4404 2857 4458 accendere
2902 4404 2968 4457 ad
3018 4404 3274 4472 hymnum
3307 4402 3583 4458 Creatoris
3608 4404 3633 4456 ?
3694 4403 3702 4409 “

350 4506 531 4558 έκεῖνο
576 4502 795 4573 καιροῦ,
860 4499 1024 4563 αὐτός
1075 4514 1132 4551 τε
1196 4498 1454 4569 ὁμόφρων
1508 4497 1826 4567 Μακεδονίῳ
1860 4497 1938 4568 τῷ

350 4595 617 4665 αίρετικῷ
647 4592 737 4666 ἦν,
767 4595 981 4662 καὶτὴν
1007 4594 1249 4661 γυναῖκα
1285 4593 1353 4643 τὰ
1386 4592 1528 4645 αὐτὰ
1565 4593 1761 4661 ἐκείνῳ
1787 4590 1932 4657 δοξεῖ-

351 4692 556 4754 ζουσαν
580 4684 717 4758 εἶχε.
765 4685 970 4739 Τοῦτον
1005 4688 1035 4738 ὁ
1076 4684 1251 4753 μέγας
1301 4683 1567 4753 ἐντέχνως
1609 4683 1936 4754 περιελθὼν,

354 4782 579 4852 Θήραμα
603 4781 704 4849 τῆς
749 4778 915 4832 αὑτοῦ
958 4777 1207 4846 γλώττης
1264 4779 1524 4840 ποιεῖται,
1576 4776 1675 4828 καὶ
1723 4778 1786 4846 τῇ
1826 4776 1936 4830 τῶν

353 4864 563 4928 πιστῶν
610 4872 970 4942 προστίθησιν
1017 4869 1335 4940 Ἐκκλησίᾳ.
1368 4864 1502 4922 Εἶτα.
1532 4871 1739 4930 ἐκεῖνος
1775 4869 1937 4923 πάλιν

352 4966 566 5020 πείθειν
592 4966 693 5034 τὴν
744 4963 994 5017 σύνοικον
1025 4964 1308 5032 ἐπειρᾶτο.
1345 4959 1410 5014 Ἦ
1442 4961 1497 5015 δὲ
1531 4960 1694 5031 γυνὴ,
1727 4961 1823 5015 ἅτε
1877 4962 1940 5034 δὴ

353 5061 519 5130 γυνὴ,
550 5059 788 5122 καὶτοῖς
818 5056 1045 5127 ψεύδεσι
1093 5055 1313 5127 μᾶλλον,
1346 5055 1379 5126 ἢ
1408 5057 1473 5125 τῇ
1508 5053 1741 5126 ἀληθείᾳ.
1777 5070 1947 5122 προσ-

352 5157 576 5222 έχουσα,
607 5153 762 5219 ἔλεγε
794 5149 893 5221 μὲν
922 5149 999 5218 τῷ
1034 5147 1191 5216 ἀνδρὶ
1222 5150 1574 5217 συμφρονεῖν.
1612 5149 1705 5199 καὶ
1740 5145 1807 5201 τὰ
1836 5145 1947 5198 τῶν

354 5247 652 5316 ὀρθοδόξων
688 5244 1018 5314 ὑπεκρίνετο
1061 5240 1412 5312 πρεσϐεύειν,
1457 5242 1559 5312 τὴν
1592 5241 1651 5295 δὲ
1707 5240 1940 5310 καρδίαν

302 5331 313 5339 ’
355 5340 460 5389 οὐκ
517 5335 629 5408 εἶχε
660 5335 1156 5409 συμφθεγγομένην
1192 5334 1303 5395 τοῖς
1364 5331 1734 5403 φαινομένοις.
1789 5333 1938 5400 Λαμ-

356 5431 513 5485 6ἀνει
554 5432 735 5485 τοίνυν
788 5431 919 5502 μίαν
975 5429 1260 5490 ἀπότινος
1307 5425 1416 5479 τῶν
1461 5423 1936 5495 πνευματομάχων

358 5525 527 5595 ἄρτου
550 5523 764 5593 μερίδας
798 5523 896 5576 καὶ
922 5522 1128 5590 ταύτην
1174 5517 1315 5573 κατὰ
1344 5518 1404 5570 τὸ
1448 5516 1673 5587 λεληθὸς
1706 5517 1773 5585 τῇ
1810 5532 1939 5568 παι-

355 5619 518 5689 ὃίσκῃ
550 5615 915 5681 πιστεύσασα,
945 5614 1025 5685 τῷ
1055 5611 1165 5666 τῶν
1199 5610 1408 5665 πιστῶν
1440 5609 1571 5679 ἱερῷ
1608 5609 1705 5661 σὺν
1732 5605 1810 5678 τῷ
1839 5609 1938 5662 ἀν-

352 5713 444 5786 δρὶ
475 5712 751 5786 πρόσεισι,
783 5709 1075 5781 μετασχεῖν
1122 5706 1234 5761 τῶν
1266 5705 1628 5774 ἀγιασμάτων
1677 5704 1938 5773 προσποι-

2046 4500 2139 4553 Sic
2172 4506 2355 4552 autem
2417 4495 2582 4550 habet
2615 4513 2628 4550 :
2656 4496 2751 4550 Vir
2778 4503 2897 4549 erat.
2947 4495 3167 4563 quidam
3220 4493 3314 4548 illo
3361 4506 3627 4563 tempore,

2043 4595 2134 4662 qui
2194 4593 2309 4662 ipse
2352 4605 2569 4660 quoque
2652 4589 2794 4642 idem
2849 4588 3121 4642 sentiebat
3175 4603 3301 4641 cum
3373 4588 3627 4643 Macedo-

2048 4686 2228 4749 nistis,
2258 4695 2341 4759 et.
2380 4684 2619 4739 habebat
2676 4696 2924 4742 uxorem,
2979 4698 3101 4750 qua:
3152 4681 3423 4746 eamdem,
3464 4696 3629 4750 quam

2045 4780 2183 4850 ipse,
2220 4777 2461 4832 habebat
2494 4776 2829 4845 Opinionem.
2861 4775 2998 4827 Eum
3023 4788 3254 4842 magnus
3283 4772 3520 4832 Joannes
3543 4789 3631 4828 sa-

2045 4873 2339 4941 pienterct
2369 4871 2661 4924 artilieiuse
2711 4882 3016 4938 aggressus,
3053 4882 3148 4920 sua
3172 4866 3353 4936 lingua
3409 4876 3631 4935 ceperat

2045 4965 2447 5032 etadjunxerat
2477 4960 2735 5015 Etclcsize
2760 4961 3023 5014 Iitlelium.
3062 4959 3269 5012 Deinde
3295 4958 3385 5011 ille
3436 4973 3629 5013 rursus

2046 5055 2347 5109 conabatur
2371 5053 2698 5122 persuadere
2721 5052 2842 5120 ejus
2863 5050 3040 5114 uxori,
3061 5059 3122 5103 nt
3146 5050 3393 5104 ealndem
3418 5058 3631 5106 teneret

2047 5149 2405 5203 sententiam.
2434 5145 2629 5200 Mulier
2651 5154 2857 5209 autem,
2884 5157 2944 5199 ut
2965 5159 3086 5215 qua:
3115 5153 3264 5199 esset
3313 5145 3532 5208 mulier,
3567 5152 3625 5199 et

2049 5240 2363 5295 attenderet
2393 5238 2567 5308 magis
2600 5238 2821 5300 falsum,
2853 5253 3015 5306 quam
3068 5236 3377 5302 veritatem,
3412 5236 3629 5291 dicebat

2046 5348 2110 5388 se
2130 5332 2348 5402 quidem
2379 5332 2570 5385 eadem
2602 5330 2807 5383 sentire
2831 5345 2951 5398 quae
2995 5328 3246 5393 maritus,
3295 5337 3352 5383 et
3384 5344 3469 5393 ea,
3505 5343 3628 5398 quae

2044 5423 2331 5479 orthodoxi
2362 5421 2611 5475 similiter
2632 5430 2793 5490 atque
2843 5420 2951 5482 ille,
2988 5426 3177 5474 tenere
3209 5434 3226 5486 ;
3285 5433 3381 5473 cor
3441 5429 3625 5475 autem

2046 5514 2271 5568 minime
2296 5513 2532 5567 habebat
2560 5511 2704 5566 idem
2730 5511 2980 5581 loquens,
3009 5512 3154 5580 quod
3180 5512 3362 5581 lingua
3392 5529 3405 5565 :
3432 5512 3629 5565 nolens

2049 5608 2193 5661 sicut
2212 5607 2365 5677 prius
2393 5621 2517 5661 cum
2553 5605 2751 5659 marito
2784 5604 2975 5667 errori,
3009 5604 3082 5657 ita
3113 5603 3326 5658 veritati
3355 5611 3631 5673 postremo

2048 5700 2475 5757 communicare.
2512 5699 2649 5754 Cum
2686 5700 2868 5768 itaque
2900 5713 2929 5752 a
2978 5697 3216 5766 quodam
3257 5712 3320 5752 ex
3362 5696 3628 5753 Pneumao

427 5901 546 5975 (ιι)
595 5897 877 5971 ἰ’περῷα,
911 5895 1192 5969 superiora
1227 5892 1564 5964 tabulata,in
1597 5891 1796 5964 quibus
1827 5897 1955 5948 sunt
1992 5890 2250 5948 mulieres
2278 5889 2333 5947 in
2373 5889 2603 5947 ecclesia
2644 5894 2908 5957 separatae
2949 5899 2980 5942 a
3022 5882 3175 5941 viris.
