4126 6428
528 475 668 543 1115

1786 473 2070 536 MENSIS
2109 472 2576 536 IANUABIUS.

3663 468 3815 540 1116

523 593 792 652 tnmachis
820 591 977 664 panis
1009 599 1217 662 partem
1245 587 1572 660 accepisset,
1597 603 1715 643 eam
1766 588 1986 658 quidem
2031 588 2106 642 la-

2216 585 2688 658 ουμένη.”Επειτα
2708 583 2800 638 τὸν
2831 584 2975 638 θεῖον
3006 585 3173 657 ἄρτον
3201 582 3462 649 λαϐοῦσα,
3485 581 3674 637 τοῦτον
3705 583 3825 654 μιν

524 697 703 742 tenter
721 684 1128 742 crcditancillae
1164 683 1286 738 fidei
1321 699 1334 736 :
1378 681 1444 737 ad
1480 680 1722 736 ﬁdelium
1783 691 1965 735 autem
2019 696 2109 734 sa-

521 793 673 834 crum
705 775 917 832 accedit
943 789 1068 830 cum
1108 773 1325 838 marito,
1362 787 1475 842 prae
1523 788 1582 826 se
1615 771 1796 826 ferens
1848 787 1906 826 se
1943 771 2112 840 parti-

520 873 698 942 cipem
752 871 869 926 fore
932 868 1418 924 sanctiﬁcatorum.
1475 865 1681 920 Deinde
1733 881 1855 919 cum
1914 879 2108 934 panem

520 965 765 1033 divinum
811 963 1136 1032 accepisset,
1190 974 1315 1014 eum
1359 959 1582 1028 quidem
1633 972 1824 1011 rursus
1878 958 2111 1011 latenter

521 1056 689 1110 tradit
714 1054 928 1110 ancilla:
963 1073 976 1108 :
1011 1053 1136 1123 ejus
1174 1067 1306 1106 vero
1346 1050 1466 1104 loco
1517 1051 1731 1119 accepit
1764 1064 1914 1112 cuin,
1946 1064 2108 1118 quem

520 1150 790 1204 habuerat
829 1148 898 1202 ab
939 1146 1233 1201 haereticis.
1269 1143 1559 1212 Postquam
1601 1151 1783 1195 autem
1843 1157 1966 1194 eum
2027 1141 2111 1194 ori

518 1242 782 1306 admovit,
817 1242 872 1310 (0
903 1239 1230 1310 stupendum
1289 1235 1634 1299 miraculum,
1669 1250 1701 1288 ο
1729 1250 1891 1303 quam
1925 1243 2111 1302 aperta

2219 681 2276 732 ἐν
2299 680 2376 748 τῷ
2411 680 2612 749 ἀφανεῖ
2651 677 2815 732 πάλιν
2847 681 2912 748 τῇ
2951 679 3212 750 παιδίσκῃ
3243 677 3480 746 δίδωσιν,
3541 677 3824 745 ἀντιλαμ-

2219 771 2370 824 ϐάνει
2400 770 2458 824 δὲ
2507 770 2600 824 τὸν
2632 771 2696 823 ὲκ
2741 771 2849 823 τῶν
2889 770 3204 842 αἱρετικῶν.
3254 771 3344 834 Ὠς
3393 769 3450 822 δὲ
3502 769 3696 822 τοῦτον
3729 784 3824 840 τῳ

2221 865 2453 933 στόματι
2489 862 2772 935 προσῆγεν
2827 861 2892 933 (ὦ
2916 861 3012 915 τοῦ
3055 860 3287 931 φρικτοῦ
3331 858 3607 928 θαύματος
3633 856 3674 928 ι)
3730 859 3826 923 εἰς

2219 957 2367 1010 λίθου
2406 957 2569 1027 φύσιν
2605 955 2752 1027 ἑώρα
2817 955 3212 1026 μεταϐαλόντα.
3250 953 3400 1023 Αὕτη
3438 953 3505 1022 μὲ
3543 947 3637 1006 οὖν
3669 950 3826 1017 ἐξει-

2220 1049 2400 1104 ποῦσα
2439 1050 2503 1104 τὺ
2531 1049 2757 1118 γεγονὸς
2792 1049 2887 1102 καὶ
2918 1047 3281 1108 πιστεύσασα,
3314 1046 3413 1114 τῆς
3449 1043 3664 1115 μερίδος
3698 1042 3825 1096 τῶν

2223 1144 2433 1195 πιστῶν
2470 1143 2567 1194 σὺν
2585 1140 2664 1211 τῷ
2695 1139 2850 1210 ἀνδρὶ
2871 1140 3105 1209 γίνεται.
3152 1138 3210 1190 '0
3233 1138 3288 1190 δὲ
3315 1137 3459 1200 λίθος
3489 1136 3544 1188 ἐν
3572 1153 3682 1189 τινι
3700 1134 3826 1188 τῶν

2221 1234 2288 1288 τὰ
2320 1234 2439 1306 ἱερὰ
2467 1235 2780 1305 τηρούντων
2811 1227 3131 1286 ἀποτίθεται
3155 1233 3342 1284 οἴκων.

520 1346 577 1390 et
601 1350 857 1404 expressa
885 1333 987 1386 fuit
1013 1333 1191 1399 imago
1216 1326 1417 1382 mentis
1444 1341 1659 1387 eorum,
1685 1325 1776 1394 qui
1803 1324 2090 1392 dederant)
2121 1324 2255 1378 vidit
2279 1341 2402 1378 eum
2431 1335 2701 1378 mutatum
2729 1324 2784 1378 in
2822 1333 3073 1378 naturam
3100 1322 3312 1392 lapidis.
3337 1321 3512 1390 Atque
3540 1319 3652 1389 ipsa
3687 1317 3828 1387 qui-

518 1427 642 1482 dem
674 1442 798 1480 cum
826 1420 1264 1483 enuntiasset-id,
1293 1418 1438 1488 quod
1482 1417 1682 1472 factum
1712 1418 1910 1495 fuerat,
1944 1426 1999 1471 et
2023 1417 2370 1485 credidisset,
2402 1418 2517 1488 ipsa
2546 1433 2764 1488 quoque
2817 1418 2890 1472 lit"
2913 1433 2943 1472 e
2979 1433 3209 1473 numero
3240 1417 3476 1487 piorum.
3517 1415 3679 1484 Lapis
3715 1431 3828 1468 au-

519 1533 626 1577 tem
678 1521 960 1591 reponitur
1014 1519 1070 1572 in
1105 1517 1336 1586 quadam
1361 1515 1524 1568 domo
1554 1530 1620 1567 ex
1655 1513 1744 1575 iis,
1784 1529 1906 1583 qua:
1935 1529 2090 1568 sacra
2131 1524 2372 1568 servant.
2555 1561 2560 1567 .

585 1613 780 1670 XXIX.
805 1612 1134 1684 Aggreditur
1165 1625 1315 1663 nunc
1348 1611 1527 1662 oratio
1559 1623 1646 1662 res
1672 1607 1877 1673 Gaium,
1911 1624 2105 1678 quem-

515 1709 807 1766 admodum
848 1722 907 1760 se
948 1705 1223 1766 habeant,
1269 1701 1487 1756 tradere
1538 1699 1765 1754 auribus
1813 1699 2053 1754 ﬁdelium
2090 1718 2104 1754 :

513 1806 604 1876 qui
629 1811 748 1858 erat
783 1801 1004 1871 quidem
1036 1813 1238 1869 genere
1274 1796 1481 1859 Gallus,
1529 1793 1889 1848 nihilominus
1927 1802 2108 1846 autem

2281 1607 2412 1664 KO'.
2432 1610 2602 1681 Ὀργᾷ
2627 1609 2683 1663 δὲ
2714 1611 2742 1662 ὁ
2773 1608 2930 1677 λόγος
2955 1608 3050 1660 καὶ
3085 1607 3152 1660 τά
3188 1604 3329 1659 κατὰ
3351 1605 3440 1656 τὸν
3469 1605 3671 1656 Γαῖνᾶν
3709 1603 3824 1672 ἤδη

2211 1701 2540 1772 παραθεῖναι
2571 1704 2692 1766 ταῖς
2725 1702 2916 1764 ἀκοαῖς
2939 1717 2952 1731 ·
2989 1699 3048 1764 ὃς
3084 1697 3288 1761 Κελτὸς
3321 1698 3386 1767 μὲ
3416 1693 3484 1767 ἦν
3515 1696 3576 1749 τὸ
3629 1699 3822 1764 γένος,

2225 1792 2378 1844 οὐδὲν
2418 1791 2471 1844 δὲ
2496 1786 2658 1863 ἦττον
2693 1792 2788 1845 κα)⁸
2818 1791 2916 1861 τὴν
2934 1790 3162 1860 γνώμην
3204 1788 3499 1858 βάρϐαρος.
3521 1787 3656 1840 ’Υπὲρ
3675 1788 3826 1840 Ῥω-

515 1905 698 1950 mente
727 1907 945 1964 quoque
978 1890 1269 1944 Barbarus.
1304 1890 1439 1942 Cum
1484 1894 1632 1940 esset
1661 1900 1791 1939 vero
1846 1884 2109 1938 Romanis

2219 1886 2400 1956 μαίοις
2427 1874 2491 1938 ’δὲ
2534 1886 2849 1954 γινόμενος,
2881 1884 2976 1937 καὶ
3002 1884 3080 1953 τῷ
3115 1882 3404 1952 καταλόγῳ
3436 1879 3531 1933 τοῦ
3566 1879 3822 1949 στρατοῦ

513 1988 816 2056 subjectus,
877 1993 931 2037 et
990 1982 1193 2036 relatus
1241 1982 1292 2032 in
1347 1992 1636 2032 numerum
1705 1977 1998 2038 exercitus,
2056 1983 2110 2028 et

513 2079 714 2136 deinde
744 2076 1005 2147 paulatim
1039 2072 1418 2144 progrediens,
1452 2070 1690 2138 majores
1723 2069 1924 2139 gradus
1966 2077 2111 2122 esset

514 2183 822 2236 assecutus,
848 2179 1127 2239 postremo
1181 2174 1399 2219 creatur
1455 2163 1619 2217 etiam
1679 2163 1785 2232 dux
1836 2163 2112 2216 exercitus

517 2262 911 2324 Romanorum,
943 2269 1051 2311 tam
1107 2255 1468 2326 equestrium,
1531 2255 1778 2323 inquam,
1827 2253 2108 2322 copiarum

515 2369 680 2425 quam
718 2351 1080 2422 pedestrium.
1116 2347 1164 2403 ls
1205 2362 1330 2402 cum
1371 2345 1572 2401 acriter
1624 2344 1950 2400 defenderet
1991 2343 2111 2413 opi-

517 2446 733 2500 nionem
766 2442 1114 2506 Arianorum,
1167 2455 1335 2493 ausus
1363 2447 1448 2492 est
1506 2438 1575 2492 ab
1631 2438 1961 2506 imperatore
2017 2451 2113 2506 pec

516 2551 632 2594 tere
662 2552 831 2591 unum
869 2533 1130 2604 templum
1195 2532 1412 2599 iis,-qui
1450 2539 1609 2585 erant
1654 2530 1904 2600 ejusdem
1954 2528 2112 2598 cujus

516 2635 634 2703 ipse
659 2630 959 2701 opinionis,
983 2643 1051 2682 ex
1084 2627 1148 2680 iis
1175 2625 1412 2695 templis,
1440 2640 1561 2694 qua:
1595 2635 1752 2679 erant
1779 2624 1833 2677 in
1865 2621 2106 2677 civitate.

513 2725 782 2778 Arcadius
822 2737 951 2792 ergo
1010 2720 1261 2790 protinus
1309 2718 1423 2789 (ille
1481 2721 1631 2772 enim
1695 2726 1826 2771 tunc
1890 2715 2112 2770 tenebat

513 2823 730 2883 sceptra
759 2808 1406 2882 imperiiﬂomanorum),
1438 2808 1532 2862 Dei
1572 2807 1792 2862 homine
1822 2803 2108 2869 accersito,

515 2907 739 2979 rogabat
770 2915 829 2960 ut
859 2903 1050 2975 petitio
1069 2903 1189 2972 ejus
1207 2902 1578 2966 exaudiretur,
1599 2901 1722 2970 ejus
1751 2900 2009 2954 virtutem
2035 2899 2108 2952 illi

517 3016 781 3058 revocans
817 3001 872 3052 in
903 2995 1249 3060 memoriam,
1273 3003 1329 3048 et
1359 2993 1522 3048 tacite
1570 2993 1883 3064 signiﬁcans
1930 3002 2111 3063 tyran-

517 3094 723 3151 nidem.
786 3105 950 3161 quam
984 3088 1162 3158 ipsum
1193 3085 1413 3140 videbat
1439 3084 1696 3138 all'ectare
1723 3101 1736 3137 :
1775 3091 1836 3138 ut
1857 3083 1955 3145 sic,
1998 3083 2112 3137 aie-

515 3189 628 3252 bat,
643 3185 861 3240 Barbari
882 3178 1482 3236 mansuescatanimus.
1511 3176 1576 3231 Et
1593 3176 1674 3230 sic
1702 3176 1922 3245 quidem
1939 3177 2113 3245 impe~

516 3286 683 3332 ratur.
704 3275 796 3329 ille
815 3271 1196 3341 autemlingua
1223 3269 1382 3339 plane
1413 3283 1636 3332 aureus,
1663 3267 1844 3321 statim
1870 3266 2108 3321 ostendit

517 3389 576 3425 sc
604 3371 768 3444 etiam
788 3367 988 3422 habere
1013 3379 1194 3427 aures,
1215 3378 1338 3432 qua:
1373 3347 1568 3429 lingu-.1:
1592 3361 1730 3413 nihil
1752 3360 2034 3422 cederent,
2054 3366 2110 3411 et

516 3479 638 3534 qua:
661 3470 881 3532 possent
899 3459 1169 3528 judicare.
1193 3456 1528 3525 quibusnam
1557 3453 1896 3508 orationibus
1916 3467 2107 3521 parere

521 3564 794 3628 Oporteat,
818 3563 874 3609 et
911 3551 1110 3622 quibus
1134 3565 1262 3603 non.
1300 3549 1497 3602 Statim
1531 3563 1660 3618 ergo
1679 3547 1881 3611 renuit,
1935 3545 2108 3601 divini

521 3659 701 3706 metus
732 3663 841 3702 non
873 3646 1075 3700 oblitus
1092 3651 1148 3697 et
1174 3643 1313 3712 ejus,
1335 3655 1498 3711 quam
1518 3640 1773 3702 habebat,
1793 3638 2105 3710 dignitatis:

517 3755 571 3800 ct.
603 3743 733 3798 dicit
764 3756 822 3795 se
845 3755 953 3792 non
983 3752 1106 3792 esse
1163 3734 1580 3806 permissurum,
1618 3733 1985 3804 quodcunque
2014 3748 2110 3787 ae-

517 3833 734 3889 ciderit.
765 3827 1054 3896 Quomodo
1117 3824 1264 3880 enim
1320 3822 1669 3885 sustinuerit,
1703 3821 1796 3890 qui
1851 3836 1959 3874 non
1991 3829 2044 3874 et
2077 3835 2108 3874 a

518 3935 705 3982 mente
741 3933 797 3978 et
817 3938 846 3977 a
876 3924 1080 3992 pietate
1103 3917 1294 3990 procul
1319 3915 1659 3979 discesserit,
1687 3923 1748 3969 ut
1800 3915 1893 3984 qui
1924 3914 2110 3986 ingre-

518 4019 748 4074 diuntur
765 4023 979 4068 rectum
1016 4010 1290 4064 tramitem
1323 4008 1593 4073 veritatis,
1622 4015 1678 4061 et
1715 4006 1996 4060 Christum
2021 4005 2112 4060 de-

524 4110 774 4173 fendunt,
834 4121 956 4160 esse
997 4118 1166 4157 unum
1213 4101 1539 4155 venerandae
1601 4099 1746 4154 illius
1804 4098 2108 4164 Trinitatis,

523 4195 890 4250 amandcntur
919 4198 1071 4245 extra
1103 4203 1257 4244 sacra
1285 4187 1554 4242 vestibula
1583 4202 1596 4237 :
1637 4185 1670 4238 ii
1697 4194 1903 4250 autem,
1933 4187 2023 4254 qui
2053 4199 2110 4238 se

488 4332 490 4335 .
523 4284 810 4356 magniﬁce
839 4284 1134 4353 jactantem
1169 4290 1224 4333 et
1261 4279 1522 4333 audacem
1576 4276 1814 4347 linguam
1877 4276 1928 4329 in
1985 4292 2110 4330 eum

523 4387 765 4440 movent,
799 4376 856 4440 ii,
891 4375 1112 4443 inquam
1139 4374 1194 4442 (0
1221 4369 1480 4441 profanos
1505 4369 1694 4438 pedes)
1724 4368 1863 4422 intra
1888 4369 2109 4423 domum

441 4505 447 4512 ·
522 4473 667 4527 illius
690 4466 1160 4523 introducantur?
1217 4463 1325 4518 Sed
1367 4463 1411 4517 si
1478 4462 1609 4532 quid
1661 4477 1786 4516 cum
1826 4461 2113 4527 vereris,o

2216 1975 2665 2046 συναριθμηθεὶς,
2719 1971 2846 2029 εἶτα
2915 1977 3036 2036 ταῖς
3104 1973 3248 2025 κατά
3306 1972 3502 2042 μικρὸν
3554 1971 3824 2042 προόδοις

2215 2067 2478 2138 μειζόνων
2517 2067 2898 2138 ἐπιτυγχάνων
2958 2065 3208 2137 βαθμῶν,
3261 2065 3414 2127 τέλος
3452 2066 3543 2116 καὶ
3605 2080 3821 2134 στρατ-

2215 2164 2350 2233 ηχὸς
2388 2163 2488 2232 τῆς
2526 2162 2758 2226 ἱππικῆς
2784 2179 2844 2213 τε
2885 2161 2980 2214 καὶ
3015 2144 3188 2228 πεζῆς
3226 2158 3335 2212 τῶν
3377 2157 3662 2227 Ῥωμαίων
3697 2174 3822 2228 χει-

2216 2259 2512 2326 ροτονεῖται
2550 2255 2857 2319 δυνάμεως.
2911 2245 3082 2316 Οὗτος
3144 2253 3245 2323 τῆς
3280 2249 3494 2322 Ἀρείου
3531 2249 3690 2320 δόξης
3721 2253 3821 2304 ἐκ·

2215 2349 2404 2418 θύμως
2427 2345 2896 2422 ἀντιποιούμενος,
2924 2345 3200 2416 ἐθάρρησε
3235 2345 3387 2414 παρὰ
3418 2342 3684 2412 βασιλέως
3709 2343 3818 2395 ἕνα

2211 2442 2320 2494 τῶν
2348 2443 2477 2493 εἴσω
2512 2440 2610 2508 τῆς
2647 2439 2855 2502 πόλεως
2907 2441 3020 2499 τοῖς
3053 2435 3334 2506 ὁμοδὸξοις
3365 2436 3592 2504 αἰτῆσαι
3622 2436 3797 2489 ναῶν.

2214 2535 2498 2605 Ἀρκάδιος
2560 2529 2655 2586 οὖν
2691 2533 2893 2585 αὐτίκα
2933 2532 3051 2600 (καὶ
3099 2533 3210 2602 γὰρ
3260 2524 3418 2592 οὗτος
3449 2531 3625 2582 διεῖπε
3678 2533 3812 2582 τότε

2213 2627 2312 2697 τὴν
2349 2624 2648 2697 βασιλείαν)
2691 2626 2780 2678 τὸν
2824 2623 2917 2676 τοῦ
2959 2623 3096 2676 Θεοῦ
3141 2623 3648 2693 μεταπεμψάμενος
3712 2623 3809 2675 ἂν·

2215 2722 2434 2792 θρωπον
2459 2718 2613 2787 ἠξίου
2646 2719 2780 2788 πρὸς
2805 2719 2906 2786 τὴν
2937 2716 3156 2785 αἴτησιν
3209 2717 3520 2779 ἐπινεῦσαι,
3551 2716 3809 2786 ἀνδρείας

2213 2831 2272 2866 τε
2311 2815 2407 2884 τῆς
2449 2811 2659 2864 ἐκείνου
2696 2811 3160 2880 ὑπομιμνήσκων,
3197 2812 3291 2862 καὶ
3327 2809 3392 2880 ἦν
3422 2807 3578 2879 ἓώρα
3609 2825 3816 2876 τυραν-

2215 2907 2331 2959 νίδα
2372 2907 2478 2958 ὑπὸ
2524 2905 2715 2959 τοὸτου
2765 2905 3150 2976 μελετωμένην
3191 2903 3610 2967 διαινιξάμενος,
3661 2901 3813 2954 ὥστε

2214 3001 2278 3068 τῇ
2308 2998 2578 3066 θεραπείᾳ.
2611 2997 2809 3067 ταύτῃ,
2833 2997 2990 3064 φησι,
3015 2998 3142 3058 τοὺς
3178 2995 3272 3047 τοῦ
3299 2993 3580 3064 βαρϐάρου
3619 2991 3817 3046 τιθασ-

2217 3090 2476 3158 οευθῆναι
2519 3088 2749 3158 θυμούς.
2794 3088 2853 3140 '0
2880 3087 2937 3140 δὲ
2970 3087 3149 3141 πάντα
3188 3087 3412 3155 ἄριστος
3441 3084 3813 3155 ὲκεῖνοςάνὴρ

2217 3184 2369 3237 οὐδὲν
2437 3182 2613 3252 τούτῳ
2664 3182 2774 3254 [Ion
2815 3181 2924 3235 οὐδ’
2985 3183 3043 3235 ὲν
3104 3178 3302 3252 τούτῳ]
3322 3180 3426 3244 ,τού
3463 3178 3609 3232 θείου
3635 3180 3810 3250 φόϐου

2218 3269 2498 3348 καὶοῦπερ
2534 3268 2679 3346 εἶχεν
2702 3273 3067 3344 ἐκλαθόμενος
3099 3272 3432 3344 ἀξιώματος,
3481 3271 3584 3336 Oi),
3617 3273 3808 3343 φησιν,

2215 3372 2328 3423 εῖτι
2350 3368 2392 3420 δ’
2429 3368 2494 3423 ἂν
2520 3370 2614 3422 καὶ
2657 3367 2890 3436 γένοιτο,
2917 3367 3146 3436 τοιούτῳ
3163 3367 3226 3436 δὴ
3247 3367 3657 3438 παραχωρῆσαι
3684 3366 3809 3420 τολο

2220 3465 2455 3533 μήματι.
2486 3461 2608 3524 Πῶς
2639 3461 2748 3533 γάρ
2781 3478 2864 3524 τις
2890 3459 2956 3514 ἂν
2973 3461 3268 3531 ἀνάσχοιτο
3292 3461 3506 3531 φρενῶν
3533 3464 3627 3513 καὶ
3649 3461 3810 3513 εύσεο

2215 3555 2368 3626 ϐείας
2392 3555 2465 3625 μὴ
2489 3555 2678 3625 πόρῤω
2714 3554 2990 3622 κείμενος,
3008 3555 3136 3617 τοὺς
3169 3553 3267 3622 μὲν
3294 3553 3385 3606 τὸν
3412 3551 3510 3622 τῆς
3546 3551 3810 3624 ἀληθείας

2215 3645 2374 3714 λόγον
2389 3643 2846 3718 όρθοτομοῦντας,
2863 3644 3067 3698 καὶτὸν
3093 3644 3328 3714 Χριστόν
3358 3645 3453 3697 ἕνα
3475 3643 3575 3714 τῆς
3600 3647 3811 3714 σεπτῆς

2216 3736 2447 3806 Τριάδος
2494 3733 2634 3790 εἶναι
2685 3735 3084 3806 ὁμολογοῦντας
3130 3735 3236 3800 ἔξω
3298 3735 3500 3805 βαλεῖν,
3569 3737 3693 3798 τοὺς
3749 3737 3808 3790 δὲ

2217 3829 2541 3899 βλάσφημον
2585 3828 2836 3898 γλῶτταν
2893 3829 2990 3882 καὶ
3019 3827 3308 3900 τολμηρὰν
3343 3829 3465 3882 κατ’
3517 3829 3684 3897 αὑτοῦ
3718 3847 3808 3882 κι-

2214 3922 2442 3986 νοῦντας
2470 3923 2550 3986 είς
2578 3922 2670 3976 τὸν
2709 3917 2858 3976 οἷκον
2893 3921 3018 3991 (φεῦ
3038 3920 3077 3993 !)
3103 3923 3195 3977 τὸν
3220 3922 3430 3977 ἐκείνου
3454 3925 3806 3993 είσαγαγεῖνς

2215 4014 2329 4066 ἀλλ’
2357 4014 2411 4067 εῐ
2432 4031 2484 4066 τι
2533 4013 2629 4068 καὶ
2667 4012 2758 4066 τὸν
2790 4013 2962 4084 ἄνδρα
3013 4015 3409 4086 ύποπτήσσεις,
3467 4010 3511 4070 ὦ
3557 4017 3807 4087 βασιλεῦ,

2215 4107 2341 4176 ἐμοὶ
2385 4106 2577 4159 τοῦτον
2623 4107 2742 4159 κατ’
2801 4105 2925 4176 ὄψιν
2987 4108 3357 4178 παραγαγὼν,
3398 4109 3563 4173 αὐτὸς
3609 4108 3810 4180 ἀμέλει

2215 4199 2495 4268 ἀκροατὴς
2557 4197 2719 4268 μόνον
2771 4197 2882 4250 τῶν
2925 4197 3241 4275 λεγομένων
3301 4201 3611 4270 γινόμενος.
3662 4201 3809 4269 Ἐγὼ

2215 4291 2326 4362 γὰρ
2353 4291 2528 4344 πείσω
2563 4290 2890 4361 διαλεχθεὶς,
2925 4292 3000 4362 μὴ
3033 4292 3261 4346 τοιαῦτα
3293 4294 3576 4365 ἐπιζητεῖν
3624 4294 3810 4366 βούλε-

2218 4385 2361 4447 σθαι,
2395 4383 2430 4436 ἂ
2465 4383 2588 4452 μηδ’
2615 4384 2750 4446 ὅλως
2776 4383 2934 4453 θέμις
2963 4385 3082 4438 ἐστὶ
3111 4389 3436 4456 παρασχεῖν.
3467 4386 3645 4457 Ἥσθη
3683 4389 3808 4441 τού-

2215 4493 2324 4527 των
2352 4476 2591 4539 ἀκούσας
2618 4475 2646 4526 ὁ
2670 4475 2948 4544 βασιλεὺς,
2983 4477 3080 4529 καὶ
3109 4477 3208 4548 τὴν
3264 4477 3526 4531 ἐπιοῦσαν
3563 4480 3678 4550 ἅμα
3714 4482 3808 4533 καὶ

522 4568 840 4636 imperator,
900 4577 1024 4616 cum
1089 4569 1146 4614 tu
1206 4558 1338 4612 mihi
1371 4573 1496 4612 eum
1542 4557 1833 4612 deduxeris
1871 4556 1927 4610 in
1974 4572 2079 4610 con

2216 4567 2308 4622 τοῦ
2338 4567 2482 4620 θείου
2511 4568 2776 4637 παρόντος
2808 4569 2999 4640 ἀνδρὸς
3019 4571 3112 4623 καὶ
3133 4570 3172 4622 Γ
3176 4571 3330 4634 αῖνᾶς
3356 4573 3636 4642 πρόσεισιν
3663 4589 3676 4603 ·
3709 4575 3810 4626 αύ-

519 4667 785 4729 spectum,
817 4671 1033 4710 onmem
1067 4667 1253 4708 curam
1287 4653 1522 4721 depone,
1565 4667 1625 4705 ca
1650 4650 1825 4705 solum
1874 4665 1996 4718 quae
2023 4649 2109 4705 di-

520 4760 717 4806 cuntur
737 4749 1071 4804 auscultans.
1119 4748 1232 4817 Ego
1258 4746 1404 4800 enim
1429 4760 1552 4800 cum
1586 4759 1651 4798 eo
1674 4742 1951 4797 disserens
1980 4757 2108 4811 per-

521 4842 784 4903 suadebo,
806 4857 876 4894 ne
899 4841 988 4894 ille
1025 4839 1156 4892 velit
1195 4853 1258 4892 ea
1287 4853 1318 4891 a
1362 4847 1414 4891 te
1451 4845 1663 4905 petere,
1703 4851 1826 4905 quae
1880 4851 1986 4890 non
2023 4847 2109 4892 est

521 4940 602 4990 las
630 4935 854 4990 omnino
885 4933 1150 5003 praebere.
1187 4929 1427 4984 Lanatus
1460 4939 1545 4984 est
1576 4928 1660 4983 his
1704 4929 1905 4984 auditis
1931 4931 2106 5000 impe-

521 5040 690 5094 rator,
714 5036 768 5082 et
793 5026 880 5081 die
919 5025 1196 5093 sequenti,
1227 5039 1350 5078 cum
1383 5022 1547 5076 simul
1577 5022 1741 5076 etiam
1777 5023 1998 5078 adesset
2027 5023 2108 5078 vir

521 5121 759 5181 divinus,
788 5118 1002 5174 accedit
1030 5133 1248 5187 quoque
1270 5113 1496 5180 Gainas,
1533 5117 1649 5184 ipse
1708 5117 1928 5185 quidem
1967 5119 2110 5171 sicut

525 5213 641 5268 heri
675 5222 728 5267 et
764 5211 1164 5266 nudiustertius
1230 5219 1423 5280 petens
1451 5210 1520 5264 ab
1553 5211 1884 5281 imperatore
1943 5229 2108 5267 unam

522 5325 586 5361 ex
615 5305 784 5362 sacris
815 5305 1071 5360 domibus
1097 5321 1109 5356 :
1140 5303 1382 5358 Joannes
1408 5313 1592 5358 autem
1618 5305 1774 5372 dixit,
1797 5321 1904 5358 non
1942 5305 2108 5358 licere

524 5397 838 5469 imperatori
867 5395 1072 5451 audere
1114 5395 1317 5465 aliquid
1370 5395 1424 5449 in
1481 5397 1645 5450 rebus
1697 5397 2106 5460 ecclesiasticis,

522 5486 566 5540 si
597 5485 725 5538 velit
769 5483 997 5537 omnino
1052 5497 1176 5535 esse
1233 5481 1372 5550 pius.
1402 5481 1558 5547 jQuid
1613 5498 1764 5546 vero,
1811 5499 1922 5536 non
1976 5485 2108 5538 mihi

521 5589 758 5645 quoque,
793 5573 966 5642 inquit
996 5571 1266 5626 Barbarus
1314 5588 1419 5626 una
1449 5572 1594 5627 mdes
1622 5575 1858 5630 oratoria
1887 5576 2110 5643 permit-

527 5680 671 5726 tetur
701 5670 767 5724 ad
797 5669 1132 5738 precandum
1165 5669 1186 5721 ?
1221 5666 1438 5722 Nullum
1474 5679 1559 5723 est
1580 5670 1888 5746 'tcmplum,
1933 5670 2110 5740 inquit

524 5777 756 5830 ruagnus
777 5761 1206 5830 Joannes,quod
1263 5776 1372 5816 non
1425 5762 1519 5816 tilvi
1585 5771 1806 5832 pateat:
1869 5780 1970 5818 nec
2027 5774 2112 5818 est

527 5853 812 5920 quisquam
841 5863 892 5910 te
923 5855 1315 5925 prohibiturus,
1356 5858 1398 5910 si
1427 5857 1559 5911 velis
1587 5873 1764 5912 orare.
1825 5858 1929 5914 Sed
1965 5877 2108 5924 sum,

535 5939 732 6010 inquit,
757 5945 980 6001 alterius
1019 5957 1180 6004 sectae
1211 5967 1222 6002 :
1259 5959 1314 6004 et
1354 5950 1474 6006 ideo
1503 5950 1623 6008 volo
1686 5967 1933 6008 seorsum
1985 5969 2110 6008 eum

2217 4661 2307 4722 τὸς
2339 4660 2460 4731 μὲν,
2483 4660 2559 4724 ὡς
2581 4661 2708 4731 χθὲς
2733 4663 2828 4715 καὶ
2853 4661 3066 4733 πρώην,
3099 4662 3194 4715 ένα
3227 4665 3334 4716 τῶν
3365 4665 3524 4735 ἱερῶν
3553 4666 3717 4718 οἴκων
3741 4667 3808 4720 ἐκ

2218 4753 2486 4823 βασιλέως
2539 4755 2895 4822 αἰτούμενος·
2943 4756 3199 4825 Ἰωάννης
3267 4755 3324 4809 δὲ
3367 4757 3442 4829 μὴ
3489 4758 3690 4823 ἐξεῖναι
3724 4759 3805 4830 τῷ

2217 4847 2448 4918 βασιλεῖ,
2487 4847 2613 4916 ἔφη,
2642 4848 3115 4919 ὲκκλησιαστικῶν
3148 4851 3496 4920 πραγμάτων
3535 4853 3806 4905 κατατολ-

2221 4941 2348 5009 μᾷν,
2398 4939 2648 4991 εὐσεϐεῖν
2701 4940 2838 5003 ὅλως
2872 4943 3316 5012 προαιρουμένῳ.
3364 4943 3429 4995 Τί
3463 4943 3519 4996 δὲ
3551 4943 3673 5014 ούχὶ
3711 4945 3810 4998 καὶ

2217 5032 2363 5101 ἐμοὶ,
2417 5031 2582 5102 φάναι
2613 5032 2705 5084 τὸν
2739 5032 3038 5103 βάρϐαρον,
3087 5034 3198 5087 τῶν
3246 5036 3557 5107 εὐκτηρίων
3603 5031 3685 5102 εἴς
3724 5041 3809 5102 είς

2219 5123 2530 5192 προσευχὴν
2559 5122 2880 5191 ἁνεθῄσεται
2905 5141 2918 5189 ;
2942 5124 3122 5188 "Attat;
3144 5141 3224 5178 σοι
3258 5125 3383 5190 ναὸς
3405 5128 3702 5200 ἠνέῳκται,
3725 5124 3809 5182 εἷ-

2218 5231 2319 5266 πεν
2349 5215 2377 5266 ὁ
2419 5216 2615 5284 μέγας,
2663 5216 2757 5266 καὶ
2790 5216 2966 5278 οὐδεὶς
2995 5217 3024 5268 ὁ
3079 5218 3342 5271 κωλύσων
3399 5219 3807 5292 προσεύχεσθαι

2221 5308 2555 5380 βουλομένῳ.
2603 5309 3137 5380 Ἀλλὰ·συμμορίας,
3194 5313 3370 5364 εἰπεῖν
3424 5314 3654 5377 ἐκεῖνον,
3689 5314 3810 5366 ἑτέ·

2221 5413 2319 5464 ρας
2347 5394 2478 5464 ἐγὼ,
2518 5399 2610 5449 καὶ
2639 5397 2726 5449 διὰ
2759 5395 2917 5451 τοῦτο
2945 5399 3431 5468 συνεκκλησιάζειν
3467 5404 3606 5474 αὐτῇ
3637 5420 3810 5458 κατα-

2220 5487 2390 5557 μόνας
2436 5489 2592 5542 αίτῶ.
2623 5489 2768 5542 Αἱτῶ
2803 5489 2860 5542 δὲ
2905 5490 3126 5553 πάντως
3169 5493 3387 5559 αἴτησιν
3427 5491 3486 5544 ού
3521 5493 3806 5565 μεμπτὴν,

2216 5577 2393 5641 οὐδεὶς
2429 5580 2678 5650 ὑπακοὴν
2707 5582 3143 5652 ἀπροφάσιστον,
3190 5583 3451 5655 πολέμοις
3479 5587 3629 5649 ὅσοις
3679 5587 3810 5643 καθ’

2219 5670 2456 5740 ἑκάστην
2503 5672 3011 5744 παραϐαλλόμενος,
3064 5676 3159 5730 καὶ
3201 5677 3298 5747 τῆς
3343 5677 3585 5748 ἐμαυτοῦ
3624 5677 3809 5748 ψυχῆς

2218 5765 2311 5818 καὶ
2338 5765 2444 5819 τῶν
2475 5765 2738 5822 κινδύνων
2755 5767 2816 5821 τὸ
2864 5769 2966 5837 τῆς
2992 5769 3268 5834 πολιτείας
3305 5771 3580 5836 λυσιτελὲς
3611 5773 3806 5826 ἀλλατ-

2218 5861 2464 5931 τόμενος.
2503 5863 2640 5916 Ἀλλ’
2693 5865 2856 5936 ἔχεις,
2887 5861 2932 5920 ὦ
2964 5867 3228 5938 βέλτιστε,
3277 5869 3445 5939 φάναι
3488 5869 3580 5922 τὸν
3621 5869 3802 5938 ἅγιον,

2217 5956 2488 6026 οὒμενούν
2514 5957 2772 6024 ἐλάττους
2791 5959 2904 6015 τῶν
2945 5960 3122 6016 πόνων
3162 5962 3260 6028 τὰς
3283 5962 3602 6031 ἀντιδόσεις,
3643 5967 3804 6036 εἰπερ
