4126 6420
409 513 551 599 1111'

1383 526 1562 590 VITA
1597 527 1661 588 S.
1700 519 2031 588 IOANNIS
2067 514 2623 588 CHRYSOSTOMI.
2735 559 2740 563 -

3522 527 3664 594 1118

403 646 471 718 δὴ
522 644 616 700 καὶ
663 642 969 715 στρατηγὸς
1002 635 1073 710 ιτ,
1106 624 1200 695 καὶ
1256 629 1424 711 τιμῆς
1454 641 1556 712 τῆς
1610 638 1720 693 τῶν
1757 634 1981 691 ὑπάτων

2085 638 2149 693 éa
2196 638 2401 694 versari
2433 638 2487 693 in
2529 638 2788 695 Ecclesia.
2834 638 2951 706 Non
2999 649 3083 697 est
3125 656 3244 697 mea
3273 636 3466 712 petitio
3482 659 3668 715 repre-

402 736 731 809 ⁴ηξιωμιίνος.
767 735 935 789 Οὐδὲν
981 734 1038 788 δὲ
1068 734 1272 789 ἄτοπον
1302 731 1397 785 καὶ
1426 730 1587 785 τοῦτο
1636 730 1885 794 σκοπεῖν,
1916 719 1980 781 οὗ

407 830 508 901 μὲν
524 829 743 897 ἀδοξίας
766 824 909 900 ἦσθα
940 826 1231 898 πρότερον,
1254 817 1315 879 οὗ
1334 823 1430 878 νῦν
1461 824 1641 893 δόξης,
1667 824 1761 877 καὶ
1775 822 1862 875 οἵα
1882 820 1982 893 μὲν

405 925 441 996 ἡ
464 921 667 994 προτοῦ
690 916 997 986 πενία,οἴος
1021 918 1079 972 δὲ
1100 910 1273 988 οὗπερ
1300 916 1397 971 νῦν
1421 913 1981 985 ἀπολαύειςίπλοῦτος.

404 1015 577 1069 Τοῦτό
635 1031 694 1068 σε
740 1013 847 1085 χρὴ
880 1010 1289 1081 ἐνθυμούμενον
1342 1003 1402 1063 εὖ
1456 1010 1619 1074 νοεῖν,
1670 1009 1765 1060 καὶ
1818 1004 1984 1078 μηδὲν

404 1110 537 1180 1:291
585 1106 684 1178 τὴν
713 1106 859 1161 οὑτω
919 1106 1233 1176 τιμήσασαν
1291 1103 1571 1175 βασιλείαν
1620 1102 1980 1172 ἀγνωμονεῖν.

403 1201 549 1274 Πρὸς
602 1199 778 1255 ταῦτα
826 1200 917 1252 τὸν
979 1200 1179 1254 Γαῖνᾶν
1244 1197 1397 1252 οὐδὲν
1453 1196 1664 1269 καίριον
1706 1196 1985 1249 ἀντειπεῖν

403 1295 617 1364 ἔχοντα,
666 1294 963 1363 προκρῖναι
1003 1290 1103 1363 τὴν
1170 1290 1420 1355 σιωπήν·
1455 1287 1737 1358 θαυμάσαι
1779 1286 1835 1340 δὲ
1889 1285 1985 1338 καὶ

403 1384 632 1456 βασιλέα
660 1383 757 1436 καὶ⁸
787 1384 914 1446 τοὺς
934 1383 1065 1453 περὶ
1090 1381 1273 1443 αὑτὸν,
1303 1381 1377 1444 ib;
1400 1380 1459 1433 ὲν
1494 1380 1660 1449 ὀλίγῳ
1680 1379 1740 1433 τὸ
1784 1376 1986 1448 πολύρ-

407 1480 582 1550 ρημον
610 1476 709 1546 τῆς
737 1470 1083 1546 βαρϐαρικῆς
1108 1473 1397 1544 πεφίμωτο
1454 1470 1804 1543 προπετείας.
1840 1468 1985 1540 Χρό-

404 1585 497 1624 νου
515 1569 571 1623 δὲ
600 1571 658 1622 ἐν
693 1568 771 1639 τῷ
801 1567 1004 1637 μεταξὺ
1041 1567 1363 1630 διελθόντος,
1386 1567 1453 1638 ἢν
1482 1565 1510 1617 ὁ
1536 1565 1575 1617 Γ
1576 1565 1730 1628 αῖνᾶς
1758 1566 1823 1617 ὲκ
1855 1562 1987 1616 πολ-

405 1659 501 1716 λοῦ
530 1660 688 1715 ὥδινε
719 1660 1016 1731 τυραννίδα
1037 1661 1130 1722 ,είς
1168 1659 1336 1730 μέσον
1367 1656 1690 1725 ἐξενεγκὼν,
1719 1656 1791 1709 τὰ
1847 1656 1986 1728 πρὸς

404 1756 626 1829 Θρᾴκην
653 1773 710 1809 τε
741 1756 836 1809 καὶ
868 1753 1208 1809 Μακεδονίαν
1232 1752 1448 1825 περιῄει
1479 1752 1834 1823 κατατρέχων
1877 1770 1985 1821 χω-

407 1848 522 1920 ρία,
548 1847 645 1901 καὶ⁵
672 1847 778 1918 ὅλῳ
811 1847 931 1901 1:081
983 1845 1323 1918 ληϊζόμενος.
1354 1844 1600 1915 Μηδενδς
1624 1843 1681 1896 δὲ
1716 1845 1854 1915 μήτε
1886 1842 1986 1895 πό-

401 1938 567 2012 λεμον
583 1938 821 2011 ἅρασθαι
852 1937 986 2009 πρὸς
1009 1938 1193 2000 αὑτὸν,
1214 1936 1351 2006 μήτε
1372 1952 1476 2006 πρε
1488 1934 1668 1988 σϐείαν
1708 1934 1983 2006 διακηρύ-

402 2031 704 2086 κεύσασθαι
732 2029 1082 2104 θαρροῦντος,
1108 2029 1142 2098 ἡ
1163 2027 1386 2098 γενναία
1416 2026 1598 2097 ἐκείνη
1623 2026 1769 2097 ψυχὴ
1799 2027 1892 2079 καὶ
1906 2025 1984 2096 τῷ

403 2123 533 2195 θείῳ
556 2123 922 2193 πεφραγμένη
959 2120 1130 2192 φόϐῳ,
1166 2119 1335 2191 μηδὲν
1364 2117 1827 2189 ὑπολογισαμένη,
1847 2120 1985 2190 μήτε

399 2212 498 2285 τὴν
521 2212 626 2284 πρὸ
643 2212 738 2265 τοῦ
758 2211 1046 2282 διαφορὰν,
1079 2209 1206 2280 μήτ’
1244 2209 1375 2263 ἄλλο
1404 2208 1535 2272 τῶν,
1588 2209 1688 2262 ὅσα
1729 2208 1985 2279 θράττειν

400 2301 509 2359 οἵδε
535 2304 630 2357 καὶ
658 2306 843 2357 πτοεῖν
870 2302 1162 2375 ἀνθρώπου
1195 2301 1395 2373 ψυχὴν,
1431 2301 1673 2373 αἱρεῖται
1718 2302 1819 2372 τὴν
1849 2302 1985 2371 προς

400 2382 563 2450 αὑτὸν
592 2395 798 2465 ἄφιξιν,
826 2394 1112 2467 ἄνθρωπος
1143 2393 1347 2466 ἡσυχίᾳ
1389 2393 1626 2465 τοσαύτῃ
1666 2393 1984 2465 σύντροφος,

400 2489 494 2542 καὶ
528 2486 695 2558 μηδὲν
725 2485 968 2539 τοιοῦτον
1008 2484 1134 2538 ίδὼν
1167 2484 1511 2547 κινδυνῶδες,
1539 2485 1572 2556 ἢ
1606 2483 1798 2555 ἄγριόν
1822 2501 1872 2537 τι
1891 2484 1986 2538 καὶ

403 2580 653 2651 μανικόηι.
682 2579 889 2646 Ἔξεισι
937 2579 1036 2649 μὲν
1062 2574 1156 2632 οὖν
1187 2580 1269 2642 είς
1323 2578 1485 2631 αὑτὸν
1516 2576 1663 2647 μάλα
1686 2576 1987 2648 προθύμως

401 2670 503 2744 τὴν
535 2670 676 2740 ὑπὲρ
735 2672 954 2725 πάντων
1006 2670 1308 2743 πρεσϐείαν
1358 2670 1741 2741 ποιησόμενος.
1790 2668 1881 2733 Ὠς
1928 2670 1985 2723 δὲ

402 2764 502 2836 ἤδη
532 2763 754 2833 πλησίον
776 2757 844 2835 ἦν
876 2762 1189 2835 (ἐπορεύετο
1245 2763 1304 2816 δὲ
1365 2764 1517 2818 κάτω
1547 2762 1740 2825 νεύων,
1776 2763 1834 2815 ὲν
1865 2761 1988 2831 ἤθει

407 2856 508 2923 μὲν
544 2854 887 2927 προσεκτικῷ
934 2857 1028 2926 κα).
1057 2854 1291 2926 κοσμίῳ,
1338 2854 1630 2926 βαδίσματι
1667 2854 1725 2907 δὲ
1753 2856 1987 2926 σχολαίῳ

403 2949 497 3000 καὶ
527 2947 767 3020 γαληνῷ,
800 2950 945 3019 σαφῆ
977 2948 1076 3018 τῆς
1125 2947 1330 3020 ἀρετῆς
1361 2947 1481 3020 ῖχνη
1517 2950 1584 3018 τῇ
1634 2947 1758 3016 ὄψει
1793 2947 1983 3018 διαση-

407 3038 660 3110 μαίνων),
691 3041 719 3093 ό
760 3039 1034 3111 βάρϐαρος
1064 3039 1228 3093 αὑτὸν
1257 3040 1592 3109 θεασάμενος
1623 3038 1787 3105 εὑθύς
1816 3040 1985 3095 τετοῦ

403 3130 577 3202 θυμοῦ
613 3133 790 3205 ὑφῆκε
820 3133 915 3187 καί¹
938 3133 1145 3205 ἥμερον
1164 3131 1378 3203 ἔϐλεψε,
1398 3132 1490 3185 τοὺ
1521 3133 1814 3204 οἰδήματος
1837 3133 1985 3205 αὑτῷ

401 3223 499 3293 τῆς
518 3222 697 3293 ψυχῆς
726 3223 1105 3287 συσταλέντος.
1140 3223 1325 3295 ’ἱκανὴ
1348 3223 1458 3294 γὰρ
1482 3222 1716 3295 σώφρων
1750 3223 1872 3295 ὄψις
1892 3226 1988 3278 καὶ

2085 729 2398 797 hendenda,
2449 741 2504 786 et
2532 747 2653 802 qua:
2704 748 2812 787 non
2837 734 3039 803 juStam
3069 734 3266 790 habeat
3294 736 3663 805 occasionem,

2085 839 2209 880 cum
2237 823 2364 879 belli
2405 825 2651 895 pericula
2700 826 2945 896 quotidie
2975 827 3188 890 adeam,
3245 838 3301 885 et
3352 829 3665 898 reipublicae

2085 916 2374 971 utilitatem
2406 916 2533 972 vitae
2562 932 2696 973 meae
2714 918 3022 988 prteferam.
3056 920 3161 977 Sed
3182 924 3371 988 habes,
3391 927 3663 997 ooptime,

2085 1005 2530 1076 inquitsanctus,
2573 1009 2820 1066 laborum
2882 1028 2993 1067 non
3049 1014 3292 1070 minores
3347 1034 3666 1075 remunera-

2085 1096 2597 1170 tioncs;siquidem
2627 1116 2688 1157 es
2711 1101 2820 1157 dux
2876 1105 3172 1171 exercitus,
3220 1114 3275 1160 et
3323 1109 3665 1164 consularem

2087 1191 2351 1247 honorem
2411 1209 2472 1249 es
2520 1203 2825 1251 assecutus.
2888 1195 3073 1251 Satius
3118 1205 3298 1253 autem
3346 1198 3668 1257 fuerit.hoe

2032 1330 2047 1343 .
2085 1296 2302 1355 qucque
2352 1286 2721 1351 considerare,
2811 1303 2973 1357 quam
3032 1298 3190 1344 antea
3238 1289 3457 1369 quidem
3517 1307 3669 1349 esses

2086 1378 2356 1432 obscurus
2399 1386 2453 1433 et
2512 1378 2789 1450 ignobil‘n,
2828 1390 3066 1450 quantus
3094 1397 3222 1438 vero
3259 1383 3331 1439 sit
3364 1400 3512 1440 nunc.
3543 1396 3669 1442 tuus

2089 1470 2347 1539 splendor
2368 1478 2423 1526 et
2460 1480 2662 1541 quanta
2696 1472 2866 1542 gloria
2894 1490 2908 1527 :
2943 1481 2999 1527 et
3027 1484 3230 1544 quanta
3263 1476 3485 1544 quidem
3522 1486 3669 1532 esset

2087 1572 2246 1616 antea
2268 1572 2584 1632 paupertas,
2610 1565 2832 1634 quantis
2856 1574 3041 1620 autem
3073 1582 3221 1623 nunc
3251 1569 3497 1624 abundes
3522 1570 3667 1625 divi-

2087 1655 2197 1710 tiis.
2220 1653 2334 1710 Hoc
2362 1665 2413 1711 te
2445 1657 2795 1727 cogitantem,
2832 1666 3048 1727 oportet
3081 1674 3201 1714 esse
3233 1660 3579 1723 benevolum,
3613 1671 3670 1718 et

2088 1763 2198 1803 non
2226 1764 2348 1805 esse
2377 1749 2648 1820 ingratum
2682 1750 2736 1804 in
2757 1751 3224 1820 imperium,quod
3252 1760 3303 1808 te
3321 1755 3401 1809 sic
3431 1755 3669 1809 honora-

2088 1841 2188 1909 vit,
2230 1851 2281 1897 et
2304 1856 2413 1896 non
2426 1841 2493 1896 ab
2507 1857 2571 1897 eo
2599 1850 2789 1912 petere
2824 1859 2946 1914 quae
2973 1860 3082 1899 non
3111 1845 3258 1901 licet.
3289 1845 3426 1901 Cum
3453 1848 3520 1903 ad
3552 1848 3669 1904 hac

2089 1931 2227 1987 nihil
2260 1933 2485 1989 haberet
2522 1933 2745 2000 Gainas,
2778 1935 2922 2004 quod
2953 1944 3079 2006 apte
3117 1937 3495 2007 responderet,
3532 1955 3672 2009 pra:-

2012 2004 2060 2064 B
2092 2026 2214 2080 tulit
2265 2024 2543 2080 silentium
2587 2043 2601 2080 :
2649 2035 2710 2081 ut
2746 2027 2837 2097 qui
2870 2004 3102 2097 pulchre
3150 2004 3331 2099 reipsa
3363 2004 3667 2099 didicisset,

2089 2132 2150 2172 se
2180 2117 2236 2171 in
2269 2118 2446 2172 virum
2502 2117 2783 2183 incidisse,
2815 2119 2909 2189 qui
2943 2135 3054 2174 non
3094 2119 3277 2174 minus
3314 2131 3500 2190 posset
3547 2137 3671 2177 ver-

2089 2227 2211 2267 sare
2236 2213 2499 2284 linguam,
2525 2228 2687 2283 quam
2737 2213 2854 2284 ipse
2900 2213 3159 2284 gladium.
3219 2213 3533 2271 Admiratus
3586 2227 3672 2269 est

2087 2314 2270 2360 autem
2301 2305 2600 2377 imperator
2627 2315 2683 2361 et
2709 2305 2803 2376 qui
2832 2304 3086 2367 aderant,
3137 2304 3282 2376 quod
3317 2315 3425 2361 tam
3483 2308 3670 2376 paucis

2088 2399 2387 2454 barbarica:
2415 2397 2740 2453 temeritatis
2782 2397 3054 2453 refrenata
3103 2398 3298 2454 fuisset
3349 2399 3669 2469 loquacitas.

2088 2490 2227 2547 Cum
2261 2499 2443 2545 autem
2475 2491 2813 2560 aliquantum
2842 2490 3138 2546 ellluxisset
3160 2490 3441 2562 temporis,
3470 2490 3673 2547 Gainas

2088 2600 2252 2657 quam
2279 2584 2387 2656 jam
2414 2583 2507 2638 diu
2532 2582 2872 2653 parturiebat
2901 2583 3262 2654 tyrannidem,
3290 2593 3477 2654 aperte
3500 2585 3670 2641 edens

2089 2677 2147 2732 in
2169 2677 2369 2740 lucem,
2415 2676 2470 2730 in
2508 2666 2745 2729 Thracia
2780 2682 2836 2729 et
2858 2674 3177 2730 Macedonia
3208 2660 3445 2730 faciebat
3481 2676 3669 2730 incur-

2090 2766 2275 2821 siones
2307 2780 2402 2820 eas
2419 2766 2708 2836 populares
2728 2772 2782 2819 et
2802 2765 3014 2835 praedas
3039 2780 3105 2820 ex
3137 2766 3217 2821 eis
3240 2782 3425 2837 agens.
3458 2767 3671 2823 Adver-

2091 2872 2184 2912 sus
2201 2872 2367 2926 quem
2392 2873 2516 2911 cum
2541 2872 2703 2911 nemo
2719 2857 2948 2912 auderet
2968 2872 3067 2911 nec
3087 2857 3288 2912 bellum
3310 2858 3520 2912 fortiter
3545 2848 3669 2913 sus-

2091 2948 2295 3019 cipere,
2321 2964 2424 3004 nec
2452 2949 2597 3018 apud
2634 2964 2758 3004 eum
2785 2948 2933 3020 fungi
2972 2949 3257 3020 legatione,
3291 2964 3556 3020 generosa
3579 2949 3669 3027 illa

2090 3041 2271 3096 anima
2301 3051 2356 3096 et
2380 3041 2568 3096 divino
2597 3049 2742 3096 metu
2774 3049 3010 3106 armata,
3046 3056 3225 3110 neque
3268 3041 3465 3096 timens
3520 3043 3671 3113 prio-

2087 3149 2202 3190 rem
2232 3135 2378 3191 illius
2407 3150 2529 3190 cum
2549 3135 2671 3205 ipso
2699 3132 3127 3198 contentionem,
3163 3148 3341 3203 neque
3368 3134 3668 3204 quidquam

2087 3242 2300 3291 eorum,
2320 3241 2441 3296 quae
2463 3225 2639 3281 solent
2663 3224 2907 3280 animum
2957 3223 3210 3294 frangere
3254 3232 3667 3293 etperterrere,

402 3317 604 3388 κοσμία
632 3317 969 3380 κατάστασις
1000 3316 1278 3388 ὀφθαλμόν
1313 3332 1374 3369 τε
1411 3317 1602 3387 ἄγριον
1635 3315 1980 3384 ίλεώσασθαῑ,

2086 3319 2151 3374 ad
2174 3334 2299 3374 eum
2332 3317 2522 3373 statuit
2551 3316 2861 3387 proﬁcisci:
2906 3316 3072 3372 homo
3114 3316 3166 3370 in
3222 3331 3433 3371 summa
3487 3315 3672 3386 quieto

402 3408 498 3462 καὶ
528 3407 661 3462 αίδὼ
687 3408 782 3463 καὶ
825 3408 990 3473 σέϐας
1020 3409 1101 3472 είς
1138 3408 1239 3480 τὴν
1288 3408 1466 3479 ψυχὴν
1503 3408 1782 3477 ἐμϐαλεῖν.
1810 3409 1984 3464 Αὑτὸν

401 3499 459 3553 δὲ
523 3501 618 3553 καὶ
676 3500 795 3563 δέος
855 3501 1108 3569 είς-ἦλθεν
1164 3500 1587 3573 ὑπομνησθέντα
1669 3502 1987 3574 παρρησίας

402 3590 619 3662 ἐκείνης
655 3592 749 3646 καὶ
781 3590 1048 3664 γλώττης,
1072 3595 1139 3666 ἢν
1167 3593 1227 3647 εὖ
1265 3595 1472 3656 ἐκεῖνος
1522 3592 1723 3663 μᾶλλον
1752 3593 1984 3664 ἔστρεφε

402 3681 524 3737 κατ’
545 3682 733 3752 αὑτοῦ,
765 3684 797 3754 ἢ
826 3684 988 3749 αὑτός
1019 3687 1189 3739 ὲκίνει
1226 3686 1288 3739 τὸ
1318 3686 1445 3757 δόρυ
1478 3685 1618 3757 πρὸς
1669 3686 1982 3757 πολεμίους.

403 3777 501 3830 Διὰ
530 3773 703 3830 ταῦτα
725 3775 857 3845 γοῦν
880 3777 975 3830 καὶ
996 3779 1355 3848 προσυπήντα
1383 3778 1479 3831 καὶ
1506 3777 1868 3849 προσέπιπτε.
1889 3778 1986 3832 καὶ

402 3867 500 3939 τῆς
529 3867 694 3925 αὑτοῦ
725 3868 1026 3938 λαϐόμενος
1058 3869 1261 3935 δεξιᾶς,
1298 3872 1413 3933 τοῖς
1455 3868 1756 3940 ὀφθαλμοῖς
1812 3869 1987 3941 αὑτὴν

403 3959 480 4023 ὡς
535 3960 875 4028 ἁγιάσουσαν
905 3961 1172 4017 ἐπετίθει.
1204 3961 1350 4033 Πρὸς
1391 3962 1446 4015 δὲ
1481 3963 1575 4016 καὶ
1626 3963 1753 4026 τοὺς
1786 3962 1986 4026 παῖδας

403 4049 513 4120 πρὸ
547 4049 655 4105 τῶν
702 4051 881 4104 ποδῶν
930 4051 1097 4105 αὑτοὺ
1130 4053 1241 4107 τῶν
1291 4052 1461 4119 ἁγίων
1513 4052 1737 4106 πίπτειν
1786 4052 1985 4108 ἐποίει.

405 4137 539 4195 Εἶτα
595 4141 770 4210 λόγων
837 4142 929 4195 καὶ
979 4141 1358 4212 παραινέσεως
1416 4142 1689 4212 ήδυτάτης
1747 4140 1987 4204 ἀκούσας

404 4233 651 4288 πείθεται
674 4234 895 4307 ῥαδίως,
929 4234 1027 4288 καὶ
1052 4234 1152 4307 τὴν
1170 4233 1374 4307 ἔχθραν
1407 4234 1600 4301 λύσας,
1626 4234 1986 4299 ὑπόσπονδος,

404 4326 595 4397 ὥσπερ
626 4328 866 4398 πρῶτον,
892 4328 1186 4395 Ῥωμαίοις
1220 4329 1315 4381 καὶ
1346 4327 1501 4396 φίλος
1542 4328 1776 4396 γίνεται.
1831 4325 1991 4380 Οὑτω

405 4419 669 4483 πολλάκις
708 4418 982 4487 αἰδέσιμος
1024 4419 1169 4490 ὄψις,
1224 4420 1318 4473 καὶ
1369 4419 1546 4488 λόγων
1597 4419 1854 4489 εὐκαιρία
1893 4420 1990 4473 καὶ

408 4508 644 4572 σύνεσις,
693 4507 729 4562 ἃ
760 4511 836 4579 μὴ
869 4508 1120 4578 πολέμων
1150 4507 1355 4561 ἔπαυσε
1406 4509 1519 4578 βία,
1568 4510 1768 4581 ῥᾳδίως
1823 4509 1989 4581 ἤνυσε

407 4599 501 4654 καὶ
530 4599 914 4672 κατώρθωσεν.
952 4601 1111 4654 Ἀλλὰ
1167 4599 1261 4654 νῦν
1293 4601 1393 4672 μὲν
1430 4602 1574 4655 οὑτω
1598 4603 1699 4673 τῆς
1743 4603 1987 4656 Ἰωάννου

2088 3414 2374 3478 educatus,
2405 3420 2460 3467 et
2491 3410 2585 3481 qui
2622 3410 2834 3465 nullum
2873 3425 3116 3479 unquam
3150 3410 3255 3463 tale
3278 3407 3489 3464 viderat
3526 3408 3670 3478 peri-

2089 3507 2272 3562 culum
2294 3519 2398 3559 nec
2438 3504 2600 3559 talem
2649 3504 3139 3574 perturbationem.
3186 3502 3364 3571 Atque
3394 3500 3672 3571 egreditur

2087 3596 2306 3668 quidem
2327 3595 2485 3649 valde
2516 3594 2681 3649 alacri
2701 3594 2902 3657 animo,
2933 3594 3049 3663 ipse
3087 3592 3360 3662 legatione
3383 3591 3671 3646 functurus

2087 3704 2190 3760 pro
2211 3688 2489 3743 omnibus.
2523 3686 2658 3741 Cum
2677 3700 2808 3741 vero
2834 3686 2947 3756 jam
3001 3685 3309 3749 accederet,
3364 3683 3671 3739 ambularet

2088 3789 2269 3836 autem
2299 3789 2500 3835 terram
2533 3778 2775 3841 intuens,
2797 3785 2951 3848 gestu
2981 3777 3201 3847 quidem
3257 3776 3406 3847 gravi
3470 3787 3525 3832 et
3574 3778 3672 3832 ho-

2090 3878 2269 3937 nesto,
2302 3871 2521 3925 incessu
2558 3883 2691 3923 vero
2737 3867 2890 3923 tardo
2934 3875 2990 3922 et
3022 3866 3331 3949 tranquillo,
3382 3865 3671 3921 manifesta

2088 3963 2308 4019 virtutis
2335 3962 2558 4032 vestigia
2600 3960 2654 4015 in
2685 3960 2837 4015 vultu
2868 3958 3201 4030 significans,
3265 3958 3533 4014 Barbarus
3565 3954 3671 4015 hoc

2091 4056 2387 4127 aspiciens,
2429 4070 2537 4109 non
2574 4054 2813 4124 amplius
2846 4060 2967 4108 erat
3022 4051 3298 4106 Barbarus
3328 4068 3341 4104 :
3369 4050 3464 4105 sed
3486 4053 3669 4104 statim

2091 4156 2149 4203 et
2174 4149 2308 4202 iram
2347 4147 2575 4210 remisit,
2619 4153 2674 4201 et
2702 4145 2918 4216 placide
2969 4131 3202 4215 aspexit,
3258 4152 3473 4198 tumore
3502 4140 3671 4196 animi

2092 4239 2141 4295 ei
2171 4238 2909 4307 quodammodoe‘ompresso
2934 4245 3043 4290 tam
3080 4235 3366 4289 moderato
3415 4241 3472 4288 et
3522 4242 3673 4287 trau-

2091 4328 2258 4399 quillo
2285 4328 2613 4397 spectaculo.
2644 4326 2957 4393 Quinetiam
3024 4342 3149 4380 eum
3200 4339 3417 4395 quoque
3473 4323 3673 4378 invasit

2094 4424 2277 4487 timor,
2309 4422 2655 4476 recordatum
2716 4420 2859 4474 illius
2887 4419 3100 4474 dicendi
3132 4417 3421 4483 libertatis,
3467 4423 3524 4469 et
3578 4414 3671 4485 qui

2094 4513 2386 4583 perterreri
2411 4512 2637 4566 minime
2655 4518 2836 4580 potest
2870 4509 3114 4578 spiritus.
3146 4518 3195 4562 et
3228 4506 3514 4562 verborum
3551 4519 3673 4574 qua:

2092 4606 2239 4661 vires
2272 4590 2476 4658 habent
2500 4617 2565 4657 ex
2597 4602 2850 4665 veritate,
2876 4608 2932 4654 et
2956 4616 3077 4669 qua:
3104 4599 3262 4653 valde
3291 4606 3520 4667 possunt
3544 4599 3669 4652 ani-

406 4694 663 4765 ἡττηθεὶς
707 4693 912 4764 ἀρετῆς
971 4693 1071 4747 κθ
1102 4693 1382 4763 γλώττης,
1412 4694 1483 4747 τὰ
1528 4695 1671 4749 ὅπλα
1706 4695 1985 4764 καταθεὶς,

2100 4713 2248 4753 mum
2278 4697 2546 4751 sauciare.
2576 4693 2873 4763 Propterea
2922 4706 3053 4763 ergo
3080 4691 3130 4745 ei
3164 4690 3433 4761 processit
3455 4691 3670 4746 obviam

406 4787 630 4859 εἰρήνην
659 4786 783 4857 ἔσχε
817 4787 953 4858 πρὸς
986 4785 1213 4856 βασιλέα
1236 4804 1248 4815 ·
1287 4788 1405 4859 μετ’
1438 4789 1498 4847 οὑ
1539 4789 1674 4844 πολὺ
1718 4789 1776 4843 δὲ
1828 4808 1996 4845 κακο-

2092 4799 2148 4844 et
2176 4791 2242 4843 ad
2294 4788 2461 4856 pedes
2490 4783 2724 4856 procidit
2753 4802 2769 4839 :
2796 4790 2852 4837 et
2884 4795 3172 4837 assumens
3203 4781 3323 4851 ejus
3365 4780 3665 4847 dexteram,

405 4879 600 4947 1,03ia;
652 4879 753 4947 τῆς
778 4880 1053 4951 προτέρας
1086 4879 1480 4950 ὑπομνησθεὶς,
1531 4882 1626 4934 καὶ
1672 4881 1852 4949 φυγὰς
1904 4881 1985 4935 διὰ

2093 4882 2408 4953 imponebat
2437 4878 2613 4936 oculis
2666 4886 2919 4946 tanquam
2975 4874 3453 4929 sanetiiicaturam.
3526 4873 3673 4928 Prae-

407 4968 626 5044 Θρᾴκης
651 4971 961 5041 γενόμενος,
993 4972 1072 5042 τῷ
1088 4972 1381 5043 Ῥωμαϊκῷ
1397 4972 1614 5044 στρατῷ
1647 4976 1990 5045 περιπίπτει,

354 5067 361 5073 ’
407 5067 500 5119 καὶ
550 5064 730 5129 οὑτως
777 5064 894 5135 ἅμα
922 5066 1037 5129 τοῖς
1065 5065 1246 5128 ἄλλοις
1277 5068 1634 5128 στασιασταῖς
1664 5066 1990 5121 ἀπόλλυται.

2096 4984 2243 5029 terea
2276 4981 2461 5027 autem
2492 4970 2633 5024 ﬁlios
2667 4983 2886 5039 quoque
2931 4966 3056 5020 fecit
3089 4964 3369 5034 procidere
3398 4972 3525 5018 ante
3548 4977 3676 5016 san-

2092 5073 2213 5120 ctos
2240 5064 2362 5134 ejus
2409 5062 2599 5133 pedes.
2653 5059 2860 5116 Deinde
2900 5074 3024 5113 cum
3062 5057 3229 5111 verba
3271 5065 3327 5110 et
3360 5054 3514 5109 valde
3547 5070 3677 5109 sua-

420 5157 581 5212 Ἀλλὰ
623 5158 695 5211 τὰ
733 5158 834 5227 μὲν
864 5157 1006 5210 κατὰ
1045 5158 1085 5210 Γ
1088 5159 1247 5212 αῖνᾶν
1279 5155 1444 5224 οὑτω,
1477 5155 1771 5211 καὶταῦτα
1800 5158 1856 5210 δὲ
1882 5159 1985 5213 τῶν

2094 5173 2214 5213 vem
2269 5156 2535 5211 audiisset
2577 5151 3030 5214 admonitionem,
3074 5150 3233 5206 facile
3282 5147 3675 5219 persuadetur:

410 5246 621 5301 πολλῶν
652 5249 830 5316 ὀλίγα.
1836 5236 1845 5243 ’

2090 5259 2146 5303 et
2192 5246 2424 5301 sublatis
2472 5243 2799 5306 inimicitiis,
2860 5244 2920 5297 tit
2974 5241 3259 5307 Romanis,
3307 5239 3451 5295 sicut
3502 5237 3676 5309 prius,

412 5336 706 5413 fmderatus
732 5352 787 5398 et
809 5342 1040 5397 amicus.
1082 5341 1160 5398 lta
1206 5356 1590 5413 saepenumero
1635 5345 1983 5401 venerandus
2067 5345 2276 5408 vultus,
2307 5351 2364 5398 et
2426 5342 2807 5411 opportunitas
2833 5348 2889 5394 et
2919 5338 3211 5411 prudentia
3240 5334 3526 5398 orationis,
3557 5350 3680 5404 quin

411 5432 495 5488 vis
527 5435 648 5490 belli
671 5452 782 5490 non
807 5437 1003 5506 potuit,
1031 5435 1191 5490 facile
1247 5436 1575 5504 eilecerunt,
1631 5446 1687 5493 et
1740 5439 1857 5494 visa
1905 5445 1991 5493 est
2028 5438 2149 5508 plus
2213 5436 2455 5507 potuisse
2516 5434 2716 5498 oratio,
2752 5450 2915 5505 quam
2968 5433 3197 5505 gladius.
3234 5430 3341 5487 Sed
3367 5446 3515 5486 nunc
3560 5428 3681 5500 qui-

413 5526 537 5581 dem
561 5529 639 5585 sic
665 5530 898 5586 victusa
954 5530 1157 5585 virtute
1210 5540 1268 5585 et.
1336 5530 1520 5601 lingua
1573 5531 1820 5600 Joannis,
1864 5533 2127 5603 depositis
2179 5530 2369 5596 armis,
2433 5542 2624 5600 pacem
2684 5536 2770 5582 est
2810 5526 3112 5597 amplexus.
3166 5524 3283 5579 Non
3339 5523 3512 5578 multo
3555 5529 3682 5591 post

409 5639 594 5682 autem
617 5628 707 5682 illa
757 5627 913 5682 valde
961 5625 1141 5682 dulcia
1209 5634 1264 5681 et
1317 5641 1484 5681 aurea
1542 5628 1729 5691 verba,
1790 5636 1967 5694 erant,
2018 5637 2081 5682 ut
2113 5642 2235 5682 cum
2296 5626 2479 5681 divina
2554 5623 2841 5692 Scriptura
2904 5621 3103 5686 dicam,
3133 5620 3351 5696 inaures
3396 5632 3578 5673 aureae
3625 5618 3680 5671 in

408 5735 542 5775 aure
568 5718 740 5790 porci,
766 5727 822 5773 et
869 5717 1123 5788 [Ethiops
1162 5719 1383 5787 quidem
1421 5734 1533 5773 non
1591 5720 1825 5785 mutavit
1893 5718 2092 5789 pellem
2148 5720 2214 5785 ⁸⁸,
2281 5726 2336 5773 et
2398 5715 2522 5771 felis
2556 5714 2762 5770 crocoti
2796 5713 2982 5776 oblita,
3025 5720 3314 5782 persecuta
3358 5717 3443 5765 est
3465 5723 3529 5763 ea
3557 5722 3681 5779 quas

408 5821 814 5872 consueverat:
847 5819 905 5868 et
925 5813 1042 5885 ipse
1079 5825 1297 5883 quoque
1359 5813 1601 5884 priorem
1641 5815 2017 5888 complectens
2053 5813 2478 5884 improbitatem,
2504 5824 2696 5865 rursus
2761 5819 2883 5863 cum
2939 5803 3059 5859 aliis
3106 5802 3293 5859 obibat
3362 5798 3678 5867 Thraciam,

487 5954 537 6037 τι
559 5956 723 6012 Prov.
752 5971 830 6023 ιι,
860 5944 932 6012 ΞΞ
962 5972 977 6023 ;
1008 5954 1213 6011 Jerem.
1243 5969 1361 6022 xm,
1393 5954 1484 6011 23.
