4126 6412
477 455 616 523 1119

472 591 562 631 res
619 587 788 627 novas
851 570 1081 626 moliens
1141 588 1153 624 :

1671 459 1958 521 MENSIS
1989 461 2451 528 JANUARIUS.

1246 568 1424 623 donec
1516 568 1570 621 in
1639 568 2047 624 Romanorum-
2089 572 2393 629 exercitum
2473 575 2668 633 incidit
2747 593 2872 635 cum
2946 580 3070 638 aliis
3154 581 3483 641 seditiosis:
3545 594 3603 640 et
3660 588 3754 642 sic

3587 472 3752 544 1120

473 666 651 720 malus
681 663 770 719 ille
803 664 944 718 male
995 664 1158 733 perit.
1224 659 1331 714 Sed
1386 674 1475 714 res
1504 657 1724 728 quidem
1786 657 1973 713 Gainae
2038 659 2118 714 sic
2155 676 2215 716 se
2253 662 2599 734 habuerunt;
2634 676 2692 722 et
2729 666 2848 723 haec
2870 667 3091 738 quidem
3143 670 3382 727 diximus
3437 687 3611 744 pauca
3673 688 3750 730 ex

473 759 682 821 multis.
717 766 985 829 quantum
1011 755 1143 811 satis
1180 754 1347 809 fuerit
1382 752 1450 808 ad
1501 752 1912 823 signiﬁcandam
1946 753 2063 822 ejus
2100 756 2537 822 perversitatem,
2578 767 2633 815 et
2660 760 2841 838 magni
2887 761 3033 816 illius
3055 762 3154 816 viri
3186 763 3467 820 virtutem.

541 854 711 911 XXX.
740 854 1005 909 Similiter
1021 861 1203 907 autem
1222 866 1319 921 pro
1336 849 1719 904 ecclesiasticis
1740 864 1954 919 quoque
1966 863 2054 902 re-

2228 852 2309 907 A'.
2338 853 2434 917 Τίς
2459 855 2517 907 δὲ
2544 856 2643 926 τὴν
2668 856 2809 929 ὑπὲρ
2846 858 2955 911 τῶν
2986 859 3458 930 ὲκκλησιαστικῶν
3496 863 3752 918 κανόνων

469 949 610 1023 gulis
628 949 892 1009 studium,
911 955 968 1001 et
985 960 1144 1012 quem
1169 959 1268 1014 pro
1292 942 1423 1012 ipsis
1448 942 1683 996 habebat
1708 943 1907 1006 zelum,
1933 942 2053 995 sin-

469 1041 696 1113 gulatim
735 1038 954 1108 quidem
983 1051 1146 1091 nemo
1178 1042 1358 1105 potest
1379 1034 1676 1103 explicare.
1719 1032 1829 1088 Sed
1870 1041 2053 1086 tamen

470 1138 577 1191 huc
607 1148 827 1209 quoque
880 1131 1089 1201 paucis.
1112 1128 1289 1199 quoad
1314 1127 1432 1197 eius
1464 1126 1579 1181 fieri
1599 1134 1800 1196 potest,
1822 1123 2053 1179 conabi-

470 1227 917 1290 murostendere,
939 1235 1194 1293 tanquam
1215 1221 1524 1274 universam
1542 1234 1737 1289 aquam
1766 1217 1932 1271 fontis
1958 1231 2054 1286 per
2090 1254 2093 1265 .

473 1318 748 1373 modicum
810 1316 1095 1370 ﬂuentum.
1179 1312 1316 1369 Cum
1379 1310 1525 1367 enim
1580 1306 2052 1377 Constantinopoli

469 1409 660 1464 Asiani
701 1406 940 1478 episcOpi
982 1420 1215 1461 numero
1245 1402 1433 1474 viginti
1480 1402 1588 1457 duo
1631 1417 1756 1456 cum
1789 1401 1892 1456 hoc
1938 1414 2055 1454 ma-

470 1516 579 1571 gno
613 1500 870 1569 pontiﬁce
900 1497 1252 1552 considerent
1294 1493 1462 1566 [Ann.
1495 1493 1646 1562 400],
1686 1501 1912 1563 repente
1943 1507 2052 1547 uno

470 1592 823 1646 sabbatorum
852 1588 1146 1660 episcopus
1175 1588 1398 1658 quidam
1434 1584 1894 1655 Valentinopolis,
1949 1600 2053 1641 no—

467 1685 614 1737 mine
647 1682 935 1746 Eusebius,
976 1696 1041 1736 ex
1074 1681 1201 1735 odio
1237 1679 1304 1734 ad
1366 1679 1515 1733 illum
1544 1678 1831 1739 accedens,
1865 1692 2054 1748 porre-

467 1776 545 1830 xit
575 1775 786 1830 libellos
808 1775 1049 1845 Synodo,
1077 1773 1349 1844 quierant
1396 1772 1658 1826 adversus
1688 1769 2049 1832 Antoninum,

468 1867 560 1938 qui
590 1878 719 1921 tunc
746 1866 1076 1935 Ephesinam
1120 1866 1305 1920 sedem
1353 1862 1792 1942 administrabat.
1849 1862 2053 1916 Deinde

468 1961 631 2014 etiam
672 1960 910 2014 maximo
954 1967 1302 2014 sacramento
1340 1958 1508 2029 adigit
1548 1972 1806 2028 magnum
1850 1956 2053 2011 Christi

467 2051 806 2122 pontificem.
829 2067 889 2106 ea
916 2068 1038 2120 qua:
1066 2051 1191 2106 data
1244 2050 1481 2113 fuerant,
1511 2066 1621 2104 non
1651 2049 1844 2103 leviter
1897 2057 1953 2103 et
1994 2048 2052 2103 in

466 2145 702 2200 tr.:nsitu
739 2153 1120 2210 tractaturnm,
1152 2143 1248 2199 sed
1278 2143 1347 2197 ad
1376 2141 1838 2196 examinationem
1860 2156 2051 2211 quam-

465 2237 700 2305 primum
730 2226 1113 2290 deducturum.
1148 2235 1369 2303 Septem
1396 2244 1576 2287 autem
1606 2232 1877 2301 capitibus
1896 2247 2049 2287 com-
2090 2211 2134 2267 Β

464 2330 739 2401 prehensa
773 2337 890 2383 erat
918 2335 1027 2382 tota
1088 2328 1383 2382 accusatio.
1412 2326 1501 2381 Sic
1540 2335 1724 2381 autem
1773 2325 2008 2379 habebat
2036 2343 2050 2381 :

466 2420 649 2476 Sacris
684 2419 827 2473 vasis
858 2419 1116 2489 pretiosis
1147 2418 1548 2481 transmutatis,
1593 2431 1784 2472 eorum
1822 2418 2050 2471 materia

468 2528 630 2567 nsum
667 2527 785 2566 esse
810 2511 876 2566 ad
904 2526 1055 2576 vasa,
1103 2527 1221 2580 qum
1277 2511 1398 2580 ejus
1457 2519 1511 2564 et
1567 2509 1658 2563 ﬁlii
1702 2509 1784 2563 sui
1836 2494 2060 2564 fuerunt

472 2613 800 2674 nuncupata.
830 2604 1065 2658 Marmor
1090 2619 1283 2657 rursus
1333 2604 1616 2673 accepisse
1648 2618 1713 2658 ex
1755 2602 1904 2656 aditu
1958 2603 2060 2657 ba-

471 2695 721 2765 ptisterii,
755 2704 809 2749 et
842 2694 1031 2749 audaci
1066 2709 1231 2747 manu
1265 2705 1319 2748 et
1366 2702 1549 2748 tuente
1609 2694 1663 2747 in
1720 2694 1915 2747 balneo
1958 2708 2059 2747 suo

469 2787 813 2857 deposuisse.
875 2787 1196 2851 Columnas,
1245 2801 1367 2855 quae
1426 2785 1590 2856 iunge
1643 2792 1771 2841 ante
1811 2794 2059 2855 tempore

469 2880 611 2934 intra
646 2880 907 2947 templum
935 2877 1159 2933 fuerant
1194 2878 1467 2944 reposita},
1515 2878 1567 2932 in
1622 2893 1723 2933 suo
1758 2880 2058 2935 collocasse

470 2971 733 3027 triclinio.
761 2971 931 3025 Suum
975 2971 1145 3025 lilium
1173 2971 1339 3026 caedis
1374 2986 1550 3034 reum,
1588 2985 1693 3025 non
1740 2972 1927 3025 divina
1954 2988 2058 3033 nec

468 3065 707 3121 humana
764 3064 1084 3131 reveritum,
1136 3079 1264 3119 eum
1333 3079 1431 3119 sua
1491 3063 1658 3118 nimia
1731 3064 2058 3120 auctoritate

469 3172 800 3213 conservare
827 3154 1319 3225 adhuc-immotum
1343 3158 1397 3211 in
1426 3158 1741 3212 diaconatu.
1814 3158 2048 3226 Praedia,

470 3251 667 3322 inquit.
699 3268 730 3306 a
764 3252 1019 3318 Basilina,
1066 3268 1186 3321 quae
1227 3261 1348 3306 erat
1394 3240 1568 3306 mater
1595 3252 1797 3307 ,ιιιίὶαηί
1849 3253 2058 3308 abomi-

468 3345 635 3400 nandi
671 3344 1039 3414 imperatoris,
1063 3344 1323 3399 Ecclesia‘
1364 3348 1684 3399 conSecrata
1716 3346 2053 3422 vendidisse,

467 3448 522 3493 et
547 3438 782 3509 pretium
808 3437 909 3491 sibi
944 3451 1259 3506 usurpasse.
1315 3436 1455 3491 Cum
1497 3437 1651 3492 uxori
1710 3453 1808 3492 sua
1860 3448 2056 3508 sponte

2163 945 2417 1016 σπουδὴν,
2446 948 2538 1000 καὶ
2562 947 2620 1000 ὃν
2650 949 2791 1021 ὑπὲρ
2820 950 2998 1004 αὐτῶν
3023 944 3136 1021 aiis
3164 952 3348 1023 ζῆλον,
3398 930 3538 1006 κάτά
3573 953 3752 1025 μέρος

2161 1035 2396 1108 φράσοις
2456 1039 2598 1112 πλὴν
2652 1042 2793 1096 ἀλλά
2844 1042 2940 1096 καὶ
2989 1043 3194 1117 ταύτην
3241 1042 3311 1098 δι’
3354 1044 3550 1111 όλίγων
3577 1045 3753 1099 τινῶν

2127 1208 2131 1213 ⁸
2160 1128 2464 1196 ἀποδεῖξαι,
2494 1130 2574 1195 ὡς
2597 1125 2708 1185 οἷόν
2742 1149 2823 1199 τε,
2870 1132 3270 1204 πειρασόμεθα,
3302 1133 3492 1207 ὥσπερ
3538 1136 3602 1206 δὴ
3649 1134 3753 1190 διὰ

2163 1220 2379 1288 μικρῶν
2418 1222 2680 1291 ναμάτων
2722 1222 2843 1276 ὅλον
2866 1223 3010 1294 ὕδωρ
3043 1224 3250 1296 πηγῆς.
3298 1226 3457 1280 Κατά
3484 1227 3593 1299 γὰρ
3640 1225 3755 1298 τὴν

2159 1312 2576 1367 Κωνσιαντίνου
2615 1314 2709 1369 τοῦ
2739 1316 2981 1385 μεγάλου
3009 1317 3167 1370 πόλιν
3205 1318 3470 1372 ’Δσιανῶν
3518 1317 3757 1373 ἐπισκό-

2160 1418 2278 1454 πων
2312 1402 2406 1456 δύο
2433 1403 2526 1456 καὶ
2575 1405 2750 1458 εἴκοσι
2802 1408 2894 1459 τὸν
2926 1406 3162 1477 ἀριθμὸν
3184 1406 3378 1472 ὄντων,
3410 1408 3663 1479 ἀρχιερεῖ
3685 1425 3756 1461 τε

2158 1494 2334 1565 τούτῳ
2384 1496 2462 1567 τῷ
2499 1495 2719 1568 μεγάλῳ
2777 1498 3229 1569 συνεδρευόντων,
3261 1501 3416 1568 ἀφνω
3461 1503 3592 1570 μιᾶς
3634 1500 3755 1554 τῶν

2161 1589 2448 1642 σαϐϐάτων
2502 1590 2762 1653 Εὑσέϐιός
2790 1608 2875 1654 τις
2905 1592 3474 1656 Οὐαλεντινουπόλεως
3519 1593 3755 1646 ἐπίσκο-

2159 1696 2262 1745 πος
2312 1680 2599 1753 παρελθὼν
2649 1684 2732 1746 είς
2773 1683 2997 1753 μέσους,
3042 1683 3323 1747 λιϐέλλους
3365 1685 3647 1738 ἐπιδίδωσι
3675 1686 3753 1754 τῇ

2161 1774 2386 1844 συνόδῳ.
2434 1775 2591 1827 Κατά
2627 1774 2945 1832 ’Λντωνίνου
3011 1775 3069 1828 δὲ
3113 1771 3253 1846 ἦσαν
3285 1770 3430 1829 οὗτοι
3486 1774 3581 1829 τοῦ
3643 1775 3755 1843 τῆς

2171 1866 2398 1934 Ἐφέσου
2436 1868 2528 1919 τὸν
2590 1865 2778 1937 θρόνον
2821 1867 3121 1929 διέποντος.
3155 1863 3288 1919 Εἶτα
3334 1871 3428 1920 καὶ
3471 1868 3619 1937 ὅρκῳ
3650 1866 3758 1918 τὸν

2159 1956 2399 2025 Χριστοῦ
2432 1957 2605 2026 μέγαν
2639 1956 2902 2027 ἀρχιερέα
2950 1957 3195 2028 μεγίστῳ
3227 1957 3639 2026 καταλαμϐάνει
3674 1958 3755 2010 τὰ

2158 2048 2378 2101 δοθέντα
2404 2048 2577 2101 ταῦτα
2618 2049 2693 2119 μὴ
2746 2049 3011 2118 παριδεῖν,
3044 2048 3161 2102 ἀλλ’
3192 2050 3275 2101 ὅτι
3332 2049 3563 2118 τάχιστα
3604 2048 3757 2118 πρὶς

2160 2140 2410 2207 ἐξέτασιν
2460 2143 2727 2209 ἐνεγκεῖν.
2772 2142 2859 2194 Ἐν
2884 2140 3037 2194 -ἑπτά
3092 2140 3149 2193 δὲ
3180 2139 3498 2210 κεφαλαίοις
3529 2138 3767 2201 τούτοις·

2160 2238 2220 2291 τὸ
2268 2239 2375 2291 πᾶν
2423 2238 2748 2309 συνείληπτο
2796 2239 2894 2309 τῆς
2926 2237 3293 2308 κατηγορίαςο
3322 2232 3436 2306 εἶχε
3466 2235 3524 2289 δὲ
3556 2233 3705 2288 οὕτω
3730 2250 3749 2267 ⁸

2160 2332 2438 2402 Κειμήλια
2490 2331 2612 2402 ἱερά
2673 2331 3250 2402 μετασκευασάμενος,
3299 2332 3365 2400 τῇ
3420 2329 3600 2383 αὐτῶν
3641 2328 3756 2399 ὕλῃ

2162 2424 2332 2494 σκεύη
2357 2424 2637 2493 ποιήσειεν
2662 2424 2809 2493 αὖτῷ
2831 2441 2889 2477 τε
2911 2424 3007 2477 καὶ
3031 2423 3106 2492 τῷ
3126 2420 3225 2492 υἱῷ
3247 2421 3751 2492 κατωνομασμὲνα.

2159 2514 2505 2584 Μαρμάρους
2552 2509 2710 2576 αὖθις
2770 2515 2869 2581 τῆς
2926 2513 3136 2565 εἰσόδου
3196 2513 3294 2580 τῆς
3348 2508 3755 2581 κολυμϐήθρας

2159 2604 2359 2670 λαϐὼν,
2388 2606 2639 2676 τολμηρᾷ
2662 2606 2804 2675 χειρὶ
2825 2603 2904 2674 τῷ
2926 2604 3120 2657 ἑαυτοῦ
3151 2604 3421 2674 κατέθηκε
3451 2602 3750 2673 βαλανείῳ.

2161 2699 2363 2761 Κίονας
2396 2700 2527 2751 εἴσω
2555 2698 2650 2750 τοῦ
2685 2696 2855 2769 ἱεροῦ,
2887 2696 3057 2758 πολὺς
3084 2695 3144 2759 ἐξ
3181 2690 3243 2750 οὗ
3273 2697 3484 2767 χρόνος,
3517 2696 3754 2749 ἀποκει-

2162 2793 2380 2864 μένους,
2415 2791 2494 2861 re?)
2523 2790 2692 2845 αὑτοῦ
2742 2791 2929 2858 ἔλεγεν
2990 2786 3599 2859 ὑποστῆσαιπρικλίνῳ.
3640 2786 3761 2840 Τὸν

2160 2885 2274 2938 υἱὸν
2304 2884 2390 2937 τὸν
2412 2884 2607 2937 ἑαυτοῦ
2640 2884 2802 2952 φόνου
2818 2882 3110 2953 φεύγοντα,
3132 2883 3191 2937 οὔ
3222 2881 3362 2946 θεῖα,
3389 2881 3491 2935 οὐκ
3527 2878 3753 2952 ἀνθρὼ-

2162 2993 2291 3030 πινα
2321 2975 2528 3039 δείσας,
2553 2974 2697 3027 κατά
2732 2973 2934 3044 πολλὴν
2957 2967 3113 3035 οὗτος
3152 2972 3251 3043 τὴν
3308 2972 3518 3042 τόλμαν
3553 2969 3751 3038 ἀκίνη-

2158 3086 2250 3122 τον
2288 3069 2344 3121 ὲν
2374 3070 2442 3138 τῇ
2497 3068 2746 3138 διακονίᾳ
2790 3067 2958 3120 εἰσέτι
2988 3067 3254 3136 διατηρεῖ.
3288 3064 3499 3137 Χωρία,
3554 3063 3754 3133 φησὶν,

2162 3163 2267 3216 ὑπὸ
2303 3161 2584 3231 βασιλίνης
2609 3161 2709 3230 τῆς
2738 3161 2945 3231 μητρὸς
2980 3157 3269 3213 Ἰουλιανοῦ
3324 3158 3419 3213 τοῦ
3468 3156 3753 3211 ἀπευκτό-

2159 3272 2295 3308 τατα
2320 3253 2737 3324 βασιλεύσαντος
2758 3251 3163 3323 καθιερωθέντα
3179 3255 3244 3319 τῇ
3283 3249 3605 3320 Ἐκκλησίᾳ,
3631 3266 3755 3301 πω-

2158 3346 2333 3417 λήσας
2367 3342 2521 3408 οὗτος
2546 3344 2862 3409 ὲξιδιὼσατο
2894 3344 2991 3407 τάς
3018 3346 3206 3414 τιμάς.
3237 3344 3315 3413 Τῇ
3349 3344 3566 3413 γαμετῇ
3600 3330 3755 3396 κατὰ

2158 3439 2386 3509 γνώμην
2417 3436 2833 3507 ἀποταξάμενος
2874 3436 3159 3508 πρότερον,
3191 3435 3353 3489 πάλιν
3380 3436 3520 3506 αὐτῇ
3557 3434 3756 3487 συνέλ-

467 3530 625 3600 prius
648 3528 1044 3593 renuntiasset,
1102 3544 1224 3583 cum
1255 3544 1318 3584 ea
1348 3545 1538 3584 rursus
1591 3529 1851 3595 coivisse,
1910 3538 1965 3584 et
1987 3545 2050 3584 ex

2162 3533 2266 3592 θοι,
2318 3530 2412 3585 καὶ
2465 3530 2674 3585 παίδων
2713 3530 2899 3601 πατὴρ
2931 3530 2991 3595 ἐξ
3041 3531 3211 3600 αὐτῆς
3261 3530 3495 3598 γένοιτο.
3536 3528 3604 3583 Ἦ
3650 3530 3761 3581 ἐπὶ

465 3639 529 3676 ea
561 3621 699 3677 ﬁlios
722 3621 1059 3691 suscepisse.
1114 3620 1207 3675 llis
1251 3622 1509 3677 omnibus
1558 3623 1715 3677 malis
1763 3624 2058 3679 accedebat

469 3713 587 3768 hinc
607 3712 845 3777 coronis,
878 3711 1047 3782 quod,
1074 3720 1337 3781 tanquam
1394 3714 1464 3766 sit
1498 3713 1705 3767 licitum
1739 3723 1792 3768 et
1824 3715 2056 3784 permis-

468 3822 610 3870 sum,
639 3822 771 3861 auro
794 3806 993 3861 vendat
1015 3806 1397 3876 episcoporum
1429 3807 1824 3871 ordinationes,
1853 3809 2059 3865 adeout

469 3901 707 3967 najores
745 3899 897 3963 ﬁzzn‘t,
923 3900 1015 3970 qui
1054 3900 1176 3969 plus
1207 3900 1451 3969 prmbent
1480 3903 1753 3970 pecuniae.
1816 3901 1898 3955 Ad
1938 3900 2057 3958 hinc

470 3995 633 4049 homo
662 3994 757 4048 Dei
789 3994 995 4062 placide
1025 3994 1319 4048 admodum
1358 4004 1414 4048 et
1436 3995 1726 4064 tranquille
1765 4012 1778 4046 :
1834 3993 2053 4059 Frater,

469 4088 665 4156 inquit,
719 4086 940 4150 Eusebi,
990 4086 1077 4148 iis,
1126 4100 1246 4156 qua}
1304 4098 1526 4156 propter
1580 4087 1746 4141 animi
1813 4088 2053 4143 dolorem

471 4180 628 4243 ﬁunt,
658 4179 1101 4233 accusationibus
1162 4178 1397 4232 maxima
1442 4170 1508 4234 ex
1548 4189 1701 4249 parte
1752 4195 1864 4234 non
1926 4189 2058 4234 sunt

471 4270 659 4327 faciles
690 4272 1062 4341 probationes.
1096 4270 1378 4325 Mittamus
1402 4286 1530 4341 ergo
1562 4272 1615 4324 in
1643 4272 1862 4341 scriptis
1891 4287 2056 4326 accu-

471 4379 592 4419 Sare
621 4365 980 4423 Antoninum,
1013 4379 1139 4418 cum
1164 4363 1370 4418 doloris
1399 4380 1592 4418 causas
1633 4367 1909 4433 possimus
1959 4380 2057 4419 cu—

391 4509 396 4515 .
471 4473 594 4513 rare
628 4458 861 4513 facilius.
894 4456 1030 4513 Cum
1062 4458 1106 4511 is
1141 4466 1324 4510 autem
1358 4467 1587 4527 repente
1632 4458 1817 4512 verbis
1869 4467 2055 4513 utere-

394 4530 402 4544 ³
473 4563 561 4609 tur
608 4554 932 4617 acrioribus,
985 4560 1040 4607 et
1082 4552 1557 4622 impudentissime
1626 4553 1941 4617 allirmaret,
1996 4569 2057 4609 se

471 4647 619 4703 nulla
676 4645 844 4700 animi
911 4644 1324 4716 perturbatione
1405 4655 1638 4711 motum,
1692 4644 1787 4699 sed
1828 4647 2057 4701 veritate

471 4738 655 4795 omnia
706 4753 987 4801 accusare,
1030 4736 1123 4792 dat
1171 4737 1366 4793 beatus
1423 4736 1667 4792 Joannes
1710 4736 1892 4792 locum
1941 4738 2054 4802 ira,

469 4831 769 4887 arbitratus
816 4829 1127 4886 inimicitias
1181 4845 1305 4885 esse
1356 4845 1577 4885 causam
1640 4829 2052 4886 accusationis:

2159 3624 2370 3688 τούτοις
2402 3626 2538 3678 πᾶσι
2571 3626 2684 3688 τοῖς
2713 3626 2905 3689 κακοῖς
2935 3624 3190 3695 κορωνὶς,
3224 3624 3307 3677 ὅτι
3339 3624 3412 3687 ὡς
3436 3623 3584 3694 νόμῳ
3609 3624 3756 3692 χρῆ-

2158 3735 2249 3771 ται
2279 3718 2375 3771 καὶ
2398 3717 2653 3787 δόγματι,
2689 3716 2918 3787 χρυσίου
2946 3716 3046 3780 τὰς
3076 3716 3188 3770 τῶν
3214 3716 3530 3769 ἐπισκόπων
3562 3730 3753 3785 χειρο-

2157 3812 2339 3877 τονίας
2372 3815 2593 3877 πωλεῖν,
2629 3813 2738 3867 τῶν
2772 3811 3036 3884 μειζόνων
3065 3810 3188 3880 (φεῦ
3226 3810 3268 3883 ι)
3299 3811 3601 3881 γινομένων
3634 3809 3755 3863 τῶν

2160 3904 2380 3959 πλείονα
2409 3907 2782 3977 παρεχόντων.
2816 3904 2959 3975 Πρὸς
2994 3904 3168 3957 ταῦτα
3219 3903 3311 3957 τὸν
3342 3904 3437 3956 τοῦ
3468 3902 3603 3955 Θεοῦ
3651 3902 3753 3956 ἄν·

2159 4000 2377 4071 θρωπον
2427 4000 2617 4070 πράως
2653 4016 2771 4062 πως
2820 3999 2884 4052 ἂν
2932 3997 3109 4060 εἴποις
3157 3996 3251 4048 καὶ
3317 3994 3599 4065 γαληνῶς,
3649 3994 3751 4047 ’Δ-

2154 4091 2336 4159 δελφὲ,
2408 4092 2598 4159 φάναι,
2659 4088 2906 4154 Εὑσὲϐιε,
2958 4090 3081 4151 ταῖς
3144 4086 3232 4140 διά
3288 4084 3467 4158 λύπην
3498 4101 3747 4156 κατηγο-

2161 4184 2303 4254 ρίαις
2359 4183 2416 4237 αἱ
2474 4182 2778 4249 ἀποδείξεις
2828 4182 2931 4234 οὐκ
2985 4181 3252 4255 εὐ’χερεῖς.
3307 4181 3428 4251 Χρὴ
3475 4174 3569 4232 οὖν
3600 4180 3750 4231 ἁπο-

2160 4276 2354 4345 στῆναι
2385 4274 2479 4328 τοῦ
2532 4275 2828 4343 ἐγγράφως
2885 4276 3216 4343 κατηγορεῖν
3262 4271 3600 4334 Ἀντωνῖνον,
3642 4271 3748 4332 τὰς

2156 4368 2258 4436 τῆς
2308 4367 2485 4437 λύπης
2553 4367 2736 4429 αἰτίας
2783 4368 2912 4437 ῥᾷον
2960 4365 3145 4419 ίᾶσθαι
3196 4366 3516 4435 δυναμένων
3556 4364 3744 4433 ἡμῶν.

2158 4461 2266 4517 Τοῦ
2296 4461 2353 4514 δὲ
2404 4460 2585 4539 λόγοις
2637 4460 2995 4531 θερμοτέροις
3044 4459 3354 4529 χρωμένου,
3408 4458 3502 4511 καὶ
3532 4453 3746 4526 ίταμώ-

2156 4571 2295 4606 τατα
2346 4551 2770 4622 διατεινομένου,
2806 4552 2977 4621 μηδὲν
3019 4552 3159 4605 κατά
3200 4549 3392 4613 πάθος,
3436 4548 3570 4602 ἁλλά
3603 4547 3746 4619 πρὸς

2156 4646 2418 4717 ἀλήθειαν
2476 4644 2654 4701 πάντα
2708 4646 3042 4716 κατηγορεῖν
3089 4643 3277 4696 δίδωσι
3304 4642 3469 4695 τόπον
3495 4642 3524 4694 ό
3558 4641 3740 4711 μακά-

2160 4756 2274 4810 ριος
2304 4742 2370 4810 τῇ
2398 4738 2561 4810 ὀργῇ,
2582 4738 2881 4807 ἀπέχθειαν
2912 4734 3052 4791 εἶναι
3078 4736 3237 4801 δόξας
3271 4738 3370 4804 τῆς
3403 4732 3745 4803 κατηγορίας

2159 4834 2259 4905 τὴν
2284 4832 2580 4902 πρόφασιν,
2606 4831 2701 4884 καὶ
2723 4829 2934 4884 Παῦλον
2953 4828 3049 4882 τὸν
3084 4827 3413 4899 Ἡρακλείας
3442 4825 3744 4879 ἐπίσκοπον

469 4933 525 4977 et
575 4938 700 4977 cum
744 4921 973 4976 Paulum
1047 4920 1320 4978 Heraclea:
1378 4922 1696 4992 episcopum
1750 4920 2057 4991 (videbatur

2165 4892 2361 4999 (ἐδόκει
2397 4892 2506 4997 γάρ
2565 4892 2724 4988 οὗτος
2787 4923 2980 4988 φιλίως
3025 4892 3172 4993 ἔχειν
3220 4923 3358 4994 πρὸς
3399 4918 3742 4987 Ἀντωνῖνον)

471 5016 618 5070 enim
670 5014 718 5069 is
756 5015 894 5070 bene
949 5014 1089 5069 velle
1133 5015 1437 5084 Antonino)
1492 5025 1757 5085 rogasset,
1806 5025 1865 5070 ut
1917 5017 2060 5074 inter

473 5116 763 5177 utrumque
793 5123 981 5177 pacem
1015 5109 1353 5172 conciliaret,
1383 5123 1612 5179 surgens
1659 5108 1937 5178 ingressus
1975 5120 2060 5167 est

472 5201 528 5257 in
567 5200 828 5270 templum
853 5219 864 5253 :
895 5209 1111 5270 tempus
1127 5199 1272 5255 enim
1295 5199 1854 5255 vocabatcelebrandi
1884 5201 2057 5257 divini

472 5293 744 5364 mysterii.
791 5293 897 5347 Sed
935 5294 1053 5349 haec
1091 5309 1159 5348 ne
1196 5293 1483 5347 minimum
1519 5292 1740 5361 quidem
1771 5294 2058 5364 placebant

473 5381 736 5447 Eusebio,
766 5397 946 5451 neque
976 5383 1226 5436 cessabat
1254 5382 1324 5437 ab
1351 5382 1652 5437 inimicitiis
1685 5401 1699 5437 :
1744 5385 1840 5439 sed
1895 5386 2056 5442 vehe-

471 5484 686 5530 menter
712 5473 1075 5529 invehebatur
1096 5474 1150 5527 in
1173 5474 1529 5538 Antoninum,
1556 5483 1609 5530 et
1623 5491 1818 5544 magno
1848 5476 1901 5529 in
1930 5493 2055 5532 eum

472 5565 752 5622 ferebatur
780 5567 1009 5636 impetu.
1053 5565 1328 5621 Incertum
1359 5578 1566 5632 autem,
1603 5570 1880 5636 quomodo
1922 5570 2057 5625 fuis-

473 5666 558 5712 set
590 5658 647 5711 in
682 5672 807 5712 eum
833 5668 1037 5722 motus,
1069 5667 1124 5713 et
1155 5676 1391 5730 quonam
1444 5661 1612 5715 animi
1663 5669 1815 5716 motu
1864 5661 2060 5718 fuisset

475 5748 754 5813 incitatus.
782 5750 970 5821 itaque
1022 5754 1309 5818 accedens,
1351 5754 1585 5809 alterum
1623 5770 1819 5825 magno
1844 5755 2055 5812 ,Joanni

479 5835 637 5889 tradit
661 5837 906 5895 libellum
932 5842 1240 5911 cujuserat
1271 5846 1460 5901 eadem
1483 5862 1607 5901 cum
1631 5847 1795 5917 priori
1831 5855 2050 5903 senten-

483 5924 578 5978 tia.
611 5923 878 5987 Praeterea
898 5941 1080 5989 autem
1114 5952 1305 5993 rursus
1329 5954 1548 6012 quoque
1573 5936 1860 5996 horrendis
1881 5940 2049 6013 adigit

2158 5020 2225 5073 τά
2254 5018 2391 5089 πρὸς
2455 5018 2686 5089 εἰρήνην
2713 5017 2801 5070 ἐπ’
2826 5015 3176 5085 ἀμφοτέρους
3198 5010 3742 5085 διαπρεσϐεύσασθαι

2156 5110 2417 5177 ἀξιώσας,
2442 5110 2683 5170 ἀναστὰς
2712 5108 2792 5171 εἰς
2824 5108 2887 5160 τὸ
2913 5107 3059 5178 ἱερὸν
3087 5107 3335 5160 είσεισιν.
3375 5103 3594 5157 Ἐκάλει
3631 5102 3743 5175 γὰρ

2155 5202 2184 5254 ὁ
2224 5202 2415 5271 καιρὸς
2476 5200 2578 5266 τῆς
2633 5199 3043 5269 μυσταγωγίας.
3108 5197 3249 5250 Ἀλλ’
3299 5197 3402 5250 οὐκ
3441 5191 3512 5267 ἦν
3567 5194 3743 5249 ταῦτα

2157 5295 2253 5350 καὶ
2314 5292 2559 5363 Εὐσεϐίῳ
2612 5292 2939 5361 ἀρέσκοντα,
2967 5291 3078 5345 οὐδ’
3106 5290 3301 5361 ἔληγεν
3348 5290 3566 5362 ἔχθρας,
3602 5290 3742 5346 ἀλλά

2157 5388 2324 5451 πολὺς
2353 5383 2421 5456 ἦν
2467 5385 2608 5440 κατὰ
2665 5386 2984 5440 ’Δντωνίνου
3036 5385 3360 5455 φερόμενος,
3414 5387 3511 5439 καὶ
3561 5387 3742 5455 ὁρμῆς

2155 5481 2387 5551 ἀσχέτου
2419 5480 2513 5532 καὶ
2535 5480 2709 5549 φορᾶς
2738 5477 3014 5548 ἔμπλεωςο
3047 5478 3239 5547 ἄδηλον
3265 5479 3467 5548 μέντοι,
3500 5478 3649 5542 ὅπως
3672 5477 3740 5547 δὴ

2154 5574 2276 5627 κατ’
2335 5571 2501 5625 αὑτοῦ
2557 5570 2835 5641 κεκίνητο,
2890 5572 2985 5624 καὶ¹
3036 5572 3142 5624 τίνι
3199 5571 3361 5626 πάθει
3411 5570 3507 5641 τὴν
3560 5570 3741 5641 ψυχὴν

2157 5664 2574 5735 ὑπεκνισμένος.
2604 5654 2898 5734 Παρελθὼν
2926 5662 3042 5723 οὖν,
3068 5665 3163 5715 καὶ
3192 5663 3381 5733 ἓτερον
3410 5662 3487 5733 τῷ
3515 5662 3741 5736 μεγάλῳ

2157 5754 2432 5827 προτείνει
2479 5754 2706 5824 βιϐλίον,
2742 5753 2810 5806 τὰ
2846 5753 2987 5808 αὐτὰ
3019 5753 3318 5823 δυνάμενον
3352 5754 3432 5825 τῷ
3462 5752 3736 5825 προτέρῳ,

2162 5850 2255 5903 καὶ
2278 5849 2464 5919 ὅρκοις
2494 5847 2657 5900 πάλιν
2683 5847 3099 5920 καταλαμϐάνει
3126 5851 3397 5919 φρικτοίς,
3441 5850 3534 5902 καὶ
3565 5847 3737 5917 αὐτῇ)

2163 5940 2415 6013 συνείρας
2458 5940 2568 5994 τῶν
2594 5939 2859 6010 βασιλέων
2890 5940 2989 6013 τὴν
3040 5943 3335 6014 σωτηρίαν,
3380 5943 3454 6015 μὴ
3487 5941 3740 6015 παριδεῖν
