4126 6424
289 232 426 300 1121

1290 230 1368 293 Vl
1386 228 1486 290 TA
1525 228 1588 289 S.
1624 227 1952 291 JOANNIS
2009 230 2566 297 CIIRYSOSTOML

3436 231 3577 297 H22

284 341 669 409 ἀνεξέταστον.
721 340 808 407 Ὠς
842 340 937 396 οὖν
988 342 1097 398 οὐδ’
1147 342 1283 406 ὅλως
1306 341 1523 396 ἐκείνου
1568 339 1667 411 τὴν
1699 340 1879 411 ὁρμὴν

1998 348 2364 410 moramentis,
2413 345 2587 417 ipsam
2635 346 2801 402 etiam
2840 345 3147 417 adiungens
3184 345 3418 402 salutem
3473 347 3578 403 im-

283 433 564 505 καθεκτὴν
610 431 781 504 ἑώρα,
808 442 813 447 ’
842 434 938 499 καὶ
992 436 1075 489 ὅτι
1114 452 1177 505 γε
1203 434 1424 489 πάντων
1448 435 1482 504 ή
1524 433 1646 503 ὄψις
1681 432 1784 504 ἦίη
1818 433 1878 484 τὸ

285 528 525 599 πρᾶγμα
583 525 911 596 παρείληφε,
947 526 1014 581 τὰ
1042 527 1140 598 μὲν
1175 528 1295 580 Osis.
1328 526 1477 596 δῶρα
1525 527 1733 597 ἑτέροις
1787 527 1880 578 ἀν-

285 620 541 688 ενεγκεῖν
573 618 883 693 ἐπιτρέπει,
920 618 996 692 μὴ
1022 621 1218 691 κρίνας
1248 620 1394 674 ὅσιον
1418 618 1591 689 ἀκοῆς
1620 620 1882 672 τοιούτων

282 713 355 782 τῇ
385 710 597 781 διανοίᾳ
614 709 1005 779 ἐπισκηψάσης
1040 711 1420 782 παραστῆναι,
1455 711 1568 769 τοῖς
1598 708 1883 777 ἀγιάσμαο

285 817 376 855 σιν
402 817 417 833 ο
448 800 616 862 αὐτὸς
642 801 700 854 δὲ
732 800 793 854 τὸ
822 800 1028 870 βιϐλίον
1054 801 1200 873 μετά
1238 802 1431 872 χεῖρας
1454 800 1634 853 λαϐὼν
1660 799 1881 866 ἔξεισιν.

284 889 424 948 Εἶτα
437 893 515 963 τῷ
526 893 773 964 Εὐσεϐίῳ
796 893 895 964 τὴν
912 894 1094 965 ῥύμην
1114 894 1406 947 ὑπανεῖναι
1420 893 1763 962 βουλόμενος,
1784 894 1880 962 Μὴ

286 985 506 1056 νόμιζε,
563 985 691 1055 ἔφητ
722 987 804 1038 ὅτι
824 985 1039 1049 ἐξέσται
1065 1003 1150 1038 σοι
1191 986 1331 1055 μετά
1360 988 1422 1038 τὸ
1460 985 1882 1056 ἀναγνωσθῆναι

286 1079 360 1134 τὰ
380 1082 438 1133 ἐν
462 1078 620 1148 χερσὶ
644 1079 735 1131 καὶ
761 1080 953 1142 ἀκοαῖς
973 1080 1094 1143 ταῖς
1116 1078 1337 1133 πάντων
1363 1077 1885 1149 παραδοθῆναιβια-

289 1174 485 1243 φυγεῖν
517 1171 615 1241 τὴν
654 1171 955 1238 ἀπόδειξιν,
978 1171 1115 1225 Οὔτε
1140 1171 1249 1243 γὰρ
1291 1171 1594 1239 δυνάμενον
1612 1170 1885 1225 δεικνύειν

297 1251 654 1334 ὶπεὶρῨομεν,
701 1262 828 1317 ours
859 1265 916 1318 δὲ
947 1264 1020 1336 μὴ
1042 1266 1343 1334 δυνάμενον
1400 1263 1634 1334 ελκομέν
1657 1281 1715 1317 σε
1748 1264 1886 1333 πρδς

291 1356 442 1427 βίαν.
500 1359 589 1421 Ὠς
619 1358 675 1412 δὲ
714 1357 910 1429 ἐκείνῳ
964 1358 1409 1430 ἀπαραχώρητος
1439 1360 1471 1429 ἡ
1496 1357 1639 1429 ὁρμὴ
1671 1355 1760 1428 ἦν,
1792 1358 1890 1411 καὶ

296 1450 508 1519 σφόδρα
561 1450 663 1519 τὴν
716 1450 1027 1517 ἀνάγνωσιν
1092 1450 1520 1515 ὲπισπεύδουσα,
1576 1449 1792 1503 κελεύει
1828 1452 1890 1503 τ’)

298 1542 508 1612 βιϐλίον
551 1543 996 1613 ἀναγνωσθῆναι.
1055 1542 1329 1597 Χαλεπῶν
1371 1544 1428 1597 δὲ
1475 1545 1700 1598 πάντων
1748 1540 1913 1603 εἶναι,

296 1635 586 1702 δοξάντων,
626 1637 675 1688 oi
708 1636 816 1689 τῶν
866 1636 1183 1691 ἐπισκόπων
1215 1637 1315 1707 τὴν
1358 1638 1578 1707 ἡλικίαν
1612 1638 1887 1708 προήκον-

293 1744 390 1791 τες
443 1728 551 1781 ἀπὸ
576 1729 666 1781 τοῦ
690 1729 932 1799 χείρονος
962 1731 1147 1793 αὐτοῖς
1178 1724 1317 1783 εἶναι
1343 1731 1652 1800 κριθέντος,
1688 1732 1824 1801 ὅπερ
1851 1733 1883 1802 ὴ
1921 1709 1963 1762 Β

292 1820 409 1874 τῶν
460 1823 806 1890 χειροτονιῶν
842 1823 1041 1892 πρᾶξις
1061 1819 1149 1893 ἦν,
1198 1824 1456 1893 γενέσθαι
1497 1824 1597 1894 τὴν
1633 1824 1887 1888 ἐξέτασιν

294 1911 653 1983 ἐδοκίμασαν,
718 1916 1008 1986 εἰρηκότες
1052 1917 1244 1987 ῥᾳδίαν
1302 1915 1448 1971 οὕτω
1488 1923 1584 1971 καὶ
1624 1919 1889 1988 ἐπίτομον

296 2001 520 2055 ἔσεσθαι
576 2004 676 2077 τὴν
724 2005 1037 2071 διάγνωσιν.
1072 2007 1130 2058 Ei
1155 2007 1265 2077 γὰρ
1297 2008 1455 2061 τοῦτο
1486 2008 1684 2078 ἀληθὲς
1718 2009 1881 2076 ἐλεγ-

296 2092 475 2164 χθείη,
499 2094 727 2166 περιττὴ
744 2095 853 2147 τῶν
884 2095 1061 2149 ἀλλων
1087 2098 1118 2166 ὴ
1142 2096 1360 2164 ἔρευνα.
1377 2097 1440 2149 Ὀ
1459 2096 1568 2166 γὰρ
1594 2096 1686 2157 τοῦ
1711 2095 1886 2149 Ilvati-

301 2202 493 2256 ματος,
536 2188 693 2257 φησὶ,
738 2186 832 2241 τοῦ
858 2189 1018 2256 ἀγίου
1044 2190 1143 2259 τὴν
1167 2190 1377 2260 δωρεὰν
1404 2189 1565 2243 ὢνιον
1609 2189 1888 2243 ποιεῖσθαι

302 2280 379 2350 μη
403 2281 777 2350 καταπτήξας,
838 2281 1000 2353 σχολῇ
1032 2284 1083 2349 γ’
1109 2282 1177 2335 ἂν
1224 2277 1381 2345 οὗτος
1425 2281 1729 2352 κειμηλίων
1753 2282 1786 2351 ἢ
1813 2280 1894 2333 λί-

299 2370 412 2425 οων
452 2371 484 2442 ἦ
530 2373 751 2444 χωρίων
806 2374 906 2443 τῆς
963 2372 1262 2440 ἐκκλησίας
1290 2373 1571 2442 ἐφείσατο.
1626 2371 1888 2437 Συνὲδοξε

297 2464 474 2518 ταῦτα
506 2465 600 2518 καὶ
623 2466 699 2535 τῷ
728 2466 891 2537 ἁγίῳ.
935 2465 1025 2529 Ὠς
1050 2463 1145 2520 οὖν
1172 2466 1472 2536 ἐρωτηθεὶς
1500 2468 1527 2518 ὁ
1550 2464 1891 2535 ἐγκαλούμε-

299 2573 395 2621 νος
433 2556 658 2628 ἔξαρνος
689 2555 780 2631 ἦν,
827 2561 923 2613 καὶ
989 2561 1039 2614 οἱ
1101 2560 1161 2612 τὸ
1212 2560 1437 2633 χρυσίον
1476 2560 1534 2613 δὲ
1583 2561 1891 2630 παρασχεῖν

300 2650 650 2719 είσαγόμενοι
685 2652 775 2703 καὶ
806 2651 961 2703 αὐτοὶ
997 2650 1097 2723 τὴν
1125 2652 1274 2705 δόσιν
1298 2652 1623 2718 ἀπείπαντο,
1655 2655 1893 2721 ἐπέμενε

302 2742 400 2796 καὶ
423 2740 654 2815 οὓτωςὴ
688 2743 951 2808 ἐξέτασις.
976 2746 1072 2799 καὶ
1113 2746 1437 2816 παρέτεινεν
1469 2742 1575 2809 ἕως
1620 2746 1721 2817 ἤδη
1775 2746 1894 2800 κλι-

304 2835 508 2905 νοὺσης
554 2837 790 2909 ἡμέρας.
822 2838 1035 2901 Ἀλλως
1074 2838 1167 2892 οὖν
1200 2839 1310 2894 τῶν
1349 2837 1687 2908 κινηθέντων
1724 2838 1896 2909 λυθῆ-

298 2947 391 2984 ναι
428 2930 503 3001 μη
531 2930 868 3004 δυναμένων,
897 2934 944 2985 εἰ
978 2934 1053 3004 μὴ
1088 2933 1371 3005 μάρτυρες
1401 2931 1759 3003 παραχθεῖεν,
1801 2930 1890 3001 ἐφ’

298 3019 378 3078 ὧν
402 3025 462 3078 τὸ
487 3024 674 3080 δοῦναι
725 3027 934 3098 προέϐη
976 3027 1069 3081 καὶ
1108 3027 1167 3080 τὸ
1184 3026 1392 3092 λαῦεἴν,
1419 3026 1541 3079 ἐπεὶ
1568 3025 1662 3079 καὶ
1692 3026 1893 3088 αὐτοὺς

304 3114 449 3174 εἶναι
487 3120 588 3190 μὲν
610 3120 797 3190 ἔλεγεν
824 3123 852 3173 ὁ
881 3121 1213 3191 κατήγορος,
1256 3123 1332 3191 μὴ
1364 3122 1619 3191 παρεῖναι
1643 3120 1720 3186 δὲ,
1756 3119 1894 3190 μηδὲ

306 3211 587 3284 ἐνδημεῖν,
615 3213 644 3265 ὁ
679 3213 952 3283 μακάριος
994 3212 1132 3284 πρός
1162 3230 1222 3265 τε
1250 3213 1312 3266 τὸ
1338 3213 1579 3284 χαλεπὶν
1604 3213 1704 3283 τῆς
1731 3213 1895 3284 εὑρέ-

306 3322 466 3369 σεως,
494 3305 747 3376 καὶπρὸς
769 3307 830 3360 τὸ
857 3306 1098 3377 ἐργῶδες
1126 3306 1242 3377 ἅμα
1273 3308 1369 3360 καὶ
1393 3306 1613 3377 χρόνιον
1653 3308 1752 3376 τῆς
1786 3305 1897 3362 τῶν

306 3396 604 3470 μαρτύρων
639 3398 1039 3470 παραστάσεως
1074 3398 1286 3452 ἀπιδὼν
1311 3397 1378 3469 (ὣ
1398 3399 1497 3467 τῆς
1522 3400 1897 3472 ἀποστολικῆς

305 3477 527 3561 ἐκείνης
586 3492 682 3544 καὶ
736 3492 996 3558 γενναίας
1032 3492 1211 3562 ψυχῆς
1233 3532 1248 3556 ,
1280 3493 1375 3546 καὶ
1409 3492 1577 3563 μηδὲν
1608 3492 1756 3564 ὄκνῳ
1786 3493 1900 3548 τῶν

302 3583 620 3651 ἀναγκαίων
651 3584 1176 3655 παραχωροὲσηςῐ),
1215 3584 1378 3647 αὐτδς
1441 3585 1522 3647 εἰς
1567 3586 1668 3655 τὴν
1711 3585 1899 3639 τΑσίαν

303 3674 451 3742 εγνω
484 3674 761 3745 φοιτῆσαι,
820 3676 912 3728 καὶ
946 3675 1110 3736 αὖτις
1131 3673 1388 3742 γενέσθαι
1417 3675 1527 3728 τῶν
1559 3677 1898 3747 κινουμένων

306 3766 634 3837 ἐξεταστὴς,
650 3767 871 3837 τακερῷ
889 3768 1106 3838 σώματι
1134 3769 1231 3821 καὶ
1255 3768 1435 3831 πόνοις
1455 3768 1895 3831 τοσούτοιςκατ-

308 3860 660 3932 ειργασμένῳ
690 3858 1069 3931 ταλαιπωρίαν
1086 3858 1231 3913 οὕτω
1264 3859 1470 3931 πολλὴν
1499 3860 1897 3930 ἐκκλησιαστι-

308 3950 425 4003 κῶν
468 3951 631 4022 χάριν
676 3951 1024 4022 πραγμάτων
1081 3951 1410 4021 ὑπενεγκεῖν
1501 3948 1894 4023 προελόμενος.

319 4043 637 4107 Ἀντωνῖνος
676 4043 732 4096 δὲ
762 4044 989 4097 συνιδὼν
1019 4045 1119 4098 οὐκ
1146 4046 1226 4110 εἰς
1273 4045 1437 4099 καλὸν
1468 4047 1622 4118 αὐτῷ
1671 4047 1897 4102 ἔσεσθαι

302 4135 407 4207 τὴν
448 4136 700 4190 Ἰωάννου
740 4137 880 4207 πρὸς
924 4138 1110 4191 Ἀσίαν
1141 4138 1327 4205 ἄφιξιν
1358 4138 1498 4209 (ᾔδει
1544 4139 1676 4211 γάρ,
1707 4139 1903 4210 ῶσπερ

306 4231 481 4285 αῐτιον
524 4229 718 4285 ἑαυτὸν
775 4229 1022 4301 ἀκριϐῶς
1047 4230 1200 4295 ὂντα,
1231 4229 1404 4294 οὕτως
1439 4233 1647 4286 ἐκεῖνον
1679 4231 1900 4299 ἐλέγξαι

304 4323 371 4377 τδ
403 4324 637 4395 πρᾶγμα
681 4323 1027 4391 δυνάμενον),
1071 4322 1252 4377 πείθει
1282 4323 1408 4386 τοὺς
1440 4324 1781 4394 κρατοῦντας
1811 4325 1901 4378 διά

1981 445 2334 504 peratorum;
2362 454 2472 493 non
2502 440 2608 495 hoc
2637 439 2859 510 quidem
2894 438 3299 509 episcOpaliter,
3334 439 3430 493 sed
3461 438 3576 507 ΐοι-

1983 537 2126 583 lasse
2161 528 2417 596 civiliter,
2445 547 2516 586 ne
2588 532 2639 585 id
2674 532 2983 603 praeteriret
3030 532 3167 586 citra
3216 531 3580 587 examinatio-

1983 637 2130 677 nem.
2180 622 2315 678 Cum
2377 640 2507 695 ergo
2564 625 2791 680 vidisset
2829 625 2974 681 illius
3025 624 3294 695 impetum
3353 624 3581 680 minime

1984 730 2143 785 posse
2168 716 2433 777 cohiberi.
2461 726 2516 772 et
2549 733 2667 772 eam
2707 733 2822 772 rem
2868 717 2934 772 ad
2975 721 3219 772 omnium
3266 732 3429 775 aures
3464 718 3577 787 jam

1985 810 2325 877 pervenisse,
2364 809 2501 864 alios
2536 810 2757 881 quidem
2784 809 2941 880 jubet
2973 809 3154 865 divina
3181 812 3324 865 dona
3356 809 3576 873 offerre,

1985 916 2092 955 non
2121 900 2377 971 judicans
2417 917 2539 957 esse
2568 910 2844 966 sanctum,
2905 917 3031 956 cum
3090 916 3253 957 aures
3309 901 3580 959 incubue-

1985 995 2097 1049 rint
2192 994 2247 1047 in
2308 994 2494 1048 talium
2565 1011 2751 1050 rerum
2821 994 3234 1065 cogitationem,
3321 998 3581 1050 assistere

1986 1086 2383 1153 sanctiﬁcatis;
2417 1087 2537 1157 ipse
2564 1097 2749 1142 autem
2781 1087 2966 1142 libello
3005 1087 3059 1140 in
3105 1099 3299 1139 manus
3341 1094 3579 1155 sumpto.

1986 1179 2282 1251 egreditur.
2316 1179 2524 1235 Deinde
2549 1188 2811 1250 tanquam
2846 1180 3036 1233 volens
3079 1176 3297 1232 Eusebii
3317 1178 3582 1247 impetum

1987 1270 2329 1339 reprimere:
2370 1269 2451 1325 Ne
2490 1270 2794 1334 existimes,
2841 1270 3039 1339 inquit,
3095 1278 3386 1340 postquam
3442 1267 3583 1321 lecta

1988 1361 2213 1426 fuerint,
2238 1377 2324 1426 ea,
2351 1378 2472 1432 quae
2501 1372 2633 1417 sunt
2666 1363 2722 1416 in
2763 1364 3037 1427 manibus,
3059 1372 3112 1416 et
3140 1362 3335 1416 tradita
3358 1360 3585 1415 auribus

1990 1456 2259 1517 omnium,
2305 1463 2358 1510 te
2390 1454 2552 1509 facile
2591 1470 2753 1525 posse
2794 1453 3039 1525 eﬂugere
3083 1470 3274 1508 eorum
3307 1453 3588 1523 probatio-

1990 1563 2139 1601 nem.
2204 1548 2395 1617 Neque
2430 1548 2576 1602 enim
2628 1562 2729 1602 nos
2780 1562 2932 1609 erunt,
2962 1545 3055 1615 qui
3124 1553 3305 1615 potest
3334 1544 3586 1613 probare,

1992 1654 2244 1693 arcemus
2279 1655 2292 1693 :
2324 1654 2504 1709 neque
2531 1654 2682 1705 eum,
2713 1637 2806 1708 qui
2846 1654 2956 1691 non
3002 1647 3203 1707 potest,
3238 1636 3289 1690 vi
3321 1636 3585 1706 rapimus.
3630 1646 3635 1651 ‘

1997 1733 2134 1787 Cum
2188 1731 2277 1786 ille
2325 1741 2507 1787 autem
2572 1732 2840 1786 acerrime
2904 1732 3135 1785 instaret
3170 1740 3226 1785 et
3260 1738 3498 1801 urgeret,
3531 1738 3592 1783 ut

1998 1827 2179 1881 statim
2203 1825 2499 1896 legeretur,
2518 1825 2748 1895 przebuit
2766 1824 3076 1895 legendum.
3099 1823 3235 1879 Cum
3256 1838 3385 1878 vero
3407 1821 3591 1876 omnia

1999 1919 2110 1973 visa
2139 1927 2327 1973 essent
2356 1918 2563 1989 gravia,
2603 1917 2639 1971 ii
2670 1933 2732 1970 ex
2764 1917 3059 1986 episcopis,
3093 1916 3184 1984 qui
3226 1922 3385 1969 erant
3430 1922 3592 1967 aetate

1997 1996 2387 2082 pr‘ovcctiorcs,
2420 2011 2489 2065 ab
2524 2026 2611 2076 eo,
2644 2010 2790 2081 quod
2821 2010 2901 2064 eis
2930 2008 3235 2079 iudicatum
3269 2007 3447 2061 luerat
3469 2019 3593 2061 esse

1998 2105 2263 2166 deterius.
2308 2105 2383 2173 (id
2442 2114 2626 2158 autem
2676 2113 2795 2159 erat
2852 2102 3095 2157 venditio
3161 2098 3593 2167 ordinatinnum)

1998 2204 2309 2251 statuerunt
2330 2212 2454 2251 esse
2481 2194 2787 2249 faciendam
2812 2194 3297 2248 exaruinationcm.
3326 2191 3417 2246 Sic
3444 2191 3591 2245 enim

1999 2290 2252 2345 dicebant
2285 2306 2310 2343 s
2333 2289 2384 2344 bi
2426 2289 2637 2343 facilem
2679 2297 2735 2343 et
2781 2288 2998 2342 brevem
3026 2286 3262 2341 futuram
3294 2301 3416 2339 esse
3446 2285 3593 2354 diju-

1998 2381 2351 2436 dicationem.
2374 2379 2427 2434 Si
2447 2381 2594 2435 enim
2622 2387 2905 2434 ostensum
2928 2378 3092 2433 fuerit
3121 2378 3222 2433 hoc
3240 2392 3359 2431 esse
3378 2391 3594 2442 verum,

1999 2485 2468 2541 superi-aeaneum
2513 2467 2683 2523 fuerit
2737 2468 2842 2522 alia
2901 2466 3226 2523 examinari.
3289 2466 3393 2532 Qui
3448 2470 3595 2519 enim

2000 2562 2172 2617 sancti
2216 2561 2453 2630 Spiritus
2497 2561 2730 2631 gratiam
2785 2576 2898 2614 non
2953 2568 3038 2615 est
3086 2564 3294 2614 veritus
3346 2557 3597 2613 venalem

1999 2668 2325 2725 prepnnere,
2370 2652 2415 2706 is
2446 2651 2533 2707 vix
2585 2652 2844 2720 pretiosis
2874 2651 3020 2707 vasis
3076 2661 3171 2706 aut
3202 2650 3477 2720 lapidibus
3503 2657 3598 2703 aut
3693 2706 3702 2710 _

1999 2746 2223 2818 praediis
2279 2746 2525 2801 ecclesiae
2582 2745 2912 2817 pepercerit.
2954 2743 3081 2799 llaec
3140 2752 3333 2799 sancto
3380 2758 3597 2814 quoque

2003 2842 2115 2895 visa
2141 2847 2289 2895 sunt.
2320 2840 2459 2895 Cum
2498 2853 2629 2911 ergo
2654 2838 3025 2910 interrogatus
3057 2836 3137 2901 is,
3176 2836 3267 2906 qui
3296 2835 3595 2890 accusaba-

2005 2944 2114 2996 tur.
2165 2942 2390 3002 negaret
2425 2950 2439 2987 :
2476 2940 2531 2987 et
2579 2930 2672 3002 qui
2704 2947 2900 2985 aurum
2947 2929 3411 2985 insimulabantur
3454 2940 3617 2997 prata

2002 3025 2212 3091 buisse,
2236 3021 2339 3093 ipsi
2356 3036 2574 3093 quoque
2595 3036 2656 3076 se
2673 3019 2894 3075 dedisse
2916 3018 3316 3083 inliciarentur,
3339 3016 3420 3071 sic
3442 3027 3592 3069 man-

2001 3118 2073 3173 sit
2105 3124 2161 3171 et
2200 3114 2463 3185 producta
2491 3102 3049 3182 est’quaestio'usque
3077 3108 3143 3163 ad
3173 3107 3319 3162 diem
3364 3107 3476 3175 iam
3509 3104 3595 3159 in-

2000 3211 2318 3266 clinantem.
2351 3206 2487 3261 Cum
2507 3222 2658 3278 ergo,
2681 3222 2800 3276 qua:
2823 3213 2971 3259 mota
3000 3202 3240 3266 fuerant,
3273 3199 3411 3255 solvi
3440 3200 3601 3253 aliter

2000 3318 2112 3358 non
2141 3302 2353 3368 liceret,
2386 3299 2495 3355 nisi
2523 3308 2694 3354 testes
2720 3298 3182 3368 producerentur,
3214 3294 3417 3364 quibus
3452 3307 3596 3365 pra:-

2002 3394 2250 3452 sentibus
2279 3392 2466 3447 datum
2485 3391 2588 3446 fuit
2618 3400 2673 3446 et
2694 3398 3005 3462 acceptum.
3033 3389 3291 3460 quoniam
3314 3395 3602 3443 accusator

2001 3489 2222 3559 quidem
2259 3487 2477 3543 dicebat
2506 3500 2650 3551 eSse,
2688 3484 2783 3541 sed
2817 3499 2927 3539 non
2958 3483 3173 3546 adesse.
3221 3498 3400 3552 neque
3453 3481 3507 3535 in
3535 3494 3599 3534 ea

2002 3576 2212 3637 versari
2269 3581 2513 3651 regione,
2577 3579 2802 3633 intuens
2862 3577 3059 3631 beatus
3112 3575 3181 3630 ad
3222 3574 3603 3629 difﬁcultatem

2003 3674 2366 3737 inventionis,
2396 3679 2453 3726 et
2491 3671 2852 3726 considerans
2875 3684 3040 3738 quam
3080 3666 3313 3721 arduum
3351 3664 3597 3720 futurum

2004 3772 2151 3819 esset
2188 3778 2352 3833 Opus,
2389 3770 2443 3815 et
2471 3776 2639 3831 quam
2677 3762 2976 3814 multorum
3026 3758 3265 3821 dierum,
3311 3755 3602 3825 productio

2004 3855 2254 3919 testium,
2286 3866 2342 3920 to
2362 3852 2721 3922 apostolicam
2754 3850 2903 3905 illam
2940 3849 3204 3914 animam,
3236 3859 3292 3903 et
3320 3863 3442 3917 quae
3469 3862 3599 3916 pro-

2002 3959 2126 4021 pter
2173 3947 2483 4003 socordiam
2519 3945 2652 3999 nihil
2686 3945 2979 3999 omittebat
3024 3958 3244 4007 eorum,
3286 3958 3409 4013 qua:
3437 3949 3599 3996 erant

2003 4040 2367 4110 necessaria),
2399 4038 2593 4094 statuit
2621 4038 2739 4108 ipse
2766 4038 2959 4093 venire
2985 4035 3276 4101 inAsiam,
3308 4044 3365 4091 et
3397 4051 3457 4090 ea
3480 4049 3603 4104 qua:

2004 4136 2388 4207 movebantur,
2426 4149 2540 4189 suze
2573 4133 2743 4204 ipsius
2781 4132 2907 4188 ﬁdei
2929 4131 3165 4186 credidit
3190 4129 3554 4185 examinanda
3584 4144 3599 4183 :

2005 4229 2309 4299 ingcorpore
2330 4237 2441 4283 tam
2468 4227 2765 4298 liquelaeto
2778 4237 2835 4283 et
2863 4226 3149 4282 immensis
3169 4225 3447 4280 iaboribus
3462 4238 3564 4279 con
3576 4252 3604 4264 -

2008 4320 2174 4384 recte,
2193 4330 2398 4377 tantam
2431 4320 2783 4376 alﬂictionem
2812 4320 2998 4375 subire
3021 4319 3364 4375 constituens
3381 4327 3607 4389 propter

306 4430 455 4477 τινος
521 4413 635 4466 τῶν
687 4413 959 4484 μεγάλων,
985 4406 1048 4468 οὗ
1075 4413 1303 4473 καὶτῶν
1348 4415 1535 4487 ἀγρῶν
1591 4413 1895 4487 αὐτὸςοεῐχε

2007 4417 2225 4489 negotia
2262 4414 2652 4472 ecclesiastica.
2692 4414 3006 4499 Antoninus
3046 4421 3230 4468 autem
3262 4427 3389 4467 eum
3428 4411 3606 4465 anim-
3702 4421 3711 4432 '

307 4503 416 4575 τὴν
440 4502 784 4573 ἐπιμέλειαν,
802 4503 1161 4574 ἐπισχεθῆναι
1193 4504 1273 4576 τῷ
1308 4506 1535 4578 Ἰωάννῃ
1565 4507 1667 4578 τὴν
1695 4507 1900 4575 ἔξοδον,

309 4596 592 4666 πρόφασιν
618 4594 717 4667 τὴν
745 4595 840 4649 τοῦ
863 4596 1033 4650 Γαῖνᾶ
1072 4597 1192 4650 τότε
1223 4598 1523 4668 τυραννίδα
1548 4600 1892 4671 θορυόσῠσαν

311 4688 506 4754 εἰσέτι,
534 4687 604 4743 δι’
623 4690 690 4760 ἢν
715 4690 1027 4756 ἀναγκαίαν
1053 4687 1195 4745 εἶναι
1219 4693 1311 4745 καὶ
1341 4692 1534 4746 τούτου
1566 4696 1666 4766 τὴν
1691 4712 1905 4768 παρουο

313 4780 460 4837 σίαν.
484 4781 642 4837 Οὕτω
660 4782 764 4848 μὲν
785 4781 880 4837 οὖν
904 4786 933 4837 ὁ
961 4784 1238 4855 μακάριος
1266 4785 1365 4855 τῆς
1405 4786 1505 4856 μὲν
1535 4788 1666 4858 περὶ
1695 4788 1795 4860 τὴν
1816 4786 1906 4855 ἐξα

312 4872 526 4926 ἑλευσιν
544 4873 723 4943 ὁρμῆς
748 4873 1017 4944 εἴργεται·
1049 4877 1150 4945 τῆς
1166 4874 1396 4945 ἐρεύνης
1421 4875 1479 4929 δὲ
1507 4875 1602 4929 τοῦ
1640 4879 1905 4949 πράγμα-

311 4981 410 5028 τος
465 4965 575 5020 οὐδ’
632 4965 808 5031 οὕτως
858 4967 1180 5037 ἀφίσταται,
1232 4968 1349 5022 ἀλλ’
1374 4971 1432 5037 ὲν
1456 4972 1521 5040 τῇ
1562 4970 1767 5041 συνόδῳ
1794 4970 1906 5025 τῶν

311 5059 410 5114 δῦο
425 5060 563 5139 πρὸς
592 5064 707 5125 τοῖς
736 5060 947 5115 εἴκοσιν
987 5062 1258 5117 Ἀσιανῶν
1282 5064 1605 5118 ἐπισκόπων
1636 5065 1733 5118 καὶ
1754 5067 1906 5135 τρεῖς

312 5156 448 5226 παρ’
507 5154 702 5211 ἑαυτοῦ
759 5155 868 5209 τῶν
898 5157 1324 5228 μητροπολιτῶν
1351 5158 1777 5229 παρασχόμενος
1821 5161 1904 5222 είς

314 5248 417 5315 τὴν
456 5246 645 5301 Ἀσίαν
697 5249 999 5319 ἐκπέμπει,
1055 5250 1209 5320 παρά
1242 5267 1300 5302 τε
1329 5250 1588 5303 Εὐσεσίου
1615 5252 1709 5304 καὶ¹
1729 5243 1904 5321 οὗπερ

319 5339 485 5402 αὐτὸς
546 5342 874 5414 κατηγορῶν
904 5338 971 5412 ἦν
1011 5342 1333 5395 Ἀντωνίνου
1378 5343 1719 5413 ζητήσοντας
1759 5345 1925 5397 κατὰ.

316 5429 381 5484 ἰδ
410 5435 682 5500 προφανὲς
721 5434 1115 5504 φθεγξάμενος,
1149 5435 1245 5489 καὶ
1272 5436 1385 5497 θεὶς
1418 5437 1476 5487 ἐν
1513 5437 1625 5499 τοῖς
1650 5437 1902 5507 ὑπομνή-

319 5540 458 5594 μασι
492 5525 573 5589 τὸ,
606 5528 696 5580 τὸν
745 5529 817 5599 μὴ
844 5530 937 5581 τὸν
1003 5529 1310 5600 ὡρισμένον
1371 5528 1537 5583 τόπον
1594 5528 1751 5591 ἐντὸς
1793 5531 1903 5584 τῶν

314 5616 413 5671 δύο
462 5619 841 5675 καταλαϐόντα
894 5621 1114 5694 μηνῶν,
1179 5620 1297 5690 μεθ’
1340 5614 1415 5674 ὧν
1470 5620 1735 5691 ἑκάτερος
1788 5620 1901 5691 ἔχει

315 5710 455 5784 πρὸς
515 5711 800 5783 σύστασιν,
855 5712 1222 5785 ἀκοινώνητον
1278 5709 1438 5773 εἶναι.
1487 5714 1573 5779 Ὠς
1620 5708 1712 5769 οὖν
1743 5715 1791 5769 οἱ
1827 5714 1902 5767 δι-

2007 4510 2336 4565 advertisset
2375 4524 2486 4564 non
2514 4516 2664 4565 recte
2695 4508 2744 4563 ei
2778 4521 3064 4564 cessurum
3086 4503 3316 4561 Joannis
3338 4503 3395 4558 in
3416 4501 3600 4557 Asiam

2008 4601 2328 4670 adventum,
2357 4602 2592 4671 (sciebat
2639 4600 2808 4662 enim.
2841 4596 3119 4669 quomodo
3143 4610 3205 4650 se
3234 4594 3413 4674 ipsum
3441 4592 3611 4663 plane

2007 4711 2131 4751 esse
2167 4710 2346 4761 reum,
2407 4693 2484 4748 ita
2515 4692 2670 4747 illum
2702 4705 2869 4763 posse
2900 4695 3093 4761 aperte
3137 4684 3320 4743 omnia
3346 4682 3605 4739 .eonvin-

2007 4787 2155 4858 cere)
2189 4785 2488 4858 persuadet
2515 4782 2860 4857 imperatori,
2882 4780 3120 4853 quodam
3143 4793 3209 4833 ea
3236 4774 3454 4846 magnis
3469 4774 3609 4831 viris

2008 4881 2259 4952 adiutore
2290 4879 2378 4934 ad'
2417 4879 2523 4934 hoc
2554 4892 2708 4942 usus,
2739 4877 2899 4948 cujus
2936 4889 3193 4947 agrorum
3240 4873 3357 4953 ipse
3415 4885 3600 4927 curam

2008 4979 2352 5042 susceperat,
2397 4980 2458 5026 ut
2518 4970 2811 5026 sisteretur
2860 4967 3062 5025 Joanni
3090 4967 3291 5031 exitus,
3328 4971 3601 5036 praetextu

2005 5065 2195 5120 Gaius:
2230 5064 2552 5137 tyrannidis,
2579 5080 2702 5135 quae
2727 5063 2907 5119 adhuc
2932 5060 3300 5119 conturbabat
3326 5077 3341 5126 ;
3375 5069 3605 5130 propter

2005 5173 2171 5228 quam
2215 5172 2437 5213 causam
2468 5155 2841 5212 necessariam
2892 5170 3015 5211 esse
3046 5154 3168 5224 ejus
3223 5146 3614 5223 praesenﬁam.‘

2006 5251 2076 5306 Et
2105 5250 2185 5305 sic
2235 5250 2456 5320 quidem
2510 5258 2728 5305 arcetur
2756 5250 2953 5303 beatus
3000 5248 3092 5301 ille
3146 5262 3176 5300 a
3214 5259 3315 5299 suo
3360 5234 3615 5299 exeundi

2007 5344 2291 5415 pr0posito
2324 5362 2337 5399 :
2368 5342 2464 5398 sed
2485 5358 2555 5397 ne
2587 5344 2669 5398 sic
2693 5343 2913 5412 quidem
2949 5341 3163 5397 desistit
3211 5355 3239 5394 a
3281 5345 3602 5409 perscruta-

2009 5439 2157 5491 tione
2212 5452 2425 5499 eorum,
2488 5453 2609 5508 qua:
2635 5436 2779 5491 dicta
2817 5443 2947 5491 sunt
2982 5453 2998 5493 :
3032 5435 3127 5490 sed
3158 5435 3336 5489 accito
3388 5448 3501 5488 uno
3530 5419 3617 5488 exi

2008 5528 2113 5583 illis
2144 5529 2335 5601 viginti
2367 5530 2581 5584 duobus
2612 5528 2832 5584 Asianis
2879 5528 3171 5598 episeopis,
3204 5527 3295 5597 qui
3333 5533 3493 5581 erant
3539 5525 3598 5579 in

2010 5623 2242 5693 synodo,
2283 5630 2339 5677 et
2365 5623 2542 5677 tribus
2577 5639 2642 5677 ex
2669 5622 2757 5687 iis,
2788 5625 2880 5692 qui
2914 5630 3072 5677 erant
3102 5620 3247 5691 apud
3273 5635 3353 5684 se,
3418 5618 3594 5672 Metro

2007 5713 2289 5784 politauis,
2321 5729 2416 5771 eos
2471 5713 2640 5771 mittit
2690 5712 2747 5768 in
2780 5711 2991 5783 Asiam,
3014 5722 3341 5783 quaesuuros
3386 5708 3454 5765 de
3479 5703 3595 5765 Eu-
