4126 6442
512 223 536 286 l
553 221 652 285 lﬂ‘)

1778 199 2068 262 MENSTS
2110 198 2575 262 JANUABIUS.

3651 178 3803 244 1126

507 338 683 402 scbio,
711 344 766 392 et
796 333 864 390 de
884 347 951 388 eo
978 345 1139 403 quem
1159 329 1275 401 ipse
1294 321 1590 380 accusabat
1622 317 1902 374 Antonino
1931 334 1947 373 :
1973 330 2100 371 cum

2227 316 2466 379 ιάσοντες
2520 312 2615 368 ἐπὶ
2649 309 2834 384 χώρας
2865 304 3031 382 ἦσαν,
3071 306 3120 360 oi
3149 300 3519 372 δικαζόμενοι,
3549 296 3686 367 πρὶν
3710 298 3811 361 είς

511 430 620 486 hoc
649 434 839 498 aperte
870 423 1098 480 dixisset
1162 430 1219 476 et
1274 419 1329 474 in
1370 413 1511 470 actis
1557 409 1853 482 posuisset,
1907 416 1969 462 ut
2004 405 2097 476 qui

511 537 626 578 non
666 521 734 577 ad
768 520 947 574 locum
985 514 1353 587 praestitutum
1398 508 1539 562 intra
1571 505 1709 559 duos
1741 515 1958 557 menses
1980 514 2104 569 per-

513 615 777 677 venisset,
811 626 935 667 cum
966 609 1056 673 iis,
1080 621 1203 676 quae
1227 613 1458 671 uterque
1490 597 1722 654 habebat
1746 594 1815 649 ad
1856 608 1952 648 sua
1970 606 2102 647 con-

515 705 807 767 ﬁrmanda,
853 709 1003 758 esset
1044 693 1572 754 excommunicatus.
1630 688 1767 743 Cum
1819 701 1950 756 ergo
2010 681 2102 753 qui

519 808 678 855 erant
703 793 1024 867 iudicaturi,
1048 798 1236 844 essent
1257 788 1311 841 in
1342 785 1586 856 regione,
1618 781 1712 853 qui
1740 778 1953 850 judicio
1973 790 2108 831 con-

519 888 838 948 tendebaut,
875 882 1192 952 priusquam
1244 876 1527 932 venissent
1566 872 1622 927 in
1651 871 1938 942 judicium.
1981 880 2108 921 eum

519 983 664 1038 inter
692 994 751 1035 se
778 970 1084 1038 dedissent,
1135 973 1274 1027 alter
1307 968 1530 1040 quidem
1562 979 1779 1025 aurum,
1815 960 1951 1015 alter
1977 971 2108 1012 vero
2140 974 2145 979 ·

516 1071 921 1144 jusjurandum,
972 1081 1030 1122 se
1054 1066 1384 1120 etlecturum
1440 1066 1498 1114 ut
1531 1058 1676 1112 bono
1715 1062 1861 1107 esset
1896 1050 2104 1113 animo,

520 1138 783 1218 dilatione
831 1157 1095 1228 temporis
1124 1153 1439 1224 cogitabant
1465 1148 1678 1219 iudices
1727 1143 1936 1197 fallere.
1970 1138 2105 1193 Nam

523 1271 649 1310 eum
699 1249 1005 1308 accusatori
1036 1248 1215 1302 visum
1253 1245 1405 1299 esset
1427 1251 1644 1308 tempus
1688 1234 2016 1304 producere,
2053 1239 2110 1285 et

524 1347 604 1402 sic
630 1346 710 1401 eis
732 1344 927 1398 all‘erre
952 1339 1194 1401 taedium,
1240 1334 1478 1389 maxime
1519 1345 1643 1384 cum
1677 1327 1760 1382 eis
1806 1322 1935 1378 anni
1968 1331 2109 1376 tem-

522 1452 628 1508 pus
674 1440 859 1505 posset
924 1430 1058 1485 satis
1093 1440 1343 1496 magnam
1379 1422 1576 1477 afferre
1610 1416 1913 1472 molestiam
1973 1413 2112 1483 (erat

521 1507 669 1580 enim
700 1526 905 1577 aestatis
937 1519 1087 1574 calor
1128 1511 1701 1575 vehementissimus),
1738 1507 1879 1562 dixit
1906 1519 1965 1559 se
1997 1519 2111 1557 non

522 1632 685 1687 posse
717 1615 1020 1684 producere
1049 1616 1216 1665 testes
1246 1608 1391 1662 intra
1428 1601 1783 1675 quadraginta
1814 1598 1954 1653 dies.
1974 1595 2110 1651 Cum

2208 409 2269 461 τὸ
2324 404 2675 475 δικαστήριον
2728 399 3068 468 ἀπαντῆσαι,
3097 394 3397 455 δεδωκότες
3449 387 3732 456 ἀλλήλοις,
3775 387 3809 438 ὁ

2210 501 2310 572 μὲν
2369 497 2615 570 χρυσίον,
2648 497 2675 549 ὁ
2703 495 2758 548 δὲ
2790 494 2953 563 ὅρκον
3004 489 3103 544 καὶ
3129 489 3190 542 τὸ
3231 489 3416 538 πεῖσαι
3443 481 3669 553 θαρρεῖν
3698 477 3812 532 καὶ

2213 571 2377 663 μηδὲν
2421 589 2571 659 αὐτῷ
2629 587 2813 657 μέλειν
2875 584 2986 637 τῶν
3048 576 3453 650 προκειμένων,
3520 574 3579 626 ἐν
3616 571 3812 641 ὑπερ-

2212 684 2362 736 θέσει
2405 680 2500 734 τοῦ
2562 677 2758 747 καιροῦ
2822 675 2947 739 τοὺς
2993 670 3255 732 δικαστὰς
3283 667 3584 734 ὲσκέψαντο
3610 678 3817 731 παρα-

2212 771 2576 845 κρούσασθαι.
2621 769 2791 833 Δόξαν
2814 767 2925 835 γὰρ
2953 763 3031 835 τῷ
3057 760 3353 830 κατηγόρῳ
3381 755 3519 826 πρὸς
3548 752 3642 805 τὸν
3672 749 3819 822 χρό-

2211 883 2303 920 νον
2336 863 2536 924 αὐτοὺς
2585 857 2990 929 ἀπαγορεῦσαι,
3057 853 3236 915 ἄλλως
3268 849 3448 904 τεκαὶ
3497 847 3598 915 τῆς
3646 843 3818 914 ὧρας

2215 958 2416 1022 ἱκανῶς
2441 956 2632 1011 λυπεῖν
2665 951 2973 1021 δυναμένης
3008 947 3229 1019 (θέρους
3261 944 3368 1013 γὰρ
3390 937 3537 1012 ἦντὸ
3566 935 3821 1007 ἀκμαιό-

2213 1051 2426 1121 τατον),
2473 1050 2548 1120 μὴ
2581 1048 2735 1110 ἐντὸς
2785 1045 2896 1098 τῶν
2923 1040 3339 1112 τεσσαράκοντα
3394 1032 3621 1104 ἡμερῶν
3671 1029 3821 1111 τοὺς

2216 1146 2505 1216 μάρτυρας
2536 1141 2640 1211 ἔφη
2691 1135 2955 1192 δύνασθαι
2979 1129 3358 1204 παραστῆσαι.
3383 1126 3572 1188 Οὕτως
3605 1121 3821 1185 εἰπὼν,

2215 1214 2378 1300 αὐτὸς
2408 1214 2529 1306 μὲν
2553 1235 2621 1287 τὰ
2670 1232 2779 1284 τῶν
2817 1225 3114 1301 μαρτύρων
3169 1222 3300 1292 παρ’
3340 1218 3495 1273 οὐδὲν
3546 1214 3821 1285 θέμενος,

2213 1323 2312 1399 τὴν
2374 1301 2792 1380 Κῶνσταντίνου
2851 1315 3031 1371 λαθὼν
3079 1312 3412 1382 εἰσέρχεται.
3448 1307 3514 1361 Ol
3549 1301 3825 1359 δικασταὶ

2214 1393 2436 1489 δὲ’πρδς
2491 1417 2612 1479 ταῖς
2669 1409 3084 1482 τεσσαράκοντα
3144 1405 3240 1457 καὶ
3300 1400 3497 1471 ἐτέρας
3532 1397 3598 1462 δὴ
3649 1393 3825 1464 τριά-

2218 1486 2384 1569 κοντα
2419 1505 2860 1578 περιμείναντες,
2906 1501 3031 1555 ἐπεὶ
3061 1497 3255 1569 μηδεὶς
3288 1493 3398 1546 τῶν
3431 1486 3826 1557 ἐλπιζομένων

2223 1603 2428 1675 παρῆν,
2462 1601 2577 1654 ἀλλ’
2608 1598 2793 1667 ἀπάτη
2816 1597 2878 1649 τὸ
2904 1594 3139 1663 πρᾶγμα
3169 1586 3262 1662 ἦν,
3291 1587 3384 1640 τὸν
3415 1585 3512 1656 μέν
3540 1580 3825 1635 Εὐσέϐιον

522 1711 605 1765 sic
637 1709 882 1774 dixisset,
920 1708 1037 1777 ipse
1065 1704 1283 1775 quidem
1305 1698 1724 1771 productionem
1763 1691 1986 1747 testium
2022 1688 2109 1742 ni-

2227 1694 2627 1756 ἐπιστείλαντες
2657 1693 2769 1753 τοῖς
2793 1684 3072 1755 πανταχοῦ
3105 1684 3200 1753 τῆς
3238 1680 3423 1742 Ἀσίας
3450 1676 3820 1736 ἐπισκᾶποις,

521 1801 619 1857 ltili
652 1800 880 1866 faciens,
914 1774 1652 1861 venitCnnstantinopolim.
1686 1785 1907 1842 Judices
1930 1774 2116 1835 autem

524 1908 650 1950 cum
682 1905 881 1961 praeter
914 1887 1296 1960 quadraginta,
1317 1883 1455 1938 alios
1483 1894 1595 1936 non
1631 1875 1921 1949 pauciores
1949 1887 2112 1944 quam

527 1985 753 2057 triginta
811 1986 1221 2052 expectassent,
1263 1989 1445 2045 neque
1476 1972 1699 2027 adesset
1723 1968 1868 2023 ullus
1899 1979 2114 2028 eorum,

525 2055 666 2147 quos
682 2074 997 2147 sperabant,
1034 2070 1129 2127 sed
1167 2083 1257 2123 res
1282 2072 1431 2123 esset
1459 2063 1609 2119 fraus
1639 2059 1928 2117 manifesta
1956 2074 1969 2112 :
2001 2055 2117 2110 Eu-

527 2168 743 2225 sebium
773 2166 1018 2237 quidem,
1053 2161 1360 2218 scribentes
1385 2157 1456 2213 ad
1487 2170 1603 2222 eos,
1639 2158 1731 2224 qui
1763 2152 1965 2222 ubique
1986 2156 2119 2203 sunt

529 2258 587 2314 in
634 2258 757 2313 Asia
817 2255 1126 2327 episcopos,
1187 2251 1519 2307 denuntiant
1554 2243 2116 2305 excommunicatum,

528 2349 635 2421 Ipsi
653 2358 835 2404 autem
865 2356 987 2418 post
1002 2347 1119 2401 haec
1138 2344 1207 2399 ad
1235 2351 1485 2398 sanctum
1505 2338 1707 2395 reverti
1726 2339 2116 2393 decreverunt.

533 2440 656 2509 Quo
695 2440 752 2496 in
781 2439 904 2495 loco
944 2454 1071 2494 cum
1106 2437 1161 2490 in
1190 2434 1490 2490 Eusebium
1514 2431 1860 2492 incidissent,
1889 2441 2121 2481 accusa-

532 2534 669 2590 bant
693 2532 838 2604 quod
880 2533 1055 2602 pactis
1081 2527 1368 2585 conventis
1418 2541 1529 2580 non
1565 2523 1826 2579 stetisset.
1863 2519 1954 2574 Ille
1989 2533 2122 2572 vero

533 2635 791 2681 causatus
822 2622 1068 2694 corporis
1104 2620 1490 2683 valetudinem,
1535 2616 1715 2670 adhuc
1759 2610 2123 2683 pollicebatur

534 2734 594 2774 se
619 2732 740 2775 esse
777 2726 945 2773 testes
990 2715 1389 2787 producturum
1420 2729 1431 2762 :
1462 2710 1658 2765 ludens
1713 2707 1803 2762 ille
1854 2705 1909 2759 in
1945 2704 2032 2768 iis,
2064 2700 2119 2755 in

532 2810 733 2880 quibus
759 2824 867 2863 non
899 2818 981 2864 est
1005 2805 1327 2867 ludendum,
1359 2811 1413 2857 et
1444 2816 1549 2856 nec
1576 2813 1799 2854 manum
1829 2793 2120 2854 reveritus,

532 2918 697 2974 quam
728 2900 875 2974 gravi
908 2899 1172 2956 affecerat
1198 2896 1420 2966 injuria.
1456 2906 1512 2949 et
1536 2908 1700 2963 quam
1727 2889 1967 2945 habebat
1995 2900 2123 2941 con-

536 2996 704 3052 sciam
739 2994 860 3065 ejus
913 2990 1300 3062 improbitatis;
1347 2987 1453 3043 Sed
1486 2985 1729 3048 interim,
1767 2981 1907 3053 proh
1943 2979 2120 3040 dolor,

535 3088 847 3144 Antoninus
873 3084 1177 3141 exceditex
1200 3083 1305 3137 hac
1341 3081 1447 3135 vita
1487 3097 1502 3133 :
1531 3087 1585 3134 et
1614 3076 1692 3133 sic
1728 3074 1949 3146 quidem
1984 3086 2124 3143 prae-

539 3193 666 3237 sens
704 3178 895 3250 eﬂ'ugit
928 3176 1220 3247 judicium,
1249 3165 1999 3243 quomodocunquetpotuit;
2039 3161 2126 3216 fu-

541 3283 723 3330 turum
768 3280 949 3327 autem
977 3269 1202 3325 omnino
1233 3272 1533 3336 exspectat,
1553 3270 1610 3316 et
1635 3258 1780 3330 quod
1810 3273 1923 3312 non
1947 3261 2129 3325 potest

542 3360 954 3422 circumveniri.
988 3358 1130 3425 Quid
1157 3367 1279 3428 post
1309 3356 1428 3410 haec
1467 3359 1553 3408 est
1577 3347 1978 3406 consecutum?
2009 3345 2129 3399 Lit-

538 3460 672 3509 terae
697 3452 990 3505 mittuntur
1011 3448 1080 3503 ad
1106 3454 1381 3508 sanctum,
1410 3459 1532 3515 qua:
1561 3443 1728 3497 etiam
1754 3447 1914 3494 erant
1932 3451 2125 3507 preces

542 3579 611 3620 ex
631 3562 758 3618 Asia
785 3574 1127 3623 communes,
1155 3567 1268 3613 tum
1296 3555 1544 3611 omnium
1571 3552 1981 3624 episcoporum,
2012 3555 2128 3602 tum

542 3659 709 3716 etiam
743 3658 1208 3729 presbyterorum,
1243 3652 1336 3724 qui
1369 3651 1532 3706 etiam
1557 3664 1684 3704 eum
1710 3645 1971 3714 rogabant
2002 3649 2058 3698 et
2080 3642 2129 3697 ei

494 3824 505 3839 θ
542 3752 701 3808 valde
727 3750 1128 3821 supplicabant,
1160 3762 1232 3803 ne
1261 3761 1386 3801 eum
1408 3742 1628 3815 quidem
1657 3740 1711 3795 in
1745 3737 1967 3808 scriptis
2007 3751 2131 3806 par—

541 3855 730 3901 centes
779 3844 1054 3913 adiurare,
1086 3854 1195 3911 quo
1244 3852 1398 3894 suam
1431 3831 1898 3890 vehementiorem
1930 3826 2131 3883 redde-

540 3944 668 3992 rent
697 3934 1039 4005 petitionem,
1069 3941 1131 3987 ut
1160 3931 1228 3986 ad
1258 3944 1357 3984 eos
1412 3928 1688 3990 venirent,
1722 3920 2133 3993 excogitatums

540 4025 762 4098 aliquod
802 4024 1108 4079 remedium
1156 4035 1348 4075 eorum
1384 4017 1656 4079 ecclesiis,
1690 4029 1814 4083 quae
1847 4019 1903 4067 et
1954 4010 2023 4065 ab
2064 4008 2133 4063 iis

543 4118 637 4189 ῳιῐ
671 4125 856 4187 partes
893 4121 1200 4183 sequuntur
1244 4110 1381 4172 Arii,
1416 4119 1472 4165 et
1501 4109 1570 4163 ab
1615 4107 1703 4166 iis,
1735 4105 1830 4175 qui
1855 4104 2011 4173 plura
2042 4101 2134 4155 ha-

543 4208 706 4264 bendi
737 4211 996 4261 tencntur
1022 4201 1322 4272 cupiditate
1355 4199 1595 4270 pessime
1646 4195 1993 4250 (livexantur.
2031 4191 2128 4245 Dei

545 4299 732 4368 itaque
759 4297 924 4351 homo
954 4303 1010 4350 et
1035 4301 1223 4366 pastor
1260 4291 1462 4354 bonus,
1494 4303 1603 4343 non
1658 4285 1910 4356 corporis
1951 4283 2132 4337 imbe-

2217 1784 2587 1857 ἀκοινώνητον
2640 1783 2882 1837 τίθενται
2911 1795 2924 1809 ’
2958 1778 3114 1832 αὐτοὶ
3140 1775 3199 1829 δὲ
3233 1772 3371 1845 πρὸς
3415 1770 3509 1823 τὸν
3554 1770 3721 1837 ἆγιον
3754 1766 3828 1819 τὸ

2217 1880 2405 1936 λοιπὸν
2453 1876 2875 1949 ἐπανέρχονται,
2908 1870 3037 1926 ἔνθα
3076 1869 3141 1939 δὴ
3172 1868 3269 1922 καλ⁵
3300 1863 3545 1934 Εὖσεϐίῳ
3579 1877 3832 1929 περιτυ-

2219 1973 2409 2045 χόντες
2472 1969 2727 2038 ἐγκαλεῖν
2779 1961 2926 2037 εἶχον
2956 1962 3086 2034 περὶ
3138 1960 3248 2014 τῶν
3278 1957 3612 2029 γενομένων.
3647 1954 3712 2007 Ὀ
3760 1951 3834 2004 δὲ

2222 2065 2479 2137 σώματος
2509 2058 2851 2134 ἀρρωστίαν
2913 2055 3346 2118 αἰτιασάμενος,
3420 2050 3517 2103 καὶ
3571 2046 3655 2100 ἔτι
3703 2042 3832 2098 τῶν

2225 2158 2520 2233 μαρτύρων
2582 2153 2954 2225 ἐπηγγέλλετο
2987 2150 3089 2216 τὴν
3129 2144 3495 2215 παραγωγήν.
3545 2138 3717 2195 Ἀλλὰ
3739 2136 3833 2207 τῷ

2225 2252 2429 2326 μεταξὺ
2460 2249 2583 2322 (φεῦ
2605 2249 2645 2319 l)
2687 2248 3003 2307 Ἀντωνῖνος
3027 2241 3313 2296 ἀπολείπει
3341 2239 3430 2292 τὸν
3455 2235 3590 2306 βίον,
3621 2230 3724 2286 καὶ
3757 2227 3834 2281 τὸ

2226 2322 2325 2415 μὲν
2382 2342 2558 2413 παρὸν
2611 2337 3004 2406 ἀποδιδράσκει
3029 2333 3334 2404 κριτήριον,
3369 2322 3567 2396 οἷσπερ
3592 2323 3828 2394 ἴσχυσε.

2222 2438 2286 2491 τὸ
2317 2435 2510 2508 μέλλον
2541 2434 2598 2488 δὲ
2625 2433 2721 2486 καὶ
2774 2430 3075 2485 ἀδέκαστον
3127 2425 3412 2496 ἀναμένει.
3450 2419 3516 2473 Τί
3568 2417 3630 2473 τδ
3676 2415 3833 2488 μετά

2223 2506 2437 2596 ταῦτα;
2501 2528 2811 2598 γράμματα
2855 2522 3168 2592 πέμπονται
3225 2516 3362 2587 πρὸς
3406 2514 3498 2569 τὸν
3541 2511 3724 2579 ἅγιον,
3790 2506 3835 2561 ἃ

2225 2624 2323 2677 καὶ
2354 2620 2509 2691 κοινὴ
2531 2621 2717 2689 δέησις
2744 2616 2994 2686 ὑπῆρχον
3035 2614 3102 2665 ἐκ
3136 2610 3237 2680 τῆς
3275 2606 3487 2668 Ἀσίας,
3529 2601 3692 2657 τοῦτο
3719 2601 3833 2669 μὲν

2226 2713 2549 2767 ἐπισκόπων
2613 2709 2835 2763 πάντων
2869 2745 2888 2774 ,
2959 2703 3120 2758 τοῦτο
3172 2701 3229 2755 δὲ
3271 2700 3370 2754 καὶ
3418 2693 3833 2767 πρεσϐυτέρων

2226 2805 2524 2872 ἀξιούντων
2562 2801 2749 2866 αὐτὸν,
2782 2799 2879 2854 καὶ
2924 2798 3131 2869 ὅρκοις,
3164 2793 3240 2856 ὥς
3270 2810 3323 2845 τι
3367 2790 3532 2843 πλέον
3576 2785 3834 2857 ἐχόντων

2228 2901 2540 2966 εἱςπεστιν,
2593 2891 3055 2965 κατακιρνώντων
3110 2888 3211 2959 τὴν
3264 2886 3505 2954 αἴτησιν,
3545 2879 3643 2934 καὶ
3670 2878 3831 2932 πάνυ

2231 2993 2437 3063 σφόδρα
2489 2988 2761 3058 δεομένων
2796 2983 2932 3057 πρδς
2979 2980 3179 3044 αὐτοὺς
3219 2976 3532 3047 ἀφικέσθαι,
3565 2973 3685 3043 ἅμα
3719 2968 3833 3041 μὲν

2229 3061 2334 3141 ὑπὸ
2370 3061 2479 3138 τῶν
2505 3082 2572 3136 τὰ
2605 3078 2820 3152 Ἀρείου
2854 3073 3297 3142 πρεσϐευόντων,
3330 3070 3448 3139 ἅμα
3485 3067 3543 3121 δέ
3576 3066 3676 3119 καὶ
3712 3061 3836 3117 ὑπὸ

2230 3178 2338 3232 τῶν
2401 3176 2744 3230 πλεονεκτεῖν
2802 3168 3097 3242 ᾑρημένων
3127 3168 3245 3228 ταῖς
3276 3161 3595 3232 ἐκκλησίαις
3633 3158 3834 3212 αὐτῶν

2231 3270 2314 3325 ὃτι
2346 3268 2584 3340 μάλιστα
2624 3263 2966 3336 πασχούσαις
3024 3259 3211 3320 κακῶς
3253 3255 3552 3329 θεραπείαν
3596 3253 3837 3321 ἐπινοή-

2235 3379 2418 3417 σοντα.
2457 3359 2519 3412 Ὅ
2549 3358 2732 3411 τοίνυν
2783 3354 2879 3408 τοῦ
2937 3351 3075 3407 Θεοῦ
3132 3349 3419 3422 ἄνθρωπος
3473 3348 3567 3402 καὶ
3613 3344 3832 3415 ποιμὴν

2232 3453 2459 3527 ἀληθὴς,
2478 3452 2541 3506 ού
2561 3451 2814 3523 σώματος
2842 3446 3152 3512 ἀσθένειαν,
3188 3445 3248 3499 οὐ
3276 3443 3453 3514 μῆκος
3482 3439 3829 3510 ὁδοιπορίας,

2233 3548 2295 3602 οὐ
2331 3545 2602 3619 χειμῶνος
2655 3542 2978 3612 δυσχέρειαν
3034 3539 3252 3609 (τούτου
3305 3538 3415 3609 γὰρ
3441 3531 3506 3608 ἦν
3539 3536 3569 3590 ὁ
3600 3533 3829 3601 καιρὸς)

2233 3641 2335 3694 οὐκ
2358 3636 2488 3692 ἄλλο
2508 3653 2564 3691 τι
2587 3633 2833 3689 τοιοῦτον
2877 3630 3032 3685 οὐδὲν
3085 3630 3573 3700 ὑπολογισάμενος,
3606 3627 3639 3697 ἠ
3668 3624 3835 3693 βιαία

2233 3732 2322 3787 διὰ
2381 3728 2618 3801 Χριστὸν
2686 3727 2836 3798 ψυχὴ
2895 3728 2991 3780 καὶ
3044 3725 3375 3795 φιλόνεικος,
3412 3722 3508 3776 καὶ
3551 3721 3832 3791 κρείττων

2234 3824 2344 3880 τῶν
2373 3822 2469 3877 τοῦ
2507 3821 2762 3891 σώματος
2786 3820 3068 3888 ἀναγκῶν,
3104 3818 3242 3872 ἀλλὰ
3278 3815 3451 3888 μικρὰ
3501 3812 3681 3867 πάντα
3727 3812 3833 3864 καὶ

2237 3935 2304 3971 πε
2315 3918 2368 3989 pl.
2417 3915 2704 3985 ἐλαχίστου
2744 3913 2974 3981 θέμενος
3002 3911 3104 3980 τῆς
3127 3910 3238 3963 τῶν
3263 3906 3571 3978 ἐκκλησιῶν
3596 3904 3837 3976 διορθὼο

2239 4026 2397 4073 σεως,
2454 4005 2639 4075 πλοίου
2693 4004 2890 4068 ἐπιϐὰς
2942 4002 3168 4074 ἡμερῶν
3193 4002 3365 4072 τριῶν
3393 4003 3471 4064 εἷς
3509 3998 3841 4067 Ἀπάμειαν

2236 4104 2468 4172 γίνεται.
2489 4098 2661 4156 Ἔνθα
2678 4099 2742 4169 δὴ
2768 4096 2979 4161 Παῦλος
3006 4096 3102 4150 καὶ
3129 4097 3366 4167 Κυρῖνος
3402 4092 3499 4147 καὶ
3521 4090 3835 4154 Παλλάδιος

2235 4197 2286 4249 οἱ
2306 4195 2596 4250 ἐπίσκοποι
2648 4193 3052 4264 προσμένοντες
3096 4185 3238 4260 ἦσαν
3278 4186 3522 4260 (τούτους
3562 4184 3674 4251 γάρ
3734 4184 3838 4238 καὶ

2239 4285 2381 4353 ἔγνω
2410 4283 2780 4354 συνεκδήμους
2801 4281 3035 4352 λαϐεῖν),
3078 4280 3198 4350 μεθ’
3223 4274 3298 4333 ὧν
3325 4281 3417 4333 καὶ
3441 4276 3580 4348 πεζῇ
3602 4276 3703 4347 τὴν
3725 4293 3834 4329 πο-

544 4365 851 4451 cillitatem,
880 4402 991 4442 non
1022 4365 1123 4441 viae
1153 4381 1574 4453 longitudinem,
1610 4392 1720 4432 non
1752 4374 1966 4446 hyemis
1993 4370 2121 4427 ditii-

2242 4376 2395 4448 ρείαν
2423 4374 2605 4429 ἀνύων
2638 4372 3055 4452 καταλαμϐάνει
3077 4372 3176 4444 τὴν
3206 4373 3465 4440 Ἔφεσον.
3490 4371 3702 4433 Πάντες
3732 4365 3837 4423 οῦν

545 4482 828 4547 cultatem,
854 4480 997 4549 (erat
1026 4476 1174 4532 enim
1200 4473 1332 4529 time
1350 4472 1470 4542 ejus
1500 4468 1760 4539 tempus),
1784 4481 1894 4520 non
1927 4462 2133 4534 aliquid

547 4574 697 4631 aliud
721 4572 1018 4644 repudians
1047 4585 1111 4625 ac
1131 4567 1455 4632 formidans,
1482 4565 1722 4622 violenta
1774 4560 1863 4614 illa
1893 4566 1951 4613 et
1977 4572 2133 4613 accr-

546 4668 685 4720 rima
706 4658 928 4734 propter
950 4660 1230 4718 Christum
1261 4659 1464 4719 anima,
1484 4656 1579 4711 sed
1616 4655 1732 4709 haec
1751 4651 1935 4708 outnia
1966 4663 2133 4720 parva

547 4768 605 4813 et
626 4757 788 4813 nihili
813 4756 1020 4811 ducens
1042 4770 1142 4826 pro
1169 4769 1302 4809 cura
1326 4748 1718 4810 Ecclésiarum,
1753 4761 1949 4801 navem
2001 4759 2136 4798 con-

546 4844 842 4912 scendens,
894 4845 1070 4899 tribus
1120 4842 1313 4898 diebus
1345 4841 1497 4896 venit
1546 4838 1862 4908 Apameam.
1915 4832 2034 4900 Quo
2075 4832 2132 4887 in

546 4936 668 4993 loco
693 4934 894 4991 Paulus
935 4949 1153 5005 quoque
1201 4940 1258 4987 et
1310 4931 1575 4998 Quirinus
1625 4937 1681 4982 et
1734 4925 1988 4980 Paladius
2018 4921 2130 4994 (15)

553 5027 796 5099 episcopi
840 5043 967 5082 eum
1020 5025 1415 5095 exspectabant
1446 5022 1612 5092 .(eos
1669 5018 1820 5073 enim
1867 5024 2135 5072 statuerat

549 5134 738 5176 secum
808 5118 1008 5191 ducere
1066 5118 1120 5171 in
1178 5110 1728 5186 peregrinationem),
1761 5125 1887 5166 cum
1929 5107 2132 5178 quibus

546 5209 778 5279 pedibus
813 5208 932 5263 sine
966 5216 1119 5264 m'ora
1145 5207 1247 5261 iter
1281 5204 1604 5269 conﬁciens,
1644 5202 1800 5258 venit
1826 5200 2127 5271 Ephesum.

547 5297 755 5357 Omnes
782 5315 912 5372 ergo
944 5300 1214 5371 Lydorum
1247 5308 1304 5353 et
1324 5298 1621 5368 Phrygum,
1653 5294 1785 5366 quin
1834 5292 1998 5353 etiam
2025 5289 2132 5345 Ca-

549 5407 670 5447 rum
700 5393 967 5464 episcOpi,
1000 5408 1111 5447 non
1138 5390 1426 5463 pauciores
1467 5402 1630 5460 quam
1668 5386 2036 5457 septuaginta,
2077 5391 2132 5439 et

549 5482 863 5556 quicunque
920 5500 983 5539 ex
1042 5483 1184 5539 Asiae
1219 5482 1420 5553 popqu
1476 5488 1633 5537 erant
1697 5478 1960 5549 insignes,
2024 5475 2131 5530 luti

623 5661 734 5731 (l5)
763 5662 985 5731 Cyrinus
1024 5661 1184 5717 habet
1213 5661 1411 5716 Pallad.

2237 4466 2425 4521 Λυδῶν
2452 4466 2548 4520 καλ⁵
2593 4465 2824 4536 Φρυγῶν
2869 4465 3183 4532 ἐπίσκοποι,
3218 4465 3356 4535 πρὸς
3387 4463 3443 4518 δὲ
3491 4464 3583 4517 καὶ
3623 4460 3837 4533 Καρῶν

2237 4558 2339 4612 οὐκ
2366 4557 2623 4621 ἐλάττους
2645 4557 2799 4621 ὄντες
2823 4557 2931 4610 τῶν
2955 4557 3351 4627 ἐϐδομήκοντα,
3374 4556 3470 4609 καὶ
3497 4556 3679 4607 πᾶσαν
3700 4552 3838 4606 ὅσον

2236 4647 2331 4701 τοῦ
2362 4646 2604 4720 πλήθους
2655 4648 2753 4717 τῆς
2790 4646 2976 4709 Ἀσίας
3019 4646 3286 4716 ἐπιφανὲς
3328 4646 3490 4717 ἡδονῇ
3524 4645 3675 4716 πάσῃ
3699 4661 3837 4696 συν-

2238 4740 2449 4811 έρρεον,
2499 4739 2623 4810 ὄψιν
2665 4739 2879 4810 ἐκείνην
2919 4738 3316 4809 ἐπιθυμοῦντες
3342 4739 3494 4801 ἰδεῖν,
3596 4736 3734 4790 πολὺ
3772 4736 3838 4789 τὸ

2236 4831 2298 4895 ἐξ
2339 4830 2541 4900 άρετῆς
2571 4830 2726 4901 mea
2752 4828 2967 4901 χάριεν,
2998 4828 3246 4900 γλώττης
3268 4846 3330 4882 τε
3345 4826 3835 4897 άκοῦσαιποθοῦν-

2237 4939 2329 4986 τες
2386 4921 2485 4992 ἡδύ
2516 4939 2568 4974 τι
2602 4922 2699 4975 καὶ
2748 4922 2911 4976 καλὸν
2938 4924 3086 4992 νᾶμα
3120 4920 3349 4993 ῥεούσης
3373 4923 3452 4984 είς
3492 4922 3592 4982 τὰς
3621 4918 3835 4991 ψυχάς.

2238 5014 2385 5085 Πρὸς
2441 5013 2652 5077 τούτοις
2676 5014 2770 5067 καὶ
2806 5013 3069 5078 Εὐσέϐιος
3098 5013 3281 5084 παρῆν
3319 5014 3527 5075 ἐκεῖνος
3554 5014 3582 5064 ὁ
3624 5012 3841 5065 Ἀντω-

2238 5105 2386 5158 νίνου
2444 5106 2774 5176 κατήγορος,
2804 5103 3036 5175 λυθῆναι
3067 5094 3133 5176 δὴ
3162 5104 3258 5158 τοῦ
3295 5102 3610 5175 ἀφορισμοῦ
3639 5102 3840 5172 δεόμεο

2241 5214 2354 5262 νος,
2401 5200 2497 5252 καὶ
2553 5198 2689 5268 πρὸς
2730 5198 3016 5252 κοινωνίαν
3047 5198 3483 5270 παραδεχθῆναι.
3529 5198 3744 5250 Ὄντων
3777 5196 3837 5250 δέ

2243 5290 2349 5343 τῶν
2379 5291 2772 5359 ἀντιλεγόντων
2817 5291 3133 5346 ἐπισκόπων
3168 5290 3244 5363 μὴ
3272 5289 3383 5345 δεῖν
3412 5288 3835 5361 παραδέξασθαι

2244 5381 2613 5452 συκοφάντην,
2642 5383 2807 5455 αύτδς
2854 5383 2952 5437 καὶ
2984 5384 3111 5448 τοὺς
3138 5382 3426 5455 μάρτυρας
3470 5380 3708 5451 ἑτοίμως
3733 5383 3835 5437 καὶ

2244 5473 2374 5537 τοὺς
2412 5474 2638 5544 χρυσίου
2670 5475 2770 5546 τὴν
2817 5477 3158 5547 χειροτονίαν
3194 5477 3488 5549 εἰληφότας
3532 5475 3835 5530 διετείνετο
