4126 6414
309 220 457 286 1125

1389 216 1567 280 ΥΙΤΑ
1612 218 1674 280 S.
1713 215 2037 279 JOANNIS
2075 218 2636 281 CHRYSOSTOMI.

3448 216 3582 285 1126

305 343 709 418 παραστήσιιν.
775 342 965 411 Ἔδοξε
996 342 1290 416 τοιγαροῦν
1314 347 1380 416 τῇ
1403 344 1609 415 συνόδῳ
1649 345 1724 414 μὴ
1781 346 1894 414 χεῖ-

2010 362 2166 418 acyus
2189 347 2564 413 conﬂuebant,
2612 345 2821 400 vultum
2848 342 3002 398 illum
3050 340 3237 397 videre
3271 339 3578 409 cupientes,

305 456 400 511 ρον
452 432 630 503 εἶναι,
680 435 783 491 κᾶν
825 440 855 492 ό
896 438 957 490 τὸ
1011 438 1275 507 ἀργύριον
1339 436 1579 507 εἰληφὼς
1625 436 1841 490 ἁπεϐίω
1877 476 1892 494 ,

302 530 422 586 ἀλλ’
477 524 573 586 οὖν
629 547 695 599 γε
748 530 837 584 διὰ
884 531 1012 594 τοὺς
1058 530 1363 594 δεδωκότας
1404 531 1484 593 εἰς
1539 530 1788 597 ἐξέτασιν
1835 527 1898 581 τὸ

303 624 542 697 πρᾶγμα
576 625 789 677 πεσεῖν.
833 622 1237 694 Παραχθὲντων
1263 622 1447 677 τοίνυν
1468 622 1580 677 τῶν
1628 622 1731 694 ἤδη
1770 639 1897 674 atavo

301 716 574 771 τεθέντων
623 716 1061 786 ὑπομνημάτων,
1092 716 1462 789 παρίστανται
1500 716 1599 788 μὲν
1652 716 1702 769 οἱ
1760 733 1899 770 κατ-

300 808 672 883 ηγορούμενοι
716 808 827 862 τῶν
856 810 1197 875 ἐπισκόπων,
1246 810 1613 881 παρίστανται
1644 808 1701 862 δὲ
1728 811 1823 862 καὶ
1846 809 1897 861 οί

308 902 612 975 μάρτυρες,
652 895 849 972 οἷσπερ
873 901 936 973 δὴ
978 901 1039 956 τὸ
1072 902 1387 974 ἀπόρρητον
1440 902 1746 974 ἐγνωρίσθη
1797 903 1899 971 τῆς

303 996 398 1048 ἐπὶ
441 996 722 1066 χρήμασιν
747 992 993 1064 ἀθέσμου
1032 995 1390 1066 χειροτονίας.
1441 995 1645 1066 Πρῶτα
1681 995 1781 1065 μὲν
1805 993 1899 1048 οὖν

303 1088 678 1158 ἀπαγόρευσις
719 1085 940 1167 ἐφάπαξ
967 1086 1075 1140 τῶν
1112 1086 1555 1158 προτεινομένων
1593 1088 1687 1139 καὶ
1720 1086 1898 1158 ἄρνηο

260 1231 275 1250 Δ,
309 1195 415 1242 σις.
461 1178 549 1241 Ὠς
577 1177 632 1232 δὲ
686 1179 738 1231 ci
818 1179 1097 1249 μάρτυρες
1155 1178 1410 1249 ἤλεγχον,
1475 1179 1659 1233 τόπων
1699 1178 1900 1241 αὐτοὺς

309 1270 820 1343 ὑπομιμνήσκοντες
837 1272 933 1323 καὶ
962 1270 1195 1342 καιρῶν,
1223 1272 1397 1341 αὑτήν
1414 1288 1473 1324 τε
1491 1271 1593 1342 τὴν
1628 1272 1903 1341 ποσότητα

306 1362 417 1418 τῶν
448 1364 752 1434 δεδομένων
795 1363 1264 1437 ἀπαριθμοῦντες,
1299 1364 1397 1419 καὶ
1433 1365 1546 1437 εῖδη
1579 1364 1690 1418 τῶν
1711 1364 1902 1435 ἐνεχύ-

310 1475 422 1530 ρων
473 1458 552 1520 είς
575 1456 637 1510 τὸ
672 1457 901 1529 ἀκριϐὲς
933 1458 1426 1528 ἀπαγγέλλοντες,
1475 1458 1900 1529 δυσωπηθέντες

309 1552 361 1604 οἱ
392 1548 863 1622 κατηγορούμενοι
918 1552 1019 1624 τὴν
1076 1553 1226 1621 σαφῆ
1271 1552 1381 1606 τῶν
1412 1552 1722 1623 λεγομένων
1769 1553 1904 1624 ἁλήο

312 1642 488 1706 θειαν,
524 1639 640 1696 εἶτα
701 1644 799 1698 καὶ
852 1642 944 1697 τὸν
991 1645 1234 1713 ἄφυκτον
1265 1644 1531 1716 δικαστὴν
1561 1646 1624 1700 τὸ
1655 1646 1902 1712 συνειδὸς

310 1737 476 1789 παῐον
505 1735 608 1788 οὐκ
651 1736 995 1804 ἐνεγκόντες,
1026 1737 1391 1807 ὁμολογοῦσιν
1422 1738 1769 1805 ἐπειπόντες,
1816 1739 1898 1793 ὅτι

308 1826 584 1899 Τοιαύτην
639 1827 979 1900 ἐνομίσαμεν
1029 1825 1171 1885 εἶναι
1208 1830 1526 1907 συνήθειαν,
1563 1833 1664 1886 καὶ
1690 1832 1779 1885 ἴνα
1803 1830 1899 1884 τοῦ

311 1919 724 1993 βουλευτηρίου,
785 1914 940 1994 ᾧπερ
998 1917 1144 1994 ἦμεν
1191 1923 1478 1986 ὑποτελεῖς
1511 1964 1526 1989 ,
1572 1923 1902 1996 ἀπαλλαγὴν

312 2013 579 2085 σχοίημεν
605 2031 619 2045 ·
687 2012 785 2067 νῦν
819 2013 898 2079 δὲ,
927 2015 977 2068 εί
1010 2015 1111 2084 μὲν
1165 2014 1313 2069 ὅσιον
1343 2016 1441 2071 καὶ
1468 2017 1616 2086 ἡμᾶς
1646 2016 1756 2068 τῶν
1788 2016 1902 2071 λει-

311 2105 557 2178 τουργῶν
584 2101 725 2160 εἶναι
751 2109 851 2178 τῆς
895 2107 1232 2179 Ἐκκλησίας
1254 2124 1269 2138 ο
1308 2110 1359 2161 εί
1387 2108 1433 2161 δ’
1461 2103 1578 2176 οὖν,
1614 2108 1730 2162 ἀλλ’
1763 2109 1902 2181 ὅπερ

312 2197 772 2269 καταϐεϐλήμεθα
795 2198 1019 2271 χρυσίον
1040 2200 1337 2255 ἀναλαϐεῖν
1360 2201 1716 2259 δικαιώσατε.
1738 2204 1901 2258 Ἔνια

312 2289 422 2379 γὰρ
440 2291 531 2344 καί⁵
553 2294 653 2363 τῆς
670 2291 781 2345 τῶν
798 2293 1078 2362 γυναικῶν
1094 2293 1344 2365 κτήσεως
1366 2295 1554 2364 ἔλεγον
1577 2291 1738 2350 εἶναι.
1762 2297 1805 2349 Π
1814 2296 1906 2367 pb;

312 2382 487 2438 ταῦτα
527 2384 621 2437 τὸν
666 2385 865 2455 μέγαν,
907 2385 1051 2455 Ἐγὼ
1093 2386 1215 2458 μὲν,
1257 2387 1451 2457 φάναι,
1482 2387 1576 2442 τοῦ
1611 2387 1906 2461 βουλευτη-

317 2476 435 2548 ρίου
491 2477 635 2548 ὑμᾶς
669 2478 1058 2548 λπαλλάξαιμι,
1091 2478 1311 2550 αἴτησιν
1342 2481 1503 2535 τοῦτο
1547 2480 1779 2552 θέμενος
1825 2483 1907 2547 είς

319 2567 569 2639 βασιλέαο
604 2569 732 2640 ὑμῖν
756 2569 813 2622 δὲ
852 2570 1101 2640 μελήσει,
1151 2571 1291 2644 πρὸς
1323 2572 1423 2643 τὴν
1482 2573 1701 2628 σύνοδον
1752 2570 1909 2630 εἶπεν

317 2663 697 2733 ἐπιστραφεὶς,
738 2661 798 2715 τὸ
843 2661 997 2733 παρὰ
1027 2662 1139 2716 τῶν
1177 2665 1497 2720 Ἀντωνίνου
1552 2666 1909 2739 κληρονόμων

315 2753 664 2818 ἀνασωθῆναι
692 2756 876 2820 αὐτοῖς
928 2755 964 2809 ἃ
1003 2756 1326 2812 δεδώκασιν.
1368 2758 1678 2830 Ἐψηφίσθη
1727 2760 1909 2815 τοίνυν

319 2845 484 2910 εὐθὺς
511 2846 802 2901 ἀναλαϐεῖν
834 2849 931 2918 μὲν
957 2849 1156 2913 αὐτοὺς
1184 2852 1247 2903 τι)
1278 2851 1523 2923 χρυσίον,
1545 2852 1646 2922 τῆς
1678 2853 1736 2907 δὲ
1758 2853 1909 2926 ίερω·

321 2935 489 3009 σύνης
522 2940 803 3010 ἐκστῆναι,
835 2941 966 2996 εἴσω
991 2941 1047 2995 δέ
1071 2940 1165 2995 τοῦ
1189 2941 1579 3016 θυσιαστηρίου
1610 2947 1717 2999 τῶν
1745 2948 1907 3016 ἁγια-

1999 442 2053 496 in
2083 456 2192 512 quo
2254 439 2485 496 ﬂorebat
2514 453 2711 511 magna
2756 435 2976 493 virtutis
3012 434 3206 507 gratia,
3252 440 3307 488 et
3337 433 3581 502 linguam

1999 535 2189 590 audire
2219 533 2524 604 cupientes,
2560 546 2683 602 qua:
2704 529 2933 601 pulchre
2972 536 3028 583 et
3057 526 3299 583 suaviter
3321 521 3585 578 inﬂuebat

1999 630 2054 686 in
2081 628 2310 684 animas.
2346 626 2522 683 Simul
2551 635 2733 681 autem
2760 624 2948 681 aderat
2967 623 3132 678 etiam
3183 620 3275 675 ille
3307 617 3583 674 Eusebius

1999 730 2288 779 accusator
2331 717 2613 783 Antonini,
2665 731 2864 788 rogans
2906 722 2966 770 ut
3014 714 3392 769 absolveretur
3437 726 3467 765 a
3503 724 3591 763 se-

2001 816 2340 889 gregatione,
2361 821 2417 869 et
2444 820 2503 867 ut
2525 809 2912 866 admitteretur
2942 808 3205 876 deinceps
3234 804 3299 859 ad
3340 817 3589 858 commu-

1999 911 2247 967 nionem.
2300 908 2439 964 Cum
2483 914 2671 959 autem
2718 899 2963 972 episcopi
3012 896 3471 957 contradicerent,
3504 891 3588 948 di-

2002 1013 2192 1060 centes
2261 1016 2374 1056 non
2427 1007 2685 1069 oportere
2739 994 3032 1050 admittere
3093 988 3585 1048 calumniatorem,

2002 1096 2122 1167 ipse
2148 1092 2284 1150 dicit
2320 1107 2379 1147 se
2411 1107 2521 1146 non
2552 1102 2676 1145 esse
2725 1085 3196 1148 calumniatorem,
3225 1080 3320 1135 sed
3351 1078 3588 1133 allirma-

2002 1189 2097 1245 bat
2124 1203 2182 1243 se
2210 1194 2265 1241 et
2295 1192 2575 1241 momento
2626 1180 2893 1252 temporis
2925 1186 3097 1233 testes
3128 1189 3251 1230 esse
3288 1173 3590 1244 productu-

2005 1297 2150 1349 rum,
2187 1291 2243 1335 et
2260 1295 2356 1335 eos
2388 1277 2481 1348 qui
2511 1292 2646 1331 auro
2693 1275 2916 1330 fuerant
2960 1268 3221 1327 ordinati.
3281 1266 3472 1321 Visum
3505 1273 3593 1320 est

2004 1376 2190 1445 itaque
2219 1373 2446 1445 synodo,
2473 1368 2688 1426 etiamsi
2717 1383 2749 1423 e
2778 1366 2885 1424 vita
2912 1363 3239 1420 excessisset
3276 1361 3342 1425 is,
3385 1358 3479 1429 qui
3507 1372 3597 1427 pe.

2003 1468 2221 1525 cuniam
2251 1473 2558 1537 acceperat,
2615 1460 2793 1517 satius
2839 1466 3025 1513 tamen
3082 1470 3207 1510 esse
3258 1461 3479 1523 propter
3499 1464 3596 1505 eos

2005 1563 2099 1631 qui
2128 1560 2414 1627 dederant,
2454 1573 2569 1613 rem
2620 1553 2819 1611 deduci
2841 1552 2907 1606 ad
2938 1546 3426 1605 examinationem.
3467 1543 3598 1599 Pro-

2006 1654 2188 1710 ductis
2226 1652 2410 1723 itaque
2458 1649 2618 1711 actis,
2659 1662 2781 1719 quae
2826 1637 2959 1717 jam'
2992 1641 3213 1697 fuerant
3265 1636 3593 1708 composita,

2005 1746 2273 1803 sistuntur
2302 1742 2524 1814 quidem
2556 1737 2823 1811 episcopi,
2891 1733 2985 1804 qui
3040 1730 3481 1787 accusabantur:
3521 1725 3596 1781 si-

2003 1844 2223 1892 stuntur
2274 1843 2458 1889 autem
2513 1830 2676 1886 etiam
2709 1834 2879 1881 testes
2927 1827 3354 1892 consequenter,
3396 1816 3598 1887 quibus

2003 1937 2195 1985 notum
2215 1933 2334 1983 erat
2368 1938 2631 1980 arcanum
2661 1918 2889 1976 nefaria:
2913 1924 3139 1987 prepter
3162 1911 3423 1983 pecunias
3442 1908 3599 1964 factm

2004 2019 2389 2079 ordinationis.
2421 2017 2598 2087 Atque
2622 2013 2860 2085 primum
2893 2009 3113 2080 quidem
3161 2003 3402 2077 perfecta
3430 2016 3597 2073 nega-

2006 2117 2084 2171 tio
2132 2128 2346 2175 corum,
2391 2124 2515 2181 quae
2568 2104 2989 2178 objiciebantur,
3026 2107 3082 2153 et
3138 2095 3285 2167 quod
3316 2109 3402 2150 res
3451 2100 3597 2148 esset

2007 2219 2197 2282 aperta
2232 2205 2508 2263 calumnia
2540 2203 2637 2271 (ita
2668 2199 2815 2254 enim
2858 2192 3116 2251 dicebant
3144 2189 3202 2255 ii,
3242 2189 3334 2259 qui
3366 2200 3594 2243 accusa-

2006 2276 2253 2368 bantur),
2276 2313 2397 2368 quae
2416 2293 2556 2350 nihil
2580 2289 2818 2346 habebat
2835 2284 2952 2342 sani
2980 2298 3080 2337 nec
3102 2279 3241 2335 ﬁrmi
3259 2294 3322 2333 ex
3347 2276 3597 2332 veritate.

2007 2395 2145 2452 Cum
2178 2401 2362 2448 autem
2425 2383 2849 2459 probationibus
2900 2393 2995 2434 eos
3026 2382 3197 2431 testes
3238 2371 3456 2427 assidue
3494 2368 3600 2423 im-

2008 2493 2282 2561 peterent,
2305 2482 2386 2539 eis
2418 2483 2534 2535 loca
2558 2484 2614 2533 et
2645 2484 2891 2545 tempora
2947 2476 3275 2525 revocantes
3303 2462 3358 2518 in
3394 2475 3606 2517 inemo-

2009 2553 2173 2644 riam,
2207 2585 2266 2632 et
2296 2572 2658 2646 quantitatem
2703 2579 2916 2625 eorum,
2949 2577 3072 2632 qua:
3120 2558 3299 2614 soluta
3335 2553 3551 2609 fuerant
3585 2569 3599 2606 :

2010 2672 2144 2744 quin
2167 2670 2332 2726 etiam
2358 2664 2570 2737 species
2585 2676 2799 2735 eorum,
2832 2671 2952 2727 qua:
2974 2655 3096 2709 data
3121 2658 3268 2706 sunt.
3295 2647 3600 2704 referrent:

2012 2742 2292 2822 cumineo
2338 2760 2414 2815 ita
2468 2764 2656 2813 essent
2707 2751 2918 2817 valida,
2952 2745 3174 2803 reveriti
3226 2742 3301 2798 illi
3356 2749 3602 2811 apertam

2012 2871 2228 2920 eorum,
2258 2868 2382 2923 quae
2412 2848 2760 2905 dicebantur,
2798 2840 3085 2899 veritatem
3121 2843 3216 2892 :et
3264 2833 3465 2890 deinde
3488 2832 3605 2886 ine-

2013 2945 2291 3005 vitabilem
2314 2942 2555 3014 iudicem
2585 2937 2894 3010 pulsantem
2912 2949 3020 2987 non
3048 2931 3286 2987 ferentes
3308 2924 3601 2983 conscien-

320 3034 547 3105 σμάτων
602 3033 763 3104 μόνον
816 3035 1067 3107 μετέχειν
1090 3051 1105 3066 ο
1136 3034 1227 3089 ἵνα
1277 3034 1352 3109 μὴ
1384 3036 1577 3091 τούτου
1616 3055 1905 3112 συγχωρη-

2015 3043 2167 3107 tiam,
2194 3036 2605 3111 persuadentur
2629 3040 2685 3086 et
2712 3029 2952 3086 fatentur
2971 3041 3085 3081 rem
3137 3037 3261 3079 vere
3297 3022 3370 3076 ita
3400 3034 3460 3076 se
3499 3018 3603 3073 ha-

318 3125 504 3189 θέντος
533 3128 770 3196 πρᾶγμα
841 3126 1109 3198 πονηρίας
1158 3127 1385 3199 ἔσχατον
1427 3130 1739 3185 ἐπιλάϐοιτο
1783 3149 1910 3186 συν-

318 3217 533 3291 ηθείας,
552 3219 651 3290 τὴν
675 3218 1001 3290 ἱερωσύνην,
1031 3220 1170 3292 ὅπερ
1191 3220 1255 3291 δὴ
1274 3223 1369 3277 καὶ
1388 3221 1521 3276 Θεοῦ
1541 3223 1748 3295 δωρεὰν
1768 3220 1910 3281 εἶναι

319 3310 570 3382 λέγομεν,
604 3312 885 3384 χρήμασιν
915 3312 1132 3385 ὠνητὴν
1163 3314 1435 3380 γίνεσθαι,
1461 3319 1557 3371 καὶ
1598 3316 1911 3385 Ἰουδαϊκῶς

319 3404 751 3470 καπηλεύεσθαι.
789 3405 977 3460 Ταῦτα
1003 3407 1070 3459 δι’
1101 3406 1330 3480 ἡμερῶν
1381 3408 1650 3463 πλειόνων
1688 3428 1908 3466 κανονι-

320 3496 435 3563 κῶς
462 3497 768 3569 κρίναντες,
799 3500 894 3554 καὶ
927 3501 1321 3573 ὑπομνήμασιν
1365 3504 1696 3576 ἀνάγραπτα
1724 3523 1910 3578 παρα-

318 3590 502 3656 δόντες
531 3592 986 3648 ἀντικαθιστῶσιν
1018 3595 1245 3650 ἐκείνων
1271 3598 1391 3660 ταῖς
1413 3598 1736 3666 ἐκκλησίαις
1767 3598 1912 3672 λόγῳ

318 3700 379 3738 τε
411 3686 506 3738 καὶ
535 3683 636 3755 βίῳ
656 3684 1219 3757 διακεκοσμημένους,
1239 3689 1334 3742 καὶ
1349 3688 1530 3743 αὐτῶν
1549 3690 1913 3761 εὐγνωμόνως

325 3780 394 3849 τῇ
422 3777 522 3833 τοῦ
553 3777 793 3849 μεγάλου
818 3779 998 3850 κρίσει
1029 3781 1455 3849 στοιχησάντων,
1485 3782 1581 3835 καὶ
1603 3782 1663 3836 τὸ
1692 3784 1915 3853 πρόστι-

332 3888 432 3939 μον
467 3872 817 3943 ὑποσχόντων
864 3872 964 3943 τῆς
994 3872 1372 3943 καθαιρέσεως
1396 3891 1410 3907 ο
1444 3874 1504 3928 οὐ
1567 3875 1795 3944 τούτους
1854 3876 1914 3930 δὲ

327 3962 512 4032 μόνον,
538 3965 588 4019 οἳ
646 3964 707 4030 ἓξ
760 3964 852 4019 τὸν
890 3965 1124 4035 ἀριθμὸν
1162 3956 1326 4036 ἦσαν,
1381 3967 1519 4022 ἀλλὰ
1549 3960 1644 4023 καὶ
1687 3969 1910 4042 ἐτέρους

326 4057 649 4128 ἰσαρίθμους
691 4057 868 4129 εὑρὼν
900 4060 1182 4130 χρήμασιν
1233 4061 1524 4128 ἐγκρατεῖς
1565 4060 1674 4115 τῶν
1712 4063 1913 4134 ἐκκλη-

324 4149 459 4204 σιῶν
488 4151 836 4220 γενομένους,
870 4140 1215 4223 ἀποστολικῷ
1239 4153 1428 4208 κανόνι
1456 4153 1730 4209 καθεῖλεν.
1765 4157 1915 4210 Ἐπι-

323 4238 491 4304 εικῶς
518 4238 575 4294 δὲ
630 4236 698 4312 ἦν
731 4242 830 4303 τὰς
857 4242 1193 4313 χειροτονίας
1224 4243 1708 4316 ἐξακριϐούμενος.
1751 4247 1914 4320 μέγρι

321 4349 385 4386 τε
416 4333 611 4387 ἐολλοῦ
658 4335 756 4405 τὴν
794 4334 1027 4404 βάσανον
1059 4338 1428 4406 παρατείνων,
1465 4340 1558 4394 καὶ
1591 4340 1783 4411 ὥσπερ
1828 4360 1914 4407 τις

322 4424 496 4478 Λυδία
520 4424 664 4488 λίθος
681 4428 739 4477 ἐν
764 4426 1150 4496 τούτῳ,τελῶν,
1172 4427 1315 4482 ὥστε
1332 4432 1460 4494 τοὺς
1490 4433 1914 4503 ἐγκρινομένους

324 4516 387 4568 οὗ
418 4515 691 4587 καθαροὺς
722 4514 862 4570 εἶναι
901 4519 1082 4589 μόνον,
1110 4519 1247 4573 ἀλλὰ
1282 4523 1378 4575 καὶ
1399 4522 1493 4575 τὸν
1518 4524 1721 4595 τρόπον
1748 4526 1914 4594 ἀφιλ-

321 4607 621 4677 αργὺρους,
677 4611 775 4663 καὶ
831 4610 1092 4675 καθάπαξ
1150 4612 1583 4684 ἁνεπιλήπτουςέ
1649 4615 1810 4671 Οὕτω
1856 4618 1914 4672 δὲ

325 4701 616 4766 ἀκριϐείας
648 4702 807 4772 ἔχων,
848 4705 944 4756 καὶ
975 4704 1174 4766 αὐτοὺς
1207 4703 1371 4758 πάλιν
1403 4707 1530 4769 τοὺς
1571 4725 1913 4779 χειροτονου-

330 4792 528 4863 μένους
557 4794 959 4865 διησφαλίζετο,
979 4797 1075 4849 καὶ
1091 4796 1150 4849 τὸ
1174 4795 1268 4848 τοῦ
1299 4795 1626 4852 Ἀποστόλου
1657 4801 1915 4873 παρῄνει,

328 4883 521 4955 μηδενὶ
573 4887 786 4955 ταχέως
828 4891 1014 4957 χεῖρας
1061 4886 1387 4951 ἐπιτιθέναι,
1443 4889 1567 4960 μηδ’
1620 4891 1918 4963 ἁμαρτίαις

324 4981 602 5032 κοινωνεῖν
626 4978 958 5050 ἀλλοτρίαις.
978 4981 1295 5034 ’Δντωνίνον
1312 4982 1410 5053 μὲν
1432 4978 1526 5038 οὖν
1555 4983 1917 5052 ἀπολιπόντος

320 5068 415 5121 τὸν
450 5068 566 5140 βὲον
620 5064 832 5141 (ὥσπερ
883 5071 988 5141 ἤδη
1035 5071 1353 5149 ’φθάσαντες
1394 5074 1794 5146 ἐδηλώσαμεν),
1834 5078 1914 5141 εἰς

321 5159 415 5214 τὸν
476 5162 642 5216 αὐτοῦ
667 5162 860 5234 θρόνον
894 5163 923 5214 ό
955 5164 1129 5234 μέγας
1159 5164 1213 5235 (ἡ
1262 5166 1499 5234 Ἔφεσος
1524 5167 1581 5220 δὲ
1629 5161 1782 5231 οὗτος
1821 5165 1911 5241 ἦν)

333 5254 699 5355 Σιιρακλείδην
747 5259 1084 5330 χειροτονεῖ,
1143 5259 1398 5331 Κύπριον
1461 5260 1562 5329 μὶν
1619 5260 1678 5314 τί)
1731 5261 1911 5329 γένος,

331 5346 527 5399 ἑαυτοῦ
550 5346 606 5401 δὲ
635 5350 906 5406 διάκονον.
942 5347 1076 5406 Εῐτα
1107 5350 1320 5406 πολλῶν
1356 5352 1457 5423 μὲν
1488 5353 1637 5424 βίους
1661 5353 1738 5425 τῷ
1770 5356 1916 5428 λόγῳ

323 5435 688 5510 διακαθάρας,
728 5443 934 5507 πολλὰς
956 5443 1015 5498 δὲ
1049 5444 1272 5498 καὶτῶν
1303 5441 1668 5499 Ναυατιανῶν
1718 5447 1918 5518 ἐκκλη-

327 5528 472 5595 σίας,
527 5533 624 5586 καὶ
665 5530 869 5588 τούτων
906 5534 1028 5589 ὅσαι
1071 5534 1181 5589 τῶν
1234 5537 1917 5606 Τεσσαρεσκαιδεκατιτῶν

400 5692 443 5723 ⁸⁵
477 5691 523 5748 ll
558 5690 731 5750 Maeli.
773 5709 848 5763 ιι,
883 5695 938 5750 5.

2012 3137 2166 3202 bere,
2202 3131 2594 3201 subiungcntes
2627 3143 2640 3179 :
2670 3120 3112 3178 Existimavimus
3130 3117 3292 3172 talem
3320 3129 3440 3170 esse
3469 3127 3602 3168 cou-

2014 3228 2382 3291 suetudinem,
2426 3230 2487 3277 ut
2519 3221 2899 3281 liberaremur,
2947 3213 3187 3277 aiebant,
3221 3225 3251 3265 a
3307 3208 3478 3267 curia.
3515 3205 3603 3260 cui

2014 3336 2233 3379 eramus
2264 3316 2505 3375 obnoxii.
2544 3314 2702 3368 Nunc
2739 3318 2918 3365 autem
2951 3307 2994 3362 si
3038 3305 3121 3361 fas
3165 3303 3385 3374 quidem
3418 3300 3506 3364 sit,
3544 3310 3603 3352 ut

2014 3416 2188 3471 simus
2230 3427 2296 3467 ex
2354 3407 2622 3464 ministris
2673 3401 2937 3459 Ecclesiae
2979 3415 2993 3453 :
3027 3399 3113 3454 sin
3155 3396 3358 3460 minus,
3406 3407 3604 3447 aurum

2015 3508 2233 3570 saltem,
2269 3502 2415 3574 quod
2445 3499 2730 3562 solvimus,
2781 3493 2962 3550 velitis
2984 3490 3145 3546 nobis
3173 3488 3430 3552 reddere,
3462 3500 3606 3540 non-

2014 3601 2149 3657 nulli
2178 3599 2324 3656 enim
2373 3595 2629 3651 dicebant
2668 3592 2746 3655 id,
2779 3588 2924 3660 quod
2954 3586 3194 3642 solutum
3251 3582 3449 3644 fuerat,
3482 3594 3608 3634 esse

2016 3710 2079 3750 ex
2096 3689 2258 3748 bonis
2285 3702 2537 3743 uxorum.
2563 3683 2645 3740 Ad
2682 3683 2800 3737 haec
2824 3694 3052 3750 magnus
3082 3676 3172 3730 ille
3206 3693 3220 3727 :
3254 3674 3383 3745 Ego,
3403 3671 3600 3739 inquit,

2016 3788 2158 3844 dabo
2182 3798 2430 3856 operam,
2463 3789 2522 3835 ut
2553 3793 2649 3834 vos
2691 3792 2719 3832 a
2750 3774 2903 3831 curia
2950 3768 3283 3834 liberemini,
3318 3781 3417 3838 pro
3445 3780 3508 3820 ea
3546 3779 3607 3818 re

2017 3881 2282 3953 petitione
2304 3869 2854 3943 oblataimperatori,
2900 3866 3058 3922 vobis
3093 3872 3276 3917 autem
3322 3857 3606 3932 cuneerit

2016 3971 2264 4032 omnino,
2299 3967 2437 4024 dixit
2486 3976 2789 4019 conversus
2823 3959 2888 4014 ad
2931 3955 3224 4028 synodum,
3275 3960 3337 4007 ut
3362 3951 3442 4006 eis
3469 3964 3606 4006 con-

2017 4069 2324 4124 serventur,
2369 4074 2434 4113 ex
2462 4052 2727 4110 Antonini
2755 4051 2969 4106 scilicet
3019 4044 3351 4107 ha‘redibus,
3392 4057 3456 4097 ea
3487 4056 3610 4112 qua:

2018 4156 2119 4229 ipsi
2143 4155 2447 4211 solverunt.
2473 4148 2729 4204 Protinus
2736 4160 2876 4223 .ergo
2894 4143 3175 4199 decretum
3202 4146 3306 4204 est,
3333 4145 3394 4192 ut
3413 4151 3609 4191 aurum

2018 4249 2238 4321 quidem
2265 4245 2373 4301 illis
2407 4242 2734 4298 redderetur
2764 4255 2779 4293 :
2816 4237 3165 4307 privarentur
3196 4240 3379 4287 autem
3432 4243 3612 4284 sacer-

2019 4343 2191 4399 dotio.
2222 4339 2337 4395 Hoc
2371 4337 2545 4392 solum
2595 4334 2675 4390 eis
2705 4332 2893 4388 datum
2937 4337 3043 4392 est,
3074 4335 3133 4382 ut
3161 4326 3332 4381 altare
3354 4321 3625 4394 ingressi,-

2021 4434 2317 4506 participes
2355 4437 2544 4485 essent
2600 4423 3070 4482 sanctiﬁcatorum
3116 4437 3132 4474 :
3183 4433 3255 4472 ne
3302 4430 3393 4470 res
3447 4413 3610 4484 longe

2021 4528 2258 4602 pessima
2283 4523 2495 4581 veniret
2520 4522 2574 4576 in
2603 4515 3078 4576 consuetudinem,
3108 4511 3192 4567 vel
3216 4505 3606 4569 sacerdotium,

2021 4617 2166 4690 quod
2194 4615 2284 4670 Dei
2318 4614 2523 4670 donum
2555 4623 2676 4666 esse
2707 4607 2960 4683 dicimus,
2992 4609 3140 4658 esset
3198 4597 3393 4654 venale
3441 4610 3611 4666 pecu-

2021 4687 2152 4777 niis,
2187 4715 2244 4762 et
2279 4704 2508 4763 Judaice
2531 4702 2652 4772 ejus
2680 4698 2833 4755 fieret
2857 4694 3187 4766 cauponatio
3210 4692 3278 4746 “.
3323 4689 3460 4744 Cum
3494 4687 3612 4743 haec

2019 4800 2271 4872 pluribus
2291 4797 2486 4853 diebus
2517 4791 2783 4850 canonice
2813 4789 3178 4860 iudicassent,
3215 4791 3271 4839 et
3301 4781 3505 4852 scripta
3553 4779 3608 4833 in

2017 4900 2137 4949 acta
2165 4889 2503 4954 retulissent,
2533 4901 2723 4942 eorum
2752 4882 2873 4938 loco
2899 4879 3244 4936 constituunt
3273 4877 3325 4929 in
3344 4871 3610 4929 Ecclesiis

2015 4987 2167 5041 viros
2199 4983 2369 5039 verbo
2400 4990 2457 5036 et
2483 4980 2592 5035 vita
2646 4985 2891 5034 ornatos.
2927 4972 3043 5028 Non
3085 4973 3185 5026 hos
3213 4977 3393 5023 autem
3427 4965 3606 5021 solum

2016 5078 2109 5151 qui
2141 5084 2409 5133 erantscx
2429 5087 2677 5135 numero,
2705 5069 2802 5133 sed
2822 5067 2956 5123 alios
2987 5060 3448 5136 quoquetotidem
3475 5072 3601 5113 cum

2016 5186 2248 5245 magnus
2275 5168 2364 5225 ille
2397 5167 2701 5222 invenisset
2729 5160 2978 5235 pecuniis
3018 5155 3288 5213 invasisse
3334 5153 3388 5206 in
3424 5149 3602 5205 eccle-

2015 5241 2147 5330 sias,
2202 5277 2299 5318 eos
2332 5258 2702 5318 ecclesiastica
2752 5254 2942 5327 regula
2973 5248 3245 5323 deposuit.
3292 5243 3425 5300 Erat
3453 5241 3601 5298 enim

2016 5356 2109 5413 ille
2160 5369 2284 5411 cum
2349 5353 2403 5408 in
2453 5349 2670 5408 caeteris
2728 5346 2950 5419 quidem
3004 5344 3172 5400 rebus
3220 5332 3613 5397 ecclesiasticis

2017 5456 2210 5504 cautus
2275 5454 2329 5504 et
2389 5444 2658 5516 diligens,
2732 5448 2847 5495 tum
2894 5438 2952 5494 in
3006 5431 3446 5493 ordinationibus
3481 5425 3612 5484 dili-

2019 5535 2378 5610 gentissimus
2431 5544 2487 5590 et
2535 5528 3001 5595 accuratissimus,
3060 5535 3115 5582 et
3165 5524 3258 5581 diu
3300 5517 3612 5593 producent:
