4126 6418
517 216 661 287 1197

514 336 980 393 examinationem
1025 355 1039 392 :

517 428 697 483 solum
730 437 919 485 essent
949 430 1096 500 puri,
1125 430 1218 485 sed
1253 430 1482 485 avaritia
1523 446 1743 502 quoque
1774 430 2110 500 superiores,

514 530 571 577 et
613 522 785 577 semel
835 524 1036 589 dicam,
1075 523 1211 578 nulli
1243 523 1433 579 afﬁnes
1487 524 1930 595 reprehensioni.
1973 523 2111 579 Cum

515 625 698 670 autem
727 626 873 671 esset
901 618 1038 672 adeo
1060 617 1291 689 diligens
1310 627 1367 673 et
1397 628 1710 684 accuratus,
1729 619 1910 673 adhuc
1932 628 2113 673 tamen

514 707 970 763 abundantiorem
997 709 1265 765 adhibens
1309 711 1646 775 cautionem,
1677 711 1963 766 muniebat
1991 726 2109 777 eos,

516 800 610 869 qui
659 801 1083 868 ordinabantur,
1142 812 1199 859 et
1252 804 1334 859 eis
1379 804 1648 859 suadebat
1678 804 1754 870 id,
1789 805 1934 875 quod
1962 815 2113 860 recte

514 891 722 947 dictum
776 903 858 948 est
894 894 963 948 ab
1013 896 1263 964 apostolo
1291 895 1359 958 ⁸⁸,
1404 904 1464 950 ιιι
1510 897 1718 951 nemini
1769 913 1963 953 manus
1999 899 2110 954 cito

515 982 888 1053 imponerent,
910 1002 1092 1056 neque
1120 987 1317 1043 alienis
1348 989 1588 1059 peccatis
1614 990 2106 1045 communicarent.

514 1073 584 1129 Et
610 1076 724 1130 haec
759 1078 981 1138 quidem
1017 1078 1090 1132 ita
1122 1094 1181 1133 se
1223 1080 1520 1134 habebant.
1547 1079 1681 1133 Cum
1723 1090 1907 1134 autem
1938 1080 2111 1136 Anto-

512 1169 699 1234 ninus,
732 1180 793 1222 ut
818 1172 1079 1235 diximus,
1100 1186 1131 1226 e
1163 1176 1270 1226 vita
1300 1178 1650 1235 excessisset,
1680 1175 1736 1226 in
1772 1175 1893 1243 ejus
1917 1176 2106 1231 sedem

520 1273 758 1325 magnus
788 1262 991 1332 ille‘(ra
1024 1274 1207 1318 autem
1240 1275 1358 1319 erat
1383 1264 1657 1335 Ephesus)
1681 1268 1901 1323 ordinat
1931 1272 2104 1325 ﬂera-

1722 220 2011 291 MENSIS
2048 217 2515 284 JANUARIUS.

1093 336 1230 393 adeo
1282 348 1345 393 ut
1393 338 1484 410 qui
1518 338 1937 409 coaptabantur,
2000 351 2111 390 non

2218 336 2491 405 λέγονται,
2558 337 2753 402 πείσας
2805 337 3143 409 μεταμαθεῖν
3191 337 3253 392 τδ
3302 333 3607 408 ὁρθόδοξον,
3666 333 3831 387 ἄλλα·

3653 214 3817 282 1128

2213 452 2270 487 τε
2295 433 2467 487 πλείω
2490 433 2588 486 καὶ
2627 431 3135 496 ἀποστολικώτατα,
3177 431 3277 485 καὶ
3326 430 3425 501 τῆς
3455 425 3624 482 αὐτοῦ
3677 427 3817 492 ἄξια

2214 522 2310 574 καὶ
2341 521 2572 591 γνώμης
2620 522 2715 575 καὶ
2747 520 3001 591 γλώττης
3056 518 3527 590 διαπραξάμενος,
3579 519 3661 580 είς
3708 517 3827 588 τὴν

2215 610 2611 682 βασιλεύουσαν
2647 611 3038 683 ἐπανέρχεται,
3091 612 3189 664 κοιλ⁹
3212 607 3280 682 ἧν
3315 611 3506 681 ὥσπερ
3536 609 3824 680 πρότερον

2211 705 2320 758 τῶν
2361 703 2612 774 συνήθων
2640 703 2817 775 ἔργων
2842 706 2931 757 ἐπι
2941 703 3295 773 μελούμενος.
3327 702 3409 756 Τὰ
3433 702 3489 755 δὲ
3509 696 3599 774 ἦν,
3618 700 3825 771 χηρῶν

2214 799 2567 871 προστασίαι,
2599 798 2853 870 ὀρφανῶν
2890 797 3230 869 ἀντιλήψεις,
3275 796 3657 864 ἀδικουμένων
3679 797 3821 847 ἐπι-

2206 882 2453 964 ’κουρίαι,
2488 892 2550 945 τὸ
2582 894 2814 947 πάντων,
2846 890 3127 961 μέγιστον,
3161 889 3505 960 χειραγωγία
3532 887 3652 957 βίου
3669 884 3823 956 προς
3908 944 3920 953 .

2209 989 2435 1060 ἀρετὴν,
2464 985 2559 1041 καὶ
2585 984 2775 1057 ψυχῶν
2798 983 3087 1053 ἐπιμέλεια
3107 999 3122 1013 ’
3178 983 3317 1053 πρὸς
3348 981 3376 1034 ὃ
3405 981 3527 1035 καθ’
3560 980 3821 1047 ἑκάστην

2210 1082 2506 1154 ήγλῶττα,
2551 1079 2613 1131 οὐ
2648 1076 2793 1132 κατά
2843 1094 2997 1140 τινας
3023 1075 3086 1146 δὴ
3132 1075 3376 1155 ψεκᾲδας
3402 1074 3630 1141 ἀφιεῖσα
3672 1072 3820 1133 τοὺς

2207 1178 2424 1247 λόγους,
2472 1173 2610 1229 ἀλλὰ
2661 1171 2927 1243 κρουνοὺς
2977 1169 3118 1233 ὅλως
3169 1166 3430 1238 ἐμμελῶς
3488 1164 3816 1230 ὐετίζουσα,

2209 1271 2493 1344 παρώρμα
2521 1267 2584 1321 τὸ
2611 1264 2844 1336 πλῆθος.

513 1351 733 1417 clidem,
767 1368 968 1423 genere
995 1354 1216 1420 quidem
1246 1353 1534 1425 Cyprium,
1587 1373 1749 1412 suum
1801 1370 1987 1416 autem
2014 1366 2329 1423 diaconum.
2372 1361 2580 1419 Deinde
2642 1374 2766 1414 cum
2838 1356 3137 1411 multorum
3206 1350 3426 1426 quidem
3473 1352 3641 1408 vitam
3695 1366 3826 1405 ser-

514 1457 678 1498 mone
711 1448 1085 1516 expurgasset,
1117 1447 1304 1502 multis
1327 1463 1457 1502 vero
1475 1448 1903 1507 Novatianorum
1946 1456 2231 1525 Ecclesiis,
2269 1470 2561 1521 eteorum,
2604 1452 2974 1525 quidicuntur
3021 1446 3622 1504 Tessaresltaedccatitze
3670 1444 3824 1509 (lli),

515 1538 874 1606 persuasi-set
908 1555 937 1591 a
965 1539 1131 1607 priuri
1167 1542 1424 1596 recedere
1453 1542 1735 1612 opinione,
1770 1555 1827 1600 et
1862 1551 2100 1608 transire
2139 1554 2207 1610 ad
2273 1550 2660 1613 orthodoxam,
2697 1555 2753 1601 et
2819 1544 2921 1600 alia
2959 1542 3181 1598 fecisset
3218 1542 3450 1612 plurima
3487 1552 3539 1596 et
3570 1541 3827 1594 maxime

513 1632 830 1701 ap05t0lica,
863 1633 1136 1703 dignaque
1171 1629 1296 1704 'ejus
1329 1646 1515 1694 mente
1567 1649 1620 1694 et
1668 1641 1876 1712 lingua,
1942 1647 2012 1701 ad
2078 1650 2299 1705 urbium
2362 1649 2610 1719 reginam
2676 1643 2969 1698 revertitur
3008 1642 3098 1696 ille
3133 1654 3356 1702 aureus,
3410 1646 3637 1707 eratque
3666 1636 3827 1691 sicut

515 1730 666 1799 prius
715 1732 1290 1805 orationuincmlcsti
1343 1735 1687 1792 nutrimento
1720 1742 1995 1808 nutriens,
2055 1753 2112 1800 et
2144 1757 2535 1801 consuetorum
2559 1754 2787 1812 operum
2841 1733 3364 1808 curamgerens.,Ea
3383 1743 3564 1788 autem
3626 1743 3821 1789 erant.

511 1835 643 1876 cum
673 1821 981 1885 viduarum.
1012 1824 1262 1880 defensio
1291 1828 1687 1907 orphanorum,
1729 1849 1943 1900 eorum,
1997 1837 2090 1907 qui
2136 1849 2297 1895 erant
2359 1838 2591 1911 neglecti
2648 1845 2703 1891 et
2728 1832 2945 1904 injuriis
2976 1830 3136 1885 facile
3168 1830 3447 1898 patebant,
3481 1827 3751 1882 auxilium
3798 1841 3823 1886 :

511 1921 569 1970 et
611 1916 757 1985 quod
782 1927 898 1972 erat
943 1919 1189 1982 omnium
1217 1920 1538 1986 maximum,
1575 1925 1703 1979 vitae
1733 1926 1990 1985 deductio
2059 1931 2128 1986 ad
2167 1934 2422 1987 virtutem
2461 1941 2516 1987 et
2575 1945 2707 1985 cura
2742 1928 3073 1990 animarum,
3131 1924 3197 1978 ad
3258 1923 3406 1993 quod
3456 1922 3672 1994 egregia
3719 1920 3824 1976 illa

512 2009 695 2081 lingua
735 2027 843 2065 non
886 2021 1147 2079 tanquam
1208 2014 1450 2068 tninutas
1497 2016 1642 2071 roris
1707 2029 1888 2089 guttas
1918 2023 2084 2078 verba
2108 2025 2391 2093 emittens,
2414 2025 2509 2080 sed
2543 2033 2687 2078 totos
2713 2022 2893 2076 fontes
2925 2029 3052 2088 apte
3089 2027 3143 2072 et
3169 2030 3465 2070 numerose
3523 2015 3827 2071 effundens

512 2110 777 2178 populum
807 2109 1094 2165 incitabat.
1538 2114 1539 2117 “

584 2266 778 2325 XXXI.
813 2269 1013 2324 Verum
1044 2272 1327 2329 enimvero
1362 2288 1486 2328 cum
1515 2284 1623 2330 tam
1658 2277 1888 2346 pulchre
1914 2295 1976 2335 se
2001 2280 2104 2336 ha-

2281 2284 2410 2338 AA'.
2445 2279 2596 2347 Πλὴν
2622 2273 2763 2330 ἀλλὰ
2791 2274 2890 2343 τῆς
2933 2267 3270 2337 Ἔκκλησίας
3299 2265 3445 2320 οὕτω
3471 2263 3651 2328 καλῶς
3676 2263 3825 2332 ἀγο-

516 2361 674 2416 heret
712 2361 975 2428 ECclesia,
1024 2373 1079 2416 et
1132 2363 1186 2417 in
1216 2381 1413 2436 magna
1460 2377 1647 2437 ageret
1685 2371 2103 2440 tranquillitate,

513 2455 694 2525 gravis
717 2454 936 2510 irruens
966 2457 1225 2525 procella,
1256 2475 1484 2530 magnos
1515 2461 1564 2515 ei
1596 2460 1797 2517 ﬂuctus
1826 2463 2105 2521 excitavit.

513 2546 649 2601 Nam
681 2564 804 2603 cum
832 2550 922 2604 ille
953 2551 1117 2607 homo
1148 2552 1242 2607 Dei
1282 2563 1337 2609 et
1361 2554 1618 2625 vitiorum
1644 2556 1841 2612 animae
1863 2555 2111 2614 medicus

513 2642 1021 2707 artificiosissimus,
1062 2649 1119 2703 ét
1157 2648 1265 2702 alia
1314 2649 1537 2719 quidem
1576 2650 1828 2707 studeret
1884 2668 2112 2729 magno-

514 2752 645 2808 pere
675 2753 909 2805 curare,
960 2739 1200 2795 maxime
1256 2750 1439 2796 autem
1491 2744 1795 2811 pessimum
1839 2752 1895 2799 et
1931 2744 2110 2801 illibe-

438 2852 443 2853 ί
513 2831 874 2898 ralissimum,
908 2842 965 2888 et
1000 2834 1237 2889 aliorum
1258 2836 1507 2891 omnium
1538 2836 1657 2893 fere
1688 2838 1951 2894 vitiorum
1980 2855 2110 2894 cau-

514 2938 653 2987 sam,
685 2939 886 2994 nempe
939 2927 1251 2994 avaritiam,
1292 2941 1349 2982 et
1387 2928 1444 2982 in
1473 2943 1596 2983 eam
1645 2929 1897 2999 quotidie
1933 2928 2109 2986 vehe-

514 3022 735 3069 menter
761 3014 1134 3083 inveheretur,
1158 3033 1273 3072 non
1304 3033 1463 3088 aequo
1494 3019 1679 3075 animo
1706 3019 1973 3082 tulerunt,
2007 3018 2103 3088 qui

516 3099 646 3156 huic
688 3100 820 3156 vitio
855 3105 1191 3168 serviebant,
1249 3122 1403 3161 suam
1437 3115 1495 3164 et
1535 3109 1708 3164 solius
1734 3110 1946 3179 plagam
1987 3125 2107 3165 eam

514 3207 632 3246 rem
685 3208 807 3249 esse
873 3198 1253 3267 unusquisque
1311 3200 1676 3267 existimans,
1749 3202 1965 3257 etiamsi
2018 3201 2111 3256 ille

516 3298 626 3337 non
664 3286 829 3340 ullam
876 3303 1166 3357 personam
1231 3291 1481 3359 privatim
1545 3293 1962 3364 perstringeret,
2015 3294 2111 3351 sed

515 3380 887 3433 communiter
931 3390 990 3435 et
1040 3382 1273 3438 obscure
1312 3384 1543 3440 inferret
1577 3385 2108 3455 reprehensionem;

515 3467 689 3535 prima
738 3480 921 3523 autem
971 3484 1039 3524 ex
1085 3472 1244 3539 aliis,
1290 3482 1347 3528 et
1393 3474 1569 3545 prima
1617 3490 1685 3528 ex
1722 3475 1813 3542 iis,
1858 3475 1953 3545 qui
1993 3475 2114 3545 ejus

516 3574 705 3614 amore
757 3561 1112 3628 tenebantur,
1147 3562 1423 3632 Eudoxia,
1458 3582 1622 3638 quam
1654 3582 1722 3622 ex
1761 3568 1953 3623 auditu
1988 3567 2111 3637 qui-

2221 2376 2411 2446 μένης,
2442 2372 2540 2425 καὶ
2603 2368 2846 2438 γαλήνην
2886 2364 3004 2418 οἵαν
3060 2361 3295 2433 ἐχούσης
3327 2358 3572 2431 βαθεῖαν,
3604 2355 3825 2428 λαῖλαψ

2216 2461 2564 2521 ἐπεισπεσὼν
2632 2462 2826 2530 ἄγριος
2887 2457 3145 2528 χαλεπῶς
3212 2451 3384 2523 αὐτὴν
3442 2448 3816 2521 ἐξεκύμηνεν.

2215 2531 2505 2625 Ἔπεηὰρ
2530 2556 2559 2608 ὁ
2586 2552 2682 2606 τοῦ
2715 2549 2853 2606 Θεοῦ
2889 2550 3198 2620 ἄνθρωπος,
3236 2547 3331 2600 καὶ
3354 2545 3465 2599 τῶν
3500 2543 3596 2615 τῆς
3632 2542 3823 2615 ψυχῆς

2228 2650 2423 2706 παθῶν
2455 2646 2641 2718 ἰατρὸς
2683 2643 3095 2714 εὑτεχνὸτατος,
3121 2640 3215 2693 καὶ
3239 2638 3410 2692 τᾶλλα
3453 2637 3553 2708 μὲν
3580 2632 3695 2707 εἶχε
3723 2636 3813 2691 διὰ

2220 2744 2460 2814 σπουδῆς
2495 2737 2843 2813 θεραπεύειν,
2871 2736 3108 2806 μάλιστα
3136 2733 3182 2786 δ’
3209 2732 3301 2786 οὖν
3343 2733 3405 2785 τὸ
3427 2730 3816 2799 κακοηθέστα-

2216 2837 2311 2891 τόν
2338 2853 2397 2889 τε
2435 2834 2533 2889 καὶ
2562 2825 3100 2899 ἀνελευθερώτατον,
3139 2822 3365 2878 καὶτῶν
3394 2820 3574 2878 ἄλλων
3623 2818 3829 2874 παθῶν

2220 2931 2441 2985 πάντων
2491 2924 2679 2996 σχεδὸν
2736 2919 3067 2977 αἰτιώτατον
3107 2918 3209 2986 τὴν
3240 2914 3661 2987 οφιλαργυρίαν,
3718 2913 3825 2967 καὶ

2220 3023 2388 3084 πολὺς
2439 3014 2513 3090 ἦν
2558 3018 2821 3072 ἑκάστοτε
2857 3014 2981 3068 κατ’
3013 3011 3185 3081 αὐτῆς
3237 3008 3402 3081 ῥέων,
3435 3009 3538 3061 οὐκ
3568 3009 3827 3077 ἦνεγκαν

2219 3115 2272 3168 οἱ
2299 3112 2376 3183 τῷ
2403 3110 2568 3165 πάθει
2593 3107 2769 3179 τούτῳ
2796 3103 3166 3166 δουλεύοντες,
3204 3101 3297 3154 καὶ
3334 3099 3530 3170 πρώτη
3561 3099 3672 3152 τῶν
3722 3098 3826 3151 ἄλ-

2218 3207 2327 3261 λων
2357 3206 2391 3275 ἡ
2426 3205 2522 3258 καὶ
2575 3200 2770 3272 πρώτη
2823 3200 2933 3252 τῶν
2988 3191 3522 3268 ἐραστῶν,πλούτου
3582 3190 3825 3258 Εὐδοξία

2222 3301 2384 3371 (ἀκοῇ
2442 3298 2643 3358 πάντες
2680 3296 2796 3347 ἴστε
2839 3292 2938 3362 τὴν
2981 3289 3250 3362 βασιλίδα,
3293 3288 3391 3341 καὶ
3423 3287 3575 3350 ὅπως
3599 3285 3826 3355 οἰκτρό-

2221 3408 2361 3457 τατα.
2390 3390 2611 3444 πάντων
2639 3387 2825 3454 ἐκείνη
2855 3383 2933 3452 τῷ
2959 3381 3063 3451 τῆς
3096 3377 3468 3451 φιλαργυρίας
3499 3376 3829 3430 ἐδούλευσεν

2222 3483 2434 3555 ἔρωτι),
2474 3479 2723 3546 καίτοιγε
2768 3476 2845 3547 μὴ
2869 3472 3004 3544 πρὸς
3039 3473 3232 3543 ὄνομα,
3274 3470 3412 3542 μηδὲ
3466 3466 3821 3538 ὡρισμένως,

2223 3576 2360 3631 ἀλλὰ
2417 3570 2615 3633 κοινῶς
2654 3566 2823 3622 αὐτοῦ
2875 3566 2970 3621 καὶ
3001 3565 3213 3636 ἀδήλως
3241 3563 3367 3623 τοὺς
3419 3561 3681 3629 ἐλέγχους
3717 3561 3825 3612 ἐπ·

517 3650 642 3705 dem
671 3668 865 3707 omnes
894 3655 1066 3720 scitis.
1117 3672 1242 3711 cum
1273 3668 1424 3713 esset
1478 3658 1534 3728 (ο
1563 3659 1827 3732 dedecus)
1861 3661 2112 3731 pecunia:

2220 3673 2471 3741 ἀγοντος.
2505 3664 2669 3721 Ἀλλὰ
2694 3664 2802 3735 γὰρ
2820 3660 2993 3715 δεινὸν
3018 3661 3235 3721 πάντως
3259 3656 3490 3727 καρδίαν
3523 3654 3728 3722 πλῆξαι
3761 3653 3835 3706 τὸ

518 3745 718 3800 ancilla
759 3747 1103 3817 imperatrix.
1165 3750 1272 3805 Sed
1333 3753 1482 3807 cnim
1533 3770 1722 3809 revera
1765 3770 1990 3827 magnas
2048 3754 2117 3810 ad

518 3835 825 3892 feriendum
882 3839 1026 3895 vires
1085 3841 1252 3898 habet
1292 3845 1671 3915 conscientia,
1722 3862 1846 3902 cum
1900 3846 2115 3911 etiamsi

518 3929 704 3984 nullus
762 3932 907 3987 alius
973 3946 1226 3999 moveat,
1284 3937 1400 4007 ipse
1456 3940 1680 4009 quidem
1736 3942 2119 4012 unusquisque

519 4037 619 4092 per
652 4038 733 4087 se,
767 4041 878 4080 non
901 4028 1178 4096 possimus
1207 4029 1353 4085 ferre
1389 4032 1536 4087 illius
1575 4034 1779 4104 plagas.
1826 4034 1953 4090 llaec
1988 4050 2120 4106 ergo

520 4122 631 4168 tam
659 4116 856 4189 misere
887 4118 1104 4183 atl'ecta.
1132 4135 1459 4178 communes
1484 4124 1607 4179 illas
1627 4125 2114 4193 reprehensiones,

521 4205 606 4261 sui
647 4221 770 4262 esse
813 4209 1005 4271 solius,
1059 4221 1121 4266 ut
1160 4212 1272 4282 jam
1330 4199 1593 4279 diiimus,
1648 4224 1706 4271 et
1742 4232 1854 4270 non
1883 4217 2121 4287 alicujus

522 4297 769 4363 alterius,
823 4315 948 4355 esse
1013 4303 1378 4360 existimabat.
1461 4307 1676 4362 Accidit
1742 4320 1926 4363 autem
2021 4308 2120 4362 ali-

521 4391 657 4461 quid
685 4393 980 4462 ejusmodi,
1007 4398 1152 4467 quod
1180 4400 1230 4455 ei
1273 4402 1560 4457 materiam
1587 4406 1820 4474 praebuit
1843 4405 2121 4462 ulciscen-

521 4482 578 4539 di
612 4499 761 4551 cum,
817 4488 910 4557 qui
949 4491 1412 4559 reprehendebat.
1453 4494 1511 4549 Id
1552 4512 1684 4552 vero
1721 4497 1801 4554 sic
1836 4498 2119 4554 habebat:

522 4586 642 4632 erat
672 4577 758 4631 vir
797 4580 1026 4648 quidam
1051 4581 1557 4657 Constantinopoli,
1602 4590 1827 4646 nomine
1865 4589 2122 4647 Theodo-

522 4668 694 4735 ricus,
720 4669 985 4739 dignitate
1009 4674 1299 4744 patricius,
1331 4679 1540 4735 divitiis
1559 4691 1745 4737 autem
1761 4684 1923 4740 valde
1942 4684 2120 4739 abun-

526 4759 686 4816 dans.
720 4762 853 4833 Ejus
892 4780 1025 4837 ergo
1058 4767 1288 4824 divitias
1316 4770 1403 4826 illa
1436 4772 1754 4831 liberalibus
1805 4778 1981 4832 oculis
2010 4793 2120 4833 non

527 4852 773 4921 intuens,
804 4871 1008 4928 easque
1038 4876 1167 4917 suas
1192 4861 1376 4919 facere
1412 4866 1573 4922 valde
1620 4868 1877 4938 cupiens,
1905 4885 2121 4941 quare—

525 4944 623 5002 bat
642 4947 887 5013 modum,
913 4966 1011 5021 per
1049 4969 1213 5023 quem
1259 4966 1446 5022 posset
1474 4959 1690 5028 assequi
1720 4960 1868 5030 quod
1900 4960 2122 5016 deside-

2218 3754 2474 3824 συνειδὸς·
2503 3761 2637 3814 ὅπου
2668 3774 2733 3827 γε
2765 3757 2859 3810 καὶ
2886 3754 3116 3826 μηδενὸς
3142 3751 3251 3805 τῶν
3268 3750 3447 3804 ἄλλων
3471 3745 3819 3801 ὑποκινοῦν-

2214 3875 2326 3923 τος,
2354 3856 2517 3919 αὑτός
2548 3870 2611 3923 γε
2648 3850 2775 3905 καθ’
2815 3850 3010 3904 cauri»)
3027 3848 3261 3907 ἕκαστος
3285 3845 3384 3913 οὐχ
3415 3837 3521 3895 οἷοί
3552 3839 3612 3895 τέ
3648 3842 3823 3909 ἐσμεν

2217 3951 2318 4014 τὰς
2347 3947 2516 4004 αὐτοῦ
2548 3948 2821 4017 μάστιγας
2860 3939 3201 4010 διαφεύγειν.
3242 3934 3398 4005 Αὕτη
3434 3932 3616 3988 τοίνυν
3641 3929 3826 3996 οὕτως

2220 4041 2422 4103 ἀθλίως
2456 4039 2552 4093 καί
2590 4035 2847 4109 χαλεπῶς
2900 4034 3120 4104 ἐχουσα,
3153 4031 3282 4093 τοὺς
3314 4025 3528 4089 κοινοὺς
3560 4025 3827 4093 ἐλέγχους

2220 4133 2316 4188 καὶ
2351 4131 2743 4202 ἁπροσώπους,
2778 4125 2953 4195 αὐτῆς
2977 4121 3120 4177 εἶναι
3149 4122 3319 4192 μόνης
3355 4119 3451 4174 καὶ
3489 4117 3591 4171 οὐκ
3654 4115 3826 4169 ἄλλου

2197 4242 2313 4278 στου
2368 4219 2747 4289 ὑπελάμϐανε.
2803 4214 3030 4286 Συμϐὰν
3083 4213 3141 4266 δέ
3172 4230 3228 4266 τι
3268 4209 3511 4264 τοιοῦτον
3561 4208 3655 4260 καὶ
3685 4204 3827 4276 ὕλην

2220 4316 2360 4384 αὐτῇ
2417 4312 2735 4384 παρέσχεν,
2784 4306 2927 4361 ὥστε
2957 4303 3275 4376 ἀμύνασθαι
3324 4301 3418 4355 τὸν
3477 4298 3777 4368 ἐλέγχοντα
3806 4313 3822 4328 ο

2233 4405 2402 4476 Ἀνήρ
2425 4421 2511 4476 τις
2557 4399 2627 4474 ἦν
2651 4403 2710 4454 ἐν
2748 4402 2814 4470 τῇ
2881 4397 3303 4473 Κωνσταντίνου
3366 4393 3467 4465 τὴν
3511 4392 3673 4459 ἀξίαν
3723 4406 3828 4444 πα-

2220 4475 2471 4569 τρίκιοςῖ
2492 4494 2733 4564 τοῦνομα
2779 4490 3120 4563 θεοδέριχος,
3154 4486 3393 4542 πλούτου
3451 4478 3829 4555 περιττότατα

2222 4592 2383 4663 ἔχων,
2424 4588 2634 4643 Τούτου
2687 4584 2987 4657 τοιγαροῦν
3034 4583 3126 4638 τὸν
3165 4580 3401 4635 πλοῦτον
3438 4579 3539 4632 οὐκ
3597 4576 3830 4645 ἀγαθοῖς

2220 4686 2469 4757 δμμασιν
2534 4681 2721 4751 ἐκείνη
2782 4675 3124 4748 Θεασαμένη,
3182 4673 3278 4728 καὶ
3333 4670 3539 4757 ἑαυτῆς
3597 4667 3831 4736 ποιῆσαι

2224 4754 2423 4849 κομιδῇ
2459 4772 2783 4850 γλιχομένη,
2816 4769 3024 4842 τρόπον
3076 4767 3283 4837 ἐζήτει,
3343 4763 3411 4816 δι’
3468 4754 3640 4831 οὗπερ
3682 4761 3830 4832 αὐτῇ

2222 4871 2435 4938 γένοιτο
2458 4867 2522 4922 τὸ
2559 4862 3003 4934 σπουδαζόμενον
3030 4859 3307 4915 διανῦσαι.
3353 4856 3511 4911 Ἐπεὶ
3540 4854 3599 4908 δὲ
3628 4853 3832 4922 διηπό-

2227 4978 2311 5035 ρει
2347 4961 2464 5032 (καῖ
2490 4959 2598 5028 γὰρ
2627 4953 3137 5025 ἐκεῖνοςόὐδεμίαν
3182 4951 3356 5006 ἐδίδου
3386 4948 3608 5019 λαϐὴν),
3638 4946 3837 5000 τίποι-

527 5040 704 5097 rahat.
728 5041 869 5097 Cum
899 5059 961 5099 ea
1015 5055 1200 5101 autem
1235 5047 1405 5103 dubia
1432 5058 1578 5105 esset
1607 5029 1776 5106 animi
1819 5054 1935 5125 (ille
1967 5053 2113 5108 enim

2227 5029 2316 5119 εἰς
2357 5029 2469 5107 *καὶ
2521 5051 2649 5105 τίνα
2703 5049 2907 5121 τρόπον
2946 5043 3280 5116 ἐπιτηδεύει,
3323 5042 3425 5115 τὴν
3491 5041 3683 5097 οὐσίαν
3727 5037 3835 5093 τοῦ

527 5132 733 5190 nutlam
760 5134 927 5191 dabat
953 5137 1187 5208 ansam).
1211 5139 1345 5208 quid
1368 5137 1536 5196 facit?
1557 5139 1877 5198 Publieandi
1895 5143 2118 5214 quidem

527 5225 652 5294 eius
677 5225 823 5282 bona
867 5228 1015 5299 capit
1041 5229 1369 5298 consilium;
1419 5234 1515 5288 sed
1552 5248 1683 5290 cum
1712 5251 1819 5291 noc
1874 5236 2122 5291 studeret

529 5321 713 5380 ﬁcere
754 5338 869 5381 non
908 5332 1149 5395 aperte,
1205 5327 1476 5399 signiﬁcat
1520 5331 1597 5396 ei,
1637 5330 1730 5404 qui
1779 5332 2116 5404 possidebat.

601 5483 647 5515 ιι
670 5483 695 5538 ι
720 5483 863 5541 Tim.
888 5502 943 5553 τ,
970 5486 1065 5542 se.
1216 5462 1219 5465 ’

604 5671 764 5745 (t6)A
780 5712 811 5730 ι.
838 5674 1538 5734 Τθεεοτρειιιιξᾱοιίεςοιὶιεε.

2232 5144 2425 5216 ἀνδρὸς
2457 5141 2732 5214 δημεῦσαι
2759 5136 3179 5203 exauditae“;
3216 5132 3473 5204 Φανερῶς
3525 5130 3682 5201 αὐτῷ
3726 5146 3837 5201 μη-

2229 5237 2347 5291 νύει
2384 5237 2646 5309 χρήματα
2683 5232 2764 5305 τῷ
2789 5228 2957 5303 κοινῷ
2976 5229 3221 5284 δανεῖσαι
3252 5227 3401 5297 πρὸς·
3424 5224 3613 5296 χρείαν
3644 5221 3835 5275 αὐτῶν

2227 5331 2420 5405 ἥκοντι
2443 5331 2585 5386 κατὰ
2605 5326 2803 5391 πολλὰς
2827 5324 2972 5411 ἄρτι,
2990 5322 3144 5395 φησι,
3168 5320 3264 5386 τὰς
3282 5318 3597 5391 κινηθείσας
3619 5315 3835 5384 αἰτίας.
