4126 6410
531 311 558 377 Ἰ
580 308 667 376 ί31
1542 376 1549 383 ι
1782 309 2072 374 MENSIS
2102 311 2563 376 JANUARIUS.
2748 366 2757 378 ι
3691 306 3715 389 l
3732 305 3848 379 132

516 432 645 494 ‘riit.
675 431 886 487 habens
915 429 1121 485 multos
1166 443 1388 500 quoque
1434 428 1597 494 alios,
1629 432 1723 500 qul
1755 428 1893 485 iram
1922 445 2123 486 accen-

2233 428 2429 487 ἑαυτοῦ
2456 431 2723 504 ἐρεθίσαι,
2753 431 2852 487 καὶ
2884 432 3108 502 κινῆσαι
3138 428 3266 503 τοὺς
3296 427 3615 499 ἀμύνασθαι
3662 429 3843 482 δυνα-

538 523 761 580 debant'.
810 517 964 589 Quod
1008 531 1191 589 autem
1242 520 1333 576 ille
1374 521 1603 592 periculi
1640 522 1846 577 nullam
1891 522 2128 578 ducebat

2233 524 2453 594 μένους,
2475 525 2561 594 ἐφ’
2583 520 2666 589 οἷς
2690 524 3022 596 ἰδ’παριδεῖν
3048 542 3100 579 τι
3125 515 3459 593 παροργίσαι
3483 521 3618 575 Θεὸν
3647 514 3718 593 ἦν
3738 521 3849 576 καὶ

534 616 823 680 rationem,
856 624 914 671 et
946 615 1010 693 in,
1030 630 1090 671 se
1128 614 1377 669 irritandi
1408 614 1725 693 crabrones,
1781 624 1837 671 et
1868 614 2125 670 movendi

2233 612 2329 679 τῆς
2360 611 2526 667 αὐτοῦ
2557 614 2811 668 ἐκπεσεῖν
2856 614 3090 678 εὐνοίας,
3136 600 3329 683 καιρὸς
3369 613 3469 693 ἤδη
3514 611 3841 666 διδάσκειν’

531 723 650 772 eos,
680 709 771 778 qui
802 690 1194 779 ipsumesscnt
1243 688 1450 783 lmsuri,
1492 707 1546 761 in
1580 706 1667 767 iis,
1698 707 1752 761 in
1787 706 1987 777 quibus
2021 705 2123 760 ali-

2236 705 2439 775 μᾶλλον
2467 708 2523 761 δὲ
2558 708 2654 763 καὶ
2680 709 2830 774 ὅπως
2854 710 2909 764 αἱ
2942 708 3064 762 κατ’
3087 707 3253 761 αὑτοῦ
3280 688 3452 777 όρμαλ
3488 702 3844 778 πρὶιςἜργον

531 801 661 871 quid
707 802 1004 873 negligere,
1063 787 1183 857 erat
1250 800 1534 855 Deum-ad
1559 800 1692 854 iram
1715 814 2040 870 provocare,
2072 806 2128 854 et

2234 798 2480 868 ἐχώρουν
2516 800 2670 872 παρὰ
2702 801 2811 855 τῶν
2842 803 3149 872 μισούντων
3185 799 3470 870 ἐλέγχους,
3499 798 3592 853 καὶ
3631 794 3846 851 ἀνίατα

530 895 788 950 excidere
828 896 896 950 ab
924 897 1045 963 ejus
1084 894 1488 953 benevolentia.
1522 895 1633 963 jam
1665 902 1749 948 cst
1778 901 1993 961 tempus
2024 890 2125 944 doc

2233 893 2410 943 νοσεῖν
2442 890 2737 962 ἑλομένων.
2996 943 3002 949 .
3494 957 3503 964 ,

533 1002 661 1043 cere
694 1007 708 1045 :
744 988 854 1043 imo
890 1003 1022 1043 vero
1055 987 1333 1059 quomodo
1376 987 1453 1042 ira
1495 987 1548 1040 in
1593 1002 1717 1042 eum
1756 983 2003 1055 eruperit
2053 980 2122 1036 ab
2162 980 2251 1047 iis,
2321 982 2414 1053 qui
2464 974 2702 1040 oderunt
2771 986 3127 1057 reprehendi,
3162 994 3218 1039 et
3254 1000 3393 1056 quos
3429 978 3690 1039 avertere
3748 991 3842 1037 c.t

518 1085 772 1146 ‘diﬂirile,
800 1095 861 1140 ut
882 1086 971 1155 qui
1006 1086 1364 1153 lubenterhut
1395 1085 1593 1140 dicitur
1624 1101 1681 1140 se
1710 1083 1980 1138 atl'ricant.
2022 1106 2025 1107 ν

603 1177 825 1235 XXXII.
859 1178 1054 1233 Mulier
1081 1179 1328 1257 quaedam
1349 1176 1531 1237 vidua,
1564 1177 1785 1230 nomine
1802 1174 2121 1241 Callitrope,

524 1266 788 1327 'halsitans
822 1269 1241 1333 Alexandriam,
1291 1268 1538 1324 defertur
1584 1269 1649 1322 ad
1682 1267 1995 1323 Paulacium
2020 1267 2125 1322 du-

534 1376 654 1419 cem
714 1360 1009 1422 exercitus,
1038 1363 1129 1432 qui
1188 1371 1321 1417 tunc
1356 1351 1581 1432 quidem
1618 1362 1964 1418 Alexandri-.e
2007 1362 2127 1417 Au-

533 1455 798 1528 gustalcm
828 1455 1246 1514 administrabat
1273 1456 1676 1523 magistratum,
1714 1457 1958 1522 pecunia:
1993 1471 2124 1510 vero

532 1560 731 1619 magno
760 1564 947 1604 amore
971 1549 1285 1604 tenebatur.
1325 1540 1578 1604 Defertur
1612 1559 1821 1615 autem,
1845 1550 1989 1621 quod
2033 1546 2119 1604 illa

531 1644 839 1698 abundaret
875 1642 1147 1712 pecuniis,
1183 1651 1241 1697 et
1290 1649 1436 1697 esset
1475 1642 1633 1721 valde
1681 1640 1835 1697 dives
1871 1659 1886 1697 :
1920 1650 1977 1697 et
1999 1642 2123 1699 ideo

2302 1166 2464 1238 Χήρα
2491 1184 2577 1232 τις
2607 1168 2764 1241 γυνὴ,
2800 1168 3041 1241 τοῦνομα
3066 1213 3078 1223 .
3109 1163 3489 1243 Καλλιτρόπη.
3540 1171 3644 1240 τὴν
3678 1171 3841 1224 Ἀλι-

2231 1258 2461 1330 ξάνδρου
2522 1261 2680 1315 πόλιν
2718 1262 2967 1328 οἰκοῦσα,
3008 1262 3305 1335 Παυλακίῳ
3347 1265 3425 1336 τῷ
3477 1263 3841 1335 στρατηλάτῃ

2229 1354 2575 1411 διαϐάλλεται
2634 1358 2736 1423 τὴν
2784 1346 3237 1428 Λύγουστάλικὴν
3312 1358 3434 1412 τότε
3491 1359 3671 1429 ἀρχὴν
3737 1360 3843 1429 τῆς

2243 1442 2657 1523 Ἀλεξανδρείας
2703 1452 2969 1531 διέποντι,
3025 1453 3123 1507 καλ
3170 1453 3290 1507 λίαν
3336 1454 3627 1526 ἐρωτικῶς
3651 1452 3840 1524 ἔχοντι

2229 1542 2560 1613 χρημάτων,
2624 1545 2967 1618 ὡς’περιττὴ
3019 1547 3118 1616 τὴν
3139 1547 3333 1600 οὐσίαν
3380 1546 3469 1617 εῖη
3510 1545 3606 1600 καὶ
3639 1546 3844 1609 δεινῶς

2229 1635 2480 1698 πλουσία,
2511 1638 2607 1692 καὶ
2637 1639 2790 1710 παρὰ
2820 1639 2982 1692 τοῦτο
3013 1639 3176 1703 εὐθὺς
3208 1639 3603 1726 πεντακοσίους
3632 1641 3667 1709 ὴ
3699 1640 3840 1693 δυσ-

529 1735 807 1806 quingenti
840 1735 994 1795 aurei
1022 1750 1053 1789 a
1116 1734 1316 1789 misera
1354 1733 1686 1807 exiguntur:
1713 1750 1854 1805 quos
1887 1750 1996 1788 non
2061 1745 2122 1790 ut

2233 1730 2397 1800 τυχὴς
2456 1732 2696 1802 χρυσοῦς
2748 1734 3066 1799 ἁπαιτεῖται
3089 1747 3104 1763 ⁸
3132 1731 3250 1799 οὒς,
3280 1733 3379 1803 οὐχ
3412 1732 3490 1796 ὡς
3520 1732 3840 1804 δυναμένη,

528 1843 652 1898 ῳιιο
683 1837 866 1898 posset
896 1827 1050 1887 dare.
1084 1827 1181 1882 sed
1212 1837 1269 1881 ut
1297 1842 1418 1897 qum
1454 1842 1654 1899 magno
1688 1837 1843 1883 metu
1869 1827 2121 1883 afficere-

527 1929 640 1979 tur.
689 1920 763 1974 illi
814 1920 908 1975 dat
937 1919 1167 1981 sitienti,
1214 1920 1473 1975 omnibus
1500 1920 1661 1975 bonis
1694 1919 1809 1975 suis
1844 1920 1990 1975 datis
2037 1920 2125 1990 pi-

526 2007 709 2077 gnori,
740 2007 809 2062 ab
846 2007 934 2070 iis,
967 2004 1069 2077 qui'
1100 1998 1378 2069 habebant
1434 2018 1703 2064 mutuata.
1753 2008 1890 2064 Cum
1940 2017 2123 2065 autem

528 2100 644 2155 duo
674 2100 803 2154 anni
858 2101 1273 2170 pneteriissent,
1342 2091 1614 2172 fmcmque
1656 2103 1775 2174 ejus
1812 2097 2128 2174 accepisset

530 2192 909 2263 magistratus,
940 2202 996 2248 et
1029 2202 1211 2273 ageret
1242 2194 1359 2264 ipse
1411 2194 1464 2248 in
1495 2196 1632 2249 urbe
1655 2195 1824 2265 regia,
1860 2182 1917 2273 et
1968 2196 2038 2252 ab
2060 2212 2127 2253 eo

502 2284 855 2353 exigeretur
874 2285 1017 2341 ratio
1043 2300 1155 2340 sure
1175 2286 1671 2342 administrationis
1706 2304 1719 2342 :
1754 2290 1971 2353 mulier,
2005 2306 2127 2360 qua:

532 2378 825 2434 invenerat
852 2386 1068 2448 tempus
1093 2394 1211 2433 eam
1242 2368 2123 2455 adjuvans,,ascenditevestigio.

531 2475 589 2523 et
626 2467 837 2522 accedit
882 2467 947 2521 ad
989 2467 1402 2538 imperatorem,
1452 2469 1507 2523 in
1537 2485 1667 2524 eum
1722 2471 1814 2539 qui
1864 2471 2124 2541 injuriam

532 2558 759 2625 fecerat,
792 2559 1128 2626 vociferans,
1183 2569 1237 2615 et
1296 2561 1552 2631 injustam
1607 2564 1945 2619 annuntians
1974 2565 2125 2620 abla-

532 2652 762 2708 tionem.
792 2654 925 2709 Cum
954 2670 1083 2709 vero
1112 2670 1277 2709 causa
1315 2655 1511 2712 fuisset
1533 2656 1825 2713 commissa
1865 2659 2127 2729 praeferto

479 2770 488 2777 -
528 2745 882 2817 prmtorio,et
907 2746 1483 2817 imperaturjussisset
1515 2748 1667 2802 reddi
1700 2738 1938 2815 mulieri,
1976 2751 2125 2820 quod

530 2849 645 2890 non
676 2832 857 2891 fuerat
881 2845 1030 2892 recte
1060 2837 1303 2892 ablatum
1337 2856 1351 2892 :
1386 2839 1476 2893 ille
1511 2840 1628 2894 sive
1655 2855 1915 2914 personas
1935 2858 2124 2910 peccao

504 2936 718 2989 _torum
754 2927 1054 2999 acciperet,
1087 2936 1150 2982 ut
1187 2928 1325 2983 dicit
1354 2929 1538 2985 divina
1573 2930 1857 2999 Scriptura
1880 2934 1969 2995 η’,
2003 2935 2129 2991 sive

533 3033 649 3075 non
688 3028 839 3074 recte
892 3034 951 3074 se
991 3026 1209 3089 gereret
1264 3035 1484 3084 manus,
1558 3037 1739 3091 neque
1805 3024 2127 3092 liberaliter,

2232 1824 2433 1893 ῥᾳδίως
2468 1824 2724 1895 παρέχει,
2767 1822 2906 1878 ἀλλὰ
2962 1824 3072 1877 δέει
3124 1824 3186 1878 τὸ
3235 1825 3346 1878 πᾶν
3392 1825 3491 1895 τῆς
3523 1825 3719 1888 οὐσίας
3754 1829 3846 1889 είς

2230 1916 2464 1987 ἐνέχυρα
2493 1915 2680 1982 δοῦσα,
2715 1916 2811 1970 καὶ
2844 1916 2996 1987 παρὰ
3016 1908 3134 1970 τῶν
3161 1916 3397 1987 ἐχόντων
3423 1917 3608 1971 δοῦναι
3645 1918 3842 1971 δανει-

2233 2007 2469 2077 σαμένη.
2512 2005 2600 2070 Ὦς
2628 2007 2682 2060 δὲ
2702 2008 2885 2078 χρόνοι
2907 2005 3003 2062 δύο
3034 2006 3382 2079 παρέλθοιεν,
3415 2007 3845 2078 παραλυθέντος

2229 2101 2397 2156 αὐτοῦ
2428 2102 2526 2172 τῆς
2562 2102 2741 2173 ἀρχῆς
2769 2104 2863 2156 καὶ
2886 2103 3026 2173 πρδς
3062 2100 3169 2173 τὴν.
3189 2098 3583 2170 βασιλεύουσαν
3613 2101 3846 2171 ἐνδεδιιίι⁴

2234 2193 2492 2265 μηκότος,
2550 2187 2627 2248 ὧν
2678 2212 2739 2249 τε
2785 2193 3020 2267 διῴκητε
3049 2196 3142 2248 τὸν
3190 2193 3352 2263 λόγον
3384 2194 3843 2264 ἀπαιτουμένου,

2227 2289 2261 2357 ἡ
2298 2271 2437 2359 γυνὴ
2482 2287 2588 2342 ’τὸν
2639 2288 2833 2353 καιρὸν
2874 2287 2952 2352 ὡς
3004 2286 3269 2356 συνεργὸν
3325 2286 3629 2357 εὑραμένη.
3668 2287 3843 2340 am.

2232 2377 2286 2432 σί
2334 2396 2394 2433 τε
2453 2377 2604 2447 κατᾷ
2654 2379 2844 2444 πόδας,
2902 2379 2999 2433 καὶ
3039 2378 3119 2448 τῷ
3164 2377 3378 2448 βασιλεῖ
3429 2378 3687 2448 πρόσεισι
3733 2376 3841 2431 τοῦ

2230 2472 2558 2543 ἠδικηκότος
2592 2470 2943 2542 καταθοῶσα,
3004 2471 3100 2525 καὶ
3162 2470 3258 2536 τὴν
3310 2470 3558 2541 πονηρὰν
3601 2468 3846 2542 εἴσπρα-

2233 2564 2317 2630 ξιν
2389 2564 2835 2634 ἀπαγγέλλουσα.
2898 2563 2989 2633 Τῷ
3055 2564 3283 2635 ἐπάρχῳ
3335 2564 3393 2617 δὲ
3445 2561 3840 2633 πιστευθείσης

2230 2657 2331 2727 τῆς
2390 2656 2569 2728 δίκης,
2630 2659 2725 2711 καὶ
2777 2656 3047 2727 βασιλέως
3121 2656 3453 2726 ἀναδοθῆναι
3522 2659 3590 2728 τῇ
3636 2673 3831 2724 γυναι-

2212 2750 2312 2810 “xi,
2370 2748 2398 2802 δ
2437 2750 2511 2820 μὴ
2568 2749 2753 2812 καλῶς
2805 2749 3082 2821 ἀφῄρητο,
3119 2742 3545 2819 ἐπιτρέψαντος,
3613 2748 3839 2825 ἐκείνου

2233 2843 2343 2897 εἴτε
2371 2842 2432 2895 τὸ
2470 2842 2632 2895 πλέον
2664 2844 2696 2912 ἡ
2749 2841 2942 2913 γνώμη
2974 2843 3061 2912 τῷ
3091 2842 3370 2913 προσώπῳ
3423 2843 3690 2911 νέμουσα,
3721 2841 3844 2897 εἴτε

2233 2933 2292 2987 δὲ
2318 2932 2469 3002 καὶή
2517 2932 2641 3001 χεὶρ
2697 2931 3071 3001 ἀνελευθέρως
3126 2931 3330 3002 ἔχουσα
3387 2931 3576 2994 κακῶς
3605 2933 3842 2985 διετίθει

2189 3037 2199 3046 ·
2234 3025 2334 3094 τὴν
2364 3026 2565 3095 χήραν,
2600 3025 2697 3077 και
2722 3025 2823 3077 οὐκ
2856 3024 3173 3095 ἐκδικητὴν,
3202 3024 3322 3077 ἀλλ’
3354 3004 3626 3077 ἀντίδικον
3658 3025 3845 3094 αὐτῆς

539 3113 691 3167 male
721 3111 912 3167 affecit
934 3110 1152 3167 viduam
1188 3129 1204 3168 :
1247 3121 1305 3167 et
1328 3128 1438 3168 non
1484 3114 1780 3180 vindicem,
1816 3118 1909 3172 sed
1938 3118 2128 3172 adver-

2237 3118 2450 3171 ἐδείκνυ
2511 3118 2714 3204 μᾶλλον
2766 3118 2860 3172 τὸν
2907 3119 3193 3189 δικαστήν.
3247 3118 3593 3186 ’Δπογνοῦσα
3638 3117 3776 3183 γοῦν
3803 3120 3841 3190 ἡ

536 3208 743 3264 sarium
780 3206 964 3277 potius
995 3222 1056 3262 se
1082 3207 1319 3277 praebuit
1344 3209 1606 3277 judieem.
1634 3209 1773 3265 Cum
1811 3225 1940 3286 ergo
1970 3213 2039 3268 ab
2060 3227 2127 3265 eo

534 3299 733 3355 mulier
762 3300 1113 3369 desperasset
1147 3300 1432 3366 auxilium,
1461 3303 1672 3359 accedit
1702 3303 1769 3357 ad
1813 3303 2129 3374 impcratr-i-

535 3407 658 3450 cem
685 3393 925 3449 amulier
954 3408 984 3448 a
1016 3394 1267 3457 muliere,
1296 3410 1418 3464 qu;e
1450 3396 1592 3452 male
1623 3396 1816 3453 affecta
1845 3397 2128 3457 fuerat.ab

536 3499 625 3549 ea,
666 3500 789 3554 qure
824 3494 1037 3553 poterat
1062 3500 1221 3555 opem
1253 3486 1420 3551 ferre.
1445 3502 1507 3543 $0
1553 3499 1973 3569 consecuturum
2006 3507 2130 3547 esse

539 3575 995 3643 misericordiam,
1025 3584 1085 3631 ut
1110 3593 1209 3649 par
1236 3587 1373 3641 erat,
1407 3580 1685 3651 judicans.
1709 3580 1957 3639 Eudoxia
1976 3599 2125 3655 ergo,

537 3676 601 3724 ut
637 3684 760 3739 quae
790 3670 1093 3726 invenisset
1118 3672 1354 3727 venandi
1390 3673 1759 3739 occasionem,
1794 3684 1850 3730 et
1873 3677 2127 3743 mustela,

538 3767 600 3815 ut
652 3761 873 3828 dicitur,
932 3763 1173 3819 odorata
1216 3750 1411 3820 fuisset
1468 3767 1903 3838 pinguedinem,
1936 3785 2131 3838 qnam-

535 3851 775 3921 primum
809 3853 1044 3908 accersit
1067 3869 1218 3917 eum,
1257 3855 1351 3919 qui
1383 3855 1588 3911 fecerat
1623 3837 1898 3927 injuriaui.
1924 3837 2131 3916 Deinde

478 3996 493 4009 ,
537 3955 803 4012 cumquae.
822 3942 1006 4000 vidua:
1057 3944 1301 4012 fecisset,
1350 3947 1399 4001 ei
1459 3948 1711 4009 dixisset.
1743 3959 1798 4005 ct
1848 3966 1974 4007 eum
2005 3967 2130 4008 esse

539 4034 807 4105 injustum
863 4038 1157 4107 arguisset,
1189 4054 1314 4094 eum
1372 4041 1593 4111 quidem
1642 4044 1872 4099 mulctat
1904 4056 2127 4101 centum

538 4123 698 4181 libris
714 4127 845 4182 auri
879 4146 892 4181 :
930 4129 1152 4199 triginta
1178 4144 1271 4185 sex
1303 4141 1489 4187 autem
1542 4136 1673 4190 solis
1702 4138 2132 4194 numismatibus

538 4217 684 4274 datis
714 4218 1046 4291 Callitropm,
1076 4223 1245 4292 jussit
1281 4240 1403 4281 esse
1435 4236 1778 4285 contentam.
1805 4228 1933 4286 Haec
1959 4247 2125 4287 avara

541 4309 631 4364 illa
667 4320 725 4368 ct
756 4312 1059 4382 illiberalis,
1092 4324 1151 4371 et
1199 4297 1338 4372 auro
1375 4319 1591 4386 vivens,
1622 4331 1678 4377 et
1705 4338 1899 4377 aurum
1943 4325 2127 4380 omnia

544 4406 761 4472 videns,
804 4407 947 4463 sicut
997 4408 1170 4465 Midas
1220 4410 1310 4467 ille
1343 4411 1399 4466 in
1457 4413 1675 4481 fabulis,
1717 4404 1911 4470 aurum
1966 4427 2130 4473 noctu

2242 3210 2382 3281 γυνὴ
2433 3211 2533 3278 τὴν
2559 3198 2815 3265 ἐντεῦθεν
2853 3209 3129 3280 βοήθειαν,
3155 3211 3220 3278 τῇ
3256 3208 3491 3274 βασιλίδι
3522 3208 3843 3280 προσέρχε-

2240 3321 2354 3368 ται,
2395 3302 2534 3373 γυνὴ
2583 3301 2737 3373 παρὰ
2771 3302 3059 3369 γυναικὸς,
3082 3304 3116 3373 ἡ
3146 3302 3335 3364 κακῶς
3357 3302 3648 3373 πάσχουσα
3676 3300 3843 3372 παρὰ

2239 3398 2338 3465 τῆς
2371 3397 2585 3468 βοηθεῖν
2624 3395 2933 3464 δυναμένης
2970 3395 3156 3459 ἐλέους
3189 3394 3263 3466 μὴ
3296 3397 3579 3466 ἀπορῆσαι
3601 3394 3843 3462 λογισα-

2243 3492 2403 3562 μένη.
2429 3489 2496 3542 Ἦ
2523 3488 2704 3541 τοίνυν
2736 3487 2965 3553 Εὺδοξία
2989 3488 3186 3558 καιρὸν
3213 3487 3406 3557 ὥσπερ
3428 3487 3608 3558 ἄγρας
3637 3485 3845 3540 τοῦτον

2240 3583 2500 3652 εὑροῦσα,
2530 3581 2629 3635 καὶ
2657 3580 2752 3634 τοῦ
2780 3580 3111 3652 χαρίσασθαι
3133 3580 3211 3649 τῷ
3246 3579 3498 3651 σφετέρῳ
3522 3578 3706 3644 πάθει,
3738 3578 3844 3632 τὸν

2239 3676 2581 3750 ῥιδικήσαντα
2639 3671 2731 3726 διὰ
2779 3672 3025 3741 ταχέων
3066 3672 3481 3742 μετακαλεῖται.
3543 3666 3676 3724 Εῐτα
3733 3669 3843 3741 τὴν

2238 3770 2438 3840 χήραν,
2490 3767 2768 3837 πρόφασιν
2817 3765 3158 3819 κατειποῦσα
3208 3763 3377 3819 αὐτοῦ
3408 3805 3425 3828 ,
3479 3764 3579 3817 καὶ
3642 3763 3843 3817 ἄδικον

2240 3860 2635 3929 ἀπελέγξασα,
2701 3859 2898 3914 ἑκατὸν
2959 3857 3061 3929 μὲν
3125 3850 3356 3928 χρυσίου
3421 3856 3613 3927 λίτρας
3665 3856 3842 3909 αὑτὸν

2240 3956 2471 4024 ζημιοῖ·
2499 3947 2557 4021 ἓξ
2586 3952 2644 4006 δὲ
2680 3954 2778 4006 καὶ
2832 3951 3135 4021 τριάκοντα
3192 3949 3513 4020 νομίσματα
3576 3948 3717 4017 μόνα
3760 3950 3838 4019 τῇ

2239 4047 2596 4119 Καλλιτρόπῃ
2647 4045 2814 4100 δοῦσα
2867 4045 3240 4116 προσέταττεν
3304 4039 3838 4113 ἀγαπᾷν.Ταῦταὴ

2239 4140 2652 4210 φιλοχρήματος
2719 4131 2908 4207 ἐκείνη
2955 4134 3051 4188 καὶ
3099 4131 3462 4203 ἀνελεύθερος
3515 4131 3612 4185 καὶ
3635 4131 3839 4201 χρυσῷ

2241 4232 2414 4298 ζῶσα,
2462 4231 2665 4302 χρυσον
2702 4228 2907 4301 δρῶσα,
2932 4228 3135 4299 χρυσὸν
3166 4227 3425 4291 πνέουσα,
3467 4225 3669 4296 χρυσὸν
3736 4243 3842 4278 νυ-

2241 4327 2371 4390 κτὸς
2415 4325 2513 4379 καὶ
2565 4322 2687 4393 μεθ’
2715 4322 2933 4392 ἡμέραν
2952 4319 3362 4391 φανταζομένη,
3397 4311 3505 4380 Ἦς
3538 4319 3596 4369 ὲν
3640 4317 3843 4387 χερσὶν

2240 4422 2275 4491 ἡ
2307 4417 2528 4487 ἀνομία.
2581 4414 2726 4469 κατὰ
2758 4413 2850 4467 τὸν
2903 4414 3176 4484 μακάριον
3202 4412 3373 4481 φάναι
3404 4409 3590 4464 Δαϐίδ.
3632 4409 3700 4461 Τί
3736 4407 3840 4462 οῦν

540 4508 599 4555 et
630 4499 869 4556 interdiu
888 4502 1100 4558 visione
1120 4506 1577 4575 apprehendens:
1610 4510 1767 4580 cujus
1796 4511 1849 4564 in
1880 4512 2128 4570 manibus

2240 4514 2274 4583 ἡ
2309 4508 2656 4579 πολύδακρυς
2685 4507 2831 4578 χήρα
2861 4508 2956 4560 καὶ
2994 4505 3215 4578 ἀληθῶς
3251 4500 3836 4575 βαρυσυμφορωτάτη,

542 4591 830 4663 iniquitas,
862 4604 925 4649 ut
950 4595 1087 4651 dicit
1114 4598 1311 4655 beatus
1334 4600 1505 4657 David
1550 4602 1619 4668 ⁸⁷,
1649 4611 1705 4657 et
1723 4603 1950 4658 dextera
1972 4606 2135 4675 plena

542 4684 851 4755 iniustitia:
878 4688 1021 4755 Quid
1074 4706 1206 4762 ergo
1229 4693 1564 4751 miserabilis
1594 4695 1688 4749 illa
1720 4696 1913 4760 vidua,
1945 4706 2002 4752 et
2049 4714 2138 4753 re-

507 4793 680 4835 .vera
734 4781 1433 4864 calamitosissima,.quae
1504 4786 1631 4843 talia
1690 4788 1914 4857 quidem
1970 4805 2133 4860 passa

504 4868 725 4927 tfuerat
756 4874 825 4929 ab
859 4889 945 4939 ea,
1001 4891 1031 4932 a
1062 4892 1168 4948 qua
1223 4894 1337 4934 non
1365 4878 1623 4944 debebat,
1666 4889 1727 4934 ut
1778 4896 1808 4935 a
1854 4896 1963 4952 qua
2007 4898 2135 4954 spe-

501 4974 722 5041 ._rasset
764 4967 950 5036 potius
985 4969 1407 5026 defensionem?
1437 4972 1565 5042 lpsa
1592 4988 1722 5043 ergo
1751 4988 1877 5028 cum
1908 4991 2130 5031 omnem

542 5072 696 5127 spem
709 5059 1023 5130 abiecisset,
1038 5080 1148 5120 uno
1174 5063 1596 5136 utiturrefugio,
1618 5068 1895 5121 communi
1943 5068 2023 5122 illi
2048 5068 2133 5123 vl-

508 5152 774 5208 ‘dnarum
828 5154 1140 5212 defensore.
1181 5157 1281 5211 Cui
1322 5172 1448 5212 cum
1497 5173 1615 5213 rem
1644 5160 2037 5227 renuntiasset,
2069 5169 2128 5215 et

545 5243 727 5314 qualia
751 5255 1034 5317 pateretur
1051 5264 1081 5303 a
1112 5248 1560 5313 faeneratoribus,
1595 5249 1659 5307 et'
1673 5252 1824 5327 quod
1849 5252 1919 5308 sit
1948 5253 2134 5309 usuris

543 5337 771 5393 omnino
833 5340 1215 5411 opprimenda.
1264 5339 1393 5397 Haec
1443 5341 1673 5409 dicens,
1725 5352 1783 5399 et
1830 5336 2135 5415 lacrymas,

545 5441 669 5499 qua:
702 5430 771 5485 ad
802 5432 1516 5506 persuadendummagnam
1548 5438 1660 5492 v‘im
1701 5436 1926 5502 habent,
1956 5440 2138 5494 effun-

512 5520 682 5574 dens
712 5560 728 5585 ,
804 5531 996 5578 evocat
1048 5523 1115 5579 ad
1193 5525 1629 5584 misericordiam
1693 5544 1818 5584 eum
1858 5570 1874 5595 ,
1927 5530 2021 5602 qui
2069 5530 2138 5587 ad

542 5611 722 5681 ipsam
769 5622 888 5670 erat
934 5615 1401 5688 propensissimus
1429 5657 1446 5685 ,
1495 5628 1554 5675 et
1617 5619 1713 5690 qui
1762 5635 1877 5678 non
1949 5621 2135 5679 minus

626 5772 694 5808 κ’
724 5771 885 5830 Prov.
924 5789 1083 5845 xvm,
1113 5773 1167 5834 5.
1246 5777 1291 5843 P'
1316 5773 1465 5835 Psal.
1495 5740 1626 5861 xxv,
1659 5774 1761 5853 10.,

2188 4617 2195 4623 ·
2232 4605 2267 4675 ὴ
2287 4601 2511 4657 τοιαῦτα
2535 4600 2600 4671 δὴ
2626 4598 2887 4653 παθοῦσα
2941 4598 3074 4670 παρ’
3104 4591 3172 4668 ἦς
3196 4596 3396 4677 ᾕλπιξε
3445 4593 3654 4665 μᾶλλον
3676 4592 3836 4646 ὲκδιο

2233 4698 2361 4760 κίας
2407 4697 2617 4765 τυχεῖν,
2651 4694 2746 4747 καὶ
2775 4692 2809 4747 ἃ
2832 4692 3019 4756 κακῶς
3062 4690 3337 4763 ἀφῄρητο,
3366 4688 3596 4750 δικαίως
3620 4686 3842 4741 ἀπολα-

2235 4789 2400 4853 6εῖνς
2450 4785 2603 4854 Αὕτη
2650 4784 2785 4853 γοῦν
2832 4784 3056 4838 πάντων
3116 4780 3440 4851 ἀπογνοῦσα
3491 4779 3593 4851 μιᾷ
3629 4777 3842 4848 χρῆται

2235 4881 2566 4951 καταφυγῇ,
2627 4878 2711 4950 τῷ
2757 4876 2925 4947 κοινῷ
2982 4873 3417 4955 προσδραμοῦσα
3474 4870 3587 4925 τῶν
3641 4867 3840 4940 χηρῶν

2241 4974 2523 5045 προστάτῃ
2555 4990 2569 5006 ο
2599 4962 2645 5039 ᾧ
2693 4969 2791 5023 καὶ
2837 4969 2908 5023 τὰ
2934 4967 3369 5038 τοῦπράγματος
3416 4960 3835 5030 ἀπαγγείλασα,

2239 5065 2339 5118 καὶ
2380 5056 2472 5116 οἵα
2508 5061 2708 5132 πάσχοι
2759 5060 2915 5131 παρὰ
2957 5059 3069 5113 τῶν
3121 5057 3441 5123 δανειστῶν,
3473 5054 3571 5109 καὶ
3598 5052 3676 5115 ὡς
3704 5067 3836 5105 xw-

2240 5156 2454 5210 δυνεύοι
2482 5154 2666 5209 τέλεον
2692 5155 2809 5216 τοῖς
2828 5152 3012 5214 τόκοις
3032 5149 3377 5221 ἑκτριὸῆναι,
3395 5145 3568 5200 ταῦτα
3595 5144 3841 5211 λέγουσα

2240 5249 2335 5304 καὶ
2363 5248 2599 5321 δάκρυα,
2627 5246 2689 5301 τὸ
2717 5244 3132 5315 ἀνυσιμώτατον
3154 5236 3292 5312 πρὸς
3319 5239 3382 5293 τὸ
3411 5241 3599 5292 πεῖσαι
3623 5237 3835 5308 ψυχὴν,

2238 5344 2583 5415 καταχέουσα
2638 5340 2954 5397 ἐκκαλεῖται
2985 5336 3125 5408 πρὸς
3162 5332 3348 5390 οἶκτον
3374 5332 3469 5387 τὸν
3524 5329 3661 5402 πρὸς
3695 5328 3842 5396 αιὶτδ

2238 5436 2684 5509 προχειρότατον.
2727 5434 2790 5488 '0
2845 5432 2903 5488 δὲ
2951 5430 3054 5500 τὴν
3105 5430 3371 5500 ταχίστην
3432 5422 3833 5497 μετακαλεῖται

2238 5529 2339 5601 μὲν
2365 5529 2459 5581 τὸν
2494 5525 2825 5599 ἠδικηκότα,
2891 5522 3148 5586 ὀνειδίζει
3185 5520 3245 5573 δὲ
3276 5519 3369 5571 καὶ
3402 5515 3671 5584 διελέγχει
3728 5510 3838 5582 τὴν

2235 5618 2475 5690 ἀδικίαν,
2534 5625 2630 5677 καί
2662 5619 2727 5675 τὸ
2755 5617 2999 5692 χρυσίον*
3031 5613 3309 5686 ἐπιζητεῖ,
3337 5610 3401 5666 οὐ
3427 5608 3541 5664 τὴν
3568 5603 3833 5673 Εὔδοξίις
