4126 6424
380 349 521 428 1133

1390 342 1568 422 'vm
1603 358 1668 418 s.
1709 357 2033 420 JOANNIS
2071 342 2637 419 cnnrsosrom.

3505 353 3644 426 “Bt

369 473 594 545 τρόπον,
659 469 774 525 ἀλλ’
824 471 1088 545 ἐλευθέρᾳ
1117 469 1310 544 γνώμῃ
1339 474 1436 526 καὶ
1469 474 1822 546 μισοπονήρῳ
1852 473 1946 544 τῆς

2054 481 2173 527 erat
2227 482 2512 542 promptus
2583 471 2651 526 ad
2712 485 2810 527 eos
2867 469 3242 534 defendendos
3268 509 3286 530 .
3332 471 3426 541 qui
3495 469 3644 542 passi

367 562 634 634 γυναικὸς
690 566 1107 635 προϊστάμενος.
1158 565 1362 618 Τούτου
1393 565 1449 618 δὲ
1479 566 1578 636 τὴν
1602 566 1712 621 τῶν
1753 568 1949 622 ἑκατὸν

369 656 571 727 λιτρῶν
631 655 792 726 πρὸς,
829 657 926 726 τῆς
958 656 1227 726 βασιλίδος
1256 659 1678 728 προτεινομένου
1720 659 1950 730 ζημίαν,

351 751 398 814 ,δ
425 748 721 820 μακάριος,
779 749 1068 824 Δημοσίων
1129 735 1504 828 ἀδικημάτων,
1541 746 1716 812 εἶπεν,
1769 753 1952 804 ἐκεῖνα

369 842 658 912 εἴσπραξις
684 857 697 870 ⁸
732 841 798 894 σὺ
827 840 886 893 δὲ
920 840 1036 894 ἀλλ’
1095 841 1196 894 οὐκ
1251 840 1318 895 ἂν
1379 841 1631 896 ἐντεῦθεν
1660 843 1947 912 ἐκφύγοις,

366 937 417 988 εί
451 936 524 1006 μὴ
583 931 845 1004 πρότερον
874 936 940 1004 τῇ
963 934 1194 1000 γυναικὶ
1218 935 1346 997 τοὺς
1395 935 1786 999 πεντακοσίους
1840 937 1941 996 ἀπ-

367 1026 719 1098 αριθμήσεις.
758 1025 1048 1102 Ἀκουστὺν
1086 1023 1243 1078 τοῦτο
1278 1028 1343 1096 τῇ
1371 1026 1602 1098 Εὐδοξίᾳ
1635 1011 1949 1098 γενόμενον,

349 1118 715 1189 παραχρῆμα
737 1115 946 1186 πέμπει
975 1116 1111 1187 πρὸς
1141 1118 1231 1169 τὸν
1265 1117 1437 1186 μέγαν
1466 1118 1670 1187 ἐκείνη,
1732 1119 1952 1188 ἀφεῖναι

330 1203 456 1261 ’τὸν
519 1209 883 1281 κατεχόμενον
943 1209 1327 1272 ἐπιτάττουσα,
1358 1209 1431 1272 ὡς
1473 1209 1575 1280 ἤδη
1631 1201 1948 1281 ἀρκούντως

365 1280 881 1372 ἀπολέλογημένον..
915 1299 975 1354 ’0
1031 1301 1109 1366 δὲ,
1173 1302 1288 1355 Οὐκ
1346 1303 1564 1373 ἀφήσω,
1611 1280 1816 1372 φησιν,
1868 1293 1952 1356 ὅτι

369 1397 506 1466 μηδὲ
555 1395 768 1448 δίκαιον
805 1393 910 1465 πρὸ
966 1393 1074 1448 τῶν
1121 1394 1419 1466 ὀφθαλμῶν
1460 1396 1558 1464 τῆς
1611 1392 1950 1464 ἠδικημένης

365 1489 558 1556 οῡσης,
623 1489 718 1540 καὶ
775 1486 980 1556 ταύτης
1018 1487 1298 1555 γυναικὸς,
1343 1487 1480 1556 cpt-:6!
1548 1488 1642 1541 καὶ
1669 1477 1826 1556 ξένης
1857 1487 1951 1540 καὶ

369 1582 563 1652 χήρας.
584 1580 759 1632 Τίνων
783 1576 839 1632 δὲ
864 1579 1046 1634 ’ἄλλων
1072 1578 1246 1642 οὕτως
1269 1578 1350 1642 ὡς
1373 1579 1580 1632 τούτων
1605 1579 1757 1648 μέλει
1789 1578 1909 1648 θεῷ
1930 1595 1946 1645 ;

369 1664 434 1727 Εἰ
463 1673 520 1727 δὲ
553 1671 772 1738 ἀφεῖναί
809 1689 875 1741 με
899 1669 1163 1736 κελεύεις,
1189 1672 1324 1725 ἀλλὰ
1357 1673 1422 1725 σὺ
1457 1672 1518 1725 τὸ
1555 1673 1715 1743 χρέος
1749 1671 1948 1735 ἀπόδος

365 1757 431 1834 τῇ
463 1765 700 1830 γυναικὶ,
733 1761 792 1828 ἐξ
831 1756 906 1816 ὧν
958 1763 1038 1826 είς
1100 1764 1316 1833 ἐκείνης
1370 1762 1645 1834 πρόφασιν
1676 1762 1737 1817 τὸ
1789 1763 1951 1816 πλέον

2056 563 2278 619 fuerant
2333 563 2614 634 injuriam,
2665 579 2828 634 quam
2884 565 3128 620 Eudoxia
3166 565 3236 620 ad
3301 563 3641 620 faciendum.

2057 657 2424 722 Quamobrem
2482 671 2587 711 nec
2649 656 2697 711 ei
2756 657 2978 727 quidem
3061 659 3260 714 licebat
3314 657 3560 714 cunctari
3623 671 3642 713 :

2061 750 2158 804 sed
2210 749 2466 820 protinus
2525 749 2748 819 quidem
2823 750 3061 806 accersit
3113 767 3260 815 eum,
3333 751 3426 821 qui
3492 751 3647 808 laese-

2065 847 2146 893 rat
2186 839 2354 897 :forti
2377 848 2560 894 autem
2625 849 2681 894 et
2701 856 2970 909 generoso
3014 842 3200 896 animo
3251 841 3298 896 ei
3350 844 3650 912 exprobrat

2058 941 2113 987 et
2183 933 2362 1004 arguit
2410 929 2730 1002 iniustitiam
2767 971 2783 996 ,
2852 939 2911 995 et
2946 947 3137 987 aurum
3214 916 3284 989 ab
3324 947 3390 989 eo
3462 934 3647 1006 requi-

2056 1022 2150 1090 rit,
2206 1039 2316 1079 non
2375 1025 2650 1094 quomodo
2699 1020 2968 1092 Eudoxia,
3010 1040 3170 1079 suum
3220 1026 3497 1093 morbum,
3530 1043 3641 1082 non

2056 1125 2240 1171 autem
2289 1116 2519 1172 alienam
2580 1117 2791 1188 plagam
2829 1132 3042 1173 .curans
3075 1135 3088 1171 :
3118 1117 3211 1172 sed
3235 1115 3406 1172 iiber‘a
3435 1125 3491 1173 et
3523 1133 3646 1188 quas

2053 1210 2182 1263 olio
2243 1204 2418 1264 malos
2475 1209 2661 1271 habet,
2729 1220 2914 1264 meme
2972 1208 3261 1263 mulierem
3317 1207 3643 1264 defendens.

2056 1297 2194 1356 Cum
2219 1301 2265 1356 is
2298 1311 2480 1356 autem
2501 1300 2799 1356 adduceret
2824 1301 3082 1355 mulctam
3106 1275 3330 1354 ceritum
3356 1300 3644 1366 librarum,

2055 1393 2256 1463 quibus
2316 1409 2442 1448 eum
2486 1394 2845 1448 mulctaverat
2899 1393 3244 1463 imperatrix,
3299 1401 3353 1447 et
3406 1392 3485 1447 sic
3532 1407 3645 1447 non

2056 1485 2347 1540 reddenda:
2383 1484 2612 1539 rationis
2639 1475 2912 1555 quazreret
2938 1483 3364 1554 subterfugitfm,
3396 1483 3590 1539 beatus
3615 1497 3643 1538 .:

2055 1571 2164 1631 Pro
2198 1576 2432 1640 delictis,
2488 1577 2685 1647 inquit,
2743 1577 2979 1647 publicis
3005 1576 3146 1632 facta
3178 1587 3263 1632 est
3293 1577 3388 1631 illa
3409 1578 3645 1633 exactio.

2057 1671 2141 1725 Tu
2166 1682 2298 1724 vero
2322 1685 2432 1724 nou
2487 1670 2647 1724 aliter
2672 1669 2927 1742 effugies,
2958 1670 3064 1725 nisi
3090 1670 3307 1725 mulieri
3341 1672 3644 1741 quingenta

2058 1762 2211 1831 prius
2262 1763 2656 1816 numeraveris.
2715 1761 2853 1817 Cum
2911 1762 3148 1831 primum
3185 1769 3370 1816 autem
3420 1763 3525 1817 hoc
3546 1777 3644 1816 ve-

364 1855 613 1924 ἀφείλου.
661 1853 846 1907 Ταῦτα
902 1856 1003 1926 μὲν
1065 1855 1094 1907 ὁ
1137 1856 1332 1925 μέγας.
1390 1855 1480 1918 Ὠς
1526 1855 1585 1909 δὲ
1644 1856 1739 1909 καὶ
1804 1851 1946 1920 ἅπαξ

2050 1853 2320 1908 nissetad
2359 1868 2524 1907 aures
2593 1853 2878 1921 Eudoxias,
2908 1853 2997 1908 illa
3038 1854 3206 1908 mittit
3243 1853 3312 1908 ad
3341 1855 3492 1931 illum
3526 1869 3645 1909 ma—

362 1944 549 2024 ὲκείνη
607 1947 700 2009 καὶ
742 1945 825 2008 δὶς
874 1945 1140 2017 πέμψασα
1171 1947 1338 2016 μηδὲν
1367 1947 1519 2016 ἤνυε,
1543 1947 1603 1999 τὸ
1636 1947 1951 2017 ἀνθρώποις

363 2039 534 2097 αὐτοῦ
592 2037 794 2110 μᾶλλον
857 2041 1241 2111 προσκροῦσαι
1272 2039 1305 2111 ἢ
1341 2040 1462 2108 Θεῷ
1503 2040 1633 2109 περὶ
1665 2040 1951 2102 ἐλάττονος

366 2132 678 2205 τιθεμένου,
735 2133 878 2202 ἔγνω
906 2148 967 2186 τε
1001 2135 1139 2205 πρὸς
1191 2131 1359 2203 ἄνδρα
1405 2133 1613 2202 ¹ἔχουσα
1636 2132 1697 2185 ού
1738 2133 1950 2202 καιροῖς

362 2227 601 2292 εῐκοντα,
659 2227 778 2279 οὐδὲ
835 2227 1087 2290 ἀπειλαῖς
1152 2225 1612 2297 ἐγχαυνςύμενον,
1683 2229 1793 2290 τοῖς
1839 2226 1949 2280 τῶν

366 2315 722 2386 μικροψύχων
771 2316 1216 2385 μορμολυκείοις,
1269 2317 1407 2369 ἀλλὰ
1440 2317 1683 2386 γενναίῳ
1706 2317 1785 2387 τῷ
1817 2324 1950 2386 φρο-

364 2411 567 2478 νήματι
595 2410 696 2478 τῆς
747 2409 924 2479 ψυχῆς
950 2412 1078 2481 ἄχρι
1103 2411 1198 2463 καὶ
1226 2411 1393 2463 αὑτοῦ
1425 2409 1660 2463 θανάτου
1692 2409 1951 2463 ἀντικαθ-

367 2502 657 2571 ιστάμενον
694 2501 831 2572 πρὸς
859 2502 958 2570 τὴν
988 2503 1286 2572 ἁμαρτίαν,
1328 2505 1425 2558 καὶ
1451 2503 1512 2557 τὺ
1532 2503 1732 2574 δρᾶσαι
1761 2505 1950 2567 κακῶς

367 2593 590 2666 μᾶλλον,
615 2598 676 2650 ού
705 2597 766 2651 τὸ
830 2597 1026 2651 παθεῖν
1075 2597 1538 2668 ὑποπτήσσοντα·
1595 2600 1718 2654 ἐπεὶ
1767 2598 1946 2652 τοιού-

361 2702 444 2756 τῳ
509 2689 836 2758 προσϐαλεῖν
894 2687 1126 2759 ἔμαθε,,
1163 2688 1379 2760 πλήρης
1444 2690 1621 2760 θυμοῦ
1677 2689 1948 2760 γενομένη

363 2780 562 2850 (ἐδόκει
610 2781 718 2852 γὰρ
774 2782 977 2852 ἥκιστα
1025 2783 1262 2852 φορητὸν
1292 2782 1432 2854 αὐτῇ
1477 2783 1538 2836 τὸ
1575 2784 1787 2838 πολλῶν
1807 2795 1948 2853 κρα-

363 2857 562 2926 τοῦσαν
621 2874 738 2937 ἐνὸς
785 2875 934 2944 an.)
989 2875 1139 2944 παρὰ
1175 2875 1309 2927 πολὺ
1345 2874 1654 2944 φαίνεσθαι,
1697 2875 1810 2929 Καὶ
1839 2867 1950 2946 γὰρ

359 2963 602 3016 τοιοῦτον
656 2965 816 3034 γυνὴ,
868 2963 1069 3031 κοῦφόν
1097 2979 1149 3015 τι
1173 2963 1267 3015 καὶ
1322 2963 1640 3035 εύρίπιστον
1695 2961 1791 3015 καὶ
1847 2960 1948 3028 τῆς

363 3056 530 3126 κενῆς
578 3056 737 3126 δόξης
790 3054 1036 3127 ἀκριϐῶς
1113 3058 1384 3124 παίγνιον,
1446 3055 1542 3108 καὶ
1581 3053 1817 3125 μάλιστα
1848 3053 1948 3124 τῆς

363 3147 611 3214 ἔξουσίας
629 3149 797 3219 αὐτὴν
819 3147 1070 3219 καθάπερ
1091 3145 1352 3217 βακχείας
1385 3147 1530 3208 τινὸς
1555 3145 1946 3216 ἐκφερούσης),

2053 1945 2471 2018 gnum,jubeus
2519 1955 2688 2011 eum,
2743 1946 2835 2016 qui
2893 1946 3276 2012 detinebatur,
3335 1945 3546 2001 absolvi
3608 1961 3638 2001 a

2052 2039 2302 2104 Crimine,
2341 2039 2514 2105 utqui
2549 2053 2607 2092 se
2639 2038 2773 2092 satis
2803 2038 3164 2094 defendisset.
3192 2039 3287 2094 Ille
3311 2047 3441 2094 vero
3466 2038 3643 2094 leonis

2051 2131 2248 2201 pellem
2317 2131 2500 2186 statim
2563 2130 2841 2188 inducas:
2873 2129 2984 2184 lmo
3025 2147 3157 2185 vero
3188 2146 3300 2187 non
3338 2131 3635 2196 dimittam,

2053 2225 2254 2294 inquit,
2308 2224 2568 2294 quoniam
2629 2239 2733 2278 nec
2785 2224 2990 2292 iustum
3029 2235 3113 2278 est
3162 2224 3219 2296 (ο
3265 2225 3359 2279 Dei
3410 2225 3558 2296 leges
3588 2235 3645 2279 et

2052 2320 2368 2386 βῖκοι-μω),
2429 2332 2552 2370 cum
2620 2324 2746 2369 ante
2787 2324 3006 2369 nostros
3042 2316 3231 2369 oculos
3284 2315 3355 2370 sit
3384 2325 3474 2380 ea,
3522 2331 3645 2386 qua:

2017 2465 2023 2470 ,
2053 2409 2153 2464 fuit
2179 2409 2372 2462 aﬂ‘ecta
2423 2408 2643 2476 injuria,
2669 2413 2841 2475 eaque
2871 2408 3068 2462 mulier
3097 2416 3322 2462 externa
3359 2415 3415 2462 et
3452 2407 3642 2471 vidua,

2051 2518 2171 2573 quae
2193 2503 2446 2571 lacrymis
2477 2501 2675 2571 operit,
2700 2501 2777 2556 ait
2803 2499 3177 2564 Malacltias“,
3207 2500 3388 2554 altare
3403 2499 3638 2564 Domini,

2054 2596 2320 2666 indigens
2339 2611 2426 2657 eo,
2465 2593 2553 2664 qui
2579 2595 2646 2647 sit
2689 2603 2850 2663 opem
2884 2593 3114 2647 laturus.
3157 2591 3418 2658 Quaznam
3458 2600 3642 2646 autem

2049 2697 2182 2743 ‘sunt
2247 2689 2362 2740 lico”
2400 2689 2565 2740 tantae
2634 2697 2824 2746 curae,
2888 2694 3110 2754 quantae
3182 2683 3342 2737 haec?
3390 2683 3546 2748 Quod
3599 2682 3643 2737 si

2051 2795 2138 2836 me
2199 2779 2362 2849 jubes
2417 2795 2540 2832 eum
2571 2777 2890 2848 'dimittere,
2923 2785 2978 2830 at
3002 2785 3058 2830 lu
3094 2775 3260 2830 redde
3289 2775 3506 2828 mulieri
3541 2775 3641 2830 de-

2050 2870 2225 2924 bituut
2247 2877 2310 2923 ex
2341 2868 2429 2931 iis,
2469 2884 2588 2937 qua:
2613 2867 2757 2920 illius
2792 2875 3057 2935 prmtextu
3086 2864 3357 2919 abstulisti
3382 2863 3639 2934 amplius.

2051 2963 2178 3017 Haec
2204 2961 2424 3032 quidem
2471 2974 2700 3030 magnus
2725 2959 2837 3013 ille.
2872 2958 3010 3012 Cum
3042 2955 3352 3012 autem'illa
3391 2955 3561 3010 semel
3585 2963 3644 3011 et

2049 3054 2136 3110 bis
2167 3053 2428 3117 misisset,
2481 3065 2663 3121 neque
2729 3049 3028 3118 quidquam
3061 3046 3645 3118 proficereteumipso

2051 3146 2508 3203 minoris‘faceret
2541 3143 2793 3198 homines
2841 3158 2999 3211 quam
3034 3143 3202 3196 Deum
3233 3141 3512 3207 offendere
3541 3157 3556 3193 :
3583 3149 3641 3195 et

363 3235 580 3288 κελεύει
613 3234 708 3287 δύο
761 3233 914 3298 τινὰς
957 3236 1065 3288 τῶν
1095 3235 1510 3305 ἑκατοντάρχων
1545 3235 1683 3304 μετὰ
1713 3234 1812 3305 τῆς
1853 3237 1944 3288 ὑπ’

2057 3221 2584 3312 (ερείιονῑεεειῗτυῐη
2638 3237 2738 3292 sibi
2764 3251 2885 3292 esse
2935 3251 3059 3292 cum
3106 3235 3352 3298 homine,
3387 3233 3482 3303 qui
3529 3249 3639 3290 non

363 3326 564 3390 αὐτοὺς
613 3327 795 3398 χειρὸς
846 3328 929 3380 ὃτι
971 3327 1138 3398 τάχος
1192 3327 1562 3398 ἀφικομένους
1596 3329 1676 3390 είς
1703 3329 1948 3399 τὸίερον

323 3407 328 3410 ’
361 3418 644 3484 εἰσελθεῖν,
675 3421 769 3472 καὶ
791 3418 928 3490 πρὸς
953 3417 1076 3490 βίαν
1101 3406 1191 3471 τον
1210 3419 1584 3488 κρατούμενον
1613 3419 1856 3488 ἀφελεῖν.
1881 3420 1947 3474 Οἱ

362 3511 420 3568 δὲ
444 3512 770 3573 ἀπελθόντες
795 3513 870 3576 ὼς
888 3513 988 3582 ἠδη
1007 3513 1142 3583 πρὸς
1156 3516 1278 3576 ταῖς
1296 3511 1488 3584 θύραις
1507 3508 1646 3583 ἦσαν
1674 3515 1768 3567 καὶ
1785 3515 1947 3568 εἰσω-

362 3608 477 3661 θεῖν
504 3606 732 3669 ἑαυτοὺς
764 3605 1012 3676 ἔμελλον,
1045 3605 1276 3673 ἄγγελον
1296 3605 1467 3677 ὁρῶσι
1498 3604 1634 3659 Θεοῦ
1671 3607 1947 3678 ῥομφαίαν

309 3690 314 3693 ’
356 3701 761 3770 διεσπασμένον
809 3702 904 3753 καὶ
971 3699 1217 3770 φοϐερῶς
1268 3697 1368 3768 τὴν
1411 3697 1619 3752 εἴσοδον
1664 3699 1944 3770 είργοντα.

359 3786 534 3844 Τοῦτο
579 3788 776 3841 ἐκεῖνοι
816 3787 876 3840 τδ
908 3787 1135 3860 φρικτὸν
1192 3785 1392 3849 ἰδόντες
1419 3826 1434 3851 ,
1481 3787 1577 3840 καὶ
1637 3787 1818 3858 πο).λῷ
1864 3787 1944 3858 τῷ

358 3879 470 3943 δέει
529 3879 993 3948 καταπὶαγέντες,
1043 3877 1195 3931 οὐδὲν
1253 3878 1414 3932 πλέον
1454 3881 1630 3931 ποιεῖν
1669 3879 1941 3947 ἔγνωσαν,

363 3971 497 4025 ἀλλὰ
552 3970 707 4040 πρὸς-
735 3970 835 4040 τὴν
899 3970 1196 4041 πέμψασαν
1235 3970 1397 4034 εὐθύς
1445 3987 1504 4023 τε
1528 3971 1944 4043 ἐπανέρχονται,

361 4063 455 4118 καὶ
478 4063 540 4115 τὸ
561 4060 1072 4132 θεαθὲντεράστιον
1123 4062 1475 4132 διηγοῦνταιο
1511 4063 1611 4133 τὴν
1659 4062 1714 4115 δὲ
1755 4063 1944 4135 φρῖξαι

365 4157 464 4228 μὲν
494 4140 591 4210 καὶ
616 4156 786 4227 αὐτὴν
832 4155 1169 4220 ἀκούσασαν,
1211 4155 1306 4208 καὶ
1355 4155 1454 4225 τῆς
1487 4154 1665 4226 ὁρμῆς
1702 4156 1939 4223 ὑφεῖναι.

359 4245 484 4303 Οἷδε
515 4252 624 4318 γαρ
652 4249 712 4302 τὸ
745 4249 958 4320 ταχέως
987 4248 1164 4300 οἰδοῦν
1218 4249 1313 4301 καὶ
1341 4247 1664 4327 φυσώμενον
1687 4249 1778 4302 διὰ
1808 4267 1944 4319 φρε-

359 4343 469 4397 νῶν
526 4342 798 4407 εὐκολίαν,
831 4343 1042 4412 ταχέως
1095 4342 1275 4407 πάλιν,
1309 4341 1500 4413 ὥσπερ
1529 4342 1579 4395 oi
1625 4343 1772 4395 κενοὶ
1806 4361 1946 4412 πομ-

361 4435 616 4503 φόλυγες,
648 4435 986 4489 διαπίπτειν.
1011 4429 1142 4487 Εἶτα
1177 4431 1293 4504 μετ’
1320 4433 1498 4508 ὀλίγον
1518 4433 1613 4508 τοῦ
1646 4434 1946 4505 προλαϐόν-

359 4534 454 4586 τος
495 4525 702 4580 σκοποῦ
731 4526 962 4594 γίνεται·
1004 4525 1102 4578 καὶ
1142 4525 1508 4596 Φρουμέντιὸν
1540 4544 1662 4580 τινα
1701 4525 1942 4597 τοῠνομα

359 4619 648 4685 ὠςσαύτὸν
704 4618 972 4689 πέμψασα
1021 4618 1392 4688 παραγγέλλει
1442 4620 1622 4672 πειθοῖ
1662 4620 1861 4690 μᾶλλον
1883 4621 1946 4673 τὸ

362 4714 727 4784 προκείμενον
751 4709 1028 4768 διανῦσαι.
1085 4712 1189 4765 Τὸν
1235 4712 1295 4765 δὲ
1340 4711 1518 4780 μέγαν
1553 4712 1760 4783 ἥκιστα
1821 4715 1946 4778 ταῖς

358 4803 528 4877 αύτοῦ
559 4805 881 4875 πειθόμενον
908 4804 1246 4871 κολακείαις,
1269 4804 1344 4857 Οὐ
1369 4805 1589 4877 δύσερις
1620 4804 1718 4869 ὢν,
1742 4806 1944 4870 εἰπεῖν,

359 4896 467 4951 036‘
529 4896 719 4961 ἁπλῶς
771 4899 836 4969 τῇ
895 4896 1128 4968 βασιλίδι
1172 4896 1522 4951 ἀντιπίπτειν
1576 4896 1947 4969 βουλόμενος,

361 4987 666 5057 φιλόνεικος
707 4991 838 5061 ὑμῖν
884 4988 1027 5046 εἶναι
1066 4991 1164 5045 καὶ
1214 4990 1492 5064 πέρα-τοῦ
1526 4993 1752 5063 μετρίου
1780 4993 1945 5046 δοκῶ.

362 5079 522 5133 Ἔστι
549 5079 608 5134 δὲ
627 5080 727 5152 οὐχ
771 5079 946 5146 οὕτως
970 5086 984 5111 ⁸
1029 5078 1146 5135 ἀλλ’
1181 5081 1298 5153 ἅμα
1337 5083 1438 5155 μὲν
1468 5083 1720 5153 ἀμύνων
1745 5084 1942 5157 ἀδικη-

361 5171 773 5246 Orion-70w:th
803 5173 955 5245 χήρᾳ
984 5175 1080 5228 καὶ
1108 5178 1291 5246 γυμνῇ
1344 5176 1694 5246 προστασίας
1732 5179 1937 5249 πάσης,

365 5261 569 5332 ἆμαδδ
626 5266 722 5318 καὶ
761 5268 829 5337 τῇ
867 5265 1099 5336 βασιλίδι
1157 5260 1338 5339 ψυχῆς
1407 5268 1946 5338 πραγματευόμενος

369 5352 664 5424 σωτηρίαν.
700 5355 971 5427 Τοιαύτην
999 5355 1097 5410 τοῦ
1143 5357 1302 5427 ἁγίου
1329 5355 1430 5429 τὴν
1465 5360 1758 5429 ἀπόκρισιν
1783 5359 1945 5414 δεδωο

366 5442 548 5511 κότος,
609 5447 706 5501 καὶ
749 5448 915 5519 μηδὲν
966 5449 1184 5519 ὑφεῖναι
1241 5449 1380 5520 πρὸς
1411 5451 1510 5522 τὴν
1533 5451 1785 5506 ἔνστασιν
1817 5452 1948 5506 ὁπο-

364 5535 655 5608 φήναντος,
713 5540 1010 5614 ἐπεὶότὴν
1056 5540 1274 5595 ἀδικίαν
1311 5541 1758 5614 διαπραξάμενος
1800 5541 1946 5610 ἔγνω

362 5628 546 5686 πάντα
572 5632 642 5687 τὰ
679 5633 740 5687 ἐν
771 5633 986 5690 ἐλπίσιν
1018 5634 1280 5708 ἄπρακτα
1323 5637 1418 5690 καὶ
1439 5635 1697 5707 ἀνόνητα,
1731 5635 1828 5690 καὶ
1875 5636 1944 5708 ἢν

2055 3332 2287 3388 cedebat
2335 3329 2696 3399 temporibus,
2749 3329 2926 3383 minas
2971 3342 3083 3383 non
3127 3327 3477 3392 formidabat,
3534 3339 3642 3382 nec

2054 3409 2282 3480 timebat
2304 3424 2375 3479 ab
2410 3423 2518 3478 ulla
2535 3422 2790 3478 excidere
2814 3422 3084 3486 rectione,
3112 3437 3236 3491 quae
3264 3407 3488 3484 quidem
3511 3428 3643 3474 sunt

2054 3533 2247 3588 magna
2291 3532 2356 3572 ex
2391 3525 2546 3586 parte
2580 3515 3021 3570 terriculamenta
3047 3514 3135 3579 iis,
3171 3514 3265 3585 qui
3319 3521 3451 3568 sunt
3484 3511 3638 3584 parvi

2051 3619 2108 3665 et
2131 3608 2330 3678 abjecti
2375 3608 2542 3662 animi
2581 3626 2594 3662 :
2628 3605 3030 3665 sedcoastanti
3065 3611 3121 3660 et
3147 3613 3417 3675 generoso
3438 3603 3638 3673 spiritu

2050 3702 2265 3757 fortiter
2329 3701 2592 3771 usquead
2625 3707 2857 3756 mortem
2924 3698 3220 3754 resistebat
3257 3706 3516 3768 peccato,
3577 3706 3637 3752 et

2051 3794 2225 3861 magis
2286 3793 2516 3846 cavebat
2576 3792 2716 3846 male
2741 3781 2946 3854 facere,
2985 3805 3150 3860 quam
3190 3789 3322 3859 pati.
3358 3789 3516 3852 Cum,
3553 3788 3640 3842 in-

2048 3898 2234 3953 quam,
2259 3877 2602 3954 cogn'ovisset
2624 3897 2748 3937 eum
2774 3875 3048 3951 ejusmodi
3087 3881 3206 3934 viro
3235 3895 3348 3935 rem
3379 3893 3503 3933 esse
3532 3877 3638 3934 sibi

2051 3976 2312 4040 futuram,
2374 3975 2451 4030 ira
2507 3976 2666 4046 plena
2720 3975 3031 4042 (videbatur
3082 3973 3231 4028 enim
3293 3971 3520 4027 minime
3557 3969 3644 4026 fe--

2049 4068 2306 4134 rendum,
2354 4079 2414 4123 ut
2446 4084 2568 4139 quae
2632 4067 2834 4122 multos
2868 4066 3187 4137 superabat,
3223 4066 3504 4120 videretur
3524 4081 3636 4119 uno

2049 4161 2206 4233 longe
2265 4160 2492 4215 inferior
2553 4175 2568 4213 :
2615 4171 2696 4216 est
2755 4159 2904 4215 enim
2953 4159 3227 4230 ejusmodi
3274 4173 3366 4213 res
3414 4158 3637 4234 mulier,

2051 4269 2248 4326 nempe
2309 4254 2466 4315 levis,
2498 4262 2553 4308 et
2589 4269 2711 4324 quae
2740 4252 2899 4308 facile
2943 4252 3292 4315 movetuﬂet
3318 4251 3477 4321 plane
3499 4250 3637 4305 ina-

2048 4349 2133 4402 nis
2188 4342 2373 4419 gloriaa
2438 4344 2756 4415 ludibrium)
2817 4345 2975 4414 jubet
3045 4345 3465 4414 extemplo,'et
3516 4343 3639 4402 duo

2046 4441 2267 4510 quidem
2303 4439 2676 4501 centuriones,
2710 4447 2807 4493 eos
2836 4445 3104 4507 sequente
3134 4451 3256 4506 qua;
3285 4435 3389 4490 sub
3411 4434 3495 4505 eis
3517 4443 3637 4490 erat

2049 4546 2248 4592 manu,
2328 4530 2729 4600 quamprimum
2811 4529 3125 4592 mittuntur,
3197 4525 3397 4596 quibus
3456 4524 3638 4580 fuerat

2051 4629 2402 4698 imperatum,
2463 4625 2646 4678 statim
2703 4621 2964 4692 templum
3022 4619 3256 4691 ingredi,
3291 4627 3348 4674 et
3375 4633 3503 4674 eum
3539 4617 3636 4690 qui

2046 4719 2419 4780 detinebatur,
2451 4717 2504 4770 vi
2528 4716 2676 4771 illine
2721 4717 2958 4785 eripere.
3001 4711 3069 4768 Et
3095 4711 3175 4768 sic
3203 4713 3424 4784 quidem
3455 4712 3637 4768 Eudo-

2045 4813 2130 4866 xia
2163 4828 2176 4865 :
2208 4793 2494 4882 ignorabat
2537 4818 2718 4863 autem
2744 4823 2804 4862 se
2831 4821 2894 4862 ea
2922 4805 3164 4877 aggredi,
3219 4820 3343 4876 quae
3375 4805 3494 4860 tleri
3521 4819 3632 4860 non

2046 4913 2320 4973 poteram,
2346 4909 2402 4956 et
2430 4901 2630 4955 bellum
2653 4900 2918 4953 adversus
2951 4897 3122 4957 Deum
3154 4896 3462 4964 suscipere.
3493 4893 3632 4950 Nam

2046 5009 2170 5049 cum
2229 4992 2305 5048 illi
2363 4993 2665 5054 venissent,
2707 4999 2761 5046 et
2784 4989 2897 5061 jam
2967 4996 3155 5045 essent
3200 4987 3255 5044 in
3295 4987 3527 5056 foribus,
3574 4997 3635 5044 et

2049 5085 2312 5156 irrupturi
2346 5094 2559 5147 essent,
2612 5083 2667 5153 (ο
2693 5082 2942 5139 divinum
2977 5081 3353 5153 speetaculttm
3382 5078 3397 5136 ί
3440 5095 3489 5160 o_
3511 5095 3629 5136 rem

2044 5177 2213 5256 plane
2240 5193 2436 5232 novam
2469 5176 2511 5247 l)
2541 5176 2728 5231 vident
2762 5175 2858 5232 Dei
2889 5176 3145 5247 angelum
3173 5175 3360 5245 specie
3389 5173 3630 5229 admira-

2044 5270 2230 5334 bilem,
2257 5269 2430 5326 forma
2459 5269 2780 5333 terribilem,
2798 5270 2890 5341 qui
2912 5270 3206 5325 strinxerat
3233 5267 3633 5340 rbompha'am,

2041 5373 2097 5422 et
2127 5361 2464 5419 horribiliter
2514 5362 2738 5419 arcebat
2761 5361 2834 5416 ab
2865 5362 3131 5433 ingressu.
3167 5361 3283 5418 Hoc
3305 5360 3380 5416 illi
3406 5362 3632 5430 malum,

2043 5471 2170 5514 cum
2209 5455 2502 5518 vidissent,
2554 5461 2704 5509 metu
2756 5453 2982 5523 repleta:
3015 5452 3242 5508 fuerunt
3266 5452 3374 5510 illis
3411 5454 3629 5515 animm,

2043 5561 2100 5605 et
2144 5549 2397 5619 protinus
2455 5545 2595 5603 nihil
2623 5545 2864 5618 amplius
2887 5545 3072 5603 facere
3101 5546 3506 5604 decreverunt:
3534 5547 3631 5602 sed

2043 5637 2446 5710 quamprimum
2499 5635 2705 5693 reversi
2729 5635 2799 5692 ad
2848 5648 2992 5702 eam,
3039 5649 3162 5722 qua:
3214 5635 3462 5700 miserat,
3511 5639 3632 5690 stu-

1546 5761 1590 5773 ι.
1652 5755 2052 5789 ὶ.”οο·“υδ.“σ

433 5812 484 5848 ⁸⁸
513 5781 746 5872 lalach.
784 5829 847 5895 ιι,
891 5815 980 5871 l3.
