  <div class='ocr_page' id='page_1' title='image "/cluster/home/n/w/nwhite01/storage/ocr_20150623/114:no.1/coo.31924054870187/581.png"; bbox 0 0 4126 6424; ppageno 0'>
   <div class='ocr_carea' id='block_1_1' title="bbox 508 368 3778 462">
    <p class='ocr_par' dir='ltr' id='par_1_1' title="bbox 508 368 3778 462">
     <span class='ocr_line' id='line_1_1' title="bbox 508 368 3778 462; baseline -0.009 0"><span class='ocrx_word' id='word_1_1' title='bbox 508 401 646 462; x_wconf 73' lang='grc' dir='ltr'>ιῑιτ</span> <span class='ocrx_word' id='word_1_2' title='bbox 1785 389 2066 449; x_wconf 72' lang='lat' dir='ltr'><strong>MENSIS</strong></span> <span class='ocrx_word' id='word_1_3' title='bbox 2100 387 2562 459; x_wconf 70' lang='lat' dir='ltr'><strong>JANUARIUS.</strong></span> <span class='ocrx_word' id='word_1_4' title='bbox 3632 368 3778 434; x_wconf 77' lang='lat' dir='ltr'><strong>ms</strong></span> 
     </span>
    </p>
   </div>
   <div class='ocr_carea' id='block_1_2' title="bbox 506 484 2112 591">
    <p class='ocr_par' dir='ltr' id='par_1_2' title="bbox 506 505 2084 588">
     <span class='ocr_line' id='line_1_2' title="bbox 506 505 2084 588; baseline -0.007 -18"><span class='ocrx_word' id='word_1_5' title='bbox 506 527 881 587; x_wconf 69' lang='lat' dir='ltr'><strong>perscrutans,</strong></span> <span class='ocrx_word' id='word_1_6' title='bbox 915 512 1286 588; x_wconf 75' lang='lat' dir='ltr'><strong>Ammoninm,</strong></span> <span class='ocrx_word' id='word_1_7' title='bbox 1326 511 1573 578; x_wconf 67' lang='lat' dir='ltr'><strong>inquam,</strong></span> <span class='ocrx_word' id='word_1_8' title='bbox 1616 522 1738 562; x_wconf 85' lang='lat' dir='ltr'><strong>cum</strong></span> <span class='ocrx_word' id='word_1_9' title='bbox 1774 505 1918 570; x_wconf 72' lang='lat' dir='ltr'><strong>aliis,</strong></span> <span class='ocrx_word' id='word_1_10' title='bbox 1947 520 2084 575; x_wconf 84' lang='lat' dir='ltr'><strong>quos</strong></span> 
     </span>
    </p>
   </div>
   <div class='ocr_carea' id='block_1_3' title="bbox 2213 484 3781 591">
    <p class='ocr_par' dir='ltr' id='par_1_3' title="bbox 2213 484 3781 567">
     <span class='ocr_line' id='line_1_3' title="bbox 2213 484 3781 567; baseline -0.008 -12"><span class='ocrx_word' id='word_1_11' title='bbox 2213 501 2541 567; x_wconf 65' lang='grc' dir='ltr'>ιίῧλοιστινές</span> <span class='ocrx_word' id='word_1_12' title='bbox 2566 499 2675 554; x_wconf 84' lang='grc' dir='ltr'><strong>τῶν</strong></span> <span class='ocrx_word' id='word_1_13' title='bbox 2702 494 3059 566; x_wconf 72' lang='grc' dir='ltr'><strong>σπουδαίων),</strong></span> <span class='ocrx_word' id='word_1_14' title='bbox 3091 493 3309 547; x_wconf 74' lang='grc' dir='ltr'>ἅπαντα</span> <span class='ocrx_word' id='word_1_15' title='bbox 3330 487 3406 556; x_wconf 83' lang='grc' dir='ltr'><strong>τῷ</strong></span> <span class='ocrx_word' id='word_1_16' title='bbox 3440 484 3575 556; x_wconf 74' lang='grc' dir='ltr'>πυρὶ</span> <span class='ocrx_word' id='word_1_17' title='bbox 3610 499 3781 555; x_wconf 75' lang='grc' dir='ltr'>χαρι-</span> 
     </span>
    </p>
   </div>
   <div class='ocr_carea' id='block_1_4' title="bbox 509 595 2556 679">
    <p class='ocr_par' dir='ltr' id='par_1_4' title="bbox 509 595 2556 676">
     <span class='ocr_line' id='line_1_4' title="bbox 509 595 2556 676; baseline -0.008 -12"><span class='ocrx_word' id='word_1_18' title='bbox 509 624 579 666; x_wconf 90' lang='lat' dir='ltr'><strong>ne</strong></span> <span class='ocrx_word' id='word_1_19' title='bbox 613 609 826 663; x_wconf 76' lang='lat' dir='ltr'><strong>Mumus</strong></span> <span class='ocrx_word' id='word_1_20' title='bbox 879 606 1098 676; x_wconf 81' lang='lat' dir='ltr'><strong>quidem</strong></span> <span class='ocrx_word' id='word_1_21' title='bbox 1157 601 1622 673; x_wconf 74' lang='lat' dir='ltr'><strong>reprehendisset,</strong></span> <span class='ocrx_word' id='word_1_22' title='bbox 1677 610 1730 653; x_wconf 89' lang='lat' dir='ltr'><strong>et</strong></span> <span class='ocrx_word' id='word_1_23' title='bbox 1783 599 1874 668; x_wconf 86' lang='lat' dir='ltr'><strong>qui</strong></span> <span class='ocrx_word' id='word_1_24' title='bbox 1932 605 2089 652; x_wconf 88' lang='lat' dir='ltr'><strong>erant</strong></span> <span class='ocrx_word' id='word_1_25' title='bbox 2197 595 2455 664; x_wconf 80' lang='grc' dir='ltr'>σάμενος.</span> <span class='ocrx_word' id='word_1_26' title='bbox 2548 622 2556 629; x_wconf 93' lang='grc'><strong>-</strong></span> 
     </span>
    </p>
   </div>
   <div class='ocr_carea' id='block_1_5' title="bbox 507 668 3784 771">
    <p class='ocr_par' dir='ltr' id='par_1_5' title="bbox 507 668 3784 771">
     <span class='ocr_line' id='line_1_5' title="bbox 507 668 3784 771; baseline -0.012 -12"><span class='ocrx_word' id='word_1_27' title='bbox 507 705 655 760; x_wconf 91' lang='lat' dir='ltr'><strong>omni</strong></span> <span class='ocrx_word' id='word_1_28' title='bbox 702 720 771 758; x_wconf 78' lang='lat' dir='ltr'><strong>ex</strong></span> <span class='ocrx_word' id='word_1_29' title='bbox 830 711 985 771; x_wconf 88' lang='lat' dir='ltr'><strong>parte</strong></span> <span class='ocrx_word' id='word_1_30' title='bbox 1042 700 1242 754; x_wconf 82' lang='lat' dir='ltr'><strong>fratres</strong></span> <span class='ocrx_word' id='word_1_31' title='bbox 1306 698 1442 752; x_wconf 85' lang='lat' dir='ltr'><strong>Cum</strong></span> <span class='ocrx_word' id='word_1_32' title='bbox 1500 706 1682 749; x_wconf 90' lang='lat' dir='ltr'><strong>autem</strong></span> <span class='ocrx_word' id='word_1_33' title='bbox 1734 700 1841 747; x_wconf 88' lang='lat' dir='ltr'><strong>non</strong></span> <span class='ocrx_word' id='word_1_34' title='bbox 1894 700 2080 762; x_wconf 88' lang='lat' dir='ltr'><strong>posset</strong></span> <span class='ocrx_word' id='word_1_35' title='bbox 2116 673 2343 744; x_wconf 87' lang='lat' dir='ltr'><strong>omnino</strong></span> <span class='ocrx_word' id='word_1_36' title='bbox 2371 668 2730 756; x_wconf 75' lang='lat' dir='ltr'><strong>invenire(se</strong></span> <span class='ocrx_word' id='word_1_37' title='bbox 2760 686 2905 741; x_wconf 90' lang='lat' dir='ltr'><strong>enim</strong></span> <span class='ocrx_word' id='word_1_38' title='bbox 2932 683 3080 753; x_wconf 88' lang='lat' dir='ltr'><strong>ipsos</strong></span> <span class='ocrx_word' id='word_1_39' title='bbox 3146 678 3201 733; x_wconf 87' lang='lat' dir='ltr'><strong>in</strong></span> <span class='ocrx_word' id='word_1_40' title='bbox 3262 683 3487 747; x_wconf 85' lang='lat' dir='ltr'><strong>puteum</strong></span> <span class='ocrx_word' id='word_1_41' title='bbox 3530 669 3784 726; x_wconf 82' lang='lat' dir='ltr'><strong>demise-</strong></span> 
     </span>
    </p>
   </div>
   <div class='ocr_carea' id='block_1_6' title="bbox 507 765 3777 864">
    <p class='ocr_par' dir='ltr' id='par_1_6' title="bbox 507 765 3777 864">
     <span class='ocr_line' id='line_1_6' title="bbox 507 765 3777 864; baseline -0.012 -13"><span class='ocrx_word' id='word_1_42' title='bbox 507 796 651 864; x_wconf 81' lang='lat' dir='ltr'><strong>rant)</strong></span> <span class='ocrx_word' id='word_1_43' title='bbox 730 795 872 847; x_wconf 74' lang='lat' dir='ltr'><strong>viros</strong></span> <span class='ocrx_word' id='word_1_44' title='bbox 905 808 1012 846; x_wconf 86' lang='lat' dir='ltr'><strong>non</strong></span> <span class='ocrx_word' id='word_1_45' title='bbox 1070 796 1356 844; x_wconf 88' lang='lat' dir='ltr'><strong>assecutus</strong></span> <span class='ocrx_word' id='word_1_46' title='bbox 1398 785 1478 839; x_wconf 73' lang='lat' dir='ltr'><strong>vir</strong></span> <span class='ocrx_word' id='word_1_47' title='bbox 1532 783 1713 855; x_wconf 84' lang='lat' dir='ltr'><strong>pusilli</strong></span> <span class='ocrx_word' id='word_1_48' title='bbox 1773 792 1826 836; x_wconf 91' lang='lat' dir='ltr'><strong>et</strong></span> <span class='ocrx_word' id='word_1_49' title='bbox 1884 778 2081 850; x_wconf 58' lang='lat' dir='ltr'><strong>abiecti</strong></span> <span class='ocrx_word' id='word_1_50' title='bbox 2120 778 2312 843; x_wconf 88' lang='lat' dir='ltr'><strong>animi,</strong></span> <span class='ocrx_word' id='word_1_51' title='bbox 2349 793 2408 832; x_wconf 91' lang='lat' dir='ltr'><strong>se</strong></span> <span class='ocrx_word' id='word_1_52' title='bbox 2466 770 2718 846; x_wconf 74' lang='lat' dir='ltr'><strong>protinus</strong></span> <span class='ocrx_word' id='word_1_53' title='bbox 2785 772 3055 828; x_wconf 81' lang='lat' dir='ltr'><strong>convertit</strong></span> <span class='ocrx_word' id='word_1_54' title='bbox 3082 767 3147 823; x_wconf 87' lang='lat' dir='ltr'><strong>ad</strong></span> <span class='ocrx_word' id='word_1_55' title='bbox 3199 765 3478 821; x_wconf 75' lang='lat' dir='ltr'><strong>materiam</strong></span> <span class='ocrx_word' id='word_1_56' title='bbox 3510 778 3525 814; x_wconf 92' lang='lat'><strong>:</strong></span> <span class='ocrx_word' id='word_1_57' title='bbox 3554 768 3611 814; x_wconf 90' lang='lat' dir='ltr'><strong>et</strong></span> <span class='ocrx_word' id='word_1_58' title='bbox 3641 767 3777 813; x_wconf 63' lang='lat' dir='ltr'><strong>tan-</strong></span> 
     </span>
    </p>
   </div>
   <div class='ocr_carea' id='block_1_7' title="bbox 507 855 3785 964">
    <p class='ocr_par' dir='ltr' id='par_1_7' title="bbox 507 855 3785 964">
     <span class='ocr_line' id='line_1_7' title="bbox 507 855 3785 964; baseline -0.012 -18"><span class='ocrx_word' id='word_1_59' title='bbox 507 908 672 964; x_wconf 86' lang='lat' dir='ltr'><strong>quam</strong></span> <span class='ocrx_word' id='word_1_60' title='bbox 723 870 948 945; x_wconf 74' lang='lat' dir='ltr'><strong>insaniae</strong></span> <span class='ocrx_word' id='word_1_61' title='bbox 1005 885 1228 941; x_wconf 83' lang='lat' dir='ltr'><strong>nimiam</strong></span> <span class='ocrx_word' id='word_1_62' title='bbox 1265 891 1549 938; x_wconf 86' lang='lat' dir='ltr'><strong>ostentans</strong></span> <span class='ocrx_word' id='word_1_63' title='bbox 1579 862 1993 940; x_wconf 78' lang='lat' dir='ltr'><strong>abundantiam,</strong></span> <span class='ocrx_word' id='word_1_64' title='bbox 2032 876 2085 928; x_wconf 92' lang='lat' dir='ltr'><strong>in</strong></span> <span class='ocrx_word' id='word_1_65' title='bbox 2126 891 2245 930; x_wconf 89' lang='lat' dir='ltr'><strong>eam</strong></span> <span class='ocrx_word' id='word_1_66' title='bbox 2304 873 2538 929; x_wconf 68' lang='lat' dir='ltr'><strong>edundit</strong></span> <span class='ocrx_word' id='word_1_67' title='bbox 2571 873 2729 938; x_wconf 84' lang='lat' dir='ltr'><strong>iram,</strong></span> <span class='ocrx_word' id='word_1_68' title='bbox 2795 870 2986 925; x_wconf 89' lang='lat' dir='ltr'><strong>domos</strong></span> <span class='ocrx_word' id='word_1_69' title='bbox 3006 865 3223 920; x_wconf 86' lang='lat' dir='ltr'><strong>illorum</strong></span> <span class='ocrx_word' id='word_1_70' title='bbox 3245 870 3302 917; x_wconf 86' lang='lat' dir='ltr'><strong>et</strong></span> <span class='ocrx_word' id='word_1_71' title='bbox 3328 872 3545 915; x_wconf 88' lang='lat' dir='ltr'><strong>omnem</strong></span> <span class='ocrx_word' id='word_1_72' title='bbox 3586 855 3785 925; x_wconf 79' lang='lat' dir='ltr'><strong>supel-</strong></span> 
     </span>
    </p>
   </div>
   <div class='ocr_carea' id='block_1_8' title="bbox 507 964 3244 1058">
    <p class='ocr_par' dir='ltr' id='par_1_8' title="bbox 507 964 3244 1058">
     <span class='ocr_line' id='line_1_8' title="bbox 507 964 3244 1058; baseline -0.011 -13"><span class='ocrx_word' id='word_1_73' title='bbox 507 990 744 1050; x_wconf 68' lang='lat' dir='ltr'><strong>lectilem</strong></span> <span class='ocrx_word' id='word_1_74' title='bbox 780 993 958 1057; x_wconf 73' lang='lat' dir='ltr'><strong>(erant</strong></span> <span class='ocrx_word' id='word_1_75' title='bbox 985 992 1168 1037; x_wconf 89' lang='lat' dir='ltr'><strong>autem</strong></span> <span class='ocrx_word' id='word_1_76' title='bbox 1205 980 1454 1058; x_wconf 88' lang='lat' dir='ltr'><strong>nonnulli</strong></span> <span class='ocrx_word' id='word_1_77' title='bbox 1486 991 1701 1047; x_wconf 78' lang='lat' dir='ltr'><strong>quoque</strong></span> <span class='ocrx_word' id='word_1_78' title='bbox 1734 975 1856 1028; x_wconf 78' lang='lat' dir='ltr'><strong>libri</strong></span> <span class='ocrx_word' id='word_1_79' title='bbox 1914 972 2303 1038; x_wconf 79' lang='lat' dir='ltr'><strong>studiosorum)</strong></span> <span class='ocrx_word' id='word_1_80' title='bbox 2332 973 2515 1027; x_wconf 83' lang='lat' dir='ltr'><strong>omnia</strong></span> <span class='ocrx_word' id='word_1_81' title='bbox 2546 969 2709 1024; x_wconf 88' lang='lat' dir='ltr'><strong>simul</strong></span> <span class='ocrx_word' id='word_1_82' title='bbox 2746 968 2853 1039; x_wconf 90' lang='lat' dir='ltr'><strong>igni</strong></span> <span class='ocrx_word' id='word_1_83' title='bbox 2896 964 3180 1019; x_wconf 85' lang='lat' dir='ltr'><strong>mandans.</strong></span> <span class='ocrx_word' id='word_1_84' title='bbox 3239 965 3244 969; x_wconf 83' lang='lat'>&#39;</span> 
     </span>
    </p>
   </div>
   <div class='ocr_carea' id='block_1_9' title="bbox 582 1068 2090 1144">
    <p class='ocr_par' dir='ltr' id='par_1_9' title="bbox 582 1068 2090 1144">
     <span class='ocr_line' id='line_1_9' title="bbox 582 1068 2090 1144; baseline -0.013 -4"><span class='ocrx_word' id='word_1_85' title='bbox 582 1081 836 1140; x_wconf 75' lang='lat' dir='ltr'><strong>XXXIX.</strong></span> <span class='ocrx_word' id='word_1_86' title='bbox 879 1078 1093 1134; x_wconf 82' lang='lat' dir='ltr'><strong>Accidit</strong></span> <span class='ocrx_word' id='word_1_87' title='bbox 1124 1077 1255 1132; x_wconf 84' lang='lat' dir='ltr'><strong>huic</strong></span> <span class='ocrx_word' id='word_1_88' title='bbox 1298 1074 1546 1144; x_wconf 89' lang='lat' dir='ltr'><strong>improbo</strong></span> <span class='ocrx_word' id='word_1_89' title='bbox 1590 1071 1902 1141; x_wconf 73' lang='lat' dir='ltr'><strong>imperaturi</strong></span> <span class='ocrx_word' id='word_1_90' title='bbox 1945 1068 2090 1122; x_wconf 87' lang='lat' dir='ltr'><strong>aliud</strong></span> 
     </span>
    </p>
   </div>
   <div class='ocr_carea' id='block_1_10' title="bbox 509 1160 2090 1249">
    <p class='ocr_par' dir='ltr' id='par_1_10' title="bbox 509 1160 2090 1249">
     <span class='ocr_line' id='line_1_10' title="bbox 509 1160 2090 1249; baseline -0.013 -18"><span class='ocrx_word' id='word_1_91' title='bbox 509 1191 727 1249; x_wconf 89' lang='lat' dir='ltr'><strong>quoque</strong></span> <span class='ocrx_word' id='word_1_92' title='bbox 786 1173 1023 1233; x_wconf 81' lang='lat' dir='ltr'><strong>facinus,</strong></span> <span class='ocrx_word' id='word_1_93' title='bbox 1076 1166 1222 1237; x_wconf 89' lang='lat' dir='ltr'><strong>quod</strong></span> <span class='ocrx_word' id='word_1_94' title='bbox 1282 1167 1505 1219; x_wconf 86' lang='lat' dir='ltr'><strong>omnino</strong></span> <span class='ocrx_word' id='word_1_95' title='bbox 1553 1162 1774 1232; x_wconf 72' lang='lat' dir='ltr'><strong>quidem</strong></span> <span class='ocrx_word' id='word_1_96' title='bbox 1827 1160 1902 1214; x_wconf 84' lang='lat' dir='ltr'><strong>illi</strong></span> <span class='ocrx_word' id='word_1_97' title='bbox 1956 1160 2090 1213; x_wconf 83' lang='lat' dir='ltr'><strong>satis</strong></span> 
     </span>
    </p>
   </div>
   <div class='ocr_carea' id='block_1_11' title="bbox 511 1252 2087 1339">
    <p class='ocr_par' dir='ltr' id='par_1_11' title="bbox 511 1252 2087 1339">
     <span class='ocr_line' id='line_1_11' title="bbox 511 1252 2087 1339; baseline -0.013 -13"><span class='ocrx_word' id='word_1_98' title='bbox 511 1266 783 1339; x_wconf 79' lang='lat' dir='ltr'><strong>congruit,</strong></span> <span class='ocrx_word' id='word_1_99' title='bbox 818 1278 921 1317; x_wconf 87' lang='lat' dir='ltr'><strong>nec</strong></span> <span class='ocrx_word' id='word_1_100' title='bbox 948 1270 1031 1315; x_wconf 87' lang='lat' dir='ltr'><strong>est</strong></span> <span class='ocrx_word' id='word_1_101' title='bbox 1067 1274 1132 1313; x_wconf 90' lang='lat' dir='ltr'><strong>eo</strong></span> <span class='ocrx_word' id='word_1_102' title='bbox 1167 1256 1450 1325; x_wconf 81' lang='lat' dir='ltr'><strong>indignum</strong></span> <span class='ocrx_word' id='word_1_103' title='bbox 1484 1271 1496 1305; x_wconf 90' lang='lat'>:</span> <span class='ocrx_word' id='word_1_104' title='bbox 1530 1264 1615 1308; x_wconf 89' lang='lat' dir='ltr'><strong>est</strong></span> <span class='ocrx_word' id='word_1_105' title='bbox 1644 1262 1826 1307; x_wconf 89' lang='lat' dir='ltr'><strong>autem</strong></span> <span class='ocrx_word' id='word_1_106' title='bbox 1862 1252 2087 1321; x_wconf 84' lang='lat' dir='ltr'><strong>dignum</strong></span> 
     </span>
    </p>
   </div>
   <div class='ocr_carea' id='block_1_12' title="bbox 515 1345 2089 1430">
    <p class='ocr_par' dir='ltr' id='par_1_12' title="bbox 515 1345 2089 1430">
     <span class='ocr_line' id='line_1_12' title="bbox 515 1345 2089 1430; baseline -0.013 -12"><span class='ocrx_word' id='word_1_107' title='bbox 515 1376 626 1419; x_wconf 87' lang='lat' dir='ltr'><strong>non</strong></span> <span class='ocrx_word' id='word_1_108' title='bbox 669 1358 855 1430; x_wconf 84' lang='lat' dir='ltr'><strong>paucis</strong></span> <span class='ocrx_word' id='word_1_109' title='bbox 912 1345 1182 1424; x_wconf 80' lang='lat' dir='ltr'><strong>iacrymis.</strong></span> <span class='ocrx_word' id='word_1_110' title='bbox 1217 1349 1400 1402; x_wconf 70' lang='lat' dir='ltr'><strong>Infans</strong></span> <span class='ocrx_word' id='word_1_111' title='bbox 1449 1349 1620 1407; x_wconf 79' lang='lat' dir='ltr'><strong>enini,</strong></span> <span class='ocrx_word' id='word_1_112' title='bbox 1659 1346 1752 1415; x_wconf 89' lang='lat' dir='ltr'><strong>qui</strong></span> <span class='ocrx_word' id='word_1_113' title='bbox 1789 1345 2001 1408; x_wconf 86' lang='lat' dir='ltr'><strong>incidit,</strong></span> <span class='ocrx_word' id='word_1_114' title='bbox 2035 1353 2089 1397; x_wconf 88' lang='lat' dir='ltr'><strong>et</strong></span> 
     </span>
    </p>
   </div>
   <div class='ocr_carea' id='block_1_13' title="bbox 514 1428 2090 1518">
    <p class='ocr_par' dir='ltr' id='par_1_13' title="bbox 514 1428 2090 1518">
     <span class='ocr_line' id='line_1_13' title="bbox 514 1428 2090 1518; baseline -0.014 -10"><span class='ocrx_word' id='word_1_115' title='bbox 514 1428 943 1518; x_wconf 72' lang='lat' dir='ltr'><strong>sacraquazdam</strong></span> <span class='ocrx_word' id='word_1_116' title='bbox 979 1444 1131 1513; x_wconf 83' lang='lat' dir='ltr'><strong>signa</strong></span> <span class='ocrx_word' id='word_1_117' title='bbox 1155 1446 1646 1505; x_wconf 83' lang='lat' dir='ltr'><strong>sacramentorum,</strong></span> <span class='ocrx_word' id='word_1_118' title='bbox 1682 1428 1747 1489; x_wconf 83' lang='lat' dir='ltr'><strong>ea</strong></span> <span class='ocrx_word' id='word_1_119' title='bbox 1780 1448 1998 1503; x_wconf 91' lang='lat' dir='ltr'><strong>quoque</strong></span> <span class='ocrx_word' id='word_1_120' title='bbox 2023 1432 2090 1486; x_wconf 87' lang='lat' dir='ltr'><strong>ab</strong></span> 
     </span>
    </p>
   </div>
   <div class='ocr_carea' id='block_1_14' title="bbox 515 1527 2094 1616">
    <p class='ocr_par' dir='ltr' id='par_1_14' title="bbox 515 1527 2094 1616">
     <span class='ocr_line' id='line_1_14' title="bbox 515 1527 2094 1616; baseline -0.013 -18"><span class='ocrx_word' id='word_1_121' title='bbox 515 1546 638 1616; x_wconf 78' lang='lat' dir='ltr'><strong>igne</strong></span> <span class='ocrx_word' id='word_1_122' title='bbox 674 1547 1093 1596; x_wconf 81' lang='lat' dir='ltr'><strong>consumuntur.</strong></span> <span class='ocrx_word' id='word_1_123' title='bbox 1139 1532 1276 1585; x_wconf 87' lang='lat' dir='ltr'><strong>Cum</strong></span> <span class='ocrx_word' id='word_1_124' title='bbox 1310 1532 1397 1584; x_wconf 76' lang='lat' dir='ltr'><strong>vix</strong></span> <span class='ocrx_word' id='word_1_125' title='bbox 1450 1529 1666 1584; x_wconf 86' lang='lat' dir='ltr'><strong>tandem</strong></span> <span class='ocrx_word' id='word_1_126' title='bbox 1696 1527 1764 1581; x_wconf 89' lang='lat' dir='ltr'><strong>ab</strong></span> <span class='ocrx_word' id='word_1_127' title='bbox 1800 1527 1878 1581; x_wconf 89' lang='lat' dir='ltr'><strong>ira</strong></span> <span class='ocrx_word' id='word_1_128' title='bbox 1911 1539 2094 1580; x_wconf 88' lang='lat' dir='ltr'><strong>cessa-</strong></span> 
     </span>
    </p>
   </div>
   <div class='ocr_carea' id='block_1_15' title="bbox 519 1616 2094 1701">
    <p class='ocr_par' dir='ltr' id='par_1_15' title="bbox 519 1616 2094 1701">
     <span class='ocr_line' id='line_1_15' title="bbox 519 1616 2094 1701; baseline -0.012 -12"><span class='ocrx_word' id='word_1_129' title='bbox 519 1636 709 1695; x_wconf 70' lang='lat' dir='ltr'><strong>visset,</strong></span> <span class='ocrx_word' id='word_1_130' title='bbox 737 1629 1031 1701; x_wconf 79' lang='lat' dir='ltr'><strong>revertitur</strong></span> <span class='ocrx_word' id='word_1_131' title='bbox 1052 1622 1435 1679; x_wconf 82' lang='lat' dir='ltr'><strong>Alexandriam</strong></span> <span class='ocrx_word' id='word_1_132' title='bbox 1467 1619 1708 1691; x_wconf 79' lang='lat' dir='ltr'><strong>pontifex</strong></span> <span class='ocrx_word' id='word_1_133' title='bbox 1736 1634 1861 1673; x_wconf 92' lang='lat' dir='ltr'><strong>cum</strong></span> <span class='ocrx_word' id='word_1_134' title='bbox 1895 1616 2094 1671; x_wconf 79' lang='lat' dir='ltr'><strong>talibus</strong></span> 
     </span>
    </p>
   </div>
   <div class='ocr_carea' id='block_1_16' title="bbox 516 1706 2094 1780">
    <p class='ocr_par' dir='ltr' id='par_1_16' title="bbox 516 1706 2094 1780">
     <span class='ocr_line' id='line_1_16' title="bbox 516 1706 2094 1780; baseline -0.013 0"><span class='ocrx_word' id='word_1_135' title='bbox 516 1723 782 1780; x_wconf 74' lang='lat' dir='ltr'><strong>victoriis.</strong></span> <span class='ocrx_word' id='word_1_136' title='bbox 829 1720 910 1774; x_wconf 88' lang='lat' dir='ltr'><strong>llli</strong></span> <span class='ocrx_word' id='word_1_137' title='bbox 953 1725 1134 1772; x_wconf 87' lang='lat' dir='ltr'><strong>autem</strong></span> <span class='ocrx_word' id='word_1_138' title='bbox 1178 1713 1265 1769; x_wconf 77' lang='lat' dir='ltr'><strong>vix</strong></span> <span class='ocrx_word' id='word_1_139' title='bbox 1303 1712 1523 1771; x_wconf 84' lang='lat' dir='ltr'><strong>tandem</strong></span> <span class='ocrx_word' id='word_1_140' title='bbox 1552 1711 1730 1780; x_wconf 76' lang='lat' dir='ltr'><strong>seruri</strong></span> <span class='ocrx_word' id='word_1_141' title='bbox 1777 1726 1808 1764; x_wconf 88' lang='lat' dir='ltr'><strong>a</strong></span> <span class='ocrx_word' id='word_1_142' title='bbox 1850 1716 1996 1763; x_wconf 88' lang='lat' dir='ltr'><strong>metu</strong></span> <span class='ocrx_word' id='word_1_143' title='bbox 2028 1706 2094 1760; x_wconf 89' lang='lat' dir='ltr'><strong>li-</strong></span> 
     </span>
    </p>
   </div>
   <div class='ocr_carea' id='block_1_17' title="bbox 516 1796 2089 1883">
    <p class='ocr_par' dir='ltr' id='par_1_17' title="bbox 516 1796 2089 1883">
     <span class='ocr_line' id='line_1_17' title="bbox 516 1796 2089 1883; baseline -0.014 -11"><span class='ocrx_word' id='word_1_144' title='bbox 516 1817 653 1880; x_wconf 87' lang='lat' dir='ltr'><strong>beri,</strong></span> <span class='ocrx_word' id='word_1_145' title='bbox 679 1813 811 1869; x_wconf 81' lang='lat' dir='ltr'><strong>nudi</strong></span> <span class='ocrx_word' id='word_1_146' title='bbox 843 1818 1046 1883; x_wconf 71' lang='lat' dir='ltr'><strong>exeunt</strong></span> <span class='ocrx_word' id='word_1_147' title='bbox 1076 1823 1108 1862; x_wconf 92' lang='lat' dir='ltr'><strong>e</strong></span> <span class='ocrx_word' id='word_1_148' title='bbox 1138 1816 1301 1877; x_wconf 87' lang='lat' dir='ltr'><strong>puteo</strong></span> <span class='ocrx_word' id='word_1_149' title='bbox 1328 1804 1583 1875; x_wconf 86' lang='lat' dir='ltr'><strong>pudenda</strong></span> <span class='ocrx_word' id='word_1_150' title='bbox 1608 1804 1782 1856; x_wconf 93' lang='lat' dir='ltr'><strong>solum</strong></span> <span class='ocrx_word' id='word_1_151' title='bbox 1826 1796 2089 1856; x_wconf 89' lang='lat' dir='ltr'><strong>succincti</strong></span> 
     </span>
    </p>
   </div>
   <div class='ocr_carea' id='block_1_18' title="bbox 516 1909 761 1967">
    <p class='ocr_par' dir='ltr' id='par_1_18' title="bbox 516 1909 761 1967">
     <span class='ocr_line' id='line_1_18' title="bbox 516 1909 761 1967; baseline -0.02 0"><span class='ocrx_word' id='word_1_152' title='bbox 516 1909 702 1967; x_wconf 86' lang='lat' dir='ltr'><strong>linteis</strong></span> <span class='ocrx_word' id='word_1_153' title='bbox 746 1925 761 1962; x_wconf 88' lang='lat'><strong>:</strong></span> 
     </span>
    </p>
   </div>
   <div class='ocr_carea' id='block_1_19' title="bbox 520 1984 2097 2070">
    <p class='ocr_par' dir='ltr' id='par_1_19' title="bbox 520 1984 2097 2070">
     <span class='ocr_line' id='line_1_19' title="bbox 520 1984 2097 2070; baseline -0.013 -15"><span class='ocrx_word' id='word_1_154' title='bbox 520 2008 753 2070; x_wconf 72' lang='lat' dir='ltr'><strong>prmdam</strong></span> <span class='ocrx_word' id='word_1_155' title='bbox 778 2013 942 2070; x_wconf 86' lang='lat' dir='ltr'><strong>quam</strong></span> <span class='ocrx_word' id='word_1_156' title='bbox 989 2011 1099 2050; x_wconf 90' lang='lat' dir='ltr'><strong>non</strong></span> <span class='ocrx_word' id='word_1_157' title='bbox 1136 2003 1390 2064; x_wconf 87' lang='lat' dir='ltr'><strong>potuerat</strong></span> <span class='ocrx_word' id='word_1_158' title='bbox 1419 1984 2001 2059; x_wconf 82' lang='lat' dir='ltr'><strong>assequi-TheOphilus</strong></span> <span class='ocrx_word' id='word_1_159' title='bbox 2040 1989 2097 2035; x_wconf 83' lang='lat' dir='ltr'><strong>et</strong></span> 
     </span>
    </p>
   </div>
   <div class='ocr_carea' id='block_1_20' title="bbox 518 2076 2096 2150">
    <p class='ocr_par' dir='ltr' id='par_1_20' title="bbox 518 2076 2096 2150">
     <span class='ocr_line' id='line_1_20' title="bbox 518 2076 2096 2150; baseline -0.016 -2"><span class='ocrx_word' id='word_1_160' title='bbox 518 2091 665 2148; x_wconf 85' lang='lat' dir='ltr'><strong>illius</strong></span> <span class='ocrx_word' id='word_1_161' title='bbox 699 2090 929 2150; x_wconf 58' lang='lat' dir='ltr'><strong>insania,</strong></span> <span class='ocrx_word' id='word_1_162' title='bbox 983 2082 1296 2139; x_wconf 83' lang='lat' dir='ltr'><strong>miserabile</strong></span> <span class='ocrx_word' id='word_1_163' title='bbox 1324 2081 1410 2147; x_wconf 91' lang='lat' dir='ltr'><strong>iis,</strong></span> <span class='ocrx_word' id='word_1_164' title='bbox 1444 2079 1536 2149; x_wconf 90' lang='lat' dir='ltr'><strong>qui</strong></span> <span class='ocrx_word' id='word_1_165' title='bbox 1571 2076 1845 2139; x_wconf 84' lang='lat' dir='ltr'><strong>videbant,</strong></span> <span class='ocrx_word' id='word_1_166' title='bbox 1879 2079 2096 2142; x_wconf 88' lang='lat' dir='ltr'><strong>specta-</strong></span> 
     </span>
    </p>
   </div>
   <div class='ocr_carea' id='block_1_21' title="bbox 520 2161 2097 2243">
    <p class='ocr_par' dir='ltr' id='par_1_21' title="bbox 520 2161 2097 2243">
     <span class='ocr_line' id='line_1_21' title="bbox 520 2161 2097 2243; baseline -0.015 -5"><span class='ocrx_word' id='word_1_167' title='bbox 520 2184 727 2243; x_wconf 84' lang='lat' dir='ltr'><strong>culum,</strong></span> <span class='ocrx_word' id='word_1_168' title='bbox 759 2179 973 2234; x_wconf 89' lang='lat' dir='ltr'><strong>etiamsi</strong></span> <span class='ocrx_word' id='word_1_169' title='bbox 1001 2177 1201 2230; x_wconf 82' lang='lat' dir='ltr'><strong>virtute</strong></span> <span class='ocrx_word' id='word_1_170' title='bbox 1230 2184 1387 2228; x_wconf 89' lang='lat' dir='ltr'><strong>erant</strong></span> <span class='ocrx_word' id='word_1_171' title='bbox 1410 2170 1586 2225; x_wconf 88' lang='lat' dir='ltr'><strong>induti</strong></span> <span class='ocrx_word' id='word_1_172' title='bbox 1622 2165 1925 2239; x_wconf 87' lang='lat' dir='ltr'><strong>splendide,</strong></span> <span class='ocrx_word' id='word_1_173' title='bbox 1953 2161 2097 2217; x_wconf 88' lang='lat' dir='ltr'><strong>etab</strong></span> 
     </span>
    </p>
   </div>
   <div class='ocr_carea' id='block_1_22' title="bbox 521 2253 2100 2339">
    <p class='ocr_par' dir='ltr' id='par_1_22' title="bbox 521 2253 2100 2339">
     <span class='ocr_line' id='line_1_22' title="bbox 521 2253 2100 2339; baseline -0.013 -13"><span class='ocrx_word' id='word_1_174' title='bbox 521 2268 610 2328; x_wconf 85' lang='lat' dir='ltr'><strong>illa</strong></span> <span class='ocrx_word' id='word_1_175' title='bbox 644 2268 874 2339; x_wconf 83' lang='lat' dir='ltr'><strong>pulchre</strong></span> <span class='ocrx_word' id='word_1_176' title='bbox 908 2265 1107 2319; x_wconf 89' lang='lat' dir='ltr'><strong>ornati.</strong></span> <span class='ocrx_word' id='word_1_177' title='bbox 1169 2262 1274 2315; x_wconf 88' lang='lat' dir='ltr'><strong>Eos</strong></span> <span class='ocrx_word' id='word_1_178' title='bbox 1313 2276 1436 2315; x_wconf 89' lang='lat' dir='ltr'><strong>cum</strong></span> <span class='ocrx_word' id='word_1_179' title='bbox 1483 2258 1839 2329; x_wconf 80' lang='lat' dir='ltr'><strong>agnovissent</strong></span> <span class='ocrx_word' id='word_1_180' title='bbox 1867 2253 2100 2309; x_wconf 77' lang='lat' dir='ltr'><strong>Alexan-</strong></span> 
     </span>
    </p>
   </div>
   <div class='ocr_carea' id='block_1_23' title="bbox 489 2351 2101 2425">
    <p class='ocr_par' dir='ltr' id='par_1_23' title="bbox 489 2351 2101 2425">
     <span class='ocr_line' id='line_1_23' title="bbox 489 2351 2101 2425; baseline -0.013 -6"><span class='ocrx_word' id='word_1_181' title='bbox 489 2360 664 2420; x_wconf 69' lang='lat' dir='ltr'><strong>-drini</strong></span> <span class='ocrx_word' id='word_1_182' title='bbox 686 2400 701 2425; x_wconf 89' lang='lat'><strong>,</strong></span> <span class='ocrx_word' id='word_1_183' title='bbox 732 2360 851 2414; x_wconf 84' lang='lat' dir='ltr'><strong>zelo</strong></span> <span class='ocrx_word' id='word_1_184' title='bbox 879 2367 936 2412; x_wconf 90' lang='lat' dir='ltr'><strong>et</strong></span> <span class='ocrx_word' id='word_1_185' title='bbox 982 2359 1059 2411; x_wconf 88' lang='lat' dir='ltr'><strong>ir-a</strong></span> <span class='ocrx_word' id='word_1_186' title='bbox 1111 2355 1295 2410; x_wconf 84' lang='lat' dir='ltr'><strong>statim</strong></span> <span class='ocrx_word' id='word_1_187' title='bbox 1343 2351 1578 2422; x_wconf 87' lang='lat' dir='ltr'><strong>repleti,</strong></span> <span class='ocrx_word' id='word_1_188' title='bbox 1616 2362 1675 2404; x_wconf 94' lang='lat' dir='ltr'><strong>ut</strong></span> <span class='ocrx_word' id='word_1_189' title='bbox 1705 2357 1832 2403; x_wconf 90' lang='lat' dir='ltr'><strong>sunt</strong></span> <span class='ocrx_word' id='word_1_190' title='bbox 1855 2361 2011 2402; x_wconf 89' lang='lat' dir='ltr'><strong>acres</strong></span> <span class='ocrx_word' id='word_1_191' title='bbox 2045 2352 2101 2398; x_wconf 86' lang='lat' dir='ltr'><strong>et</strong></span> 
     </span>
    </p>
   </div>
   <div class='ocr_carea' id='block_1_24' title="bbox 523 2448 2098 2521">
    <p class='ocr_par' dir='ltr' id='par_1_24' title="bbox 523 2448 2098 2521">
     <span class='ocr_line' id='line_1_24' title="bbox 523 2448 2098 2521; baseline -0.011 -13"><span class='ocrx_word' id='word_1_192' title='bbox 523 2454 923 2516; x_wconf 85' lang='lat' dir='ltr'><strong>vehementes,</strong></span> <span class='ocrx_word' id='word_1_193' title='bbox 977 2448 1257 2521; x_wconf 80' lang='lat' dir='ltr'><strong>lampades</strong></span> <span class='ocrx_word' id='word_1_194' title='bbox 1314 2448 1370 2498; x_wconf 91' lang='lat' dir='ltr'><strong>in</strong></span> <span class='ocrx_word' id='word_1_195' title='bbox 1422 2457 1619 2498; x_wconf 89' lang='lat' dir='ltr'><strong>manus</strong></span> <span class='ocrx_word' id='word_1_196' title='bbox 1667 2450 1982 2502; x_wconf 81' lang='lat' dir='ltr'><strong>sumentes,</strong></span> <span class='ocrx_word' id='word_1_197' title='bbox 2042 2449 2098 2491; x_wconf 89' lang='lat' dir='ltr'><strong>et</strong></span> 
     </span>
    </p>
   </div>
   <div class='ocr_carea' id='block_1_25' title="bbox 523 2528 2098 2614">
    <p class='ocr_par' dir='ltr' id='par_1_25' title="bbox 523 2528 2098 2614">
     <span class='ocr_line' id='line_1_25' title="bbox 523 2528 2098 2614; baseline -0.013 -11"><span class='ocrx_word' id='word_1_198' title='bbox 523 2542 891 2614; x_wconf 82' lang='lat' dir='ltr'><strong>Theophilum</strong></span> <span class='ocrx_word' id='word_1_199' title='bbox 920 2541 1231 2608; x_wconf 81' lang='lat' dir='ltr'><strong>ubicunque</strong></span> <span class='ocrx_word' id='word_1_200' title='bbox 1254 2553 1379 2591; x_wconf 87' lang='lat' dir='ltr'><strong>eum</strong></span> <span class='ocrx_word' id='word_1_201' title='bbox 1414 2550 1536 2614; x_wconf 82' lang='lat' dir='ltr'><strong>esse</strong></span> <span class='ocrx_word' id='word_1_202' title='bbox 1562 2533 1847 2604; x_wconf 88' lang='lat' dir='ltr'><strong>putabant,</strong></span> <span class='ocrx_word' id='word_1_203' title='bbox 1882 2528 2098 2600; x_wconf 85' lang='lat' dir='ltr'><strong>publice</strong></span> 
     </span>
    </p>
   </div>
   <div class='ocr_carea' id='block_1_26' title="bbox 525 2611 2102 2700">
    <p class='ocr_par' dir='ltr' id='par_1_26' title="bbox 525 2611 2102 2700">
     <span class='ocr_line' id='line_1_26' title="bbox 525 2611 2102 2700; baseline -0.015 -3"><span class='ocrx_word' id='word_1_204' title='bbox 525 2639 1010 2700; x_wconf 82' lang='lat' dir='ltr'><strong>circumsistentes,</strong></span> <span class='ocrx_word' id='word_1_205' title='bbox 1054 2631 1302 2687; x_wconf 87' lang='lat' dir='ltr'><strong>nonnulli</strong></span> <span class='ocrx_word' id='word_1_206' title='bbox 1350 2611 1568 2698; x_wconf 82' lang='lat' dir='ltr'><strong>quidem</strong></span> <span class='ocrx_word' id='word_1_207' title='bbox 1598 2630 1886 2695; x_wconf 69' lang='lat' dir='ltr'><strong>coeperunt</strong></span> <span class='ocrx_word' id='word_1_208' title='bbox 1914 2621 2102 2675; x_wconf 88' lang='lat' dir='ltr'><strong>incen-</strong></span> 
     </span>
    </p>
   </div>
   <div class='ocr_carea' id='block_1_27' title="bbox 523 2710 2102 2791">
    <p class='ocr_par' dir='ltr' id='par_1_27' title="bbox 523 2710 2102 2791">
     <span class='ocr_line' id='line_1_27' title="bbox 523 2710 2102 2791; baseline -0.014 -4"><span class='ocrx_word' id='word_1_209' title='bbox 523 2718 670 2791; x_wconf 77' lang='lat' dir='ltr'><strong>dere,</strong></span> <span class='ocrx_word' id='word_1_210' title='bbox 707 2725 798 2781; x_wconf 86' lang='lat' dir='ltr'><strong>alii</strong></span> <span class='ocrx_word' id='word_1_211' title='bbox 825 2735 1006 2779; x_wconf 87' lang='lat' dir='ltr'><strong>autem</strong></span> <span class='ocrx_word' id='word_1_212' title='bbox 1044 2723 1185 2777; x_wconf 90' lang='lat' dir='ltr'><strong>bona</strong></span> <span class='ocrx_word' id='word_1_213' title='bbox 1236 2720 1494 2789; x_wconf 83' lang='lat' dir='ltr'><strong>diripere.</strong></span> <span class='ocrx_word' id='word_1_214' title='bbox 1535 2715 1672 2772; x_wconf 87' lang='lat' dir='ltr'><strong>Cum</strong></span> <span class='ocrx_word' id='word_1_215' title='bbox 1703 2728 1835 2769; x_wconf 76' lang='lat' dir='ltr'><strong>vero</strong></span> <span class='ocrx_word' id='word_1_216' title='bbox 1884 2713 1998 2784; x_wconf 83' lang='lat' dir='ltr'><strong>jam</strong></span> <span class='ocrx_word' id='word_1_217' title='bbox 2034 2710 2102 2766; x_wconf 82' lang='lat' dir='ltr'><strong>ad</strong></span> 
     </span>
    </p>
   </div>
   <div class='ocr_carea' id='block_1_28' title="bbox 527 2807 2101 2880">
    <p class='ocr_par' dir='ltr' id='par_1_28' title="bbox 527 2807 2101 2880">
     <span class='ocr_line' id='line_1_28' title="bbox 527 2807 2101 2880; baseline -0.01 -5"><span class='ocrx_word' id='word_1_218' title='bbox 527 2833 684 2876; x_wconf 82' lang='lat' dir='ltr'><strong>sacra</strong></span> <span class='ocrx_word' id='word_1_219' title='bbox 720 2832 847 2872; x_wconf 72' lang='lat' dir='ltr'><strong>vasa</strong></span> <span class='ocrx_word' id='word_1_220' title='bbox 905 2822 1091 2871; x_wconf 80' lang='lat' dir='ltr'><strong>essent</strong></span> <span class='ocrx_word' id='word_1_221' title='bbox 1138 2811 1377 2872; x_wconf 75' lang='lat' dir='ltr'><strong>venturi,</strong></span> <span class='ocrx_word' id='word_1_222' title='bbox 1417 2824 1620 2880; x_wconf 67' lang='lat' dir='ltr'><strong>praeses</strong></span> <span class='ocrx_word' id='word_1_223' title='bbox 1656 2807 1854 2863; x_wconf 90' lang='lat' dir='ltr'><strong>timens</strong></span> <span class='ocrx_word' id='word_1_224' title='bbox 1885 2807 2101 2876; x_wconf 87' lang='lat' dir='ltr'><strong>pericu-</strong></span> 
     </span>
    </p>
   </div>
   <div class='ocr_carea' id='block_1_29' title="bbox 523 2896 2101 2974">
    <p class='ocr_par' dir='ltr' id='par_1_29' title="bbox 523 2896 2101 2974">
     <span class='ocr_line' id='line_1_29' title="bbox 523 2896 2101 2974; baseline -0.011 -8"><span class='ocrx_word' id='word_1_225' title='bbox 523 2906 904 2974; x_wconf 86' lang='lat' dir='ltr'><strong>lum,accessit</strong></span> <span class='ocrx_word' id='word_1_226' title='bbox 931 2920 1025 2960; x_wconf 91' lang='lat' dir='ltr'><strong>eos</strong></span> <span class='ocrx_word' id='word_1_227' title='bbox 1049 2904 1281 2967; x_wconf 78' lang='lat' dir='ltr'><strong>leniens,</strong></span> <span class='ocrx_word' id='word_1_228' title='bbox 1307 2912 1359 2956; x_wconf 83' lang='lat' dir='ltr'><strong>et</strong></span> <span class='ocrx_word' id='word_1_229' title='bbox 1391 2900 1728 2955; x_wconf 86' lang='lat' dir='ltr'><strong>humanitate</strong></span> <span class='ocrx_word' id='word_1_230' title='bbox 1754 2913 1943 2953; x_wconf 90' lang='lat' dir='ltr'><strong>eorum</strong></span> <span class='ocrx_word' id='word_1_231' title='bbox 1967 2896 2101 2949; x_wconf 90' lang='lat' dir='ltr'><strong>iram</strong></span> 
     </span>
    </p>
   </div>
   <div class='ocr_carea' id='block_1_30' title="bbox 524 2985 2105 3062">
    <p class='ocr_par' dir='ltr' id='par_1_30' title="bbox 524 2985 2105 3062">
     <span class='ocr_line' id='line_1_30' title="bbox 524 2985 2105 3062; baseline -0.01 -8"><span class='ocrx_word' id='word_1_232' title='bbox 524 2998 719 3055; x_wconf 74' lang='lat' dir='ltr'><strong>volens</strong></span> <span class='ocrx_word' id='word_1_233' title='bbox 742 2997 954 3053; x_wconf 88' lang='lat' dir='ltr'><strong>sedare.</strong></span> <span class='ocrx_word' id='word_1_234' title='bbox 978 2994 1056 3048; x_wconf 87' lang='lat' dir='ltr'><strong>llli</strong></span> <span class='ocrx_word' id='word_1_235' title='bbox 1086 3004 1267 3047; x_wconf 88' lang='lat' dir='ltr'><strong>autem</strong></span> <span class='ocrx_word' id='word_1_236' title='bbox 1302 2995 1476 3062; x_wconf 73' lang='lat' dir='ltr'><strong>magis</strong></span> <span class='ocrx_word' id='word_1_237' title='bbox 1508 2988 1902 3052; x_wconf 83' lang='lat' dir='ltr'><strong>eﬂ&#39;erebantur,</strong></span> <span class='ocrx_word' id='word_1_238' title='bbox 1922 2985 2105 3040; x_wconf 86' lang='lat' dir='ltr'><strong>Theo-</strong></span> 
     </span>
    </p>
   </div>
   <div class='ocr_carea' id='block_1_31' title="bbox 433 3077 2107 3161">
    <p class='ocr_par' dir='ltr' id='par_1_31' title="bbox 433 3077 2107 3161">
     <span class='ocr_line' id='line_1_31' title="bbox 433 3077 2107 3161; baseline -0.009 -16"><span class='ocrx_word' id='word_1_239' title='bbox 433 3109 444 3120; x_wconf 65' lang='grc' dir='ltr'><strong>ι</strong></span> <span class='ocrx_word' id='word_1_240' title='bbox 526 3089 734 3161; x_wconf 86' lang='lat' dir='ltr'><strong>philum</strong></span> <span class='ocrx_word' id='word_1_241' title='bbox 767 3097 1024 3156; x_wconf 85' lang='lat' dir='ltr'><strong>tanquam</strong></span> <span class='ocrx_word' id='word_1_242' title='bbox 1054 3081 1290 3140; x_wconf 83' lang='lat' dir='ltr'><strong>venatici</strong></span> <span class='ocrx_word' id='word_1_243' title='bbox 1309 3082 1533 3152; x_wconf 90' lang='lat' dir='ltr'><strong>quidam</strong></span> <span class='ocrx_word' id='word_1_244' title='bbox 1558 3094 1724 3135; x_wconf 89' lang='lat' dir='ltr'><strong>canes</strong></span> <span class='ocrx_word' id='word_1_245' title='bbox 1757 3077 1984 3132; x_wconf 89' lang='lat' dir='ltr'><strong>naribus</strong></span> <span class='ocrx_word' id='word_1_246' title='bbox 2016 3077 2107 3131; x_wconf 89' lang='lat' dir='ltr'><strong>in-</strong></span> 
     </span>
    </p>
   </div>
   <div class='ocr_carea' id='block_1_32' title="bbox 526 3167 2106 3253">
    <p class='ocr_par' dir='ltr' id='par_1_32' title="bbox 526 3167 2106 3253">
     <span class='ocr_line' id='line_1_32' title="bbox 526 3167 2106 3253; baseline -0.007 -17"><span class='ocrx_word' id='word_1_247' title='bbox 526 3167 814 3253; x_wconf 71' lang='lat' dir='ltr'><strong>dagantes,</strong></span> <span class='ocrx_word' id='word_1_248' title='bbox 867 3188 923 3232; x_wconf 89' lang='lat' dir='ltr'><strong>et</strong></span> <span class='ocrx_word' id='word_1_249' title='bbox 981 3176 1229 3230; x_wconf 83' lang='lat' dir='ltr'><strong>ultricem</strong></span> <span class='ocrx_word' id='word_1_250' title='bbox 1282 3174 1339 3227; x_wconf 91' lang='lat' dir='ltr'><strong>in</strong></span> <span class='ocrx_word' id='word_1_251' title='bbox 1390 3189 1516 3226; x_wconf 90' lang='lat' dir='ltr'><strong>eum</strong></span> <span class='ocrx_word' id='word_1_252' title='bbox 1568 3187 1790 3225; x_wconf 86' lang='lat' dir='ltr'><strong>manum</strong></span> <span class='ocrx_word' id='word_1_253' title='bbox 1821 3171 2106 3239; x_wconf 87' lang='lat' dir='ltr'><strong>cupientes</strong></span> 
     </span>
    </p>
   </div>
   <div class='ocr_carea' id='block_1_33' title="bbox 529 3260 2109 3336">
    <p class='ocr_par' dir='ltr' id='par_1_33' title="bbox 529 3260 2109 3336">
     <span class='ocr_line' id='line_1_33' title="bbox 529 3260 2109 3336; baseline -0.008 -10"><span class='ocrx_word' id='word_1_254' title='bbox 529 3270 847 3326; x_wconf 88' lang='lat' dir='ltr'><strong>immittere.</strong></span> <span class='ocrx_word' id='word_1_255' title='bbox 883 3269 1060 3336; x_wconf 84' lang='lat' dir='ltr'><strong>Atque</strong></span> <span class='ocrx_word' id='word_1_256' title='bbox 1107 3264 1325 3335; x_wconf 77' lang='lat' dir='ltr'><strong>praesidi</strong></span> <span class='ocrx_word' id='word_1_257' title='bbox 1373 3261 1591 3331; x_wconf 78' lang='lat' dir='ltr'><strong>quidem</strong></span> <span class='ocrx_word' id='word_1_258' title='bbox 1639 3260 1902 3316; x_wconf 87' lang='lat' dir='ltr'><strong>suadebat</strong></span> <span class='ocrx_word' id='word_1_259' title='bbox 1932 3268 2109 3314; x_wconf 90' lang='lat' dir='ltr'><strong>metus</strong></span> 
     </span>
    </p>
   </div>
   <div class='ocr_carea' id='block_1_34' title="bbox 532 3351 2107 3431">
    <p class='ocr_par' dir='ltr' id='par_1_34' title="bbox 532 3351 2107 3431">
     <span class='ocr_line' id='line_1_34' title="bbox 532 3351 2107 3431; baseline -0.007 -14"><span class='ocrx_word' id='word_1_260' title='bbox 532 3377 658 3423; x_wconf 87' lang='lat' dir='ltr'><strong>eum</strong></span> <span class='ocrx_word' id='word_1_261' title='bbox 680 3361 794 3431; x_wconf 74' lang='lat' dir='ltr'><strong>jam</strong></span> <span class='ocrx_word' id='word_1_262' title='bbox 837 3359 1077 3420; x_wconf 88' lang='lat' dir='ltr'><strong>tradere,</strong></span> <span class='ocrx_word' id='word_1_263' title='bbox 1107 3369 1327 3425; x_wconf 46' lang='lat' dir='ltr'><strong>propter</strong></span> <span class='ocrx_word' id='word_1_264' title='bbox 1366 3352 1691 3407; x_wconf 86' lang='lat' dir='ltr'><strong>concitatam</strong></span> <span class='ocrx_word' id='word_1_265' title='bbox 1726 3351 1868 3403; x_wconf 91' lang='lat' dir='ltr'><strong>illam</strong></span> <span class='ocrx_word' id='word_1_266' title='bbox 1895 3364 2107 3413; x_wconf 82' lang='lat' dir='ltr'><strong>eorum.</strong></span> 
     </span>
    </p>
   </div>
   <div class='ocr_carea' id='block_1_35' title="bbox 533 3442 2109 3526">
    <p class='ocr_par' dir='ltr' id='par_1_35' title="bbox 533 3442 2109 3526">
     <span class='ocr_line' id='line_1_35' title="bbox 533 3442 2109 3526; baseline -0.011 -16"><span class='ocrx_word' id='word_1_267' title='bbox 533 3454 628 3526; x_wconf 89' lang='lat' dir='ltr'><strong>qui</strong></span> <span class='ocrx_word' id='word_1_268' title='bbox 653 3454 830 3524; x_wconf 90' lang='lat' dir='ltr'><strong>ipsum</strong></span> <span class='ocrx_word' id='word_1_269' title='bbox 872 3449 1210 3521; x_wconf 61' lang='lat' dir='ltr'><strong>quaerebant,</strong></span> <span class='ocrx_word' id='word_1_270' title='bbox 1244 3446 1635 3500; x_wconf 88' lang='lat' dir='ltr'><strong>incursionem.</strong></span> <span class='ocrx_word' id='word_1_271' title='bbox 1694 3444 1801 3498; x_wconf 83' lang='lat' dir='ltr'><strong>Sed</strong></span> <span class='ocrx_word' id='word_1_272' title='bbox 1843 3442 1930 3497; x_wconf 81' lang='lat' dir='ltr'><strong>ille</strong></span> <span class='ocrx_word' id='word_1_273' title='bbox 1986 3454 2109 3495; x_wconf 90' lang='lat' dir='ltr'><strong>eum</strong></span> 
     </span>
    </p>
   </div>
   <div class='ocr_carea' id='block_1_36' title="bbox 538 3533 2112 3615">
    <p class='ocr_par' dir='ltr' id='par_1_36' title="bbox 538 3533 2112 3615">
     <span class='ocr_line' id='line_1_36' title="bbox 538 3533 2112 3615; baseline -0.011 -11"><span class='ocrx_word' id='word_1_274' title='bbox 538 3549 667 3604; x_wconf 70' lang='lat' dir='ltr'><strong>Solis</strong></span> <span class='ocrx_word' id='word_1_275' title='bbox 693 3543 923 3615; x_wconf 84' lang='lat' dir='ltr'><strong>pedibus</strong></span> <span class='ocrx_word' id='word_1_276' title='bbox 964 3541 1066 3596; x_wconf 89' lang='lat' dir='ltr'><strong>sibi</strong></span> <span class='ocrx_word' id='word_1_277' title='bbox 1129 3538 1462 3610; x_wconf 71' lang='lat' dir='ltr'><strong>qmesrisset.</strong></span> <span class='ocrx_word' id='word_1_278' title='bbox 1488 3536 1741 3601; x_wconf 87' lang='lat' dir='ltr'><strong>salutem,</strong></span> <span class='ocrx_word' id='word_1_279' title='bbox 1775 3535 1826 3588; x_wconf 88' lang='lat' dir='ltr'><strong>in</strong></span> <span class='ocrx_word' id='word_1_280' title='bbox 1877 3533 2112 3603; x_wconf 90' lang='lat' dir='ltr'><strong>quodam</strong></span> 
     </span>
    </p>
   </div>
   <div class='ocr_carea' id='block_1_37' title="bbox 539 3628 2111 3695">
    <p class='ocr_par' dir='ltr' id='par_1_37' title="bbox 539 3628 2111 3695">
     <span class='ocr_line' id='line_1_37' title="bbox 539 3628 2111 3695; baseline -0.009 -3"><span class='ocrx_word' id='word_1_281' title='bbox 539 3639 660 3695; x_wconf 83' lang='lat' dir='ltr'><strong>loco</strong></span> <span class='ocrx_word' id='word_1_282' title='bbox 687 3644 901 3690; x_wconf 86' lang='lat' dir='ltr'><strong>secreto</strong></span> <span class='ocrx_word' id='word_1_283' title='bbox 934 3647 994 3686; x_wconf 91' lang='lat' dir='ltr'><strong>se</strong></span> <span class='ocrx_word' id='word_1_284' title='bbox 1019 3630 1237 3695; x_wconf 81' lang='lat' dir='ltr'><strong>infudit,</strong></span> <span class='ocrx_word' id='word_1_285' title='bbox 1277 3628 1501 3684; x_wconf 84' lang='lat' dir='ltr'><strong>timidus</strong></span> <span class='ocrx_word' id='word_1_286' title='bbox 1549 3635 1774 3695; x_wconf 87' lang='lat' dir='ltr'><strong>repente</strong></span> <span class='ocrx_word' id='word_1_287' title='bbox 1818 3638 2111 3694; x_wconf 87' lang='lat' dir='ltr'><strong>apparens,</strong></span> 
     </span>
    </p>
   </div>
   <div class='ocr_carea' id='block_1_38' title="bbox 537 3723 2113 3815">
    <p class='ocr_par' dir='ltr' id='par_1_38' title="bbox 537 3723 2113 3815">
     <span class='ocr_line' id='line_1_38' title="bbox 537 3723 2113 3815; baseline -0.011 -22"><span class='ocrx_word' id='word_1_288' title='bbox 537 3737 629 3809; x_wconf 88' lang='lat' dir='ltr'><strong>qui</strong></span> <span class='ocrx_word' id='word_1_289' title='bbox 652 3744 799 3792; x_wconf 82' lang='lat' dir='ltr'><strong>tanta</strong></span> <span class='ocrx_word' id='word_1_290' title='bbox 823 3743 944 3788; x_wconf 87' lang='lat' dir='ltr'><strong>erat</strong></span> <span class='ocrx_word' id='word_1_291' title='bbox 972 3729 1218 3815; x_wconf 44' lang='grc' dir='ltr'>δημεύει,</span> <span class='ocrx_word' id='word_1_292' title='bbox 1251 3738 1305 3780; x_wconf 90' lang='lat' dir='ltr'><strong>et</strong></span> <span class='ocrx_word' id='word_1_293' title='bbox 1334 3741 1458 3781; x_wconf 90' lang='lat' dir='ltr'><strong>mus</strong></span> <span class='ocrx_word' id='word_1_294' title='bbox 1486 3725 1649 3780; x_wconf 88' lang='lat' dir='ltr'><strong>modo</strong></span> <span class='ocrx_word' id='word_1_295' title='bbox 1676 3723 1847 3793; x_wconf 86' lang='lat' dir='ltr'><strong>picem</strong></span> <span class='ocrx_word' id='word_1_296' title='bbox 1867 3731 2113 3794; x_wconf 76' lang='lat' dir='ltr'><strong>gustatis.</strong></span> 
     </span>
    </p>
   </div>
   <div class='ocr_carea' id='block_1_39' title="bbox 538 3816 2117 3892">
    <p class='ocr_par' dir='ltr' id='par_1_39' title="bbox 538 3816 2117 3892">
     <span class='ocr_line' id='line_1_39' title="bbox 538 3816 2117 3892; baseline -0.011 -7"><span class='ocrx_word' id='word_1_297' title='bbox 538 3829 745 3886; x_wconf 87' lang='lat' dir='ltr'><strong>Deinde</strong></span> <span class='ocrx_word' id='word_1_298' title='bbox 784 3841 907 3879; x_wconf 84' lang='lat' dir='ltr'><strong>cum</strong></span> <span class='ocrx_word' id='word_1_299' title='bbox 957 3837 1161 3892; x_wconf 60' lang='lat' dir='ltr'><strong>praeses</strong></span> <span class='ocrx_word' id='word_1_300' title='bbox 1207 3818 1504 3889; x_wconf 78' lang='lat' dir='ltr'><strong>accepisset</strong></span> <span class='ocrx_word' id='word_1_301' title='bbox 1553 3816 1875 3879; x_wconf 87' lang='lat' dir='ltr'><strong>monachos,</strong></span> <span class='ocrx_word' id='word_1_302' title='bbox 1922 3823 1979 3869; x_wconf 87' lang='lat' dir='ltr'><strong>et</strong></span> <span class='ocrx_word' id='word_1_303' title='bbox 2021 3827 2117 3868; x_wconf 90' lang='lat' dir='ltr'><strong>eos</strong></span> 
     </span>
    </p>
   </div>
   <div class='ocr_carea' id='block_1_40' title="bbox 537 3907 2115 3984">
    <p class='ocr_par' dir='ltr' id='par_1_40' title="bbox 537 3907 2115 3984">
     <span class='ocr_line' id='line_1_40' title="bbox 537 3907 2115 3984; baseline -0.011 -7"><span class='ocrx_word' id='word_1_304' title='bbox 537 3920 808 3976; x_wconf 72' lang='lat' dir='ltr'><strong>induisset</strong></span> <span class='ocrx_word' id='word_1_305' title='bbox 846 3916 1091 3973; x_wconf 77' lang='lat' dir='ltr'><strong>vestibus</strong></span> <span class='ocrx_word' id='word_1_306' title='bbox 1118 3912 1223 3984; x_wconf 83' lang='lat' dir='ltr'><strong>(sic</strong></span> <span class='ocrx_word' id='word_1_307' title='bbox 1253 3912 1402 3965; x_wconf 76' lang='lat' dir='ltr'><strong>“enim</strong></span> <span class='ocrx_word' id='word_1_308' title='bbox 1439 3909 1696 3964; x_wconf 87' lang='lat' dir='ltr'><strong>studebat</strong></span> <span class='ocrx_word' id='word_1_309' title='bbox 1729 3907 2115 3978; x_wconf 88' lang='lat' dir='ltr'><strong>populum-se-</strong></span> 
     </span>
    </p>
   </div>
   <div class='ocr_carea' id='block_1_41' title="bbox 538 3998 2114 4075">
    <p class='ocr_par' dir='ltr' id='par_1_41' title="bbox 538 3998 2114 4075">
     <span class='ocr_line' id='line_1_41' title="bbox 538 3998 2114 4075; baseline -0.012 -4"><span class='ocrx_word' id='word_1_310' title='bbox 538 4014 692 4075; x_wconf 87' lang='lat' dir='ltr'><strong>dare,</strong></span> <span class='ocrx_word' id='word_1_311' title='bbox 722 4012 863 4065; x_wconf 89' lang='lat' dir='ltr'><strong>sicut</strong></span> <span class='ocrx_word' id='word_1_312' title='bbox 888 4008 1146 4069; x_wconf 79' lang='lat' dir='ltr'><strong>diximus,</strong></span> <span class='ocrx_word' id='word_1_313' title='bbox 1199 4014 1256 4058; x_wconf 91' lang='lat' dir='ltr'><strong>et</strong></span> <span class='ocrx_word' id='word_1_314' title='bbox 1282 4005 1522 4074; x_wconf 89' lang='lat' dir='ltr'><strong>impetus</strong></span> <span class='ocrx_word' id='word_1_315' title='bbox 1553 4016 1742 4057; x_wconf 89' lang='lat' dir='ltr'><strong>eorum</strong></span> <span class='ocrx_word' id='word_1_316' title='bbox 1770 3998 2114 4071; x_wconf 86' lang='lat' dir='ltr'><strong>reprimere),</strong></span> 
     </span>
    </p>
   </div>
   <div class='ocr_carea' id='block_1_42' title="bbox 542 4089 2116 4175">
    <p class='ocr_par' dir='ltr' id='par_1_42' title="bbox 542 4089 2116 4175">
     <span class='ocr_line' id='line_1_42' title="bbox 542 4089 2116 4175; baseline -0.011 -15"><span class='ocrx_word' id='word_1_317' title='bbox 542 4100 869 4160; x_wconf 84' lang='lat' dir='ltr'><strong>ostendebat</strong></span> <span class='ocrx_word' id='word_1_318' title='bbox 902 4105 1224 4175; x_wconf 70' lang='lat' dir='ltr'><strong>praesentes.</strong></span> <span class='ocrx_word' id='word_1_319' title='bbox 1250 4093 1388 4149; x_wconf 89' lang='lat' dir='ltr'><strong>Cum</strong></span> <span class='ocrx_word' id='word_1_320' title='bbox 1423 4102 1606 4163; x_wconf 87' lang='lat' dir='ltr'><strong>autem</strong></span> <span class='ocrx_word' id='word_1_321' title='bbox 1640 4092 1778 4146; x_wconf 89' lang='lat' dir='ltr'><strong>nihil</strong></span> <span class='ocrx_word' id='word_1_322' title='bbox 1804 4089 2116 4162; x_wconf 84' lang='lat' dir='ltr'><strong>proﬁceret,</strong></span> 
     </span>
    </p>
   </div>
   <div class='ocr_carea' id='block_1_43' title="bbox 542 4185 2177 4261">
    <p class='ocr_par' dir='ltr' id='par_1_43' title="bbox 542 4185 2177 4261">
     <span class='ocr_line' id='line_1_43' title="bbox 542 4185 2177 4261; baseline -0.01 -10"><span class='ocrx_word' id='word_1_323' title='bbox 542 4196 743 4252; x_wconf 88' lang='lat' dir='ltr'><strong>timens</strong></span> <span class='ocrx_word' id='word_1_324' title='bbox 767 4207 837 4246; x_wconf 92' lang='lat' dir='ltr'><strong>ne</strong></span> <span class='ocrx_word' id='word_1_325' title='bbox 868 4193 984 4261; x_wconf 90' lang='lat' dir='ltr'><strong>ipse</strong></span> <span class='ocrx_word' id='word_1_326' title='bbox 1008 4189 1162 4243; x_wconf 74' lang='lat' dir='ltr'><strong>fieret</strong></span> <span class='ocrx_word' id='word_1_327' title='bbox 1184 4188 1276 4242; x_wconf 78' lang='lat' dir='ltr'><strong>irae</strong></span> <span class='ocrx_word' id='word_1_328' title='bbox 1307 4195 1667 4258; x_wconf 76' lang='lat' dir='ltr'><strong>tropaeum,et</strong></span> <span class='ocrx_word' id='word_1_329' title='bbox 1715 4185 1894 4239; x_wconf 87' lang='lat' dir='ltr'><strong>lueret</strong></span> <span class='ocrx_word' id='word_1_330' title='bbox 1931 4196 2120 4252; x_wconf 60' lang='lat' dir='ltr'><strong>poenas</strong></span> <span class='ocrx_word' id='word_1_331' title='bbox 2172 4198 2177 4201; x_wconf 95' lang='grc'>·</span> 
     </span>
    </p>
   </div>
   <div class='ocr_carea' id='block_1_44' title="bbox 542 4272 2147 4352">
    <p class='ocr_par' dir='ltr' id='par_1_44' title="bbox 542 4272 2147 4352">
     <span class='ocr_line' id='line_1_44' title="bbox 542 4272 2147 4352; baseline -0.008 -10"><span class='ocrx_word' id='word_1_332' title='bbox 542 4285 744 4342; x_wconf 79' lang='lat' dir='ltr'><strong>furoris</strong></span> <span class='ocrx_word' id='word_1_333' title='bbox 772 4285 829 4339; x_wconf 90' lang='lat' dir='ltr'><strong>in</strong></span> <span class='ocrx_word' id='word_1_334' title='bbox 857 4279 1241 4352; x_wconf 84' lang='lat' dir='ltr'><strong>Theophilum,</strong></span> <span class='ocrx_word' id='word_1_335' title='bbox 1278 4280 1544 4335; x_wconf 89' lang='lat' dir='ltr'><strong>accedens</strong></span> <span class='ocrx_word' id='word_1_336' title='bbox 1570 4280 1718 4349; x_wconf 81' lang='lat' dir='ltr'><strong>jurat</strong></span> <span class='ocrx_word' id='word_1_337' title='bbox 1744 4276 2113 4347; x_wconf 88' lang='lat' dir='ltr'><strong>Theophilum</strong></span> <span class='ocrx_word' id='word_1_338' title='bbox 2143 4272 2147 4277; x_wconf 76' lang='grc'><strong>’</strong></span> 
     </span>
    </p>
   </div>
   <div class='ocr_carea' id='block_1_45' title="bbox 545 4366 2123 4448">
    <p class='ocr_par' dir='ltr' id='par_1_45' title="bbox 545 4366 2123 4448">
     <span class='ocr_line' id='line_1_45' title="bbox 545 4366 2123 4448; baseline -0.008 -15"><span class='ocrx_word' id='word_1_339' title='bbox 545 4390 884 4448; x_wconf 87' lang='lat' dir='ltr'><strong>nequaquam</strong></span> <span class='ocrx_word' id='word_1_340' title='bbox 940 4373 992 4429; x_wconf 89' lang='lat' dir='ltr'><strong>ei</strong></span> <span class='ocrx_word' id='word_1_341' title='bbox 1055 4371 1362 4427; x_wconf 87' lang='lat' dir='ltr'><strong>ostendisse</strong></span> <span class='ocrx_word' id='word_1_342' title='bbox 1403 4385 1658 4435; x_wconf 87' lang='lat' dir='ltr'><strong>causam,</strong></span> <span class='ocrx_word' id='word_1_343' title='bbox 1703 4369 1801 4424; x_wconf 84' lang='lat' dir='ltr'><strong>cur</strong></span> <span class='ocrx_word' id='word_1_344' title='bbox 1847 4382 1943 4422; x_wconf 92' lang='lat' dir='ltr'><strong>eos</strong></span> <span class='ocrx_word' id='word_1_345' title='bbox 1977 4366 2123 4421; x_wconf 77' lang='lat' dir='ltr'><strong>viros</strong></span> 
     </span>
    </p>
   </div>
   <div class='ocr_carea' id='block_1_46' title="bbox 541 4458 2121 4540">
    <p class='ocr_par' dir='ltr' id='par_1_46' title="bbox 541 4458 2121 4540">
     <span class='ocr_line' id='line_1_46' title="bbox 541 4458 2121 4540; baseline -0.007 -17"><span class='ocrx_word' id='word_1_346' title='bbox 541 4476 845 4540; x_wconf 67' lang='lat' dir='ltr'><strong>quaereret;</strong></span> <span class='ocrx_word' id='word_1_347' title='bbox 880 4464 977 4520; x_wconf 87' lang='lat' dir='ltr'><strong>sed</strong></span> <span class='ocrx_word' id='word_1_348' title='bbox 1017 4463 1240 4526; x_wconf 79' lang='lat' dir='ltr'><strong>dixisse,</strong></span> <span class='ocrx_word' id='word_1_349' title='bbox 1288 4461 1432 4531; x_wconf 86' lang='lat' dir='ltr'><strong>quod</strong></span> <span class='ocrx_word' id='word_1_350' title='bbox 1463 4470 1650 4516; x_wconf 88' lang='lat' dir='ltr'><strong>essent</strong></span> <span class='ocrx_word' id='word_1_351' title='bbox 1677 4458 1914 4528; x_wconf 77' lang='lat' dir='ltr'><strong>cerrupti</strong></span> <span class='ocrx_word' id='word_1_352' title='bbox 1948 4458 2001 4511; x_wconf 92' lang='lat' dir='ltr'><strong>in</strong></span> <span class='ocrx_word' id='word_1_353' title='bbox 2031 4471 2121 4512; x_wconf 87' lang='lat' dir='ltr'><strong>re-</strong></span> 
     </span>
    </p>
   </div>
   <div class='ocr_carea' id='block_1_47' title="bbox 813 1875 2164 1965">
    <p class='ocr_par' dir='ltr' id='par_1_47' title="bbox 813 1875 2164 1965">
     <span class='ocr_line' id='line_1_47' title="bbox 813 1875 2164 1965; baseline -0.017 -4"><span class='ocrx_word' id='word_1_354' title='bbox 813 1915 869 1961; x_wconf 88' lang='lat' dir='ltr'><strong>et</strong></span> <span class='ocrx_word' id='word_1_355' title='bbox 921 1875 1355 1965; x_wconf 81' lang='lat' dir='ltr'><strong>obibantsimul</strong></span> <span class='ocrx_word' id='word_1_356' title='bbox 1418 1894 1804 1952; x_wconf 81' lang='lat' dir='ltr'><strong>Alexandriam</strong></span> <span class='ocrx_word' id='word_1_357' title='bbox 1856 1888 2088 1960; x_wconf 79' lang='lat' dir='ltr'><strong>fugitivi,</strong></span> <span class='ocrx_word' id='word_1_358' title='bbox 2126 1875 2164 1930; x_wconf 81' lang='grc' dir='ltr'>Β</span> 
     </span>
    </p>
   </div>
   <div class='ocr_carea' id='block_1_48' title="bbox 2270 1043 3785 1131">
    <p class='ocr_par' dir='ltr' id='par_1_48' title="bbox 2270 1043 3785 1131">
     <span class='ocr_line' id='line_1_48' title="bbox 2270 1043 3785 1131; baseline -0.017 -8"><span class='ocrx_word' id='word_1_359' title='bbox 2270 1068 2394 1123; x_wconf 84' lang='grc' dir='ltr'><strong>ΛΘ’.</strong></span> <span class='ocrx_word' id='word_1_360' title='bbox 2424 1066 2716 1131; x_wconf 79' lang='grc' dir='ltr'>Συμϐαἱνει</span> <span class='ocrx_word' id='word_1_361' title='bbox 2746 1081 2796 1116; x_wconf 90' lang='grc' dir='ltr'><strong>τι</strong></span> <span class='ocrx_word' id='word_1_362' title='bbox 2826 1062 2919 1114; x_wconf 77' lang='grc' dir='ltr'>καὶ</span> <span class='ocrx_word' id='word_1_363' title='bbox 2957 1059 3084 1111; x_wconf 85' lang='grc' dir='ltr'>ἄλλο</span> <span class='ocrx_word' id='word_1_364' title='bbox 3118 1056 3196 1125; x_wconf 82' lang='grc' dir='ltr'>τῷ</span> <span class='ocrx_word' id='word_1_365' title='bbox 3228 1050 3450 1121; x_wconf 80' lang='grc' dir='ltr'>πονηρῷ</span> <span class='ocrx_word' id='word_1_366' title='bbox 3479 1043 3785 1118; x_wconf 74' lang='grc' dir='ltr'>στρατηγῷ</span> 
     </span>
    </p>
   </div>
   <div class='ocr_carea' id='block_1_49' title="bbox 2196 1138 3785 1230">
    <p class='ocr_par' dir='ltr' id='par_1_49' title="bbox 2196 1138 3785 1230">
     <span class='ocr_line' id='line_1_49' title="bbox 2196 1138 3785 1230; baseline -0.013 -17"><span class='ocrx_word' id='word_1_367' title='bbox 2196 1159 2372 1230; x_wconf 72' lang='grc' dir='ltr'>τούτῳ</span> <span class='ocrx_word' id='word_1_368' title='bbox 2412 1156 2816 1226; x_wconf 69' lang='grc' dir='ltr'><strong>τετολμημένον</strong></span> <span class='ocrx_word' id='word_1_369' title='bbox 2846 1150 3098 1222; x_wconf 76' lang='grc' dir='ltr'><strong>δακρύων</strong></span> <span class='ocrx_word' id='word_1_370' title='bbox 3123 1148 3290 1208; x_wconf 77' lang='grc' dir='ltr'>ὅντως</span> <span class='ocrx_word' id='word_1_371' title='bbox 3310 1144 3576 1196; x_wconf 71' lang='grc' dir='ltr'>’πλειόνων</span> <span class='ocrx_word' id='word_1_372' title='bbox 3602 1138 3785 1216; x_wconf 77' lang='grc' dir='ltr'>ἄξιον.</span> 
     </span>
    </p>
   </div>
   <div class='ocr_carea' id='block_1_50' title="bbox 2199 1230 3787 1318">
    <p class='ocr_par' dir='ltr' id='par_1_50' title="bbox 2199 1230 3787 1318">
     <span class='ocr_line' id='line_1_50' title="bbox 2199 1230 3787 1318; baseline -0.014 -13"><span class='ocrx_word' id='word_1_373' title='bbox 2199 1253 2309 1305; x_wconf 81' lang='grc' dir='ltr'><strong>Καὶ</strong></span> <span class='ocrx_word' id='word_1_374' title='bbox 2343 1250 2558 1304; x_wconf 78' lang='grc' dir='ltr'><strong>παιδίον</strong></span> <span class='ocrx_word' id='word_1_375' title='bbox 2588 1251 2697 1318; x_wconf 77' lang='grc' dir='ltr'><strong>γὰρ</strong></span> <span class='ocrx_word' id='word_1_376' title='bbox 2727 1244 3055 1313; x_wconf 71' lang='grc' dir='ltr'>προστυχὸν,</span> <span class='ocrx_word' id='word_1_377' title='bbox 3091 1241 3187 1292; x_wconf 78' lang='grc' dir='ltr'>καὶ</span> <span class='ocrx_word' id='word_1_378' title='bbox 3225 1236 3346 1308; x_wconf 80' lang='grc' dir='ltr'>ἱερά</span> <span class='ocrx_word' id='word_1_379' title='bbox 3376 1252 3499 1288; x_wconf 87' lang='grc' dir='ltr'>τινα</span> <span class='ocrx_word' id='word_1_380' title='bbox 3530 1230 3787 1302; x_wconf 72' lang='grc' dir='ltr'>σύμϐολα</span> 
     </span>
    </p>
   </div>
   <div class='ocr_carea' id='block_1_51' title="bbox 2196 1322 3789 1412">
    <p class='ocr_par' dir='ltr' id='par_1_51' title="bbox 2196 1322 3789 1412">
     <span class='ocr_line' id='line_1_51' title="bbox 2196 1322 3789 1412; baseline -0.013 -15"><span class='ocrx_word' id='word_1_381' title='bbox 2196 1344 2303 1397; x_wconf 85' lang='grc' dir='ltr'>τῶν</span> <span class='ocrx_word' id='word_1_382' title='bbox 2338 1341 2659 1412; x_wconf 75' lang='grc' dir='ltr'><strong>μυστηρίων</strong></span> <span class='ocrx_word' id='word_1_383' title='bbox 2711 1339 2804 1391; x_wconf 78' lang='grc' dir='ltr'>καὶ</span> <span class='ocrx_word' id='word_1_384' title='bbox 2849 1335 2990 1390; x_wconf 76' lang='grc' dir='ltr'>αὐτὰ</span> <span class='ocrx_word' id='word_1_385' title='bbox 3037 1331 3417 1403; x_wconf 71' lang='grc' dir='ltr'><strong>παρανάλωμα</strong></span> <span class='ocrx_word' id='word_1_386' title='bbox 3466 1327 3559 1380; x_wconf 78' lang='grc' dir='ltr'><strong>τοῦ</strong></span> <span class='ocrx_word' id='word_1_387' title='bbox 3587 1322 3789 1395; x_wconf 67' lang='grc' dir='ltr'>’πυρὸς</span> 
     </span>
    </p>
   </div>
   <div class='ocr_carea' id='block_1_52' title="bbox 2199 1418 3789 1504">
    <p class='ocr_par' dir='ltr' id='par_1_52' title="bbox 2199 1418 3789 1504">
     <span class='ocr_line' id='line_1_52' title="bbox 2199 1418 3789 1504; baseline -0.012 -15"><span class='ocrx_word' id='word_1_388' title='bbox 2199 1438 2429 1504; x_wconf 69' lang='grc' dir='ltr'>γίνεται.</span> <span class='ocrx_word' id='word_1_389' title='bbox 2480 1432 2667 1495; x_wconf 80' lang='grc' dir='ltr'>Οὕτως</span> <span class='ocrx_word' id='word_1_390' title='bbox 2708 1430 2856 1500; x_wconf 80' lang='grc' dir='ltr'>αὐτῷ</span> <span class='ocrx_word' id='word_1_391' title='bbox 2889 1429 3040 1498; x_wconf 81' lang='grc' dir='ltr'>μόλις</span> <span class='ocrx_word' id='word_1_392' title='bbox 3094 1427 3202 1479; x_wconf 83' lang='grc' dir='ltr'>τῶν</span> <span class='ocrx_word' id='word_1_393' title='bbox 3251 1422 3441 1491; x_wconf 86' lang='grc' dir='ltr'>θυμῶν</span> <span class='ocrx_word' id='word_1_394' title='bbox 3478 1418 3789 1489; x_wconf 78' lang='grc' dir='ltr'>ληξάντων.</span> 
     </span>
    </p>
   </div>
   <div class='ocr_carea' id='block_1_53' title="bbox 2198 1511 3791 1595">
    <p class='ocr_par' dir='ltr' id='par_1_53' title="bbox 2198 1511 3791 1595">
     <span class='ocr_line' id='line_1_53' title="bbox 2198 1511 3791 1595; baseline -0.014 -13"><span class='ocrx_word' id='word_1_395' title='bbox 2198 1529 2448 1582; x_wconf 81' lang='grc' dir='ltr'>ἐπάνεισι</span> <span class='ocrx_word' id='word_1_396' title='bbox 2476 1524 2613 1595; x_wconf 71' lang='grc' dir='ltr'>πρὸς</span> <span class='ocrx_word' id='word_1_397' title='bbox 2642 1524 2742 1594; x_wconf 74' lang='grc' dir='ltr'>τὴν</span> <span class='ocrx_word' id='word_1_398' title='bbox 2767 1516 3175 1591; x_wconf 76' lang='grc' dir='ltr'>Ἀλεξάνδρειαν</span> <span class='ocrx_word' id='word_1_399' title='bbox 3210 1514 3349 1587; x_wconf 81' lang='grc' dir='ltr'>μετά.</span> <span class='ocrx_word' id='word_1_400' title='bbox 3372 1530 3436 1582; x_wconf 82' lang='grc' dir='ltr'>γε</span> <span class='ocrx_word' id='word_1_401' title='bbox 3463 1512 3563 1581; x_wconf 81' lang='grc' dir='ltr'>τῆς</span> <span class='ocrx_word' id='word_1_402' title='bbox 3594 1511 3791 1562; x_wconf 83' lang='grc' dir='ltr'>τοιαύ-</span> 
     </span>
    </p>
   </div>
   <div class='ocr_carea' id='block_1_54' title="bbox 2195 1599 3787 1691">
    <p class='ocr_par' dir='ltr' id='par_1_54' title="bbox 2195 1599 3787 1691">
     <span class='ocr_line' id='line_1_54' title="bbox 2195 1599 3787 1691; baseline -0.014 -16"><span class='ocrx_word' id='word_1_403' title='bbox 2195 1610 2298 1691; x_wconf 62' lang='grc' dir='ltr'>’της</span> <span class='ocrx_word' id='word_1_404' title='bbox 2326 1623 2354 1674; x_wconf 87' lang='grc' dir='ltr'><strong>ό</strong></span> <span class='ocrx_word' id='word_1_405' title='bbox 2394 1599 2683 1690; x_wconf 75' lang='grc' dir='ltr'>ἀρχιερεὺς</span> <span class='ocrx_word' id='word_1_406' title='bbox 2722 1617 2879 1684; x_wconf 78' lang='grc' dir='ltr'>νίκης</span> <span class='ocrx_word' id='word_1_407' title='bbox 2916 1613 3010 1666; x_wconf 76' lang='grc' dir='ltr'>καὶ</span> <span class='ocrx_word' id='word_1_408' title='bbox 3050 1611 3158 1665; x_wconf 85' lang='grc' dir='ltr'><strong>τῶν</strong></span> <span class='ocrx_word' id='word_1_409' title='bbox 3188 1614 3331 1663; x_wconf 85' lang='grc' dir='ltr'><strong>κατά</strong></span> <span class='ocrx_word' id='word_1_410' title='bbox 3359 1606 3466 1660; x_wconf 80' lang='grc' dir='ltr'><strong>τῶν</strong></span> <span class='ocrx_word' id='word_1_411' title='bbox 3504 1602 3787 1677; x_wconf 83' lang='grc' dir='ltr'>μοναχῶν,</span> 
     </span>
    </p>
   </div>
   <div class='ocr_carea' id='block_1_55' title="bbox 2196 1694 3790 1785">
    <p class='ocr_par' dir='ltr' id='par_1_55' title="bbox 2196 1694 3790 1785">
     <span class='ocr_line' id='line_1_55' title="bbox 2196 1694 3790 1785; baseline -0.015 -16"><span class='ocrx_word' id='word_1_412' title='bbox 2196 1715 2374 1785; x_wconf 69' lang='grc' dir='ltr'>οτμοιῑ</span> <span class='ocrx_word' id='word_1_413' title='bbox 2405 1711 2701 1783; x_wconf 85' lang='grc' dir='ltr'>τροπαίων.</span> <span class='ocrx_word' id='word_1_414' title='bbox 2770 1706 2935 1761; x_wconf 64' lang='lat' dir='ltr'><strong>Aine).</strong></span> <span class='ocrx_word' id='word_1_415' title='bbox 2978 1698 3034 1758; x_wconf 77' lang='grc' dir='ltr'><strong>δέ</strong></span> <span class='ocrx_word' id='word_1_416' title='bbox 3080 1703 3335 1773; x_wconf 80' lang='grc' dir='ltr'><strong>τυχόντες</strong></span> <span class='ocrx_word' id='word_1_417' title='bbox 3385 1699 3567 1781; x_wconf 71' lang='grc' dir='ltr'>ἀδείας</span> <span class='ocrx_word' id='word_1_418' title='bbox 3603 1694 3790 1761; x_wconf 80' lang='grc' dir='ltr'>ἐξίασι</span> 
     </span>
    </p>
   </div>
   <div class='ocr_carea' id='block_1_56' title="bbox 2197 1772 3797 1876">
    <p class='ocr_par' dir='ltr' id='par_1_56' title="bbox 2197 1788 3797 1876">
     <span class='ocr_line' id='line_1_56' title="bbox 2197 1788 3797 1876; baseline -0.013 -16"><span class='ocrx_word' id='word_1_419' title='bbox 2197 1806 2398 1876; x_wconf 74' lang='grc' dir='ltr'>γυμνοὶ</span> <span class='ocrx_word' id='word_1_420' title='bbox 2441 1803 2537 1857; x_wconf 81' lang='grc' dir='ltr'><strong>τοῦ</strong></span> <span class='ocrx_word' id='word_1_421' title='bbox 2592 1802 2846 1873; x_wconf 80' lang='grc' dir='ltr'><strong>φρέατος,</strong></span> <span class='ocrx_word' id='word_1_422' title='bbox 2904 1799 3091 1869; x_wconf 79' lang='grc' dir='ltr'>μόναις</span> <span class='ocrx_word' id='word_1_423' title='bbox 3141 1795 3354 1855; x_wconf 78' lang='grc' dir='ltr'>ὀθόναις</span> <span class='ocrx_word' id='word_1_424' title='bbox 3385 1788 3797 1855; x_wconf 69' lang='grc' dir='ltr'>διαζωσάμενοι</span> 
     </span>
    </p>
   </div>
   <div class='ocr_carea' id='block_1_57' title="bbox 2198 1880 3794 1968">
    <p class='ocr_par' dir='ltr' id='par_1_57' title="bbox 2198 1880 3794 1968">
     <span class='ocr_line' id='line_1_57' title="bbox 2198 1880 3794 1968; baseline -0.011 -17"><span class='ocrx_word' id='word_1_425' title='bbox 2198 1896 2293 1968; x_wconf 77' lang='grc' dir='ltr'>τὴν</span> <span class='ocrx_word' id='word_1_426' title='bbox 2339 1895 2492 1960; x_wconf 64' lang='lat' dir='ltr'><strong>utea,</strong></span> <span class='ocrx_word' id='word_1_427' title='bbox 2526 1893 2628 1948; x_wconf 75' lang='grc' dir='ltr'>καὶ</span> <span class='ocrx_word' id='word_1_428' title='bbox 2683 1892 2984 1962; x_wconf 77' lang='grc' dir='ltr'>περιῄεσαν</span> <span class='ocrx_word' id='word_1_429' title='bbox 3035 1887 3179 1941; x_wconf 76' lang='grc' dir='ltr'>οὕτω</span> <span class='ocrx_word' id='word_1_430' title='bbox 3234 1889 3334 1956; x_wconf 80' lang='grc' dir='ltr'>τὴν</span> <span class='ocrx_word' id='word_1_431' title='bbox 3373 1880 3794 1951; x_wconf 72' lang='grc' dir='ltr'>Ἀλεξάνδρειαν</span> 
     </span>
    </p>
   </div>
   <div class='ocr_carea' id='block_1_58' title="bbox 2199 1969 3794 2060">
    <p class='ocr_par' dir='ltr' id='par_1_58' title="bbox 2199 1969 3794 2060">
     <span class='ocr_line' id='line_1_58' title="bbox 2199 1969 3794 2060; baseline -0.011 -18"><span class='ocrx_word' id='word_1_432' title='bbox 2199 1989 2426 2060; x_wconf 72' lang='grc' dir='ltr'>(ἐλεεινὴ</span> <span class='ocrx_word' id='word_1_433' title='bbox 2460 1990 2573 2051; x_wconf 86' lang='grc' dir='ltr'>τοῖς</span> <span class='ocrx_word' id='word_1_434' title='bbox 2610 1987 2811 2058; x_wconf 76' lang='grc' dir='ltr'>ὁρῶσιν</span> <span class='ocrx_word' id='word_1_435' title='bbox 2842 1982 3008 2052; x_wconf 71' lang='grc' dir='ltr'>ὄψις),</span> <span class='ocrx_word' id='word_1_436' title='bbox 3042 1983 3089 2035; x_wconf 85' lang='grc' dir='ltr'><strong>εί</strong></span> <span class='ocrx_word' id='word_1_437' title='bbox 3125 1980 3220 2034; x_wconf 65' lang='grc' dir='ltr'><strong>καὶ</strong></span> <span class='ocrx_word' id='word_1_438' title='bbox 3248 1978 3346 2050; x_wconf 83' lang='grc' dir='ltr'>τὴν</span> <span class='ocrx_word' id='word_1_439' title='bbox 3390 1979 3590 2046; x_wconf 76' lang='grc' dir='ltr'>ἀρετὴν</span> <span class='ocrx_word' id='word_1_440' title='bbox 3639 1969 3794 2045; x_wconf 77' lang='grc' dir='ltr'>ἦσαν</span> 
     </span>
    </p>
   </div>
   <div class='ocr_carea' id='block_1_59' title="bbox 2199 2065 3791 2153">
    <p class='ocr_par' dir='ltr' id='par_1_59' title="bbox 2199 2065 3791 2153">
     <span class='ocr_line' id='line_1_59' title="bbox 2199 2065 3791 2153; baseline -0.013 -17"><span class='ocrx_word' id='word_1_441' title='bbox 2199 2072 2498 2153; x_wconf 80' lang='grc' dir='ltr'>φιλοτίμως</span> <span class='ocrx_word' id='word_1_442' title='bbox 2530 2077 2922 2149; x_wconf 74' lang='grc' dir='ltr'>ἠμφιεσμένοι,</span> <span class='ocrx_word' id='word_1_443' title='bbox 2957 2074 3054 2128; x_wconf 69' lang='grc' dir='ltr'>καὶ</span> <span class='ocrx_word' id='word_1_444' title='bbox 3086 2073 3179 2126; x_wconf 81' lang='grc' dir='ltr'>ὑπ’</span> <span class='ocrx_word' id='word_1_445' title='bbox 3210 2070 3426 2140; x_wconf 77' lang='grc' dir='ltr'>ἐκείνης</span> <span class='ocrx_word' id='word_1_446' title='bbox 3462 2065 3648 2129; x_wconf 82' lang='grc' dir='ltr'>καλῶς</span> <span class='ocrx_word' id='word_1_447' title='bbox 3683 2081 3791 2117; x_wconf 76' lang='grc' dir='ltr'>κο-</span> 
     </span>
    </p>
   </div>
   <div class='ocr_carea' id='block_1_60' title="bbox 2201 2156 3796 2246">
    <p class='ocr_par' dir='ltr' id='par_1_60' title="bbox 2201 2156 3796 2246">
     <span class='ocr_line' id='line_1_60' title="bbox 2201 2156 3796 2246; baseline -0.012 -17"><span class='ocrx_word' id='word_1_448' title='bbox 2201 2176 2522 2246; x_wconf 82' lang='grc' dir='ltr'>σμούμενοι.</span> <span class='ocrx_word' id='word_1_449' title='bbox 2557 2170 2793 2233; x_wconf 84' lang='grc' dir='ltr'>Τούτους</span> <span class='ocrx_word' id='word_1_450' title='bbox 2839 2167 3151 2234; x_wconf 76' lang='grc' dir='ltr'>ἐπιγνόντες</span> <span class='ocrx_word' id='word_1_451' title='bbox 3203 2156 3576 2230; x_wconf 82' lang='grc' dir='ltr'>Ἀλεξανδρεῖς</span> <span class='ocrx_word' id='word_1_452' title='bbox 3620 2156 3796 2226; x_wconf 71' lang='grc' dir='ltr'>ζήλου</span> 
     </span>
    </p>
   </div>
   <div class='ocr_carea' id='block_1_61' title="bbox 2200 2246 3796 2340">
    <p class='ocr_par' dir='ltr' id='par_1_61' title="bbox 2200 2246 3796 2340">
     <span class='ocr_line' id='line_1_61' title="bbox 2200 2246 3796 2340; baseline -0.014 -18"><span class='ocrx_word' id='word_1_453' title='bbox 2200 2270 2293 2323; x_wconf 80' lang='grc' dir='ltr'>καὶ</span> <span class='ocrx_word' id='word_1_454' title='bbox 2322 2267 2491 2340; x_wconf 84' lang='grc' dir='ltr'>ὀργῆς</span> <span class='ocrx_word' id='word_1_455' title='bbox 2524 2263 2749 2334; x_wconf 84' lang='grc' dir='ltr'>ἒμπλεω</span> <span class='ocrx_word' id='word_1_456' title='bbox 2784 2256 3155 2322; x_wconf 72' lang='grc' dir='ltr'>καταστάντες</span> <span class='ocrx_word' id='word_1_457' title='bbox 3201 2254 3388 2319; x_wconf 71' lang='grc' dir='ltr'>εὶθὺς,</span> <span class='ocrx_word' id='word_1_458' title='bbox 3425 2246 3530 2306; x_wconf 75' lang='grc' dir='ltr'>οἶοι</span> <span class='ocrx_word' id='word_1_459' title='bbox 3584 2251 3796 2301; x_wconf 81' lang='grc' dir='ltr'>ἐκεῖνοι</span> 
     </span>
    </p>
   </div>
   <div class='ocr_carea' id='block_1_62' title="bbox 2201 2340 3800 2430">
    <p class='ocr_par' dir='ltr' id='par_1_62' title="bbox 2201 2340 3800 2430">
     <span class='ocr_line' id='line_1_62' title="bbox 2201 2340 3800 2430; baseline -0.015 -15"><span class='ocrx_word' id='word_1_460' title='bbox 2201 2361 2394 2430; x_wconf 69' lang='grc' dir='ltr'>θερμοὶ</span> <span class='ocrx_word' id='word_1_461' title='bbox 2417 2358 2514 2412; x_wconf 76' lang='grc' dir='ltr'>καὶ</span> <span class='ocrx_word' id='word_1_462' title='bbox 2545 2353 2866 2429; x_wconf 26' lang='grc' dir='ltr'>δυσκάτιοχοι</span> <span class='ocrx_word' id='word_1_463' title='bbox 2892 2350 2997 2413; x_wconf 83' lang='grc' dir='ltr'>τὰς</span> <span class='ocrx_word' id='word_1_464' title='bbox 3029 2348 3225 2419; x_wconf 75' lang='grc' dir='ltr'>ὁρμὰς,</span> <span class='ocrx_word' id='word_1_465' title='bbox 3248 2344 3540 2415; x_wconf 81' lang='grc' dir='ltr'>λαμπάδας</span> <span class='ocrx_word' id='word_1_466' title='bbox 3571 2340 3800 2412; x_wconf 75' lang='grc' dir='ltr'>ἔχοντες</span> 
     </span>
    </p>
   </div>
   <div class='ocr_carea' id='block_1_63' title="bbox 2207 2432 3797 2523">
    <p class='ocr_par' dir='ltr' id='par_1_63' title="bbox 2207 2432 3797 2523">
     <span class='ocr_line' id='line_1_63' title="bbox 2207 2432 3797 2523; baseline -0.015 -16"><span class='ocrx_word' id='word_1_467' title='bbox 2207 2452 2344 2523; x_wconf 78' lang='grc' dir='ltr'>μετὰ</span> <span class='ocrx_word' id='word_1_468' title='bbox 2393 2453 2600 2523; x_wconf 87' lang='grc' dir='ltr'>χεῖρας,</span> <span class='ocrx_word' id='word_1_469' title='bbox 2646 2449 2740 2500; x_wconf 71' lang='grc' dir='ltr'>καὶ</span> <span class='ocrx_word' id='word_1_470' title='bbox 2776 2445 2867 2497; x_wconf 77' lang='grc' dir='ltr'>τὸν</span> <span class='ocrx_word' id='word_1_471' title='bbox 2906 2441 3188 2513; x_wconf 78' lang='grc' dir='ltr'>Θεόφιλον,</span> <span class='ocrx_word' id='word_1_472' title='bbox 3221 2438 3351 2493; x_wconf 76' lang='grc' dir='ltr'>ἔνθα</span> <span class='ocrx_word' id='word_1_473' title='bbox 3400 2437 3464 2508; x_wconf 84' lang='grc' dir='ltr'>δὴ</span> <span class='ocrx_word' id='word_1_474' title='bbox 3495 2436 3585 2489; x_wconf 74' lang='grc' dir='ltr'>καὶ</span> <span class='ocrx_word' id='word_1_475' title='bbox 3617 2432 3797 2504; x_wconf 74' lang='grc' dir='ltr'>ᾤοντο</span> 
     </span>
    </p>
   </div>
   <div class='ocr_carea' id='block_1_64' title="bbox 2204 2524 3777 2610">
    <p class='ocr_par' dir='ltr' id='par_1_64' title="bbox 2204 2524 3777 2610">
     <span class='ocr_line' id='line_1_64' title="bbox 2204 2524 3777 2610; baseline -0.013 -12"><span class='ocrx_word' id='word_1_476' title='bbox 2204 2542 2366 2605; x_wconf 79' lang='grc' dir='ltr'>εἶναι,</span> <span class='ocrx_word' id='word_1_477' title='bbox 2398 2539 2672 2610; x_wconf 69' lang='grc' dir='ltr'>πανδημεὶ</span> <span class='ocrx_word' id='word_1_478' title='bbox 2701 2524 3218 2606; x_wconf 78' lang='grc' dir='ltr'>περιστάντες,·⁶εῐσὶ</span> <span class='ocrx_word' id='word_1_479' title='bbox 3249 2532 3349 2600; x_wconf 82' lang='grc' dir='ltr'>μὲν</span> <span class='ocrx_word' id='word_1_480' title='bbox 3377 2530 3429 2582; x_wconf 91' lang='grc' dir='ltr'>οἱ</span> <span class='ocrx_word' id='word_1_481' title='bbox 3463 2530 3555 2581; x_wconf 74' lang='grc' dir='ltr'><strong>καὶ</strong></span> <span class='ocrx_word' id='word_1_482' title='bbox 3577 2526 3777 2595; x_wconf 75' lang='grc' dir='ltr'>ἐμπρη</span> 
     </span>
    </p>
   </div>
   <div class='ocr_carea' id='block_1_65' title="bbox 2205 2619 3795 2704">
    <p class='ocr_par' dir='ltr' id='par_1_65' title="bbox 2205 2619 3795 2704">
     <span class='ocr_line' id='line_1_65' title="bbox 2205 2619 3795 2704; baseline -0.009 -16"><span class='ocrx_word' id='word_1_483' title='bbox 2205 2635 2358 2702; x_wconf 84' lang='grc' dir='ltr'>σμῶν</span> <span class='ocrx_word' id='word_1_484' title='bbox 2392 2633 2644 2704; x_wconf 68' lang='grc' dir='ltr'>ἤρχοντο,</span> <span class='ocrx_word' id='word_1_485' title='bbox 2673 2631 2723 2683; x_wconf 81' lang='grc' dir='ltr'>οἱ</span> <span class='ocrx_word' id='word_1_486' title='bbox 2761 2629 2818 2681; x_wconf 85' lang='grc' dir='ltr'>δὲ</span> <span class='ocrx_word' id='word_1_487' title='bbox 2854 2625 3163 2699; x_wconf 81' lang='grc' dir='ltr'>διαρπαγὴν</span> <span class='ocrx_word' id='word_1_488' title='bbox 3195 2624 3304 2676; x_wconf 81' lang='grc' dir='ltr'>τῶν</span> <span class='ocrx_word' id='word_1_489' title='bbox 3333 2620 3504 2675; x_wconf 73' lang='grc' dir='ltr'>ὄντων</span> <span class='ocrx_word' id='word_1_490' title='bbox 3545 2619 3795 2673; x_wconf 81' lang='grc' dir='ltr'>ἐποίουν.</span> 
     </span>
    </p>
   </div>
   <div class='ocr_carea' id='block_1_66' title="bbox 2224 2709 3799 2799">
    <p class='ocr_par' dir='ltr' id='par_1_66' title="bbox 2224 2709 3799 2799">
     <span class='ocr_line' id='line_1_66' title="bbox 2224 2709 3799 2799; baseline -0.012 -21"><span class='ocrx_word' id='word_1_491' title='bbox 2224 2725 2311 2786; x_wconf 81' lang='grc' dir='ltr'><strong>Ὠς</strong></span> <span class='ocrx_word' id='word_1_492' title='bbox 2333 2723 2390 2776; x_wconf 86' lang='grc' dir='ltr'><strong>δέ</strong></span> <span class='ocrx_word' id='word_1_493' title='bbox 2409 2722 2506 2776; x_wconf 72' lang='grc' dir='ltr'>καὶ</span> <span class='ocrx_word' id='word_1_494' title='bbox 2523 2721 2652 2799; x_wconf 76' lang='grc' dir='ltr'>περὶ</span> <span class='ocrx_word' id='word_1_495' title='bbox 2668 2722 2736 2796; x_wconf 76' lang='grc' dir='ltr'>τὰ</span> <span class='ocrx_word' id='word_1_496' title='bbox 2757 2720 2801 2771; x_wconf 81' lang='lat' dir='ltr'><strong>ie</strong></span> <span class='ocrx_word' id='word_1_497' title='bbox 2812 2717 2879 2789; x_wconf 71' lang='grc' dir='ltr'><strong>ρὰ</strong></span> <span class='ocrx_word' id='word_1_498' title='bbox 2902 2714 3071 2785; x_wconf 80' lang='grc' dir='ltr'>σκεύη</span> <span class='ocrx_word' id='word_1_499' title='bbox 3089 2716 3286 2786; x_wconf 83' lang='grc' dir='ltr'>χωρεῖν</span> <span class='ocrx_word' id='word_1_500' title='bbox 3303 2710 3548 2781; x_wconf 82' lang='grc' dir='ltr'>ἔμελλον,</span> <span class='ocrx_word' id='word_1_501' title='bbox 3565 2710 3591 2762; x_wconf 82' lang='grc' dir='ltr'>ὁ</span> <span class='ocrx_word' id='word_1_502' title='bbox 3606 2709 3799 2778; x_wconf 76' lang='grc' dir='ltr'>ἄρχων</span> 
     </span>
    </p>
   </div>
   <div class='ocr_carea' id='block_1_67' title="bbox 2208 2798 3802 2881">
    <p class='ocr_par' dir='ltr' id='par_1_67' title="bbox 2208 2798 3802 2881">
     <span class='ocr_line' id='line_1_67' title="bbox 2208 2798 3802 2881; baseline -0.013 -9"><span class='ocrx_word' id='word_1_503' title='bbox 2208 2816 2300 2870; x_wconf 70' lang='grc' dir='ltr'><strong>τόν</strong></span> <span class='ocrx_word' id='word_1_504' title='bbox 2335 2798 2578 2870; x_wconf 78' lang='grc' dir='ltr'>κίνδυνον</span> <span class='ocrx_word' id='word_1_505' title='bbox 2614 2808 2931 2881; x_wconf 74' lang='grc' dir='ltr'>ὑποπτήξας</span> <span class='ocrx_word' id='word_1_506' title='bbox 2977 2807 3247 2879; x_wconf 84' lang='grc' dir='ltr'>προσῄει,</span> <span class='ocrx_word' id='word_1_507' title='bbox 3303 2804 3479 2872; x_wconf 77' lang='grc' dir='ltr'>λόγων</span> <span class='ocrx_word' id='word_1_508' title='bbox 3514 2798 3802 2871; x_wconf 61' lang='grc' dir='ltr'>ἐπιεικείᾳ</span> 
     </span>
    </p>
   </div>
   <div class='ocr_carea' id='block_1_68' title="bbox 2205 2895 3799 2984">
    <p class='ocr_par' dir='ltr' id='par_1_68' title="bbox 2205 2895 3799 2984">
     <span class='ocr_line' id='line_1_68' title="bbox 2205 2895 3799 2984; baseline -0.012 -20"><span class='ocrx_word' id='word_1_509' title='bbox 2205 2907 2562 2984; x_wconf 77' lang='grc' dir='ltr'>τιθασσεῦσαι</span> <span class='ocrx_word' id='word_1_510' title='bbox 2598 2906 2923 2979; x_wconf 85' lang='grc' dir='ltr'>βουλόμενος</span> <span class='ocrx_word' id='word_1_511' title='bbox 2969 2902 3066 2966; x_wconf 66' lang='grc' dir='ltr'>καὶ</span> <span class='ocrx_word' id='word_1_512' title='bbox 3108 2901 3209 2971; x_wconf 85' lang='grc' dir='ltr'>τὴν</span> <span class='ocrx_word' id='word_1_513' title='bbox 3242 2901 3420 2970; x_wconf 83' lang='grc' dir='ltr'>ὁρμὴν</span> <span class='ocrx_word' id='word_1_514' title='bbox 3446 2898 3630 2959; x_wconf 82' lang='grc' dir='ltr'>αὐτοῖς</span> <span class='ocrx_word' id='word_1_515' title='bbox 3663 2895 3799 2947; x_wconf 83' lang='grc' dir='ltr'>ἐπι-</span> 
     </span>
    </p>
   </div>
   <div class='ocr_carea' id='block_1_69' title="bbox 2209 2985 3802 3073">
    <p class='ocr_par' dir='ltr' id='par_1_69' title="bbox 2209 2985 3802 3073">
     <span class='ocr_line' id='line_1_69' title="bbox 2209 2985 3802 3073; baseline -0.011 -17"><span class='ocrx_word' id='word_1_516' title='bbox 2209 3004 2383 3073; x_wconf 85' lang='grc' dir='ltr'>σχεῖν.</span> <span class='ocrx_word' id='word_1_517' title='bbox 2405 3001 2468 3056; x_wconf 90' lang='grc' dir='ltr'><strong>Οἱ</strong></span> <span class='ocrx_word' id='word_1_518' title='bbox 2496 2998 2554 3052; x_wconf 79' lang='grc' dir='ltr'>δὲ</span> <span class='ocrx_word' id='word_1_519' title='bbox 2579 3000 2677 3066; x_wconf 48' lang='grc' dir='ltr'>καὶ,</span> <span class='ocrx_word' id='word_1_520' title='bbox 2705 2997 2908 3069; x_wconf 78' lang='grc' dir='ltr'>μᾶλλον</span> <span class='ocrx_word' id='word_1_521' title='bbox 2941 2995 3199 3064; x_wconf 82' lang='grc' dir='ltr'>ἠγρίανον</span> <span class='ocrx_word' id='word_1_522' title='bbox 3223 2993 3317 3045; x_wconf 81' lang='grc' dir='ltr'>καὶ</span> <span class='ocrx_word' id='word_1_523' title='bbox 3351 2991 3475 3060; x_wconf 73' lang='grc' dir='ltr'>βοῆς</span> <span class='ocrx_word' id='word_1_524' title='bbox 3501 2988 3595 3042; x_wconf 61' lang='grc' dir='ltr'>καὶ</span> <span class='ocrx_word' id='word_1_525' title='bbox 3626 2985 3802 3057; x_wconf 75' lang='grc' dir='ltr'>θορύ-</span> 
     </span>
    </p>
   </div>
   <div class='ocr_carea' id='block_1_70' title="bbox 2210 3073 3804 3156">
    <p class='ocr_par' dir='ltr' id='par_1_70' title="bbox 2210 3073 3804 3156">
     <span class='ocr_line' id='line_1_70' title="bbox 2210 3073 3804 3156; baseline -0.011 -11"><span class='ocrx_word' id='word_1_526' title='bbox 2210 3091 2306 3145; x_wconf 76' lang='grc' dir='ltr'>ϐου</span> <span class='ocrx_word' id='word_1_527' title='bbox 2339 3091 2408 3144; x_wconf 82' lang='grc' dir='ltr'><strong>τὰ</strong></span> <span class='ocrx_word' id='word_1_528' title='bbox 2439 3074 2656 3144; x_wconf 79' lang='grc' dir='ltr'>ᾶπαντα</span> <span class='ocrx_word' id='word_1_529' title='bbox 2690 3087 2982 3156; x_wconf 78' lang='grc' dir='ltr'>ἐπλήρουν,</span> <span class='ocrx_word' id='word_1_530' title='bbox 3011 3083 3100 3137; x_wconf 75' lang='grc' dir='ltr'><strong>τὸν</strong></span> <span class='ocrx_word' id='word_1_531' title='bbox 3127 3081 3387 3150; x_wconf 81' lang='grc' dir='ltr'>Θεόφιλον</span> <span class='ocrx_word' id='word_1_532' title='bbox 3413 3073 3501 3132; x_wconf 72' lang='grc' dir='ltr'>οἵα</span> <span class='ocrx_word' id='word_1_533' title='bbox 3526 3077 3591 3147; x_wconf 79' lang='grc' dir='ltr'>δὴ</span> <span class='ocrx_word' id='word_1_534' title='bbox 3619 3076 3804 3145; x_wconf 79' lang='grc' dir='ltr'>θηρα-</span> 
     </span>
    </p>
   </div>
   <div class='ocr_carea' id='block_1_71' title="bbox 2211 3165 3806 3252">
    <p class='ocr_par' dir='ltr' id='par_1_71' title="bbox 2211 3165 3806 3252">
     <span class='ocr_line' id='line_1_71' title="bbox 2211 3165 3806 3252; baseline -0.012 -16"><span class='ocrx_word' id='word_1_535' title='bbox 2211 3184 2357 3237; x_wconf 80' lang='grc' dir='ltr'>τικοὶ</span> <span class='ocrx_word' id='word_1_536' title='bbox 2394 3181 2555 3245; x_wconf 89' lang='grc' dir='ltr'>κύνες</span> <span class='ocrx_word' id='word_1_537' title='bbox 2586 3176 3024 3252; x_wconf 75' lang='grc' dir='ltr'>ῥινηλατοῦντες,</span> <span class='ocrx_word' id='word_1_538' title='bbox 3054 3175 3216 3245; x_wconf 79' lang='grc' dir='ltr'>ἄρξαι</span> <span class='ocrx_word' id='word_1_539' title='bbox 3239 3189 3303 3226; x_wconf 82' lang='grc' dir='ltr'><strong>τε</strong></span> <span class='ocrx_word' id='word_1_540' title='bbox 3335 3167 3580 3240; x_wconf 86' lang='grc' dir='ltr'>τιμωροῦ</span> <span class='ocrx_word' id='word_1_541' title='bbox 3611 3165 3806 3232; x_wconf 72' lang='grc' dir='ltr'>δεξιᾶς</span> 
     </span>
    </p>
   </div>
   <div class='ocr_carea' id='block_1_72' title="bbox 2212 3256 3806 3343">
    <p class='ocr_par' dir='ltr' id='par_1_72' title="bbox 2212 3256 3806 3343">
     <span class='ocr_line' id='line_1_72' title="bbox 2212 3256 3806 3343; baseline -0.013 -14"><span class='ocrx_word' id='word_1_542' title='bbox 2212 3277 2301 3329; x_wconf 81' lang='grc' dir='ltr'><strong>ἐπ’</strong></span> <span class='ocrx_word' id='word_1_543' title='bbox 2330 3272 2480 3343; x_wconf 80' lang='grc' dir='ltr'>αὐτῷ</span> <span class='ocrx_word' id='word_1_544' title='bbox 2502 3271 2832 3341; x_wconf 85' lang='grc' dir='ltr'>γλιχόμενοι.</span> <span class='ocrx_word' id='word_1_545' title='bbox 2861 3266 2952 3337; x_wconf 78' lang='grc' dir='ltr'><strong>Τῷ</strong></span> <span class='ocrx_word' id='word_1_546' title='bbox 2982 3267 3079 3336; x_wconf 79' lang='grc' dir='ltr'>μὲν</span> <span class='ocrx_word' id='word_1_547' title='bbox 3105 3263 3196 3317; x_wconf 81' lang='grc' dir='ltr'>οὖν</span> <span class='ocrx_word' id='word_1_548' title='bbox 3221 3263 3442 3334; x_wconf 82' lang='grc' dir='ltr'>ἄρχοντι</span> <span class='ocrx_word' id='word_1_549' title='bbox 3472 3257 3707 3328; x_wconf 72' lang='grc' dir='ltr'>παρῄνει</span> <span class='ocrx_word' id='word_1_550' title='bbox 3736 3256 3806 3308; x_wconf 74' lang='grc' dir='ltr'><strong>τὸ</strong></span> 
     </span>
    </p>
   </div>
   <div class='ocr_carea' id='block_1_73' title="bbox 2213 3347 3808 3432">
    <p class='ocr_par' dir='ltr' id='par_1_73' title="bbox 2213 3347 3808 3432">
     <span class='ocr_line' id='line_1_73' title="bbox 2213 3347 3808 3432; baseline -0.014 -10"><span class='ocrx_word' id='word_1_551' title='bbox 2213 3368 2334 3431; x_wconf 89' lang='grc' dir='ltr'>δέος</span> <span class='ocrx_word' id='word_1_552' title='bbox 2370 3366 2589 3419; x_wconf 75' lang='grc' dir='ltr'>ἔκδοτον</span> <span class='ocrx_word' id='word_1_553' title='bbox 2623 3362 2787 3415; x_wconf 77' lang='grc' dir='ltr'>αὐτὸν</span> <span class='ocrx_word' id='word_1_554' title='bbox 2821 3360 2922 3432; x_wconf 69' lang='grc' dir='ltr'><strong>ἤδη</strong></span> <span class='ocrx_word' id='word_1_555' title='bbox 2970 3356 3160 3411; x_wconf 80' lang='grc' dir='ltr'>θέσθαι</span> <span class='ocrx_word' id='word_1_556' title='bbox 3198 3354 3285 3407; x_wconf 75' lang='grc' dir='ltr'><strong>διὰ</strong></span> <span class='ocrx_word' id='word_1_557' title='bbox 3315 3353 3412 3422; x_wconf 82' lang='grc' dir='ltr'>τὴν</span> <span class='ocrx_word' id='word_1_558' title='bbox 3457 3350 3657 3420; x_wconf 82' lang='grc' dir='ltr'>πολλὴν</span> <span class='ocrx_word' id='word_1_559' title='bbox 3688 3347 3808 3400; x_wconf 75' lang='grc' dir='ltr'><strong>τῶν</strong></span> 
     </span>
    </p>
   </div>
   <div class='ocr_carea' id='block_1_74' title="bbox 2215 3438 3809 3531">
    <p class='ocr_par' dir='ltr' id='par_1_74' title="bbox 2215 3438 3809 3531">
     <span class='ocr_line' id='line_1_74' title="bbox 2215 3438 3809 3531; baseline -0.015 -17"><span class='ocrx_word' id='word_1_560' title='bbox 2215 3458 2522 3531; x_wconf 83' lang='grc' dir='ltr'>ζητούντων</span> <span class='ocrx_word' id='word_1_561' title='bbox 2554 3453 2876 3524; x_wconf 83' lang='grc' dir='ltr'>ἐπιδρομήν.</span> <span class='ocrx_word' id='word_1_562' title='bbox 2935 3448 3073 3504; x_wconf 84' lang='grc' dir='ltr'>Ἀλλ’</span> <span class='ocrx_word' id='word_1_563' title='bbox 3108 3449 3317 3509; x_wconf 82' lang='grc' dir='ltr'>ἐκεῖνος</span> <span class='ocrx_word' id='word_1_564' title='bbox 3351 3443 3477 3497; x_wconf 71' lang='grc' dir='ltr'>ποσὶ</span> <span class='ocrx_word' id='word_1_565' title='bbox 3530 3442 3714 3513; x_wconf 80' lang='grc' dir='ltr'>μόνοις</span> <span class='ocrx_word' id='word_1_566' title='bbox 3740 3438 3809 3491; x_wconf 75' lang='grc' dir='ltr'>τὸ</span> 
     </span>
    </p>
   </div>
   <div class='ocr_carea' id='block_1_75' title="bbox 2216 3533 3807 3622">
    <p class='ocr_par' dir='ltr' id='par_1_75' title="bbox 2216 3533 3807 3622">
     <span class='ocr_line' id='line_1_75' title="bbox 2216 3533 3807 3622; baseline -0.015 -16"><span class='ocrx_word' id='word_1_567' title='bbox 2216 3551 2456 3622; x_wconf 79' lang='grc' dir='ltr'>σωθῆναι</span> <span class='ocrx_word' id='word_1_568' title='bbox 2491 3546 2813 3611; x_wconf 80' lang='grc' dir='ltr'>πιστεύσας,</span> <span class='ocrx_word' id='word_1_569' title='bbox 2854 3544 2913 3597; x_wconf 81' lang='grc' dir='ltr'>ἓν</span> <span class='ocrx_word' id='word_1_570' title='bbox 2959 3560 3067 3596; x_wconf 88' lang='grc' dir='ltr'>τινι</span> <span class='ocrx_word' id='word_1_571' title='bbox 3117 3539 3269 3609; x_wconf 83' lang='grc' dir='ltr'>τόπῳ</span> <span class='ocrx_word' id='word_1_572' title='bbox 3320 3535 3430 3590; x_wconf 83' lang='grc' dir='ltr'>τῶν</span> <span class='ocrx_word' id='word_1_573' title='bbox 3468 3533 3807 3605; x_wconf 71' lang='grc' dir='ltr'>ἀπορρήτων</span> 
     </span>
    </p>
   </div>
   <div class='ocr_carea' id='block_1_76' title="bbox 2215 3625 3809 3712">
    <p class='ocr_par' dir='ltr' id='par_1_76' title="bbox 2215 3625 3809 3712">
     <span class='ocr_line' id='line_1_76' title="bbox 2215 3625 3809 3712; baseline -0.014 -15"><span class='ocrx_word' id='word_1_574' title='bbox 2215 3643 2408 3712; x_wconf 77' lang='grc' dir='ltr'>ἑαυτὸν</span> <span class='ocrx_word' id='word_1_575' title='bbox 2465 3639 2820 3709; x_wconf 84' lang='grc' dir='ltr'>κατορύττει,</span> <span class='ocrx_word' id='word_1_576' title='bbox 2860 3634 3035 3696; x_wconf 83' lang='grc' dir='ltr'>δειλὸς</span> <span class='ocrx_word' id='word_1_577' title='bbox 3086 3630 3283 3700; x_wconf 84' lang='grc' dir='ltr'>ἀθρόον</span> <span class='ocrx_word' id='word_1_578' title='bbox 3316 3630 3365 3681; x_wconf 85' lang='grc' dir='ltr'><strong>’ὁ</strong></span> <span class='ocrx_word' id='word_1_579' title='bbox 3419 3626 3665 3695; x_wconf 83' lang='grc' dir='ltr'>γενναῖος</span> <span class='ocrx_word' id='word_1_580' title='bbox 3705 3625 3809 3678; x_wconf 75' lang='grc' dir='ltr'><strong>καὶ</strong></span> 
     </span>
    </p>
   </div>
   <div class='ocr_carea' id='block_1_77' title="bbox 2215 3714 3808 3806">
    <p class='ocr_par' dir='ltr' id='par_1_77' title="bbox 2215 3714 3808 3806">
     <span class='ocr_line' id='line_1_77' title="bbox 2215 3714 3808 3806; baseline -0.016 -17"><span class='ocrx_word' id='word_1_581' title='bbox 2215 3730 2514 3806; x_wconf 72' lang='grc' dir='ltr'>τολμητίας</span> <span class='ocrx_word' id='word_1_582' title='bbox 2573 3730 2910 3799; x_wconf 66' lang='grc' dir='ltr'>ἀναφανεὶς,</span> <span class='ocrx_word' id='word_1_583' title='bbox 2970 3719 3325 3796; x_wconf 79' lang='grc' dir='ltr'>ἐπιχειρῆσαι</span> <span class='ocrx_word' id='word_1_584' title='bbox 3384 3734 3446 3771; x_wconf 79' lang='grc' dir='ltr'><strong>τε</strong></span> <span class='ocrx_word' id='word_1_585' title='bbox 3506 3714 3808 3786; x_wconf 77' lang='grc' dir='ltr'>πράγμασι</span> 
     </span>
    </p>
   </div>
   <div class='ocr_carea' id='block_1_78' title="bbox 2218 3807 3810 3899">
    <p class='ocr_par' dir='ltr' id='par_1_78' title="bbox 2218 3807 3810 3899">
     <span class='ocr_line' id='line_1_78' title="bbox 2218 3807 3810 3899; baseline -0.016 -16"><span class='ocrx_word' id='word_1_586' title='bbox 2218 3828 2570 3899; x_wconf 80' lang='grc' dir='ltr'>θερμοτέροις</span> <span class='ocrx_word' id='word_1_587' title='bbox 2593 3824 2775 3895; x_wconf 77' lang='grc' dir='ltr'>ξυρδς,</span> <span class='ocrx_word' id='word_1_588' title='bbox 2805 3823 2900 3876; x_wconf 77' lang='grc' dir='ltr'>καὶ</span> <span class='ocrx_word' id='word_1_589' title='bbox 2929 3820 2983 3874; x_wconf 86' lang='grc' dir='ltr'><strong>εἰ</strong></span> <span class='ocrx_word' id='word_1_590' title='bbox 3026 3836 3080 3872; x_wconf 85' lang='grc' dir='ltr'><strong>τι</strong></span> <span class='ocrx_word' id='word_1_591' title='bbox 3115 3814 3245 3870; x_wconf 76' lang='grc' dir='ltr'>ἄλλο</span> <span class='ocrx_word' id='word_1_592' title='bbox 3275 3811 3384 3867; x_wconf 82' lang='grc' dir='ltr'><strong>τῶν</strong></span> <span class='ocrx_word' id='word_1_593' title='bbox 3411 3808 3681 3880; x_wconf 80' lang='grc' dir='ltr'>ταχίστων</span> <span class='ocrx_word' id='word_1_594' title='bbox 3705 3807 3810 3860; x_wconf 82' lang='grc' dir='ltr'>καὶ</span> 
     </span>
    </p>
   </div>
   <div class='ocr_carea' id='block_1_79' title="bbox 2217 3901 3812 3993">
    <p class='ocr_par' dir='ltr' id='par_1_79' title="bbox 2217 3901 3812 3993">
     <span class='ocr_line' id='line_1_79' title="bbox 2217 3901 3812 3993; baseline -0.016 -16"><span class='ocrx_word' id='word_1_595' title='bbox 2217 3922 2424 3993; x_wconf 81' lang='grc' dir='ltr'>τομῶν,</span> <span class='ocrx_word' id='word_1_596' title='bbox 2460 3919 2884 3991; x_wconf 76' lang='grc' dir='ltr'>γνωριζόμενος.</span> <span class='ocrx_word' id='word_1_597' title='bbox 2934 3909 3067 3969; x_wconf 81' lang='grc' dir='ltr'>Εἶτα</span> <span class='ocrx_word' id='word_1_598' title='bbox 3113 3911 3241 3973; x_wconf 79' lang='grc' dir='ltr'>τοὺς</span> <span class='ocrx_word' id='word_1_599' title='bbox 3272 3905 3521 3976; x_wconf 76' lang='grc' dir='ltr'>ἀσκητάς</span> <span class='ocrx_word' id='word_1_600' title='bbox 3549 3903 3579 3956; x_wconf 84' lang='grc' dir='ltr'>ὁ</span> <span class='ocrx_word' id='word_1_601' title='bbox 3616 3901 3812 3971; x_wconf 81' lang='grc' dir='ltr'>ἅρχων</span> 
     </span>
    </p>
   </div>
   <div class='ocr_carea' id='block_1_80' title="bbox 2219 3990 3807 4079">
    <p class='ocr_par' dir='ltr' id='par_1_80' title="bbox 2219 3990 3807 4079">
     <span class='ocr_line' id='line_1_80' title="bbox 2219 3990 3807 4079; baseline -0.014 -12"><span class='ocrx_word' id='word_1_602' title='bbox 2219 3990 2418 4075; x_wconf 60' lang='grc' dir='ltr'>λαϐὼν,</span> <span class='ocrx_word' id='word_1_603' title='bbox 2466 3990 2587 4065; x_wconf 11' lang='grc' dir='ltr'>καλέ</span> <span class='ocrx_word' id='word_1_604' title='bbox 2618 4010 2810 4079; x_wconf 82' lang='grc' dir='ltr'>ἱμάτια</span> <span class='ocrx_word' id='word_1_605' title='bbox 2850 4002 3119 4076; x_wconf 74' lang='grc' dir='ltr'>περιθεὶς,</span> <span class='ocrx_word' id='word_1_606' title='bbox 3164 4002 3246 4063; x_wconf 82' lang='grc' dir='ltr'><strong>είς</strong></span> <span class='ocrx_word' id='word_1_607' title='bbox 3283 3999 3346 4053; x_wconf 74' lang='grc' dir='ltr'>τὸ</span> <span class='ocrx_word' id='word_1_608' title='bbox 3374 3994 3581 4065; x_wconf 81' lang='grc' dir='ltr'>πλῆθος</span> <span class='ocrx_word' id='word_1_609' title='bbox 3610 3990 3807 4066; x_wconf 78' lang='grc' dir='ltr'>ἐξῆγε,</span> 
     </span>
    </p>
   </div>
   <div class='ocr_carea' id='block_1_81' title="bbox 2224 4082 3813 4177">
    <p class='ocr_par' dir='ltr' id='par_1_81' title="bbox 2224 4082 3813 4177">
     <span class='ocr_line' id='line_1_81' title="bbox 2224 4082 3813 4177; baseline -0.015 -18"><span class='ocrx_word' id='word_1_610' title='bbox 2224 4098 2527 4177; x_wconf 82' lang='grc' dir='ltr'>πραότερον</span> <span class='ocrx_word' id='word_1_611' title='bbox 2556 4100 2731 4164; x_wconf 69' lang='grc' dir='ltr'>οὕτως</span> <span class='ocrx_word' id='word_1_612' title='bbox 2762 4098 2895 4153; x_wconf 72' lang='grc' dir='ltr'>αὐτὸ</span> <span class='ocrx_word' id='word_1_613' title='bbox 2930 4094 3194 4150; x_wconf 84' lang='grc' dir='ltr'>διαθεῖναι</span> <span class='ocrx_word' id='word_1_614' title='bbox 3238 4090 3583 4162; x_wconf 84' lang='grc' dir='ltr'>βουλόμενος.</span> <span class='ocrx_word' id='word_1_615' title='bbox 3622 4084 3711 4146; x_wconf 87' lang='grc' dir='ltr'>Ὡς</span> <span class='ocrx_word' id='word_1_616' title='bbox 3745 4082 3813 4137; x_wconf 62' lang='grc' dir='ltr'><strong>δί</strong></span> 
     </span>
    </p>
   </div>
   <div class='ocr_carea' id='block_1_82' title="bbox 2227 4172 3809 4269">
    <p class='ocr_par' dir='ltr' id='par_1_82' title="bbox 2227 4172 3809 4269">
     <span class='ocr_line' id='line_1_82' title="bbox 2227 4172 3809 4269; baseline -0.016 -17"><span class='ocrx_word' id='word_1_617' title='bbox 2227 4172 2392 4269; x_wconf 55' lang='grc' dir='ltr'><strong>μῇδέν</strong></span> <span class='ocrx_word' id='word_1_618' title='bbox 2419 4172 2574 4267; x_wconf 62' lang='grc' dir='ltr'>ἤνυε,</span> <span class='ocrx_word' id='word_1_619' title='bbox 2625 4192 2809 4254; x_wconf 89' lang='grc' dir='ltr'>δείσας</span> <span class='ocrx_word' id='word_1_620' title='bbox 2855 4189 2930 4261; x_wconf 80' lang='grc' dir='ltr'>μὴ</span> <span class='ocrx_word' id='word_1_621' title='bbox 2964 4188 3227 4259; x_wconf 87' lang='grc' dir='ltr'>τρόπαιον</span> <span class='ocrx_word' id='word_1_622' title='bbox 3277 4183 3439 4245; x_wconf 77' lang='grc' dir='ltr'>αὐτὸς</span> <span class='ocrx_word' id='word_1_623' title='bbox 3496 4176 3591 4232; x_wconf 82' lang='grc' dir='ltr'>τοῦ</span> <span class='ocrx_word' id='word_1_624' title='bbox 3626 4172 3809 4244; x_wconf 77' lang='grc' dir='ltr'>θυμοῦ</span> 
     </span>
    </p>
   </div>
   <div class='ocr_carea' id='block_1_83' title="bbox 2222 4268 3812 4359">
    <p class='ocr_par' dir='ltr' id='par_1_83' title="bbox 2222 4268 3812 4359">
     <span class='ocr_line' id='line_1_83' title="bbox 2222 4268 3812 4359; baseline -0.015 -16"><span class='ocrx_word' id='word_1_625' title='bbox 2222 4268 2470 4359; x_wconf 58' lang='grc' dir='ltr'>γένηται,</span> <span class='ocrx_word' id='word_1_626' title='bbox 2503 4286 2600 4339; x_wconf 74' lang='grc' dir='ltr'>καὶ</span> <span class='ocrx_word' id='word_1_627' title='bbox 2618 4285 2716 4355; x_wconf 81' lang='grc' dir='ltr'>τὴν</span> <span class='ocrx_word' id='word_1_628' title='bbox 2739 4286 2818 4347; x_wconf 77' lang='grc' dir='ltr'>εἰς</span> <span class='ocrx_word' id='word_1_629' title='bbox 2848 4281 3107 4349; x_wconf 85' lang='grc' dir='ltr'>Θεόφιλον</span> <span class='ocrx_word' id='word_1_630' title='bbox 3137 4276 3328 4348; x_wconf 73' lang='grc' dir='ltr'>ἐκτίσῃ</span> <span class='ocrx_word' id='word_1_631' title='bbox 3365 4271 3581 4345; x_wconf 83' lang='grc' dir='ltr'>μανίαν,</span> <span class='ocrx_word' id='word_1_632' title='bbox 3607 4268 3812 4338; x_wconf 81' lang='grc' dir='ltr'>δμνυσι</span> 
     </span>
    </p>
   </div>
   <div class='ocr_carea' id='block_1_84' title="bbox 2225 4357 3812 4451">
    <p class='ocr_par' dir='ltr' id='par_1_84' title="bbox 2225 4357 3812 4451">
     <span class='ocr_line' id='line_1_84' title="bbox 2225 4357 3812 4451; baseline -0.016 -16"><span class='ocrx_word' id='word_1_633' title='bbox 2225 4357 2515 4451; x_wconf 80' lang='grc' dir='ltr'>παραστὰς</span> <span class='ocrx_word' id='word_1_634' title='bbox 2548 4374 2623 4449; x_wconf 76' lang='grc' dir='ltr'>μὴ</span> <span class='ocrx_word' id='word_1_635' title='bbox 2650 4376 2818 4447; x_wconf 81' lang='grc' dir='ltr'>δήλην</span> <span class='ocrx_word' id='word_1_636' title='bbox 2870 4371 3021 4443; x_wconf 84' lang='grc' dir='ltr'><strong>αὺτῷ</strong></span> <span class='ocrx_word' id='word_1_637' title='bbox 3062 4372 3287 4441; x_wconf 83' lang='grc' dir='ltr'>ποιῆσαι</span> <span class='ocrx_word' id='word_1_638' title='bbox 3330 4366 3430 4437; x_wconf 85' lang='grc' dir='ltr'>τὴν</span> <span class='ocrx_word' id='word_1_639' title='bbox 3465 4363 3642 4439; x_wconf 78' lang='grc' dir='ltr'>αἰτίαν</span> <span class='ocrx_word' id='word_1_640' title='bbox 3670 4357 3812 4412; x_wconf 84' lang='grc' dir='ltr'>Θεό-</span> 
     </span>
    </p>
   </div>
   <div class='ocr_carea' id='block_1_85' title="bbox 2224 4451 3815 4544">
    <p class='ocr_par' dir='ltr' id='par_1_85' title="bbox 2224 4451 3815 4544">
     <span class='ocr_line' id='line_1_85' title="bbox 2224 4451 3815 4544; baseline -0.014 -18"><span class='ocrx_word' id='word_1_641' title='bbox 2224 4472 2398 4544; x_wconf 85' lang='grc' dir='ltr'>φιλον,</span> <span class='ocrx_word' id='word_1_642' title='bbox 2430 4469 2553 4524; x_wconf 84' lang='grc' dir='ltr'>καθ’</span> <span class='ocrx_word' id='word_1_643' title='bbox 2598 4471 2664 4540; x_wconf 77' lang='grc' dir='ltr'>ἣν</span> <span class='ocrx_word' id='word_1_644' title='bbox 2722 4464 3008 4535; x_wconf 78' lang='grc' dir='ltr'>ἐπιξητοίη</span> <span class='ocrx_word' id='word_1_645' title='bbox 3048 4463 3174 4526; x_wconf 77' lang='grc' dir='ltr'>τοὺς</span> <span class='ocrx_word' id='word_1_646' title='bbox 3208 4460 3427 4531; x_wconf 85' lang='grc' dir='ltr'>ἄνδρας.</span> <span class='ocrx_word' id='word_1_647' title='bbox 3471 4456 3642 4510; x_wconf 81' lang='grc' dir='ltr'>Φάναι</span> <span class='ocrx_word' id='word_1_648' title='bbox 3696 4451 3815 4522; x_wconf 83' lang='grc' dir='ltr'><strong>γὰρ</strong></span> 
     </span>
    </p>
   </div>
   <div class='ocr_carea' id='block_1_86' title="bbox 544 4543 2112 4636">
    <p class='ocr_par' dir='ltr' id='par_1_86' title="bbox 544 4548 2112 4633">
     <span class='ocr_line' id='line_1_86' title="bbox 544 4548 2112 4633; baseline -0.008 -18"><span class='ocrx_word' id='word_1_649' title='bbox 544 4560 765 4633; x_wconf 82' lang='lat' dir='ltr'><strong>iigione,</strong></span> <span class='ocrx_word' id='word_1_650' title='bbox 817 4566 872 4612; x_wconf 90' lang='lat' dir='ltr'><strong>et</strong></span> <span class='ocrx_word' id='word_1_651' title='bbox 917 4557 1063 4626; x_wconf 90' lang='lat' dir='ltr'><strong>quod</strong></span> <span class='ocrx_word' id='word_1_652' title='bbox 1098 4569 1209 4609; x_wconf 90' lang='lat' dir='ltr'><strong>non</strong></span> <span class='ocrx_word' id='word_1_653' title='bbox 1251 4555 1384 4609; x_wconf 89' lang='lat' dir='ltr'><strong>satis</strong></span> <span class='ocrx_word' id='word_1_654' title='bbox 1430 4553 1717 4612; x_wconf 88' lang='lat' dir='ltr'><strong>ducerent,</strong></span> <span class='ocrx_word' id='word_1_655' title='bbox 1775 4549 1821 4605; x_wconf 90' lang='lat' dir='ltr'><strong>si</strong></span> <span class='ocrx_word' id='word_1_656' title='bbox 1877 4548 1981 4618; x_wconf 88' lang='lat' dir='ltr'><strong>ipsi</strong></span> <span class='ocrx_word' id='word_1_657' title='bbox 2018 4548 2112 4603; x_wconf 91' lang='lat' dir='ltr'><strong>soli</strong></span> 
     </span>
    </p>
   </div>
   <div class='ocr_carea' id='block_1_87' title="bbox 2213 4543 3815 4636">
    <p class='ocr_par' dir='ltr' id='par_1_87' title="bbox 2227 4543 3815 4636">
     <span class='ocr_line' id='line_1_87' title="bbox 2227 4543 3815 4636; baseline -0.014 -17"><span class='ocrx_word' id='word_1_658' title='bbox 2227 4543 2364 4636; x_wconf 80' lang='grc' dir='ltr'>πρὸς</span> <span class='ocrx_word' id='word_1_659' title='bbox 2387 4561 2572 4625; x_wconf 76' lang='grc' dir='ltr'>αὐτὸν,</span> <span class='ocrx_word' id='word_1_660' title='bbox 2603 4561 2685 4615; x_wconf 79' lang='grc' dir='ltr'>ὅτι</span> <span class='ocrx_word' id='word_1_661' title='bbox 2717 4555 3130 4628; x_wconf 76' lang='grc' dir='ltr'>διεφθαρμένως</span> <span class='ocrx_word' id='word_1_662' title='bbox 3172 4552 3348 4623; x_wconf 73' lang='grc' dir='ltr'>ἔχοιεν</span> <span class='ocrx_word' id='word_1_663' title='bbox 3381 4548 3509 4619; x_wconf 74' lang='grc' dir='ltr'>περὶ</span> <span class='ocrx_word' id='word_1_664' title='bbox 3543 4546 3604 4599; x_wconf 73' lang='grc' dir='ltr'>τὸ</span> <span class='ocrx_word' id='word_1_665' title='bbox 3639 4543 3815 4605; x_wconf 70' lang='grc' dir='ltr'>σέῦας</span> 
     </span>
    </p>
   </div>
   <div class='ocr_carea' id='block_1_88' title="bbox 546 4639 2120 4723">
    <p class='ocr_par' dir='ltr' id='par_1_88' title="bbox 546 4639 2120 4723">
     <span class='ocr_line' id='line_1_88' title="bbox 546 4639 2120 4723; baseline -0.008 -15"><span class='ocrx_word' id='word_1_666' title='bbox 546 4650 912 4723; x_wconf 67' lang='lat' dir='ltr'><strong>:e&#39;grotarent;</strong></span> <span class='ocrx_word' id='word_1_667' title='bbox 945 4647 1042 4713; x_wconf 80' lang='lat' dir='ltr'><strong>sed</strong></span> <span class='ocrx_word' id='word_1_668' title='bbox 1076 4648 1217 4702; x_wconf 88' lang='lat' dir='ltr'><strong>alios</strong></span> <span class='ocrx_word' id='word_1_669' title='bbox 1262 4645 1429 4701; x_wconf 86' lang='lat' dir='ltr'><strong>etiam</strong></span> <span class='ocrx_word' id='word_1_670' title='bbox 1478 4649 1813 4717; x_wconf 87' lang='lat' dir='ltr'><strong>conarentur</strong></span> <span class='ocrx_word' id='word_1_671' title='bbox 1859 4639 2120 4695; x_wconf 89' lang='lat' dir='ltr'><strong>inducere</strong></span> 
     </span>
    </p>
   </div>
   <div class='ocr_carea' id='block_1_89' title="bbox 548 4731 2121 4803">
    <p class='ocr_par' dir='ltr' id='par_1_89' title="bbox 548 4731 2121 4803">
     <span class='ocr_line' id='line_1_89' title="bbox 548 4731 2121 4803; baseline -0.008 -5"><span class='ocrx_word' id='word_1_672' title='bbox 548 4744 616 4799; x_wconf 88' lang='lat' dir='ltr'><strong>ad</strong></span> <span class='ocrx_word' id='word_1_673' title='bbox 655 4756 807 4797; x_wconf 84' lang='lat' dir='ltr'><strong>suam</strong></span> <span class='ocrx_word' id='word_1_674' title='bbox 834 4738 1301 4797; x_wconf 84' lang='lat' dir='ltr'><strong>communionem.</strong></span> <span class='ocrx_word' id='word_1_675' title='bbox 1329 4734 1386 4790; x_wconf 90' lang='lat' dir='ltr'><strong>Si</strong></span> <span class='ocrx_word' id='word_1_676' title='bbox 1416 4735 1561 4790; x_wconf 89' lang='lat' dir='ltr'><strong>enim</strong></span> <span class='ocrx_word' id='word_1_677' title='bbox 1585 4733 1892 4798; x_wconf 86' lang='lat' dir='ltr'><strong>scivissem,</strong></span> <span class='ocrx_word' id='word_1_678' title='bbox 1923 4731 2121 4803; x_wconf 87' lang='lat' dir='ltr'><strong>inquit,</strong></span> 
     </span>
    </p>
   </div>
   <div class='ocr_carea' id='block_1_90' title="bbox 548 4826 2124 4908">
    <p class='ocr_par' dir='ltr' id='par_1_90' title="bbox 548 4826 2124 4908">
     <span class='ocr_line' id='line_1_90' title="bbox 548 4826 2124 4908; baseline -0.006 -18"><span class='ocrx_word' id='word_1_679' title='bbox 548 4833 691 4908; x_wconf 82' lang='lat' dir='ltr'><strong>quod</strong></span> <span class='ocrx_word' id='word_1_680' title='bbox 728 4832 910 4887; x_wconf 89' lang='lat' dir='ltr'><strong>animo</strong></span> <span class='ocrx_word' id='word_1_681' title='bbox 938 4831 1209 4903; x_wconf 82' lang='lat' dir='ltr'><strong>agitabat,</strong></span> <span class='ocrx_word' id='word_1_682' title='bbox 1254 4844 1368 4885; x_wconf 83' lang='lat' dir='ltr'><strong>non</strong></span> <span class='ocrx_word' id='word_1_683' title='bbox 1416 4826 1582 4882; x_wconf 89' lang='lat' dir='ltr'><strong>modo</strong></span> <span class='ocrx_word' id='word_1_684' title='bbox 1618 4841 1727 4881; x_wconf 89' lang='lat' dir='ltr'><strong>non</strong></span> <span class='ocrx_word' id='word_1_685' title='bbox 1766 4826 2124 4896; x_wconf 63' lang='lat' dir='ltr'><strong>praebuissem</strong></span> 
     </span>
    </p>
   </div>
   <div class='ocr_carea' id='block_1_91' title="bbox 552 4917 2126 4992">
    <p class='ocr_par' dir='ltr' id='par_1_91' title="bbox 552 4917 2126 4992">
     <span class='ocr_line' id='line_1_91' title="bbox 552 4917 2126 4992; baseline -0.006 -10"><span class='ocrx_word' id='word_1_686' title='bbox 552 4927 776 4989; x_wconf 89' lang='lat' dir='ltr'><strong>milites,</strong></span> <span class='ocrx_word' id='word_1_687' title='bbox 830 4925 926 4980; x_wconf 87' lang='lat' dir='ltr'><strong>sed</strong></span> <span class='ocrx_word' id='word_1_688' title='bbox 977 4937 1082 4978; x_wconf 89' lang='lat' dir='ltr'><strong>nec</strong></span> <span class='ocrx_word' id='word_1_689' title='bbox 1158 4922 1329 4992; x_wconf 81' lang='lat' dir='ltr'><strong>illum</strong></span> <span class='ocrx_word' id='word_1_690' title='bbox 1360 4920 1539 4990; x_wconf 88' lang='lat' dir='ltr'><strong>ipsum</strong></span> <span class='ocrx_word' id='word_1_691' title='bbox 1599 4917 1818 4987; x_wconf 88' lang='lat' dir='ltr'><strong>quidem</strong></span> <span class='ocrx_word' id='word_1_692' title='bbox 1876 4918 2126 4975; x_wconf 83' lang='lat' dir='ltr'><strong>sivissem</strong></span> 
     </span>
    </p>
   </div>
   <div class='ocr_carea' id='block_1_92' title="bbox 550 5008 2128 5092">
    <p class='ocr_par' dir='ltr' id='par_1_92' title="bbox 550 5008 2128 5092">
     <span class='ocr_line' id='line_1_92' title="bbox 550 5008 2128 5092; baseline -0.006 -16"><span class='ocrx_word' id='word_1_693' title='bbox 550 5018 755 5092; x_wconf 80' lang='lat' dir='ltr'><strong>egredi.</strong></span> <span class='ocrx_word' id='word_1_694' title='bbox 786 5016 926 5073; x_wconf 80' lang='lat' dir='ltr'><strong>Cnm‘</strong></span> <span class='ocrx_word' id='word_1_695' title='bbox 973 5015 1055 5071; x_wconf 89' lang='lat' dir='ltr'><strong>sic</strong></span> <span class='ocrx_word' id='word_1_696' title='bbox 1083 5013 1327 5077; x_wconf 85' lang='lat' dir='ltr'><strong>dixisset,</strong></span> <span class='ocrx_word' id='word_1_697' title='bbox 1357 5010 1447 5065; x_wconf 79' lang='lat' dir='ltr'><strong>vix</strong></span> <span class='ocrx_word' id='word_1_698' title='bbox 1502 5010 1720 5079; x_wconf 83' lang='lat' dir='ltr'><strong>tandem</strong></span> <span class='ocrx_word' id='word_1_699' title='bbox 1747 5008 1828 5064; x_wconf 92' lang='lat' dir='ltr'><strong>eis</strong></span> <span class='ocrx_word' id='word_1_700' title='bbox 1856 5010 2128 5081; x_wconf 81' lang='lat' dir='ltr'><strong>persuasit</strong></span> 
     </span>
    </p>
   </div>
   <div class='ocr_carea' id='block_1_93' title="bbox 410 5098 2130 5171">
    <p class='ocr_par' dir='ltr' id='par_1_93' title="bbox 410 5098 2130 5171">
     <span class='ocr_line' id='line_1_93' title="bbox 410 5098 2130 5171; baseline -0.005 -8"><span class='ocrx_word' id='word_1_701' title='bbox 410 5137 421 5147; x_wconf 87' lang='lat'><strong>-</strong></span> <span class='ocrx_word' id='word_1_702' title='bbox 519 5122 611 5164; x_wconf 88' lang='lat' dir='ltr'><strong>.ut</strong></span> <span class='ocrx_word' id='word_1_703' title='bbox 660 5107 1001 5163; x_wconf 87' lang='lat' dir='ltr'><strong>recederent.</strong></span> <span class='ocrx_word' id='word_1_704' title='bbox 1041 5104 1238 5159; x_wconf 87' lang='lat' dir='ltr'><strong>Postea</strong></span> <span class='ocrx_word' id='word_1_705' title='bbox 1282 5108 1468 5156; x_wconf 87' lang='lat' dir='ltr'><strong>autem</strong></span> <span class='ocrx_word' id='word_1_706' title='bbox 1503 5098 1864 5171; x_wconf 87' lang='lat' dir='ltr'><strong>Theophilus,</strong></span> <span class='ocrx_word' id='word_1_707' title='bbox 1922 5116 2046 5158; x_wconf 88' lang='lat' dir='ltr'><strong>eum</strong></span> <span class='ocrx_word' id='word_1_708' title='bbox 2075 5110 2130 5156; x_wconf 91' lang='lat' dir='ltr'><strong>et</strong></span> 
     </span>
    </p>
   </div>
   <div class='ocr_carea' id='block_1_94' title="bbox 555 5191 2129 5272">
    <p class='ocr_par' dir='ltr' id='par_1_94' title="bbox 555 5191 2129 5272">
     <span class='ocr_line' id='line_1_94' title="bbox 555 5191 2129 5272; baseline -0.006 -17"><span class='ocrx_word' id='word_1_709' title='bbox 555 5201 735 5272; x_wconf 87' lang='lat' dir='ltr'><strong>ipsum</strong></span> <span class='ocrx_word' id='word_1_710' title='bbox 778 5197 1088 5269; x_wconf 70' lang='lat' dir='ltr'><strong>praesidem,</strong></span> <span class='ocrx_word' id='word_1_711' title='bbox 1115 5201 1171 5248; x_wconf 89' lang='lat' dir='ltr'><strong>et</strong></span> <span class='ocrx_word' id='word_1_712' title='bbox 1198 5191 1464 5262; x_wconf 84' lang='lat' dir='ltr'><strong>quidquid</strong></span> <span class='ocrx_word' id='word_1_713' title='bbox 1494 5201 1612 5247; x_wconf 86' lang='lat' dir='ltr'><strong>erat</strong></span> <span class='ocrx_word' id='word_1_714' title='bbox 1659 5191 1866 5247; x_wconf 87' lang='lat' dir='ltr'><strong>clarum</strong></span> <span class='ocrx_word' id='word_1_715' title='bbox 1906 5200 1962 5246; x_wconf 88' lang='lat' dir='ltr'><strong>et</strong></span> <span class='ocrx_word' id='word_1_716' title='bbox 2003 5191 2129 5246; x_wconf 85' lang='lat' dir='ltr'><strong>illu-</strong></span> 
     </span>
    </p>
   </div>
   <div class='ocr_carea' id='block_1_95' title="bbox 555 5284 2131 5357">
    <p class='ocr_par' dir='ltr' id='par_1_95' title="bbox 555 5284 2131 5357">
     <span class='ocr_line' id='line_1_95' title="bbox 555 5284 2131 5357; baseline -0.007 -9"><span class='ocrx_word' id='word_1_717' title='bbox 555 5301 667 5349; x_wconf 88' lang='lat' dir='ltr'><strong>stre</strong></span> <span class='ocrx_word' id='word_1_718' title='bbox 690 5290 743 5345; x_wconf 89' lang='lat' dir='ltr'><strong>in</strong></span> <span class='ocrx_word' id='word_1_719' title='bbox 783 5290 1002 5345; x_wconf 78' lang='lat' dir='ltr'><strong>civitate</strong></span> <span class='ocrx_word' id='word_1_720' title='bbox 1032 5288 1172 5357; x_wconf 88' lang='lat' dir='ltr'><strong>(erat</strong></span> <span class='ocrx_word' id='word_1_721' title='bbox 1197 5284 1345 5340; x_wconf 91' lang='lat' dir='ltr'><strong>enim</strong></span> <span class='ocrx_word' id='word_1_722' title='bbox 1372 5299 1459 5339; x_wconf 88' lang='lat' dir='ltr'><strong>res</strong></span> <span class='ocrx_word' id='word_1_723' title='bbox 1484 5284 1798 5356; x_wconf 88' lang='lat' dir='ltr'><strong>pecuniaria</strong></span> <span class='ocrx_word' id='word_1_724' title='bbox 1820 5284 1901 5340; x_wconf 88' lang='lat' dir='ltr'><strong>eis</strong></span> <span class='ocrx_word' id='word_1_725' title='bbox 1923 5284 1980 5338; x_wconf 93' lang='lat' dir='ltr'><strong>in</strong></span> <span class='ocrx_word' id='word_1_726' title='bbox 2009 5298 2131 5340; x_wconf 83' lang='lat' dir='ltr'><strong>ma-</strong></span> 
     </span>
    </p>
   </div>
   <div class='ocr_carea' id='block_1_96' title="bbox 555 5376 2131 5457">
    <p class='ocr_par' dir='ltr' id='par_1_96' title="bbox 555 5376 2131 5457">
     <span class='ocr_line' id='line_1_96' title="bbox 555 5376 2131 5457; baseline -0.004 -20"><span class='ocrx_word' id='word_1_727' title='bbox 555 5398 689 5457; x_wconf 77' lang='lat' dir='ltr'><strong>gnas</strong></span> <span class='ocrx_word' id='word_1_728' title='bbox 721 5382 957 5438; x_wconf 88' lang='lat' dir='ltr'><strong>adducta</strong></span> <span class='ocrx_word' id='word_1_729' title='bbox 990 5377 1288 5450; x_wconf 78' lang='lat' dir='ltr'><strong>angustias)</strong></span> <span class='ocrx_word' id='word_1_730' title='bbox 1316 5376 1477 5433; x_wconf 87' lang='lat' dir='ltr'><strong>donis</strong></span> <span class='ocrx_word' id='word_1_731' title='bbox 1505 5379 1778 5449; x_wconf 68' lang='lat' dir='ltr'><strong>esplesset</strong></span> <span class='ocrx_word' id='word_1_732' title='bbox 1812 5383 1881 5433; x_wconf 85' lang='lat' dir='ltr'><strong>ad</strong></span> <span class='ocrx_word' id='word_1_733' title='bbox 1906 5377 2131 5433; x_wconf 88' lang='lat' dir='ltr'><strong>satieta-</strong></span> 
     </span>
    </p>
   </div>
   <div class='ocr_carea' id='block_1_97' title="bbox 462 5469 2130 5539">
    <p class='ocr_par' dir='ltr' id='par_1_97' title="bbox 462 5469 2130 5539">
     <span class='ocr_line' id='line_1_97' title="bbox 462 5469 2130 5539; baseline -0.002 -10"><span class='ocrx_word' id='word_1_734' title='bbox 462 5470 473 5479; x_wconf 41' lang='grc' dir='ltr'><strong>ί</strong></span> <span class='ocrx_word' id='word_1_735' title='bbox 557 5487 685 5539; x_wconf 88' lang='lat' dir='ltr'><strong>tem,</strong></span> <span class='ocrx_word' id='word_1_736' title='bbox 741 5473 798 5527; x_wconf 91' lang='lat' dir='ltr'><strong>in</strong></span> <span class='ocrx_word' id='word_1_737' title='bbox 847 5486 999 5527; x_wconf 88' lang='lat' dir='ltr'><strong>suam</strong></span> <span class='ocrx_word' id='word_1_738' title='bbox 1053 5470 1263 5533; x_wconf 88' lang='lat' dir='ltr'><strong>sedem,</strong></span> <span class='ocrx_word' id='word_1_739' title='bbox 1317 5470 1469 5539; x_wconf 89' lang='lat' dir='ltr'><strong>quod</strong></span> <span class='ocrx_word' id='word_1_740' title='bbox 1501 5472 1709 5527; x_wconf 85' lang='lat' dir='ltr'><strong>utinam</strong></span> <span class='ocrx_word' id='word_1_741' title='bbox 1768 5485 1881 5526; x_wconf 92' lang='lat' dir='ltr'><strong>non</strong></span> <span class='ocrx_word' id='word_1_742' title='bbox 1926 5469 2130 5525; x_wconf 77' lang='lat' dir='ltr'><strong>factum</strong></span> 
     </span>
    </p>
   </div>
   <div class='ocr_carea' id='block_1_98' title="bbox 556 5562 2132 5633">
    <p class='ocr_par' dir='ltr' id='par_1_98' title="bbox 556 5562 2132 5633">
     <span class='ocr_line' id='line_1_98' title="bbox 556 5562 2132 5633; baseline -0.003 -12"><span class='ocrx_word' id='word_1_743' title='bbox 556 5571 725 5630; x_wconf 88' lang='lat' dir='ltr'><strong>esset,</strong></span> <span class='ocrx_word' id='word_1_744' title='bbox 759 5562 1086 5618; x_wconf 86' lang='lat' dir='ltr'><strong>restituitur.</strong></span> <span class='ocrx_word' id='word_1_745' title='bbox 1126 5564 1303 5633; x_wconf 79' lang='lat' dir='ltr'><strong>Atque</strong></span> <span class='ocrx_word' id='word_1_746' title='bbox 1331 5564 1421 5619; x_wconf 88' lang='lat' dir='ltr'><strong>alii</strong></span> <span class='ocrx_word' id='word_1_747' title='bbox 1461 5563 1679 5633; x_wconf 86' lang='lat' dir='ltr'><strong>quidem</strong></span> <span class='ocrx_word' id='word_1_748' title='bbox 1707 5577 1773 5617; x_wconf 79' lang='lat' dir='ltr'><strong>ex</strong></span> <span class='ocrx_word' id='word_1_749' title='bbox 1808 5564 1895 5617; x_wconf 87' lang='lat' dir='ltr'><strong>his</strong></span> <span class='ocrx_word' id='word_1_750' title='bbox 1928 5562 2132 5618; x_wconf 88' lang='lat' dir='ltr'><strong>sanctis</strong></span> 
     </span>
    </p>
   </div>
   <div class='ocr_carea' id='block_1_99' title="bbox 557 5656 2159 5741">
    <p class='ocr_par' dir='ltr' id='par_1_99' title="bbox 557 5656 2159 5741">
     <span class='ocr_line' id='line_1_99' title="bbox 557 5656 2159 5741; baseline -0.003 -25"><span class='ocrx_word' id='word_1_751' title='bbox 557 5658 691 5717; x_wconf 79' lang='lat' dir='ltr'><strong>viris</strong></span> <span class='ocrx_word' id='word_1_752' title='bbox 716 5656 845 5741; x_wconf 83' lang='lat' dir='ltr'><strong>alibi</strong></span> <span class='ocrx_word' id='word_1_753' title='bbox 874 5666 1002 5715; x_wconf 87' lang='lat' dir='ltr'><strong>sunt</strong></span> <span class='ocrx_word' id='word_1_754' title='bbox 1022 5656 1283 5727; x_wconf 85' lang='lat' dir='ltr'><strong>dispersi:</strong></span> <span class='ocrx_word' id='word_1_755' title='bbox 1315 5656 1603 5715; x_wconf 89' lang='lat' dir='ltr'><strong>Dioscorus</strong></span> <span class='ocrx_word' id='word_1_756' title='bbox 1633 5666 1839 5724; x_wconf 89' lang='lat' dir='ltr'><strong>autem,</strong></span> <span class='ocrx_word' id='word_1_757' title='bbox 1870 5665 1926 5712; x_wconf 91' lang='lat' dir='ltr'><strong>et</strong></span> <span class='ocrx_word' id='word_1_758' title='bbox 1950 5657 2159 5727; x_wconf 84' lang='lat' dir='ltr'><strong>plures.</strong></span> 
     </span>
    </p>
   </div>
   <div class='ocr_carea' id='block_1_100' title="bbox 557 5740 2136 5815">
    <p class='ocr_par' dir='ltr' id='par_1_100' title="bbox 557 5740 2136 5815">
     <span class='ocr_line' id='line_1_100' title="bbox 557 5740 2136 5815; baseline 0.001 -10"><span class='ocrx_word' id='word_1_759' title='bbox 557 5751 650 5805; x_wconf 75' lang='lat' dir='ltr'><strong>alii</strong></span> <span class='ocrx_word' id='word_1_760' title='bbox 697 5765 764 5805; x_wconf 84' lang='lat' dir='ltr'><strong>ex</strong></span> <span class='ocrx_word' id='word_1_761' title='bbox 825 5750 1164 5815; x_wconf 85' lang='lat' dir='ltr'><strong>melioribus,</strong></span> <span class='ocrx_word' id='word_1_762' title='bbox 1202 5764 1312 5805; x_wconf 90' lang='lat' dir='ltr'><strong>non</strong></span> <span class='ocrx_word' id='word_1_763' title='bbox 1358 5751 1536 5806; x_wconf 85' lang='lat' dir='ltr'><strong>solum</strong></span> <span class='ocrx_word' id='word_1_764' title='bbox 1580 5766 1647 5805; x_wconf 79' lang='lat' dir='ltr'><strong>ex</strong></span> <span class='ocrx_word' id='word_1_765' title='bbox 1697 5750 2000 5815; x_wconf 83' lang='lat' dir='ltr'><strong>monachis.</strong></span> <span class='ocrx_word' id='word_1_766' title='bbox 2037 5740 2136 5809; x_wconf 79' lang='lat' dir='ltr'><strong>scd</strong></span> 
     </span>
    </p>
   </div>
   <div class='ocr_carea' id='block_1_101' title="bbox 562 5841 2134 5911">
    <p class='ocr_par' dir='ltr' id='par_1_101' title="bbox 562 5841 2134 5911">
     <span class='ocr_line' id='line_1_101' title="bbox 562 5841 2134 5911; baseline -0.001 -9"><span class='ocrx_word' id='word_1_767' title='bbox 562 5842 728 5904; x_wconf 74' lang='lat' dir='ltr'><strong>etiam</strong></span> <span class='ocrx_word' id='word_1_768' title='bbox 761 5855 829 5898; x_wconf 78' lang='lat' dir='ltr'><strong>ex</strong></span> <span class='ocrx_word' id='word_1_769' title='bbox 879 5841 1273 5911; x_wconf 82' lang='lat' dir='ltr'><strong>sacerdotibus,</strong></span> <span class='ocrx_word' id='word_1_770' title='bbox 1331 5857 1458 5899; x_wconf 93' lang='lat' dir='ltr'><strong>eum</strong></span> <span class='ocrx_word' id='word_1_771' title='bbox 1511 5843 1704 5911; x_wconf 84' lang='lat' dir='ltr'><strong>secuti,</strong></span> <span class='ocrx_word' id='word_1_772' title='bbox 1764 5844 2030 5901; x_wconf 88' lang='lat' dir='ltr'><strong>accedunt</strong></span> <span class='ocrx_word' id='word_1_773' title='bbox 2068 5843 2134 5900; x_wconf 89' lang='lat' dir='ltr'><strong>ad</strong></span> 
     </span>
    </p>
   </div>
   <div class='ocr_carea' id='block_1_102' title="bbox 2225 4632 3815 4726">
    <p class='ocr_par' dir='ltr' id='par_1_102' title="bbox 2225 4632 3815 4726">
     <span class='ocr_line' id='line_1_102' title="bbox 2225 4632 3815 4726; baseline -0.016 -16"><span class='ocrx_word' id='word_1_774' title='bbox 2225 4632 2286 4710; x_wconf 66' lang='grc' dir='ltr'><strong>οἱ⁷</strong></span> <span class='ocrx_word' id='word_1_775' title='bbox 2308 4655 2551 4726; x_wconf 67' lang='grc' dir='ltr'>μοναχοὶ,</span> <span class='ocrx_word' id='word_1_776' title='bbox 2590 4652 2687 4707; x_wconf 74' lang='grc' dir='ltr'>καὶ</span> <span class='ocrx_word' id='word_1_777' title='bbox 2716 4651 2792 4715; x_wconf 84' lang='grc' dir='ltr'>ὠς</span> <span class='ocrx_word' id='word_1_778' title='bbox 2833 4649 2894 4703; x_wconf 85' lang='grc' dir='ltr'>οὐ</span> <span class='ocrx_word' id='word_1_779' title='bbox 2929 4647 3094 4714; x_wconf 61' lang='grc' dir='ltr'>τοῦτο</span> <span class='ocrx_word' id='word_1_780' title='bbox 3142 4644 3327 4716; x_wconf 85' lang='grc' dir='ltr'>μόνον,</span> <span class='ocrx_word' id='word_1_781' title='bbox 3367 4639 3502 4695; x_wconf 84' lang='grc' dir='ltr'><strong>ἀλλά</strong></span> <span class='ocrx_word' id='word_1_782' title='bbox 3544 4636 3638 4690; x_wconf 82' lang='grc' dir='ltr'>καὶ</span> <span class='ocrx_word' id='word_1_783' title='bbox 3688 4632 3815 4687; x_wconf 74' lang='grc' dir='ltr'>ἐτέ-</span> 
     </span>
    </p>
   </div>
   <div class='ocr_carea' id='block_1_103' title="bbox 2196 4725 3813 4820">
    <p class='ocr_par' dir='ltr' id='par_1_103' title="bbox 2196 4725 3813 4820">
     <span class='ocr_line' id='line_1_103' title="bbox 2196 4725 3813 4820; baseline -0.015 -18"><span class='ocrx_word' id='word_1_784' title='bbox 2196 4725 2356 4820; x_wconf 79' lang='grc' dir='ltr'>’ρους</span> <span class='ocrx_word' id='word_1_785' title='bbox 2387 4745 2708 4815; x_wconf 79' lang='grc' dir='ltr'>ἐφέλκονται</span> <span class='ocrx_word' id='word_1_786' title='bbox 2738 4742 2875 4812; x_wconf 74' lang='grc' dir='ltr'>πρὸς</span> <span class='ocrx_word' id='word_1_787' title='bbox 2909 4739 2969 4794; x_wconf 74' lang='grc' dir='ltr'><strong>τὸ</strong></span> <span class='ocrx_word' id='word_1_788' title='bbox 2997 4740 3205 4810; x_wconf 83' lang='grc' dir='ltr'>ὅμοιον.</span> <span class='ocrx_word' id='word_1_789' title='bbox 3242 4736 3304 4790; x_wconf 80' lang='grc' dir='ltr'><strong>ΕΞ</strong></span> <span class='ocrx_word' id='word_1_790' title='bbox 3335 4732 3444 4805; x_wconf 86' lang='grc' dir='ltr'><strong>γὰρ</strong></span> <span class='ocrx_word' id='word_1_791' title='bbox 3468 4730 3638 4820; x_wconf 57' lang='grc' dir='ltr'><strong>1ᾔδειν,</strong></span> <span class='ocrx_word' id='word_1_792' title='bbox 3675 4725 3813 4820; x_wconf 33' lang='grc' dir='ltr'>ἐφη..</span> 
     </span>
    </p>
   </div>
   <div class='ocr_carea' id='block_1_104' title="bbox 2225 4814 3817 4905">
    <p class='ocr_par' dir='ltr' id='par_1_104' title="bbox 2225 4814 3817 4905">
     <span class='ocr_line' id='line_1_104' title="bbox 2225 4814 3817 4905; baseline -0.015 -11"><span class='ocrx_word' id='word_1_793' title='bbox 2225 4814 2289 4894; x_wconf 72' lang='grc' dir='ltr'>τὸ</span> <span class='ocrx_word' id='word_1_794' title='bbox 2323 4814 2466 4894; x_wconf 83' lang='grc' dir='ltr'><strong>κατά</strong></span> <span class='ocrx_word' id='word_1_795' title='bbox 2492 4836 2639 4902; x_wconf 79' lang='grc' dir='ltr'>νοῦν,</span> <span class='ocrx_word' id='word_1_796' title='bbox 2678 4835 2780 4905; x_wconf 81' lang='grc' dir='ltr'>οὐχ</span> <span class='ocrx_word' id='word_1_797' title='bbox 2812 4834 2958 4898; x_wconf 83' lang='grc' dir='ltr'>ὅπως</span> <span class='ocrx_word' id='word_1_798' title='bbox 3015 4831 3082 4885; x_wconf 81' lang='grc' dir='ltr'>ἂν</span> <span class='ocrx_word' id='word_1_799' title='bbox 3123 4824 3487 4900; x_wconf 84' lang='grc' dir='ltr'>στρατιώτας,</span> <span class='ocrx_word' id='word_1_800' title='bbox 3531 4818 3647 4876; x_wconf 83' lang='grc' dir='ltr'>ἀλλ’</span> <span class='ocrx_word' id='word_1_801' title='bbox 3684 4814 3817 4872; x_wconf 59' lang='grc' dir='ltr'>ούδι</span> 
     </span>
    </p>
   </div>
   <div class='ocr_carea' id='block_1_105' title="bbox 2227 4908 3817 4998">
    <p class='ocr_par' dir='ltr' id='par_1_105' title="bbox 2227 4908 3817 4998">
     <span class='ocr_line' id='line_1_105' title="bbox 2227 4908 3817 4998; baseline -0.014 -14"><span class='ocrx_word' id='word_1_802' title='bbox 2227 4930 2395 4984; x_wconf 83' lang='grc' dir='ltr'>αύτδν</span> <span class='ocrx_word' id='word_1_803' title='bbox 2432 4931 2642 4983; x_wconf 84' lang='grc' dir='ltr'>ἐκεῖνον</span> <span class='ocrx_word' id='word_1_804' title='bbox 2675 4927 2952 4998; x_wconf 78' lang='grc' dir='ltr'>παρέσχον</span> <span class='ocrx_word' id='word_1_805' title='bbox 2994 4923 3060 4979; x_wconf 80' lang='grc' dir='ltr'>ἂν</span> <span class='ocrx_word' id='word_1_806' title='bbox 3098 4914 3592 4990; x_wconf 77' lang='grc' dir='ltr'>ἐξελθεῖν.’οὓτως</span> <span class='ocrx_word' id='word_1_807' title='bbox 3638 4908 3817 4965; x_wconf 73' lang='grc' dir='ltr'>εἰπὼν</span> 
     </span>
    </p>
   </div>
   <div class='ocr_carea' id='block_1_106' title="bbox 2228 5005 3815 5093">
    <p class='ocr_par' dir='ltr' id='par_1_106' title="bbox 2228 5005 3815 5093">
     <span class='ocr_line' id='line_1_106' title="bbox 2228 5005 3815 5093; baseline -0.011 -17"><span class='ocrx_word' id='word_1_808' title='bbox 2228 5023 2328 5093; x_wconf 72' lang='grc' dir='ltr'><strong>ὀψὲ</strong></span> <span class='ocrx_word' id='word_1_809' title='bbox 2363 5022 2460 5075; x_wconf 73' lang='grc' dir='ltr'>καὶ</span> <span class='ocrx_word' id='word_1_810' title='bbox 2497 5020 2651 5092; x_wconf 83' lang='grc' dir='ltr'>μόλις</span> <span class='ocrx_word' id='word_1_811' title='bbox 2699 5017 2918 5072; x_wconf 76' lang='grc' dir='ltr'>ἔπειθεν</span> <span class='ocrx_word' id='word_1_812' title='bbox 2952 5015 3280 5086; x_wconf 82' lang='grc' dir='ltr'>ἀποστῆναι.</span> <span class='ocrx_word' id='word_1_813' title='bbox 3316 5011 3582 5080; x_wconf 86' lang='grc' dir='ltr'>Ὕστερον</span> <span class='ocrx_word' id='word_1_814' title='bbox 3623 5005 3815 5093; x_wconf 80' lang='grc' dir='ltr'>μέντοι</span> 
     </span>
    </p>
   </div>
   <div class='ocr_carea' id='block_1_107' title="bbox 2228 5092 3818 5182">
    <p class='ocr_par' dir='ltr' id='par_1_107' title="bbox 2228 5092 3818 5182">
     <span class='ocr_line' id='line_1_107' title="bbox 2228 5092 3818 5182; baseline -0.011 -15"><span class='ocrx_word' id='word_1_815' title='bbox 2228 5092 2485 5182; x_wconf 76' lang='grc' dir='ltr'>Θεόφιλος</span> <span class='ocrx_word' id='word_1_816' title='bbox 2515 5111 2677 5167; x_wconf 81' lang='grc' dir='ltr'>αὐτόν</span> <span class='ocrx_word' id='word_1_817' title='bbox 2699 5128 2758 5165; x_wconf 89' lang='grc' dir='ltr'><strong>τε</strong></span> <span class='ocrx_word' id='word_1_818' title='bbox 2788 5109 3047 5181; x_wconf 78' lang='grc' dir='ltr'>ἄρχοντα,</span> <span class='ocrx_word' id='word_1_819' title='bbox 3070 5107 3163 5161; x_wconf 74' lang='grc' dir='ltr'>καὶ</span> <span class='ocrx_word' id='word_1_820' title='bbox 3188 5107 3297 5163; x_wconf 78' lang='grc' dir='ltr'>πᾶν</span> <span class='ocrx_word' id='word_1_821' title='bbox 3322 5105 3349 5158; x_wconf 84' lang='grc' dir='ltr'><strong>ὅ</strong></span> <span class='ocrx_word' id='word_1_822' title='bbox 3368 5120 3423 5157; x_wconf 88' lang='grc' dir='ltr'><strong>τι</strong></span> <span class='ocrx_word' id='word_1_823' title='bbox 3451 5102 3723 5168; x_wconf 84' lang='grc' dir='ltr'>ἐπίσημον</span> <span class='ocrx_word' id='word_1_824' title='bbox 3743 5092 3818 5170; x_wconf 74' lang='grc' dir='ltr'>ἦν</span> 
     </span>
    </p>
   </div>
   <div class='ocr_carea' id='block_1_108' title="bbox 2233 5191 3817 5282">
    <p class='ocr_par' dir='ltr' id='par_1_108' title="bbox 2233 5191 3817 5282">
     <span class='ocr_line' id='line_1_108' title="bbox 2233 5191 3817 5282; baseline -0.011 -22"><span class='ocrx_word' id='word_1_825' title='bbox 2233 5206 2330 5276; x_wconf 78' lang='grc' dir='ltr'>τῆς</span> <span class='ocrx_word' id='word_1_826' title='bbox 2376 5204 2609 5268; x_wconf 85' lang='grc' dir='ltr'>πόλεως.</span> <span class='ocrx_word' id='word_1_827' title='bbox 2648 5202 2843 5273; x_wconf 75' lang='grc' dir='ltr'>δώροις</span> <span class='ocrx_word' id='word_1_828' title='bbox 2870 5201 3212 5282; x_wconf 78' lang='grc' dir='ltr'>θεραπεύσας</span> <span class='ocrx_word' id='word_1_829' title='bbox 3245 5199 3326 5261; x_wconf 77' lang='grc' dir='ltr'><strong>είς</strong></span> <span class='ocrx_word' id='word_1_830' title='bbox 3357 5196 3519 5266; x_wconf 79' lang='grc' dir='ltr'>κόρον</span> <span class='ocrx_word' id='word_1_831' title='bbox 3550 5193 3667 5264; x_wconf 81' lang='grc' dir='ltr'>(καὶ</span> <span class='ocrx_word' id='word_1_832' title='bbox 3701 5191 3817 5263; x_wconf 81' lang='grc' dir='ltr'><strong>γὰρ</strong></span> 
     </span>
    </p>
   </div>
   <div class='ocr_carea' id='block_1_109' title="bbox 2231 5281 3815 5367">
    <p class='ocr_par' dir='ltr' id='par_1_109' title="bbox 2231 5281 3815 5367">
     <span class='ocr_line' id='line_1_109' title="bbox 2231 5281 3815 5367; baseline -0.008 -19"><span class='ocrx_word' id='word_1_833' title='bbox 2231 5292 2300 5367; x_wconf 74' lang='grc' dir='ltr'>ἦν</span> <span class='ocrx_word' id='word_1_834' title='bbox 2336 5294 2488 5365; x_wconf 81' lang='grc' dir='ltr'><strong>αὐτῷ</strong></span> <span class='ocrx_word' id='word_1_835' title='bbox 2524 5293 2675 5360; x_wconf 78' lang='grc' dir='ltr'>δεξιά</span> <span class='ocrx_word' id='word_1_836' title='bbox 2702 5292 2919 5364; x_wconf 83' lang='grc' dir='ltr'>πλούτῳ</span> <span class='ocrx_word' id='word_1_837' title='bbox 2950 5281 3345 5364; x_wconf 67' lang='grc' dir='ltr'>βαρυνομένη),</span> <span class='ocrx_word' id='word_1_838' title='bbox 3378 5289 3459 5351; x_wconf 77' lang='grc' dir='ltr'><strong>εἰς</strong></span> <span class='ocrx_word' id='word_1_839' title='bbox 3485 5286 3579 5339; x_wconf 76' lang='grc' dir='ltr'>τὸν</span> <span class='ocrx_word' id='word_1_840' title='bbox 3621 5281 3815 5353; x_wconf 84' lang='grc' dir='ltr'>θρόνον</span> 
     </span>
    </p>
   </div>
   <div class='ocr_carea' id='block_1_110' title="bbox 2182 5374 3815 5453">
    <p class='ocr_par' dir='ltr' id='par_1_110' title="bbox 2182 5374 3815 5453">
     <span class='ocr_line' id='line_1_110' title="bbox 2182 5374 3815 5453; baseline -0.01 -12"><span class='ocrx_word' id='word_1_841' title='bbox 2182 5436 2189 5441; x_wconf 90' lang='grc'>.</span> <span class='ocrx_word' id='word_1_842' title='bbox 2234 5386 2574 5453; x_wconf 76' lang='grc' dir='ltr'>ἀνασώζεται</span> <span class='ocrx_word' id='word_1_843' title='bbox 2612 5386 2704 5441; x_wconf 83' lang='grc' dir='ltr'>τὸν</span> <span class='ocrx_word' id='word_1_844' title='bbox 2745 5387 2965 5441; x_wconf 80' lang='grc' dir='ltr'>οἰκεῖον.</span> <span class='ocrx_word' id='word_1_845' title='bbox 3009 5383 3193 5441; x_wconf 82' lang='grc' dir='ltr'>’Λλλοι</span> <span class='ocrx_word' id='word_1_846' title='bbox 3240 5381 3338 5452; x_wconf 71' lang='grc' dir='ltr'>μὲν</span> <span class='ocrx_word' id='word_1_847' title='bbox 3385 5377 3479 5437; x_wconf 76' lang='grc' dir='ltr'>οὖν</span> <span class='ocrx_word' id='word_1_848' title='bbox 3510 5376 3620 5431; x_wconf 86' lang='grc' dir='ltr'><strong>τῶν</strong></span> <span class='ocrx_word' id='word_1_849' title='bbox 3647 5374 3815 5429; x_wconf 80' lang='grc' dir='ltr'>ὁσίων</span> 
     </span>
    </p>
   </div>
   <div class='ocr_carea' id='block_1_111' title="bbox 2233 5468 3813 5554">
    <p class='ocr_par' dir='ltr' id='par_1_111' title="bbox 2233 5468 3813 5554">
     <span class='ocr_line' id='line_1_111' title="bbox 2233 5468 3813 5554; baseline -0.01 -19"><span class='ocrx_word' id='word_1_850' title='bbox 2233 5482 2441 5535; x_wconf 86' lang='grc' dir='ltr'>τούτων</span> <span class='ocrx_word' id='word_1_851' title='bbox 2474 5478 2686 5550; x_wconf 84' lang='grc' dir='ltr'>ἀνδρῶν</span> <span class='ocrx_word' id='word_1_852' title='bbox 2721 5476 2955 5548; x_wconf 80' lang='grc' dir='ltr'>ἀλλαχοῦ</span> <span class='ocrx_word' id='word_1_853' title='bbox 2993 5475 3386 5545; x_wconf 71' lang='grc' dir='ltr'>διεσπάρησαν.</span> <span class='ocrx_word' id='word_1_854' title='bbox 3427 5471 3553 5554; x_wconf 73' lang='grc' dir='ltr'>Τοῖς</span> <span class='ocrx_word' id='word_1_855' title='bbox 3575 5469 3632 5522; x_wconf 77' lang='grc' dir='ltr'><strong>δέ</strong></span> <span class='ocrx_word' id='word_1_856' title='bbox 3679 5468 3813 5538; x_wconf 66' lang='grc' dir='ltr'>περὶ</span> 
     </span>
    </p>
   </div>
   <div class='ocr_carea' id='block_1_112' title="bbox 2236 5558 3812 5642">
    <p class='ocr_par' dir='ltr' id='par_1_112' title="bbox 2236 5558 3812 5642">
     <span class='ocr_line' id='line_1_112' title="bbox 2236 5558 3812 5642; baseline -0.011 -18"><span class='ocrx_word' id='word_1_857' title='bbox 2236 5571 2526 5642; x_wconf 84' lang='grc' dir='ltr'>Διόσκορον</span> <span class='ocrx_word' id='word_1_858' title='bbox 2562 5570 2658 5623; x_wconf 77' lang='grc' dir='ltr'>καὶ</span> <span class='ocrx_word' id='word_1_859' title='bbox 2709 5568 2890 5638; x_wconf 82' lang='grc' dir='ltr'>ἐτεροι</span> <span class='ocrx_word' id='word_1_860' title='bbox 2945 5566 3165 5630; x_wconf 83' lang='grc' dir='ltr'>πλείους</span> <span class='ocrx_word' id='word_1_861' title='bbox 3192 5564 3300 5619; x_wconf 84' lang='grc' dir='ltr'><strong>τῶν</strong></span> <span class='ocrx_word' id='word_1_862' title='bbox 3347 5558 3812 5628; x_wconf 78' lang='grc' dir='ltr'>σπουδαιοτέρων,</span> 
     </span>
    </p>
   </div>
   <div class='ocr_carea' id='block_1_113' title="bbox 2236 5647 3814 5734">
    <p class='ocr_par' dir='ltr' id='par_1_113' title="bbox 2236 5647 3814 5734">
     <span class='ocr_line' id='line_1_113' title="bbox 2236 5647 3814 5734; baseline -0.013 -14"><span class='ocrx_word' id='word_1_863' title='bbox 2236 5665 2404 5734; x_wconf 68' lang='grc' dir='ltr'>φημὶ,</span> <span class='ocrx_word' id='word_1_864' title='bbox 2447 5661 2697 5732; x_wconf 84' lang='grc' dir='ltr'>μοναχῶν</span> <span class='ocrx_word' id='word_1_865' title='bbox 2728 5677 2790 5714; x_wconf 88' lang='grc' dir='ltr'><strong>τε</strong></span> <span class='ocrx_word' id='word_1_866' title='bbox 2817 5661 2911 5715; x_wconf 77' lang='grc' dir='ltr'>καὶ</span> <span class='ocrx_word' id='word_1_867' title='bbox 2947 5658 3137 5729; x_wconf 79' lang='grc' dir='ltr'>ἱερέων</span> <span class='ocrx_word' id='word_1_868' title='bbox 3170 5653 3657 5726; x_wconf 81' lang='grc' dir='ltr'>ἀκολουθήσαντες,</span> <span class='ocrx_word' id='word_1_869' title='bbox 3688 5647 3814 5702; x_wconf 76' lang='grc' dir='ltr'>Σιλ-</span> 
     </span>
    </p>
   </div>
   <div class='ocr_carea' id='block_1_114' title="bbox 2237 5740 3813 5823">
    <p class='ocr_par' dir='ltr' id='par_1_114' title="bbox 2237 5740 3813 5823">
     <span class='ocr_line' id='line_1_114' title="bbox 2237 5740 3813 5823; baseline 0 -18"><span class='ocrx_word' id='word_1_870' title='bbox 2237 5751 2385 5822; x_wconf 80' lang='grc' dir='ltr'><strong>6ανῷ</strong></span> <span class='ocrx_word' id='word_1_871' title='bbox 2437 5751 2515 5822; x_wconf 82' lang='grc' dir='ltr'>τῷ</span> <span class='ocrx_word' id='word_1_872' title='bbox 2563 5751 2673 5804; x_wconf 80' lang='grc' dir='ltr'>τῶν</span> <span class='ocrx_word' id='word_1_873' title='bbox 2710 5750 3100 5823; x_wconf 76' lang='grc' dir='ltr'>Ἱεροσολύμων</span> <span class='ocrx_word' id='word_1_874' title='bbox 3146 5746 3430 5816; x_wconf 84' lang='grc' dir='ltr'>ἐπισκόπῳ</span> <span class='ocrx_word' id='word_1_875' title='bbox 3481 5740 3813 5823; x_wconf 59' lang='grc' dir='ltr'>προσῆλθοέθο</span> 
     </span>
    </p>
   </div>
   <div class='ocr_carea' id='block_1_115' title="bbox 2243 5821 3816 5919">
    <p class='ocr_par' dir='ltr' id='par_1_115' title="bbox 2243 5821 3816 5919">
     <span class='ocr_line' id='line_1_115' title="bbox 2243 5821 3816 5919; baseline 0.003 -17"><span class='ocrx_word' id='word_1_876' title='bbox 2243 5846 2388 5917; x_wconf 74' lang='grc' dir='ltr'>Πλὴν</span> <span class='ocrx_word' id='word_1_877' title='bbox 2419 5821 2541 5901; x_wconf 72' lang='grc' dir='ltr'>οὐδὲ</span> <span class='ocrx_word' id='word_1_878' title='bbox 2578 5847 2752 5910; x_wconf 74' lang='grc' dir='ltr'>οὕτως</span> <span class='ocrx_word' id='word_1_879' title='bbox 2782 5821 2996 5918; x_wconf 73' lang='grc' dir='ltr'>ἀνῆκεν</span> <span class='ocrx_word' id='word_1_880' title='bbox 3022 5844 3218 5907; x_wconf 72' lang='grc' dir='ltr'>αὐτοὺς</span> <span class='ocrx_word' id='word_1_881' title='bbox 3256 5832 3483 5919; x_wconf 68' lang='grc' dir='ltr'>ἠρεμεῖῦ</span> <span class='ocrx_word' id='word_1_882' title='bbox 3513 5821 3816 5910; x_wconf 74' lang='grc' dir='ltr'>ή’ταράχου</span> 
     </span>
    </p>
   </div>
  </div>
