4126 6398
368 378 511 446 lll9

1397 388 1574 448 VlTA
1610 388 1671 447 s.
1710 384 2030 448 JOANNIS
2058 356 2615 447 cnanosroau.

3485 375 3623 439 1150

368 497 570 561 παντὸς
597 495 1005 569 πεπληρωμένη
1028 498 1195 569 ψυχή.
1230 498 1390 552 Ἀλλά
1418 492 1660 569 Σιλσανῷ
1690 499 1939 570 γράφων,

2056 496 2341 570 Sylvanum
2371 497 2686 568 episcopum
2711 493 3284 566 llierosolymitanum.
3312 490 3418 546 Sed
3443 508 3509 547 ne
3542 478 3625 547 sic

363 588 477 640 Οὐκ
500 586 626 644 ἔδει.
656 585 832 655 ἔλεγε,
876 586 1030 659 παρὰ
1060 588 1122 641 τδ
1169 589 1294 658 ἐμοὶ
1330 589 1520 643 δοκοῦν
1571 589 1938 659 ύποδεχθῆναι

363 680 491 742 τοὺς
519 678 786 747 φυγάδας.
823 679 1155 748 Συγγνωστὴ
1189 680 1245 734 δὲ
1286 681 1498 749 ἄγνοια.
1531 682 1677 753 Πλὴν
1715 681 1853 735 ἀλλὰ
1880 682 1943 735 τὸ

279 785 285 792 ’
369 767 506 837 μετὰ
530 766 706 820 ταῦτα
732 767 814 821 δεῖ
849 769 1065 831 πάντως
1093 769 1230 839 μήτε
1260 767 1720 837 ἐκκλησιαστικοῦ
1756 772 1941 834 αὐτοῖς

334 857 557 915 τύπου.
593 858 732 928 μήτε
796 854 1425 914 ἰδιωτικοῦ’κοινωνεῖν.
1484 859 1671 921 Οὕτως
1720 863 1801 924 είς
1835 863 1944 914 πᾶν

366 951 606 1026 ἀπορίας
646 948 896 1013 ἐλθόντες
939 950 1255 1020 οἱ-μοναχοὶ
1306 930 1450 1005 κατὰ
1486 953 1664 1005 πᾶσαν
1699 952 1945 1021 ἀνάγκην

365 1044 533 1097 τόπον
584 1045 648 1097 ἐκ
691 1044 857 1096 τόπου
898 1042 1139 1113 συνεχῶς
1188 1042 1618 1107 διαλλάττοντες,
1657 1043 1795 1114 πρὸς
1848 1037 1983 1119 τὴνί

365 1134 785 1219 Κωνστανδίνου
829 1132 1088 1203 φοιτῶσι⁸
1121 1134 1218 1187 καὶ⁸
1261 1134 1341 1204 τῷ
1373 1134 1524 1203 καλῷ
1565 1134 1739 1204 τούτῳ
1775 1152 1941 1206 προσο

365 1224 613 1287 ιλθὸντες
644 1224 865 1292 ποιμένι
901 1222 1030 1294 (τίνι
1058 1223 1167 1293 γὰρ
1201 1223 1268 1277 ἂν
1293 1224 1387 1277 καὶ
1417 1220 1565 1293 εῐχον
1594 1225 1766 1295 ἑτέρῳ
1785 1222 1848 1296 ;),
1869 1224 1947 1294 τῷ

364 1314 557 1376 γλυκεῖ
588 1315 690 1385 μὲν
711 1315 810 1385 τὴν
839 1314 1109 1383 γλῶτταν,
1141 1315 1278 1386 ἐλέῳ
1309 1315 1367 1369 δὲ
1404 1314 1585 1386 πολλῷ
1622 1316 1722 1387 τὴν
1767 1316 1948 1386 ψυχὴν

366 1406 764 1477 ίλαρυνομένῳ,
788 1406 998 1460 ἐδέοντο
1029 1406 1243 1478 βοηθεῖν
1273 1407 1457 1471 αὐτοῖς
1488 1407 1710 1478 πονηρῷ
1738 1409 1948 1479 ἀνθρώ-

366 1514 454 1569 πῳ
487 1497 864 1569 περιπεσοῦσι,
910 1500 1007 1553 καὶ
1039 1502 1171 1571 παρ’
1226 1500 1390 1554 αὐτοῦ
1436 1501 1665 1555 πλεῖστα
1701 1504 1802 1556 ὅσα
1848 1519 1948 1555 πεο

362 1590 588 1644 πονθόσι
631 1590 801 1654 δεινὰ,
827 1592 921 1643 καὶ
945 1591 998 1644 τι
1046 1591 1156 1663 γὰρ
1187 1591 1340 1656 ἄλλο,
1376 1593 1560 1661 φασὶν,
1589 1591 1622 1663 ἢ
1657 1594 1751 1648 καὶ
1778 1594 1950 1664 αὐτῆς
2012 1589 2022 1601 ’

366 1679 492 1750 ἄρτι
518 1671 806 1748 φθονοῦντι
832 1680 941 1733 καὶ
980 1675 1081 1749 τῆς
1108 1678 1287 1749 ζωῆςς
1349 1681 1576 1743 Τούτοις
1630 1682 1880 1753 προσχὼν
1921 1687 1950 1738 ὁ
1989 1712 1993 1716 ~

368 1773 664 1843 μακάριος,
715 1770 808 1825 καὶ
860 1769 984 1825 ἰδὼν
1032 1771 1235 1842 ἄνδρας
1275 1772 1373 1852 ,εἰς
1420 1775 1768 1844 πεντήκοντα
1801 1792 1949 1829 ’συν-

2041 590 2261 660 quidem
2290 604 2393 651 eos,
2417 588 2579 643 scivit
2600 587 2887 657 quiescere
2916 587 3005 640 illa
3030 575 3180 642 omni
3205 584 3437 640 tumultu
3461 584 3623 655 plena

2042 697 2258 752 semper
2303 682 2505 746 anima,
2543 681 2636 736 sed
2698 682 2947 737 scribens
2993 681 3062 735 ad
3116 678 3412 750 Sylvanum
3449 695 3464 732 :
3500 673 3621 733 Non

2006 834 2012 840 ,
2044 775 2350 844 oportebat,
2381 772 2575 842 inquit,
2610 772 2834 826 omnino
2864 782 3063 841 printer
3082 787 3258 825 meam
3290 754 3621 824 voluntatem

2046 881 2197 920 meos
2237 864 2414 934 excipi
2461 863 2736 933 fugitivos.
2774 862 3106 933 Ignorantia?
3136 872 3320 915 autem
3349 868 3430 914 est
3479 859 3625 929 igno~

2045 958 2327 1018 scendum,
2354 956 2398 1009 si
2430 955 2689 1023 deinceps
2717 954 2801 1007 isti
2833 970 2939 1018 non
2965 952 3475 1015 eeclesi:lstici,non
3509 948 3619 1018 pri-

1985 1100 2003 1129 .‘
2047 1050 2152 1103 vati
2205 1048 2308 1101 loci
2359 1046 2564 1101 fuerint
2624 1045 2850 1098 omnino
2889 1043 3031 1113 apud
3074 1053 3125 1096 te
3181 1040 3499 1111 participes.-
3533 1036 3627 1093 Sic

2046 1157 2170 1196 cum
2195 1140 2378 1192 animo
2418 1138 2567 1192 omni
2603 1153 2670 1192 ex
2702 1146 2854 1206 parte
2897 1134 3043 1190 dubii
3081 1145 3135 1188 et
3171 1132 3412 1203 perplexi
3443 1137 3629 1185 essent

2050 1230 2327 1294 monachi,
2359 1230 2671 1285 necessario
2701 1244 2809 1298 quo
2848 1227 3225 1290 intercedebat
3256 1225 3452 1279 itinere
3489 1238 3627 1301 con-

2048 1325 2216 1381 lecto.
2237 1321 2469 1376 veniunt
2485 1319 3014 1390 Constantinopolim
3038 1335 3051 1370 :
3079 1326 3134 1373 et
3156 1318 3222 1372 ad
3256 1317 3459 1371 bonum
3483 1315 3631 1370 hunc

2050 1416 2138 1486 (ad
2169 1430 2331 1485 quem
2365 1414 2512 1469 enim
2547 1413 2715 1468 alium
2748 1413 3032 1482 possent?)
3066 1420 3336 1482 pastorem
3364 1406 3631 1461 acceden-

2050 1519 2150 1569 tes.
2181 1507 2271 1577 qui
2302 1515 2423 1561 erat
2471 1505 2655 1574 lingua
2687 1504 2908 1574 quidem
2943 1504 3139 1568 dulcis,
3190 1516 3390 1574 magna
3444 1508 3626 1554 autem

2051 1598 2419 1655 misericordia
2441 1596 2678 1653 animam
2710 1596 2947 1651 habebat
2965 1596 3342 1650 exhilaratam.
3367 1592 3632 1664 rogabant

2051 1699 2109 1743 ιιι
2134 1688 2214 1742 eis
2257 1686 2427 1747 ferret
2449 1686 2741 1746 auxilium.
2765 1686 2857 1755 qui
2890 1687 2945 1740 in
2978 1687 3180 1740 malum
3211 1685 3388 1739 virum
3419 1673 3630 1739 incide-

2054 1789 2196 1846 rant,
2223 1790 2273 1835 et
2300 1781 2369 1835 ab
2407 1794 2474 1833 eo
2505 1794 2568 1832 ea
2601 1780 2744 1849 passi
2774 1790 2903 1835 sunt
2948 1779 3109 1840 mala.
3150 1794 3271 1848 qua:
3301 1777 3483 1833 nulla,
3515 1774 3633 1831 fere

364 1861 848 1933 αριθμουμένους,
908 1863 970 1916 τὺ
1019 1863 1210 1933 σχῆμα
1249 1850 1794 1935 διακεκοσμημένους
1819 1907 1834 1931 ,
1887 1867 1950 1919 τὸ

2056 1874 2218 1928 homo
2270 1872 2745 1934 ab'hominezet,
2789 1873 2920 1942 quid
2954 1870 3303 1937 enitn‘aliud,
3354 1868 3630 1938 inquiunt,
3678 1929 3682 1933 ,

367 1954 588 2026 βλέμμα
620 1944 1057 2021 κεκολασμένους
1077 1994 1092 2015 ,
1127 1954 1226 2024 τὴν
1268 1953 1509 2018 ἔντευξιν
1549 1954 1910 2025 ἀπαιδεύτους
1931 1998 1947 2021 ,

367 2046 476 2100 ὑπὸ
501 2045 672 2117 πολλῇ
710 2048 777 2116 τῇ
824 2045 973 2116 τήξει
1006 2046 1116 2099 τῶν
1147 2045 1327 2116 μελῶν
1356 2047 1559 2117 ἀρετὴν
1587 2047 1719 2119 ὅσην
1747 2049 1951 2119 ἐμφαί-

365 2156 558 2200 νοντας
616 2140 1123 2211 ὲπικρυπτομένην,
1174 2140 1373 2212 ἠλέησέ
1411 2157 1472 2194 τε
1512 2144 1611 2212 τῆς
1639 2145 1948 2214 συμφορᾶς,

365 2229 464 2285 καὶ
494 2230 862 2300 παράκλησιν,
901 2229 968 2301 ἢν
998 2224 1114 2300 εἶχε
1142 2231 1280 2302 πρὸς
1329 2231 1391 2285 τὸ
1444 2232 1644 2302 παρὸν,
1685 2238 1950 2304 παρεῖχεν

365 2323 572 2387 αὐτοῖς,
618 2321 690 2374 τὰ
730 2322 981 2393 δάκρυα,
1017 2320 1112 2376 καὶ
1157 2324 1220 2378 τὸ
1269 2323 1427 2393 δῆλον
1467 2324 1714 2393 γίνεσθαι
1757 2328 1953 2387 συναλ-

367 2412 573 2482 γοῦντα
601 2415 716 2477 τοῖς
739 2413 921 2468 αὐτῶν
948 2414 1199 2469 πάθεσιν.
1241 2410 1373 2468 Εἶτα
1413 2414 1605 2485 μαθὼν
1627 2416 1702 2479 ὡς
1740 2412 1853 2493 εἶχε
1886 2418 1954 2471 τὰ

368 2503 492 2557 κατ’
525 2502 748 2570 αὐτοὺς,
775 2503 832 2555 ὲν
874 2493 1008 2584 τιμῇ
1042 2503 1145 2572 μὲν
1175 2498 1300 2573 ἦγε,
1339 2505 1434 2556 καὶ
1464 2505 1649 2574 μένειν
1685 2506 1958 2577 ἐπέτρεψε

373 2594 512 2657 τέως
542 2592 685 2647 κατὰ
716 2594 808 2647 τὸν
845 2594 1184 2665 καλούμενον
1219 2595 1581 2656 Ἀναστασίας
1609 2595 1747 2648 νεών
1769 2611 1784 2627 ⁶
1819 2615 1962 2667 παρ-

370 2687 600 2759 ήγγειλε
647 2686 705 2740 δὲ
762 2688 953 2758 μηδενὶ
996 2687 1103 2758 τὴν
1128 2688 1309 2742 αἰτίαν
1340 2687 1564 2756 ἔκδηλον
1622 2688 1814 2742 θέσθαι
1857 2692 1959 2759 τῆς

374 2777 555 2833 αὐτῶν
597 2779 918 2849 παρουσίας,
961 2780 1249 2857 κοινωνίας
1297 2796 1362 2846 γε
1416 2780 1524 2848 μὴν
1553 2781 1617 2832 ού
1660 2780 1956 2848 μετέδωκε,

375 2868 452 2941 μὴ
466 2868 579 2924 δεῖν
605 2868 863 2943 εἰρηκὼς,
894 2871 1053 2941 ἄχρις
1082 2871 1149 2924 ἂν
1176 2869 1423 2944 Θεοφίλῳ
1455 2870 1587 2940 περὶ
1620 2870 1799 2925 αὐτῶν
1820 2871 1957 2943 γρά-

369 2962 542 3033 ψειεν.

2049 1965 2131 2019 vel
2158 1959 2329 2032 ipsam
2361 1963 2521 2018 modo
2541 1963 2747 2036 invidet
2778 1960 3130 2017 vitam?lla:c
3161 1975 3285 2015 cum
3309 1957 3635 2014 attendisset

2049 2040 2131 2109 uir
2159 2055 2372 2120 beatus,
2406 2065 2462 2111 et
2500 2058 2724 2111 vidisset
2758 2055 2905 2107 viros
2942 2067 3179 2106 numero
3215 2048 3631 2120 quinquaginta.

2050 2149 2204 2203 rultu
2233 2150 2566 2216 moderatos,
2624 2164 2878 2205 sermone
2914 2147 3187 2209 eruditos,
3219 2150 3412 2215 magna
3453 2158 3632 2197 ntem-

2053 2241 2277 2296 brorum
2308 2243 2676 2297 maceratione
2715 2242 2976 2295 latentem
3004 2253 3255 2309 magnam
3279 2235 3635 2291 05Iendenles

2052 2332 2332 2397 virtutem,
2381 2332 2639 2387 misertus
2682 2340 2767 2386 est
2813 2344 3003 2385 eorum
3051 2316 3396 2382 calamitatis.
3434 2322 3636 2389 Quidni

2052 2424 2199 2478 enim
2241 2418 2597 2480 misereretur
2648 2425 2728 2479 sic
2774 2423 3119 2486 aﬂectorum,
3155 2419 3248 2489 qui
3288 2429 3407 2472 erat
3441 2418 3638 2471 buma~
3716 2478 3717 2481 η

2051 2515 2460 2587 nissimusl-Et
2513 2531 2677 2586 quam
2711 2513 2859 2569 domi
2915 2512 3154 2568 habebat
3183 2508 3671 2573 consolationem,'

2054 2618 2180 2662 ante
2208 2609 2389 2662 omnia
2426 2609 2506 2665 eis
2556 2596 2811 2679 praebuit.
2843 2609 3133 2677 lacrymas,
3162 2613 3219 2659 et
3243 2611 3431 2672 aperte
3459 2610 3641 2657 osten-

2055 2700 2155 2763 dit,
2197 2715 2256 2755 se
2283 2716 2349 2755 ex
2382 2716 2571 2756 eorum
2597 2701 2754 2755 malis
2776 2698 2937 2755 simul
2961 2713 3084 2751 cum
3116 2696 3197 2751 eis
3221 2695 3463 2750 dolorem
3492 2693 3638 2747 acci.

2067 2805 2217 2858 pere.
2281 2791 2486 2845 Deinde
2519 2806 2644 2844 cum
2696 2787 3156 2861 quemadmodum
3208 2800 3296 2839 res
3355 2798 3547 2838 eorum
3580 2795 3641 2835 se

2066 2880 2333 2935 baberent
2355 2880 2657 2944 didicisset,
2687 2894 2782 2933 eos
2813 2878 3035 2948 quidem
3071 2874 3260 2929 habuit
3300 2873 3354 2926 in
3407 2873 3637 2943 honore,

2065 2980 2119 3025 et
2147 2972 2309 3039 jussit
2341 2986 2437 3027 eos
2462 2974 2514 3025 in
2547 2970 2835 3041 praesentia
2892 2970 3115 3023 manere
3141 2967 3196 3020 in
3227 2964 3451 3033 templo,
3492 2963 3640 3032 quod

368 3064 599 3111 vocatur
635 3054 938 3111 Anastasis
971 3074 984 3110 :
1013 3054 1178 3125 jussit
1208 3056 1393 3110 autem
1461 3070 1557 3111 eos
1621 3054 1862 3127 linguam
1929 3061 2234 3127 continere,
2285 3073 2341 3119 et
2371 3062 2577 3118 nemini
2627 3075 2849 3117 causam
2903 3058 3116 3130 aperire
3159 3071 3261 3111 cur
3309 3055 3638 3111 venissent:

378 3150 772 3206 communione
803 3164 935 3206 vero
997 3163 1109 3223 eos,
1137 3163 1248 3202 non
1296 3149 1583 3219 impertiit,
1636 3150 1828 3206 dicens
1877 3168 1988 3208 non
2027 3168 2284 3227 oportere
2316 3196 2332 3224 ,
2395 3170 2680 3227 quousque
2733 3154 2804 3211 de
2847 3153 2931 3208 eis
2980 3150 3297 3221 scripsisset
3345 3147 3416 3203 ad
3468 3145 3645 3200 Theo-

374 3245 615 3317 philum.

443 3333 536 3390 M'.
566 3334 719 3401 Ἐπεὶ
748 3336 806 3390 δὲ
839 3337 934 3391 καὶ
975 3337 1174 3408 συνέϐη
1207 3337 1330 3391 τότε
1358 3337 1468 3393 τῶν
1497 3338 1760 3408 Θεοφίλου
1794 3339 1948 3403 τινὰς

2062 3380 2067 3381 κ
2123 3341 2238 3398 XL;
2279 3313 2414 3395 Cum
2462 3348 2647 3394 autem
2681 3337 2998 3408 contigisset
3027 3332 3292 3403 quosdam
3333 3345 3401 3384 ex
3434 3327 3642 3382 familia

372 3429 431 3484 ιν
482 3432 549 3501 τῇ
609 3431 1022 3484 Κωνσταντίνου
1086 3432 1370 3501 παρεῖναι,
1453 3431 1954 3503 μεταπεμψάμενος

371 3522 561 3593 ἠρώτα
583 3525 632 3575 εὶ
659 3524 785 3586 τοὺς
799 3523 897 3577 νύν
927 3524 1327 3596 προσελθόντας
1349 3523 1575 3587 τούτους
1603 3522 1754 3577 ἴσασι
1783 3541 1954 3595 μονα-

371 3616 524 3687 χούς.
552 3614 693 3678 Τοὺς
728 3617 785 3689 δὲ
806 3616 902 3670 καὶ
934 3615 1225 3684 γινώσκειν
1260 3617 1449 3686 φάναι,
1489 3618 1593 3668 καὶν
1615 3619 1683 3669 τά
1711 3615 1958 3685 χαλεπώ-

374 3724 516 3762 τατα
577 3707 780 3771 αὐτοὺς
852 3706 1158 3761 συνειδέναι
1220 3709 1374 3775 παρὰ
1418 3705 1682 3774 Θεοφίλου
1737 3707 1954 3766 παθεῖν.

375 3801 584 3872 Γράφει
637 3801 865 3855 τοίνυνὸ
894 3800 1076 3870 μέγας
1132 3799 1310 3870 εὐτῴ,
1340 3799 1623 3862 adiciant
1673 3798 1833 3851 λῦσαι
1858 3799 1959 3869 τὴν

376 3894 544 3966 ὀργὴν
590 3898 701 3956 τοῖς
737 3892 1004 3965 ἀνδράσι,
1047 3893 1366 3963 παραδοχῆς
1416 3907 1475 3944 τε
1526 3889 1758 3955 ἀξιῶσαι
1820 3907 1957 3943 σκυ-

370 3983 599 4064 θρωπὸν
670 3984 904 4057 ἐχούσης
952 3985 1128 4039 οὐδέν.
1175 3985 1235 4038 Ὀ
1308 3983 1368 4036 δὲ
1432 3983 1786 4053 ὑποκρίνεται
1860 3982 1959 4052 μὲν

379 4077 627 4142 ἀκοῦσαι,
694 4076 1086 4148 μετακαλεῖται
1109 4076 1167 4130 δὲ
1210 4076 1340 4140 τοὺς
1388 4075 1638 4147 ἀγύρτας
1692 4076 1959 4137 ἐκείνους,

361 4156 462 4231 ὀἷς
484 4168 554 4222 τὰ
578 4170 678 4239 τῆς
737 4168 1049 4238 ὲὶτισκοπῆς
1092 4169 1188 4222 καὶ
1232 4168 1332 4238 τῆς
1380 4168 1684 4240 ἱερωσύνης
1728 4166 1963 4230 ἀναξίως

380 4260 693 4325 ἐπίστευσε,
754 4263 851 4316 καὶ
907 4262 1208 4330 λιὸέλλους,
1264 4260 1359 4325 οὒς
1425 4262 1634 4324 ἐκεῖνος
1690 4258 1965 4313 ἐπλάσατο

382 4353 525 4407 κατὰ
544 4353 652 4407 τῶν
673 4354 905 4426 ἀνδρῶν,
929 4355 1243 4423 ἐγχειρίσας
1263 4354 1539 4424 ἐκπέμπει
1559 4353 1692 4424 πρὸς
1715 4351 1965 4421 βασιλέα,

384 4445 596 4516 αἳρεσιν
631 4448 812 4502 αὐτῶν
844 4449 936 4501 καὶ
958 4449 1223 4519 γοητείαν
1256 4446 1768 4517 καταψευσάμενος,
1796 4445 1824 4496 ὁ
1865 4444 1966 4515 τὴν
2004 4471 2009 4479 ν

386 4538 692 4609 συνείδησιν
749 4538 1078 4611 διάστροφος
1129 4538 1329 4607 κομιδῇ
1372 4541 1467 4591 καὶ
1505 4537 1965 4606 κατεψευσμένος.

396 4630 550 4684 Ἐπεὶ
594 4627 688 4685 οὗν
720 4633 769 4684 οι
799 4630 1079 4684 σπουδαῖοι
1140 4623 1288 4683 οὗτοι
1325 4630 1417 4682 καὶ
1463 4628 1725 4696 θεοφιλεῖς
1775 4628 1968 4705 ἄνδρες

2027 3435 2350 3509 Theophili
2403 3434 2596 3488 adesse
2644 3426 3165 3496 Constantinopoli,
3208 3439 3304 3479 eos
3351 3422 3646 3483 accersitos

2061 3527 2381 3597 interrogat,
2423 3540 2493 3578 an
2528 3531 2866 3591 cognoscant
2889 3535 3007 3580 eos.
3035 3519 3126 3588 qui
3158 3531 3309 3571 nunc
3340 3528 3643 3574 accessere,

2060 3618 2383 3672 monachos.
2431 3615 2513 3669 Illi
2552 3623 2736 3667 autem
2767 3612 3028 3666 dixerunt
3078 3622 3137 3661 se
3175 3613 3232 3659 et
3279 3619 3465 3665 nosse,
3503 3611 3559 3656 et
3586 3615 3648 3656 se

2061 3710 2329 3776 scireeos
2357 3723 2481 3762 esse
2536 3704 2852 3776 gravissima
2888 3715 3078 3771 passos
3122 3713 3155 3752 a
3204 3694 3526 3764 TheOphilo.
3566 3694 3646 3747 Ad

2032 3858 2038 3867 ,
2064 3774 2240 3871 ἱρευῶ
2266 3815 2396 3870 ergo
2425 3774 2616 3854 scribit
2657 3797 2746 3851 ille
2777 3796 2859 3850 vir
2909 3808 3162 3861 magnus,
3197 3801 3250 3846 et
3279 3798 3436 3861 rogat
3469 3797 3529 3843 ut
3560 3787 3647 3843 his

2033 3895 2197 3949 ‘viris
2228 3892 2387 3947 irasci
2415 3891 2647 3961 desinat.
2686 3902 2891 3958 eosque
2919 3885 3171 3955 accipiat,
3207 3891 3264 3938 et
3293 3896 3484 3936 eorum
3512 3895 3645 3935 con-

2063 3994 2308 4056 speetum
2337 3983 2609 4045 admittat,
2653 3981 2745 4050 qui
2776 3979 2915 4034 nihil
2964 3978 3149 4036 habet.
3191 3974 3336 4045 quod
3364 3962 3646 4027 ei"al'ferat

2066 4076 2365 4132 tristitiam.
2388 4075 2483 4129 Ille
2510 4066 2695 4129 a'utem
2717 4072 2936 4126 simulat
2963 4070 3184 4141 quidem
3212 4082 3271 4121 se
3295 4064 3599 4120 exaudiisse
3626 4079 3644 4129 ;

2066 4171 2161 4228 sed
2195 4186 2290 4225 cor
2323 4169 2444 4240 ejus
2471 4180 2814 4237 nequaquam
2876 4161 3255 4219 consentiebat
3305 4172 3430 4213 cum
3465 4155 3643 4210 labiis.
3701 4142 3711 4151 ’

2066 4267 2313 4320 Αοςοτεὶι
2338 4264 2484 4317 enim
2516 4262 2636 4316 illos
2656 4258 3033 4317 circulatores,
3052 4254 3252 4325 quibus
3276 4254 3647 4320 episcopatum

2068 4369 2122 4412 et
2153 4355 2518 4426 sacerdotium
2550 4353 2776 4423 indigne
2821 4348 3131 4405 crediderat
3165 4352 3265 4399 :et
3309 4343 3391 4397 eis
3441 4337 3650 4394 traditis

2069 4447 2285 4506 libellis.
2316 4461 2455 4516 quos
2482 4446 2600 4515 ipse
2628 4445 2892 4499 adversus
2926 4455 3028 4494 eos
3069 4439 3217 4492 viros
3247 4434 3649 4503 co‘mposuerat,

2072 4540 2242 4593 mittit
2270 4539 2336 4593 ad
2374 4540 2782 4608 imperatorem,
2827 4534 2882 4588 in
2915 4548 3011 4609 eos
3054 4530 3353 4587 ementitus
3399 4523 3650 4581 haeresim

2014 4697 2025 4706 _
2071 4638 2123 4682 et
2151 4628 2474 4699 praestigias.
2506 4627 2599 4695 qui
2622 4624 2889 4693 erat‘ipse
2920 4622 3074 4677 valde
3097 4627 3356 4691 perversa
3378 4625 3434 4671 et
3460 4628 3653 4670 emen-

384 4722 602 4778 ἀνίατον
665 4720 808 4778 εἶναι
859 4724 1121 4793 Θεόφιλον
1166 4723 1235 4777 τά
1265 4721 1417 4791 πρὸ(
1457 4722 1657 4782 αὐτοὺς
1692 4720 1961 4788 ἔγνωσαν,

2072 4718 2169 4773 tita
2206 4717 2562 4774 conscientia.
2619 4716 2754 4770 Cum
2796 4728 2930 4783 ergo
2983 4708 3252 4766 his.viris
3305 4705 3463 4761 bonis
3509 4711 3695 4768 esset,

384 4816 560 4871 ἐκεῖνο
608 4819 786 4871 ποιεῖν
807 4817 1187 4887 διεσκέψαντο,
1215 4817 1356 4886 ὅπερ
1395 4815 1428 4883 ἡ
1463 4811 1554 4882 βία
1576 4811 1963 4865 συνεϐούλευεν

386 4912 583 4976 αὐτοὺς
635 4912 793 4983 δρᾷν,
860 4914 957 4965 καὶ
1002 4911 1312 4982 γράμματα
1352 4906 1746 4975 προσελθόντες
1779 4905 1962 4974 ἐγχει-

388 5005 598 5075 ρίζουσι
654 5006 735 5076 τῷ
781 5005 1025 5076 μεγάλῳ,
1061 5007 1118 5057 ὲν
1141 4998 1222 5066 οἷς
1270 5000 1442 5054 πολλὰ
1500 4998 1611 5052 τῶν
1665 4998 1726 5050 ού
1784 4996 1965 5048 καλῶν

387 5099 642 5170 πράξεων
671 5087 934 5166 Θεοφίλου
965 5097 1264 5167 ὲγκείμενα
1289 5090 1380 5166 ἦν.
1421 5093 1481 5146 Ὀ
1516 5091 1575 5144 δὲ
1624 5089 1838 5152 τούτοις
1870 5088 1968 5157 μὲν

388 5194 483 5247 καὶ
511 5188 670 5257 αὖθις
698 5193 932 5264 παρῄνει
972 5190 1140 5261 μηδὲν
1179 5188 1395 5243 ἑκείνου,
1422 5178 1748 5254 κατηγορεῖν
1769 5197 1784 5211 ο
1823 5178 1972 5248 αύτῷ

391 5287 449 5360 δὲ
469 5289 672 5359 γράφει
728 5279 915 5351 πάλιν,
966 5284 1060 5337 καὶ
1100 5280 1413 5349 συγγνῶναι
1457 5280 1571 5338 τοῖς
1601 5275 1862 5348 ἀνδράσιν
1899 5272 1973 5335 ὼς

366 5376 627 5453 τάχιστα
647 5375 1032 5453 συμϐουλεύει,
1063 5373 1388 5443 νικωμένοις
1422 5370 1525 5441 ήδη
1558 5369 1649 5422 καὶ
1681 5364 1974 5436 ἐγγράφως

394 5466 561 5527 αὐτοῦ
611 5458 894 5526 κατειπεῖν
932 5452 1327 5540 (ὡρμημένοις.
1367 5454 1548 5532 Ὅττερ
1579 5454 1671 5514 οὖν
1698 5457 1846 5511 δοκεῖ
1867 5473 1971 5521 σοι,

396 5566 580 5637 φησὶν,
604 5565 691 5619 διὰ
713 5544 926 5635 ταχέων
954 5560 1246 5632 γνώρισον.
1283 5555 1610 5623 Ἀποστῆναι
1634 5554 1744 5621 γάρ
1771 5550 1974 5620 ἥκιστα

394 5646 489 5713 τοῧ
538 5656 745 5731 σκοποῦ
811 5652 1110 5710 πείθονται.
1164 5650 1323 5705 Οὕτω
1357 5650 1456 5720 μέν
1487 5663 1608 5709 πως
1641 5640 1755 5715 εἶχε
1782 5644 1850 5696 τά
1882 5656 1970 5708 γε·

396 5749 717 5822 γραμμένα.
780 5748 887 5801 Τὸν
945 5746 1003 5800 δὲ
1049 5744 1213 5808 εὐθὺς
1258 5742 1437 5797 εἰσεδυ
1495 5737 1685 5811 μανία,
1741 5736 1843 5790 οὐκ
1888 5733 1976 5786 ἐπ’

397 5834 665 5918 ξκεινους,
702 5835 822 5897 am
848 5837 935 5892 ἐπ’
962 5835 1128 5893 αὑτὸν
1156 5834 1357 5908 μᾶλλον
1375 5832 1477 5888 ’τὸν
1516 5822 1842 5903 ἀμφοτέρων
1874 5840 1976 5894 κη’-

2074 4815 2322 4877 evidens.
2379 4814 2603 4876 odium,
2631 4811 2776 4881 quod
2810 4810 2864 4864 in
2897 4810 3050 4878 ipsos
3096 4809 3424 4873 conceperat
3474 4797 3657 4854 Theo-

2078 4909 2282 4980 philus,
2318 4908 2543 4962 minime
2571 4914 2734 4975 posse
2763 4903 2963 4965 curari;
2993 4900 3066 4955 illi
3099 4904 3425 4969 praesentem
3458 4905 3653 4948 neces-

2078 4999 2293 5053 sitatem
2352 4996 2679 5050 adhibentes
2738 4993 2794 5046 in
2853 4988 3164 5051 consilium,
3223 4999 3421 5055 magno
3457 4980 3656 5037 Joanni

2076 5086 2299 5142 tradunt
2328 5085 2533 5153 scripta
2581 5083 2636 5137 in
2676 5082 2878 5151 quibus
2927 5079 3030 5134 sita
3059 5082 3218 5131 erant
3258 5073 3428 5129 multa
3469 5071 3654 5125 Theo-

2074 5179 2207 5250 )hili
2238 5170 2380 5233 facta
2409 5176 2637 5231 minime
2660 5175 2913 5229 honesta.
2954 5164 3047 5224 Ille
3094 5175 3278 5222 autem
3304 5178 3400 5218 eos
3431 5160 3651 5230 quidem

2079 5285 2274 5324 rursus
2308 5268 2588 5331 admonet,
2624 5274 2684 5321 ut
2707 5279 2834 5345 eum
2864 5262 3000 5318 nihil
3030 5266 3294 5314 accusent
3325 5271 3339 5308 :
3375 5253 3442 5308 ad
3474 5255 3652 5323 ipsum

2081 5378 2214 5417 vero
2249 5361 2461 5422 scribit,
2497 5358 2793 5414 consulens
2820 5363 2885 5409 ut
2928 5353 3010 5407 eis
3058 5348 3464 5421 quamprimum
3497 5345 3688 5414 igno—.

2082 5460 2218 5516 seat,
2254 5458 2313 5505 ut
2339 5450 2431 5520 qui
2456 5450 2569 5518 jam
2612 5448 2905 5501 vincantur
2943 5451 3001 5497 et
3028 5441 3293 5496 adversus
3321 5451 3449 5490 cum
3474 5434 3660 5488 dicere

2083 5542 2374 5613 propositis
2389 5540 2605 5610 scriptis
2616 5538 2726 5599 sint
2743 5535 2972 5593 incitati.
2987 5532 3141 5599 Quod
3154 5545 3283 5600 ergo
3302 5528 3397 5582 tibi
3421 5525 3662 5591 videtur,

2084 5637 2282 5708 inquit,
2298 5633 2702 5705 quamprimum
2724 5628 3084 5700 signiﬁcetur.
3114 5621 3230 5676 Non
3260 5627 3491 5690 possunt
3514 5616 3662 5708 enim

2088 5706 2430 5800 persuaderi,
2462 5734 2575 5779 uta
2610 5735 2778 5792 scopo
2804 5717 3094 5775 desistant.
3125 5712 3305 5782 Atque
3335 5713 3415 5764 sic
3441 5706 3663 5800 quidem

2058 5795 2149 5879 .se
2208 5818 2481 5879 habebant
2511 5816 2727 5875 littere.
2762 5811 2900 5870 Eum
2941 5815 3126 5866 autem
3181 5802 3431 5876 protinus
3459 5795 3666 5861 invasit
