4126 6416
356 295 493 362 125³1

1370 302 1548 364 νιΤΑ
1583 302 1649 366 S.
1683 304 2004 369 IOANNIS
2035 298 2598 374 CHRYS‘OSTOMT.

3492 310 3628 379 i158

353 401 466 470 aut
500 413 810 484 φαρμάκων
870 412 1345 486 δραστικωτέρων.
1416 408 1640 481 Ἀπόδος
1665 415 1778 483 οῦν,
1814 417 1937 488 ἔφη,

2052 414 2178 472 ηερε
2214 434 2338 474 eum
2374 420 2599 492 legisset
2630 421 2797 478 homo
2831 422 2947 492 Dei,
2993 440 3101 481 non
3156 424 3258 480 fuit
3293 426 3628 483 retardatum

350 505 419 575 τῇ
451 500 676 571 γυναικὶ
707 500 769 555 τὸ
797 501 951 556 ἴδιον.
1007 502 1075 556 Τί
1102 493 1211 574 γὰρ
1257 502 1351 557 καὶ
1377 506 1444 576 τῇ
1481 505 1687 576 Ἀχαὰϐ
1716 509 1939 575 γυναικὶ

350 591 576 665 ὁμοιοῦν
620 592 858 664 σεαυτὴν
911 592 1297 660 ἑσπούδακαςς
1348 594 1557 651 τούτων
1581 595 1658 658 ὡς
1701 597 1938 669 ἦκουσεν

357 683 613 748 Εὐδοξία,
674 682 832 756 θυμῷ
888 685 1070 756 πολλῷ
1110 689 1212 755 τὴν
1278 685 1454 757 ψυχὴν
1507 688 1806 757 ἀνεκαύθη,
1848 693 1939 744 καὶ

347 767 440 826 οἷά
467 759 866 844 τιξήμιμανὴς
895 774 990 828 καὶ
1021 776 1341 848 παράφορος
1389 776 1600 844 ἐθεᾶτο,
1657 781 1818 849 Ἐγὼ,
1850 781 1938 834 λέ-

349 880 553 933 γουσα,
599 865 844 936 τιμωρὸς
912 867 1128 938 ἐμαυτῇ
1156 867 1374 939 ἔσομαι,
1406 870 1499 923 καὶ
1523 873 1619 941 οὐχ
1642 871 1813 935 οὓτως
1844 874 1939 926 ἐπὶ

353 954 489 1008 πολὺ
542 955 803 1026 ἀνέξομαι
865 957 1009 1010 κατὰ
1043 958 1175 1029 μίαν
1203 958 1312 1011 τῶν
1339 958 1552 1029 ἀτίμων
1573 960 1929 1031 ὑϐριζομένη.

351 1044 432 1113 Τῇ
459 1044 608 1115 χήρᾳ
642 1044 713 1099 δὲ.
731 1046 829 1115 οὐχ
885 1046 1033 1110 ὅπως
1064 1048 1093 1100 ὁ
1135 1048 1419 1115 άμπελὼν,
1465 1049 1581 1102 ἀλλ’
1608 1052 1732 1104 οὐδὲ
1771 1053 1937 1123 τιμῆς

350 1137 511 1208 χάριν
558 1137 703 1208 ὑπὲρ
756 1138 924 1193 αὐτοῦ
969 1157 1020 1194 τι
1074 1140 1579 1213 καταϐληθήσεται.
1636 1143 1795 1197 Οὕτω
1820 1145 1931 1199 τῶν

349 1228 642 1299 βασιλείων
673 1231 703 1283 ὁ
734 1231 908 1301 μέγας
935 1224 1266 1299 ἐπανελθὼν,
1302 1238 1414 1297 τοῖς
1446 1235 1538 1288 τοῦ
1583 1236 1728 1307 ἱεροῦ
1754 1237 1931 1309 θυρω-

352 1324 466 1391 ροῖς
496 1323 772 1377 ἐπιτάττει
797 1326 1217 1398 παραγενομένῃ
1241 1330 1305 1398 τῇ
1321 1327 1547 1400 Εύδοξία
1589 1328 1933 1398 ὲπιζυγῶσαι

348 1412 450 1476 τὰς
512 1411 708 1486 θύρας,
768 1414 859 1467 καὶ
905 1415 980 1485 μὴ
1012 1417 1219 1485 ἐφεῖναι
1246 1418 1307 1471 τὸ
1337 1419 1605 1488 παράπαν
1666 1421 1804 1492 αὐτῇ
1835 1422 1934 1492 τὴν

258 1560 265 1566 ,
346 1508 577 1565 εἴσοδον.
682 1509 712 1533 ⁸

2042 509 2164 577 ejus
2197 522 2516 581 promptum
2540 515 2708 570 animi
2742 516 3007 581 studium,
3036 533 3159 574 cum
3186 518 3367 573 statim
3393 519 3628 591 primum

2041 603 2185 658 facto
2217 605 2460 674 periculo
2513 623 2623 663 non
2677 619 2825 665 esset
2880 621 3206 667 assecutus:
3250 628 3428 681 neque
3484 614 3627 683 quod

2039 713 2196 749 suum
2232 707 2371 763 erat,
2402 714 2431 753 a
2465 715 2523 754 se
2571 717 2682 755 non
2744 718 2866 758 csse
2906 703 3121 760 censuit
3176 704 3510 768 faciendum,
3538 711 3633 761 aut

2039 788 2276 858 aliquam
2327 791 2511 847 attulit
2559 794 3001 861 excusationem,
3046 798 3343 875 interiecto.
3371 807 3632 875 tempore

2038 878 2219 949 aliquo
2235 893 2289 937 et
2312 883 2598 956 dilatione,
2623 893 2683 939 ut
2706 886 2758 939 in
2788 886 2953 943 rebus
2979 886 3295 957 huiusmodi
3322 869 3461 946 solet
3481 891 3590 947 mul
3614 920 3626 931 -
3702 896 3705 897 ⁷

2041 969 2109 1023 tis
2144 971 2390 1036 evenire,
2425 974 2553 1028 dum
2613 985 2708 1030 aut
2745 976 2948 1032 cedunt
2974 977 3314 1044 dubitantes,
3355 990 3453 1035 aut
3487 990 3629 1036 tem-

2038 1074 2173 1129 pora
2204 1061 2564 1120 reformidant
2599 1083 2611 1118 :
2648 1068 2742 1122 sed
2768 1067 2906 1122 nihil
2935 1068 3143 1124 faciens
3166 1072 3425 1141 quidquid
3448 1081 3632 1142 posset

2011 1168 2228 1209 .arcere
2252 1155 2372 1225 ejus
2412 1156 2696 1227 impetum.
2725 1169 2781 1214 ut
2811 1162 2902 1231 qui
2941 1171 3163 1230 paratus
3182 1172 3333 1218 esset
3361 1172 3474 1217 toto
3494 1162 3630 1233 pede

2044 1262 2291 1311 currere,
2326 1250 2414 1305 ille
2439 1250 2554 1321 ipse
2584 1254 2798 1309 accedit
2827 1255 2892 1309 ad
2931 1255 3336 1325 imperatriccm
3370 1273 3385 1309 :
3413 1266 3468 1310 et
3502 1271 3626 1310 cum

2050 1332 2222 1394 multa
2250 1342 2496 1409 dixisset,
2533 1354 2587 1399 ct
2638 1363 2860 1406 omnem
2885 1349 3145 1419 lapidem,
3181 1360 3239 1404 nt
3303 1350 3477 1410 aiunt.
3512 1365 3632 1404 mo-

2046 1431 2233 1497 visset,
2267 1450 2385 1488 eam
2415 1446 2596 1492 autem
2631 1440 2857 1495 vidisset
2888 1437 3113 1495 minime
3144 1441 3364 1507 cedere,
3400 1443 3494 1496 sed
3529 1442 3631 1495 im-

2045 1526 2271 1592 probam
2315 1528 2456 1584 banc
2493 1533 2968 1599 consuetudinem,
3002 1543 3260 1604 tanquam
3288 1535 3597 1605 inexpugna
3618 1562 3631 1574 -

346 1606 509 1704 bilem
539 1615 599 1704 et
628 1609 963 1704 immobilem
991 1609 1228 1682 aliquam
1260 1613 1434 1685 legem
1461 1612 1727 1684 proferre,
1752 1618 2073 1685 opushabet
2105 1624 2408 1681 austeriorc
2444 1629 2843 1685 medicamento
2865 1641 3089 1702 propter
3111 1633 3285 1687 morbi
3319 1648 3631 1704 repugnan-

349 1696 499 1753 tiam.
537 1696 723 1757 Redde
750 1717 898 1773 ergo,
930 1704 1129 1772 inquit,
1164 1705 1401 1770 mulieri,
1428 1706 1573 1776 quod
1611 1720 1768 1760 suum
1796 1718 1901 1763 est.
1935 1711 2075 1777 Quid
2112 1714 2255 1770 enim
2283 1723 2336 1773 te
2370 1721 2522 1775 uxori
2554 1712 2742 1778 Aciiab
2767 1696 3019 1781 studuisti
3048 1740 3365 1795 comparare
3384 1696 3428 1756 δι
3452 1696 3487 1778 ἶ
3510 1722 3631 1781 lla‘e

347 1803 655 1866 postquam
692 1798 902 1854 audivit
959 1799 1228 1877 Eudoxia,
1276 1800 1357 1855 ira
1417 1817 1610 1873 magna
1679 1803 1937 1870 incensa,
1990 1807 2172 1878 ignem
2241 1812 2484 1883 spirabat
2550 1832 2564 1869 :
2622 1825 2671 1869 et
2718 1816 2883 1871 veluti
2936 1817 3266 1873 semiinsana
3315 1826 3373 1872 et
3426 1827 3625 1871 emota:

343 1889 566 1954 mentis,
602 1906 672 1946 ne
712 1900 925 1961 poterat
953 1893 1178 1963 quidem
1222 1894 1450 1949 omnino
1490 1895 1759 1951 contineri
1789 1914 1803 1951 :
1836 1899 1929 1954 sed
1970 1900 2242 1957 clamabat
2272 1917 2324 1959 et
2380 1906 2604 1969 domum
2632 1908 2891 1980 implebat
2914 1890 3356 1973 tvocii’eratioue.
3391 1902 3624 1965 dicens:

341 1983 455 2056 Ego
488 1999 576 2040 me
605 1986 856 2054 ulciscar,
882 2001 987 2042 nec
1020 1987 1112 2043 diu
1156 1987 1352 2058 patiar,
1420 2003 1507 2043 me
1573 1997 1830 2060 tanquam
1873 1992 2132 2049 infamem
2189 1988 2459 2053 feminam
2492 1998 2636 2055 affici
2671 1979 3026 2057 contumelia.
3096 2002 3281 2058 Vidua:
3306 1979 3487 2058 autem
3518 2012 3628 2057 non

344 2076 507 2131 modo
536 2078 713 2139 vinea,
739 2079 834 2133 sed
864 2094 967 2135 nec
991 2095 1090 2150 pro
1117 2081 1291 2150 pretio
1313 2082 1532 2153 quidem
1555 2083 1604 2137 ei
1662 2083 1957 2154 quidquam
1998 2088 2226 2152 omnino
2284 2091 2549 2147 solvetur.
2607 2092 2699 2149 Sic
2742 2111 2973 2167 magnus
3023 2096 3265 2152 Joannes
3319 2111 3574 2152 reversus
3598 2111 3631 2151 ο

346 2167 514 2239 regia,
553 2170 814 2241 pratcepit
846 2171 1032 2241 templi
1066 2172 1419 2243 janitoribus,
1442 2182 1499 2228 ut
1530 2175 1573 2229 si
1601 2175 1926 2230 accessisset
1968 2175 2235 2244 Eudoxia,
2273 2180 2323 2236 ei
2388 2180 2535 2240 fores
2599 2182 2850 2255 protinus
2880 2186 3222 2254 obserarcnt,
3260 2181 3455 2259 neque,
3505 2191 3627 2244 cani

348 2261 558 2332 ingredi
581 2260 844 2317 sinerent.
1276 2259 1287 2266 ”

421 2338 556 2409 MB’.
590 2356 777 2427 Βραχὺ
809 2356 870 2409 τδ
916 2357 975 2409 ὲν
1009 2356 1183 2428 μέσῳ,
1220 2358 1314 2411 καὶ
1354 2356 1517 2430 ἑορτὴ
1562 2358 1769 2430 παρῆν,
1810 2359 1936 2414 καθ’

2112 2359 2275 2418 XLII.
2314 2363 2513 2420 l’arum
2548 2366 2810 2435 temporis
2833 2365 3161 2433 intercessit,
3192 2376 3248 2423 et
3296 2369 3483 2423 aderat
3507 2364 3633 2425 dies
3688 2401 3694 2407 -

349 2448 498 2520 ἦντὸ
526 2448 621 2502 τοῦ
657 2448 805 2502 θείου
857 2450 1097 2521 σταυροῦ
1157 2449 1313 2519 ξύλον
1361 2451 1613 2521 ὑψοῦται.
1661 2455 1720 2507 Ὁ
1755 2456 1938 2507 τοίνυν

353 2541 500 2604 ἅπας
527 2541 657 2604 λαὸς
696 2543 775 2605 εἰς
811 2541 905 2595 τὸν
954 2544 1082 2595 ναὸν
1144 2544 1436 2616 συνέρρεον
1476 2545 1670 2614 γένους
1711 2546 1935 2613 παντὸς,

359 2634 452 2686 καὶ
482 2633 693 2704 ἡλικίας
726 2634 931 2705 πάσης,
976 2635 1250 2705 μηδεμιᾶς
1301 2638 1763 2708 ἀπολειπομένης.
1802 2639 1937 2692 Οὐδὲ

358 2724 469 2796 γὰρ
505 2725 671 2797 μόνην
696 2718 843 2797 εἶχον
875 2730 974 2797 τὴν
997 2727 1190 2800 ἑορτὴν
1211 2729 1309 2799 τῆς
1336 2730 1637 2798 παρουσίας
1657 2731 1935 2798 ὑπόθεσιν,

362 2820 499 2874 ἀλλὰ
532 2821 625 2874 καὶ
685 2822 866 2891 πολλῷ
898 2822 1101 2894 μᾶλλον
1125 2824 1225 2891 τὴν
1255 2825 1355 2895 τῆς
1403 2826 1653 2879 Ἰωάννου
1685 2825 1936 2894 γλώττης

358 2916 646 2986 ἀκρόασιν.
680 2917 821 2969 nam
846 2918 955 2987 γὰρ
978 2917 1156 2988 ἔρωτα
1180 2918 1422 2972 τοιοῦτον
1458 2920 1618 2988 ἐνῆκε
1639 2919 1748 2973 τῶν
1771 2919 1936 2973 αὐτοῦ

353 3003 548 3075 λόγων,
595 3006 672 3071 ὠς
712 2990 909 3079 μικροῦ
938 3002 1399 3079 ’δημηγοροῦντος
1440 3010 1703 3071 πολλάκις
1733 3010 1936 3076 -ενοους

355 3099 604 3170 γίνεσθαι
670 3101 799 3164 τοὺς
866 3101 1166 3173 ἀκροατὰς.
1206 3103 1300 3156 καὶ
1348 3092 1539 3175 ὥσπερ
1570 3104 1809 3174 ὲξῆιρθαι
1838 3107 1938 3177 τῆς

353 3190 522 3246 αὐτοῦ
582 3191 851 3265 γλώττης,
911 3193 1006 3247 καὶ
1056 3195 1376 3264 αἰωρεῖσθαι
1409 3195 1620 3260 τούτοις
1663 3197 1801 3267 μετὰ
1827 3199 1937 3251 τῶν

351 3283 542 3355 ψυχῶν
581 3286 675 3339 καὶ
702 3284 771 3338 τά
802 3286 1054 3357 σώματα,
1101 3286 1414 3368 ἀκοῦεινντε
1448 3289 1516 3341 τὰ
1544 3289 1697 3360 χείλη
1727 3289 1936 3343 κινοῦν-

351 3392 467 3441 τος,
501 3377 601 3446 οὐχ
655 3376 846 3450 ὥσπερ
887 3377 1165 3447 λέγοντος,
1199 3380 1334 3435 ἀλλὰ
1376 3380 1589 3451 ῥέοντος
1622 3384 1851 3453 πότιμόν
1884 3403 1937 3438 τι

354 3469 449 3520 καὶ
491 3470 837 3541 νεκταρῶδες
869 3472 965 3525 καὶ
1007 3472 1225 3536 διειδές.
1259 3473 1444 3545 Ταύτῃ
1469 3488 1550 3528 τοι
1578 3477 1668 3528 καὶ
1700 3477 1937 3546 σπουδὴν

356 3560 574 3615 ἃπασαν
624 3561 1379 3641 είσῆγον¹μὴάπολειιρθῆναι
1444 3562 1543 3632 τῆς
1588 3566 1932 3636 ἀκροάσεως,

355 3653 450 3708 καὶ
481 3655 622 3717 αὐτὰ
651 3655 707 3709 δὲ
750 3658 817 3710 τὰ
846 3658 1069 3728 ῥήματα
1114 3658 1187 3728 μὴ
1214 3658 1404 3721 ἁπλῶς
1437 3658 1678 3725 ἀκούειν,
1710 3659 1845 3713 ἀλλά
1867 3658 1934 3712 δι’

351 3747 677 3818 ὀξυ-γράφων
712 3750 1192 3820 παραλαμϐάνειν,
1235 3751 1333 3804 καὶ.
1355 3749 1431 3814 ὡς
1461 3750 1772 3823 θησαυροὺς
1799 3753 1935 3805 άπος

354 3838 620 3895 τίθεσθαι.
674 3840 765 3903 '0;
794 3840 889 3895 οῦν
941 3842 1085 3895 οὓτω
1130 3840 1323 3907 ταῦτα,
1362 3844 1456 3896 καὶ
1487 3844 1520 3915 ἠ
1553 3843 1767 3914 βασιλὶς
1798 3844 1937 3915 μετὰ

361 3931 580 3987 πάντων
610 3934 837 4002 ὲφοίτα,,
859 3934 1060 4006 πολλῆς
1086 3935 1215 4006 περὶ
1235 3936 1406 4008 αὐτὴν
1438 3936 1607 4005 οὔσης
1646 3937 1740 4007 τῆς
1773 3936 1936 4008 θερα-

357 4020 516 4083 πείας
574 4022 670 4075 καὶ
714 4023 813 4092 τῆς
865 4023 1153 4094 βασιλικῆς
1209 4027 1504 4088 κολακείας
1535 4028 1626 4081 καὶ
1662 4028 1935 4097 θρύψεως,

351 4114 401 4165 οι
432 4112 674 4184 θυρωροὶ
720 4102 900 4185 δυρῶν
922 4117 1153 4187 εἴχοντο,
1191 4120 1284 4171 καὶ
1318 4120 1458 4189 ὅπερ
1496 4100 1564 4189 ἦν
1591 4121 1783 4185 αὐτοῖς
1814 4124 1938 4175 ἑπι-

356 4205 691 4273 τεταγμένον
716 4196 958 4264 ἐποίουν.
980 4199 986 4205 ’
1005 4210 1121 4278 Ἐφ’
1147 4203 1192 4280 ᾧ
1214 4211 1281 4265 τά
1317 4213 1550 4283 μέγιστα
1577 4194 1938 4285 χαλεπήνασα

355 4292 582 4359 Εὐδοξία
610 4295 723 4368 πῦρ
752 4297 924 4365 ἔπνει,
956 4302 1049 4354 καὶ
1077 4302 1253 4356 δεινὸν
1283 4303 1435 4371 ἐϐόα,
1463 4306 1558 4358 καὶ
1585 4306 1674 4359 τὸν
1693 4307 1940 4377 παρόντα
1963 4318 1973 4327 ⁸

356 4385 528 4457 δῆμον
562 4386 844 4460 μάρτυρας
879 4391 1066 4444 ἐκάλει
1101 4393 1200 4461 τῆς
1223 4391 1463 4465 ὕϐρεως.
1511 4391 1646 4464 Εἶτα
1678 4397 1772 4448 καὶ
1802 4394 1940 4465 προς

345 4476 483 4548 βίαν
532 4479 640 4533 τῶν
680 4481 861 4552 Θυρῶν
920 4472 1264 4554 ὠθουμένων,
1318 4479 1399 4548 εἷς
1424 4484 1534 4539 τῶν
1570 4485 1942 4557 παρεστώτων

358 4571 419 4624 τὸ
456 4570 608 4642 ξίφος
662 4573 1114 4645 ἃπισπασάμενος
1175 4575 1321 4651 κατά
1367 4579 1470 4647 τῆς
1511 4578 1671 4648 ίερᾶς
1700 4578 1943 4633 ἀνέτεινε

357 4660 557 4733 πύλης.
612 4663 753 4718 Ἀλλ’
812 4665 939 4737 ἔσχε
989 4667 1090 4739 τὴν
1130 4667 1284 4721 θείαν
1344 4667 1500 4739 δίκην
1564 4670 1626 4723 οὐ
1678 4670 1943 4742 σχολαίως

361 4754 654 4827 ἑπομένην,
710 4758 847 4813 ἀλλὰ
870 4761 1017 4815 κατὰ.
1044 4761 1212 4825 πόδας
1242 4756 1407 4816 αὐτὸν
1441 4763 1756 4833 μετιοῦσαν.
1788 4764 1941 4831 Ἀμα

357 4845 466 4916 γὰρ
494 4841 564 4919 ἦν
591 4846 654 4900 τὸ
671 4847 834 4916 ξίφος
855 4851 1069 4921 ἠρκὼς,
1099 4851 1196 4907 καὶ
1222 4854 1256 4923 ἠ
1290 4853 1570 4924 προπετὴς
1596 4854 1759 4916 εὐθὺς
1786 4855 1940 4921 δεξιά

362 4936 499 5008 ξηρά
551 4939 648 4991 καὶ
703 4940 879 5012 ἀργὸς
909 4940 1204 5010 ἐδείκνυτο,
1240 4944 1316 5009 ὡς
1345 4945 1518 5015 αὐτήν
1562 4964 1621 4999 τε
1655 4947 1936 5014 scaeam,

2040 2452 2232 2521 festus,
2251 2472 2359 2524 quo
2370 2455 2569 2510 divinzn
2585 2456 2762 2511 crucis
2779 2456 2983 2534 lignum
3000 2458 3053 2511 in
3070 2454 3237 2511 altum
3259 2458 3481 2513 tollitur.
3506 2452 3634 2515 Uni-

2039 2561 2236 2602 versus
2258 2549 2439 2619 itaque
2456 2549 2688 2619 populus
2721 2548 3027 2605 conﬂuebat
3058 2550 3112 2604 in
3140 2550 3425 2620 templum,
3455 2566 3635 2619 neque

2041 2640 2209 2697 ullum
2242 2627 2415 2713 genus
2445 2651 2539 2697 aut
2567 2641 2676 2697 ulla
2717 2652 2849 2698 mtas
2874 2643 3082 2698 aberat.
3118 2642 3303 2712 Neque
3329 2642 3475 2697 enim
3513 2643 3633 2698 dies

2042 2734 2217 2789 festus
2242 2736 2419 2790 solum
2450 2736 2530 2791 eis
2559 2750 2723 2791 causa
2749 2746 2888 2799 erat,
2913 2747 2973 2788 ut
3002 2736 3256 2789 venirent
3284 2753 3297 2789 :
3342 2735 3442 2791 sed
3458 2736 3633 2791 multo

2042 2828 2221 2899 magis
2245 2827 2445 2898 lingua:
2483 2826 2711 2882 Joannis
2746 2828 2974 2883 auditio.
3011 2826 3278 2881 Omnibus
3304 2828 3451 2881 enim
3485 2826 3627 2898 inje—

2041 2929 2191 2973 ccrat
2223 2927 2331 2973 tam
2361 2920 2663 2974 vehemens
2710 2910 3102 2975 audiendarum
3145 2919 3455 2974 orationum
3493 2935 3623 2974 sua-

2045 2999 2173 3067 rum
2200 3010 2553 3075 desiderium,
2584 3020 2645 3065 ut
2671 3026 2812 3082 s:epe
2840 3015 2964 3065 cum
2991 3011 3429 3073 concionaretnr,
3450 3018 3635 3066 essent

2043 3120 2072 3159 a
2106 3104 2215 3158 Deo
2238 3102 2399 3157 aﬂlati
2424 3103 2726 3167 auditores,
2761 3116 2814 3158 et
2845 3102 2915 3157 ab
2963 3103 3084 3171 ejus
3135 3103 3317 3173 lingua
3356 3102 3628 3172 quodam-

2045 3196 2206 3250 modo
2225 3195 2554 3267 penderent,
2584 3197 2774 3266 eisque
2803 3195 2856 3250 in
2902 3195 3135 3251 sublime
3195 3194 3520 3249 tollerentur
3549 3190 3629 3249 si-

2042 3288 2377 3345 mulanimae
2409 3298 2463 3343 et
2493 3304 2748 3360 corpora,
2801 3290 3030 3359 ejusque
3081 3289 3431 3344 attenderent
3482 3289 3631 3343 labra

2042 3396 2164 3450 quae
2197 3379 2582 3444 movebantur,
2615 3395 2727 3434 non
2771 3389 3028 3450 tanquam
3057 3379 3313 3441 dicentis.
3340 3379 3434 3434 sed
3468 3379 3630 3433 emit-

2043 3472 2206 3527 tentis
2224 3471 2351 3541 quid
2376 3472 2723 3543 poculentum
2748 3480 3173 3537 n‘ectareumque
3187 3480 3241 3525 et
3254 3470 3602 3541 perspicuum
3615 3509 3627 3521 .

2046 3563 2122 3617 Ea
2163 3564 2231 3617 de
2260 3577 2423 3618 causa
2455 3561 2640 3617 studio
2670 3570 2788 3616 erat
2819 3560 3097 3620 omnibus,
3123 3574 3193 3613 ne
3227 3560 3447 3613 abesset
3478 3560 3634 3627 quis-

2033 3667 2209 3723 'quam
2237 3654 2306 3709 ab
2337 3653 2759 3715 anscultatione,
2784 3650 3084 3721 quinetiam
3125 3658 3186 3704 ut
3230 3650 3349 3720 ipsa
3407 3663 3629 3719 quoque

2040 3746 2207 3800 verba
2233 3760 2342 3799 non
2370 3744 2537 3799 semel
2572 3744 2761 3797 audita
2794 3743 3154 3811 negligerent,
3197 3741 3292 3795 sed
3332 3740 3481 3794 omni
3512 3748 3629 3793 stu-

2041 3839 2132 3894 dio
2149 3855 2211 3894 ea
2239 3854 2336 3909 per
2365 3838 2585 3892 veloces
2608 3836 2905 3906 scriptores
2929 3831 3266 3903 exciperent,
3283 3841 3340 3887 et
3368 3842 3628 3901 tanquam

2046 3929 2365 3988 tbesaurdm
2400 3939 2752 4002 reponerent.
2786 3930 2924 3984 Cum
2960 3943 3090 3998 ergo
3115 3927 3231 3981 haec
3267 3926 3341 3980 ita
3371 3941 3430 3980 se
3463 3924 3631 3979 habe—

2047 4022 2590 4095 rent,etimperatrix
2624 4024 2833 4077 veniret
2853 4037 2975 4076 cum
2999 4020 3254 4075 ontnibus
3276 4034 3402 4074 cum
3431 4031 3632 4089 magno

2046 4119 2304 4173 comitatu
2337 4127 2545 4173 etcum
2577 4115 2720 4169 fastu
2758 4112 2931 4184 regio,
2958 4110 3226 4181 janitores
3271 4096 3633 4163 stcteruntin

2046 4211 2273 4276 foribus,
2300 4220 2352 4264 et
2382 4208 2651 4267 fecerunt,
2665 4207 2716 4262 id
2740 4206 2884 4276 quod
2917 4205 3000 4260 eis
3044 4203 3223 4258 fuerat
3278 4202 3629 4273 imperatum.

2045 4301 2203 4369 Quod
2267 4300 2487 4370 quidem
2538 4298 2722 4353 ferens
2770 4296 3056 4368 aegerrime
3106 4293 3370 4358 Eudoxia,
3414 4290 3635 4353 caelum

2048 4400 2205 4449 terra:
2243 4392 2529 4456 misrebat,
2558 4397 2614 4445 et
2667 4389 2825 4466 valde
2884 4385 3309 4456 vociferabatur,
3344 4395 3400 4438 et
3443 4398 3637 4454 popu-

2046 4488 2184 4549 lum.
2214 4486 2304 4557 qui
2336 4486 2546 4549 aderat,
2571 4482 2803 4537 vocabat
2838 4481 2891 4535 in
2928 4478 3324 4540 testimonium,
3362 4487 3425 4533 ut
3473 4490 3636 4533 cons-

2045 4579 2158 4634 eius
2196 4578 2247 4633 ei
2300 4576 2457 4631 facta:
2488 4575 2727 4641 injurize.
2768 4570 2978 4626 Deinde
3029 4570 3193 4625 etiam
3220 4584 3342 4622 cum
3378 4567 3526 4622 fores
3575 4568 3628 4619 vi

2046 4669 2423 4732 truderentur,
2456 4667 2675 4737 quidam
2708 4679 2771 4719 ex
2825 4662 2914 4727 iis,
2951 4662 3044 4732 qui
3100 4662 3328 4716 aderant
3372 4659 3637 4715 audacirl

2045 4763 2264 4832 aliquod
2298 4761 2500 4816 factum
2540 4759 2731 4825 volens
2758 4756 3069 4820 ostendere,
3098 4755 3350 4810 strictum
3392 4752 3630 4824 gladium

2047 4852 2285 4907 intendit
2308 4851 2363 4905 in
2385 4866 2598 4906 sacram
2640 4850 2788 4904 illam
2822 4856 3057 4919 portam.
3088 4847 3278 4901 Divina
3306 4852 3489 4900 antem
3529 4832 3651 4897 fuit

2045 4953 2340 5000 consecuta
2364 4943 2601 5012 iustitia,
2622 4958 2732 4996 non
2775 4947 2836 4995 ut
2890 4955 3034 5009 sirpe
3069 4934 3209 4993 solet
3245 4938 3395 4992 lento
3442 4950 3629 5006 passu.

314 5032 333 5044 ⁴
359 5026 601 5081 καὶίὸσοι
643 5030 773 5100 περὶ
820 5030 995 5101 αὐτὴν
1027 5028 1192 5103 ἦσαν,
1253 5032 1628 5103 Θεασαμένους
1685 5036 1937 5106 δείματος

2049 5038 2142 5092 sed
2169 5036 2445 5107 evestigio.
2470 5035 2610 5090 Nam
2640 5050 2764 5089 cum
2799 5032 2891 5088 ille
2944 5046 3132 5087 ensem
3175 5028 3509 5091 sustulisset,
3552 5024 3633 5082 si-

356 5118 533 5175 δεινοῦ
568 5117 1189 5199 πληρωθῆναι.γτδ’γὰρ
1223 5127 1327 5181 ὑπὸ
1359 5128 1455 5181 τοῦ
1483 5128 1724 5198 μεγάλου
1752 5131 1937 5185 διατα-

2047 5132 2160 5188 mul
2184 5127 2734 5201 quoque'temeraria
2764 5127 3013 5182 dextera.
3046 5124 3284 5186 exaruit,
3316 5129 3373 5177 et
3418 5120 3631 5176 exstitit

357 5212 455 5280 γὲν
501 5214 603 5287 οὐχ
661 5213 846 5280 ἁπλῶς
869 5212 960 5289 ἦν,
987 5219 1111 5272 οὐδέ
1142 5236 1196 5274 τι
1219 5215 1330 5290 εἶχε
1380 5220 1491 5276 τῶν
1554 5222 1936 5293 ἀνθρωπίνων,

362 5302 498 5359 ἀλλὰ
546 5298 692 5379 κατὰ
748 5307 893 5364 θεῖον
947 5293 1162 5384 ὑπῆρχε
1230 5293 1416 5384 ζῆλον,
1460 5314 1541 5377 εἰς
1588 5313 1748 5379 δόξαν
1802 5314 1939 5369 Θεοῦ

361 5394 665 5466 γινόμενον·
706 5399 826 5472 ἠδὲ
889 5402 1060 5469 αἰτία,
1094 5401 1192 5457 τοῦ
1253 5406 1329 5475 μὴ
1358 5408 1817 5476 καταφρονεῖσθαι
1872 5410 1940 5463 τὰ

362 5490 508 5565 ιερὰ,
543 5494 677 5564 μηδὲ
728 5496 1016 5571 βάπτισμα
1058 5498 1203 5555 οὕτω
1261 5500 1477 5556 κεῖσθαι
1526 5504 1640 5565 τοῖς
1673 5501 1938 5569 ἀναξίοις.

202 5655 215 5663 ⁸
359 5583 492 5651 Πῶς
533 5588 646 5661 γὰρ
689 5587 758 5644 ἂν
779 5592 958 5655 εἴποις
988 5591 1166 5660 ἀξίαν,
1227 5593 1327 5668 τὴν
1370 5595 1617 5668 χρήμασι
1643 5597 1735 5651 καὶ
1766 5597 1946 5669 ἅρπαι-

433 5747 477 5778 ³⁵
507 5744 576 5803 ιιι
607 5743 742 5820 Reg.
771 5702 887 5818 ut,
919 5747 988 5807 '52
1015 5765 1172 5824 seqq.

2045 5224 2244 5280 otiosa.
2304 5221 2497 5276 Terret
2548 5203 2875 5274 miraculum
2934 5216 3262 5273 Eudo'xiam.
3316 5211 3626 5281 Quinetiam

2044 5315 2361 5387 quicunque
2389 5327 2510 5368 eam
2555 5310 3035 5368 circumsistebant
3055 5324 3251 5380 magno
3286 5308 3479 5362 timore
3500 5313 3629 5361 smit

2045 5408 2245 5464 affecti.
2275 5406 2432 5472 Quod
2456 5405 2603 5459 enim
2635 5420 2665 5459 a
2687 5402 2874 5459 divina
2936 5401 3119 5472 lingua
3168 5398 3399 5455 Joannis
3448 5396 3629 5453 fuerat

2044 5476 2410 5570 imperatum;
2423 5512 2534 5552 non
2560 5505 2764 5552 temere
2794 5494 3000 5549 factum
3045 5500 3182 5569 erat,
3211 5504 3390 5561 neque
3415 5489 3627 5558 depen-

2046 5595 2213 5651 debat
2238 5594 2306 5650 ab
2336 5593 2517 5665 aliqua
2577 5599 2761 5648 mente
2800 5590 3041 5646 humana
3075 5586 3212 5643 :sed
3248 5583 3435 5642 divino
3504 5585 3628 5638 uio
