4126 6472
361 322 496 388 1161

1330 328 1499 392 VITA
1545 333 1607 392 S.
1646 331 1971 394 JOANNIS
2013 333 2578 400 CHRYSOSTOMI.

3480 339 3615 404 1162

359 453 542 501 πεται,
575 435 670 489 καὶ
701 436 890 509 Ὁρᾷς,
921 434 1098 506 εἶπεν,
1138 434 1183 495 ὦ
1208 442 1404 513 πάτερ,
1433 444 1509 509 ὡς
1546 445 1614 500 τὰ
1650 447 1940 518 Ῥωμαίων

2051 457 2247 510 cersito
2306 457 2490 512 statim
2547 456 2878 528 Epiphanio,
2915 454 3099 521 Vides,
3156 454 3350 526 inquit,
3380 470 3411 510 o
3440 465 3619 526 pater,

355 527 571 582 ἅπαντα
599 529 665 599 τῇ
689 529 797 600 ἐμῇ
831 528 1151 586 δεδούλωται
1202 533 1441 606 ἐξουσία.
1486 536 1638 590 Ἐπεὶ
1658 538 1716 591 δὲ
1754 538 1936 592 Ἰωάν·

355 640 454 692 νης
502 614 657 684 οὗτος
706 624 830 692 ἐμοί
864 640 922 677 τε
986 626 1223 696 μάλιστα
1249 628 1320 681 δι’
1359 627 1569 702 ἔχθρας
1617 633 1738 686 ἐστὶ
1793 633 1936 687 πάνυ

363 731 465 783 μου
523 713 1092 786 καταλαζονευόμενος
1137 718 1232 771 καὶ
1267 718 1336 773 τὰ
1381 721 1584 792 ἔσχατα
1644 723 1727 786 ei;
1786 725 1937 793 ἡμᾶς

356 806 679 876 ἐξυϐρίζων,
710 806 924 874 λέγεται
943 807 1000 862 δέ
1026 827 1150 865 τινα
1172 810 1266 863 καὶ
1290 810 1446 877 δόξαν
1478 811 1806 882 πρεσϐεύειν
1837 815 1940 884 τῆς

368 898 699 973 Ἐκκλησίας
721 900 1053 971 ἀπᾴδουσαν,
1078 903 1158 955 σοὶ
1174 902 1282 956 τῶν
1305 903 1612 975 ἐκκλησιῶν
1624 903 1815 957 πασῶν
1840 903 1938 975 τὴν

355 990 532 1061 ἀρχὴν
569 990 678 1060 ἐγὼ
696 991 911 1062 δίδωμι,
938 992 1033 1045 καὶ
1061 993 1197 1057 ἀξιῶ
1227 994 1445 1048 σύνοδον
1469 995 1590 1048 κατ’
1617 994 1783 1048 αὑτοῦ
1814 1012 1938 1050 συν-

358 1085 598 1152 αγεῖραι,
622 1082 716 1135 καὶ
741 1083 834 1137 τοῦ
855 1083 1070 1154 θρόνου,
1104 1084 1352 1157 καθάπερ
1393 1084 1508 1138 ἐστὶ
1527 1086 1754 1150 δίκαιον,
1774 1085 1938 1140 αὑτὸν

360 1172 627 1226 καθελεῖν.
666 1172 853 1228 Ταῦτά
885 1191 943 1227 τε
973 1174 1127 1244 ἔλεγε
1158 1176 1294 1248 πρὸς
1314 1177 1500 1243 αὑτὸν,
1537 1178 1635 1231 καὶ
1673 1178 1818 1248 σαφῆ
1841 1179 1938 1231 τοῦ

359 1262 533 1334 θυμοῦ
572 1265 640 1318 τά
679 1266 798 1338 ἴχνη
852 1268 995 1321 κατὰ
1020 1271 1118 1339 τῆς
1160 1268 1335 1338 ὅψεως
1377 1269 1686 1335 ὑπεδείκνυ,
1716 1269 1851 1341 δήλη
1877 1286 1939 1323 τε

357 1368 425 1443 ἦν
455 1373 629 1426 δεινόν
662 1391 711 1427 τι
744 1374 837 1427 καὶ
868 1375 1148 1431 ἄπαυστον
1181 1378 1322 1431 κατά
1358 1377 1453 1431 τοῦ
1485 1376 1650 1447 σοφοῦ
1681 1377 1941 1443 πνέουσα,

359 1465 453 1518 καὶ
481 1464 581 1518 οὑκ
605 1464 672 1518 ἂν
696 1465 957 1537 πρότερον
997 1466 1234 1521 σϐέσασα
1270 1469 1666 1540 τοὺςθυμοὺς,
1702 1471 1749 1523 εἰ
1778 1468 1853 1541 μὴ
1876 1468 1945 1523 τὰ

364 1561 457 1612 ἐπὶ
491 1560 617 1613 νοῦν
639 1560 775 1631 αὐτῇ
807 1561 944 1632 πρὸς
986 1564 1159 1634 πέρας
1199 1565 1419 1634 ἀγάγοι.
1452 1564 1674 1619 Τούτων
1701 1564 1943 1628 ἀκούσας

360 1653 390 1703 ὁ
427 1651 735 1723 θαυμαστὸς
751 1654 1066 1722 Ἐπιφάνιος
1089 1655 1279 1726 πράως
1307 1652 1459 1710 εἶπεν
1480 1673 1491 1686 ·
1517 1652 1587 1710 Ὦ
1607 1656 1817 1720 τέκνον,
1836 1654 1945 1709 τῶν

364 1744 673 1816 παρ’ήμῶν
695 1745 882 1800 ἄκουε.
919 1746 983 1799 Εἰ
1016 1745 1116 1816 μὲν
1145 1745 1358 1817 αἵρεσίς
1406 1763 1490 1808 τις
1525 1746 1772 1799 Ἰωάννου
1822 1762 1945 1798 xar-

2038 550 2502 621 qnemadmodum
2536 553 2719 606 omnia
2747 550 2969 625 quidem
2996 548 3371 605 Romanorum
3404 556 3621 617 sceptra

2038 643 2174 699 mihi
2205 643 2430 707 cedunt,
2456 653 2511 699 et
2543 658 2677 699 meae
2709 644 2953 713 subjecta
2984 652 3114 698 sunt
3138 641 3394 713 potestati
3419 658 3431 694 :
3460 639 3623 695 Joan-

2042 748 2143 787 nes
2173 740 2356 787 autem
2389 741 2475 787 est
2498 733 2636 787 adeo
2691 732 2827 786 mihi
2878 729 3131 795 infestus,
3160 741 3217 785 et
3255 737 3406 784 tanta
3448 739 3536 784 est
3565 728 3620 782 in

2042 840 2132 880 me
2161 824 2497 894 arrogantia,
2532 831 2589 878 ut
2627 823 2709 878 vel
2745 831 2991 877 extrema
3035 821 3237 877 afﬁciat
3265 820 3622 877 contumelia.

2039 916 2245 972 Dicitur
2276 925 2457 971 autem
2511 915 2676 971 etiam
2727 914 3024 985 quamdam
3066 922 3251 970 tenere
3286 913 3623 983 opinionem,

2040 1025 2161 1079 quae
2189 1008 2462 1077 discrepat
2493 1007 2563 1061 ab
2607 1006 2867 1062 Ecclesia.
2903 1004 2984 1059 Tn
3032 1020 3162 1060 vero
3190 1003 3312 1074 (ego
3342 1005 3490 1059 enim
3528 1002 3626 1058 tibi

2041 1103 2111 1158 do
2140 1103 2428 1173 imperium
2470 1101 2524 1154 in
2558 1115 2752 1155 omnes
2793 1098 3089 1162 Ecelesias,
3123 1108 3183 1152 ut
3230 1096 3371 1151 nihil
3423 1097 3522 1151 tibi
3556 1098 3629 1151 sit

2043 1193 2453 1264 impedimento)
2494 1193 2616 1248 vide
2652 1202 2710 1246 ut
2742 1191 3004 1246 adversus
3029 1205 3154 1245 eum
3208 1202 3502 1260 congreges
3539 1202 3628 1253 sy-

2042 1286 2267 1345 nodum.
2302 1294 2356 1339 et
2388 1300 2534 1348 eum.
2569 1295 2631 1339 ut
2657 1284 2869 1354 justum
2895 1290 2980 1336 est
3010 1290 3067 1335 et
3097 1268 3414 1345 bone-stum,
3445 1293 3475 1333 e
3498 1276 3629 1332 sede

2044 1377 2308 1446 deponas.
2335 1374 2459 1431 [hec
2490 1383 2545 1430 et
2568 1374 2802 1441 dicebat,
2833 1382 2891 1427 et
2918 1372 3067 1427 vultu
3096 1370 3340 1442 apertius
3368 1368 3631 1424 ostende-

2044 1471 2137 1526 bal
2165 1471 2257 1525 irae
2291 1469 2348 1524 in
2377 1478 2627 1524 sanctum
2651 1466 2879 1537 vestigia
2914 1484 2926 1519 :
2963 1472 3020 1520 et
3059 1462 3351 1518 manifeste
3413 1474 3525 1531 pra:
3569 1473 3631 1515 se

2047 1565 2276 1629 ferebat,
2308 1579 2365 1619 se
2388 1578 2548 1635 grave
2581 1572 2770 1618 etnon
2825 1569 3167 1614 cessaturum
3219 1555 3366 1610 virus
3418 1553 3631 1623 spirare

2056 1656 2113 1712 in
2143 1655 2295 1710 illum
2330 1656 2654 1724 sapientem,
2698 1668 2801 1707 nec
2823 1653 3187 1707 extincturam
3220 1651 3375 1721 prius
3406 1664 3626 1703 Iracun-

2046 1752 2212 1815 diam,
2233 1766 2398 1821 quam
2449 1749 2596 1820 quod
2651 1747 2834 1801 animo
2886 1746 3146 1817 agitabat,
3198 1743 3517 1801 deduxisset
3561 1740 3631 1795 ad

374 1808 656 1906 ηγοροίτο,
685 1836 781 1890 καὶ
812 1837 886 1907 μὴ
918 1808 1091 1909 παρίῃ
1111 1808 1463 1908 καλούμενος,
1491 1838 1525 1908 ἢ
1554 1836 1792 1908 καθαρὸν
1808 1835 1944 1901 ταύ-

2053 1808 2331 1901 cﬂ’ectuin.
2371 1808 2498 1897 Παῷ
2532 1854 2656 1895 cum
2693 1808 3048 1895 admirandus
3081 1808 3344 1892 andiisset
3394 1832 3633 1905 Epipha-

361 1943 463 1994 της
511 1926 707 1980 ἑαυτὸν
749 1926 1071 1993 ἀποδείξων,
1118 1927 1152 1998 ἢ
1203 1928 1463 1999 μετανοίᾳ
1512 1925 1822 1998 διορθὼσων
1845 1930 1945 1998 τήν

361 2018 607 2086 ἄγνοιαν,
660 2017 877 2082 ἀνάξιος
901 2010 1056 2082 οὗτος
1086 2019 1213 2089 ἐμοὶ
1249 2019 1350 2089 τῆς
1383 2018 1709 2091 ἱερωσύνης,
1737 2018 1835 2072 καὶ
1885 2017 1947 2071 τὺ

361 2108 789 2179 κεκελευσμένον
829 2107 905 2172 ὡς
949 2110 1182 2179 τάχιστα
1241 2110 1374 2182 παρ’
1403 2109 1558 2181 ὑμῶν
1597 2109 1849 2179 γινέσθω.
1880 2109 1945 2163 Εἰ

362 2199 408 2252 δ’
434 2201 518 2254 ὅτι
545 2198 735 2262 κακῶς
760 2199 906 2268 ὑμᾶς
960 2197 1158 2266 ἔλεξεν,
1216 2200 1523 2272 ἀπόϐλητον
1562 2200 1723 2257 αὑτὸν
1758 2201 1945 2255 θέσθαι

371 2290 472 2362 τῆς
512 2289 842 2361 Ἔκκλησίας
863 2290 1138 2361 ἐκρίνατε,
1157 2291 1471 2363 Ἐπιφάνιον
1504 2292 1634 2365 ὑμῖν
1661 2293 1761 2365 οὐχ
1788 2291 1944 2358 ἕξετε

366 2386 744 2442 συναινούντα.
773 2384 1045 2440 Βασιλέων
1090 2384 1201 2458 γὰρ
1236 2386 1491 2457 μάλιστα,
1524 2387 1586 2441 τὸ
1619 2386 1694 2458 μὴ
1723 2388 1781 2439 ὲν
1818 2385 1944 2440 τού-

361 2494 478 2542 τοις
496 2480 877 2549 μνησικακεῖν,
903 2478 1039 2530 ἀλλά
1061 2478 1331 2549 χρηστοὺς
1352 2480 1447 2533 καὶ
1463 2478 1702 2549 ἡμέρους
1719 2476 1945 2542 ἑαυτοὺς

362 2565 770 2621 ἐπιδείκνυσθαι
787 2581 800 2595 ·
838 2566 997 2636 εἴπερ
1021 2565 1085 2637 δὴ
1125 2570 1219 2620 καὶ
1258 2567 1386 2637 ὑμῖν
1410 2565 1664 2637 βασιλεὺς
1691 2568 1750 2620 ἐν
1777 2566 1944 2636 ούρα-

367 2661 474 2719 νςῖς
501 2657 711 2726 ἔτερος,
744 2653 827 2721 οὗ,
859 2657 1003 2711 κατά
1043 2657 1330 2730 ἄνθρωπον
1358 2658 1787 2730 ἁμαρτάνοντες,
1826 2659 1947 2726 φιλ-

371 2747 660 2819 ανθρώπου
690 2747 865 2801 δείσοε
898 2749 1188 2818 τυγχάνειν
1242 2749 1330 2802 διὰ
1358 2749 1458 2819 τὴν
1487 2747 1622 2818 πρὸς
1652 2749 1777 2811 τοὺς
1810 2749 1944 2819 ὁμο-

370 2843 545 2909 γενεῖς
570 2841 935 2911 χρηστότητα.
979 2838 1196 2894 Τούτων
1223 2840 1452 2908 Εὑδοξία
1485 2840 1597 2894 τῶν
1625 2840 1775 2912 παρά
1803 2838 1947 2909 γνὼ-

373 2961 483 3017 μην
502 2944 783 2999 ἀκούσασα
836 2945 1009 3015 λόγων
1048 2945 1273 3015 ἀνόητόν
1311 2963 1363 3000 τι
1402 2950 1501 3001 καὶ
1545 2945 1946 3019 παρακεκινδυ-

373 3038 632 3107 νευμένον
669 3037 757 3091 διὰ
788 3036 887 3109 τὴν
913 3037 1010 3107 τῆς
1043 3035 1222 3106 λύπης
1262 3036 1568 3109 ὑπερϐολὴν
1593 3036 1944 3107 ἀποφθέγγε-

368 3143 481 3192 ται,
511 3128 577 3183 Εἰ
617 3128 692 3200 μὴ
718 3127 996 3203 Ἰωάννης,
1028 3126 1278 3190 εἰποῦσα.
1313 3127 1412 3197 τὴν
1443 3128 1742 3201 ὑπερορίαν
1773 3145 1942 3183 κατα-

370 3219 555 3291 κριθῇ,
599 3219 726 3282 τοὺς
755 3219 915 3281 ναοὺς
969 3218 1106 3288 αὑτὴ
1165 3218 1501 3290 διανοιγῆναι
1554 3220 1664 3274 τῶν
1713 3220 1792 3274 εἱδ
1812 3219 1947 3274 ὺλων

373 3310 637 3376 κελεύσω,
678 3313 772 3364 καὶ
814 3310 1169 3384 προσκυνητὰ
1217 3311 1394 3366 ταῦτα
1420 3313 1530 3376 τοῖς
1566 3310 1661 3366 νῦν
1696 3310 1947 3380 γενέσθαι

374 3403 796 3473 παρασκευάσω.
823 3401 889 3455 Τί
947 3402 1107 3456 πλέον
1138 3404 1216 3466 εἰς
1254 3402 1452 3456 κακίαν
1486 3401 1644 3471 ἔσχεν
1680 3402 1949 3474 Ἡρωδιὰς

372 3496 407 3567 ή
433 3495 525 3548 τὸν
544 3493 640 3548 τοῦ
667 3494 962 3565 ὁμωνύμου
1001 3495 1230 3551 Θάνατον
1270 3496 1673 3562 ὲπισπεύσασα,
1703 3497 1843 3570 πλὴν
1868 3498 1948 3551 ὅτι

373 3588 450 3657 μὴ
477 3586 545 3640 τά
573 3585 718 3655 πάθη
770 3586 1003 3658 διάψορα
1029 3583 1118 3660 ἦν,
1164 3589 1286 3643 καθ’
1313 3589 1342 3643 ὃ
1385 3592 1484 3660 τὴν
1517 3591 1617 3662 μὲν
1647 3589 1950 3653 ἀκολασίας

371 3676 508 3750 εἶχε,
540 3679 638 3749 τὴν
662 3678 720 3732 δὲ
770 3679 1085 3745 πλεονεξίας
1132 3681 1447 3753 ὑπερϐολή;
1514 3682 1849 3754 ’Λμφὸτεραι
1893 3680 1951 3734 δὲ

367 3770 449 3838 τῷ
483 3768 770 3840 βούλεσθαι
798 3770 924 3833 τοὺς
969 3769 1225 3840 ἐλέγχους
1270 3771 1539 3840 ἐκκλῖναι,
1579 3771 1679 3843 τὴν
1713 3771 1954 3841 ἀμφοτέ-

376 3877 485 3931 ρων
513 3860 834 3929 ἀπαλλαγὴν
866 3861 1151 3932 ἐδίψησαν.
1196 3861 1258 3916 '0
1307 3865 1488 3934 μέντοι
1527 3862 1670 3926 θεῖος
1715 3862 1952 3931 Ἐπιφά-

373 3968 480 4013 νιος
496 3952 629 4021 πρὸς
645 3951 743 4022 τὴν
759 3952 987 4006 ἀτοπίαν
1018 3953 1125 4007 τῶν
1146 3954 1477 4024 εἰρημένων,
1501 3952 1732 4018 Ἀθῶος,
1758 3950 1950 4018 εἰπὼν,

372 4038 483 4107 ἐγὼ
514 4039 617 4110 τῆς
668 4038 929 4110 τοιαύτης
981 4041 1237 4112 κρίσεως,
1270 4027 1434 4106 εὐθὺς
1478 4041 1649 4114 ἐξῄει.
1700 4044 1861 4114 Φήμη
1894 4041 1952 4095 δὲ

370 4131 572 4201 ψευδὴς
604 4133 667 4184 ὲκ
696 4133 890 4186 τούτου
924 4134 1023 4197 τὰς
1059 4134 1322 4190 ἁπάντων
1344 4136 1634 4209 διέδραμεν
1662 4136 1855 4202 ἀκοὰς,
1875 4135 1952 4200 ὡς

370 4226 467 4278 καὶ
484 4224 645 4287 αὐτὸς
681 4223 1102 4294 Ἐπιφάνιοςὲπὶ
1117 4229 1184 4299 τῇ
1214 4226 1531 4295 καθαιρέσει
1561 4229 1656 4282 τοῦ
1680 4228 1953 4300 πατριάρ-

373 4333 473 4386 χου
507 4314 751 4369 συνείποι
780 4317 846 4387 τῇ
903 4316 1150 4388 Εὑδοξίᾳ.
1210 4316 1395 4372 Ταῦτα
1422 4318 1478 4372 δὲ
1517 4319 1612 4373 καὶ
1644 4320 1737 4374 τὸν
1777 4319 1952 4391 μέγαν

370 4408 684 4462 ἀκούσαντα
725 4408 772 4462 τ’
802 4408 1002 4480 ἀληθὲς
1029 4408 1318 4480 ἀγνοῆσαι,
1363 4410 1494 4475 ἴσως
1525 4410 1621 4466 τοῦ
1647 4411 1783 4465 Θεοῦ
1815 4410 1951 4483 κρύ-

2051 1937 2196 1996 nius.
2220 1951 2331 1991 non
2359 1933 2552 1989 statuit
2583 1932 2672 1998 iis,
2709 1931 2804 2001 qui
2837 1945 3020 1985 rerum
3046 1927 3419 1999 potiebantur,
3451 1924 3506 1978 in
3539 1922 3629 1985 iis,

2050 2046 2171 2101 qua;
2199 2044 2310 2084 non
2335 2027 2643 2099 oportebat,
2675 2024 2967 2097 gratiﬁcari
3003 2042 3015 2076 :
3056 2037 3161 2077 nec
3207 2020 3343 2077 tanti
3368 2034 3489 2074 esse
3520 2017 3632 2073 .l‘a-

2050 2121 2303 2177 ciendum
2341 2118 2421 2174 eis
2451 2117 2743 2182 inservire,
2778 2125 2840 2171 ut
2874 2113 3083 2184 aliquid
3139 2113 3234 2168 ﬁat
3294 2119 3494 2183 praeter
3551 2108 3629 2171 id,

2051 2214 2196 2287 quod
2221 2211 2332 2269 Deo
2368 2211 2586 2266 videtur
2617 2227 2632 2264 :
2666 2219 2722 2265 et
2762 2208 2887 2264 ideo
2911 2222 3032 2262 eam
3051 2205 3276 2277 propius
3302 2203 3568 2259 accedens
3611 2219 3626 2254 :

2049 2308 2169 2364 Non
2224 2306 2364 2361 irato
2411 2302 2617 2368 animo,
2640 2302 2735 2358 sed
2758 2300 2994 2371 benigne
3021 2314 3086 2354 ac
3111 2297 3343 2369 placide,
3377 2311 3410 2351 ο
3434 2294 3562 2359 ﬁlia,
3597 2309 3631 2348 a

2051 2410 2106 2457 te
2135 2398 2409 2455 audienda
2447 2404 2598 2461 sunt,
2634 2409 2757 2465 quae
2794 2393 2958 2449 nobis
2996 2392 3274 2449 dicuntur.
3309 2389 3368 2444 Si
3409 2401 3635 2443 accuse-

2054 2496 2140 2547 tur
2166 2491 2385 2562 quidem
2415 2487 2658 2544 Joannes
2680 2484 2916 2557 alicujus
2945 2482 3189 2548 haeresis,
3232 2492 3289 2537 et
3330 2495 3442 2535 non
3480 2493 3637 2533 acce-

2051 2586 2146 2641 dat
2183 2591 2431 2649 vocatus,
2452 2580 2539 2637 vel
2565 2595 2622 2636 se
2652 2594 2848 2650 purum
2873 2585 3217 2640 ostensurus,
3243 2574 3327 2629 vel
3361 2572 3636 2644 paeniten-

2051 2676 2126 2733 tia
2156 2683 2506 2731 correcturus
2535 2670 2920 2743 ignorantiam,
2939 2668 2984 2724 is
3013 2667 3148 2721 mihi
3178 2665 3397 2736 quidem
3421 2662 3634 2718 videtur

2052 2768 2309 2839 indignus
2336 2763 2664 2829 sacerdotio,
2695 2770 2752 2817 et
2776 2760 2921 2832 quod
2954 2767 3035 2814 est
3071 2759 3632 2828 imperatum,quam-

2048 2859 2286 2931 primum
2330 2856 2423 2911 (iet
2478 2871 2506 2908 a
2566 2852 2744 2909 nobis.
2778 2852 2872 2907 Sin
2901 2859 3108 2911 autem,
3143 2848 3290 2919 quod
3324 2847 3480 2919 vobis
3518 2859 3653 2899 ma-.

2048 2949 2254 3014 ledixit,
2275 2955 2498 3018 propter
2513 2945 2657 3000 hanc
2682 2944 2849 3000 solam
2880 2956 3098 2998 causam
3124 2940 3300 2995 visum
3317 2946 3397 2994 est
3418 2935 3637 2991 abdica-

2050 3048 2166 3097 tum
2195 3056 2316 3096 esse
2338 3039 2604 3095 Joannem
2624 3038 2692 3093 ab
2719 3036 2983 3101 Ecclesia,
3020 3032 3385 3105 Epiphanium
3409 3044 3517 3084 non
3535 3027 3635 3082 ha-

2049 3133 2248 3192 bebitis
2265 3131 2675 3189 assentientem.
2697 3129 2796 3186 Est
2811 3129 2955 3184 enim
2974 3128 3205 3182 maxime
3222 3125 3632 3195 imperatorum,

2051 3232 2277 3296 propter
2305 3222 2443 3279 nihil
2473 3221 2743 3291 ejusmodi
2780 3220 3097 3276 meminisse
3133 3226 3369 3288 acceptae
3397 3213 3633 3284 injuriae,
3696 3222 3699 3223 '

2052 3317 2149 3373 sed
2169 3332 2229 3372 se
2251 3317 2425 3371 bonos
2450 3324 2505 3369 et
2534 3313 2802 3385 benignos
2818 3312 2872 3366 in
2894 3325 3086 3366 omnes
3108 3309 3397 3365 ostendere
3421 3324 3434 3360 :
3463 3303 3636 3374 siqui-

2051 3407 2176 3461 dem
2214 3405 2369 3460 vobis
2414 3419 2631 3475 qnoque
2665 3411 2746 3458 est
2796 3402 2937 3458 alius
2985 3405 3080 3457 re'x
3120 3401 3176 3455 in
3231 3398 3633 3467 emliszquem,

2052 3513 2176 3553 enm
2199 3505 2260 3552 ut
2290 3495 2545 3552 homines
2588 3493 2852 3565 peccatis,
2877 3507 3016 3563 opus
3068 3490 3315 3546 habetis.
3333 3486 3634 3558 benignum

2053 3592 2258 3646 habere
2310 3594 2366 3643 et
2407 3588 2729 3659 propitium,
2787 3576 3013 3656 propter
3062 3575 3219 3639 suam
3260 3574 3638 3635 mansuetudi-

2055 3696 2180 3736 nem
2209 3680 2268 3734 in
2299 3694 2415 3745 eos,
2437 3677 2530 3748 qui
2561 3684 2692 3733 sunt
2713 3675 2962 3746 ejusdem
3007 3672 3243 3745 generis.
3293 3668 3420 3724 llaec
3468 3665 3637 3721 verba

2052 3789 2175 3830 cum
2203 3771 2469 3827 andiisset
2494 3760 2740 3826 Eudoxia
2758 3783 2870 3823 non
2901 3783 2970 3823 ex
2993 3780 3091 3822 sua
3119 3760 3414 3828 sententia,
3441 3759 3639 3813 incon-

2053 3865 2351 3922 sideratum
2391 3860 2648 3933 quiddam
2672 3859 2965 3930 planeque,
2994 3854 3141 3926 quod
3178 3850 3405 3908 nimiam
3436 3861 3635 3918 argue-

2052 3959 2147 4015 bat
2178 3955 2488 4013 vecordiam
2516 3963 2571 4010 et
2599 3950 3114 4024 praecipitationem,
3144 3952 3371 4018 propter
3400 3940 3635 3997 nimium

2053 4050 2319 4112 dolorem,
2351 4046 2463 4112 vel,
2511 4053 2575 4101 ut
2620 4043 2807 4100 verius
2859 4041 3059 4104 dicam,
3106 4044 3333 4110 propter
3365 4045 3636 4090 summam

2054 4141 2484 4211 improbitatem,
2541 4137 2738 4193 stolide
2804 4142 2887 4190 est
2938 4133 3176 4194 elocuta,
3233 4128 3425 4184 dicens
3468 4120 3634 4178 :Nisi

2051 4235 2293 4292 Jmnnes
2325 4232 2490 4288 fuerit
2517 4246 2548 4286 e
2577 4231 2707 4286 sede
2737 4226 3040 4298 depositus,
3067 4230 3123 4278 et
3148 4221 3348 4278 exsilio
3379 4222 3435 4288 (0
3463 4215 3637 4271 auda-

2054 4344 2174 4385 cem
2204 4325 2468 4399 linguam)
2526 4322 2692 4379 l'uerit
2738 4320 3154 4381 condemnatus,
3185 4314 3299 4385 ipsa
3326 4308 3638 4399 permittam

2054 4418 2255 4490 aperiri
2292 4397 2511 4487 templa
2569 4412 2988 4471 simulacrorum
3020 4426 3035 4464 :
3065 4422 3168 4462 nec
3194 4405 3318 4468 erit,
3346 4399 3441 4471 qui
3481 4397 3640 4453 nobis

369 4502 572 4569 ψαντος
604 4502 886 4574 οἰκονομίᾳ
934 4502 1000 4573 δὴ
1034 4501 1311 4573 θειοτέρα,
1368 4503 1454 4557 ἵνα
1511 4504 1715 4576 τρόπον
1763 4502 1947 4575 ἓτερον

2058 4500 2393 4575 volentibus,
2430 4508 2503 4563 sit
2532 4504 2949 4576 impedimento,
2980 4514 3088 4570 quo
3114 4498 3296 4553 minus
3326 4494 3414 4586 illa
3445 4504 3637 4561 a-quo—

374 4593 722 4666 ἀμφοτέρους
742 4594 890 4667 δείξῃ
918 4593 988 4648 τὰ
1021 4593 1301 4665 ἑκατέρων
1330 4594 1696 4666 προλέγοντας
1716 4612 1730 4627 ’
1755 4596 1789 4666 ἢ
1820 4595 1956 4664 γνῶ·

372 4704 463 4742 ναι
497 4691 598 4758 μὲν
635 4687 890 4758 Ἰωάννην
927 4687 1033 4758 οὑχ
1084 4686 1234 4755 ὑγιὲς
1270 4681 1409 4739 εἶναι
1461 4687 1525 4741 τὸ
1557 4688 1952 4759 φημιζὸμενον,

374 4780 567 4834 ἑκόντα
599 4780 657 4834 δὲ
692 4782 758 4850 τῇ
785 4780 895 4832 τῶν
943 4779 1155 4833 πολλῶν
1199 4777 1465 4849 ὑπολήψει
1505 4780 1818 4843 συνθέσθαι,
1865 4780 1957 4834 ἵνα

376 4870 629 4925 ἐντεῦθεν
651 4869 831 4923 λαϐὼν
860 4869 1139 4940 πρόφασιν
1181 4868 1483 4938 Ἐπιφανὶῳ
1515 4869 1577 4922 τὸ
1599 4868 1792 4938 μέλλον
1822 4885 1955 4936 προ-

374 4960 670 5035 αγορεύσῃ.
702 4960 917 5032 Γράψαι
958 4958 1253 5032 τοιγαροῦν
1295 4959 1601 5032 Ἐπιφανίῳ
1630 4961 1785 5029 λόγος
1816 4961 1955 5032 πρὸς

292 5050 295 5055 ’
372 5052 548 5107 ταῦτα
570 5053 661 5106 τὸν
691 5051 1060 5122 πατριάρχην.
1100 5053 1167 5104 Ἦ
1213 5051 1269 5105 δὲ
1298 5052 1483 5123 γραφὴ
1514 5050 1731 5122 ἀφελῶς
1756 5052 1955 5123 ἔχουσα

372 5141 470 5194 καὶ
498 5142 743 5212 συνήθως
767 5157 782 5170 ’
847 5140 1066 5208 Ἀδελφὲ
1105 5141 1415 5212 Ἐπιφάνιε,
1453 5140 1666 5213 ἀκήκοά
1693 5158 1752 5195 σε
1786 5142 1862 5206 ὡς
1887 5144 1953 5213 τῇ

375 5235 482 5302 ἐμῇ
536 5235 836 5305 συνῄνεσας
869 5232 1081 5304 ὲξορίᾳο
1143 5232 1253 5285 ἴσθι
1301 5234 1359 5286 δὲ
1390 5235 1470 5287 ὃτι
1515 5234 1649 5305 μηδὲ
1685 5234 1848 5298 αὐτὸς
1875 5236 1955 5287 ἔτι

379 5320 469 5370 τὶν
502 5325 689 5386 θρόνον
725 5325 845 5393 ὄψει
872 5325 963 5377 τὸν
990 5326 1102 5379 σόν.
1139 5325 1279 5395 Πρὸς
1309 5324 1481 5380 ταῦτα
1509 5325 1599 5378 τὸν
1625 5325 1767 5391 ἱερὸν
1803 5326 1955 5380 Ἑπι-

381 5411 571 5478 φέινιον
603 5416 759 5463 πάλιν
800 5417 1078 5480 ἁπλοῖκοϊς
1116 5419 1355 5490 ῥήμασιν
1381 5417 1734 5488 ἀντιγράψαι,
1758 5411 1955 5489 οἷσπερ

378 5502 445 5572 δὴ
472 5501 567 5554 καὶ
598 5502 757 5565 αὑτὸς
788 5503 1062 5573 χρήσομαι
1092 5523 1105 5538 ο
1145 5510 1378 5580 Ἀθλητά
1405 5510 1650 5580 Ἰωάννη,
1675 5509 1834 5563 παίου
1862 5510 1956 5563 καὶ

375 5595 526 5649 νίκα.
572 5593 718 5666 Πλὴν
776 5593 898 5648 οὑδὲ
954 5595 1114 5659 αὐτὸς
1148 5600 1374 5665 φθάσεις
1415 5603 1507 5657 τὸν
1534 5604 1632 5673 τῆς
1660 5602 1956 5673 ὑπερορίας

374 5688 543 5740 τόπον
579 5685 728 5741 ἰδεῖν.
772 5684 1051 5754 Ἀψευδείς
1097 5683 1193 5741 οὖν
1237 5689 1563 5762 ἀμφοτέρων
1595 5694 1645 5746 οἱ
1669 5692 1817 5762 λόγοι
1844 5693 1955 5745 δεί-

376 5779 696 5834 κνυνται.“0
724 5793 785 5829 τε
812 5778 922 5843 γὰρ
962 5777 1274 5845 Ἐπιφάνιος
1311 5784 1392 5846 είς
1426 5783 1649 5858 Κύπρον
1681 5788 1957 5844 ἀποπλεῦ-

701 5871 970 5930 ΡΑτιιοι.
1019 5870 1136 5931 Gn.
1186 5871 1399 5937 CXIV.

2057 4603 2194 4658 libet
2219 4600 2539 4657 adorentur.
2578 4594 2851 4663 Quidnam
2883 4590 3074 4647 habuit
3099 4588 3330 4658 amplius
3351 4582 3636 4647 llerodias,

2056 4707 2166 4762 quo
2191 4705 2313 4746 eam
2341 4689 2396 4745 in
2427 4687 2564 4744 vitio
2594 4691 2899 4755 superaret,
2927 4696 3049 4750 qua:
3071 4691 3268 4748 magno
3295 4673 3480 4730 studio
3510 4686 3640 4726 con-

2058 4756 2256 4848 tendit,
2284 4790 2346 4836 ut
2368 4780 2523 4851 fieret
2550 4776 2726 4832 caedes
2749 4774 2892 4844 ejus,
2927 4773 3018 4842 qui
3049 4780 3167 4825 erat
3189 4767 3430 4838 ejusdem
3456 4763 3640 4818 nomi-
3670 4756 3673 4761 ’

2057 4873 2162 4937 nis,
2216 4871 2319 4927 nisi
2365 4869 2511 4941 quod
2574 4883 2687 4922 non
2747 4875 2903 4920 erant
2959 4864 3176 4931 utrique
3222 4858 3410 4914 eadem
3463 4854 3635 4909 vitia:

2057 4960 2497 5038 quandoquidem
2529 4962 2618 5016 illa
2645 4958 2864 5031 quidem
2890 4955 3088 5026 insigni
3121 4950 3370 5014 libidine,
3405 4948 3521 5002 haec
3541 4961 3641 4999 au«

2062 5069 2169 5116 tem
2205 5057 2562 5111 immoderata
2602 5040 2883 5108 laborabat
2910 5046 3177 5104 avaritia?
3209 5042 3397 5099 Ambae
3428 5046 3637 5102 autem,
3674 5040 3682 5048 '

2057 5149 2202 5221 quod
2242 5150 2481 5220 effugere
2509 5147 2711 5202 vellent
2742 5139 3222 5215 reprehensiones,
3266 5137 3335 5190 ab
3372 5131 3640 5189 ambobus

2060 5244 2319 5299 sitierunt
2350 5252 2680 5311 magnopere
2712 5234 2954 5291 liberari.
3006 5230 3234 5286 Divinus
3282 5235 3462 5281 autem
3513 5223 3641 5294 Epi-

2058 5323 2295 5405 phanius
2327 5332 2615 5400 perculsus
2638 5326 2975 5382 absurditate
3000 5337 3211 5386 eorum,
3230 5333 3350 5390 quae
3378 5315 3641 5387 diceban-

2061 5434 2171 5491 tur,
2208 5436 2332 5476 cum
2372 5418 2621 5483 dixisset,
2654 5419 2764 5489 Ego
2785 5415 2998 5487 judieii,
3026 5412 3170 5484 quod
3209 5411 3287 5486 sic
3311 5410 3492 5474 habet,
3522 5422 3644 5462 sum

2061 5515 2252 5569 insons
2282 5527 2296 5566 :
2328 5510 2582 5582 protinus
2603 5517 2687 5563 est
2705 5520 2977 5578 egressus.
3012 5502 3270 5569 Quasdam
3303 5507 3486 5554 autem
3510 5495 3643 5550 falsa

2058 5608 2226 5673 fama,
2260 5621 2381 5677 qum
2402 5622 2468 5660 ex
2491 5606 2594 5659 hoc
2625 5602 2692 5657 ad
2713 5601 2957 5655 omnium
2993 5609 3154 5650 aures
3179 5591 3437 5675 pervasit,
3494 5584 3640 5654 quod

2059 5702 2177 5772 ipse
2198 5676 2414 5771 queque
2443 5695 2781 5768 Epiphanius
2801 5691 2928 5747 huic
2948 5685 3277 5759 depositioni
3316 5676 3641 5772 patriarcha:

2061 5793 2132 5849 sit
2160 5807 2440 5858 assensus,
2469 5765 2827 5857 ard—magnum
2861 5796 3033 5852 usque
3064 5778 3331 5834 Joannem
3363 5765 3635 5844 pervadit.

3238 5868 3310 5929 37
