4126 6398
425 270 505 348 ‘rt
525 286 624 352 163

1673 291 1960 352 MENSIS
1997 289 2457 354 JANUARIUS.

3594 281 3751 349 1164

446 401 574 455 ιιιισδ
608 415 741 455 vero
761 410 860 455 aut
883 415 1076 456 verum
1111 399 1400 473 ignoravit,
1441 397 1672 455 fortasse
1719 400 1862 468 quod
1913 400 2055 454 Deus

2183 417 2250 454 rat
2277 401 2459 468 γνοὺς,
2490 399 2618 470 περὶ
2650 398 2741 453 τὸν
2788 397 2957 453 πλοῦν
2996 399 3257 471 τελευτᾷ·
3293 399 3321 451 ὂ
3351 413 3411 451 τε
3444 397 3758 466 θαυμάσιος

445 519 447 524 ·
480 507 609 548 eum
649 493 903 554 celasset,
935 493 1114 548 divina
1163 493 1400 563 quadam
1426 491 1792 564 providentia,
1844 501 1905 546 ut
1955 490 2062 545 alio

442 584 655 639 ‘modo
689 585 925 640 efﬁceret
956 586 1166 650 ambos,
1207 588 1329 656 Quae
1383 583 1674 654 utriusque
1732 591 2056 646 evenerunt,

481 676 779 746 praedicere
811 696 826 733 :
867 685 961 732 aut
991 677 1148 732 scivit
1175 677 1394 748 quidem
1426 675 1666 730 Joannes
1694 690 1803 730 non
1833 689 1953 730 esse
1971 688 2064 734 ve—

2180 491 2433 560 Ἰωάννης
2461 490 2726 562 πρότερον
2755 492 2788 561 ἧ
2831 491 3087 562 ἐπιϐῆναι
3113 489 3209 544 τοῦ
3239 489 3405 542 τόπου
3430 488 3533 558 τῆς
3560 489 3754 542 δευτέ-

2169 599 2272 651 ρας
2304 581 2598 651 ὑπερορίας
2655 582 2890 653 ὲκδημεῖ
2939 581 3078 653 πρὸς
3124 581 3350 652 Κύριον.
3393 580 3636 650 Δηλώσει
3695 580 3759 634 δὲ

2169 672 2330 726 τοῦτο
2349 671 2557 743 προῖὼν
2584 673 2612 726 6
2642 674 2800 742 λόγος
2831 675 3063 742 σαφέστε
3073 692 3183 746 ρον.

483 785 629 834 rum,
651 769 806 840 quod
829 768 974 825 fama
1002 770 1279 826 ferebatur
1311 787 1324 824 :
1356 768 1530 825 libens
1567 779 1751 824 autem
1805 782 2062 837 assensus
2102 774 2186 820 est
2221 765 2520 820 multorum
2585 765 2996 832 existimationi,
3063 776 3122 821 ut
3155 766 3231 822 sic
3264 765 3571 837 Epiphanio
3601 766 3759 822 futu-

484 875 605 914 rum
633 859 978 929 prﬁdiceret.
1010 859 1208 914 Fertur
1259 875 1387 930 ergo
1441 857 1752 929 patriarcha
1799 857 1880 912 sic
1939 863 2061 925 post
2100 855 2216 909 haec
2250 853 2535 932 scripsisse
2601 855 2670 910 ad
2736 854 3100 925 Epiphanium
3130 856 3384 927 :scripsit
3416 865 3595 911 autem
3620 858 3761 911 sim-

483 947 699 1018 pliciter
729 959 783 1004 et
816 932 1159 1006 familiariter
1193 969 1205 1004 :
1240 950 1430 1006 Frater
1470 948 1765 1020 Epiphani,
1837 946 2018 1002 audivi
2088 955 2142 1001 te
2181 945 2528 1002 consensisse
2553 961 2688 1002 meae
2723 946 3042 1019 relegationi
3071 947 3208 1015 (29).
3243 947 3395 1002 Scias
3436 956 3618 1002 autem
3653 962 3762 1001 nec

452 1044 718 1114 -a-teipsum
752 1052 903 1100 tuam
933 1045 1118 1101 sedem
1142 1045 1386 1100 visurum
1417 1060 1538 1101 esse
1568 1043 1824 1114 amplius.
1881 1042 1962 1096 Ad
2018 1041 2136 1097 haec
2172 1051 2551 1097 sacrosanctus
2580 1040 2920 1112 Epiphanius
2962 1041 3303 1112 simplicibus
3340 1057 3531 1097 rursus
3571 1041 3763 1096 verbis

490 1135 797 1206 rescripsit,
829 1135 1028 1204 quibus
1059 1135 1175 1202 ipse
1212 1150 1428 1206 quoque
1464 1145 1623 1191 utar:
1660 1135 1879 1190 Athleta
1928 1131 2188 1197 Joannes,
2253 1133 2353 1188 feri
2409 1141 2466 1189 et
2488 1133 2647 1188 vince
2676 1152 2690 1188 :
2760 1133 2858 1189 sed
2881 1148 2983 1189 nec
3013 1133 3132 1203 ipse
3167 1134 3456 1204 pervenies
3479 1134 3544 1188 ad
3568 1133 3764 1187 viden-

474 1225 828 1282 «lum'locum
860 1226 1063 1281 exsilii.
1116 1226 1256 1281 Vera
1293 1235 1475 1282 autem
1526 1225 1770 1291 fuerunt,
1803 1239 1925 1296 quae
1963 1224 2107 1279 dicta
2147 1231 2277 1280 sunt
2314 1224 2382 1280 ab
2430 1224 2698 1295 utrisque.
2753 1223 2888 1279 Nam
2919 1235 2974 1280 et
3005 1225 3346 1295 Epiphanius
3381 1241 3505 1280 cum
3537 1225 3766 1279 statuis-

475 1321 572 1368 set
604 1317 859 1387 navigare
885 1315 940 1370 in
967 1317 1224 1388 Cyprum,
1254 1317 1471 1373 decedit
1501 1319 1557 1373 in
1602 1317 1944 1389 navigatione
1976 1335 1988 1371 :
2016 1326 2071 1370 et
2109 1316 2448 1373 admirabilis
2467 1316 2710 1374 Joannes
2763 1319 3080 1389 priusquam
3139 1319 3451 1388 perveniret
3477 1319 3545 1374 ad
3574 1319 3766 1374 locum

477 1407 720 1467 secundi.
760 1407 961 1472 exsilii,
1000 1409 1249 1480 migravit
1273 1409 1341 1464 ad
1382 1409 1694 1465 Dominum.
1744 1411 1860 1466 Hoc
1888 1418 2072 1464 autem
2113 1411 2421 1478 procedens
2456 1411 2634 1468 oratio
2662 1413 2917 1468 ostendet
2943 1413 3210 1483 apertius.

566 1496 756 1554 XLIV.
782 1499 902 1553 Non
935 1500 1167 1554 multum
1204 1500 1520 1556 intercessit
1545 1503 1831 1572 temporis,
1864 1511 1920 1557 et
1957 1510 2069 1556 sta-

2247 1504 2380 1559 MA'.
2427 1502 2634 1575 Χρόνος
2683 1505 2873 1575 όλίγος
2905 1504 2967 1558 τδ
3015 1504 3242 1575 μεταξὺ,
3295 1506 3390 1558 καὶ
3439 1505 3603 1570 εὐθὺς
3661 1505 3768 1559 σὺν

471 1590 584 1645 tim
612 1604 735 1645 cum
762 1589 1008 1660 pluribus
1053 1590 1327 1661 episcopis
1365 1591 1702 1662 TheOphilus
1748 1594 1896 1648 venit
1926 1593 2071 1647 Con-

490 1683 919 1754 stantinopolim,
941 1698 1066 1738 eum
1100 1694 1326 1756 urgente
1358 1685 1626 1750 Eudoxia,
1653 1686 1775 1740 etei
1797 1687 2073 1756 praebente

491 1775 797 1846 ingressum
849 1776 1078 1832 liberum
1135 1777 1203 1833 ab
1234 1777 1382 1833 omni
1429 1788 1600 1844 metu,
1630 1779 1830 1834 licebat
1889 1789 2072 1834 autem

491 1876 624 1922 tunc
651 1866 838 1922 videre
858 1868 1120 1923 malorum
1153 1885 1403 1936 examen,
1436 1871 1582 1941 quod
1635 1871 2072 1942 congregabatur

489 1965 546 2008 et
573 1955 878 2027 Theophila
902 1971 1060 2025 Opem
1088 1957 1302 2014 ferebat
1332 1958 1398 2013 ad
1439 1960 1702 2030 sapientis
1731 1959 1955 2016 Joannis
1975 1961 2071 2016 de—

496 2047 847 2116 positionem.
877 2047 1115 2114 Quinam
1147 2066 1279 2106 vero
1335 2052 1372 2106 ii
1405 2061 1460 2107 et
1517 2053 1788 2118 undenam
1851 2055 1918 2109 ad
1972 2054 2076 2109 hoc

496 2139 652 2195 mere
714 2143 972 2196 commoti
1003 2142 1432 2215 (30)?quaedam
1485 2149 1681 2202 animae
1725 2162 1838 2201 non
1883 2147 2075 2218 paucis

495 2230 736 2298 peccatis
769 2231 1040 2298 obnoxiae,
1073 2241 1129 2288 et
1158 2249 1280 2304 quae
1306 2246 1462 2292 erant
1499 2240 1662 2308 plane
1719 2238 2071 2303 incurabiles,

492 2321 567 2376 de
593 2321 794 2390 quibus
822 2323 977 2393 prius
1008 2340 1226 2396 quoque
1252 2327 1488 2384 diximus
1516 2347 1529 2384 :
1559 2345 1697 2400 quos
1735 2346 1858 2388 cum
1900 2331 2074 2385 inter—

496 2421 690 2482 ruptus
716 2412 942 2470 Joannis
961 2417 1226 2483 calculus.
1249 2420 1418 2475 veluti
1440 2421 1577 2491 lapis
1600 2422 1819 2492 quidam
1846 2421 2073 2495 Lydius,

498 2505 787 2574 probasset
827 2522 951 2563 esse
994 2509 1248 2580 indignos
1289 2519 1565 2584 suggestu,
1606 2523 1854 2570 moverat
1896 2527 2078 2572 sacer-

499 2595 669 2650 dotio.
700 2595 836 2652 Cum
875 2598 1060 2655 multis
1093 2615 1244 2673 ergo,
1298 2611 1359 2656 ut
1406 2603 1610 2659 dictum
1649 2615 1752 2673 est,
1806 2607 2079 2677 episcopis

499 2685 838 2759 Theophilus
864 2692 1217 2748 convenisset
1247 2695 1570 2761 Eudoxiam,
1603 2698 1833 2753 seorsim
1863 2715 1986 2754 cum
2015 2715 2078 2755 ea

505 2780 760 2837 collocuti
790 2781 928 2856 ('51),
977 2785 1046 2841 ab
1077 2799 1140 2841 ea
1165 2787 1219 2841 in
1246 2799 1517 2843 secretum
1545 2789 1931 2859 admittuntur,
1961 2809 2081 2847 niu-

449 2887 451 2890 ‘
501 2871 729 2928 neribus
758 2873 1050 2941 donantur,
1072 2877 1335 2934 adversus
1369 2890 1620 2936 sanctum
1657 2881 1834 2937 virum
1880 2882 2079 2953 lingua:

500 2977 691 3018 eorum
715 2965 1096 3022 conducuntur
1122 2986 1135 3023 :
1163 2984 1221 3024 se
1258 2971 1516 3027 omnibus
1547 2973 1838 3030 sententiis
1867 2975 2078 3044 justum

503 3070 625 3110 esse
655 3057 1120 3114 condemnaturos
1148 3061 1492 3130 pollicentur.
1529 3064 1664 3120 Cum
1695 3073 1803 3120 tam
1833 3065 2077 3136 iniquam

498 3149 921 3205 conventionem
956 3151 1211 3207 iniissent
1227 3155 1426 3226 egregii
1446 3164 1714 3226 pastores,
1731 3167 1788 3212 et
1803 3159 2079 3214 innocenti

502 3241 770 3312 sanguine
797 3242 1006 3296 animas
1033 3243 1215 3312 potius
1238 3259 1402 3313 quam
1455 3261 1653 3304 manus
1706 3249 2080 3316 intinxisscnt,

489 3339 730 3398 rexeunt,
765 3347 888 3386 cum
915 3333 1055 3387 nihil
1091 3333 1287 3388 horum
1328 3336 1509 3392 adhuc
1547 3341 1788 3395 venisset
1837 3343 1904 3397 ad
1938 3343 2082 3397 noti-

490 3422 634 3476 .tiam
666 3422 908 3499 Arcadii.
941 3423 1048 3479 Sed
1087 3442 1278 3481 rursus
1299 3443 1518 3499 quoque
1543 3431 1745 3486 dantur
1768 3435 2084 3492 occasiones

503 3503 596 3576 iis,
626 3515 716 3584 qui
751 3495 1225 3586 cas'quaerebant
1291 3495 1345 3579 et
1401 3495 1781 3592 p'arturiebant
1826 3526 2085 3597 improbi-

492 3614 694 3672 tatem,
750 3608 845 3663 sed
865 3625 986 3679 qua:
1017 3625 1088 3665 ne
1124 3613 1376 3668 umbram
1397 3615 1616 3684 quidem
1646 3617 1924 3673 habebant
1949 3620 2084 3675 veri-

504 3697 652 3765 tatis,
709 3701 991 3756 materiam
1046 3711 1227 3758 tamen
1267 3707 1598 3776 praebebant
1652 3709 1764 3780 igni
1815 3710 2082 3768 malarum

503 3791 802 3848 actionum.
836 3793 958 3850 Non
1006 3797 1237 3853 multum
1267 3801 1412 3855 enim
1452 3801 1763 3871 intercessit
1801 3807 2081 3877 temporis,

501 3899 630 3939 cum
651 3896 861 3955 partem
893 3891 1185 3958 quamdam
1221 3892 1348 3948 libri
1383 3893 1614 3966 Regum,
1647 3895 1847 3951 divinae
1879 3896 2087 3955 scilicet

509 3973 825 4044 Scriptura,
866 3993 990 4032 cum
1024 3994 1157 4034 usus
1179 3981 1251 4035 ita
1282 3984 1604 4054 postularet,
1633 3997 1935 4043 contexens
1980 4003 2088 4042 ma-

509 4063 912 4132 gnusJoannes
939 4069 1202 4128 institutae
1231 4075 1488 4144 orationi,
1528 4081 1886 4135 concionatus
1912 4089 1998 4135 est
2027 4081 2083 4134 in

2173 1597 2385 1649 πλείοσι
2410 1597 2518 1651 τῶν
2545 1598 2862 1654 ἐπισκόπων
2908 1597 3167 1667 Θεόφιλος
3224 1599 3304 1661 εξς
3332 1598 3431 1667 τὴν
3465 1600 3768 1661 Κώνσταν-

2173 1685 2320 1740 τίνου
2371 1689 2549 1760 φοιτᾷ,
2605 1688 3047 1759 ὲπισπευδούσης-
3088 1688 3250 1744 αὑτὸν
3309 1688 3567 1753 Εὺδοξίας
3596 1729 3609 1751 ,
3663 1689 3768 1744 καὶ

2175 1776 2318 1832 κατὰ
2370 1779 2551 1833 πᾶσαν
2581 1778 2766 1833 ἄδειαν
2808 1779 3158 1850 παρεχούσης
3205 1777 3353 1848 αὐτῷ
3398 1777 3495 1848 τὴν
3528 1777 3765 1834 εἴσοδον·

2174 1862 2286 1920 Ἦν
2314 1867 2370 1921 δὲ
2391 1868 2522 1939 όρᾷν
2556 1869 2680 1922 τότε
2739 1869 2941 1939 σμῆνος
2986 1869 3173 1923 κακῶν
3217 1867 3628 1939 ἀθροιζόμενον,
3666 1868 3769 1921 καὶ

2175 1959 2422 2029 Θεοφίλῳ
2454 1959 2591 2030 πρὸς
2614 1960 2712 2030 τὴν
2737 1959 3060 2032 καθαίρεσιν
3096 1959 3189 2013 τοῦ
3228 1956 3393 2028 σοφοῦ
3420 1958 3772 2029 συναιρόμε-

2175 2065 2286 2105 νον.
2307 2048 2464 2112 Τίνες
2483 2043 2652 2117 οὗτοι,
2679 2049 2774 2104 καὶ
2787 2049 2952 2103 πόθεν
2974 2050 3083 2120 ἄρα
3107 2049 3365 2108 λαϐόντες
3387 2048 3487 2118 τὴν
3510 2049 3766 2118 κίνησιν;

2174 2141 2363 2211 Ψυχαὶ
2393 2141 2688 2211 ἁμαρτίαις
2745 2141 2942 2212 ἔνοχοι,
2969 2141 3067 2195 καὶ
3117 2140 3358 2206 ἀνιάτως
3393 2141 3614 2212 ἔχουσαι
3665 2142 3770 2194 τοῦ

2177 2232 2386 2300 κακοῦ,
2437 2233 2696 2304 καθάπερ
2747 2234 2843 2288 καὶ
2881 2231 3041 2299 λόγος
3083 2234 3180 2304 ἤδη
3215 2234 3428 2302 φθάσας
3465 2232 3765 2304 ἐδήλωσεν,

2175 2323 2271 2388 οὒς
2294 2326 2326 2396 ἡ
2357 2325 2649 2390 ἀδέκαστος
2665 2325 2913 2379 Ἰωάννου
2938 2325 3116 2396 ψῆφος
3139 2326 3232 2379 ἐπὶ
3258 2325 3533 2396 διαφόροις
3559 2325 3776 2388 αἰτίαις

2177 2419 2435 2485 ἀναξίους
2469 2415 2610 2474 εἶναι
2661 2419 2756 2473 τοῦ
2788 2419 3034 2490 βήματος
3071 2419 3440 2490 δοκιμάσασα,
3474 2419 3574 2489 τῆς
3602 2420 3773 2490 ἱερω-

2180 2512 2346 2584 σύνης
2389 2512 2674 2584 ἀπέκρινε.
2719 2513 2823 2565 Σὺν
2855 2512 3069 2575 πολλοῖς
3105 2508 3220 2576 οὖν,
3254 2511 3331 2575 ὡς
3376 2513 3613 2582 εἴρηται,
3654 2511 3776 2564 τῶν

2180 2604 2497 2658 ἐπισκόπων
2531 2605 2785 2672 Θεόφιλος
2823 2603 3213 2674 προσελθόντες
3238 2606 3304 2674 τῇ
3340 2602 3588 2674 Εὐδοξίᾳ,
3624 2603 3777 2658 κατὰ

2184 2695 2354 2765 μόνας
2384 2711 2446 2749 τε
2500 2695 3040 2766 κοινολογησάμενοι,
3098 2693 3589 2764 μυσταγωγοῦνται
3631 2693 3776 2764 παρ’

2183 2788 2376 2858 αὐτῆς,
2418 2787 2871 2858 φιλοφρονοῦνται
2927 2787 3142 2859 δώροις,
3176 2787 3317 2841 κατά
3345 2785 3440 2839 τοῦ
3473 2786 3629 2853 ἁγίου
3669 2786 3778 2846 τάς

2183 2879 2438 2948 γλώσσας
2480 2878 2819 2950 μισθοῦνται,
2841 2878 3046 2941 πάσαις
3065 2879 3267 2948 ψήφοις
3281 2874 3779 2945 καταψηφίσασθαι

2181 2970 2278 3025 τοῦ
2318 2971 2533 3025 δικαίου
2568 2970 2924 3026 συντίθενται.
2968 2970 3240 3040 Τοιαύτην
3289 2969 3492 3039 ἄνομον
3519 2967 3779 3037 διομολο-

2183 3063 2484 3134 γησάμενοι
2503 3063 2827 3134 συμφωνίαν
2863 3063 2912 3115 οἱ
2932 3062 3090 3116 καλοὶ
3111 3061 3392 3131 ποιμένες,
3425 3061 3516 3113 καὶ
3537 3058 3783 3128 ἐνάθώῳ

2183 3155 2376 3227 αἵματι
2397 3157 2497 3220 τὰς
2521 3156 2700 3226 ψυχὰς
2729 3154 2930 3226 μᾶλλον
2955 3153 3322 3224 ἔμϐάψαντες,
3346 3153 3408 3211 οὐ
3433 3151 3530 3214 τὰς
3556 3153 3778 3222 χεῖρας,

2184 3248 2412 3314 ἐξίασιν,
2449 3246 2599 3300 οὐδὲν
2641 3245 2909 3317 ’Δρκαδίῳ
2965 3245 3171 3299 τούτων
3226 3247 3304 3308 είς
3341 3242 3542 3311 γνῶσιν
3593 3241 3778 3295 ἐλθόν.

2186 3339 2338 3411 Πλὴν
2366 3337 2504 3393 όιλλά
2533 3339 2628 3391 καὶ
2658 3337 2814 3401 αὖθις
2846 3337 3098 3406 ἀφορμαὶ
3119 3335 3350 3388 δίδονται
3379 3337 3492 3397 τοῖς
3515 3332 3783 3402 ζητοῦσιν

2184 3429 2465 3500 ἀφορμάς,
2491 3428 2642 3482 οὐδὲν
2679 3429 2778 3498 μὲν
2809 3427 3066 3498 ἀληθείας
3104 3425 3348 3496 ἔχουσαι,
3383 3427 3484 3478 οὐκ
3505 3425 3695 3492 ὀλίγην
3721 3424 3786 3477 δὲ

2163 3519 2320 3588 κῦλην
2352 3518 2427 3589 τῷ
2453 3520 2589 3589 πυρὶ
2616 3519 2725 3571 τῶν
2742 3517 2997 3590 πονηρῶν
3029 3515 3432 3588 παρασχοῦσαι,
3464 3515 3560 3568 καί⁵
3596 3515 3779 3584 μεγά-

2185 3613 2284 3682 λην
2319 3610 2496 3681 φλόγα
2533 3611 2644 3686 τῶν
2679 3609 3002 3682 πειρασμῶν
3047 3610 3345 3679 ἀνάψασαι.
3380 3610 3452 3661 Οὐ
3493 3607 3629 3662 πολὺ
3669 3608 3788 3679 γὰρ

2184 3705 2246 3759 τὸ
2286 3707 2344 3759 ὲν
2377 3705 2546 3775 μέσῳ,
2576 3702 2672 3758 καὶ
2703 3701 2868 3775 μέρος
2920 3720 2970 3755 τι
3016 3701 3124 3756 τῶν
3171 3700 3472 3755 Βασιλειῶν
3504 3701 3532 3752 ὁ
3578 3699 3785 3771 μέγας,

2186 3797 2329 3852 οὕτω
2355 3797 2571 3867 συμϐὰν
2605 3796 2749 3851 κατὰ
2770 3795 2961 3866 χρείαν
3000 3794 3094 3848 τοῦ
3148 3794 3290 3865 μετά
3320 3796 3508 3864 χεῖρας
3549 3792 3789 3856 σκοποῦ,

2188 3889 2269 3962 τῷ
2317 3890 2464 3958 λόγῳ
2513 3888 2766 3960 συνείρας
2817 3888 2910 3940 ἐπὶ
2956 3891 3054 3958 τῆς
3112 3885 3410 3956 ἐκκλησίας
3449 3884 3786 3956 δημηγορεῖ.

2186 3983 2262 4038 Τὸ
2314 3982 2371 4036 δὲ
2425 3975 2571 4052 εἶχεν
2595 3980 2738 4035 οὕτω
2759 3997 2772 4012 ·
2800 3979 3144 4049 Συναγάγετε
3168 3978 3311 4050 πρὸς
3347 3977 3414 4047 μὲ
3450 3976 3577 4039 τοὺς
3611 3975 3792 4045 ἱερεῖς

2186 4077 2287 4146 τῆς
2323 4075 2610 4146 αἰσχύνης,
2636 4073 2916 4136 ἐσθίοντας
2933 4070 3213 4143 τράπεζαν
3244 4069 3503 4136 Ἰεζάϐελ,
3536 4066 3605 4121 ἵν’
3636 4066 3791 4120 εἴπω

503 4157 760 4212 ecclesia.
792 4158 866 4213 Ea
896 4171 1076 4217 autem
1110 4164 1181 4218 ita
1206 4181 1266 4221 se
1310 4167 1545 4224 habebat
1575 4188 1588 4223 :
1621 4170 1960 4244 Congregate
2015 4173 2080 4228 ad

2190 4171 2394 4237 αὐτοῖς,
2425 4169 2501 4234 ὡς
2534 4166 2716 4222 Ἦλιοῦ
2765 4167 2869 4237 ἔφη
2896 4183 2910 4197 ο
2968 4184 2987 4217 ι
3022 4166 3166 4229 Ἕως
3193 4165 3323 4218 πότε
3351 4162 3643 4234 χωλανεῖτε
3693 4160 3786 4213 ἐπ’

506 4263 596 4302 me
633 4251 944 4308 sacerdotes
991 4254 1297 4326 dedecoris,
1344 4260 1438 4330 qui
1494 4263 1793 4318 comedunt
1842 4279 2089 4319 mensam

505 4338 745 4407 Jezabel,
774 4352 831 4397 ut
863 4345 1046 4400 dicant
1078 4349 1157 4403 eis
1213 4349 1354 4405 sicut
1395 4352 1531 4407 dixit
1570 4353 1716 4409 Elias
1749 4372 1763 4408 :
1796 4353 2091 4426 Quousque

507 4428 882 4510 claudicahitis
953 4439 1201 4510 utrisque
1240 4442 1537 4511 poplitibus
1585 4444 1829 4500 vestris?
1863 4442 1921 4500 Si
1956 4446 2090 4500 Baal

383 4592 402 4605 τ
505 4533 594 4580 est
625 4525 785 4592 Deus,
817 4530 1097 4586 ambulate
1138 4541 1262 4601 post
1285 4533 1484 4603 ipsum.
1521 4533 1578 4589 Si
1632 4543 1818 4590 autem
1873 4536 2091 4594 Jezahel

503 4631 727 4687 quoque
765 4635 954 4678 mensa
977 4622 1091 4692 ipsa
1119 4633 1203 4679 est
1230 4625 1395 4693 Deus,
1447 4625 1802 4682 comedentes
1833 4629 2088 4684 evomite.

506 4703 649 4761 Hinc
679 4707 754 4762 illi
788 4713 1068 4780 sapientes
1092 4713 1147 4768 in
1185 4715 1415 4780 malitia,
1450 4730 1576 4770 cum
1613 4716 1778 4772 verba
1839 4719 2088 4786 quaedam

504 4805 768 4869 tanquam
816 4818 968 4860 arma
1029 4806 1526 4875 apprehendissent
1559 4817 1616 4862 et
1664 4808 1904 4863 validum
1934 4811 2088 4864 auxi-

506 4889 662 4956 lium,
696 4895 965 4950 accedunt
989 4896 1058 4952 ad
1095 4897 1415 4964 Arcadium,
1447 4899 1586 4954 duce
1620 4899 1789 4969 hujus
1826 4900 2089 4971 improba:

503 4995 790 5056 synagoga:
850 4985 1177 5060 Tbeophilo,
1221 4989 1326 5045 alia
1359 4991 1581 5061 quidem
1633 4991 1925 5060 addentes,
1978 4993 2084 5049 alia

579 5164 646 5198 ³³⁸·
688 5165 759 5222 lll
788 5166 921 5242 Reg,
965 5180 1120 5238 xvm,
1157 5172 1179 5226 l
1219 5186 1372 5242 seqq.

578 5347 925 5426 (29)Nu_llu_m
949 5349 1129 5404 adhuc
1154 5348 1214 5426 in_
1239 5365 1404 5426 causa
1428 5353 1797 5426 Chrysostomi
1827 5352 2087 5426 agitatum

508 5418 680 5495 fuisse
713 5421 1000 5495 judicium,
1039 5429 1097 5474 ut
1134 5420 1216 5495 vel
1251 5421 1461 5490 opinari
1493 5418 1712 5495 quidem
1747 5418 1929 5494 poss'et
1952 5423 2089 5495 Epi-

508 5489 774 5560 phanium
814 5492 868 5544 in
918 5491 1038 5558 ejus
1074 5489 1468 5561 relegationem
1510 5489 1888 5558 "consensisse,
1934 5489 2094 5549 docet

514 5559 665 5624 itan;
693 5575 860 5628 quare
891 5559 1175 5616 historiam
1212 5559 1374 5630 hanc,
1398 5576 1453 5620 et
1481 5566 1547 5620 de
1577 5566 1780 5620 mutuis
1809 5563 2096 5632 episcopo-

2190 4263 2530 4335 ἀμφοτέραις
2565 4264 2685 4326 ταῖς
2719 4260 2935 4330 ἰγνύαις
2961 4259 3117 4331 ὑμῶν
3141 4277 3156 4324 ;
3191 4259 3240 4312 εί
3265 4257 3382 4311 ἔστι
3407 4256 3539 4320 Θεὸς
3556 4258 3584 4309 ό
3609 4254 3786 4316 Βάαλ,

2193 4355 2494 4426 πορεύεσθε
2525 4355 2701 4408 ὀπίσω
2738 4351 2927 4407 αὐτοῦ.
2953 4353 3017 4405 El
3054 4351 3110 4406 δὲ
3139 4351 3234 4405 καὶ
3257 4348 3507 4418 τράπεζα
3542 4345 3793 4410 ’ῐεζάὸελ

2190 4448 2330 4518 αὕτη
2359 4447 2513 4512 Θεὸς,
2543 4447 2808 4517 φαγόντες
2830 4445 3147 4516 ὲξεμέσατε.
3185 4461 3206 4495 ›
3247 4440 3528 4497 Ἐντεῦθεν
3551 4441 3600 4492 oi
3629 4438 3794 4506 σοφοὶ

2189 4539 2290 4608 τὴν
2333 4539 2556 4602 κακίαν,
2622 4537 2951 4609 δραξάμενοι
3015 4535 3124 4590 τῶν
3173 4533 3456 4607 ῥημάτων,
3510 4529 3796 4601 Ἀρκαδίῳ

2195 4628 2454 4698 προσίασι
2491 4626 2592 4698 τὴν
2637 4626 2798 4697 ῥῆσιν
2849 4624 3276 4687 ἐπιδεικνύντες,
3313 4621 3643 4693 ιήγουμένου
3686 4618 3798 4686 τῆς

2195 4722 2521 4790 συναγωγῆς
2554 4718 2840 4788 Θεοφίλου,
2872 4719 2966 4772 καὶ
3002 4718 3071 4771 τά
3097 4717 3195 4786 μὲν
3225 4713 3618 4787 προστιθέντες
3652 4712 3798 4782 παρ’

2191 4811 2423 4877 ἑαυτῶν,
2450 4813 2518 4866 τὰ
2544 4811 2601 4864 δὲ
2630 4812 2726 4864 καὶ
2771 4810 3269 4883 παρεξηγούμενοι.
3319 4807 3551 4874 Ἔλεγον
3600 4804 3654 4857 δὲ
3690 4804 3798 4856 καὶ

2192 4903 2431 4970 ἔπειθον,
2461 4903 2536 4967 ώς
2585 4903 2742 4957 αὐτοὶ
2782 4903 2880 4974 μὲν
2933 4899 3098 4973 ἦσαν,
3125 4903 3182 4955 οἵ
3218 4918 3280 4969 γε
3321 4901 3489 4970 ἱερεῖς
3517 4894 3799 4964 αἰσχύνης

2190 4993 2513 5064 ἐλέχθησαν,
2561 4992 2798 5057 Ἰεζάϐελ
2827 4992 2884 5047 δὲ
2936 4993 2972 5064 ἠ
3027 4991 3241 5064 βασιλὶς
3265 4990 3548 5059 ἄντικρυς.
3594 4982 3796 5045 Οὕτως

2268 5353 2379 5424 (50)
2393 5352 2632 5424 Quinam
2660 5361 2840 5424 autem
2869 5353 3093 5414 fuerint,
3119 5354 3210 5424 qui
3239 5363 3435 5408 contra
3460 5331 3798 5424 Chrysostoj

2196 5413 2691 5510 nnim'T'heophilo
2726 5423 2975 5490 faverint,
3018 5413 3152 5484 vide.
3185 5425 3381 5479 Barea.
3431 5413 3580 5470 tom.
3621 5413 3689 5474 V.
3720 5414 3795 5468 ad

2199 5509 2411 5549 annum-
2434 5494 2560 5548 405.

2275 5565 2387 5634 (31)
2421 5565 2544 5618 Vide
2568 5562 2797 5634 Niceph.
2827 5578 2876 5613 c.
2897 5564 2983 5620 M,
3013 5553 3665 5634 l5,‘l_6,_lib._x.ul;Socr.
3684 5553 3792 5609 lib.

516 5645 638 5706 rum
671 5625 1269 5706 prophetiistanquam
1299 5625 1702 5692 commentitias
1731 5625 1925 5706 reiicit.
1968 5625 2099 5690 Vide
2204 5625 2302 5706 vi;
2324 5625 2380 5689 c.
2406 5633 2511 5700 l4;
2553 5635 2676 5688 Sos.
2707 5625 2813 5686 'lib.
2848 5643 2971 5696 vul,
3003 5644 3051 5684 ε.
3097 5630 3185 5696 lli,
3217 5631 3302 5696 17,
3344 5628 3430 5693 18,
3464 5625 3662 5692 Baron,
3691 5640 3791 5678 an.

522 5695 720 5756 Baron.
749 5695 816 5755 a'd
854 5716 944 5757 an.
979 5699 1104 5758 4οΞ.

2205 5703 2330 5760 405.
