4126 6406
532 287 562 348 ,ι
583 285 674 349 1θῖ

1828 274 2115 335 MENSIS
2153 270 2616 335 JANUARIUS.

3667 274 3787 343 1168

535 409 630 478 qui
689 409 867 478 ipsum
932 403 1168 475 diligunt
1214 403 1279 457 ³³.
1327 398 1534 456 Deinde
1580 397 1826 468 rogabat,
1867 411 1953 450 .ne
2006 393 2131 464 quis

2237 391 2552 448 ἀπολιπεῖν·
2587 391 2701 444 ἀλλ’
2733 391 2787 444 εἰ
2823 391 2875 444 τί
2901 407 2993 460 μοι
3032 388 3126 444 καὶ
3170 391 3489 463 χαρίζεσθαι
3534 392 3790 468 βούλεσθε,

530 517 636 556 sua
669 515 833 556 causa
863 499 1024 554 vellet
1073 511 1228 552 suam
1285 493 1592 562 relinquere
1643 489 1977 545 ecclesiam:
2019 486 2129 542 Sed

537 595 585 649 si
623 593 786 649 vultis
815 591 967 656 mihi,
1006 590 1205 654 aiebat,
1250 584 1559 658 gratiﬁcari,
1592 589 1924 637 mementote
1954 577 2128 634 nostri

538 686 598 738 in
627 683 822 739 vestris
853 679 1212 736 orationibus.
1254 676 1383 732 [imo
1424 673 1635 737 dicens,
1668 678 1959 740 postquam
1993 666 2130 721 vidit

539 791 636 831 eos
659 773 802 830 vinci
832 771 1104 843 lacrymis,
1158 766 1450 824 ecclesiam
1510 772 1716 825 autem,
1760 771 1820 814 ut
1849 757 2021 829 magis
2056 756 2127 811 ita

537 869 738 932 dicam,
759 864 980 930 deﬂere,
1028 878 1124 918 eos
1157 859 1438 917 recreabat
1468 853 1806 926 spiritaliter,
1841 859 1898 906 et
1947 849 2128 903 indice

539 959 777 1022 sinistrae
803 971 997 1011 manus
1020 953 1196 1009 volam
1242 949 1488 1021 pulsans,
1532 955 1592 1001 ut
1631 943 1840 1000 solebat
1867 940 2047 997 facere
2073 939 2128 992 in

537 1050 687 1104 euris
703 1047 902 1103 animi:
924 1044 1090 1108 Satis,
1109 1041 1307 1112 inquit,
1330 1036 1801 1093 lamentationum.
1823 1029 1962 1096 Quid
1981 1026 2127 1082 enim

538 1143 708 1196 vultis
730 1155 826 1196 cor
849 1136 984 1192 mihi
1009 1136 1265 1207 frangere
1290 1133 1313 1186 ?
1343 1130 1449 1185 Sed
1483 1127 1686 1192 videte,
1713 1137 1783 1177 ne
1809 1118 2130 1189 relinquatis

537 1233 821 1296 ecclesias,
878 1230 981 1284 hoc
1006 1228 1174 1291 enim,
1201 1225 1342 1282 sicut
1375 1221 1527 1293 prius
1553 1219 1684 1282 dixi,
1718 1215 1840 1271 volo
1871 1229 1901 1268 a
1951 1211 2126 1273 vobis,

539 1326 586 1381 si
639 1323 771 1395 quid
820 1321 987 1386 aliud,
1030 1318 1167 1373 fieri.
1199 1315 1336 1372 Cum
1365 1323 1548 1368 autem
1579 1310 1808 1366 dixisset
1857 1303 2076 1375 quidam
2111 1317 2125 1354 :

541 1413 650 1470 Sed
676 1427 903 1469 necesse
948 1419 1032 1466 est
1075 1423 1176 1463 nos
1227 1412 1516 1461 manentes
1555 1402 1611 1456 in
1655 1397 1922 1461 ecclesiis,
1973 1408 2126 1450 com-

539 1507 822 1562 municare
844 1519 969 1558 cum
1001 1497 1409 1556 insidiatoribus
1432 1503 1487 1549 et
1519 1494 1649 1548 dare
1679 1502 1904 1544 manum
1933 1485 2126 1540 iisdem

539 1595 1069 1668 subscriptionibus;
1100 1593 1294 1648 beatus
1320 1597 1500 1644 autem
1529 1585 1780 1656 protinus
1807 1599 1820 1637 :
1856 1579 1964 1635 Sed
1997 1593 2127 1649 per-

538 1691 696 1747 mitto
723 1689 967 1759 quidem,
1005 1685 1201 1755 inquit,
1258 1688 1318 1737 ut
1370 1676 1768 1742 communices,
1816 1683 1870 1728 te
1901 1670 2128 1727 omnino

2231 484 2391 538 τοῦτο
2417 480 2556 536 εἶναι
2586 481 2764 536 καὶτὸ
2797 481 3158 553 μνημονεύειν
3210 483 3368 554 ἡμῶν
3411 487 3469 538 ἐν
3503 489 3616 551 ταῖς
3642 507 3790 560 προσ.
3869 475 3871 478 ⁴

2231 578 2442 647 ευχαῖς.
2490 575 2577 638 Ὡς
2607 575 2666 628 δὲ
2695 572 2842 641 ἐώρα
2875 575 3275 645 συγχεομένους
3299 579 3411 640 τοῖς
3439 578 3680 650 δάκρυσι,
3702 585 3790 655 τὴν

2244 667 2574 738 Ἐκκλησίαν
2599 667 2656 720 δὲ
2685 667 2888 737 μᾶλλον
2905 668 3079 719 εἰπεῖν
3117 668 3574 740 ἁποδυρομένους,
3614 682 3793 747 πατριι

2233 762 2346 825 κῶς
2368 759 2736 830 ἀνελάμϐανε,
2761 759 2855 812 καὶ
2881 758 2959 829 τῷ
2983 758 3187 829 λιχανῷ
3219 759 3467 829 δακτύλῳ
3493 763 3585 816 τὸν
3612 768 3793 834 ταρσὸν

2230 853 2331 923 τῆς
2364 853 2662 924 ἀριστερᾶς
2694 851 2876 924 χειρὸς
2910 852 3223 904 ἐπικόπτων
3267 851 3431 923 (οὕτω
3464 854 3570 924 γὰρ
3597 857 3652 908 ἐν
3687 860 3794 921 ταῖς

2231 943 2326 996 ἐπὶ
2359 943 2482 996 νοῦν
2509 942 2789 1012 φροντίσιν
2812 940 2992 994 εἰώθει
3041 941 3259 1010 ποιεῖν),
3312 941 3489 1007 Ἃλις,
3520 940 3655 1010 εἷπε,
3699 937 3795 1000 τῶν

2234 1033 2481 1104 θρήνων·
2518 1033 2572 1085 τί
2604 1049 2706 1102 μου
2739 1031 3101 1103 συνθρύπτειν
3133 1031 3388 1101 βούλεσθε
3421 1033 3518 1102 τὴν
3549 1035 3793 1104 καρδίαν;

2232 1124 2348 1178 ἀλλ’
2381 1127 2531 1188 ὅπως
2553 1125 2651 1188 τὰς
2707 1123 3005 1195 ἐκκλησίας
3042 1124 3116 1194 μὴ
3154 1122 3462 1193 ἀπολίπητε
3488 1141 3501 1154 ο
3525 1124 3678 1179 τοῦτο
3699 1129 3796 1198 γὰρ

2235 1217 2364 1287 ὑμῖν
2409 1214 2504 1280 καὶ
2564 1217 2832 1286 πρότερον
2864 1216 3022 1286 ἔφην.
3079 1214 3340 1278 Εἰπόντος
3385 1215 3441 1268 δέ
3468 1233 3628 1280 τινος,
3671 1217 3795 1271 Ἀλλ’

2233 1307 2448 1378 ἀνάγκη
2475 1308 2594 1370 ταῖς
2621 1306 2941 1376 ἐκκλησίαις
2967 1306 3328 1376 ἐπιμένοντας
3366 1307 3514 1377 ἡμᾶς
3553 1289 3795 1378 κανωνῆο

2234 1415 2325 1453 σαι
2359 1401 2472 1462 τοῖς
2523 1396 2836 1460 ἐπιϐούλοις
2891 1395 3127 1461 τούτοις,
3171 1395 3268 1448 καὶ
3299 1396 3459 1464 χεῖρα
3488 1393 3667 1447 δοῦναι
3693 1398 3797 1458 ταῖς

2233 1491 2378 1554 ἴσαις
2408 1491 2778 1562 ὑπογραφαῖς·
2809 1487 2902 1543 τὸν
2923 1489 3195 1560 μακάριον
3227 1487 3417 1550 εὐθὺς,
3441 1486 3599 1541 Ἀλλὰ
3627 1504 3799 1540 κοινω-

2233 1585 2396 1655 νῆσαι
2433 1584 2551 1654 μὲν,
2588 1583 2785 1650 εἰπεῖν,
2821 1581 3106 1654 ἐπιτρέπω
3135 1582 3298 1652 χάριν
3337 1578 3432 1634 τοῦ
3477 1581 3550 1650 μὴ
3591 1580 3798 1650 σχίσμα-

2231 1695 2324 1740 τος
2363 1677 2509 1748 ὑμᾶς
2565 1677 2772 1739 αἰτίους
2818 1676 3160 1751 καταστῆναι
3197 1678 3262 1746 τῇ
3317 1673 3630 1744 Ἐκκλησίᾳ,
3679 1673 3796 1726 ὑπο-

538 1784 817 1839 abstinens
868 1779 936 1836 ab
992 1776 1243 1833 ecclesiae
1298 1771 1722 1834 schismatibus,
1779 1779 2126 1836 nequaquam

2237 1769 2441 1841 γράψαι
2492 1767 2550 1821 δὲ
2600 1767 2874 1836 οὐδαμῶς.
2941 1766 3170 1820 Σύνοιδα
3224 1767 3335 1838 γὰρ
3397 1765 3545 1818 οὐδὲν
3598 1762 3796 1835 ἐμαυτῷ

538 1883 722 1930 autem
751 1869 1087 1933 subscribas,
1111 1866 1318 1921 nullius
1348 1863 1496 1918 enim
1537 1862 1614 1917 rei
1654 1861 1791 1915 mihi
1831 1874 1953 1914 sum
2004 1872 2127 1912 om-

538 1969 674 2024 nino
702 1965 977 2029 conscius,
1005 1975 1101 2016 cur
1133 1955 1396 2028 depona’r.
1425 1954 1563 2010 Cum
1598 1953 1634 2007 ii
1659 1953 1740 2008 sic
1764 1938 2130 2006 communiter

539 2064 1006 2132 colloquerentur,
1041 2055 1311 2110 accedunt
1340 2050 1564 2132 quidam
1594 2046 1893 2102 alierentes
1921 2042 2130 2096 litteras

539 2174 572 2214 a
599 2130 924 2226 TheOphilo,
955 2163 1190 2222 quarum
1219 2130 1694 2212 erat'inscriptio:
1733 2139 1933 2192 Sancta
1969 2148 2130 2204 syno-

541 2251 645 2306 dus
703 2248 820 2319 ('52)
879 2245 935 2299 in
993 2241 1210 2310 Qucrcu
1267 2243 1612 2308 congregata.
1675 2228 1916 2285 Joanni:
1975 2226 2130 2280 illum

543 2340 763 2412 quidem
805 2336 951 2391 adeo
997 2331 1143 2386 nude
1196 2339 1254 2384 et
1289 2337 1398 2382 tam
1430 2322 1813 2397 ignominiose,
1839 2325 1902 2372 ut
1933 2331 2003 2371 ne
2031 2329 2131 2369 no-

540 2447 672 2487 men
716 2428 938 2500 quidem
987 2424 1182 2480 darent
1225 2418 1490 2492 episcopi,
1517 2423 1672 2470 suam
1710 2419 1894 2467 autem
1943 2421 2130 2463 revera

547 2499 854 2592 improbam
890 2527 1244 2589 synagogam,
1270 2517 1535 2566 vocantes
1559 2513 1800 2560 sanctam
1837 2499 2127 2568 synodum.

548 2613 888 2668 Videbantur
915 2609 1061 2664 enim
1088 2620 1216 2661 eum
1247 2603 1646 2657 condemnasse
1670 2595 1753 2651 vel
1782 2603 1908 2649 ante
1932 2592 2130 2647 dictam

545 2720 794 2769 causam,
834 2701 1068 2757 infames
1130 2697 1341 2754 scilicet
1392 2703 1448 2749 et
1493 2688 1811 2748 exsecrandi
1865 2700 2015 2750 eum,
2073 2683 2131 2738 in

545 2789 712 2871 quem
769 2810 884 2850 non
931 2792 1078 2849 cadit
1124 2785 1532 2860 reprehensio,
1585 2789 1778 2851 estque
1844 2791 2015 2849 purus
2077 2781 2134 2829 et

548 2870 807 2948 mundus.
857 2887 1130 2954 Quidnam
1179 2891 1364 2938 autem
1393 2876 1752 2936 continebant
1783 2889 1863 2928 ea:
1895 2870 2134 2925 litterae?

548 2988 784 3045 Libellos
811 2983 1144 3055 accepimus,
1176 2979 1268 3050 qui
1303 2988 1463 3033 erant
1494 2973 1640 3046 pleni
1699 2970 1887 3026 multis
1941 2975 2133 3023 contra

548 3091 603 3137 te
653 3076 1117 3134 accusationibus.
1169 3073 1396 3143 Oportet
1450 3083 1580 3139 ergo
1631 3074 1684 3120 te
1715 3063 1922 3128 venire,
1956 3063 2024 3117 de
2049 3061 2134 3115 eis

548 3171 892 3226 redditurum
936 3166 1226 3220 rationem.
1261 3162 1344 3216 Ad
1406 3160 1522 3213 haec
1575 3155 1783 3213 Christi
1834 3153 2136 3222 discipulus

547 3275 606 3321 et
660 3263 880 3318 imitans
932 3259 1078 3313 illius
1127 3252 1632 3316 mansuetudinem,
1689 3258 1800 3304 tres
1847 3247 2136 3319 episcopos

543 3373 676 3414 cum
705 3355 920 3411 duobus
948 3349 1282 3422 presbyteris
1339 3345 1507 3400 mittit
1559 3343 1630 3398 ad
1681 3357 1793 3406 eos,
1829 3340 2010 3410 ipsum
2037 3339 2136 3394 de-

543 3449 829 3510 fensuros,
879 3444 1022 3499 sicut
1082 3441 1173 3496 ille
1229 3439 1345 3509 ipse
1399 3436 1594 3494 scribit
1647 3435 1704 3490 in
1749 3432 1976 3504 epistola
2025 3432 2133 3502 (55)

548 3537 619 3590 ad
657 3533 1036 3590 Innocentium
1078 3529 1150 3601 (is
1185 3538 1368 3584 autem
1421 3535 1539 3595 erat
1583 3525 1889 3598 patriarcha
1937 3523 2139 3579 Roma-

552 3628 700 3698 nus),
733 3627 977 3680 Misimus
1013 3624 1081 3678 ad
1110 3622 1334 3693 ipsum,
1383 3619 1593 3684 dicens,
1648 3619 1966 3690 episcopum
2004 3615 2139 3672 Pes-

550 3721 789 3774 sinuntis
844 3717 1199 3780 Demetrium,
1249 3713 1506 3783 Apameae
1550 3709 1851 3782 Enlysium,
1884 3716 1938 3764 et
1972 3708 2140 3779 Apia-

551 3827 659 3867 reae
688 3809 1011 3880 Lucipinum
1040 3808 1184 3880 ('54);
1217 3804 1564 3877 presbyteros
1586 3811 1771 3858 autem
1801 3800 2138 3857 Germanum

552 3913 609 3959 et
643 3903 931 3967 Severum,
975 3914 1101 3955 cum
1153 3912 1240 3964 ea,
1289 3911 1397 3966 qua
1445 3911 1548 3952 nos
1585 3895 1898 3966 oportebat,
1951 3895 2141 3950 mode-

552 3993 766 4049 ratione
795 3989 1214 4062 respondentes,
1243 3997 1300 4044 et
1323 3987 1570 4044 dicentes
1598 4001 1703 4042 nos
1738 4001 1850 4042 non
1884 4001 2141 4042 recusare

548 4083 838 4156 judicium,
870 4081 965 4136 sed
1005 4088 1255 4151 apertum
1286 4079 1568 4134 inimicum
1588 4089 1643 4134 et
1668 4077 1882 4134 hostem
1911 4079 2143 4134 manife-

553 4185 724 4230 stum.
755 4172 859 4239 Qui
884 4172 1033 4228 enim
1060 4171 1309 4226 nondum
1335 4171 1551 4226 libellos
1578 4179 1896 4240 acceperat,
1931 4179 1986 4226 et
2015 4171 2142 4226 talia

554 4268 625 4323 ab
691 4266 846 4321 initio
893 4264 1122 4332 fecerat,
1170 4272 1226 4319 et
1258 4278 1317 4318 se
1343 4263 1413 4319 ab
1444 4262 1704 4319 Ecclesia).
1753 4263 2143 4318 communione

554 4369 609 4416 et
663 4358 1010 4430 precatione.
1045 4356 1369 4422 absciderat,
1417 4362 1765 4410 accusatores
1819 4355 2141 4420 adornabat,

2235 1861 2612 1927 καθαιρέσεως
2683 1861 2856 1924 ἄξιον.
2947 1859 3167 1914 Τούτων
3214 1858 3360 1911 οὕτω
3421 1858 3797 1926 διαλεγομένων

2233 1951 2628 2024 προσέρχονταί
2659 1968 2804 2014 τινες
2842 1950 3147 2021 γράμματα
3187 1951 3340 2020 παρὰ
3371 1949 3624 2017 Θεοφίλου
3653 1948 3795 2018 κομί-

2233 2045 2441 2110 ζοντες,
2471 2037 2603 2116 divi)
2636 2043 2940 2115 ἐπιγραφὴ,
2981 2043 3048 2095 Ἦ
3069 2043 3202 2111 ἁγία
3233 2041 3452 2104 σύνοδος
3483 2043 3515 2112 ή
3549 2042 3634 2093 ἐπὶ
3673 2038 3797 2108 Δρῦν

2233 2138 2688 2208 συναθροισθεῖσα
2711 2137 2792 2208 τῷ
2833 2136 3076 2208 Ἰωάννῃ,
3113 2135 3288 2205 ψιλῶς
3314 2134 3457 2188 οὕτω
3497 2133 3587 2187 καλ⁸
3608 2132 3796 2201 ἀτίμως

2231 2232 2393 2287 αὐτὸν
2413 2230 2779 2300 όνομάζουσα,
2840 2229 2935 2282 καὶ
2971 2227 3108 2298 μηδὲ
3141 2226 3446 2279 ἐπύσκοπον
3479 2223 3694 2289 ἀξιοῦσα
3713 2238 3797 2274 κα-

2231 2324 2366 2378 λεῖν.
2413 2322 2711 2394 Ἐᾠκεισαν
2759 2321 2871 2392 γὰρ
2925 2319 3252 2390 καθαίρεσιν
3296 2317 3464 2371 αὑτοῦ
3514 2313 3794 2384 καταψηφί-

2233 2417 2430 2472 σασθαι
2465 2417 2560 2471 καὶ
2595 2415 2700 2486 πρὸ
2731 2414 3034 2482 ἐξετάσεως
3066 2412 3160 2467 τοῦ
3189 2411 3438 2483 ἀλήπτου
3462 2411 3554 2464 καὶ
3581 2405 3795 2477 καθαρυῦ

2231 2511 2282 2563 οί
2299 2510 2610 2580 ἐπίῤῥητοι,
2625 2507 2722 2561 καὶ
2749 2507 3141 2569 κατάπτυστοι,
3163 2505 3258 2558 καὶ
3279 2503 3491 2575 μυρίων
3510 2497 3798 2566 ἀναπεπλη-

2235 2601 2422 2673 σμένοι
2452 2601 2662 2654 κακῶν.
2681 2599 2778 2663 Τίς
2809 2599 2866 2651 δὲ
2891 2599 2986 2652 καὶ
3009 2598 3170 2669 ἡτῶν
3197 2595 3539 2667 ἐγκειμένων
3553 2594 3793 2661 δύναμι;;

2232 2695 2522 2757 Λιϐέλλους
2541 2692 2843 2764 ἐδεξάμεθα
2869 2691 3009 2745 κατὰ
3032 2689 3126 2744 σοῦ
3149 2689 3364 2743 πολλῶν
3389 2689 3544 2751 ὄντας
3563 2681 3795 2752 αἰτιαμὰ-

2233 2806 2343 2844 των
2363 2786 2616 2858 μεστούς.
2640 2786 2762 2855 Χρὴ
2789 2783 2882 2837 οὖν
2912 2783 3224 2853 ἀπαντῆσαί
3269 2799 3334 2835 σε
3365 2781 3455 2834 τὸν
3482 2779 3614 2848 ὑπὲρ
3640 2775 3796 2828 αὐτῶν

2235 2882 2499 2950 ὑφέξοντα
2526 2879 2705 2946 λόγονι
2739 2877 2883 2948 Πρὸς
2906 2875 3080 2929 ταῦτα
3105 2877 3132 2928 ὁ
3159 2873 3404 2945 Χριστοῦ
3438 2869 3692 2943 μαθητὴς,
3717 2867 3798 2919 καὶ

2235 2973 2334 3044 τὴν
2374 2971 2589 3025 ἐκείνου
2621 2968 2804 3041 ζηλῶν
2830 2969 3155 3032 ἐπιείκειαν,
3195 2969 3352 3037 τρεῖς
3384 2965 3490 3017 τῶν
3515 2961 3798 3016 ἐπισκόπων

2237 3061 2627 3130 ἐξαποστείλας
2651 3061 2768 3131 ἆμα
2785 3059 2933 3113 δυοῖν
2959 3057 3380 3130 πρεσϐυτέρυιν,
3403 3055 3476 3119 ὡς
3498 3053 3650 3115 αὐτὸς
3680 3051 3797 3102 ἐκεῖ·

2237 3175 2328 3222 νος
2353 3160 2411 3212 ἐν
2423 3159 2488 3227 τῇ
2506 3156 2642 3226 πρὸς
2673 3153 3024 3206 Ἰννοκέντιον
3041 3150 3326 3220 ἐπιστολῇ,
3360 3144 3796 3213 Ἀπεστάλκαμεν,

2238 3249 2396 3319 φησι,
2420 3245 2557 3318 πρὸς
2581 3243 2746 3298 αὑτὸν
2795 3241 3096 3295 ἐπίσκοπον
3132 3239 3224 3292 τὸν
3262 3237 3609 3300 Πισινοῦντος
3636 3233 3798 3302 Δημή-

2237 3356 2413 3408 τριον.
2442 3339 2532 3392 τὸν
2567 3336 2878 3408 Ἀπαμείας
2918 3333 3201 3399 Εὑλύσιον,
3232 3334 3334 3388 καὶ
3364 3333 3454 3386 τὸν
3502 3325 3799 3392 Ἀππιαρίας

2239 3431 2570 3486 Λουπικῖνον
2587 3444 2600 3459 ·
2618 3427 2891 3500 πρεσὸυτέ
2900 3443 3026 3498 ρους
3048 3426 3106 3479 δὲ
3152 3425 3439 3495 Γερμανὸν
3460 3425 3550 3477 καὶ
3567 3419 3795 3490 Σεὸἧρον,

2243 3525 2385 3597 μετά
2435 3523 2537 3589 τῆς
2579 3519 2966 3592 προσηκούσης
2995 3521 3130 3590 ἡμῖν
3175 3517 3481 3577 ἐπιεικείας
3527 3509 3798 3582 ἀποκρινό-

2244 3634 2398 3690 μενοι
2450 3618 2545 3670 καὶ
2581 3615 2855 3683 λέγοντες,
2897 3613 2972 3683 μὴ
3025 3612 3421 3682 παραιτεῖσθαι
3467 3608 3661 3680 κρίσιν,
3700 3597 3799 3655 ἀλλ’

2241 3709 2439 3781 ἐχθρὸν
2479 3706 2750 3779 πρόδηλον
2803 3703 2898 3759 καὶ
2965 3705 3228 3775 πολέμιον
3287 3703 3544 3774 φανερόν.
3603 3699 3657 3752 '0
3706 3693 3800 3762 γὰρ

2244 3804 2474 3875 μηδέπω
2503 3799 2784 3862 λιϐέλλους
2822 3797 3141 3869 δεξάμενος,
3171 3797 3268 3850 καὶ
3287 3797 3510 3850 τοιαῦτα
3549 3795 3608 3846 ἐκ
3635 3803 3801 3859 προοι-

2245 3897 2386 3968 μίων
2429 3895 2686 3966 ποιήσας,
2737 3891 2836 3945 καὶ
2884 3891 3206 3962 ἀπορρήξας
3259 3880 3796 3953 ἐαυτὸνἘκκλησίαςι

2243 3967 2565 4052 κοινωνίας,
2629 3983 2830 4056 εὐχῆς,
2881 3984 2977 4036 καὶ
3032 3982 3378 4054 κατηγόρους
3427 3979 3685 4047 ἀλείφων,
3721 3967 3802 4023 καὶ

2243 4082 2446 4152 κλῆρον
2490 4077 2777 4150 μεθιστὰς,
2825 4077 2922 4129 καὶ
2960 4075 3258 4145 ἐκκλησίας
3313 4073 3555 4146 ἐρημῶν,
3594 4066 3700 4128 πῶς
3745 4061 3801 4114 ἂν

2243 4172 2279 4251 ᾗ
2324 4175 2534 4235 δίκαιος
2579 4171 2674 4224 ἐπὶ
2727 4169 2820 4222 τὸν
2865 4167 2960 4221 τοῦ
3007 4165 3265 4220 δικαστοῦ
3290 4167 3479 4238 θρόνον
3516 4157 3802 4231 ἀναὸαίνειν

2243 4244 2542 4338 οὐδαμόθεν
2576 4263 2726 4332 αὐτῷ
2783 4254 3169 4332 προσήκοντας
3212 4261 3348 4314 Οὐδὲ
3383 4259 3488 4327 γὰρ
3537 4244 3801 4308 ἀκόλουθον

2242 4353 2312 4430 ἦν
2335 4337 2426 4412 τόν
2455 4355 2512 4422 ἐξ
2547 4353 2825 4424 Αἰγύπτου
2851 4355 2963 4416 τοῖς
2989 4353 3046 4405 ἐν
3086 4353 3278 4425 Θρᾴκῃ
3319 4351 3581 4415 δικάζειν,
3615 4337 3802 4397 καὶτὸν

554 4453 764 4507 clerum
809 4447 1239 4514 transmovebat,
1289 4454 1346 4501 et
1401 4445 1648 4500 desertas
1690 4444 2135 4499 reddebateecle-

2249 4451 2551 4507 ὑπεύθυνον
2599 4447 2806 4510 αἰτίαις
2857 4447 2986 4500 ὄντα
3037 4448 3130 4500 καὶ
3173 4446 3370 4518 ἐχθρὸν
3417 4445 3511 4499 καὶ
3549 4436 3799 4506 πολέμιον.

549 4544 666 4598 sias
698 4560 713 4598 :
753 4542 1027 4613 quomodo
1057 4539 1104 4596 is
1141 4541 1267 4611 jure
1315 4537 1557 4610 potuerit
1607 4537 1907 4593 ascendere
1953 4538 2140 4592 sedem

553 4635 774 4707 judicis,
808 4650 930 4705 quae
965 4633 1035 4688 ad
1062 4647 1186 4688 eum
1217 4631 1440 4686 minime
1468 4630 1746 4701 pertinet?
1774 4627 1962 4700 Neque
1992 4631 2140 4684 enim

553 4737 675 4806 erat
711 4736 1168 4792 consentaneum,
1231 4734 1292 4778 ut
1344 4723 1436 4794 qui
1483 4739 1547 4778 ex
1586 4721 1820 4794 Egypto
1858 4729 1976 4777 erat
2013 4737 2140 4792 pro-

559 4821 753 4881 fectus,
787 4828 934 4876 esset
964 4819 1134 4890 judex
1180 4817 1267 4880 iis,
1321 4817 1414 4887 qui
1468 4826 1627 4871 erant
1688 4817 1744 4870 in
1800 4813 2054 4880 Thracia,
2093 4822 2149 4869 et

557 4915 648 4982 qui
693 4913 805 4982 ipse
828 4921 947 4966 erat
973 4926 1099 4965 rens
1123 4909 1405 4978 hostisque
1433 4918 1486 4962 et
1507 4908 1786 4963 inimicus.
1818 4905 1926 4962 Sed
1963 4916 2146 4961 tamen

558 5005 696 5060 nihil
751 5005 945 5058 horum
1005 5002 1295 5066 reveritus,
1353 5000 1448 5056 sed
1502 4999 1732 5068 implere
1770 4999 1998 5054 studens
2057 5012 2144 5063 ea,

557 5105 995 5169 quae-statuerat,
1052 5110 1175 5151 cum
1224 5108 1326 5148 nos
1382 5092 1842 5165 signiﬁcassemus
1905 5107 2025 5148 esse
2050 5106 2148 5160 pa-

560 5198 710 5244 ratos
751 5189 960 5244 diluere
988 5190 1218 5244 crimina
1244 5189 1329 5245 vel
1357 5189 1503 5243 mille
1542 5196 1596 5242 et
1638 5197 1856 5244 centum
1908 5192 2150 5258 priesen-

559 5282 708 5338 tibus
738 5281 1030 5354 episcopis,
1059 5290 1114 5336 ct
1143 5298 1246 5339 nos
1275 5300 1441 5356 puros
1489 5297 1613 5339 esse
1664 5284 1977 5350 ostendere,
2008 5281 2150 5336 sicut

631 5445 679 5482 δ’
703 5446 824 5503 Act.
870 5461 981 5513 xtv,
1011 5445 1106 5502 Ἦ.

634 5603 746 5672 (52)
777 5602 1030 5686 Synodus
1083 5619 1230 5686 anno
1254 5605 1412 5686 ιοξρ
1447 5602 1705 5686 Τὴεοριι..
1733 5613 2096 5686 congregatur
2125 5619 2146 5686 ξ

562 5675 630 5755 ad
659 5674 833 5740 quam
853 5675 1052 5755 cit-ator
1074 5674 1311 5755 Joannes
1335 5675 1553 5755 Christ
1577 5675 1650 5728 Ile
1694 5675 1794 5728 hac
1829 5674 2039 5744 synodo
2080 5674 2146 5726 ad

567 5746 839 5806 Quercuut
886 5744 1092 5815 habita,
1119 5746 1243 5805 vide
1294 5756 1424 5802 tom.
1451 5744 1482 5799 ‘l
1516 5745 1670 5800 Conc.
1703 5760 1820 5813 gen.
1853 5745 1956 5800 sub
1980 5747 2147 5799 lnno-

2260 4542 2399 4596 Ἀλλ’
2427 4544 2576 4612 ὅμως
2607 4534 2761 4592 οὐδὲν
2811 4537 3018 4591 τούτων
3057 4539 3361 4606 αἰδεσθεὶς,
3409 4536 3523 4592 ἀλλ’
3562 4533 3697 4597 ἅπερ
3724 4523 3804 4592 βε·

2249 4635 2542 4700 δούλευτο,
2591 4630 2878 4704 πληρῶσαι
2923 4631 3423 4702 κατεπειγόμενος,
3469 4624 3620 4698 ἡμῶν
3654 4615 3805 4685 δηλω-

2251 4728 2460 4782 σάντων
2482 4725 2564 4779 ὃτι
2597 4723 2807 4794 ἐτοιμοι
2837 4722 2930 4776 καὶ
2959 4723 3154 4776 ἐκατὺν
3179 4725 3274 4777 καὶ
3301 4722 3487 4793 χιλίων
3515 4710 3804 4770 ἐπισκόπων

2245 4819 2534 4891 παρόντων
2590 4814 2968 4870 ἀποδύσασθαι
3023 4814 3092 4867 τὰ
3134 4814 3473 4886 ’ἐγκλήματα
3517 4807 3606 4860 καὶ
3651 4800 3804 4862 δεῖξαι

2245 4887 2521 4981 καθαροὺς
2551 4907 2710 4971 ὄντας
2735 4909 2982 4974 ἑαυτοὺς,
3016 4907 3206 4977 ὥσπερ
3237 4906 3329 4960 οὖν
3376 4905 3470 4959 καὶ
3511 4896 3687 4968 ἐσμὲν,
3717 4887 3805 4940 οὐκ

2246 5004 2526 5075 ἠνέσχετο,
2583 5001 2699 5054 ἀλλ’
2740 5002 2994 5054 ἀπόντων
3029 4999 3192 5070 ἡμῶν
3235 4999 3329 5053 καὶ
3375 4993 3586 5050 σύνοδον
3631 4987 3806 5036 ἐπικα-

2245 5096 2339 5151 λου
2350 5099 2549 5168 μένων,
2564 5094 2662 5148 καὶ
2681 5093 2861 5166 κρίσιν
2883 5091 3309 5162 ἐπιζητούντων,
3336 5090 3427 5144 καὶ
3447 5086 3544 5138 οὐκ
3567 5073 3805 5144 ἀκρόασιν

2248 5164 2582 5259 φευγόντων,
2615 5164 2730 5242 ἀλλ⁴
2761 5187 3060 5258 ἀπέχθειαν
3084 5181 3459 5257 φανερὰν,καὶ
3487 5164 3804 5259 κατηγόρους

2252 5251 2496 5355 ἐδέχετο,
2531 5251 2628 5336 καὶ
2672 5281 2802 5346 τοὺς
2839 5251 2972 5351 παρ’
3008 5251 3143 5350 ἐμοῦ
3179 5251 3500 5348 γενομένους
3530 5251 3802 5320 ἀκοινωνή·

2255 5603 2552 5743 ςθῗῖξδξὶῖκ
2586 5671 2814 5745 epistola
2837 5669 3120 5745 Chrys..ad
3160 5663 3536 5725 Innocentium
3567 5651 3765 5714 Paltaln'

2332 5747 2442 5816 (54)
2478 5745 2560 5800 Al.
2593 5745 2930 5814 Lupicinum.
