4126 6440
376 473 515 540 1169
604 480 609 487 ’

1363 473 1536 536 νιΤΑ
1583 472 1642 532 s.
1686 469 2009 532 JOANNIS
2044 435 2604 533 cnnvsosroiui.

3495 469 3630 533 117)

365 608 490 654 τους
518 589 674 643 ἔλυσε
729 589 826 644 καὶ
881 588 1011 660 παρ’
1059 584 1240 641 αὐτῶν
1272 584 1498 638 ἐκείνων
1548 583 1657 638 τῶν
1689 582 1843 637 οὔπω
1873 583 1940 637 τὰ

2056 598 2193 638 [ωηο
2215 598 2427 648 sumus,
2460 598 2569 638 non
2618 597 2812 655 passus
2838 592 2961 639 est:
3000 582 3093 638 sed
3127 581 3286 637 nobis
3313 578 3637 636 absentibus

365 683 692 753 ἐγκλήματα
747 680 1159 752 διαλυσαμένων
1204 679 1483 741 λιϐέλλους
1513 676 1820 747 ἐλάμϐανε,
1852 676 1946 730 καὶ

365 772 744 844 ὑπομνήματα
780 771 1049 844 ἔπραττεν
1071 810 1086 835 ,
1118 771 1262 840 άπερ
1293 770 1475 824 πάντα
1520 767 1672 839 παρά
1704 767 1947 821 κανόνων

365 862 691 918 ἀκολουθίαν
722 859 812 935 ἦν.
835 861 999 916 Ἀλλὰ
1033 860 1202 916 ταῦτα
1236 861 1337 933 μὲν
1364 862 1461 916 καὶ
1483 860 1552 916 τὰ
1581 859 1709 931 ἑξῆς
1738 859 1771 931 ή
1807 858 1946 929 καλὴ

365 953 590 1022 διέξεισι
617 954 860 1025 γλῶττα,
892 954 987 1009 καὶ
1013 954 1165 1024 παρά
1192 953 1352 1007 τοῦτο
1371 954 1433 1008 ού
1455 954 1536 1008 δεῖ
1562 952 1743 1021 λέγειν
1776 953 1943 1022 ἡμᾶς,

368 1047 546 1116 παρὸν
568 1046 786 1117 ἐκείνης
814 1043 1058 1101 ἀκούειν.
1094 1042 1565 1112 Ἀπαγγελθείσης
1594 1041 1651 1095 δὲ
1675 1041 1789 1104 τοῖς
1819 1039 1948 1110 περὶ

366 1139 630 1207 Θεόφιλον
680 1140 780 1213 τῆς
831 1138 1151 1208 ἀπολογίας,
1202 1137 1359 1192 αὐτοὶ
1397 1136 1495 1208 τὴν
1525 1135 1786 1207 ἀλήθειαν
1838 1132 1948 1188 τῶν

364 1230 675 1301 εἰρημένων
695 1230 796 1297 οὐκ
832 1232 1172 1299 ἐνεγκόντες,
1197 1223 1320 1283 εἶτα
1352 1226 1498 1282 κατά
1532 1225 1639 1282 τῶν
1669 1225 1945 1281 ἀπεσταλ-

369 1323 550 1394 μένων
604 1322 708 1394 τὴν
747 1320 919 1394 ὀργὴν
955 1323 1198 1388 ἐκένουν,
1257 1320 1355 1375 καὶ
1378 1305 1687 1392 ’λαϐόμενοι
1742 1317 1947 1373 τούτων

365 1410 570 1482 ἔτυψάν
596 1429 655 1465 τε
706 1414 799 1466 καὶ
845 1413 1081 1485 χιτῶνας
1127 1412 1307 1467 αὐτῶν
1344 1411 1676 1482 διέρῤηξανο
1722 1409 1859 1482 πρὸς
1889 1409 1948 1464 δὲ

366 1504 463 1558 καὶ
505 1505 747 1577 σιδήροις
801 1504 920 1570 ἐνὸς
968 1499 1060 1560 τὸν
1092 1505 1364 1578 τράχηλον
1400 1503 1749 1574 περιέϐαλον,
1801 1503 1947 1575 ἅπερ

365 1596 559 1668 ἔτυχον
582 1599 705 1651 τότε
725 1599 803 1670 τῷ
829 1598 1144 1670 πατριάρχῃ
1168 1616 1243 1652 πα
1251 1598 1709 1669 ρασκευάσαντες.
1734 1596 1808 1649 Oti
1840 1594 1946 1666 μὴν

369 1689 501 1744 ἀλλά
536 1690 632 1746 καὶ
685 1690 780 1746 τοῦ
831 1691 1068 1762 πονηροῦ
1099 1690 1272 1760 ταύτῃ
1304 1689 1580 1753 διαθέντος
1630 1689 1810 1743 αὐτῶν
1848 1688 1948 1761 τὴν

367 1782 620 1854 καρδέαν,
676 1784 772 1837 καὶ
825 1784 1039 1853 φυγάδα
1084 1780 1272 1837 τοῦτον
1306 1784 1365 1835 ἐν
1394 1783 1593 1851 ἀφανεῖ
1644 1781 1947 1836 καθιστῶσι

366 1874 545 1950 τόπῳ,
581 1875 649 1929 τὰ
707 1874 902 1946 σίδηρα
957 1877 1115 1929 ταυτὶ
1168 1873 1656 1946 περιϐεϐλημένον.
1702 1871 1945 1927 Ἐκείνου

2053 682 2109 730 et
2134 675 2400 747 synodum
2427 675 2830 743 invocantibus,
2852 682 2907 732 et
2923 675 3190 746 judicium
3213 672 3636 745 requirentibus,

2051 775 2108 819 et
2144 780 2253 819 non
2283 764 2621 821 auditionem
2658 765 3016 839 fugientibus,
3059 766 3156 823 sed
3196 774 3415 838 apertas
3450 764 3638 823 inimi-

2053 857 2233 922 citias,
2266 857 2490 913 admisit
2527 867 2900 923 accusatores,
2945 867 3002 914 et
3045 873 3140 914 eos
3183 857 3276 929 qui
3318 871 3640 913 excommu-

2052 948 2217 1003 nicati
2246 964 2275 1003 a
2306 963 2397 1004 me
2447 948 2687 1016 fuerant,
2720 950 2979 1017 absolvit,
3010 949 3159 1005 etab
3209 949 3276 1005 iis
3337 949 3496 1020 ipsis,
3545 949 3638 1019 qui

2052 1038 2296 1094 nondum
2352 1039 2583 1099 crimina
2652 1040 2950 1105 diluerant,
3008 1040 3220 1112 accepit
3286 1040 3519 1106 libellos,
3583 1049 3640 1096 et

2053 1133 2232 1205 exegit
2296 1135 2768 1191 commentarios:
2821 1151 2944 1206 quze
2993 1134 3213 1206 quidem
3263 1142 3421 1190 erant
3455 1134 3640 1189 omnia

2053 1236 2253 1299 praeter
2274 1242 2545 1283 canonum
2573 1229 3041 1300 consequentiam.
3074 1228 3181 1285 Sed
3236 1229 3355 1285 haec
3396 1227 3639 1300 quidem,

2052 1326 2109 1373 et
2135 1333 2259 1388 qua:
2287 1317 2548 1389 deinceps
2577 1331 2901 1390 sequuntur.
2948 1304 3165 1392 egregia
3208 1318 3303 1375 illa
3341 1319 3526 1392 lingua
3554 1310 3644 1376 re-

2053 1418 2278 1465 censet:
2320 1418 2376 1465 et
2416 1410 2540 1465 ideo
2563 1426 2674 1466 non
2702 1426 2842 1482 opus
2869 1419 2974 1477 est,
3016 1421 3078 1467 ut
3123 1427 3187 1468 ea
3226 1427 3327 1468 nos
3372 1412 3640 1480 dicamus,

2053 1516 2178 1557 cum
2207 1500 2352 1556 illam
2383 1502 2575 1557 audire
2620 1502 2801 1560 liceat.
2835 1501 3038 1560 Verum
3071 1505 3216 1559 enim
3257 1518 3390 1560 vero
3433 1519 3643 1561 renun-

2054 1593 2187 1649 tiata
2239 1593 2568 1652 defensione
2629 1596 2722 1663 iis,
2776 1596 2869 1668 qui
2918 1606 3079 1653 erant
3138 1611 3264 1652 cum
3312 1594 3651 1667 Theophila,

2056 1685 2161 1756 ipsi
2185 1703 2295 1741 non
2320 1687 2559 1745 ferentes
2580 1688 2864 1744 veritatem
2897 1704 3114 1755 eorum,
3138 1703 3261 1758 qua
3290 1687 3649 1761 dicebantur,

2058 1779 2356 1850 (quomodo
2398 1780 2567 1846 enim,
2601 1781 2695 1852 qul
2745 1797 2896 1852 spem
2927 1791 3225 1853 posuerant
3269 1780 3641 1846 mendacium,

2054 1880 2116 1926 ut
2151 1870 2228 1926 ait
2256 1870 2454 1928 beatus
2484 1871 2655 1929 Isaias
2680 1873 2757 1937 ",'
2781 1881 2837 1927 et
2885 1873 3272 1944 exspectabant
3320 1873 3455 1941 fore,
3489 1882 3548 1929 ut
3575 1889 3642 1930 eo

333 1947 680 2047 ‘sowapoﬁv,
706 1966 782 2031 ὡς
823 1966 1172 2039 προείρηται,
1206 1966 1404 2029 αὐτοὺς
1447 1965 1568 2035 μέν,
1594 1964 1690 2020 ἆτε
1723 1965 1950 2037 ἐχθροὺς

2056 1969 2369 2035 tegerentur
2388 1963 2433 2036 ?)
2493 1963 2632 2021 iram
2692 1964 3009 2021 effuderunt
3067 1965 3123 2031 in
3182 1980 3302 2032 eos,
3353 1965 3445 2037 qui
3485 1968 3638 2024 missi

371 2059 563 2129 σαφεῖς
610 2056 775 2123 ὄντας
810 2055 1274 2127 παραιτουμένου,
1309 2055 1527 2110 σύνοδον
1568 2054 1624 2111 δὲ
1658 2057 1951 2119 κανονικὴν

368 2149 826 2222 ἐπικαλουμένου,
842 2150 895 2205 οἱ
913 2151 1097 2220 ταχεῖς
1119 2140 1260 2220 αἷμα
1285 2149 1498 2220 ἐκχέαι,
1518 2149 1613 2203 καὶ
1645 2148 1721 2220 μὴ
1744 2148 1946 2219 παρόν-

368 2258 458 2306 τος
479 2241 615 2312 μηδέ
637 2240 697 2294 τὸ
716 2257 792 2293 πα
799 2240 983 2312 ράπαν
1002 2257 1053 2294 τι
1079 2238 1521 2311 ἀπολογουμένου
1545 2239 1954 2311 καταψηφίζον-

366 2351 480 2402 ται,
502 2334 681 2405 σαθρά
704 2351 824 2388 τινα
841 2333 983 2401 λίαν,
1000 2333 1096 2388 τοῦ
1115 2334 1410 2405 ἀγγελικοῦ
1436 2334 1790 2396 κατειπόντες
1811 2333 1949 2404 βίου,

368 2424 658 2490 παίζουσιν
686 2425 931 2491 ἐοικότες
958 2425 1213 2497 μᾶλλονῆ
1244 2424 1630 2492 σπουδάζουσι,
1652 2426 1747 2480 καὶ
1768 2426 1867 2497 τὴν
1895 2426 1951 2479 ἐν

371 2516 570 2591 μακρῷ
598 2517 776 2591 χρόνῳ
802 2517 1294 2590 διαμελετηθεῖσαν
1322 2518 1523 2573 κακίαν
1553 2519 1611 2570 ἐν
1641 2517 1742 2590 μιᾷ
1768 2516 1955 2590 ἡμέρᾳ

372 2609 687 2665 συντελέσαι
708 2609 1072 2683 σπεύσαντες.
1100 2609 1286 2665 Δειλδν
1314 2611 1422 2683 γάρ
1455 2626 1507 2664 τι
1541 2608 1601 2663 τὸ
1629 2608 1823 2678 ψεῦδος
1861 2611 1954 2663 καὶ

369 2701 556 2765 δεινῶς
574 2681 871 2772 εὖπτόητον
891 2716 905 2730 '
928 2701 1121 2771 ἀμέλει
1146 2700 1241 2754 καὶ
1266 2699 1362 2772 τὴν
1385 2681 1584 2771 πρᾶξιν
1605 2698 1953 2771 ἐπιταχύνειν

370 2790 716 2863 οίδε,φεῦγον
730 2793 822 2847 τὸν
852 2788 1245 2865 ἐλεγχον.Είτα
1268 2792 1603 2863 σκεψάμενοι
1627 2793 1722 2846 καὶ
1748 2793 1841 2846 τὸν
1860 2792 1955 2864 βα-

375 2888 526 2941 σιλέα
550 2890 848 2960 συνήγορον
876 2888 974 2959 τῆς
1008 2888 1195 2960 ψήφου
1213 2877 1578 2952 λαϐεῖν,ῶστε
1607 2887 1953 2959 ἰσχυρότερον

2052 2055 2272 2111 fuerant
2307 2074 2320 2110 :
2363 2071 2571 2128 eosque
2613 2056 3018 2129 apprehensus:
3042 2057 3399 2114 vehementer
3441 2058 3639 2115 verbe-

2051 2158 2264 2217 rarunt,
2297 2159 2355 2206 et
2378 2165 2570 2210 eorum
2606 2151 2822 2206 tunicas
2865 2151 3222 2222 disruperunt
3252 2168 3267 2205 :
3307 2150 3439 2222 quin
3469 2151 3636 2207 etiam

2053 2242 2218 2311 ferro,
2270 2244 2416 2315 quod
2444 2254 2573 2300 tunc
2618 2250 2878 2316 pararant
2907 2244 2960 2299 in
2995 2243 3384 2314 patriarcliam,
3436 2243 3641 2300 collum

2052 2336 2218 2393 unius
2268 2336 2748 2392 circumdederunt
2786 2353 2800 2390 :
2836 2336 2970 2407 quin
2996 2335 3157 2391 etiam
3205 2351 3328 2391 cum
3372 2335 3643 2408 malignus

2052 2443 2244 2485 eorum
2270 2430 2434 2486 corda
2457 2429 2538 2486 sic
2559 2428 2854 2494 affecisset,
2884 2443 3011 2484 eum
3033 2429 3257 2485 mittunt
3285 2429 3339 2483 in
3365 2428 3643 2494 exsilium,

2053 2521 2109 2577 in
2143 2523 2438 2593 quemdam
2465 2523 2649 2578 locum
2703 2522 3000 2578 obscurum
3042 2530 3096 2577 et
3137 2520 3440 2587 occultum,
3493 2519 3642 2577 ferro

2053 2614 2134 2671 sic
2187 2612 2612 2669 circumdatum.
2666 2603 2954 2683 illoergo
2995 2626 3112 2677 eos,
3147 2618 3206 2665 ut
3240 2610 3498 2677 diximus,
3550 2624 3644 2666 re.-

2052 2714 2304 2772 cusante,
2335 2712 2590 2773 tanquam
2630 2710 2852 2773 apertos
2889 2702 3160 2766 inimicos,
3184 2702 3510 2757 canonicum
3540 2716 3642 2757 au.-

2056 2807 2164 2853 tem
2217 2797 2509 2851 invocante
2561 2795 2893 2866 concilium,
2947 2794 3039 2864 qui
3096 2803 3254 2849 erant
3309 2794 3523 2850 veloces
3576 2794 3644 2849 ad

2052 2887 2447 2945 effundendum
2479 2887 2824 2959 sanguinem,
2853 2885 3017 2941 etiam
3049 2901 3159 2940 non
3198 2894 3520 2954 praesentem
3548 2893 3645 2941 aut

372 2977 544 3034 θεῖναι
565 2978 625 3033 τὸ
658 2977 1120 3050 σπουδαζόμενον,
1153 2977 1426 3041 συλλαϐὰς
1459 2976 1608 3050 αὐτῷ
1640 2978 1952 3049 πέμπουσιν

2056 2980 2257 3052 aliquid
2293 2979 2715 3051 respondentem
2772 2978 3164 3041 condemnant,
3214 2992 3339 3033 cum
3370 2976 3644 3032 imbecilla

369 3070 545 3136 οὓτως
576 3071 835 3142 ἐχούσας·
868 3070 1096 3144 Ἐπειδὴ
1124 3070 1527 3144 κατηγορηθεὶς
1567 3069 1821 3141 Ἰωάννης
1858 3071 1954 3125 καὶ⁵

375 3160 553 3232 ἐαυτῷ
577 3161 791 3232 χαλεπά
827 3160 1085 3225 συνειδὼς
1110 3161 1248 3217 ἄλλα
1273 3179 1331 3215 τε
1361 3161 1612 3230 πλεῖστα,
1638 3155 1731 3216 καὶ
1756 3163 1838 3216 ὅτι
1859 3161 1954 3216 καὶ

374 3253 755 3319 καθοσιώσεως
801 3254 952 3326 αίτίᾳ
1002 3253 1289 3309 ὑπόκειται
1325 3255 1679 3329 (καθοσίωσιν
1711 3256 1769 3311 δέ
1802 3255 1951 3311 ἄντι-

371 3362 508 3415 κρυς
541 3345 642 3418 τὴν
668 3347 807 3419 πρὸς
834 3348 935 3418 τὴν
963 3346 1215 3419 βασιλίδα
1239 3347 1505 3421 διαφορὰν
1527 3348 1830 3421 ὠνόμαζον)
1853 3348 1955 3404 οὐκ

372 3437 605 3510 ἠθέλησε
655 3439 792 3511 πρδς
844 3440 945 3510 τὴν
1002 3438 1221 3496 σύνοδον
1257 3440 1590 3512 ἀπαντῆσαι,
1648 3440 1736 3495 διὰ
1780 3439 1954 3495 ταῦτα

375 3529 506 3598 γοῦν
535 3531 632 3585 καὶ
662 3533 803 3586 κατά
831 3533 1033 3586 κανόνα
1071 3531 1171 3605 ἤδη
1201 3532 1514 3607 καθῃρέθη·
1547 3533 1643 3587 καὶ
1678 3532 1739 3586 τὸ
1767 3530 1953 3588 λειπό-

378 3639 539 3693 μενον
566 3623 719 3678 οὐδὲν
753 3623 961 3697 ἕτερον,
986 3624 1019 3695 ἢ
1046 3625 1339 3697 ἐπιτρέψαι
1368 3624 1428 3679 τὸ
1458 3625 1722 3696 ὑμέτερον
1753 3628 1954 3695 κράτος

375 3715 470 3768 καὶ
503 3713 707 3768 ἄκοντα
747 3715 938 3770 τοῦτον
967 3717 1047 3780 είς
1105 3715 1208 3786 τὴν
1257 3716 1556 3787 ὑπερορίαν
1590 3714 1950 3787 ἀπελαθῆναι.

377 3807 563 3864 Ταῦτα
616 3810 725 3862 τῶν
758 3807 941 3862 καλῶν
989 3808 1220 3880 ίερέων,
1284 3808 1381 3862 καὶ
1436 3806 1679 3880 βραδέων
1735 3807 1835 3878 μέν
1873 3808 1955 3872 είς

375 3901 546 3972 ὀργὴν
578 3901 907 3969 ὀφειλόντων
940 3895 1105 3968 εἶναι,
1141 3898 1352 3971 ταχέων
1378 3899 1435 3953 δέ
1474 3901 1555 3964 είς
1587 3900 1953 3972 χρηστότητα,

377 3987 452 4046 ὦν
482 3993 534 4046 οί
582 3991 795 4057 ὀδόντες
838 3991 1000 4056 ὅπλα,
1035 3991 1129 4046 καὶ
1165 3990 1318 4062 βέλη,
1348 3992 1444 4045 καὶ
1475 3990 1510 4061 ἡ
1539 3990 1781 4061 γλῶσσα,
1811 3991 1956 4046 κατά

375 4084 437 4137 τὸ
463 4086 607 4138 θεῖον
645 4085 818 4138 εἰπεῖν
843 4083 1048 4154 λόγιον,
1089 4083 1336 4155 μάχαιρα
1371 4082 1541 4148 ὀξεῖα.
1572 4079 1705 4137 Εἶτα
1739 4082 1956 4156 ἐπιτρέ·

376 4176 579 4245 ψαντος
603 4175 892 4248 Ἀρκαδίου
918 4174 1303 4247 (πεπιστεύκει
1337 4175 1448 4248 γὰρ
1471 4174 1548 4240 ὡς
1580 4175 1817 4248 ἱερεῦσιν
1851 4178 1954 4231 a5-

375 4268 512 4335 τοῖς,
549 4267 764 4338 ἀγνοῶν
806 4267 890 4321 ὅτι
927 4269 995 4321 τὰ
1050 4266 1237 4339 κρυφῆ
1271 4266 1368 4322 καὶ
1409 4268 1556 4322 κατά
1583 4268 1819 4323 διάνοιαν
1857 4269 1958 4341 οὐχ

378 4356 642 4428 ίερεῦσιν,
684 4356 825 4412 ἀλλὰ
867 4356 1163 4431 ἱεροσύλοις
1197 4358 1402 4431 μᾶλλον
1434 4359 1675 4425 ἐοικότες
1714 4359 1868 4432 εἰσὶ),
1903 4360 1957 4416 τί

383 4450 622 4517 viveret;
657 4451 902 4504 Κινεῖται
935 4450 1034 4520 μὲν
1065 4449 1211 4515 ἅπας
1235 4454 1265 4506 ό
1288 4451 1484 4523 δῆμος,
1515 4438 1612 4507 καὶ
1645 4454 1725 4519 είς
1752 4452 1956 4525 πολλὴν

2053 3074 2299 3146 quaedam
2332 3072 2616 3129 maledicta
2647 3072 2704 3127 in
2755 3073 2940 3144 vitam
2970 3071 3378 3144 congessissent
3432 3070 3644 3143 angeli-

2054 3180 2196 3232 cam,
2234 3164 2337 3221 visi
2373 3163 2558 3236 potius
2595 3163 2808 3229 ludere,
2840 3178 3012 3234 quam
3039 3160 3185 3219 serio
3211 3176 3396 3234 agere,
3432 3170 3487 3217 et
3520 3176 3645 3232 qua:

2058 3259 2223 3330 longo
2245 3264 2491 3329 tempore
2521 3256 2793 3311 instructa
2832 3264 2893 3313 et
2939 3254 3193 3310 ordinata
3240 3253 3441 3323 fuerat,
3487 3254 3644 3320 mali?

2062 3351 2191 3408 tiam
2249 3366 2359 3406 uno
2409 3350 2498 3406 die
2549 3357 2757 3405 temere
2791 3349 3075 3405 studentes
3110 3347 3359 3410 effectam
3395 3347 3642 3404 reddere.

2055 3442 2166 3500 Res
2231 3450 2316 3500 est
2365 3441 2515 3515 enim
2563 3440 2752 3498 timida
2790 3440 3158 3508 mendacium,
3204 3447 3261 3497 et
3314 3456 3436 3512 quae
3486 3440 3646 3496 facile

2056 3545 2238 3609 potest
2291 3535 2524 3593 terreri:
2582 3542 2640 3591 et
2703 3535 2828 3592 ideo
2890 3535 3170 3591 actionum
3232 3533 3643 3591 exsecutionem

2057 3629 2207 3685 novit
2237 3628 2565 3694 accelerare,
2607 3626 2824 3701 fugiens
2864 3627 3111 3694 omnino,
3161 3641 3244 3683 ne
3262 3627 3642 3683 convincatur.

2057 3722 2412 3795 Deinde_cum
2443 3722 2895 3805 considerassent
2941 3721 3059 3778 fore
3100 3720 3202 3778 sibi
3244 3720 3396 3786 utile,
3440 3721 3487 3776 si
3542 3720 3646 3775 ha-

2058 3814 2253 3870 berent
2316 3813 2719 3884 imperatorem.
2763 3829 2878 3870 suae
2927 3812 3273 3870 defensorem
3331 3812 3644 3880 sententiae,

2057 3914 2118 3961 ut
2170 3906 2317 3977 quod
2371 3907 2624 3978 improbe
2676 3906 2974 3971 faciebant.
3029 3906 3335 3963 redderent
3390 3904 3647 3972 validius,

2058 3998 2128 4055 ad
2174 4014 2300 4054 eum
2333 3999 2557 4054 mittunt
2595 3999 2804 4055 litteras
2824 3998 2879 4054 in
2917 4001 3059 4055 hanc
3090 3994 3415 4054 sententiam
3445 4013 3461 4050 :
3497 3993 3646 4062 Quo-

2058 4093 2204 4147 niam
2239 4100 2528 4148 accusatus
2567 4093 2829 4160 Joannes,
2864 4103 2919 4148 et
2954 4093 3057 4148 sibi
3094 4105 3217 4147 cum
3255 4089 3485 4145 aliorum
3522 4086 3644 4158 plu-

2060 4184 2325 4241 rimorum
2356 4187 2631 4253 conscius,
2664 4194 2779 4241 tum
2824 4185 3009 4250 etiam,
3037 4183 3185 4256 quod
3236 4183 3309 4240 sit
3349 4197 3475 4238 reus
3502 4181 3647 4237 laeta

2059 4266 2362 4350 maiestatis
2404 4279 2591 4335 laesam
2653 4278 2814 4349 plane
2858 4277 3204 4348 maiestatem
3274 4273 3648 4338 nominantes,

2058 4390 2180 4445 quae
2217 4374 2269 4429 ei
2301 4386 2425 4429 cum
2450 4369 2798 4441 imperatrice
2824 4369 3001 4425 fuerat
3027 4365 3502 4436 controversiam),
3530 4379 3652 4419 non.

2059 4465 2239 4537 potuit
2285 4462 2388 4533 sibi
2451 4462 2804 4534 persuadere,
2837 4469 2896 4517 ut
2957 4459 3168 4517 veniret
3214 4458 3284 4515 ad
3331 4456 3598 4530 synodum
3626 4471 3651 4520 ι

377 4541 594 4615 ἀθρόως
630 4543 822 4599 στάσιν
856 4542 1189 4598 άνάπτεται·
1220 4545 1315 4598 καὶ
1343 4543 1503 4599 τοῦτο
1536 4544 1638 4615 μὲν
1666 4544 1763 4600 τοῦ
1804 4545 1952 4617 βασι-

2060 4565 2349 4628 propterea
2396 4554 2440 4610 si
2470 4564 2661 4610 exacte
2687 4553 3111 4610 considerentur
3139 4562 3404 4613 canones,
3426 4547 3540 4619 jam
3563 4555 3651 4602 est

376 4635 516 4700 λέως
554 4635 821 4707 καταϐοᾷ,
860 4634 1022 4689 τοῦτο
1066 4635 1124 4690 δὲ
1169 4635 1265 4689 καὶ
1312 4634 1574 4705 Θεοφίλου
1612 4637 1812 4708 μᾶλλον
1857 4637 1952 4709 τὴν

2064 4649 2365 4721 depositus,
2390 4645 2529 4701 nihil
2556 4655 2746 4712 restat,
2779 4645 2884 4701 nisi
2919 4654 2980 4701 ut
3015 4653 3197 4700 vestra
3228 4642 3421 4714 iubeat
3448 4648 3649 4712 poten-

378 4727 581 4782 κακίαν
609 4726 845 4799 ἐλέγχει.
880 4726 1074 4784 Πολλοὶ
1101 4725 1214 4798 γὰρ
1256 4728 1352 4781 καὶ
1378 4726 1486 4781 τῶν
1517 4727 1657 4793 τέως
1698 4727 1952 4800 ἀπεχθῶς

2066 4742 2141 4797 tia
2173 4756 2298 4797 eum
2326 4740 2414 4797 vel
2441 4739 2674 4796 invitum
2699 4738 2843 4794 mitti
2894 4737 2949 4792 in
3009 4733 3286 4792 exsiliumi
3344 4733 3471 4790 Hinc
3518 4740 3655 4788 sunt

377 4820 613 4890 ἐχόντων
663 4819 1081 4891 μεταϐαλόντες,
1121 4819 1300 4892 μάτην
1346 4819 1533 4889 ἔλεγον
1568 4819 1952 4891 διαϐεϐλῆσθαι

2069 4830 2406 4904 egregiorum
2449 4828 2664 4884 illorum
2688 4825 3060 4890 sacerdotum,
3091 4822 3184 4894 qui
3213 4819 3488 4877 debebant
3523 4817 3650 4888 qui-

377 4915 469 4965 τὸν
497 4911 676 4981 ἆγιον,
711 4911 965 4984 μάρτυρα
987 4910 1198 4983 ἀψευδῆ
1226 4914 1297 4965 τὸ
1321 4912 1558 4977 συνειδὸς
1591 4912 1830 4985 ἔχοντες,
1861 4915 1952 4969 καὶ

2068 4923 2190 4979 dem
2228 4936 2351 4977 esse
2382 4920 2519 4977 tardi
2551 4919 2621 4975 ad
2654 4918 2789 4974 iram
2838 4916 3197 4979 incitandam,
3227 4926 3422 4985 urgere
3464 4917 3653 4967 autem

376 5003 480 5075 τὴν
520 5003 747 5075 ἔκδηλον
786 5005 883 5060 καὶ
926 5003 1168 5077 φανερὰν
1213 5003 1628 5076 δυσωπηθέντες
1676 5004 1968 5077 ἀλήθειαν(

382 5097 548 5161 Τέλος
574 5097 934 5169 ἰσχυροτέρας
975 5095 1275 5167 γενομένης
1305 5096 1405 5167 τῆς
1435 5097 1720 5169 πονηρίας,
1758 5096 1959 5167 μᾶλλον

379 5188 436 5241 δέ
473 5186 567 5242 τοῦ
600 5188 757 5256 ἁγίου
790 5186 951 5242 τοῦτο
978 5187 1323 5259 θελήσαντος,
1361 5185 1447 5241 ἵνα
1483 5188 1558 5259 μή
1595 5205 1681 5252 τις
1716 5190 1812 5243 καὶ
1834 5189 1958 5243 τολ⁴

390 5277 537 5350 μηθῇ
563 5277 829 5344 κίνδυνος,
859 5277 1054 5351 ὥσπερ
1075 5277 1239 5348 φίλον
1272 5279 1331 5332 ἐν
1368 5281 1489 5343 ταῖς
1518 5280 1796 5344 τοιαύταις
1827 5280 1957 5336 (ι’τά⁴

387 5372 674 5440 σεσι,πρὸ;
705 5372 945 5443 ἑσπέραν
961 5371 1061 5444 ἤδη
1094 5370 1315 5442 βαθεῖαν
1343 5370 1688 5440 ἐκϐάλλεται,
1711 5373 1959 5447 καθάπερ

385 5459 445 5513 ἐν
476 5462 540 5531 τῇ
590 5463 725 5533 αὐτῇ
775 5464 943 5517 πάλιν
987 5462 1126 5533 πρὸς
1175 5463 1522 5517 Ἱννοκέντιον
1568 5465 1826 5538 ἐπιστολῇ
1860 5470 1960 5537 τῆς

381 5551 590 5624 χρυσῆς
620 5550 870 5625 γλώττης
900 5554 1124 5609 ἀκούειν
1145 5554 1357 5628 ἔξεστιν
1385 5553 1530 5609 οὕτω
1558 5555 1826 5628 λεγούσης
1846 5575 1861 5591 ·
1892 5557 1959 5613 Τί

379 5645 489 5718 γὰρ
515 5646 597 5701 δεῖ
625 5647 798 5701 πολλὰ
829 5647 1043 5717 λέγειν;
1067 5647 1181 5701 Οὐκ
1215 5627 1427 5718 ἀπέστη
1460 5648 1638 5702 πάντα
1664 5627 1836 5705 ποιῶν
1864 5653 1960 5707 καὶ

378 5738 930 5812 πραγματευόμενος,
965 5739 1070 5804 ἕως
1121 5732 1270 5811 ἡμᾶς
1316 5739 1454 5809 μετὰ
1506 5739 1825 5807 δυναστείας
1865 5745 1961 5802 καὶ

449 5919 497 5954 ³⁸
526 5918 630 5978 lsa.
663 5938 854 5995 xxviii,
898 5924 986 5981 15.
1064 5924 1107 5958 ³⁷
1142 5922 1287 5981 Psal.
1315 5939 1426 5993 LVI,
1461 5924 1493 5979 5
1524 5942 1538 5993 ;
1573 5940 1756 5995 xxxvi,
1789 5928 1877 5984 H.

2067 5015 2134 5072 ad
2204 5012 2656 5085 benignitatem:
2713 5010 2913 5081 quibus
2975 5008 3054 5062 ira
3123 5005 3192 5061 ad
3238 4999 3652 5061 similitudinem

2069 5107 2364 5178 serpentis,
2403 5113 2459 5162 et
2483 5106 2665 5177 lingua
2692 5104 2907 5175 (rursus
2944 5101 3090 5156 enim
3132 5098 3429 5155 nobiscum
3457 5093 3653 5165 loqua-

2064 5209 2155 5255 tur
2186 5199 2412 5256 divinus
2449 5196 2625 5253 David
2664 5197 2733 5266 ιτ)
2761 5194 2975 5268 gladius
3025 5178 3235 5248 acutus.
3288 5187 3496 5246 Deinde
3523 5199 3651 5242 cum

2058 5290 2316 5363 iussisset
2342 5288 2614 5359 Arcadius
2641 5286 2745 5361 (eis
2772 5287 2921 5342 enim
2962 5286 3223 5342 credebat
3271 5291 3530 5352 tanquam
3558 5292 3656 5334 sa-

2061 5383 2393 5449 cerdotibus,
2432 5381 2687 5438 nesciens
2717 5395 2811 5436 eos
2866 5380 2925 5436 in
2987 5376 3232 5434 interiori
3277 5373 3501 5436 homine
3537 5386 3651 5426 non

2062 5490 2185 5532 esse
2241 5474 2647 5545 sacerdotibus,
2672 5473 2768 5529 sed
2819 5473 3002 5544 potius
3053 5470 3331 5544 sacrilegis
3391 5466 3648 5535 similes),

2062 5565 2193 5636 quid
2244 5566 2344 5621 lit?
2385 5564 2632 5620 Movetur
2681 5563 2905 5634 quidem
2945 5563 3235 5627 universus
3280 5559 3534 5630 populus,
3593 5562 3656 5610 ut

2062 5658 2155 5728 qui
2184 5657 2447 5713 sensisset
2474 5657 2550 5725 id,
2588 5656 2737 5727 quod
2780 5671 2889 5711 non
2923 5664 3041 5712 erat
3070 5636 3403 5719 faciendum,
3457 5659 3514 5704 et
3561 5662 3652 5701 re-

2065 5758 2231 5821 pente
2263 5749 2320 5804 in
2360 5736 2612 5820 magnam
2653 5744 2971 5803 accenditur
3010 5746 3334 5805 seditionem
3365 5765 3381 5803 :
3431 5751 3490 5798 et
3524 5753 3652 5811 par-
