4126 6342
557 383 691 448 1171

1776 374 2061 437 MENSIS
2093 370 2553 433 JANUARIUS.

3668 377 3784 444 1172

557 496 656 551 tim
714 493 934 565 quidem
1012 490 1341 546 vociferatur
1399 488 1662 544 adversus
1722 488 2145 559 imperatorem,

2257 478 2534 548 αὑθεντίας
2567 484 2747 557 πάσης
2777 485 2875 556 τῆς
2908 504 2968 540 τε
3001 488 3207 550 πόλεως
3241 488 3331 541 καὶ
3364 489 3458 559 τῆς
3502 489 3789 563 Ἐκκλησίας

554 586 754 657 partim
804 594 985 641 autem
1021 582 1311 654 Theophili
1373 598 1589 652 quoque
1639 591 1695 636 et
1745 580 1915 636 multo
1974 578 2147 650 magis

555 676 734 748 arguit
793 674 1225 746 improbitatem.
1280 673 1432 728 Multi
1483 672 1632 728 enim
1690 672 1855 727 etiam
1923 687 1992 725 ex
2059 668 2146 734 iis,

556 769 837 840 quierant
870 768 919 822 ei
963 765 1189 831 infensi,
1236 766 1343 837 jam
1407 764 1620 830 mutati,
1676 763 1932 819 dicebant
1980 760 2149 815 fuisse

559 865 809 914 sanctum
858 866 1068 911 temere
1117 864 1458 923 accusatum,
1507 855 1888 923 incorruptum
1955 859 2147 905 testem

513 969 524 980 ·
560 950 833 1005 habentes
861 964 1056 1004 omnes
1087 947 1510 1014 conscientiam,
1533 954 1889 1017 apertamque
1937 950 1993 997 et
2031 940 2148 997 evi-

556 1043 779 1097 dentem
807 1050 1130 1097 reverentes
1169 1038 1455 1097 veritatem
1491 1057 1504 1094 :
1564 1038 1784 1094 tandem
1812 1044 1995 1091 autem
2025 1049 2150 1090 cum

563 1135 689 1205 plus
730 1134 991 1189 valuisset
1045 1133 1387 1203 improbitas,
1446 1132 1556 1187 imo
1608 1144 1738 1184 vero
1793 1144 1918 1185 cum
1971 1129 2153 1199 justus

559 1227 801 1283 Joannes
835 1227 943 1284 hoc
978 1227 1257 1294 voluisset,
1290 1242 1361 1282 ne
1414 1225 1634 1297 aliquod
1664 1225 1903 1279 oriretur
1932 1222 2152 1294 pericu-

561 1317 698 1384 lum,
739 1326 800 1372 ut
826 1319 965 1373 solet
991 1317 1241 1372 accidere
1271 1316 1327 1371 in
1365 1317 1565 1371 talibus
1592 1314 1972 1378 seditionibus,
2022 1328 2153 1384 pro-

563 1409 736 1464 fundo
759 1424 990 1480 vespere
1022 1409 1338 1479 expellitur,
1388 1409 1531 1464 sicut
1576 1408 1749 1480 ipsam
1788 1406 2028 1477 linguam
2057 1420 2155 1460 au-

563 1515 711 1553 ream
740 1499 871 1555 licet
899 1500 1091 1555 audire
1127 1500 1180 1554 in
1217 1499 1446 1570 epistola
1478 1498 1546 1553 ad
1602 1496 2002 1560 innocentium,
2035 1510 2155 1565 qua:

561 1589 643 1643 sic
668 1588 800 1644 dicit
834 1606 848 1644 :
880 1588 1020 1656 Quid
1048 1588 1196 1643 enim
1246 1588 1416 1643 multa
1467 1601 1606 1657 opus
1634 1596 1720 1641 est
1761 1585 1993 1642 dicere?
2030 1584 2153 1640 Non

560 1678 776 1735 destitit
828 1680 1013 1736 omnia
1052 1680 1236 1735 facere
1291 1688 1346 1735 et
1399 1679 1604 1744 moliri,
1673 1679 1849 1734 donec
1895 1692 1994 1732 nos
2032 1692 2155 1731 cum

559 1774 731 1829 multa
756 1780 1029 1843 potestate
1059 1782 1113 1827 et
1167 1772 1496 1827 auctoritate
1555 1787 1586 1826 e
1632 1771 1851 1827 civitate
1894 1769 2060 1839 ejecit
2101 1779 2158 1824 et

561 1878 630 1918 ex
682 1862 936 1930 ecclesia,
992 1872 1046 1918 et
1102 1863 1375 1934 profundo
1430 1868 1678 1932 vespere,
1736 1871 1970 1918 attracto
2008 1861 2155 1915 omni

563 1957 790 2026 populo,
827 1964 1033 2011 tractus
1080 1971 1111 2010 a
1145 1955 1461 2027 magistratu
1501 1954 1759 2019 civitatis,
1805 1970 1903 2025 per
1925 1954 2158 2008 mediam

563 2046 864 2112 civitatem,
927 2056 983 2102 et
1040 2063 1135 2119 per
1191 2048 1301 2103 vim
1359 2047 1629 2103 deductus
1674 2062 1817 2113 sum,
1854 2046 1908 2100 in
1962 2059 2159 2100 navem

567 2137 870 2204 immissus,
905 2149 961 2194 et
1003 2148 1168 2195 noctu
1220 2139 1494 2211 navigavi,
1541 2138 1801 2211 quoniam
1839 2137 2159 2193 invocabam

569 2234 837 2304 synodum
863 2234 929 2290 ad
953 2236 1155 2306 justam
1190 2236 1550 2292 auditionem.
1582 2235 1718 2302 Quis
1745 2234 1865 2291 haec
1893 2233 2163 2289 audiverit

570 2325 694 2381 sine
716 2324 989 2397 lacrymis,
1019 2328 1233 2382 etiamsi
1280 2342 1375 2383 cor
1403 2327 1660 2382 habuerit
1698 2326 2019 2398 lapideum?
2054 2324 2163 2380 Sed

576 2418 660 2474 sic
687 2419 908 2489 quidem
958 2421 1241 2491 expulsus,
1288 2420 1514 2491 appellit
1566 2419 1635 2474 ad
1692 2434 1755 2475 os
1806 2419 1984 2485 Ponti,
2017 2418 2165 2489 quod

571 2519 774 2565 vocaut
805 2509 1056 2566 Sacrum.
1119 2512 1325 2567 Deinde
1386 2512 1551 2566 etiam
1586 2512 1784 2583 transit
1830 2510 2160 2577 Pra-netum,

571 2614 668 2660 aut
695 2606 763 2660 ab
799 2605 865 2661 iis
921 2606 1128 2677 potius,
1173 2607 1265 2677 qui
1323 2606 1579 2679 agebant,
1615 2605 2023 2662 transmittitur.
2058 2605 2163 2660 Bo-

574 2715 680 2754 nus
719 2708 905 2755 autem
952 2697 1319 2771 TheOphilus,
1370 2706 1657 2771 postquam
1715 2698 1918 2765 evenit,
1981 2709 2039 2753 ut
2100 2714 2166 2755 ex

569 2791 738 2846 animi
797 2790 1075 2846 sententia
1106 2790 1302 2846 ﬁerent
1330 2806 1453 2861 qua:
1484 2790 1725 2856 volebat,
1784 2790 1951 2846 mittit
2001 2790 2167 2846 etiam

570 2882 789 2938 litteras
819 2881 888 2936 ad
936 2879 1319 2936 Innocentium
1361 2878 1671 2935 Romanum
1727 2879 2066 2951 episcopum,
2117 2880 2167 2951 ei

571 2972 894 3045 signiﬁcans
930 2971 1160 3028 Joannis
1195 2971 1617 3042 depositionem.
1660 2970 1764 3039 Qui
1794 2987 1921 3027 cum
1952 2971 2171 3045 legisset

570 3065 808 3131 litteras,
838 3072 895 3120 et
946 3064 1005 3119 in
1044 3062 1131 3120 eis
1164 3063 1391 3120 vidisset
1419 3063 1645 3119 multam
1676 3063 1915 3119 insidere
1941 3078 2170 3135 perver~

2257 574 2480 639 ἐξέϐαλε
2502 591 2516 607 ”
2554 578 2649 632 καὶ
2681 578 2820 648 πρὸς
2845 581 3085 651 ἑσπέραν
3120 578 3343 651 βαθεῖαν
3371 580 3461 634 τοῦ
3485 582 3646 653 δήμου
3674 603 3789 639 παν-

2249 669 2343 730 τὸς
2382 667 2808 738 ἐπισυρομένου,
2858 669 3151 739 ἑλκόμενος
3203 669 3308 724 ὑπὸ
3341 669 3435 723 τοῦ
3491 673 3791 743 Κουριόσσου

2250 762 2350 832 τῆς
2378 762 2585 826 πόλεως
2616 765 2673 818 ὲν
2722 763 2863 842 μέσῃ
2895 767 2961 836 τῇ
2995 762 3170 831 πόλει,
3213 766 3309 818 καὶ
3351 764 3486 835 πρὸς
3517 765 3629 834 βίαν
3661 770 3795 838 συρό-

2254 871 2414 925 μενος
2465 855 2813 926 κατηγόμην,
2855 857 2945 909 καὶ
2970 858 3050 920 εἰς
3088 855 3272 909 πλοῖον
3316 856 3660 926 ἐνεϐαλόμην,
3711 862 3794 913 aut

2251 946 2340 1000 διὰ
2397 946 2590 1010 νυκτὸς
2628 946 2842 1013 ἔπλεον,
2898 949 3089 1021 ἐπειδὴ
3142 948 3363 1002 σύνοδον
3416 948 3548 1017 πρὸς
3610 948 3796 1002 δικαίαν

2252 1040 2513 1111 ἀκρόασιν
2542 1041 2948 1112 ὲπεκαλούμην.
2967 1042 3064 1107 Τίς
3085 1041 3260 1097 ταῦτα
3297 1041 3579 1111 ἀδακρυτὶ,
3605 1042 3699 1094 κᾶν
3728 1041 3797 1094 λι-

2258 1132 2411 1204 θίνην
2445 1133 2545 1207 ἔχῃ
2566 1133 2827 1195 διάνοιαν,
2851 1135 3166 1202 ἅκούσειενς
3193 1134 3339 1188 Ἀλλ’
3361 1133 3504 1187 οὕτω
3528 1134 3621 1203 μὲν
3662 1133 3798 1197 αὐτὸς

2267 1221 2583 1293 Ἑκϐληθεὶς
2611 1222 2689 1294 τῷ
2717 1223 2810 1277 τοῦ
2835 1224 3037 1277 Πόντου
3071 1226 3321 1295 στόματι,
3352 1223 3380 1277 ὃ
3411 1224 3503 1277 καὶ
3542 1222 3693 1294 Ἱερὸν
3720 1240 3802 1275 κα-

2258 1313 2438 1379 λοῦσι,
2471 1313 2778 1385 προσίσχει.
2820 1311 2959 1370 Εἶτα
2982 1316 3074 1370 καὶ
3109 1317 3188 1379 είς
3224 1316 3517 1386 Πραίνετον
3547 1313 3800 1378 διαϐαίνει,

2256 1406 2290 1476 ἢ
2316 1404 2421 1459 ὑπὸ
2479 1405 2588 1460 τῶν
2648 1408 2891 1477 ἀγόντων
2940 1407 3141 1478 μᾶλλον
3189 1405 3634 1478 μεταϐιϐάζεται.
3673 1404 3729 1457 '0
3757 1402 3804 1455 δὲ

2258 1497 2494 1573 χρηστὸς
2540 1498 2826 1570 Θεόφιλος,
2886 1498 3011 1552 ἐπεὶ
3063 1499 3287 1568 γέγονεν
3333 1497 3484 1567 αὐτῷ
3523 1496 3723 1549 τελέσαι
3747 1493 3805 1547 τὰ

2259 1590 2403 1645 κατὰ
2427 1590 2674 1662 γνώμην,
2699 1591 3009 1664 γράμματα
3041 1591 3135 1644 καὶ
3172 1588 3309 1660 πρὸς
3339 1587 3673 1640 ’ῐννοκὲντιον
3700 1584 3804 1640 τοῦ·

2259 1700 2351 1737 τον
2373 1684 2465 1737 τὸν
2502 1683 2719 1756 Ῥώμης
2748 1684 3045 1737 ἐπίσκοπον
3067 1682 3301 1754 πέμπει,
3329 1680 3494 1751 δήλην
3529 1679 3670 1749 αὐτῷ
3695 1678 3805 1732 καθ-

2266 1776 2419 1841 ιστὰς
2450 1776 2548 1847 τὴν
2587 1775 2835 1832 Ἰωάννου
2864 1776 3215 1847 καθαίρεσινο
3245 1773 3306 1838 ὃς
3328 1774 3422 1827 καὶ
3446 1774 3555 1835 τοῖς
3574 1771 3805 1849 γράμμαε·

2266 1885 2350 1922 σιν
2389 1867 2649 1938 ἐντυχὼν,
2687 1869 2807 1923 οῦδὲ
2835 1870 3187 1940 ἀντιγράφων
3218 1867 3358 1931 ὅλως
3390 1864 3599 1935 ἔκρινεν
3629 1859 3803 1927 ἀξιοῦν,

2265 1958 2466 2029 πολλὴν
2529 1958 2696 2013 αὐτοῦ
2742 1961 3080 2031 προπέτειαν
3108 1958 3204 2013 καὶ
3246 1957 3417 2027 τῦφον
3455 1951 3805 2021 κατεγνωκὼς,

2263 2051 2344 2106 ότι
2369 2069 2427 2106 τε
2456 2052 2619 2123 μόνος
2646 2052 2869 2124 γράφοι,
2902 2052 2998 2105 καὶ
3036 2053 3119 2106 ὅτι
3157 2051 3295 2122 μηδὲ
3319 2048 3546 2121 δηλώσοι
3576 2035 3806 2115 σοιφῶςοῦ

2265 2144 2425 2217 χάριν
2454 2143 2694 2212 καθεῖλε,
2736 2146 2830 2198 καὶ
2883 2146 3027 2216 μετὰ
3048 2145 3231 2200 τίνων.
3281 2141 3558 2197 Ἐντεῦθεν
3592 2140 3656 2192 τὰ
3691 2136 3809 2190 κατὰ

2274 2236 2656 2309 Ἡρακλείδην,
2686 2236 2747 2291 δν
2778 2240 2806 2291 ό
2831 2239 3005 2308 μέγας
3030 2235 3263 2306 Ἐφέσου
3292 2234 3552 2306 πρόεδρον
3573 2226 3811 2296 καταστή-

2268 2346 2365 2392 σας
2401 2324 2494 2400 ἦν,
2527 2328 2900 2398 ἁναψηλαφῶν
2923 2331 2952 2382 ό
2977 2322 3258 2398 Θεόφιλος,
3287 2326 3382 2380 καὶ
3411 2324 3595 2396 μῶμον
3620 2322 3678 2374 ἐκ
3707 2317 3811 2372 τού-

2266 2437 2361 2473 του
2386 2419 2679 2491 περιάψειν
2723 2419 2799 2492 τῷ
2851 2419 3111 2491 μακαρίῳ
3151 2417 3515 2491 πειρώμενος,
3561 2411 3650 2480 καὶ
3676 2407 3812 2465 αὑτὸν

2267 2513 2453 2585 ἔκρινε
2483 2513 2559 2585 μὴ
2593 2513 2859 2587 παρόντα,
2887 2511 2964 2576 ὡς
2995 2512 3083 2584 εἴη
3128 2512 3285 2576 τινὰς
3321 2510 3518 2569 ἀδίκως
3543 2504 3811 2573 τυπτήσεις,

2269 2605 2365 2661 καὶ
2388 2605 2475 2660 διὰ
2500 2607 2675 2677 μέσης
2727 2605 2827 2674 τῆς
2869 2606 3078 2675 ἀγορᾶς
3126 2600 3501 2675 περιενεγκὼν
3535 2595 3705 2651 ἁλύσει
3745 2591 3812 2644 δε-

2273 2697 2488 2768 σμίους.
2536 2696 2957 2767 Ἀντιλεγὸντων
2986 2693 3080 2752 οὖν
3124 2698 3233 2751 τῶν
3266 2696 3367 2766 τῆς
3401 2692 3601 2752 πόλεως
3637 2684 3705 2756 μὴ
3723 2682 3811 2734 δεῖν

2271 2789 2413 2844 κατὰ
2440 2791 2694 2846 ἀπόντων
2728 2788 2992 2854 δικάζειν,
3035 2786 3436 2859 Ἀλεξανδρέων
3465 2781 3522 2838 δὲ
3561 2774 3813 2843 ἀξιούντων

2271 2890 2382 2951 τοῖς
2422 2886 2780 2961 Ἡρακλείδου
2823 2871 3155 2956 κατηγόροις
3200 2882 3516 2952 προσέχειν,
3553 2873 3725 2932 στάσις
3763 2867 3813 2961 ix

2272 2979 2468 3034 τούτου
2498 2960 2754 3050 νφύεται·
2792 2978 2857 3032 ὲκ
2889 2977 2945 3030 δὲ
2980 2976 3108 3047 τῆς,
3146 2974 3461 3045 συμπλοκαὶ
3508 2963 3723 3038 χειρῶν·
3764 2960 3816 3010 ὲκ

2271 3074 2514 3139 τούτων,
2563 3071 2891 3145 τραύματασ
2944 3068 3156 3133 τούτοις
3204 3068 3265 3123 δὲ
3317 3065 3412 3122 καὶ
3449 3062 3668 3119 θάνατος
3708 3053 3812 3145 ‘th-

572 3157 814 3222 sitatetn,
845 3170 917 3212 ne
950 3156 1123 3212 voluit
1153 3155 1371 3226 quidem
1421 3155 1784 3227 respondere,
1818 3164 1877 3211 ut
1922 3157 2013 3227 qui
2042 3171 2162 3211 eum

2276 3165 2459 3220 λούθει
2478 3136 2507 3199 ⁸-
2523 3136 2611 3219 ὧν.
2633 3136 2852 3218 πάντων
2883 3160 3138 3230 Θεόφιλος
3185 3160 3365 3223 αἴτιος
3391 3155 3615 3223 ἐλέγετο,
3638 3136 3815 3240 κοιλ-ἧν·

573 3263 785 3322 magna:
808 3248 1134 3305 temeritatis
1178 3248 1495 3304 damnasset
1549 3256 1606 3302 ct
1649 3248 1992 3320 arrogantiae,
2027 3248 2173 3320 quod

575 3346 633 3394 et
668 3342 819 3396 solus
850 3340 1186 3412 scripsisset,
1218 3348 1274 3395 et
1301 3339 1445 3411 quod
1477 3354 1586 3395 non
1622 3350 1808 3410 aperte
1841 3339 2169 3410 scripsisset,

577 3445 819 3498 quanam
843 3429 911 3485 de
951 3445 1117 3485 causa
1153 3440 1207 3485 et
1235 3445 1361 3485 cum
1409 3428 1609 3499 quibus
1643 3442 1768 3482 eum
1801 3427 2168 3497 deposuisset.

578 3523 721 3577 Hinc
747 3538 970 3579 causam
999 3522 1328 3586 Heraclidis,
1363 3535 1528 3592 quem
1561 3534 1792 3592 magnus
1818 3520 1909 3574 ille
1934 3518 2171 3576 Joannes

576 3614 781 3683 Ephesi
813 3616 1176 3672 constituerat
1229 3615 1560 3678 antistitem,
1612 3622 1854 3669 tractans
1889 3610 2170 3683 TheOphi~

584 3704 695 3771 lus,
725 3717 782 3762 et
819 3694 889 3762 ei
938 3723 1005 3763 eo
1064 3708 1140 3764 illi
1188 3709 1349 3765 beate
1408 3717 1629 3762 tentans
1688 3705 1867 3761 labem
1926 3705 2168 3771 inurere,

581 3802 761 3872 ipsum
787 3802 952 3858 etiam
981 3803 1248 3874 judicavit
1268 3817 1380 3858 non
1406 3810 1754 3872 praesentem,
1782 3799 1991 3866 dicens,
2025 3799 2171 3870 quod

581 3890 798 3961 aliquos
830 3892 1033 3963 injuste
1074 3892 1444 3958 verberasset,
1493 3901 1548 3947 et
1586 3907 1683 3962 per
1712 3891 1954 3947 medium
1990 3891 2170 3947 forum

588 3984 803 4040 vinctos
835 3994 1024 4040 catena
1074 3984 1550 4041 circumduxisset.
1580 3984 1803 4041 Civibus
1831 3995 2014 4039 autem
2041 4001 2171 4040 con-

584 4084 666 4128 tra
724 4074 1057 4143 dicentibus,
1119 4090 1231 4131 non
1294 4083 1549 4145 oportere
1605 4075 1862 4131 absentes
1914 4075 2170 4145 judicari,

586 4165 904 4220 volentibus
935 4181 1066 4220 vero
1111 4164 1494 4220 Alexandrinis
1514 4165 1798 4220 attendere
1827 4152 2173 4222 accusatores

583 4253 911 4323 Jleraclidis,
976 4273 1042 4312 ex
1092 4274 1158 4313 eo
1189 4268 1307 4314 orta
1349 4268 1436 4315 est
1491 4258 1727 4316 seditio:
1777 4274 1846 4314 ex
1903 4256 2176 4314 seditione

583 4356 769 4404 autem
791 4359 1017 4406 ventum
1044 4359 1129 4406 est
1152 4351 1220 4407 ad
1247 4367 1444 4407 manus
1467 4375 1477 4408 :
1501 4366 1567 4408 ex
1597 4367 1663 4406 eo
1684 4367 1814 4408 vero
1836 4352 1901 4407 ad
1923 4354 2173 4420 vulnera,

2281 3259 2469 3314 Ταῦτα
2510 3254 2840 3321 Βυζαντίους
2890 3253 3145 3327 ἠρέθισεν
3192 3253 3421 3323 ἄκρως,
3480 3244 3570 3301 καὶ
3617 3236 3816 3293 διολέσαι

2280 3350 2444 3406 αὑτὸν
2479 3348 2729 3421 ἐζήτουν,
2760 3349 2852 3402 καὶ
2870 3326 3053 3419 βυθοῖς
3087 3343 3347 3399 ἐκδοῦναι
3394 3342 3503 3401 τοῖς
3532 3326 3817 3389 θαλαττίοιῦ

2289 3443 2349 3497 'O
2383 3444 2439 3497 δὲ
2467 3420 2577 3495 τῶν
2604 3440 2912 3495 διωκόντων
2940 3439 3015 3502 ὡς
3037 3437 3249 3510 ᾔσθετο,
3291 3432 3466 3507 φυγὰς
3479 3428 3631 3489 εὐθὺς
3651 3420 3816 3520 ξαεξῇ

2279 3536 2533 3600 καὶτοὺς
2586 3531 2922 3603 Αἰγυπτίους
2974 3506 3149 3584 εξάὲδυ
3222 3527 3453 3600 μυχούς.
3495 3515 3697 3613 Ὀτι-δὲ
3725 3506 3820 3613 οὐδὲ

2279 3626 2547 3699 πρότερον
2602 3627 2631 3679 ό
2667 3625 3032 3697 ταραχοποιδς
3090 3622 3281 3678 οὑτοσὶ
3314 3616 3470 3690 θυμῷ
3509 3609 3689 3677 δικαίῳ

2279 3692 2409 3792 περὶ
2437 3692 2755 3792 Ᾰιόσκορονγ
2788 3692 3117 3791 χολούμενος
3178 3712 3270 3785 ἦν,
3317 3713 3441 3769 οὕτε
3494 3709 3597 3798 μὴν

2277 3783 2523 3881 λογισμῷ
2596 3783 2717 3874 ταῖς
2764 3783 3082 3881 ’ίξριγένους
3138 3783 3420 3877 ἀπήχθετο
3471 3796 3691 3872 Elim“-
3727 3783 3815 3884 mi

2279 3902 2533 3975 ἀφορμὰς
2584 3902 2834 3957 ἐντεῦθεν
2891 3902 3070 3972 ἑαυτῷ
3118 3900 3364 3972 πορίζων
3418 3895 3551 3965 πρὸς
3601 3888 3692 3956 τὴν
3728 3893 3816 3975 ’του

2279 3994 2440 4061 ἁγίου
2502 3990 2848 4063 καθαίρεσιν,
2902 3990 2964 4044 τὸ
3010 3988 3150 4061 μετὰ
3180 3988 3355 4042 ταῦτα
3386 3983 3551 4054 δηλοῖ.
3605 3976 3751 4040 ’ομου
3774 3975 3819 4012 τε

2280 4084 2390 4155 γὰρ
2425 4083 2487 4137 τὸ
2545 4081 2983 4151 σπουδαζόμενον
3046 4076 3196 4149 αῦτῷ
3239 4078 3510 4147 διήνυστο,
3544 4064 3819 4155 καὶηπαροξς

2283 4140 2472 4247 χρῆμα
2503 4175 2616 4238 τοῖς
2653 4140 2910 4244 μοναχοῖς
2959 4171 3058 4242 μὲν
3087 4140 3399 4231 ἐσπένδετο,
3436 4163 3529 4222 τὰς
3563 4140 3822 4249 βίδλοῗξξξ

2285 4235 2736 4339 ἦξε-εδέχετδίᾶς
2774 4235 2914 4328 τέως
2947 4235 3242 4325 συνοδικῶς
3277 4257 3667 4326 ἀπεκήρυττεν.
3707 4235 3809 4292 Ἀλλ

2284 4359 2312 4410 ό
2339 4357 2497 4426 λόγος
2523 4356 2735 4410 ἐπιέναι
2765 4354 2860 4408 καὶ
2887 4354 2955 4408 τὰ
2993 4353 3161 4408 λοιπὰ
3192 4352 3466 4424 βούλεται.

584 4452 651 4492 ea
706 4448 892 4495 autem
941 4455 1090 4496 mors
1147 4457 1365 4513 quoque
1429 4453 1514 4499 est
1572 4454 1891 4511 consecuta,
1941 4460 2175 4515 quorum
2211 4449 2457 4505 omnium
2526 4446 2866 4519 TheOphilus
2894 4444 3075 4501 dictus
3133 4455 3219 4501 est
3261 4454 3320 4500 et
3368 4442 3471 4498 fuit
3519 4443 3691 4492 causa.
3724 4419 3825 4512 lim?

584 4545 801 4587 summe
854 4532 1137 4590 irritarunt
1176 4535 1530 4606 Byzantinos,
1567 4545 1625 4592 et
1673 4550 1797 4591 eum
1854 4539 2175 4606 quaerebant
2213 4541 2468 4612 perdere,
2502 4550 2558 4596 et
2623 4539 2677 4595 in
2748 4537 3079 4610 profundum
3114 4538 3280 4593 maris
3333 4534 3546 4591 mittere
3590 4534 3704 4577 eum

585 4631 712 4676 erat
751 4622 993 4694 dignus:
1047 4626 1139 4681 ille
1185 4602 1371 4682 autem
1430 4634 1719 4697 postquam
1780 4602 1953 4683 seu-sit
1992 4602 2409 4701 persequentes,
2453 4602 2611 4703 't'uga
2676 4602 2864 4687 statim
2936 4629 3039 4685 sibi
3094 4628 3406 4692 consuluit,
3465 4630 3519 4676 et
3561 4602 3825 4686 ρθηειτ³¹ῖ²

585 4709 759 4764 subiit
795 4710 1032 4795 Aigypti.
1057 4714 1215 4781 Quod
1244 4724 1428 4770 autem
1450 4729 1630 4785 neque
1649 4714 1803 4786 prius
1832 4716 2182 4785 perturbator
2216 4720 2340 4789 jure
2400 4720 2663 4778 Dioscoro
2702 4720 3064 4783 irascebatur.
3143 4735 3319 4790 neque
3350 4727 3531 4771 veram
3561 4714 3614 4762 et
3638 4708 3828 4795 acturi“

584 4813 699 4860 tam
733 4792 1033 4862 defendens
1065 4809 1328 4874 pietatem
1358 4815 1480 4863 erat
1513 4806 1749 4864 infestus
1787 4808 1945 4865 libris
2008 4808 2264 4884 Origenis
2289 4854 2304 4879 ,
2365 4814 2462 4870 sed
2524 4815 2655 4869 hinc
2719 4811 2971 4884 raptabat
2996 4812 3338 4869 occasionem
3365 4795 3661 4881 depone"di
3684 4792 3828 4889 “an:

585 4899 695 4967 nis,
724 4900 970 4958 ostendit
1000 4902 1076 4968 id,
1106 4904 1249 4973 quod
1274 4911 1357 4959 est
1382 4892 1575 4973 postea
1616 4913 1995 4961 consecutum.
2041 4905 2179 4962 Nam
2218 4908 2380 4966 simul
2443 4919 2605 4981 atque
2670 4908 2899 4981 perfecit
2930 4908 3074 4979 quod
3127 4907 3397 4970 studebat,
3430 4914 3551 4959 cum
3581 4884 3829 4950 monachis

590 4996 774 5050 statim
800 4996 1164 5062 ίῖῐθάυείηίίῐὶ
1197 4995 1366 5050 libros
1407 5004 1591 5051 autem
1615 4994 1838 5051 admisit
1902 4997 2039 5070 (55),
2070 5014 2210 5069 quos
2248 5001 2403 5071 prius
2453 5002 2734 5059 abdicarat
2787 5002 3065 5076 synodica.
3119 5001 3228 5056 Sed
3273 4998 3389 5054 vult
3425 4992 3583 5052 etiam
3645 4981 3825 5046 rclitlua

589 5091 845 5162 persequi
875 5091 1075 5147 oratio.
1152 5138 1159 5145 .
1836 5103 1843 5110 '

671 5180 860 5239 XLVI.
923 5185 1145 5239 Interim
1204 5182 1373 5251 enim,
1428 5183 1559 5240 dum
1605 5185 1724 5242 haec
1776 5187 1991 5251 tierent,
2044 5187 2157 5243 Deu

2360 5191 2515 5258 Μετ’.
2557 5191 2645 5244 Ἐν
2668 5191 2777 5262 ὅσῳ
2805 5190 2914 5262 γὰρ
2939 5191 3241 5261 ἐπράττετο
3266 5185 3462 5241 ταῦτα.
3495 5179 3697 5241 νύκτωρ
3744 5162 3827 5232 τὴν

590 5284 909 5333 terraemotu
960 5274 1240 5330 terrclecit
1265 5275 1563 5343 civitatem,
1612 5293 2042 5349 communesque
2064 5294 2162 5334 ean

2291 5281 2447 5354 πόλιν
2469 5282 2683 5338 ἔσεισεν
2736 5284 2764 5337 ό
2798 5284 2954 5351 Θεὸς,
2989 5282 3083 5338 και
3108 5283 3334 5354 opacam;
3360 5277 3452 5332 καὶ
3477 5264 3696 5354 δείματέξ
3726 5267 3827 5354 τινῗ

594 5369 881 5442 agitabant
909 5367 1417 5439 conquassationes,
1446 5377 1503 5424 et
1526 5340 1719 5441 graves
1752 5340 1991 5426 terrores
2014 5370 2160 5441 impe

2287 5369 2365 5442 τῷ
2387 5352 2653 5444 βασιλικῷ
2673 5340 3045 5444 συμπέπτωκε
3058 5340 3402 5437 κοιτῶνιξὼς
3425 5364 3516 5419 καὶ
3543 5350 3752 5449 θορύϐου
3776 5340 3827 5449 τὸ

596 5434 806 5547 retorio
838 5434 1203 5531 imminebant
1232 5459 1487 5518 cubiculo
1511 5434 1699 5519 :‘adeo
1732 5471 1793 5517 ut
1824 5461 2058 5533 populus
2092 5434 2159 5516 tu

2289 5434 2496 5534 πλῆθος
2524 5434 2967 5539 ὑποπλησθῆναι,
3008 5466 3105 5521 καὶ
3137 5434 3293 5537 μέγα.
3309 5458 3539 5533 βοῶντας
3567 5434 3827 5502 ἀνακαλεῖ·

2295 5666 2578 5723 erroribus
2609 5681 2729 5722 esse
2764 5666 3063 5723 cavendum
3094 5666 3402 5730 admoneat,
3426 5638 3823 5717 docetBaronius

2294 5747 2425 5795 tum.
2467 5738 2506 5790 ν
2536 5737 2727 5794 Annal.
2754 5754 2844 5793 an.
2870 5737 2995 5794 405.

670 5664 784 5736 (55)
814 5664 1199 5739 _Tlreoplrilum
1247 5664 1503 5739 Origenis
1531 5679 1748 5739 errores
1795 5674 2027 5739 tantum,
2068 5679 2185 5719 non

599 5734 791 5788 omnes
814 5734 1298 5792 libros'damnasse
1322 5734 1434 5801 {ex
1466 5736 1722 5792 Ecclesia:
1752 5735 2033 5790 catholicae
2058 5750 2187 5789 sen-

605 5802 796 5867 tentia,
832 5819 950 5873 qua:
977 5808 1095 5881 ejus
1125 5807 1561 5864 Commentarios
1593 5807 1667 5861 ita
1696 5806 1847 5876 legit,
1880 5815 1939 5860 ut
1967 5805 2036 5862 ab
2066 5805 2184 5876 ejus
