4126 6446
446 405 586 473 1173

1389 402 1425 425 ⁸
1497 402 1675 465 VITA
1714 400 1778 460 S.
1820 395 2144 460 IOANNIS
2181 398 2740 460 CHRYSOSTOMI.

3577 350 3757 464 me:

443 526 571 579 σθαι
602 521 699 576 τὸν
737 521 888 593 ἰερέα
936 519 1051 574 Καὶ
1077 520 1105 572 ὁ
1137 517 1392 590 βασιλεὺς
1415 518 1618 572 αὐτίκα
1662 515 1877 589 κέντρῳ
1923 516 2031 569 τινὶ

2137 513 2309 568 multu
2324 513 2670 583 impleretur,
2701 521 2756 568 et
2786 527 3142 586 magnazvoce
3190 512 3464 579 clamans,
3495 530 3718 572 revoca-

440 616 621 687 λύπης
672 612 774 684 τὴν
808 611 1039 684 καρδίαν
1072 611 1322 681 πληγεὶς,
1354 610 1662 681 μετάμελός
1685 627 1746 663 τε
1789 608 2026 678 γεγόνει,

444 708 539 761 καὶ
579 706 876 777 γράμμασι
924 702 1225 775 βασιλικοῖς
1274 701 1374 774 τὴν
1430 701 1678 756 Ἰωάννου
1729 699 2031 770 ἆνάκλησιν

443 795 783 851 ἑπισπεύδει.
841 793 1060 863 Πέμπει
1115 790 1173 845 δὲ
1232 790 1508 862 μετὰτῶν
1542 788 1890 861 γραμμάτων
1936 786 2028 839 καί

446 889 698 960 Βρίσωνα
746 886 840 940 τὸν
866 884 1145 955 εὐνοῦχον,
1191 882 1493 955 τηνικαῦτα
1518 886 1583 954 τῇ
1613 879 1841 952 βασιλίδι
1862 878 2032 932 E660-

447 976 534 1047 ξίᾳ
564 974 1011 1046 ὑπηρετούμενον
1030 989 1046 1005 ο
1064 973 1126 1036 ῦς
1148 972 1243 1027 τὸν
1266 972 1423 1042 ἅγιον
1447 973 1507 1026 ὲν
1541 971 1827 1043 Πραινὲτῳ
1859 985 2031 1024 κατα-

441 1069 624 1124 λαϐὼν
651 1067 756 1121 ὑπὸ
783 1067 890 1120 τῶν
910 1064 1374 1136 ·ὲγχειρισθέντων
1397 1063 1829 1136 φρουρούμενον,
1861 1063 2033 1116 ἐπαν-

443 1159 620 1213 ελθεῖν
649 1157 804 1227 ἠξίου
828 1157 922 1211 καὶ
951 1159 1018 1228 τῇ
1041 1154 1197 1210 πόλει
1235 1156 1433 1226 στῆσαι
1474 1154 1567 1208 τὸν
1593 1152 1858 1207 κίνδυνον.
1891 1152 2027 1205 Μετ’

443 1250 604 1304 αὑτὸν
637 1249 695 1303 δὲ
723 1247 896 1314 ἄλλοι,
927 1249 1022 1301 καὶ
1058 1246 1439 1318 μετ’ὲκείνους
1461 1245 1658 1317 ἕτεροι,
1691 1245 1787 1298 καὶ
1817 1243 2032 1316 πλήρης

442 1340 588 1396 οὕτω
614 1341 724 1394 τῶν
780 1338 1154 1411 πεμπομένων
1182 1341 1215 1393 ὁ
1241 1338 1542 1411 Βόσπορος.
1598 1336 1755 1390 Ἐπεὶ
1781 1330 1876 1390 οὖν
1906 1335 2033 1389 ὐπο-

441 1433 702 1505 στρέφειν
732 1430 895 1485 αὑτὸν
929 1430 1178 1500 ἔγνωσαν
1215 1432 1248 1501 ή
1291 1429 1446 1494 πόλις
1500 1428 1681 1500 (τρίτη
1736 1426 1792 1481 δὲ
1817 1419 1889 1498 ἦν
1931 1426 2028 1481 ἐπὶ

440 1526 642 1597 δεκάτῃ
696 1523 773 1595 τῷ
818 1523 1160 1595 Νοεμϐρίῳ),
1216 1524 1336 1588 πῶς
1370 1524 1443 1578 ἄν
1487 1539 1571 1586 τις
1614 1520 1727 1576 τῶν
1778 1519 2030 1586 ἐξιόντων

444 1617 741 1689 ἀριθμήσοι
795 1615 856 1670 τὸ
905 1615 1132 1686 πλῆθος,
1182 1615 1302 1678 πῶς
1353 1614 1625 1684 ἐκφράσαι
1655 1611 1754 1683 τὴν
1785 1611 2027 1682 ήδονήν;

441 1711 548 1763 τῶν
574 1707 835 1778 ποταμῶν
868 1708 977 1778 γὰρ
1010 1705 1256 1777 ἀτεχνῶς
1294 1705 1595 1777 ἐμιμοῦντο
1641 1706 1712 1761 τὰ
1751 1703 2025 1777 ῥεύματα.

443 1802 554 1855 Καὶ
579 1800 759 1871 μεστὴ
792 1800 940 1872 μὲνὴ
964 1799 1207 1857 θάλαττα
1223 1797 1559 1869 πορθμείων,
1583 1797 1757 1868 μεστὴ
1775 1797 1832 1849 δὲ
1857 1797 2027 1868 ήχων,

2132 616 2217 662 ret
2238 606 2604 662 sacerdotem.
2640 600 2785 673 Quin
2834 607 3001 663 etiam
3030 608 3159 678 ipse
3178 622 3406 679 quoque
3423 608 3736 678 imperator:

2131 698 2445 755 vehementi
2503 698 2726 782 stimulo
2782 698 3021 755 tristitia:
3076 700 3132 755 in
3192 701 3358 758 corde
3414 702 3725 769 sauciatus,
3766 751 3775 772 ,

2133 799 2385 847 movetur
2406 791 2752 861 paenitentia,
2792 800 2848 849 et
2887 793 3082 848 litteris
3127 792 3494 864 imperatoriis
3520 811 3717 865 quam.

2130 883 2373 954 primum
2398 896 2655 956 magnum
2694 884 2847 940 illum
2878 894 3118 941 revocat.
3142 885 3336 941 'Brison
3366 898 3549 943 autem
3573 896 3714 951 erat.

2133 976 2224 1032 cui
2265 975 2407 1032 datae
2446 976 2670 1033 fuerunt
2719 976 2935 1039 litterae,
3001 994 3157 1034 unus
3174 994 3243 1033 ex
3275 980 3566 1049 eunuchis,
3621 983 3723 1054 qui

2133 1070 2524 1125 ministrabant
2575 1069 2875 1125 Eudoxim.‘
2914 1067 3020 1135 Qui
3077 1085 3202 1125 cum
3247 1074 3589 1143 pervenisset
3646 1075 3715 1131 ad

2135 1170 2422 1228 sanctum,
2473 1163 2566 1233 qu'i
2621 1163 2855 1219 Praeneti
2885 1163 3271 1239 asservabatur
3328 1165 3387 1220 in
3444 1168 3761 1239 custodia,g

2132 1254 2343 1325 rogavit
2374 1260 2431 1307 ut
2451 1252 2666 1308 veniret
2680 1261 2741 1308 et
2773 1236 3049 1309 civitatem
3074 1253 3343 1311 liberaret»
3370 1272 3396 1312 a
3442 1256 3722 1328 periculo.
3749 1236 3767 1291 λ

2132 1341 2240 1400 Sed
2271 1360 2384 1399 non
2423 1345 2490 1400 ad
2514 1343 2802 1401 Brisonem
2830 1361 3003 1417 usque
3040 1347 3288 1403 conSIitit
3333 1348 3463 1420 ejus
3508 1350 3735 1408 reditus»

2132 1435 2373 1491 studium
2430 1446 2486 1491 et
2539 1436 2909 1492 aceeleratio:
2957 1437 3054 1492 sed
3085 1447 3207 1509 post
3253 1438 3431 1509 ipsum
3493 1439 3607 1506 alii,
3660 1450 3732 1496 et;

2130 1534 2258 1597 post
2280 1526 2401 1583 illos
2431 1528 2544 1583 alii.
2585 1528 2787 1598 Sicque
2819 1526 2923 1583 fuit
2950 1526 3262 1599 Bosphorus
3284 1530 3479 1600 plenus
3499 1546 3715 1598 eorum,

2133 1620 2225 1690 qui
2255 1621 2630 1676 mittebantur.
2660 1621 2799 1678 Cum
2830 1621 3016 1693 itaque
3045 1637 3172 1677 eum
3204 1621 3386 1678 redire
3407 1624 3737 1694 agnovisset-

2134 1711 2328 1767 civitas
2389 1712 2531 1783 (erat
2579 1720 2766 1768 autem
2811 1714 3059 1769 decimus
3104 1713 3304 1769 tertius
3342 1712 3737 1788 Nmembris),

2136 1804 2601 1875 quemadmodum
2635 1806 2973 1862 enumerarit
2997 1806 3268 1879 quispiam
3306 1809 3717 1867 multitudinem

457 1866 634 1964 μεστὴ
678 1866 1046 1963 dedendi.sz
1073 1889 1170 1944 καὶ
1199 1866 1495 1960 ὑμνῳδίαις.
1534 1866 1773 1942 Τοιαῦτα
1808 1866 2033 1941 δύναται

2137 1906 2348 1962 eorum,
2373 1897 2464 1967 qui
2491 1896 2754 1952 exibant?
2779 1866 3062 1964 Quomodo
3080 1866 3365 1970 espli'carit
3389 1887 3630 1958 studium
3660 1905 3717 1959 in

447 1984 612 2049 πόθος
639 1983 839 2054 ψυχαῖς
864 1983 1112 2047 ἐντακεὶς
1142 1983 1334 2054 ἀνδρὸς
1350 1981 1554 2052 πολλήν
1577 1996 1634 2033 τε
1661 1979 1863 2051 ἀρετὴν
1884 1978 2034 2049 ἕχον-

445 2091 556 2140 τος,
592 2074 690 2127 καὶ
703 2073 934 2142 ὠφελεῖν
988 2073 1216 2126 πλεῖστα
1250 2071 1592 2143 δυναμένου,
1619 2071 1715 2125 καὶ
1747 2068 2031 2140 πατρικῶς

447 2166 788 2237 στέργοντος.
826 2163 997 2218 Τοῦτο
1050 2165 1353 2236 τεκμήριον
1410 2161 1638 2234 ἀκριεὲς
1687 2159 1932 2231 ὑπῆρξεν
1963 2154 2034 2232 ἦς

447 2258 716 2311 ἀπέλαυον
749 2257 942 2329 ήδονῆς
970 2257 1021 2309 οἰ
1050 2256 1149 2327 τῆς
1197 2256 1405 2326 χρυσῆς
1431 2253 1640 2324 ταύτης
1678 2251 1924 2322 γλώττης
1949 2251 2033 2302 ὲν·-

449 2349 765 2421 τρυφῶντες
790 2351 902 2412 τοῖς
931 2348 1191 2419 ῥεύμασι.
1227 2346 1302 2401 Τὸ
1338 2346 1445 2417 γὰρ
1489 2344 1664 2408 οὕτως
1685 2343 1848 2397 αῦτδν
1874 2344 2031 2396 am-

447 2442 688 2512 ληφότας
731 2441 984 2511 ἡσθῆναι,
1010 2438 1200 2507 suam;
1223 2438 1414 2509 ἐδήλου
1432 2437 1532 2508 τὴν
1563 2436 1820 2505 στέρησιν
1855 2433 2033 2503 λύπης

448 2535 630 2591 αἰτίαν
666 2535 850 2597 αὐτοῖς
879 2532 1240 2603 καταστῆναι.
1266 2532 1428 2599 Λύπη
1458 2530 1515 2584 δὲ
1537 2528 1706 2600 πολλὴ
1738 2529 1878 2599 μετὰ
1909 2527 2056 2607 στέπ

449 2643 624 2697 ρησιν,
653 2626 775 2694 ῖσην
827 2619 967 2678 εἶναι
1015 2624 1480 2695 προϋπάρχουσαν
1508 2621 1703 2692 ήδονὴν
1741 2620 2030 2692 μαρτυρεῖ.

460 2723 614 2776 Ἐπεὶ
638 2721 817 2775 τοίνυν
852 2719 1094 2775 ἐπανιὼν
1119 2718 1351 2789 ἔγγιστά
1392 2734 1496 2771 που
1525 2717 1623 2787 τῆς
1657 2716 1865 2778 πόλεως
1887 2713 2032 2782 γίνε-

446 2833 562 2881 ται,
610 2814 672 2868 οὑ
706 2814 975 2886 πρότερον
1018 2811 1281 2866 εἰσελθεῖν
1321 2811 1498 2880 ἠξίου,
1547 2810 1678 2879 πρὶν
1714 2808 1780 2862 ἂν
1822 2805 2032 2878 μείζονι

448 2905 715 2979 κριτηρίῳ
737 2906 808 2960 τὰ
841 2905 962 2959 κατ’
988 2905 1194 2958 ἐκεῖνον
1220 2904 1525 2974 ἐπιτραπῇ.
1543 2900 1710 2954 Ἀλλὰ
1734 2899 1795 2954 τὸ
1827 2900 2032 2971 πλῆθος

449 3000 709 3071 ἤσχαλλε,
752 3000 849 3054 καὶ
888 2997 1094 3066 τόλμης
1122 2996 1349 3068 ἥπτετο,
1382 2993 1476 3047 καὶ
1517 2994 1644 3056 τοὺς
1691 2990 2032 3062 κρατοῦντας

446 3094 791 3166 ἐλοιδορεῖτο,
839 3092 945 3157 ἕως
998 3092 1239 3154 ἅπαντες
1288 3090 1373 3154 είς
1413 3072 1609 3142 ταυτδν
1662 3084 2029 3152 συνελθόντες,

2135 1987 2512 2058 egrediendo?
2580 1987 2869 2055 Quomodo
2940 1990 3271 2061 expresserit
3338 1992 3720 2064 voluptatem?

2133 2081 2307 2135 Plane
2327 2079 2481 2134 enim
2503 2079 2857 2163 imitabantur
2895 2081 3099 2136 ﬂuenta
3130 2082 3442 2151 ﬂuviorum,
3473 2100 3597 2141 cum
3624 2088 3723 2142 alii

2134 2172 2256 2227 aliis
2281 2172 2599 2242 agminatim
2633 2173 3012 2230 succederent.
3040 2175 3108 2231 Et
3146 2184 3262 2230 erat
3292 2176 3510 2247 quidem
3566 2193 3730 2234 mare

2135 2266 2356 2335 plenum
2391 2267 2647 2337 navigiis,
2696 2269 2920 2339 plenum
2951 2279 3134 2324 autem
3168 2271 3351 2326 sonitu
3383 2273 3722 2346 canticisque

2135 2367 2190 2413 et
2210 2358 2448 2430 hymnis,
2480 2359 2573 2431 qui
2612 2361 2724 2415 Deo
2748 2359 2875 2416 eum
2902 2377 3101 2432 magna
3124 2362 3402 2434 voluptate
3441 2355 3720 2421 caueban-

2136 2457 2244 2502 tur.
2277 2446 2392 2503 Hoc
2418 2457 2600 2519 potest
2624 2448 2871 2504 insidens
2896 2451 3094 2506 animae
3120 2451 3219 2506 viri
3241 2450 3597 2520 desiderium,
3624 2452 3719 2525 qui

2135 2540 2339 2597 virtute
2376 2541 2597 2612 quidem
2642 2551 2726 2597 est
2764 2552 3013 2611 ornatus,
3049 2554 3134 2601 est
3161 2554 3344 2601 autem
3372 2548 3598 2604 sortitus
3622 2564 3721 2620 po-

2132 2632 2249 2703 puli
2298 2632 2850 2700 administrationem,
2885 2643 2941 2690 et
2984 2650 3108 2689 eum
3136 2645 3553 2708 amatpaterne.
3604 2637 3722 2694 lloe

2135 2734 2220 2780 est
2246 2724 2473 2781 evidens
2494 2712 2877 2796 argumentum
2910 2726 3228 2796 voluptatis,
3275 2745 3380 2799 qua
3407 2737 3537 2784 tunc
3564 2710 3721 2785 frue-

2090 2836 2103 2849 -
2134 2814 2354 2883 bantur,
2409 2817 2503 2887 qui
2533 2817 2795 2888 jucundis
2834 2834 2893 2875 se
2935 2818 3229 2889 explebant
3271 2819 3492 2877 ﬂuentis
3538 2837 3727 2880 aurea:

2135 2907 2299 2976 hujus
2320 2905 2536 2979 linguae.
2561 2907 2715 2974 Quod
2737 2908 2906 2976 enim,
2937 2911 3028 2981 qui
3058 2926 3184 2966 eum
3215 2921 3568 2982 exceperunt,
3587 2914 3724 2970 adeo

2136 3007 2266 3053 sunt
2287 2998 2415 3065 laeti,
2461 2999 2515 3055 id
2544 3000 2870 3056 ostendebat
2902 3003 3266 3073 privationem
3300 3003 3471 3061 fuisse
3499 3020 3721 3062 causam

2135 3089 2316 3164 magni
2351 3091 2579 3149 doloris.
2609 3091 2837 3165 Magnus
2873 3103 3055 3151 autem
3088 3096 3262 3161 dolor,
3297 3107 3422 3168 post
3465 3100 3698 3170 privatio

447 3187 635 3243 καὶτὰ
663 3188 762 3259 μὲν
792 3187 973 3257 δεήσει
1000 3178 1360 3256 χρησάμενοι,
1389 3179 1457 3234 τὰ
1479 3180 1537 3234 δὲ
1567 3178 1662 3233 καὶ
1685 3176 2034 3250 προσϐιασὰ-

2138 3198 2291 3248 nem,
2349 3192 2580 3240 testatur
2625 3183 2852 3239 omnino
2876 3184 3045 3240 fuisse
3098 3202 3285 3257 parem
3346 3196 3507 3244 antea
3568 3190 3726 3245 volu-

451 3299 627 3354 μενοι,
675 3280 925 3334 πείθουσι
960 3277 1114 3348 μόλις
1147 3274 1406 3346 ἐπιϐῆναι
1430 3272 1532 3345 τῆς
1560 3270 1791 3334 πόλεως.
1830 3270 1919 3334 Ὧς
1974 3269 2034 3324 δὲ

450 3374 658 3446 καὶτῷ
698 3372 875 3443 θρόνῳ
932 3369 1181 3434 καθίζειν
1231 3365 1478 3457 ἔμελλοιρ
1554 3362 1793 3457 ἰσχυρῶς
1855 3360 2035 3415 ἀντείη

450 3485 597 3542 χετο,
643 3466 809 3521 πάλιν
856 3464 991 3528 δεῖν,
1047 3461 1256 3528 λέγων,
1303 3459 1371 3513 τὰ
1420 3456 1768 3530 ψηφισθέντα
1804 3457 2036 3525 δοκιμα·

453 3560 647 3631 σθῆναι
700 3556 970 3628 πρότερον
1013 3550 1462 3620 καθολικωτέρας
1518 3546 1753 3618 τυχόντα
1815 3544 2035 3617 ἐπικρί-

451 3666 610 3712 σεως.
649 3646 792 3700 Ἀλλ’
853 3647 882 3699 ὁ
925 3643 1018 3698 τοῦ
1071 3640 1201 3696 λαοῦ
1257 3640 1526 3712 κρείττων
1578 3638 1793 3707 γίνεται
1873 3635 2040 3700 πόθος

453 3740 753 3813 (ὲγλίχοντο
794 3737 903 3809 γὰρ
950 3735 1052 3806 τῆς
1090 3732 1356 3805 μελιχρᾶς
1398 3729 1708 3784 δπακοῦσαι
1760 3727 2034 3797 γλώττης,

448 3828 517 3905 ἧς
567 3826 816 3901 συνήθως
872 3829 1197 3897 ἀπέλαυον),
1256 3823 1353 3879 καὶ
1395 3824 1476 3887 εἰς
1523 3822 1613 3876 τὸν
1643 3821 2040 3892 πατριαρχικὸν

451 3924 624 3988 οὕτως
653 3922 921 3991 ἀνάγουσι
954 3919 1165 3991 θρόνον.
1208 3915 1268 3970 Ὀ
1297 3916 1355 3969 δὲ
1378 3913 1593 3978 πάντας
1621 3928 1681 3966 τε
1711 3911 1881 3982 ήδιέως
1902 3906 2036 3978 εἶδε,

451 4017 543 4071 καὶ
571 4015 761 4085 ὥσπερ
791 4013 932 4077 ἔθος,
959 4011 1059 4084 τὴν
1088 4011 1317 4082 εἰρήνην
1344 4009 1530 4070 αὐτοῖς
1560 4003 1857 4083 ἐπηύξατο.
1883 4002 2041 4057 Οὕτω

452 4109 555 4182 μὶν
583 4112 617 4180 ή
660 4107 960 4177 Ἐκκλησία
1001 4105 1094 4160 τὸν
1148 4102 1353 4174 ἑαυτῆς
1386 4097 1623 4170 νυμφίον
1664 4093 2038 4157 ἀπολαϐοῦσα,

451 4198 646 4255 καὶτὸ
692 4194 980 4267 περιελθὸν
1014 4194 1154 4265 αὐτῇ
1207 4192 1347 4255 τέως
1403 4185 1732 4259 σκυθρωπὸν
1786 4185 2032 4254 λύσασα,

450 4292 605 4363 liveat
639 4289 736 4343 καὶ
792 4287 983 4342 ἔϐαλλε
1026 4287 1151 4350 ταῖς
1201 4285 1456 4354 ποτίμοις
1501 4280 1669 4335 αὑτοῦ
1716 4278 1827 4334 τῶν
1871 4279 2043 4349 λόγων

450 4382 790 4454 ἀρδευομένη
821 4379 1049 4448 πηγαῖς.
1085 4375 1255 4440 ’Δλλ’,
1290 4369 1335 4430 ὦ
1368 4373 1556 4444 φθόνε,
1586 4371 1757 4427 κακὸν
1791 4370 2041 4443 ᾶμαχονί

452 4473 546 4527 Σοὶ
571 4473 682 4544 γὰρ
708 4470 847 4534 ὅλως
867 4470 968 4522 οὐκ
998 4463 1066 4539 ἦν
1102 4467 1354 4537 ἠρεμεῖν,
1379 4464 1503 4519 οὐδέ
1545 4480 1669 4518 τινα
1696 4462 1858 4533 κόρον
1886 4462 2042 4533 ἔσχες

2140 3283 2364 3346 ptatetn.
2403 3275 2541 3331 Cum
2568 3290 2698 3346 ergo
2721 3286 3024 3343 revertens,
3061 3276 3207 3334 esSet
3240 3279 3486 3350 proxime
3534 3281 3725 3336 civita-

2142 3374 2273 3433 tem,
2303 3366 2525 3423 nolebat
2552 3366 2700 3437 prius
2729 3365 2960 3438 ingredi,
2987 3382 3148 3438 quam
3179 3369 3372 3440 majori
3398 3369 3606 3440 judicio
3637 3386 3725 3426 res

2141 3459 2262 3529 ejus
2293 3457 2770 3514 committeretur:
2829 3458 2926 3513 sed
2976 3444 3209 3530 populus
3239 3474 3384 3532 aegre
3416 3461 3644 3529 ferebat,
3671 3471 3727 3517 et

2139 3551 2207 3607 ad
2239 3551 2550 3608 audendum
2589 3552 2703 3623 jam
2747 3566 2805 3607 se
2855 3552 3103 3622 parabat.
3158 3560 3215 3606 et
3263 3565 3380 3617 eos,
3417 3552 3509 3622 qui
3540 3568 3724 3608 rerum

2139 3646 2514 3717 potiebantur,
2559 3645 2935 3700 insectabatur
2960 3643 3287 3710 maledictis,
3321 3645 3500 3701 donec
3535 3661 3729 3701 omnes

2141 3736 2196 3792 in
2252 3736 2393 3793 idem
2438 3735 2850 3802 convenientes,
2908 3744 2963 3790 et
2997 3736 3194 3805 partim
3244 3737 3462 3807 quidem
3509 3746 3729 3793 utentes

2142 3827 2417 3898 precibus,
2477 3825 2672 3896 partim
2733 3833 2916 3893 autem
2964 3824 3072 3879 vim
3125 3820 3417 3879 afferentes
3467 3824 3729 3895 (audacia:

2142 3916 2286 3973 enim
2317 3914 2520 3987 aliquid
2553 3915 2717 3996 habet
2745 3913 3100 3985 desiderium)
3133 3914 3222 3969 vix
3253 3912 3472 3969 tandem
3498 3931 3729 3984 persua-
3840 3906 3843 3911 ’

2141 4009 2278 4065 dent
2308 4007 2610 4063 ascendere
2652 4005 2952 4062 civitatem.
2981 4003 3119 4061 Cum
3153 4019 3284 4060 vero
3307 4014 3493 4061 essent
3515 4020 3640 4061 eum
3672 4004 3729 4060 in

2143 4101 2272 4158 sede
2316 4099 2657 4166 collocaturi,
2709 4098 2826 4169 ipse
2876 4113 3066 4153 rursus
3092 4096 3297 4152 resistit
3322 4098 3728 4162 vehementius,

2145 4194 2337 4250 dicens
2368 4178 2625 4263 oportere
2649 4207 2735 4256 ea,
2771 4206 2892 4261 quae
2923 4188 3075 4261 prius
3118 4197 3248 4244 sunt
3302 4189 3541 4255 decreta,
3598 4207 3729 4245 exa—

2144 4287 2366 4352 minari,
2392 4295 2449 4341 et
2472 4284 2698 4341 omnino
2728 4282 3175 4355 magisgenerale
3196 4283 3412 4353 assequi
3437 4282 3727 4352 judicium.

2145 4378 2253 4435 Sed
2301 4378 2434 4434 vicit
2478 4377 2664 4448 pepuli
2692 4353 2981 4447 judicium,
3010 4373 3154 4444 quod
3179 4379 3300 4429 erat
3331 4373 3526 4429 fortius
3549 4375 3730 4429 omni-

2145 4473 2251 4528 bus
2283 4490 2297 4527 :
2328 4479 2386 4527 et
2416 4470 2498 4531 sic
2527 4483 2652 4525 cum
2681 4480 2878 4541 rursus
2898 4467 2954 4522 in
2975 4469 3160 4522 sedem
3193 4464 3462 4523 reducunt
3498 4467 3730 4538 patriar-

451 4565 563 4620 τῶν
594 4564 717 4618 κατ’
741 4561 911 4617 αὑτοῦ
942 4557 1284 4632 προσϐολῶν,
1313 4556 1440 4623 ἕως,
1465 4555 1623 4629 ἄγριε
1644 4555 1738 4608 καὶ
1764 4552 2035 4617 ιίιτίθασσεἸ

2155 4562 2388 4635 chalem.
2420 4554 2513 4616 Ille
2536 4569 2716 4616 autem
2764 4546 2819 4614 et
2866 4570 3058 4613 omnes
3096 4557 3348 4612 lubenter
3387 4558 3617 4628 aspexit,
3649 4569 3725 4624 et,

451 4646 853 4713 τέλεονάὐτδν
893 4650 1233 4725 ἀπορρῆξαι,
1283 4647 1381 4702 καὶ
1442 4648 1660 4719 μακρὰν
1715 4645 1888 4700 θεῖναι
1942 4645 2040 4715 τῆς

454 4752 695 4822 ποίμνης
744 4749 995 4820 ἴσχυσας,
1053 4746 1137 4810 αἲ,
1174 4743 1256 4808 αἲ,
1288 4741 1380 4796 τὸν
1416 4740 1582 4795 καλὸν
1635 4739 1891 4809 ποιμένα,
1945 4735 2042 4791 καὶ

454 4846 760 4919 ὀφθαλμοῖς
823 4843 1131 4914 ἀγρύπνοις
1192 4839 1361 4909 αὐτῆς
1419 4835 1839 4909 προϊστάμενον.
1894 4831 2041 4903 Πλὴν

456 4941 593 4996 ἀλλὰ
622 4941 746 4995 τίνα
769 4939 973 5010 τρόπον
998 4935 1180 4991 πάντα
1207 4931 1431 5003 συνέϐη,
1449 4930 1545 4986 καὶ
1565 4927 1731 4982 πόθεν
1755 4929 1788 4998 ή
1813 4925 2040 4998 ἀφορμή

458 5032 534 5104 τῷ
564 5034 745 5104 φθόνῳ
772 5029 869 5085 τοῦ
900 5027 1121 5085 τοσοῦδε
1160 5021 1371 5091 κακοῦ;
1544 5040 1547 5044 ’

2144 4662 2206 4709 ιιι
2250 4668 2371 4710 mos
2421 4662 2525 4719 est,
2551 4664 2741 4722 pacem
2768 4648 2849 4706 eis
2879 4655 2966 4705 est
2994 4658 3271 4720 precatus.
3300 4648 3369 4704 Et
3394 4648 3474 4705 sic
3506 4650 3729 4720 quidem

2144 4748 2386 4805 Ecclesia
2405 4761 2527 4803 eum
2549 4754 2708 4801 suum
2728 4752 2991 4814 sponsum
3022 4743 3345 4813 accepisset,
3380 4751 3436 4800 et
3462 4760 3582 4815 qua:
3612 4760 3731 4800 eam

2145 4837 2608 4903 circumsiétebat,
2652 4845 2784 4893 tunc
2809 4834 3062 4890 solvisset
3093 4834 3394 4903 tristitiam,
3423 4834 3650 4891 ﬂorebat
3676 4845 3733 4892 et

2146 4929 2488 5004 germinabat
2514 4926 2733 5000 irrigata
2758 4925 3093 4983 suavissimis
3122 4926 3412 4982 verborum
3446 4928 3566 4997 ejus
3604 4926 3732 4982 fon-

2148 5022 2316 5078 tibus.
2341 5021 2475 5089 Sed,
2505 5038 2538 5077 ο
2557 5021 2783 5081 invidia.
2803 5019 3004 5076 malum
3025 5019 3310 5083 invictum,
3331 5020 3556 5084 malum.
3588 5021 3736 5090 quod

382 5162 385 5165 -
455 5143 674 5198 semper
721 5123 881 5181 bonis
930 5121 1240 5179 insidiatur.
1294 5114 1417 5172 Tibi
1456 5114 1605 5172 enim
1655 5114 1884 5171 omnino
1928 5128 2040 5170 non
2078 5113 2278 5171 licebat
2340 5114 2647 5186 quiescere,
2705 5130 2885 5184 neque
2915 5113 3021 5168 ulla
3060 5121 3114 5168 te
3135 5114 3282 5185 cepit
3312 5113 3534 5169 satietas
3556 5114 3738 5170 conti.

455 5237 692 5279 nuorum
731 5220 1056 5286 insultuum,
1090 5216 1288 5280 donec,
1316 5226 1351 5268 o
1378 5226 1522 5269 saeva
1546 5219 1604 5266 et
1666 5211 1917 5281 agrestis,
1953 5220 2077 5265 eum
2116 5209 2331 5265 valuisti
2389 5210 2614 5266 omnino
2642 5208 2968 5278 abrumpere
2993 5215 3050 5262 et
3086 5207 3274 5279 procul
3304 5223 3333 5263 a
3366 5223 3528 5280 grege
3560 5224 3740 5265 remo-

462 5335 608 5387 vere,
630 5319 781 5375 beul
814 5313 958 5371 heu!
986 5313 1191 5368 bonum
1218 5316 1518 5380 pastorem,
1545 5312 1603 5362 et
1634 5305 1728 5375 qui
1753 5302 2105 5374 vigilantibus
2166 5304 2342 5360 oculis
2395 5302 2443 5359 ei
2488 5311 2740 5374 praeerat.
2769 5299 2875 5358 Sed
2913 5317 3150 5372 quonam
3198 5301 3360 5357 modo
3386 5301 3504 5360 haec
3537 5318 3741 5360 evene-

464 5419 611 5474 runt,
638 5420 693 5465 et
719 5408 992 5464 undenam
1021 5417 1211 5460 rursus
1232 5399 1450 5457 invidiae
1473 5397 1609 5453 tanti
1637 5397 1766 5452 mali
1789 5395 2044 5452 occasio?

531 5503 664 5561 MZ‘.
704 5504 885 5575 Στήλη
923 5518 1007 5566 τις
1035 5500 1256 5572 ἀργυρᾶ
1301 5500 1400 5568 τῆς
1443 5493 1716 5566 βασιλίδος
1746 5493 1914 5563 ἐγγύς
1940 5509 2044 5547 που

459 5599 557 5655 τοῦ
606 5599 780 5672 ἱεροῦ,
808 5592 854 5668 ᾧ
897 5597 1070 5668 Σοφία
1123 5593 1432 5664 ἐπώνυμον,
1466 5590 1561 5645 ἐπὶ
1611 5588 1791 5653 κίονος
1828 5582 1916 5658 ἦν.
1957 5586 2045 5640 Ἐν

465 5693 638 5767 ταύτῃ
678 5692 927 5764 συνήθως
965 5689 1233 5762 δημώδεις
1256 5684 1574 5758 ἠθροίζοντο
1599 5679 1830 5736 παιδιαί.
1866 5680 2047 5749 Ὅπερ

460 5786 489 5840 ὁ
522 5785 696 5859 μέγας
735 5783 896 5856 ὓϐριν
936 5779 1076 5838 εἶναι
1128 5778 1221 5835 τοῦ
1269 5773 1398 5833 ναοῦ
1441 5774 1825 5846 λογισάμενος,
1855 5770 1944 5826 διὰ
1987 5770 2049 5825 τὸ

2226 5488 2437 5545 XLVII.
2504 5488 2697 5544 Statua
2757 5485 3004 5559 quaedam
3060 5496 3320 5563 argentea
3379 5485 3742 5562 imperatricis

2153 5598 2324 5656 prope
2383 5582 2669 5653 templum,
2730 5580 2818 5637 cui
2873 5596 3175 5654 cognomen
3205 5590 3292 5640 est
3345 5581 3568 5654 Sophia,
3620 5594 3740 5640 erat

2155 5690 2321 5749 super
2360 5674 2694 5730 columnam.
2733 5674 2793 5728 in
2822 5688 2885 5728 ea
2924 5673 2993 5728 de
3023 5688 3178 5730 more
3226 5674 3429 5753 ﬂebant
3462 5676 3572 5731 ludi
3612 5675 3740 5745 qui-

2158 5770 2282 5825 dam
2331 5766 2553 5838 publici.
2600 5764 2757 5834 Quod
2806 5766 3028 5837 quidem
3062 5782 3186 5823 cum
3214 5782 3441 5841 magnus
3471 5768 3559 5826 ille
3590 5774 3741 5825 recte
