4126 6416
493 375 631 441 12Ἱὸ

1722 383 2006 443 MENSIS
2043 378 2500 446 JANUARIUS.

3612 392 3755 460 11⁸16

483 494 792 558 reputasset
811 500 930 542 esse
957 486 1139 558 templi
1164 488 1548 543 conlumeliam
1572 488 1660 559 (ad
1689 504 1875 544 sacros
1897 489 2053 552 enim,

2171 491 2284 554 τοῖς
2311 491 2480 561 ἱεροῖς
2501 489 2691 562 ὕμνοις
2715 491 2997 564 ᾀδομένοις
3021 494 3288 561 ἀτάκτους
3307 515 3366 552 τε
3389 499 3482 554 καὶ
3501 501 3752 573 ἀσήμους

483 579 577 652 (ιυί
639 579 978 635 canebantur
1037 579 1288 652 hymnos,
1335 581 1579 636 confusae
1635 590 1690 636 et
1742 581 2064 636 inordinata

484 685 644 726 voces
685 679 874 726 contra
916 670 1289 740 resonabant),
1335 687 1478 743 saepe
1505 681 1686 728 autem
1721 673 2060 737 adhortatus,

479 775 592 815 non
629 759 901 830 potuisset
933 759 1114 815 facere
1149 768 1209 815 ut
1237 771 1538 828 cessarent,
1567 762 1807 834 linguam
1832 763 1978 816 laxat
2007 761 2060 815 in

479 867 595 919 eos,
631 849 724 922 qui
758 851 1168 922 liaacjubebaut
1194 853 1332 907 ﬁeri.
1358 852 1553 924 itaque
1584 853 1825 910 Eudoxia
1874 871 2064 910 rursus

483 944 553 1000 ad
599 959 658 999 se
693 943 918 1000 trahens
969 959 1032 1000 ea
1088 961 1210 1016 quae
1253 945 1594 1013 dicebantur,
1645 957 1700 1002 et
1745 948 2063 1003 existimans

477 1035 662 1091 omnia
688 1035 754 1090 ad
787 1051 845 1091 se
890 1035 1101 1102 referri,
1123 1037 1358 1109 graviori
1389 1037 1496 1093 telo
1531 1037 1624 1092 ira:
1655 1039 1918 1104 sauciata,
1943 1049 2063 1094 erat

476 1123 859 1192 intolerabilis,
897 1139 1001 1180 nec
1020 1134 1234 1196 poterat
1254 1125 1520 1192 cohiberi,
1551 1135 1815 1198 quantum
1845 1127 2062 1183 efficere

475 1225 712 1286 poterat,
765 1215 1081 1272 universum
1129 1225 1376 1272 evertere
1433 1218 1777 1288 aggrediens,
1817 1211 1873 1272 et
1919 1217 2060 1272 nihil

475 1306 626 1362 aliud
653 1305 909 1362 enectum
938 1305 1166 1362 reddere
1195 1306 1536 1370 machinans,
1559 1323 1722 1378 quam
1751 1318 2060 1379 opportune

475 1415 602 1454 eum
626 1397 831 1464 ulcisci,
857 1397 948 1468 qui
975 1399 1122 1453 visus
1144 1397 1318 1453 fuerat
1335 1415 1454 1454 eam
1473 1398 1684 1456 allicere
1704 1399 1901 1472 injuria
1921 1400 2054 1473 ('56).
2102 1445 2106 1449 .

474 1492 687 1547 Rursus
727 1504 856 1561 ergo
893 1489 1074 1544 statim
1104 1491 1538 1562 congregabatur
1567 1492 1807 1564 synodus
1837 1492 1973 1565 (3'7),
2004 1501 2060 1548 et

447 1579 668 1661 _litter:e
715 1579 1075 1634 mittebantur
1107 1577 1492 1650 imperatoriae,
1520 1597 1642 1653 quae
1675 1590 1732 1638 et
1759 1583 1896 1640 alios
1935 1584 2058 1656 epi—

471 1687 667 1744 scopos
693 1683 746 1728 et
774 1687 890 1738 eos,
913 1671 1005 1742 qui
1039 1687 1216 1744 nuper
1265 1682 1614 1732 accusatores
1658 1675 1898 1744 fuerant,
1929 1692 2060 1734 evo-

467 1765 688 1824 cabant.
742 1765 876 1820 Cum
927 1771 1110 1820 autem
1163 1780 1272 1818 non
1300 1775 1445 1821 esset
1495 1765 1844 1823 eis'honesta
1893 1763 2056 1824 causa

469 1855 728 1914 movendi
779 1871 868 1920 ea,
912 1870 1144 1930 quorum
1185 1855 1296 1926 jam
1343 1855 1526 1913 fuerat
1583 1868 1910 1926 accusatus,
1965 1877 2056 1917 ars

470 1959 650 2006 tamen
681 1964 789 2005 non
821 1948 997 2005 defuit
1049 1950 1290 2006 malitiae.
1319 1951 1403 2006 Ad
1453 1967 1580 2007 eum
1625 1953 1796 2018 enim,
1857 1955 1950 2025 qui
1999 1955 2056 2010 in

468 2027 634 2096 rebus
697 2041 970 2112 ejusmodi
1020 2050 1140 2096 erat
1195 2041 1692 2114 ingeniosissimus,
1725 2053 1780 2100 et
1827 2045 1894 2112 ad
1941 2046 2056 2102 hzec

468 2131 836 2187 construenda
873 2131 1282 2200 solertissimus,
1319 2147 1516 2203 nempe
1555 2133 1622 2188 ad
1666 2134 2052 2206 Theophilum,

467 2233 779 2282 statuerunt
811 2225 1073 2291 scribere,
1125 2233 1184 2280 ut
1230 2227 1315 2281 vel
1365 2225 1581 2282 veniret
1622 2227 2052 2299 quamprimum,

466 2317 552 2373 vel
589 2317 810 2376 modum
831 2317 911 2372 eis
935 2331 1127 2373 rursus
1151 2328 1488 2390 suggereret,
1519 2334 1614 2389 per
1641 2336 1803 2389 quem
1832 2331 2056 2392 possent

466 2409 732 2465 adversus
783 2407 1011 2465 Joannis
1061 2424 1332 2464 summam
1369 2410 1699 2466 contendere
1745 2416 2051 2468 veritatem.

465 2501 586 2573 Ipse
613 2507 818 2566 autem,
859 2508 918 2554 ut
947 2498 1040 2570 qui
1083 2499 1359 2568 quomodo
1389 2499 1616 2572 fugisset
1649 2511 1794 2557 esset
1821 2517 2050 2568 memor,

467 2592 654 2648 venire
691 2588 911 2662 quidem
937 2593 1006 2646 ad
1031 2607 1126 2646 eos
1162 2591 1452 2659 recusavit,
1481 2601 1539 2648 ut
1572 2592 1717 2662 quod
1760 2608 1870 2648 non
1909 2601 2055 2650 esset

465 2684 572 2740 sibi
593 2683 974 2739 conducibile:
1001 2683 1168 2738 mittit
1189 2692 1370 2738 autem
1397 2693 1505 2739 tres
1531 2699 1595 2740 ex
1624 2683 1738 2740 suis
1758 2685 2050 2756 episcOpis,

466 2779 547 2834 eis
576 2778 704 2834 dato
733 2790 944 2831 canone
980 2775 1047 2829 ad
1093 2773 1498 2830 accusationem
1537 2774 1673 2846 (58),
1713 2791 1874 2846 quem
1901 2777 2054 2846 prius

465 2873 874 2941 proposuerunt
934 2863 1126 2944 Ariani
1184 2864 1446 2920 adversus
1511 2864 1748 2920 validum
1792 2865 2053 2920 Ecclesiae

466 2959 958 3034 propugnaculum,
997 2971 1195 3028 nempe
1234 2955 1619 3022 Athanasium,
1655 2955 1746 3026 qui
1783 2956 1917 3012 dicit
1949 2975 1962 3012 :
1993 2957 2052 3013 Si

466 3053 588 3124 quis
617 3049 907 3122 episcopus
937 3057 1033 3104 aut
1053 3048 1335 3120 presbyter
1353 3047 1498 3119 justc
1527 3056 1622 3102 aut
1649 3047 1813 3102 etiam
1847 3047 2052 3118 injuste

467 3144 773 3214 depositus,
799 3157 900 3214 per
929 3157 990 3197 se
1027 3141 1258 3197 redierit
1299 3141 1504 3210 absque
1533 3139 1740 3212 synodo
1769 3139 2047 3207 Ecclesiae,

465 3239 514 3293 ei
547 3252 657 3292 non
700 3236 862 3292 detur
902 3233 1138 3305 amplius
1175 3233 1328 3288 locus
1372 3231 1734 3289 defensionis.
1765 3231 1944 3304 Atque
1973 3233 2052 3289 sic

464 3317 787 3402 quidem‘is,
811 3327 898 3382 cui
920 3325 1106 3380 nullus
1129 3331 1249 3380 erat
1276 3340 1374 3394 par
1404 3325 1773 3396 improbitate,
1798 3325 2052 3382 cochlear

461 3419 736 3484 Ecclesiae,
776 3418 976 3490 Libyca
1009 3416 1166 3488 plane
1195 3416 1333 3483 fera,
1384 3432 1450 3472 ex
1507 3416 1742 3489 Aigypto
1802 3417 2049 3480 Proteus.

465 3511 630 3585 jussit
653 3525 750 3566 eos
776 3508 960 3565 dicere
989 3508 1100 3579 qui.
1133 3507 1202 3563 ab
1257 3509 1374 3578 ipso
1421 3507 1572 3563 missi
1631 3507 1870 3575 fuerant,
1911 3508 2052 3564 nihil

465 3601 612 3660 aliud
641 3601 830 3658 volens
853 3600 1096 3666 eﬂiccre,
1121 3615 1284 3670 quam
1313 3609 1374 3655 ut
1421 3599 1500 3656 sic
1545 3615 1642 3655 sua
1697 3607 1843 3658 esset
1897 3589 2062 3656 ﬁrma-

464 3712 529 3752 ac
557 3704 673 3750 rata
699 3693 994 3761 sententia,
1041 3703 1097 3749 et
1142 3707 1212 3748 ne
1258 3693 1374 3748 viro
1405 3693 1622 3765 egregio
1655 3692 1880 3749 daretur
1901 3693 2054 3751 locus

464 3786 710 3844 diluendi
749 3785 1072 3850 calumnias,
1107 3799 1230 3855 quae
1263 3784 1329 3838 “ei
1379 3783 1610 3852 objecta:
1655 3782 1894 3839 fuerant.
1944 3783 2052 3842 Sed

464 3878 556 3936 ille
595 3892 703 3933 non
739 3877 1040 3948 vulpinam,
1073 3876 1166 3930 sed
1195 3863 1470 3931 letrninam
1511 3875 1694 3946 potius
1732 3874 1931 3948 pellem
1962 3876 2048 3931 in-

464 3969 661 4032 duens,
695 3979 892 4036 nempe
938 3965 1247 4032 veritatem,
1297 3965 1431 4021 dicit
1481 3980 1584 4020 nec
1622 3979 1682 4022 se
1736 3965 1792 4019 in
1843 3965 2049 4037 judicio

461 4039 652 4128 fuisse,
685 4077 862 4133 neque
883 4060 1284 4118 accusationem
1309 4061 1604 4127 audivisse,
1630 4077 1808 4132 neque
1825 4062 2050 4117 omnino

419 4174 428 4185 ·
463 4157 728 4212 habuisse
781 4165 998 4225 tempus
1042 4154 1110 4209 ad
1148 4153 1522 4209 defensionem
1561 4173 1575 4209 :
1617 4153 1686 4208 ab
1718 4154 2050 4224 imperatore

464 4261 646 4310 autem
703 4251 874 4308 fuisse
903 4252 1212 4322 expulsum,
1247 4260 1301 4306 et
1333 4252 1404 4306 ab
1437 4251 1528 4306 illo
1552 4231 1742 4308 rursus
1769 4252 1854 4308 vel
1903 4253 2043 4307 invi-

465 4357 579 4402 tum
635 4345 1054 4401 introductum:
1120 4343 1320 4414 alioqui
1373 4352 1557 4399 autem
1609 4359 1670 4400 se
1707 4344 1849 4400 scire
1903 4347 2047 4402 hunc

461 4453 730 4496 canonem
770 4436 938 4493 fuisse
985 4436 1350 4508 compositum
1393 4435 1464 4491 ab
1513 4436 1778 4494 Arianis:
1819 4447 1874 4492 et
1915 4454 2049 4509 quo-

2167 580 2524 659 άντηχεῖσθαι
2559 585 2764 653 φωνὰς,
2811 585 2934 640 ἐπεὶ
2973 587 3145 642 πολλὰ
3177 591 3519 662 παραινέσας
3547 595 3752 650 παύειν

2167 670 2268 724 οὐκ
2314 667 2452 743 εἶχε,
2483 679 2808 750 παραχωρεῖ
2848 681 2916 750 τῇ
2969 677 3185 754 γλώττῃ
3228 683 3372 736 κατὰ
3413 683 3524 738 τῶν
3571 685 3750 740 ταῦτα

2165 760 2419 827 γενέσθαι
2461 763 2816 824 κελευόντων.
2863 769 2926 823 Ἡ
2980 772 3158 826 τοίνυν
3194 773 3422 839 Εὑδοξία
3465 777 3626 830 πάλιν
3664 779 3752 842 είς

2166 853 2370 922 ἑαυτὴν
2397 854 2630 910 ἕλκουσα
2655 858 2726 912 τὰ
2771 858 3062 932 λεγόμενα,
3095 865 3193 918 καὶ
3231 866 3370 938 πρὸς
3416 869 3586 940 αὐτὴν
3611 869 3752 924 άνα·

2167 941 2432 1011 φέρεσθαι
2480 945 2543 999 τὸ
2591 949 2700 1002 πᾶν
2749 951 2996 1024 οίομένη,
3039 951 3327 1028 βαρυτέρῳ
3373 961 3606 1014 τυπεῖσα
3647 961 3747 1014 τοῦ

2165 1033 2342 1105 θυμοῦ
2379 1036 2594 1111 κέντρῳ
2631 1040 2908 1114 ἀφόρητός
2947 1061 3008 1098 τε
3051 1047 3145 1100 ml
3181 1049 3487 1114 ἀκάθεκτος
3531 1047 3622 1123 ἦν,
3669 1055 3746 1124 γῇ

2165 1126 2443 1182 θάλασσαν
2493 1131 2754 1202 μιγνῦσα,
2800 1135 2898 1190 καί¹
2947 1135 3008 1190 τδ
3071 1139 3183 1193 πᾶν
3226 1140 3536 1212 στρέφουα,
3585 1143 3748 1197 οὐδὲν

2161 1218 2294 1273 ἄλλο
2341 1223 2622 1294 περαίνειν
2678 1225 2984 1300 βουλομένη
3028 1231 3382 1304 πρότερον,ἢ
3431 1233 3748 1304 ἀμύνασθαι

2162 1311 2254 1367 τὸν
2281 1313 2508 1382 δόξαντα
2543 1317 2852 1391 ὕϐρικέναι.
2879 1320 3057 1386 Εὐθὺς
3094 1319 3188 1377 οὖν
3225 1324 3442 1390 σύνοδος
3471 1327 3751 1399 ἐκροτεῖτο

2163 1405 2349 1476 πάλιν,
2386 1409 2482 1463 καὶ
2515 1409 2770 1481 βασιλικά
2806 1414 2942 1486 πρὸς
2979 1415 3155 1488 τούτῳ
3186 1422 3492 1492 γράμματα
3517 1421 3749 1493 διεπέμ-

2163 1514 2349 1564 ποντο,
2407 1501 2601 1570 ἄλλους
2647 1523 2708 1560 τε
2746 1506 2858 1562 τῶν
2891 1509 3228 1580 ἐπισκόπων,
3255 1513 3350 1568 καὶ
3390 1515 3516 1580 τοὺς
3549 1515 3749 1586 πρώην

2161 1593 2505 1666 κατηγόρους
2535 1599 3017 1674 μετακαλούμενα.
3045 1604 3200 1658 Ἐπεὶ
3229 1605 3288 1660 δὲ
3313 1610 3414 1662 οὐκ
3447 1602 3520 1680 ἦν
3557 1609 3744 1672 αὐτοῖς

2161 1683 2521 1756 εὐπρόσωπος
2573 1690 2800 1764 ἀφορμὴ
2847 1695 2942 1748 τοῦ
2991 1695 3064 1750 τὰ
3129 1698 3234 1770 ῆδη
3291 1701 3746 1772 κατηγορηθέντα

2161 1779 2354 1842 κινεῖν,
2385 1779 2536 1850 ὅμως
2583 1782 2685 1836 οὐκ
2729 1783 2973 1857 ἄσπορον
3017 1789 3253 1860 κατέστη
3305 1791 3418 1855 τοῖς
3465 1792 3742 1864 πονηροῖς,

2162 1867 2360 1938 μαθεῖν
2386 1871 2447 1934 ἐξ
2487 1871 2674 1945 ἐτέρου
2709 1877 3098 1948 σπουδάσασιν,
3129 1880 3158 1934 δ
3198 1881 3403 1950 γνῶναι
3449 1883 3580 1955 παρ’
3612 1885 3746 1938 ἐαυ-

2159 1957 2268 2011 τῶν
2301 1959 2507 2033 ἄπορον
2537 1959 2628 2037 ἦν.
2653 1959 2864 2022 ’Τίηοῦν
2900 1971 3252 2042 σκέπτονται,
3287 1974 3382 2028 καὶ
3427 1977 3520 2029 ποῖ
3553 1977 3748 2046 φέρον-

2156 2065 2290 2116 ται;
2327 2051 2469 2124 Πρὸς
2499 2055 2594 2120 τὸν
2639 2058 2804 2127 σοφὸν
2843 2059 2912 2114 τά
2945 2061 3174 2119 τοιαῦτα
3217 2067 3311 2120 καὶ
3357 2065 3746 2136 ποριμώτατον

2158 2147 2490 2216 κακουργεῖν
2519 2149 2756 2219 γράφειν
2799 2152 3068 2220 ἔγνωσαν,
3101 2156 3198 2210 καὶ
3235 2157 3369 2227 παρ’
3399 2157 3564 2212 αὑτοῦ
3595 2159 3745 2212 διδα-

2157 2233 2356 2322 χθῆναι
2389 2235 2488 2309 τὴν
2530 2239 2640 2293 τῶν
2691 2243 3088 2316 ἀπορουμένων
3146 2246 3384 2322 εὕρεσιν.
3432 2250 3748 2322 Γράφουσιν

2155 2320 2252 2380 οὖν
2285 2327 2530 2401 Θεοφίλῳ
2561 2333 2594 2400 ἢ
2627 2333 2944 2406 ἀπαντῆσαι
2974 2337 3036 2393 τὸ
3074 2320 3241 2412 τάχος
3272 2343 3454 2410 πάλιν,
3481 2345 3514 2417 ἢ
3540 2320 3749 2416 τρόπον
3779 2350 3786 2356 ’

2157 2417 2341 2482 αὐτοῖς
2384 2421 2725 2492 ὑποθέσθαι,
2774 2427 2842 2479 δι’
2883 2422 2944 2484 οὗ
2990 2428 3058 2483 ἂν
3111 2431 3392 2503 δυνηθεῖεν
3457 2437 3596 2506 πρὸς
3640 2438 3750 2507 τὴν

2157 2509 2360 2582 πολλὴν
2427 2514 2677 2570 Ἰωάννου
2731 2518 3054 2578 διαπαλαίεν
3106 2524 3386 2594 ἀλήθειαν.
3428 2529 3601 2593 Αὐτὸς
3648 2526 3751 2584 οὖν

2157 2601 2434 2669 συνειδὼς,
2459 2607 2609 2671 ὅπως
2629 2609 2842 2681 ἀπέδρα
2869 2615 3162 2686 πρότερον,
3187 2616 3249 2670 τὸ
3274 2617 3374 2688 μὲν
3405 2619 3749 2692 ἀπαντῆσαι,

2157 2691 2252 2748 ἅτε
2279 2697 2354 2768 μὴ
2385 2696 2702 2756 λυσιτελοῦν
2743 2703 2911 2775 αὐτῷ,
2947 2709 3336 2780 παρῃτήσατοο
3369 2714 3518 2783 τρεῖς
3545 2691 3751 2770 δὲίτῶν

2159 2786 2251 2840 ὑπ’
2282 2789 2448 2843 αὐτὸν
2507 2793 2826 2849 ἐπισκόπων
2885 2799 3186 2869 ἐκπέμπει,
3238 2803 3440 2857 κανόνα
3483 2805 3608 2870 δοὺς
3662 2808 3752 2872 είς

2155 2881 2591 2953 κατηγορίαν,δν
2623 2886 2894 2957 Ἀρειανοὶ
2923 2891 3188 2962 πρότερον
3211 2895 3354 2950 κατὰ
3381 2895 3477 2950 τοῦ
3509 2899 3750 2970 στερροῦ

2153 2971 2252 3040 τῆς
2294 2973 2622 3048 Ἐκκλησίας
2663 2978 2988 3051 ἐρείσματος
3031 2981 3355 3040 ’Λθανασίου
3389 2989 3749 3060 προέτειναν,

2160 3065 2228 3120 Ei
2254 3084 2340 3132 τις
2383 3069 2702 3139 ἐπίσκοπος,
2743 3072 2992 3143 λέγοντα,
3025 3076 3058 3148 ἢ
3099 3079 3472 3151 πρεσϐύτερος
3510 3083 3749 3152 δικαίως

2155 3157 2188 3228 ἢ
2217 3159 2310 3214 καὶ
2337 3161 2539 3226 ἀδίκως
2577 3165 2952 3237 καθαιρεθεὶς,
2985 3169 3163 3242 ἑαυτῷ
3194 3172 3484 3228 ἐπανέλθοι
3513 3176 3744 3230 συνόδου

2153 3250 2278 3322 δίχα
2329 3255 2396 3326 τῇ
2457 3254 2780 3330 Ἐκκλησία,
2827 3258 2908 3330 τῷ
2946 3262 3174 3334 τοιούτῳ
3237 3265 3438 3335 μηκέτι
3493 3267 3746 3324 δίδοσθαι

2154 3347 2340 3418 χώραν
2388 3347 2710 3418 ἀπολογίας.
2747 3350 2909 3407 Οῦτω
2941 3355 3042 3426 μὲν
3070 3354 3165 3410 οὖν
3197 3357 3226 3410 ό
3279 3359 3471 3431 μηδενὶ
3497 3359 3600 3433 τὴν
3641 3379 3749 3417 πο-

2153 3437 2346 3510 νηρίαν
2379 3439 2685 3510 ίσούμενος,
2722 3443 2750 3496 ό
2793 3445 2891 3515 τῆς
2919 3445 3250 3519 Ἐκκλησίας
3299 3451 3501 3516 δοίδυξ,
3533 3453 3596 3505 τὸ
3637 3455 3747 3508 At-

2155 3527 2322 3582 ευκὸν
2346 3527 2557 3600 θηρίον,
2587 3534 2616 3586 ό
2641 3533 2699 3600 ἐξ
2719 3534 2999 3604 Αἰγύπτου
3029 3539 3308 3610 Πρωτεὺς,
3333 3541 3508 3607 οὕτως
3531 3545 3744 3611 ἐκεῖνος

2151 3623 2266 3685 τοῖς
2303 3621 2396 3675 ὑπ’
2446 3624 2610 3679 αὐτοῦ
2663 3628 3302 3704 πεμφθεῖσινὲπέτρεψε
3348 3633 3550 3704 λέγειν,
3581 3637 3746 3691 οὐδὲν

2153 3711 2366 3786 ἕτερον,
2407 3715 2441 3787 ἢ
2470 3716 2571 3790 τὴν
2599 3717 2766 3773 αὐτοῦ
2797 3720 3122 3792 βουλόμενος
3149 3723 3332 3795 ψῆφον
3363 3729 3608 3798 κρατεῖν,
3641 3731 3746 3783 καὶ

2159 3806 2296 3876 μηδὲ
2329 3804 2516 3880 χώραν
2527 3808 2764 3882 δοθῆναι
2792 3811 2870 3884 τῷ
2891 3815 3143 3887 μακαρίῳ
3172 3817 3271 3882 τὰς
3298 3819 3554 3886 διαϐολὰς
3585 3823 3747 3877 ἀπο-

2155 3895 2445 3953 δύσασθαι.
2491 3900 2664 3966 Αὐτὸς
2713 3903 2770 3956 δὲ
2831 3906 2969 3976 μήτε
3025 3906 3352 3964 δικάσασθαι
3403 3912 3538 3980 έςρη,
3598 3913 3746 3987 μήτε

2155 3990 2373 4062 γραφῆς
2409 3991 2670 4072 ἀκοῦσαι,
2703 3994 2832 4066 μήθ’
2877 3995 3014 4061 ὅλως
3048 3999 3242 4070 καιροῦ
3281 4005 3464 4074 τυχεῖν
3497 4005 3576 4068 είς
3603 4009 3747 4060 ἁπο-

2153 4082 2344 4150 λογίαν
2367 4099 2382 4116 ·
2424 4083 2530 4138 ὑπὸ
2557 4085 2822 4156 βασιλέως
2856 4087 2914 4143 δὲ
2953 4091 3281 4164 ἐξωσθῆναι,
3315 4095 3414 4148 καὶ
3442 4099 3571 4168 παρ’
3595 4099 3750 4152 ὲκεί-

2153 4189 2246 4227 νου
2265 4174 2428 4230 πάλιν
2457 4177 2796 4248 εἰσαχθῆναι,
2823 4181 2920 4234 καὶ
2948 4183 3023 4255 μὴ
3049 4183 3393 4257 βουλόμενος·
3413 4187 3586 4252 ἄλλως
3609 4207 3666 4242 τε
3679 4191 3748 4246 δὲ

2153 4265 2248 4320 καὶ
2272 4265 2363 4320 τὸν
2388 4268 2590 4322 κανόνα
2609 4269 2798 4324 τοῦτον
2820 4272 2912 4325 ὑπ’
2935 4275 3234 4345 Ἀρειανῶν
3251 4276 3369 4334 οἰδα
3389 4281 3740 4352 συντεθέντα,

2153 4355 2248 4416 καὶ
2279 4356 2362 4410 ὃτι
2393 4359 2470 4429 μὴ
2498 4358 2681 4424 καλῶς
2707 4357 3002 4444 εῖχεννὺπδ
3025 4367 3124 4438 τῆς
3153 4371 3212 4422 έν
3243 4371 3481 4442 Σαρδικῇ
3517 4375 3742 4429 συνόδου

2151 4450 2583 4519 διαστραφένταο
2615 4449 2863 4523 εἶτατοῖς
2893 4460 3024 4532 περὶ
3048 4459 3308 4518 ’Λκάκιον
3327 4465 3421 4518 καὶ
3441 4467 3741 4538 Ἀντίοχον,

461 4532 610 4586 niam
640 4543 749 4586 non
803 4539 949 4584 recte
991 4543 1051 4585 se
1097 4527 1352 4591 habebat,
1406 4542 1438 4582 a
1485 4525 1793 4585 Sardicensi
1841 4532 2048 4602 synodo

2155 4541 2486 4614 Σεϐηριανόν
2511 4562 2570 4599 τε
2605 4548 2701 4601 καὶ
2717 4525 2980 4621 Κυρῖνον,
3008 4553 3104 4607 καὶ
3129 4555 3222 4608 τοῦ
3253 4557 3453 4628 μέρους
3485 4525 3740 4636 Ἰωάννου

459 4621 632 4678 fuisse
660 4621 978 4692 abrogatum
1003 4618 1136 4690 (59).
1161 4618 1368 4674 Deinde
1390 4634 1515 4674 cum
1555 4620 1720 4676 simul
1757 4635 1882 4676 cum
1911 4622 2050 4676 Aca-

463 4716 550 4770 cio
575 4722 630 4768 et
663 4713 935 4770 Antiocho
982 4721 1040 4767 et
1070 4712 1190 4767 aliis
1227 4713 1715 4769 calumniatoribus
1773 4729 1840 4768 ex
1890 4723 2048 4784 parte

461 4817 681 4877 quoque
701 4801 930 4858 Joannis
967 4801 1158 4856 decem
1193 4803 1422 4874 ingressi
1457 4801 1690 4862 fuissent
1719 4802 1784 4856 ad
1815 4803 2050 4872 impera-

465 4906 664 4964 torem,
721 4903 776 4948 et
807 4893 880 4946 illi
905 4893 1128 4964 quidem
1159 4892 1512 4958 aﬂirmarent,
1543 4893 1747 4949 dictum
1777 4909 2044 4950 canonem

461 5004 584 5045 esse
633 4987 850 5041 firmum
896 4995 952 5042 et
981 4986 1240 5053 validum,
1271 4995 1329 5041 ut
1353 4987 1444 5056 qui
1475 4995 1664 5056 aperte
1690 4985 1866 5043 factus
1900 4995 2045 5043 esset

459 5081 528 5136 ab
580 5077 944 5134 ortiwdoxis:
1007 5079 1062 5133 lii
1111 5087 1295 5134 autem
1351 5079 1614 5143 dicerent,
1663 5094 1790 5134 eum
1841 5088 2047 5135 esseet

460 5173 662 5227 mentis
709 5178 766 5226 et
809 5170 1006 5242 lingua:
1038 5171 1328 5226 haereticae.
1364 5181 1418 5224 et
1453 5170 1688 5241 maligne
1722 5171 1790 5225 ab
1819 5171 1902 5225 eis
1926 5185 2046 5226 esse

456 5267 761 5323 inventum.
795 5264 1155 5333 Quamobrem
1189 5281 1333 5337 saepe
1357 5265 1426 5320 ab
1452 5263 1695 5320 Ecclesia
1719 5266 1919 5337 injuste
1951 5282 2049 5322 ex-

528 5467 642 5538 (36)
676 5465 940 5538 Baronius
964 5463 1250 5538 justiorem
1283 5467 1666 5525 commotionis
1687 5485 1906 5524 causam
1932 5467 2028 5524 Jo-

453 5534 614 5592 annis
639 5545 828 5610 contra
874 5534 1172 5610 Eudoxiam
1209 5540 1424 5610 astruit,
1461 5540 1606 5608 quod
1647 5542 1768 5610 ejus
1801 5541 2028 5594 simula-

451 5623 607 5680 crum
631 5607 858 5680 seilicet,
887 5621 996 5680 non
1025 5606 1199 5680 solum
1221 5606 1640 5680 ροιιειοηίὶιιοι).
1674 5606 2030 5666 veneraretur

455 5679 549 5749 sed
573 5693 670 5749 per
697 5675 1006 5749 provincias
1025 5677 1188 5749 etiam
1217 5675 1770 5736 Ethnicorum'instar
1796 5682 2032 5736 circum-

455 5744 711 5798 ferretur;
747 5744 877 5800 Vide
910 5745 1074 5809 praud.
1114 5745 1309 5801 Baron.
1339 5749 1404 5803 ad
1430 5765 1519 5806 au.
1551 5751 1672 5806 404.

553 5813 640 5880 ὃἹ)
689 5815 846 5869 Anno
889 5815 1008 5868 40L
1056 5814 1254 5872 lterum
1291 5821 1500 5894 cogitur
1555 5823 1794 5894 synodus
1841 5832 2031 5881 contra

2150 4633 2284 4687 δέκα
2322 4635 2776 4694 συνεισελθόντων
2803 4643 2885 4706 είς
2931 4643 3182 4714 βασιλέα,
3215 4649 3310 4702 καὶ
3337 4648 3445 4703 τῶν
3489 4633 3588 4722 μέν
3619 4651 3746 4704 δια-

2149 4729 2482 4798 τεινομένων
2510 4731 2603 4787 τὸν
2637 4733 2738 4806 ἤδη
2788 4735 3050 4807 λεχθέντα
3088 4743 3476 4812 συντηρεῖσθαι
3509 4743 3737 4808 κανόνα,

2147 4818 2222 4883 ὥς
2271 4837 2336 4890 γε
2375 4823 2470 4875 καὶ
2523 4823 2628 4878 ὑπὸ
2686 4826 2986 4896 ὀρθοδόξων
3047 4821 3480 4905 συντεθέιμένον,
3535 4834 3646 4889 τῶν
3673 4833 3739 4889 δὲ

2147 4914 2438 4986 αῖρετικῆς
2475 4915 2637 4972 αὐτὸν
2689 4921 2888 4990 φρενὸς
2936 4919 3076 4977 εἶναι
3126 4923 3418 4994 λεγόντων,
3473 4929 3568 4982 καὶ
3629 4928 3742 4984 ὑπὸ

2146 5007 2354 5061 τούτων
2405 5008 2748 5080 κακούργως,
2782 5013 3172 5087 ἐξευρημένον,
3212 5020 3329 5072 ἀνθ’
3361 5014 3436 5074 ὧν
3473 5022 3742 5088 πολλάκις

2147 5101 2248 5170 τῆς
2286 5100 2617 5172 Ἐκκλησίας
2647 5103 2850 5170 ἀδίκως
2901 5107 3198 5175 ἀπελαθεὶς
3243 5111 3582 5180 Ἀθανάσιος,
3615 5111 3741 5166 εἶτα

2151 5189 2346 5261 καιροῦ
2371 5191 2656 5260 τυγχάνων
2683 5193 2863 5266 ἑαυτῷ
2886 5197 3138 5272 έπεισῄει
3160 5217 3174 5232 ⁸
3207 5203 3300 5256 καὶ
3324 5203 3514 5274 ὅτιπερ
3553 5203 3744 5258 Ἰωάνα

2147 5302 2244 5348 νης
2279 5281 2400 5336 οὐδὲ
2432 5281 2747 5354 καθῄρηται
2794 5287 3086 5360 πρότερον,
3121 5289 3238 5346 ἀλλ’
3269 5291 3444 5358 οὕτως
3493 5293 3598 5348 ὑπὸ
3641 5294 3739 5348 κό-

2133 5471 2309 5527 virum
2342 5471 2456 5527 Dei.
2491 5471 2625 5528 Vide
2655 5470 2886 5542 Niecph.
2931 5474 3026 5530 lib.
3061 5491 3178 5537 xm.
3216 5490 3266 5530 c.
3303 5475 3372 5530 l7
3405 5491 3419 5539 ;
3457 5475 3610 5532 Socr.
3631 5477 3728 5533 lib.

2134 5557 2230 5622 vi,
2250 5558 2298 5597 c.
2340 5543 2443 5610 i6;
2481 5542 2700 5598 Sozom.
2724 5542 2821 5598 lib.
2861 5559 2977 5610 vin,
2999 5560 3122 5622 gap.
3158 5545 3247 5612 20,
3269 5545 3370 5616 2];
3399 5547 3524 5604 Bar.
3543 5549 3610 5603 ad
3633 5565 3730 5605 an.

2134 5613 2322 5756 4%39)
2356 5683 2486 5756 Erat
2510 5683 2600 5739 hic
2629 5699 2803 5740 canon
2828 5685 3044 5742 concilii
3088 5687 3420 5744 Antiochcni
3460 5689 3516 5746 in
3536 5687 3728 5748 Eum-

2138 5753 2266 5816 niis,
2294 5753 2362 5810 ab
2393 5754 2612 5810 Arianis
2649 5757 2929 5822 celebrati,
2966 5768 3025 5814 ut
3057 5769 3208 5814 notat
3231 5757 3354 5814 Bar.

2214 5823 2332 5895 (59)
2363 5823 2565 5882 Cancif.
2601 5825 2808 5883 Sardic.
2845 5843 2891 5883 ε.
2927 5828 2982 5884 5.
