4126 6406
391 416 531 487 1ἳ77

1453 412 1633 475 VITA
1670 412 1730 473 S.
1772 409 2093 474 JOANNIS
2128 410 2689 474 CHRYSOSTOMI.

3524 406 3666 475 1178

389 550 562 606 μητος
591 530 965 598 ἑξελαυνεται,
985 530 1081 586 καὶ
1101 529 1225 584 οὐδὲ
1254 529 1433 601 ἑαυτῷ
1462 528 1807 600 ἐπεισῆλθεν,
1826 526 1963 582 ἀλλὰ

2080 527 2258 598 pulsus
2279 526 2628 590 Athanasius,
2646 525 2845 583 deinde
2868 525 3215 582 occasionem
3237 530 3454 589 nactus,
3487 540 3586 596 per
3605 542 3665 581 se

386 629 466 698 τῷ
500 626 580 697 σῷ
626 625 843 696 κράτει,
880 625 1069 696 φησὶν,
1097 622 1270 689 είξας,
1302 615 1349 677 ὦ
1394 620 1642 693 βασιλεῦ,
1680 620 1882 691 μᾶλλον
1911 619 1969 673 δὲ

389 714 655 789 βιασθείς.
674 716 840 779 Τέλος
871 713 1375 786 ὑπογραψάῖωσαν,
1402 715 1453 767 oi
1481 712 1849 783 τῆςΊωάννου
1878 711 1975 766 καὶ

385 810 525 864 θεοῦ
561 809 759 881 μοίρας
797 804 974 895 dum),
1026 802 1173 861 οὗτοι
1223 805 1372 883 (τοὺς
1414 805 1562 895 περὶι
1592 802 1974 895 τδνἊκάκιον

387 903 485 956 καὶ
515 901 793 970 ’·Δντὶοχον
812 891 1085 969 λέγοντες)
1108 898 1159 951 οἱ
1185 896 1483 969 ὁρθοδόξων
1500 891 1648 950 ,εἶναι
1663 894 1754 949 τὸν
1774 893 1976 948 κανόνα
2016 898 2021 905 ’

386 992 784 1063 διατεινόμενοι
818 992 918 1062 τῆς
948 989 1120 1060 αὐτῆς
1154 984 1296 1043 εἶναι
1323 987 1559 1050 πίστεως
1585 988 1698 1049 τοῖς
1727 984 1971 1039 ἐκτεθει-

387 1088 534 1152 κόσι,
556 1085 649 1139 καὶ
681 1082 958 1138 διαλύουσι
986 1082 1047 1135 τὸ
1074 1078 1397 1153 ἁμφίδολον.
1430 1077 1731 1150 Ἐπῄνεσεν
1760 1078 1789 1130 ὁ
1816 1075 1973 1145 βασι-

389 1177 516 1239 λεῦς
569 1176 630 1230 τὸ
673 1173 988 1247 εἰρημένον,
1023 1173 1099 1236 ὡς
1150 1170 1335 1233 καλῶς
1384 1168 1543 1240 ἑχογ,
1597 1169 1692 1222 καὶ
1736 1167 1980 1237 γίνεσθαι

392 1266 567 1330 οὕτως
623 1264 961 1336 ἐπέτρεπεν·
1016 1263 1065 1315 οἱ
1115 1260 1172 1315 δὲ
1219 1260 1520 1330 ὑπέσχοντο
1559 1257 1660 1329 μὲν
1709 1258 1982 1329 ποιήσειν,

387 1356 692 1427 ἀπέσχοντο
732 1355 791 1408 δὲ
837 1355 899 1408 τὸ
931 1351 1008 1425 μὴ
1057 1348 1449 1421 άσφαλὲς.τοῦ
1502 1347 1829 1421 πράγματος
1880 1348 1986 1401 ὐπ-

388 1446 781 1510 οπτεύσαντες.

2076 619 2286 675 rediit:
2341 628 2399 674 et
2444 620 2590 690 quod
2636 619 2877 676 Joannes
2922 634 2995 676 ne
3039 619 3193 691 prius
3244 618 3468 689 quidem
3501 618 3667 673 fuerit

2074 709 2379 781 depositus,
2413 719 2469 764 et
2505 724 2683 779 neque
2711 725 2809 781 per
2837 724 2897 766 se
2924 724 3115 765 rursus
3152 718 3300 764 esset
3334 708 3614 780 ingressus
3646 725 3662 762 :

2076 803 2173 857 sed
2204 811 2298 857 tuo
2328 802 2532 857 cedens
2572 802 2826 873 imperio,
2860 803 3103 866 aiebant,
3134 817 3169 857 ο
3198 803 3516 872 imperator,
3555 802 3666 856 imo

2079 881 2210 951 vero
2237 908 2336 964 per
2368 896 2475 949 vim
2508 903 2751 949 coactus.
2801 893 3084 950 Postremo
3126 894 3497 950 inscribantur
3526 882 3664 966 (ω),

2078 985 2356 1051 dicebant,
2405 986 2443 1041 ii
2482 986 2575 1057 qui
2614 995 2744 1042 sunt
2769 986 2998 1042 Joannis
3023 995 3078 1042 et
3107 986 3198 1041 Dei
3228 988 3421 1056 partis.
3454 996 3508 1042 et
3548 987 3662 1051 isti,

2079 1077 2336 1133 Acacium
2370 1077 2617 1134 dicentes
2660 1086 2717 1134 et
2753 1078 3107 1143 Antiochum,
3154 1077 3250 1148 qui
3296 1079 3662 1134 orthodoxum

2081 1168 2357 1225 affirmant
2384 1185 2511 1226 esse
2539 1186 2808 1226 canonem
2841 1188 2858 1239 ;
2889 1179 2946 1226 et
2972 1170 3246 1226 fateantur
3274 1185 3334 1225 se
3361 1186 3483 1225 esse
3514 1172 3664 1241 ejus-

2081 1261 2206 1317 dem
2237 1260 2383 1330 lldei,
2420 1263 2578 1334 cujus
2628 1263 2688 1329 ii,
2723 1263 2814 1334 qui
2846 1263 3136 1319 ediderunt
3187 1279 3202 1316 :
3233 1270 3289 1319 et
3323 1262 3403 1319 sic
3434 1262 3666 1318 solvitur

2084 1353 2163 1421 id,
2194 1354 2262 1410 de
2292 1370 2401 1426 quo
2442 1357 2746 1413 dubitatur.
2775 1355 3040 1412 Laudavit
3070 1356 3214 1426 quod
3250 1356 3456 1412 dictum
3487 1356 3665 1411 fuerat

2086 1447 2407 1519 imperator,
2456 1457 2519 1505 ut
2563 1450 2712 1520 quod
2757 1458 2905 1505 recte
2946 1465 3007 1505 se
3036 1449 3278 1512 haberet,
3309 1458 3366 1504 et
3398 1449 3477 1505 sic
3501 1448 3665 1519 jussit

391 1559 486 1600 eos
535 1543 737 1598 facere.
802 1542 879 1597 Illi
938 1553 1121 1599 autem
1166 1556 1228 1597 se
1277 1539 1519 1595 facturos
1568 1540 1787 1610 quidem
1836 1549 1968 1595 sunt
2002 1541 2248 1612 polliciti,
2280 1560 2395 1616 prae
2452 1560 2513 1602 se
2541 1544 2803 1612 ferentes,
2863 1560 2925 1602 se
2957 1545 3233 1602 conlidere
3285 1546 3665 1602 :destiterunt

392 1646 543 1699 vero,
566 1640 637 1688 ut
674 1632 768 1703 qui
790 1633 901 1688 sint
927 1631 1189 1705 suspicati
1224 1646 1341 1687 rem
1373 1631 1601 1686 minime
1625 1645 1748 1687 esse
1773 1640 1968 1687 tutam.

458 1748 601 1807 MII’.
646 1750 733 1803 Ἐν
755 1748 966 1815 τούτοις
992 1750 1104 1803 τῶν
1157 1749 1497 1821 πραγμάτων
1524 1747 1714 1812 ὄντων,
1746 1749 1841 1802 καὶ
1868 1746 1965 1802 τοῦ

2141 1747 2374 1805 XLVIII.
2415 1748 2553 1805 Cum
2583 1764 2670 1806 res
2692 1750 2766 1805 ita
2798 1766 2857 1805 se
2891 1750 3179 1818 haberent,
3214 1760 3270 1807 et
3305 1752 3395 1809 ille
3424 1754 3649 1825 quidem

394 1844 495 1915 μὲν
523 1843 599 1908 ὡς
622 1843 820 1914 ἄριστα
850 1843 951 1912 τὴν
994 1841 1326 1915 Ἐκκλησίαν
1355 1839 1633 1905 διέποντος
1674 1840 1794 1905 ἔτος
1827 1842 1978 1895 ἐντε-

390 1937 483 2001 λὲς
524 1936 665 2009 μετὰ
696 1936 795 2008 τὴν
820 1936 1142 2007 ἀνάκλησιν,
1178 1934 1289 1989 τῶν
1320 1934 1376 1989 δὲ
1402 1936 1468 1989 τά
1499 1935 1713 1990 ἑαυτῶν
1757 1935 1978 1990 ποιούν-

393 2048 526 2096 των,
589 2029 686 2083 καὶ
714 2028 767 2082 τί
829 2029 904 2099 μὴ
954 2026 1269 2092 κινούντων,
1316 2025 1459 2081 ὥστε
1514 2027 1607 2081 τὸν
1681 2028 1839 2097 ἇγιον
1876 2026 1973 2081 τοῦ

393 2122 583 2193 θρόνου
625 2123 984 2189 καταγαγεῖν,
1037 2119 1266 2191 ἐπείπερ
1295 2118 1444 2191 ήτοῦ
1482 2119 1677 2190 Πάσχα
1699 2118 1974 2191 παρέϐαλ-

391 2212 482 2266 λεν
513 2213 697 2284 ἑορτὴ,
718 2212 828 2266 τῶν
843 2210 1054 2282 συχνῶν
1083 2212 1363 2282 ὀχλήσεων
1378 2212 1405 2264 ὀ
1426 2210 1678 2281 βασιλεὺς
1691 2208 1969 2282 ἡττηθεὶς,

390 2306 544 2378 δηλοῖ
596 2305 678 2377 τῷ
740 2305 1053 2376 πατριάρχῃ
1082 2307 1181 2373 τῇς
1245 2302 1574 2373 Ἐκκλησίας
1624 2302 1975 2370 ὑπεξελθεῖν,

393 2399 499 2453 ὑπὸ
530 2397 770 2451 συνόδων
798 2396 898 2467 ἤδη
924 2395 1068 2449 δυεῖν
1093 2394 1601 2470 καταψηφισθέντα..
1632 2395 1778 2466 Πρὸς
1808 2394 1979 2449 ταῦτα

392 2488 735 2562 τοιγαροῦνό
787 2484 984 2559 μέγας,
1015 2488 1219 2542 Είπατε
1266 2488 1345 2558 τῷ
1377 2488 1607 2557 βασιλεῖ,
1664 2489 1792 2558 ἔφη.
1837 2486 1978 2557 Ἐγὼ

394 2582 545 2652 παρὰ
580 2579 674 2633 τοῦ
711 2579 846 2632 Θεοῦ
870 2580 962 2633 καὶ
981 2578 1239 2650 Σωτῆρος
1268 2579 1369 2650 τὴν
1402 2578 1729 2649 Ἐκκλησίαν
1758 2581 1981 2652 ἐπιτρα-

396 2677 540 2740 πεὶς,
582 2675 940 2746 ὑποχωρῆσαι
976 2674 1182 2744 ταύτης
1230 2674 1373 2729 ἑκὼν
1426 2674 1663 2731 δέδοικα.
1703 2676 1766 2730 El
1807 2675 1866 2730 δέ
1897 2691 1979 2729 σοι

394 2766 553 2821 τοῦτο
581 2767 720 2820 κατὰ
750 2764 1000 2837 γνώμην,
1034 2759 1081 2820 ὦ
1101 2764 1344 2837 βασιλεῦ,
1377 2765 1514 2820 ἀλλὰ
1553 2766 1644 2838 βίᾳ
1670 2783 1737 2838 με
1773 2767 1978 2837 ταύτης

397 2858 616 2927 ἐξωσον,
661 2858 726 2914 ἵν’
771 2858 882 2929 εχω
927 2859 1029 2931 τῆς
1052 2859 1215 2913 οίονεὶ
1259 2858 1608 2927 λειποταξίας
1656 2859 1975 2928 ἀπολογίαν,

396 2953 495 3025 τήν
516 2970 574 3006 τε
603 2952 704 3024 σὴν
762 2952 1033 3019 ἐξουσίαν,
1098 2954 1195 3009 καὶ
1243 2952 1344 3024 τὴν
1395 2953 1531 3023 ἐμοῦ
1558 2951 1709 3024 παρὰ
1742 2952 1975 3024 γνώμην

396 3044 565 3114 αὐτῆς
596 3042 940 3113 κατάλειψιν.
975 3042 1300 3114 Πέμψαντες
1325 3043 1526 3108 τοίνυν,
1577 3044 1675 3114 τῆς
1723 3044 1824 3116 μὲν
1862 3045 1972 3099 λει-

2083 1859 2229 1899 anno
2265 1843 2476 1915 integro
2502 1844 2708 1915 optime
2742 1844 3155 1900 administraret
3195 1846 3499 1901 Ecclesiam
3539 1856 3665 1918 post

2083 1939 2489 1995 revocationem
2515 1957 2529 1995 :
2557 1938 2646 1995 isti
2683 1949 2889 2005 autem,
2925 1955 3047 2011 qua;
3084 1940 3188 1995 sibi
3224 1950 3382 1996 erant
3421 1944 3660 2013 prepria,

2080 2033 2324 2088 Iacerent
2363 2050 2377 2087 :
2420 2047 2484 2088 ea
2533 2048 2665 2089 vero
2703 2041 2859 2088 erant
2906 2043 3053 2089 artes
3091 2043 3148 2090 et
3199 2034 3511 2106 impostnrte
3553 2056 3567 2092 :
3609 2046 3666 2093 et

2080 2126 2210 2197 quid
2244 2141 2355 2181 non
2380 2136 2687 2193 moverent,
2712 2137 2773 2182 ut
2799 2127 3060 2182 Sanctum
3084 2146 3115 2182 e
3144 2128 3273 2184 sede
3301 2129 3661 2199 deponerent,

2081 2217 2297 2274 étiamsi
2329 2233 2441 2272 non
2486 2217 2767 2288 potuerint
2800 2218 2923 2287 ejus
2971 2219 3196 2289 Spiritus
3219 2219 3495 2290 dejicere?
3523 2220 3663 2275 Cum

2082 2310 2298 2365 adesset
2358 2308 2530 2365 festus
2583 2311 2700 2366 dies
2750 2309 2994 2374 Paschae,
3032 2327 3062 2367 a
3121 2313 3308 2367 multis
3372 2314 3660 2382 molestiis,

2080 2413 2217 2469 quas
2266 2396 2317 2453 ei
2360 2398 2732 2455 exhibuerunt
2772 2399 2882 2466 isti,
2913 2400 3089 2455 vietus
3141 2402 3456 2472 imperator,
3493 2402 3665 2474 signi-

2080 2487 2205 2543 ﬁcat
2240 2488 2583 2560 patriarchae,
2608 2495 2668 2543 ut
2695 2489 2923 2545 excedat
2970 2505 3036 2544 ex
3066 2490 3319 2557 ecclesia,
3346 2501 3405 2546 ut
3429 2493 3521 2563 qui
3552 2494 3662 2564 jam

2080 2594 2109 2632 a
2140 2578 2351 2634 duabus
2379 2578 2601 2651 synodis
2651 2578 2725 2633 sit
2756 2579 3177 2634 condemnatus.
3204 2579 3408 2636 Adhaec
3432 2597 3664 2653 magnus

2074 2666 2171 2724 ille
2210 2668 2450 2725 Joannes
2485 2686 2501 2724 :
2551 2669 2687 2740 Ego,
2724 2670 2924 2739 inquit,
2973 2670 3061 2726 cui
3115 2668 3261 2726 Deus
3290 2682 3346 2728 et
3403 2672 3666 2730 Servatur

2082 2761 2381 2818 Ecelesiam
2430 2761 2653 2817 tradidit
2704 2764 3031 2835 regendam,
3067 2763 3136 2818 ab
3173 2778 3238 2819 ea
3286 2780 3406 2819 mea
3465 2777 3663 2837 sponte

2084 2870 2278 2910 vereor
2317 2855 2598 2910 recedere.
2625 2854 2721 2909 Sin
2763 2862 2946 2910 autem
2978 2856 3080 2910 hoc
3122 2855 3195 2911 ita
3222 2857 3321 2912 tibi
3354 2858 3588 2925 videtur,
3628 2877 3663 2916 ο

2082 2949 2397 3019 imperator,
2435 2955 2493 3002 at
2522 2962 2611 3002 me
2642 2963 2708 3002 ex
2756 2962 2820 3002 ea
2860 2946 2912 3002 vi
2948 2947 3179 3017 expelle,
3213 2957 3275 3002 ut
3319 2963 3407 3004 me
3455 2950 3660 3020 possim

2079 3042 2305 3097 omnino
2334 3040 2648 3103 defendere,
2700 3040 2845 3111 quod
2879 3040 3071 3095 ordine
3104 3040 3188 3095 vel
3220 3041 3269 3095 vi
3299 3041 3660 3101 deseruerim.

395 3110 654 3206 τουργίας
693 3110 855 3189 αὐτὸν
887 3110 1189 3206 ἀπέχεσθαι
1211 3110 1684 3206 παραγγέλλουσι,
1723 3110 1817 3206 .τῷ
1848 3138 1972 3191 ἑπι-

2080 3136 2160 3192 Ad
2194 3151 2319 3192 eum
2355 3135 2538 3206 itaque
2567 3110 2847 3190 mittentes
2898 3133 3193 3205 prohibent
3237 3136 3457 3206 quidem
3491 3138 3662 3193 sacri-

398 3227 638 3298 σκοπείῳ
689 3226 745 3280 δὲ
788 3229 850 3281 τδ
906 3228 1082 3300 παρὸν
1141 3227 1500 3299 ἐνδιατρίϐειν
1553 3229 1972 3301 παραχωροῦσι,

394 3318 697 3386 δείσαντες,
743 3304 1058 3389 οἶμαι,’μή
1103 3333 1158 3370 τι
1213 3318 1377 3373 πάλιν
1418 3318 1515 3374 καὶ
1567 3318 1723 3383 Θεὸς.
1766 3319 1976 3375 ἄνωθεν

397 3409 689 3481 ἑπιδικάση
716 3412 782 3481 τῇ
807 3409 1002 3485 τόλμῃ,
1053 3408 1152 3463 καὶ⁵
1196 3410 1262 3464 ἶν’
1312 3410 1483 3481 ἐγγὺς
1530 3410 1693 3465 αὐτὸν
1758 3411 2007 3482 ἔχοντες,

395 3501 796 3573 διορθώσοιντο.
846 3502 1033 3567 Οὖτως
1076 3500 1171 3557 οὖν
1224 3504 1440 3570 ίδιάζων
1480 3502 1684 3574 μεταξὺ
1727 3504 1913 3573 διῆγεν
1949 3505 1977 3557 ὁ

400 3594 575 3664 μέγας
630 3591 920 3659 διαλέξεών
941 3609 1003 3646 τε
1035 3594 1129 3648 καὶ
1173 3594 1285 3648 τῶν
1346 3594 1527 3649 καλῶν
1578 3594 1677 3664 τῆς
1728 3592 1976 3664 γλώττης

400 3685 691 3757 ῥευμάτων
744 3685 1086 3756 είργόμενος.
1132 3684 1286 3738 Ἐπεὶ
1310 3685 1369 3739 δὲ
1406 3687 1499 3739 καὶ
1529 3688 1562 3757 ἡ
1589 3685 1686 3739 τοῦ
1735 3686 1975 3756 μεγάλου

397 3778 677 3833 Σαϐϐάτου
718 3780 901 3850 ἡμέρα
934 3774 1024 3851 ἣν,
1050 3782 1079 3832 ό
1110 3778 1366 3849 βασιλεὺς
1402 3779 1529 3843 τοὺς
1560 3781 1688 3849 περὶ
1723 3779 1977 3833 Ἀκάκιόν

396 3887 456 3924 τε
487 3871 583 3925 καὶ
610 3871 890 3942 Ἀντίοχον
949 3871 1461 3942 μεταστειλάμενος,
1490 3872 1543 3924 τί
1582 3871 1691 3924 δέοι
1717 3871 1977 3944 πράττειν

398 3961 607 4031 ἠρώτα.
669 3962 931 4016 Σκοπείτε
988 3962 1118 4033 γὰρ,
1174 3961 1303 4033 ἔφη,
1346 3964 1442 4017 καὶ
1464 3964 1513 4015 εί
1541 3963 1721 4027 καλῶς
1773 3964 1977 4034 ἔχειτὰ

399 4052 531 4124 παρ’
564 4053 721 4125 ὑμῶν
767 4054 1154 4126 είσηγούμενα.
1191 4055 1253 4108 Οἱ
1297 4054 1376 4121 δὲ,
1421 4054 1545 4107 Ἐπὶ
1585 4055 1685 4124 τὴν
1734 4055 1976 4127 κεφαλὴν

398 4147 576 4219 ⁴ἡμῶν,
628 4142 802 4214 εἷπον,
853 4149 886 4216 ἡ
933 4148 1180 4203 Ἰωάννου
1207 4149 1547 4220 καθαίρεσις,
1573 4149 1791 4206 ἐοικότα
1816 4150 1978 4220 τυχὸν

397 4243 533 4307 τοῖς,
564 4240 641 4294 Τὸ
672 4235 812 4312 αἷμα
855 4241 1019 4295 αὖτοῦ
1053 4240 1138 4310 ἐφ’
1168 4241 1338 4312 ἡμᾶς,
1365 4239 1602 4304 εἰποῦσι,
1630 4240 1726 4293 καὶ
1753 4242 1813 4294 ού
1842 4241 1977 4295 πολὺ

399 4334 588 4405 πόρῤω
616 4335 714 4405 τῆς
764 4334 991 4405 γνώμης
1033 4333 1216 4387 αὐτῶν
1256 4332 1645 4402 φθεγξάμενοι.
1672 4333 1785 4386 Καὶ
1804 4329 1978 4396 οὕτως

2079 3227 2285 3283 ﬁcare:
2318 3224 2626 3281 concedunt
2662 3231 2864 3289 autem,
2897 3232 2958 3279 ut
3009 3223 3063 3277 in
3102 3227 3387 3297 praesentia
3438 3228 3659 3297 quidem

2077 3327 2329 3375 versetur
2374 3319 2431 3373 in
2478 3317 2832 3388 episcopatu;
2902 3318 3177 3383 timentes,
3226 3327 3286 3374 ut
3330 3320 3545 3391 opinor,
3589 3339 3662 3378 ne

2079 3411 2225 3467 Deus
2277 3419 2469 3468 rur'sus
2502 3411 2739 3481 desuper
2782 3410 2923 3466 ferat
2975 3413 3301 3468 sententiam
3349 3415 3409 3469 in
3466 3431 3659 3471 eorum

2080 3503 2388 3571 audaciam,
2415 3512 2471 3559 et
2512 3512 2572 3558 ut
2601 3518 2771 3574 prope
2797 3517 2922 3558 eum
2951 3502 3236 3568 habentes,
3270 3505 3366 3561 Dei
3393 3506 3531 3562 iram
3563 3524 3661 3579 per

2080 3597 2259 3667 ipsum
2291 3595 2612 3666 reprimant.
2638 3594 2730 3650 Sic
2758 3609 2889 3666 ergo
2919 3610 3164 3650 seorsum
3189 3597 3405 3653 interim
3438 3601 3550 3670 egit
3576 3601 3661 3655 vir

2079 3688 2172 3741 ille
2203 3701 2455 3756 magnus,
2481 3701 2706 3741 cessans
2739 3701 2766 3739 a
2812 3687 3160 3742 sermonibus
3188 3698 3245 3743 et
3275 3689 3518 3760 pulchris
3554 3692 3661 3745 lin-

2081 3794 2198 3847 gua:
2257 3776 2684 3832 fluentis-Cum
2731 3785 2917 3832 autem
2961 3785 3107 3833 esset
3136 3778 3253 3835 dies
3296 3783 3477 3852 magni
3525 3782 3665 3838 Sab-

2080 3868 2192 3923 bati
2226 3866 2362 3938 (4|),
2398 3868 2694 3936 imperator
2726 3867 2852 3923 fecit
2886 3869 3029 3938 quod
3067 3884 3177 3924 non
3219 3878 3367 3926 recte
3398 3887 3458 3927 se
3494 3871 3663 3928 habe.

2080 3959 2198 4023 but,"
2227 3974 2332 4014 nec
2377 3959 2545 4013 animi
2591 3969 2707 4014 erat
2747 3961 3101 4030 imperatorii.
3134 3963 3425 4019 Accersitis
3461 3964 3662 4022 Acacio

2081 4060 2137 4107 et
2163 4049 2456 4117 Antiocho,
2488 4050 2698 4122 rogavit
2722 4051 2980 4121 quidnam
3003 4060 3277 4121 oporteret
3310 4053 3515 4109 facere.
3552 4054 3661 4112 Sed

2081 4156 2319 4217 oportet,
2345 4145 2544 4217 inquit,
2572 4147 2941 4213 considerare,
2972 4162 3041 4201 an
3074 4147 3184 4203 Deo
3212 4158 3362 4220 grata
3386 4152 3514 4215 sint,
3544 4167 3665 4220 quas

2081 4254 2110 4294 a
2138 4239 2293 4295 vobis
2341 4239 2498 4295 ﬁunt.
2542 4239 2620 4294 Illi
2662 4249 2847 4294 autem
2878 4239 3031 4312 (quid
3076 4242 3224 4297 enim
3259 4252 3377 4298 erat
3409 4232 3490 4299 eis
3520 4245 3666 4302 Deus

2082 4346 2228 4386 cura:
2244 4331 2309 4403 ?),
2340 4330 2396 4385 In
2427 4339 2700 4393 nostrum,
2734 4331 3012 4401 inquiunt,
3040 4332 3230 4395 redeat
3257 4333 3663 4405 caputhannis

399 4427 616 4498 ἐρήμην
681 4425 1155 4496 καταψηφίζονται
1208 4427 1303 4479 τοῦ
1368 4426 1602 4489 δικαίου,
1654 4425 1790 4497 μήτε
1813 4424 1975 4493 λόγου

2084 4423 2354 4494 depositio
2384 4440 2397 4476 :
2424 4422 2621 4477 similia
2656 4422 2742 4488 iis,
2772 4426 2866 4493 qui
2894 4423 3152 4477 dixerunt
3178 4441 3192 4476 :
3235 4440 3255 4475 ι
3282 4424 3516 4495 Sanguis
3541 4427 3663 4495 ejus

402 4519 741 4590 μεταδόντες,
794 4520 879 4588 ἐφ’
921 4514 1003 4582 οἷς
1050 4517 1434 4588 κατηγόρουν,
1496 4518 1621 4590 μήτ’
1672 4517 1971 4585 ἀπολογίαν

399 4610 688 4682 ἡντιναοῦν
716 4612 846 4683 παρ’
878 4612 1087 4665 ἐκείνου
1114 4609 1418 4680 δεξάμενοι.
1452 4610 1620 4663 Ταῦτ’
1641 4605 1735 4663 οὖν
1772 4609 1975 4680 μαθόν-

400 4722 493 4769 τες
548 4706 597 4757 οί
657 4703 758 4774 τῆς
812 4703 1061 4758 Ἰωάννου
1131 4702 1372 4772 μερίδος,
1408 4703 1458 4755 οἱ
1495 4702 1594 4772 μὲν
1663 4702 1976 4767 ἐπίσκοποι,

400 4798 548 4871 λύπῃ
570 4797 665 4850 καὶ
688 4796 917 4865 δάκρυσι
942 4796 1125 4859 δόντες
1167 4796 1417 4859 ἑαυτοὺς,
1477 4797 1594 4858 ταίς
1627 4796 1979 4863 καταγωγαῖς

402 4888 696 4961 ἡσύχαξοψ
751 4890 916 4959 ἱερεῖς
946 4889 1003 4942 δὲ
1024 4890 1117 4943 καὶ
1147 4888 1266 4943 ὅσοι
1300 4887 1397 4942 τοῦ
1422 4886 1627 4958 κλήρου
1657 4886 1715 4939 ἐν
1737 4903 1847 4940 τισι
1872 4887 1982 4940 τῶν

404 4980 709 5053 εύκτηρίων
745 4980 911 5034 οἴκων
950 4982 1081 5051 περὶ
1113 4980 1204 5034 τὸν
1233 4979 1418 5043 τόπον,
1479 4977 1539 5042 ὃς
1602 4979 1984 5031 Κωνσταντια-

403 5076 490 5130 ναὶ
520 5074 760 5143 λέγεται,
808 5073 1186 5144 συναγόμενοι,
1237 5072 1377 5144 μετὰ
1428 5070 1624 5125 πολλοῦ
1655 5070 1749 5125 τοῦ
1796 5069 1986 5124 συνδε-

401 5166 748 5238 δραμηκότος
791 5166 1029 5238 πλήθους
1082 5166 1190 5219 τῶν
1255 5164 1416 5237 ἱερῶν
1478 5163 1666 5234 ὓμνων
1726 5162 1823 5218 καὶ
1881 5162 1984 5233 τῆς

392 5260 668 5331 ’συνήθους
716 5261 927 5330 εἴχοντο
961 5258 1290 5327 δοξολογίας,
1332 5256 1715 5327 βαπτίσματός
1746 5272 1805 5307 τε
1834 5254 1982 5308 θείου

404 5351 530 5413 τοὺς
581 5352 904 5422 προσιόντας
924 5351 1133 5421 ἠξίουν.
1173 5348 1461 5411 Δείσαντες
1491 5346 1584 5401 οῦν
1613 5349 1661 5400 οἱ
1699 5347 1795 5400 τοῦ
1819 5364 1985 5417 πονη-

408 5442 504 5515 ροῦ
560 5443 858 5516 συνεδρίου,
892 5443 968 5516 μὴ
989 5443 1067 5514 τῷ
1105 5442 1234 5513 ἱερῷ
1268 5439 1617 5513 προσϐαλὼν,
1669 5440 1745 5503 ὡς
1768 5438 1916 5505 ἔθος,
1956 5440 1984 5492 ό

458 5560 521 5619 ’³⁸
549 5586 746 5642 Matth.
767 5600 940 5649 xxvn,
964 5583 1058 5639 25.

472 5720 587 5788 (40)
620 5718 893 5790 Elpidium
923 5717 1205 5790 Laodicea:
1240 5711 1749 5790 Syriaeepiscopum
1782 5709 1973 5790 fuisse,

402 5782 776 5849 memorat'ex
804 5789 1041 5843 Palladio
1075 5782 1394 5854 Baroanui
1425 5784 1587 5850 hujus
1620 5796 1799 5854 causae
1828 5782 1976 5838 deci-

403 5868 615 5918 sionem
657 5859 974 5933 perfacilem
1008 5853 1709 5930 imperatoriiproposuerit.

2086 4532 2252 4587 super
2281 4532 2382 4571 nos
2403 4513 2471 4583 ⁸⁸,
2497 4534 2516 4567 ι
2552 4523 2608 4569 et
2650 4529 2762 4569 non
2800 4515 2989 4585 procul
3030 4515 3100 4569 ab
3150 4530 3339 4569 eorum
3370 4517 3663 4585 sententia,

2085 4609 2308 4665 elocuti.
2346 4607 2437 4663 Sic
2470 4608 2750 4662 absentem
2796 4607 3163 4662 condemnant
3206 4607 3382 4663 virum
3431 4608 3664 4679 justum,

2088 4713 2211 4757 cum
2256 4715 2361 4756 nec
2391 4700 2459 4756 de
2502 4700 2590 4766 iis,
2622 4713 2856 4768 quorum
2901 4698 3282 4763 accusabatur,
3318 4698 3533 4754 dicendi
3565 4717 3665 4772 po-

2044 4830 2057 4847 ,
2087 4802 2340 4849 testatem
2373 4793 2422 4847 ei
2454 4790 2855 4862 permisissent,
2882 4791 3026 4860 quod
3058 4798 3142 4844 est
3168 4803 3461 4845 commune
3489 4792 3669 4846 omni-

2086 4884 2210 4947 bus,
2241 4883 2335 4954 qui
2377 4882 2627 4953 judicant
2666 4881 2785 4936 sine
2832 4882 2940 4935 ulla
2986 4881 3152 4935 animi
3200 4881 3611 4951 perturbatione
3646 4898 3664 4937 :

2087 4990 2269 5043 neque
2298 4974 2367 5029 ab
2398 4974 2492 5029 illo
2528 4972 2697 5027 ullam
2724 4972 3068 5042 accepissent
3100 4970 3499 5031 defensionem.
3528 4973 3665 5029 Cum

2088 5066 2206 5123 haec
2218 5074 2399 5122 autem
2423 5064 2784 5128 audivissent,
2807 5064 2899 5136 qui
2923 5072 3124 5119 eranta
3146 5065 3392 5133 partibus
3412 5063 3663 5127 Joannis,

2083 5160 2322 5231 episcopi
2376 5160 2599 5230 quidem
2657 5174 2717 5213 se
2746 5158 2913 5216 animi
2966 5157 3272 5229 aegritudini
3317 5156 3582 5211 dedentes
3613 5164 3668 5211 et

2082 5254 2355 5326 Iacrymis,
2390 5254 2446 5307 in
2494 5252 2706 5324 angulis
2749 5251 2992 5306 latebant
3036 5260 3092 5305 et
3133 5251 3394 5305 silentiun
3437 5251 3669 5322 agebant

2084 5346 2141 5401 in
2209 5343 2579 5399 habitaculis:
2622 5344 2935 5399 sacerdotes
2992 5351 3175 5397 autem
3229 5351 3286 5397 et
3356 5343 3670 5413 quicunque

2087 5445 2244 5495 erant
2276 5451 2343 5490 cx
2386 5436 2569 5504 clero,
2600 5434 3070 5507 congregabantur
3107 5434 3176 5489 ad
3214 5435 3477 5506 quasdam
3523 5435 3668 5489 aedes

2157 5716 2267 5786 (Μ)
2299 5713 2456 5779 Nota,
2484 5730 2609 5769 cum
2639 5722 2784 5770 esset
2809 5712 2926 5771 dies
2947 5711 3129 5786 magni
3161 5710 3405 5778 Sabbati,
3429 5708 3536 5766 hoc
3560 5715 3667 5778 est,

2083 5785 2379 5842 Sabbatum
2410 5793 2683 5842 sanctum.
