4126 6412
476 397 486 405 ’
515 412 655 480 mg
1733 400 2019 462 MENSIS
2048 398 2506 463 JANUARIUS.
3631 403 3780 468 nso

511 529 778 597 oratorias
853 524 1101 597 (vocatur
1131 529 1316 577 autem
1360 517 1517 574 locus
1555 514 1984 585 Constantianae)
2040 525 2096 571 et

2201 512 2475 584 βασιλεὺς,
2518 512 2616 566 καὶ
2664 511 2757 565 τοῦ
2787 511 2919 567 λαοῦ
2952 514 3191 570 κενωθέν
3220 513 3352 570 αὐτὸ
3411 516 3779 589 θεασάμενος,

514 639 639 680 cum
688 633 887 689 magna
931 613 1301 671 concurrisset
1352 608 1666 673 multitudo,
1711 608 1779 664 iis
1829 608 2087 662 omnibus

2201 603 2448 676 αἴσθησιν
2477 604 2578 675 μὲν
2608 605 2859 659 ἐντεῦθεν
2896 606 3052 660 λάϐοι
3080 611 3180 678 τῆς
3220 607 3315 663 τοῦ
3345 608 3478 663 λαοῦ
3510 608 3648 681 πρὸς
3681 612 3785 665 τὸν

511 731 659 772 cura:
689 721 846 768 erant
894 708 1035 764 sacri
1087 705 1276 779 hymni
1318 712 1374 760 et
1414 710 1677 759 consueta
1715 698 2035 772 gloriﬁcatio
2069 717 2083 753 :

509 814 775 878 praeterea
809 816 940 856 vero
971 815 1068 855 eos
1103 789 1342 869 quoque,
1371 794 1464 865 qui
1517 794 1869 856 accedebant,
1901 790 2089 846 divino

510 898 874 967 digiiabantur
920 893 1213 962 baptismo.
1268 888 1550 943 Timentes
1577 901 1728 955 ergo,
1784 884 1877 954 qui
1933 888 2137 938 erant‘

510 991 745 1062 improbi
776 987 1020 1048 concilii,
1051 1003 1121 1040 ne
1150 986 1193 1040 si
1232 986 1283 1038 in
1309 982 1596 1054 templum,
1628 989 1690 1035 ut
1733 979 1966 1042 solebat,
1992 992 2089 1032 ve-

510 1085 686 1140 nisset
744 1083 1063 1151 imperator,
1096 1087 1153 1133 et
1209 1076 1436 1131 vidisset
1492 1075 1545 1130 id
1581 1070 1814 1129 vacuum
1865 1070 2088 1142 populo,

514 1176 643 1229 liine
677 1174 896 1243 quidem
939 1170 1171 1226 sentiret
1219 1166 1403 1237 populi
1448 1165 1504 1220 in
1537 1180 1792 1236 magnum
1822 1162 2089 1218 Joannem

511 1263 977 1327 benevolentiam,
1037 1273 1227 1315 eorum
1280 1265 1485 1323 autem,
1529 1264 1591 1311 ut
1642 1264 1758 1310 erat
1798 1261 2091 1309 consenta-

511 1372 701 1421 neum,
739 1355 1131 1409 condemnaret
1163 1350 1421 1404 invidiam
1454 1367 1468 1403 :
1509 1347 1750 1403 eliiciunt
1782 1355 1842 1401 ut
1869 1345 2089 1416 quidem

513 1447 716 1502 Lucius
744 1447 852 1501 dux
882 1444 1113 1499 militum
1134 1442 1347 1497 numeri
1379 1442 1559 1511 gravis
1587 1448 1896 1504 armatum,
1926 1446 2088 1508 quem

515 1539 677 1592 etiam
722 1535 867 1590 fama
924 1540 1043 1588 erat
1074 1545 1196 1587 esse
1238 1530 1495 1602 gentilein
1552 1530 1848 1601 religione,
1889 1529 2091 1582 vadens

513 1635 836 1685 convocaret
884 1625 1140 1695 pepulum
1196 1624 1263 1679 ad
1292 1623 1619 1688 ecclesiam,
1674 1620 2092 1676 mansuetudine

513 1720 749 1790 primum
771 1725 930 1772 utens
955 1724 1008 1770 et
1035 1713 1411 1786 persuasione,
1435 1712 1554 1783 lege
1584 1711 1821 1767 ut'aiunt
1849 1709 2089 1774 Boeotia;

495 1828 596 1873 ,ειη
668 1810 874 1871 minus,
936 1808 1043 1862 vim
1108 1807 1274 1861 etiam
1339 1804 1588 1869 inferret,
1652 1804 1896 1857 lanceam
1961 1801 2092 1855 mis-

2194 699 2371 769 μέγαν
2392 697 2629 762 εὐνοίας,
2661 697 2842 752 αὐτῶν
2876 698 2933 751 δὲ
2957 698 3260 770 βασκανίαν
3290 700 3451 765 εὐθὺς
3492 702 3784 773 καταγνῷ»

2190 787 2677 861 παρασκευάζουσι
2730 788 2962 868 Λούκιόν
3026 806 3152 845 τινα
3203 789 3299 844 τοῦ
3374 791 3623 862 ἀριθμοῦ
3661 793 3787 845 τῶν

2188 879 2506 950 ὁπλοφόρων
2526 879 2662 949 ήγού
2670 896 2850 950 μενον,
2875 879 2935 935 όν
2954 883 3049 935 καὶ
3085 882 3323 952 Ἕλληνα
3350 883 3450 953 τὴν
3473 884 3792 953 θρησκείαν

2188 974 2217 1026 ό
2238 973 2349 1027 τῶν
2382 972 2594 1026 πολλῶν
2625 970 2740 1043 εἶχε
2785 974 2961 1043 λόγος,
2992 975 3325 1038 ἀπελθόντα,
3361 975 3424 1028 τδ
3462 976 3669 1046 πλῆθος
3695 980 3793 1038 είς

2188 1065 2287 1137 τὴν
2318 1064 2616 1136 ἐκκλησίαν
2635 1065 3140 1135 μετακαλέσαοθαι,
3167 1068 3442 1138 ἐπιεικείᾳ
3462 1067 3525 1120 τὸ
3555 1069 3790 1139 πρῶτον

2191 1159 2286 1212 καὶ
2314 1158 2492 1211 πειθοῖ
2531 1156 2836 1229 χρώμενον,
2875 1161 2924 1212 εί
2967 1158 3014 1212 δ’
3051 1159 3163 1225 οὖν,
3197 1159 3335 1213 ἀλλὰ
3364 1162 3461 1214 κο.)⁵
3503 1158 3625 1230 βίαν
3675 1162 3791 1213 ἐπ-

2191 1250 2438 1317 αγαγεῖν.
2478 1247 2537 1301 ’0
2564 1249 2607 1301 δ’
2639 1249 2802 1314 εὐθὺς
2862 1250 2997 1320 πρὸς
3052 1248 3163 1322 [ῖσ.
3202 1248 3325 1321 σὺν]
3380 1251 3784 1322 τετρακοσίοις,

2189 1335 2272 1404 οἷς
2319 1341 2448 1412 περὶ
2503 1340 2668 1396 αὑτὸν
2697 1336 2867 1412 εἶχεν,
2898 1341 3138 1412 ἑσπέρας
3189 1341 3554 1406 ἐπεισπεσὼν,
3588 1342 3785 1394 ἐκεῖνα.

2189 1434 2505 1503 εἰργάσατο,
2542 1432 2578 1487 ἃ
2622 1432 2806 1486 ποθεῖν
2852 1434 2951 1504 μὲν
3006 1434 3129 1495 τοὺς
3174 1433 3509 1503 δεδρακότας
3575 1434 3785 1503 μόνους

2188 1519 2256 1595 ἦν
2282 1523 2430 1589 ἄξιον
2446 1542 2459 1556 ·
2481 1526 2658 1579 είπεῖν
2679 1523 2734 1578 δὲ
2754 1525 2849 1577 καὶ
2872 1524 3213 1593 διασαφῆσαι
3240 1527 3595 1595 παραχωρεῖν
3625 1526 3786 1595 ἡμᾶς

2191 1617 2469 1686 προσῆκον
2498 1618 2564 1687 τῇ
2608 1615 2871 1687 καλλίστῃ
2931 1615 3215 1684 γλωσσῶν,
3272 1617 3370 1669 καὶ
3406 1614 3539 1685 παρ’
3602 1616 3784 1685 αὐτῆς

2193 1707 2412 1762 ἀκούειν
2457 1707 2838 1780 διηγουμένης.
2928 1707 3099 1772 Αὐτὸς
3153 1708 3259 1780 γὰρ
3313 1707 3503 1780 ὥσπερ
3561 1707 3783 1781 ὑπέστη

2198 1806 2483 1875 γενναίως,
2524 1803 2667 1859 οὕτω
2689 1805 2753 1876 δὴ
2783 1805 2878 1859 καὶ
2906 1805 3267 1873 γενναιότατα
3291 1805 3613 1877 διηγήσατο.
3661 1805 3784 1860 Καὶ

512 1918 643 1959 cens
683 1917 807 1958 cum
845 1901 1103 1956 caduceo.
1134 1899 1229 1954 Ille
1259 1909 1439 1952 autem
1474 1911 1600 1951 cum
1631 1895 1815 1950 statim
1847 1909 1971 1948 cum
2003 1892 2090 1955 iis,

2201 1871 2305 1969 γὰρ
2364 1896 2697 1952 ἐπιστέλλων
2730 1871 3101 1967 ’.Ιννοκεντίιιη
3177 1898 3273 1951 καὶ
3309 1871 3403 1953 τά-
3433 1871 3783 1968 τολμηθέντα

512 2012 651 2067 quos
727 1994 1001 2058 habebat,
1056 1989 1469 2062 quadringentis
1517 2000 1743 2057 vespere
1802 1985 2089 2049 irruisset,

512 2090 604 2143 illa
653 2086 802 2150 fecit,
838 2100 959 2154 qua:
1013 2098 1111 2153 par
1159 2089 1279 2135 erat
1317 2093 1413 2134 eos
1465 2077 1611 2131 solos
1669 2075 1804 2147 pati,
1864 2072 1961 2143 qui
2012 2071 2093 2127 fe-

514 2187 703 2235 cerant
734 2194 746 2231 :
794 2175 975 2229 dicere
1003 2182 1185 2226 autem
1235 2175 1291 2224 et
1337 2167 1609 2238 explicare
1654 2180 1763 2219 non
1797 2179 1897 2218 nos
1928 2176 2095 2233 opor-

516 2278 628 2333 tet,
685 2267 782 2323 sed
826 2265 881 2321 id
948 2261 1251 2318 concedere
1300 2260 1379 2313 illi
1435 2258 1635 2328 linguae
1680 2255 1924 2309 omnium
1976 2253 2089 2324 pul-

515 2359 801 2415 cherrima;
826 2395 842 2421 ,
894 2360 950 2409 et
992 2367 1113 2407 eam
1148 2350 1340 2404 audire
1391 2356 1732 2402 narrantem.
1770 2346 1892 2415 Ipse
1949 2343 2094 2398 enim

516 2451 661 2506 sicut
692 2447 907 2501 fortiter
931 2442 1213 2507 sustinuit,
1244 2441 1317 2494 ita
1339 2440 1501 2494 etiam
1534 2453 1662 2493 vere
1690 2436 1932 2491 narravit
1953 2434 2096 2505 quod

517 2540 735 2596 accidit.
758 2536 1019 2591 Scribens
1051 2534 1197 2588 enim
1226 2531 1295 2586 ad
1325 2528 1724 2594 Innocentium,
1745 2536 1799 2581 et
1828 2540 1949 2597 qua:
1980 2525 2097 2580 ausi

517 2630 756 2693 fuerant,
803 2625 1052 2681 oratione
1100 2636 1470 2693 persequens,
1522 2635 1645 2673 eum
1701 2627 1884 2673 autem
1937 2624 2097 2671 antea

517 2723 757 2779 diximus
802 2718 1108 2773 Romanum
1156 2714 1325 2769 fuisse
1360 2713 1698 2783 episcopum,
1728 2709 1809 2765 sic
1846 2724 1961 2764 rem
1990 2718 2099 2762 tra-

517 2817 679 2872 ctavit
706 2833 718 2868 :
753 2811 1039 2879 Quomodo
1065 2824 1184 2879 quae
1218 2807 1307 2861 liic
1336 2804 1476 2860 facta
1508 2813 1639 2859 sunt
1663 2803 1940 2872 deinceps,
1971 2817 2099 2856 nar-

518 2909 776 2973 raverim,
817 2919 939 2975 quae
979 2916 1199 2956 omnem
1244 2903 1506 2968 superant
1550 2893 1908 2967 tragoediam?
1933 2892 2097 2959 Quae-

416 2998 417 3001 “
517 3015 644 3054 nam
672 3014 736 3053 ea
761 2995 1046 3066 explicarit
1077 2991 1289 3048 oratio?
1313 2994 1573 3057 Quaenam
1608 3002 1770 3059 aures
1801 3000 1864 3041 ea
1896 2989 2101 3054 absque

518 3077 746 3149 lion-ore
796 3086 1155 3159 acceperint?
1206 3085 1339 3139 Nam
1396 3099 1520 3138 cum
1573 3096 1676 3136 nos
1712 3080 1919 3135 eadem
1961 3078 2103 3134 sicut

516 3187 671 3258 prius
701 3195 1156 3254 proponeremus,
1190 3186 1415 3249 repente
1447 3170 1759 3229 miiltitudo‘
1780 3172 2016 3227 militum
2045 3173 2100 3225 in

517 3281 636 3352 ipso
670 3291 869 3347 magno
901 3274 1157 3336 Sabbato,
1191 3272 1280 3326 die
1327 3271 1437 3339 jam
1470 3269 1767 3323 inclinante
1807 3267 1874 3320 ad
1902 3280 2100 3335 vespe-

519 3388 660 3440 ram,
707 3370 763 3424 in
794 3366 1054 3423 ecclesias
1094 3366 1334 3428 irruens,
1386 3360 1696 3415 universum
1735 3358 1962 3424 clerum,
2006 3358 2101 3428 qui

520 3476 635 3520 erat
680 3463 983 3524 nobiscum,
1033 3457 1259 3526 expulit,
1309 3454 1585 3524 armisque
1615 3452 2009 3516 circumdedit;
2047 3458 2103 3505 ct

521 3554 801 3621 mulieres,
836 3566 958 3623 qua:
992 3566 1050 3605 se
1080 3548 1149 3602 ad
1194 3546 1521 3616 baptismum
1550 3554 1837 3609 exuerant,
1869 3559 1937 3598 ex
1969 3542 2096 3598 aedi.

523 3647 626 3702 bus
657 3644 914 3699 oratoriis
966 3640 1129 3694 nudae
1186 3653 1253 3692 eo
1290 3646 1535 3707 tempore
1594 3644 1908 3697 evaserunt,
1950 3642 2099 3689 metu

521 3736 701 3810 gravis
753 3735 916 3803 hujus
961 3728 1309 3801 irruptionis,
1350 3744 1421 3782 ne
1468 3742 1599 3781 eum
1640 3727 1885 3819 quidem,
1937 3742 2098 3797 quem

521 3834 677 3884 decet
705 3827 985 3886 mulieres,
1012 3822 1236 3893 pudoris
1259 3828 1512 3874 ornatum
1539 3816 1767 3872 induere
1791 3816 2096 3887 permissae:

520 3921 707 3974 multa:
730 3931 859 3971 vero
889 3915 1052 3969 etiam
1070 3912 1311 3981 acceptis
1336 3909 1653 3964 vulneribus
1674 3907 1839 3978 expul
1872 3923 1919 3962 ω
1948 3917 2097 3971 sunt,

521 4023 576 4067 tl
608 4013 823 4066 lavacra
864 4006 1130 4077 sanguine
1167 4011 1298 4057 sunt
1341 4001 1581 4072 impleta,
1618 4008 1671 4053 et
1702 4014 1855 4053 sacra
1898 3997 2101 4052 ﬂuenta

501 4104 787 4175 sanguine
835 4105 1129 4154 evaserunt
1162 4108 1454 4165 purpurea.
1483 4092 1551 4147 Et
1593 4106 1697 4146 nec
1741 4090 1843 4175 hic.
1879 4090 2100 4160 quidem

523 4198 727 4252 malum
773 4191 1061 4246 constitit:
1109 4188 1204 4242 sed
1243 4185 1469 4256 ingressi
1520 4184 1744 4248 milites,
1780 4184 1883 4237 ubi'
1914 4191 2102 4237 sancta

523 4298 684 4346 erant
741 4284 1000 4356 reposita,
1050 4294 1305 4351 quorum,
1356 4279 1495 4333 sicut
1544 4275 1921 4346 cognovimus,
1961 4290 2103 4328 non-

525 4382 661 4438 nulli
694 4379 807 4434 non
842 4384 1000 4431 erant
1036 4371 1315 4444 mysteriis
1348 4369 1543 4423 initiati
1576 4384 1696 4438 quae
1730 4367 1877 4420 intus
1921 4374 2098 4431 erant,

529 4477 713 4532 omnia
745 4472 1014 4535 viderunt,
1047 4476 1105 4522 et
1133 4464 1512 4521 sanctissimus
1544 4461 1743 4517 Christi
1769 4460 2010 4531 sanguis,
2044 4466 2105 4511 ut

2193 1989 2407 2056 διεξιὼν
2434 1988 2687 2060 (Ῥώμης
2717 1990 2772 2043 δέ
2797 1989 2962 2044 αὐτὸν
2998 1989 3298 2044 ἐπίσκοπον
3322 1991 3352 2043 ὁ
3384 1989 3540 2060 λόγος
3562 1990 3783 2060 φθάσας

2195 2081 2475 2154 ἐδήλωσε),
2502 2082 2748 2137 διέλαϐεν
2770 2082 2913 2137 οὕτω
2932 2099 2947 2114 ο
2977 2082 3101 2147 Πῶς
3126 2080 3192 2135 ἂν
3215 2084 3285 2136 τὰ
3306 2083 3542 2137 ἐνταῦθα
3578 2082 3783 2153 διηγη-

2198 2172 2405 2244 σαίμην
2432 2173 2642 2239 λοιπὸν,
2667 2176 2848 2228 πᾶσαν
2880 2174 3283 2246 ὑπερϐαίνοντα
3317 2174 3658 2244 τραγῳδίανς
3690 2175 3779 2238 τίς

2197 2267 2337 2322 αὐτὰ
2363 2268 2733 2339 παραστήσειε
2762 2267 2919 2335 λόγος
2945 2284 2960 2333 ;
2987 2267 3118 2322 ποία
3138 2268 3312 2339 χωρὶς
3332 2266 3537 2338 φρίκης
3562 2267 3783 2331 δέξεται

2197 2360 2373 2430 ἀκοής
2408 2357 2599 2427 Ἦμῶν
2617 2359 2725 2431 γὰρ
2758 2359 2953 2426 ταῦτα,
2977 2359 3230 2431 καθάπερ
3262 2360 3570 2432 ἔμπροσθεν
3598 2358 3778 2425 εἶπον,

2198 2453 2621 2523 προτεινόντων,
2663 2452 2861 2523 ἁθρόον
2908 2453 3259 2524 στρατιωτῶν
3288 2454 3494 2525 πλῆθος
3521 2454 3784 2526 αὐτῷτῷ

2201 2544 2425 2616 μεγάλῳ
2453 2543 2737 2615 Σαϐϐάτῳ,
2774 2544 2909 2609 πρὸς
2944 2546 3183 2620 ἑσπέραν
3229 2545 3416 2599 λοιπὸν
3434 2547 3534 2616 τῆς
3563 2546 3784 2616 ἡμέρας

2200 2635 2603 2707 ἐπειγομένης,
2660 2638 2782 2699 ταῖς
2829 2635 3149 2706 ἐκκλησίαις
3205 2636 3635 2702 ἐπεισελθόντες,
3686 2640 3783 2693 τὸν

2201 2728 2405 2800 κλῆρον
2435 2728 2651 2782 ἅπαντα
2670 2726 2764 2780 τὸν
2794 2728 2891 2781 σὺν
2914 2729 3046 2798 ἡμῖν
3077 2728 3213 2798 πρὸς
3227 2728 3349 2799 βίαν
3372 2730 3650 2796 ἐξέϐαλον,
3682 2729 3786 2783 καὶ

2198 2823 2383 2885 ὅπλοις
2404 2821 2465 2875 τὸ
2505 2821 2653 2891 βῆμα
2706 2821 3159 2893 περιεστοίχιστο.
3210 2822 3323 2875 Καὶ
3371 2825 3627 2890 γυναῖκες
3670 2822 3786 2877 τῶν

2201 2913 2507 2983 εὐκτηρίων
2535 2911 2720 2979 οἴκων,
2754 2912 2890 2983 πρὸς
2914 2910 2973 2965 τὸ
3005 2911 3288 2984 βάπτισμα
3332 2913 3781 2983 ἀποδυσάμεναι,

2201 3004 2321 3058 κατ’
2355 3002 2516 3056 αὑτὸν
2544 3001 2636 3055 τὸν
2653 3001 2843 3071 καιρὸν
2891 3000 3102 3072 γυμναὶ
3124 2999 3328 3069 ἔφυγον
3355 3001 3464 3054 ἀπὸ
3486 3000 3580 3054 τοῦ
3607 3000 3786 3071 φόϐου

2203 3097 2300 3167 τῆς
2352 3094 2597 3167 χαλεπῆς
2634 3093 2839 3165 ταύτης
2881 3093 3096 3165 ἐφόδου,
3147 3091 3270 3146 οὐδὲ
3323 3092 3423 3165 τὴν
3460 3094 3785 3165 πρέπουσαν

2206 3185 2456 3253 γυναιξὶν
2522 3182 2943 3256 εὐσχημοσύνην
3031 3183 3486 3256 συγχωρούμεναι
3553 3182 3789 3254 περιθέ-

2211 3275 2357 3329 σθαι.
2415 3273 2615 3329 Πολλαὶ
2643 3274 2701 3327 δὲ
2732 3275 2826 3328 καὶ
2881 3270 3172 3343 τραύματα
3209 3272 3507 3343 δεξάμεναι
3554 3273 3790 3339 ἐξεϐάλ-

2208 3364 2383 3431 λοντο,
2434 3366 2529 3417 καὶ
2575 3364 2807 3435 αἵματος
2859 3366 2918 3419 αί
2977 3363 3360 3436 κολυμϐῆθραι
3422 3366 3789 3437 ἐπληροῦντο,

2209 3455 2303 3509 καὶ
2342 3454 2409 3509 τὰ
2451 3456 2572 3526 ἱερὰ
2600 3455 2708 3510 ἀπὸ
2743 3456 2851 3509 τῶν
2878 3456 3125 3527 αἱμάτων
3167 3457 3505 3525 ἐφοινίσσετο
3542 3459 3785 3527 νάματα.

2208 3548 2321 3603 Καὶ
2360 3547 2480 3601 οὐδὲ
2516 3546 2750 3601 ἐνταῦθα
2787 3547 3030 3618 εἱστήκει
3062 3548 3124 3601 τδ
3168 3548 3364 3612 δεινὸν,
3399 3549 3513 3603 ἀλλ’
3557 3549 3687 3602 ἔνθα
3716 3551 3793 3604 τὰ

2210 3641 2342 3709 ἅγια
2366 3640 2642 3707 ἀπέκειτο,
2674 3640 3006 3703 εἰσελθόντες
3054 3641 3103 3694 oi
3140 3640 3490 3713 στρατιῶται,
3533 3636 3609 3695 ὧν
3654 3642 3796 3697 ἑνιοι

2210 3730 2393 3795 καθὼς
2437 3731 2779 3801 ἐπέγνωμεν,
2848 3732 2942 3784 καὶ
2990 3731 3226 3803 ἀμύητοι
3272 3730 3430 3805 ἦσαν,
3480 3735 3699 3789 πάνταρ
3727 3752 3794 3789 τε

2211 3824 2398 3895 ἐώρων
2463 3825 2532 3876 τὰ
2572 3823 2742 3887 ἔνδον,
2771 3824 2954 3877 καὶτὸ
2988 3823 3290 3892 ἁγιώτατον
3320 3821 3462 3897 αἷμα
3514 3826 3609 3881 τοῦ
3648 3829 3795 3898 Χρι-

2212 3914 2338 3967 στοῦ
2361 3914 2437 3976 ὡς
2464 3917 2521 3967 ἐν
2547 3913 2786 3983 τοσούτῳ
2815 3914 3027 3984 θορύϐῳ
3058 3916 3137 3978 είς
3157 3915 3225 3969 τὰ
3249 3916 3356 3970 τῶν
3370 3919 3798 3988 προειρημένων

2212 4005 2563 4076 στρατιωτῶν
2592 4008 2783 4077 ἱμάτια
2806 4007 3067 4077 ἐξεχεῖτο,
3110 4010 3207 4062 καὶ
3253 4007 3329 4071 ὡς
3354 4011 3410 4061 ἐν
3436 4010 3796 4084 αἰχμαλωσίᾳ

2212 4097 2547 4169 βαρϐαρικῇ,
2601 4098 2780 4152 πάντα
2811 4099 3080 4168 ἐτολμᾶτο
3113 4114 3130 4131 ο
3160 4100 3255 4153 καὶ
3274 4103 3303 4153 ό
3324 4100 3494 4171 δῆμος
3521 4102 3656 4172 πρὸς
3690 4105 3799 4174 τὴν

2209 4187 2443 4258 ἐρημίαν
2465 4187 2750 4257 ἠλαύνετο,
2786 4190 2879 4242 καὶ
2916 4190 3104 4253 ἆπαςό
3133 4190 3260 4254 λαὸς
3298 4191 3398 4260 τῆς
3425 4192 3633 4256 πόλεως
3684 4195 3801 4261 ἔξω

2209 4280 2462 4352 διέτριϐε.
2499 4284 2609 4337 Καὶ
2650 4284 2802 4336 κεναὶ
2833 4285 2891 4338 ἐν
2919 4286 3080 4355 ἑορτῇ
3132 4285 3356 4357 τοιαύτῃ
3387 4286 3496 4340 τῶν
3539 4288 3686 4342 λαῶν
3737 4291 3798 4343 ai

2211 4372 2503 4449 ἐκκλησίριι
2562 4376 2823 4445 ἐγίνοντο,
2882 4380 2981 4431 καὶ
3040 4378 3250 4443 πλείους
3297 4380 3330 4451 ἢ
3384 4383 3801 4449 τεσσαράκοντα

2211 4467 2503 4520 ἐπίσκοποι
2547 4468 2598 4520 οί
2632 4469 3045 4539 οἰκονομοῦντες
3081 4473 3216 4541 ἡμῖν
3248 4472 3388 4541 μετὰ
3413 4473 3509 4527 τοῦ
3547 4474 3676 4527 λαοῦ
3698 4478 3799 4527 καὶ

530 4571 588 4625 in
614 4577 764 4623 tanto
798 4563 1054 4627 tumultu,
1095 4560 1152 4615 in
1202 4558 1585 4630 praedictorum
1641 4554 1872 4609 militum
1924 4562 2098 4609 vestes

2211 4559 2305 4614 τοῦ
2345 4560 2550 4630 κλήρου
2588 4561 2711 4635 είκῇ
2738 4563 2832 4615 καὶ
2883 4567 3061 4633 μάτην
3098 4564 3411 4636 ἠλαύνοντο.
3475 4569 3584 4621 Καὶ
3609 4568 3805 4621 ὀλολυ-

526 4661 629 4717 fuit
651 4659 858 4715 eﬂiisiis
887 4653 1022 4727 (42),
1055 4661 1111 4708 et
1155 4661 1411 4721 tanquam
1459 4648 1513 4703 in
1545 4648 1829 4702 barbarica
1875 4645 2107 4717 captivi-

530 4765 639 4811 tate
684 4753 801 4807 ausi
840 4759 968 4805 sunt
1008 4748 1098 4801 illa
1131 4749 1334 4810 omnia,
1383 4755 1437 4798 et
1490 4741 1727 4813 populus
1762 4741 1973 4811 ejectus
2002 4739 2109 4794 fuit

531 4852 585 4902 in
618 4846 990 4904 solitudinem,
1024 4850 1080 4895 et
1134 4838 1428 4894 universus
1458 4835 1662 4906 populi
1703 4843 1877 4888 coitus
1926 4846 2110 4886 versa-

2216 4653 2312 4722 γαὶ
2354 4654 2449 4706 καὶ
2491 4654 2731 4723 οἰμωγαὶ
2766 4655 2864 4720 τὰς
2895 4657 3071 4721 οίκίας
3102 4658 3246 4712 κατὰ
3274 4660 3372 4722 τὰς
3428 4661 3665 4730 ἐρημίας
3703 4664 3810 4717 καὶ

2217 4746 2361 4801 κατὰ
2407 4748 2517 4800 πᾶν
2548 4750 2646 4819 τῆς
2680 4747 2886 4813 πόλεως
2949 4750 3114 4822 μέρος
3151 4750 3260 4804 τῶν
3304 4754 3600 4823 συμφορῶν
3627 4753 3808 4825 ἐπλή-

2221 4854 2348 4909 ρουν
2378 4838 2604 4894 τούτων.
2656 4838 2755 4892 Διὰ
2797 4840 2907 4909 γὰρ
2932 4842 3031 4912 τὴν
3066 4842 3371 4915 ὑπερϐολὴν
3423 4846 3522 4913 τῆς
3557 4861 3810 4916 παρανο-

530 4942 691 4995 batur
715 4947 867 4992 extra
895 4933 1173 4990 civitatem
1201 4951 1213 4985 :
1238 4939 1294 4985 et
1317 4930 1368 4982 iii
1395 4927 1486 4982 tali
1517 4926 1657 4981 festo
1689 4924 1932 4980 ecclesiae
1952 4933 2098 4980 erant

2222 4928 2373 4998 μίας,
2420 4927 2519 4998 οὐχ
2556 4929 2606 4980 οἱ
2634 4928 2932 4999 πάσχοντες
2964 4933 3147 5000 μόνον,
3209 4934 3349 4986 ἀλλὰ
3387 4935 3482 4987 καὶ
3537 4936 3588 4989 oi
3628 4935 3811 5005 μηδὲν

529 5031 725 5085 inanes
754 5026 979 5098 p0pulo,
1014 5036 1071 5079 et
1102 5024 1225 5094 plus
1257 5037 1419 5092 quam
1449 5019 1809 5089 quadraginta
1846 5016 2098 5088 episcopi1

2218 5017 2465 5074 τοιοῦτον
2518 5018 2904 5090 ὑπομένοντες,
2945 5022 3245 5093 συνήλγουν
3275 5025 3429 5094 ἡμῖν,
3457 5023 3582 5095 οὐχὶ
3609 5023 3814 5095 όμόδοο

526 5125 620 5193 qui
654 5122 940 5176 nobiscum
968 5113 1469 5177 communicabaut,
1502 5127 1626 5166 cum
1650 5109 1847 5181 p0pulo
1876 5118 1932 5165 et
1961 5110 2098 5164 clero

2218 5106 2300 5174 ξοι
2360 5108 2561 5193 μόνον’,
2616 5108 2753 5162 ἀλλὰ
2811 5110 2907 5163 καὶ
2958 5111 3222 5181 αἱρετικοὶ
3271 5115 3367 5166 καὶ
3408 5113 3653 5167 Ἰουδαῖοι
3706 5115 3814 5167 καὶ

531 5183 739 5269 temere
768 5209 978 5280 expulsi
1010 5214 1157 5268 sunt,
1184 5204 1527 5279 gemitusque
1558 5210 1612 5257 et
1631 5202 1883 5273 planctus
1909 5210 2026 5256 erat
2054 5200 2098 5253 iii

2226 5183 2544 5273 Ἓλληνες.’
2588 5201 2675 5266 Ὠς
2703 5202 2803 5272 τῆς
2865 5203 3075 5267 πόλεως
3109 5204 3253 5258 κατὰ
3295 5206 3498 5276 κράτος
3542 5206 3808 5276 ἁλούσης,

531 5301 941 5366 solitudinibus,
971 5305 1025 5352 et
1055 5295 1314 5366 quaelibet
1355 5308 1482 5364 pars
1532 5291 1771 5347 civitatis
1802 5300 1920 5347 erat
1948 5292 2098 5361 plena

2218 5289 2392 5356 οὕτως
2423 5295 2480 5346 ἐν
2504 5292 2756 5362 θορύϐοις
2775 5293 2871 5349 καὶ
2895 5300 3163 5368 ταραχαῖς
3197 5298 3290 5351 καὶ
3316 5298 3598 5368 ὀλολυγαῖς
3624 5299 3813 5353 ἃπαν-

534 5395 622 5450 bis
665 5390 1089 5448 calamitatibus.
1122 5385 1257 5440 Nam
1290 5392 1512 5454 propter
1554 5381 1823 5453 insignem
1854 5378 2098 5450 iniquita-

2222 5400 2286 5439 τα
2307 5381 2397 5457 ἦν.
2450 5386 2559 5438 Καὶ
2581 5385 2754 5441 ταῦτα
2788 5387 3056 5458 ἐτολμᾶτο
3094 5390 3246 5461 παρὰ
3276 5392 3502 5461 γνώμην
3531 5391 3625 5446 τοῦ
3652 5392 3818 5444 εύσεο

534 5503 666 5553 ιειιι,
692 5500 803 5539 non
830 5486 1007 5538 solum
1028 5480 1119 5550 qui
1143 5477 1510 5549 patiebantur,
1537 5476 1632 5531 sed
1662 5475 1828 5528 etiam
1855 5473 1945 5542 qui
1975 5472 2098 5527 nilii

2224 5476 2484 5530 ϐεστάτου
2545 5476 2832 5548 βασιλέως,
2884 5481 3074 5543 νυκτὸς
3102 5478 3538 5551 καταλαϐούσης,
3588 5480 3821 5533 ἐπισκό-

605 5714 717 5785 (ιε)
756 5715 893 5768 Nota
932 5710 1022 5764 liic
1064 5717 1253 5785 contra
1292 5705 1455 5775 huius
1494 5713 1757 5785 temporis
1803 5701 2113 5785 haereticos,

535 5773 628 5847 qui
692 5773 890 5851 negant
939 5778 1322 5834 asservaiidaiii
1366 5773 2115 5851 sacratissimam_Eucliari-

538 5843 720 5915 suam,
757 5843 921 5919 quam
952 5864 1059 5904 iiou
1091 5858 1302 5903 tantum
1344 5846 1444 5902 sub
1487 5844 1668 5914 specie
1708 5844 1881 5913 panis,
1921 5843 2015 5898 sed
2058 5853 2112 5898 et

2224 5703 2337 5777 vini
2354 5712 2714 5777 asservatam,
2732 5704 3232 5777 lmeChrysostomi
3258 5717 3524 5762 memorat
3553 5707 3789 5777 epistola

2226 5776 2371 5831 idem
2401 5776 2564 5833 etiam
2598 5775 2655 5831 S.
2687 5776 2915 5850 Gregor.
2936 5775 3081 5835 Dial.
3117 5778 3155 5833 ι.
3200 5793 3280 5843 iii,
3313 5793 3361 5834 c.
3395 5777 3482 5844 56,
3521 5775 3740 5835 astruit.
