4126 6414
485 415 616 481 1181

1547 425 1727 485 vm
1777 428 1838 488 s.
1875 427 2205 489 JOANNIS
2254 410 2810 486 CHRYSOSTOM'I.

3602 422 3740 487 1182

479 549 600 586 πων
627 531 770 587 αὐτὰ
821 539 1363 604 κατασκευαζόντων,
1419 541 1513 595 καὶ
1555 543 1821 614 πολλαχοῦ
1859 560 2056 616 στρατ-

2162 544 2267 598 tale
2299 541 2662 608 sustinebant,
2694 555 2790 613 per
2817 554 3147 597 consensum
3180 539 3463 597 nobiscum
3494 540 3736 598 dolorem

476 622 775 696 ηγούντων,
814 625 866 679 οἳ
916 627 1015 682 οὐκ
1049 629 1344 700 ᾐσχύνοντο
1389 632 1887 706 καμπιδούκτωρας
1933 636 2057 690 ἀντὶ

475 716 740 771 διακόνων
761 721 1207 791 προηγουμένους
1240 721 1476 795 ἔχοντες,
1539 725 1783 799 Ἡμέρας
1813 726 1869 782 δὲ
1898 743 2055 796 γενο-

478 809 670 880 μένης,
732 811 882 865 πᾶσα
933 812 967 880 ἡ
998 813 1153 876 πόλις
1203 815 1309 882 ἔξω
1345 816 1455 870 τῶν
1482 818 1677 888 τειχῶν
1704 818 2054 890 μετῳκίζετο,

476 901 581 954 ὑπὸ
603 901 796 971 δένδρα
816 903 913 958 καὶ
928 904 1126 969 νάπας,
1139 906 1391 979 καθάπερ
1406 909 1651 980 πρόϐατα
1664 910 2055 979 διεσπαρμένα,

475 992 576 1062 τὴν
597 992 791 1065 ἑορτὴν
819 994 1215 1062 ἐπιτελοῦντες.
1261 1000 1401 1055 Ἀλλ’
1437 1001 1580 1055 οὔτω
1639 1002 1742 1067 μὲν
1798 1005 1831 1072 ἡ
1879 1004 2057 1074 χρυσῆ

475 1081 720 1150 γλῶσσα.
754 1086 992 1141 Τοιαῦτα
1028 1088 1086 1142 δὲ
1126 1092 1270 1146 κατὰ
1291 1092 1390 1164 τὴν
1431 1092 1625 1165 ἑορτὴν
1652 1094 1747 1149 τοῦ
1786 1079 1978 1169 Πάσχα
2008 1099 2058 1152 οἱ

479 1175 641 1228 καλοὶ
666 1179 929 1248 ποιμένες.
956 1182 1052 1235 καὶ
1081 1181 1271 1254 ψυχῶν
1321 1188 1658 1257 προστασίαν
1690 1190 2049 1261 πεπιστευμέ-

478 1283 560 1320 νοι
585 1267 663 1338 τῷ
692 1270 989 1325 ἀναστάντι
1020 1275 1462 1347 ὲκαρποφόρουν.
1514 1279 1798 1334 Ἐντεῦθεν
1831 1281 1924 1335 καὶ
1951 1281 2062 1336 δια·

476 1357 735 1431 τάγματα
792 1361 1071 1435 πανταχοῦ
1095 1365 1436 1434 προετίθετο,
1479 1369 1580 1438 τῆς
1617 1370 1864 1442 Ἰωάννου
1894 1370 2061 1445 διείρ-

473 1465 640 1517 γοντα
670 1452 957 1516 κοινωνίας
981 1468 997 1484 '
1029 1453 1065 1509 ἃ
1109 1456 1365 1538 τοσοῦτον
1393 1459 1639 1531 ἐκράτει,
1671 1461 1749 1526 ὡς
1777 1461 1877 1533 τὴν
1900 1464 2056 1517 ἐναν-

476 1539 600 1592 τίαν
626 1542 828 1610 μᾶλλον
863 1544 1124 1616 εἰληφότα
1150 1548 1553 1620 παραγγελίαν,
1589 1553 1869 1627 καὶταύτῃ
1895 1555 2058 1610 πλέον

479 1630 603 1693 τοὺς
636 1633 1077 1704 πολεμουμένους
1107 1638 1414 1708 ρωννύοντα
1432 1681 1446 1705 ,
1475 1625 1665 1713 ὥσπερ
1695 1642 1763 1714 δὴ
1807 1625 1902 1697 τοῦ
1922 1643 2057 1698 Θεοῦ

477 1722 674 1793 τρόπος
726 1725 784 1777 ὲν
834 1730 1048 1797 καιροῖς
1088 1733 1352 1797 τοιούτοις
1398 1733 1871 1805 οίκονομούμσνος.
1944 1736 2058 1790 Καὶ

477 1815 586 1885 γὰρ
619 1815 713 1869 καὶ
738 1818 793 1869 αί
833 1817 1124 1889 ἐκκλησίαι
1181 1822 1279 1876 καλ⁹
1323 1824 1352 1876 ὁ
1398 1823 1633 1895 ἀριθμὸς
1677 1823 1882 1896 ηῦξανε
1931 1826 2053 1881 καθ’

475 1904 713 1977 ἑκάστην
768 1906 877 1960 τῶν
916 1910 1113 1980 ἐκείνῳ
1169 1913 1637 1984 προστιθεμένων.
1705 1917 1793 1971 Ἐν
1846 1917 2058 1980 τούτοις

475 1994 568 2049 οῦν
595 1998 693 2066 τῆς
721 1999 1101 2072 Πεντηκοστῆς
1132 2002 1234 2074 ήδη
1256 2004 1691 2078 καταλαϐούσης,
1717 2008 1837 2062 ἐπεὶ
1866 2010 1965 2063 οὐκ
1991 2005 2060 2081 ἦν

476 2085 614 2148 ὅλως
636 2087 712 2156 τῷ
727 2088 957 2158 διαϐόλῳ
989 2094 1201 2163 φορητὰ
1242 2093 1313 2148 τὰ
1347 2095 1637 2166 γενόμενα,
1668 2098 2061 2168 προσελθόντες

475 2172 559 2241 οἷς
587 2180 792 2243 ἐκεῖνος
839 2182 1074 2248 ἐνέπνει,
1126 2185 1224 2238 καὶ
1259 2185 1600 2257 θεραπευτάς
1620 2181 1735 2260 εἶχε
1773 2189 2056 2262 γνησίους,

475 2272 566 2325 Σοὶ
595 2273 716 2342 μὲν,
747 2272 826 2343 τῷ
870 2274 1084 2344 βασιλεῖ
1128 2277 1362 2357 ἔφησαν,
1416 2279 1636 2344 ἐξουσία
1690 2281 1796 2336 τῶν
1842 2281 2059 2354 ἀνθρω-

475 2362 647 2419 πίνων
679 2367 832 2439 παρὰ
887 2368 1046 2452 Θεοῦ,
1094 2371 1233 2429 ἀλλὰ
1288 2373 1357 2429 τὰ
1406 2374 1520 2430 τῶν
1558 2374 1871 2444 ἐκκλησιῶν
1929 2378 2060 2446 ἡμῖν

473 2456 891 2531 ἐπιτέτραπται.
966 2460 1260 2535 Τοιγάρτοι
1311 2467 1452 2538 μήτε
1523 2469 1714 2541 ἱερέων
1737 2467 2058 2542 ῒερὼτῖρος,

480 2550 614 2619 μήτε
643 2551 886 2606 κανόνων
915 2554 1307 2629 ἀκριϐέστερος
1334 2555 1476 2613 εἶναι
1513 2560 1858 2633 βουλόμενος.
1884 2580 2061 2634 παρα-

475 2641 643 2711 χώρει
661 2643 772 2699 τῶν
800 2644 1057 2702 τοιούτων
1086 2650 1238 2719 ἡμῖν.
1264 2652 1407 2721 Ἔφη
1416 2650 1517 2721 μέν
1545 2670 1627 2705 σοι
1649 2653 1743 2707 καὶ
1770 2655 2055 2725 πρότερον,

476 2732 717 2803 βασιλεῦ,
754 2738 848 2790 ἐπὶ
871 2739 970 2811 τὴν
988 2741 1229 2812 κεφαλὴν
1257 2745 1341 2813 εἴη
1375 2743 1474 2815 τὴν
1505 2744 1834 2817 ἡμετέρανή
1875 2746 2058 2801 Ἰωάν-

477 2842 571 2878 νου
621 2828 964 2900 καθαίρεσις.
1028 2833 1121 2903 Mi}
1173 2835 1355 2889 τοίνυν
1403 2837 1719 2908 φειδόμενος
1758 2836 1854 2891 τοῦ
1915 2838 2057 2905 ἑνὸς,

475 2916 601 2979 τοὺς
655 2919 863 2985 πάντας
901 2924 1024 2977 θέλε
1056 2923 1270 2980 λυπεῖν.
1328 2927 1462 2981 Τότε
1501 2929 1791 3001 παρρησίᾳ
1830 2928 2059 3000 πέμψας

472 3012 503 3064 ὁ
530 3011 806 3081 βασιλεὺς,
841 3017 905 3069 Οἱ
932 3018 1233 3089 κατήγοροί
1257 3035 1375 3085 σου,
1410 3020 1664 3092 γνωρίζει
1682 3022 1761 3092 τῷ
1790 3024 2061 3095 πατριάρ-

475 3119 569 3175 κῃ,
594 3105 656 3158 τὸ
697 3110 874 3178 κρίμα
919 3109 982 3163 τὸ
1039 3111 1151 3178 σὸν,
1181 3113 1330 3176 ὅπως
1357 3111 1425 3167 ἂν
1462 3110 1594 3185 ἔχοι,
1617 3114 1712 3167 καὶ
1757 3114 1826 3190 ᾖν
1874 3115 2059 3170 ἔθεντο

473 3192 1208 3296 ψῆφογῂτῆςέἒιθαιρέσεως,
1249 3199 1393 3254 κατὰ
1440 3202 1540 3271 τῆς
1583 3201 1794 3255 ἑαυτῶν
1836 3200 2061 3264 ἕλκουσι,
2083 3239 2129 3296 c

464 3287 742 3355 κεφαλῆς.
786 3288 877 3358 Τῷ
902 3289 1021 3360 Θεῷ
1045 3291 1227 3345 τοίνυν
1249 3291 1319 3346 τὰ
1345 3292 1497 3347 κατὰ
1509 3297 1704 3348 σαυτὸν
1729 3293 2055 3364 ἐπιτρέψας,

474 3376 573 3445 τῆς
625 3378 950 3449 Ἐκκλησίας
974 3381 1266 3453 ἀπόστηθι.
1284 3383 1351 3437 Τί
1371 3383 1547 3451 τοῦτο,
1582 3386 1794 3457 ἀνδρῶν
1826 3387 2059 3457 εὐμετα-

475 3467 773 3534 ϐαλώτατε,
795 3472 887 3526 καὶ
911 3471 1175 3542 βασιλέων
1195 3475 1273 3546 τῷ
1286 3479 1506 3547 κρατεῖν
1528 3480 1886 3547 ἁγεννέστατε
1904 3497 1919 3548 ;
1939 3479 2058 3544 πῶς

470 3552 515 3628 ᾧ
529 3560 796 3632 τοσαύτην
822 3564 1140 3637 εἰσήνεγκας
1159 3567 1258 3638 τὴν
1282 3568 1516 3639 σπουδὴν
1538 3571 1603 3623 ὲκ
1615 3569 1713 3640 τῆς
1739 3570 2058 3642 Ἀντιοχέων

476 3653 973 3726 μετακαλούμενος,
1037 3658 1133 3712 καὶ
1178 3660 1416 3730 Χριστοῦ
1447 3660 1547 3733 τὴν
1613 3662 1942 3734 Ἐκκλησίαν
1969 3682 2057 3718 πι-

477 3744 706 3812 στεύων,
742 3749 838 3802 καὶ
862 3744 922 3803 οὗ
958 3751 1156 3820 πεῖραν
1192 3752 1324 3821 ὅσην
1354 3752 1513 3823 ἔσχες
1537 3753 1637 3824 τῆς
1670 3755 1896 3826 ἀρετῆς.
1925 3756 2053 3823 τοῦ-

482 3852 563 3889 ιον
583 3837 645 3890 ού
675 3839 774 3908 τῆς
823 3839 1148 3911 Ἐκκλησίας
1175 3842 1358 3906 ἁπλῶς
1393 3843 1758 3916 ἐκϐέϐληκας,
1795 3847 1932 3900 ἀλλὰ
1960 3849 2056 3902 καὶ

475 3928 775 4000 ὑπερορίαν
819 3931 985 3985 αὑτοῦ
1028 3918 1414 4003 κατ’ἐδίκασας,
1441 3935 1613 4008 ἄνδρα
1662 3937 1761 4010 τὴν
1812 3939 2052 4010 Χριστοῦ

473 4020 760 4095 ζημιώσας
808 4024 1066 4097 ποίμνην,
1100 4021 1199 4093 Οῦ,
1223 4029 1364 4084 κατὰ
1391 4028 1479 4083 τὸν
1528 4029 1702 4101 μέγαν
1737 4030 1951 4086 Παῦλον
1977 4036 2053 4088 εί-

474 4115 615 4179 mia,
640 4114 759 4169 οὐδὲ
786 4116 815 4169 ὁ
847 4118 952 4180 πᾶς
974 4119 1179 4185 κόσμος
1207 4120 1356 4187 ἄξιος
1381 4138 1397 4189 ;
1450 4122 1612 4177 Ἀλλὰ
1641 4123 1736 4178 καὶ
1757 4124 1818 4178 σὲ
1835 4126 2054 4192 πάντως

471 4205 756 4275 ἠπάτησεν
789 4207 926 4272 Εὕα,
974 4211 1007 4281 ἠ
1053 4210 1373 4284 δολιωτάτη,
1444 4216 1610 4285 φημὶ,
1669 4220 1975 4286 γυναικῶν,
2015 4222 2049 4292 ἡ

470 4294 698 4369 γνώμην
745 4300 841 4353 xui.
888 4301 1134 4369 γλῶτταν
1155 4303 1393 4377 όφιώδης
1434 4307 1528 4360 καὶ
1554 4308 1826 4380 μοχθηρὰ,
1861 4309 2053 4383 ὥσπερ

472 4389 540 4441 δι’
572 4389 790 4463 ἐκείνης
821 4394 849 4446 ὁ
870 4392 1015 4460 ὄφις,
1074 4394 1250 4462 οὕτως
1307 4399 1446 4470 αύτὴ
1516 4400 1606 4455 διὰ
1630 4402 1741 4456 τῶν
1773 4404 1835 4456 οὐ
1868 4404 2051 4459 καλῶν

474 4479 747 4549 ποιμένων
768 4483 849 4546 είς
876 4477 993 4538 ὦτα
1021 4484 1098 4538 τὰ
1123 4487 1191 4540 σά
1224 4486 1548 4559 λαλήσασαοῖ
1575 4490 1794 4546 Τούτων
1816 4495 1845 4546 ό
1876 4493 2050 4563 μέγας

2160 637 2550 708 accipiebant:
2588 651 2698 690 non
2737 636 2912 690 solum
2948 635 3043 707 qui
3068 643 3226 693 erant
3250 635 3495 705 ejusdem
3526 636 3741 705 opinio-

2159 729 2267 795 nis,
2295 728 2390 783 sed
2419 727 2584 782 etiam
2618 726 2882 789 haeretici,
2911 734 2968 780 et
2989 723 3186 792 Judaei,
3218 735 3272 778 et
3299 724 3529 793 gentiles
3563 742 3575 777 :
3616 739 3739 791 per-

2160 820 2287 876 inde
2315 835 2380 875 ac
2412 819 2457 875 si
2489 818 2541 874 vi
2583 829 2741 889 capta
2770 827 2916 873 esset
2952 818 3169 882 civitas,
3202 817 3279 871 sic
3307 818 3359 871 in
3390 816 3733 880 tumultibus,

2158 909 2667 982 perturbationibus
2696 916 2750 963 et
2789 909 3080 978 gemitibus
3109 918 3268 963 erant
3297 909 3498 962 omnia.
3531 909 3598 962 Et
3619 908 3735 961 IIII'C

2162 1002 2302 1058 facta
2334 1010 2462 1056 sunt
2486 1011 2689 1071 praeter
2716 1001 3043 1056 sententiam
3074 1000 3148 1070 pii
3178 1001 3541 1070 imperatoris,
3571 1010 3733 1055 noctu

2163 1094 2280 1149 haec
2330 1094 2777 1163 comparantibus
2826 1092 3118 1163 episcOpis,
3167 1099 3223 1147 et
3267 1092 3452 1146 multis
3501 1093 3555 1144 in
3600 1092 3735 1145 locis

2160 1184 2551 1239 exercentibus
2578 1199 2779 1238 munus
2810 1182 2966 1237 ducis
3005 1181 3296 1242 exercitus,
3327 1179 3417 1247 qui
3467 1191 3573 1232 non
3609 1193 3747 1246 cru--

2161 1274 2456 1329 hesccbant
2481 1289 2581 1344 pro
2612 1272 2856 1328 diaconis
2880 1271 3057 1341 campi
3082 1270 3336 1326 ductores
3367 1268 3570 1323 habere
3596 1282 3736 1336 pra-

2161 1367 2439 1422 cedentes.
2466 1366 2603 1421 Cum
2636 1374 2817 1421 autem
2857 1365 3051 1421 fuisset
3090 1363 3230 1425 dies,
3275 1370 3383 1418 tota
3415 1361 3604 1416 civitas
3631 1359 3733 1414 mi-

2160 1457 2336 1529 gravit
2377 1467 2531 1512 extra
2570 1456 2792 1522 moenia,
2824 1455 2930 1510 sub
2981 1455 3267 1510 arboribus
3309 1462 3365 1508 et
3418 1451 3736 1507 nemoribus

2161 1549 2301 1604 sicut
2348 1548 2606 1618 dispersae
2657 1562 2788 1603 oves
2835 1547 3034 1601 festum
3086 1545 3440 1601 celebrantes.
3502 1543 3608 1598 Sed
3658 1543 3738 1597 sic

2160 1642 2385 1713 quidem
2411 1642 2596 1712 lingua
2641 1641 2730 1695 illa
2757 1655 2946 1695 aurea.
2981 1637 3105 1694 Haec
3149 1647 3331 1693 autem
3371 1636 3426 1690 in
3458 1636 3601 1690 festo
3630 1635 3736 1690 Pa-

2160 1733 2308 1789 schze
2341 1733 2540 1805 egregii
2574 1743 2820 1803 pastores
2847 1739 2902 1785 et
2923 1730 3121 1800 quibus
3144 1729 3445 1783 animarum
3467 1741 3596 1781 cura
3619 1725 3737 1780 erat

2160 1826 2388 1886 credita,
2407 1822 2817 1894 ohtulernntZei,
2848 1822 2938 1892 qui
2963 1829 3297 1877 surrexerat.
3324 1819 3462 1873 Hinc
3491 1819 3652 1873 etiam
3678 1818 3736 1878 in

2161 1933 2381 1974 omnem
2414 1928 2623 1988 partem
2651 1918 2818 1972 missa
2844 1924 2971 1971 sunt
2993 1914 3190 1979 edicta,
3226 1927 3346 1983 qua:
3374 1910 3738 1979 prohibebant

2162 2012 2232 2067 ab
2258 2009 2489 2067 Joannis
2515 1996 2900 2081 communione
2934 2025 2950 2062 :
2988 2022 3106 2077 qua:
3135 2015 3335 2061 tantam
3367 2005 3476 2059 vim
3526 2003 3734 2057 habue-

2163 2113 2314 2169 runt,
2345 2101 2574 2174 perinde
2620 2085 2683 2157 ac
2718 2101 2763 2157 si
2812 2101 3200 2173 prmcepissent
3244 2097 3581 2153 contrarium
3616 2112 3631 2149 :
3683 2102 3739 2148 et

2162 2209 2280 2259 eos,
2306 2194 2398 2265 qui
2448 2193 2929 2265 oppugnabantur,
2953 2190 3126 2262 magis
3168 2189 3243 2245 sic
3291 2186 3689 2243 conﬁrmarunt
3718 2199 3735 2236 ι

2162 2302 2323 2359 quem
2356 2284 2580 2356 quidem
2612 2283 2836 2338 modum
2865 2283 3006 2339 solet
3041 2290 3229 2337 tenere
3261 2279 3403 2334 Deus
3451 2280 3504 2332 in
3540 2279 3740 2348 hujus-

2163 2379 2311 2435 modi
2345 2376 2686 2448 temporibus
2714 2375 2999 2440 Ecclesiae,
3041 2381 3190 2429 certe
3219 2382 3273 2427 et
3314 2385 3580 2425 numerus
3614 2383 3740 2423 cre-

2161 2472 2344 2528 scebat
2380 2470 2599 2526 assidue
2636 2483 2850 2535 eorum,
2887 2468 2982 2538 qui
3018 2466 3096 2520 illi
3130 2465 3546 2533 adiiciebantur.
3586 2460 3735 2516 inte-

2161 2567 2264 2621 rim
2306 2574 2487 2621 autem
2517 2558 2647 2619 dum
2675 2561 2787 2633 jam
2807 2560 3060 2617 'vcnisset
3101 2557 3448 2621 Pentecoste,
3468 2553 3737 2626 quoniam

2160 2659 2277 2717 ﬁeri
2322 2674 2433 2714 non
2482 2664 2731 2729 poterat,
2769 2654 3084 2709 ut‘occulto
3136 2651 3358 2705 inimico
3398 2650 3514 2704 hmc
3555 2657 3740 2703 essent

2161 2749 2491 2815 tolerabilia,
2521 2746 2848 2802 accedentes
2888 2745 2945 2809 ii,
2983 2758 3121 2813 quos
3149 2741 3259 2795 ille
3314 2739 3652 2809 inspirabat,
3686 2748 3738 2791 et

2160 2855 2191 2895 a
2218 2839 2418 2910 quibus
2440 2839 2558 2910 ipse
2579 2836 2738 2892 valde
2754 2834 3147 2890 observabatur
3181 2849 3193 2884 :
3228 2830 3342 2884 Tibi
3373 2829 3615 2900 quidem,
3648 2828 3737 2884 dia

2162 2940 2362 2987 xerunt
2402 2928 2742 3000 imperatori,
2775 2941 2958 2981 rerum
2992 2925 3349 2979 humanarum
3391 2922 3516 2976 data
3572 2929 3656 2975 est
3704 2935 3735 2973 a

2162 3022 2272 3090 Deo
2301 3028 2565 3092 potestas,
2602 3019 2697 3075 sed
2730 3016 3100 3072 Ecclesiarum
3128 3029 3216 3069 res
3249 3020 3375 3068 sunt
3399 3011 3560 3066 nobis
3584 3026 3736 3065 com-

2162 3115 2361 3171 missae.
2403 3111 2589 3183 Itaque
2615 3126 2717 3167 nec
2744 3107 3121 3166 sacerdotibus
3154 3106 3413 3168 sanctior,
3436 3118 3539 3158 nec
3565 3117 3735 3157 cano-

2160 3209 2323 3265 nibus
2372 3206 2562 3263 volens
2618 3204 2878 3275 majorem
2926 3201 3130 3257 habere
3171 3197 3580 3261 auctoritatem,
3618 3195 3736 3250 haec

2160 3301 2406 3371 relinque
2440 3297 2733 3369 episcopis.
2767 3294 2888 3350 Tibi
2923 3292 3141 3364 quidem
3195 3291 3346 3362 prius
3383 3304 3599 3360 quoque
3649 3288 3735 3342 di-

2161 3394 2364 3457 ximus,
2389 3407 2420 3445 o
2451 3391 2772 3461 imperator,
2803 3387 2858 3441 in
2888 3395 3031 3441 nosti
3049 3400 3139 3439 um
3167 3383 3353 3439 redeat
3382 3391 3547 3450 caput
3567 3379 3734 3434 Joan-

2159 3488 2246 3541 nis
2270 3483 2564 3556 depositio.
2596 3482 2731 3537 Vide
2761 3495 2910 3550 ergo,
2945 3495 3014 3534 ne
3043 3493 3205 3533 unum
3234 3477 3314 3533 sic
3342 3474 3731 3544 complectens,

2159 3590 2354 3631 omnes
2398 3588 2591 3644 pergas
2637 3570 2852 3626 adicere
2893 3567 3131 3623 tristitia.
3176 3565 3294 3620 Non
3350 3563 3584 3635 amplius
3620 3563 3737 3618 haec

2158 3666 2436 3722 sustinere
2479 3671 2697 3735 poterat
2749 3661 3066 3731 imperator,
3120 3657 3212 3711 sed
3261 3656 3509 3726 protinus
3546 3665 3735 3723 aperte

2158 3757 2422 3821 mittens,
2482 3751 2753 3825 signiﬁcat
2791 3749 3116 3820 patriarchae
3158 3746 3214 3801 in
3261 3747 3409 3799 hunc
3461 3745 3682 3799 modum
3716 3760 3730 3798 :

2155 3846 2516 3900 Accusatores
2545 3841 2622 3897 tui
2651 3839 2916 3911 judicium
2954 3847 3129 3902 tuum,
3148 3835 3640 3906 quomodorunque
3673 3848 3734 3888 se

2157 3936 2376 4000 habeat,
2411 3946 2468 3992 et
2495 3950 2659 4006 quam
2703 3931 3065 4004 depositionis
3094 3932 3336 3984 tulerunt
3378 3927 3730 3992 sententiam,

2156 4029 2383 4084 trahunt
2413 4029 2466 4081 in
2499 4029 2658 4083 suum
2686 4033 2868 4096 caput.
2893 4023 3025 4078 Rem
3056 4022 3235 4091 itaque
3263 4029 3412 4074 tuam
3448 4022 3554 4073 Deo
3584 4035 3734 4071 corn-

2157 4118 2401 4181 mittens,
2431 4118 2621 4173 recede
2650 4117 2719 4172 ab
2769 4114 3030 4171 Ecclesia.
3072 4112 3210 4178 Quid
3260 4111 3385 4173 hoc,
3422 4127 3453 4164 ο
3487 4111 3730 4165 virorum

2155 4210 2315 4282 longe
2364 4208 2805 4271 mutabilissime,
2857 4214 2910 4260 et
2957 4206 3344 4275 imperatorum
3398 4203 3453 4256 in
3497 4202 3731 4256 admini-

2154 4303 2383 4359 strando
2406 4302 2639 4373 imperio
2674 4299 3044 4372 ignavissime,
3075 4296 3349 4367 quomodo
3391 4295 3475 4349 cui
3514 4303 3725 4349 tantum

2154 4394 2452 4450 adhibuisti
2500 4392 2765 4456 studium,
2798 4406 2923 4445 eum
2971 4403 3260 4445 accersens
3308 4385 3631 4451 Antiochia,
3679 4395 3731 4439 et

2151 4486 2357 4544 Christi
2400 4486 2451 4542 ei
2492 4486 2725 4543 credens
2777 4482 3103 4546 Ecclesium,
3141 4480 3297 4550 cujus
3352 4478 3566 4532 virtutis
3616 4494 3726 4531 non

473 4568 732 4636 ἀκούσας,
772 4571 937 4643 μηδὲν
959 4574 1285 4645 σκυθρωπὸν
1314 4577 1347 4651 ἢ
1372 4581 1623 4651 κατηφὲς
1662 4584 1792 4656 μήτ’
1825 4586 1884 4639 ἐν
1919 4604 2052 4657 καρ-

2158 4593 2390 4650 parvum
2424 4574 2600 4631 fecisti
2634 4572 2961 4646 periculum,
3003 4587 3129 4627 eum
3166 4586 3275 4624 non
3305 4569 3482 4622 solum
3515 4569 3725 4637 ejecisti

474 4661 562 4734 δίᾳ
590 4658 903 4733 δεξάμενος,
956 4668 1083 4739 μήτ’
1129 4670 1186 4722 ὲν
1214 4668 1335 4739 ὄψει
1403 4677 1830 4748 παρασημήνας,
1862 4678 2055 4749 Δεῦτε,

469 4758 584 4818 τοῖς
636 4758 766 4828 περὶ
810 4760 975 4814 αὑτὸν
1025 4762 1347 4827 ἐπισκόποις
1399 4763 1527 4834 ἔφη,
1581 4767 1661 4837 τῷ
1705 4771 1923 4843 ἀγγέλῳ
1950 4772 2052 4841 τῆς

481 4846 805 4918 Ἐκκλησίας
834 4849 934 4922 ἠδη
978 4851 1074 4905 καὶ
1130 4852 1542 4926 συνταξῶμεθα.
1588 4853 1720 4911 Είτα
1783 4861 1924 4931 μετὰ
1951 4862 2053 4935 τὴν

472 4940 823 5009 καθήκουσαν
885 4934 1219 5017 προσευχὴν,
1273 4946 1446 5002 πολλὰ
1480 4950 1612 5023 περὶ
1642 4951 1739 5022 τῆς
1767 4934 2048 5022 ὁρθοδόξου

466 5031 900 5104 διαμαρτύρεται
940 5035 1180 5101 πίστεως
1213 5077 1230 5107 ,
1299 5040 1394 5094 καὶ
1439 5040 1649 5112 ταύτης
1690 5044 2047 5114 ἀμεταθέτως

466 5121 686 5192 ἔχεσθαι
711 5127 987 5196 παραινεῖ,
1018 5125 1210 5180 ἔπειτα
1240 5129 1336 5183 καὶ
1375 5130 1556 5196 πάσας
1585 5133 1771 5197 αὐτοῖς
1798 5137 2045 5207 αἱρέσεις

469 5214 828 5285 ἀπαγορεύει.
883 5216 1071 5283 Οὕτως
1095 5219 1314 5290 ὁμιλίας
1357 5221 1537 5295 ἔχοντι
1570 5226 1935 5305 προσέρχεταί
1962 5247 2047 5295 τις

470 5305 750 5371 ἀγγέλλων
780 5308 877 5362 τὸν
911 5309 1144 5383 θεομισῆ
1192 5313 1427 5369 Λούκιον
1453 5317 1595 5387 μετὰ
1630 5318 1725 5373 τοῦ
1761 5321 1860 5374 ὑπ’
1886 5322 2049 5376 αὑτὸν

472 5397 881 5468 στρατεύματος
950 5405 1252 5473 προσάγειν
1303 5406 1447 5463 σ’ύτω
1501 5413 2046 5485 παρεσκευασμένον,

467 5485 564 5553 ὡς,
588 5487 746 5562 εῑπερ
787 5492 1035 5567 άναϐάλῃ
1065 5495 1165 5567 τήν
1194 5496 1397 5565 ἔξοδον,
1419 5502 1521 5566 ,καὶ
1554 5501 1680 5573 βίαν
1707 5503 2047 5573 ἐπενεγκεῖν,

466 5579 560 5634 καὶ
588 5582 710 5652 μεθ’
748 5583 960 5656 ὕϐρεως
991 5587 1193 5655 ἐξῶσαι
1221 5589 1323 5662 τῆς
1368 5592 1718 5662 Ἐκκλησίας.
1759 5596 2047 5653 Κλονείται

463 5669 519 5724 δὲ
548 5676 642 5726 καὶ
670 5673 731 5727 τὸ
779 5675 989 5746 πλῆθος
1020 5679 1120 5751 τὴν
1165 5682 1265 5754 σὴν
1311 5684 1409 5756 οὐχ
1437 5679 1549 5743 οἶόν
1576 5704 1636 5742 τε
1664 5686 1724 5742 ὃν
1753 5689 2045 5761 ὑπομεῖναι

546 5830 590 5860 ³”
622 5831 791 5888 llebr.
820 5850 895 5900 xu,
932 5835 1023 5889 28.

2156 4689 2223 4729 ex
2241 4672 2517 4729 Ecclesia:
2543 4668 2635 4724 sed
2662 4682 2785 4722 eum
2811 4666 2974 4719 etiam
2999 4663 3172 4717 virum
3201 4661 3433 4730 turpiter
3458 4660 3722 4714 damnasti

2154 4766 2361 4831 exsilio,
2390 4761 2589 4818 Christi
2616 4773 2831 4831 gregem
2863 4757 3061 4811 damno
3079 4754 3316 4808 adiciens
3341 4772 3351 4806 :
3381 4768 3488 4824 quo
3507 4752 3725 4821 quidem

2152 4858 2293 4924 viro,
2326 4862 2388 4910 ut
2420 4868 2544 4908 cum
2573 4864 2772 4922 magno
2806 4848 2982 4901 dicam
3016 4843 3186 4897 Paulo
3207 4884 3221 4907 ,
3263 4858 3332 4897 ne
3379 4842 3572 4911 dignus
3607 4842 3725 4909 qui-

2153 4948 2279 5005 dem
2335 4953 2452 5001 erat
2511 4942 2799 4997 universus
2847 4935 3088 4991 mundus
3108 4933 3193 4986 as?
3242 4931 3348 4986 Sed
3408 4940 3461 4985 te
3512 4946 3723 5001 quoque

2151 5040 2376 5098 omnino
2421 5035 2567 5106 cepit
2600 5033 2814 5088 mulier.
2861 5030 2973 5084 Eva
3020 5041 3210 5081 rursus
3248 5035 3367 5078 tuas
3397 5038 3570 5085 aures,
3601 5038 3722 5090 quae

2150 5141 2280 5191 sunt
2333 5128 2541 5193 faciles,
2586 5124 2802 5194 decepit
2846 5119 3275 5176 miserabiliter:
3323 5115 3591 5187 quomodo
3623 5130 3722 5183 per

2149 5225 2298 5281 illam
2332 5231 2584 5289 serpens,
2609 5215 2684 5270 ita
2710 5213 2825 5283 ipsa
2852 5226 2953 5282 per
2971 5224 3082 5264 non
3114 5208 3289 5262 bonos
3322 5213 3567 5275 pastores
3594 5217 3689 5257 cor

2147 5319 2235 5374 dis
2258 5315 2406 5369 virus
2437 5323 2714 5367 evomens.
2740 5303 2866 5360 Haec
2885 5318 3008 5358 cum
3040 5314 3271 5371 magnus
3293 5298 3382 5353 ille
3404 5295 3723 5359 audivisset,

2146 5411 2300 5467 nullo
2329 5420 2564 5463 moerere
2609 5409 2705 5457 aut
2738 5398 2985 5462 tristitia,
3023 5409 3127 5449 nec
3174 5391 3230 5447 in
3264 5392 3429 5448 corde
3477 5389 3716 5455 affectus,

2145 5518 2251 5560 nec
2270 5501 2424 5558 vultu
2467 5512 2578 5570 prae
2608 5510 2668 5550 se
2701 5493 2887 5549 ferens
2913 5533 2928 5558 ,
2976 5488 3073 5545 sed
3115 5487 3293 5541 virum
3329 5485 3622 5541 ostendens
3664 5482 3719 5535 in

2150 5591 2565 5656 tentationibus,
2601 5586 2744 5643 sicut
2791 5583 2848 5637 in
2892 5586 3217 5651 tempestate
3260 5576 3715 5648 gubernatorem:

2144 5686 2372 5752 Adeste,
2401 5680 2578 5753 inquit
2620 5677 2735 5735 suis
2757 5671 3051 5747 episcopis,
3083 5670 3195 5744 jam
3228 5668 3411 5725 valere
3437 5664 3726 5740 iubeamus
