4126 6432
497 435 638 505 1ἳ83

1722 433 2009 496 MENSIS
2042 434 2505 496 JANUARIUS;

3607 423 3673 490 t1
3689 412 3771 480 δι

494 556 748 627 angelum
781 551 1060 609 Ecclesiae.
1089 550 1296 607 Deinde
1329 558 1452 622 post
1480 560 1671 615 tactas,
1702 566 1841 622 quas
1867 562 2067 606 conve-

2184 549 2456 620 στέρησιν.
2532 546 2886 618 Ἐπιταχυναι
2948 542 3255 616 ἴτοιγαροῦν
3334 542 3607 598 λυσιτελεῖ
3654 546 3803 617 τὴν·

493 650 701 712 niebat,
727 661 937 717 preces,
961 645 1031 702 de
1061 646 1168 701 fide
1190 645 1494 701 orthodoxa
1526 645 1696 700 multa
1728 645 2071 710 testiﬁcatur,

492 750 550 797 et
579 741 849 799 hortatur.
880 747 941 792 ut
969 752 1090 791 eam
1121 746 1423 807 sequantur
1452 737 1890 792 immutabiliter.
1927 737 2076 791 Prae-

496 841 643 887 terea
696 846 827 885 vero
885 829 966 884 eis
998 845 1238 899 quoque
1268 828 1525 899 prohibet
1575 844 1770 884 omnes
1813 829 2073 884 hzereses.

492 922 631 978 Cum
682 923 799 978 hate
843 930 1026 976 autem
1073 921 1241 977 verba
1294 921 1524 985 faceret,
1576 920 1784 977 accedit
1827 920 2069 990 quidam,

494 1016 758 1070 nuntians
815 1012 921 1067 Deo
962 1012 1199 1067 invisum
1248 1013 1476 1068 Lucium
1528 1029 1653 1068 cum
1686 1027 1788 1068 suo
1831 1010 2072 1067 exercitu

492 1107 756 1162 accedere
783 1107 855 1161 ita
880 1114 1154 1177 paratum,
1190 1114 1250 1160 ut
1284 1105 1327 1159 si
1359 1121 1464 1174 qua
1496 1104 1586 1159 fiat
1610 1105 1663 1158 in
1695 1105 1838 1158 exitu
1862 1104 2069 1172 dilatio,

494 1212 606 1253 non
632 1197 789 1252 sileat
815 1196 1039 1251 omnino
1074 1211 1176 1251 nec
1208 1195 1523 1266 mitigetur:
1557 1194 1651 1250 sed
1680 1209 1901 1249 manum
1929 1210 2071 1264 quo-

492 1304 603 1358 que
637 1290 888 1359 protinus
939 1288 1152 1350 afferat,
1191 1297 1248 1342 et
1299 1303 1423 1342 cum
1469 1286 2069 1357 contumelia-expellat

2173 642 2473 710 ἑξέλευσιν,
2500 641 2575 712 μή
2625 640 2757 694 ποτέ
2788 655 2880 694 σου
2920 638 3042 693 λίαν
3078 636 3525 706 ἀντιποιούμενος
3549 638 3578 688 ὁ
3599 635 3760 700 λαὸς,

2173 735 2271 791 καὶ
2300 736 2380 797 είς
2416 737 2609 804 χεῖρας
2647 735 2763 795 τοῖς
2828 729 3188 802 στρατιώταις
3223 729 3374 800 ἔλθῃ,
3426 728 3523 782 καί
3551 746 3605 783 τι
3639 728 3765 781 τῶν

2174 826 2502 897 παραϐόλων
2556 823 2896 897 ἐργάσασθαι
2942 821 3220 900 προαχθῇ.
3252 821 3470 874 Τούτων
3516 819 3546 872 ὁ
3582 819 3765 889 μέγας

2172 917 2434 980 ἀκούσας,
2463 915 2645 983 δεξιάν
2668 931 2778 968 τισι
2794 913 2903 966 τῶν
2934 914 3250 966 ἐπισκόπων
3272 911 3416 981 (οὐδὲ
3444 910 3553 979 γὰρ
3581 911 3760 964 ἐδίδου

2180 1007 2629 1080 πᾶσινὸκαιρὸς)
2673 1004 2953 1078 ἐμϐαλὼν,
3001 1003 3098 1059 καὶ
3145 1002 3225 1074 τῷ
3278 1002 3547 1072 φιλήματι
3591 999 3765 1071 μίξας

2176 1085 2413 1171 δάκρυον
2443 1100 2530 1155 διὰ
2559 1099 2659 1170 τὴν
2713 1099 2824 1153 τῶν
2853 1098 3104 1167 συνήθων
3127 1094 3352 1167 ζημίαν,
3377 1090 3498 1148 εἶτα
3528 1094 3767 1158 καὶτοῖς

2174 1194 2382 1257 λοιποῖς
2434 1192 2855 1261 συνταξάμενος,
2876 1190 3109 1245 ἐνταῦθᾶ
3170 1206 3275 1243 που
3322 1184 3619 1258 παρηγγύα
3668 1186 3768 1258 μέ-

2186 1303 2321 1354 νειν,
2350 1285 2496 1348 Ἕως
2518 1283 2792 1349 ἀπελθὼν,
2824 1283 2978 1353 φησὶ,
3015 1281 3210 1354 μικρὸν
3239 1278 3437 1334 ἀνεθῶ.

497 1398 564 1439 ex
596 1386 860 1440 Ecclesia.
890 1384 1059 1438 Porro
1102 1394 1284 1439 autem
1324 1392 1699 1441 commovetur
1731 1398 1952 1455 quoque
1996 1381 2258 1453 populus,
2329 1380 2423 1452 qui
2487 1381 2630 1437 ferre
2675 1394 2787 1434 non
2856 1386 3039 1450 potest
3081 1376 3164 1431 sui
3219 1372 3607 1445 privationem.
3649 1366 3767 1422 Ex-

492 1478 645 1549 pedit
681 1492 813 1547 ergo
847 1476 1151 1532 accelerare
1184 1477 1414 1540 exitum,
1462 1475 1708 1531 ne'forte
1749 1484 1802 1531 te
1836 1476 2065 1531 nimium
2106 1474 2407 1531 defendens
2440 1472 2695 1544 populus,
2737 1470 2883 1541 quod
2918 1468 3063 1543 absit
3089 1476 3150 1522 ut
3214 1466 3531 1527 videamus,
3559 1474 3766 1516 manus

491 1584 745 1631 conserat
790 1590 912 1629 cum
959 1573 1222 1629 militibus
1253 1614 1269 1640 ,
1318 1584 1371 1629 et
1422 1573 1716 1629 inducatur
1756 1582 1818 1628 ut
1858 1573 2064 1644 aliquid
2103 1572 2273 1628 faciat
2323 1571 2489 1627 nimis
2550 1582 2794 1641 praeceps
2844 1576 2902 1623 et
2979 1562 3375 1634 periculosum.
3459 1556 3587 1612 Haec
3628 1570 3763 1610 cum

493 1687 723 1743 magnus
780 1671 1043 1726 audiisset
1085 1670 1366 1735 Joannes,
1422 1670 1812 1741 episcopisque
1866 1670 2075 1739 aliquot
2107 1676 2363 1741 porrecta
2407 1668 2630 1739 dextera
2698 1664 2901 1735 (neque
2944 1663 3116 1728 enim,
3164 1667 3224 1714 ut
3285 1655 3543 1711 omnibus
3582 1650 3769 1723 porri-

491 1773 665 1835 geret.
728 1764 1061 1819 concedebat
1088 1763 1350 1834 tempus),
1398 1774 1454 1819 et
1493 1763 1684 1818 osculo
1726 1763 2069 1819 miserabiles
2143 1761 2457 1817 miscuisset
2511 1760 2799 1829 lacrymas.
2850 1763 3142 1827 propterea
3212 1748 3357 1821 quod
3409 1753 3767 1817 scpararetur

490 1871 521 1909 ιι
552 1856 947 1922 familiaribus,
986 1857 1186 1913 deinde
1227 1858 1393 1912 etiam
1428 1856 1683 1927 iussisset
1732 1855 1915 1911 valere
1968 1855 2229 1928 reliquos,
2265 1854 2526 1927 praecepit
2588 1859 2647 1907 ut
2679 1850 2755 1907 ibi
2813 1849 3003 1917 utique
3040 1853 3349 1910 manerent,
3410 1840 3590 1916 donec
3631 1851 3765 1893 eum

490 1952 772 2025 paululum
806 1953 1183 2018 abscessisset,
1215 1961 1605 2008 reverteretur.

561 2044 751 2101 XLIX.
816 2044 943 2101 Haec
1001 2060 1125 2101 cum
1173 2045 1437 2111 dixisset,
1498 2060 1716 2101 sacrum
1764 2043 2068 2116 ingreditur

2238 2044 2374 2100 ΜΘ.
2438 2039 2628 2103 Οὕτως
2669 2036 2860 2102 εἰπὼν,
2913 2034 3008 2088 ἐπὶ
3080 2030 3176 2085 τὸν
3245 2026 3392 2101 ἱερὸν
3452 2022 3765 2116 είσέρχεται

491 2138 896 2209 baptisterium,
941 2148 998 2193 et
1036 2148 1281 2194 sanctam
1327 2148 1486 2194 vocat
1538 2113 1946 2210 Olympiadem:
1992 2148 2078 2195 est

2184 2135 2549 2211 βαπτιστῆρα,
2584 2132 2678 2186 καὶ
2720 2125 3061 2199 Ὀλυμπιάδα
3103 2123 3260 2178 καλεῖ
3278 2119 3378 2192 τὴν
3410 2117 3589 2211 ὁσίανῘ
3607 2113 3767 2211 δήλη

493 2243 676 2289 autem
703 2231 930 2287 omnino
965 2232 1111 2287 clara
1166 2232 1364 2287 mulier
1396 2232 1480 2287 vel
1521 2231 1639 2285 solo
1671 2231 1918 2285 nomine.
1967 2229 2076 2286 Sed

2184 2207 2236 2284 δὲ
2272 2230 2306 2300 ἡ
2338 2226 2477 2298 γυνὴ
2502 2225 2714 2287 πάντως
2748 2222 2883 2292 πρὸς
2912 2215 3078 2274 αὐτοῦ
3107 2215 3202 2270 τοῦ
3242 2213 3535 2282 ὀνόματος.
3565 2207 3767 2277 Ὅμως

494 2344 606 2383 non
670 2326 836 2385 fuerit
884 2326 1112 2381 fortasse
1149 2325 1391 2380 deterius
1429 2326 1751 2395 permittere
1792 2326 2075 2391 orationi,

2184 2320 2238 2376 οὐ
2273 2321 2455 2391 χεῖρον
2504 2317 2717 2384 ἐφεῖναι
2770 2310 2967 2382 μικρὸν
3019 2308 3112 2361 καὶ⁹
3144 2304 3223 2395 τῷ
3251 2304 3414 2395 λόγῳ,
3447 2300 3543 2395 καὶ
3573 2313 3766 2395 παρα-

497 2432 554 2476 ιιι
601 2435 661 2474 se
705 2418 986 2489 paululum
1022 2427 1234 2472 recreet
1263 2418 1385 2488 ejus
1424 2418 1695 2473 bonorum
1739 2418 1972 2473 deliciis.
1999 2418 2076 2472 Ea

496 2525 622 2565 cum
653 2520 708 2564 et
728 2524 928 2580 genere
963 2518 1018 2564 et
1046 2508 1251 2563 divitiis
1293 2517 1350 2563 et
1376 2509 1562 2577 specie
1588 2509 1836 2580 corporis
1864 2518 1920 2564 et
1956 2508 2077 2563 aliis

497 2601 813 2672 hujusmodi
869 2601 1023 2657 valde
1074 2600 1474 2671 resplenderet,
1521 2616 1647 2656 cum
1695 2601 1814 2656 viro
1858 2601 2078 2672 quidem

494 2694 743 2766 jungitur
772 2693 1140 2757 matrimonio,
1172 2693 1267 2748 sed
1299 2708 1409 2748 non
1435 2692 1637 2748 amittit
1667 2693 2077 2765 virginitatem:

499 2790 594 2843 sed
629 2803 754 2843 cum
795 2787 875 2843 sic
919 2802 1044 2842 cum
1082 2801 1149 2841 eo
1178 2787 1404 2842 vixisset
1433 2787 1578 2841 circa
1610 2786 1799 2858 viginti
1838 2800 2076 2852 menses,

497 2879 589 2936 ille
635 2887 818 2935 autem
848 2880 1171 2935 excessisset
1218 2894 1286 2934 ex
1327 2877 1661 2941 hominibus,
1721 2877 1828 2933 etsi
1872 2893 1983 2933 non
2015 2892 2079 2933 ea

499 2983 645 3031 esset
709 2982 871 3030 aetate
897 3014 910 3038 ,
974 2972 1060 3029 cui
1106 2972 1300 3045 pudori
1342 2981 1531 3028 essent
1562 2971 1817 3028 secundae
1854 2972 2078 3041 nuptiae,

499 3067 784 3138 pulchram
809 3082 993 3123 revera
1028 3066 1277 3136 amplexa
1307 3066 1748 3136 temperantiam,
1781 3079 1879 3135 per
1910 3073 2080 3120 totam

499 3159 667 3214 vitam
700 3174 819 3212 eam
868 3172 1048 3213 amare
1076 3157 1292 3213 voluit:
1335 3166 1393 3213 et
1443 3157 1573 3213 licet
1621 3157 1918 3228 imperator
1958 3172 2079 3212 eam

501 3261 735 3309 vocaret.
771 3251 837 3306 ad
881 3252 1289 3306 matrimonium
1343 3266 1567 3305 suorum
1608 3259 1992 3321 cognatorum,
2027 3258 2085 3304 et

501 3356 622 3396 eam
672 3341 882 3411 magnis
922 3339 1159 3394 aﬂiceret
1206 3339 1526 3401 honoribus,
1556 3338 1645 3392 illa
1690 3337 1947 3391 omnibus
1998 3350 2083 3389 re-

2177 2388 2456 2481 τρυιρῆσαι
2494 2405 2604 2459 τῶν
2659 2401 2865 2472 ταύτης
2914 2397 3119 2463 καλῶν,
3147 2396 3179 2465 ἢ
3207 2391 3414 2465 ζημίαν
3468 2388 3769 2481 ὑπομεῖναι

2178 2480 2392 2556 τελείαν
2438 2499 2661 2570 ἡδίστης
2699 2493 2843 2549 οὕτω
2881 2491 2975 2545 καὶ
3026 2485 3387 2559 ψυχωφελοῦς
3431 2480 3767 2553 διηγήσεως.

2178 2592 2327 2664 Αὕτη
2357 2590 2508 2661 γένει
2557 2590 2651 2643 καλ.
2675 2585 2896 2656 πλούτῳ
2927 2583 3021 2637 καὶ
3054 2580 3177 2651 ὥρᾳ
3206 2576 3483 2648 σώματος,
3508 2573 3612 2664 καὶ,
3647 2573 3770 2634 τοῖς

2181 2662 2367 2747 ἄλλοις
2399 2683 2513 2742 τοῖς
2563 2677 2767 2747 ὁμοίως
2811 2676 3030 2745 ἔχουσιν
3088 2669 3333 2741 ἀτεχνῶς
3382 2662 3769 2733 διαλάμψασα,

2180 2771 2335 2844 ἀνδρλ⁴
2391 2769 2720 2824 συνάπτεται
2774 2764 2899 2837 μὲν,
2951 2762 3053 2834 τὴν
3083 2762 3140 2816 δὲ
3170 2758 3474 2831 παρθενίαν
3496 2757 3595 2811 οὐκ
3623 2755 3770 2808 ἀπο-

2180 2861 2461 2919 ϐάλλεται.
2519 2859 2664 2912 Ἀλλ’
2688 2855 2865 2921 οὕτως
2896 2854 3049 2925 αύτῷ
3085 2852 3216 2924 περί
3252 2867 3356 2904 που
3388 2848 3563 2919 μῆνας
3588 2846 3770 2900 εἰκοσι

2183 2953 2564 3026 συμδιὼσασα,
2619 2953 2742 3006 ἐπεὶ
2789 2952 2996 3012 ἐκεῖνος
3050 2947 3108 3014 ἐξ
3155 2943 3462 3016 ἀνθρώπων
3517 2941 3765 3008 ἐγένετο,

2182 3047 2364 3101 καίτοι
2421 3044 2522 3114 τὴν
2573 3043 2794 3114 ἡλικίαν
2819 3042 2920 3094 οὐκ
2966 3039 3166 3109 ἔχουσα
3192 3038 3320 3099 τοὺς
3345 3035 3633 3103 δευτέρους
3659 3032 3771 3099 γά-

2185 3156 2318 3211 μους
2346 3137 2768 3208 αίσχυνομὲνην,
2812 3132 2951 3203 αὐτὴ
2974 3133 3075 3202 τὴν
3103 3127 3460 3201 σωφροσύνην
3508 3127 3770 3178 ἀσπασα-

2184 3229 2345 3301 μένη,
2404 3228 2657 3298 στέργειν
2702 3225 2874 3296 αὐτὴν
2921 3224 3096 3276 είλετο
3141 3222 3229 3275 διὰ
3280 3220 3418 3289 βίου,
3461 3218 3555 3271 καὶ
3586 3214 3766 3269 ταῦτα

2183 3320 2279 3374 τοῦ
2306 3319 2571 3390 βασιλέως
2591 3318 2762 3387 αὑτὴν
2800 3317 2881 3379 είς
2928 3313 3210 3383 συγγενεῖς
3239 3310 3490 3371 ἕλκοντος
3517 3308 3760 3377 γάμους,

504 3432 651 3487 lictis
679 3399 912 3495 deliciis,
939 3441 1001 3486 ut
1039 3446 1158 3501 quae
1191 3445 1317 3485 cum
1352 3399 1601 3501 ingenuis
1635 3427 1773 3483 nihil
1812 3428 2080 3482 haberent

2185 3413 2467 3485 νηστείαις
2495 3410 2551 3464 δὲ
2585 3409 2789 3483 μᾶλλον
2810 3410 2906 3462 καὶ
2931 3405 3290 3478 ἀγρυπνίαις,
3319 3404 3414 3457 καὶ
3451 3403 3566 3464 τοῖς
3585 3399 3773 3462 ἄλλοις

501 3538 818 3585 commune,
850 3537 909 3576 se
960 3522 1266 3577 oblectabat
1308 3521 1539 3593 jejunio,
1594 3536 1704 3575 non
1742 3520 1917 3575 solum
1951 3518 2079 3584 cibi,

503 3616 599 3671 sed
634 3615 800 3670 etiam
839 3615 1040 3678 somni,
1080 3614 1311 3685 pulchre
1363 3629 1626 3669 exercens
1664 3627 1884 3683 corpus,
1917 3619 1972 3667 et
2026 3610 2084 3666 id

504 3708 731 3764 studens
768 3708 966 3762 habere
995 3722 1150 3779 opem
1194 3706 1398 3771 ferens,
1437 3721 1546 3766 non
1590 3712 1773 3759 autem
1817 3703 2083 3758 insidians

503 3798 571 3854 ad
600 3799 898 3857 virtutem:
930 3798 1345 3868 temperantiam
1386 3812 1450 3852 ac
1483 3796 1804 3867 pudicitiam
1840 3794 2084 3865 comple-

504 3902 660 3946 ctens
704 3878 893 3961 usque.
932 3891 998 3945 ad
1043 3890 1452 3962 cogitationem,
1513 3904 1625 3943 non
1670 3888 1849 3944 solum
1907 3903 2084 3959 usque

502 3983 569 4038 ad
633 3991 967 4038 eontactum.
1024 3982 1309 4052 Postquam
1360 3990 1541 4036 autem
1587 3980 1833 4035 omnium
1907 3979 2084 4035 bono-

504 4088 628 4129 rum
680 4073 783 4128 fuit
835 4073 1076 4138 domina,
1122 4089 1186 4126 ea
1231 4072 1288 4126 in
1342 4087 1478 4126 usus
1522 4080 1838 4126 sanctorum
1871 4070 2085 4125 studuit

510 4165 794 4225 eﬂundere
824 4185 837 4220 :
871 4166 1079 4236 fuitque
1106 4165 1413 4221 diaconissa
1444 4165 1613 4221 totius
1641 4165 1922 4230 Ecclesize,
1953 4180 2084 4235 pro-

505 4267 631 4330 pter
657 4259 924 4327 insignem
965 4255 1085 4328 ejus
1116 4257 1373 4327 pietatem
1408 4269 1464 4312 et
1500 4257 1948 4328 hospitalitatem.
1977 4255 2085 4312 Eos

508 4350 653 4404 enim
679 4350 926 4410 maxime.
949 4349 1041 4419 qui
1067 4350 1319 4404 virtutem
1337 4350 1688 4412 exercebant,
1710 4347 1947 4417 hospitio
1965 4362 2084 4402 ma-

508 4440 704 4513 gnifice
727 4441 1052 4511 excipiebat,
1071 4451 1128 4497 et
1147 4456 1474 4512 quocunque
1505 4450 1716 4511 poterat
1748 4440 1925 4497 ofﬁcio
1947 4440 2086 4495 hila-

508 4535 643 4589 riter
661 4532 1240 4605 proscquebatur.Qute
1258 4533 1419 4589 etiam
1437 4533 1804 4605 TheOphilum
1826 4544 2084 4604 tanquam

509 4626 603 4681 Dei
619 4626 847 4682 amicum
870 4629 1186 4692 observans,
1206 4642 1361 4682 suam
1386 4628 1439 4681 in
1458 4642 1582 4682 eum
1608 4628 1847 4684 ostendit
1870 4616 2086 4698 magni-

509 4718 804 4781 ficentiam,
831 4721 1044 4775 etiamsi
1081 4722 1200 4792 ejus
1228 4721 1424 4792 linguae
1454 4721 1849 4792 impudentiam
1875 4728 1930 4775 et
1967 4735 2085 4775 ma-

508 4809 849 4866 ledicentiam
882 4827 952 4865 ne
977 4810 1093 4880 ipsa
1118 4810 1338 4881 quidem
1369 4812 1593 4881 omnino
1613 4810 1790 4881 potuit
1820 4809 2083 4881 effugere,

507 4904 634 4959 data
663 4904 709 4958 ei
740 4903 1050 4963 occasione.
1072 4904 1219 4975 quod
1251 4919 1391 4974 quos
1419 4904 1511 4959 ille
1538 4903 1719 4958 fuerat
1743 4911 2084 4970 persecutus,

508 4993 852 5049 Ammonium
889 4993 1100 5049 scilicet
1128 5002 1182 5048 et
1215 4994 1503 5059 lsidornm,
1540 4992 1688 5047 viros
1722 4992 1836 5047 Deo
1865 4992 2083 5059 charos,

508 5087 933 5159 cxceperit(45).
970 5088 1148 5157 Atque
1186 5086 1432 5141 omnium
1483 5084 1724 5154 quidem,
1765 5084 1910 5140 sicut
1949 5085 2083 5150 dixi,

510 5176 745 5231 virorum
780 5177 998 5232 virtutis
1021 5178 1322 5231 amantium
1349 5190 1600 5247 magnam
1628 5190 1813 5229 curam
1838 5162 2083 5248 gerebat,

510 5277 566 5323 et
599 5269 674 5323 eis
702 5262 958 5323 omnibus
992 5268 1166 5323 modis
1191 5267 1555 5337 providebat:
1592 5266 1722 5321 huic
1753 5277 1935 5321 autem
1970 5267 2086 5321 viro

509 5359 664 5414 beato
696 5360 977 5415 fuitetiam
1013 5359 1317 5423 familiaris,
1354 5358 1626 5428 quomodo
1657 5358 1859 5413 Thecla
1894 5358 2083 5422 Paulo,

512 5452 582 5508 ab
611 5451 733 5522 ejus
765 5453 947 5522 lingua
983 5461 1091 5507 tota
1126 5450 1236 5507 vita
1274 5451 1614 5521 dependens.
1652 5449 1920 5516 Quoniam
1957 5466 2088 5506 vero

510 5561 628 5600 eum
656 5560 717 5598 ea
749 5544 868 5599 alia:
896 5559 1113 5613 quoque
1144 5550 1305 5599 erant
1348 5543 1689 5610 diaconissaa,
1724 5542 1975 5608 Procula,
2031 5552 2088 5598 et

514 5635 798 5706 Pentadia,
826 5646 882 5692 et
917 5635 1150 5709 Sylvana
1191 5636 1324 5710 (Διί),
1362 5652 1482 5706 quae
1512 5635 1712 5690 bonam
1742 5644 1952 5705 partem
1976 5635 2092 5691 ele-

555 5795 689 5873 _(l3_)
716 5796 795 5873 De
816 5797 1106 5854 Ammonio
1142 5807 1197 5854 et
1221 5794 1778 5873 lsi_rb)ro_0rigenistis
1807 5795 1875 5873 ab
1902 5794 2080 5873 Olym-

518 5866 620 5927 Pia,
651 5866 823 5921 inscie
842 5876 1023 5925 tamen
1058 5866 1488 5941 susceptis,vide
1520 5882 1640 5937 qua:
1665 5867 1916 5936 superius
1947 5866 2088 5922 dicta

2185 3505 2510 3576 ἐντρυφῶσα
2550 3502 2661 3557 τῶν
2701 3500 3000 3555 ἐπιπόνων.
3047 3497 3138 3561 Ὠς
3162 3498 3265 3568 ήδη
3317 3494 3545 3561 καὶτῆς
3572 3490 3771 3554 οὐσίας

2186 3600 2366 3669 πάσης
2401 3598 2641 3668 κατέστη
2675 3593 2865 3667 κυρία,
2898 3594 2995 3646 ἐπὶ
3024 3592 3125 3664 τὴν
3149 3589 3448 3663 θεραπείαν
3470 3589 3639 3657 αὐτὴν
3660 3586 3776 3640 τῶν

2182 3691 2356 3760 ἁγίων
2389 3687 2647 3744 ἐκκενοῦν
2682 3687 2844 3756 ἔγνω,
2895 3683 3144 3746 διάκονός
3170 3700 3230 3735 τε
3270 3682 3370 3751 τῆς
3458 3677 3779 3746 Εκκλησίας

2184 3781 2386 3852 ⁴ίνιξίωτο
2439 3779 2777 3848 καταστῆναι
2829 3778 3032 3847 πάσης,
3062 3773 3151 3828 διὰ
3181 3771 3405 3843 πολλὴν,
3438 3771 3507 3841 ἢν
3536 3766 3775 3839 εἶχετῆς

2185 3872 2472 3936 εὐλαϐείας
2500 3870 2840 3942 περιουσίαν,
2867 3870 2963 3921 καὶ
2997 3867 3057 3920 τὸ
3077 3866 3177 3934 τῆς
3202 3863 3515 3934 φιλοξενίας
3556 3865 3773 3929 ἐπιφα-

2185 3963 2465 4018 νέστατον.
2493 3949 2613 4015 Ἶιν
2630 3960 2742 4032 γὰρ
2767 3959 2862 4013 καὶ
2913 3958 3150 4029 μάλιστα
3174 3958 3300 4019 τοὺς
3327 3955 3528 4026 ἀρετὴν
3559 3953 3781 4025 μετιόν-

2184 4075 2284 4120 τας
2342 4056 2622 4123 ξενίζουσα
2679 4054 3003 4123 φιλοτίμως,
3063 4051 3157 4104 καὶ
3207 4050 3527 4120 θεραπείαν,
3588 4046 3642 4099 εἴ
3686 4045 3781 4106 τίς

2186 4149 2325 4214 ἔστι,
2352 4147 2729 4220 προσάγουσα,
2755 4146 2787 4215 ἢ
2816 4145 2909 4197 καὶ
2933 4141 3179 4213 Θεοφίλῳ
3210 4140 3472 4203 πολλάκις
3485 4140 3545 4192 τὸ
3571 4135 3782 4206 ἑαυτῆς

2190 4241 2567 4315 μεγαλόψυχον
2589 4221 2922 4302 ἐπεδείξατο·
2952 4236 3056 4290 κᾶν
3090 4237 3190 4306 τῆς
3209 4234 3423 4288 ἐκείνου
3448 4231 3695 4300 γλώττης
3712 4231 3780 4283 τὸ

2189 4335 2547 4407 φιλολοίδορον
2588 4331 2711 4386 οὐδὲ
2776 4330 2918 4400 αὑτὴ
2964 4329 3195 4399 ἔσχατον
3241 4326 3484 4399 ἠδυνήθη
3538 4326 3779 4394 φυγεῖν,

2189 4428 2463 4500 πρόφασιν
2485 4424 2671 4490 δοῦσα,
2697 4423 2758 4478 τὸ
2785 4426 2914 4485 τοὺς
2935 4423 3027 4476 ὑπ’
3058 4422 3225 4476 αὐτοῦ
3257 4420 3612 4491 διωχθέντας,
3646 4417 3783 4481 τοὺς

2188 4522 2317 4592 περὶ
2362 4517 2674 4590 Ἀμμώνιον
2713 4535 2854 4589 φημι
2889 4514 2986 4570 καὶ
3033 4514 3325 4585 Ἰσίδωρον,
3359 4513 3561 4581 ἄνδρας
3585 4510 3779 4579 θεοφιο

2189 4614 2303 4678 λεῖς
2365 4611 2745 4679 ὐποδέξασθαι.
2799 4608 3026 4663 Πάντων
3087 4607 3184 4678 μὲν
3212 4603 3328 4669 οὖν,
3375 4604 3565 4676 ὥσπερ
3611 4603 3781 4673 ἓφην,

2190 4707 2300 4762 τῶν
2355 4705 2662 4777 φιλαρέτων
2692 4701 2904 4774 ἀνδρῶν
2961 4700 3183 4770 θερμῶς
3209 4698 3455 4768 ἐκήδετο,
3509 4695 3604 4750 καὶ
3638 4712 3786 4765 προ-

2189 4800 2338 4864 νοίας
2397 4799 2596 4862 αὐτοὺς
2636 4798 2817 4866 πάσης
2865 4792 3021 4864 ἠξίου
3051 4810 3067 4825 ο
3100 4792 3180 4863 τῷ
3218 4791 3273 4844 δὲ
3310 4790 3571 4861 μακαρίῳ
3598 4786 3784 4860 τούτῳ

2188 4893 2283 4947 καὶ
2340 4889 2578 4962 συνήθης
2632 4887 2875 4956 ἐγένετο,
2927 4884 3179 4955 καθάπερ
3232 4882 3413 4936 Θέκλα
3439 4880 3519 4947 τῷ
3554 4879 3780 4950 Παύλῳ,

2189 4984 2291 5055 τῆς
2328 4982 2494 5037 αὐτοῦ
2545 4980 2792 5051 γλώττης
2838 4979 2944 5048 ὅλῳ
2990 4977 3091 5048 βίῳ
3150 4976 3353 5045 ἑαυτὴν
3400 4974 3785 5044 ὲξαρτήσασα.

2202 5075 2440 5143 Ἐπεὶσδὲ
2474 5075 2610 5145 αὐτῇ
2644 5059 2739 5127 κάὶ
2764 5071 2950 5143 ἕτεραι
2979 5070 3222 5123 διάκονοι
3254 5066 3518 5137 συνῆσαν,
3558 5062 3784 5135 Πρόκλη

2191 5186 2249 5222 τε
2273 5169 2368 5223 καὶ
2392 5167 2658 5222 Πενταδία
2687 5165 2781 5219 καὶ
2810 5163 3065 5233 Σιλὸανὴ.
3088 5167 3183 5215 καὶ
3217 5160 3386 5223 αὑτὰς
3417 5158 3538 5211 τότε
3569 5172 3788 5229 συγκα-

2188 5262 2374 5326 λέσας,
2420 5259 2606 5324 Δεῦτε,
2676 5258 2807 5329 ἔφη,
2866 5255 3189 5325 θυγατέρες,
3248 5251 3519 5323 πρόσχετέ
3549 5266 3640 5318 μοι
3685 5247 3784 5299 τὸν

2190 5355 2336 5410 νοῦν.
2369 5353 2521 5424 Τάχα
2584 5351 2695 5421 γὰρ
2722 5350 2815 5404 καὶ
2850 5350 2987 5421 πρὸς
3009 5347 3158 5411 τέλος
3200 5346 3302 5416 ἤδη
3361 5344 3532 5397 κλίνει
3557 5342 3627 5395 τὰ
3652 5341 3781 5393 κατ’

2191 5448 2311 5517 ἐμὲ,
2357 5447 2453 5500 καὶ⁵
2502 5444 2685 5498 οὐκέτι
2717 5459 2784 5513 με
2811 5442 2953 5496 κατά
3001 5441 3092 5493 τὸν
3141 5439 3236 5493 νῦν
3301 5437 3499 5508 ὄψεσθε
3548 5434 3780 5503 κόσμον.

2192 5538 2410 5607 Ταύτην
2438 5536 2497 5588 δὲ
2519 5534 2674 5605 ὑμῶν
2698 5534 2891 5603 δέομαι
2940 5531 3126 5601 δέησιν
3179 5530 3277 5599 τὴν
3306 5530 3563 5600 ἐσχάτην,
3610 5524 3782 5595 μηδεν

2192 5631 2294 5701 τῆς
2348 5629 2612 5699 συνήθους
2658 5629 2788 5700 περὶ
2812 5629 2905 5682 τὸν
2961 5625 3056 5681 τοῦ
3087 5623 3223 5701 βἐοῦ
3252 5624 3379 5677 ναὸν
3415 5618 3780 5693 προσεδρείας

2189 5803 2338 5850 sunt.

2272 5864 2381 5934 (Η)
2417 5863 2499 5918 Al.
2535 5857 2827 5915 Salvinam.
