4126 6428
415 245 565 315 “85

1474 250 1653 316 VlTA
1690 254 1753 315 S.
1793 252 2117 315 JOANNIS
2168 253 2723 320 CI-IRYSOSTOMI.

3537 259 3677 331 1186

410 365 511 420 καὶ
559 362 800 428 πίστεως
832 362 1178 435 καθυφεῖναι.
1222 363 1335 419 Καὶ
1359 363 1418 429 ὃς
1446 364 1512 420 ἂν
1540 365 1632 419 ἐπὶ
1682 366 1775 420 τὸν
1805 364 1996 436 θρόνον

2127 375 2289 427 :erant
2317 368 2711 424 convenienter
2738 369 2925 426 divino
2945 370 3145 429 Christi
3175 373 3363 439 verbo,
3384 390 3510 431 cum
3532 379 3678 450 ipsas

415 456 607 512 τοῦτον
638 454 846 526 (τὸγὰρ
866 450 1008 510 εἶναι
1035 456 1135 527 τὴν
1176 456 1507 527 Ἐκκλησίαν
1529 456 1738 527 ἔρημον
1772 455 1993 510 ἐπισκό-

414 564 519 600 που
539 545 760 609 πάντως
790 547 892 600 οὐκ
915 541 1119 617 ἔσται),
1147 545 1205 609 ὃς
1232 546 1299 599 ἂν
1330 543 1425 601 οὖν
1450 548 1595 601 κατὰ
1625 546 1726 616 τὴν
1771 545 1991 599 πάντων

417 639 726 695 συναίνεσιν
748 637 837 693 ἔπ’
858 639 1021 693 αὑτὸν
1050 640 1284 711 ἀνοιχθῇ,
1311 639 1489 711 τούτῳ
1522 640 1776 711 καθάπερ
1806 639 1871 711 δὴ
1901 641 1994 694 καὶ

414 734 540 804 ἐμοὶ
590 735 691 801 τὴν
741 732 988 804 κεφαλὴν
1045 731 1204 802 ὑμεῖς
1248 733 1595 800 ὑποκλίνατε,
1644 735 1740 788 καί
1765 751 1870 802 μον
1898 734 1996 805 τῆς

418 828 642 898 ἀγάπης
662 829 722 881 ὲν
744 829 864 890 ταῖς
895 828 1230 897 προσευχαῖς
1282 826 1590 898 μέμνησθε.
1636 827 1763 881 Ἐπὶ
1786 825 1997 888 τούτοις

418 921 542 974 ἐπεὶ
578 917 814 990 ἰσχυρῶς
837 917 1018 972 αὐτῶν
1049 920 1084 990 ἠ
1118 918 1264 989 λύπη
1300 917 1576 982 καθίκετο,
1621 917 1716 971 καὶ
1769 919 1883 981 τοῖς
1908 917 1999 970 δά.-

406 1027 584 1083 κρυσι
639 1008 1043 1080 συνεχύθησαν,
1110 1008 1298 1077 ἔλεγόν
1349 1026 1409 1063 τε
1467 1010 1568 1079 τὴν
1626 1007 1887 1079 στέρησιν
1936 1007 1998 1062 οῦ

422 1101 668 1173 φορητὴν
717 1100 910 1164 αὐταῖς
968 1095 1133 1167 εῖναι,
1178 1102 1275 1155 καὶ
1324 1103 1439 1165 τοῖς
1490 1101 1618 1156 ποσὶ
1649 1100 2001 1170 προσέκειντο

422 1195 536 1256 τοῖς
582 1190 751 1247 αὑτοῦ
789 1190 983 1261 γοερὸν
1013 1191 1382 1258 ὀλολύζουσαι,
1436 1194 1644 1257 ἐκεῖνος
1684 1193 1773 1247 ἵνα
1803 1192 1878 1265 μὴ
1923 1190 2002 1263 τῷ

426 1278 569 1356 ὄχλῳ
602 1283 742 1354 πρὸς
789 1282 1046 1354 αἴσθησιν
1074 1282 1137 1337 τὸ
1166 1286 1400 1355 πρᾶγμα
1445 1285 1611 1339 πεσὸν
1645 1284 1872 1354 θόρυϐον
1906 1286 2004 1356 έμ-

425 1376 588 1448 ϐἁλῃ,
612 1374 756 1428 νεύει
789 1374 899 1429 τῶν
927 1376 1318 1448 πρεσϐυτέρων
1355 1372 1464 1431 civi.
1496 1378 1834 1447 μεταστῆσαι
1866 1376 2004 1431 ταύ-

426 1486 548 1533 τας,
583 1468 757 1522 καὶτὸ
786 1469 888 1539 μὲν
919 1468 1238 1537 ὑποζύγιον,
1271 1461 1333 1523 οῦ
1373 1471 1468 1525 καὶ
1488 1470 1790 1525 ἐπιϐαίνειν
1822 1469 2005 1524 είώθει

431 1560 642 1631 (λαθεῖν
698 1560 809 1632 γὰρ
875 1560 1156 1634 ἠϐούλετο)
1201 1563 1341 1635 πρὸς
1380 1553 1509 1627 ’ταῖς
1539 1563 1784 1628 δυτικαῖς
1808 1562 2006 1627 πύλαις

435 1654 624 1723 στῆναι
695 1652 909 1709 κελεύει
949 1670 965 1685 ⁸
1043 1654 1210 1720 αὐτὸς
1261 1655 1319 1709 δὲ
1378 1655 1466 1711 διὰ
1509 1656 1619 1710 τῶν
1671 1655 2008 1710 ἀνατολικῶν

432 1745 628 1813 ἔξεισι,
685 1745 785 1799 καὶ
845 1746 984 1817 μετὰ
1030 1746 1228 1814 ὀλίγων
1283 1747 1446 1801 τινῶν
1485 1747 1623 1817 πρὸς
1650 1748 1742 1802 τὸν
1768 1748 2013 1817 αίγια).δν
2045 1740 2087 1795 Β

432 1840 744 1909 καταχθεὶς,
801 1839 1012 1893 ἔπλεεν.
1030 1838 1172 1892 Ἀλλ’
1214 1832 1328 1893 οἷον
1353 1840 1464 1910 ἄρα
1494 1840 1589 1892 καὶ
1612 1839 1839 1910 μνήμης
1862 1838 2015 1903 ἄξιον

432 1932 510 1996 είς
534 1931 757 2002 ἔλεγχον
776 1931 879 2002 τῆς
903 1932 1012 1985 τῶν
1043 1932 1339 2005 μοχθηρῶν
1371 1932 1572 1996 κακίας
1602 1933 1631 1984 ὁ
1653 1931 1811 2001 λόγος
1845 1931 2017 1986 σπεύ-

432 2025 540 2080 δων
580 2024 780 2096 μικροῦ
812 2027 906 2077 καὶ
948 2024 1272 2096 παρέδραμε
1296 2042 1312 2091 ;
1338 2024 1414 2079 Τὸ
1435 2026 1545 2095 γὰρ
1578 2026 1814 2096 πονηρὸν
1842 2028 2017 2080 έκεῖνο

438 2117 735 2186 συνέδριον,
794 2116 916 2170 ἐπεὶ
955 2114 1063 2170 ἔδει
1124 2115 1262 2186 μετὰ
1305 2115 1415 2169 τῶν
1480 2115 1660 2171 ἄλλων
1698 2111 1773 2172 ὧν
1810 2119 2019 2191 ἐπῆγον

435 2207 516 2280 τῷ
536 2208 678 2278 ἁγίῳ
707 2206 916 2273 κακῶν,
946 2208 1081 2278 μηδὲ
1099 2207 1262 2274 φόνου
1279 2208 1480 2272 αὐτοὺς
1502 2209 1863 2280 ἀποσχέσθαι,
1883 2210 2020 2264 ἀλλὰ

438 2299 652 2353 καὶτὸν
690 2297 780 2352 διὰ
822 2295 1012 2366 ξίφους
1059 2295 1326 2366 ὼδινῆσαι
1386 2296 1510 2351 κατ’
1545 2298 1713 2351 αύτοῦ
1758 2298 2016 2365 θάνατον,

437 2392 654 2461 οἰκέτης
682 2391 791 2444 τῶν
848 2405 993 2452 τινος
1052 2387 1467 2460 πρεσϐυτέρων,
1509 2387 1777 2452 Ἐλπίδιος
1824 2388 2020 2459 ὄνομα,

441 2483 784 2554 πεντήκοντα
819 2478 1175 2551 νομισμάτων
1226 2480 1318 2532 ὑπ’
1341 2479 1586 2543 ἐκείνων,
1621 2478 1721 2549 φεῦ
1757 2480 1769 2533 l
1811 2480 1910 2549 τὴν
1935 2480 2023 2533 δε-

441 2577 560 2646 ξιὰν
613 2574 928 2648 μισθωθεὶς,
983 2573 1390 2627 ἐπιϐουλεύσειν
1440 2571 1645 2652 ἔμελλε⁹
1678 2571 1758 2642 τῷ
1802 2572 2020 2643 δικαίῳ,

444 2670 543 2726 καὶ
587 2669 864 2740 φωραθεὶς
905 2666 1052 2740 (οὑδὲ
1107 2666 1219 2737 γὰρ
1272 2664 1484 2735 ἀφῆκεν
1510 2659 1592 2730 οἷς
1622 2662 1733 2720 οἶδε
1780 2664 2021 2736 λόγοιςή

390 2764 394 2768 Α
447 2762 667 2818 πάντων
712 2761 1148 2832 ἐπιτροπεύουσα
1180 2760 1435 2830 Πρόνοια)
1499 2758 1675 2823 ένίους
1707 2759 1817 2814 τῶν
1856 2775 2027 2813 κατα-

449 2854 689 2928 σχόντων
739 2849 822 2918 οἷς
873 2849 989 2924 εἶχε
1037 2852 1243 2922 ξίφεσι,
1276 2852 1406 2916 τοῦς
1438 2851 1539 2922 μὲν
1583 2852 1784 2917 ἅνεῖλε,
1813 2853 1940 2915 τοὺς
1967 2851 2025 2906 at

447 2949 541 3003 καὶ
564 2946 815 3018 χαλεπῶς
846 2944 1102 3013 ἐπληξεν.
1139 2942 1280 2997 Ἀλλ’
1299 2942 1443 2997 οῦτω
1466 2942 1566 3013 μὲν
1594 2945 1621 2996 ό
1653 2943 1828 3012 μέγας
1847 2942 2022 3009 ἔπλει,

2100 473 2317 527 quoque
2350 468 2479 515 tunc
2512 477 2741 532 magnus
2771 463 2860 518 ille
2889 475 3246 522 convocasset
3279 486 3293 523 :
3324 468 3526 524 Adeste
3551 472 3679 539 huc,

2100 549 2298 620 inquit,
2359 551 2513 618 filiae,
2563 554 2804 609 animum
2857 558 2990 611 mihi
3044 559 3320 617 adhibete.
3362 561 3473 615 Res
3531 565 3677 618 enim

2101 653 2301 703 nostra:
2332 646 2516 713 utique
2537 645 2648 714 jam
2685 649 2921 703 tendunt
2948 650 3015 703 ad
3068 650 3253 712 finem,
3291 668 3394 707 nec
3449 669 3534 709 me
3561 670 3682 707 am-

2103 736 2247 808 plius
2281 739 2536 795 videbitis
2570 740 2623 795 in
2659 740 2762 796 hoc
2794 746 3018 801 mundo.
3055 747 3207 801 Hanc
3238 756 3420 803 autem
3461 764 3489 802 a
3526 748 3684 804 vobis

2104 840 2402 886 extremam
2452 847 2582 903 rogo
2633 834 2979 907 petitionem,
3011 847 3072 890 ut
3130 836 3199 891 de
3233 848 3413 893 vestra
3467 839 3521 893 in
3588 838 3684 893 Dei

2106 929 2369 999 templum
2400 929 2722 985 assiduitate
2754 939 2810 985 et
2839 930 2944 986 fide
2977 931 3112 985 nihil
3145 932 3459 994 remittatis,
3486 942 3539 987 et
3564 930 3687 1002 qui-

2109 1033 2328 1090 cunque
2357 1021 2497 1076 hanc
2535 1021 2724 1077 sedem
2754 1023 3067 1078 ascenderit
3092 1022 3231 1094 (ﬁeri
3277 1023 3422 1078 enim
3452 1039 3561 1078 non
3590 1039 3689 1093 po-

2109 1112 2253 1178 terit,
2284 1121 2343 1167 ut
2376 1111 2621 1169 Ecclesia
2669 1114 2896 1168 omnino
2944 1123 3129 1170 careat
3170 1114 3474 1184 epismpo),
3511 1116 3559 1170 ei
3594 1132 3690 1171 vos

2108 1203 2252 1258 sicut
2298 1204 2428 1259 mihi
2476 1204 2669 1276 'capita
2718 1206 3019 1271 inclinetis,
3049 1215 3106 1262 et
3139 1206 3247 1262 mei
3289 1206 3598 1261 dilectionis
3632 1208 3690 1261 in

2110 1297 2367 1367 precibus
2420 1298 2807 1354 memineritis.
2855 1299 2986 1355 Post
3040 1301 3158 1356 haec
3213 1315 3337 1355 cum
3388 1313 3482 1355 eas
3539 1298 3696 1355 dolor

2112 1387 2469 1444 vehementer
2522 1388 2853 1456 invasisset,
2901 1399 2955 1445 et
3002 1391 3254 1460 protinus
3298 1391 3532 1447 fuissent
3561 1407 3696 1448 con-

2112 1476 2247 1532 fusae
2298 1478 2571 1548 laerymis,
2613 1486 2670 1534 et
2721 1478 2969 1534 dicerent
3012 1481 3132 1549 ejus
3177 1480 3539 1551 privationem
3585 1496 3694 1535 non

2115 1567 2353 1624 futuram
2389 1571 2470 1626 eis
2504 1571 2864 1636 tolerabilem,
2896 1577 2952 1626 et
2982 1573 3101 1643 ejus
3152 1574 3321 1643 pedes
3348 1559 3694 1644 prensarent,

2117 1663 2387 1734 ejulantes
2417 1664 2826 1729 miserabiliter,
2858 1665 2969 1728 ille,
3010 1681 3082 1721 ne
3115 1666 3161 1721 si
3204 1669 3440 1738 populus
3484 1669 3536 1724 id
3570 1684 3698 1725 sen-

2115 1756 2299 1821 sisset,
2321 1755 2546 1811 afferret
2564 1758 2884 1823 tumultum,
2909 1757 3103 1813 annuit
3130 1760 3222 1813 uni
3247 1774 3312 1813 ex
3337 1760 3694 1831 presbyteris,

2120 1856 2178 1902 ut
2216 1862 2309 1903 eas
2337 1847 2636 1904 abduceret
2672 1865 2687 1902 :
2724 1858 2779 1903 et
2811 1849 3121 1920 jumentum
3153 1849 3399 1919 quidem,
3424 1852 3568 1920 quod
3609 1867 3689 1906 so-

2117 1939 2264 1994 lebat
2293 1940 2592 1995 ascendere
2623 1940 2864 2011 (volebat
2897 1940 3043 1996 enim
3085 1941 3302 2012 latere),
3338 1942 3500 2013 jussit
3534 1941 3696 1999 statui

2117 2030 2185 2084 ad
2240 2039 2427 2099 portas
2462 2029 2887 2087 Occidentales:
2943 2033 3061 2103 ipse
3114 2043 3297 2089 autem
3339 2050 3439 2105 per
3484 2042 3689 2105 portat:

2118 2120 2454 2178 Orientalem
2499 2124 2664 2178 simul
2693 2135 2778 2180 est
2820 2140 3098 2196 egressus,
3139 2135 3349 2181 etcum
3399 2127 3588 2197 paucis
3633 2124 3705 2183 ad

2118 2213 2248 2269 litus
2277 2214 2545 2295 deductus
2575 2217 2869 2289 navigavit.
2903 2217 3010 2274 Sed
3037 2219 3255 2289 qualem
3287 2234 3425 2283 rem,
3450 2228 3504 2273 et
3537 2233 3707 2289 quam

2119 2305 2363 2377 dignam.
2399 2323 2521 2378 quae
2555 2317 3016 2365 commemoretur
3058 2311 3126 2365 ad
3161 2311 3324 2380 plane
3372 2310 3703 2381 arguendam

2122 2398 2493 2469 improborum
2518 2401 2802 2468 malitiam,
2820 2401 3091 2459 festinans
3110 2402 3288 2458 oratio
3307 2403 3704 2473 propemodum

2124 2491 2512 2560 praetermisit?
2545 2493 2860 2562 Improbum
2893 2493 3040 2548 enim
3074 2494 3208 2549 illud
3237 2493 3551 2554 concilium,
3579 2506 3703 2547 cum

2121 2592 2403 2653 Oporteret
2424 2599 2548 2639 cum
2576 2584 2696 2639 aliis
2720 2573 2896 2663 malis,
2925 2600 3047 2655 qum
3094 2593 3285 2641 sancto
3332 2583 3703 2650 intentabant,

2124 2690 2195 2730 ne
2226 2675 2374 2745 ipsos
2398 2675 2617 2746 quidem
2644 2692 2675 2732 a
2705 2677 2852 2733 crede
2871 2677 3166 2742 abstinere,
3199 2676 3293 2732 sed
3327 2676 3489 2731 etiam
3519 2676 3711 2746 inique

2124 2767 2302 2838 gladio
2332 2769 2533 2823 caedem
2580 2769 2635 2824 in
2668 2784 2792 2824 eum
2822 2769 3119 2839 parturire,
3150 2768 3386 2823 famulus
3425 2768 3709 2837 cujusdam

2124 2873 2189 2913 ex
2213 2859 2565 2936 presbyteris,
2596 2860 2820 2915 nomine
2847 2859 3113 2929 Elpidius,
3138 2860 3528 2932 quinquaginta
3547 2875 3714 2914 num-

2129 2952 2267 3019 mis,
2303 2954 2436 3022 proli
2497 2953 2686 3020 dolor,
2743 2954 2813 3010 ab
2869 2954 2976 3009 illis
3030 2953 3366 3016 conductus,
3419 2960 3537 3007 erat
3591 2951 3714 3007 viro

447 3040 544 3093 καὶ
593 3040 730 3111 πρὸς
784 3040 884 3108 τὴν
941 3035 1241 3109 ὑπερορίαν
1290 3036 1562 3106 ἀπήγετο.
1642 3035 1836 3106 Ἡδονὴ
1875 3036 1934 3090 δὲ
1962 3035 2024 3090 τὸ

2127 3046 2273 3115 justo
2306 3020 2624 3114 iparaturus
2684 3044 2929 3101 insidias.
2978 3045 3081 3111 Qui
3125 3045 3344 3114 quidem
3400 3041 3713 3114 deprehen-
3790 3020 3793 3025 ί

449 3130 655 3202 πλῆθος
698 3131 795 3184 καὶ
837 3128 986 3201 λύπη
1016 3128 1414 3200 διεμερίζοντοο
1442 3128 1586 3200 λύπη
1612 3127 1732 3199 μὲν,
1774 3129 1901 3193 τοὺς
1930 3128 2025 3181 εῦ-

449 3225 631 3288 σεϐεἶς
666 3241 726 3298 τε
755 3225 850 3278 καὶ
898 3222 1214 3294 ὸρθοδόξους
1253 3224 1349 3278 καὶ
1382 3223 1511 3284 τοὺς
1541 3220 1779 3293 χρυσοῦς
1812 3221 2028 3274 ἐκείνου

448 3318 645 3387 λόγους
700 3316 1081 3387 ζημιωθέντας
1111 3314 1252 3385 μετὰ
1282 3315 1382 3386 τῆς
1419 3315 1625 3385 σεμνῆς
1649 3314 1848 3384 ὅψεωςο
1872 3312 2032 3383 ἡδονὴ

450 3409 511 3466 δὲ
545 3408 836 3472 Ἰουδαίους
877 3410 974 3462 καὶ
1007 3407 1300 3478 Ἕλληνας,
1344 3403 1428 3470 οἷς
1465 3406 1561 3460 καὶ
1612 3408 1693 3469 είς
1727 3404 1924 3477 ἑορτὴν
1970 3405 2033 3460 τὸ

453 3505 688 3574 πρᾶγμα
711 3504 971 3573 κατέστη,
1005 3502 1131 3565 τοὺς
1156 3501 1411 3571 ἐλέγχους
1447 3500 1658 3563 πάντας
1685 3498 1784 3568 τῆς
1822 3496 2034 3552 ἐκείνου

452 3591 702 3666 γλώττης
753 3592 1132 3663 διαφυγοῦσιν,
1182 3592 1316 3646 ὡσεὶ
1376 3590 1506 3662 βέλη
1540 3592 1597 3644 ὲν
1627 3593 1773 3661 χειρὶ
1796 3589 2031 3643 δυνατοῦ

453 3691 573 3754 ταῖς
608 3688 863 3757 καρδίαις
893 3687 1229 3756 ἀφιεμένους
1249 3700 1264 3714 ⁸
1294 3683 1351 3738 oi
1384 3685 1479 3737 καὶ
1507 3683 1912 3751 κατεμωκῶντο
1941 3682 2042 3736 καὶ

455 3780 821 3847 κατέπαιζον,
868 3778 966 3834 καὶ
996 3779 1163 3833 πολὺν
1192 3775 1407 3846 γέλωτα
1434 3775 1538 3846 τῆς
1557 3774 1669 3827 τῶν
1690 3773 2055 3845 κρατούντων

457 3872 717 3945 κατέχεον
776 3869 1051 3941 εὐηθείας,
1097 3868 1174 3933 ὡς
1224 3867 1420 3939 μικροῦ
1457 3867 1553 3921 καὶ
1585 3865 1653 3920 δι’
1680 3865 1868 3919 οἴκτου
1892 3864 2043 3919 τίθε-

458 3967 583 4021 σθαι
609 3965 709 4037 τὴν
736 3965 845 4018 τῶν
868 3961 1213 4037 Χριστιανῶν
1243 3961 1550 4033 συμφοράν.

2128 3152 2221 3193 sus
2273 3137 2482 3207 (neque
2538 3137 2686 3195 enim
2734 3138 2936 3207 quibus
2988 3136 3142 3191 novit
3195 3134 3537 3197 rationibus,
3587 3131 3721 3187 sivit

2128 3244 2253 3284 eum
2299 3229 2467 3284 latere
2501 3228 2595 3282 Dei
2630 3227 3005 3298 providentia)
3050 3226 3345 3281 nonnullos
3373 3240 3441 3280 ex
3482 3225 3567 3288 iis,
3617 3222 3714 3292 qui

2130 3335 2255 3375 eum
2308 3320 2878 3391 comprehenderant,
2939 3319 3007 3374 iis
3065 3333 3205 3390 quos
3242 3317 3436 3372 habuit
3490 3315 3716 3369 ensibus

2132 3411 2409 3468 interfecit
2453 3432 2469 3467 :
2519 3399 2661 3468 alios
2710 3420 2892 3467 autem
2945 3409 3185 3482 graviter
3232 3408 3560 3465 vulneravit.
3607 3405 3717 3461 Sed

2132 3506 2224 3561 ille
2281 3507 2504 3576 quidem
2540 3494 2802 3577 imagnus
2847 3504 2926 3559 sic
2984 3502 3275 3573 navigabat
3311 3510 3366 3556 et
3421 3500 3606 3555 abibat
3661 3499 3717 3552 in

2132 3598 2427 3662 exsilium,
2482 3597 2720 3668 populus
2770 3605 2954 3652 autem
3009 3595 3208 3666 partim
3255 3592 3462 3658 laetitia,
3518 3590 3717 3661 partim

2134 3689 2325 3744 dolore
2374 3688 2756 3743 adiciebatur:
2797 3687 2985 3742 dolore
3042 3685 3265 3756 quidem
3317 3682 3421 3754 pii,
3468 3680 3559 3750 qui
3608 3680 3722 3749 pri-

2137 3780 2250 3834 vati
2299 3787 2459 3834 erant
2509 3778 2773 3833 suavibus
2814 3777 2959 3832 illius
2991 3774 3333 3829 orationibus
3379 3786 3506 3826 cum
3548 3783 3716 3824 vene-

2139 3870 2315 3926 rando
2351 3879 2578 3941 aspecta
2609 3889 2623 3925 :
2657 3868 2843 3925 laetitia
2867 3881 2996 3922 vero
3026 3865 3197 3922 Judaei
3222 3873 3278 3919 et
3311 3863 3564 3935 gentiles,
3595 3859 3711 3931 qui-

2140 3963 2246 4020 bus
2273 3964 2393 4020 haec
2445 3978 2536 4019 res
2568 3963 2687 4018 dies
2713 3969 2833 4017 erat
2881 3959 3079 4027 festus,
3116 3965 3177 4013 ut
3206 3957 3297 4028 qui
3339 3956 3483 4010 illius
3521 3954 3704 4020 lingua

458 4057 924 4131 reprehensiones
976 4057 1205 4112 omnino
1237 4053 1602 4126 effugissent:
1653 4051 2128 4123 reprehensiones,
2169 4055 2414 4126 inquam,
2468 4071 2588 4126 qua:
2627 4061 2882 4124 tanquam
2939 4051 3044 4105 tela
3084 4051 3138 4104 in
3174 4063 3339 4103 manu
3379 4047 3634 4118 potentis,
3665 4061 3701 4098 u

457 4167 585 4210 cum
602 4151 793 4209 divino
818 4151 994 4206 dicam
1014 4148 1219 4204 Davide
1232 4148 1300 4214 ιο,
1322 4147 1377 4203 in
1396 4147 1560 4204 corda
1581 4161 1768 4203 eorum
1791 4145 2227 4204 immittebantur
2252 4167 2265 4203 :
2287 4150 2381 4220 qui
2408 4158 2464 4204 et
2493 4148 2813 4212 irridebant,
2832 4154 2888 4201 et
2909 4143 3344 4208 ludificabantur,
3362 4149 3418 4196 et
3446 4139 3500 4193 in
3522 4135 3731 4209 princi-

459 4261 591 4319 pum
611 4243 899 4303 stultitiam
921 4243 1094 4299 risum
1116 4242 1469 4299 effundebant
1485 4243 1805 4308 maximum,
1825 4251 1886 4298 ut
1907 4240 2346 4299 Christianorum
2370 4244 2694 4300 calamitatis
2713 4239 3108 4313 propemodum
3127 4238 3291 4293 etiam
3310 4236 3724 4292 misererentur.

531 4338 612 4394 ΙΨ.
678 4335 971 4408 Ἐξαίφνης
1014 4336 1073 4391 δὲ
1102 4334 1314 4405 γίνεταί
1338 4353 1391 4389 τι
1421 4337 1653 4406 πρᾶγμα
1688 4334 1920 4407 φοϐερὸν
1949 4335 2027 4389 κα¹

2220 4335 2283 4391 L.
2321 4335 2406 4391 Fit
2430 4345 2614 4391 autem
2639 4334 2822 4390 statim
2858 4347 2946 4390 res
2971 4332 3218 4402 quaedam
3250 4328 3524 4391 terribilis,
3556 4330 3601 4382 si
3637 4328 3727 4383 vel

464 4428 629 4502 μέχρι
660 4432 758 4500 τῆς
790 4427 960 4500 ἀκοῆς
991 4427 1308 4500 ἐρχόμενον,
1335 4426 1432 4482 τοῦ
1457 4426 1596 4481 Θεοῦ
1627 4427 1847 4485 πάντως
1870 4426 2050 4492 οὕτως

460 4521 896 4593 οίκονομοῦντος,
951 4519 1142 4592 ὥσπερ
1193 4518 1288 4573 τὸν
1335 4519 1561 4591 σεισμὸν
1619 4520 1906 4591 πρότερον,
1968 4520 2047 4583 είς

461 4613 624 4680 δόξαν
684 4613 784 4683 μὲν
832 4610 943 4665 τῶν
999 4609 1168 4666 αὑτοῦ
1220 4609 1594 4682 θεραπόντων,
1653 4610 1820 4681 φόϐον
1853 4611 1912 4665 δὲ
1954 4611 2051 4665 καὶ

466 4703 831 4775 συναίσθησιν
881 4702 993 4758 τῶν
1037 4702 1242 4774 σφόδρα
1301 4702 1593 4773 τολμηρῶν
1647 4701 2050 4773 καὶυθρασέων,

469 4797 755 4867 μονονουχὶ
829 4796 967 4867 μετὰ
1026 4794 1121 4849 τοῦ
1179 4793 1346 4849 Δαϐὶδ
1407 4793 1713 4865 κηρύττονο,
1762 4795 1827 4847 Οἱ
1873 4810 2054 4865 παρα-

467 4888 961 4969 πικραίνοντεςγμὴ
999 4888 1364 4959 ὑψούσθωσαν
1391 4889 1448 4940 ὲν
1469 4889 1703 4952 ἑαυτοῖς.
1731 4889 1913 4958 Αὐτῆς
1946 4889 2054 4960 γὰρ

467 4981 708 5053 ⁴ἡμέραις,
740 4980 864 5035 καθ’
889 4983 955 5052 ἢν
991 4982 1021 5034 ό
1043 4981 1217 5051 μέγας
1247 4979 1347 5052 τῆς
1382 4978 1712 5052 Ἐκκλησίας
1741 4982 1938 5051 ἀστὴρ,
1967 4975 2057 5035 οἷα

468 5075 608 5146 πρός
645 5075 1025 5145 τιναςδυσμάς
1048 5074 1144 5146 τὴν
1184 5074 1488 5144 ὑπερορίαν
1518 5071 1738 5144 ἐχώρει,
1768 5073 1881 5144 πῦρ
1911 5072 2055 5128 θεῖον

402 5152 407 5155 ’
469 5165 538 5218 ὲκ
567 5164 734 5233 μέσου
761 5164 858 5218 τοῦ
890 5164 1104 5236 θρόνου,
1133 5158 1178 5233 ᾧ
1202 5161 1584 5236 προσεδρεύων
1617 5164 1714 5228 τὰς
1742 5163 1894 5236 ίερὰς
1918 5164 2057 5234 ἐπή-

474 5256 611 5321 γαζε
643 5255 885 5327 διδαχὰς,
911 5257 1003 5310 ὑπ’
1028 5256 1288 5324 οὐδεμιᾶς
1313 5256 1496 5326 χειρὸς
1540 5253 1802 5324 ἀναωὲν,
1825 5255 1914 5309 διὰ
1942 5255 2054 5308 τῶν

482 5346 644 5417 ιερῶν
671 5349 916 5402 ἁλύσεων
948 5349 1208 5419 ἁνείρπεν
1244 5346 1324 5411 είς
1356 5346 1510 5417 ὕψος.
1550 5343 1685 5400 Εἶτα
1732 5347 1831 5416 τὴν
1859 5347 2058 5415 στέγην

476 5436 761 5510 διαφαγὺν,
821 5441 966 5495 κατὰ
1008 5440 1116 5494 τῶν
1161 5439 1349 5495 νώτων
1381 5439 1490 5493 τῶν
1538 5439 1752 5493 σεπτῶν
1793 5437 2059 5510 δωμάτων

477 5531 696 5606 ἐχώρει.
725 5533 1008 5589 Ἐντεῦθεν
1064 5532 1265 5605 ἄνεμος
1316 5532 1417 5604 τὴν
1482 5530 1659 5603 φλόγα
1700 5528 2058 5603 παραλαϐὼν,

553 5714 604 5749 ⁸ο
636 5714 782 5771 Psal.
818 5731 1002 5781 uxvr,
1032 5715 1086 5771 4.
1159 5714 1202 5748 δι
1223 5712 1368 5770 Psal.
1400 5729 1523 5781 i.xv,
1554 5713 1607 5770 7.

2144 4429 2320 4486 solum
2372 4430 2442 4485 ad
2492 4444 2655 4485 aures
2711 4429 3016 4498 perveniat,
3073 4424 3185 4480 Deo
3222 4424 3340 4480 haec
3384 4419 3726 4492 providente,

2146 4521 2287 4578 sicut
2315 4523 2481 4578 etiam
2507 4520 2663 4591 prius
2692 4528 2855 4576 terra:
2892 4527 3123 4579 motum,
3161 4516 3229 4571 ad
3257 4515 3481 4586 gloriam
3511 4511 3730 4582 quidem

2145 4629 2375 4671 suorum
2424 4613 2779 4677 famulorum,
2818 4620 3025 4666 metum
3072 4617 3256 4664 autem
3294 4615 3350 4661 et
3381 4603 3731 4660 conscientiae

2149 4715 2413 4762 terrorem
2440 4719 2650 4768 eorum,
2683 4702 2775 4772 qui
2809 4711 2940 4756 sunt
2967 4700 3203 4755 audaces
3231 4706 3288 4752 et
3311 4694 3606 4776 temerarii,
3637 4693 3731 4762 qui

2149 4797 2314 4852 etiam
2380 4793 2776 4867 prepemodum
2831 4790 3121 4847 emittebat
3171 4803 3359 4845 vocem
3416 4783 3633 4858 Davidis
3663 4783 3731 4848 δ’,

2161 4908 2180 4942 ι
2211 4888 2314 4956 Qui
2353 4887 2705 4953 exacerbant,
2752 4900 2825 4940 ne
2864 4883 3196 4939 extollantur
3241 4880 3295 4934 in
3338 4876 3550 4947 seipsis.
3590 4894 3609 4926 ι
3656 4875 3736 4930 Eo

2153 4980 2300 5035 enim
2332 4980 2444 5042 die,
2465 4995 2575 5049 quo
2600 4993 2795 5050 magna
2832 4976 2921 5030 illa
2953 4975 3107 5030 stella
3156 4969 3434 5028 Ecclesiae.
3464 4966 3633 5025 veluti
3666 4967 3736 5021 ad

2153 5070 2443 5141 quemdam
2487 5083 2743 5124 occasum
2784 5067 2896 5122 ibat
2942 5066 2996 5119 in
3028 5063 3303 5126 exsilium,
3344 5059 3484 5131 ignis
3516 5056 3736 5111 divinus

2156 5176 2225 5216 ex
2272 5160 2361 5214 illa
2415 5159 2569 5223 sede,
2625 5159 2681 5213 in
2729 5175 2836 5229 qua
2866 5157 3114 5213 assidens
3167 5167 3377 5208 sacram
3424 5147 3740 5204 eﬂundebat

2155 5251 2487 5315 doctrinam,
2521 5265 2553 5304 a
2596 5250 2745 5304 nulla
2781 5263 2945 5302 manu
2981 5258 3265 5308 accensus,
3293 5255 3392 5313 per
3434 5252 3620 5294 sacras
3643 5249 3738 5290 ca-

2156 5351 2315 5399 tenas
2337 5343 2512 5413 serpit
2542 5341 2597 5396 in
2621 5341 2815 5396 altum.
2835 5338 3041 5394 Deinde
3062 5351 3187 5391 cum
3210 5340 3422 5388 tectum
3448 5329 3736 5393 exedisset,

2159 5435 2430 5507 processit
2470 5450 2569 5505 per
2608 5446 2878 5489 summam
2929 5426 3275 5500 superﬁciem
3303 5420 3735 5478 venerandarunt

2159 5528 2380 5585 aedium.
2416 5526 2555 5583 llinc
2580 5540 2709 5583 cum
2738 5524 3040 5581 vehemens
3061 5527 3260 5578 ventus
3285 5516 3559 5597 ﬂammam
3591 5511 3734 5566 in‘va-
