4126 6412
508 257 645 327 1181

1764 252 2049 313 MENSIS
2078 216 2532 314 JANUARIUS.

3633 226 3781 314 1138

505 370 689 434 sisset,
714 380 834 423 eam
865 365 918 420 in
948 364 1168 421 domum
1199 369 1421 420 senatus
1454 367 1667 427 evocat,
1690 376 1811 430 quae
1831 360 1939 414 sita
1970 367 2084 412 erat

2190 359 2283 412 ἐπὶ
2329 358 2422 412 τὸν
2449 358 2546 428 τῆς
2600 355 2907 428 συγκλήτου
2934 356 3229 428 γερουσίας
3253 351 3402 411 οῖκον
3428 355 3519 410 διὰ
3556 357 3781 427 μακροῦ

502 460 663 531 longo
710 457 913 513 abhinc
949 456 1143 524 Spatio.
1188 454 1314 508 Erat
1349 464 1532 511 autem
1586 467 1675 507 res
1709 451 1868 507 valde
1905 449 2081 504 admi-

503 551 708 613 rabilis,
731 547 1185 618 quemadmodum
1235 546 1451 605 ﬂamma
1484 556 1743 616 tanquam
1777 545 2078 599 animatum

502 641 807 715 quidpiam,
836 639 921 703 iis,
958 654 1079 707 quae
1106 646 1264 693 erant
1295 638 1642 703 intermedia,
1686 635 1997 707 pepercerit
2025 641 2083 689 et

503 751 567 791 ea
594 731 908 790 transilierit
940 749 954 785 :
999 748 1072 787 ne
1107 741 1291 802 posset
1323 730 1521 799 aliquis
1569 728 1646 793 id,
1691 728 1837 797 quod
1877 727 2079 781 factum

502 828 700 892 fuerat,
741 823 1015 880 ascribere
1066 823 1354 888 vicinitati,
1390 830 1445 875 et
1478 830 1587 877 tam
1637 835 1895 891 magnum
1944 832 2081 887 opus

501 924 556 972 et
582 926 691 972 tam
717 918 1062 982 diuturnum,
1091 915 1314 971 materia
1342 914 1562 983 quidem
1594 911 2076 983 pretiosissimum,

500 1010 910 1081 pulchritudine
932 1018 1113 1065 autem
1135 1007 1618 1078 speciosissimum,
1638 1012 1889 1059 exustqu
1916 1002 2076 1056 trium

502 1103 759 1158 horarum
794 1102 992 1173 spatio,
1012 1103 1290 1156 redactum
1319 1099 1389 1156 sit
1414 1099 1468 1152 in
1502 1097 1749 1154 nihilum.
1769 1095 1860 1150 Sic
1891 1104 2074 1151 autem

502 1193 646 1265 ignis
677 1211 903 1265 serpens
941 1203 995 1248 et
1036 1196 1088 1248 in
1120 1195 1308 1250 orbem
1358 1192 1679 1262 depaScens,
1729 1189 1828 1244 soli
1886 1204 2079 1245 rursus

502 1289 678 1357 parcit
720 1290 1064 1356 domunculae
1094 1290 1146 1343 in
1181 1304 1285 1358 qua
1336 1288 1700 1341 servabantur
1744 1297 1872 1336 vasa
1902 1297 2074 1336 sacra.

502 1376 657 1442 Quod
683 1379 904 1449 quidem
963 1394 1071 1432 non
1114 1379 1321 1446 absque
1376 1375 1471 1429 Dei
1522 1373 1751 1433 numine
1797 1386 1900 1427 nec
1945 1387 2077 1429 casu

502 1468 701 1524 factum
732 1479 816 1527 est
845 1488 858 1523 :
904 1470 999 1524 sed
1039 1483 1106 1523 ne
1154 1465 1504 1538 symphantis
1533 1464 1805 1536 praeberet
1828 1463 2077 1520 occasio-

499 1580 647 1625 nem.
689 1581 756 1623 ex
794 1581 1070 1620 sacrorum
1106 1580 1359 1619 vasorum
1418 1562 1664 1627 interitu,
1706 1566 1900 1615 sancto
1959 1560 2078 1615 viro

499 1657 745 1712 inurendi
794 1658 1142 1712 calumniam.
1180 1656 1323 1722 Quid
1354 1654 1522 1726 ergo?
1554 1668 1681 1710 cum
1726 1653 1856 1707 hinc
1906 1666 2076 1720 opor-

2187 451 2284 505 τοῦ
2318 451 2487 522 μέσου
2515 451 2768 520 κείμενον
2793 451 3128 515 ἐκκαλεῖται,
3160 450 3417 521 καθάπερ
3449 449 3573 504 τινὰ
3594 450 3772 519 ἐμψυ-

2185 560 2280 614 χον
2308 542 2418 597 τῶν
2452 542 2656 612 μεταξῦ
2680 542 3042 614 φεισαμένην,
3067 540 3144 606 ὡς
3169 543 3244 612 μὴ
3267 545 3334 613 τῇ
3364 541 3629 613 ὲγγύτητί
3648 558 3781 595 τινα

2184 635 2329 706 ἔχειν
2353 635 2413 689 τὺ
2442 636 2667 705 γεγονὸς
2690 636 3020 707 ἐπιγράφειν
3040 649 3056 664 ·
3085 637 3181 689 καὶ
3207 634 3379 703 τριῶν
3406 633 3568 703 ὡρῶν
3600 634 3779 704 ἔργον

2181 726 2424 789 τοιοῦτον
2461 727 2603 798 μέγα
2634 728 2729 781 καὶ
2783 727 3154 798 πολυχρόνιον,
3201 726 3302 798 ὕλῃ
3339 725 3440 796 μὲν
3476 725 3781 778 πολυτελέ-

2191 836 2408 883 στατον,
2462 818 2651 872 κάλλει
2682 818 2741 873 δὲ
2794 819 3149 889 ὡραιότατον,
3180 817 3451 872 ὲκκαυθὲν
3480 819 3561 878 είς
3595 816 3775 881 ἅπαν,

2182 913 2322 982 πρὸς
2356 910 2419 965 τὸ
2458 910 2533 982 μὴ
2557 910 2616 965 ὃν
2635 911 2831 983 ᾤχετο.
2863 910 3022 966 Οῦτω
3047 911 3106 965 δὲ
3147 910 3425 982 παραθέον
3441 912 3502 964 τδ
3532 910 3643 975 πῦρ
3670 909 3773 962 καὶ¹

2179 1006 2251 1057 τὰ
2270 1002 2455 1074 κύκλῳ
2488 1003 2898 1075 διανεμόμενον,
2931 1004 3091 1074 μόνου
3130 1001 3224 1056 τοῦ
3251 1001 3781 1070 οῖκίσκου-φείδεται

2182 1098 2363 1162 πάλιν,
2395 1099 2453 1152 ὲν
2478 1090 2522 1162 ᾧ
2554 1096 2665 1150 τῶν
2715 1096 2876 1168 ἱερῶν
2908 1097 3119 1150 σκευῶν
3162 1097 3413 1165 ἐτηρεῖτο
3432 1094 3495 1147 τὸ
3528 1092 3772 1163 πλῆθος,

2180 1191 2242 1243 ού
2277 1191 2370 1247 τὸν
2403 1191 2605 1261 χρυσὸν
2647 1188 3066 1260 εὐλαϐούμενον,
3098 1188 3222 1242 οὐδὲ
3277 1188 3376 1258 τὴν
3414 1188 3580 1256 ἄλλην
3609 1186 3777 1256 ὓλην,

2179 1283 2258 1347 ὥς
2289 1282 2357 1336 ἂν
2383 1282 2528 1337 εἴποι
2571 1298 2675 1345 τις,
2728 1281 2828 1351 τὴν
2860 1281 3072 1351 τιμίαν,
3127 1280 3242 1335 ἀλλ’
3276 1280 3363 1334 ἵνα
3403 1280 3478 1352 μὴ
3512 1283 3625 1344 τοῖς
3671 1297 3780 1332 συ-

2180 1377 2478 1443 κοφάνταις
2521 1373 2710 1443 χώραν
2740 1372 2998 1445 παράσχῃ
3032 1372 3309 1442 διαϐολῆς,
3355 1372 3451 1427 καὶ
3510 1373 3783 1425 ὑπόνοιαν

2182 1463 2524 1533 ὑφαιρέσεως
2540 1464 2606 1534 τῇ
2618 1461 2727 1516 τῶν
2744 1461 3045 1532 κειμηλίων
3063 1462 3312 1532 ἀπωλείᾳ
3333 1461 3411 1531 τῷ
3425 1461 3568 1531 ἁγίῳ
3596 1477 3747 1530 προσ
3760 1489 3786 1500 ο

2178 1556 2435 1627 τρίψωσι.
2478 1555 2542 1608 Τί
2586 1549 2716 1621 οὗνς
2747 1554 2864 1607 δέον
2907 1551 3157 1606 ἐντεῦθεν
3185 1553 3313 1615 τοὺς
3349 1552 3640 1621 πονηροὺς,
3697 1551 3783 1614 ὡς

2179 1647 2336 1703 ἁλιέα
2363 1646 2664 1718 πληγέντα,
2689 1647 2845 1715 φασὶ,
2875 1645 2999 1701 νοῦν
3033 1646 3224 1708 οἴσειν,
3251 1646 3299 1697 οἱ
3333 1645 3389 1697 δὲ
3421 1644 3518 1698 καὶ
3547 1643 3778 1714 πρόφα-

500 1756 641 1835 teret
691 1747 970 1817 improbos
1004 1757 1264 1817 tanquam
1312 1714 1658 1817 percussum,
1687 1753 1745 1799 nt
1782 1744 1957 1809 aiunt,
1990 1743 2076 1813 pi-

2187 1755 2269 1791 σιν
2297 1738 2457 1791 τοῦτο
2476 1737 2837 1807 ποιησάμενοι
2863 1736 2958 1789 τοῦ
2993 1736 3181 1797 κακῶς
3209 1735 3364 1805 δρᾷν,
3392 1733 3622 1794 πολλοὺς
3642 1732 3764 1786 τῶν

499 1847 765 1893 scatorem
796 1854 988 1908 sapere
1018 1856 1032 1892 :
1071 1838 1145 1892 illi
1193 1839 1332 1893 male
1366 1836 1600 1895 faciendi
1632 1837 1763 1891 hinc
1807 1835 2073 1907 majorem

497 1941 778 1986 sumentes
812 1931 1163 1995 occasioncn,
1201 1930 1504 2001 pergebant
1534 1944 1598 1984 ca
1634 1929 1913 1998 persequi,
1950 1943 2073 1997 quae

497 2022 747 2077 solebant
774 2040 790 2081 :
833 2034 889 2078 et
918 2024 1122 2079 multos
1146 2022 1363 2093 quidem
1400 2037 1465 2078 ex
1497 2019 1772 2092 episcopis
1798 2031 1855 2076 et
1890 2035 2075 2075 sacer-

2182 1833 2517 1897 ἐπισκόπων,
2552 1831 2752 1902 μᾶλλον
2771 1829 2864 1883 καὶ
2899 1828 3112 1900 ἱερέων,
3171 1828 3267 1883 καὶ
3316 1826 3426 1881 τῶν
3455 1826 3631 1882 ἄλλων
3659 1826 3780 1880 τῶν

2180 1924 2283 1992 τῆς
2323 1922 2572 1977 Ἰωάννου
2608 1921 2808 1993 μοίρας
2839 1919 3122 1985 ἐκόλαζον,
3148 1920 3253 1972 ὑπὸ
3278 1919 3490 1972 τούτων
3519 1917 3784 1986 λέγοντες

2186 2016 2560 2088 ὑποϐληθῆναι
2592 2015 2652 2069 τὸ
2695 2012 2809 2085 πῦρ
2872 2011 3315 2085 τῷ,πατριάρχῃ
3367 2008 3779 2081 χαριζομένων.

498 2114 740 2177 dotibus,
790 2116 991 2173 multos
1034 2125 1219 2172 autem
1263 2131 1329 2170 ex
1376 2115 1496 2172 aliis
1524 2128 1765 2186 quoque,
1806 2113 1899 2183 qui
1948 2112 2207 2168 favebant
2277 2110 2524 2180 partibus
2587 2108 2837 2174 Joannis,
2904 2108 3260 2163 vehementer
3310 2104 3633 2174 puniebant,
3675 2102 3770 2157 di-

498 2219 692 2266 centes
754 2210 823 2266 ab
857 2211 925 2267 iis
970 2212 1150 2282 ignem
1186 2211 1355 2268 fuisse
1407 2211 1692 2282 injectum,
1740 2210 1871 2293 dum
1912 2208 2116 2263 vellent
2157 2207 2335 2262 facere
2407 2220 2522 2261 rem
2572 2213 2783 2277 gratam
2843 2202 3195 2274 patriarchae.
3251 2200 3359 2257 Sed
3405 2206 3779 2270 persequatur

494 2306 672 2361 oratio
709 2321 796 2366 ea.
828 2322 951 2376 quae
981 2316 1416 2377 consequuntur,
1446 2315 1501 2362 et
1551 2305 1829 2375 quomodo
1886 2318 1947 2359 se
1999 2301 2253 2358 habuerit
2281 2299 2559 2364 exsilium,
2588 2299 2905 2370 singulatim
2928 2298 3190 2354 declaret.

563 2394 651 2449 Ll.
679 2394 768 2450 Sic
789 2412 919 2467 ergo
936 2413 1164 2467 magnus
1183 2400 1346 2455 homo
1366 2399 1457 2454 Dei
1478 2411 1533 2454 et
1553 2395 2075 2459 fortissimusathle-

492 2492 547 2541 ta
574 2486 837 2552 veritatis,
864 2504 895 2542 a
922 2489 1081 2547 saevis
1112 2489 1379 2545 militibus
1398 2489 1705 2545 ducebatur
1723 2489 1777 2543 in
1799 2487 2075 2559 quoddam

491 2577 769 2634 desertum
785 2578 1057 2636 Armeniae
1069 2574 1624 2651 oppidulum'nomine
1641 2581 1917 2638 Cucusum
1937 2581 2072 2651 (45),

493 2672 680 2727 multis
726 2680 957 2727 tumet
1003 2673 1222 2730 assidue
1261 2672 1463 2731 lsauris
1492 2674 1545 2729 id
1589 2674 2072 2745 depopulantibus,

493 2773 550 2818 et
580 2764 926 2820 incursiones
967 2764 1317 2821 facientibus.
1353 2766 1477 2821 Fuit
1516 2775 1698 2822 autem
1735 2766 1840 2821 hoc
1871 2766 2073 2821 fartum

492 2854 764 2917 consulto,
794 2864 854 2909 ut
888 2856 1149 2921 arbitror,
1184 2864 1244 2910 ut
1269 2872 1393 2912 cum
1434 2856 1554 2912 aliis
1586 2857 1766 2921 malis,
1812 2857 2081 2912 inimicis-

2252 2395 2383 2448 ΝΜ.
2404 2393 2564 2449 Οὕτω
2582 2395 2680 2462 μὲν
2709 2392 2801 2446 οῦν
2829 2394 2858 2445 6
2883 2391 3056 2462 μέγας
3085 2390 3178 2445 τοῦ
3200 2389 3338 2442 Θεοῦ
3354 2388 3643 2458 ἄνθρωπος
3676 2385 3780 2442 καὶ

2179 2483 2277 2553 τῆς
2288 2483 2547 2548 ἀληθείας
2568 2484 2880 2553 ἀγωνιστὴς
2896 2482 3128 2552 ἄμαχος,
3147 2480 3252 2534 ὑπὺ
3271 2479 3623 2551 στρατιωτῶν
3641 2479 3785 2550 ἦγε-

2179 2592 2243 2629 το
2271 2577 2350 2639 εἰς
2378 2573 2584 2646 ἔρημόν
2608 2592 2661 2628 τι
2687 2575 2787 2643 τῆς
2821 2572 3112 2644 Ἀρμενίας
3143 2571 3783 2643 πολίχνιον(Κουκουσὸς

2179 2668 2399 2739 ὄνομα),
2422 2667 2639 2721 πολλῶν
2652 2667 2784 2721 αὐτὸ
2801 2667 2925 2720 τότε
2949 2665 3045 2721 καὶ
3059 2666 3295 2737 συνεχῶς
3329 2665 3589 2738 Ἰσαύρων
3605 2682 3785 2719 κατα-

2177 2762 2505 2834 τρεχόντων.
2548 2761 2830 2831 Ἐπίτηδες
2855 2755 3010 2830 οϊμαι
3033 2760 3195 2814 τοῦτο
3209 2759 3523 2830 γενόμενον,
3538 2757 3615 2821 ὡς
3633 2758 3783 2829 μετὰ

2188 2855 2299 2908 τῶν
2333 2854 2512 2909 ἄλλων
2536 2853 2724 2909 κακῶν
2773 2854 2869 2905 καὶ
2910 2851 3098 2922 χερσὶν
3134 2850 3297 2906 αὐτὸν
3341 2853 3464 2913 ταῖς
3494 2850 3782 2920 ἐχθίσταις

494 2944 648 3000 simis
676 2960 893 3016 quoque
922 2961 1112 3001 eorum
1142 2946 1395 3002 manibus
1426 2948 1754 3003 traderetur.
1786 2947 1918 3013 Qua-
1945 2962 2078 3004 vero

2187 2944 2576 3017 παραδοθῆναι.
2613 2945 2682 2997 Ἀ
2706 2943 2772 3015 δὴ
2800 2944 2944 2998 κατὰ
2974 2944 3072 3015 τὴν
3103 2942 3221 2995 ὁδὸν
3245 2942 3477 3013 ὑπέστη.
3503 2943 3597 2995 καὶ
3625 2941 3783 3003 ὅσοις

492 3039 583 3095 ille
609 3039 663 3093 in
692 3039 778 3095 via
814 3055 1007 3110 passus
1029 3040 1121 3105 sit,
1153 3048 1209 3095 et
1239 3055 1366 3094 cum
1390 3055 1551 3109 quam
1578 3039 1764 3095 multis
1789 3039 2077 3094 decertans

491 3131 675 3199 malis,
716 3146 818 3186 nec
848 3131 929 3187 sic
956 3130 1178 3200 quidem
1225 3131 1491 3202 abjecerit
1523 3146 1711 3186 curam
1756 3131 1853 3186 Dei
1890 3131 2081 3186 Eccle-

493 3223 721 3287 siarum,
758 3238 1052 3292 quemnam
1107 3224 1287 3280 alium
1316 3232 1412 3278 aut
1445 3223 1767 3293 jucundius,
1799 3232 1896 3280 aut
1924 3238 2082 3294 aper-

496 3314 623 3377 tius,
639 3323 731 3368 aut
751 3316 931 3371 verius
947 3315 1218 3370 dicentem
1238 3316 1548 3379 audiemus,
1565 3332 1727 3387 quam
1746 3316 1901 3370 illum
1918 3316 1942 3369 ?
1957 3314 2082 3369 llaec

494 3406 666 3472 enim,
698 3406 752 3460 in
787 3422 893 3461 una
919 3405 1171 3477 epistola,
1201 3422 1364 3477 quam
1400 3408 1469 3463 ad
1498 3423 1629 3464 suos
1647 3407 1861 3475 scribit,
1887 3415 2083 3463 tractat

495 3495 680 3568 lingua
710 3497 798 3551 illa
823 3512 1009 3554 aurea.
1037 3499 1094 3554 Si
1118 3498 1264 3554 enim
1295 3514 1572 3555 carcerem
1597 3499 1874 3566 habitatis,
1896 3508 1961 3555 et
1983 3513 2076 3553 ca-

498 3598 623 3643 tena
654 3588 821 3644 vincti
841 3590 992 3657 estis,
1021 3599 1078 3644 et
1103 3606 1225 3645 cum
1255 3589 1514 3660 squalidis
1540 3601 1596 3646 et
1617 3590 1854 3646 sordidis
1883 3590 2080 3647 inclusi

498 3680 653 3742 estis,
684 3691 970 3751 pr0pterea
1002 3683 1148 3752 quod
1191 3699 1301 3739 non
1328 3682 1706 3740 assentiamini
1754 3699 1947 3740 eorum
1976 3684 2084 3740 ini-

497 3772 707 3841 quitati,
746 3774 1016 3829 exsultate
1040 3783 1097 3831 et
1149 3774 1429 3842 laetemini,
1465 3776 1807 3833 coronemini
1847 3785 1903 3833 et
1949 3779 2086 3833 cbo-

498 3879 591 3920 ωε
638 3865 864 3932 ducite,
910 3867 1054 3936 quod
1106 3865 1225 3924 hinc
1289 3867 1403 3923 sint
1475 3868 1634 3924 vobis
1713 3869 1930 3925 occasio
1989 3885 2087 3924 co-

498 3954 776 4023 piosarum
839 3957 1176 4012 mercedum.
1254 3956 1388 4017 Nam
1457 3973 1562 4013 nos
1632 3974 1854 4030 quoque
1932 3961 2088 4017 tabe-

498 4045 624 4101 facti
685 4056 741 4102 et
787 4048 1095 4118 consumpti
1150 4064 1383 4105 sumus:
1427 4060 1633 4107 mortes
1692 4052 1839 4122 passi
1896 4068 2088 4109 sumus

498 4138 929 4193 mnumerabiles.
947 4137 1071 4194 Haec
1083 4148 1265 4195 autem
1284 4150 1515 4210 possunt
1531 4143 1728 4199 melius
1745 4144 2083 4213 renuntiare,

498 4228 595 4298 qui
645 4228 729 4283 vel
791 4229 941 4284 brevi
988 4231 1251 4301 temporis
1296 4242 1577 4288 momento
1621 4232 1907 4295 nobiscum
1956 4244 2087 4291 sunt

2178 3036 2243 3108 δὴ
2273 3038 2370 3091 καὶ
2395 3037 2605 3107 ἡλίκοις
2650 3036 2901 3090 παλαίων
2945 3037 3171 3099 κακοῖς,
3218 3034 3328 3088 οὐδ’
3366 3033 3542 3096 οῦτως
3577 3032 3781 3102 ἡμέλει

2180 3127 2278 3182 τοῦ
2297 3127 2397 3191 τὰς
2439 3127 2771 3196 Ἐκκλησιας
2787 3125 2881 3180 τοῦ
2902 3125 3036 3179 Θεοῦ
3063 3125 3246 3189 καλῶς
3279 3123 3447 3196 ἔχειν,
3481 3124 3628 3187 τίνος
3658 3124 3784 3193 ἑτέ-

2184 3240 2279 3296 ρου
2297 3222 2572 3292 λέγοντος,
2592 3221 2625 3294 ἢ
2644 3220 2874 3286 ἐκείνου,
2899 3220 3073 3293 ἥδιον,
3091 3220 3126 3291 ἢ
3149 3218 3504 3289 σαφέστερον,
3529 3218 3562 3290 ἦ
3583 3216 3783 3288 ἀληοέ.

2184 3333 2276 3370 στε
2286 3333 2398 3385 ρον,
2432 3314 2729 3385 ἀκούοιμεν
2745 3313 2844 3380 iv;
2872 3313 2970 3369 καὶ
2997 3312 3168 3365 ταῦτα
3185 3312 3296 3383 γὰρ
3318 3313 3374 3363 έν
3399 3311 3499 3381 μιᾷ
3515 3308 3625 3363 τῶν
3650 3311 3782 3362 ἐπι-

2186 3408 2390 3463 στολῶν
2413 3408 2446 3476 ἡ
2483 3407 2661 3476 χρυσῆ
2687 3404 2903 3475 γλῶττα
2928 3405 3065 3473 πρὸς
3094 3404 3220 3466 τοὺς
3237 3403 3337 3473 τῆς
3367 3399 3534 3456 αὑτοῦ
3556 3400 3784 3472 μερίδος

2185 3499 2372 3571 φησίν⁹
2400 3500 2463 3552 Et
2492 3499 2602 3570 γὰρ
2617 3499 2710 3551 καὶ.
2736 3497 3113 3569 δεσμωτήριον
3142 3498 3362 3562 οἰκεῖτε,
3395 3496 3490 3550 καὶ
3510 3494 3778 3548 ἁλύσεσιν

2188 3589 2526 3662 περίκεισθε,
2555 3590 2652 3643 καὶ
2673 3590 2812 3658 μετὰ
2844 3588 2954 3643 τῶν
2976 3587 3314 3660 αὑχμώντων
3350 3588 3443 3642 καὶ
3471 3587 3783 3660 ῥυπώντων

2188 3682 2313 3736 ἐστὲ
2339 3681 2861 3754 κατακεκλεισμένοι
2909 3681 3097 3735 ἕνεκεν
3130 3681 3226 3735 τοῦ
3276 3680 3350 3751 μὴ
3383 3678 3675 3734 συνθέσθαι
3706 3682 3777 3749 τῇ

2186 3773 2391 3828 τούτων
2416 3775 2755 3846 παρανομίᾳ,
2780 3773 2897 3828 ἀλλ’
2921 3772 3014 3828 οὖν
3041 3774 3302 3845 σκιρτᾶτε
3350 3773 3447 3826 καὶ
3479 3770 3787 3841 ἀγγαλλιᾶέ

2190 3867 2307 3933 σθε,
2342 3865 2713 3935 στεφανοῦσθε
2742 3867 2839 3921 καὶ
2862 3865 3140 3938 χορεύετε,
3170 3866 3252 3918 ὅτι
3276 3863 3477 3934 πολλῆς
3500 3861 3780 3933 ἐμπορίας

2190 3960 2320 4031 ὑμῖν
2354 3959 2612 4036 ὑπόθεσις
2650 3959 2824 4015 ταῦτα
2846 3975 2860 3990 °
2914 3958 3039 4010 ἐπεὶ
3071 3957 3167 4010 καὶ
3195 3957 3359 4027 ἡμεῖς
3388 3952 3779 4023 ἀνηλώθημεν,

2188 4049 2638 4120 ὲδαπανήθημεν,
2685 4048 2901 4120 μυρίοις
2954 4048 3305 4117 ἀπεθάνομεν
3350 4044 3639 4106 θανάτοις·
3676 4044 3783 4098 καὶ

2189 4142 2361 4196 ταῦτα
2411 4143 2593 4195 ῖσασιν
2633 4139 3025 4211 ἀκριϐέστερον
3061 4138 3384 4208 ἀναγγεῖλαι
3419 4142 3467 4192 οι
3514 4140 3610 4192 καὶ
3640 4137 3783 4208 βρα-

2191 4234 2344 4304 χεῖαν
2371 4233 2545 4302 ῥοπὴν
2567 4232 2699 4302 ἡμῖν
2732 4230 3124 4300 συγγενόμενοι
3150 4244 3164 4261 ο
3201 4228 3341 4299 πρὸς
3371 4226 3465 4291 οὓς
3493 4228 3617 4281 οὐδὲ
3654 4228 3781 4280 δια-

500 4320 699 4376 versati
737 4340 751 4376 :
787 4336 911 4375 cum
938 4320 1138 4392 quibus
1180 4338 1252 4377 ne
1290 4323 1443 4394 potui
1478 4324 1697 4394 quidem
1739 4325 1920 4396 loqui,
1957 4341 2083 4383 cum

2192 4296 2450 4396 λεχθῆναί
2468 4296 2519 4376 τὶ
2536 4296 2823 4393 ἐδυνήθην,
2841 4296 2948 4375 ύπδ
2958 4296 3066 4376 τῶν
3085 4296 3324 4392 συνεχῶν
3343 4320 3595 4393 πυρετῶν
3612 4338 3787 4373 κατα-

500 4425 799 4480 oppressus
828 4426 1007 4467 essem
1040 4412 1276 4468 assiduis
1308 4413 1571 4469 febribus.
1605 4414 1815 4478 Quibus
1844 4432 1967 4473 cum
2005 4417 2085 4472 la-

503 4502 775 4565 borarem,
811 4511 865 4558 et
898 4512 1067 4559 noctu
1115 4513 1170 4559 et
1199 4505 1438 4559 interdiu
1469 4507 1700 4577 cogebar
1725 4507 1830 4562 iter
1851 4507 2084 4579 ingredi,

498 4603 559 4648 .et
592 4603 725 4649 aestu
750 4595 1027 4661 obsessus,
1065 4604 1122 4651 et
1160 4596 1343 4667 vigilia
1374 4598 1649 4667 perditus,
1679 4607 1737 4653 et
1775 4598 2086 4668 privatione

504 4685 961 4751 necessariorum,
992 4696 1050 4742 et
1087 4696 1328 4758 egestate
1367 4702 1589 4750 eorum.
1622 4687 1715 4758 qui
1751 4689 1859 4743 mei
1898 4704 2086 4746 curam

502 4785 774 4847 gererent.
795 4777 867 4831 lis
894 4778 1063 4842 enim,
1085 4779 1178 4849 qui
1205 4779 1446 4850 metalla,
1477 4779 1709 4848 fodiunt,
1747 4791 1804 4836 et
1834 4764 2085 4839 carceres

505 4867 775 4935 habitant,
822 4869 1070 4940 graviora
1124 4870 1269 4941 passi
1320 4887 1511 4927 sumus
1551 4880 1608 4927 et
1651 4874 1910 4943 patimur.
1981 4875 2086 4931 Vix

504 4960 724 5016 tandem
770 4972 953 5017 autem
1010 4962 1235 5033 perveni
1291 4961 1616 5030 Cmsaream,
1674 4973 1931 5035 tanquam
1992 4968 2088 5037 qui

502 5053 775 5107 venissem
838 5069 870 5108 a
936 5061 1259 5125 tempestate
1289 5054 1342 5108 in
1375 5064 1613 5125 portum.
1647 5095 1651 5099 ι
1686 5055 1794 5112 Sed
1839 5074 1943 5114 nec
2004 5061 2091 5115 hic

502 5153 693 5214 portus
729 5145 902 5212 potuit
931 5160 1179 5201 recreare
1224 5145 1363 5200 mala
1428 5144 1713 5212 ﬂuctuum,
1775 5148 1914 5204 adeo
1986 5165 2090 5205 nos

499 5239 731 5292 omnino
760 5239 908 5307 prius
957 5247 1171 5309 tempus
1208 5238 1539 5293 confecerat.
1581 5239 1688 5295 Sed
1741 5250 1929 5296 tamen
1964 5258 2091 5298 cum

502 5332 774 5385 venissem
821 5331 1122 5393 Lbesaream
1152 5370 1166 5393 ,
1216 5345 1327 5384 non
1376 5345 1566 5399 parum
1601 5331 1893 5401 respiravi,
1944 5333 2090 5403 quod

500 5432 700 5486 aquam
773 5419 883 5477 bibi
937 5434 1152 5489 puram,
1227 5418 1373 5488 quod
1445 5435 1641 5489 panem
1691 5421 1902 5492 sumpsi
1978 5438 2089 5477 non

502 5513 770 5580 olentem,
802 5527 904 5567 nec
935 5513 1154 5579 durum,
1180 5511 1325 5582 quod
1351 5525 1463 5565 non
1493 5510 1730 5582 amplius
1763 5511 1839 5568 fui
1870 5514 2091 5571 ablutus

2194 4415 2549 4487 ϐεϐλημένος·
2574 4413 2669 4478 οὓς
2700 4414 2839 4484 έχων
2864 4415 2958 4468 καὶ
2981 4415 3037 4467 έν
3053 4415 3209 4467 νυκτὶ
3235 4413 3334 4469 καὶ
3365 4414 3623 4486 ὲνήμὲρᾳ
3647 4412 3789 4466 ὁδοι-

2198 4509 2383 4578 πορεῖν
2414 4505 2830 4576 ἠναγκαζόμην,
2855 4505 2951 4557 καὶ
2971 4503 3171 4557 θάλπει
3185 4502 3668 4574 πολιορκούμενος,
3685 4504 3788 4555 καὶ

2193 4599 2299 4653 ὑπὸ
2315 4598 2621 4668 ἀγρυπνίας
2635 4596 3210 4668 διαφθειρόμενος,καὶ
3227 4596 3332 4649 ὑπὸ
3348 4596 3451 4665 τῆς
3467 4595 3578 4647 τῶν
3595 4597 3792 4666 ἐπιτη-

2195 4691 2353 4745 δείων
2375 4689 2611 4761 ἐρημίας
2634 4690 3034 4760 ἀπολλύμενος,
3071 4691 3165 4743 καὶ
3197 4690 3297 4759 τῆς
3333 4689 3443 4741 τῶν
3472 4704 3788 4758 προστησο-

2200 4785 2377 4856 μένων
2417 4783 2670 4855 ἀπορίας.
2700 4784 2809 4837 Καὶ
2833 4784 2943 4855 γὰρ
2981 4784 3090 4837 τῶν
3120 4782 3190 4836 τὰ
3217 4780 3458 4856 μέταλλα
3477 4781 3789 4851 ἐργαζομέ-

2197 4893 2327 4943 νων,
2383 4877 2478 4931 καὶ
2506 4876 2576 4931 τὰ
2627 4876 2987 4946 δεσμωτήρια
3036 4876 3364 4939 οἰκούντων,
3418 4873 3787 4944 χαλεπώτερα

2197 4968 2292 5020 καὶ
2323 4967 2678 5038 πεπόνθαμεν
2734 4969 2827 5020 καὶ
2874 4967 3182 5038 πάσχομεν.
3218 4967 3349 5036 Ὀψὲ
3405 4966 3464 5019 δέ
3524 4982 3656 5019 ποτε
3686 4967 3788 5019 καὶ

2201 5059 2356 5130 μόλις
2393 5059 2658 5130 ὲιπὲτυχον
2699 5060 2798 5128 τῆς
2830 5060 3188 5130 Καισαρείας,
3244 5059 3320 5121 ὡς
3350 5059 3458 5112 ἀπὸ
3512 5057 3789 5130 χειμῶνος
3850 5125 3859 5132 .

2195 5152 2276 5214 είς
2305 5150 2503 5219 λιμένα
2544 5150 2748 5205 ὲλθὼν·
2793 5150 2908 5203 ἀλλ’
2951 5150 3073 5204 οὐδὲ
3109 5151 3137 5203 6
3166 5150 3332 5222 λιμὴν
3373 5144 3529 5214 οὗτος
3560 5154 3790 5222 ῖσχυσεν

2197 5242 2610 5312 ἀνακτήσασθαι
2662 5243 2733 5297 τὰ
2784 5243 2891 5297 ἀπὸ
2941 5244 3034 5297 τοῦ
3069 5244 3365 5299 κλυδωνίου
3414 5246 3599 5298 κακά·
3636 5243 3790 5299 οὕτω

2197 5334 2455 5400 καθάπαξ
2510 5336 2660 5406 ἡμᾶς
2712 5337 2740 5389 6
2764 5349 2773 5358 '
2798 5336 3110 5406 ἔμπροσθεν
3133 5336 3324 5407 χρόνος
3357 5338 3786 5406 κατειργάσατο.

2211 5426 2353 5480 Ἀλλ’
2388 5427 2539 5497 ὅμως
2592 5425 2761 5480 ἐλθὼν
2812 5428 2891 5490 είς
2921 5427 3021 5498 τὴν
3054 5427 3418 5496 Καισάρειαν,
3463 5427 3523 5479 ού
3583 5426 3787 5497 μικρὸν

2199 5517 2461 5589 ἀνέψυξα,
2490 5519 2570 5574 ὅτι
2604 5519 2700 5575 καὶ
2742 5518 2931 5583 ῦδατος
2964 5517 3116 5574 ἔπιον
3136 5517 3405 5591 καθαροῦ,
3426 5518 3509 5572 ὅτι
3551 5518 3645 5571 καὶ
3664 5517 3786 5589 ’ἄρα

579 5670 691 5737 (45)
726 5669 1054 5739 Deportatnr
1081 5668 1379 5739 Cucusum,
1424 5685 1514 5724 an.
1567 5669 1703 5736 404,
1750 5680 1808 5724 ut
1858 5680 2010 5726 notat
2060 5670 2257 5729 Baron.
