4126 6410
303 2380 312 2389 ,
390 2310 668 2381 πανταχοῦ
724 2310 831 2380 γῆς
893 2311 1241 2383 λυμαίνεται.

376 250 521 325 Ϊίθθ

1410 264 1581 329 rm
1621 228 1680 331 ὲ.
1719 269 2041 335 JOANNIS
2071 275 2632 345 CHRYSOSTOMI.

3507 282 3646 353 1190
3722 290 3725 293 ’

373 383 472 469 του
516 367 621 469 οὐκ
669 368 949 438 ὀδωδότος.
990 374 1113 431 ούδέ
1155 379 1599 450 κατεσκληκότος
1627 383 1952 452 μετέλαϐον,

2076 389 2376 461 'ragmentis
2422 397 2715 465 doliorum,
2757 400 2855 456 sed
2910 397 3094 455 inveni
3142 397 3401 455 balneum
3456 399 3647 469 quale-

376 459 459 513 δτι
486 458 674 548 οὐκέτι
722 462 781 515 ἐν
831 466 946 529 τοῖς
975 468 1256 539 κλάσμασι
1306 470 1419 526 τῶν
1452 471 1632 527 πίθων
1660 475 1949 548 ἐλουόμην,

378 550 496 604 ἀλλ’
514 546 676 622 εὖρον
701 553 982 623 βαλανεῖον
1014 552 1127 634 οξον
1151 560 1372 631 δήποτε,
1406 563 1489 617 ὅτι
1523 565 1847 637 συγκεχώρη
1862 546 1963 637 μαι

375 641 516 704 τέως
532 645 598 711 τῇ
636 643 790 716 κλίνῃ
827 649 1235 720 προσηλῶσθαι.
1279 653 1437 724 Ἐνῆν
1464 656 1559 710 καὶ
1591 657 1813 713 πλείονα
1837 660 1961 715 τού-

380 749 491 786 των
524 736 721 800 εἰπεῖν,
751 737 863 790 ἀλλ’
888 740 976 793 ἵνα
1004 741 1081 812 μὴ
1113 738 1316 815 σφόδρα
1343 745 1596 819 λυπήσω,
1636 751 1801 822 μέχρι
1836 753 1963 806 τού-

379 842 490 877 των
532 826 722 897 ίστημι
779 829 958 884 ἐκεῖνο
1005 834 1320 905 προστιθείς
1350 853 1367 870 ·
1428 838 1511 893 ὅτι
1570 840 1647 912 μὴ
1709 842 1960 916 παύσητε

382 917 732 1010 όνειδίζοντες
758 925 886 988 τοὺς
938 927 1273 995 ἀγαπῶντας
1318 932 1488 1002 ἡμᾶς.
1520 934 1822 1001 Τοσούτους
1851 939 1961 1010 γὰρ

382 1005 600 1100 ἔχοντες
645 1011 916 1100 ἔρῖῑσττόιος.⁵
936 1016 1031 1067 καὶ
1056 1018 1331 1091 τοσαύτην
1358 1021 1589 1094 δύναμιν
1629 1005 1961 1100 περιϐεϐληξ

388 1098 603 1169 μένους,
638 1099 764 1154 οὐδὲ
816 1103 997 1157 αὐτῶν
1022 1110 1388 1182 τυγχάνομεν,
1413 1106 1489 1168 ὧν
1515 1117 1877 1187 τυγχάνουσιν
1910 1098 1961 1171 οἰ

384 1199 693 1265 κατάδικοι,
748 1201 893 1257 ὥστε
921 1206 1002 1269 είς
1032 1207 1390 1282 ἡμερώτερον
1411 1209 1509 1263 καὶ
1533 1208 1832 1282 ἐγγύτερόν
1858 1225 1960 1262 που

385 1294 856 1365 καταδικασθῆναι
889 1298 1076 1351 τόπον·
1108 1298 1247 1353 ἀλλὰ
1274 1300 1369 1353 καὶ
1399 1298 1496 1354 τοῦ
1553 1301 1805 1371 σώματος
1831 1302 1962 1372 ἡμῖν

391 1386 877 1459 ἀπαγορεύσαντος
912 1431 928 1454 ,
980 1393 1078 1446 καῖ⁵
1117 1392 1215 1446 τοῦ
1302 1393 1471 1462 φόϐου
1518 1393 1625 1446 τῶν
1701 1394 1965 1466 ’ἰσαύρων

388 1479 568 1533 πάντα
630 1480 1071 1552 πολιορκοῦντος,
1135 1481 1237 1552 τῆς
1273 1484 1477 1554 μικρᾶς
1514 1483 1717 1553 ταύτης
1747 1484 1842 1538 καὶ
1869 1485 1963 1538 εύ-

389 1571 575 1634 τελοῦς
629 1560 730 1625 οὐκ
781 1572 1123 1644 ἐπετύχομεν
1143 1575 1385 1645 χάριτος.
1411 1575 1551 1640 Δόξα
1585 1574 1664 1645 τῷ
1717 1574 1837 1648 Θεῷ
1867 1577 1964 1630 καὶ

390 1664 479 1718 διὰ
506 1662 684 1718 τοῦτο·
716 1666 778 1719 οὐ
824 1667 1114 1736 παυόμεθα
1144 1666 1256 1737 γὰρ
1312 1666 1472 1720 αὑτὸν
1494 1668 1586 1720 ἐπὶ
1636 1671 1772 1722 πᾶσι
1805 1668 1964 1736 δοξὰ-

2067 501 2303 556 cunque,
2361 492 2504 560 quod
2563 499 2692 547 tunc
2746 492 2877 547 mihi
2943 506 3265 549 concessum
3335 483 3647 546 fuit'lecto

2065 577 2225 651 alligi.
2278 580 2529 637 Poteram
2580 584 2664 638 his
2697 585 2850 658 plura
2880 585 3063 640 dicere
3098 603 3112 638 :
3165 583 3261 639 sed
3304 600 3375 638 ne
3412 582 3645 638 nimium

2065 672 2166 728 sim
2204 674 2485 738 molestus,
2520 678 2802 750 hucusque
2839 679 2995 745 sisto,
3066 679 3198 735 illud
3236 679 3464 742 addens,
3497 679 3641 748 quod

2064 780 2177 820 non
2223 768 2446 823 cessctis
2475 771 2801 840 exprobrare
2838 772 2921 836 iis,
2965 772 3054 841 qui
3094 788 3195 827 nos
3225 772 3474 843 diligunt.
3506 770 3641 827 Nam

2066 872 2188 914 cum
2222 868 2328 913 tam
2362 862 2561 917 multos
2593 862 2910 930 habeamus,
2936 864 3026 933 qui
3065 879 3168 918 nos
3189 875 3395 929 amant,
3426 874 3479 919 et
3506 880 3643 933 quo-

2066 967 2188 1005 rum
2232 960 2317 1007 est
2357 961 2502 1008 tanta
2538 955 2800 1024 potentia,
2840 971 2909 1009 ne
2947 971 3009 1010 ea
3052 956 3273 1025 quidem
3304 957 3645 1027 assequimur

2068 1058 2190 1112 quae
2214 1044 2585 1110 condemnati,
2620 1054 2677 1101 ut
2713 1047 2768 1100 in
2805 1046 3076 1102 mitiorem
3111 1056 3166 1102 et
3203 1049 3646 1119 propinquiorem

2068 1133 2303 1204 aliquem
2333 1135 2512 1190 locum
2539 1136 2843 1207 relegemur
2872 1154 2886 1191 :
2919 1137 3013 1192 sed
3043 1152 3167 1193 cum
3189 1147 3245 1193 et
3264 1154 3461 1209 corpus
3489 1141 3648 1196 nobis

2071 1227 2142 1283 sit
2172 1227 2444 1283 defessum
2471 1270 2486 1295 ,
2517 1237 2571 1285 et
2600 1238 2777 1285 metus
2813 1230 3125 1287 Isaurorum
3162 1232 3344 1288 omnia
3377 1232 3644 1295 obsideat,

2070 1319 2211 1373 hanc
2244 1336 2462 1390 parvam
2490 1328 2545 1376 et
2573 1322 2735 1377 vilem
2766 1323 2992 1393 gratiam
3028 1339 3136 1377 non
3168 1339 3357 1378 sumus
3386 1325 3643 1379 assecuti.

2071 1408 2184 1464 Deo
2214 1421 2435 1481 propter
2480 1411 2580 1467 hoc
2618 1429 2835 1484 quoque
2878 1414 2949 1469 sit
2986 1415 3176 1485 gloria.
3215 1415 3338 1470 Non
3367 1432 3649 1471 cessamus

2069 1501 2215 1555 enim
2252 1517 2376 1557 eum
2417 1502 2717 1574 gloriﬁcare
2756 1505 2809 1559 in
2851 1506 3125 1560 omnibus.
3169 1505 3253 1560 Sit
3288 1521 3488 1560 nomen
3528 1506 3652 1576 ejus

2069 1591 2418 1649 benedictum
2474 1593 2530 1648 in
2589 1596 2785 1651 saecula
2838 1598 3183 1652 saeculorum.
3239 1597 3442 1668 Aperte
3502 1598 3652 1652 enim

2072 1679 2244 1743 scitis,
2273 1680 2455 1735 omnia
2488 1696 2608 1737 esse
2637 1682 2794 1754 plena
2831 1684 3155 1738 tumultibus
3191 1692 3248 1738 et
3294 1684 3653 1753 perturbatio~

390 1754 592 1821 ζοντες.
666 1757 767 1829 Είη
794 1758 856 1811 τδ
884 1757 1058 1829 δνομα
1109 1757 1273 1812 αὐτοῦ
1327 1758 1697 1830 εὐλογημένον
1726 1762 1808 1824 εἰς
1838 1765 1962 1824 τοὺς

2076 1771 2248 1831 nibus.
2272 1770 2383 1826 Nec
2403 1781 2617 1842 oportet
2634 1774 2809 1828 solum
2831 1790 3020 1846 rogare
3042 1790 3140 1845 pro
3156 1775 3649 1844 Constantinopoli,

388 1850 612 1911 αἰῶνας.
679 1852 823 1904 Ἰστε
876 1850 988 1923 γὰρ
1023 1851 1210 1921 σαφῶς
1249 1852 1324 1917 ῶς
1372 1854 1551 1908 πάντα
1600 1853 1845 1923 θορύϐων
1871 1854 1967 1908 κα)⁸

390 1942 488 1997 καὶ
511 1942 757 2013 ταραχῆς
783 1944 1165 2017 πεπλήρωται,
1203 1946 1294 1997 καὶ
1327 1946 1425 2015 οὐχ
1460 1945 1601 2019 ὑπὲρ
1619 1945 1969 2001 Κωνσταντί-

389 2051 484 2089 νου
536 2034 745 2098 πόλεως
777 2034 882 2107 χρὴ
936 2036 1098 2107 μόνον
1155 2038 1519 2109 παρακαλεῖν,
1554 2038 1672 2092 ἀλλ’
1697 2038 1840 2109 ὑπὲρ
1869 2038 1968 2109 τῆς

389 2127 717 2198 οἰκουμένης
772 2129 1018 2200 ἀπάσης.
1063 2130 1399 2202 Ἐπειδήπερ
1426 2128 1678 2184 ἐντεῦθεν
1724 2131 1972 2204 ἀρξάμε-

388 2237 480 2274 νον
537 2220 598 2275 τὸ
651 2220 848 2287 κακὸν,
901 2221 1156 2294 καθάπερ
1222 2221 1460 2295 εἴρηται,
1486 2221 1585 2288 τὰς
1641 2223 1969 2297 Ἐκκλησίας

1330 2313 1736 2384 Ἐϐδομήκοντα
1785 2315 1969 2370 τοίνυν

390 2403 607 2475 ἡμέρας
634 2404 1013 2468 ἀναλώσαντες
1042 2405 1184 2459 κατά
1213 2404 1313 2478 τὴν
1340 2405 1478 2470 ὁδὸν,
1511 2405 1609 2475 ὀψέ
1641 2423 1769 2460 ποτε
1795 2407 1971 2479 ἀπην-

389 2496 639 2568 τήκαμεν
666 2496 747 2562 εἰς
770 2495 871 2567 τὴν
900 2496 1233 2561 Κουκουσὸν,
1274 2497 1335 2550 τὸ
1362 2498 1546 2568 πάσης
1574 2498 1676 2568 τῆς
1716 2498 1972 2569 οἰκουμέ·

391 2602 489 2659 vn;
511 2588 848 2661 ἐρημότατον
884 2588 1084 2659 χωρίον
1104 2605 1118 2620 ·
1153 2588 1277 2643 ὅθεν
1305 2588 1619 2656 λογίζεσθαι
1648 2594 1716 2661 τῇ
1748 2590 1967 2662 θαυμα-

397 2679 604 2751 σιότητι
660 2680 818 2754 ὑμῶν
858 2680 1090 2748 ἔξεστιν,
1123 2681 1224 2736 ὅσα
1261 2682 1358 2736 καὶ
1396 2681 1562 2754 ἡλίκα
1618 2684 1968 2752 πεπόνθαμεν

398 2770 567 2837 κακὰ,
625 2774 881 2843 πυρετοῖς
929 2774 1225 2845 άφορήτοις
1289 2774 1635 2840 παλαίοντες,
1697 2776 1970 2848 καὶ·φόϐῳ

409 2864 697 2936 Ἰσαυρικῷ
758 2866 1232 2937 πολιορκούμενοι.
1276 2856 1414 2922 Ral.
1469 2867 1641 2924 ταῦτα
1681 2868 1826 2939 λέγω
1870 2870 1972 2924 οὐκ

394 2954 559 3019 ἀξιῶν
585 2956 873 3028 ἐνοχλῆσαί
895 2973 1039 3021 τινα,
1068 2957 1209 3010 ὥστε
1236 2958 1385 3028 ἡμᾶς
1421 2959 1759 3030 μεταστῆσαι
1790 2958 1970 3013 ἐντεῦ-

395 3046 487 3101 θεν
508 3047 590 3119 (τὸ
637 3051 746 3121 γὰρ
775 3049 1162 3120 χαλεπώτατον
1199 3048 1553 3120 διηνύσαμεν,
1577 3051 1676 3121 τῆς
1716 3049 1838 3104 όδοῦ
1867 3042 1987 3122 τὴν’

394 3138 816 3212 ταλαιπωρίαν),
862 3140 979 3195 ἀλλ’
1034 3141 1180 3212 ὑμᾶς
1241 3141 1401 3213 χάριν
1444 3140 1602 3205 αἰτῶ,
1630 3141 1690 3194 τὺ
1735 3140 1972 3211 συνεχῶς

393 3231 530 3303 ἡμῖν
565 3233 819 3302 γράφειν,
851 3233 945 3287 καὶ
976 3233 1115 3304 ὑπὲρ
1141 3232 1250 3286 τῶν
1286 3232 1620 3304 Ἑκκλησιῶν
1644 3231 1971 3303 φροντίζειν.

397 3323 510 3377 Καὶ
539 3323 703 3379 πάλιν
733 3323 790 3376 δέ
849 3323 997 3378 οὕτω
1057 3325 1243 3397 φησίν·
1293 3325 1447 3379 Ἐπεὶ
1489 3325 1581 3379 καὶ
1607 3326 1755 3396 ἡμᾶς
1792 3323 1975 3396 τρίτον

398 3411 518 3477 ho;
546 3416 602 3468 ἐν
631 3414 815 3486 ἐξορίᾳ
874 3415 1252 3486 διατρίϐοντας
1276 3415 1444 3487 λιμῷ,
1473 3415 1670 3487 λοιμῷ,
1693 3415 1973 3486 πολέμοις,

400 3506 745 3577 πολιορκίαις
828 3510 1109 3580 συνεχέσιν
1138 3551 1155 3577 ,
1216 3511 1422 3582 ἐρημίᾳ
1472 3510 1702 3580 ἅφάτῳ,
1763 3507 1977 3578 θανάτῳ

399 3599 779 3671 καθημερινῷ,
831 3602 1133 3673 μαχαίραις
1190 3601 1539 3672 ’ἰσαυρικαίς,
1570 3601 1668 3671 οὐχ
1713 3598 1787 3662 ὡς
1822 3586 1979 3669 ἔτυχε

400 3694 712 3764 παρακαλεῖ
734 3695 829 3747 καὶ
870 3693 1273 3767 παραμυθεῖται
1295 3678 1605 3765 τὸδιαρκές
1626 3694 1721 3747 καὶ
1749 3693 1978 3764 μόνιμον

400 3782 557 3853 ὑμῶν
613 3783 715 3852 τῆς
767 3784 1085 3852 διαθέσεως,
1143 3785 1246 3857 τῆς
1310 3786 1627 3859 παρρησίας
1651 3784 1713 3838 τδ
1737 3785 1974 3846 ἀκλινές·

399 3874 523 3931 ὅθεν
538 3879 585 3931 εἰ
609 3877 706 3931 καὶ
732 3878 825 3932 τοῦ
885 3879 1116 3950 ἐδάφους
1140 3878 1235 3933 καὶ
1264 3876 1373 3933 τῶν
1401 3878 1598 3950 τειχῶν
1642 3877 1745 3948 τῆς
1772 3876 1981 3942 πόλεως

400 3957 803 4038 ἐκϐεϐλήμεθα,
832 3969 932 4040 τῆς
961 3970 1018 4024 δέ
1072 3969 1280 4041 κυρίως
1297 3968 1504 4033 πόλεως
1536 3968 1599 4022 ού
1631 3967 1976 4040 μετῳκίσθη-

404 4073 525 4129 μεν.
544 4060 608 4114 Εἰ
633 4062 740 4132 γὰρ
759 4060 919 4131 ὑμεῖς
940 4062 974 4132 ή
1003 4061 1177 4126 πόλις,
1207 4060 1328 4133 μεθ’
1350 4062 1502 4133 ὑμῶν
1520 4061 1577 4115 δὲ
1598 4063 1762 4133 ἡμεῖς
1778 4060 1867 4117 ἀεὶ
1884 4060 1980 4114 καὶ

401 4150 464 4205 ιν
488 4151 637 4222 ὑμῖν,
660 4145 883 4224 εὔδηλον
905 4154 987 4208 ὅτι
1016 4154 1110 4209 καὶ
1133 4153 1369 4209 ἐνταῦθα
1397 4154 1678 4223 διάγοντες
1694 4154 1793 4227 τὴν
1824 4152 1979 4207 πόλιν

399 4243 660 4315 οἰκοῦμεν
690 4246 926 4317 ἐκείνην.
959 4247 1070 4301 Καὶ
1106 4245 1218 4317 γὰρ
1252 4245 1646 4317 ἐνδιαιτώμεθα
1678 4246 1835 4317 ὑμῶν
1857 4246 1979 4308 ταῖς

2068 1862 2162 1918 sed
2218 1878 2315 1933 pro
2359 1866 2617 1920 universo
2654 1865 2785 1919 orbe
2834 1875 3101 1931 terrarum
3155 1883 3168 1919 :
3208 1866 3650 1937 quandoquidem

2067 1954 2291 2032 malum,
2335 1956 2480 2027 quod
2515 1956 2644 2012 hinc
2675 1957 2860 2027 coepit,
2895 1958 3036 2012 sicut
3077 1956 3280 2012 dictum
3312 1966 3414 2021 est,
3449 1959 3653 2028 ubique

2071 2054 2338 2102 terrarum
2369 2049 2550 2119 perdit
2580 2048 2872 2105 Ecclesias.
2913 2051 3051 2105 Cum
3082 2051 3427 2122 septuaginta
3464 2050 3648 2119 itaque

2068 2138 2184 2194 dies
2225 2141 2754 2210 consumpsissemus
2780 2141 2833 2195 in
2869 2141 3086 2207 itinere,
3119 2140 3208 2196 vix
3242 2142 3460 2194 tandem
3499 2139 3652 2194 veni-

2072 2247 2193 2287 mus
2217 2230 2514 2299 Cucusum,
2550 2234 2715 2290 totius
2754 2234 2904 2288 orbis
2935 2241 3092 2288 terra:
3135 2233 3312 2288 locum
3340 2220 3654 2288 desertissi-

2069 2335 2244 2376 mum.
2296 2319 2661 2387 Quamobrem
2719 2321 2848 2376 licet
2903 2321 3031 2377 hinc
3079 2331 3271 2376 vestrae
3311 2320 3653 2390 amplitudini

2068 2411 2404 2475 ratiocinari,
2447 2426 2609 2483 quam
2657 2411 2826 2466 multa
2856 2412 2996 2466 mala
3032 2411 3175 2482 passi
3211 2410 3406 2472 simus,
3438 2419 3492 2465 et
3529 2424 3654 2475 cum

2072 2501 2319 2558 febribus
2360 2501 2635 2557 luctantes
2673 2502 3129 2565 intolerabilibus,
3177 2510 3233 2557 et
3263 2500 3475 2557 obsessi
3509 2509 3657 2555 metu

2069 2593 2405 2650 Isaurorum.
2437 2594 2636 2650 Ethice
2666 2595 2811 2669 dico,
2839 2610 2949 2650 non
2971 2595 3161 2650 volens
3177 2608 3371 2666 rogare
3396 2592 3655 2662 aliquem,

2072 2694 2135 2741 ut
2185 2701 2287 2742 nos
2341 2686 2472 2743 hinc
2513 2695 2899 2742 transmoveat.
2951 2684 3285 2740 Perfecimus
3327 2684 3472 2738 enim
3515 2672 3657 2753 quod

2072 2786 2191 2832 erat
2218 2778 2617 2849 gravissimum,
2648 2791 2846 2847 nempe
2880 2777 2981 2831 vite
3018 2776 3343 2831 molestiam.
3377 2774 3482 2831 Sed
3517 2776 3660 2831 hanc

2071 2883 2102 2922 a
2137 2868 2292 2924 vobis
2319 2878 2442 2939 peto
2473 2869 2724 2940 gratiam,
2746 2877 2807 2923 ut
2832 2868 3049 2924 assidue
3075 2867 3142 2922 ad
3172 2883 3273 2922 nos
3302 2867 3571 2933 seribatis,
3603 2876 3659 2922 et

2073 2974 2259 3015 curam
2291 2961 2488 3031 geratis
2518 2959 2905 3016 Ecclesiarum.
2933 2958 2998 3014 Et
3021 2973 3209 3014 rursus
3232 2958 3311 3014 sic
3326 2958 3493 3013 dicit:
3525 2955 3658 3011 Nam

2074 3066 2176 3105 nos
2195 3066 2433 3122 quoque,
2458 3052 2548 3121 qui
2581 3052 2802 3106 tertium
2827 3065 3035 3104 annum
3066 3064 3348 3104 versamur
3373 3049 3425 3102 in
3446 3046 3660 3110 exsilio,

2074 3141 2240 3207 fame,
2272 3150 2446 3214 peste,
2479 3142 2653 3210 bellis,
2687 3141 3051 3212 frequentitur
3092 3140 3489 3203 obsidionibus,
3531 3137 3662 3193 soli-

2077 3234 2286 3301 tudine,
2316 3250 2437 3305 quaa
2472 3234 2650 3290 verbis
2678 3235 2938 3305 explicari
2972 3248 3080 3288 non
3110 3241 3308 3303 potest,
3330 3241 3504 3287 morte
3522 3245 3663 3300 quo-

2078 3326 2303 3391 tidiana,
2358 3326 2549 3397 gladiis
2607 3326 2880 3391 lsauricis,
2929 3340 3038 3381 non
3111 3325 3304 3379 leviter
3347 3324 3663 3379 consolatur

2078 3431 2342 3493 perpetua
2373 3428 2553 3477 vestra
2578 3430 2633 3476 et
2662 3421 2870 3477 stabilis
2899 3420 3138 3487 affectio,
3175 3420 3438 3488 ﬁrmaque
3472 3427 3526 3473 et
3559 3419 3664 3472 im-

2081 3521 2228 3568 mota
2273 3512 2489 3567 ﬁducia.
2532 3512 2895 3579 Quamobrem
2926 3512 3137 3568 etiamsi
3179 3527 3210 3566 a
3239 3512 3356 3566 solo
3389 3518 3445 3565 et
3472 3510 3667 3564 ιηωηὶ-

2078 3604 2183 3660 bus
2202 3604 2439 3667 civitatis
2482 3604 2693 3675 expulsi
2723 3618 2933 3667 sumus,
2974 3604 3045 3659 ab
3100 3620 3161 3658 ea
3197 3611 3399 3664 tamen,
3434 3618 3556 3671 quae
3580 3611 3666 3658 est

2077 3696 2298 3766 proprie
2346 3695 2561 3759 civitas,
2610 3711 2718 3750 non
2749 3695 3125 3765 migravimus.
3154 3693 3211 3749 Si
3240 3695 3383 3752 enim
3413 3709 3508 3748 vos
3532 3693 3664 3750 estis

2079 3789 2292 3856 civitas,
2342 3803 2444 3844 nos
2483 3796 2663 3843 autem
2701 3803 2919 3858 semper
2958 3788 3243 3843 vobiscum
3277 3796 3331 3843 et
3362 3787 3416 3840 ln
3456 3787 3610 3841 vobis
3643 3802 3659 3840 :

2078 3882 2286 3938 clarum
2317 3889 2423 3945 est,
2456 3880 2600 3950 quod
2631 3878 2724 3934 hic
2748 3892 2969 3949 quoque
3007 3878 3289 3952 degentes,
3326 3877 3469 3931 illam
3505 3878 3664 3932 habi-

2083 3982 2265 4028 tamus
2306 3972 2607 4027 civitatem.
2641 3972 2703 4025 In
2740 3968 2938 4024 vestris
2964 3969 3111 4024 enim
3155 3969 3403 4038 degimus
3441 3967 3661 4033 animis,

2088 4073 2145 4121 et
2173 4064 2485 4135 ubicunque
2519 4063 2804 4126 fuerimus,
2831 4076 3022 4116 omnes
3044 4076 3163 4122 vos,
3191 4060 3283 4129 qui
3310 4060 3667 4114 vehementes

2086 4157 2220 4212 estis
2244 4155 2415 4211 nostri
2446 4164 2740 4221 amatores,
2772 4154 2827 4207 in
2865 4152 3179 4224 cognitione
3218 4150 3667 4205 circumferentes

2085 4247 2319 4304 abimus.

1119 4294 2366 4410 'i;.;;';.24;.23,1a;2;s,'5.5.5.5313...
2403 4338 2644 4410 ἐραστὰς
2677 4337 2767 4390 ἐπὶ
2797 4336 3007 4390 διανοία
3025 4333 3409 4406 περιφέροντες
3437 4330 3664 4403 ἄπιμεν.

473 4470 636 4542 Δηλοῖ
646 4469 703 4524 δέ
721 4470 862 4542 καὶή
880 4469 1014 4542 πρὸς
1030 4430 1409 4526 Κῶνστάντιον
1426 4468 1576 4540 αὐτῷ
1590 4468 1682 4523 τὸν
1696 4468 1973 4541 πρεσϐύτε

2166 4469 2285 4526 Alia
2320 4442 2489 4543 porro
2514 4470 2580 4526 ad
2611 4469 2985 4542 presbyterum
3014 4465 3429 4521 Constantinum
3457 4465 3525 4519 ab
3550 4464 3675 4535 ipso

405 4582 497 4637 ρον
516 4566 794 4637 γραφεῖσα
812 4562 1095 4634 ἐπιστολὴ,
1114 4562 1206 4616 τὸν
1230 4564 1371 4634 ὑπὲρ
1392 4562 1501 4616 τῶν
1516 4561 1856 4631 Ἐκκλησιῶν
1884 4560 1986 4631 ζῆ-

402 4656 516 4722 λον,
547 4655 719 4719 οὕτως
739 4654 958 4727 ἔχουσα·
989 4655 1069 4726 Τῇ
1107 4654 1342 4725 τετάρτῃ
1371 4652 1465 4708 τοῦ
1500 4652 1753 4722 Πανέμου
1790 4651 1982 4723 μηνὸς,

406 4748 618 4822 μέλλων
636 4747 745 4801 ἀπὸ
760 4749 861 4817 τῆς
877 4747 1115 4811 Νικαίας
1134 4743 1392 4817 ἐξορμᾷν,
1413 4746 1587 4801 ταῦτα
1601 4745 1688 4799 δια
1698 4745 1984 4826 πέμπομαι

403 4842 472 4894 τὰ
506 4840 816 4912 γράμματα
844 4839 981 4912 πρὸς
1000 4838 1100 4910 τὴν
1123 4839 1223 4910 σὴν
1258 4837 1596 4904 θεοσέϐειαν,
1625 4836 1981 4908 παρακαλῶν,

403 4933 543 5005 ὅπερ
555 4934 643 4988 ἀεὶ
660 4932 992 5003 παρακαλῶν
1007 4932 1107 4985 ούκ
1125 4933 1471 5004 ἐπαυσάμην,
1487 4928 1592 4984 κᾶν
1604 4928 1886 5001 χαλεπώτε
1895 4944 1986 4999 ρος

407 5028 506 5083 τοῦ
541 5027 638 5082 νῦν
671 5026 997 5099 κατέχοντος
1039 5028 1268 5098 γένηται
1304 5029 1333 5082 ὁ
1366 5024 1596 5097 χειμὼν,
1630 5025 1733 5080 κᾶν
1763 5025 1986 5097 μείζονα

404 5117 477 5175 τὰ
505 5121 748 5191 κύματα,
782 5120 857 5191 μὴ
888 5118 1186 5174 διαλείπειν
1210 5117 1279 5174 τὰ
1312 5116 1511 5173 σαυτοῦ
1534 5116 1800 5189 πληροῦν,
1822 5115 1892 5170 τὰ
1908 5117 1987 5179 είς

405 5214 506 5284 τὴν
521 5214 832 5282 οἰκονομίαν
860 5207 928 5285 ἦς
957 5212 1016 5277 ἐξ
1040 5214 1213 5283 ἀρχῆς
1242 5211 1386 5283 ἥψω·
1412 5212 1557 5280 λέγω
1579 5212 1642 5280 δὴ
1661 5210 1755 5265 τοῦ
1794 5208 1988 5280 Ἐλλη-

411 5305 604 5373 νισμοῦ
630 5305 729 5376 τὴν
764 5306 1108 5377 καθαίρεσιν,
1169 5304 1279 5357 τῶν
1300 5302 1608 5373 ἐκκλησιῶν
1640 5303 1740 5367 τὰς
1776 5300 1985 5355 οἰκοδο-

417 5396 543 5463 μὰς.
600 5398 707 5450 τῶν
737 5398 924 5469 ψυχῶν
961 5399 1059 5469 τὴν
1089 5399 1426 5469 ἐπιμέλειαν.
1464 5399 1554 5466 Μὴ
1581 5396 1645 5466 δή
1685 5393 1798 5467 [γρ.
1828 5392 1985 5465 μηδὲ]

417 5503 476 5540 σε
517 5486 709 5545 ὕπτιον
766 5493 991 5544 ποιείτω
1048 5491 1155 5545 τῶν
1212 5489 1554 5561 πραγμάτων
1703 5487 1983 5541 δυσκολία.

415 5580 551 5633 Ούόἐ
596 5583 704 5653 γὰρ
760 5584 1104 5655 κυϐερνήτης
1129 5582 1190 5635 τὸ
1221 5582 1457 5650 πέλαγος
1485 5579 1629 5652 ὁρῶν
1659 5579 1986 5650 μαινόμενον

413 5674 512 5728 καὶ
536 5673 954 5747 διανιστάμενον
1009 5675 1382 5747 ἀποστήσεται
1429 5671 1540 5728 τῶν
1595 5671 1832 5727 οἰάκων·
1865 5669 1981 5727 ἀλλ’

2089 4564 2293 4635 scripta
2347 4563 2598 4634 epistola,
2656 4562 3007 4617 manifestum
3060 4559 3181 4629 ejus
3244 4572 3342 4627 pro
3404 4555 3671 4610 Ecclesiis

2086 4654 2221 4711 facit
2277 4656 2559 4721 studium;
2592 4670 2713 4724 quae
2764 4654 2843 4708 sic
2885 4668 2944 4708 se
2992 4651 3201 4706 habet:
3236 4650 3438 4715 Quarto
3464 4647 3668 4701 mensis

2085 4746 2324 4803 Pana-mi
2371 4748 2547 4805 Nicaea
2601 4746 2903 4809 soluturus,
2967 4744 3067 4799 has
3121 4740 3304 4797 scribo
3356 4741 3563 4794 litteras
3599 4736 3669 4791 ad
3777 4741 3786 4749 '

2088 4850 2238 4897 tuam
2272 4843 2565 4913 pietatem,
2605 4839 2900 4895 adhortans
2948 4836 3019 4891 ad
3067 4834 3143 4900 id,
3207 4833 3352 4904 quod
3390 4846 3670 4902 nunquam

2089 4936 2298 4993 cessavi
2330 4944 2384 4990 te
2408 4932 2706 4997 adhortari,
2762 4930 2977 4988 etiamsi
3032 4929 3174 4995 haec,
3214 4943 3335 4998 qua:
3386 4941 3533 4980 nunc
3563 4931 3666 4989 est,

2089 5036 2209 5082 orta
2269 5024 2432 5080 fuerit
2482 5032 2775 5095 tempestas
2834 5020 3069 5093 gravior,
3125 5027 3181 5075 et
3237 5017 3475 5088 majores
3527 5015 3645 5070 exci

2091 5125 2275 5171 tentur
2305 5113 2521 5176 ﬂuctus,
2555 5123 2615 5168 ut
2645 5128 2757 5167 non
2821 5127 3005 5167 cesses
3059 5125 3144 5172 ea,
3202 5124 3324 5179 quae
3389 5117 3480 5163 tua
3514 5113 3672 5169 sunt,

2090 5205 2339 5277 implere,
2381 5205 2448 5258 ad
2495 5220 2557 5260 ea
2606 5202 3077 5266 administranda,
3126 5217 3247 5272 qua
3297 5201 3365 5255 ab
3417 5200 3573 5255 initio
3610 5213 3674 5253 es

2091 5313 2380 5370 aggressus
2406 5297 2475 5352 ad
2503 5295 2915 5358 destruendam,
2937 5296 3178 5365 inquam,
3212 5296 3453 5366 gentium
3482 5307 3673 5362 super-

2093 5392 2393 5451 stitionem,
2442 5389 2806 5444 Ecclesiat‘um
2847 5386 3298 5449 mdiﬁcationem,
3360 5386 3672 5440 animarum

2094 5498 2282 5538 curam
2336 5482 2651 5553 gerendam.
2710 5480 2788 5534 Nc
2827 5490 2878 5554 te
2928 5481 3186 5549 supinum
3239 5479 3432 5531 reddat
3488 5489 3671 5527 rerum

2093 5574 2429 5632 dilﬁcultas:
2485 5588 2666 5643 neque
2698 5572 2847 5627 enim
2893 5573 3228 5642 gubernator
3276 5569 3469 5624 videns
3524 5579 3675 5618 mare

2091 5667 2324 5727 saeviens
2353 5674 2409 5723 et
2436 5664 2722 5739 agitatum,
2761 5663 2983 5721 recedet
3009 5678 3040 5719 a
3070 5662 3245 5720 clavo.
3281 5658 3392 5716 Sed
3423 5670 3529 5713 nec
3559 5667 3680 5711 tne-
