4126 6406
499 237 633 305 1191

1644 232 1647 235 ⁷
1739 208 2018 309 ΜεΝδιε
2055 247 2512 311 JANUARIUS.

3616 241 3759 309 1192
3817 256 3827 264 ‘

494 350 651 407 dicus
672 355 931 419 aegrotum
956 347 1147 404 videns
1165 349 1357 405 morbo
1382 350 1578 418 teneri,
1609 351 1879 422 relinquet
1907 370 2072 410 cura-

2180 354 2299 407 οὐδὲ
2332 352 2519 425 ἰατρὸς
2549 351 2641 407 τὸν
2678 352 2958 425 κάμνοντα
2999 351 3215 424 βλέπων
3242 354 3309 424 τῇ
3343 351 3487 424 νόσῳ
3523 354 3767 424 κρατού-

495 443 738 498 tionem:
776 440 871 495 sed
918 450 1049 495 tunc
1087 440 1464 510 unusquisque
1496 456 1686 497 eorum
1729 452 1846 498 arte
1887 446 2073 499 utetur

494 533 734 588 maxime
760 541 815 586 et
846 531 1010 585 animi
1035 532 1338 586 alacritate.
1374 533 1454 588 Ne
1486 542 1537 588 te
1568 535 1827 603 supinum
1850 535 2070 592 faciant.

496 640 618 694 qua:
656 625 997 694 contingunt.
1042 622 1229 692 Neque
1272 623 1419 678 enim
1449 640 1549 695 pro
1600 625 1779 686 malis.
1813 641 1932 694 quae
1983 625 2073 678 alii

494 718 655 770 nobis
681 717 904 774 faciunt.
939 716 1237 770 reddemus
1266 716 1558 781 rationem,
1593 717 1688 772 sed
1728 717 1893 771 etiam
1929 734 2072 773 mer-

494 808 681 863 cedem
713 807 1068 877 accipiemus.
1100 808 1155 861 Si
1187 816 1367 861 autem
1396 807 1521 877 ipsi,
1554 824 1674 877 qua:
1705 824 1805 863 nos
1836 818 2070 878 oportet,

495 916 603 954 non
633 915 695 953 ex
749 900 911 954 nobis
956 900 1342 966 attulerimus,
1394 900 1487 954 sed
1522 901 1659 971 pigri
1712 909 1765 955 et
1814 901 2072 956 socordes

492 991 783 1052 fuerimus.
821 991 957 1045 nihil
997 1007 1096 1046 nos
1136 991 1202 1046 ad
1239 992 1342 1046 hoc
1369 991 1627 1047 defendet
1655 1007 1836 1046 rerum
1872 991 2073 1045 tumul-

493 1094 602 1140 tus.
642 1083 772 1138 Nam
800 1084 1006 1138 Paulus
1031 1099 1268 1154 quoque,
1302 1099 1422 1138 cum
1452 1083 1724 1138 habitaret
1745 1083 1796 1136 in
1827 1098 2067 1147 carcere,

491 1186 547 1231 et
580 1177 726 1255 ligno
758 1185 903 1230 esset
934 1176 1201 1246 alligatus.
1234 1191 1355 1245 quae
1383 1190 1480 1228 sua
1511 1181 1689 1232 erant.
1722 1174 1952 1229 faciebat
1976 1176 2023 1206 δ’
2054 1191 2068 1205 ·

374 1252 381 1258 ’
491 1278 547 1322 et
569 1252 757 1327 Jonas.
794 1267 886 1338 qui
920 1267 1196 1322 ferebatur
1230 1267 1282 1320 in
1316 1266 1454 1321 mari
1478 1274 1679 1321 'ventre
1708 1266 1872 1336 piscis
1897 1267 1943 1298 ⁸³
1972 1283 1987 1321 :
2015 1274 2073 1322 et

495 1371 604 1414 tres
635 1360 810 1430 pueri,
857 1360 951 1429 qui
1006 1359 1365 1414 versabantur
1411 1358 1464 1412 in
1499 1357 1724 1412 fornace
1756 1358 1845 1418 “z
1892 1375 2075 1430 neque

491 1452 661 1507 ullum
697 1467 886 1507 eorum
926 1451 1173 1505 fecerunt
1215 1450 1507 1520 pigriorem
1540 1449 1597 1503 hi
1626 1449 1761 1505 varii
1797 1466 2069 1507 carceres.

491 1544 617 1599 Haec
650 1559 780 1615 ergo
829 1545 1097 1614 cogitans,
1151 1541 1376 1597 domine
1419 1542 1517 1607 mi,
1563 1552 1617 1598 et
1668 1542 1973 1599 Phoenicia:
2017 1554 2074 1600 et

489 1636 723 1700 Arabiae,
759 1644 815 1690 et
846 1651 1034 1689 earum
1080 1650 1202 1703 qua:
1246 1642 1375 1688 sunt
1422 1633 1479 1687 in
1519 1633 1767 1698 Oriente,
1802 1621 2074 1691 Ecclesia-

489 1744 607 1783 rum
638 1744 706 1782 ne
741 1743 924 1782 cesses
959 1743 1147 1783 curam
1191 1741 1403 1798 gerere,
1443 1725 1627 1782 sciens
1667 1726 1783 1781 fore
1815 1736 1874 1782 ut
1897 1728 2071 1797 majo-

488 1836 602 1873 rem
641 1820 876 1889 accipias
913 1819 1242 1882 mercedem,
1277 1833 1401 1873 cum
1434 1819 1536 1874 etsi
1575 1818 1686 1875 sint
1738 1827 1848 1873 tam
1905 1823 2073 1875 multa

489 1911 792 1974 obstacula,
833 1920 888 1965 tu
925 1926 1046 1981 quae
1081 1921 1169 1965 tua
1206 1918 1355 1975 sunt,
1380 1908 1654 1965 conferas.
1690 1909 1860 1966 Porro
1890 1921 2072 1966 autem

485 2002 595 2056 noli
638 2017 759 2056 esse
788 2002 840 2055 in
876 2002 1166 2057 scribendo
1189 2002 1256 2057 ad
1288 2017 1390 2057 nos
1413 2002 1732 2075 negligens:
1780 2003 1874 2058 sed
1898 2002 2077 2058 scribe

487 2095 553 2149 ad
591 2112 692 2151 nos
732 2096 1198 2167 frequentissime.
1237 2095 1371 2152 Nam
1406 2107 1465 2152 ut
1500 2113 1648 2153 nunc
1695 2098 2073 2170 cognovimus,

490 2203 599 2241 non
651 2188 886 2258 amplius
937 2187 1267 2254 Sebastiani,
1315 2190 1409 2244 sed
1454 2188 1726 2244 Cucusum
1763 2190 1913 2245 abire
1941 2192 2077 2263 jussi

487 2291 677 2332 sumus
710 2295 724 2333 :
761 2294 922 2347 quem
952 2279 1003 2331 in
1036 2278 1214 2333 locum
1244 2280 1349 2334 erit
1377 2280 1469 2336 tibi
1491 2279 1705 2336 facilius
1723 2282 1788 2337 ad
1818 2297 1920 2337 nos
1948 2283 2078 2338 dare

486 2366 714 2422 litteras.
754 2367 945 2424 Scribe
976 2384 1106 2439 ergo
1138 2378 1271 2440 quot
1300 2370 1543 2426 ecclesia:
1568 2371 1671 2427 hoc
1699 2388 1846 2428 anno
1877 2372 2078 2430 fuerint

486 2454 785 2519 mdificatm,
811 2467 866 2512 et
897 2458 1119 2527 quinam
1162 2459 1261 2513 viri
1306 2461 1477 2515 sancti
1515 2461 1799 2533 migrarint
1828 2463 1882 2517 in
1910 2464 2078 2520 Phae-

483 2546 706 2613 niciam,
737 2558 791 2604 ct
829 2566 895 2603 an
933 2552 1104 2620 major
1126 2550 1301 2607 factus
1337 2551 1500 2607 fuerit
1529 2552 1830 2623 profectus.
1859 2555 2073 2611 Etenim

483 2650 608 2693 Cum
627 2655 703 2694 ex
741 2639 920 2695 Nicaea
950 2642 1283 2696 invenissem
1315 2644 1603 2712 quemdam
1638 2646 1965 2701 monachum
1988 2647 2074 2702 in-

483 2728 717 2789 clusum.
747 2734 991 2799 persuasi
1035 2732 1136 2803 ipsi
1170 2742 1229 2788 ut
1257 2735 1469 2789 veniret
1506 2736 1571 2790 ad
1605 2746 1750 2791 tuam
1792 2738 2074 2807 pietatem,

480 2828 539 2876 et
582 2822 761 2878 abiret
794 2823 847 2877 in
896 2824 1251 2881 thniciam.
1295 2825 1377 2881 An
1407 2842 1535 2899 ergo
1578 2830 1892 2894 accesserit,
1941 2831 2077 2887 velis

2185 463 2346 515 μενον
2391 445 2742 517 ἀναχωρήσει
2791 447 2891 517 τῆς
2923 446 3247 517 θεραπείας,
3295 446 3436 501 ἀλλά
3479 448 3606 501 τότε
3661 447 3770 517 μά-

2180 537 2339 592 λιστα
2368 539 2598 602 ἕκαστος
2635 539 2841 593 τούτων
2862 540 2930 609 τῇ
2961 537 3126 609 τέχνῃ
3147 540 3434 608 χρήσεται.
3465 540 3537 592 Σὺ
3559 540 3765 607 τοίνυν,

2179 631 2422 684 δέσποτά
2476 649 2579 702 μου
2625 630 2925 702 τιμιώτατε
2983 619 3521 697 καὶέὐλαϐέστατε,
3586 632 3763 703 πολλῇ

2181 720 2276 773 νῦν
2335 723 2539 792 χρῆσαι
2564 725 2628 791 τῇ
2662 721 2960 793 προθυμίᾳ.
2991 720 3116 791 ’Μὴ
3159 722 3223 792 δὴ
3283 720 3475 775 ὕπτιον
3537 721 3768 777 ποιείτω

2180 827 2239 863 σε
2278 810 2346 865 τὰ
2370 812 2759 882 συμϐαίνοντα.
2783 813 2859 865 Οὐ
2893 812 3004 883 γὰρ
3027 811 3169 882 ὑπὲρ
3194 804 3271 865 ὧν
3302 811 3551 865 ποιοῦσιν
3613 813 3770 882 ἡμᾶς

2177 901 2356 973 ἕτεροι
2384 903 2569 958 κακῶν
2606 904 2765 973 λόγον
2802 903 3066 975 δώσομεν,
3097 903 3235 957 ἀλλά
3261 904 3355 958 καὶ
3390 905 3581 975 μισθὸν
3595 903 3773 973 ληψό-

2182 995 2344 1063 μεθα.
2376 995 2439 1047 Εί
2473 995 2528 1048 δὲ
2558 995 2713 1049 αὐτοὶ
2734 996 2802 1049 τὰ
2826 995 2957 1066 παρ’
2981 994 3189 1048 ἑαυτῶν
3224 994 3300 1071 μὴ
3327 995 3770 1065 εἰσενέγκοιμεν,

2178 1085 2315 1139 ἀλλὰ
2373 1086 2789 1158 ρᾳθυμήσομεν,
2845 1086 2996 1141 οὐδὲν
3017 1088 3097 1151 εἰς
3135 1086 3297 1141 τοῦτο
3329 1087 3489 1158 ἡμῶν
3526 1089 3776 1159 προστή-

2181 1193 2337 1230 σεται
2369 1177 2397 1230 ὁ
2420 1178 2529 1231 τῶν
2593 1180 2942 1250 πραγμάτων
2991 1179 3242 1249 θόρυϐος⁶
3279 1181 3405 1234 ἐπεὶ
3432 1180 3527 1233 καὶ
3551 1179 3773 1244 Παῦλος

2178 1266 2551 1339 δεσμωτήριον
2578 1270 2767 1334 οἰκῶν,
2809 1270 3006 1341 καὶτῷ
3038 1270 3182 1338 ξύλῳ
3214 1271 3664 1343 προσδεδεμένος,
3697 1271 3772 1327 τὰ

2181 1358 2347 1412 αὐτοῦ
2378 1361 2572 1414 ἐποίει.
2600 1363 2709 1415 Καὶ
2738 1362 2924 1426 Ἰωνᾶς
2949 1366 3006 1415 ὲν
3036 1365 3100 1434 τῇ
3128 1362 3330 1433 γαστρὶ
3353 1362 3445 1414 τοῦ
3469 1361 3769 1414 θαλαττίου

2182 1451 2374 1521 θηρίου
2436 1452 2760 1525 φερόμενος,
2809 1453 2906 1506 καὶ
2947 1454 2996 1507 oi
3034 1456 3183 1522 τρεῖς
3241 1453 3430 1517 παῖδες
3479 1454 3531 1507 οἱ
3592 1456 3649 1506 ὲν
3697 1456 3770 1524 τῇ

2180 1541 2398 1613 καμίνῳ
2427 1542 2796 1613 διατρίϐοντες
2816 1559 2831 1574 ·
2856 1543 2952 1596 καὶ
2996 1542 3188 1597 οὐδένα
3218 1541 3423 1596 τούτων
3449 1543 3520 1595 τά
3540 1543 3771 1596 ποικίλα

2179 1630 2536 1705 δεσμωτήρια
2588 1633 2765 1686 ταῦτα
2816 1632 3192 1706 ῥᾳθυμότερον
3248 1633 3543 1704 πεποίηκε.
3577 1632 3775 1687 Ταῦτα

2179 1718 2273 1775 οὖν
2329 1723 2549 1789 ἐννοῶν,
2584 1722 2824 1776 δέσποτα
2879 1739 3006 1793 μου,
3044 1724 3140 1776 καὶ
3175 1723 3431 1793 Φοινίκης
3464 1723 3559 1775 καὶ
3603 1724 3746 1792 Ἄρα

2179 1814 2301 1879 ϐίας
2330 1815 2424 1867 καὶ
2453 1814 2561 1867 τῶν
2585 1813 2724 1868 κατά
2746 1815 2846 1885 τὴν
2882 1815 3197 1884 Ἀνατολὴν,
3222 1816 3297 1885 μὴ
3324 1814 3510 1886 παύσῃ
3542 1813 3770 1883 φροντίο

2178 1906 2287 1970 ζων
2324 1905 2686 1978 Ἐκκλησιῶν,
2710 1906 2865 1971 εἰδὼς
2885 1907 2966 1959 ὅτι
2993 1905 3388 1976 πλείοναξλήψῃ
3423 1905 3514 1958 τὸν
3547 1905 3771 1975 μισθὸν,

2176 1998 2286 2067 ὅσῳ
2306 1996 2402 2051 καὶ
2444 1997 2717 2050 τοσούτων
2763 1996 2934 2051 ὄντων
2964 1996 3073 2050 τῶν
3114 1995 3478 2067 κωλυμάτων,
3514 1996 3585 2048 τὰ
3613 1998 3773 2066 παρὰ

2180 2088 2379 2159 σαυτοῦ
2426 2090 2726 2160 εἰσφέρεις.
2749 2090 2858 2143 Καὶ
2891 2090 3127 2161 γράφειν
3154 2088 3209 2142 δὲ
3235 2090 3367 2157 ἡμῖν
3417 2088 3656 2159 συνεχῶς
3688 2088 3774 2161 μὴ

2179 2179 2453 2244 κατόκνει,
2492 2181 2631 2235 ἀλλά
2686 2181 2784 2235 καὶ
2829 2180 3165 2235 πυκνότατα.
3205 2177 3300 2242 Ὠς
3354 2180 3465 2249 γὰρ
3520 2179 3774 2249 ἔγνωμεν

2178 2270 2295 2337 νῦν,
2348 2272 2535 2326 οὐκέτι
2561 2274 2642 2338 εἰς
2674 2272 3028 2334 Σεϐάστειαν,
3053 2270 3191 2325 ἀλλά
3216 2271 3297 2335 εἰς
3317 2271 3415 2342 τὴν
3450 2272 3770 2324 Κουκουσδν

2180 2362 2582 2435 ὲκελεύσθημεν
2637 2362 2918 2431 ἀπελθεῖν,
2968 2363 3102 2416 ὅπου
3136 2378 3218 2415 σοι
3245 2361 3341 2416 καὶ
3394 2361 3772 2430 εὐκολώτερον

2181 2452 2517 2507 ἐπιστέλλειν
2563 2454 2716 2524 ἡμῖν.
2753 2453 2936 2525 Γράφε
2966 2454 3148 2506 τοίνυν
3196 2455 3353 2524 ἡμῖν,
3388 2452 3553 2505 πόσαι
3579 2469 3641 2505 τε
3673 2455 3745 2506 ὲκ
3766 2480 3777 2492 -

2182 2543 2403 2616 κλησίαι
2451 2544 2537 2598 ἐπ’
2587 2543 2705 2607 ἔτος
2735 2544 3191 2617 ᾠκοδομήθησαν,
3234 2545 3331 2598 καὶ
3381 2547 3528 2609 τίνες
3573 2544 3774 2616 ἄνδρες

2182 2637 2330 2705 ἅγιοι
2363 2632 2706 2708 μετέστησαν
2728 2638 2808 2700 είς
2837 2636 2936 2706 τὴν
2959 2636 3241 2707 Φοινίκην,
3268 2637 3362 2689 καὶ
3380 2635 3435 2689 εἴ
3457 2654 3542 2699 τις
3564 2636 3775 2690 πλείων

2181 2728 2375 2798 γέγονε
2443 2728 2718 2800 προκοπή.
2744 2730 2856 2782 Καὶ
2896 2728 3004 2799 γὰρ
3034 2728 3144 2782 ἀπὸ
3170 2728 3406 2791 Νικαίας
3444 2726 3621 2799 εὐρών
3642 2745 3772 2781 τινα

2186 2821 2492 2892 μονάζοντα
2553 2820 3033 2891 ἐγκεκλεισμένον,
3110 2819 3308 2873 ἔπεισα
3370 2818 3537 2873 αὐτὸν
3586 2819 3776 2874 ἐλθεῖν

481 2914 615 2969 mihi
645 2916 972 2988 significare.
1001 2918 1075 2973 De
1104 2918 1275 2973 fundo
1303 2917 1535 2976 Salamis
1559 2960 1574 2984 ,
1607 2921 1700 2992 qui
1731 2922 1869 2977 situs
1902 2931 1989 2978 est
2021 2922 2073 2977 in

2184 2915 2320 2985 πρὸς
2359 2914 2460 2985 τὴν
2501 2915 2603 2985 σὴν
2634 2913 2946 2979 εὐλάϐειαν,
2976 2912 3071 2967 καὶ
3098 2912 3357 2967 ἀπελθεῖν
3401 2914 3481 2976 είς
3513 2911 3612 2983 τὴν
3641 2912 3776 2965 Φοι-

479 3005 681 3078 Cypro,
718 3009 809 3079 qui
845 3010 1201 3065 obsidebatur
1241 3012 1309 3067 ab
1353 3013 1545 3070 hmresi
1577 3013 2073 3083 Marcionistarum,

2182 3007 2359 3078 νίκην.
2397 3007 2459 3060 Εἰ
2484 3007 2859 3078 παραγέγονεν
2889 3003 3005 3068 οὖν,
3036 3005 3275 3076 δηλῶσαί
3313 3021 3405 3076 μοι
3464 3003 3780 3059 σπούδασον

480 3113 847 3154 conveneram
876 3118 1012 3171 quos
1051 3106 1358 3173 oportebat,
1393 3115 1448 3161 et
1477 3106 1795 3161 universum
1818 3108 2073 3163 effectum

2180 3097 2271 3151 τοῦ
2325 3098 2598 3169 Σαλάμιος
2641 3098 2757 3172 [γρ.
2803 3097 3135 3170 Σαλαμῖνος]
3171 3097 3358 3152 ἕνεκεν
3410 3097 3634 3168 χωρίου,
3671 3097 3774 3149 τοῦ
3809 3148 3819 3155 ,

478 3192 821 3247 ΓειΜίιΙΘΓιιῐῐι
850 3210 862 3245 :
896 3195 991 3249 sed
1023 3194 1097 3249 fui
1127 3196 1280 3265 prius
1302 3197 1583 3265 expulsus.
1609 3197 1665 3263 Si
1693 3214 1821 3278 ergo
1851 3200 2073 3255 sciveris

2180 3190 2323 3243 κατά
2349 3190 2447 3259 τὴν
2484 3189 2709 3260 Κύπρον
2729 3189 2841 3263 [γρ.
2876 3188 3076 3262 Τύρον]
3101 3190 3379 3259 κειμένου,
3406 3189 3502 3243 τοῦ
3532 3189 3638 3242 ὑπὸ
3666 3188 3775 3259 τῆς

477 3280 760 3340 dmninum
853 3301 1034 3339 meum
1108 3285 1422 3352 Quiriacum
1499 3289 1817 3359 episcopum
1911 3306 2073 3361 agere

2180 3283 2443 3353 αἱρέσεως
2477 3283 2585 3337 τῶν
2630 3283 3068 3353 Μαρκιωνιστῶν
3102 3282 3586 3355 πολιορκουμένου,
3618 3282 3775 3352 ἢμην

482 3374 982 3446 Constantinopoli,
1018 3377 1085 3432 de
1120 3379 1222 3432 hac
1247 3394 1306 3433 re
1334 3379 1402 3434 ad
1433 3395 1557 3434 eum
1590 3381 1769 3435 scribe
1797 3400 1809 3435 :
1835 3391 1890 3437 et
1926 3393 2079 3453 pote-

480 3464 555 3519 rit
583 3467 900 3521 universum
934 3468 1168 3524 efﬁcere.
1200 3472 1421 3535 Omnes,
1461 3480 1516 3526 et
1545 3488 1639 3528 eos
1678 3473 1935 3538 maxime,
1981 3464 2077 3545 qui

482 3553 687 3611 habent
715 3557 783 3611 ad
801 3558 969 3612 Deum
1005 3559 1277 3626 fiduciam,
1311 3578 1437 3633 roga
1468 3572 1528 3617 ut
1553 3563 1739 3618 multis
1761 3574 1816 3617 et
1843 3564 2076 3620 inteusis

479 3648 817 3704 contendant
889 3651 1168 3721 precibus,
1230 3661 1291 3706 ut
1339 3662 1518 3709 cesset
1574 3654 1681 3709 hoc
1729 3654 2074 3727 naufragium

478 3740 629 3794 orbis
676 3750 856 3796 terras.
899 3740 1036 3797 Mala
1076 3743 1221 3798 enim
1266 3745 1626 3802 intolerabilia
1675 3756 1731 3802 et
1777 3748 1959 3802 Asiam
1999 3748 2079 3802 in-

475 3840 759 3896 vaserunt,
775 3833 1015 3904 aliasque
1031 3834 1279 3892 civitates
1304 3844 1360 3891 et
1381 3838 1641 3894 ecclesias
1662 3856 1677 3899 :
1710 3855 1834 3909 quae
1854 3840 2075 3911 quidem

475 3937 547 3976 ne
578 3923 766 3978 videar
785 3940 905 3980 esse
923 3927 1206 3993 molestus,
1229 3929 1452 3985 mittens
1472 3931 1683 4003 singula
1712 3932 1914 3998 dicere,
1939 3932 2074 3988 illud

482 4014 658 4068 solum
692 4015 893 4082 dicam,
919 4018 1103 4072 multis
1127 4035 1266 4090 opus
1292 4036 1413 4076 esse
1452 4030 1507 4076 et
1533 4023 1768 4079 intensis
1795 4024 2071 4094 precibus.

478 4102 585 4159 Sed
616 4107 759 4161 enim
794 4110 1174 4165 revertendum
1214 4123 1320 4178 est,
1368 4115 1513 4170 unde
1539 4116 1914 4174 discessimus.

2182 3373 2551 3444 διειλεγμένος
2608 3368 2688 3437 οἷς
2721 3374 2911 3446 ἐχρῆν,
2950 3376 3045 3426 καὶ
3100 3374 3485 3447 κατωρθωκὼς
3520 3376 3581 3428 τὸ
3625 3376 3763 3440 πᾶν,

2184 3463 2299 3518 ἀλλ’
2344 3464 2515 3534 ἔφθην
2554 3464 2864 3534 ἐκϐληθείς.
2909 3465 2970 3518 Et
2998 3467 3181 3519 τοίνυν
3214 3466 3406 3537 μάθοις
3441 3467 3536 3520 τὸν
3571 3466 3772 3534 κύριόν

2188 3574 2290 3627 μου
2340 3557 2623 3626 κυριακὸν
2661 3558 2752 3610 τὸν
2782 3558 3080 3611 ἐπίσκοπον
3108 3558 3202 3611 ἐπὶ
3225 3558 3325 3627 τῆς
3352 3557 3772 3611 Κωνσταντίνου

2185 3649 2393 3711 πόλεως
2419 3648 2740 3719 διατρίϐειν,
2796 3649 3099 3704 ὲπίστειλον
3127 3650 3277 3722 αὐτῷ
3321 3650 3527 3723 ταύτης
3574 3650 3770 3704 ἕνεκεν

2182 3723 2281 3808 τῆς
2299 3739 2628 3805 ὑποθέσεως,
2652 3743 2747 3796 καὶ
2770 3741 2832 3795 τὸ
2884 3744 2991 3796 πᾶν
3013 3743 3197 3797 ἀνύειν
3262 3742 3571 3812 δυνήσεται.
3626 3741 3775 3795 Πάν-

2182 3849 2313 3899 τας,
2354 3834 2449 3886 καὶ
2502 3833 2738 3905 μάλιστα
2802 3836 2929 3898 τούς
2979 3833 3297 3907 παρρησίαν
3352 3833 3576 3903 ἔχοντας
3624 3831 3772 3902 πρὸς

2186 3925 2343 3995 Θεὸν,
2376 3928 2684 3999 παρακάλει
2732 3927 2900 3999 πολλῇ
2942 3928 3242 3999 κεχρῆσθαι
3290 3929 3355 4000 τῇ
3391 3928 3553 3997 εὐχῇ,
3593 3924 3771 3995 πολλῇ

2179 4021 2245 4091 τῇ
2286 4020 2555 4091 ἐκτενείᾳ,
2609 4018 2751 4074 ὥστε
2789 4019 2851 4073 τὸ
2887 4020 2985 4090 τῆς
3038 4020 3364 4090 οἰκουμένης
3406 4018 3565 4072 τοῦτο
3592 4015 3774 4070 ναυά-

2180 4132 2299 4185 γιον
2328 4115 2665 4170 παύσασθαι.
2704 4115 2981 4186 ’Δφὸρητα
3008 4115 3116 4184 γὰρ
3148 4115 3243 4168 καὶ⁸
3257 4115 3359 4185 τὴν
3395 4114 3581 4166 Ἀσίαν
3600 4110 3775 4164 κατέ-

477 4184 613 4249 λαϐε
656 4200 818 4264 κακά,
861 4201 956 4253 καὶ
997 4201 1190 4271 ἑτέρας
1240 4205 1298 4257 δὲ
1333 4205 1516 4271 πόλεις
1570 4207 1668 4261 καὶ
1715 4208 2033 4280 ἐκκλησίας.
2090 4184 2269 4279 Ἀπερ
2299 4208 2387 4271 ἵνα
2426 4207 2502 4279 μὴ
2564 4207 2704 4261 δοκῶ
2755 4184 3067 4277 διενογλεῖν,
3128 4184 3321 4276 ἀφιεὶς
3347 4205 3409 4259 τὸ
3451 4204 3575 4259 καθ’
3630 4204 3775 4256 ἕκα-

480 4308 605 4347 στον
637 4293 837 4363 λέγειν,
884 4298 1059 4351 ἐκεῖνο
1102 4299 1262 4370 μόνον
1323 4300 1457 4371 ἐρῶ,
1509 4302 1592 4355 δτι
1645 4303 1823 4375 εὐχῶν
1872 4304 2083 4358 πολλῶν
2147 4305 2429 4377 χρεία,καὶ
2474 4304 2714 4375 δεήσεων
2773 4303 3029 4357 ὲκτενῶν.
3099 4301 3262 4355 Ἀλλά
3315 4301 3430 4373 γὰρ,
3479 4298 3774 4354 ἐπανιτέον

479 4385 603 4439 ὅθεν
643 4387 933 4458 ἐξέϐημεν.

551 4505 660 4561 LII.
686 4504 863 4575 Atque
883 4505 962 4559 sic
980 4504 1221 4575 quidem.
1247 4519 1393 4569 cum,
1415 4512 1475 4559 ut
1500 4503 1758 4571 diximus,
1778 4505 2073 4561 duceretur

2249 4507 2378 4563 NB'.
2409 4508 2568 4562 Οὐτω
2598 4508 2699 4579 μὲν
2764 4502 2879 4573 οὖν,
2911 4507 2987 4570 ὠς
3025 4506 3259 4577 ἔφημεν.
3285 4508 3365 4570 είς
3395 4510 3456 4559 τὸ
3509 4506 3608 4573 τῆς
3638 4506 3773 4577 ἔρη-

476 4595 775 4656 Cucusum,
799 4594 942 4664 quod
975 4603 1061 4649 est
1090 4593 1408 4663 oppidulum
1437 4593 1747 4649 soiitudinis
1766 4635 1781 4660 ,
1810 4609 1936 4649 eum
1971 4611 2070 4649 ex-

476 4687 613 4758 cipit
639 4687 961 4757 Adelphius,
982 4687 1211 4756 quierat
1236 4685 1525 4756 episeOpus
1552 4686 1775 4742 Anabisi
1808 4686 1943 4755 (16),
1960 4701 2073 4741 non

476 4795 629 4845 casu,
660 4780 755 4835 sed
782 4779 966 4834 divina
997 4780 1229 4849 quadam
1255 4778 1465 4834 visione
1492 4780 1681 4849 jussus
1718 4795 1843 4835 eum
1866 4779 2079 4850 excipe-

477 4887 556 4927 re.
605 4872 712 4927 Sed
743 4888 845 4927 nec
874 4872 980 4927 hoc
1017 4881 1135 4927 erat
1165 4879 1321 4927 extra
1362 4864 1599 4926 divinam
1634 4872 2034 4942 providentiam
2059 4911 2075 4934 ,

474 4965 617 5035 quod
637 4981 866 5036 magnus
895 4965 985 5020 ille
1002 4963 1315 5019 exsilioillic
1339 4973 1481 5019 esset
1502 4966 1918 5020 condemnatus.
1944 4964 2078 5019 Nam

474 5073 599 5113 cum
633 5067 757 5128 post
786 5058 899 5125 illa,
933 5074 998 5113 ex
1020 5058 1356 5121 hominibus,
1389 5059 1480 5127 qui
1512 5058 1791 5128 impietate
1820 5068 1876 5114 et
1911 5061 2070 5127 igno-

474 5153 648 5207 rantia
675 5155 902 5207 omnino
932 5153 1268 5217 laborabant,
1290 5153 1580 5207 simulacra
1611 5162 1790 5207 autem
1820 5163 1876 5207 et
1905 5153 2067 5207 arbo-

477 5257 566 5296 res
591 5251 646 5295 et
676 5258 900 5296 nemora
931 5258 1027 5313 per
1050 5258 1318 5297 summam
1347 5242 1600 5297 colebant
1630 5242 1900 5297 inscitiam
1926 5259 1940 5313 ;
1973 5243 2068 5312 qui

474 5341 661 5387 autem
697 5332 860 5402 paulo
892 5334 1016 5403 plus
1041 5334 1347 5404 sapiebant,
1380 5333 1459 5387 sol
1493 5334 1562 5389 ab
1591 5334 1670 5390 eis
1696 5334 2064 5390 adorabatur:

2178 4604 2306 4676 μίας
2335 4602 2608 4674 πολίχνιον
2641 4601 2740 4674 τὴν
2776 4601 3085 4657 Κουκουσδν
3118 4602 3410 4670 ἀγόμενον,
3454 4598 3774 4669 ’Δδελφειδς

2175 4692 2340 4745 αὐτὸν
2372 4691 2715 4762 ὑποδέχεται,
2740 4691 2799 4754 ὃς
2831 4691 3130 4754 ἐπίσκοπος
3166 4689 3494 4760 ’Λραϐισσοῦ
3528 4685 3617 4762 ἦν,
3653 4690 3764 4744 οὐκ

2177 4782 2330 4836 ἀθεεὶ
2359 4783 2602 4847 πάντως,
2633 4783 2748 4837 ἀλλ’
2772 4783 2895 4852 ὄψει
2935 4784 3043 4836 τινὶ⁵
3077 4784 3331 4854 θειοτέρα
3355 4782 3454 4852 τὴν
3488 4782 3768 4853 ὑποδοχὴν

2180 4872 2515 4938 κελευσθείς.
2552 4876 2628 4928 Οὐ
2656 4875 2768 4945 μὴν
2808 4874 2924 4929 ἀλλ’
2960 4874 3083 4927 οὐδὲ
3113 4873 3271 4927 τοῦτο
3295 4875 3393 4943 τῆς
3422 4872 3572 4936 θείας
3603 4872 3772 4938 ἐκτὸς

2180 4962 2249 5037 ἦν
2276 4967 2555 5037 προνοίας,
2590 4966 2650 5019 τὸ
2675 4966 2768 5021 τὸν
2784 4967 2957 5037 μέγαν
2985 4967 3103 5019 ἐκεῖ
3126 4969 3224 5035 τὴν
3254 4965 3553 5036 ὑπερορίαν
3588 4980 3769 5017 κατα·

2180 5056 2457 5127 κριθῆναι.
2485 5055 2639 5108 Μετά
2693 5056 2803 5125 γὰρ
2830 5057 3014 5109 ἐκεῖνα
3048 5054 3392 5120 δυσσεϐείας,
3421 5054 3517 5107 καὶ
3546 5053 3769 5122 ἀνθρὼ-

2180 5163 2297 5200 πων
2342 5148 2480 5211 ὄλως
2521 5148 2595 5218 μὴ
2631 5148 2850 5200 εἰδότων
2877 5147 2969 5199 τὸν
2997 5147 3223 5217 Κύριον,
3255 5147 3369 5201 ἀλλ’
3396 5145 3621 5209 εἴδωλα,
3662 5144 3766 5197 καὶ

2177 5237 2391 5308 δένδρα,
2425 5240 2521 5291 καὶ
2592 5238 2728 5307 ἄλση
2791 5236 2917 5307 (φεῦ
2979 5237 3081 5306 τῆς
3120 5238 3305 5302 ἀνοίας
3333 5238 3372 5307 ι)
3436 5236 3769 5308 προσκυνεῖν

2177 5328 2467 5400 ἑλομένων.
2498 5329 2669 5383 ’Ὅσοι
2703 5328 2759 5382 δὲ
2792 5327 2966 5400 βραχύ
2997 5345 3051 5382 τι
3086 5328 3182 5383 τοῦ
3226 5332 3447 5402 φρονεῖν
3483 5330 3768 5401 μετεῖχον,

547 5490 594 5523 δ’
624 5491 743 5545 Act.
788 5507 899 5556 xvi,
935 5492 1025 5546 Ξῖ.
1104 5491 1150 5524 ⁸³
1172 5489 1298 5547 Jon.
1339 5509 1400 5558 tt,
1434 5495 1488 5550 1.
1522 5511 1676 5566 seqq.
1754 5496 1800 5529 “
1830 5496 1967 5550 Dan.
2001 5510 2059 5562 ll,
2094 5496 2115 5549 ί
2150 5509 2306 5566 seqq,

551 5628 665 5699 (ιϐ)
696 5629 1022 5703 Adelphium
1061 5633 1111 5688 id
1146 5635 1407 5703 temporis
1439 5650 1548 5689 non
1593 5635 1765 5690 fuisse
1795 5636 2066 5692 Anabise-

483 5712 639 5763 num,
674 5700 791 5755 sive
824 5700 1176 5760 Arabisinum
1206 5700 1545 5775 episcopum,
1589 5706 1685 5762 sed
1717 5705 1961 5773 Treium,
2000 5722 2066 5761 ex

2174 5636 2589 5759 (‘23;ysostomo,
2645 5630 2809 5705 epist.
2852 5628 2976 5699 HG,
3032 5628 3226 5701 probat
3269 5627 3469 5683 Baron.
3513 5625 3580 5682 ad
3624 5640 3765 5685 ann.
