4126 6416
468 302 609 369 1193

1524 313 1702 374 VITA
1743 313 1801 374 S.
1846 313 2166 377 JOANNIS
2200 318 2755 384 CHRYSOSTOMI.

3594 324 3734 389 ΗΜ

467 417 670 489 όῆλιος
717 418 902 482 αὐτοῖς
958 421 1037 484 είς
1090 425 1481 491 προσκύνησιν.
1552 419 1715 478 Οὗτοι
1756 424 2035 496 τοιγαροῦε.

2147 440 2213 480 ex
2245 428 2310 481 iis
2338 443 2470 501 ergo
2496 430 2713 500 quidam
2751 431 2841 503 (de
2869 448 3063 502 magno
3094 431 3238 486 enim
3260 431 3472 488 Joanne
3502 448 3735 505 accepe—

467 509 609 587 (οὖδὲ
638 509 750 580 γὰρ
778 512 806 561 6
840 512 1014 580 μέγας
1037 514 1271 583 ἀνήκοος
1301 516 1486 578 αὐτοῖς
1519 511 1631 579 οἷος
1663 512 1751 587 ἦν,
1794 517 1890 570 καὶ
1930 517 2047 580 atat;

464 603 562 672 τῆς
590 592 819 673 χάριτος
866 600 1193 675 ἠξιωμένος)
1255 609 1571 674 παράλυτόν
1597 627 1719 663 τινα
1747 611 2044 683 κλινοπετῆ

466 692 922 762 παρενεγκόντες,
949 694 1275 765 θεραπεύειν
1299 697 1503 767 ἠξίουν.
1537 700 1641 753 Τὸν
1659 700 1715 754 δὲ
1739 700 1829 753 καὶ
1855 701 2045 771 χρόνον

465 775 823 855 ἐρωτήσαντα
853 787 950 856 τῆς
971 788 1149 853 νόσου,
1173 792 1265 843 καὶ
1291 790 1475 854 σέϐας,
1502 792 1624 846 ἐπεὶ
1649 793 1815 866 ἤκουε
1833 794 1922 846 τὸν
1948 795 2046 864 μὲν

462 876 651 944 ὄγδοον
672 877 790 940 ἔτος
808 873 970 943 εἶναι,
984 880 1045 932 τὸ
1059 881 1136 941 δὲ.
1155 866 1324 951 ἥλιον,
1341 883 1548 936 Οὐκοῦν
1569 885 1824 939 ἰάσασθαί
1842 904 1897 939 σε
1917 887 2040 958 χρὴ,

463 970 651 1039 φάναι,
687 969 778 1022 τὸν
813 971 988 1041 ἥλιον,
1025 973 1222 1043 μικρὸν
1267 975 1757 1046 ὑπομειδιάσαντα,
1806 977 1919 1049 εἴγε
1955 973 2046 1034 οὗ·

459 1080 551 1124 τος
613 1063 747 1126 Θεός
817 1065 900 1116 σοί
940 1068 1111 1120 ἐστιν.
1158 1066 1321 1121 Ἀλλὰ
1357 1070 1492 1139 μηδὲ
1550 1072 1715 1124 αὐτὸν
1784 1072 2041 1127 δύνασθαι

464 1154 656 1224 μηδὲν,
688 1157 897 1209 ἐκεῖνον
932 1159 1129 1220 εἰπεῖν,
1172 1160 1301 1214 ἄνευ
1343 1153 1515 1231 οὗπερ
1558 1162 1672 1234 ἔχει
1701 1164 1859 1218 Θεοῦ.
1891 1162 2042 1220 Εἶναι

461 1247 570 1315 γὰρ
613 1246 704 1299 καὶ
734 1246 872 1317 ἡλίῳ
907 1247 1041 1302 Θεὸν
1076 1250 1370 1320 ἀκούομεν,
1423 1246 1467 1320 ᾧ
1501 1251 1778 1325 λατρεύει.
1827 1257 1892 1310 Τί
1923 1254 2038 1321 οὖν,

460 1337 616 1392 abiit:
643 1340 984 1396 ὑπολαϐόντα
1016 1344 1106 1397 τὸν
1163 1346 1341 1414 ἆγιον,
1379 1348 1480 1401 οὐκ
1510 1350 1715 1403 ἐκεῖνον
1749 1350 1968 1419 μᾶλλον,

458 1430 553 1482 καλ⁸
577 1430 729 1502 ἥλιος
777 1432 1060 1501 λατρεύειν
1092 1432 1221 1502 οἶδε,
1252 1439 1448 1508 τιμᾶτε
1497 1440 1660 1507 Θεόν;
1710 1441 1852 1495 Ἀλλ’
1883 1444 2041 1512 ἡμεῖς

458 1536 545 1583 γε,
570 1522 759 1588 φάναι,
794 1523 853 1575 ού
892 1522 1207 1595 τολμῶμεν
1240 1529 1410 1597 μέγας
1453 1528 1560 1598 γὰρ
1590 1533 1795 1593 ἐκεῖνος
1822 1533 1915 1585 καὶ
1946 1550 2041 1602 φο·

452 1610 761 1680 ὗερώτατοῖ
787 1631 802 1645 ο
832 1615 932 1667 κᾶν
969 1618 1041 1685 μή
1068 1635 1153 1680 τις
1176 1617 1323 1682 ἄξιος
1356 1620 1519 1672 αὑτοῦ
1553 1616 1609 1694 ᾗ.
1637 1621 1731 1674 καὶ
1763 1623 2038 1693 ἁμαρτίας

459 1701 762 1773 ἐλεύθερος,
797 1706 933 1775 όμοῦ
975 1725 1034 1760 τε
1096 1710 1386 1779 προσέλθοι
1418 1712 1737 1780 λατρεῦσαι,
1773 1716 1869 1769 καὶ
1906 1715 2034 1787 θείῳ

460 1794 592 1861 πυρὶ
626 1796 1050 1864 καταφλέγεται.
1090 1798 1243 1853 Ἐπεὶ
1275 1801 1330 1854 δὲ
1375 1793 1559 1856 ταῦτα
1581 1806 1783 1874 μύθους
1820 1802 1972 1859 εἶπεν
2007 1810 2035 1861 6

372 1926 375 1929 μ
456 1884 633 1952 ἅγιος.
665 1887 760 1940 καὶ
792 1889 986 1959 τέχνην
1020 1887 1274 1946 εἶναιτοῦ
1305 1895 1543 1966 πονηροῦ
1571 1900 1705 1969 πρὸς
1733 1901 2033 1963 ἀπώλειαν,

454 1980 548 2032 καὶ
580 1980 656 2044 ὡς
691 1983 718 2033 6
750 1981 844 2035 τοῦ
875 1984 1026 2052 ἡλίου
1055 1986 1245 2039 τούτου
1289 1988 1442 2051 Θεδς,
1481 1992 1694 2060 ὁρατῶν
1729 2010 1785 2044 τε
1818 1995 1909 2046 καὶ
1946 1995 2037 2047 ἀο-

457 2071 635 2140 ράτων
688 2075 907 2126 πάντων
965 2077 1082 2129 ἐστὶ
1113 2077 1266 2145 Θεὸς,
1296 2082 1390 2134 καὶ
1419 2083 1607 2136 οὐδένα
1637 2086 1685 2137 oi
1725 2087 1833 2139 τῶν
1863 2105 2031 2158 προσ·

457 2167 646 2219 ιόντων
691 2171 860 2234 μισεῖ,
900 2169 1004 2223 κᾶν
1043 2172 1365 2242 ἁμαρτωλὸς
1396 2172 1452 2249 ᾖ,
1500 2178 1762 2246 μετάνοια
1790 2180 1844 2232 δὲ
1870 2182 2033 2234 αὑτὸν

453 2260 682 2313 εἰσέλθοι
708 2261 819 2314 τῶν
851 2264 1256 2333 προλαϐόντων,
1284 2269 1381 2320 καὶ⁵
1408 2270 1488 2321 ὅτι
1518 2271 1811 2325 πίστευσον
1849 2274 2032 2342 μόνον,

451 2349 548 2405 καὶ
572 2354 604 2422 ἡ
632 2352 898 2422 θεραπεία
929 2355 1090 2418 εὐθὺς
1125 2356 1315 2426 ἕψεταί
1343 2378 1424 2414 σοι
1454 2362 1591 2431 μετά
1614 2381 1676 2432 γε
1697 2365 1798 2432 τῆς
1831 2366 2031 2435 ψυχῆς,

450 2446 544 2500 καὶ
572 2444 666 2498 τοῦ
698 2447 974 2521 σώματος,
1009 2449 1330 2505 πιστεύεινό
1354 2454 1525 2506 νοσῶν
1554 2452 1696 2521 εἷπε,
1725 2458 1819 2509 καὶ
1843 2459 2035 2528 μηδενὶ

452 2535 671 2605 μηκέτι,
704 2537 819 2590 ἀλλ’
845 2538 879 2608 ἢ
913 2539 988 2610 τῷ
1029 2542 1176 2613 μόνῳ
1230 2543 1518 2617 λατρεύειν
1563 2548 1702 2619 Θεῷ.
1738 2551 1874 2603 Τότε
1925 2570 2037 2605 τοι-

443 2632 652 2703 γαροῦν
708 2634 820 2694 τοῖς
851 2633 1014 2688 αὑτοῦ
1075 2637 1292 2706 μέλεσιν
1338 2643 1885 2715 ἐπισφραγισάμενον
1940 2645 2033 2699 τὸν

455 2724 746 2795 μακάριον,
782 2725 977 2798 Κύριε.
1035 2732 1063 2783 ό
1097 2731 1199 2797 τὸν,
1224 2718 1582 2803 παρειμένον,
1636 2737 1835 2801 εἰπεῖν,
1860 2737 1919 2791 ὃν
1947 2738 2034 2791 διὰ

450 2814 550 2882 τῆς
583 2816 780 2887 στέγης
806 2819 945 2891 αὐτῇ
981 2820 1140 2893 κλίνῃ
1175 2840 1257 2877 σοι
1292 2825 1566 2894 καθῆκαν,
1606 2827 1750 2900 λόγῳ
1780 2830 1925 2900 μόνῳ
1956 2830 2033 2900 τῷ

450 2909 527 2981 σῷ
571 2912 888 2985 ἰασάμενος,
941 2916 1036 2969 καὶ
1086 2917 1276 2971 τοῦτον
1328 2920 1422 2972 ἐπὶ
1456 2920 1583 2992 δόξῃ
1617 2925 1682 2992 τῇ
1741 2925 1806 2994 σῇ
1843 2925 1937 2978 καὶ
1964 2928 2030 2997 τῇ

445 3004 765 3072 ἐπιγνώσει,
808 3008 939 3077 μόνε
962 3009 1086 3071 Θεὲ,
1124 3010 1202 3080 τῷ
1241 3010 1471 3081 νεύματι
1528 3032 1622 3069 σου
1661 3015 2028 3087 θεράπευσον.

2148 527 2274 571 rant
2302 519 2657 589 auditionem)
2681 538 2804 576 eum
2824 523 3111 592 quemdam
3135 523 3487 578 adduxissent
3518 525 3735 595 paraly-

2150 610 2316 666 ticum
2365 612 2419 665 in
2470 613 2612 667 lecto
2666 614 3106 678 deeumbentem,
3167 615 3431 685 rogabant
3489 623 3546 671 ut
3608 631 3732 671 eum

2148 713 2384 758 curaret.
2439 704 2489 759 Is
2534 721 2663 760 vero
2727 723 2849 761 cum
2915 716 3134 779 tempus
3181 717 3422 779 rogasset
3477 708 3654 763 morbi
3680 717 3736 762 et

2148 794 2487 877 religionem,
2538 797 2628 852 ubi
2676 798 2882 853 audivit
2927 808 3144 868 tempus
3186 801 3563 868 quidemesse
3610 808 3734 854 octo

2148 903 2440 953 annorum,
2491 888 2560 943 ab
2620 904 2685 943 eo
2716 898 2898 944 autem
2936 890 3037 945 coli
3075 891 3243 947 solem
3276 909 3286 942 :
3330 892 3559 962 Oportet
3604 908 3733 963 ergo

2147 981 2316 1036 solem
2343 982 2439 1036 tibi
2468 982 2694 1046 mederi,
2724 983 2878 1041 dixit,
2907 999 3099 1054 parum
3132 985 3442 1052 subridens,
3479 985 3521 1039 si
3539 986 3624 1039 hic
3650 994 3731 1040 est

2147 1072 2291 1127 Deus
2320 1082 2464 1128 tuus.
2505 1073 2610 1128 Sed
2641 1089 2742 1129 nec
2773 1076 2889 1144 ipse
2920 1084 3120 1145 potest,
3165 1076 3345 1145 inquit
3386 1077 3497 1140 ille,
3526 1078 3732 1147 absque

2146 1159 2278 1225 Deo,
2316 1178 2477 1231 quem
2520 1161 2705 1217 habet.
2749 1164 3015 1219 Audimus
3047 1165 3192 1219 enim
3233 1166 3330 1220 soli
3367 1182 3580 1237 quoque
3611 1185 3731 1223 esse

2148 1255 2343 1320 Deum,
2396 1271 2557 1325 quem
2606 1257 2757 1312 colit.
2806 1245 2964 1322 Quid.
3001 1274 3147 1329 ergo,
3210 1258 3346 1313 dixit
3390 1260 3733 1330 re5pondens

2144 1353 2387 1410 sanctus,
2441 1362 2550 1400 non
2599 1330 2749 1402 illum
2796 1348 2974 1416 potius
3014 1349 3183 1403 Deum
3219 1350 3414 1410 colitis.
3457 1366 3618 1420 quem
3653 1351 3733 1404 sol

2142 1454 2359 1509 quoque
2404 1440 2584 1495 colit?
2622 1439 2727 1495 Sed
2764 1457 2881 1504 nos,
2929 1442 3106 1512 inquit
3136 1443 3224 1519 ille
3249 1481 3262 1505 ,
3299 1459 3408 1497 non
3449 1443 3731 1499 audemus.

2143 1525 2237 1581 Ille
2290 1527 2458 1593 enim,
2517 1529 2715 1599 inquit,
2770 1539 2853 1585 est
2902 1547 3148 1602 magnus,
3192 1541 3246 1586 et
3283 1533 3373 1602 qui
3414 1542 3594 1604 potest
3620 1534 3735 1588 solo

2141 1617 2366 1670 nomine
2414 1619 2702 1674 horrorem
2738 1620 2952 1683 alierre,
2996 1630 3050 1676 et
3083 1623 3126 1677 si
3157 1623 3279 1691 quis
3318 1639 3426 1678 non
3474 1624 3636 1678 fuerit
3668 1639 3735 1678 co

2140 1710 2336 1781 dignus
2386 1723 2443 1765 et
2485 1711 2623 1766 liber
2660 1728 2688 1766 a
2725 1724 2970 1783 peccato,
3003 1714 3164 1769 simul
3202 1724 3363 1786 atque
3391 1716 3624 1771 accessit
3652 1715 3734 1793 ad

2149 1802 2511 1867 adorandum,
2564 1802 2687 1874 igne
2739 1804 2924 1859 divino
2969 1805 3326 1861 comburitur.
3378 1807 3511 1863 Cum
3552 1817 3730 1861 autent

2142 1891 2377 1947 Sanctus
2411 1894 2523 1949 haec
2550 1894 2778 1949 dixisset
2811 1911 2930 1950 esse
2956 1894 3162 1951 faculas
3185 1905 3241 1951 et
3277 1904 3450 1950 artem
3487 1897 3730 1968 ma‘igni,

2142 1986 2232 2054 qui
2260 1986 2345 2049 iis,
2389 1988 2480 2057 qui
2512 1994 2727 2058 parent,
2763 1989 3069 2043 mercedem
3109 1988 3361 2043 conciliat
3399 1986 3678 2042 interituor
3714 2007 3728 2043 :

2140 2086 2195 2131 ct
2243 2076 2417 2130 Deum
2448 2076 2614 2146 hujus
2648 2076 2799 2143 solis,
2837 2092 2959 2132 esse
3006 2077 3176 2132 Deum
3220 2092 3433 2143 eorum,
3466 2094 3588 2147 qua:
3630 2077 3732 2130 sub

2138 2179 2416 2239 aspectum
2445 2171 2648 2225 cadunt
2681 2179 2733 2225 et
2764 2187 2883 2240 quae
2916 2186 3024 2225 non
3064 2170 3288 2237 cadunt,
3329 2186 3432 2225 nec
3463 2170 3632 2223 ullum
3666 2186 3734 2223 ex

2140 2261 2229 2327 iis,
2258 2263 2349 2330 qui
2377 2261 2442 2316 ad
2471 2277 2595 2316 eum
2623 2262 2911 2324 accedunt,
2938 2262 3106 2330 rejici,
3131 2260 3340 2316 etiamsi
3373 2262 3732 2330 sitpcccator,

2138 2353 2299 2408 modo
2332 2370 2455 2408 cum
2489 2354 2717 2409 subierit
2745 2354 3067 2425 pmnitentia
3093 2369 3308 2418 eorum,
3345 2369 3465 2422 qum
3496 2368 3733 2422 przeccs-

2139 2455 2350 2501 serunt.
2386 2445 2571 2501 Solum
2605 2446 2813 2516 itaque,
2845 2446 3041 2516 inquit,
3064 2446 3224 2499 crede
3254 2463 3268 2498 :
3308 2454 3362 2498 ct
3394 2444 3574 2499 statim
3607 2458 3732 2497 cum

2147 2539 2432 2593 curatione
2470 2539 2736 2608 corporis,
2781 2546 3042 2608 sequetur
3078 2536 3241 2591 etiam
3271 2537 3481 2592 curatio
3516 2536 3731 2589 animae.

2140 2632 2276 2685 Cum
2305 2631 2381 2687 sic
2403 2630 2630 2687 dixisset
2658 2639 3006 2687 sacrosancta
3055 2630 3144 2684 illa
3169 2630 3374 2701 lingua,
3401 2629 3534 2682 dixit
3561 2642 3735 2698 aegro-

2142 2735 2227 2779 tus
2261 2741 2320 2781 se
2349 2725 2594 2791 credere,
2632 2733 2688 2779 et
2717 2740 2776 2778 se
2814 2724 3025 2778 nullum
3068 2723 3233 2777 alium
3274 2723 3509 2791 amplius
3560 2718 3729 2774 Deum

2137 2835 2257 2873 esse
2286 2818 2582 2873 culturum.
2605 2816 2758 2872 Tunc
2788 2832 2916 2888 ergo
2950 2816 3163 2881 beatus,
3196 2830 3319 2868 cum
3345 2815 3587 2868 membra
3611 2813 3732 2882 ejus

2142 2911 2505 2982 obsignasset,
2568 2908 2798 2963 Domine
2827 2949 2843 2974 ,
2880 2907 3077 2977 inquit,
3121 2905 3212 2977 qui
3269 2905 3627 2976 paralyticum
3660 2904 3731 2967 ",

2137 3017 2298 3072 quem
2346 3017 2446 3072 per
2491 3009 2695 3055 tectum
2738 3015 2863 3054 eum
2897 3000 3015 3070 ipso
3051 2999 3193 3054 lecto
3234 2997 3330 3053 tibi
3370 2997 3729 3059 demiserunt,

444 3099 558 3153 Καὶ
622 3099 700 3164 ὡς
732 3100 907 3155 ταῦτα
953 3103 1122 3165 εἴποι,
1182 3105 1484 3173 ἀναστῆναί
1536 3126 1594 3161 τε
1622 3108 1783 3172 εὐθὺς
1812 3111 1903 3164 τὸν
1940 3129 2031 3165 νο-

2140 3095 2258 3149 solo
2282 3093 2446 3148 verbo
2484 3092 2709 3159 curasti,
2743 3091 2892 3148 hunc
2922 3105 3138 3162 quoque
3161 3090 3225 3144 ad
3253 3090 3474 3160 gloriam
3504 3097 3652 3144 tuam
3676 3097 3735 3143 et

442 3193 646 3250 60’3th
672 3197 762 3250 καὶ
792 3198 922 3265 ὑγιᾶ
957 3198 1170 3268 στῆναι,
1200 3200 1388 3269 μισθὸν
1419 3202 1679 3271 εἰληφότα
1735 3204 1834 3269 τῆς
1874 3205 2026 3257 εὗσε-

446 3287 621 3353 δείας,
656 3289 756 3359 τὴν
791 3291 961 3364 ρῶσιν
996 3291 1089 3345 τοῦ
1139 3291 1410 3363 σώματος.
1439 3296 1470 3365 ἥ
1506 3295 1707 3365 μᾶλλον
1756 3295 1846 3349 διὰ
1874 3297 2030 3351 νόσου

446 3386 787 3453 σωματικῆς,
819 3385 956 3455 πρὸς
983 3385 1082 3457 τὴν
1124 3385 1364 3457 ψυχικὴν
1385 3388 1618 3455 ὑγίειαν,
1653 3389 1684 3458 ἢ
1714 3388 1808 3442 καὶ
1848 3389 2030 3459 ἀμφοη

444 3472 621 3543 τέρων
653 3473 1016 3545 όδηγηθέντα.
1051 3477 1226 3530 Τοῐτο
1254 3477 1317 3530 τὸ
1351 3477 1539 3547 θαῦμα
1569 3478 1867 3532 πιστεῦσαι
1903 3479 2030 3541 τοὺς

441 3566 537 3634 τῆς
575 3565 762 3637 χώρας
790 3566 993 3639 ταύτης
1034 3571 1199 3633 ποιεῖ,
1247 3570 1343 3622 καὶ
1369 3568 1448 3640 τῷ
1471 3569 1811 3640 βαπτίσματι
1852 3587 2027 3640 προσ-

451 3658 628 3714 ελθεῖν
652 3659 891 3731 ἀριθμοῦ
918 3661 1660 3728 κρείττονας.Ἐπτὰ·τοίνυν
1699 3664 2032 3727 ἐπισκόπους

444 3754 543 3806 σὺν
595 3752 714 3823 ἅμα
762 3754 1158 3824 πρεσϐυτέροις
1217 3757 1315 3808 καὶ
1348 3755 1619 3819 διακίνοις
1682 3758 1892 3820 ἱκανοῖς
1953 3758 2030 3826 τῷ

444 3842 639 3914 πλήθει
666 3843 778 3897 τῶν
811 3847 1228 3899 πιστευσάντων
1260 3847 1353 3900 ἐπὶ
1380 3846 1592 3911 τούτοις
1619 3849 2029 3919 χειροτονήσας,

441 3935 672 4007 ἐπείπερ
696 3936 846 4008 εὖροι
869 3940 1019 4001 τινὰς
1053 3938 1237 3993 αὐτῶν
1261 3940 1361 4008 τὴν
1387 3939 1659 4012 Ἑλλήνων
1681 3942 1883 4013 φράσιν
1909 3943 2031 3995 ἐπι-

445 4031 769 4099 σταμὲνους.
803 4032 1014 4096 τούτοις
1046 4032 1146 4087 ὅσα
1172 4035 1266 4087 καὶ
1289 4033 1511 4107 γλώσσῃ
1537 4035 1908 4106 χρησάμενος,
1941 4034 2032 4089 τόν

439 4138 501 4175 τε
544 4122 687 4176 θεῖον
718 4122 882 4179 Δαόὶδ
940 4124 1034 4178 καὶ
1080 4125 1180 4195 τὴν
1237 4126 1448 4197 Καινὴν
1514 4127 1733 4182 ἃπασαν
1759 4129 1895 4200 πρὸς
1932 4129 2031 4198 τὴν

454 4213 682 4269 Ἐλλάδα
712 4215 962 4282 γλῶτταν
995 4216 1064 4270 δι’
1088 4217 1273 4271 αὐτῶν
1307 4218 1662 4288 μεταϐάλλει.
1697 4221 1811 4274 Καὶ
1848 4238 2030 4291 παρα-

440 4307 627 4363 δίδωσι
653 4311 750 4381 μὲν
780 4310 875 4366 τὸν
904 4310 1075 4364 τύπον
1118 4312 1217 4382 τῆς
1250 4314 1594 4385 ἀναιμάκτου
1636 4316 1851 4381 θυσίας,
1887 4316 2032 4370 ἐκδιο

442 4403 634 4456 δάσκει
663 4402 718 4456 δὲ
758 4404 854 4456 καὶ
903 4403 971 4457 τὰ
1015 4406 1114 4474 τῆς
1159 4405 1371 4474 Καινῆς
1414 4407 1711 4479 Διαθὴκης.
1755 4403 1888 4462 Εἶτα
1936 4408 2031 4463 καὶ

444 4495 679 4560 κανόνας
700 4498 886 4562 αὐτοῖς
904 4492 1214 4571 εἰσηγεῖται
1236 4499 1553 4572 ψαλμῳδίας
1575 4502 1668 4555 καὶ
1689 4500 2033 4572 προσευχῶν.
2067 4492 2093 4545 -

456 4584 687 4655 Ὀλίγων
714 4587 774 4640 δὲ
799 4589 1023 4660 ἡμερῶν
1047 4588 1465 4659 πληθυνομένην
1492 4590 1636 4658 ὀρῶν
1667 4591 1766 4659 τὴν
1791 4590 2035 4658 νεοπαγῆ

443 4674 652 4746 ταύτην
681 4675 1031 4749 Ἐκκλησίαν,
1056 4679 1193 4733 ἀλλὰ
1216 4681 1310 4751 καὶ
1335 4680 1446 4733 τῶν
1477 4680 1574 4733 τοῦ
1606 4679 1845 4752 Χριστοῦ
1881 4682 2038 4734 ἐντοα

438 4766 553 4821 λῶν
585 4768 646 4821 οὐ
686 4769 892 4839 μικρὰν
925 4773 987 4824 ὲν
1025 4769 1212 4834 αὐτοῖς
1246 4771 1346 4841 τὴν
1375 4770 1643 4835 ἐπίδοσιν,
1679 4771 1950 4843 ᾠμολόγει
1978 4788 2039 4825 τε

439 4855 521 4927 τῷ
563 4856 681 4928 Θεῷ
741 4859 922 4929 χάριν,
972 4861 1068 4913 καὶ
1117 4861 1421 4930 ἠγαλλιᾶτο
1468 4862 1545 4932 τῷ
1580 4861 1877 4929 πνεύματι,
1916 4865 2031 4926 τοῖς

442 4947 727 5002 ἀσθενέσιν
786 4952 964 5004 αὐτῶν
1036 4954 1229 5024 χεῖρας
1277 4955 1530 5023 Ιασίμοὺς
1585 4955 1876 5029 ἐπιτιθεὶς,
1931 4957 2026 5010 καὶ

443 5042 651 5110 προῖκα
672 5041 732 5096 τὸ
756 5043 979 5097 πάντων
1009 5045 1297 5101 κάλλιστον
1322 5045 1704 5119 χαριζόμενος.

510 5217 636 5279 Nl”,
654 5220 763 5274 Καὶ
779 5223 806 5274 6
822 5219 921 5290 μὲν
938 5223 996 5275 ἐν
1009 5221 1217 5287 τούτοις
1232 5218 1319 5294 ἦν·
1353 5224 1469 5277 ὅσοι
1484 5225 1538 5277 δὲ
1561 5223 1668 5277 τῶν
1681 5222 1831 5300 αὐτῷ
1848 5243 2028 5280 κεκοιο

395 5378 399 5381 τ
437 5308 766 5384 νωνηκότων
786 5304 928 5380 ἦσαν
948 5310 1241 5365 ἐπίσκοποί
1263 5330 1322 5365 τε
1344 5313 1440 5366 καὶ
1462 5313 1627 5383 ίερείς
1646 5303 1852 5379 ἁπλῶς,
1872 5317 1921 5369 οἳ
1939 5316 2026 5369 διὰ

441 5396 534 5449 τὸν
552 5397 689 5469 ὑπὲρ
702 5400 937 5472 Χριστοῦ
952 5401 1114 5470 ζῆλον
1138 5403 1429 5471 ἐκκλησίαν
1443 5404 1715 5476 ἐμίσησαν
1728 5424 1863 5478 πονη
1873 5388 2025 5477 pauo:

442 5490 877 5561 μένων,τούτου;
896 5494 961 5563 δὴ
987 5495 1199 5560 πάντας
1228 5496 1542 5567 δημεύσεις,
1561 5498 1786 5570 ὲξορίαι,
1807 5501 2026 5556 θάνατοι

440 5585 536 5636 καὶ
557 5583 808 5648 κολάσεις
832 5587 1074 5641 ποικίλαι
1095 5587 1487 5659 διεμερίζοντο.
1511 5591 1619 5645 Καὶ
1636 5590 1746 5663 γάρ
1766 5591 1873 5647 ἔδει
1896 5594 2027 5646 κάν-

530 5765 575 5797 ⁸¹
605 5763 738 5819 Luc.
774 5782 826 5828 γ,
856 5764 940 5819 18.

676 5865 947 5927 Ριιτιιοι..
978 5866 1095 5928 Gn.
1127 5862 1348 5926 CXIV.

2136 3184 2471 3257 agnitionem
2500 3193 2592 3238 tuo
2623 3192 2758 3249 nutu
2788 3198 2940 3237 cura.
2969 3182 3096 3237 Hmc
3117 3197 3239 3237 cum
3272 3180 3521 3246 dixisset,
3543 3179 3728 3235 statim

2135 3276 2395 3338 surrexit,
2441 3276 2530 3347 qui
2565 3276 2883 3347 :egrotabat.
2911 3282 2965 3329 et
2992 3273 3142 3328 stetit
3185 3287 3373 3340 sanus,
3396 3281 3458 3328 ut
3485 3273 3577 3342 qui
3605 3272 3723 3327 fru—

2138 3377 2286 3423 ctum
2330 3367 2553 3439 pictatis
2581 3367 2887 3438 accepisset
2911 3368 3078 3421 robur
3105 3365 3354 3436 corporis
3382 3382 3394 3418 :
3426 3374 3519 3420 aut
3546 3365 3734 3435 potius

2136 3477 2232 3532 per
2257 3461 2511 3516 morbum
2538 3462 2788 3531 corporis
2825 3461 3095 3515 deductus
3118 3458 3314 3514 fuisset
3347 3458 3414 3513 ad
3445 3459 3733 3514 sanitatem

2135 3555 2367 3618 animm,
2407 3565 2501 3609 aut
2542 3555 2707 3609 etiam
2739 3554 3047 3623 utriusque.
3089 3550 3206 3608 lloc'
3229 3552 3554 3607 miraculum
3604 3551 3734 3606 ftltil.

2143 3646 2422 3717 regionem
2460 3661 2584 3700 cum
2615 3654 2731 3700 toto
2759 3655 2902 3700 coetu
2940 3643 3185 3708 credere,
3223 3652 3279 3698 et
3304 3642 3734 3699 innumerabiles

2141 3739 2407 3795 accedere
2433 3738 2501 3792 ad
2530 3739 2880 3808 baptismum.
2907 3738 3041 3813 (ium
3060 3751 3189 3806 ergo
3212 3743 3422 3805 septem
3446 3735 3733 3804 episc0pos

2136 3845 2260 3885 cum
2288 3827 2618 3899 presbyteris
2643 3839 2694 3882 et
2718 3826 2961 3881 diaconis
2975 3826 3372 3881 suﬂicientibus
3394 3822 3732 3878 multitudini

2135 3936 2325 3977 eorum
2353 3962 2367 3986 ,
2401 3921 2493 3990 qui
2527 3919 2915 3984 crediderant,
2946 3920 3026 3975 eis
3062 3919 3399 3982 ordinasset,
3431 3916 3735 3970 invenisset

2135 4023 2318 4069 autem
2343 4013 2608 4084 quosdam
2626 4029 2693 4068 ex
2722 4013 2800 4067 eis
2816 4013 2955 4067 bene
2974 4012 3113 4067 scire
3131 4011 3378 4067 Graecum
3400 4024 3730 4073 sermonem,

2139 4107 2221 4162 eis
2250 4114 2510 4176 tanquam
2553 4100 2734 4178 lingua
2776 4120 2929 4170 usus,
2965 4102 3210 4160 divinum
3255 4103 3418 4158 David
3462 4112 3516 4157 et
3557 4111 3730 4156 totum

2136 4202 2345 4257 Novum
2366 4202 2779 4258 Testamentum
2808 4219 2905 4272 per
2927 4201 3076 4271 ipsos
3097 4199 3282 4255 Graece
3303 4199 3728 4269 interpretum:

2138 4305 2196 4351 et
2226 4295 2459 4350 formam
2487 4295 2707 4366 quidem
2743 4294 2906 4349 tradit
2930 4293 3204 4348 incruenti
3236 4290 3486 4346 sacriﬁcii
3522 4305 3535 4342 :
3570 4290 3730 4344 docet

2135 4399 2315 4444 autem
2343 4404 2406 4443 ea
2428 4404 2666 4462 quoque,
2685 4404 2805 4458 qua:
2818 4398 2945 4443 sunt
2971 4385 3109 4441 Novi
3134 4383 3491 4441 Testamenti.
3527 4381 3731 4436 Deinde

2135 4480 2303 4545 tradit
2334 4482 2499 4537 etiam
2533 4480 2612 4536 eis
2661 4481 2876 4552 regulas
2928 4477 3241 4550 psalmodiae
3283 4486 3338 4532 et
3392 4473 3723 4530 orationum.

2139 4573 2276 4629 Cum
2306 4591 2437 4645 ergo
2467 4574 2657 4645 paucis
2692 4574 2888 4629 diebus
2924 4572 3149 4627 vidisset
3183 4572 3328 4625 hanc
3354 4584 3544 4624 recens
3579 4574 3725 4621 stru-

2138 4677 2283 4723 ctam
2338 4667 2627 4723 ecclesiam
2689 4664 3062 4736 multiplicari,
3113 4663 3247 4733 quin
3297 4663 3463 4717 etiam
3520 4660 3728 4715 Christi

2142 4770 2542 4831 praeceptorum
2574 4775 2685 4814 non
2712 4773 2942 4831 parvum
2968 4756 3023 4812 in
3046 4757 3127 4811 eis
3167 4754 3279 4810 ﬁeri
3307 4755 3728 4817 incrementum,

2138 4851 2252 4908 Deo
2278 4867 2503 4924 magnas
2527 4851 2719 4927 agebat
2744 4850 2946 4922 gratias
2970 4858 3027 4904 et
3051 4846 3360 4904 exsultabat
3389 4846 3606 4916 spiritu,
3641 4846 3729 4913 iis,

2147 4946 2241 5015 qui
2275 4961 2343 5000 ex
2372 4945 2452 5000 eis
2478 4953 2633 5000 erant
2662 4944 2884 5013 inﬁrmi,
2919 4941 3159 4998 medicas
3190 4955 3385 4996 manus
3416 4940 3729 5010 imponens,

2142 5020 2285 5094 etid
2317 5019 2462 5108 quod
2507 5046 2592 5092 est
2625 5038 2869 5109 omnium
2915 5034 3367 5108 pulcherrimum,
3409 5031 3576 5115 gratis
3618 5031 3729 5086 lar-

2141 5130 2318 5203 giens.

2210 5222 2342 5281 L111.
2369 5223 2480 5279 Sed
2514 5224 2607 5279 ille
2638 5223 2856 5295 quidem
2896 5223 2952 5278 in
2997 5225 3081 5280 his
3114 5243 3127 5280 :
3175 5238 3368 5279 eorum
3413 5229 3593 5276 autem
3632 5219 3730 5289 qui

2136 5316 2452 5393 inimicitias
2493 5328 2700 5389 temere
2735 5319 3086 5380 exercebant,
3120 5327 3214 5373 aut
3242 5332 3457 5381 eorum,
3489 5314 3580 5385 qui
3613 5311 3737 5367 Dco'

2137 5417 2191 5464 et
2212 5394 2409 5465 Joanui
2434 5410 2808 5476 adltmrebant,
2838 5394 2926 5464 res
2962 5410 3237 5482 quomodo
3266 5409 3290 5463 ἲ
3322 5408 3647 5476 Quicunque
3673 5405 3723 5459 ei

2136 5502 2679 5559 communicaverant
2719 5503 2985 5573 episcopi,
3021 5513 3082 5559 ut
3106 5503 3274 5561 semel
3315 5503 3516 5564 dicam,
3548 5506 3601 5554 et
3628 5513 3719 5552 sa-

2132 5593 2414 5662 cerdotes,
2448 5594 2540 5664 qui
2570 5603 2797 5665 propter
2823 5611 2922 5665 pro
2946 5594 3167 5650 Christo
3199 5587 3375 5649 zelum
3405 5592 3532 5648 odio
3562 5590 3733 5644 habe-

3298 5871 3380 5928 38
