4126 6400
332 458 335 461 Ι
391 358 537 424 1197
1414 364 1595 432 VITA
1635 373 1695 434 S.
1737 369 2059 438 JOANNlS
2093 374 2657 447 CHRYSOSTOMI.
3523 390 3661 459 “98

309 503 339 563 ἐ
461 468 589 525 NE’.
620 470 777 527 Μετὰ
822 474 879 528 δὲ
919 475 1110 531 τοῦτον
1142 478 1283 549 ἀνὴρ
1310 479 1376 532 ὲκ
1424 480 1814 553 πρεσϐυτέρων
1846 484 1949 536 ἀνα

2155 484 2264 539 LV.
2308 487 2435 543 Post
2467 506 2591 544 eum
2622 498 2804 546 autem
2830 490 2966 563 (50).
2988 492 3101 549 viro
3125 494 3339 553 cuidam
3374 501 3570 560 educto
3600 521 3663 563 ex

313 552 335 579 ¹’
387 561 563 634 χθεὶς,
608 563 851 627 Ἀττικὸς
888 566 1080 638 ὄνομα,
1111 570 1237 633 τοὺς
1279 571 1381 640 τῆς
1420 570 1744 643 Ἐκκλησίας
1782 575 1949 628 οἴακα.

2078 577 2431 649 presbyteris,
2456 582 2677 636 nomine
2700 581 2899 646 Attico,
2931 586 3160 641 traditur
3181 590 3368 646 clavus
3387 591 3664 653 Ecclesiae.

389 653 775 724 ἐγχειρίζεται,
828 656 950 710 καθ’
983 658 1260 730 ὃνχρόνον
1299 661 1505 725 -ἁδείας
1530 665 1580 716 οἰ
1634 666 1692 716 ὲν
1762 666 1949 738 Ἑφέσο

2076 667 2195 733 Quo
2225 671 2444 739 quidem
2480 680 2722 742 tempore
2740 673 3154 744 Ephesini,cum
3178 681 3330 737 nullo
3373 696 3663 743 coercente

388 742 697 812 λαϐόμενοι,
740 744 917 798 πάντα
967 750 1137 800 κινεῖν
1191 749 1285 802 καὶ
1320 748 1683 818 μεταϐάλλειν
1727 755 1868 804 κατά
1905 753 1949 805 τί

2078 770 2225 816 metu
2244 762 2516 817 licentiam
2542 766 2919 834 arripuissent,
2940 771 3120 845 omnia
3143 788 3368 845 movere
3390 786 3446 831 et
3478 788 3660 835 trans-

388 830 599 895 ἑαυτοῖς
645 833 839 887 δοκοῦν
896 834 1182 901 ἔσπευδον,
1219 838 1347 901 τοὺς
1374 839 1552 904 καλῶς
1593 840 1715 910 μὲν,
1747 845 1844 894 καὶ
1895 843 1942 895 ὡ

388 922 429 939 ,ι
473 922 496 935 ..
586 924 618 939 ..
782 925 808 937 ι.
881 926 905 939 λ
963 928 974 939 .
1127 930 1139 939 .
1249 929 1264 939 .
1424 931 1435 939 .
1586 932 1638 939 --
1695 931 1714 939 -
1772 932 1784 939 .

2075 856 2464 921 mutare,sicut
2494 856 2577 912 eis
2601 857 2910 925 videbatur,
2943 844 3266 921 studebant;
3295 883 3390 922 eos
3412 871 3658 939 quidem,

381 922 507 993 Θεῷ
540 924 713 993 φίλον,
739 925 1088 996 τῶννθρόνων
1122 929 1564 999 ὲπειλημμένους
1582 931 1944 1003 ἐξωθούμενοι

2073 941 2166 1010 qui
2198 952 2345 998 recte
2372 953 2428 998 et
2462 953 2519 999 ut
2542 945 2652 1000 Deo
2683 922 2949 1016 placebat,
2972 951 3025 1004 in
3054 954 3275 1010 sedibus
3306 922 3461 1012 erant
3492 922 3661 1016 collo;

389 1016 623 1084 μιαροὺς
686 1014 744 1067 δέ
800 1032 954 1078 τινας
1011 1016 1108 1069 καὶ
1165 1016 1426 1087 βεϐήλους
1467 1019 1561 1070 ἐπὶ
1614 1025 1949 1092 καταστροφῇ

2073 1034 2202 1094 cati,
2255 1035 2591 1104 expcllcntcs
2640 1055 2652 1092 :
2712 1042 2976 1110 quosdam
3027 1053 3211 1100 autem
3260 1052 3555 1109 sceleratos
3604 1065 3659 1111 et

382 1108 571 1178 ψυχῶν
624 1108 1043 1177 καταλέγοντες,
1079 1109 1336 1181 οὐδεμιᾶς
1394 1111 1645 1183 ἐρεύνης,
1672 1113 1705 1185 ἢ
1735 1113 1949 1182 βασάνοι

2070 1124 2331 1194 profanos
2382 1129 2448 1183 ad
2497 1131 2803 1186 animarum
2849 1135 3077 1191 exitium
3122 1140 3471 1211 collocantes,
3531 1162 3655 1202 cum

382 1200 484 1271 τὴν
540 1200 876 1271 χειροτονίαν
936 1201 1439 1273 προλαμϐανούσης
1465 1220 1479 1233 ·
1513 1203 1633 1256 ἀλλ’
1664 1203 1859 1269 οὕτως,
1893 1205 1949 1267 ὡς

2070 1217 2469 1275 ordinationem
2529 1224 2674 1278 nulla
2721 1230 3084 1295 perscrutatio
3139 1236 3507 1301 prteressisset
3563 1250 3659 1296 aut

382 1292 588 1344 εἰκαῖον
634 1293 869 1363 πρᾶγμα
927 1293 1022 1346 καὶ
1056 1292 1117 1346 τὸ
1145 1295 1332 1365 τυχὸν,
1368 1294 1463 1347 τοῦ
1516 1295 1896 1368 βουληθέντος,
1930 1299 1963 1369 ἢ

375 1382 699 1447 δεδωκότος,
758 1384 868 1437 τῶν
923 1385 1151 1455 θρόνων,
1200 1386 1342 1454 φεῦῐ
1393 1388 1712 1456 γινομένων·
1753 1390 1841 1442 ὅτε
1870 1390 1967 1444 καὶ

381 1475 428 1527 oi
457 1474 683 1538 δικαίως
732 1474 838 1528 ὑπὸ
895 1476 993 1546 τῆς
1068 1478 1345 1546 μακαρίας
1398 1479 1615 1550 ἐκείνης
1661 1479 1837 1551 ψυχῆς
1871 1482 1966 1534 καὶ

383 1565 625 1638 γλώττης
664 1566 773 1619 τῶν
812 1567 1148 1638 Ἑκκλησιῶν
1176 1569 1554 1640 ἐκϐληθέντες,
1579 1573 1964 1642 προσελθόντες

383 1661 493 1720 τοῖς
551 1661 992 1730 καταιτρονηταῖς
1036 1660 1248 1724 τούτοις
1297 1662 1596 1732 χρημάτων
1647 1664 1818 1728 αὑτὰς
1873 1666 1962 1731 ἐξ·

386 1750 620 1803 ωνοῦντο
649 1768 663 1781 ο
695 1751 811 1818 οἶγε
840 1752 930 1803 καὶ
974 1752 1330 1822 Ἡρακλείδην
1360 1753 1450 1805 τὸν
1497 1752 1588 1806 ὑπ’
1622 1751 1833 1808 ἐκείνου
1868 1758 1962 1810 καὶ

378 1840 751 1911 ἑϐδομήκοντα
804 1843 1147 1897 ,ἐπισκόπων
1191 1844 1372 1910 idem);
1423 1845 1514 1900 τὸν
1580 1846 1677 1916 τῆς

378 1934 742 1989 πιστευθέντα
771 1935 980 2005 θρόνον,
1034 1939 1311 2008 τεττάρων
1341 1940 1479 1993 ἐτῶν
1517 1940 1956 2012 ἐγκλεισάμενοι,

378 2027 601 2096 καὶτῆς
664 2028 989 2099 ’ίιίκκλησίας
1042 2028 1364 2098 ἐξώσαντες,
1420 2032 1511 2083 τὴν
1547 2033 1641 2085 τοῦ
1675 2034 1958 2102 τριϐούνου

379 2119 640 2188 Βίκτορος
707 2121 962 2191 εὐνοῦχον
1002 2122 1082 2191 τῷ
1123 2122 1297 2194 θρόνῳ
1334 2123 1429 2177 τοῦ
1471 2126 1738 2196 παρθένου
1773 2129 1958 2191 κακῶς

380 2212 445 2281 (ῶ
460 2211 607 2280 δίκη,
637 2213 729 2266 καὶ
747 2214 913 2284 ἀνοχὴ
929 2196 1065 2267 Θεοῦ
1088 2216 1126 2281 !)
1159 2216 1347 2281 κακῶς
1380 2219 1475 2272 καὶ
1501 2219 1734 2285 ἀναξίως
1761 2219 1958 2287 ὲγκαθ·

381 2305 623 2367 ιστῶσιν,
658 2307 755 2374 οὐχ
786 2307 1167 2378 ήμιμόχθηρον
1187 2308 1336 2370 ὄντα,
1365 2310 1477 2363 οὐδ’
1503 2312 1747 2375 ἀνεκτῶς
1768 2312 1957 2382 βδελυ-

378 2395 491 2466 ρὸν,
518 2396 653 2449 ἀλλά
684 2400 980 2468 προφανῶς
1013 2401 1254 2453 κίναιδον
1294 2402 1391 2456 καὶ
1415 2406 1817 2458 κατάπτυστον.
1847 2402 1956 2476 Τὴν

375 2490 431 2541 δὲ
460 2490 772 2561 Πορφυρίου
824 2490 1048 2561 τόλμαν,
1116 2494 1209 2547 καὶ
1238 2495 1338 2564 τὴν
1372 2492 1573 2566 πολλὴν
1613 2498 1829 2567 ἐκείνην
1861 2499 1955 2551 τοῦ

375 2582 703 2651 πράγματος
758 2584 1061 2653 ἰταμότητα
1106 2587 1191 2643 τίς
1253 2586 1319 2640 ἂν
1379 2588 1521 2641 ἑκών
1568 2604 1631 2657 γε
1667 2590 1957 2660 ἀνάσχοιτο

384 2676 597 2745 σιωπᾷν
623 2692 639 2742 ;
668 2675 894 2745 Γεραιὸς
925 2676 1023 2747 μὲν
1046 2672 1222 2740 οὗτος,
1262 2677 1358 2730 καὶ
1383 2678 1480 2748 τὴν
1507 2677 1808 2748 μοχθηρίαν
1842 2679 1958 2749 ἡλι-

378 2770 569 2823 κιῶτιν
609 2768 1027 2839 ἀκριϐῶ,ἐχων,
1053 2770 1206 2822 οὐδὲν
1230 2770 1287 2822 δὲ
1318 2771 1422 2823 ὑπὸ
1449 2772 1542 2824 τοῦ
1575 2771 1790 2842 μακροῦ
1820 2773 1951 2842 χρό-

343 2873 466 2915 ανου
502 2862 636 2932 πρὸς
660 2861 759 2930 τὴν
798 2861 1097 2914 ἀκολασίαν
1129 2860 1452 2931 ὠφεληθεὶς,
1484 2863 1619 2917 ἀλλά
1643 2865 1958 2936 φιλονεική-

372 2969 471 3016 σας
499 2956 592 3008 καὶ
610 2954 824 3023 φύσεως
842 2953 1095 3023 ὠιρθῆναι
1121 2954 1385 3023 κρείττων
1403 2957 1463 3007 ἐν
1478 2959 1591 3020 τοῖς
1617 2958 1916 3027 αἰσχίστοις
1936 2974 1950 2988 ·

380 3047 534 3102 Ἐπεὶ
553 3043 645 3102 οὖν
667 3047 756 3101 τὸν
783 3048 954 3116 μέγαν
983 3048 1085 3118 ἤδη
1109 3047 1404 3100 Φλαϐιανὸν
1431 3051 1459 3101 ὁ
1483 3048 1590 3102 τῶν
1621 3051 1677 3103 ἐν
1707 3052 1955 3120 οὐρανοῖς

368 3139 739 3210 ἑορταζόντων
760 3135 872 3209 εἶχε
902 3138 1083 3210 χορὸς,
1113 3137 1294 3208 ἔρωτα
1320 3138 1464 3209 σχὼν
1482 3140 1583 3211 τῆς
1628 3142 1953 3212 Ἀντιοχέων

368 3232 726 3302 τυραννήσειν
743 3228 1405 3300 Ἐκκλησίας,ὲπιτηδείου
1420 3232 1614 3304 καιροῦ
1629 3232 1949 3305 λαϐόμενος,

372 3322 431 3375 ὲν
460 3315 504 3389 ᾧ
529 3322 732 3392 πᾶσαή
767 3320 923 3384 πόλις
950 3321 1030 3382 είς
1058 3319 1126 3374 τὰ
1155 3323 1297 3375 κατὰ
1336 3322 1558 3393 Δάφνην
1594 3324 1950 3403 ἐξεληλύθασι

369 3411 575 3481 θέατρα
605 3413 746 3465 κατά
767 3429 818 3463 τι
842 3406 1071 3465 παλαιὸν
1091 3411 1209 3474 έθος
1245 3414 1411 3466 εἰσέτι
1444 3416 1727 3485 γινόμενα,
1745 3418 1951 3470 Ἀντίο-

368 3504 464 3575 χόν
502 3521 562 3557 τε
596 3506 691 3557 καὶ
719 3500 1055 3575 Σεδηριανὸν
1102 3506 1264 3575 ἔχων,
1302 3507 1439 3575 πρὸς
1469 3507 1525 3560 δὲ
1552 3511 1648 3562 καὶ
1696 3510 1951 3564 Ἀκάκιον

367 3599 494 3660 τοὺς
516 3596 617 3667 τῆς
661 3595 919 3666 ἀληθείας
952 3597 1182 3669 ἐχθροὺς
1218 3596 1642 3669 συναιρομένους
1674 3601 1824 3671 αὐτῷ
1848 3598 1950 3670 τῆς

368 3684 690 3759 ἐπιθυμίας,
757 3688 1003 3761 ἐπιπηδᾷ
1038 3689 1115 3759 τῷ
1159 3688 1355 3760 θρόνῳ,
1404 3689 1657 3761 καθάπερ
1707 3693 1949 3763 κλέπτης

366 3783 463 3835 καὶ
506 3780 570 3833 οῦ
595 3781 798 3849 ποιμὴν
848 3776 946 3844 ὣν,
1011 3780 1104 3832 καὶ
1144 3779 1250 3832 ὑπὸ
1314 3778 1424 3832 τῶν
1488 3780 1702 3850 μιαρῶν
1738 3780 1947 3835 τούτων

365 3874 777 3945 χειροτονεῖται,
802 3873 1070 3940 τοσαύτην
1101 3872 1520 3938 εἰσενεγκόντων
1556 3871 1632 3940 τῷ
1658 3871 1945 3941 πράγματι

366 3969 464 4035 τὴν
488 3962 745 4033 σπουδὴν,
771 3963 845 4027 ὡς
870 3960 1005 4034 μηδὲ
1030 3963 1098 4015 τά
1126 3962 1488 4032 νενομισμένα
1527 3962 1946 4033 συντελεσθῆναι

365 4059 456 4112 διά
477 4059 539 4112 τὸ
579 4058 761 4128 τάχος.
802 4056 942 4109 Ἀλλ’
977 4048 1126 4109 οὗτοι
1159 4056 1260 4126 μὲν
1284 4054 1725 4124 οἰτελεσιουργοὶ
1754 4055 1863 4108 τῶν
1886 4055 1944 4107 ἐν

368 4153 552 4203 σκότει
583 4151 1015 4219 πεπραγμένων,
1102 4144 1283 4200 ποδῶν
1305 4142 1473 4218 εἶχον,
1500 4146 1662 4210 εὐθὺς
1692 4148 1945 4216 ἔφευγον,

366 4245 586 4314 ἄστροις
624 4241 1116 4313 ἐπισημαινόμενοι
1144 4240 1241 4312 τὴν
1270 4240 1409 4307 ὁδὸν,
1448 4241 1542 4292 καὶ
1571 4239 1755 4311 δρεσιν
1812 4238 1949 4293 ἀϐά-

364 4355 476 4399 τοις
508 4337 737 4399 έαντοὺς
779 4334 1197 4405 ἐπιτρέψαντες.
1245 4335 1308 4387 Ἡ
1334 4330 1391 4386 δὲ
1422 4333 1577 4395 πόλις
1614 4333 1690 4397 ὼς
1721 4333 1819 4402 ἤδη
1848 4332 1944 4385 τοῦ

363 4429 724 4499 τολμηθέντος
762 4427 981 4499 ᾔσθετο,
1013 4426 1290 4497 πανδημεὶ
1334 4426 1534 4489 πάντες
1575 4424 1941 4489 συνελθόντες,

2069 1312 2442 1368 examinatio:
2495 1316 2587 1370 sed
2623 1318 2851 1387 perinde
2913 1336 2976 1376 ac
3015 1324 3060 1378 si
3108 1336 3254 1380 esset
3291 1343 3380 1384 res
3420 1330 3556 1387 levis
3602 1346 3660 1389 et

2068 1396 2264 1467 facilis,
2294 1405 2385 1473 qui
2410 1406 2654 1463 voluerat
2676 1420 2769 1464 aut
2793 1413 2973 1481 potius
2993 1415 3084 1483 qui
3112 1416 3357 1485 dederat,
3383 1422 3448 1476 ad
3470 1424 3654 1480 sedem

2068 1497 2439 1562 perveniebat.
2478 1499 2598 1564 Quo
2638 1511 2882 1573 tempore
2905 1507 2996 1576 qui
3036 1509 3104 1563 ab
3127 1510 3214 1565 illa
3246 1528 3463 1583 quoque
3499 1519 3654 1572 beata

2066 1586 2248 1639 anima
2291 1589 2439 1657 juste
2468 1593 2622 1659 ejecti
2663 1595 2880 1652 fuerant
2914 1599 2983 1654 ab
3017 1602 3280 1670 ecclesiis,
3324 1623 3513 1665 rursus
3540 1626 3652 1666 non

2066 1676 2360 1734 difﬁciliter
2396 1682 2618 1740 fuerunt
2647 1685 2940 1744 introducti
2969 1710 2983 1745 :
3013 1695 3107 1748 sed
3126 1695 3225 1750 hos
3248 1709 3654 1771 contemptores

2065 1780 2191 1840 apte
2217 1775 2616 1843 aggredientes,
2631 1796 2724 1835 eas
2741 1793 2996 1839 emerunt
3013 1791 3280 1856 pecuniis.
3310 1793 3413 1858 Qui
3432 1798 3650 1865 quidem

1730 1845 1960 1954 Ἑφέσου
1995 1850 2036 1905 Β
2067 1860 2404 1927 Heraclidem
2430 1885 2669 1940 quoque,
2704 1875 2789 1927 cui
2826 1875 2894 1929 ab
2926 1845 3100 1933 illo-et
3132 1845 3651 1954 septuaginta—scil;

2065 1965 2153 2010 cet
2218 1960 2521 2031 episcopis,
2577 1964 3114 2038 dignecommissus
3182 1975 3358 2031 fuerat
3421 1980 3651 2037 thronus

2064 2045 2287 2131 Ephesi,
2315 2068 2436 2106 cum
2468 2053 2818 2112 inclusissent
2849 2062 2996 2119 etab
3028 2065 3260 2120 ecciesia
3291 2072 3645 2139 expulissent,

2063 2140 2267 2195 tribuni
2312 2142 2540 2199 Victoris
2612 2151 2925 2205 eunuchum
2962 2154 3017 2207 in
3051 2157 3178 2210 sede
3217 2158 3464 2229 virginis,
3508 2164 3648 2217 mal.~

2064 2229 2118 2300 (ο
2139 2233 2352 2301 justitia
2368 2247 2424 2290 et
2449 2237 2538 2291 Dei
2556 2240 3023 2314 patientia!)male
3041 2250 3326 2320 etindigne
3353 2254 3642 2320 collocmt,

2061 2340 2185 2378 cum
2207 2341 2313 2379 non
2338 2340 2484 2384 esset
2510 2333 2826 2388 semimalns
2843 2352 2942 2391 nec
2968 2329 3319 2405 tolerabiliter
3342 2344 3646 2415 improbus,

2061 2417 2157 2470 sed
2196 2428 2391 2497 aperte
2420 2414 2755 2479 cinaedus’et
2785 2433 3169 2487 exsecrandus.
3204 2432 3486 2508 Porphyrii
3531 2414 3644 2506 (5i)

2059 2517 2243 2562 autem
2270 2512 2554 2567 audaciam
2586 2524 2640 2569 et
2665 2516 2933 2588 insignem
2966 2522 3109 2576 illam
3130 2525 3641 2598 reiimpudentiam,

2057 2601 2182 2669 quis
2230 2604 2407 2661 libens
2455 2608 2674 2663 silentio
2720 2615 3098 2680 praeterierit?
3136 2617 3186 2671 ls
3229 2634 3417 2687 senex,
3477 2632 3533 2678 et
3588 2625 3643 2678 in

2059 2690 2429 2763 improbitate,
2478 2710 2537 2752 ut
2575 2701 2668 2769 qui
2709 2703 2762 2755 in
2796 2720 2861 2759 ea
2892 2705 3115 2762 ineunte
3151 2719 3312 2765 actate
3337 2724 3485 2768 esset
3510 2716 3646 2771 edu-

2058 2792 2201 2845 (ειυς),
2252 2799 2506 2845 accurate
2559 2803 2858 2849 \‘Cl‘SillUS:
2911 2808 3106 2866 pra'ter
3149 2805 3411 2872 temperis
3458 2816 3638 2863 auten:

2057 2874 2452 2945 longitudinem
2486 2882 2624 2936 nihil
2652 2887 2953 2942 remisisset
2979 2890 3047 2944 de
3083 2890 3523 2963 intemperantia,
3544 2902 3642 2955 sed

2056 2970 2433 3025 contendisset
2482 2974 2566 3026 vel
2619 2985 2815 3031 natura
2865 2979 3036 3034 videri
3078 2985 3330 3052 superior
3375 2987 3428 3040 in
3479 2989 3644 3046 rebus

2056 3059 2433 3128 turpissimis,
2492 3074 2781 3135 postquam
2841 3085 3103 3141 magnum
3151 3076 3265 3143 jam
3326 3076 3642 3135 Flavianum

2056 3165 2267 3217 corum,
2295 3154 2384 3222 qui
2425 3155 2478 3209 in
2510 3158 2663 3212 cmlis
2695 3159 2893 3214 festum
2921 3173 3110 3232 agunt,
3150 3168 3373 3224 tenebat
3413 3172 3641 3238 chorus,

2055 3251 2245 3310 captus
2282 3244 2556 3300 desiderio
2594 3246 2648 3299 in
2702 3249 2933 3306 ecclesia
2977 3254 3317 3312 Antiochena
3349 3263 3641 3318 exercendi

2054 3334 2421 3402 tyrannidem,
2449 3352 2571 3391 cum
2593 3339 2941 3398 observasse;
2964 3348 3267 3415 tcmpus,in
3289 3365 3397 3419 quo
3420 3355 3639 3408 univer-

2053 3437 2112 3476 sa
2145 3424 2340 3481 civitas
2375 3428 2603 3494 exierat,
2641 3440 2701 3486 ut
2737 3444 2821 3488 est
2859 3451 2976 3491 mos
3010 3438 3061 3492 ei
3103 3440 3380 3511 antiquus,
3420 3448 3485 3499 ad
3516 3462 3642 3517 spo-

2053 3512 2283 3579 etacula,
2319 3531 2439 3585 quae
2463 3518 2599 3574 ﬁunt
2629 3521 2683 3575 in
2713 3523 2957 3594 Daphne,
2993 3529 3322 3585 Antiochum
3356 3512 3565 3593 habens
3585 3549 3641 3592 et

2052 3603 2407 3662 Severianum
2455 3621 2511 3665 et
2563 3615 2844 3680 Acacium,
2892 3619 2983 3688 qui
3025 3632 3183 3676 erant
3216 3634 3404 3692 aperte
3431 3628 3636 3683 inimici

2050 3697 2316 3764 veritatis,
2349 3716 2507 3771 Opem
2547 3704 2787 3762 ferentes
2845 3710 2962 3778 ejus
3001 3712 3288 3780 cupiditati
3335 3718 3442 3785 (νει
3489 3720 3637 3774 enim

2050 3787 2225 3843 simile
2258 3790 2421 3845 simili
2459 3794 2754 3865 amicum),
2789 3798 2998 3854 invadit
3028 3802 3236 3864 sedem.
3271 3814 3329 3858 ut
3369 3807 3459 3875 qui
3488 3820 3640 3866 esset

2047 3879 2138 3937 fur
2172 3887 2229 3935 et
2257 3897 2362 3936 non
2395 3892 2581 3953 pastor
2602 3925 2617 3949 ,
2651 3897 2702 3940 et
2735 3889 2805 3941 ab
2837 3890 2922 3959 his
2950 3895 3273 3949 execrandis
3306 3898 3590 3954 ordinatur
3619 3915 3635 3957 :

2048 3964 2139 4038 qui
2174 3970 2223 4024 ei
2268 3969 2347 4026 rei
2397 3980 2600 4028 tantam
2635 3975 3004 4032 adhibuerunt
3041 3981 3403 4046 celeritatem,
3443 3994 3502 4037 ut
3534 4000 3639 4040 nec

2047 4077 2167 4130 quae
2182 4060 2249 4116 de
2277 4078 2429 4117 more
2445 4065 2662 4133 quidem
2695 4068 2872 4122 solent
2900 4050 3053 4133 fieri:
3083 4071 3262 4125 locum
3304 4075 3633 4143 repercrint.
3681 4074 3693 4095 ‘

2050 4147 2155 4206 Sed
2185 4151 2275 4207 isti
2299 4154 2515 4222 quidem
2537 4163 2965 4224 consecratores,
2995 4176 3117 4215 cum
3145 4163 3262 4217 hare
3290 4164 3428 4220 facta
3450 4175 3638 4222 eSsent
3742 4164 3754 4177 ’

2049 4244 2103 4298 in
2150 4245 2406 4311 tenebris,
2445 4263 2505 4303 se
2543 4250 2726 4304 statim
2780 4250 2835 4305 in
2881 4253 3049 4321 pedes
3088 4256 3462 4324 conjicientes,
3511 4258 3636 4330 fuga

2048 4335 2153 4391 sibi
2184 4339 2603 4404 consuluerunt,
2644 4343 2808 4398 astris
2845 4343 2988 4397 viam
3026 4353 3302 4410 notantes,
3335 4357 3391 4401 et
3432 4350 3634 4403 monti-

2047 4427 2153 4483 bus
2178 4429 2426 4485 inviis’se
2446 4434 2869 4490 committentes.
2892 4434 3098 4490 Civitas
3128 4447 3311 4491 autem
3345 4453 3468 4492 cum
3488 4440 3633 4507 quod

364 4521 618 4605 φριξγανά
641 4536 700 4572 τε
744 4503 866 4572 καί
894 4518 1007 4588 πῦρ
1066 4518 1205 4587 μετά
1256 4518 1445 4587 χεῖρας
1497 4516 1732 4587 ἔχοντες,
1791 4516 1944 4569 οὐδὲν

2054 4517 2156 4587 iam
2181 4518 2380 4573 factum
2419 4520 2598 4577 fuerat
2637 4525 2921 4585 sensisset,
2952 4525 3167 4595 publice
3206 4542 3397 4582 omnes
3426 4545 3634 4586 conve-

359 4605 526 4689 ἦττον
584 4608 679 4667 ita).
716 4613 871 4666 αὐτοὶ
929 4610 1076 4683 ζήλῳ
1131 4611 1232 4680 τὴν
1283 4609 1463 4680 ψυχὴν
1517 4610 1778 4679 ἡμμένοι,
1843 4608 1940 4662 τοῦ

362 4706 677 4777 Πορφυρίου
724 4705 1051 4776 κατέτρεχον
1108 4703 1223 4775 (καὶ
1272 4704 1381 4772 γὰρ
1408 4701 1645 4773 ⁴ᾔδεισαν,
1690 4696 1803 4764 οἷος
1850 4700 1943 4753 τὸν

360 4801 478 4872 βίον
501 4803 706 4863 ἐκεῖνος
735 4798 1018 4867 ἀνάγωγος
1048 4792 1165 4868 ἦν),
1196 4794 1344 4864 αὐτῷ
1366 4793 1576 4863 δώματι
1595 4793 1694 4863 τῆς
1717 4795 1940 4845 ἐπισκο-

361 4897 468 4966 πῆς
495 4892 796 4964 ἐνιπρήσειν
818 4889 983 4945 αὑτὸν
1010 4888 1345 4960 βουλόμενοι.
1365 4887 1422 4938 '0
1440 4885 1499 4938 δὲ
1532 4883 1593 4937 τὸ
1619 4884 1755 4956 πρὸς
1776 4882 1939 4936 αὑτὸν

361 4983 686 5055 αἰσθόμενος
776 4988 955 5056 μῖσος,
1012 4985 1257 5054 χρήμασι
1306 4983 1400 5034 τὸν
1457 4980 1938 5051 στρατοπεδάρχην

357 5078 704 5148 διαφθείρας,
757 5074 1045 5131 ἀναπείθει
1073 5073 1152 5144 τῷ
1183 5072 1325 5145 ὑπὲρ
1360 5071 1646 5135 εὐσεϐείας
1674 5070 1798 5140 γτῶν
1849 5089 1942 5124 πι-

361 5174 505 5225 στῶν
533 5171 684 5242 ζήλῳ
735 5166 1015 5240 δαιμόνιον
1043 5162 1366 5222 ἀνθοπλίσαι
1401 5165 1593 5234 θυμόν.
1625 5164 1735 5218 Καὶ
1757 5179 1939 5236 παρα-

360 5266 548 5335 χρῆμα
580 5265 899 5335 στράτευμα
922 5259 1310 5332 συνηθροίζετο
1338 5254 1460 5312 κατ’
1493 5257 1676 5310 αὐτῶν
1702 5256 1940 5327 πονηρὸν

364 5356 461 5407 καὶ
519 5356 835 5409 ἀτίθασσον.
895 5350 1030 5406 Εἶτα
1064 5350 1160 5404 καὶ
1215 5346 1455 5418 διωγμός
1480 5360 1563 5409 τις
1591 5347 1766 5416 μέγας
1796 5346 1941 5399 κατὰ

362 5446 473 5502 τῶν
514 5447 850 5519 Ἐκκλησιῶν
870 5442 1175 5516 ἠρεθίζετο,
1197 5440 1292 5495 καλ⁵
1319 5438 1574 5511 βασιλικά
1592 5437 1939 5508 διατάγματα

360 5541 456 5596 καὶ
483 5540 834 5611 θεσπίσματα
866 5536 1154 5600 ὑποϐολαῖς
1192 5532 1441 5589 Ἀττικοῦ
1509 5531 1626 5602 (καὶ
1674 5532 1783 5601 γὰρ
1816 5531 1939 5585 οὐδὲ

429 5683 543 5754 (50)
574 5680 698 5754 Vide
722 5677 952 5754 Njceph.
976 5679 1014 5733 l.
1045 5694 1163 5742 xm.
1193 5677 1330 5754 αρε)
1353 5693 1370 5754 ;_
1392 5674 1544 5731 Socr.
1572 5673 1715 5754 1.]1,
1820 5670 1887 5725 18
1920 5712 1935 5736 ,

357 5750 396 5805 1.
433 5741 537 5817 vn,
563 5768 612 5806 c.
642 5752 718 5814 ες
753 5741 879 5805 δοῑξ
912 5750 950 5805 l.
984 5765 1097 5804 VIII.
1119 5765 1169 5803 c.
1205 5749 1275 5802 27
1311 5763 1326 5813 ;
1356 5741 1394 5801 l.
1420 5762 1515 5812 vn,
1548 5760 1596 5799 c.
1619 5745 1655 5797 2
1690 5760 1704 5809 ;
1735 5741 1934 5796 Baron.

358 5823 426 5877 ad
459 5837 664 5877 annum
685 5820 809 5875 406.

2048 4609 2283 4674 nientcs,
2310 4622 2692 4683 sarmentaque
2717 4624 2771 4669 et
2801 4615 2979 4683 ignem
3001 4624 3251 4670 tenentes
3278 4617 3333 4670 in
3364 4619 3632 4683 rnanibus,

2048 4701 2149 4772 ipsi
2180 4720 2396 4774 quoque
2424 4705 2542 4760 zelo
2570 4722 2679 4760 non
2719 4707 2902 4761 minus
2941 4708 3285 4774 inflammati,
3318 4709 3637 4779 irruperunt

2032 4792 2117 4846 ‘ad
2150 4792 2511 4863 Porphyrium
2563 4796 2961 4865 (sciebatenim
2992 4799 3170 4868 qualis
3195 4808 3337 4854 esset
3359 4801 3633 4868 ejus'vita,

2048 4901 2210 4956 quam
2231 4887 2474 4942 insolens
2500 4899 2555 4942 et
2587 4904 2746 4958 quam
2780 4892 3300 4961 exsecranda),cum
3331 4890 3445 4960 ipsa
3473 4893 3635 4949 domn

2049 4968 2397 5049 episcopatus
2438 4995 2564 5035 eum
2598 4981 2842 5036 volentes
2866 4984 3278 5039 comburere.ls
3308 4992 3489 5036 autem
3509 4999 3632 5040 cum

2048 5070 2314 5127 sensisset
2351 5082 2680 5145 conceptum
2723 5075 2778 5127 in
2819 5089 2879 5130 se
2921 5074 3145 5143 odium,
3195 5077 3322 5131 duci
3362 5077 3633 5133 exercitus

2047 5173 2305 5234 corrupto
2319 5162 2584 5233 pecuniis,
2609 5165 2901 5235 persuadet.
2920 5168 3180 5224 adversus
3195 5169 3371 5225 zelum
3390 5169 3630 5224 ﬁdelium

2044 5270 2148 5325 pro
2190 5256 2394 5327 pietate
2432 5256 2567 5311 iram
2613 5272 2827 5312 armare
2872 5260 3306 5316 daemoniacam:
3341 5262 3632 5331 statimque

2044 5345 2149 5400 fuit
2182 5353 2542 5417 congregatus
2567 5345 2623 5400 in
2652 5361 2747 5401 eos
2768 5349 3040 5404 exercitus
3068 5365 3243 5405 smvus
3268 5360 3325 5407 et
3352 5353 3632 5420 immanis,

2044 5447 2101 5494 et
2146 5449 2309 5508 quem
2344 5452 2415 5495 ne
2458 5435 2616 5494 facile
2661 5437 2882 5509 quidem
2928 5442 3236 5510 potuissent
3269 5443 3509 5513 aggredi,
3537 5434 3633 5511 qui

2044 5532 2217 5584 aciem
2246 5531 2656 5586 instruxissent.
2684 5533 2891 5587 Deinde
2917 5534 3147 5587 excitata
3169 5541 3254 5588 est
3280 5549 3474 5604 magna
3502 5547 3635 5603 pert

2120 5668 2229 5737 (51)
2252 5668 2386 5735 Quis
2422 5678 2627 5732 autem,
2661 5677 2718 5724 et
2752 5668 2928 5739 qualis
2955 5668 3138 5733 fuerit,
3170 5675 3226 5723 et
3256 5681 3288 5721 a
3312 5667 3509 5739 quibus
3535 5680 3622 5722 στος

2049 5740 2287 5804 diu-atus,
2321 5741 2442 5795 vide
2474 5740 2673 5796 Baron.
2710 5738 2840 5794 toin.
2869 5738 2933 5805 V,
2971 5740 3038 5794 ad
3071 5752 3275 5793 annum
3313 5738 3439 5792 404.
