4126 6404
353 372 491 443 1201

1326 377 1500 440 ΥΙΤΑ
1544 379 1602 438 S.
1647 376 1970 439 JOANNIS
2009 376 2567 445 CHRYSOSTOMI.

3472 384 3612 450 110?.

364 484 615 539 Ἰωάννου
664 484 1007 544 κοινωνικοῖς
1069 482 1411 547 δπισκόποῖς.
1471 478 1632 536 Οῦτοι
1668 482 1776 553 γὰρ
1835 482 1929 537 καὶ

2037 482 2141 536 trio
2181 482 2344 539 simul
2381 499 2507 538 cum
2537 484 2775 561 Palladio
2815 497 2868 540 et
2911 485 3131 569 Lylysto
3170 489 3443 581 episcopis
3473 534 3485 557 ,
3518 497 3611 564 qui

353 575 557 646 προτοῦ
585 573 774 645 ἔτυχον
812 574 1181 639 κατελθόντες,
1212 577 1305 628 καὶ
1327 574 1636 646 φιλαλήθως
1661 578 1780 636 ταῖς
1825 572 1932 627 τῶν

365 667 652 738 Ῥωμαίων
682 667 875 730 ἀκοαῖς
899 666 1378 737 ὕπαγορεύσαντες
1409 667 1647 721 ἅπαντα.

423 845 546 904 ΝΖτ.
579 844 666 907 Ὠς
697 844 753 897 δὲ
780 844 880 915 ήδη
916 842 1222 916 παρέπλεον
1244 818 1361 913 ’τὴν
1398 842 1646 903 Ἐλλάδα.
1709 843 1933 915 συνελή-

353 936 568 1007 φθησαν
594 935 698 988 ὑπό
728 952 822 987 του
854 934 962 988 τῶν
992 932 1308 1004 χιλιάρχων,
1348 935 1542 1005 κομιδῇ
1577 932 1677 1002 τὴν
1706 932 1932 1005 γνώμην

351 1025 776 1099 διεφθαρμένου.
809 1025 909 1089 Ὃς
939 1043 1047 1079 τινι
1070 1026 1178 1079 τῶν
1214 1025 1308 1078 ὑπ’
1345 1025 1497 1096 αὐτῷ
1522 1026 1816 1097 παραδοὺς,
1869 1027 1930 1080 οὐ

354 1119 653 1190 συνεχώρει
683 1118 1084 1188 Θεσσαλονίκην
1134 1120 1283 1187 ἰδεῖν,
1321 1119 1439 1171 ἐκεῖ
1485 1119 1748 1189 πρότερον
1797 1136 1929 1190 προς

354 1213 504 1282 σχεῖν
529 1210 901 1282 βουλομένοις,
948 1210 1180 1283 Ἀνυσίῳ
1211 1228 1269 1263 τε
1320 1210 1402 1283 τῷ
1453 1211 1736 1285 ὲπισκόπῳ
1777 1213 1927 1282 παρὰ

352 1298 447 1354 τοῦ
497 1302 656 1354 πάπα
715 1302 1022 1372 γράμματα
1071 1302 1401 1373 ἐγχειρίσαι.
1446 1303 1592 1374 Πλὴν
1651 1303 1785 1357 ἀλλὰ
1836 1305 1931 1357 καὶ

352 1391 511 1450 τοῦτο
546 1392 730 1463 δρᾶμα
783 1390 851 1465 ἦν
880 1394 975 1447 καὶ
1007 1393 1173 1465 τέχνη
1201 1392 1302 1463 τῆς
1335 1394 1713 1466 πονηροτάτης
1737 1412 1930 1464 γυναι-

351 1484 464 1538 κῶν
503 1484 781 1551 Εὐδοξίας.
825 1483 973 1556 Αὕτη
1000 1486 1110 1557 γὰρ
1139 1485 1391 1557 μαθοῦσα
1430 1488 1531 1558 τὴν
1565 1485 1673 1541 τῶν
1711 1484 1930 1541 Ἰταλῶν

354 1574 668 1628 ἐπισκόπων
711 1574 1037 1648 ἀποστολὴν,
1094 1578 1190 1631 καὶ
1233 1569 1296 1630 οὗ
1333 1578 1492 1648 χάριν
1526 1579 1782 1649 μέλλουσι
1829 1580 1929 1650 τὴν

355 1662 767 1717 Κωνσταντίνου
797 1664 1148 1733 καταλαϐεῖν,
1178 1665 1377 1735 έφθανε
1396 1668 1711 1741 τεχνωμένη
1730 1669 1921 1731 ταῦτα,

353 1752 447 1806 καὶ
473 1755 537 1824 τῇ
569 1754 763 1826 γνώμῃ
791 1757 898 1809 τῶν
930 1757 1366 1813 ἀποστειλάντων
1411 1760 1611 1824 αὐτοὺς
1640 1761 1926 1832 ἀντικρού-

2034 586 2159 626 cum
2191 570 2401 629 Joanne
2428 572 2922 661 communicabant.
2956 577 2997 657 li
3030 581 3176 635 enim
3202 570 3358 652 'p‘rius
3383 574 3611 640 descen-

2035 664 2247 731 derant,
2280 673 2336 720 et
2368 664 2735 745 Romanorum
2766 671 2988 733 auribus
3016 673 3416 753 omniaaperte
3446 691 3614 755 expo-

2034 765 2282 812 suerant.

2103 846 2264 903 LVII.
2295 848 2432 905 Cum
2464 861 2647 933 autem
2681 854 2793 924 jam
2852 856 2906 909 in
2934 856 3197 914 Graeciam
3236 859 3603 929 navigassem,

2034 942 2416 1012 comprehensi
2452 942 2675 1023 fuerunt
2717 960 2760 1017 a_
2793 946 3026 1016 quodam
3056 936 3299 1005 tribuno
3352 937 3608 1016 militum,

2034 1042 2219 1107 mente
2247 1034 2403 1089 valde
2461 1045 2720 1106 corrupto
2752 1049 2807 1093 et
2858 1040 3177 1111 depravato.
3215 1041 3319 1107 Qui
3363 1058 3484 1097 cum
3516 1057 3611 1099 eos

2033 1124 2250 1180 cuidam
2283 1141 2351 1180 ex
2398 1126 2512 1186 suis
2539 1127 2876 1195 tradidisset,
2911 1147 3023 1185 non
3052 1133 3327 1188 concessit
3354 1142 3414 1187 ut
3462 1134 3611 1188 vide-

2038 1227 2162 1271 rent
2193 1216 2659 1287 Thessalonicam,
2689 1236 2814 1276 cum
2871 1223 3074 1278 vellent
3120 1207 3436 1294 illuc'prius
3486 1241 3612 1295 pro-

2036 1308 2227 1375 ﬁcisci,
2259 1318 2316 1364 et
2346 1309 2551 1381 Anysio
2597 1310 2858 1383 episcopo
2919 1314 3135 1370 tradere
3191 1316 3386 1371 missas
3412 1331 3443 1370 a
3474 1331 3612 1387 papa

2033 1398 2263 1475 litteras.
2287 1398 2558 1454 Caeterum
2588 1400 2691 1456 hoc
2719 1417 2937 1473 quoque
2966 1415 3086 1459 erat
3119 1405 3403 1460 inventum
3430 1390 3485 1462 et
3519 1422 3611 1461 ar-

2034 1488 2262 1543 tiﬁcium
2289 1488 2578 1544 mulierum
2599 1492 2847 1546 omnium
2870 1492 3305 1549 sceleratissima:
3324 1496 3607 1553 Eudoxiaz.

2033 1577 2168 1633 Nam
2194 1592 2320 1633 cum
2352 1580 2468 1650 ipsa
2503 1581 2806 1651 accepisset
2848 1581 3018 1638 fuisse
3071 1570 3269 1639 missos
3322 1585 3611 1657 episcopos

2035 1669 2216 1734 ltalos,
2239 1678 2294 1725 et
2317 1685 2553 1739 quanam
2586 1672 2652 1726 de
2671 1687 2834 1727 causa
2868 1674 3138 1740 venirent,
3183 1676 3301 1730 haec
3332 1676 3483 1746 prius
3530 1691 3615 1733 est

2036 1761 2365 1826 machinata,
2406 1772 2463 1818 et
2499 1763 2714 1818 obstitit
2745 1766 2917 1820 menti
2944 1781 3156 1834 eorum,
3197 1767 3290 1839 qui
3323 1768 3608 1826 miserant.

349 1861 507 1911 ουσα.
543 1846 635 1908 Et;
669 1846 765 1901 δύο
815 1849 1107 1920 τοιγαροῦν
1161 1850 1320 1904 πλοῖα
1380 1852 1517 1923 πρὸς
1550 1852 1643 1906 τοῦ
1679 1854 1929 1928 παραλα-

2037 1850 2092 1906 In
2118 1851 2254 1907 duas
2272 1852 2455 1923 itaque
2480 1867 2647 1909 naves
2670 1853 2833 1909 divisi
2861 1855 2929 1911 ab
2952 1871 3037 1919 eo,
3070 1856 3163 1927 qui
3186 1868 3489 1926 acceperat,
3512 1860 3611 1913 de-

351 1936 539 2000 ϐόντος
593 1936 985 2010 διαιρεθέντες,
1014 1941 1252 2014 δεκάτην
1277 1943 1491 2015 ἡμέραν
1523 1945 1603 2009 είς
1657 1961 1708 1999 τι
1733 1946 1932 2019 χωρίον

351 2025 526 2099 βραχὺ
579 2029 677 2099 τῆς
708 2029 917 2096 πόλεως
948 2033 1152 2103 ἀπέχον
1184 2035 1354 2104 ἐγγύς
1387 2053 1490 2090 που
1538 2036 1645 2092 τῶν
1674 2036 1932 2110 Βίκτορος

352 2120 813 2192 προσορμίζονται
847 2126 1211 2194 προαστείων.
1265 2122 1399 2182 Elea
1427 2127 1639 2183 ἐκεῖθεν
1687 2129 1932 2200 Μαρῖνός

349 2231 433 2277 τις
460 2213 631 2283 ὄνομα
662 2215 1002 2284 παραλαϐὼν
1058 2219 1281 2286 αὐτοὺς,
1335 2221 1416 2285 είς
1446 2220 1606 2275 τοῦτο
1642 2222 1796 2294 παρὰ
1829 2223 1931 2293 τῆς

353 2306 621 2376 βασιλίδος
661 2309 1095 2380 ἀπεσταλμένος,
1135 2312 1231 2365 καὶ
1274 2312 1380 2367 ἀνά
1414 2313 1551 2367 πόδα
1601 2312 1764 2369 πάλιν
1794 2317 1934 2382 άίγα-

352 2395 464 2464 γὼν
489 2397 568 2470 τῷ
601 2400 843 2472 φρουρίῳ
888 2402 985 2472 τῆς
1016 2401 1258 2474 Θρᾴκης,
1309 2403 1339 2457 δ
1385 2404 1620 2476 Ἀθύρας
1660 2406 1931 2473 καλεῖται,

353 2490 505 2561 βιαία
530 2492 624 2545 xal
649 2491 840 2564 γνώμῃ
867 2494 961 2547 καὶ
989 2497 1134 2564 χειρὶ
1167 2495 1719 2569 κατακλείει..Χωρὶς
1750 2497 1932 2552 τοίνυν

352 2583 402 2633 οἱ
440 2581 727 2651 Ῥωμαῖοι,
766 2586 860 2637 καὶ
915 2586 964 2637 οἱ
1014 2587 1141 2656 περὶ
1167 2587 1258 2639 τὸν
1311 2587 1615 2642 ἐπίσκοπον
1654 2590 1933 2660 κυριακὸν

355 2670 779 2738 ὲγκλεισθέντες,
803 2673 1057 2745 ᾐκίζοντο
1080 2675 1313 2744 πικρῶς,
1338 2678 1602 2748 ἡτάζοντο
1635 2680 1931 2750 στιϐαρῶς,

360 2765 580 2835 μυρίαις
611 2766 1032 2837 περιεϐάλλοντο
1069 2768 1285 2839 θλίψεσι
1329 2771 1426 2835 τὰς
1457 2774 1746 2838 ἐπιστολὰς
1771 2776 1933 2828 ἁπαι-

354 2857 628 2925 τούμενοι.
669 2857 756 2921 Ὠς
810 2858 868 2912 δὲ
899 2858 975 2932 μὴ
1002 2860 1196 2914 δώσειν
1231 2860 1442 2931 ἔλεγον,
1502 2867 1550 2917 εί
1586 2865 1663 2936 μὴ
1702 2865 1930 2936 βασιλέα

356 2946 661 3012 θεάσαιντο,
704 2950 961 3021 πρέσϐεις
998 2952 1168 3016 ὄντες,
1192 2953 1385 3024 πρῶτα
1422 2955 1520 3026 μὲν
1549 2957 1666 3021 ἐνὸς
1688 2957 1796 3012 τῶν
1825 2976 1933 3011 πα-

351 3041 579 3111 τρικίων
631 3043 1053 3108 ἀποσταλέντος,
1086 3037 1279 3101 ἔπειτα
1320 3047 1377 3100 δὲ
1417 3048 1514 3102 καί
1563 3067 1728 3103 τινων
1759 3050 1933 3105 ἄλλων

354 3136 658 3203 ἐπιφανῶν,
692 3140 786 3190 καὶ
812 3138 911 3201 τὰς
931 3138 1220 3203 ἐπιστολὰς
1243 3140 1747 3213 εἰσπραττομένων,
1775 3146 1931 3209 τέλος
1961 3175 2006 3234 c

353 3226 647 3297 Οὐαλέριός
683 3244 767 3292 τις
799 3228 994 3299 ονομα,
1031 3230 1402 3302 Καππαδόκης
1432 3234 1492 3287 τὸ
1522 3234 1696 3303 γένος,
1730 3235 1934 3307 θηριώ-

353 3319 450 3389 δης
479 3320 572 3371 τὸν
598 3321 823 3390 τρόπον,
854 3322 914 3388 ἐξ
949 3323 1294 3392 ίταμωτάτου
1331 3326 1428 3379 καὶ
1459 3326 1636 3396 βιαίου
1673 3330 1936 3400 πράγμα-

354 3429 443 3475 τος
480 3412 652 3481 ὄνομα
689 3410 871 3483 ἑαυτῷ
901 3413 1207 3484 περιθεῖναι
1269 3415 1615 3487 βουλόμενος,
1677 3420 1795 3483 ἐνὸς
1824 3420 1935 3473 τῶν

353 3506 692 3569 ἐπισκόπων,
728 3507 856 3576 παρ’
887 3499 930 3573 ᾧ
960 3505 1027 3559 τὰ
1058 3504 1151 3559 τοῦ
1187 3507 1455 3577 βασιλέως
1497 3511 1590 3562 καὶ
1613 3510 1724 3562 τῶν
1753 3510 1932 3564 ἄλλων

355 3600 658 3669 γράμματα
709 3596 797 3669 ἦν,
850 3601 942 3652 τὸν
993 3599 1278 3670 ἀντίχειρα
1335 3602 1656 3667 διακλάσας,
1706 3604 1846 3656 αὑτά
1871 3621 1934 3656 τε

354 3695 689 3764 ἀφαιρεῖται,
712 3694 805 3746 καὶ
835 3693 1039 3745 πυκτία
1064 3693 1160 3746 καὶ
1193 3694 1314 3765 ἱερά
1339 3696 1531 3763 σκεύη,
1560 3696 1655 3747 καὶ
1679 3695 1781 3747 ὅσα
1798 3695 1934 3765 πρὸς

354 3781 554 3851 ὠνησιν
585 3770 767 3843 αῦτοίς
816 3782 925 3834 τῶν
963 3782 1288 3852 ἐπιτηδείων
1317 3783 1560 3854 ἀργύρια
1592 3779 1660 3854 ἦν
1680 3800 1694 3813 ’
1741 3784 1805 3836 ἐκ
1839 3800 1936 3836 πο-

355 3876 525 3943 νηρᾶς
549 3872 825 3927 καὶτοῦτο
864 3874 960 3943 τῆς
987 3874 1230 3937 ἐπινοίας
1260 3873 1656 3946 γεγενημένον,
1688 3874 1776 3929 ἵνα
1814 3873 1926 3927 τῶν

354 3970 432 4030 εἰς
476 3967 576 4037 τὴν
608 3969 797 4039 χρείαν
856 3965 1311 4036 ἐξαπορούμενοι,
1347 3968 1441 4019 καὶ
1474 3965 1679 4037 πρᾶξαί
1737 3982 1790 4018 τι
1824 3964 1933 4017 τῶν

355 4063 506 4132 παρὰ
533 4060 759 4130 γνώμην
786 4060 1203 4128 ἀναγκασθεῖεν.
1239 4058 1333 4123 Εἰς
1375 4057 1433 4111 δὲ
1465 4057 1564 4129 τὴν
1616 4058 1931 4130 ὑστεραίαν,

355 4154 549 4224 ἄδηλον
580 4154 691 4206 εἴτε
716 4153 825 4207 τῶν
855 4152 956 4221 τῆς
1000 4150 1294 4221 βασιλίδος,
1331 4151 1441 4205 εἴτε
1476 4150 1533 4204 δὲ
1582 4151 1678 4204 καὶ
1711 4151 1819 4204 τῶν
1838 4150 1931 4204 τοῦ

365 4247 616 4302 Ἀττικοῦ
665 4264 809 4309 τινες
864 4246 1190 4316 ἀφικόμενοι
1232 4243 1439 4314 ἠξίουν,
1482 4242 1812 4314 τρισχιλίους
1836 4242 1933 4296 λα-

356 4339 550 4404 ϐόντας
569 4339 826 4410 χρυσοῦς,
861 4338 1090 4410 Ἀττικῷ
1128 4342 1226 4409 μὲν
1251 4339 1598 4407 κοινωνῆσαι,
1634 4336 1732 4404 τῆς
1759 4334 1935 4388 Ὶωάν-
1962 4352 1969 4359 ‘

357 4451 447 4488 νου
487 4433 545 4487 δὲ
599 4434 873 4505 ἀμελῆσαι
929 4433 1105 4500 δίκης.
1159 4431 1297 4494 Τοὺς
1340 4431 1396 4482 δὲ
1449 4430 1524 4499 μὴ
1575 4430 1933 4498 ἀνεχομένους

2034 1943 2180 1998 cimo
2201 1942 2290 1998 die
2310 1942 2596 2014 appellunt
2615 1944 2669 1998 in
2698 1945 2995 2014 quemdam
3016 1946 3220 2013 locum,
3242 1962 3349 2000 non
3376 1947 3610 2001 multum

2034 2033 2328 2090 distantem
2387 2049 2418 2089 a
2472 2033 2712 2100 civitate,
2760 2034 2855 2107 qui
2904 2033 3023 2092 e'rat
3078 2052 3248 2108 prope
3298 2038 3610 2093 suburbana

2035 2125 2289 2182 Victoris.
2316 2126 2523 2182 Deinde
2549 2141 2672 2181 cum
2726 2127 2876 2182 illinc
2908 2128 3128 2197 quidam
3185 2128 3343 2194 alius,
3391 2129 3612 2183 nomine

2033 2216 2327 2284 Marianus,
2360 2233 2455 2275 eos
2481 2219 2807 2290 accepisset,
2832 2234 2937 2275 nec
2958 2220 3048 2275 ille
3086 2220 3304 2291 quidem
3347 2221 3468 2275 sine
3496 2228 3614 2275 arte

2034 2318 2088 2365 et
2113 2311 2336 2376 malitia,
2367 2312 2463 2368 scd
2486 2312 2553 2367 ad
2575 2301 2681 2369 hcc
2706 2312 2908 2367 missus
2937 2312 3005 2368 ab
3025 2312 3393 2383 imperatrice,
3415 2314 3617 2368 evesti-

2035 2401 2122 2472 gio
2156 2416 2250 2456 eos
2273 2402 2447 2469 duxit,
2478 2411 2534 2476 et
2566 2402 2621 2456 in
2652 2402 2899 2458 custodia
2936 2402 3207 2468 Thraciae,
3238 2419 3360 2473 qua:
3393 2410 3618 2458 vocatur

2036 2496 2290 2567 Athyras,
2326 2496 2560 2552 violenta
2585 2504 2770 2551 mente
2801 2504 2855 2550 et
2886 2510 3051 2549 manu
3091 2510 3187 2551 eos
3222 2495 3445 2551 inclusit
3476 2494 3617 2565 (5'5).

2037 2587 2294 2644 Seorsum
2326 2603 2456 2660 ergo
2494 2587 2725 2643 Romani
2756 2595 2811 2643 et
2837 2585 3125 2652 Quiriacus
3160 2588 3455 2657 episcopus
3485 2603 3618 2642 cum

2037 2681 2152 2735 suis
2187 2680 2397 2746 inclusi,
2416 2680 2613 2736 acerbe
2636 2676 3049 2750 torquebantur,
3077 2681 3312 2751 graviter
3334 2680 3619 2735 examina-

2041 2774 2261 2835 bantur,
2287 2771 2671 2826 afﬁciebamur
2717 2772 2876 2826 malis
2914 2771 3433 2833 innumerabilibus,
3464 2781 3518 2826 et
3547 2774 3617 2827 ab

2037 2865 2117 2918 eis
2142 2864 2499 2934 exigebantur
2527 2864 2791 2933 epismlze.
2826 2848 2979 2919 Cum
3023 2872 3208 2917 autem
3262 2864 3510 2919 dicerent
3558 2880 3618 2919 se

2037 2970 2147 3010 non
2173 2956 2416 3019 daturos,
2441 2954 2545 3009 nisi
2577 2955 3263 3023 vidissentimperatorem,
3290 2970 3415 3007 cum
3432 2965 3620 3009 essent

2038 3047 2219 3119 legati,
2255 3046 2488 3115 primum
2553 3047 2773 3115 quidem
2828 3061 2937 3099 uno
2994 3045 3160 3098 misso
3213 3060 3280 3098 ex
3343 3046 3614 3113 patriciis,

2038 3138 2236 3193 deinde
2256 3138 2377 3192 aliis
2403 3152 2619 3207 quoque
2645 3137 2776 3191 viris
2795 3136 3097 3191 illustribus
3129 3142 3184 3190 et
3215 3135 3477 3205 epistolas
3502 3136 3618 3190 exi-

2038 3227 2312 3299 gentibus,
2348 3228 2565 3282 tandem
2605 3228 2827 3297 quidam
2862 3227 3106 3283 Valerius
3142 3227 3390 3295 nomine,
3421 3242 3621 3298 genere

2038 3321 2351 3390 Cappadox,
2388 3321 2632 3395 moribus
2658 3319 2935 3385 belluinis,
2955 3335 3022 3373 ex
3047 3335 3104 3372 re
3136 3318 3621 3388 impudentissima

2036 3422 2093 3468 et
2133 3414 2365 3468 violenta
2399 3414 2586 3469 volens
2612 3413 2713 3469 sibi
2745 3428 2950 3467 nomen
2994 3426 3333 3481 comparare,
3373 3426 3512 3465 unus
3552 3425 3620 3464 ex

2038 3509 2324 3578 episcopis,
2362 3511 2505 3579 apud
2532 3525 2693 3578 quem
2727 3516 2885 3563 erant
2916 3506 3113 3561 littera:
3144 3506 3208 3559 ad
3236 3507 3619 3575 imperatorem

2037 3609 2093 3654 et
2128 3603 2192 3655 ad
2227 3603 2384 3666 alios,
2416 3602 2590 3655 fracto
2620 3600 2835 3670 pollice,
2868 3615 2961 3653 eas
2990 3598 3188 3663 aufert,
3213 3607 3269 3651 et
3298 3598 3612 3669 pugillares,

2036 3701 2092 3746 et
2137 3707 2289 3745 sacra
2326 3706 2471 3756 vasa,
2508 3701 2562 3745 et
2615 3691 2879 3761 quidquid
2934 3690 3145 3760 argenti
3207 3700 3325 3742 erat
3360 3692 3440 3743 eis
3475 3691 3619 3743 usui.

2035 3780 2192 3847 Quod
2225 3782 2402 3850 ipsum
2454 3795 2670 3849 quoque
2712 3779 2855 3832 malo
2886 3779 3116 3832 consilio
3158 3776 3360 3831 factum
3418 3786 3520 3841 est,
3559 3788 3617 3831 ut

2037 3889 2162 3929 cum
2201 3874 2283 3928 eis
2306 3874 2561 3928 deessent
2586 3888 2708 3941 qua:
2736 3879 2865 3927 sunt
2891 3871 2959 3925 ad
2991 3884 3150 3924 usum
3176 3870 3503 3936 necessaria,
3527 3886 3622 3925 co-

2036 3970 2294 4036 gerentur
2325 3963 2528 4033 aliquid
2563 3963 2743 4017 facere
2775 3971 2972 4032 printer
3006 3961 3360 4017 sententiam.
3392 3960 3486 4015 Die
3517 3976 3620 4015 au-

2037 4066 2145 4110 tem
2182 4055 2455 4125 sequenti,
2485 4056 2754 4109 incertum
2790 4069 2858 4108 an
2887 4054 3066 4118 exiis,
3103 4054 3194 4122 qui
3245 4062 3403 4108 erant
3442 4053 3619 4123 impe-

2037 4149 2272 4212 ratricis,
2307 4163 2375 4203 an
2411 4164 2476 4203 ex
2511 4148 2597 4214 iis,
2640 4148 2733 4218 qui
2765 4157 2925 4203 erant
2962 4147 3149 4212 Attici,
3185 4148 3405 4216 quidam
3457 4162 3617 4202 acce-

2035 4243 2247 4306 dentes,
2282 4240 2538 4296 volebant
2566 4255 2660 4294 eos
2692 4256 2800 4293 non
2832 4239 3000 4310 gratis
3037 4253 3140 4293 nec
3197 4254 3365 4308 parvo
3420 4238 3619 4309 pretio,

2036 4335 2132 4391 sed
2165 4333 2405 4403 acceptis
2438 4333 2613 4387 tribus
2644 4332 2888 4387 millibus
2918 4346 3232 4394 aureorum,
3263 4346 3386 4384 cum
3440 4331 3621 4384 Attico

2035 4427 2259 4495 quidem
2310 4423 2740 4485 communicare,
2770 4422 2997 4476 Joannis
3031 4435 3160 4474 vero
3193 4436 3412 4473 causam
3445 4421 3621 4490 negli-

358 4529 505 4599 (‘éml
557 4525 654 4579 καὶ
716 4524 877 4595 ἔτυχε
910 4522 1186 4593 θειότερόν
1218 4538 1271 4573 τι
1327 4518 1649 4590 συμπεσόνο
1701 4509 1934 4586 διακόνῳ

2040 4531 2186 4589 gere.
2215 4515 2351 4571 Cum
2382 4515 2420 4569 ii
2444 4525 2624 4569 autem
2659 4515 2710 4568 id
2756 4513 3054 4583 passinon
3098 4520 3284 4565 essent
3339 4514 3487 4579 (nam
3519 4511 3621 4563 ali-

356 4624 464 4694 γάρ
508 4638 617 4675 τινι
658 4619 940 4690 Αἰμιλίου,
978 4616 1180 4687 Παύλῳ
1208 4610 1467 4683 τοῦνομα,
1511 4612 1672 4683 πράῳ
1703 4611 1799 4665 καὶ
1830 4610 1938 4662 σώ-

356 4731 513 4786 φρονι
542 4714 677 4776 δντι,
710 4712 921 4768 Παῦλον
956 4709 1049 4762 τὸν
1071 4709 1214 4761 θεῖον
1243 4707 1376 4775 ὄναρ
1399 4703 1656 4775 ὀφθέντα,
1678 4702 1941 4767 Βλέπετε,

356 4809 544 4877 φάναι,
582 4806 698 4870 πῶς
743 4805 1099 4874 περιπατεῖτε
1128 4817 1141 4832 ο
1177 4801 1233 4853 αἱ
1265 4800 1471 4869 ἡμέραι
1521 4795 1632 4866 γὰρ
1672 4794 1937 4866 πονηραίυ

354 4902 456 4972 τὴν
490 4901 578 4954 διὰ
595 4898 787 4971 δώρων
821 4898 915 4952 καὶ
950 4895 1240 4957 κολακείας
1297 4880 1740 4960 σπουδαζομένην
1791 4889 1935 4942 ἀπα.

352 5012 454 5066 την
497 4990 999 5064 ὑπαινιττόμενον),
1027 4988 1103 5059 μὴ
1147 4985 1513 5055 ἀνεχομένους
1547 4982 1749 5044 τοίνυν,
1795 4979 1932 5034 ἀλλὰ

353 5089 516 5143 τοῦτο
549 5086 711 5158 μόνον
765 5081 866 5155 τὴν
896 5082 1031 5154 πρὸς
1067 5082 1189 5141 τοὺς
1219 5075 1635 5141 ἀπεσταλκότας
1667 5074 1936 5144 ὑποστρο-

355 5184 462 5255 φὴν
480 5179 862 5249 αἰτουμένους,
894 5173 1189 5245 Οὐαλέριος
1212 5164 1368 5234 οὗτος
1398 5163 1481 5239 (οῦ
1502 5166 1560 5220 τὸ
1578 5167 1818 5255 ἐκμανὲς
1847 5165 1941 5219 καὶ

362 5254 532 5346 βίαιον
558 5271 963 5346 ἀνδραγάθημα
987 5269 1016 5321 ὁ
1056 5265 1324 5339 άντίχειρ)
1360 5263 1421 5317 οὐ
1455 5261 1662 5349 θρασὺς
1686 5254 1755 5329 ἦν
1782 5256 1940 5311 τοῦτο

365 5365 525 5436 μόνον
546 5366 640 5431 καὶ
660 5363 1060 5437 ἀπηνέστατος,
1091 5359 1229 5418 ἀλλὰ
1247 5357 1341 5438 καὶ
1367 5355 1670 5416 δεινότατος
1703 5368 1938 5421 κακουρ-

361 5460 548 5531 γῆσαι.
579 5458 750 5530 Δῆλον
785 5456 842 5511 δέ
868 5472 881 5486 ο
918 5454 1089 5527 πλοίῳ
1143 5452 1250 5525 γὰρ
1285 5448 1604 5533 σαθροτάτῳ
1641 5444 1939 5504 πιστεύσας

455 5615 543 5686 5'5)
567 5614 666 5669 llic
690 5611 1088 5667 convincuntur
1109 5607 1330 5667 erroris,
1355 5605 1445 5674 qui
1469 5603 1768 5684 Eudoxi-am
1794 5616 1936 5653 anno

431 5620 654 5742 xmorte
673 5681 965 5741 sublatam,
984 5681 1061 5734 uti
1080 5678 1331 5742 Prosper,
1347 5672 1675 5735 Marcellm.,
1696 5670 1936 5742 Lonaras

360 5688 429 5742 £0

476 5670 654 5741 m'orte
673 5681 965 5741 sublatam,
984 5681 1061 5734 uti
1080 5678 1331 5747 Prosper,
1347 5670 1675 5747 Marcellin.,
1696 5670 1951 5747 Zonaras.

362 5741 418 5813 et
443 5741 731 5814 Cedrenus
761 5752 968 5815 dicunt,
993 5765 1114 5804 cum
1142 5741 1233 5804 hic
1252 5757 1447 5815 auctor.
1464 5741 1719 5815 etrGraeci
1745 5756 1936 5815 omnes

362 5812 685 5905 qniVVitam;
715 5823 884 5880 sancti
949 5812 1327 5889 Chrysostomi
1369 5812 1794 5884 descripserunt,
1836 5812 1937 5868 ad-

2038 4611 2170 4681 quid
2197 4625 2415 4680 quoque
2446 4608 2721 4662 acciderat
2746 4606 3049 4662 divinitus:
3083 4603 3287 4658 Aimilii
3325 4604 3469 4657 enim
3502 4603 3623 4657 dia-

2040 4718 2199 4768 cono,
2233 4701 2402 4756 Paulo
2429 4700 2673 4765 nomine,
2702 4699 2795 4770 qui
2823 4706 2942 4753 erat
2986 4698 3301 4752 moderatus
3324 4705 3379 4750 et
3413 4705 3624 4766 tempe-

2039 4812 2186 4863 rans,
2215 4795 2433 4851 divinus
2462 4793 2661 4849 Paulus
2712 4791 2769 4847 in
2818 4790 3026 4846 somnis
3057 4805 3365 4860 apparens:
3403 4787 3623 4853 Videte,

2042 4890 2241 4959 inquit,
2277 4897 2338 4943 ut
2367 4896 2526 4942 caute
2583 4885 2895 4949 ambuletis,
2930 4884 3047 4938 dies
3090 4883 3232 4937 enim
3284 4881 3412 4936 mali
3449 4890 3618 4935 sunt:

2045 4982 2206 5037 tacite
2234 4981 2550 5052 signiﬁcans
2576 4979 2849 5041 fraudem,
2881 4978 2950 5031 ad
2979 4991 3141 5044 quam
3194 4975 3519 5029 muneribus
3567 4982 3623 5028 et

2039 5072 2322 5127 blanditiis
2370 5085 2466 5127 eos
2492 5071 2747 5125 studebat
2795 5067 3099 5139 inducere).
3127 5065 3266 5121 Cum
3325 5080 3453 5135 ergo
3509 5079 3622 5118 non

2039 5162 2186 5234 passi
2214 5170 2422 5228 essent,
2455 5162 2552 5217 sed
2580 5162 2682 5216 hoc
2723 5161 2898 5215 solum
2931 5166 3181 5228 peterent
3213 5166 3273 5212 ut
3298 5157 3489 5211 liceret
3535 5171 3622 5210 re-

2039 5258 2155 5312 dire
2183 5256 2251 5313 ad
2281 5270 2396 5321 eos,
2428 5255 2522 5324 qui
2547 5255 2829 5318 miserant,
2866 5251 3116 5307 Valerius
3143 5250 3266 5314 iste,
3287 5249 3445 5319 cujus
3475 5247 3623 5302 insa-

2039 5367 2169 5405 num
2202 5359 2253 5405 et
2285 5349 2585 5407 violentum
2621 5348 2831 5403 facinus
2864 5347 2965 5402 fuit
3003 5331 3195 5401 fractio
3235 5344 3470 5415 pollicis,
3497 5357 3623 5396 cum

2040 5459 2147 5499 non
2200 5443 2376 5497 solum
2426 5449 2575 5499 esset
2603 5440 2781 5496 audax
2812 5448 2867 5495 et
2894 5438 3185 5501 violentus,
3214 5436 3311 5493 sed
3357 5437 3522 5491 etiam
3555 5434 3627 5489 ad

2049 5595 2155 5651 huc
2194 5597 2392 5652 vixisse
2434 5595 2685 5659 doceant,
2739 5595 2850 5650 imo
2893 5601 2947 5649 et
2988 5593 3160 5648 tribus
3191 5589 3475 5645 mensibus
3500 5597 3624 5659 post

2044 5670 2219 5792 sinuet:
2258 5670 2355 5725 viri
2380 5668 2587 5724 obitum
2614 5657 2735 5721 Bar.
2779 5673 3007 5729 asserat,
3059 5678 3227 5734 quem.
3255 5660 3376 5717 vide
3410 5657 3542 5715 toni.
3580 5657 3622 5713 *ι
3660 5712 3665 5715 .

2090 5757 2193 5792 mm
2226 5779 2240 5792 .

2090 5757 2240 5795 ηηαι.
