4126 6408
466 424 608 491 1.103

1673 412 1957 474 MENSIS
1994 407 2450 471 JANUARIUS.

3587 390 3733 456 1205

468 532 824 597 maleﬁcium,
875 538 937 584 ut
996 543 1085 584 res
1137 527 1256 599 ipsa
1305 520 1587 590 indicabit,
1632 521 2041 584 callidissimus,

2172 514 2342 579 ιῦτοὺς
2401 512 2627 585 προνοίᾳ
2678 508 2774 563 τοῦ
2828 506 3111 569 ἀπολέσαι,
3146 501 3446 571 ἀνάγεσθαι
3496 502 3664 554 πάλιν
3698 504 3732 552 6

461 627 585 687 navi
641 626 755 695 jam
815 628 1088 676 vetustate
1125 617 1403 673 Iatiscenti
1461 625 1518 672 et
1564 616 1818 687 putridae,
1849 622 1909 667 ut
1949 627 2044 666 eos

462 728 649 790 aperte
678 716 948 788 perderet,
980 711 1353 779 committens,
1385 711 1687 766 sceleratus
1741 706 1910 779 jussit
1950 719 2044 759 eos

462 810 639 868 abire.
660 808 796 863 Cum
823 820 956 876 ergo
1005 820 1201 875 parum
1241 802 1530 866 abfuisset,
1560 801 1692 872 quin
1743 798 2048 853 inciderent

464 904 520 959 in
550 901 874 972 periculum,
918 898 1007 952 vix
1065 896 1281 950 tandem
1330 895 1534 959 evenit,
1591 902 1652 948 ut
1712 890 2049 962 appellerent

466 995 831 1063 Lampsacum
867 1009 883 1048 :
910 997 1110 1045 etcum
1144 989 1252 1042 illic
1270 994 1571 1042 mutassent
1600 983 1898 1054 navigium,
1925 988 2049 1052 post

465 1095 702 1157 quatuor
724 1098 945 1139 menses
992 1095 1198 1136 venere
1241 1080 1489 1133 Romam.
1524 1075 1840 1130 Innocentio
1868 1073 2048 1141 itaque

468 1186 872 1243 narrant,-qu:e
922 1173 1234 1228 acciderant
1291 1169 1545 1233 Quiriaco
1570 1176 1626 1223 et
1680 1164 1944 1228 Palladio,
1978 1178 2049 1217 an

467 1269 674 1340 aliquid
707 1268 788 1322 eis
830 1267 1033 1325 factum
1094 1273 1240 1323 esset
1292 1258 1768 1333 ignorantes;sed
1824 1272 1928 1311 nec
1982 1257 2051 1311 de

469 1358 680 1417 Joanne
720 1355 960 1409 valentes
984 1355 1142 1416 scire,
1178 1350 1305 1420 quid
1323 1349 1633 1404 accidisset.
1667 1347 1800 1412 Qua:
1829 1344 2051 1415 quidem

472 1448 658 1505 omnia
682 1446 937 1501 obtusum
970 1441 1214 1497 latebant
1239 1439 1557 1503 Arcadium,
1592 1446 1650 1492 ut
1688 1445 1876 1506 postea
1912 1434 2052 1490 seire

473 1541 651 1598 licuit.
687 1538 793 1593 Sed
816 1537 964 1591 enim
997 1549 1184 1589 rursus
1216 1532 1403 1586 redeat
1449 1531 1646 1595 oratio,
1683 1529 1826 1583 unde
1859 1537 1944 1582 est
1970 1527 2051 1581 di-

473 1644 683 1701 gressa,
709 1636 764 1682 et
809 1632 995 1686 narret
1044 1639 1132 1690 ea,
1163 1637 1284 1697 quae
1318 1629 1533 1676 restant
1596 1619 1665 1675 de
1719 1619 1810 1675 illo
1856 1632 2052 1693 magno

472 1720 707 1775 Joanne.

542 1809 725 1870 LVIII.
749 1809 1106 1868 Admirabilis
1143 1823 1275 1879 ergo
1305 1807 1395 1862 ille
1427 1806 1667 1863 Joannes
1716 1822 1840 1862 cum
1870 1806 2081 1865 Cucu-.

475 1918 599 1961 Sum
628 1905 892 1968 venisset,
925 1911 981 1957 et
1018 1901 1073 1955 in
1127 1900 1335 1955 aedibus
1373 1898 1627 1969 Adelphii
1669 1899 1803 1970 (54),
1838 1907 1897 1954 ut
1943 1899 2056 1968 jam

472 1994 732 2062 diximus,
755 1995 975 2066 degeret
993 1993 1125 2063 (illic
1141 1993 1288 2047 enim
1306 2006 1432 2047 eum
1460 1990 1827 2061 reliquimus),
1851 1990 2054 2045 multos

474 2087 694 2159 quidem
716 2103 989 2159 pauperes
1009 2086 1144 2141 aluit
1167 2100 1305 2157 pane
1323 2085 1565 2141 terrestri
1588 2087 1740 2153 (tunc
1766 2085 1912 2140 enim
1939 2098 2061 2157 gra-

473 2178 697 2236 vissima
747 2178 919 2257 fames
954 2193 1081 2233 eum
1120 2178 1299 2233 locum
1344 2177 1661 2248 invaserat),
1688 2178 1845 2248 longe
1876 2187 2059 2233 autem

486 2271 675 2341 plures
742 2271 1105 2335 nutrimento,
1148 2268 1292 2338 quod
1322 2286 1351 2322 a
1381 2269 1561 2340 lingua
1591 2269 2059 2342 sUppeditabatur,

476 2365 622 2434 quod
657 2371 713 2417 et
735 2379 830 2418 cor
864 2362 1155 2417 conﬁrmat
1190 2372 1243 2417 et
1291 2374 1531 2417 mentem
1567 2364 1860 2417 illuminat.
1887 2358 2062 2429 Quam

478 2454 684 2513 multas
704 2468 885 2508 autem
911 2455 977 2509 de
998 2454 1188 2509 multis
1209 2454 1533 2508 necessariis
1550 2454 1740 2508 habuit
1755 2454 2061 2507 orationes!

481 2543 615 2613 quid
654 2543 805 2598 enim
860 2558 928 2598 et
964 2543 1050 2609 iis,
1074 2558 1195 2613 qua:
1250 2543 1577 2614 contingent
1632 2558 1824 2614 aspera
1857 2553 1911 2598 et
1948 2560 2066 2597 mo-

483 2634 642 2699 lesta,
676 2635 850 2707 potuit
880 2635 1120 2707 linguam
1149 2635 1344 2690 sistere
1376 2652 1497 2705 qum
1522 2634 1723 2689 ﬂuebat
1754 2636 1924 2689 instar
1961 2636 2062 2688 ilu-

484 2726 963 2785 IDIIIIJIII?Hal)UIl
1001 2729 1165 2783 etiam
1199 2742 1309 2781 non
1344 2742 1547 2798 paucas
1578 2728 1645 2781 de
1695 2726 1980 2795 patientia,
2013 2734 2069 2779 et

482 2815 630 2885 quod
663 2831 775 2870 non
806 2816 982 2871 solum
1023 2825 1276 2888 oporteat
1320 2830 1434 2871 non
1487 2830 1610 2871 esse
1665 2814 1944 2879 socordes,
1971 2814 2068 2868 sed

480 2922 587 2966 nec
620 2907 824 2963 oﬂ'endi
850 2908 1136 2971 molestiis,
1171 2923 1308 2979 quas
1361 2906 1628 2978 contingit
1659 2906 1892 2977 perpeti.
1930 2906 2068 2959 Mul-

482 3007 553 3057 ιεε
580 3013 799 3070 quoque
820 3000 888 3053 ab
916 3014 983 3053 eo
999 2999 1218 3067 ,divinae
1252 2998 1568 3053 scribuntur
1591 2997 1835 3066 epistolae
1857 2996 1924 3050 ad
1943 3011 2071 3050 san-

481 3102 626 3147 ctam
644 3091 1041 3164 Olympiadem,
1075 3093 1132 3146 in
1161 3093 1360 3162 quibus
1388 3104 1766 3161 saepenumero
1794 3103 1961 3143 unum
1988 3088 2073 3142 di-

2150 606 2346 679 μιαρὸς
2408 604 2649 657 ἐκέλευε.
2698 600 2839 666 Παρ⁹
2874 598 3054 666 ὀλίγον
3100 594 3192 649 οὖν
3238 593 3451 647 ἐλθοῦσι
3492 591 3733 662 κινδύνῳ

2147 697 2487 767 περιπεσεῖν,
2546 692 2699 763 μόλις
2753 691 2937 752 αὐτοῖς
2996 686 3282 755 ἐξεγένετο
3328 687 3394 755 τῇ
3438 683 3735 754 Λαμψάκῳ

2148 788 2445 858 προσχεῖν·
2505 783 2761 841 κάκεῖθεν
2820 777 3156 850 ἀμείψαντες
3204 776 3268 829 τὸ
3298 774 3505 839 πλοῖον,
3539 772 3735 842 μηνῶν

2149 880 2432 949 τεσσάρων
2489 876 2591 945 τὴν
2622 872 2841 947 Ῥώμην
2883 867 3429 940 καταλαμϐάνουσιν·
3472 865 3738 916 Ἰννοκεν-

2149 971 2251 1041 τίῳ
2278 986 2340 1022 τε
2378 968 2696 1038 διηγοῦνται
2751 964 2822 1018 τὰ
2890 960 3264 1033 συμπεσόντα,
3296 960 3409 1022 τοῖς
3465 955 3596 1026 περὶ
3640 955 3743 1006 τὸν

2152 1063 2425 1136 Κυριακὺν
2454 1061 2549 1116 καὶ
2585 1058 2882 1113 Παλλάδιον
2911 1055 2964 1110 εῖ
2992 1073 3045 1109 τι
3070 1055 3167 1108 καὶ
3206 1051 3441 1120 γένοιτο,
3478 1044 3743 1136 ἀγνοοῦν-

2150 1134 2271 1218 τες·
2306 1153 2445 1207 ἀλλὰ
2486 1150 2621 1222 μηδὲ
2659 1152 2792 1219 περ).
2827 1147 3080 1201 Ἰωάννου
3109 1144 3160 1198 τί
3192 1141 3342 1216 αὐτῷ
3370 1138 3616 1208 συμϐαίη
3642 1134 3745 1188 δυ-

2152 1247 2405 1318 νηθέντες
2465 1245 2675 1316 μαθεῖν.
2707 1239 2896 1294 Ταῦτα
2921 1240 2979 1293 δὲ
3015 1238 3194 1293 πάντα
3226 1237 3319 1289 τὸν
3355 1231 3500 1304 νωθῆ
3523 1228 3744 1284 διελάν-

2155 1338 2316 1391 θανεν
2354 1330 2805 1406 Ἀρκάδιοῃρῶς
2859 1347 2924 1399 γε
2969 1329 3198 1399 ὕστερον
3254 1326 3463 1394 ὑπῆρξε
3510 1320 3744 1406 μαθεῖν.

2166 1426 2327 1481 Ἀλλά
2351 1404 2458 1496 γὰρ
2482 1426 2511 1477 ὁ
2536 1424 2693 1490 λόγος
2719 1420 2961 1474 ἐπανίτω
2998 1418 3160 1496 πάλιν
3186 1416 3309 1470 ὅθεν
3336 1404 3525 1484 ὲξέϐηζ
3553 1411 3654 1465 καὶ
3669 1413 3748 1467 τὰ

2157 1518 2299 1571 κατὰ
2328 1517 2419 1569 τὸν
2453 1513 2626 1589 μέγαν
2648 1511 2915 1564 ὑπόλοιπα
2942 1506 3255 1584 διηγείσθω.

2229 1768 2362 1841 NH’.
2412 1786 2470 1837 '0
2513 1784 2693 1837 τοίνυν
2751 1781 3063 1852 θαυμαστός
3128 1776 3407 1845 Ἰωάννης,
3459 1789 3527 1843 τε)
3598 1772 3752 1825 hou-

2089 1864 2130 1923 Β
2161 1876 2342 1949 κουσῷ
2391 1872 2736 1947 προσϐαλὼν,
2787 1874 2882 1927 καὶ
2919 1872 2978 1923 ὲν
3014 1868 3094 1940 τῷ
3139 1864 3446 1934 Ἀδελφειοῦ
3497 1861 3759 1933 otium-6t.-

2162 1971 2311 2038 άγων
2349 1967 2623 2040 (καθάπερ
2651 1964 2884 2035 ἔφημεν.
2930 1963 3080 2016 Ἐκεῖ
3108 1959 3219 2031 γάρ
3257 1958 3422 2012 αὐτὸν
3449 1957 3757 2027 γενόμενον

2160 2058 2575 2132 κατελίπομεν),
2597 2058 2825 2120 πολλοὺς
2848 2054 2946 2126 μὲν
2966 2050 3207 2125 πένητας
3226 2049 3303 2122 τῷ
3335 2047 3443 2104 ἀπὸ
3468 2048 3570 2118 γῆς
3591 2047 3759 2117 ἐθρε-

2162 2154 2262 2224 ψεν
2294 2154 2445 2225 ἄρτῳ
2484 2151 2602 2223 (καὶ
2634 2149 2744 2222 γὰρ
2808 2149 2968 2218 ἔτυχε
2998 2146 3120 2199 τότε
3151 2144 3312 2214 λιμὸν
3341 2138 3646 2210 ἐπισκῆψαι
3670 2137 3765 2209 τῷ

2162 2249 2315 2319 τόπῳ
2334 2242 2680 2316 βαρύτατον),
2712 2241 2892 2313 πολλῷ
2913 2240 2970 2293 δὲ
2995 2236 3213 2299 πλείους
3235 2235 3330 2288 καὶ
3355 2236 3422 2305 τῇ
3447 2233 3554 2287 ἀπὸ
3578 2230 3761 2300 γλώσ-

2168 2358 2265 2410 σης
2286 2337 2647 2412 πηγαζομένῃ
2662 2338 2859 2407 τροφῇ,
2885 2333 2921 2405 ἢ
2937 2332 3030 2386 καὶ
3049 2329 3280 2400 καρδίαν
3306 2323 3413 2379 οἵδε
3445 2323 3763 2395 στηρίζειν,

2167 2435 2262 2486 καὶ
2309 2432 2568 2503 φωτίζειν
2607 2430 2847 2484 διάνοιαν
2868 2446 2883 2457 ·
2920 2423 3147 2486 πολλοὺς
3169 2424 3226 2475 δὲ
3258 2420 3352 2475 καὶ
3387 2418 3518 2488 περὶ
3539 2416 3767 2469 πολλῶν

2168 2526 2278 2583 τῶν
2295 2523 2611 2593 ἀναγκαίων
2628 2519 2987 2589 έκπεφώνηκε
3009 2516 3202 2584 λόγους
3240 2511 3313 2584 (τί
3342 2511 3451 2581 γὰρ
3479 2509 3588 2562 τῶν
3614 2524 3684 2560 συ
3693 2524 3773 2577 μ-

2170 2611 2466 2672 ϐαινόντων
2485 2614 2723 2685 ἀνιαρῶν
2739 2614 2984 2682 ἐπισχεῖν
3009 2610 3240 2683 ἠδύνατο
3264 2607 3536 2677 γλῶσσαν,
3555 2604 3645 2656 ἶσα
3660 2601 3766 2654 καὶ

2173 2713 2437 2782 ποταμοῖς
2473 2704 2771 2777 ρέουσαν;)
2802 2704 3019 2766 πλείους
3050 2704 3107 2755 δὲ
3134 2703 3260 2764 τοὺς
3296 2700 3427 2771 περὶ
3474 2693 3769 2766 ὑπομονῆς

2171 2804 2293 2883 ᾖσε,
2328 2810 2426 2858 καὶ
2451 2801 2544 2855 τοῦ
2566 2801 2642 2870 μὴ
2665 2799 2777 2852 δεῖν
2811 2798 2886 2871 μὴ
2904 2797 2987 2850 ὅτι
3008 2793 3083 2866 μὴ
3120 2792 3383 2867 ῥᾳθυμεῖν
3416 2789 3599 2861 μόνον,
3619 2784 3766 2840 ἀλλὰ

2178 2877 2314 2971 μηδὲ
2347 2893 2646 2948 σκάνδαλον
2684 2888 3005 2959 ὑπομένειν,
3043 2888 3128 2955 ἐφ’
3156 2879 3238 2946 οἷς
3276 2880 3521 2971 χρῆσθαι
3554 2877 3767 2931 πολλά-

2177 2970 2263 3052 κις
2291 2988 2557 3057 λυπηροῖς
2605 2982 2899 3054 συμόαίνει
2925 2995 2939 3010 ⁸
2991 2977 3191 3040 πολλάς
3228 2975 3284 3031 δὲ
3338 2974 3431 3026 καὶ
3458 2970 3566 3025 τῶν
3594 2970 3765 3023 θείων

2180 3076 2477 3133 ἐπιστολῶν
2517 3077 2651 3146 πρὸς
2692 3068 3035 3141 Ὀλυμπιάδα
3056 3064 3313 3130 συνέταξε
3344 3064 3445 3131 τὴν
3487 3061 3668 3125 ὁσίαν,
3703 3061 3768 3112 ὲν

481 3182 559 3237 cit
586 3197 709 3238 esse
752 3183 1014 3246 terribile,
1073 3198 1273 3252 nempe
1301 3191 1582 3253 peccatum
1614 3198 1628 3234 :
1670 3189 1724 3234 et
1749 3181 1797 3234 ei
1830 3191 2069 3235 recenset

2177 3169 2266 3235 αἶς
2324 3168 2612 3233 πλεονάζει
2644 3183 2705 3218 τε
2759 3165 2957 3232 λέγων,
3015 3162 3098 3214 ὅτι
3129 3158 3188 3211 ἓν
3231 3155 3462 3228 φοϐερὸν
3521 3155 3685 3225 μόνον
3727 3154 3772 3227 ἡ

483 3275 788 3339 molestias,
808 3290 930 3344 qua:
953 3284 1259 3329 evenerunt
1283 3274 1338 3327 in
1362 3274 1583 3335 itinere,
1611 3281 1667 3327 et
1692 3286 1812 3325 eam
1828 3286 2069 3325 mceren-

485 3377 597 3427 tem
630 3374 856 3436 propter
886 3367 1004 3436 ejus
1036 3366 1394 3435 privationem
1428 3365 1656 3419 studens
1681 3378 1953 3426 recreare,
1988 3363 2073 3417 eiu

486 3458 600 3517 licit
630 3466 692 3515 ut
721 3472 831 3511 non
859 3458 931 3511 sit
967 3456 1395 3527 desperandum,
1421 3458 1539 3511 fore
1585 3464 1646 3509 ut
1707 3471 1833 3511 eum
1885 3472 2076 3512 rursus

486 3548 802 3602 conveniat.
835 3542 1149 3614 Quinetiam
1183 3545 1645 3617 quemadmodum
1680 3559 1804 3598 cum
1849 3544 1933 3599 via
1961 3559 2076 3598 mo-

485 3641 625 3698 leste
654 3641 708 3694 in
746 3654 962 3694 summo
987 3640 1192 3695 aestatis
1222 3639 1408 3710 vigore
1440 3646 1813 3709 perageretur,
1834 3646 1890 3695 et
1912 3638 2077 3693 velte-

487 3746 647 3791 mens
677 3748 802 3787 eum
831 3732 1002 3789 febris
1039 3731 1242 3787 invasit
1294 3741 1352 3786 et
1387 3731 1527 3785 mala
1558 3731 1847 3795 stomachi,
1895 3741 1950 3786 et
1984 3733 2075 3801 qui

492 3824 672 3879 in'bis
698 3824 857 3896 longe
884 3831 1003 3879 erat
1033 3825 1248 3896 gravior
1280 3823 1582 3878 sceleratus
1610 3823 1817 3888 Gallus,
1855 3824 1942 3878 cui
1973 3822 2078 3879 fuit

487 3920 557 3976 ad
592 3921 906 3977 ducendum
954 3921 1039 3976 vir
1065 3922 1154 3976 ille
1200 3922 1386 3991 justus
1424 3921 1772 3977 commissus.
1807 3922 2079 3987 Prii-terea

488 4021 695 4078 autem,
728 4014 1213 4088 quemadmodum,
1249 4031 1371 4068 cum
1405 4014 1472 4068 ad
1493 4015 1768 4084 quoddam
1798 4014 2081 4070 venissent

418 4096 421 4097 ⁷
507 4104 876 4169 ὶὶγει·εοι·ἰυιιι,
895 4105 1080 4165 omnia
1111 4106 1220 4160 illis
1254 4106 1479 4161 molesta
1500 4105 1836 4171 acciderunt,
1866 4121 2078 4172 eorum,

490 4196 587 4274 qui
615 4197 859 4266 ipsorum
884 4214 1071 4256 curam
1096 4207 1368 4269 gererent,
1395 4198 1654 4264 solitudo,
1679 4198 1864 4267 inopia
1898 4212 2081 4251 rerum

493 4289 926 4344 necessariarum
962 4290 1110 4360 (utor
1127 4291 1273 4345 enim
1295 4291 1400 4345 illis
1423 4291 1629 4345 eisdem
1648 4289 1829 4344 verbis
1845 4288 2083 4359 aureis);

494 4380 706 4441 nullum
738 4381 933 4436 adesse
964 4382 1260 4448 medicum,
1285 4392 1464 4437 metus
1513 4382 1832 4452 irruptionis
1853 4380 2086 4435 Isauro-

496 4488 641 4539 rum,
672 4483 727 4529 et
760 4490 908 4544 spes,
943 4474 1059 4531 fore
1089 4484 1150 4529 ut
1188 4491 1310 4549 mox
1345 4475 1401 4529 in
1457 4490 1647 4530 eorum
1701 4490 1897 4531 manus
1924 4474 2088 4528 deve-

2178 3264 2445 3333 ἁμαρτία,
2497 3262 2593 3313 καὶ
2648 3259 2779 3329 περὶ
2817 3255 2925 3309 τῶν
2982 3251 3378 3323 συμπεσόντων
3434 3246 3583 3317 αὐτῷ
3629 3247 3769 3316 περὶ

2173 3358 2274 3427 τὴν
2317 3355 2434 3408 ὁδὸν
2494 3350 2737 3422 ἀνιαρῶν
2787 3348 3072 3411 διέξεισιν·
3132 3345 3281 3406 ὅπως
3327 3358 3389 3393 τε
3440 3338 3768 3409 ἀθυμοῦσαν

2175 3448 2263 3501 διὰ
2285 3446 2382 3521 τὴν
2409 3446 2661 3515 στέρησιν
2683 3437 3021 3494 ἀνακτᾶσθαι
3046 3434 3388 3506 βουλόμενος,
3424 3431 3586 3492 Ἴσως
3612 3430 3767 3498 ἡμᾶς

2177 3542 2364 3604 πάλιν,
2414 3541 2640 3608 γράφει,
2693 3533 2786 3586 τοῦ
2821 3531 2957 3585 θεοῦ
3008 3530 3393 3598 ἐπιτρέποντος
3445 3522 3603 3593 ὄψει·
3668 3524 3772 3574 καὶ

2179 3632 2327 3694 ὅπως
2375 3633 2440 3700 τῇ
2470 3628 2569 3698 τῆς
2617 3625 2737 3678 ὁδοῦ
2786 3622 3168 3692 ταλαιπωρίᾳ,
3229 3617 3425 3688 θέρους
3487 3615 3638 3683 ἀκμῇ
3688 3611 3770 3665 δι-

2179 3726 2505 3795 ανυομένης,
2541 3721 2636 3774 καὶ
2661 3717 2893 3790 πυρετὸς
2937 3715 3250 3782 ἐπέσκηπτε
3298 3707 3519 3774 λάϐρος,
3575 3708 3671 3758 καὶ
3697 3706 3777 3760 τὰ

2181 3822 2245 3872 ὲκ
2276 3816 2370 3870 τοῦ
2403 3815 2675 3885 στομάχου
2705 3812 2874 3874 κακὰ,
2905 3810 3047 3861 καὶὸ
3076 3802 3254 3874 τολλῴ
3291 3802 3500 3858 τούτων
3535 3797 3771 3868 βαρύτε-

2186 3928 2297 3983 ρος,
2319 3910 2347 3962 ὁ
2364 3907 2618 3979 πονηρὸς¹
2642 3906 2810 3974 φημὶ,
2829 3901 3094 3970 Γαλάτης,
3112 3899 3267 3965 ἄγειν
3290 3894 3452 3948 αὑτὸν
3475 3906 3772 3945 πεπιστευ-

2185 4003 2361 4075 μένος·
2428 4002 2521 4055 xci.
2549 4000 2625 4062 ὡς
2671 3996 2972 4067 καταγωγῇ
3018 4009 3125 4046 τινι
3184 3984 3552 4059 προσϐαλοῦσι
3586 3984 3773 4039 πάντα

2183 4093 2346 4148 πάλιν
2373 4093 2609 4158 συνήντα
2640 4089 2703 4141 τά
2729 4086 2971 4156 λυπηρὰ,
2995 4082 3106 4136 τῶν
3134 4079 3546 4152 θεραπευόντων
3572 4078 3605 4147 ἡ
3635 4076 3773 4149 ἐρη-

2188 4187 2309 4257 μία,
2343 4183 2452 4237 τῶν
2511 4181 2830 4251 ἐπιτηδείων
2862 4174 3119 4251 ήάπορία
3157 4173 3360 4244 (αὐτοῖς
3396 4171 3506 4241 γὰρ
3531 4168 3783 4229 ἐκείνοις.

2184 4282 2296 4341 τοῖς
2351 4279 2571 4347 χρυσοῖς
2621 4274 2901 4347 κέχρημαι
2936 4266 3159 4337 λόγοις),
3212 4268 3272 4318 τὸ
3316 4264 3522 4333 μηδένα
3583 4261 3775 4329 ίατρὶν

2187 4374 2466 4441 παρεῖναι,
2500 4371 2528 4421 ὁ
2570 4368 2666 4440 τῆς
2703 4364 2896 4434 ἐφόδου
2944 4361 3055 4415 τῶν
3093 4358 3354 4428 Ίσαύρων
3379 4357 3564 4426 φόῢος,
3591 4357 3683 4406 καὶ
3736 4354 3776 4423 ἡ

2188 4464 2311 4517 ὅσον
2359 4461 2514 4515 οὔπω
2577 4461 2657 4522 εἰς
2698 4460 2886 4529 χεῖρας
2940 4453 3118 4508 αὐτῶν
3147 4447 3506 4519 ἐμπεσεῖσθαι
3554 4445 3775 4516 μέλλειν

495 4562 699 4625 nirent.
733 4563 876 4635 Quid
908 4580 1061 4632 vero,
1115 4546 1209 4634 qui
1265 4576 1466 4635 praeter
1499 4580 1720 4620 omnem
1782 4565 2069 4619 bestiarum

2189 4556 2366 4620 ἐλπὶς,
2428 4555 2479 4606 οί
2524 4551 2889 4623 ἐπιμανέντες
2940 4545 3087 4616 αὐτῷ
3141 4543 3404 4616 μοναχοὶ,
3476 4542 3570 4593 καὶ
3615 4539 3775 4609 παρὰ

495 4653 768 4717 feritatem
796 4657 852 4711 in
905 4672 1030 4715 eum
1080 4657 1337 4717 furebant
1391 4659 1669 4723 monachi,
1702 4658 1979 4712 minantes
2026 4672 2086 4712 se

496 4762 622 4805 eum
676 4748 1063 4805 combusturos
1108 4765 1231 4806 esse
1286 4766 1411 4804 eum
1443 4750 1559 4825 ipsa
1586 4751 1771 4815 domo,
1804 4757 1860 4804 et
1889 4764 2083 4818 quem-

497 4838 794 4899 admodum
824 4855 855 4899 a
896 4841 1050 4896 febre
1072 4843 1216 4904 male
1245 4840 1527 4906 allectum,
1556 4850 1610 4895 et
1645 4842 1712 4896 de
1744 4841 1939 4895 itinere
1968 4841 2086 4896 val-

497 4928 565 4992 de
614 4926 843 5000 fessum,
875 4931 967 4999 qui
1016 4946 1140 4985 eum
1193 4931 1557 4995 abducebant,
1605 4944 1714 4983 non
1764 4930 1926 4983 modo
1955 4944 2079 4983 eum

498 5017 646 5079 nulla
679 5019 886 5090 dignati
925 5029 1053 5074 sunt
1086 5019 1485 5084 misericordia,
1537 5017 1634 5073 sed
1664 5033 1759 5072 eos
1784 5018 1967 5083 etiam,
1988 5019 2079 5087 qui

500 5108 776 5175 volebant,
819 5110 1207 5179 prohibebant,
1262 5110 1540 5163 minantes
1589 5109 1670 5162 eis
1730 5119 1974 5165 extrema
2029 5117 2085 5164 et

498 5204 743 5265 omnium
777 5188 1009 5261 maxime
1033 5205 1300 5261 terribilia
1330 5203 1486 5273 (55)?
1518 5202 1722 5258 Praeter
1741 5204 1858 5259 haec
1877 5213 2082 5269 autem,

499 5295 715 5369 qualem
762 5296 901 5351 viam
948 5297 1179 5368 peregit,
1234 5310 1432 5365 nempe
1487 5296 1734 5361 arduam,
1785 5296 2084 5365 lapidosam

499 5388 559 5447 ct
577 5384 874 5455 diﬁicilem,
908 5387 1072 5456 idque
1099 5402 1222 5441 cum
1247 5402 1389 5457 πει-ε
1421 5396 1609 5456 posset
1630 5386 1865 5457 ingredi,
1898 5394 2087 5455 utpote

502 5479 649 5555 quod
679 5480 729 5534 ei
758 5489 904 5541 esset
930 5481 1069 5535 male
1099 5480 1355 5534 allectum
1397 5494 1618 5550 corpus,
1648 5488 1909 5555 quantum
1935 5495 2002 5534 ex
2022 5492 2089 5533 eo

464 5695 479 5707 ⁴
719 5686 1166 5769 Chrysostomum
1196 5701 1305 5739 non
1341 5700 1556 5769 semper
1592 5685 1644 5736 in
1686 5683 1893 5769 aedibus
1921 5681 2085 5769 bdel-

507 5756 1268 5831 pliiiGueusi’cqmmoratutn,
1295 5757 1402 5831 sed
1417 5759 1579 5808 etiam
1604 5759 1746 5831 apud
1774 5756 2090 5831 uesperum

507 5822 627 5899 eius
667 5829 861 5881 ducent
891 5826 1166 5895 Epistolas.
1209 5824 1336 5880 Vide
1365 5825 1563 5880 Bai-on.
1602 5826 1667 5879 ad
1701 5839 1788 5879 an.
1822 5822 1951 5883 404.

2192 4651 2376 4704 πᾶσαν
2411 4646 2714 4720 ἀγριότητα
2757 4642 2965 4717 θηρίων
3018 4640 3155 4709 αὐτῇ
3197 4637 3347 4708 οἰκίᾳ
3399 4632 3776 4688 κατακαύσειν

2188 4741 2353 4794 αὑτὸν
2397 4736 2747 4799 ἀπειλοῦντες
2776 4750 2789 4764 ·
2827 4734 2975 4796 ὅπως
3000 4747 3060 4784 τε
3091 4731 3345 4800 πονήρως
3401 4726 3507 4780 ὑπὸ
3534 4724 3629 4779 τοῦ
3659 4741 3775 4776 πυ-

2192 4829 2349 4904 ρετοῦ
2402 4828 2768 4899 διακείμενον,
2816 4826 2913 4878 καὶ
2964 4823 3086 4877 λίαν
3141 4822 3423 4893 κάμνοντα
3475 4817 3620 4872 κατά
3668 4818 3777 4888 τὴν

2190 4923 2331 4990 ὁδὸν,
2362 4924 2412 4976 oi
2445 4923 2750 4990 ἀπάγοντες
2779 4917 2841 4972 οὐ
2876 4916 3036 4988 μόνον
3091 4914 3245 4968 αὐτοὶ
3271 4912 3442 4966 ἐλεεῖν
3467 4911 3569 4964 οὐκ
3600 4905 3777 4979 εἶχον,

2191 5016 2329 5070 ἀλλά
2357 5018 2452 5069 καὶ
2482 5015 2701 5084 ἑτέρους
2726 5014 2990 5083 ἀπεῖργον
3024 5005 3375 5080 παραμυθίας
3398 5005 3560 5058 αὑτὸν
3585 5001 3778 5067 ἀξιοῦν

2193 5108 2498 5173 ἐθέλοντας,
2531 5108 2601 5160 τὰ
2627 5106 2833 5174 ἔσχατα
2880 5103 3068 5165 αὐτοῖς
3097 5102 3192 5153 καὶ
3224 5097 3582 5168 φοϐερώτατα
3607 5095 3778 5147 ἀπει-

2194 5202 2435 5263 λοῦντες.
2485 5199 2595 5252 Καὶ
2649 5197 2784 5267 πρὸς
2828 5193 3061 5258 τούτοις,
3118 5191 3239 5245 οἷαν
3276 5188 3375 5260 τὴν
3427 5187 3545 5241 ὁδὸν
3587 5186 3777 5257 ῇνυεν,

2190 5291 2392 5362 ἀνάντη
2415 5289 2542 5359 ικα)⁴
2600 5286 2801 5357 λιθώδη
2858 5287 2952 5338 καὶ⁸
3002 5283 3271 5354 χαλεπὴν,
3333 5277 3627 5333 καὶταῦτα
3679 5278 3781 5329 καὶ

2190 5381 2469 5453 δυσχερῶς
2516 5381 2656 5451 ἄγαν
2704 5378 2837 5448 περὶ
2860 5377 2921 5430 τὸ
2953 5376 3255 5446 ὁδοιπορεῖν
3311 5372 3473 5444 ἔχων,
3507 5371 3603 5425 ἆτε
3654 5368 3780 5422 λίαν

2192 5475 2343 5550 αὑτῷ
2365 5474 2734 5545 πεπονηκότος
2760 5470 2854 5527 τοῦ
2887 5469 3160 5542 σώματος·
3188 5468 3289 5523 ὅσα
3315 5482 3379 5538 γε
3414 5464 3610 5520 ειδέναι
3644 5477 3719 5515 πα
3729 5459 3783 5531 ρ’

2267 5681 2377 5753 (55)
2404 5679 2700 5753 Deirorum
2724 5679 3115 5735 monachorum
3139 5678 3325 5733 furore
3367 5677 3531 5732 refert
3561 5674 3663 5728 Bar
3707 5687 3784 5732 ex

2196 5755 2359 5827 epist.
2401 5752 2502 5807 H3
2531 5752 2815 5827 Chrysost.

3514 6402 3566 6408 7—.
3642 6401 3676 6406 ἡ
3728 6400 3766 6406 νὴ
3822 6399 3844 6404 ς
3913 6399 3954 6406 Ἦ
