4126 6406
364 363 509 430 1ἷο5

1372 363 1549 425 YlTA
1591 366 1647 424 S.
1690 360 2011 424 IOANNIS
2049 360 2602 424 CHRYSOSTOMI.

3456 359 3482 427 1
3494 359 3598 425 ξος

344 476 512 531 αὑτοῦ
568 473 891 546 γράφοντος,
918 474 1007 527 ὅτε
1049 472 1143 528 καὶ
1176 474 1303 544 περὶ
1330 473 1424 526 τοῦ
1448 472 1537 543 μὴ,
1576 473 1919 543 μακροτέραν

2041 472 2299 526 ιρι-ἱὺιιιιῑο
2330 472 2455 526 sciri
2489 480 2690 541 potest,
2727 471 2946 541 quando
2981 470 3144 525 etiam
3174 480 3324 542 rogat
3355 472 3593 535 beatam.

345 566 494 638 αὑτῷ
527 567 780 636 γενέσθαι
799 567 898 638 τὴν
942 566 1238 636 ὑπερορίαν
1278 565 1420 632 ἀξιοῖ
1456 565 1687 635 μελῆσαι
1711 566 1776 635 τῇ
1816 581 1918 633 μα·-

341 661 531 731 καρέᾳ,
576 659 699 728 ἐμοὶ
751 658 926 724 λέγων
982 657 1193 728 μυρίων
1229 656 1455 728 ἐξοριῶν
1479 656 1540 710 τὸ
1564 655 1770 709 ὁδεύειν
1800 656 1919 708 ἐστί

340 751 743 826 χαλεπώτερον.
794 747 980 804 Ταῦτα
1036 751 1131 803 καὶ
1197 750 1334 805 ἀλλα
1403 749 1595 814 πλείω,
1655 748 1722 801 τά
1780 747 1919 819 μετά

340 845 441 914 τὴν
475 842 772 914 ὑπερορίαν
794 844 962 912 φημὶ,
991 842 1087 904 τὰς
1109 840 1398 904 ἐπιστολὰς
1414 842 1480 896 ἄν
1496 858 1578 904 τις
1603 839 1755 909 εὖροι
1785 839 1921 893 ταὺο

342 953 440 999 τας
498 934 915 1005 εἰσηγουμένας.
988 933 1128 985 Ἀλλ’
1187 934 1369 986 ἐκεῖσε
1427 932 1592 986 πάλιν
1640 933 1916 1001 ἐπάνειμι.

354 1029 444 1090 Ὦς
472 1028 580 1097 γὰρ
608 1029 636 1080 ὁ
665 1027 840 1097 μέγας
875 1028 933 1078 ἐν
963 1024 1266 1094 Κουκουσῷ
1313 1026 1488 1096 τροφῇ
1525 1020 1621 1078 τοῦ
1667 1022 1922 1092 σώματος

343 1119 446 1172 οὑκ
499 1116 732 1185 ὀλίγους,
793 1118 888 1170 καὶ
945 1115 1165 1179 πλείους
1214 1115 1296 1188 τῷ
1328 1116 1425 1185 τῆς
1488 1114 1668 1185 ψυχῆς
1699 1112 1924 1182 ἔτρεφεν

345 1210 518 1282 ἄρτῳ,
587 1209 779 1277 φθόνος
821 1208 1076 1263 ἐντεῦθεν
1103 1207 1452 1268 ὑποκαυθεὶς,
1481 1208 1563 1269 είς
1598 1206 1923 1277 Ἀραόισσὸν

348 1305 511 1358 αὑτὸν
565 1301 730 1357 πάλιν
776 1302 1127 1373 μεταϐαίνειν
1152 1300 1349 1353 ἐποίει.
1393 1297 1709 1353 Ἐϐοὑλοντο
1736 1297 1843 1369 γὰρ
1876 1298 1925 1351 oi

347 1394 467 1448 λίαν
496 1394 678 1457 κακοὶ,
713 1394 882 1465 μήπω
903 1393 1174 1462 διακορεῖς
1203 1390 1358 1451 ὄντες
1386 1389 1481 1444 τοῦ
1503 1390 1689 1452 κακῶς
1718 1389 1926 1440 ἐκεῖνον

349 1488 546 1550 ποιεῖν,
601 1488 721 1548 ταῖς
768 1488 990 1555 συχναῖς
1041 1484 1260 1537 ἐνδόντα
1306 1481 1725 1542 κακοπαθείαις,
1749 1478 1927 1541 οὑτως

351 1581 531 1642 αὑτοῖς
559 1578 857 1631 ἀποθέσθαι
888 1579 981 1632 καὶ
1010 1580 1108 1648 τὴν
1139 1577 1305 1645 ζωήν.
1332 1578 1512 1630 Κάκεῖ
1533 1576 1630 1645 μὲν
1659 1572 1928 1644 ἀπαχθεὶς

349 1668 747 1741 ταλαιπωρίαις
776 1669 1043 1722 ἐκδίδοται
1069 1668 1301 1721 πλείοσιο
1332 1667 1488 1737 δῆλος
1508 1665 1564 1719 δέ
1597 1667 1714 1719 ἐστι
1745 1665 1930 1735 κρείτ-

348 1776 456 1815 των
499 1759 606 1812 ὑπὸ
666 1759 987 1830 φιλοσοφίας
1033 1759 1319 1829 γινόμενος
1377 1759 1578 1820 παντὸς
1618 1756 1727 1809 -τοῦ
1763 1772 1930 1824 προσ·

2024 568 2083 616 ut
2111 562 2159 616 ei
2188 577 2332 617 curae
2361 562 2451 625 sit,
2483 571 2541 617 ut
2563 577 2673 618 non
2703 562 2774 617 sit
2820 561 3174 632 relegationis
3230 564 3315 618 via
3365 564 3609 634 longiorr

2021 652 2408 709 dicenszlilihi
2467 653 2618 709 mille
2666 654 2871 709 exsiliis
2906 663 2991 709 est
3039 654 3249 727 ingredi
3303 656 3598 715 difficilius.

2025 745 2148 800 lizec
2176 754 2232 800 et
2257 746 2362 800 alia
2396 746 2476 799 bis
2500 746 2676 815 plura,
2708 762 2829 816 quae
2858 745 2998 801 facta
3044 756 3173 802 sunt
3220 758 3347 818 post
3395 750 3606 821 relega»

2026 836 2252 896 tionem.
2282 837 2556 893 invenerit
2581 837 2851 907 quispiam
2878 840 2975 893 has
2993 839 3252 908 epistolas
3275 841 3600 898 referentes.

2026 927 2133 984 Sed
2168 930 2292 984 illue
2322 945 2512 985 rursus
2544 938 2805 985 revertor.
2851 929 2988 983 Cum
3025 930 3173 986 enim
3229 947 3458 1005 magnus
3508 934 3600 989 ille.

2024 1024 2249 1089 Cucusi,
2279 1032 2333 1079 et
2359 1023 2605 1091 corporis
2632 1022 2973 1077 nutrimento
3008 1038 3118 1077 non
3151 1039 3374 1094 paucos,
3408 1027 3605 1097 etpiu-

2026 1130 2115 1171 res
2136 1116 2372 1172 nutriret
2402 1130 2540 1185 pane
2566 1114 2785 1179 animae,
2810 1130 3041 1170 accensa
3076 1131 3141 1168 ex
3171 1131 3239 1172 eo
3272 1116 3494 1182 invidia,
3531 1119 3611 1175 fa~

2027 1209 2102 1264 cit
2132 1223 2256 1263 eum
2300 1223 2493 1262 rursus
2519 1207 2756 1278 migrare
2783 1206 3121 1263 Arabissum.
3152 1208 3418 1265 Volebam
3459 1212 3606 1267 enim

2028 1300 2106 1356 illi
2140 1300 2387 1354 scelerati
2426 1307 2483 1353 et
2540 1298 2701 1368 plane
2734 1298 3031 1368 deplorata:
3062 1300 3445 1370 improbitatis,
3476 1316 3605 1356 cum

2027 1389 2076 1443 ei
2104 1387 2483 1443 malefaciendi
2519 1388 2761 1442 nondum
2788 1389 2936 1458 ipsos
2960 1390 3195 1459 cepisset
3221 1391 3465 1456 satietas,
3483 1408 3613 1449 eum

2028 1488 2137 1535 tam
2166 1479 2551 1550 frequentibus
2598 1480 2884 1535 cedentem
2925 1481 3310 1537 afﬂictionibus
3334 1485 3501 1539 vitam
3532 1484 3615 1539 sic

2028 1573 2301 1627 amittere.
2332 1571 2436 1627 Sed
2468 1571 2597 1626 illuc
2616 1573 2839 1644 quidem
2871 1573 3164 1640 abductus,
3213 1577 3514 1645 majoribus
3534 1575 3614 1631 af-

2031 1665 2209 1721 ficitur
2234 1666 2616 1722 vexationibus
2645 1684 2659 1720 :
2688 1668 2781 1722 sed
2811 1649 2999 1737 aperte
3025 1668 3266 1723 ostendit
3291 1684 3350 1723 se
3379 1684 3409 1723 a
3430 1670 3611 1738 philo-

2032 1759 2224 1828 sOpbia
2256 1757 2518 1813 effectum
2573 1760 2914 1829 superiorem
2970 1762 3215 1830 quolibet
3261 1764 3407 1834 quod
3445 1766 3615 1835 possit

348 1849 663 1915 πίπτοντος,
725 1849 984 1919 ἀφορμήν
1012 1866 1073 1902 τε
1103 1848 1243 1901 αὑτά
1297 1847 1624 1915 ποιούμενος
1676 1844 1924 1915 μείζονος

2041 1852 2299 1916 accidere,
2332 1858 2389 1904 et
2412 1866 2479 1905 ex
2506 1850 2590 1905 his
2618 1851 2839 1921 majoris
2870 1852 3086 1909 virtutis
3112 1870 3330 1910 sumere
3362 1858 3608 1914 occasio-

346 1945 549 2016 ἀρετῆς
582 1982 597 2008 ,
652 1943 746 1996 καὶ
803 1943 868 1996 δι’
910 1942 1091 1997 αὐτῶν
1143 1941 1497 2010 φαιδρότερον
1548 1937 1925 2007 ἀναλάμπων,

348 2033 603 2104 καθάπερ
630 2035 692 2086 τὸ
718 2036 776 2086 ἐν
806 2034 940 2104 πυρὶ
977 2033 1113 2101 φῶς,
1172 2031 1306 2100 ὑλης
1337 2031 1488 2101 αὑτῷ
1515 2030 1762 2093 πλείονος
1791 2028 1927 2081 ὑπο-

351 2126 707 2197 δαλλομένης.
750 2124 936 2186 Οὕτως
970 2128 1176 2188 ἐκεῖνος
1203 2130 1324 2189 ταῖς
1347 2125 1627 2193 ἀληθείαις
1660 2124 1926 2194 ἀήττητος

350 2216 450 2283 ὣν,
493 2218 588 2271 καὶ
627 2218 755 2288 μήθ’
777 2217 883 2270 ὑπὸ
907 2217 1305 2279 κακοπαθείας,
1335 2216 1464 2285 μήθ’
1482 2214 1586 2268 ὑπό
1608 2230 1751 2276 τινος
1768 2212 1929 2268 ἄλλον

357 2307 466 2362 τῶν
504 2306 768 2378 λυπηρῶν
823 2307 1003 2376 ἥττων
1051 2306 1247 2359 ἑαυτοῦ
1298 2306 1607 2375 γινόμενος,
1663 2304 1832 2366 αὐτὸς
1861 2297 1931 2374 ἦν

354 2397 598 2468 λυπηρὸς
634 2398 836 2469 μᾶλλον
871 2398 982 2460 τοῖς
1023 2395 1391 2465 συκοφάνταις
1419 2395 1621 2448 οὑτωσὶ
1652 2392 1934 2461 διακείμε-

354 2508 461 2557 νος,
520 2495 612 2547 καὶ
642 2495 671 2546 ὁ
709 2494 837 2563 περὶ
879 2491 1044 2545 αὑτὸν
1091 2491 1312 2554 ἔπαινος
1348 2492 1440 2543 καὶ
1469 2492 1501 2561 ἡ
1534 2491 1691 2560 φήμη
1722 2487 1930 2557 σφόδρα

352 2583 560 2638 τούτων
593 2582 848 2645 ὑπέκνιζε
872 2582 969 2646 τὰς
989 2582 1187 2653 ψυχάς.
1207 2582 1292 2644 '0;
1323 2580 1626 2651 θαυμάσιόν
1656 2596 1709 2632 τι
1739 2580 1931 2650 χρῆμα

356 2678 389 2744 ἡ
427 2677 598 2747 ἀρετὴ
634 2675 728 2728 καὶ
762 2674 926 2746 ζήλου
969 2678 1080 2738 τοῖς
1132 2673 1257 2727 νοῦν
1302 2672 1518 2744 ἔχουσιν
1546 2670 1726 2738 ἄξιονς
1752 2671 1781 2723 ὁ
1834 2668 1934 2740 μὲν

357 2762 467 2834 γὰρ
492 2762 764 2827 τοσούτοις
794 2765 984 2826 κακοῖς
1028 2762 1263 2829 ἔκδοτος,
1293 2763 1536 2830 ἄληπτος
1560 2757 1629 2832 ἦν
1653 2761 1746 2812 καὶ
1779 2758 1933 2828 ἀχεί-

359 2867 550 2921 ρωτος,
582 2853 676 2906 καὶ
734 2850 826 2905 τοῦ
884 2854 1227 2922 ἐπαγομένου
1259 2852 1462 2915 παντὸς
1504 2851 1859 2923 ὑψηλότερος·
1884 2851 1934 2904 oi

355 2943 415 2998 δὲ
440 2943 534 2997 τοῦ
562 2944 735 2997 ταῦτα
767 2947 939 2997 ποιεῖν
970 2944 1123 3008 ὄντες
1156 2947 1361 3015 κύριοι,
1385 2943 1608 2997 δειλαιοὶ
1638 2945 1731 2996 καὶ
1759 2959 1932 2995 κατα-

353 3035 514 3103 δεεῖς,
572 3037 668 3089 καὶ
721 3038 866 3100 τίνος
925 3035 1025 3090 οὑκ
1067 3036 1525 3108 άθλιώτεροι,τδν
1564 3038 1794 3109 πένητα,
1846 3037 1936 3091 τὸν

314 3134 319 3135 “
356 3128 586 3200 ἀλήτην,
624 3129 715 3182 τὸν
750 3128 1268 3202 ὑπερόριον,καίτοι
1292 3130 1545 3184 τοσοῦτον
1565 3131 1931 3200 ἀφεστηκότα,

355 3219 610 3287 δεδιότες,
650 3224 745 3276 καὶ
790 3222 1031 3275 πλείοσιν
1067 3223 1212 3293 ὅροις
1239 3222 1545 3293 ἀποστῆναι
1586 3224 1939 3295 παρασκευά-

357 3312 566 3378 ζὺντες,
593 3314 667 3378 ὡς
707 3315 843 3386 μηδὲ
905 3314 1078 3389 ἀκοὴν
1103 3318 1313 3372 ἐκείνου
1340 3319 1647 3388 φθάνουσαν
1681 3318 1938 3390 πλήττειν

357 3407 536 3461 αὑτῶν
589 3408 716 3472 τοὺς
764 3408 1067 3476 βασκάνους
1117 3412 1319 3483 ψυχάς.
1392 3412 1673 3467 Ἐντεῦθεν
1709 3414 1789 3475 είς
1844 3412 1942 3464 Πι-

358 3498 613 3566 τυοῦντα,
646 3501 808 3554 πάλιν
834 3500 979 3555 οὕτω
1017 3502 1330 3567 κελευσθὲν,
1368 3504 1472 3556 ὑπὸ
1501 3504 1612 3557 τῶν
1641 3503 1941 3573 φυλασσόν-

357 3605 468 3643 των
526 3592 847 3661 μετάγεται.
906 3593 1187 3665 Πολίχνιον
1219 3594 1380 3652 τοῦτο
1404 3594 1594 3658 δεινῶς
1618 3596 1844 3667 ἔρημον,
1882 3596 1941 3646 ἐν

359 3682 558 3752 πέρατι
602 3683 705 3752 μὲν
759 3683 1038 3754 θαλάσσης
1083 3686 1186 3754 τῆς
1252 3687 1520 3751 Ποντικῆς
1565 3687 1707 3739 κατὰ
1757 3685 1942 3750 δεξιάν

361 3778 633 3847 κείμενον,
659 3776 811 3838 τέλος
838 3776 892 3829 δὲ
925 3776 1020 3830 καὶ⁵
1061 3777 1161 3838 τῆς
1199 3775 1485 3847 Ῥωμαίων
1512 3777 1692 3847 ἀρχῆς
1721 3774 1944 3847 γινόμε-

360 3882 470 3930 νον,
498 3848 816 3939 βαρϐάροις,
851 3870 943 3921 καὶ
960 3865 1133 3937 ὠμοῖς
1161 3866 1337 3920 ἔθνεσι
1368 3868 1659 3922 συνάπτον.

430 3951 557 4008 ΝΘ’.
607 3954 694 4016 Ὠς
723 3972 814 4009 ουν
843 3955 944 4025 ἤδη
976 3955 1073 4024 τῆς
1108 3955 1416 4027 ὁδοιπορίας
1440 3957 1637 4027 εἴχετο,
1673 3959 1766 4010 καὶ
1806 3958 1944 4027 πρὸς

360 4045 459 4117 τὴν
511 4047 751 4117 ἐσχάτην
802 4046 1011 4118 ταύτην
1055 4047 1356 4118 ὑπερορίαν
1395 4048 1679 4118 ἠπείγετο,
1736 4050 1945 4121 μέλλων

361 4137 464 4208 ἠδη
494 4136 593 4208 τὴν
628 4137 766 4209 πρὸς
793 4137 927 4191 Θεὸν
966 4140 1170 4209 μᾶλλον
1199 4139 1405 4194 ὁδεύειν
1439 4139 1687 4209 πορείαν,
1716 4139 1812 4193 καὶ
1836 4139 1945 4192 τῶν

367 4218 596 4300 μακρῶν
654 4230 865 4287 τούτων
901 4234 1093 4303 στῆναι
1121 4234 1407 4304 καμάτων,
1444 4233 1655 4301 ὀλίγαις
1682 4232 1947 4305 πρότερον

361 4323 601 4393 ἡμέραις
654 4325 849 4387 νυκτὸς
899 4325 1201 4396 εὑχομένῳ,
1275 4326 1478 4397 Πέτρος
1529 4327 1558 4379 ὁ
1614 4327 1791 4395 μέγας
1854 4328 1948 4381 καὶ

376 4418 653 4490 Ἰωάννης,
689 4417 782 4483 οὒς
816 4420 911 4474 καὶ
953 4422 1073 4473 κατ’
1110 4422 1283 4491 ἀρχὰς
1324 4416 1506 4476 ὦπται
1528 4423 1623 4475 τοῦ
1656 4423 1797 4475 κατὰ
1816 4420 1948 4474 Θεὸν

2035 1961 2183 2010 nem,
2213 1955 2269 2000 et
2298 1961 2396 2016 per
2436 1943 2554 2012 ipsa
2589 1945 2745 2000 laetus
2791 1946 3162 2016 resplendere,
3205 1950 3429 2018 perinde
3453 1960 3616 2021 atque

2036 2043 2092 2097 in
2150 2042 2274 2114 igne
2337 2042 2518 2099 lucem
2565 2042 2613 2097 ei
2649 2052 2977 2115 suggerente
3008 2044 3214 2112 majore
3244 2048 3506 2101 materia:
3537 2048 3617 2104 sic

2036 2135 2143 2199 ille,
2177 2135 2269 2204 qui
2310 2142 2428 2189 erat
2460 2148 2516 2188 re
2538 2149 2670 2188 vera
2704 2133 2962 2201 invictus,
2988 2143 3044 2189 et
3077 2151 3178 2191 nec
3205 2137 3272 2190 ab
3299 2137 3612 2203 alliictione,

2038 2243 2220 2298 neque
2275 2228 2344 2282 ab
2367 2227 2476 2281 ulla
2511 2226 2616 2281 alia
2650 2227 2899 2282 molestia
2938 2238 3251 2298 superatus,
3278 2229 3357 2284 sic
3388 2229 3619 2286 aﬂ’cetul

2038 2321 2301 2377 aﬂ‘ercbat
2349 2321 2535 2392 potius
2597 2321 2906 2376 molestiam
2966 2323 3351 2394 syc0pltantis,
3388 2316 3619 2393 ejusque

2037 2416 2159 2471 laus
2187 2424 2243 2471 et
2271 2415 2412 2471 fama
2453 2415 2611 2471 valde
2664 2416 2896 2487 angebat
2939 2432 3130 2472 eorum
3184 2417 3416 2472 animos.
3446 2417 3620 2484 Quam

2039 2508 2373 2564 admirabilis
2404 2525 2493 2565 res
2534 2519 2619 2565 est
2671 2508 2866 2573 virtus,
2933 2511 3223 2581 magnique
3281 2512 3528 2567 facienda
3567 2522 3623 2569 et

2038 2603 2200 2659 beata
2225 2602 2521 2671 iudicanda
2557 2602 2626 2657 ab
2650 2602 2719 2657 iis
2777 2602 2868 2672 qui
2900 2603 3157 2672 sapiunt!
3194 2604 3327 2658 Nam
3364 2605 3452 2661 ille
3496 2608 3622 2677 qui-

2039 2692 2162 2749 dem
2195 2700 2273 2747 tot
2300 2692 2457 2747 malis
2478 2692 2776 2761 appetitus,
2805 2693 3061 2747 manebat
3092 2692 3329 2748 invictus
3361 2703 3416 2749 et
3467 2698 3625 2750 inex-

2040 2785 2370 2855 pugnabilis,
2412 2792 2467 2838 et
2489 2799 2546 2839 re
2590 2799 2711 2854 qua:
2760 2784 3137 2839 intentabatur
3171 2786 3415 2854 qualibet
3459 2803 3623 2859 supe-

2042 2878 2172 2932 rior.
2210 2877 2248 2930 li
2301 2886 2505 2957 autem,
2544 2876 2598 2930 in
2656 2892 2890 2946 quorum
2948 2886 3215 2947 potestate
3249 2891 3367 2935 erat
3397 2881 3512 2936 habe
3546 2882 3625 2938 fa.-

2043 2986 2186 3031 cere,
2211 2976 2369 3023 erant
2395 2967 2582 3022 miseri
2610 2977 2666 3023 et
2696 2968 2896 3030 timidi,
2916 2977 2971 3023 et
2996 2985 3104 3040 quo
3131 2985 3240 3025 non
3267 2971 3625 3030 miseriores?

2046 3064 2375 3133 Pauperem,
2409 3076 2684 3127 erronem,
2716 3061 2969 3117 exsulem
3000 3061 3381 3129 formidantes,
3413 3076 3467 3120 et
3496 3068 3624 3124 licet

2049 3163 2204 3209 tanto
2239 3163 2385 3208 esset
2411 3152 2702 3208 intervallo
2737 3152 3065 3224 disjunctus,
3096 3154 3396 3210 el‘iicientes
3426 3166 3483 3212 ut
3503 3159 3625 3228 plu-

2045 3247 2196 3302 ribus
2224 3254 2596 3300 removeretur
2623 3244 2825 3299 finibus
2855 3261 2869 3297 :
2902 3254 2961 3300 ut
2992 3261 3093 3300 nec
3140 3248 3260 3316 ejus
3294 3248 3512 3318 quidem
3546 3250 3627 3306 fa—

2043 3354 2129 3394 ma
2169 3354 2235 3394 eo
2269 3337 2619 3407 perveniens,
2644 3337 2859 3392 invidos
2888 3353 3077 3393 eorum
3100 3339 3312 3395 animos
3337 3344 3623 3401 sauciaret.

2044 3427 2183 3485 Hinc
2212 3429 2545 3502 Pityuntem,
2581 3445 2705 3485 cum
2737 3431 2818 3486 sic
2849 3431 2932 3485 eis
2963 3445 3109 3486 esset
3141 3434 3493 3504 imperatum,
3518 3446 3628 3493 trao

2044 3521 2265 3576 ducitur
2289 3520 2356 3574 ab
2386 3520 2487 3583 eis,
2513 3522 2607 3589 qui
2637 3535 2765 3575 eum
2789 3523 3171 3578 custodiebant
3195 3542 3209 3587 ;
3252 3534 3338 3581 est
3366 3537 3546 3582 autem
3572 3529 3624 3585 id

2044 3612 2365 3683 oppidulum
2394 3611 2553 3666 valde
2603 3612 2902 3678 desertum,
2929 3613 3094 3668 situm
3141 3616 3360 3684 quidem
3390 3619 3457 3673 ad
3489 3619 3626 3674 dex-

2044 3713 2215 3759 teram
2242 3703 2295 3757 in
2345 3702 2455 3757 fine
2486 3705 2654 3758 maris
2683 3704 2932 3759 Pontici:
2962 3713 3046 3760 est
3070 3721 3200 3762 vero
3254 3708 3379 3764 finis
3422 3710 3625 3766 Roma-

2045 3809 2237 3849 norum
2263 3793 2498 3863 imperii,
2533 3794 2822 3865 contiguus
2881 3795 3130 3854 barbaris
3192 3809 3249 3856 et
3304 3801 3636 3862 crudelibus

2045 3888 2323 3958 gentibus.
3249 3886 3261 3897 '

2119 3978 2255 4037 LIX.
2286 3979 2423 4036 Cum
2449 3996 2581 4060 ergo
2596 3983 2708 4054 jam
2737 3995 2883 4041 esset
2906 3986 2959 4040 in
2994 3986 3193 4044 itinere
3218 4000 3270 4047 et
3304 3996 3389 4053 art.
3415 4005 3518 4048 noc
3544 3994 3627 4049 ul.-

2047 4073 2238 4128 timum
2268 4073 2564 4131 duceretur
2585 4076 2860 4140 exsilium,
2879 4078 2987 4146 jam
3012 4080 3079 4135 ad
3107 4080 3271 4142 Deum
3299 4084 3479 4161 potius
3504 4100 3630 4155 pro-

2048 4166 2276 4222 lecturo.
2294 4174 2349 4221 et
2381 4176 2662 4222 cessaturo
2683 4170 2752 4223 ab
2780 4171 2867 4225 bis
2910 4174 3120 4243 magnis
3150 4173 3452 4240 laboribus,
3491 4192 3630 4248 pau~

2049 4258 2128 4313 cis
2158 4268 2286 4313 ante
2316 4259 2510 4314 diebus
2543 4269 2712 4316 noctu
2742 4265 3014 4332 precanti,
3047 4265 3240 4321 Petrus
3280 4268 3368 4323 ille
3402 4285 3633 4339 magnust

2048 4357 2107 4402 et
2133 4346 2396 4414 Ioannes,
2417 4366 2555 4423 quos
2588 4354 2753 4409 etiam
2790 4356 3002 4412 viderat
3026 4361 3080 4414 in
3113 4361 3384 4430 principio
3413 4362 3535 4416 vita;
3558 4379 3626 4418 ex

2052 4439 2164 4496 Deo
2188 4443 2432 4511 agendaa,
2476 4460 2666 4500 rursus
2694 4447 2744 4501 ei
2783 4459 3068 4518 apparent,
3129 4459 3183 4505 et
3224 4452 3476 4508 lubenter
3506 4469 3629 4510 eum

365 4509 506 4581 βίου,
534 4511 698 4563 πάλιν
724 4511 874 4581 αὐτῷ
905 4512 1188 4581 φαίνονται
1220 4513 1315 4565 καὶ
1339 4513 1509 4581 ἡδέως
1529 4513 1936 4583 προσφθέγγον-

2051 4528 2424 4599 alloquuntur,
2470 4546 2784 4590 recreantes
2811 4552 2842 4591 a
2879 4538 3177 4603 laboribus,
3230 4549 3286 4595 et
3341 4543 3625 4602 victoriam

360 4616 477 4665 ται,
503 4601 613 4655 τῦν
641 4604 820 4656 πόνων
852 4618 913 4654 τε
963 4600 1367 4672 ἀνακτώμενοι,
1396 4605 1488 4655 καὶ
1512 4603 1611 4673 τὴν
1635 4605 1779 4657 κατὰ
1824 4603 1944 4657 61t-

368 4693 548 4762 μόνων
606 4694 1092 4765 εὐαγγελιζόμενοι
1131 4695 1308 4764 νίκην.
1344 4691 1633 4766 Εἶτα-περὶ
1656 4698 1755 4766 τῆς
1785 4695 1946 4765 φίλης

363 4785 634 4854 ἐκδημίας
688 4785 838 4857 αὑτῷ
896 4785 1268 4857 προειπόντες,
1337 4787 1433 4839 καὶ
1483 4785 1592 4838 τῶν
1634 4787 1757 4839 ὅσον
1794 4785 1948 4839 οὑτιω

365 4876 764 4947 διαδεξομένων
814 4878 976 4931 αὑτὸν
1004 4878 1103 4947 μὲν
1142 4878 1381 4947 ἀγαθῶν,
1419 4878 1676 4942 Εὑδοξίαν
1697 4877 1753 4931 δὲ
1781 4878 1945 4931 ὀιὸου⁴

363 4970 546 5042 λήτων
599 4971 701 5025 καὶ
745 4972 1027 5043 πονηρῶν,
1063 4973 1230 5041 Φάγε,
1257 4971 1498 5039 λέγουσι,
1539 4971 1743 5042 βρῶσιν
1799 4972 1947 5043 αὑτῴ

361 5081 486 5118 ⁶τινα
514 5063 906 5130 ἐπιδείξαντες,
934 5065 1000 5136 ἢν
1024 5066 1251 5134 φαγόντι
1278 5065 1405 5118 οὑδέ
1431 5066 1617 5136 δεήσει
1646 5082 1751 5130 σοι,
1781 5081 1948 5135 προσ-

364 5159 544 5222 εῖπον,
605 5159 821 5226 ἐτέρας,
878 5157 981 5220 ἓως
1038 5160 1154 5229 καὶ,
1190 5159 1291 5229 τὴν
1322 5157 1596 5229 ἄφθαρτον
1646 5159 1765 5227 μεθ’
1791 5158 1948 5229 ἡμῶν

369 5249 644 5321 προσήσῃ.
694 5249 882 5303 Ταῦτα
931 5249 1173 5313 ἐκείνους
1202 5267 1262 5304 τε
1294 5252 1491 5318 εἰπεῖν,
1527 5252 1622 5305 καὶ
1660 5253 1824 5305 αὐτὸν
1856 5253 1950 5305 λα-

368 5334 533 5389 ϐόντα
582 5344 801 5408 φαγεῖν.
843 5341 954 5394 Καὶ
1017 5342 1191 5405 οὕτως
1243 5343 1488 5405 ἐκείνους
1533 5344 1633 5412 μὲν
1690 5345 1950 5406 ἀπιόντας

367 5428 637 5498 οἴχεσθαι,
688 5434 852 5487 αὑτὸν
895 5434 953 5489 δὲ
983 5435 1297 5506 ἀρκούντως
1351 5435 1801 5507 παρακληθῆναι,
1857 5439 1949 5491 καὶ

370 5522 575 5594 φαιδρᾷ
622 5524 841 5597 γλώττῃ
877 5528 971 5580 καὶ
1027 5528 1244 5604 ἀνθηρᾷ
1297 5529 1520 5601 Χριστῷ
1549 5531 1627 5601 τῷ
1658 5533 1801 5586 δόντι
1851 5533 1949 5604 τὴν

367 5617 718 5687 παράκλησιν
764 5618 1272 5688 ἀνθομολογεῖσθαι.
1312 5622 1476 5676 ’Λλλὰ
1501 5624 1585 5686 τίς
1609 5626 1637 5677 ὁ
1667 5624 1839 5679 ταῦτα
1864 5629 1944 5690 εἰς

366 5705 483 5773 φῶς
509 5708 778 5777 ἐνεγκώνς
814 5710 990 5781 ἔροιτο
1019 5712 1084 5768 ἀν
1116 5729 1201 5777 τις
1214 5714 1322 5767 τῶν
1348 5715 1810 5787 ὁξυτέρωψδῆλον
1841 5720 1949 5791 γὰρ

367 5794 442 5857 ὡς
503 5800 605 5856 οὑκ
656 5799 723 5856 ἂν
771 5802 1005 5870 ἐκεῖνος,
1053 5803 1319 5879 κρύπτειν
1366 5807 1569 5882 σφόδρα
1621 5808 1688 5862 τὰ
1751 5808 1946 5864 ἑαυτοῦ

2052 4624 2316 4679 adversus
2339 4625 2616 4681 daemonas
2642 4628 2967 4685 suavissime
2994 4634 3403 4690 annuntiantes.
3422 4636 3630 4695 Deinde

2052 4734 2176 4774 cum
2208 4721 2255 4775 ei
2281 4730 2494 4791 gratum
2540 4736 2825 4777 excessum
2855 4725 3256 4795 praedixisse-nt,
3287 4740 3480 4802 etquae
3504 4749 3629 4791 eum

2052 4813 2270 4880 quidem
2305 4813 2445 4867 bona
2481 4829 2602 4868 mox
2651 4824 2836 4869 essent
2880 4827 3200 4887 exceptura,
3257 4823 3400 4879 mala
3448 4834 3630 4884 autem

2052 4901 2352 4957 Eudoxiam
2410 4904 2527 4973 ejus
2578 4906 3043 4974 persecutricem,
3095 4908 3354 4977 Comede,
3422 4914 3631 4986 dicunt,

2053 4996 2342 5065 quemdam
2362 4997 2413 5050 ei
2435 4996 2613 5051 cibum
2638 4999 2990 5055 ostendentes
3016 5019 3029 5056 :
3058 5018 3218 5071 quem
3236 5020 3357 5060 cum
3381 5011 3632 5064 comede-

2054 5086 2149 5151 ris,
2180 5102 2291 5141 non
2319 5087 2424 5142 erit
2457 5088 2551 5143 tibi
2582 5104 2720 5159 opus
2748 5091 2878 5158 alio,
2929 5093 3108 5149 donec
3148 5109 3273 5150 eum
3306 5112 3489 5153 sumes
3537 5116 3638 5155 no-

2052 5177 2286 5245 biscum,
2326 5180 2382 5232 in
2404 5194 2566 5248 quem
2598 5189 2707 5235 nOn
2742 5183 2902 5238 cadet
2958 5184 3233 5240 interitus.
3266 5185 3393 5242 Πιεο
3448 5197 3507 5244 et
3559 5190 3637 5246 illi

2051 5269 2327 5332 dixerunt,
2362 5278 2416 5324 et
2445 5270 2558 5341 ipse
2580 5287 2804 5329 sumens
2833 5277 3091 5341 comedit,
3128 5286 3183 5332 et
3212 5278 3293 5333 sic
3318 5278 3390 5333 illi
3413 5282 3643 5350 quidem

2053 5370 2402 5417 recesserunt
2433 5381 2447 5416 :
2485 5363 2600 5432 ipse
2628 5374 2808 5419 autem
2830 5367 2962 5420 satis
2986 5379 3288 5435 recreatus,
3311 5371 3490 5444 lingua
3516 5374 3640 5435 laeta

2055 5460 2108 5507 et
2136 5451 2346 5516 florida,
2384 5452 2626 5521 Christo,
2658 5455 2752 5525 qui
2783 5472 2908 5511 eum
2957 5468 3064 5512 tam
3102 5459 3330 5529 pulchra
3378 5464 3645 5534 impertiit

2055 5544 2446 5608 consolatione,
2481 5546 2589 5615 egit
2616 5547 2839 5617 gratias.
2877 5547 2983 5605 Sed
3019 5550 3143 5621 quis
3169 5558 3274 5613 est,
3309 5554 3402 5622 qui
3444 5554 3560 5610 haec
3582 5553 3639 5612 in

2053 5634 2228 5689 lucem
2260 5636 2508 5705 protulit,
2541 5636 2739 5692 dixerit
2786 5639 3056 5710 quispiam
3113 5642 3340 5699 acrioris
3390 5644 3645 5717 ingenii?

2052 5726 2270 5783 Clarum
2303 5738 2387 5784 est
2408 5730 2552 5785 enim
2587 5731 2735 5802 quod
2764 5747 2874 5788 non
2926 5733 3037 5799 ille,
3075 5735 3166 5805 qui
3199 5751 3287 5793 res
3320 5752 3448 5794 suas
3478 5739 3643 5797 valde

2055 5818 2237 5878 celare
2273 5821 2500 5882 sciebat.
2532 5822 2589 5877 In
2622 5833 2876 5897 promptu
2909 5833 3014 5897 est,
3050 5827 3194 5902 quod
3217 5831 3617 5903 respondeatur
