4126 6414
516 454 652 519 ΙῗΟἹ

1753 433 2039 498 MENSIS
2084 432 2543 495 JANUARIUS.

3629 414 3776 482 1208

516 566 636 622 Duo
664 563 810 620 enim
837 559 1135 635 presbyteri
1163 570 1219 615 et
1242 556 1462 629 quidam
1485 569 1550 611 ex
1575 550 1840 615 diaconis,
1866 546 1957 618 qui
1974 560 2118 603 ma-.

2223 545 2581 613 πιστάμενος.
2613 526 2891 610 ’Ἔτοιμος
2937 538 2964 591 6
3032 536 3190 603 λόγος
3242 535 3437 589 εἰπεῖν.
3488 534 3611 587 Τῶν
3659 534 3779 603 γὰρ

516 673 624 730 gno
650 654 791 726 capti
825 655 946 724 ejus
973 650 1265 716 desiderio,
1296 648 1575 718 elegerant
1604 656 1827 714 peregre
1850 654 1975 695 cum
2020 650 2088 690 eo

518 746 814 819 proﬁcisci,
847 744 1206 813 laborumque
1251 750 1307 795 et
1345 739 1594 795 dolorum
1628 734 1746 804 ejus
1788 745 1910 787 esse
1964 740 2090 797 per-

2192 636 2582 705 πρεσϐυτέρων
2604 632 2719 700 δύο,
2754 632 2845 686 καί
2873 648 2959 695 τις
2993 630 3101 683 τῶν
3117 627 3402 693 διακόνων,
3430 626 3480 680 οἳ
3510 628 3602 679 καὶ
3619 624 3779 693 πόθῳ

2196 731 2605 799 προστακέντες
2636 725 2786 796 αὐτῷ
2807 727 2899 779 καὶ
2933 724 3295 793 συνεκδημεῖν
3328 722 3559 786 εἴλοντο,
3593 712 3783 790 καμᾶ-

517 812 685 908 petuo
711 836 1032 907 participes,
1064 812 1351 902 oculisque
1382 837 1439 885 et
1488 827 1714 883 auribus
1750 825 1866 878 haec
1912 819 2092 877 divina

2222 842 2303 876 ων
2334 841 2394 876 τε
2426 823 2518 875 καὶ
2545 821 2725 874 πόνων
2757 819 2856 871 καὶ
2882 816 2992 870 τῶν
3021 815 3196 870 ἄλλων
3263 813 3493 881 θλίψεων
3518 813 3600 875 εἰς
3620 812 3785 874 τέλος

518 938 864 1001 acceperant,
895 937 949 984 et
971 928 1090 984 haec
1111 926 1233 982 aliis
1270 925 1525 981 similiter
1566 919 1921 975 tradiderunt.
1954 914 2093 968 Cum

519 1031 703 1078 autem
725 1028 1000 1091 quatenus
1023 1019 1135 1089 jam
1174 1016 1299 1072 ﬁnis
1344 1010 1841 1085 appropinquabat,
1873 1014 2094 1075 Oporte-

522 1125 606 1171 ret
632 1122 810 1184 empta
845 1112 1015 1184 magis
1036 1110 1209 1166 attolli
1244 1107 1638 1164 convenienter
1683 1102 1850 1157 animi
1900 1097 2095 1153 alacri-

525 1206 620 1261 tati
649 1206 889 1272 atliletae,
914 1219 1039 1260 cum
1073 1203 1376 1258 duceretur
1406 1202 1460 1255 in
1490 1197 1764 1261 exsilium,
1812 1195 1846 1248 ii
1899 1192 2097 1262 quibus

524 1299 853 1353 commissus
884 1297 1087 1363 fuerat,
1114 1310 1239 1350 eum
1264 1303 1377 1348 tam
1396 1291 1571 1360 longis
1592 1297 1649 1344 et
1667 1298 1776 1343 tam
1801 1285 2098 1341 vehemen-

528 1390 673 1444 tibus
734 1389 1006 1445 vexabant
1062 1385 1547 1447 ambulationibus,
1605 1390 1667 1437 ut
1718 1380 1922 1437 vellent
1972 1392 2100 1433 eum

526 1482 687 1537 morti
717 1482 951 1545 tradere,
970 1480 1139 1536 nimia
1166 1479 1446 1535 celeritate
1472 1477 1678 1532 victum
1699 1484 1755 1530 et
1789 1472 2099 1527 afﬂictione.

526 1574 714 1645 Itaque
746 1589 872 1629 cum
904 1580 962 1628 et
1015 1573 1219 1628 imbres
1269 1570 1586 1626 deciderent
1634 1567 2009 1627 vehementes,
2049 1573 2106 1617 et

528 1667 611 1722 sol
632 1675 815 1722 ureret
836 1648 1243 1731 ardentissime,
1279 1674 1409 1719 tunc
1430 1673 1487 1720 et
1526 1662 1791 1733 prolixior
1841 1671 1961 1715 erat
1987 1659 2107 1728 ejus

524 1758 804 1824 deductio,
826 1766 883 1813 et
903 1758 972 1813 ab
991 1773 1058 1814 eo
1092 1758 1470 1827 postulabatur
1499 1763 1560 1810 ut
1592 1755 1809 1809 intense
1862 1749 2107 1822 ingrede-

528 1859 700 1907 retur.
731 1850 832 1906 Ubi
869 1851 1273 1906 autem‘civitas
1302 1858 1397 1904 aut
1420 1849 1574 1904 locus
1601 1846 1821 1917 aliquis,
1853 1852 1949 1899 aut
1984 1858 2107 1898 cor-
2143 1884 2183 1942 Β

528 1944 677 2015 poris
711 1943 911 2000 defessi
971 1944 1258 2007 recreatio,
1292 1950 1387 1997 aut
1443 1941 1641 1995 lavacri
1701 1938 1977 2001 solatium,
2013 1943 2109 1991 aut

528 2033 708 2103 aliqua
738 2034 842 2088 alia
878 2032 1061 2088 brevis
1086 2033 1333 2088 laborum
1368 2029 1644 2096 remissio,
1674 2044 1746 2083 ne
1772 2043 1966 2099 parum
1984 2027 2107 2096 qui-

529 2126 653 2181 dem
681 2142 805 2180 eum
835 2125 1091 2182 volebant
1114 2124 1223 2180 illic
1250 2138 1494 2187 manere,
1539 2137 1663 2177 cum
1686 2121 1768 2176 sic
1791 2120 1870 2175 eis
1919 2118 2110 2174 fuisset

531 2218 860 2288 imperatum
888 2233 905 2282 ;
932 2231 1146 2271 merces
1171 2215 1319 2271 enim
1356 2212 1698 2270 crudelitatis
1727 2211 1806 2266 eis
1841 2210 2108 2281 promissa

531 2309 729 2373 fuerat,
756 2309 1026 2379 majorum
1061 2308 1333 2362 honorum
1363 2306 1702 2361 consecutio.
1732 2303 1841 2359 Sed
1862 2318 1987 2357 cum
2019 2302 2109 2357 ille

535 2401 679 2455 hanc
707 2400 853 2454 viam
908 2398 1184 2454 difﬁcilem
1259 2404 1546 2466 perageret
1595 2393 1846 2465 jejunus,
1902 2391 2110 2446 vultum

537 2492 727 2547 habuit
747 2492 906 2563 longe
939 2490 1205 2546 laetiorem
1240 2488 1328 2553 iis,
1360 2487 1452 2558 qui
1486 2486 1705 2541 assidue
1733 2492 1927 2540 vacant
1976 2483 2113 2539 deli-

534 2585 637 2641 ciis
664 2594 719 2639 et
748 2582 1259 2654 compotationibus.

606 2760 720 2815 LX.
750 2760 928 2831 Atque
960 2758 1267 2831 Pityuntem
1296 2759 1513 2829 quidem
1546 2758 1829 2813 definitum
1859 2756 1909 2810 ei
1933 2755 2113 2810 locum

548 2852 753 2917 exsilii,
788 2861 849 2906 ut
879 2850 927 2906 ei
952 2849 1289 2921 Epiphanius
1334 2850 1683 2919 praedixerat,
1706 2864 1816 2903 non
1846 2844 2112 2917 pervenit.

2196 915 2347 987 αὑτῷ
2412 915 2712 977 κοινωνεῖν,
2759 905 2905 964 οὗτοι
2966 907 3062 960 καὶ
3108 906 3376 977 παρόντες
3427 905 3523 958 καὶ
3581 902 3784 973 ὄψεσιν

2202 983 2362 1071 ἰδίαις
2398 1009 2492 1061 καὶ
2520 1007 2710 1067 ἀκοαῖς
2736 1003 2892 1057 ταυτὶ
2914 983 2985 1053 τά
3011 1000 3129 1053 θεῖα
3197 996 3634 1068 παραλαϐόντες,
3681 996 3789 1049 καὶ

2197 1106 2309 1166 τοῖς
2355 1100 2534 1163 ἄλλοις
2576 1100 2778 1169 ὁμοίως
2833 1094 3301 1167 παραδεδώκασιν.
3360 1093 3514 1145 Ἐπεὶ
3550 1091 3607 1145 δὲ
3654 1091 3791 1144 ὅσον

2207 1196 2309 1265 ἤδη
2335 1194 2429 1247 τοῦ
2471 1193 2666 1255 τέλους
2720 1192 2949 1259 ἥπτετο,
2984 1187 3171 1258 μεῖζον
3202 1185 3316 1258 [γρ.
3349 1183 3599 1256 μείζονα]
3627 1181 3793 1254 αἴρε-

2205 1287 2328 1341 σθαι
2359 1285 2542 1345 καὶ,τά
2576 1283 2881 1352 σκάμματα
2909 1280 3038 1345 ἔδει,
3068 1279 3167 1350 τὴν
3194 1278 3291 1348 τῆς
3325 1276 3623 1346 ὑπερορίας
3654 1275 3793 1342 ἀγό-

2213 1389 2398 1451 μενοντ
2451 1377 2637 1441 Οὑτως
2669 1375 2832 1431 αὑτὸν
2855 1375 2905 1428 oi.
2958 1372 3349 1433 πιστευθέντες
3385 1372 3507 1432 ταῖς
3547 1370 3794 1439 μακραῖς

2205 1477 2342 1544 ἄγαν
2371 1474 2464 1527 καὶ
2491 1467 3070 1534 κατεσπουδασμέναις
3096 1463 3426 1533 ὁδοιπορίαις
3445 1460 3791 1521 κατέτεινον,

2205 1568 2280 1629 ὡς
2318 1562 2536 1629 θανάτῳ
2583 1557 2868 1629 βούλεσθαι
2904 1551 3263 1624 παραδοῦναι,
3285 1548 3362 1618 τῷ
3387 1545 3605 1620 σφοδρῷ
3624 1545 3792 1614 τάχει

2208 1658 2302 1711 καὶ
2325 1658 2392 1725 τῇ
2432 1647 2773 1720 κακοπαθείᾳ
2828 1645 3209 1714 νεκικημένον.
3258 1639 3444 1711 Ταύτῃ
3493 1640 3589 1692 καὶ
3624 1635 3793 1689 ὑετοῦ

2209 1750 2423 1818 λάϐρως
2450 1742 2895 1811 έπιγκλὺζοντος,
2929 1738 3024 1791 καὶ
3058 1736 3210 1806 ἡλίου
3239 1728 3401 1787 πάλιν
3425 1729 3801 1799 ἀκμαιότερον

2212 1817 2572 1899 διακαίοντος,
2616 1833 2739 1886 τότε
2780 1830 2981 1899 μᾶλλον
3016 1828 3111 1880 καὶ
3141 1827 3175 1895 ἡ
3207 1823 3505 1885 κατάλυσις
3530 1817 3801 1889 παρετεί-

2214 1950 2354 1997 νετο,
2386 1931 2479 1985 καὶ
2515 1929 2548 1999 ἡ
2576 1924 2770 1997 πορεία
2795 1923 2904 1996 [ῖσ.
2941 1924 3035 1990 τῆς
3073 1915 3322 1989 πορείας]
3356 1914 3543 1985 φέρειν
3570 1912 3627 1966 τὸ
3663 1911 3801 1964 σύν-

2210 2041 2360 2080 τονον
2387 2021 2667 2091 ἀπῃτεῖτο.
2699 2015 2876 2068 Ὅπου
2915 2011 2972 2065 δὲ
3010 2008 3216 2077 πόλιςῆ
3250 2006 3449 2078 χωρίον
3478 2000 3570 2076 ἦν,
3597 2002 3800 2072 σώμα-

2210 2117 2299 2180 τός
2322 2132 2382 2169 τε
2409 2109 2756 2182 παράκλησις
2815 2101 3180 2174 κεκμηκότος,
3208 2099 3242 2170 ἢ
3268 2095 3495 2167 λουτροῦ
3529 2091 3804 2165 παραμύ-

2211 2209 2346 2269 θιον,
2379 2206 2413 2274 ἢ
2450 2199 2679 2274 βραχεῖά
2708 2215 2789 2262 τις
2846 2194 2980 2264 άλλη
3025 2192 3134 2246 τῶν
3188 2190 3370 2243 πόνων
3432 2188 3635 2250 ἄνεσις,
3669 2184 3804 2238 οὑδὲ

2215 2300 2411 2372 μικρὸν
2442 2293 2771 2367 προσμένειν
2803 2287 3015 2360 ἠξίουν,
3059 2282 3203 2336 οὑτω
3235 2278 3754 2349 διακεκελευσμένοι
3785 2293 3803 2305 ⁸

2214 2393 2337 2447 ἐπεὶ
2375 2390 2471 2445 καὶ
2508 2386 2698 2458 μισθὸς
2728 2385 2911 2447 αὑτοῖς
2937 2383 3032 2453 τῆς
3073 2380 3359 2452 ὠμότητος
3390 2373 3809 2458 διωμολογήθη,

2212 2483 2389 2553 τιμῶν
2413 2453 2674 2551 μειζόνων
2707 2473 3030 2544 ἐπαγγελία.
3050 2471 3162 2544 Τὴν
3181 2467 3276 2524 οὖν
3310 2453 3553 2538 χαλεπῆν
3588 2462 3806 2532 ταύτην

2214 2576 2396 2636 ἄσιτος
2454 2568 2708 2636 διανὺων,
2760 2565 2893 2620 πολὺ
2924 2565 3023 2636 τὴν
3068 2564 3192 2632 ὄψιν
3246 2558 3359 2629 εἶχε
3395 2555 3809 2629 χαλεπωτέραν

2215 2669 2325 2722 τῶν
2357 2667 2535 2736 τρυφῇ
2562 2663 2657 2717 καὶ
2688 2661 2873 2722 πότοις
2898 2659 3157 2713 ἑκάστοτε
3191 2655 3629 2727 προσκειμένων.

2285 2758 2360 2814 Ξ’.
2398 2756 2701 2812 Πιτυοῦντα
2757 2754 2856 2825 μὲν
2890 2746 2982 2805 οὖν
3019 2751 3110 2804 τὸν
3171 2747 3479 2820 ὡρισμένον
3519 2741 3668 2812 αὑτῷ
3697 2741 3810 2809 τῆς

2218 2852 2517 2924 ὑπερορίας
2573 2849 2739 2903 τόπον
2776 2889 2791 2911 ,
2836 2846 2911 2908 ὡς
2976 2842 3295 2911 Ἐπιφανίου
3347 2839 3680 2908 πρόρρησις,
3739 2834 3811 2886 οὑ

539 2944 645 3000 Sed
672 2959 795 2997 cum
825 2954 971 2998 esset
1011 2956 1182 3012 prope
1211 2939 1507 3005 Comanos,
1539 2948 1595 2995 et
1623 2939 1882 2995 diversati
1932 2946 2118 2993 essent

2222 2946 2538 3002 κατέλαϐεν.
2601 2942 2739 2995 Ἀλλ’
2771 2939 2891 2993 ἐπεὶ
2943 2936 3210 3007 Κομάνων
3239 2933 3426 3001 ἐγγὺς,
3455 2934 3514 2984 ὲν
3551 2929 3630 3000 τῷ
3658 2944 3814 2997 μαρ-

539 3037 594 3095 in
655 3035 916 3106 martyrio
955 3033 1421 3115 Basilisci,lquem
1477 3033 1634 3086 aiunt
1675 3031 1896 3102 quidem
1951 3028 2117 3083 fuisse

2222 3043 2405 3109 τυρίον
2437 3036 2762 3091 Βασιλίσκου
2787 3028 3143 3098 κατήχθησαν
3181 3025 3505 3097 (ἐπίσκοπον
3539 3020 3596 3074 δὲ
3638 3017 3813 3072 αὐτόν

543 3133 859 3200 episcopum
895 3145 909 3182 :
943 3141 1187 3197 tempore
1210 3111 1390 3179 autem
1423 3124 1736 3180 Maximiani
1785 3123 1841 3177 in
1896 3121 2115 3176 civitate

2222 3149 2356 3201 φασι
2406 3128 2503 3199 μὲν
2519 3122 2793 3195 γενέσθαι,
2858 3117 2999 3174 κατὰ
3031 3118 3087 3171 δὲ
3114 3117 3241 3179 τοὺς
3279 3111 3811 3201 Μαξιμιανοῦῌχρό-

538 3221 868 3275 Nicomediae
903 3219 1135 3273 subiisse
1169 3227 1443 3271 certamen
1468 3215 1704 3286 martyrii
1734 3222 1788 3269 et
1812 3214 2022 3275 vicisse,
2060 3219 2114 3265 et

2222 3241 2344 3286 νους
2375 3224 2433 3274 ὲν
2465 3222 2531 3289 τῇ
2558 3214 2907 3286 Νικομήδους
2965 3211 3056 3265 τὸν
3114 3211 3214 3280 τῆς
3262 3204 3568 3277 μαρτυρίας
3627 3198 3804 3256 ἆθλον

541 3324 740 3363 corona
773 3307 940 3361 fuisse
995 3305 1341 3370 redimitum,-
1373 3305 1422 3358 ei
1468 3318 1738 3374 apparens
1799 3304 1854 3357 in
1910 3301 2117 3356 somnis

2227 3313 2480 3371 ὑπελθεῖν
2504 3310 2599 3365 καὶ
2616 3309 2835 3377 νικῆσαι
2858 3305 2948 3360 καὶ
2974 3304 3064 3357 τὸν
3095 3302 3357 3370 στέφανον
3382 3293 3821 3366 ἀναδήσασθαι),

542 3398 873 3454 Basiliscus:
909 3398 1061 3452 Bono
1108 3397 1291 3451 animo
1336 3405 1476 3459 esto,
1531 3396 1731 3464 inquit,
1765 3409 1799 3449 ο
1843 3394 2031 3459 frater,
2062 3401 2119 3449 et

545 3494 751 3558 Izetare,
794 3491 984 3544 ambos
1013 3489 1159 3545 enim
1184 3489 1477 3559 conjunget
1500 3488 1617 3542 dies
1651 3486 1942 3543 crastinus.
1979 3482 2120 3537 Dici-

545 3591 632 3637 tur
658 3590 837 3636 autem
854 3580 1055 3635 aedituo
1076 3594 1291 3648 quoque
1306 3576 1544 3647 martyrii
1563 3576 1651 3630 die
1671 3571 1998 3644 praecedenti
2023 3586 2116 3640 ap-

545 3676 809 3742 paruisse,
832 3680 886 3726 et
909 3670 1142 3727 dixisse:
1177 3668 1311 3723 Para
1343 3670 1520 3723 locum
1547 3666 1694 3719 fratri
1718 3664 1936 3724 .loanni,
1971 3663 2120 3717 venit

544 3766 712 3819 enim.
744 3764 879 3819 Cum
907 3773 1086 3818 autem
1119 3762 1281 3817 simul
1302 3770 1464 3830 atque
1497 3757 1791 3823 illuxisset,
1820 3757 1961 3809 viam
1995 3771 2118 3809 rur-

544 3873 639 3914 sus
658 3865 843 3913 essent
874 3855 1189 3928 ingressuri,
1226 3854 1369 3911 diem
1399 3851 1580 3907 sciens
1608 3865 1837 3921 magnus
1878 3847 2119 3902 Joannes

545 3961 801 4018 tauquam
834 3964 900 4002 ex
950 3962 1239 4016 responso,
1285 3946 1511 4016 rogabat
1559 3958 1657 3998 eos
1728 3941 1822 4011 qui
1879 3940 2120 3994 abduce-

544 4043 696 4121 bant,
727 4048 789 4095 ut
836 4040 1084 4093 sinerent
1122 4053 1248 4092 eum
1295 4052 1517 4091 manere
1564 4036 1618 4088 in
1659 4034 1800 4090 loco.
1845 4032 1983 4088 Cum
2044 4032 2118 4086 illi

546 4142 729 4187 autem
761 4146 871 4185 non
929 4130 1354 4192 concessissent,
1407 4129 1501 4184 sed
1544 4128 1717 4182 instar
1752 4126 1989 4182 volucris
2022 4125 2122 4178 tri—

545 4222 693 4293 ginta
752 4220 929 4274 stadia
985 4217 1393 4279 confecissent,
1433 4217 1570 4287 ipse,
1625 4215 1784 4284 cujus
1842 4209 2121 4266 voluntate

545 4315 726 4369 omnia
776 4312 1244 4372 administrantur,
1290 4308 1406 4379 ipse
1442 4308 1495 4379 (ο
1519 4307 1899 4376 miraculum!)
1941 4304 2124 4360 effecit

547 4415 605 4461 ut
634 4420 875 4460 errorem
902 4403 1221 4464 subeuntes,
1242 4402 1480 4456 redirent
1503 4401 1555 4453 in
1593 4399 1744 4453 illum
1770 4399 1971 4462 locum,
1997 4414 2121 4453 eos-

544 4517 650 4571 que
682 4514 870 4555 rursus
903 4498 1139 4554 habebat
1168 4497 1312 4553 :edes
1351 4496 1602 4566 martyris
1664 4492 1931 4549 Basilisci.
1981 4492 2120 4548 Cum

544 4603 728 4647 autem
755 4600 809 4647 et
838 4600 1052 4661 tempus
1084 4599 1323 4656 voraret,
1356 4598 1411 4643 et
1450 4589 1561 4658 jam
1595 4587 1813 4644 adesset
1844 4589 1976 4642 hora
2001 4586 2123 4658 ejus
2150 4577 2204 4636 D

545 4685 613 4738 ad
646 4683 810 4738 Deum
833 4682 1195 4753 migrationis,
1228 4690 1283 4735 et
1330 4681 1544 4754 egregia
1591 4681 1682 4735 illa
1736 4681 1920 4751 lingua
1979 4688 2126 4735 esset

548 4777 798 4842 tacitura,
831 4786 886 4830 et
926 4775 1213 4830 claudendi
1249 4783 1436 4830 essent
1464 4772 1605 4828 oculi
1635 4772 1817 4827 nuntii
1858 4786 2008 4841 purae
2063 4771 2128 4825 il-

546 4870 651 4925 lius
687 4869 905 4932 animae,
951 4879 1006 4924 et
1040 4869 1273 4940 insignis
1310 4865 1685 4938 temperantia:
1739 4881 1953 4920 summa
2004 4864 2127 4936 pul-

548 4963 880 5026 chritudine,
909 4978 1129 5017 omnem
1180 4961 1401 5031 quidem
1437 4977 1599 5030 quam
1634 4975 1819 5015 secum
1874 4958 2129 5015 attulerat

548 5056 1001 5127 suppellectilem,
1027 5055 1210 5109 divisit
1240 5055 1304 5109 iis
1338 5055 1430 5125 qui
1457 5055 1704 5108 aderant.
1732 5052 1935 5108 Deinde
1963 5052 2126 5107 etiam

548 5167 673 5207 cum
715 5151 958 5209 exuisset
987 5164 1074 5216 ea,
1102 5150 1301 5219 quibus
1349 5158 1465 5203 erat
1517 5148 1760 5212 indutus,
1807 5162 1870 5201 ea
1913 5161 2128 5216 quoque

550 5241 720 5296 donat
748 5258 762 5295 :
792 5251 846 5296 et
879 5255 1004 5295 cum
1037 5256 1096 5295 se
1127 5241 1194 5295 ad
1219 5241 1431 5296 calceos
1463 5253 1635 5307 usque
1684 5237 1862 5292 laalius
1910 5245 1964 5291 et
2015 5237 2129 5290 ala-

550 5331 697 5387 crius
728 5332 1152 5401 composuisset,
1185 5339 1245 5384 ut
1274 5333 1439 5384 etiam
1474 5329 1561 5392 iis,
1607 5344 1728 5399 quae
1771 5318 2126 5398 apparebant,

549 5427 742 5481 liceret
771 5442 895 5480 cum
929 5425 1018 5489 iis,
1069 5440 1191 5495 qua:
1230 5432 1387 5478 erant
1434 5423 1602 5487 intus,
1662 5421 1940 5478 celebrare
1984 5419 2127 5474 diem

554 5519 752 5574 festum
780 5520 903 5590 ejus
942 5533 1201 5574 excessus
1230 5528 1286 5573 et
1306 5517 1665 5588 migrationis,
1696 5525 1750 5570 et
1779 5530 1901 5568 cum
1933 5513 2012 5567 sic
2036 5528 2129 5568 or-

552 5621 714 5666 natus
737 5612 920 5667 divina
948 5612 1277 5682 sumpsisset
1337 5619 1697 5673 sacramenta,
1725 5615 1781 5662 et
1810 5614 2129 5662 consuetam

554 5700 749 5756 effatus
762 5712 905 5758 esset
923 5704 1290 5774 precationem
1313 5701 1522 5758 :Gloria
1547 5701 1664 5767 tibi,
1690 5699 1935 5764 Domine,
1962 5712 2130 5769 prop—

555 5796 638 5839 ter
666 5791 882 5857 omnia;
918 5793 1050 5861 quin
1092 5780 1254 5849 etiam
1308 5809 1366 5848 se
1417 5793 1684 5864 signasset
1738 5791 1893 5861 signo
1930 5787 2128 5854 crucis,

564 5892 687 5934 cum
726 5899 832 5948 qua
858 5888 1085 5953 vixerat,
1137 5897 1192 5942 et
1221 5889 1386 5957 pedes
1448 5887 1751 5953 extulisset,
1809 5884 1996 5955 pedes,
2050 5883 2135 5938 in-

2225 3407 2359 3473 ὅναρ
2416 3402 2566 3470 αὑτῷ
2600 3401 2860 3468 φανέντα,
2910 3396 3138 3465 Θάρσει,
3190 3393 3408 3461 ἀδελφὲ,
3463 3390 3650 3460 φάναι,
3709 3388 3815 3440 καὶ

2225 3499 2385 3567 χαῖρε
2407 3509 2420 3522 ·
2457 3492 2682 3562 συνάψει
2712 3492 2819 3562 γὰρ
2854 3491 3198 3558 ἀμφοτέρους
3233 3489 3265 3557 ὴ
3299 3483 3546 3538 ἐπιοῦσα,
3574 3481 3814 3549 Λέγεται

2224 3589 2280 3643 δὲ
2306 3590 2399 3642 καὶ
2446 3588 2524 3659 τῷ
2548 3586 2803 3655 νεωκόρῳ
2842 3586 2937 3638 τοῦ
3002 3583 3302 3653 μαρτυρίου
3355 3582 3423 3650 τῇ
3468 3578 3575 3648 πρὸ
3631 3577 3809 3643 αὐτῆς

2228 3680 2548 3741 ἐπιστάντα,
2588 3676 2909 3746 Ἑτοίμασον
2957 3674 3118 3728 τόπον
3179 3671 3422 3745 Ἰωάννῃ.
3491 3667 3675 3736 φάναι,
3729 3663 3818 3734 τῷ

2227 3771 2442 3843 ἀδελφῷ
2471 3771 2690 3842 ἔρχεται
2731 3768 2841 3838 γάρ
2866 3785 2877 3796 ο
2933 3766 3049 3837 ἅμα
3076 3765 3132 3818 δὲ
3180 3766 3322 3833 φωτὶ
3359 3761 3661 3832 μελλόντων
3681 3757 3813 3812 ὁδοῦ

2229 3867 2388 3920 πάλιν
2448 3862 2737 3927 ἅπτεσθαι,
2780 3859 2878 3930 τὴν
2909 3858 3121 3929 ἡμέραν
3176 3857 3252 3918 ὡς
3300 3855 3365 3907 ὲκ
3422 3849 3674 3923 χρησμοῦ
3718 3867 3815 3919 γι-

2229 3957 2453 4012 νώσκων
2491 3958 2519 4009 6
2562 3948 2758 4026 μέγας,
2807 3952 2979 4004 ἐδεῖτο
3002 3948 3108 4002 τῶν
3138 3947 3459 4016 ἀπαγόντων
3489 3945 3650 3997 ἐᾶσαι
3676 3941 3817 4010 γοῦν

2231 4051 2555 4120 προσμεῖναι
2590 4047 2667 4115 τῷ
2694 4046 2866 4115 τόπῳ.
2899 4043 3019 4096 Τῶν
3068 4040 3125 4094 δὲ
3158 4040 3232 4110 μὴ
3285 4036 3641 4097 πεισθέντων,
3673 4032 3817 4086 ἀλλὰ

2231 4140 2435 4209 πτηνοῦ
2455 4140 2608 4210 τάχει
2634 4137 2932 4208 τριάκοντα
2960 4133 3209 4194 σταδίους
3236 4129 3587 4201 διηνυκότων,
3609 4125 3807 4189 αὐτὸς,

2230 4229 2291 4286 οὑ
2326 4231 2503 4285 πάντα
2555 4228 2901 4300 μετατίθεται
2944 4224 3023 4295 τῷ
3059 4222 3382 4295 βουλήματι,
3441 4219 3625 4285 αὐτὸς,
3647 4217 3692 4269 ὣ
3717 4214 3818 4269 τοῦ

2232 4324 2544 4393 θαύματοςι
2604 4323 2683 4383 εἰς
2725 4321 2932 4372 ἐκεῖνον
2992 4316 3150 4379 αὖθις
3181 4312 3474 4379 ἀναζεῦξαι
3510 4311 3598 4364 τὸν
3624 4308 3818 4372 τόπον,

2233 4417 2439 4487 πλάνην
2474 4413 2813 4477 ὑποστάντας
2839 4406 3271 4482 παρασκευάζει,
3298 4406 3392 4461 καὶ
3424 4405 3586 4459 πάλιν
3611 4402 3818 4463 αὑτοὺς

2231 4513 2259 4563 6
2291 4508 2382 4562 τοῦ
2454 4508 2729 4579 μάρτυρος
2793 4502 3121 4558 Βασιλίσκου
3182 4496 3295 4571 εἶχε
3347 4497 3536 4566 σηκός.
3578 4495 3735 4547 Ἐπεὶ
3759 4492 3822 4545 δὲ

2234 4602 2331 4654 καὶ
2361 4602 2390 4652 6
2421 4598 2612 4666 καιρὸς
2642 4594 2853 4657 ἐκάλει,
2886 4598 2980 4647 καὶ
3001 4595 3034 4663 ή
3056 4592 3179 4663 ὥρα
3200 4591 3303 4660 ἤδη
3337 4589 3519 4658 παρῆν
3552 4588 3652 4656 τῆς
3678 4583 3823 4653 πρὸς

2234 4691 2365 4744 Θεὸν
2428 4687 2715 4757 ἐκδημίας,
2775 4683 2996 4755 γλῶσσά
3025 4701 3085 4736 τε
3121 4684 3279 4752 σιγᾷν
3317 4681 3543 4749 ἔμελλεν
3575 4680 3608 4749 ἡ
3649 4677 3818 4746 καλὴ,

2235 4784 2330 4834 καὶ
2362 4779 2633 4849 ὀφθαλμοὶ
2690 4776 2867 4846 μύειν,
2904 4778 2953 4829 οἱ
2980 4774 3080 4843 τῆς
3109 4773 3359 4843 καθαρᾶς
3393 4771 3609 4838 ἐκείνης
3634 4766 3825 4836 ψυχῆς

2236 4873 2457 4941 ἄγγελοι
2515 4870 2749 4940 καθαροὶ
2779 4868 2874 4922 καὶ
2936 4865 3117 4944 πολλῷ
3152 4865 3229 4935 τῷ
3263 4864 3448 4918 κάλλει
3478 4862 3579 4930 τῆς
3603 4875 3827 4928 σωφρο-

2238 4963 2404 5031 σύνης
2455 4961 2801 5030 διαπρεπεῖς,
2867 4957 3046 5011 πάντα
3105 4955 3205 5026 μὲν
3258 4956 3360 5007 ὅσα
3404 4953 3514 5006 τῶν
3570 4950 3825 5003 ἐπίπλων

2236 5055 2491 5123 ἐπήγετο,
2544 5048 2783 5118 διένειμε
2813 5049 2927 5110 τοῖς
2952 5044 3242 5117 παροῦσιν.
3280 5039 3416 5096 Εἶτα
3448 5041 3542 5095 καὶ
3577 5040 3723 5107 άπερ
3752 5033 3826 5108 ἦν

2237 5144 2593 5213 έκδεδυμένος
2628 5139 3067 5207 ἀποδυσάμενος,
3093 5137 3190 5190 καὶ
3234 5134 3375 5188 αὑτά
3392 5133 3595 5186 δίδωσι.
3637 5130 3826 5183 Μετα-

2238 5239 2525 5308 κοσμήσας
2545 5235 2601 5289 δὲ
2626 5235 2819 5287 ἑαυτὸν
2851 5234 2945 5285 ἐπὶ
2976 5231 3037 5283 τὸ
3068 5229 3424 5300 φαιδρότερον
3459 5225 3589 5296 ἄχρι
3621 5224 3687 5292 δὴ
3723 5222 3823 5275 καὶ

2236 5331 2623 5399 ὑποδημάτων,
2675 5328 2763 5379 ἵνα
2813 5323 3199 5395 συνεορτάζειν
3297 5321 3409 5381 τοῖς
3445 5317 3595 5370 ἔνδον
3630 5315 3723 5369 καὶ
3754 5313 3823 5367 τὰ

2240 5421 2560 5490 φαινόμενα,
2586 5418 2680 5488 τὴν
2718 5416 2968 5470 ἐντεῦθεν
2990 5413 3312 5481 ἀπαλλαγὴν
3334 5408 3497 5464 αὑτοῦ
3521 5408 3614 5460 καὶ
3648 5406 3826 5474 μετά-

2241 5528 2431 5567 στασιν
2468 5512 2604 5583 πρὸς
2630 5508 2729 5580 τὴν
2760 5507 2972 5561 ἐκεῖθεν
3006 5503 3390 5577 μακαριότητα
3413 5518 3426 5532 ·
3459 5499 3556 5554 καὶ
3584 5496 3727 5551 οὑτω
3755 5495 3821 5564 δὴ

2240 5602 2565 5675 κοσμηθεὶς,
2602 5600 2829 5654 καὶτῶν
2863 5590 3022 5652 θείων
3059 5594 3397 5665 κοινωνήσας
3433 5589 3819 5661 άγιασμάτων,

2240 5698 2409 5767 εὑχήν
2442 5712 2502 5748 τε
2530 5692 2630 5764 τὴν
2682 5691 2885 5762 συνήθη
2944 5686 3442 5757 ἐπιφθεγξάμενος,
3494 5681 3632 5747 Δόξα
3696 5694 3819 5741 σοι,

2240 5788 2435 5860 Κύριε,
2469 5786 2687 5840 πάντων
2721 5782 2905 5838 ἕνεκεν
2927 5798 2939 5812 ·
2962 5779 3042 5850 τῷ
3070 5779 3224 5850 τύπῳ
3246 5794 3304 5830 τε
3340 5767 3817 5844 ὲπισφραγισάμε-

2242 5898 2330 5946 νος
2359 5872 2405 5949 ᾧ
2451 5877 2648 5949 συνέζη
2713 5873 2983 5944 σταυροῦ,
3029 5873 3123 5928 καὶ
3185 5868 3311 5931 τοὺς
3366 5866 3531 5930 πόδας
3585 5862 3813 5934 έξάρας,
