4126 6430
441 397 590 464 1209

1476 399 1655 459 νιΤΑ
1687 399 1747 459 S.
1791 397 2115 460 JOANNIS
2151 400 2705 465 CHRYSOSTOMI.

3558 397 3704 462 1210

440 510 609 573 πόδας
637 505 882 569 ἐκείνους
903 506 1028 569 τοὺς
1047 504 1285 576 ὡραίους
1299 503 1468 568 ὅντως
1487 505 1586 558 καὶ
1601 504 2016 566 ἀποστολικοὺς,

2128 524 2311 578 quam,
2376 509 2496 564 illos
2547 509 2823 579 Speciosos
2846 519 2902 564 et
2942 523 3067 564 vere
3090 507 3444 578 apostolicos,
3480 507 3700 564 beatum

439 602 541 671 τὴν
595 597 874 668 μακαρίαν
937 595 1150 666 ἀπῆλθε
1183 596 1431 665 πορείαν,
1478 597 1717 666 Χριστὸν
1772 596 2012 667 βλέπειν,

442 687 664 761 Χριστῷ
723 689 998 753 συνεῖναι,
1052 686 1292 757 Χριστοῦ
1346 686 1431 757 τῷ
1482 687 1666 741 κάλλει
1729 688 2022 750 διαπαντὸς

443 780 853 849 ὲναγάλλεσθαιο
875 779 1147 850 μακάριος
1172 779 1270 850 μὲν
1302 778 1590 850 ὲαυτῴτῆς
1613 779 1883 850 ἐκδημίας
1916 779 2010 832 καὶ

449 870 815 944 μεταθέσεως,
893 870 1152 941 ὀδυνηρὸς
1207 870 1265 923 δὲ
1327 872 1534 942 σφόδρα
1573 874 1687 934 τοῖς
1730 871 2019 941 ἐγνωκόσι,

444 953 542 1017 καὶ
576 962 670 1025 οὓς
702 962 767 1032 δὴ
794 963 887 1015 καὶ
935 963 1172 1033 μετρίως
1201 961 1296 1014 τοῦ
1324 961 1524 1015 οἰκείου
1568 962 1782 1031 μέλιτος
1831 962 2022 1028 ἔγευσε

445 1060 541 1113 καὶ
584 1058 682 1127 τῆς
736 1058 951 1127 ἡδονῆς.
992 1056 1207 1128 Ἡμέρα
1235 1058 1418 1126 μέντοι
1457 1058 1555 1128 τῆς
1581 1057 1747 1111 αὐτοῦ
1787 1056 2022 1128 μεταθέο

445 1167 608 1215 σεως,
632 1150 755 1220 ἥτις
780 1149 952 1217 δήπου
983 1148 1079 1201 καὶ⁸
1106 1145 1201 1200 τοῦ
1229 1146 1514 1219 ζωηφόρου
1538 1147 1795 1217 σταυροῦ,
1834 1148 1901 1220 ἣν
1930 1148 2024 1200 καὶ

446 1242 658 1311 ὕψωσιν
708 1238 981 1309 εἰώθαμεν
1012 1237 1216 1306 λέγειν,
1239 1238 1347 1294 ἀπὸ
1372 1239 1472 1292 τοῦ
1508 1239 1831 1309 πράγματος
1852 1238 2024 1309 αὐτὴν

445 1333 807 1404 ὀνομάζοντες
830 1331 972 1385 κατὰ
1003 1330 1101 1402 τὴν
1124 1331 1728 1402 τεσσαρεσκαιδεκάτην
1763 1332 1861 1394 (ὡς
1885 1330 2024 1385 πάν-

442 1443 536 1489 τες
567 1423 738 1496 ίσασι)
771 1423 1108 1495 τελουμένην
1129 1423 1224 1477 τοῦ
1263 1424 1667 1495 Σεπτεμϐρίου.
1710 1424 1858 1477 Ἔδει
1913 1423 2025 1494 γὰρ

445 1517 539 1569 τὸν
585 1516 777 1586 μηδενὶ
805 1515 1179 1586 προσθέμενον
1201 1516 1309 1568 τῶν
1348 1516 1651 1587 παρόντων,
1685 1514 1800 1570 ἀλλ’
1828 1517 2022 1569 ἑαυτὸν

448 1607 582 1668 ὅλως
615 1604 694 1674 τῷ
721 1605 909 1675 κόσμῳ
957 1602 1372 1685 σταυρώσαντα,
1426 1606 1481 1656 ὲν
1507 1604 1650 1674 ἄλλῳ
1681 1621 1742 1658 τε
1761 1605 1940 1658 οὐδενὶ
1963 1603 2026 1658 τὸ

449 1695 711 1767 καύχημα
738 1696 987 1767 θέμενον,
1018 1695 1135 1749 ἀλλ’
1157 1695 1189 1766 ἢ
1209 1697 1268 1749 ὲν
1294 1696 1373 1766 τῷ
1401 1696 1621 1767 σταυρῷ
1649 1697 1743 1751 τοῦ
1761 1694 2023 1767 Χριστοῦ,

450 1790 571 1842 κατ’
605 1788 776 1858 αὐτήν
805 1804 870 1857 γε
904 1788 1119 1861 ἡμέραν
1146 1788 1248 1858 τῆς
1279 1789 1476 1859 ἑορτῆς
1509 1789 1600 1842 τοῦ
1633 1789 1868 1860 σταυροῦ
1926 1791 2024 1843 καὶ

448 1880 630 1944 αὐτὸν,
666 1854 1136 1950 assuevi-Exeo?)
1192 1854 1355 1935 idth
1398 1854 1606 1950 κόσμου
1638 1854 1789 1952 χοῦν,
1824 1880 2025 1935 ἁποθέ-
2058 1854 2100 1909 Β

450 1970 615 2035 σθαι,
649 1969 745 2024 καὶ
812 1969 976 2040 μηδὲν
1021 1972 1087 2023 ἐκ
1149 1969 1340 2025 τούτου
1377 1971 1706 2041 παράσημον
1751 1972 2026 2039 ἑπαγόμεο

447 2081 537 2116 νον
594 2062 850 2135 καθαρῶς
902 2059 1155 2131 γενέσθαι
1204 2062 1298 2116 τοῦ
1363 2065 1422 2117 ὲν
1480 2065 1726 2134 οὐρανοῖς
1775 2064 2025 2119 πολιτεύ·

456 2173 646 2226 ματος.

524 2244 643 2300 ΞΑ’.
693 2246 827 2300 Τότε
862 2246 927 2315 δὴ
976 2246 1184 2321 γίνεται
1237 2243 1332 2298 τοῦ
1391 2245 1527 2312 πρὸς
1555 2246 1648 2298 τὸν
1675 2244 1830 2315 ἅγιον
1858 2245 2029 2300 πόθου

451 2337 646 2408 δεῖγμα
688 2338 784 2391 καὶ
831 2336 989 2391 τοῦτο
1039 2337 1400 2407 σαφέστατον.
1437 2337 1527 2401 Ὠς
1578 2338 1687 2408 γὰρ
1730 2341 1763 2408 ἠ
1796 2340 2023 2411 τελευτὴ

454 2426 551 2501 ἤδη
583 2431 719 2500 πρδς
757 2429 925 2493 ἀκοὰς
949 2428 1169 2496 ἔπιπτε,
1194 2430 1340 2501 καὶὴ
1370 2430 1525 2500 κοινὴ
1550 2428 1615 2498 ζη
1627 2430 1725 2499 μία
1753 2430 2031 2499 πανταχοῦ

450 2520 720 2580 διεδίδοτο,
751 2519 954 2591 πλῆθος
997 2518 1235 2590 ἀριθμοῦ
1258 2522 1531 2591 κρεῖττον,
1560 2520 1764 2590 πλῆθος
1796 2521 2027 2575 ἄπιστον

454 2608 660 2678 ἀνδρῶν
691 2609 825 2679 ὁμοῦ
850 2609 943 2662 καὶ
971 2608 1211 2678 γυναίων
1252 2610 1357 2663 τῶν
1396 2609 1635 2673 εὐσεϐῶς
1658 2610 2035 2680 ἀσκουμένων,

457 2700 516 2765 ἐξ
561 2700 735 2769 αὐτῆς
790 2700 987 2772 Συρίας
1021 2701 1114 2753 καὶ
1145 2701 1422 2765 Κιλικίας,
1445 2705 1509 2755 ὲκ
1546 2702 1749 2756 Πόντου
1782 2703 1842 2755 τέ
1891 2718 2037 2771 φημι

460 2793 553 2846 καὶ
602 2792 704 2862 τῆς
747 2792 1062 2864 Ἀρμενίας,
1094 2794 1176 2856 είς
1207 2793 1580 2864 προσκύνησιν
1621 2792 1714 2846 τοῦ
1755 2793 2030 2866 μακαρίου

462 2882 746 2956 συνέρρεον
808 2883 1080 2954 σώματος.
1115 2886 1179 2939 Ὃ
1227 2887 1455 2939 καὶτῶν
1485 2886 1648 2956 ἱερῶν
1687 2885 1895 2956 ὓμνων,
1940 2886 2037 2938 καὶ

458 2974 560 3040 τῆς
618 2976 1018 3047 νενομισμένης
1043 2977 1206 3048 τυχὸν
1234 2977 1579 3048 ψαλμῳδίας,
1615 2977 1802 3048 χεῖράς
1828 2994 1886 3030 τε
1919 2977 2036 3030 δια-

459 3068 629 3136 φυγὸν
655 3067 763 3119 τῶν
808 3067 997 3138 ὥσπερ
1026 3068 1106 3120 ἔτι
1153 3069 1353 3133 ζῶντος
1382 3068 1811 3138 λαμϐανομένων
1857 3066 2025 3121 αὑτοῦ

2126 600 2258 656 illud
2289 599 2391 655 iter
2422 599 2564 665 iniit,
2610 607 2670 654 ut
2702 600 2978 654 Christum
3036 600 3266 664 videret,
3307 614 3430 653 cum
3485 598 3704 654 Christo

2124 701 2456 755 versaretur,
2488 691 2686 746 Christi
2736 701 3002 761 perpetuo
3048 692 3349 746 exsultaret
3401 691 3705 759 pulchritu-

2124 787 2286 841 dine:
2322 784 2422 840 sibi
2451 764 2672 855 qui’dem
2702 784 2832 839 felix
2893 786 2963 839 ob
2995 784 3279 838 decessum
3313 791 3369 836 ct
3424 778 3710 851 'migratio-

2125 894 2249 937 nem
2275 895 2288 931 :
2317 893 2567 948 magnam
2599 886 2783 930 autem
2813 875 3049 930 aﬂ‘erens
3076 875 3347 931 tristitiam
3378 874 3444 928 iis
3494 874 3583 944 qui
3614 888 3704 928 res

2124 972 2269 1026 illius
2291 970 2521 1042 pulchre
2552 977 2843 1033 noverant,
2873 976 2931 1022 et
2955 967 3156 1036 quibus
3184 966 3267 1019 vel
3307 966 3579 1021 modicum
3615 964 3700 1018 sui

2123 1063 2298 1119 mellis
2327 1074 2545 1134 gustum
2576 1061 2904 1130 praebuerat.
2936 1059 3059 1113 Fuit
3097 1066 3280 1113 autem
3304 1058 3421 1112 dies
3451 1058 3571 1126 ejus
3604 1058 3702 1111 de—

2124 1169 2336 1218 cessus,
2370 1152 2463 1223 qui
2497 1151 2600 1208 fuit
2640 1152 2867 1206 viviticae
2900 1151 3115 1212 (Zrucis,
3149 1163 3310 1218 quam
3367 1165 3429 1201 ex
3473 1165 3530 1202 re
3590 1149 3707 1217 ipsa

2125 1248 2367 1303 solemus
2396 1258 2589 1299 vocare
2612 1242 3038 1304 Exaltationem,
3057 1257 3197 1310 qum,
3225 1250 3487 1295 utomnes
3503 1239 3703 1303 sciunt,

2126 1340 2436 1395 celebratur
2460 1347 2656 1409 quarto
2686 1336 2902 1392 decimo
2935 1323 3272 1404 Septembris
3314 1333 3445 1402 (56).
3480 1330 3711 1402 Oporte—

2125 1434 2221 1488 bat
2248 1432 2395 1486 enim
2420 1446 2569 1495 eum,
2605 1430 2697 1500 qui
2730 1443 2788 1483 se
2824 1427 2955 1482 nulli
3000 1442 3181 1481 rerum
3223 1425 3572 1495 praesentium
3618 1424 3714 1479 de-

2127 1522 2361 1589 diderat,
2397 1522 2491 1577 sed
2524 1537 2582 1576 se
2619 1530 2792 1575 totum
2824 1518 3032 1573 mundo
3078 1516 3304 1571 omnino
3338 1514 3708 1576 cruciﬁxcrat,

2127 1623 2182 1669 et
2215 1614 2359 1668 nulla
2395 1628 2454 1667 re
2487 1613 2593 1666 alia
2646 1610 2908 1682 gloriatus
2956 1608 3155 1672 fuerat,
3209 1621 3373 1675 quam
3422 1606 3477 1658 in
3543 1619 3711 1658 cruce

2126 1692 2352 1767 Christi,
2383 1719 2449 1759 eo
2472 1705 2592 1774 ipso
2622 1704 2708 1758 die
2739 1702 2880 1758 festo
2912 1698 3124 1760 Crucis,
3160 1714 3286 1752 eum
3337 1697 3516 1764 ipsum
3582 1711 3714 1766 quo-

2128 1812 2235 1867 que
2254 1797 2527 1867 deponere
2560 1794 2869 1866 pulverem,
2894 1806 3060 1862 quem
3089 1789 3327 1846 habebat
3365 1804 3429 1843 ex
3463 1788 3565 1866 hac
3596 1803 3712 1841 ma-

2132 1891 2290 1953 teria,
2334 1900 2390 1944 et
2420 1887 2689 1943 mundum
2719 1884 3009 1956 pervenire
3057 1883 3122 1936 ad
3159 1897 3304 1945 eam,
3361 1896 3482 1950 quae
3531 1886 3616 1934 est
3656 1879 3712 1931 in

2129 1983 2303 2047 ccelis,
2329 1979 2833 2037 conversationem.

2202 2246 2339 2302 LXI.
2369 2245 2524 2300 Tunc
2559 2251 2745 2298 autem
2776 2239 2996 2297 exsistit
3022 2238 3297 2309 quoddam
3322 2236 3713 2292 manifestissi-

2131 2354 2282 2394 mum
2314 2336 2575 2391 indicium
2597 2333 2842 2388 omnium
2897 2330 3100 2385 amoris
3143 2329 3198 2383 in
3241 2326 3531 2384 Sanctum.
3580 2327 3716 2382 Nam

2131 2443 2257 2485 cum
2282 2427 2395 2497 jam
2418 2426 2487 2480 ad
2522 2420 2822 2478 multorum
2874 2434 3038 2475 aures
3095 2417 3434 2487 pervenisset
3464 2431 3589 2471 eum
3620 2417 3718 2471 de-

2132 2518 2388 2581 cessisse,
2422 2523 2478 2569 et
2534 2512 2845 2568 communis
2883 2511 3098 2582 jactura
3133 2508 3187 2562 in
3243 2519 3460 2563 omnem
3504 2515 3717 2577 partem

2133 2606 2515 2680 persuaderet,
2583 2599 2878 2657 multitudo
2935 2595 3374 2656 innumerabilis,
3429 2591 3723 2648 multitudo

2134 2697 2471 2755 incredibilis
2499 2696 2740 2750 virorum
2789 2691 2953 2747 simul
2993 2699 3048 2744 et
3106 2688 3419 2749 mulierum,
3452 2701 3578 2754 quas
3633 2685 3722 2753 pie

2135 2791 2559 2853 exercebantur,
2588 2803 2653 2842 ex
2683 2786 2800 2856 ipsa
2824 2783 2978 2854 Syria
3008 2792 3063 2836 et
3093 2781 3306 2844 Cilicia,
3352 2795 3419 2833 ex
3468 2779 3640 2833 Ponto
3667 2786 3723 2831 et

2134 2882 2398 2939 Armenia
2426 2878 2743 2935 conﬂuebat
2766 2876 2835 2930 ad
2855 2872 3194 2929 adorandum
3224 2872 3442 2926 beatum
3468 2870 3723 2924 taberna-

2138 2974 2349 3031 culum.
2383 2971 2540 3036 Quod
2578 2968 2821 3039 quidem,
2850 2980 2974 3021 cum
3012 2965 3063 3018 ei
3094 2963 3162 3018 de
3208 2977 3360 3016 more
3405 2961 3543 3015 sacri
3589 2960 3721 3015 dicti

2140 3064 2377 3122 fuissent
2412 3062 2604 3134 hymni
2663 3067 2716 3115 et
2747 3056 3070 3128 psalmodia,
3098 3063 3154 3108 et
3194 3056 3279 3108 vix
3317 3052 3595 3123 effugisset
3624 3067 3715 3106 eo-

461 3158 555 3210 κειὶ
595 3157 1017 3228 ἀσπαζομένων,
1050 3159 1172 3214 ὅλον
1193 3177 1252 3213 τε
1280 3160 1376 3214 σὺν
1426 3162 1583 3233 ἡδονῇ
1624 3161 2028 3232 περιπλεκομέ·

2138 3172 2260 3212 rum
2303 3169 2521 3217 manus,
2545 3151 2638 3222 qui
2668 3151 2847 3221 ipsum
2874 3159 3130 3217 tanquam
3156 3146 3339 3200 vivum
3375 3145 3727 3213 accipiebant

465 3265 591 3311 νων,
615 3249 706 3301 καὶ
743 3249 817 3320 μὴ
846 3249 1093 3319 μεθεῖναι
1140 3250 1613 3320 φιλονεικούντων,
1662 3252 1901 3323 ἐχόμενά
1932 3268 2028 3304 που

2144 3258 2201 3304 et
2242 3260 2366 3302 cum
2425 3244 2624 3316 gaudio
2667 3240 3197 3311 complectebantur,
3233 3246 3288 3290 et
3342 3236 3395 3290 id
3432 3235 3727 3289 contende-

464 3339 788 3393 Bzat).icxou
820 3340 915 3394 τοῦ
953 3345 1233 3413 μάρτυρος
1272 3343 1539 3417 κατετέθη
1569 3346 1647 3408 είς
1681 3345 1841 3411 δόξαν
1879 3341 2028 3407 Θεοῦ1

2149 3339 2303 3404 bant,
2354 3333 2624 3406 quidquid
2664 3333 2842 3398 ﬁeret,
2893 3345 3003 3384 non
3063 3328 3377 3390 dimittere,
3433 3325 3729 3395 deponitur

464 3422 526 3485 οὗ
561 3428 736 3485 πάντα
755 3432 834 3495 είς
855 3432 1010 3497 δόξαν
1034 3433 1197 3497 αὐτὸς
1229 3434 1400 3489 ἐποίει
1430 3435 1537 3490 ἀεί.

2150 3446 2322 3504 prope
2350 3429 2672 3485 Basiliscum
2706 3435 3020 3497 martyrem,
3069 3433 3263 3476 revera
3297 3421 3522 3486 dignum
3547 3420 3725 3504 omni:

467 3518 568 3575 b'us
589 3521 862 3587 laudibus,
885 3525 1101 3593 utquod
1127 3525 1218 3580 tali
1238 3525 1400 3580 fuerit
1428 3528 1625 3582 anima)
1658 3526 2033 3596 coniunctum,
2075 3497 2384 3579 et-talium
2420 3521 2667 3575 laborum
2714 3517 2883 3572 fuerit
2930 3514 2982 3569 ei
3052 3512 3288 3575 socium,
3333 3518 3389 3563 et
3441 3497 3728 3562 ministerii

467 3621 604 3685 grati
638 3620 709 3686 ei,
737 3620 828 3688 qui
861 3619 1040 3686 ipsum
1066 3621 1274 3676 creavit
1299 3639 1313 3675 :
1338 3622 1427 3677 -Ad
1480 3622 1693 3677 laudem
1734 3623 1905 3691 ipsius
1949 3619 2077 3675 boni
2120 3615 2215 3672 Dei
2238 3615 2414 3671 nostri
2439 3614 2508 3669 ad
2540 3613 2702 3681 cuius
2763 3609 2990 3682 gloriam
3025 3605 3144 3673 ipse
3179 3602 3362 3656 omnia
3395 3601 3649 3664 faciebat,
3675 3610 3730 3655 ct

471 3712 745 3783 Uuigeniti
776 3713 896 3781 ejus
920 3704 1060 3777 Filii,
1081 3721 1136 3767 et
1162 3713 1361 3767 viviﬁci
1391 3714 1636 3784 Spiritus
1669 3733 1680 3766 :
1707 3726 1828 3782 quae
1850 3720 1935 3766 est
1975 3711 2131 3765 Leata
2175 3716 2231 3761 et
2261 3704 2584 3776 principalis
2621 3701 2881 3768 Trinitas,
2913 3710 3075 3766 quam
3105 3693 3264 3748 decet
3318 3691 3507 3761 gloria,
3553 3692 3733 3748 honor

469 3815 519 3863 et
551 3802 814 3873 adoratio,
851 3806 999 3864 nunc
1021 3817 1076 3864 et
1105 3822 1339 3880 semper,
1370 3817 1425 3865 et
1460 3811 1513 3865 in
1549 3809 1746 3865 saecula
1768 3809 2117 3863 s‘wculorum.
2167 3802 2360 3856 Amen.

544 3985 656 4059 (56)
675 3984 831 4041 Anno
863 3985 981 4042 407.
