4126 6420
574 341 700 406 1211
1802 342 2080 402 ususus
2118 342 2575 404 JANUAHlUS.
3680 359 3793 426 1m

1631 497 1823 509 __—..._

2330 497 3163 527 Μ

641 498 2270 529 “mm

2277 513 2327 524 ὀ

1424 675 1622 807 DE
1704 680 2325 810 SANCTO
2417 672 3015 811 JACOBO

1681 908 2040 970 EREMITA
2076 908 2155 968 IN
2195 907 2690 969 PALIESTINA.

1308 1053 1548 1122 (Januarii
1596 1055 1675 1108 die
1722 1054 1800 1105 28.
1829 1079 1892 1093 -
1932 1057 2053 1105 Acta
2096 1055 2387 1105 Sanctorum
2418 1052 2645 1107 Bollaud.
2680 1056 2739 1106 ad
2762 1054 2890 1106 hanc
2921 1055 3092 1120 diem.)

986 1289 1011 1309 Ι

654 1330 709 1386 1.
745 1326 936 1386 Plures
966 1332 1017 1386 in
1056 1332 1210 1400 Syria
1253 1333 1440 1387 vixere
1470 1331 1837 1387 sanctimonia
1864 1334 2105 1389 illustres
2148 1335 2413 1401 ercmitae,
2465 1334 2654 1390 Jacobi
2694 1333 2970 1403 appellati.
3001 1333 3211 1387 [lorum
3241 1348 3384 1389 unus
3417 1337 3463 1389 is
3494 1335 3594 1391 fuit
3619 1338 3681 1394 de
3711 1355 3801 1409 quo

566 1424 957 1479 Tlteodoretus
982 1440 1100 1494 cap.
1129 1425 1199 1479 25
1231 1425 1512 1488 Philotimi,
1546 1441 1639 1479 seu
1669 1427 1765 1478 lib.
1803 1442 1855 1480 Ix
1897 1427 1972 1479 L‘e
1996 1430 2112 1481 vitis
2158 1427 2408 1493 Patrum,
2434 1428 2645 1488 scribit,
2679 1426 2771 1495 qui
2809 1427 3030 1497 tugurio
3078 1427 3322 1481 inclusus
3363 1428 3584 1499 dt‘gebat
3624 1451 3640 1482 ι
3671 1434 3800 1503 juxta

571 1517 753 1571 vicum
783 1517 967 1572 Duzan
1005 1518 1059 1571 in
1095 1517 1274 1588 Syria,
1313 1537 1331 1568 ι
1376 1534 1581 1589 perque
1632 1520 1900 1575 modicam
1941 1519 2142 1575 fossam
2182 1536 2446 1591 responsa
2479 1521 2767 1579 reddebat.
2800 1535 2982 1589 neque
3016 1519 3141 1589 igne
3174 1534 3307 1573 usus
3355 1536 3614 1589 unquam,
3646 1540 3798 1593 neque

566 1608 776 1663 lumine
825 1610 1085 1665 lucernae.
1117 1610 1504 1682 Nonagenario
1535 1613 1710 1684 major
1745 1614 1929 1669 adhuc
1957 1614 2013 1669 in
2051 1615 2193 1670 vivis
2217 1626 2358 1681 erat,
2388 1629 2512 1668 cum
2544 1614 2747 1669 librum
2778 1613 2932 1667 illum
2970 1612 3356 1669 Theodoretus
3389 1616 3585 1671 seculo
3632 1618 3798 1686 quinto

560 1703 959 1758 conscriberet.
3682 1771 3684 1774 ν

625 1795 681 1850 2.
711 1795 868 1849 Alius
906 1796 974 1850 ab
1008 1796 1203 1851 eodem
1240 1796 1591 1853 Tltendoreto
1633 1814 1753 1869 cap.
1784 1799 1845 1853 21
1892 1810 2230 1855 memoratur
2270 1799 2531 1864 Iacobus,
2566 1800 2652 1855 cui
2689 1800 2805 1871 ipse
2862 1801 3062 1872 Magni,
3092 1801 3422 1856 Theodorus
3452 1800 3640 1857 Lector
3667 1803 3752 1857 lib.
3785 1819 3797 1856 ι

562 1885 856 1943 Collectmz.
886 1887 1028 1958 Syri,
1053 1888 1319 1958 Evagrius
1346 1889 1440 1942 lib.
1470 1905 1529 1952 11,
1565 1904 1681 1959 cap.
1714 1890 1768 1950 9.
1806 1889 1967 1961 Syrii.
1999 1891 2335 1961 Rosweydus
2358 1891 2672 1962 llypwthn’i.
2702 1892 2966 1961 quodsub
2996 1893 3087 1946 dio
3119 1893 3352 1955 viveret,
3401 1908 3691 1962 cognomen
3717 1906 3799 1945 tn-

558 1978 750 2033 buere.
784 1980 959 2051 Hujus
993 1981 1246 2035 meminit
1282 1982 1549 2035 Baronius
1600 1991 1732 2035 tom.
1766 1981 1829 2039 V.
1860 1998 1953 2037 an.
1985 1981 2115 2036 Chr.
2142 1983 2264 2047 404,
2302 1999 2453 2036 ιιιιιιι.
2506 1983 2624 2041 108,
2661 1992 2716 2037 et
2747 1999 2838 2036 an.
2874 1983 3002 2047 4U,
3041 1998 3192 2036 num.
3230 1984 3318 2046 15,
3343 1991 3399 2037 et
3444 1993 3569 2036 tom.
3603 1981 3681 2043 \‘l,
3723 1996 3797 2034 an.

554 2069 682 2135 458,
717 2087 866 2125 num.
908 2073 994 2131 15.
1027 2072 1118 2126 ubi
1149 2074 1276 2143 jure
1310 2071 1683 2143 Nicephorum
1726 2074 1977 2145 corrigit.
2014 2075 2106 2143 qui
2140 2091 2266 2129 eum
2293 2092 2416 2131 cum
2450 2076 2656 2132 Jacobo
2685 2074 2949 2128 Ni~ibcno
2978 2075 3252 2131 confudit.
3293 2075 3503 2131 Colitur
3539 2074 3800 2129 Nisibenus

562 2180 633 2219 xv
662 2165 818 2225 Julii.
862 2173 914 2221 at
947 2165 1188 2220 Jacobus
1216 2165 1464 2236 Magnus,
1502 2168 1619 2222 sive
1669 2168 1860 2239 Syrus,
1914 2185 2038 2223 xxvi
2078 2169 2373 2233 Novemb,
2406 2171 2537 2225 licet
2568 2170 2693 2224 loca
2743 2185 2815 2224 ex
2844 2169 3153 2224 Annalibus
3179 2169 3403 2223 Baronii
3434 2168 3540 2238 jam
3584 2166 3732 2220 citata
3774 2182 3797 2217 ιι

554 2257 738 2320 nobis,
771 2258 1009 2326 ascripta
1042 2258 1274 2328 margini
1308 2259 1420 2311 sint
1453 2258 1510 2311 in
1542 2270 1820 2329 postrema
1856 2260 2230 2331 Martyrologii
2269 2262 2501 2315 Romani
2529 2261 2772 2315 editione
2799 2261 2867 2314 ad
2902 2250 3221 2315 notationcs
3249 2277 3300 2314 vt
3333 2258 3580 2330 Augusti,
3606 2273 3704 2327 quo
3727 2256 3799 2309 die

556 2351 761 2406 colitur
787 2351 930 2407 alius
958 2351 1196 2407 Jacobus
1228 2352 1471 2406 Eremita
1519 2373 1536 2404 ι
1572 2355 1782 2410 Amida:
1810 2355 1862 2408 iu
1907 2355 2296 2420 Mesopotamia
2338 2356 2405 2409 ad
2459 2356 2665 2426 'figrim
2700 2355 2927 2410 ﬂuvium
2967 2375 2985 2407 ι
3028 2356 3314 2411 miraculis
3366 2355 3565 2418 clarus,
3610 2351 3798 2406 duobus

556 2441 666 2499 illis
702 2445 874 2499 multo
913 2445 1142 2514 junior;
1179 2446 1385 2515 quippe
1417 2446 1509 2514 qui
1542 2456 1664 2515 post
1694 2447 1944 2501 Amidam
1986 2463 2015 2502 a
2059 2464 2185 2518 rege
2238 2448 2532 2503 Persarum
2581 2460 2793 2518 captam
2843 2449 3026 2503 adhuc
3089 2448 3333 2503 vivebat.
3362 2449 3528 2516 Capta
3582 2458 3702 2497 vero
3725 2448 3797 2494 est

555 2534 778 2601 Amida,
823 2545 968 2590 teste
999 2535 1317 2591 Marcellino
1364 2538 1418 2592 in
1466 2537 1764 2600 Chronico,
1813 2558 1829 2590 ι
1880 2538 2216 2594 Consulibus
2268 2541 2480 2595 Avieno
2534 2539 2763 2594 Juuiore
2808 2547 2863 2592 et
2922 2540 3102 2594 Probo
3145 2561 3162 2592 ι
3201 2546 3326 2610 (pro
3383 2554 3492 2609 quo
3546 2536 3631 2591 alii
3686 2531 3797 2603 [tuf-

557 2626 690 2694 fum,
745 2627 1020 2697 scribunt)
1054 2643 1145 2682 an.
1180 2626 1314 2683 Chr.
1350 2628 1473 2695 502,
1511 2644 1623 2701 quo
1671 2629 1946 2687 Baronius
1983 2647 2139 2686 num.
2172 2630 2244 2685 40
2285 2633 2351 2687 de
2384 2631 2492 2686 hoc
2522 2630 2577 2686 S.
2612 2629 2818 2685 Jacobo
2852 2630 2964 2703 agit
3003 2647 3070 2687 ex
3102 2631 3356 2702 Procopii
3393 2630 3489 2685 lib.
3523 2645 3539 2682 ι
3573 2626 3644 2680 De
3683 2622 3797 2677 bello

555 2716 787 2774 Persico.

626 2810 679 2863 5.
716 2810 1001 2881 Philippus
1030 2810 1321 2865 Ferrarius
1344 2811 1398 2864 iu
1427 2807 1810 2881 Topographia
1842 2811 2213 2885 Martyrologii
2251 2812 2506 2878 Romani,
2543 2813 2714 2869 verbo
2745 2813 3062 2878 Pal/ruina,
3092 2816 3289 2873 scribit
3326 2816 3475 2871 hunc
3505 2831 3523 2863 ‹
3558 2807 3794 2867 Jacnbllll

557 2903 885 2968 Eremitam,
922 2904 1017 2973 qui
1050 2903 1261 2958 Amida:
1289 2904 1517 2974 ponitur
1550 2906 1654 2959 sub
1691 2905 1777 2959 «tie
1810 2922 1860 2959 γι
1885 2905 2141 2976 Augusti,
2165 2906 2423 2960 eumdem
2464 2906 2638 2961 videri
2668 2922 2793 2961 cum
2827 2923 2893 2961 eo
2930 2908 3023 2977 qui
3057 2909 3159 2963 hoc
3193 2925 3364 2964 xxvnt
3423 2901 3655 2962 Januarii
3682 2896 3795 2952 coli-

558 3007 667 3050 tur.
714 3016 732 3047 ›
776 2997 833 3051 lu
894 3013 1004 3067 quo
1041 2997 1270 3051 indubie
1321 2997 1560 3063 fallitur,
1594 3007 1650 3052 et
1677 2997 1900 3066 quidem
1938 3000 2318 3054 vehementer.
2355 2998 2452 3053 ille
2507 3000 2676 3061 enim,
2711 3007 2849 3053 teste
2898 2998 3190 3069 Procopio,
3228 3019 3246 3052 ι
3293 3000 3347 3053 in
3387 2997 3509 3051 vico
3543 2994 3608 3047 ab
3626 2988 3792 3045 Amida

557 3087 723 3142 unius
775 3087 883 3142 diei
932 3087 1130 3142 itinere
1190 3089 1453 3154 distante,
1499 3090 1552 3143 in
1604 3091 1760 3145 brevi
1809 3092 1988 3161 spatio
2042 3092 2306 3146 cancellis
2360 3092 2706 3146 iuterseratis
2758 3093 3004 3146 inclusus
3043 3110 3060 3143 ι
3115 3090 3415 3157 vixit;hic
3454 3107 3471 3138 ι
3510 3097 3667 3156 prope
3713 3093 3794 3146 01)·

557 3179 744 3249 pidum
782 3180 1255 3251 Porphyreonem,
1291 3200 1307 3234 ι
1345 3182 1413 3236 ab
1439 3197 1586 3238 anno
1629 3182 1808 3237 aetatis
1840 3182 2063 3238 circiter
2095 3182 2358 3237 vicesimo
2411 3202 2429 3233 «
2458 3181 2533 3237 in
2581 3187 2845 3255 spelunca
2885 3184 3124 3255 quadam
3160 3180 3483 3254 quindecim
3526 3188 3688 3231 annos
3710 3170 3792 3223 ba-

554 3272 774 3330 bitavit.
817 3291 837 3325 ι

627 3367 683 3421 Δ.
717 3366 1037 3441 Est_autem
1075 3368 1358 3439 Stephano
1387 3368 1483 3425 lib.
1517 3369 1593 3424 De
1637 3370 1847 3424 urbibus
1880 3365 2218 3440 Πορφυρεὼν
2250 3387 2256 3401 ι

2161 3365 2218 3420 ὒν
2250 3367 2403 3431 πόλις
2425 3368 2704 3439 Φοινίκης,
2724 3369 2849 3424 urbs
2881 3366 3184 3433 Phoeniciis,
3240 3363 3533 3423 admodum
3562 3354 3790 3422 antiqua;

553 3463 713 3534 cujus
742 3465 994 3520 meminit
1028 3467 1289 3539 Polybius
1322 3467 1420 3522 lib.
1456 3483 1510 3532 v,
1548 3468 1617 3522 de
1645 3468 1790 3522 bello
1822 3482 1991 3539 agens
2014 3467 2273 3522 Antiochi
2303 3467 2508 3536 Magni.
2544 3466 2888 3536 Episc0palis
2916 3465 3019 3519 fuit
3049 3466 3152 3520 sub
3180 3459 3532 3532 metmpolita
3562 3453 3791 3509 Caesaiea:

554 3556 880 3623 Pallestinai,
912 3568 972 3612 ut
1002 3558 1241 3615 habetur
1269 3559 1370 3614 lib.
1399 3576 1435 3614 ιι
1463 3560 1686 3616 Notitia:
1707 3562 2131 3631 episcopatuum
2168 3559 2363 3622 Minui,
2398 3559 2491 3612 ubi
2523 3568 2705 3613 tamen
2737 3559 3048 3635 Porpltyron
3081 3559 3314 3628 scripta,
3340 3551 3627 3613 Wilhclmo
3651 3539 3791 3638 'l-‘ylri'O

554 3648 657 3704 lib.
688 3665 741 3703 nt
783 3649 923 3704 Belli
943 3653 1108 3717 sacri,
1141 3667 1263 3722 cap.
1295 3652 1384 3718 14,
1415 3663 1471 3706 et
1496 3652 1595 3707 lib.
1624 3668 1678 3717 x,
1709 3630 1830 3722 cap.
1872 3630 1909 3706 δέ
1932 3662 1990 3708 et
2024 3652 2110 3719 lO,
2154 3660 2211 3706 et
2244 3650 2374 3704 alibi
2409 3649 2640 3720 Caiphus
2674 3630 3004 3720 appellatur.
3046 3650 3275 3721 Tyrium
3312 3653 3610 3716 sequuntur
3656 3630 3791 3686 Adri-

554 3741 812 3797 cbomius
846 3743 902 3797 in
947 3744 1095 3799 tribu
1144 3745 1388 3809 lsachar,
1423 3760 1544 3815 cap.
1582 3745 1682 3809 17,
1716 3745 2093 3810 Quaresmius,
2127 3752 2183 3799 et
2207 3744 2298 3797 alii
2323 3759 2338 3808 ;
2367 3743 2462 3813 qui
2520 3751 2699 3798 tamen
2729 3744 2996 3797 falluntur
3038 3743 3170 3798 dum
3224 3759 3255 3796 a
3300 3739 3508 3809 Caipha
3563 3723 3789 3822 Ροηιίίίίξθ

554 3843 899 3891 exstructam
931 3836 1187 3893 scribunt
1221 3855 1235 3894 :
1271 3845 1577 3893 restaurata
1607 3836 1675 3891 ab
1708 3851 1778 3893 eo
1806 3848 1892 3893 est
1924 3837 2193 3893 fortassis.
2229 3836 2393 3893 Juxta
2433 3851 2607 3903 mare,
2628 3835 2697 3890 ad
2727 3834 2965 3891 Carmeli
2992 3834 3197 3891 montis
3225 3832 3464 3894 radices,
3491 3833 3637 3897 parle
3654 3828 3790 3885 αιιυι·

551 3926 728 3981 lonari
763 3929 924 3983 sitam
959 3930 1204 3985 tradunt.

622 4020 678 4074 5.
717 4021 759 4074 A
789 4021 1197 4095 Porphyreonis
1226 4024 1382 4080 urbis
1412 4024 1612 4081 incolis
1647 4043 1665 4077 ‹
1697 4039 1823 4079 cum
1846 4038 1906 4079 se
1931 4022 2195 4079 honorari
2221 4022 2458 4087 videret,
2487 4040 2506 4074 ι
2548 4031 2609 4077 ut
2664 4038 2821 4078 num.
2859 4023 2925 4078 10
2958 4021 3186 4085 dicitur,
3226 4041 3247 4075 ι
3277 4019 3494 4090 fugiens
3520 4005 3648 4063 abiit
3678 4009 3792 4068 φη-

551 4109 805 4180 draginta
838 4115 1173 4170 milliaribus
1196 4126 1254 4171 et
1282 4117 1347 4170 ad
1384 4118 1560 4188 ripam
1592 4118 1746 4172 ﬂuvii
1782 4117 2006 4186 triginta
2067 4128 2244 4169 annos
2290 4115 2583 4170 habitavit.
2623 4134 2641 4167 ι
2682 4114 2841 4170 Hunc
2871 4114 3102 4168 fluvium
3158 4113 3421 4169 Cisonem
3456 4100 3782 4188 arbitraltlurv

552 4206 648 4277 qui
678 4220 745 4260 ex
777 4208 914 4260 mari
938 4207 1194 4272 Galilteaa,
1231 4226 1329 4266 seu
1371 4182 1704 4277 Tiberiadis,
1736 4213 1791 4267 in
1823 4182 1974 4267 mare
2005 4211 2469 4267 Mediterraneum
2501 4211 2714 4276 defluit,
2749 4211 2837 4266 cui
2874 4210 2943 4264 ad
2989 4210 3177 4264 leucas
3211 4210 3425 4278 aliquot
3485 4206 3635 4289 mons

556 4312 707 4360 mon,
744 4296 860 4352 sive
896 4295 1278 4365 llermonium,
1301 4301 1552 4371 adjacet',
1580 4303 1724 4371 apud
1760 4304 1917 4374 cujus
1952 4309 2139 4371 petras
2164 4302 2218 4356 in
2250 4302 2515 4379 spelunca
2538 4302 2759 4356 videtur
2783 4302 3006 4368 vixisse,
3033 4316 3103 4357 ex
3147 4318 3257 4372 qua
3290 4312 3413 4355 cum
3455 4288 3648 4346 fmdum
3675 4268 3789 4379 illud

552 4389 823 4460 ﬂagitium
860 4400 1255 4461 perpetrasset,
1289 4393 1565 4460 discessit,
1600 4406 1764 4467 atque
1790 4412 1965 4451 annos
1999 4396 2189 4452 decem
2226 4397 2279 4451 in
2322 4374 2430 4451 alia
2459 4398 2750 4467 spelunca,
2812 4412 2911 4451 seu
2959 4407 3144 4453 vetere
3183 4396 3464 4467 sepulcro,
3532 4383 3585 4436 ίη
3617 4372 3788 4475 Fid?“

555 4483 780 4555 regione
805 4483 1009 4554 esegit.
1045 4485 1181 4539 Αιεὶ
1215 4487 1418 4543 ﬂumen
1445 4487 1550 4542 hoc
1579 4489 1852 4559 quispiam
1894 4489 2192 4545 Jordanem
2231 4503 2353 4544 esse
2387 4489 2707 4554 contendat,
2741 4489 2888 4544 haud
2933 4491 3191 4560 equidem
3235 4480 3555 4559 pugnaciter
3581 4468 3791 4523 obsiste-

553 4592 698 4643 mus,
728 4578 774 4634 si
809 4581 955 4649 quod
1005 4583 1253 4636 attulerit
1308 4583 1593 4654 probabile
1619 4596 2027 4653 argumentum,
2068 4590 2233 4651 atque
2288 4583 2501 4653 uSpiam
2558 4584 2830 4653 repererit
2861 4600 2972 4639 non
3027 4586 3153 4656 plus
3182 4585 3251 4639 40
3282 4576 3526 4638 millibus
3555 4563 3791 4636 Ρ³⁵δ¹⁸¹¹¹¹²

552 4668 727 4724 fluere
753 4687 782 4725 a
807 4673 1194 4745 Porphyreoue
1219 4675 1535 4731 Jordanem.

625 4766 676 4816 ϐ.
700 4763 908 4820 Jacobo
940 4743 1067 4820 mox
1100 4767 1169 4821 ab
1198 4769 1376 4832 obitu,
1397 4770 1468 4822 ob
1493 4767 1884 4821 miraculorum
1911 4766 2301 4836 frequentiam,
2339 4784 2492 4823 sacra
2509 4775 2788 4824 exstructa
2818 4779 2904 4825 est
2935 4770 3101 4837 aedes,
3137 4771 3191 4826 in
3213 4781 3377 4840 quam
3402 4762 3519 4831 ejus
3545 4743 3791 4807 transiit“ll

552 4867 685 4912 sunt
714 4859 983 4930 reliquiae,
1018 4870 1074 4916 et
1103 4862 1370 4915 memoria
1396 4851 1532 4930 quot
1564 4859 1725 4914 annis
1758 4874 1882 4913 cum
1911 4859 2123 4915 solenni
2156 4861 2453 4917 festivitate
2511 4862 2809 4917 celebrata.
2840 4863 2964 4919 Vita
2992 4862 3049 4918 S.
3080 4864 3271 4919 Jacobi
3307 4856 3508 4925 scripta
3538 4843 3785 4932 videtur?

552 4962 770 5008 vetusto
794 4962 1044 5022 auctore,
1072 4955 1221 5010 haud
1250 4954 1345 5008 diu
1375 4961 1502 5024 post
1530 4952 1650 5022 ejus
1678 4960 1935 5017 mortem,
1962 4962 2022 5007 ut
2052 4954 2168 5009 haec
2190 4955 2359 5009 verba
2398 4955 2638 5011 innuunt
2667 4974 2684 5006 ι
2718 4974 2731 5009 :
2755 4955 2890 5011 Cum
2912 4956 3357 5028 religiosissimus
3386 4925 3786 5028 episcopus‘obt-

554 5056 669 5105 tum
692 5053 1064 5121 cognovisset,
1097 5054 1161 5108 ad
1195 5070 1321 5111 eum
1354 5058 1537 5113 locum
1564 5074 1690 5113 cum
1726 5066 1842 5113 toto
1863 5059 2012 5112 clero
2041 5068 2096 5112 et
2122 5058 2312 5128 probis
2339 5057 2494 5112 laicis
2545 5059 2798 5123 accessit,
2828 5060 2922 5128 qui
2978 5074 3103 5113 cum
3164 5050 3500 5113 aromatibus
3552 5033 3784 5108 Ρτοιί⁰⁵¹⁵

549 5155 676 5194 eum
706 5142 1048 5197 condiissmt
1072 5184 1087 5209 ,
1120 5145 1292 5199 Deum
1326 5147 1504 5216 ipsum
1533 5156 1591 5203 et
1620 5150 1740 5219 ejus
1763 5148 1990 5219 gloriam
2017 5149 2385 5213 celebrantes,
2411 5149 2754 5204 venerandas
2803 5151 2924 5221 ejus
2964 5151 3224 5221 reliquias
3255 5151 3309 5203 in
3342 5144 3434 5198 illo
3462 5140 3576 5204 ipso

549 5242 739 5287 mento
762 5235 1158 5304 deposuerunt.
1189 5239 1385 5295 PoStea
1417 5250 1645 5296 sanctus
1672 5243 1770 5298 Dei
1797 5243 2059 5298 sacerdos
2084 5259 2296 5299 sacram
2315 5243 2489 5298 mdcm
2511 5244 2577 5298 ad
2606 5249 2925 5313 speluncam
2952 5246 3268 5312 aedificavit,
3293 5243 3519 5313 ejusﬂl“c
3548 5219 3782 5317 reliquias

552 5330 685 5387 illttc
721 5334 1020 5389 transtulit.
1055 5335 1175 5401 Quo
1203 5337 1257 5391 in
1287 5338 1409 5392 loco
1439 5353 1613 5407 usque
1651 5339 1706 5392 in
1742 5340 2072 5395 hodiernum
2104 5340 2249 5396 diem
2297 5340 2454 5395 multi
2489 5350 2756 5397 curantur
2785 5356 2849 5396 ac
2885 5353 2997 5397 tota
3031 5343 3247 5406 civitas,
3280 5348 3336 5395 et
3367 5327 3590 5387 finitima
3628 5319 3777 5407 νίψον

547 5422 671 5491 ejus
701 5426 1024 5479 memoriam
1055 5426 1288 5497 singulis
1313 5429 1474 5484 annis
1499 5405 1791 5487 celebrans
1822 5433 1971 5487 diem
2007 5449 2265 5503 magnum
2303 5435 2500 5489 festum
2528 5435 2641 5506 agit
2676 5455 2694 5487 ι
2725 5445 2835 5490 etc.
2893 5435 3025 5503 ρυω
3059 5446 3339 5504 postrema
3371 5426 3439 5481 de
3457 5422 3609 5476 zetate
3634 5405 3780 5506 Μθωξ

547 5520 787 5590 phrasta:
817 5523 931 5593 (qui
961 5524 1103 5579 hanc
1131 5525 1306 5581 Vitam
1349 5543 1451 5582 suo
1486 5528 1554 5582 de
1583 5530 1754 5599 gestis
1787 5541 2106 5585 sanctorum
2136 5532 2287 5602 operi
2319 5533 2576 5597 inseruit,
2608 5535 2945 5603 recognitam
2974 5550 3004 5587 a
3032 5549 3090 5589 se
3139 5526 3409 5587 fortassis.
3462 5530 3523 5570 ac
3550 5508 3613 5563 de
3644 5504 3777 5603 more

549 5613 961 5684 interpolatam)
994 5616 1181 5671 minus
1219 5618 1509 5674 commode
1537 5596 1715 5690 accipi
1750 5620 2010 5675 videntur
2046 5637 2226 5691 posse,
2255 5637 2379 5676 cum
2420 5623 2604 5678 omnia
2633 5624 2744 5678 late
2797 5623 3058 5679 Saraceni
3094 5621 3471 5694 Metapbrastaa
3500 5613 3609 5660 aevo
3641 5596 3775 5694 lf’l‘:

551 5683 857 5762 reutaEam
890 5724 1057 5777 porro
1085 5710 1263 5764 Vitam
1295 5708 1487 5766 Latine
1516 5728 1544 5765 a
1570 5712 1848 5768 Gentiano
1882 5683 2122 5769 llerveto
2160 5730 2400 5777 versam,
2426 5714 2723 5772 ediderunt
2747 5716 3084 5788 Lipomanus
3112 5726 3168 5774 et
3199 5683 3395 5772 Sitrius
3423 5720 3435 5758 :
3470 5683 3771 5752 Cnnmcm

551 5795 816 5864 Georgius
847 5798 1215 5859 Garuel’eltius
1252 5802 1350 5860 lib.
1391 5819 1426 5859 ιι
1455 5804 1531 5859 De
1557 5807 1677 5861 vitia
1707 5806 2075 5875 ercmitarum,
2111 5825 2262 5863 num.
2295 5809 2349 5862 Ἰ.
