4126 6440
375 412 403 487 1

412 414 445 486 Ξ

455 416 472 437 ο

457 469 478 488 ι

482 418 520 487 3

1595 421 1773 503 VITA
1813 421 1873 480 S.
1915 420 2173 482 JACOBI
2212 422 2577 486 MONACHI.

3497 421 3639 491 19M

1165 772 1549 906 ΒΙΟΣ
1624 767 1924 903 ΚΑΙ
2000 770 2826 908 ΠΟΛΙΤΕΙΑ

910 1010 1141 1099 ΤΟΥ
1208 1011 1548 1099 ΑΓΙΟΥ
1618 1011 1985 1101 ΙΑΚΩΒ(

2065 1015 2119 1101 r
2178 1015 2407 1101 ΤΟΥ
2480 1017 3079 1133 ΜΟΝΑΧΟΥ.

666 1384 948 1473 VlTA
1029 1382 1174 1469 ET
1245 1376 2096 1473 CONVEBSATIO
2170 1379 2265 1467 S.
2342 1378 2758 1470 JACOBI
2839 1380 3388 1473 MONACHI
3449 1415 3456 1420 ’

802 1572 989 1636 (Gram
1011 1586 1145 1624 nunc
1167 1574 1376 1639 primum
1402 1572 1653 1637 prodeunt
1672 1584 1738 1622 ex
1763 1571 1875 1623 cod.
1910 1584 2003 1621 ms.
2028 1571 2154 1636 Reg.
2189 1570 2346 1620 Paris.
2380 1585 2428 1621 ιι.
2467 1570 2584 1621 1708
2616 1577 2808 1624 notato.
2841 1571 2978 1623 Εοιτ.
3008 1573 3184 1631 Enn.)

1815 1873 2135 1929 PREFATI
2148 1876 2209 1926 θ.

441 1998 526 2058 A'.
551 1997 770 2053 Πολλῶν
814 1995 1036 2065 ἀγαθῶν
1074 1996 1171 2049 καὶ
1230 1995 1575 2066 ψυχωφελῶν
1618 1997 1985 2065 εὐεργεσιῶν,

2126 1997 2169 2049 Ι.
2226 1996 2393 2049 Multa
2445 1994 2584 2049 bona
2612 2004 2665 2051 et
2695 1995 2892 2050 animae
2954 1996 3218 2052 salutaria
3277 1995 3545 2051 beneficia
3579 1996 3647 2053 iis

373 2094 486 2154 τοῖς
517 2087 790 2158 φιλοθέοις
823 2086 923 2140 καὶ
963 2085 1105 2139 κατὰ
1141 2087 1210 2139 τὰ
1255 2085 1660 2156 προστάγματα
1716 2087 1810 2138 τοῦ
1843 2089 1957 2140 Κυ-

376 2182 494 2254 ρίου
522 2180 680 2251 ἡμῶν
727 2176 902 2249 Ἰησοῦ
932 2176 1172 2245 Χριστοῦ
1213 2176 1379 2245 ζῆσαι
1424 2177 1672 2231 θέλουσιν
1705 2179 1738 2247 ἠ
1773 2177 1962 2231 καλλί-

377 2290 477 2343 στη
517 2273 616 2339 τῆς
652 2267 1163 2340 ταπεινοφροσύνης
1202 2269 1396 2336 κτῆσις
1429 2268 1693 2340 πρόξενος
1723 2270 1958 2337 γίνεται,

375 2366 442 2440 ήν
472 2367 499 2418 ὁ
524 2361 831 2434 δράξασθαι
878 2361 1189 2423 σπουδάσεις
1218 2360 1316 2413 καὶ
1337 2359 1541 2429 ταύτην
1574 2362 1955 2430 κατορθώσας,

373 2457 434 2510 οὐ
466 2456 675 2508 πτῶσίν
697 2471 842 2517 τινα,
877 2453 940 2504 οὐ
974 2452 1183 2515 πάθους
1233 2452 1637 2521 αἰχμαλωσίαν,
1690 2451 1817 2505 οὔτε
1851 2453 1958 2523 μὴν

373 2548 542 2616 τῦφον
573 2547 670 2613 τῆς
696 2543 780 2612 ἐφ’
808 2543 985 2612 ἑαυτῷ
1016 2542 1392 2614 πεποιθήσεως
1412 2544 1707 2607 ὑπομεῖναι
1737 2543 1961 2614 δυνήσε-

370 2655 484 2696 ται.
511 2637 637 2690 Ὅτι
667 2636 776 2706 γὰρ
830 2635 1032 2704 ταύτην
1065 2634 1264 2703 πολλὴν
1301 2633 1506 2703 ζημίαν
1537 2636 1629 2686 καὶ
1657 2635 1960 2704 ἀνήκεστον

379 2729 585 2802 βλάΰην
606 2731 700 2783 καὶ
731 2729 991 2802 μέγιστον
1023 2728 1271 2780 κίνδυνον
1298 2726 1495 2793 ἐπάγει
1543 2729 1656 2789 τοῖς
1687 2726 1761 2795 μὴ
1789 2743 1961 2796 προσ·

378 2823 613 2892 ἔχουσιν,
643 2819 791 2873 ἐστιν
825 2820 922 2889 μὲν
960 2820 1026 2871 ἐκ
1078 2816 1290 2870 πολλῶν
1314 2854 1321 2860 .
1343 2818 1546 2887 ἑτέρων
1605 2816 1842 2870 κατιδεῖν
1870 2832 1963 2868 τεο

375 2911 650 2981 κμηρὶων,
708 2909 954 2978 μερικῶς
1000 2907 1058 2961 δὲ
1113 2908 1207 2959 καὶ
1247 2909 1312 2961 ἐκ
1346 2907 1441 2959 τοῦ
1502 2906 1791 2974 μέλλοντος
1826 2906 1957 2975 παρ’

373 3001 535 3074 ήμῶν
585 2999 939 3070 προτίθεσθαι
992 3000 1328 3067 διηγήματος
1381 2998 1515 3066 προς
1554 2997 1840 3067 οἰκοδομὴν
1863 2998 1958 3050 καὶ

374 3092 678 3159 ἀσφάλειαν
731 3088 885 3162 [τῶν]
941 3088 1033 3142 τὸν
1067 3087 1361 3157 ἀγγελικὸν
1417 3086 1607 3140 τοῦτον
1642 3087 1755 3157 βίον
1785 3089 1956 3140 επαν-

372 3183 692 3255 ῃρημένων.
726 3180 819 3234 Ἐν
840 3178 1016 3250 τούτῳ
1045 3180 1153 3248 γὰρ
1186 3180 1495 3250 εὑρήσομεν
1552 3179 1648 3232 καὶ
1678 3179 1956 3233 πολιτείαν

2065 2086 2205 2141 viris
2256 2087 2351 2156 qui
2402 2085 2497 2141 Dei
2538 2096 2786 2142 amantes
2815 2096 2968 2150 sunt,
2997 2095 3056 2141 et
3085 2086 3385 2141 Salvatoris
3437 2087 3647 2142 Christi

2064 2179 2359 2250 praeceptis
2402 2189 2796 2250 congruentem
2852 2181 3023 2233 vitam
3082 2178 3493 2248 ingrediuntur,
3525 2179 3649 2249 pul-

2061 2272 2342 2326 cherrima
2400 2271 2733 2326 humilitatis
2797 2272 3076 2342 possessio
3142 2273 3443 2326 conciliat:
3479 2287 3646 2342 quam

2061 2362 2155 2432 qui
2185 2363 2443 2432 amplecti
2477 2364 2774 2427 studuerit,
2802 2373 2860 2418 et
2892 2364 3133 2431 perfecte
3162 2364 3389 2426 obierit,
3421 2364 3468 2418 is
3501 2380 3650 2418 nun-

2059 2472 2225 2527 quam
2257 2456 2391 2510 illud
2423 2457 2616 2511 timere
2647 2459 2870 2525 poterit,
2923 2473 2992 2511 ne
3047 2457 3234 2526 aliquo
3268 2456 3431 2510 modo
3466 2458 3647 2522 cadat,

2062 2556 2159 2601 aut
2190 2548 2301 2601 ullo
2331 2547 2531 2601 affectu
2563 2548 2834 2617 capiatur,
2864 2548 2948 2601 vel
2974 2563 3088 2601 sua:
3136 2546 3349 2601 fiducia:
3387 2547 3649 2617 superbia

2057 2636 2348 2691 efferatur.
2381 2635 2540 2701 Quod
2569 2635 2719 2689 enim
2755 2635 2991 2689 multum
3017 2636 3224 2695 damni,
3254 2645 3311 2689 et
3374 2636 3651 2689 insanabi-

2056 2726 2170 2781 lem
2193 2727 2491 2796 jacturam,
2527 2714 2937 2792 maximumque
2988 2724 3293 2792 perieulum
3336 2724 3451 2778 luce
3476 2724 3542 2809 iis
3569 2724 3652 2777 af-

2065 2818 2224 2881 ferat,
2256 2818 2350 2887 qui
2375 2833 2484 2871 non
2517 2818 2796 2872 cautiores
2823 2817 3054 2880 fuerint,
3093 2816 3220 2869 licet
3251 2835 3281 2869 e
3316 2818 3504 2870 multis
3527 2816 3650 2872 aliis

2065 2908 2406 2978 argumentis
2448 2908 2553 2962 hoc
2588 2909 2918 2977 intelligere,
2968 2908 3244 2975 prmripue
3279 2923 3409 2960 vero
3448 2922 3514 2960 ex
3549 2908 3651 2962 hac

2066 2999 2317 3064 historia,
2340 3015 2464 3068 qua:
2492 3000 2654 3053 nobis
2679 3000 2972 3053 scribenda
2991 3008 3075 3054 est
3114 3015 3128 3052 :
3158 3009 3218 3052 ut
3241 3000 3333 3068 qui
3365 3001 3646 3053 caelestem

2065 3091 2234 3145 vitam
2275 3091 2380 3146 sibi
2423 3091 2834 3161 proposuerint,
2861 3106 2929 3145 ex
2961 3090 3077 3161 ipsa
3119 3092 3439 3145 narratione
3477 3092 3648 3161 proli-

2066 3183 2235 3248 ciant,
2267 3198 2379 3253 quo
2440 3184 2671 3237 tutiores
2726 3184 2856 3238 sint.
2911 3183 2973 3238 In
3030 3183 3131 3238 hac
3160 3184 3393 3238 enimet
3420 3184 3645 3237 instituo

377 3274 672 3344 εὐάρεστον
702 3273 936 3343 ἀσκήσει
969 3270 1397 3342 κατορθωμένην
1432 3272 1525 3324 καὶ
1555 3271 1763 3324 πτῶσιν
1793 3271 1958 3342 ἐσχά-

2073 3275 2279 3330 tionem
2343 3276 2608 3345 optimam
2668 3275 3041 3339 inveniemus,
3080 3284 3138 3330 et
3195 3275 3651 3330 exercitationem

372 3384 476 3438 την
511 3369 575 3419 ἐκ
610 3365 890 3441 ῥᾳθυμίας
919 3364 1209 3434 συμϐᾶσαν
1234 3403 1249 3428 ,
1282 3364 1376 3416 καὶ
1404 3363 1505 3433 τὴν
1535 3366 1632 3433 τῆς
1668 3365 1961 3433 μετανοίας

374 3457 605 3526 δύναμιν
640 3457 894 3511 τοσοῦτον
951 3455 1245 3526 ἰσχύουσαν
1295 3455 1446 3523 παρᾶ
1479 3453 1558 3524 τῷ
1593 3455 1961 3526 φιλανθρώπῳ

377 3546 518 3616 Θεῷ,
553 3546 627 3608 ὼς
665 3547 738 3614 μὴ
775 3545 937 3615 μόνον
969 3545 1028 3611 ἐξ
1053 3546 1234 3598 αὐτῶν
1261 3545 1355 3598 τοῦ
1380 3544 1506 3617 ᾅδου
1534 3546 1718 3600 πυλῶν
1741 3549 1834 3599 καὶ
1851 3545 1961 3600 τῶν

375 3639 474 3707 τῆς
502 3639 732 3708 γεέννης
763 3636 951 3690 δεινῶν
979 3626 1293 3707 ἐξαρπάσαι
1325 3641 1416 3690 τὸν
1464 3638 1771 3708 ἄνθρωπον,
1824 3638 1963 3692 ἀλλά

374 3728 486 3799 γὰρ
519 3729 744 3798 μείζονα
772 3729 869 3795 τῆς
924 3728 1200 3797 προτέρας
1249 3728 1451 3798 ἀρετῆς
1484 3727 1647 3778 αὑτὸν
1681 3727 1960 3796 ἀποφῆναι

376 3820 472 3872 καὶ
501 3822 567 3889 τῇ
589 3819 684 3871 τοῦ
699 3817 930 3890 Χριστοῦ
951 3819 1134 3890 χάριτι
1165 3818 1386 3890 ἄμεινον
1410 3817 1560 3887 αὐτῴ
1588 3818 1840 3885 γενέσθαι
1861 3818 1958 3889 τὴν

376 3910 778 3971 ιπανόοθωσιν.

2071 3368 2390 3437 perfectam,
2420 3377 2728 3421 extremum
2764 3368 3006 3437 denique
3056 3382 3280 3421 cursum
3312 3383 3379 3421 ex
3429 3366 3651 3437 pigritia

2068 3459 2535 3529 proficiscentem,
2565 3467 2622 3511 et
2668 3459 3010 3528 poenitentia:
3040 3458 3302 3512 virtutem
3333 3474 3347 3524 ;
3383 3474 3506 3527 quae
3535 3468 3653 3511 tan-

2072 3561 2185 3605 tum
2222 3550 2365 3603 valet
2391 3549 2536 3616 apud
2569 3548 3030 3619 benignissimum
3051 3548 3324 3611 Deum,ut
3348 3563 3458 3601 non
3475 3547 3653 3602 solum

2066 3653 2131 3693 ex
2165 3638 2300 3707 ipsis
2332 3638 2640 3691 inferorum
2696 3640 2894 3707 portis,
2946 3647 3004 3690 et
3051 3639 3316 3705 gehennae
3364 3626 3652 3690 doloribus

2068 3730 2347 3784 hominem
2378 3730 2600 3799 eripiat,
2634 3731 2729 3784 sed
2768 3729 2933 3783 etiam
2961 3711 3123 3782 talem
3150 3729 3365 3790 reddat,
3394 3739 3454 3783 ut
3478 3727 3654 3798 priori

2064 3821 2273 3874 virtute.
2309 3821 2486 3889 majus
2540 3819 2751 3888 aliquid
2796 3817 3094 3888 possideat,
3134 3827 3191 3871 et
3238 3820 3532 3888 adjuvante
3571 3817 3656 3870 di-

2068 3912 2197 3966 vina
2252 3912 2449 3981 gratia,
2495 3910 2942 3965 emendationem
2967 3909 3093 3964 vita:
3148 3913 3438 3979 superiore
3501 3915 3650 3965 statu

2071 4003 2355 4056 meliorem
2388 4009 2700 4071 reettpcrct.

1874 4160 2093 4216 CAPU'l
2122 4163 2167 4214 l.

1285 4299 1344 4355 S.
1381 4301 1564 4355 Jacobi
1595 4303 1927 4366 exercitatio,
1960 4302 2221 4354 castitatis
2267 4302 2540 4354 seruanda’
2575 4318 2729 4354 cura.

449 4443 525 4498 B'.
560 4442 758 4512 Γέγονε
794 4458 877 4505 τις
907 4441 1269 4512 ἀναχωρητὴς
1315 4442 1374 4492 ὲν
1402 4441 1715 4510 κωμοπόλει
1747 4442 1963 4511 Πορφυ·
1997 4446 2039 4503 c

384 4537 543 4609 ρεῶνι
573 4536 909 4608 καλουμένῃ,
942 4529 985 4602 ᾧ
1034 4534 1205 4603 δνομα
1242 4533 1521 4595 Ἰάκωϐος.
1556 4528 1725 4596 Οὗτος
1754 4538 1821 4603 τῇ
1864 4532 1958 4585 τοῦ

379 4630 723 4699 προσκαίρου
772 4628 889 4697 βίου
942 4627 1263 4695 ματαιότητι
1298 4624 1712 4694 ἀποταξάμενος
1745 4623 1959 4694 ᾠκησεν

377 4726 436 4780 εν
467 4741 571 4776 τινι
596 4720 848 4790 σπηλαίῳ
872 4720 964 4770 ἐπὶ
997 4715 1391 4769 πεντεκαίδεκα
1432 4714 1630 4766 ἔτεσιν.
1675 4714 1797 4764 Ἐτιὶ
1836 4730 1960 4765 τοσ-

379 4816 538 4870 οῦτον
557 4816 613 4868 δὲ
646 4816 814 4885 ἀρετῇ
851 4812 945 4864 καὶ¹
967 4809 1197 4879 ἀσκήσει
1256 4806 1538 4876 προκόψας
1578 4805 1758 4874 τίμιος
1800 4803 1957 4883 ὤφθη

378 4910 475 4963 καὶ
507 4909 799 4977 εὐάρεστος
822 4903 898 4974 τῷ
925 4901 1065 4972 Θεῷ,
1099 4900 1240 4954 ὥστε
1288 4898 1450 4953 αὑτὸν
1501 4898 1595 4951 καὶ
1619 4897 1959 4967 χαρίσματος

378 4999 522 5051 κατὰ
573 4995 846 5064 δαιμόνων
882 4991 1315 5061 καταξιωθῆναι,
1372 4990 1465 5041 κκὶ
1514 4987 1714 5050 πολλὰς
1766 4988 1960 5056 ἑτέρας

380 5090 553 5149 ἰάσεις
578 5086 653 5155 τῷ
689 5083 780 5136 τοῦ
817 5083 1068 5151 Σωτῆρος
1106 5080 1262 5149 ἡμῶν
1305 5076 1478 5145 Ἰησοῖ)
1510 5075 1747 5142 Χριστοῦ
1772 5076 1958 5126 ἐπετέ-

375 5178 458 5229 λει
485 5177 731 5244 ὀνόματι.
768 5175 975 5234 Πάντες
1001 5172 1183 5223 τοίνυν
1216 5169 1315 5237 τὴν
1339 5166 1432 5219 τοῦ
1460 5167 1651 5234 ἀνδρὸς
1682 5165 1956 5218 πολιτείαν

380 5263 774 5334 θαυμάζοντες,
812 5262 948 5335 πρὸς
987 5261 1148 5312 αὑτὸν
1179 5259 1522 5331 συνέτρεχον,
1554 5252 1629 5308 ὧν
1652 5257 1702 5307 οἱ
1739 5255 1956 5316 πλείους

381 5356 483 5422 τῆς
504 5356 608 5407 τῶν
640 5354 920 5407 δυσσεόὠν
948 5348 1639 5421 Σαμαρειτῶνθρησκεὶας
1689 5350 1955 5419 ὑπῆρχον,

384 5443 588 5515 οὓσπερ
614 5445 756 5515 ὁρῶν
780 5443 917 5514 πρὸς
940 5444 1104 5497 αὑτὸν
1129 5440 1615 5511 παραγενομένους
1645 5441 1674 5491 ὁ
1698 5442 1793 5492 τοῦ
1818 5442 1952 5497 Θεοῦ

457 5622 533 5691 (l)
563 5618 849 5674 Samaritae
900 5618 1229 5673 infestarunt
1281 5618 1626 5691 Chrisuanos
1676 5617 1951 5691 praecipue

380 5687 584 5749 me.qu
599 5691 794 5761 quinto
820 5699 875 5742 et
911 5702 1089 5753 sexto,
1120 5689 1677 5761 subimperatoribus
1705 5687 1951 5761 Zenone,

378 5765 688 5823 Anastasio,
722 5760 938 5814 Justino
992 5769 1049 5814 et
1104 5758 1416 5816 Justinia'no
1450 5780 1463 5815 :
1499 5759 1592 5814 sed
1622 5759 1689 5812 ab
1715 5758 1818 5812 hoc
1844 5759 1909 5814 Ju
1936 5790 1955 5802 Α·

377 5834 559 5901 liauus
592 5830 813 5901 quidam
846 5845 1040 5888 eorum
1081 5846 1176 5888 rex
1229 5832 1374 5887 bello
1428 5841 1721 5901 superatus
1772 5839 1827 5884 et
1854 5846 1952 5903 pe-

2865 4378 2890 4395 ι,

2146 4438 2212 4494 ll.
2245 4437 2373 4493 Fuit
2403 4438 2626 4508 quidam
2650 4438 2756 4503 vir,
2781 4439 2877 4509 qui
2920 4437 3233 4493 solitarium
3280 4438 3334 4490 in
3366 4437 3546 4491 locum
3572 4450 3654 4491 se-

2074 4532 2244 4586 cessit
2271 4547 2439 4601 prope
2469 4531 2732 4601 Oppidum
2764 4532 3221 4602 Porphyrionetn.
3247 4530 3379 4583 Erat
3405 4529 3524 4582 viro
3565 4526 3650 4581 illi

2070 4640 2271 4678 nomen
2292 4624 2552 4678 Jacohus.
2578 4623 2678 4678 llic
2706 4639 2837 4678 cum
2860 4623 3043 4677 brevis
3068 4623 3232 4693 hujus
3263 4621 3389 4674 vita:
3417 4618 3647 4673 vanitati

2068 4717 2466 4781 renuntiasset,
2504 4715 2559 4768 in
2584 4715 2846 4785 spelunca
2869 4714 3106 4784 quadam
3132 4712 3448 4782 quindecim
3471 4724 3650 4767 annos

2066 4806 2356 4861 habitavit.
2383 4805 2588 4860 Tantos
2637 4815 2822 4860 autem
2871 4807 2924 4859 in
2973 4805 3194 4858 virtutis
3251 4802 3647 4857 exercitatione

2070 4912 2398 4967 progressus
2443 4896 2595 4961 fecit,
2653 4905 2875 4966 Iamque
2930 4896 3162 4966 insignis
3189 4903 3246 4948 et
3300 4896 3410 4951 Deo
3460 4902 3652 4963 gratus

2065 4990 2299 5054 exstitit,
2324 4997 2381 5043 ut
2400 4997 2457 5043 et
2486 4988 2661 5059 gratia
2686 5000 2877 5045 contra
2897 4989 3174 5044 dwmones
3200 4989 3396 5059 dignus
3417 4987 3651 5042 effectus

2065 5081 2254 5143 fuerit,
2293 5079 2605 5148 multasque
2638 5080 2776 5133 alias
2833 5079 3180 5144 curationes,
3222 5076 3525 5131 Salvatoris
3551 5090 3652 5129 no-

2063 5172 2163 5225 stri
2199 5171 2330 5227 Jesu
2355 5169 2562 5225 Christi
2591 5172 2834 5236 nomine,
2874 5171 3190 5224 hominibus
3213 5169 3479 5223 attulerit.
3509 5167 3651 5221 Cum

2064 5277 2256 5314 omnes
2289 5260 2455 5331 igitur
2476 5263 2637 5330 hujus
2661 5261 2900 5315 hominis
2927 5245 3092 5314 vitam
3125 5261 3551 5324 admirarentur,
3580 5256 3650 5311 ad

2066 5351 2657 5415 cumconeurrebant;
2691 5366 2928 5421 quorum
2981 5351 3231 5421 plerique
3261 5357 3420 5404 erant
3449 5363 3516 5402 ex
3542 5348 3650 5402 im-

2068 5443 2290 5513 piorum
2352 5442 2751 5499 Samaritarum
2780 5442 2859 5513 (ι)
2890 5445 3311 5512 superstitione.
3344 5439 3471 5494 lllos
3525 5454 3650 5494 cum

2060 5631 2309 5690 remptus
2367 5633 2470 5675 est.
2523 5622 2706 5689 Agunt
2733 5619 2802 5675 de
2835 5619 2917 5676 eis
2947 5618 3250 5690 PrOCOpius
3297 5616 3371 5667 De
3412 5615 3650 5690 cedi/ﬁciis

2060 5686 2355 5762 Iustiniani
2391 5686 2859 5762 imperatorislib.
2900 5706 2953 5753 ν,
2986 5686 3224 5762 (ξγτὶΙΙυε
3250 5686 3553 5762 monachus
3592 5688 3649 5762 i_n

2066 5760 2185 5814 Vita
2218 5763 2273 5816 ὃ.
2306 5755 2703 5816 Sabae'abbatis
2735 5760 2769 5814 5
2799 5755 3058 5815 υοοθηιιὶ.
3116 5767 3174 5813 et
3231 5755 3346 5811 alii.
3409 5756 3547 5811 llinc
3578 5755 3649 5813 de

2064 5831 2120 5886 ὃ.
2156 5831 2344 5888 Jacobi
2378 5841 2538 5889 aetate
2572 5831 2737 5888 statui
2800 5839 3081 5901 utcunque
3130 5835 3329 5901 potest.
