4126 6440
592 379 729 448 1215

1824 379 2106 441 MENSIS
2152 376 2607 441 IANUARIUS.

3706 377 3828 443 1236

588 498 658 553 ad
715 513 775 553 se
810 496 1096 553 venientes
1129 496 1351 552 divinus
1386 496 1479 550 ille
1534 494 1620 550 vir
1672 494 2164 554 animadverteret,

2285 492 2366 543 ί.νο
2377 511 2577 561 ρωπος,
2602 493 2694 546 ἐπὶ
2717 492 2852 546 πολὺ
2890 492 3145 564 κατηχῶν
3171 494 3235 546 ἐκ
3256 492 3373 546 τῶν
3406 490 3572 545 θείων
3596 492 3833 562 Γραφὶῖιν,

589 601 659 640 ex
709 586 1016 640 divinarum
1078 586 1386 640 litterarum
1438 585 1676 639 lectione
1729 585 1877 652 ipsos
1934 583 2166 637 multum

591 676 919 741 erudiendo,
952 676 1021 730 ad
1052 691 1237 730 veram
1282 674 1446 730 [idem
1482 675 1858 729 convertebat.

662 766 752 821 ΙΙΙ.
791 764 897 820 Sed
930 765 1025 836 qui
1057 767 1300 820 humano
1344 765 1535 836 generi
1595 765 1724 819 inde
1765 781 1936 834 usque
1963 779 1991 818 a
2017 764 2170 834 prin-

593 857 738 926 cipi‘o
764 856 1045 912 adversari
1080 859 1249 926 erepit
1278 857 1551 919 diabolus,
1586 868 1641 912 et
1676 857 1743 911 iis
1778 856 2050 925 praecipue
2076 854 2171 924 qui

592 948 809 1003 Christo
840 948 1111 1013 serviunt,
1145 963 1269 1003 cum
1298 963 1367 1002 ex
1397 948 1568 1010 multa
1616 947 1763 1000 illius
1796 944 2036 999 hominis
2065 944 2175 995 vir-

599 1050 714 1095 tute
753 1056 817 1095 ac
848 1040 1092 1110 perfecta
1124 1039 1235 1094 vita
1280 1055 1339 1095 se
1378 1040 1551 1110 fugari
1598 1038 1846 1100 videret,
1889 1049 2174 1106 aggressus

595 1143 681 1188 est
709 1149 835 1187 eum
892 1134 1171 1203 persequi,
1199 1142 1255 1188 et
1283 1149 1350 1187 ex
1385 1131 1452 1187 iis
1481 1132 1636 1198 locis,
1671 1144 1792 1199 quae
1840 1143 2005 1196 supra
2036 1124 2177 1179 dixi-

600 1237 744 1288 mus,
765 1224 1062 1292 expellere.
1098 1224 1233 1279 Cum
1261 1223 1408 1276 enim
1442 1223 1496 1276 in
1542 1237 1710 1275 unum
1736 1211 2049 1288 quempiam
2081 1215 2180 1269 Sa-

602 1315 855 1368 maritana
918 1315 1200 1385 ingressus
1228 1315 1444 1378 fuisset,
1482 1329 1548 1367 ex
1595 1326 1785 1367 eorum
1823 1324 2052 1363 numero
2084 1307 2179 1376 qui

601 1407 671 1460 ab
700 1407 859 1460 initio
891 1407 1179 1460 veritatem
1237 1406 1409 1474 ipsam
1452 1403 1908 1465 adversabantur,
1963 1400 2090 1455 fecit
2122 1407 2181 1453 ut

601 1496 696 1553 ille
722 1497 1011 1551 universos
1035 1497 1100 1550 ad
1129 1510 1188 1550 se
1217 1495 1560 1565 pertinentes
1591 1494 1818 1557 amicos,
1848 1489 2181 1560 consangui-

601 1603 736 1642 neos
762 1602 826 1642 ac
851 1602 1061 1651 servos,
1083 1585 1148 1641 ad
1171 1587 1400 1641 insidias
1418 1596 1607 1641 sancto
1633 1586 1713 1640 illi
1735 1585 1853 1640 viro
1870 1582 2181 1647 struendas,

600 1681 656 1734 in
690 1696 856 1734 unum
892 1680 1215 1750 colligeret;
1248 1696 1359 1749 quo
1382 1696 1508 1734 eum
1557 1680 1630 1735 ita
1680 1680 1956 1735 irretitum
1998 1686 2185 1747 posset

599 1784 632 1825 e
673 1769 993 1839 regionibus
1028 1769 1136 1823 illis
1173 1769 1517 1838 prepulsare.
1544 1768 1746 1825 Omnes
1772 1770 1940 1840 igitur
1968 1782 2092 1823 cum
2113 1765 2181 1820 ad

602 1859 908 1914 sacerdotis
963 1859 1047 1913 sui
1083 1859 1450 1913 diversorium
1486 1861 1895 1924 convenissent,
1925 1870 1981 1915 et
2011 1858 2181 1913 multa

602 1960 789 2004 essent
824 1949 1121 2005 machinati
1150 1990 1164 2015 ,
1198 1965 1303 2003 una
1328 1950 1577 2005 omnium
1603 1951 1879 2006 sententia
1908 1950 2022 2004 haec
2050 1948 2176 2011 fuit,

603 2046 666 2095 ut
704 2040 1083 2110 impudentem
1123 2040 1657 2109 atqueiuhonestam
1697 2041 2079 2096 mulierculam
2112 2038 2182 2094 ad

604 2142 665 2183 se
694 2136 1064 2193 accerserent,
1103 2129 1193 2184 cui
1219 2128 1414 2199 viginti
1442 2144 1642 2185 aureos
1666 2146 1924 2187 nummos
1961 2131 2181 2198 darent,

606 2220 953 2290 totidemque
979 2219 1117 2277 alios
1172 2237 1232 2278 se
1290 2221 1366 2277 illi
1410 2221 1639 2279 daturos
1690 2224 2094 2295 promitterent,
2138 2222 2185 2278 si

609 2310 727 2380 ipsa
772 2311 869 2364 Dei
916 2327 1136 2366 servum
1162 2312 1427 2368 Jacobum
1474 2314 1752 2371 illecebris
1781 2316 1899 2371 suis
1931 2329 2186 2369 corrum-

607 2416 738 2472 pere
770 2411 972 2473 posset,
1012 2411 1075 2459 ut
1126 2421 1316 2460 ansam
1371 2406 1611 2477 aliquam
1667 2407 2020 2476 arripientes,
2055 2420 2186 2461 eum

612 2495 791 2550 virum
829 2511 953 2549 cum
997 2496 1268 2552 dedecore
1305 2513 1333 2552 e
1355 2512 1453 2552 sua
1485 2498 1705 2568 regione
1740 2498 2014 2568 fugerent.

685 2583 772 2638 ιν.
803 2585 900 2639 llis
953 2586 1241 2655 promissis
1299 2588 1500 2640 mulier
1529 2588 1621 2641 illa
1677 2588 1921 2652 inducta,
1962 2588 2188 2641 multam

611 2687 830 2731 noctem
878 2677 1210 2741 observans,
1265 2679 1334 2733 ad
1399 2679 1579 2748 ipsum
1634 2678 1789 2744 adiit,
1847 2695 1911 2733 ac
1962 2679 2186 2748 januam

612 2769 838 2837 puisans
868 2785 992 2824 eum
1020 2772 1263 2841 rogabat,
1290 2779 1350 2825 ut
1384 2771 1557 2840 ipsam
1581 2771 1993 2825 intromitteret.
2027 2769 2192 2825 Cum-

612 2876 721 2930 que
753 2862 842 2915 illc
903 2870 1235 2929 moraretur,
1265 2871 1321 2916 et
1350 2861 1562 2917 diutius
1611 2862 1665 2915 id
1707 2879 1766 2917 se
1802 2862 2074 2916 facturum
2105 2877 2195 2916 re-

615 2966 855 3018 cusaret,
891 2958 981 3011 illa
1033 2957 1395 3012 nihilominus
1434 2958 1786 3027 impudenter
1818 2959 2041 3026 januam
2071 2956 2194 3027 pula

615 3064 735 3102 sare
766 3048 1052 3118 pergebat,
1090 3058 1144 3102 et
1185 3047 1375 3102 multis
1424 3049 1684 3117 precibus
1721 3064 1845 3102 eum
1878 3048 2191 3111 obsecrare,

2274 586 2351 646 είς
2385 585 2481 654 τὴν
2511 585 2685 655 ἁληθῆ
2717 585 2899 638 πίστιν
2923 584 3271 656 ἐπέστρεψεν.

2346 764 2419 815 Γ’.
2465 763 2606 816 ’Δὶλ’
2634 766 2662 816 ὁ
2691 763 2765 834 τῷ
2794 764 2941 832 γένει
2977 764 3082 817 τῶν
3125 762 3440 833 ἀνθρώπων
3492 761 3722 832 ἐξαρχῆς
3758 781 3838 816 πο-

2272 857 2454 923 λεμῶν
2477 857 2742 920 διάϐολος,
2765 859 2859 911 καὶ
2886 857 3122 925 μάλιστα
3151 860 3262 920 τοῖς
3288 856 3389 908 τοῦ
3424 856 3679 925 Σωτῆρος
3698 857 3838 925 ἡμῶν

2276 949 2504 1011 δούλοις,
2577 948 2719 1019 ὁρῶν
2782 948 2974 1001 ἐαυτὸν
3003 948 3097 1001 διὰ.
3123 948 3229 1016 τῆς
3271 946 3484 1014 πολλῆς
3533 946 3629 998 τοῦ
3666 948 3839 1016 ἀνδρὸς

2278 1040 2692 1111 εὖαρεστήσεως
2715 1041 2811 1092 καὶ
2833 1039 3094 1109 ἀκριϐοῦς
3122 1039 3404 1100 πολιτείας
3441 1038 3537 1089 ἐπὶ
3569 1038 3701 1090 πολὺ
3726 1038 3837 1090 διω-

2281 1133 2530 1199 κόμενον,
2558 1130 2910 1199 ἐπεχείρησεν
2933 1131 3094 1183 αὐτὸν
3106 1130 3212 1182 τῶν
3234 1129 3657 1201 προειρημένων
3681 1130 3840 1182 τόπων

2282 1210 2493 1288 διῶξαι,
2545 1222 2816 1276 Εἰσελθὼν
2837 1223 2945 1294 γὰρ
2977 1226 3054 1285 εἰς
3077 1223 3173 1275 ἕνα
3202 1222 3315 1273 τῶν
3347 1221 3708 1290 Σαμαρειτῶν
3747 1223 3839 1274 τῶν

2294 1313 2502 1367 ἄνωθεν
2550 1314 2643 1367 καὶ
2668 1313 2729 1378 ἐξ
2785 1316 2957 1384 ἀρχῆς
2999 1315 3098 1384 τὴν
3147 1314 3414 1383 ἀλήθειαν
3450 1314 3841 1383 ἀποστρεφομέο

2284 1423 2411 1471 νων,
2466 1402 2881 1476 παρεσκεύασεν
2932 1407 3095 1459 αὑτὸν
3123 1408 3464 1473 συναγαγεῖν
3495 1405 3697 1467 πάντας
3733 1408 3840 1467 τοὺς

2284 1498 2656 1567 προσέχοντας
2718 1497 2868 1567 αὐτῷ
2930 1497 3117 1566 φίλους
3167 1497 3263 1550 καὶ
3319 1498 3612 1563 συγγενεῖς
3660 1495 3745 1548 ἐπὶ
3774 1494 3839 1563 τῷ

2286 1587 2664 1657 ἐνεδρευθῆναι
2718 1589 2858 1657 ἁγίῳ
2910 1588 3088 1656 ἀνδρὶ,
3129 1581 3280 1649 ὅπως
3328 1587 3500 1639 αὐτὸν
3530 1585 3839 1653 παγιδεύσας
3904 1577 3908 1581 ’

2288 1678 2540 1749 δυνηθείη
2564 1679 2674 1731 τῶν
2707 1679 2890 1748 μερῶν
2922 1680 3147 1732 ἐκείνων
3172 1678 3474 1733 ἀπελᾶσαι.
3517 1677 3841 1739 Συνελθόντες

2289 1771 2470 1824 τοίνυν
2518 1770 2758 1832 ἅπαντες
2791 1772 2871 1834 εἰς
2905 1768 2965 1823 τὸ
2996 1768 3346 1838 καταγώγιον
3395 1768 3494 1822 τοῦ
3528 1769 3655 1839 παρ’
3683 1770 3839 1829 αὐτοῖς

2292 1864 2505 1934 ἱερέως.
2539 1863 2636 1917 καὶ
2673 1863 2844 1916 πολλὰ
2900 1864 3383 1933 μηχανησάμενοι,
3424 1862 3581 1925 τέλος
3609 1860 3702 1932 μία
3727 1861 3839 1914 πάν·

2285 1972 2393 2007 των
2444 1953 2788 2025 ἐπεκράτησε
2833 1951 3048 2022 γνώμη.
3095 1954 3204 2006 Καὶ
3251 1952 3321 2021 δὴ
3387 1949 3840 2021 μεταστειλάμενοι

2288 2048 2504 2109 ἀναιδὲς
2531 2049 2625 2101 καὶ
2669 2047 2995 2117 ἀσχημόνως
3031 2045 3316 2115 προεστὼς
3347 2043 3577 2112 γύναιον
3598 2084 3611 2106 ,
3637 2041 3841 2095 διδοῦσιν

2288 2139 2437 2209 αὐτῷ
2468 2139 2638 2193 εῐκοσι
2689 2138 3001 2210 χρυσίνους,
3051 2137 3144 2191 καὶ
3164 2136 3304 2191 ἄλλα
3340 2136 3584 2189 τοσαῦτα
3614 2133 3838 2199 παρέξειν

2288 2230 2437 2301 αὐτῷ
2459 2229 3013 2297 κατεπαγγέλλονται.
3032 2229 3082 2281 εἰ
3111 2227 3369 2297 δυνηθείη
3402 2224 3748 2279 ὑποσκελίσαι
3768 2222 3839 2276 τὸν

2290 2324 2383 2378 τοῦ
2411 2324 2547 2377 Θεοῦ
2580 2322 2766 2376 δοῦλον
2808 2319 3087 2382 Ἰάκωϐον,
3125 2319 3259 2387 πρὸς
3292 2319 3357 2372 τὸ
3397 2316 3571 2388 λαὸὴν
3606 2314 3841 2385 δραξαμέ-

2291 2433 2437 2480 νους,
2469 2414 2765 2487 δυνηθῆναι
2799 2412 2997 2475 αὐτοὺς
3024 2411 3090 2464 ἐκ
3123 2411 3221 2480 τῆς
3246 2408 3441 2480 χώρας
3471 2409 3647 2463 αὐτῶν
3670 2404 3843 2459 ἀπελάμ

2294 2525 2404 2563 σαι.

2366 2601 2440 2649 Δν.
2472 2595 2712 2659 Ταύταις
2744 2598 2864 2659 ταῖς
2918 2594 3249 2663 ὑποσχέσεσι
3288 2591 3525 2663 ἡττηθὲν
3572 2590 3628 2643 τὸ
3651 2589 3840 2655 γύναιον

2297 2689 2519 2744 ἄπεισιν
2553 2688 2690 2755 πρὸς
2720 2689 2881 2741 αὑτὸν
2912 2687 3153 2756 ἑσπέρας
3194 2685 3424 2755 βαθείας
3457 2683 3636 2737 λοιπὸν
3680 2678 3838 2733 ἐπιλα-

2297 2784 2498 2852 ϐούσης
2523 2799 2535 2813 ·
2568 2783 2660 2835 καὶ
2703 2782 2982 2852 κρούσασα
3028 2779 3128 2848 τὴν
3163 2778 3359 2848 θύραν,
3407 2772 3657 2840 δέξασθαι
3700 2766 3839 2837 αὐτὴν

2298 2878 2376 2950 [Ῑ.
2415 2877 2544 2931 add.
2599 2870 2960 2944 παρεκάλει
3010 2872 3119 2925 Τοῦ
3170 2870 3227 2924 δὲ
3263 2864 3718 2935 ἀναϐαλλομένου,
3765 2862 3838 2912 καὶ

2299 2972 2395 3023 ἐπὶ
2425 2968 2581 3022 τοῦτὸ
2607 2986 2707 3020 που
2742 2965 2879 3019 πολὺ
2934 2963 3400 3034 ὑπερτιθεμένου,
3435 2958 3689 3023 ἐπέμενεν
3715 2954 3840 3006 Amt-

2299 3061 2404 3123 δὼς
2424 3060 2714 3131 κρούουσα,
2744 3058 2838 3110 καὶ
2864 3057 3002 3126 μετὰ
3024 3053 3227 3123 πολλῆς
3256 3051 3471 3114 ἱκεσίας
3509 3042 3838 3114 ἐκλιπαροῦσα

617 3143 679 3190 ut
707 3136 883 3206 ipsam
922 3135 1262 3190 admitteret.
1300 3135 1437 3191 Cum
1472 3137 1641 3207 igitur
1694 3136 1785 3192 ille
1812 3138 2037 3207 januam
2099 3152 2195 3205 pa-

2303 3153 2557 3223 δεχθῆναι
2606 3151 2795 3220 αὐτήν.
2823 3149 2932 3201 Καὶ
2962 3146 3027 3216 δὴ
3051 3144 3392 3216 παρανοίξας
3427 3141 3522 3195 καὶ
3549 3136 3839 3203 θεασάμενος

616 3229 914 3292 tefccisset,
945 3238 999 3282 et
1058 3244 1178 3283 eam
1218 3229 1466 3292 vidisset,
1497 3237 1777 3298 spectrum
1823 3229 2045 3298 aliquod
2072 3244 2189 3283 cer-

617 3337 751 3378 nere
775 3322 878 3377 sibi
907 3322 1060 3376 visus
1089 3330 1211 3386 est;
1253 3337 1422 3391 seque
1478 3323 1663 3377 crucis
1716 3322 1874 3391 signo
1923 3321 2196 3387 muniens,

612 3416 839 3486 januam
882 3415 1053 3482 ipsam
1086 3429 1211 3467 cum
1271 3412 1476 3482 impetu
1517 3415 1734 3479 clausit,
1780 3423 1947 3483 atque
1999 3414 2053 3467 in
2086 3414 2201 3468 ccl-

621 3507 732 3585 lam
765 3520 1045 3570 reversus,
1082 3507 1150 3559 ad
1191 3506 1461 3560 orientem
1502 3508 1672 3561 solem
1707 3522 1766 3561 se
1824 3506 2118 3572 convertit,
2146 3517 2203 3561 et

626 3599 797 3652 Deum
826 3606 1037 3651 attente
1071 3606 1329 3666 precatus
1363 3608 1467 3654 est.
1502 3600 1621 3653 Non
1649 3599 1822 3653 multo
1854 3610 2034 3654 autem
2065 3609 2205 3654 tem-

622 3707 757 3761 pore
789 3701 1001 3761 postea,
1026 3707 1151 3746 cum
1190 3684 1372 3747 media
1410 3707 1518 3745 nox
1559 3692 1938 3763 praeteriisset,
1974 3708 2086 3746 non
2111 3692 2207 3748 de-

622 3787 842 3842 sinebat
894 3788 1092 3842 mulier
1148 3788 1240 3842 illa
1280 3788 1500 3857 pulsare
1555 3788 1823 3857 januam;
1857 3788 1989 3856 quin
2037 3788 2205 3844 etiam

626 3891 820 3947 magna
853 3892 986 3931 voce
1013 3897 1025 3931 :
1052 3877 1335 3942 Miserere,
1357 3878 1559 3946 inquit,
1593 3878 1697 3931 mei
1734 3886 1810 3943 tu,
1837 3879 1931 3946 qui
1965 3878 2060 3933 Dei
2091 3894 2208 3933 ser-

627 3982 729 4021 vus
759 3983 819 4021 es
853 3983 866 4019 :
895 3968 1046 4036 aperi
1086 3968 1223 4021 mihi
1256 3967 1503 4037 januam,
1543 3983 1613 4027 ne
1657 3975 1782 4024 ante
1813 3968 2008 4024 cellam
2057 3977 2208 4025 tuam

627 4060 871 4113 ferarum
901 4058 1060 4112 cibus
1082 4058 1309 4111 elIiciar.

700 4149 764 4203 ν.
797 4146 934 4203 Cum
960 4149 1146 4219 justus
1182 4149 1275 4203 ille
1318 4147 1400 4202 vir
1422 4148 1540 4208 inec
1595 4150 1996 4217 consideraret,
2039 4161 2094 4207 et
2129 4151 2211 4208 fe-

631 4254 817 4293 rarum
850 4240 1279 4303 multitudinem,
1309 4256 1431 4311 quae
1465 4252 1586 4296 erat
1613 4243 1669 4297 in
1703 4244 1812 4298 illis
1847 4245 2005 4308 locis,
2034 4245 2214 4299 anim-

632 4332 965 4396 adverteret,
1009 4333 1233 4402 januam
1273 4332 1443 4402 ipsam
1493 4332 1719 4400 invitus,
1756 4344 1813 4389 ut
1882 4336 1957 4390 ita
2011 4336 2212 4405 dicam,

632 4424 911 4494 patefecit,
965 4424 1129 4494 eique
1183 4424 1366 4480 dixit:
1409 4424 1566 4480 Unde
1620 4426 1727 4482 huc
1770 4428 2212 4495 venisti?Quem

2301 3248 2492 3316 αὐτὴν,
2529 3244 2709 3309 ἔδοξεν
2744 3241 3035 3310 φάντασμα
3077 3235 3223 3291 εἶναι
3253 3255 3266 3268 ·
3306 3236 3403 3290 καλ¹
3426 3227 3839 3316 κατασφραγίσας

2302 3310 2490 3406 αύτδν,
2520 3335 2898 3409 προσέρρηξεν
2926 3332 3023 3402 τὴν
3050 3330 3219 3401 θύραν
3252 3328 3351 3381 καὶ
3387 3310 3840 3412 ὑπέστρεψεν-κα)

2306 3434 2438 3497 στὰς
2478 3405 2638 3483 κατὰ
2698 3405 2983 3490 ἀνατολὰς,
3043 3420 3238 3490 ἐκτενῆ
3291 3415 3598 3489 προσευχὴν
3638 3405 3838 3503 τῷΔΘξῷ

2304 3523 2639 3594 ἀνέπεμψεν.
2676 3518 2881 3587 Πολλῆς
2925 3516 2982 3569 δὲ
3022 3513 3171 3583 ὥρας
3199 3507 3626 3598 διαδραμούσης,
3652 3499 3734 3554 καὶ
3760 3499 3839 3598 τῇς

2307 3593 2500 3675 νυκτὸς
2556 3612 2655 3683 ἤδη
2712 3610 2803 3663 τὸν
2844 3608 3008 3678 μέσον
3058 3604 3259 3673 δρόμον
3319 3593 3837 3683 καταλαϐούσης-,οὑκ

2308 3707 2582 3775 ἀπέσχετο
2627 3699 2718 3755 τοῦ
2779 3697 2996 3768 κρούειν
3033 3695 3127 3750 καὶ
3185 3692 3402 3763 μεγάλῃ
3441 3688 3589 3758 φωνῇ
3642 3675 3837 3775 ἐκῦοᾷν

2320 3772 2575 3864 Ἰεὲλέησόν
2606 3811 2693 3863 με,
2715 3790 2866 3845 δοῦλε
2885 3788 2979 3842 τοῦ
3007 3785 3165 3849 Θεοῦ,
3194 3785 3293 3839 καὶ
3313 3780 3520 3845 avaram
3544 3794 3648 3847 μοι,
3668 3772 3842 3845 μήπως

2311 3889 2514 3958 θηρίων
2546 3886 2743 3957 βρῶμα
2768 3883 2874 3954 πρὸ
2906 3884 3001 3953 τῆς
3042 3879 3236 3949 κέλλης
3266 3895 3362 3930 σου
3387 3873 3646 3944 γένωμαι.

2384 4149 2460 4203 E'.
2488 4145 2722 4200 Συνιδὼν
2760 4143 2936 4197 τοίνυν
2962 4142 2989 4194 ὁ
3040 4139 3248 4202 δίκαιος
3284 4138 3380 4193 καὶ
3425 4126 3842 4198 ἀναλογισάμενος

2314 4242 2411 4313 τὴν
2442 4241 2500 4293 ἐν
2528 4241 2640 4302 τοῖς
2674 4237 2860 4298 τόποις
2894 4233 3126 4295 ἐκείνοις
3173 4231 3284 4285 τῶν
3319 4228 3522 4300 θηρίων
3549 4218 3754 4313 πληθὺν,
3781 4212 3842 4313 εἰς

2315 4306 2585 4401 διακρισιν
2642 4325 2921 4400 ἐμπεσὼν,
2963 4324 3179 4397 ἧνοιξεν
3219 4324 3393 4387 ἄκων,
3427 4319 3517 4374 καὶ
3546 4306 3839 4401 λέγειαύτῇ⁴

2320 4390 2486 4480 Πόθεν
2511 4390 2823 4495 ἦλθες-ὧδε,
2863 4390 2996 4488 ἔφη,
3021 4416 3143 4471 τίνα
3163 4416 3220 4470 δέ
3250 4415 3456 4485 ζητεῖς,
3484 4409 3574 4463 καὶ
3597 4405 3728 4495 τίνος
3758 4390 3841 4495 εξςξ

632 4515 877 4585 quaeris?
905 4516 973 4570 Et
1010 4516 1157 4570 unde
1186 4518 1285 4571 es?
1317 4516 1420 4571 Cui
1470 4517 1701 4583 mulier,
1743 4518 1786 4573 E
1840 4522 2197 4595 monasterio,

2285 4516 2293 4555 ⁵
2330 4515 2392 4569 'H
2440 4515 2496 4568 δέ
2536 4480 2917 4581 ’ἀποκριθεῖσα
2956 4480 3065 4579 ἐφη
3090 4524 3103 4538 ο
3155 4504 3251 4559 Ἐκ
3276 4480 3372 4558 τοῦ
3406 4494 3725 4595 ἀσκητηρίου
3751 4480 3845 4595 εἱμέ

636 4607 835 4677 inquit,
864 4607 969 4662 hoc
1010 4609 1318 4679 propinquo
1347 4625 1449 4681 ego
1478 4625 1601 4665 sum
1621 4652 1636 4674 ,
1668 4627 1863 4681 meque
1892 4612 2217 4668 monasterii

638 4718 843 4771 praeses
871 4702 939 4756 ad
973 4703 1226 4759 ferendas
1257 4703 1676 4759 benedictiones
1695 4704 1771 4776 (‘2)
1808 4706 1862 4759 in
1888 4705 1994 4760 hoc
2021 4706 2219 4761 castel-

641 4796 751 4848 lum
777 4794 947 4861 misit,
969 4810 1033 4848 ac
1056 4794 1185 4849 dum
1216 4804 1523 4851 reverterer
1539 4797 1595 4850 in
1615 4797 2029 4864 monasterium,
2045 4797 2148 4853 hoc
2165 4798 2218 4853 in

641 4887 763 4942 loco
792 4894 901 4940 nox
926 4902 1013 4941 me
1067 4888 1363 4957 oppressit.
1397 4881 1549 4958 Rogo
1585 4888 1754 4957 igitur
1790 4896 1863 4953 te,
1893 4889 2081 4945 divine
2111 4891 2217 4957 vir,

642 4987 705 5033 ut
728 4977 1043 5033 miserearis
1063 4977 1193 5045 mei,
1216 4986 1273 5033 et
1302 4977 1450 5047 apud
1485 4984 1539 5033 te
1567 4976 1832 5046 accipiar,
1868 4994 1937 5033 ne
1976 4978 2218 5034 ferarum

720 5158 799 5229 (2)
827 5159 883 5214 id
914 5157 1131 5229 duplici
1152 5156 1318 5229 modo
1342 5154 1515 5229 accipi
1545 5162 1768 5229 potest,
1794 5154 1877 5208 vel
1906 5164 1965 5208 ut
1999 5153 2220 5229 missam

641 5245 703 5285 se
730 5224 898 5291 dicat.
932 5224 1012 5284 ut'
1044 5228 1172 5283 inde
1202 5225 1652 5282 benedictionem
1701 5224 1772 5279 ad
1825 5224 2221 5279 monasterium

646 5300 984 5368 deportaret,
1038 5298 1092 5352 id
1133 5304 1274 5368 est,
1309 5296 1737 5368 ele_emosynam_.
1798 5293 2223 5368 Similiupbrasi

650 5362 824 5423 utitur
859 5367 1184 5439 Cyrillusin
1208 5364 1431 5439 ’V_i_ta__$.
1456 5362 1630 5428 Saliae,
1658 5365 1734 5419 uti
1749 5380 1936 5439 supra
1960 5362 2030 5439 2Q
2057 5363 2218 5418 Janu.

582 5456 588 5461 ·
648 5439 715 5492 ad
736 5434 981 5493 vitam’S.
1004 5435 1280 5506 Euthymii
1307 5434 1546 5506 diximus
1567 5450 1719 5506 num.
1742 5434 1795 5489 9.
1829 5436 1887 5506 in
1899 5434 2217 5506 Prolegom.

653 5508 853 5562 Verum
881 5510 974 5561 ubi
998 5523 1059 5561 ea
1083 5503 1204 5561 erat
1239 5504 1593 5559 benedictio?
1636 5503 1729 5558 Vel
1761 5503 1990 5573 intelligi
2019 5511 2220 5573 potest,

654 5586 715 5632 ut
744 5592 806 5633 se
830 5579 1022 5632 tulisse
1061 5591 1129 5631 eo
1158 5573 1595 5631 benedictionem
1619 5574 1789 5639 dicat,
1820 5572 2222 5642 sire’eulogias,

653 5648 707 5700 id
734 5656 834 5709 est,
873 5662 1044 5717 panes
1068 5661 1224 5717 resve
1259 5644 1415 5717 alias,
1444 5644 1527 5698 ve‘l
1559 5660 1590 5717 a
1632 5642 2011 5717 sacerdotibus
2049 5642 2222 5717 bene-

657 5716 835 5772 dictas
874 5711 1042 5771 'statis
1069 5713 1329 5770 Ecclesiae
1381 5713 1815 5783 precationibus,
1848 5712 1934 5766 vel
1983 5711 2138 5783 quod
2190 5727 2220 5766 a

660 5797 977 5843 sanctarum
1032 5785 1306 5856 virginum
1363 5780 1621 5841 manibus
1667 5783 1941 5849 venirent,
1982 5780 2220 5854 benigne

2319 4606 2498 4669 τοῦδε,
2555 4605 2649 4659 καὶ
2693 4573 3014 4656 ἀπέστειλέ-
3047 4573 3177 4670 μεή
3232 4593 3509 4669 ἡγουμένη
3561 4573 3843 4670 ἀπενεγκείν

2322 4666 2568 4773 εύλογίας
2607 4699 2689 4761 εἰς
2708 4696 2865 4766 τήνδε
2904 4694 3003 4764 τὴν
3041 4666 3389 4761 κώμηνλήκαὶ
3420 4688 3478 4738 ἐν
3512 4666 3843 4773 τῷ-ὑποστρέῖ

2327 4764 2536 4864 (ρειννμε
2568 4790 2662 4844 καὶ
2685 4764 2904 4843 ἀπιέναι
2937 4788 2993 4839 ἐν
3031 4784 3110 4853 τῷ
3162 4764 3733 4864 μοναστηρίῳν,δ’ζῖίησέν
3772 4770 3843 4864 E‘

2326 4888 2383 4939 ἐν
2405 4883 2483 4955 τῷ
2512 4882 2663 4952 τόπῳ
2688 4878 2885 4949 τούτῳ.
2926 4872 3240 4946 Παρακαλῶ
3273 4867 3367 4926 οῦν
3398 4883 3477 4929 σε.
3514 4857 3844 4955 ἀνθρωπξκτου

2284 4966 2290 4973 ’
2325 4938 2482 5041 θεοῦ,
2511 4938 2853 5044 οἰκτείρησὸν
2891 4986 2957 5039 με
2981 4938 3078 5023 καὶ
3104 4966 3253 5033 δέξαι
3286 4980 3375 5035 με,
3403 4959 3489 5012 (vat
3514 4952 3583 5024 μὴ
3610 4938 3819 5014 θηριάλω

2327 5161 2509 5208 tamen
2535 5146 2743 5239 suscipi
2771 5152 2938 5239 atque
2981 5142 3174 5223 etiam_
3198 5123 3838 5239 advergtismniig'r‘possolvulm

2327 5195 2745 5299 iféiiéééfsﬁiiié
2772 5195 2934 5299 2361'
2956 5195 3107 5269 certe
3161 5212 3217 5265 in
3278 5201 3637 5299 testimotljﬂ‘
3643 5195 3824 5299 4.321;:

2328 5261 2745 5368 ῖςξςεςτξιῖεῑςίεῑ
2998 5261 3836 5368 necesseeu_e:§2:€?.f:':f’itii

2328 5332 2742 5371 "“"""§“”2"""
2766 5332 2977 5368 "2"?"
3001 5332 3169 5352 ¹’“⁷’“
3190 5332 3207 5335 ⁷
3224 5332 3269 5335 ”
3294 5332 3319 5334 ”
3759 5332 3833 5374 setl

2325 5363 2411 5440 γε]
2439 5360 2719 5440 «sides!!!
2772 5349 2972 5440 ειιιιιιει
2995 5351 3367 5440 ειῖιραεξξεῖ.
3390 5339 3632 5440 εὲεῗέἓῖἓ,
3661 5343 3835 5440 titan.

2328 5406 3133 5508 piis‘:boni-inibusvacceptum
3163 5420 3395 5508 'scir-enLt‘,
3406 5412 3641 5508 Δηὲὶιξιξξξ
3649 5406 3833 5508 ,ἕρξςὲ

2332 5474 3006 5580 τιςδιίίέιξξςθῡεῖςξτειίε
3459 5474 3837 5580 estrei:

2331 5545 3833 5651 ii'i'tii'TSf-‘hiihildiémLaestuanti.“,ﬁfn'ﬁﬁiﬁ

2329 5615 3018 5719 ἑςξὶ-ὶέῐῐιᾶιιῖῐίβξρέὲἕέξ
3056 5615 3328 5719 condigne
3346 5615 3541 5681 honore
3569 5622 3681 5668 cum
3709 5615 3763 5659 eu

2328 5711 2433 5785 giis
2466 5705 2685 5780 semper
2720 5705 3035 5773 visitarent,_
3062 5720 3080 5756 ι
3113 5709 3221 5758 etc.
