4126 6462
372 410 508 479 1217

1498 417 1674 479 VITA
1718 418 1777 477 S.
1814 413 2078 477 JACOBI
2118 418 2485 480 MONACHI.

3500 416 3637 481 HIS

369 546 464 593 τος
486 527 759 598 γένωμαι.
791 525 924 581 Τότε
950 527 1374 598 σπλαγχνισθεὶς
1403 530 1726 600 εἰσήνεγκεν
1760 530 1952 596 αὐτὴν·

2059 533 2239 604 praeda
2295 532 2523 588 emciar.
2568 529 2668 587 llis
2716 529 2887 603 igitur
2941 529 3130 586 verbis
3180 528 3272 586 ille
3306 544 3637 596 commntust,

369 623 467 678 καὶ
496 620 765 692 παραθεὶς
798 620 936 691 αὐτῇ
972 622 1155 688 ἄρτον,
1181 623 1275 675 καὶ
1312 622 1467 689 ἃλας,
1500 624 1596 676 καὶ
1631 621 1798 692 ὕδωρ,
1836 623 1950 675 εἱσ-

368 712 541 769 ελθὼν
566 712 730 776 αὐτὸς
760 714 819 765 ἐν
866 713 945 782 τῷ
975 714 1235 785 ἁνωτέρῳ
1275 715 1490 785 κελλίῳ,
1520 715 1825 768 ἐνέκλεισεν
1855 714 1949 768 ab-

365 806 460 860 τὸν
488 847 502 871 ,
550 804 887 874 καταλείψας
931 805 1029 874 τὴν
1062 808 1297 870 γυναῖκα
1350 809 1408 861 ἐν
1446 805 1522 877 τῷ
1550 804 1800 876 ἐξωτέρῳ
1827 805 1951 860 κελ-

371 900 494 954 λίω.

444 994 501 1059 (ἶ
503 997 535 1045 ⁸.
582 988 642 1043 ἸΙ
667 990 723 1043 δέ
748 989 927 1056 ἔδοξεν
956 990 1090 1060 πρὸς
1137 988 1321 1057 ὀλίγον
1366 992 1596 1062 ἡρεμεῖν
1623 1004 1635 1015 ’
1676 988 1772 1043 καὶ
1817 988 1952 1059 μετά

368 1085 539 1139 ταῦτα
567 1082 805 1152 ἀναϐοᾷν
829 1083 1052 1153 ἤρξατο,
1068 1083 1161 1138 καὶ
1177 1083 1553 1152 ὀλοφυρομένη
1578 1084 1952 1153 προσρήσσειν

370 1174 576 1244 ἑαυτὴν
599 1178 665 1242 τῇ
695 1172 860 1245 θύρα,
895 1176 990 1227 καὶ
1025 1175 1161 1243 μετὰ
1194 1174 1413 1244 θρήνων
1443 1175 1827 1227 ἐπικαλεῖσθαι
1861 1174 1952 1226 τὸν

369 1267 547 1334 ἅγιον.
580 1265 689 1320 Καὶ
714 1267 778 1336 δὴ
812 1266 1143 1337 παρακύψας
1173 1266 1262 1320 διὰ
1302 1267 1403 1335 τῆς
1429 1266 1660 1337 θυρίδος,
1699 1269 1794 1318 καὶ
1829 1266 1953 1320 ἰδὼν

372 1357 544 1427 αὐτὴν
572 1355 942 1426 συνεχομένην
996 1357 1089 1409 καὶ
1118 1356 1193 1420 ὡς
1248 1356 1304 1410 ἐν
1363 1357 1531 1427 πολλῇ
1567 1356 1727 1428 ὀδύνῃ
1765 1352 1950 1416 οὖσαν,

371 1450 429 1502 ἐν
461 1447 741 1517 ἀμηχανία
771 1447 1056 1517 περιέστη,
1093 1449 1148 1498 τί
1176 1445 1245 1507 ἂν
1275 1448 1419 1500 εἴποι
1454 1449 1615 1517 αὐτῇ,
1650 1448 1683 1516 ἢ
1712 1448 1762 1500 τί
1791 1448 1963 1515 πιῑιή-⁸

376 1557 459 1593 σει
494 1541 654 1609 αὐτῇ.
699 1539 761 1592 ’11
793 1540 850 1591 δέ
876 1540 1024 1607 λέγει
1061 1540 1196 1608 πρὸς
1226 1540 1386 1592 αὐτόν
1410 1555 1424 1570 ο
1452 1539 1655 1609 Δέομαί
1687 1557 1801 1605 σου,
1829 1540 1952 1592 ἐπί-

375 1632 567 1701 ϐλεψον
590 1633 668 1693 είς
702 1632 799 1700 ἐμὲ
822 1632 912 1684 καὶ
937 1630 1239 1699 σφράγισόν
1264 1649 1352 1700 με,
1382 1632 1464 1684 ὅτι
1491 1631 1759 1702 καρδιακῇ
1792 1632 1954 1705 ὀδύνῃ

374 1725 690 1794 συνέχομαι.
726 1724 915 1778 Ταῦτα
943 1725 1184 1787 ἀκούσας
1217 1724 1463 1795 ἐξῆλθεν,
1512 1726 1608 1778 καὶ
1643 1725 1822 1795 πυρὰν
1860 1741 1952 1794 με-

370 1816 543 1885 γάλην
566 1816 805 1885 avid/ag,
829 1816 1206 1887 παρεκάθισεν
1239 1817 1428 1885 αὐτὴν,
1461 1819 1557 1871 καὶ
1602 1818 1699 1889 τὴν
1732 1818 1951 1890 ἀριστε-

2056 640 2176 679 eam
2206 623 2272 678 ad
2310 638 2369 678 se
2406 620 2733 688 introduxit,
2761 636 3075 693 panemque
3107 629 3163 676 et
3185 636 3383 692 aquam
3417 619 3496 674 illi
3531 635 3634 689 ap—

2056 716 2286 788 posuit:
2319 723 2373 770 et
2427 715 2752 769 interiorem
2811 714 3007 769 cellam
3052 716 3361 783 ingressus,
3395 713 3638 784 seipsum

2056 808 2170 864 illic
2201 806 2445 873 inclusit,
2480 806 2712 862 muliere
2742 804 2796 860 in
2823 806 3094 862 exteriore
3120 806 3259 862 cella
3280 804 3571 861 derelicta.

2124 992 2217 1049 Vl.
2242 990 2339 1046 illa
2358 1005 2493 1046 vero
2526 1004 2652 1045 cum
2684 987 2872 1044 cibum
2911 986 3258 1057 sumpsisset,
3304 984 3480 1040 voluit
3505 998 3642 1055 pau-

2055 1086 2227 1155 lisper
2267 1084 2576 1153 quiescere.
2610 1082 2809 1137 Postea
2861 1080 3033 1150 coepit
3063 1078 3381 1145 vociferari,
3410 1087 3468 1134 et
3513 1090 3642 1133 cum

2055 1177 2311 1233 lamentis
2336 1178 2403 1232 ad
2430 1178 2653 1248 januam
2683 1191 2742 1231 se
2767 1175 3025 1245 dejicere,
3060 1173 3354 1242 virumque
3387 1179 3640 1226 sanetum

2057 1267 2374 1338 implorare.
2396 1267 2491 1321 llle
2512 1282 2647 1320 vero
2694 1280 2725 1320 e
2753 1263 2995 1319 fenestra
3021 1261 3386 1333 prospiciens,
3409 1273 3644 1328 eamque

2056 1362 2249 1416 videns
2283 1359 2553 1430 angustiis
2583 1367 2639 1413 et
2669 1358 2846 1412 multo
2885 1355 3075 1411 dolore
3108 1367 3508 1424 compressam,
3538 1352 3644 1405 du-

2056 1456 2268 1513 bitabat
2299 1453 2560 1524 quidnam
2590 1454 2642 1507 ei
2682 1453 2898 1507 diceret
2955 1458 3050 1504 aut
3082 1449 3308 1504 faceret.
3342 1448 3501 1502 Tunc
3528 1445 3643 1509 illa,

2056 1549 2259 1603 Precor
2289 1557 2365 1609 te,
2401 1546 2601 1615 inquit,
2637 1551 2698 1598 ut
2726 1558 2813 1598 me
2860 1541 3158 1611 respicias,
3192 1550 3248 1595 et
3275 1539 3433 1607 signo
3461 1538 3649 1594 crucis

2057 1640 2297 1703 munies,
2344 1638 2604 1708 quoniam
2639 1635 2827 1690 dolore
2873 1633 3060 1689 cordis
3092 1631 3394 1702 opprimor.
3423 1629 3519 1683 llis
3553 1628 3645 1681 ille

2057 1732 2262 1786 auditis
2293 1731 2449 1794 exiit,
2476 1738 2533 1786 et
2558 1730 2741 1784 statim
2775 1729 2901 1798 igne
2957 1725 3134 1781 multo
3177 1737 3432 1786 accenso,
3474 1732 3647 1789 prope

2058 1824 2346 1880 mulierem
2378 1822 2543 1887 sedit,
2601 1837 2666 1877 ac
2729 1820 2954 1875 sinistra
3016 1832 3183 1872 mauu
3241 1813 3351 1885 igni
3401 1813 3646 1873 admota,

372 1908 472 1977 ράν
505 1908 670 1960 αὑτοῦ
690 1910 850 1978 χεῖρα
866 1908 1141 1985 ⁶ἐπιδήσας
1168 1908 1246 1978 τῷ
1276 1910 1430 1977 πυρὶ,
1464 1911 1529 1979 τῇ
1557 1908 1705 1980 δεξιᾷ
1734 1908 1952 1961 ὑπαλεί-

2062 1919 2286 1974 dextera
2313 1930 2531 1972 sacrum
2567 1914 2751 1969 oleum
2806 1910 3069 1981 sumpsit,
3101 1917 3158 1963 et
3196 1922 3317 1961 eam
3342 1903 3646 1983 calefacere
3710 1922 3715 1931 ν

371 2017 486 2067 (ξων
517 2001 581 2052 ἐκ
606 2000 701 2053 τοῦ
734 2000 917 2055 ἐλαίου
948 2003 1057 2054 τῶν
1104 2001 1277 2069 ἁγίων
1334 2002 1634 2073 ἐπυρίαζεν
1667 2002 1838 2073 αὐτὴν
1871 2000 1956 2055 διὰ

370 2093 470 2162 τῆς
504 2093 843 2163 θερμότητος
891 2093 1003 2147 τῶν
1034 2094 1242 2165 χειρῶν
1269 2095 1456 2160 αὑτοῦ,
1493 2095 1956 2166 κατασερραγίζων

373 2184 543 2254 αὐτὴν
604 2185 847 2255 συνεχῶς
889 2185 981 2238 ἐπὶ
1019 2186 1114 2239 τοῦ
1173 2188 1422 2257 στήθους.
1488 2188 1550 2241 Ἠ
1582 2189 1638 2241 δὲ
1682 2191 1749 2258 τῇ
1781 2187 1957 2256 οἰκεῖα

372 2276 620 2347 ἀναιδείᾳ
657 2277 956 2347 φερομένη,
992 2277 1294 2348 βουλομένη
1330 2296 1387 2331 τε
1417 2278 1580 2332 αὑτὸν
1630 2276 1955 2346 παγιδεῦσαι

370 2370 467 2424 καὶ
512 2372 591 2433 είς
637 2370 938 2439 ἐπιθυμίαν
1008 2373 1208 2425 ἄτοπον
1273 2373 1522 2439 ἀγαγεῖν,
1567 2371 1716 2439 λέγει
1767 2371 1952 2439 αὐτῷ·

367 2462 571 2531 Δέομαί
619 2478 737 2524 σου,
803 2461 1027 2533 ἄλειψόν
1062 2481 1164 2532 μου
1223 2466 1314 2517 ἐπὶ
1356 2464 1492 2517 πολὺ
1553 2463 1653 2533 τὴν
1701 2464 1954 2534 καρδίαν,

367 2554 516 2617 ὅπως
549 2555 734 2626 παύσῃ
796 2557 833 2624 ἡ
894 2557 1200 2625 συνέχουσά
1252 2575 1318 2627 με
1374 2557 1558 2629 ὀδύνη.
1603 2559 1659 2610 Ὀ
1681 2557 1738 2609 δὲ
1776 2557 1954 2625 ἆγιος,

374 2648 517 2700 κατὰ
543 2647 643 2715 τὴν
672 2649 984 2719 προσοῦσαν
1033 2651 1200 2703 αὐτοῦ
1230 2651 1537 2721 ἁπλότητα,
1588 2649 1753 2703 εἴκων
1791 2650 1953 2719 αὐτῇ,

371 2760 439 2795 τι
478 2744 613 2813 πρὸς
638 2742 937 2814 θεραπείαν
968 2741 1139 2812 αὐτῆς
1172 2745 1415 2798 ἐπετέλει
1435 2762 1449 2776 ⁸
1496 2744 1614 2815 ἅμα
1641 2745 1697 2796 δέ
1742 2746 1836 2797 καὶ
1859 2745 1957 2806 τὰς

374 2836 567 2905 τέχνας
618 2834 713 2889 τοῦ
765 2836 1009 2907 Πονηροῦ
1067 2838 1457 2907 ἐπιστάμενος,
1512 2841 1608 2891 καὶ
1642 2836 1853 2901 δεδιὼς,
1882 2838 1955 2907 μή

374 2945 491 2992 πως
519 2929 581 2980 ἐκ
609 2928 711 2995 τῆς
744 2927 943 2997 πολλῆς
982 2928 1061 2991 είς
1107 2929 1277 2995 αὐτὴν
1312 2927 1658 2998 συμπαθείας
1687 2927 1957 2980 ἀθάνατον

370 3021 548 3091 ἐαυτῷ
574 3021 861 3074 ἀσθένειαν
886 3022 1177 3088 ἐπαγάγοι,
1209 3022 1301 3073 ἐπὶ
1333 3020 1427 3072 δίο
1450 3021 1483 3092 ἦ
1512 3021 1607 3074 καὶ
1634 3022 1781 3091 τρεῖς
1808 3018 1959 3089 ὧρας

370 3114 546 3186 οὕτως
574 3114 817 3185 ἀφειδῶς
852 3114 951 3185 τὴν
981 3117 1280 3187 ἀριστερὰν
1309 3121 1468 3187 χεῖρα
1498 3116 1576 3186 τῷ
1607 3116 1744 3187 πυρὶ
1784 3134 1956 3187 προσ-

2062 2012 2229 2083 cmpit
2258 2009 2494 2080 prepria:
2523 2022 2718 2063 manus
2749 2006 2966 2068 calore,
3000 2016 3180 2073 neque
3210 1998 3500 2055 desinebat
3529 1996 3650 2064 ejus

2059 2113 2254 2176 pectus
2282 2102 2465 2158 crucis
2487 2100 2644 2171 signo
2677 2098 2916 2154 munire.
2953 2096 3050 2151 Illa
3081 2094 3249 2165 igitur
3282 2086 3645 2160 impudentia:

2060 2197 2299 2253 stimulis
2361 2196 2620 2264 impulsa,
2650 2207 2777 2246 cum
2818 2189 3040 2245 irretire
3083 2202 3211 2242 eum
3262 2183 3449 2245 vellet,
3481 2188 3538 2235 et
3594 2178 3647 2231 in

2061 2300 2277 2360 turpem
2294 2287 2578 2343 libidinem
2596 2285 2896 2347 concitare,
2931 2281 3108 2349 Rogo,
3133 2275 3336 2346 inquit,
3364 2280 3417 2328 te
3439 2270 3651 2326 diutius

2061 2399 2158 2437 eor
2193 2395 2376 2435 meum
2402 2392 2595 2448 ungas,
2620 2385 2683 2428 ut
2709 2373 2888 2436 dolor,
2919 2371 3014 2441 qui
3044 2385 3130 2424 me
3172 2364 3512 2435 comprimit,
3535 2363 3648 2432 jam

2061 2474 2299 2530 desinat.
2355 2470 2472 2533 Ille,
2510 2483 2635 2538 quae
2688 2464 2812 2535 ejus
2863 2471 2985 2519 erat
3035 2458 3384 2529 simplicitas,
3427 2452 3651 2509 mulieri

2050 2564 2314 2628 .credens,
2347 2575 2579 2632 qumque
2629 2556 2695 2613 ad
2728 2570 2849 2610 eam
2906 2551 3209 2609 curandam
3264 2544 3647 2619 pertinebant,

2060 2655 2375 2719 attendens,
2413 2650 2691 2720 simulque
2719 2645 2970 2702 fraudem
2990 2642 3143 2713 pravi
3171 2638 3440 2696 daemonis
3467 2636 3651 2692 sciens

2060 2767 2125 2807 ac
2154 2756 2430 2810 metuens,
2477 2760 2547 2799 ne
2577 2743 2721 2797 forte
2749 2726 2818 2795 ex
2848 2738 3019 2793 multa
3043 2737 3098 2791 in
3137 2751 3257 2790 eam
3288 2731 3647 2788 commisera-

2064 2843 2217 2899 tione
2243 2837 2639 2907 sempiternam
2678 2831 3058 2887 inlirmitalem
3096 2827 3203 2883 sibi
3235 2825 3482 2889 aﬁ‘erret,
3510 2823 3650 2877 dua-

2061 2937 2166 2992 bus
2186 2934 2275 2989 vel
2297 2931 2477 2986 tribus
2500 2927 2655 2983 horis
2682 2932 3003 2981 constanter
3028 2921 3313 2977 sinistram
3342 2930 3564 2971 manum
3591 2913 3647 2967 in

2062 3024 2244 3095 ignem
2277 3020 2534 3091 injectam
2563 3015 2823 3079 detinuit,
2846 3013 2921 3068 ita
2947 3021 3009 3068 ut
3028 3010 3326 3082 digitorum
3357 3015 3653 3076 compages

2061 3117 2363 3174 combusta:
2424 3111 2752 3170 deciderint.
2801 3108 2919 3163 Hoc
2980 3107 3076 3161 ille
3142 3102 3381 3158 faciebat
3454 3109 3649 3155 contra

371 3205 556 3276 φέρων
601 3208 973 3278 ἐνεκαρτέρει,
1033 3208 1191 3279 ἄχρις
1237 3204 1297 3263 οὗ
1332 3210 1390 3261 at
1434 3209 1693 3279 ἁρμονίαι
1720 3210 1829 3261 τῶν
1857 3207 1952 3277 τῆς

2063 3209 2364 3264 diabolicas
2389 3203 2676 3260 machinas
2706 3200 2972 3265 militans,
3011 3204 3074 3252 ut
3099 3204 3329 3266 prepter
3378 3191 3649 3246 intolera-

368 3297 550 3368 χειρὸς
580 3297 865 3352 δακτύλων
896 3298 1185 3354 ωυθείσαι
1214 3299 1519 3353 ἀπέπεσαν.
1558 3299 1730 3353 Τοῦτο
1757 3298 1813 3353 δὲ
1835 3301 1957 3363 ταῖς

370 3388 711 3454 διαϐολικαίς
790 3394 1065 3462 μηχαναῖς
1117 3391 1688 3462 ἀντιστρατευόμενος
1746 3390 1953 3456 ἐποίει,

367 3482 509 3536 ὥστε
544 3484 709 3537 αὑτὸν
761 3484 850 3538 διὰ
900 3485 1001 3554 τῆς
1030 3487 1094 3538 ἐκ
1141 3486 1237 3539 τοῦ
1294 3486 1464 3557 πυρὸς
1520 3487 1956 3556 προσγινομένης

366 3576 519 3646 αὐτῷ
547 3577 829 3649 ἀφορήτου
854 3577 1071 3648 ὀδύνης,
1096 3579 1171 3652 μή
1199 3597 1324 3634 τινα
1350 3579 1619 3652 κακίστην
1650 3579 1859 3634 ἔννοιαν
1887 3581 1953 3650 τῇ

369 3670 571 3742 καρδίᾳ
598 3671 767 3724 αὐτοῦ
800 3672 1170 3727 ὑπεισξὶθείν.

440 3766 516 3821 Z’.
553 3763 619 3818 Ἣ
651 3764 728 3829 δὲ,
761 3764 823 3819 τὸ
851 3765 1159 3838 παράδοξον
1215 3767 1425 3832 ίῗοῦσα,
1455 3767 1551 3821 καὶ
1574 3768 1632 3821 ἐν
1663 3769 1831 3838 ἑαυτῇ
1865 3783 1957 3835 γε·

368 3856 572 3927 νομένη
604 3855 787 3928 (ἐώρα
827 3859 936 3927 γὰρ
962 3858 1059 3927 τὴν
1099 3860 1260 3929 χεῖρα
1309 3859 1401 3912 τού
1429 3859 1589 3927 ἁγίου
1620 3860 1805 3913 πᾶσαν
1836 3875 1958 3927 σχε-

366 3948 459 4002 δὸν
485 3948 590 4003 ὑπὸ
636 3951 806 4019 πυρὸς
844 3950 1299 4020 δαπλνηθεῖσαν),
1363 3951 1691 4022 δακρύσασα
1735 3950 1952 4022 πικρὸν,

366 4041 464 4095 καὶ
518 4042 822 4108 στενάξασα
879 4042 1095 4109 δεινὸν,
1156 4046 1269 4102 τοῖς
1330 4045 1458 4097 ποσὶ
1504 4044 1817 4115 προσέπεσε
1859 4042 1954 4097 τοῦ

369 4133 550 4202 ἁγίου,
578 4135 673 4187 καὶ
700 4137 820 4199 ταῖς
854 4137 1044 4207 χερσὶν
1074 4137 1246 4207 αὐτῆς
1267 4137 1327 4190 τὸ
1354 4136 1483 4189 ἴδιον
1513 4135 1794 4190 τύπτουσα
1820 4137 1954 4207 στῆ-

358 4224 481 4288 θος,
516 4224 648 4278 ἐϐόα
674 4241 690 4255 ⁸
720 4227 882 4296 Οἴμοι
908 4231 976 4299 τῇ
1033 4227 1196 4299 ἀθλία
1225 4229 1322 4282 καὶ
1367 4230 1764 4302 ἐσκοτισμένῃῑ
1806 4232 1954 4302 οἴμοι

345 4314 450 4370 ἠὅτι
481 4316 829 4389 κατάϐρωμά
885 4323 1004 4389 ειμι
1042 4320 1139 4374 τοῦ
1172 4322 1398 4375 αἰωνίου
1457 4323 1663 4394 πυρόςί
1701 4325 1848 4394 οἴμοι
1871 4324 1954 4377 ὅτι

365 4409 585 4479 δοχεῖόνν
607 4412 726 4481 ειμι
779 4411 873 4472 τοῦ
903 4413 1155 4468 διαϐόλου
1185 4417 1199 4470 l
1249 4415 1307 4469 '0
1336 4416 1393 4469 δὲ
1421 4416 1574 4485 ἅγιος
1604 4417 1741 4487 πρὸς
1778 4417 1954 4471 ταῦτα

369 4500 517 4564 ἐνὸς
556 4502 905 4572 γενόμενος,
943 4505 1112 4575 φησὶν
1167 4507 1305 4575 πρὸς
1360 4509 1568 4579 αὑτήν·
1634 4510 1952 4581 Ἀνάστηθι,

370 4591 553 4661 γύναι.
607 4596 719 4647 Καὶ
774 4597 874 4650 σὺν
907 4597 1079 4668 πολλῇ
1107 4602 1175 4669 τῇ
1208 4600 1300 4670 βία
1325 4602 1388 4653 ἐκ
1416 4601 1510 4654 τοῦ
1544 4601 1777 4672 ἐδάφους
1824 4605 1954 4658 ἀνα-

373 4690 579 4758 στήσας
603 4689 797 4762 αὒτὴν,
844 4693 940 4745 καὶ
972 4692 1140 4763 εὐχὴν
1157 4694 1365 4764 ’ἐκτενῆ
1413 4695 1758 4762 ἐπιτελέσας,
1806 4698 1955 4766 λέγει

369 4781 507 4852 αὐτῇ
533 4799 550 4814 ·
587 4782 653 4834 Τί
714 4785 799 4837 σοί
853 4784 1024 4848 ἐστιν,
1084 4784 1413 4854 ἀνάγγειλόν
1450 4806 1561 4859 μοι.
1622 4789 1686 4843 Ἦ
1715 4791 1772 4844 δέ
1801 4791 1955 4862 μόλις

367 4872 600 4927 ἐλθοῦσα
626 4877 708 4939 είς
739 4875 961 4946 ἑαυτὴν,
1015 4878 1165 4943 ὅπως
1195 4876 1343 4951 εῖχεν
1398 4880 1467 4933 τὰ
1500 4882 1595 4934 τοῦ
1626 4885 1951 4954 πράγματος

367 4965 512 5019 κατὰ
537 4965 736 5020 λεπτὶν
755 4969 906 5040 αύτῷ
927 4971 1256 5041 ἐξηγήσατο,
1284 4973 1649 5045 φανερώσασα
1680 4976 1829 5048 αὐτῷ
1856 4976 1955 5047 τὴν

364 5054 477 5109 τῶν
512 5060 850 5129 παρανόμων
875 5061 1257 5132 Σαμαρειτῶν,
1298 5064 1499 5135 μᾶλλον
1544 5066 1601 5121 δὲ
1634 5067 1726 5121 τοῦ
1766 5068 1952 5121 διαϐό-

368 5152 480 5210 λου,
525 5149 920 5221 μελετηθεὶσαν
967 5154 1116 5209 κατὰ
1145 5155 1243 5209 τοῦ
1270 5156 1427 5225 ἁγίου
1474 5159 1791 5227 ἐπιϐουλήν.
1840 5163 1952 5227 Καὶ

365 5239 437 5308 δὴ
467 5242 611 5310 μέγα
647 5244 911 5311 στενάξας
932 5248 962 5300 ό
981 5246 1169 5311 δοῦλος
1187 5249 1282 5302 τοῦ
1303 5249 1462 5310 Θεοῦ,
1495 5253 1590 5306 καὶ
1613 5225 1951 5324 πολλὰνμετά

367 5330 524 5403 δόξης
557 5336 649 5395 καὶ
685 5336 942 5407 δακρύων
985 5340 1494 5414 εὐχαριστήσας(τῷ
1518 5343 1658 5415 Θεῷ,
1702 5347 1948 5418 κατήχη-

2063 3303 2230 3358 bilem
2251 3302 2406 3357 illum
2451 3297 2697 3353 dolorem
2725 3309 2792 3350 ex
2833 3292 2978 3363 ignis
3028 3289 3247 3344 ﬂamma
3288 3283 3647 3356 proﬁciscen-

2063 3406 2198 3460 tem,
2228 3393 2381 3448 nulla
2413 3388 2654 3464 pessima
2680 3385 2943 3458 cogitatio
2991 3384 3048 3438 in
3080 3382 3207 3455 ejus
3233 3379 3480 3438 animum
3504 3373 3652 3429 irre-

2062 3496 2241 3558 perct.

2131 3775 2247 3831 Vll.
2272 3770 2431 3840 Quod
2453 3783 2579 3826 cum
2631 3763 3038 3824 admirabiliter
3080 3760 3150 3815 ab
3186 3772 3254 3813 eo
3296 3753 3414 3810 ﬁeri
3453 3750 3655 3807 mulier

2060 3867 2300 3928 videret,
2332 3870 2388 3917 et
2416 3862 2535 3931 ipsa
2566 3858 2922 3928 resipisceret
2951 3857 3145 3922 (totam
3164 3849 3313 3905 enim
3340 3844 3514 3902 sancti
3545 3843 3654 3898 viri

2062 3972 2285 4015 manum
2324 3954 2440 4010 fere
2474 3953 2586 4025 igni
2621 3941 3306 4019 consumptam-videbat),
3341 3939 3655 4010 lacrymans

2061 4063 2225 4122 atque
2250 4046 2620 4119 ingemiscens
2650 4042 2716 4098 ad
2767 4039 2947 4097 sancti
2973 4037 3078 4093 viri
3130 4034 3299 4105 pedes
3335 4047 3393 4087 se
3427 4027 3651 4099 dejeeit,

2059 4154 2113 4199 et
2140 4121 2269 4199 suis
2295 4138 2554 4194 manibus
2588 4133 2878 4207 proprium
2924 4138 3121 4202 pectus
3155 4127 3405 4198 pulsans,
3443 4121 3654 4176 clama.

2057 4237 2155 4294 bat
2186 4255 2200 4291 :
2230 4235 2331 4290 Hei
2392 4231 2539 4287 mihi
2608 4229 2825 4284 miserae
2869 4234 2926 4280 et
2984 4220 3305 4279 excaecatael
3335 4217 3426 4272 hei
3489 4211 3651 4277 mibi,

2059 4328 2209 4401 quod
2231 4325 2438 4383 diaboli
2457 4321 2800 4378 domicilium
2830 4318 2974 4373 facta
3017 4315 3176 4370 sum!
3224 4311 3350 4367 Haec
3372 4323 3499 4364 cum
3527 4321 3655 4362 san-

2061 4398 2184 4478 ctus
2207 4420 2295 4477 vir
2354 4417 2576 4473 audiret
2631 4424 2798 4485 atque
2850 4411 3291 4478 obstupesceret,
3329 4402 3529 4471 Surge,
3564 4398 3655 4453 inv

2066 4515 2206 4586 quit,
2239 4513 2458 4568 mulier.
2488 4509 2605 4565 Hoc
2636 4507 2797 4569 dixit,
2832 4514 2887 4559 et
2912 4499 3212 4558 admodum
3245 4496 3582 4552 festinanter
3611 4505 3646 4546 e

1993 4599 2032 4651 θ
2062 4611 2182 4666 solo
2214 4610 2360 4664 illam
2395 4605 2597 4669 erexit,
2620 4611 2677 4659 et
2709 4608 2950 4657 attentas
2993 4608 3189 4663 preces
3218 4591 3286 4648 ad
3324 4592 3496 4645 Deum
3519 4586 3653 4642 mit-

2065 4711 2208 4769 tens,
2238 4700 2473 4763 Nuntia,
2498 4695 2704 4766 inquit,
2738 4692 2962 4753 mulier,
2984 4688 3116 4760 quid
3156 4686 3264 4740 hoc
3306 4683 3399 4739 sit.
3434 4680 3652 4749 Vixque

2050 4794 2137 4851 ad
2152 4810 2213 4850 se
2238 4807 2482 4857 reversa,
2515 4805 2626 4860 quo
2650 4795 2812 4858 pacto
2839 4799 3015 4840 resse
3044 4779 3304 4840 habebat,
3325 4771 3650 4846 singulatim

2048 4885 2341 4957 exposuit,
2377 4884 2633 4955 aperiens
2675 4895 2814 4951 quas
2867 4876 3026 4948 pravi
3072 4871 3380 4957 Samaritae}
3408 4868 3497 4923 vel
3528 4864 3650 4920 dia-

2063 4936 2341 4957 ~-—.~~—-~.
2379 4936 2474 4955 μιν
2514 4936 2554 4938 η
2618 4936 2626 4937 κ
2692 4936 2707 4951 .
2869 4936 2885 4948 .

2058 4980 2223 5036 belus
2248 4978 2435 5049 potius
2472 4974 2744 5030 adversus
2786 4972 2997 5042 justum
3029 4966 3213 5020 virum
3246 4936 3475 5019 insi'dias
3527 4972 3650 5012 ma-

2056 5071 2316 5128 chinatus
2341 5069 2544 5125 fuerat.
2571 5066 2689 5134 Qua
2712 5080 2773 5120 re
2806 5063 3018 5128 audita,
3053 5059 3153 5115 Dei
3187 5071 3381 5114 servus
3413 5066 3643 5122 maguo“

2058 5182 2193 5239 pere
2232 5164 2540 5236 ingemuit:
2582 5175 2822 5230 cumque
2868 5157 2965 5213 Dei
3006 5155 3239 5227 gloriam
3286 5148 3649 5209 celebrasset,

2046 5269 2115 5314 et
2141 5261 2412 5331 lacrymas
2447 5256 2651 5312 multas
2685 5255 2964 5314 emittens,
3001 5251 3112 5306 Deo
3165 5246 3372 5320 gratias
3403 5241 3642 5314 egisset.

2042 5353 2209 5408 illam
2223 5351 2563 5408 catechismo
2597 5347 2884 5409 instruxit,
2905 5345 3070 5415 eique
3088 5337 3511 5397 benedictiones
3526 5333 3648 5386 ima

368 5441 460 5477 σεν
478 5427 679 5499 αὐτὴν,
706 5431 829 5495 δούς
855 5450 915 5487 τε
940 5433 1077 5506 αὐτῇ
1114 5434 1386 5504 εὐλογίας,
1417 5437 1739 5491 ἀπέστειλεν
1772 5440 1948 5510 αὐτὴν

2055 5445 2318 5518 partitus,
2350 5443 2509 5500 misit
2537 5443 2609 5497 ad
2654 5437 3067 5497 sanctissimum
3112 5429 3489 5489 Alexandrum
3525 5423 3653 5495 epi-v

367 5520 505 5591 πρὸς
549 5521 640 5575 τὸν
688 5524 994 5592 ἁγιώτατον
1021 5528 1323 5582 ἐπίσκοπον
1380 5529 1753 5600 Ἀλέξανδρον.
1798 5532 1945 5587 ’11δέ

358 5613 457 5685 τὴν
509 5615 811 5688 ἐκκλησίαν
860 5621 1272 5689 καταλαϐοῦσα,
1304 5622 1515 5678 ἕκαστα
1539 5624 1650 5678 τῶν
1697 5643 1945 5696 παρηκο-

356 5705 710 5789 λουθηκὸτων
764 5709 844 5778 τῷ
895 5711 1015 5782 Θεῷ
1067 5714 1305 5783 πρῶτον,
1356 5714 1547 5770 ἔπειτα
1594 5717 1651 5770 δὲ
1683 5720 1775 5771 καὶ
1815 5718 1940 5789 lup}

356 5782 838 5869 dyuutdttp'dvdpi
865 5782 1438 5874 ἐξωμολογήσατο’·ὂς
1460 5808 1567 5860 ’καὶ
1596 5808 1760 5871 αὐτὸς

361 5899 463 5938 στα
503 5890 825 5960 κατηχήσας
850 5892 1041 5964 αὐτὴν,
1075 5894 1172 5948 καὶ
1196 5896 1370 5969 εὑρὼν
1392 5899 1561 5971 αὐτὴν
1587 5898 1824 5965 ἐκτενῶς
1854 5902 1939 5972 ἐφ’

2053 5553 2301 5609 scopum.
2339 5536 2538 5593 Mulier
2570 5549 2705 5589 vero
2742 5548 2869 5590 cum
2923 5530 2993 5586 ad
3044 5525 3337 5585 ecclesiam
3372 5520 3640 5578 venisset.

2052 5644 2500 5700 unamquamque
2519 5644 2634 5684 rem
2652 5626 2851 5682 ordine
2885 5624 2999 5679 Deo
3012 5621 3122 5691 ipsi
3149 5619 3417 5690 primum,
3437 5609 3645 5669 deinde

2046 5732 2104 5778 et
2122 5722 2476 5779 sanctissimo
2514 5721 2634 5776 viro
2678 5717 2935 5776 confessa
2973 5724 3096 5770 est:
3139 5711 3236 5782 qui
3269 5717 3343 5766 et,
3367 5708 3484 5779 ipse
3506 5720 3643 5760 cum

2047 5815 2350 5887 plurimum
2399 5830 2520 5871 eam
2558 5812 2932 5875 instruxisset,
2985 5818 3294 5875 eorumque
3331 5800 3631 5860 malorum,

2046 5922 2168 5964 qua:
2189 5908 2563 5974 commiserat,
2587 5906 2744 5961 valde
2765 5902 3125 5975 pmnitentem
3148 5895 3384 5960 videret,
3406 5893 3639 5947 immor-
