4126 6476
500 356 641 427 1219

1723 366 2006 427 nessrs
2045 358 2501 434 JANUA’RIUS.

3609 370 3756 437 129.0

491 476 717 533 talitatis
770 477 1048 532 lavacrum
1091 476 1141 532 ci
1177 475 1351 541 dedit,
1402 484 1458 531 ct
1495 477 1783 533 mulierem
1838 481 2059 550 quidem

2184 478 2243 547 »ἴς
2275 484 2510 554 ἔπραξεν
2553 484 2944 553 μετανοοῦσαν,
2977 486 3183 565 ἔδωκεν
3205 486 3343 556 αὐτῇ
3391 486 3452 540 τὸ
3482 487 3584 556 τῆς
3614 489 3765 541 ἀθα-

489 566 662 640 ipsam
684 569 758 637 ad
813 570 1082 639 virginum
1150 569 1549 623 monasterium
1620 571 2065 636 misit;0mnem

489 676 623 717 vero
663 661 923 731 populum
964 660 1300 730 religiosum,
1326 670 1381 715 et
1401 661 1606 717 Christi
1627 672 1928 719 amatorem
1954 667 2067 720 cle-

492 770 613 807 rum
659 769 782 806 cnm
837 762 1243 823 congregassm,
1279 771 1346 808 ex
1412 755 1547 809 urbe
1586 747 1647 809 et
1703 756 1928 826 regione
1977 758 2065 813 illa

489 862 679 900 omnes
701 845 1000 900 Samarites
1028 847 1259 914 expulit,
1300 863 1363 901 ac
1380 856 1572 916 postea
1601 847 1693 903 Dei
1720 864 1939 905 servum
1975 850 2066 905 Ja-

489 939 690 993 cobum
755 939 929 1002 adiit,
981 953 1221 1008 eumque
1280 948 1341 995 ut
1382 939 1560 995 bonus
1610 951 1763 1010 pater
1827 942 2063 996 multum

489 1029 855 1084 ceniirmavit.
885 1030 962 1083 Ita
991 1046 1122 1084 vero
1159 1039 1216 1084 et
1244 1031 1444 1085 mulier
1479 1031 1791 1100 supradicta
1823 1048 1920 1101 per
1951 1047 2067 1102 pae-

489 1122 774 1176 nitentiam
807 1122 1030 1177 Christo
1064 1121 1298 1192 seipsam
1326 1122 1546 1186 obtulit,
1578 1132 1639 1177 ut
1661 1135 1714 1177 et
1749 1124 1917 1177 cbara
1956 1125 2066 1178 Deo

488 1225 657 1279 esset,
692 1224 748 1268 et
771 1214 1035 1269 adversus
1070 1215 1348 1269 dtemones
1368 1215 1597 1284 gratiam
1633 1215 1929 1284 acciperet.
2022 1274 2032 1283 η

2166 578 2358 640 νασίας
2413 577 2636 647 λουτρδν
2676 578 2767 629 καὶ
2819 578 2955 648 μετὰ
3001 577 3174 630 ταῦτα
3232 578 3330 649 τὴν
3366 578 3468 648 μὲν
3516 582 3766 645 γυναῖκα

2165 667 2484 719 ἀπέστειλεν
2531 671 2613 731 εἰς
2664 670 2724 722 τὸ
2747 670 2854 721 τῶν
2899 669 3193 737 παρθένων
3227 671 3589 739 ἀσκητὴριον.
3623 671 3766 722 Συν-

2164 760 2389 827 αγαγὼν
2419 762 2475 813 δὲ
2514 763 2694 814 πάντα
2722 765 2810 814 τὶν
2852 764 3079 833 θεοφιλῆ
3111 764 3314 833 κλῆρον
3348 765 3443 817 καὶ
3475 763 3567 815 τδν
3604 764 3767 831 φιλό-

2164 867 2383 920 χριστον
2418 852 2565 915 λαὸν,
2595 853 2874 917 ἐξεδίωξεν
2910 850 3006 925 τῆς
3035 871 3094 907 τε
3134 851 3341 916 πόλεως
3375 856 3470 908 καὶ
3500 845 3611 907 τῶν
3665 872 3768 923 μεο

2177 940 2285 1011 ρῶν
2316 944 2541 997 ἐκείνων
2591 945 2799 1008 πάντας
2849 947 2975 1008 τοὺς
3027 947 3355 1016 εὑρεθέντας
3387 947 3766 1017 Σαμαρείτας,

2177 1036 2267 1086 καὶ
2305 1036 2443 1104 μετὰ
2483 1036 2655 1089 ταῦτα
2688 1038 3146 1107 παραγενόμενος
3179 1039 3315 1108 πρὸς
3356 1038 3447 1091 τὸν
3491 1038 3586 1090 τοῦ
3623 1035 3769 1090 Θεοῦ

2172 1124 2356 1179 δοῦλον
2392 1128 2668 1190 Ἰάκωϐον,
2706 1130 2795 1181 ἐπὶ
2827 1130 2960 1183 πολὺ
2992 1130 3175 1194 αὑτὸν,
3202 1131 3276 1193 ὡς
3300 1131 3486 1199 πατὴρ
3515 1131 3768 1198 γνήσιος,

2172 1219 2554 1288 ἐπεστήριξεν.
2597 1220 2722 1273 Ἐπὶ
2761 1222 3017 1274 τοσοῦτον
3050 1222 3107 1274 δὲ
3149 1223 3183 1292 ἡ
3214 1225 3593 1293 προῤῥηθεῖσα
3625 1221 3768 1290 γυνὴ

490 1310 555 1359 ὲκ
606 1310 892 1377 μετανοίας
941 1310 1111 1379 αὐτὴν
1150 1309 1227 1380 τῷ
1278 1312 1467 1381 Κυρίῳ
1514 1313 1935 1381 προσήνεγκεν,
1984 1311 2060 1377 ὡς
2098 1313 2288 1384 τιμίαν
2312 1314 2572 1385 ὀφθεῖσαν
2606 1315 2779 1387 αὐτῷ.
2848 1319 2943 1370 καὶ
2984 1318 3330 1388 χαρίσματος
3370 1317 3515 1371 κατὰ
3575 1315 3772 1385 δαιμζο

491 1417 599 1454 νων
628 1400 1057 1469 καταξιωθῆναι.

2038 1559 2262 1621 CAPUT
2319 1559 2383 1618 Ιῐ.

1597 1706 1799 1761 Donum
1830 1705 2187 1759 curationum.
2222 1703 2461 1759 Secessus
2508 1705 2862 1778 longinquior.

560 1836 697 1895 Vill.
734 1840 903 1896 Facto
947 1847 1131 1895 autem
1163 1841 1458 1896 intervallo
1482 1841 1721 1911 quodam
1788 1837 2074 1910 temporis,

2250 1838 2332 1894 H'.
2360 1841 2519 1895 Μετᾶ
2555 1842 2610 1895 δὲ
2637 1844 2827 1913 χρόνον
2863 1844 3006 1908 τινὰ,
3031 1842 3281 1915 θυγάτηρ
3313 1844 3456 1907 τινος
3479 1836 3588 1897 τῶν
3612 1856 3774 1914 xper-

490 1934 600 1988 ﬁlia
646 1933 932 2003 cuiusdam
965 1934 1093 2000 viri,
1126 1934 1219 2004 qui
1257 1934 1563 2005 principem
1590 1935 1770 1989 locum
1804 1933 1858 1987 in
1880 1940 2073 1987 senatu

489 2025 799 2083 obtinebat.
835 2026 1052 2095 impuro
1095 2026 1298 2095 spiritu
1340 2025 1562 2096 agitata,
1587 2024 1913 2080 nominatim
1945 2038 2073 2078 san-

491 2126 642 2169 ctum
677 2117 828 2169 illum
884 2116 1420 2172 virum-invocabat.
1458 2117 1595 2172 Cum
1629 2117 1799 2187 igitur
1825 2117 1946 2187 ejus
1977 2130 2076 2183 pa-

490 2219 678 2263 rentes
713 2210 777 2265 ad
814 2210 908 2264 Dei
950 2227 1170 2265 servum
1196 2228 1316 2267 eam
1346 2212 1653 2274 duxissent,
1681 2212 1861 2281 ipsum
1914 2225 2072 2280 rogac

492 2293 643 2366 bant,
662 2313 721 2356 ut
737 2303 931 2371 puellae
947 2303 1292 2373 iuventutem
1317 2304 1692 2359 misericordia
1713 2316 2079 2373 prosequere-

492 2398 605 2458 tnr,
626 2404 680 2448 et
713 2391 993 2462 impurum
1027 2396 1276 2466 spiritum
1312 2397 1380 2451 ab
1426 2397 1541 2466 ipsa
1565 2396 1886 2466 eXpelleret.
1915 2394 2081 2449 Cum-

488 2502 601 2557 que
635 2495 856 2543 sanctus
882 2489 967 2543 vir
997 2506 1092 2559 pro
1117 2506 1178 2544 ea
1213 2492 1384 2544 Deum
1413 2501 1672 2561 precatus
1692 2501 1858 2557 esset,
1883 2501 1938 2545 et
1961 2506 2080 2545 ma-

493 2589 599 2633 nus
619 2595 787 2649 super
823 2581 967 2635 illam
1004 2583 1378 2653 imposuisset,
1410 2585 1591 2638 statim
1617 2584 1800 2638 divina
1829 2600 1930 2652 ope
1965 2583 2079 2637 da!-

502 2688 721 2726 tnonem
750 2675 982 2743 expulit,
1009 2683 1065 2728 et
1097 2677 1333 2745 puellam
1359 2679 1593 2730 curavit.
1626 2676 1762 2747 Ejus
1785 2677 1953 2746 igitur
1976 2690 2075 2746 pa-

496 2773 686 2819 rentes
707 2780 830 2818 cum
856 2776 911 2818 et
940 2766 1049 2820 Deo
1074 2776 1129 2821 et
1162 2766 1262 2836 ipsi
1288 2770 1494 2837 gratias
1511 2768 1775 2838 egissent,
1802 2779 2080 2823 trecentos

495 2870 697 2909 aureos
731 2873 985 2912 nummos
1018 2859 1067 2912 ei
1099 2859 1388 2924 miserunt,
1423 2872 1708 2928 quoS‘non
1767 2860 1948 2914 solum
1985 2857 2079 2930 ju-

497 2953 616 3001 stus
653 2948 744 3001 ille
777 2950 862 3002 vir
899 2951 1152 3017 accipere
1188 2965 1490 3006 aususnon
1521 2959 1627 3014 est,
1670 2951 1764 3005 sed
1792 2967 1861 3007 ne
1886 2951 2077 3007 videre

496 3038 717 3108 quidem
741 3055 836 3094 eos
867 3056 1060 3110 passus
1083 3041 1220 3107 fuit;
1243 3039 1456 3099 dicens.
1480 3043 1671 3113 eisque
1708 3045 2077 3113 persuadens,

494 3141 604 3184 non
645 3129 844 3185 decere
876 3131 1190 3187 divinarum
1230 3144 1413 3189 rerum
1445 3136 1814 3191 mercaturam
1868 3137 2073 3203 facere,
2104 3173 2146 3230 ο

495 3221 590 3278 sed
624 3222 960 3293 pauperibus
991 3226 1112 3281 illos
1138 3228 1323 3297 potius
1340 3228 1490 3283 dare.
1525 3225 1640 3298 Ego
1664 3229 1834 3294 enim,
1870 3229 2074 3299 inquit,

494 3330 593 3370 eos
624 3332 732 3370 non
777 3317 1028 3387 accipio;
1059 3335 1184 3373 nam
1239 3319 1294 3374 in
1351 3320 1655 3375 solitudine
1701 3321 1908 3391 degens
1957 3323 2078 3377 istis

494 3421 605 3461 non
639 3407 877 3478 indigeo.
920 3408 1109 3479 Itaque
1137 3412 1342 3480 gratias
1390 3412 1504 3467 Deo
1549 3423 1775 3484 agentes
1825 3400 2081 3472 homines

500 3490 627 3554 illos
660 3501 712 3554 in
744 3517 939 3555 eorum
965 3502 1161 3557 domos
1187 3505 1417 3561 remisit.

571 3592 666 3648 IX.
703 3594 1013 3663 Aliquando
1057 3612 1192 3651 vero
1249 3614 1372 3653 eum
1421 3600 1743 3655 adolescens
1795 3599 2019 3670 quidam
2050 3615 2081 3654 a

499 3688 747 3744 daemone
776 3698 1017 3745 tentatus
1050 3691 1264 3759 fuisset,
1299 3702 1536 3764 utroque
1594 3693 1732 3763 pede
1777 3693 2083 3748 dissolutus

500 3778 605 3837 fuit
639 3800 652 3837 :
690 3799 853 3852 quem
881 3782 1408 3855 ejusconsanguinei
1460 3785 1793 3857 baiulantes,
1828 3786 1895 3840 ad
1950 3800 2081 3840 san-

498 3878 648 3929 ctum
700 3874 878 3929 virum
915 3876 1182 3942 tulerunt,
1227 3892 1355 3933 eum
1403 3888 1680 3949 rogantes,
1733 3888 1792 3932 ut
1826 3893 1924 3947 pro
1954 3878 2075 3946 ipso

501 3967 675 4022 Deum
728 3978 1069 4038 precaretur.
1105 3970 1200 4024 Ille
1237 3980 1420 4025 autem
1466 3985 1590 4025 eum
1647 3978 1759 4025 tres
1791 3971 1910 4024 dies
1936 3971 2085 4041 jeju-

502 4071 707 4117 nasset.
740 4069 797 4115 et
821 4060 1023 4116 divinis
1051 4063 1308 4130 precibus
1345 4075 1569 4131 operam
1612 4062 1874 4125 dedisset,
1920 4077 2087 4131 para~

501 4154 729 4224 iyticum
760 4152 1040 4206 hominem
1068 4169 1262 4207 sanum
1285 4154 1551 4218 restituit,
1585 4156 1674 4209 cui
1698 4163 1754 4208 et
1781 4153 2085 4217 benedixit,

501 4246 779 4317 jussitquc
823 4243 1064 4315 propriis
1116 4245 1352 4313 pedibus
1404 4247 1458 4300 in
1506 4260 1661 4300 suam
1717 4246 1942 4300 domum
1987 4259 2090 4299 re-

506 4338 669 4392 verti.
710 4337 862 4391 Multi
899 4336 991 4389 alii
1021 4335 1089 4390 ad
1153 4337 1411 4391 eumdem
1469 4337 1787 4399 veniebant,
1820 4337 1913 4407 qni
1964 4351 2087 4391 cum

507 4429 741 4484 diversis
769 4429 974 4483 morbis
1008 4429 1347 4492 laborarent,
1391 4424 1586 4484 omnes
1625 4429 1811 4483 divina
1851 4443 1955 4499 ope
1986 4443 2088 4498 per

2177 1933 2443 1985 τευόντων
2475 1930 2571 1986 τοῦ
2602 1934 2991 2005 βουλευτηρίου
3021 1934 3127 1988 ὑπὸ
3163 1936 3475 2006 ἀκαθάρτου
3515 1937 3776 2005 πνεύμα-

2178 2040 2268 2088 τος
2291 2026 2661 2096 ἐνεργουμένη
2691 2027 2842 2091 ἐϐόα,
2866 2027 2926 2092 ἐξ
2944 2028 3209 2097 ὀνόματος
3237 2029 3649 2099 ἐπικαλουμένη
3677 2024 3778 2082 τὶν

2179 2113 2354 2182 ἅγιον.
2389 2117 2715 2187 Ἀγαγόντες
2749 2117 2840 2174 οὖν
2871 2121 3041 2191 αὐτὴν
3068 2121 3205 2190 προς
3239 2122 3329 2173 τὸν
3359 2120 3453 2173 τοῦ
3481 2120 3617 2174 Θεοῦ
3644 2119 3778 2174 δοῦ-

2178 2209 2268 2262 λον
2296 2210 2343 2263 οἱ
2388 2211 2593 2281 ταύτης
2618 2216 2818 2279 γονεῖς,
2853 2212 3203 2283 παρεκάλουν
3230 2212 3393 2265 αὐτὸν
3418 2212 3639 2280 ἐλεῆσαι
3667 2212 3776 2278 τὴν

2180 2303 2351 2372 αὐτῆς
2381 2303 2612 2375 νεότητα
2637 2306 2730 2357 καὶ
2752 2284 3027 2359 ἀπελάσαι
3055 2303 3150 2357 ἀπ’
3180 2304 3353 2370 αὐτῆς
3384 2304 3475 2357 τὸν
3510 2303 3776 2374 ἀκάθαρο

2178 2410 2271 2444 τον
2295 2393 2546 2465 δαίμονα.
2569 2394 2681 2448 Καὶ⁵
2704 2394 2769 2465 δὴ
2792 2392 3236 2466 προσευξαμένου
3255 2395 3350 2447 τοῦ
3377 2396 3532 2462 ἁγίου
3567 2394 3773 2464 ἀνδρὸς

2180 2486 2276 2537 καὶ
2299 2485 2399 2548 τάς
2430 2489 2619 2555 χεῖρας
2653 2488 2790 2556 αὐτῇ
2841 2487 3143 2551 ἐπιθέντος,
3192 2482 3538 2556 παραχρῆμα
3567 2489 3634 2555 τῇ
3672 2478 3777 2538 τοῦ

2182 2580 2387 2651 Κυρίου
2412 2583 2597 2650 χάριτι
2631 2580 2722 2632 τὸν
2747 2578 2979 2648 δαίμονα
3010 2579 3290 2649 ἀπήλασεν
3335 2578 3432 2631 καὶ
3462 2578 3561 2647 τὴν
3594 2577 3774 2628 παῖδα

2184 2673 2393 2726 ἰάσατο.
2419 2672 2937 2742 Εὐχαριστήσαντες
2955 2670 3246 2739 τοιγαροῦν
3276 2669 3326 2721 οἱ
3350 2669 3553 2738 ταύτης
3588 2667 3779 2734 γονεῖς

2181 2764 2259 2835 τῷ
2290 2764 2407 2831 Θεῷ
2435 2766 2530 2816 καὶ
2561 2762 2640 2833 τῷ
2682 2763 2819 2832 ἁγίῳ
2852 2760 3032 2831 ἀνδρὶ,
3063 2761 3395 2814 ἀπέστειλαν
3456 2758 3605 2828 αὐτῷ
3632 2757 3780 2827 x96-

2183 2871 2305 2911 σινα
2327 2857 2648 2928 τριακόσια’
2691 2857 2837 2925 ἆπερ
2863 2857 2890 2909 ὁ
2924 2856 3133 2915 δίκαιος
3168 2850 3229 2905 οὐ
3270 2853 3430 2923 μόνον
3452 2852 3641 2904 λαϐεῖν
3668 2851 3782 2904 οὐκ

2180 2950 2464 3021 ἠνέσχετο,
2487 2950 2603 3003 ἀλλ’
2641 2949 2762 3001 οὐδέ
2801 2949 2931 3001 ἰδεῖν
2984 2946 3331 3011 κατεδέξατο,
3376 2944 3555 3010 λέγων
3583 2944 3782 3005 αὐτοῖς

2182 3046 2278 3098 καὶ
2312 3039 2541 3109 πείθων,
2602 3043 2677 3113 μὴ
2726 3043 2838 3095 δεῖν
2863 3041 2963 3111 τὴν
2997 3041 3157 3110 χάριν
3185 3038 3281 3091 τοῦ
3319 3035 3456 3089 Θεοῦ
3494 3035 3780 3102 ἐμπορίαν

2182 3138 2476 3197 ποιεῖσθαι,
2535 3134 2697 3187 Ἀλλά
2761 3134 2964 3203 μᾶλλον
3004 3133 3122 3185 δότε
3160 3126 3301 3184 αὐτά
3332 3131 3446 3190 τοῖς
3486 3129 3729 3197 πτωχοῖς
3754 3139 3773 3157 ο

2182 3230 2326 3299 Ἐγὼ
2343 3230 2451 3301 γὰρ
2468 3227 2641 3283 ταῦτα
2679 3228 2740 3281 οὐ
2762 3227 3025 3297 λαμϐάνω
3042 3241 3056 3255 ·
3085 3227 3143 3277 ὲν
3175 3222 3383 3292 ἐρημίᾳ
3407 3219 3516 3290 γὰρ
3543 3220 3779 3285 διάγων,

2181 3321 2392 3374 τούτων
2413 3323 2474 3372 οὐ
2498 3318 2709 3389 χρῄζω.
2744 3318 2857 3369 Καὶ
2888 3313 3063 3379 οὓτως
3087 3310 3549 3384 εὐχαριστοῦντας
3575 3309 3782 3371 αὐτοὺς

2181 3415 2257 3485 τῷ
2286 3411 2424 3483 Θεῷ,
2462 3412 2519 3463 ὲν
2540 3410 2729 3481 εἰρήνῃ
2760 3404 3089 3476 ἀπέπεμψεν
3120 3406 3200 3468 εἰς
3222 3404 3291 3458 τὰ
3317 3403 3473 3457 ἴδιαι

2255 3590 2332 3648 Θ’.
2379 3591 2602 3646 ’Ἄλλοι-ε
2629 3587 2687 3642 δὲ
2707 3585 2927 3648 νεανίας
2946 3599 3029 3651 τις
3052 3583 3159 3637 ὑπὸ
3183 3581 3497 3651 πνεύματος
3528 3577 3781 3648 ἀκαθάρ-

2182 3704 2278 3740 του
2332 3681 2716 3754 ὲπηρεασοεὶς,
2774 3678 3123 3746 ἀμφοτέρους
3196 3673 3364 3728 αὑτοῦ
3425 3673 3554 3734 τοὺς
3606 3670 3782 3735 πόδας

2187 3776 2466 3849 παρελύθη
2483 3788 2499 3805 ⁶
2523 3774 2616 3827 καὶ
2655 3772 2718 3843 δὴ
2744 3772 2930 3825 τοῦτον
2954 3771 3004 3823 οἱ
3030 3770 3150 3822 ἴδιοι
3181 3771 3363 3836 γονεῖς
3390 3765 3787 3836 βαστάσαντες

2185 3873 2393 3941 ἤγαγον
2418 3868 2558 3937 πρὸς
2590 3866 2683 3919 τὸν
2705 3864 2883 3932 ἆγιον,
2927 3861 3379 3932 παρακαλοῦντες
3420 3859 3582 3911 αὐτὸν
3626 3855 3784 3922 εὐξα-

2188 3962 2313 4014 σθαι
2341 3959 2482 4029 ὑπὲρ
2510 3955 2699 4012 αὐτοῦ.
2739 3954 2799 4009 'U
2825 3954 2881 4007 δὲ
2902 3956 3053 4024 τρεῖς
3088 3951 3302 4022 ἡμέρας
3333 3948 3656 4017 νηστεύσας,
3681 3947 3788 4000 καὶ
3868 4020 3877 4025 _

2186 4058 2252 4125 τῇ
2282 4053 2563 4122 προσευχῇ
2617 4048 3136 4119 προσκαρτερήσας,
3198 4045 3325 4112 ὑγιῆ
3360 4043 3451 4095 τὸν
3483 4040 3790 4112 παραλυτις

2189 4147 2284 4200 κον
2308 4145 2752 4212 ἀπεκατέστησεν
2771 4156 2786 4171 ⁶
2815 4143 2909 4192 καὶ
2939 4138 3243 4207 εὐλογήσας
3270 4136 3454 4196 αὐτὸν,
3478 4132 3786 4202 ἐπέτρεψεν

2189 4236 2339 4305 αὐτῷ
2364 4236 2471 4297 τοῖς
2504 4233 2658 4294 ἰδίοις
2690 4232 2852 4284 ποσὶν
2878 4231 2958 4292 είς
2989 4230 3081 4281 τὸν
3114 4224 3265 4281 οἶκον
3297 4224 3468 4280 αὐτοῦ
3499 4223 3784 4278 ἀπελθεῖν.

2191 4327 2383 4379 Πολλοὶ
2423 4324 2479 4376 δὲ
2532 4323 2625 4374 καὶ
2661 4320 2815 4374 ἄλλοι
2856 4320 3092 4391 ἡρχοντο
3146 4318 3286 4387 πρὸς
3343 4315 3531 4378 αὐτὸν,
3585 4315 3786 4376 νόσους

2189 4419 2482 4487 διαφόρους
2507 4416 2725 4486 ἔχοντες
2749 4429 2765 4445 ο
2800 4414 2896 4465 καὶ
2932 4412 3156 4476 πάντες,
3193 4412 3261 4482 τῇ
3295 4409 3388 4462 τοῦ
3420 4409 3628 4480 Κυρίου
3680 4407 3786 4477 χάο

509 4517 685 4589 ipsius
749 4534 942 4590 preces
1002 4518 1221 4582 curati,
1272 4518 1341 4574 ad
1413 4533 1543 4574 suas
1589 4518 1786 4575 domos
1835 4526 2084 4575 reverte-

2198 4531 2325 4586 ριτι,
2368 4511 2457 4563 διὰ
2486 4510 2594 4563 τῶν
2622 4508 2796 4577 εὐχῶν
2823 4506 2994 4560 αὐτοῦ
3021 4503 3269 4575 ἰώμενοι,
3299 4502 3637 4574 ἀνεχώρουν.

511 4613 733 4667 bantur.

581 4702 647 4761 ΧΔ
687 4707 824 4761 Cum
858 4717 1041 4763 autem
1094 4705 1186 4761 ille
1231 4705 1329 4761 Dei
1385 4718 1580 4759 servus
1630 4718 1690 4759 se
1729 4703 1799 4759 ab
1834 4703 2096 4759 omnibus

514 4802 750 4854 multum
806 4800 1065 4855 honorari
1114 4801 1367 4866 videret;
1409 4808 1467 4855 et
1515 4808 1726 4863 casum,
1755 4796 1849 4868 qui
1883 4811 1950 4851 ex
1996 4796 2098 4850 bo-

514 4908 648 4948 nore
677 4892 795 4961 ipsq
829 4892 1015 4946 multis
1040 4892 1263 4947 evenire
1288 4892 1446 4951 solet,
1476 4890 1633 4945 valde
1678 4899 1973 4949 metueret.
2010 4888 2095 4942 lo-

513 5001 638 5039 eum
674 4985 825 5038 illum
851 4984 1094 5053 reliquit.
1125 4993 1181 5038 et
1207 4982 1422 5053 fugiens
1452 4982 1588 5036 abiit
1618 4980 1810 5051 procul
1851 4980 1920 5034 ab
1958 4978 2095 5032 urbe

516 5080 606 5135 illa
638 5081 998 5150 quadraginta
1031 5077 1362 5133 milliaribns
1395 5091 1675 5146 :cumque
1716 5075 1857 5145 apud
1888 5087 2095 5144 petras,

518 5191 642 5245 qua:
675 5182 810 5228 sunt
834 5173 900 5226 ad
932 5172 1104 5242 ripam
1130 5171 1283 5225 ﬂuvii
1313 5169 1634 5240 speluncam
1656 5182 1907 5238 magnam
1938 5166 2091 5221 inve-

518 5269 712 5326 nisset,
753 5268 974 5336 triginta
1010 5281 1186 5319 annos
1234 5264 1348 5320 illic
1400 5262 1694 5326 habitavit,
1725 5262 1781 5315 in
1838 5259 2100 5330 precibus

520 5363 578 5409 et
607 5354 825 5423 hymnis
848 5363 993 5407 totos
1017 5353 1133 5407 dies
1164 5369 1228 5408 ac
1261 5363 1455 5407 noctes
1496 5350 1852 5405 insumendo.
1908 5348 2101 5404 Nutri-

521 5455 708 5503 menta
758 5463 891 5501 vero
952 5447 1066 5516 ipsa
1100 5447 1275 5502 multo
1320 5456 1569 5514 tempore
1625 5457 1692 5497 ex
1739 5442 1948 5503 herbis.
1979 5456 2103 5512 quae

520 5554 693 5610 prope
713 5538 941 5593 ﬂuvium
961 5527 1354 5599 nascebantur,
1392 5536 1497 5590 sibi
1534 5534 1908 5590 conﬁciebat:
1946 5544 2101 5603 post-

523 5651 591 5690 ea
648 5648 875 5704 parvum
929 5633 1225 5703 quemdam
1281 5631 1501 5685 hortum
1539 5629 1606 5684 ad
1648 5629 1823 5697 ripam
1857 5627 2104 5683 ﬂuminis

524 5723 805 5793 eleganter
836 5723 1164 5788 construxit,
1192 5732 1358 5794 atque
1400 5723 1453 5776 in
1488 5737 1556 5777 eo
1579 5721 1790 5792 aliquot
1819 5720 1972 5776 boris
1992 5721 2101 5776 diei

519 5826 670 5882 .opue
726 5814 933 5871 faciens
966 5833 1032 5871 ex
1084 5830 1150 5872 eo
1184 5817 1301 5886 ipso
1338 5814 1520 5869 cibum
1571 5813 1675 5867 sibi
1728 5812 2097 5884 comparabat.

2270 4697 2327 4754 Γ.
2373 4695 2519 4750 Ἰδὼν
2562 4695 2620 4749 δὲ
2666 4693 2859 4748 ἑαυτὸν
2889 4694 2917 4746 ὁ
2960 4690 3148 4754 δοῦλος
3175 4688 3268 4743 τοῦ
3303 4684 3439 4741 Θεοῦ
3472 4701 3613 4739 πανυ
3649 4681 3789 4755 παρ’

2198 4791 2454 4845 ἁπάντων
2476 4785 2807 4856 τιμώμενον,
2854 4783 2950 4836 καὶ
2977 4783 3077 4852 τὴν
3108 4784 3170 4835 ἐκ
3203 4782 3307 4851 τῆς
3332 4782 3500 4850 τιμῆς
3548 4776 3789 4848 συμϐαίο

2198 4900 2394 4939 νουσαν
2422 4885 2536 4943 τοῖς
2569 4880 2782 4942 πολλοῖς
2814 4876 3020 4932 πτῶσιν
3066 4875 3363 4940 δειλιάσας,
3406 4872 3640 4925 ἀπέλιπε
3693 4870 3790 4921 τὸν

2197 4978 2385 5042 τόπον,
2416 4978 2512 5028 καὶ
2540 4974 2683 5042 φυγῇ
2718 4969 3062 5042 χρησάμενος
3083 4966 3322 5035 ἀπῆλθεν
3352 4963 3427 5026 ὡς
3450 4964 3558 5016 ἀπὸ
3588 4959 3793 5030 μιλίων

2200 5066 2610 5137 τεσσαράκοντα
2626 5064 2723 5132 τῆς
2747 5060 2953 5120 πόλεως
2978 5057 3192 5125 ἐκείνης
3220 5071 3233 5085 ·
3269 5057 3362 5106 καὶ
3384 5050 3566 5121 εὑρὼν
3596 5047 3791 5104 αὐτόθι

2203 5160 2466 5229 σπήλαιον
2492 5159 2633 5225 μέγα
2666 5153 2816 5224 παρά
2840 5151 2939 5222 τὴν
2964 5149 3133 5221 ὄχθην
3158 5146 3252 5200 τοῦ
3274 5145 3521 5216 ποταμοῦ
3547 5144 3790 5212 Πέτρας,

2164 5254 2297 5306 κὲπὶ
2329 5252 2621 5323 τριάκοντα
2676 5247 2772 5314 ἐτη
2808 5242 3132 5313 κατῴκησεν
3188 5240 3376 5309 εὐχαῖς
3433 5238 3531 5292 καὶ
3587 5235 3785 5307 ὕμνοις

2204 5346 2383 5406 πάσας
2413 5342 2511 5405 τὰς
2534 5341 2743 5411 ἡμέρας
2767 5338 2860 5390 καὶ
2900 5335 3101 5396 νύκτας
3139 5332 3475 5394 διατελέσας.
3507 5329 3621 5392 Τὰς
3655 5326 3793 5396 μὲν-ι

2203 5456 2285 5493 τοι
2310 5435 2604 5507 διατροφὰς
2636 5434 2728 5486 ἐπὶ
2780 5432 2947 5485 πολὺν
2975 5431 3066 5483 τὸν
3096 5429 3286 5500 χρόνον
3314 5430 3377 5480 ὲκ
3409 5426 3517 5479 τῶν
3549 5423 3796 5494 βοτανῶν

2205 5528 2351 5602 εἶχεν
2379 5530 2483 5581 τῶν
2506 5527 2646 5599 πρὸς
2666 5524 2747 5597 τῷ
2779 5523 3009 5593 ποταμῷ
3028 5522 3313 5592 φυομένων
3335 5536 3351 5553 ·
3386 5520 3524 5590 μετὰ
3538 5519 3593 5571 δὲ
3614 5517 3795 5572 ταῦτα

2207 5624 2483 5693 κηπάριον
2508 5619 2703 5689 μικρὸν
2732 5617 2885 5686 παρὰ
2931 5615 3029 5686 τὴν
3062 5614 3230 5687 ὄχθην
3268 5612 3659 5683 φιλοκαλήσας,
3695 5613 3796 5663 καί

2206 5715 2365 5770 τοῦτο
2385 5712 2526 5767 κατά
2553 5711 2716 5781 μέρος
2749 5708 2765 5780 [
2794 5710 2833 5776 Ῑ.
2865 5706 2990 5760 καθ’
3016 5703 3259 5778 ἡμέραν]
3312 5701 3699 5775 ἐργαζόμενος,
3734 5701 3795 5765 ἐξ

2208 5807 2370 5865 αὐτοῦ
2403 5808 2502 5878 τὴν
2527 5804 2733 5874 τροφὴν
2756 5802 2934 5873 ἑαυτῷ
2961 5800 3349 5870 περιεποιεῖτο.
3385 5797 3508 5849 Ἐπὶ
3540 5793 3697 5848 τοσοῦ
3712 5810 3793 5846 εον
