4126 6424
390 362 520 426 1221

1587 364 1767 426 νιτΑ
1807 366 1867 425 S.
1907 364 2166 425 JACOBI
2196 365 2564 429 MONACHI.

3528 365 3667 429 1929

386 473 505 541 8ὲή
565 468 812 522 πολιτεία
870 467 1033 522 αὐτοῦ
1098 469 1427 540 περιϐόητος
1466 469 1710 539 γέγονεν,
1759 471 1836 532 ὡς
1870 471 1980 523 ἀπὸ

2111 478 2160 523 ιιι
2204 485 2334 524 vero
2358 471 2478 541 ejus
2510 470 2621 523 vita
2653 469 3062 537 celebrabatur,
3091 476 3153 524 ut
3179 484 3210 525 e
3235 468 3427 541 viginti
3463 479 3518 523 et
3560 467 3658 520 tri-

388 564 563 614 εῑκοσι
620 561 713 613 καὶ
764 560 1057 627 τριάκοντα
1109 560 1287 628 μονῶν
1328 561 1599 630 μονα-χούς
1644 561 1782 631 πρὸς
1814 561 1978 616 αὐτὸν

389 651 666 722 ἔρχεσθαι,
734 653 829 702 καὶ
883 651 1206 719 κληρικούς,
1259 653 1353 703 καὶ
1381 652 1608 716 πολλοὺς
1654 655 1975 723 κοσμικοὺς,

392 742 530 814 πρὸς
563 741 624 795 τὸ
650 740 996 809 εὐλογεῖσθαι
1041 741 1135 794 καὶ
1168 739 1516 811 στηρίζεσθαι
1558 742 1651 796 ὐπ’
1678 743 1866 798 αὐτοῦ.

2085 562 2236 632 ginta
2272 562 2624 616 monasteriis
2649 562 2900 616 monachi
2930 572 2985 617 et
3014 562 3203 617 clerici
3246 562 3311 616 ad
3345 576 3471 615 eum
3501 560 3661 615 veni-

2083 661 2228 717 rent,
2260 652 2528 721 multique
2563 653 2653 706 alii
2699 668 2762 705 ex
2794 652 2881 715 iis,
2919 653 3012 722 qui
3055 652 3244 705 mundi
3283 651 3450 706 rebus
3489 664 3647 703 occu.

2083 754 2304 816 pantur,
2332 746 2400 800 ad
2424 762 2549 801 eum
2582 762 2641 801 se
2677 747 3016 810 conferrent,
3047 757 3107 802 ut
3150 747 3270 816 ejus
3313 744 3661 798 benedictio-

2083 855 2209 894 nem
2241 840 2578 903 acciuerent,
2608 849 2664 895 et
2696 840 2764 894 ab
2791 854 2859 895 eo
2903 840 3219 895 conﬁrmari
3253 845 3503 909 possent.

1888 999 2113 1061 CAPUT
2150 1004 2240 1060 Ill.

1534 1137 1738 1209 Lapsus
1767 1142 1820 1196 in
1850 1145 2252 1214 fornicationem
2275 1158 2324 1202 et
2357 1144 2721 1203 homicidium.

465 1280 534 1333 1A
558 1316 571 1331 .
617 1273 757 1330 Ἀλλ’
783 1278 811 1330 ό
861 1276 1103 1340 τοιοῦτος
1155 1277 1249 1330 καλ⁸
1286 1276 1627 1348 τηλικοῦτος,
1659 1281 1686 1332 ό
1714 1280 1986 1350 τοσαύτης

397 1371 620 1441 χάριτος
638 1363 930 1437 ⁴ἀξιωθεὶς,
965 1369 1094 1432 ῖσως
1116 1370 1344 1439 ὲπάρσει
1373 1371 1519 1432 τινὸς
1541 1371 1637 1424 καὶ
1669 1370 1825 1440 τύφῳ
1853 1372 1979 1441 λιμ-

400 1464 557 1534 φθεὶς
732 1459 1005 1532 kaq/052;],
1051 1459 1307 1530 πτώματι
1349 1463 1717 1531 συγχωρεῖται
1770 1465 1980 1523 πεσεῖν,

398 1556 494 1610 καὶ
525 1553 780 1625 πτώματι
812 1553 890 1624 τῷ
920 1554 1138 1607 πάντων
1174 1553 1565 1625 χαλεπωτάτῳ.
1610 1555 1670 1609 '0
1688 1557 1794 1625 γὰρ
1828 1572 1983 1625 παμ-

402 1645 600 1715 μίαρος
648 1645 842 1713 ἐχθρὸς
896 1643 1005 1696 τῶν
1058 1644 1422 1714 Χριστιανῶν,
1456 1645 1484 1695 ό
1513 1644 1603 1698 ἀεὶ
1656 1649 1766 1710 τοῖς
1804 1645 1985 1709 καλῶς

399 1737 538 1788 κατά
569 1735 691 1788 θεὸν
724 1734 931 1805 βιοῦσιν
956 1735 1047 1788 τὸν
1069 1737 1270 1788 οἰκεῖον
1312 1737 1506 1805 φθόνον
1535 1739 1810 1806 ἐπαφιεὶς,
1863 1742 1981 1791 εἱσ-

400 1824 574 1879 ελθὼν
604 1827 685 1889 εἰς
713 1826 882 1898 κόρην
937 1825 1196 1879 πλουσίου
1232 1828 1378 1891 τινὸς
1425 1829 1721 1900 θυγατέρα,
1781 1831 1984 1902 ἦρξατο

404 1915 535 1987 βοᾷν
564 1918 664 1970 καὶ
695 1918 784 1969 τον
810 1916 966 1985 ἅγιον
1002 1917 1172 1989 ἄνδρα
1204 1918 1263 1986 ἐξ
1280 1919 1545 1989 ὀνόματος
1577 1922 1979 1986 ἐπικαλεῖσθαι,

399 2009 475 2072 ὡς
513 2008 925 2077 ἀναγκασθῆναι
960 2009 1089 2072 τούς
1118 2014 1295 2077 γονεῖς
1319 2011 1420 2079 τῆς
1448 2012 1616 2083 κόρης
1651 2014 1981 2082 περιελθεῖν,

2160 1285 2266 1339 Sed
2304 1286 2427 1339 talis
2458 1300 2523 1339 ac
2575 1293 2760 1338 tantus
2788 1285 2892 1347 vir,
2930 1290 3188 1351 tantaque
3241 1277 3412 1349 gratia
3470 1276 3669 1347 dignus

2087 1379 2337 1442 effectus,
2372 1378 2602 1431 fortasse
2633 1376 2871 1431 elatione
2907 1374 2988 1427 vel
3029 1370 3290 1441 superbia
3342 1380 3557 1439 captus,
3613 1369 3666 1421 in

2087 1467 2323 1535 lapsum,
2355 1483 2594 1536 cumque
2667 1465 2913 1520 omnium
2966 1462 3372 1532 gravissimum,
3424 1459 3669 1513 incidere

2089 1559 2392 1629 permissus
2433 1557 2552 1611 l‘uit.
2579 1556 2712 1611 Nam
2745 1555 3166 1611 scelestissimus
3188 1551 3413 1606 humani
3445 1550 3666 1621 generis

2090 1649 2369 1711 inimicus,
2395 1649 2489 1718 qui
2520 1658 2711 1702 contra
2753 1647 3008 1701 homines
3047 1657 3251 1700 rectam
3291 1652 3348 1697 et
3398 1644 3510 1697 Deo
3551 1658 3676 1712 gra-

2090 1750 2197 1795 tam
2240 1741 2408 1794 vitam
2459 1741 2722 1807 degentes
2790 1738 3065 1809 propriam
3121 1735 3381 1791 invidiam
3429 1741 3671 1799 exercet,

2090 1835 2141 1886 in
2177 1834 2414 1903 puellam
2458 1832 2752 1902 quamdam
2801 1832 3103 1900 ingressus,
3142 1827 3433 1898 cujusdam
3468 1825 3671 1884 divitis

2089 1925 2283 1986 tiliam,
2320 1925 2490 1993 cmpit
2544 1924 2807 1986 clamare,
2843 1934 2899 1977 et
2942 1921 2999 1977 S.
3037 1921 3304 1976 Iacobum
3344 1916 3673 1972 nominatim

2088 2018 2411 2087 appellare;
2441 2018 2513 2070 ita
2540 2026 2598 2071 ut
2651 2026 2906 2087 parentes
2958 2016 3153 2084 puella:
3214 2010 3593 2077 circumirent,
3620 2018 3679 2065 et

403 2100 501 2152 καὶ
535 2099 852 2168 ἀνιχνεῦσαι
883 2100 1223 2170 πανταχόθεν
1256 2101 1348 2155 τὸν
1387 2102 1673 2173 ἄνθρωπον
1706 2105 1800 2158 τοῦ
1824 2105 1983 2171 Θεοῦ,

407 2194 543 2264 μήτε
587 2194 950 2264 μοναστὴριον
984 2194 1436 2258 καταλείποντας,
1470 2198 1607 2267 μήτε
1642 2196 1748 2267 μὴν
1779 2197 1986 2268 ἔρημον

402 2286 589 2338 τόπον.
640 2285 726 2347 Ὦς
763 2285 820 2338 δὲ
865 2284 1056 2339 τοῦτον
1120 2287 1303 2358 εὐρεῖν
1352 2288 1592 2358 οὐδαμοῦ
1647 2290 1980 2359 ὲδεδύνηντο,

405 2377 652 2443 ἔγνωσαν
701 2393 824 2429 τινα
873 2378 1237 2448 ἀναχωρητὴν
1293 2375 1435 2432 εἶναι
1489 2382 1631 2433 κατὰ
1688 2382 1840 2433 τόνδε
1896 2382 1987 2433 τὸν

404 2465 590 2519 τόπον.
649 2467 760 2518 Καὶ
807 2467 872 2536 δὴ
901 2466 1081 2519 λαϐὼν
1115 2470 1143 2521 ὁ
1180 2470 1365 2542 πατὴρ
1413 2471 1583 2539 αὐτῆς
1620 2472 1747 2533 τοὺς
1786 2472 1986 2524 ἑαυτοῦ

2088 2109 2295 2177 ubique
2326 2108 2579 2161 divinum
2619 2106 2770 2161 illum
2804 2104 3523 2172 homineminvestigarent,
3560 2116 3665 2155 ne-

2087 2217 2194 2271 que
2225 2204 2644 2265 monasterium,
2689 2214 2868 2268 neque
2900 2198 3181 2252 desertum
3204 2177 3445 2265 aliquem
3486 2194 3671 2247 locum

2090 2293 2686 2363 praetereuntesQuem
2704 2306 2829 2346 cum
2854 2289 3101 2347 invenire
3129 2295 3500 2356 nonpossent,
3526 2296 3680 2353 post-

2088 2399 2151 2438 ea
2184 2385 2488 2438 solitarium
2539 2384 2828 2452 quemdam
2874 2381 3151 2433 hominem
3182 2379 3234 2432 in
3264 2394 3329 2431 eo
3351 2379 3681 2445 loco,quem

2088 2477 2517 2544 supradiximns,
2536 2490 2656 2530 esse
2677 2481 3078 2543 cognoverunt.
3125 2469 3285 2523 Pater
3313 2470 3479 2537 igitur
3493 2451 3705 2521 servos.

409 2559 625 2623 παῖδας,
654 2561 748 2612 καὶ
778 2562 1209 2628 παρασκευάσας
1237 2561 1334 2633 τὴν
1351 2563 1523 2633 κόρην
1553 2563 1671 2632 ἅμα
1689 2567 1757 2633 τῇ
1786 2563 1989 2632 ἑαυτῆς

412 2652 580 2722 μητρὶ
613 2655 670 2703 ἐν
705 2651 781 2722 τῷ
814 2653 1120 2724 βαστερνίῳ
1168 2654 1523 2723 καθεσθῆναι,
1558 2651 1724 2726 ἦλθον
1759 2657 1851 2707 ἐπὶ
1896 2658 1989 2708 τὸν

411 2744 868 2813 καταμηνυθέντα
903 2746 1086 2809 αὐτοῖς
1127 2748 1315 2810 τόπον,
1358 2748 1486 2801 ἔνθα
1527 2749 1717 2816 διῆγεν
1750 2750 1780 2802 ό
1811 2747 1988 2814 ἆγιος.

414 2835 524 2887 Καὶ
571 2835 695 2888 ἰδὼν
752 2837 939 2901 αὐτὸν,
987 2837 1184 2890 ἔπεσεν
1235 2839 1372 2909 πρὸς
1430 2842 1559 2902 τοὺς
1616 2840 1782 2902 πόδας
1828 2839 1990 2893 αὐτοῦ

415 2926 619 2994 λέγων’
671 2928 923 2996 Ἐλέησον
951 2928 1045 2999 τὴν
1072 2928 1355 3001 θυγατέρα
1390 2948 1515 3000 μου,
1549 2933 1633 2985 ὅτι
1676 2931 1866 2993 δεινῶς
1898 2932 1994 3001 βα-

2092 2585 2221 2623 suos
2240 2584 2425 2622 secum
2449 2568 2676 2623 habens.
2702 2575 2756 2618 et
2773 2564 3007 2634 puellam
3033 2562 3236 2630 jubens
3252 2577 3357 2613 una
3373 2572 3499 2631 cun
3513 2566 3686 2612 matre

2095 2662 2149 2715 in
2178 2662 2426 2730 jumento
2450 2660 2644 2714 sedere
2664 2671 2717 2712 et
2743 2673 2869 2712 cum
2908 2656 3086 2723 sequi,
3117 2654 3269 2708 venit
3323 2653 3376 2704 in
3412 2667 3537 2706 eum
3596 2651 3684 2705 lo-

2094 2768 2244 2813 cum,
2279 2755 2344 2805 de
2377 2768 2488 2821 quo
2523 2751 2794 2811 audierat,
2834 2749 2926 2800 ubi
2954 2755 3009 2799 et
3060 2746 3152 2799 ille
3205 2746 3278 2798 vit
3338 2752 3566 2797 sanctus
3593 2741 3679 2795 vi-

2101 2853 2212 2897 tam
2253 2843 2507 2912 degebat.
2538 2841 2710 2907 Quem
2740 2855 2864 2893 cum
2899 2838 3147 2895 vidisset,
3175 2845 3231 2889 et
3271 2836 3337 2888 ad
3366 2836 3486 2905 ejus
3518 2833 3686 2903 pedes

2100 2950 2158 2989 se
2190 2935 2506 3004 abjecisset.
2545 2934 2824 2995 Miserere,
2845 2931 3044 2999 inquit,
3079 2928 3204 2982 tiliae
3233 2943 3389 2987 meae.
3422 2930 3685 2996 quoniam

415 3019 691 3085 σανίξεται
741 3021 848 3073 ὐπὸ
873 3022 968 3076 τοῦ
1004 3022 1317 3094 ἀκαθάρτου
1351 3022 1662 3089 πνεύματος
1688 3040 1704 3055 ·
1741 3022 1851 3076 ἰδοὺ
1885 3024 1994 3093 γὰρ

2105 3028 2345 3098 graviter
2374 3026 2442 3079 ab
2472 3026 2694 3093 impuro
2715 3022 2912 3091 Spirilll
2957 3020 3241 3073 cruciatur
3269 3034 3283 3069 :
3316 3033 3442 3071 nam
3490 3016 3690 3086 viginti

414 3112 589 3167 εῐκοσι
630 3112 814 3168 λοιπὸν
870 3116 1100 3187 ἡμέραι,
1154 3116 1249 3169 καὶ
1288 3114 1412 3168 οὐτε
1473 3116 1654 3180 σίτου,
1677 3115 1799 3168 οὐτε
1829 3116 1993 3169 ποτοῦ

417 3206 766 3276 μετείληφεν,
812 3208 949 3261 ἀλλὰ
994 3208 1199 3279 ἀναϐοᾷ
1255 3208 1643 3277 σπαράττουσα
1674 3207 1871 3277 ἑαυτὴν
1905 3209 1998 3260 καὶ

414 3295 476 3348 τὸ
498 3296 670 3367 ὄνομα
692 3314 786 3349 σου
818 3298 1251 3369 ἐπικαλουμένη.

488 3386 568 3442 1Β¹
576 3428 590 3442 .
646 3391 755 3443 Καὶ
788 3391 920 3450 στὰς
971 3393 997 3443 ό
1030 3390 1184 3458 ἅγιος
1217 3389 1570 3461 προσηύξατο
1622 3391 1761 3459 ὑπὲρ
1788 3390 1998 3460 αὐτῆςο

423 3481 563 3553 μετὰ
617 3481 672 3535 δὲ
712 3483 770 3535 τὸ
806 3482 1094 3551 πληρῶσαι
1123 3483 1286 3535 αὐτὸν
1312 3485 1409 3553 τὴν
1462 3483 1647 3553 εὐχὴν,
1701 3484 2002 3551 ἐνεφύσησε

418 3573 499 3645 τῷ
519 3574 818 3646 ἀκαθάρτῳ
855 3574 1074 3645 δαίμονι
1102 3577 1196 3627 καὶ
1243 3573 1393 3641 λέγει
1418 3575 1601 3644 αὐτῷ’
1647 3575 1738 3628 Ἐν
1776 3575 1853 3645 τῷ
1886 3554 2004 3627 M-

425 3684 555 3737 ματι
588 3666 684 3720 τοῦ
710 3668 915 3739 Κυρίου
951 3667 1046 3720 τοῦ
1072 3668 1311 3737 Χριστοῦ
1338 3669 1520 3734 ἔξελθε
1554 3667 1649 3721 ἀπ’
1684 3667 1874 3733 αὐίῆς.
1900 3666 2007 3718 Καὶ

422 3761 767 3832 παραχρῆμα
798 3762 1066 3830 ὀδαίμων
1116 3762 1190 3824 ὡς
1246 3763 1354 3814 ὐπὸ
1415 3762 1585 3829 πυρδς
1648 3762 2007 3829 ἐλαυνόμενος

423 3854 739 3925 ἐχώρησενο
769 3855 800 3925 ή
834 3855 890 3907 δὲ
920 3856 1015 3907 ἐπὶ
1050 3854 1143 3907 τοῦ
1183 3855 1412 3921 ἐδάφους
1448 3852 1715 3911 πεσοῦσα,
1758 3854 1850 3903 ἐπὶ
1874 3852 2015 3904 πολ-.

425 3946 523 4007 λὰς
553 3949 651 4008 τὰς
703 3944 853 4017 ὥρας
907 3945 1120 4014 ἄφωνος
1150 3946 1349 3998 ἔκειτο.
1392 3947 1496 3998 Καὶ
1544 3943 2006 4014 προσευξάμενος,

425 4038 597 4110 αὐτὴν
625 4043 725 4105 τῆς
751 4039 930 4110 χειρὸς
966 4043 1300 4107 ἀναστήσας.
1341 4039 1658 4109 παρέδωκεν
1682 4038 1851 4104 αὐτὴν
1883 4037 2010 4102 ὐγιῆ

430 4132 541 4194 τοῖς
566 4131 839 4199 γινεῦσιν.
867 4132 1087 4194 Ἰδόντες
1106 4132 1163 4183 δὲ
1184 4134 1244 4183 τὸ
1264 4131 1470 4197 θαῦμα,
1497 4133 1591 4182 καὶ
1616 4130 2008 4190 δειλιάταντες,

437 4224 632 4294 μήπως
676 4224 840 4276 πάλιν
893 4223 1242 4293 ὑποστρέψας
1264 4227 1291 4275 ὁ
1327 4222 1636 4290 ἀκάθαρτος
1663 4222 1871 4288 δαίμων
1899 4224 2012 4271 εἰσ-

433 4315 562 4385 έλθῃ
592 4315 782 4383 αὐτὴν,
812 4317 1199 4384 παρεκάλεσαν
1228 4316 1391 4369 αὐτὸν
1417 4317 1700 4382 ἐπιμεῖναι
1726 4314 1823 4381 τὴν
1853 4312 2011 4364 παῖδα

2099 3122 2213 3175 dies
2265 3127 2436 3180 sunt,
2509 3116 2710 3186 quibus
2755 3127 2933 3182 neque
2990 3111 3213 3171 cibum,
3258 3124 3438 3178 neque
3501 3115 3691 3178 potum

2100 3208 2356 3276 stnupsit,
2425 3205 2524 3259 sed
2576 3208 2776 3258 clamat
2808 3206 3045 3271 seipsam
3096 3199 3365 3264 lacerans,
3404 3207 3461 3252 et
3492 3213 3691 3251 nomen

2104 3306 2259 3351 tuum
2286 3297 2586 3362 appellans.

2174 3389 2292 3445 XII.
2332 3389 2487 3443 Tunc
2536 3387 2699 3457 jussit
2726 3386 2965 3456 puellam
2994 3385 3127 3439 illuc
3155 3383 3278 3437 duci
3312 3400 3327 3438 :
3372 3397 3608 3453 cumque
3635 3396 3696 3438 9e

2109 3482 2323 3539 diutius
2368 3482 2627 3550 prccil'us
2683 3481 2949 3539 dedisset.
2998 3479 3079 3533 sic
3131 3481 3398 3531 ardenter
3457 3491 3557 3545 pro
3580 3474 3698 3543 ipsa

2109 3586 2366 3647 precatus
2390 3586 2495 3639 est,
2532 3584 2591 3628 ut
2622 3586 2678 3628 et
2731 3575 2904 3628 locus.
2940 3574 2994 3626 in
3022 3587 3134 3640 quo
3187 3564 3430 3629 stabant,
3469 3576 3697 3621 contre-

2110 3669 2330 3720 lllllt'l‘il.
2374 3665 2568 3719 Finitis
2594 3680 2726 3718 vero
2754 3663 3029 3727 precibus,
3074 3659 3371 3713 insulilavit
3422 3658 3476 3711 in
3525 3657 3681 3710 illum

2111 3758 2386 3825 impurum
2415 3757 2690 3824 spiritum,
2712 3761 2776 3807 et
2810 3754 2888 3806 ait
2924 3769 2939 3808 :
2968 3752 3026 3805 In
3083 3751 3308 3804 nomine
3352 3747 3569 3802 Domini
3598 3762 3701 3801 no-

2113 3852 2210 3906 stri
2265 3849 2393 3904 Jesn
2443 3846 2648 3902 Christi
2695 3846 2783 3899 evi
2846 3844 2915 3897 ab
2974 3846 3074 3896 ista
3127 3842 3330 3911 puella.
3387 3839 3700 3908 Statimque

2113 3943 2325 3996 (Ιειιιιιιιη
2389 3941 2523 4009 ipse.
2570 3948 2828 4006 tanquam
2881 3936 3003 4005 igne
3055 3935 3265 4002 aliquot
3317 3932 3610 4001 impulsus.
3665 3944 3700 3986 e

2115 4034 2293 4105 puella
2328 4031 2602 4085 discessit.
2639 4031 2730 4083 Illa
2762 4043 2892 4082 vero
2917 4042 3040 4081 cum
3074 4025 3129 4079 in
3162 4025 3340 4079 solum
3376 4023 3692 4088 cecidisset,

2115 4126 2303 4181 multis
2334 4122 2666 4193 horisjacuit
2692 4124 2810 4176 sine
2833 4136 3000 4175 voce:
3037 4118 3131 4173 sed
3162 4128 3386 4173 sanctus
3415 4117 3505 4169 ille
3532 4116 3702 4169 Deum

2094 4227 2390 4289 rpt'ecatus,
2424 4231 2567 4272 eam.
2605 4212 3150 4283 mannapprehensa,
3190 4211 3387 4269 erexit,
3423 4220 3479 4262 et
3508 4224 3705 4277 paren-

2119 4311 2263 4363 tilnts
2296 4308 2414 4362 suis
2472 4305 2734 4359 reddidit.
2766 4304 2870 4370 Qui
2912 4319 3036 4357 cum
3070 4302 3392 4355 miraculum
3452 4298 3587 4352 illud
3623 4300 3705 4352 vi-

434 4407 530 4459 δύο
582 4409 817 4478 ἡμέρας,
854 4398 1013 4476 ἄχρις
1043 4404 1104 4462 οὗ
1137 4408 1417 4470 παντελῶς
1452 4408 1744 4475 ἀπαλλαγῇ
1777 4404 1869 4457 τοῦ
1896 4403 2001 4456 δαί-

2120 4403 2352 4463 dissent,
2405 4399 2647 4453 divinam
2693 4398 2929 4474 gloriam
2979 4394 3384 4449 collaudarnnt.
3448 4390 3555 4446 Sed
3594 4405 3708 4444 me-

441 4515 615 4568 μονος.
656 4499 762 4553 Καὶ
787 4499 850 4569 δὴ
894 4499 1289 4561 καταλιπόντες
1324 4499 1520 4567 αὐτὴν,
1575 4498 1656 4559 είς
1683 4496 1772 4548 τὸν
1806 4494 2016 4547 ἑαυτῶν

436 4583 484 4638 οἵ
623 4588 636 4605 ο
699 4589 717 4616 .'
760 4607 787 4617 -
832 4607 848 4615 -

474 4603 585 4639 ,κήν
615 4588 982 4658 υπςσιρςψαν.

2127 4501 2366 4549 tuentes,
2405 4504 2473 4542 ne
2510 4490 2759 4557 impurus
2790 4487 2879 4540 ille
2924 4485 3137 4538 daemon
3189 4496 3466 4539 reversus.
3497 4480 3550 4533 in
3584 4493 3706 4533 eam

2129 4583 2536 4646 ingrederetur,
2579 4584 2755 4648 ipsum
2791 4584 3053 4647 rogarunt
3087 4583 3148 4628 ut
3196 4573 3376 4643 puella
3402 4572 3544 4642 apud
3578 4586 3707 4626 eum

437 4681 577 4735 duos
616 4682 736 4736 dies
762 4691 1091 4745 remaneret,
1123 4682 1305 4752 quoad
1344 4682 1574 4737 omnino
1628 4697 1660 4736 a
1723 4680 1971 4737 damone
2029 4677 2383 4732 liberaretur.
2457 4676 2645 4730 Puella
2675 4673 2843 4744 igitur
2871 4671 3016 4742 apud
3045 4686 3173 4725 eum
3189 4670 3402 4734 relicta,
3452 4674 3711 4738 parentes

440 4771 501 4829 in
528 4775 752 4829 domum
778 4791 933 4830 suam
967 4777 1174 4830 reversi
1195 4784 1352 4830 sunt.

514 4872 611 4924 ll".
643 4873 929 4941 Προσῆκεν
959 4873 1161 4935 τοίνυν,
1204 4870 1390 4934 καθὼς
1416 4873 1474 4923 ἐν
1527 4869 1836 4942 προοιμίοις
1872 4869 2028 4939 εἰρή-

440 4978 642 5032 καμεν,
667 4962 803 5032 πρὸς
831 4962 1136 5030 ἀσφάλειαν
1162 4962 1259 5015 καὶ
1284 4962 1573 5031 οἰκοδομὴν
1598 4961 1708 5014 τῶν
1740 4961 1838 5031 τὴν
1860 4963 2032 5028 ἀγγε-

443 5054 604 5125 λικὴν
664 5056 872 5125 ταύτην
922 5056 1202 5108 πολιτείαν
1262 5055 1588 5125 μετιόντων.
1640 5054 1715 5124 μὴ
1774 5053 2031 5122 μόνοντὰ

445 5143 851 5212 κατορθώματα
882 5143 992 5196 τῶν
1022 5143 1244 5196 τελείων
1298 5142 1693 5212 διηγουμένους
1731 5139 1919 5193 αὐτόθι
1965 5138 2034 5191 τὰ

447 5236 589 5289 καλὰ
615 5238 774 5306 μόνον
803 5235 1182 5300 συλλέγοντας,
1213 5236 1475 5304 ἀπείρους
1510 5235 1604 5286 καὶ
1643 5231 2033 5301 ἀγυμνάστους

453 5323 592 5381 εἶναι
655 5328 764 5381 τῶν
824 5327 1171 5398 κακοτέχνων
1232 5325 1476 5393 παγίδων
1547 5324 1641 5378 τοῦ
1702 5324 2026 5393 παμμιὰρου

452 5420 648 5490 ἐχθροῦ
672 5421 767 5474 τοῦ
799 5420 935 5474 Θεοῦ
961 5420 1059 5474 καὶ
1096 5419 1206 5472 τῶν
1233 5417 1436 5472 δούλων
1469 5417 1639 5470 αὐτοῦ
1663 5433 1676 5448 ·
1702 5416 1816 5470 ἀλλ’
1842 5415 2032 5486 ὥσπερ

457 5513 721 5583 μεγίστας
752 5515 848 5567 καὶ⁵
873 5512 1094 5582 ἀληθεῖς
1140 5512 1347 5581 ἀρετὰς
1381 5510 1473 5564 τοῦ
1512 5510 1704 5580 ἀνδρξς
1746 5508 2036 5573 κατελέξα-

455 5619 580 5672 μεν,
617 5604 758 5657 οὐτω
790 5604 897 5674 χρὴ
930 5606 1023 5659 καὶ
1060 5606 1152 5657 τὸν
1186 5602 1551 5672 ἐπενεχθέντα
1582 5599 1733 5669 αὐτῷ
1772 5599 2038 5670 χειμῶνα,

2199 4864 2341 4921 Xlll.
2369 4864 2533 4918 Decet
2560 4867 2764 4915 autem.
2792 4855 2944 4909 sicut
3003 4850 3161 4904 initio
3184 4849 3446 4908 diximus.
3472 4846 3539 4901 ad
3566 4843 3710 4900 ntul-

2138 4968 2316 5014 torum
2341 4955 2654 5011 cautionem
2677 4959 2732 5004 et
2761 4947 3041 5002 caelestem
3078 4944 3219 4997 hanc
3254 4943 3419 4995 vitam
3447 4955 3711 4993 exercen-

2135 5053 2270 5106 tium
2296 5047 2740 5106 zedilicationem,
2771 5056 2882 5095 non
2919 5039 3095 5093 solum
3135 5035 3502 5105 perfecturum
3534 5031 3715 5086 homi-

2135 5158 2266 5198 num
2306 5149 2455 5195 recte
2487 5138 2630 5193 facta
2663 5141 2977 5193 narrantes,
3000 5131 3144 5184 bona
3174 5136 3384 5182 tantum
3414 5125 3672 5195 colligere
3699 5137 3715 5189 ;

2134 5234 2230 5290 sed
2272 5250 2340 5287 ne
2370 5231 2641 5285 malarum
2665 5228 2870 5283 artium
2897 5233 2954 5279 et
2982 5224 3308 5290 laqueorum
3332 5215 3714 5274 scelestisslmi

2135 5327 2284 5382 illius
2318 5324 2492 5379 hostis
2515 5320 2756 5391 imperiti
2780 5318 2911 5379 sint,
2936 5314 3029 5383 qui
3058 5314 3168 5367 Deo
3207 5311 3493 5374 serviunt;
3528 5322 3722 5377 quem-

2126 5418 2420 5475 admodum
2453 5415 2715 5470 maximas
2740 5419 2796 5465 et
2823 5423 2983 5464 veras
3019 5407 3186 5475 hujus
3239 5403 3481 5459 hominis
3536 5401 3717 5454 virtu-

2127 5522 2213 5568 tes
2278 5508 2761 5571 enumeravimus;
2835 5504 2953 5566 ita,
3016 5502 3263 5570 inquam,
3319 5494 3605 5559 convenit,
3664 5500 3722 5545 et

2136 5602 2554 5658 ﬂuctuationem
2616 5598 2670 5652 in
2699 5611 2825 5650 eum
2860 5595 3091 5653 illatam,
3145 5599 3202 5644 et
3233 5588 3360 5642 inde
3402 5584 3715 5655 ‘maximum

455 5695 555 5749 xui.
583 5696 683 5778 τὴν
728 5697 977 5750 ἐντεῦθεν
1009 5696 1159 5766 αὐτῷ
1211 5696 1500 5765 συμϐᾶσαν
1536 5693 1744 5748 πτῶσιν
1777 5693 2001 5762 διηγήσει

2137 5692 2261 5760 eius
2317 5690 2555 5758 lapsum,
2599 5697 2884 5741 enarrare.
2916 5682 3173 5736 Dicemus
3210 5685 3395 5732 autem
3430 5674 3716 5739 deinceps,

462 5788 607 5855 σθαι,
647 5790 908 5857 λέγοντας
940 5788 1077 5859 μετὰ
1105 5788 1294 5855 ταῦτα,
1325 5785 1400 5851 ὡς
1425 5786 1623 5852 ἔνεστι,
1652 5784 1790 5855 μετὰ
1833 5783 1932 5855 τὴν
1959 5799 2045 5838 τεο

2143 5792 2204 5838 ut
2234 5781 2416 5847 decet,
2451 5788 2603 5841 etea
2655 5775 2918 5831 miracula
2967 5786 3159 5845 magna
3224 5780 3390 5839 atque
3452 5766 3721 5837 ingentia,
