  <div class='ocr_page' id='page_1' title='image "/cluster/home/n/w/nwhite01/storage/ocr_20150623/114:no.1/coo.31924054870187/619.png"; bbox 0 0 4126 6416; ppageno 0'>
   <div class='ocr_carea' id='block_1_1' title="bbox 598 320 736 386">
    <p class='ocr_par' dir='ltr' id='par_1_1' title="bbox 598 320 736 386">
     <span class='ocr_line' id='line_1_1' title="bbox 598 320 736 386; baseline 0.022 -2"><span class='ocrx_word' id='word_1_1' title='bbox 598 320 736 386; x_wconf 75' lang='lat'><strong>1223</strong></span> 
     </span>
    </p>
   </div>
   <div class='ocr_carea' id='block_1_2' title="bbox 1870 321 2648 384">
    <p class='ocr_par' dir='ltr' id='par_1_2' title="bbox 1870 321 2648 384">
     <span class='ocr_line' id='line_1_2' title="bbox 1870 321 2648 384; baseline 0 -1"><span class='ocrx_word' id='word_1_2' title='bbox 1870 322 2154 383; x_wconf 72' lang='grc' dir='ltr'><strong>ΜΕΝὸἰὸ</strong></span> <span class='ocrx_word' id='word_1_3' title='bbox 2185 321 2648 384; x_wconf 77' lang='lat' dir='ltr'><strong>JANUARIUS.</strong></span> 
     </span>
    </p>
   </div>
   <div class='ocr_carea' id='block_1_3' title="bbox 3713 328 3836 397">
    <p class='ocr_par' dir='ltr' id='par_1_3' title="bbox 3713 328 3836 397">
     <span class='ocr_line' id='line_1_3' title="bbox 3713 328 3836 397; baseline 0.041 -5"><span class='ocrx_word' id='word_1_4' title='bbox 3713 328 3836 397; x_wconf 58' lang='lat'><strong>122‘</strong></span> 
     </span>
    </p>
   </div>
   <div class='ocr_carea' id='block_1_4' title="bbox 588 437 2193 518">
    <p class='ocr_par' dir='ltr' id='par_1_4' title="bbox 588 437 2181 512">
     <span class='ocr_line' id='line_1_4' title="bbox 588 437 2181 512; baseline -0.001 -17"><span class='ocrx_word' id='word_1_5' title='bbox 588 456 722 512; x_wconf 64' lang='lat' dir='ltr'><strong>quae</strong></span> <span class='ocrx_word' id='word_1_6' title='bbox 754 448 879 509; x_wconf 83' lang='lat' dir='ltr'><strong>post</strong></span> <span class='ocrx_word' id='word_1_7' title='bbox 916 437 1215 508; x_wconf 67' lang='lat' dir='ltr'><strong>perfectam</strong></span> <span class='ocrx_word' id='word_1_8' title='bbox 1248 438 1421 507; x_wconf 79' lang='lat' dir='ltr'><strong>ipsius</strong></span> <span class='ocrx_word' id='word_1_9' title='bbox 1449 437 1831 508; x_wconf 73' lang='lat' dir='ltr'><strong>pmnitentiam</strong></span> <span class='ocrx_word' id='word_1_10' title='bbox 1854 450 1911 494; x_wconf 92' lang='lat' dir='ltr'><strong>et</strong></span> <span class='ocrx_word' id='word_1_11' title='bbox 1946 453 2181 510; x_wconf 88' lang='lat' dir='ltr'><strong>genero-</strong></span> 
     </span>
    </p>
   </div>
   <div class='ocr_carea' id='block_1_5' title="bbox 2291 437 3846 518">
    <p class='ocr_par' dir='ltr' id='par_1_5' title="bbox 2291 438 3846 518">
     <span class='ocr_line' id='line_1_5' title="bbox 2291 438 3846 518; baseline 0.006 -28"><span class='ocrx_word' id='word_1_12' title='bbox 2291 438 2443 492; x_wconf 83' lang='grc' dir='ltr'>λείαν</span> <span class='ocrx_word' id='word_1_13' title='bbox 2474 440 2642 493; x_wconf 81' lang='grc' dir='ltr'>αὐτοῦ</span> <span class='ocrx_word' id='word_1_14' title='bbox 2679 438 2972 513; x_wconf 78' lang='grc' dir='ltr'>μετάνοιαν</span> <span class='ocrx_word' id='word_1_15' title='bbox 2996 440 3091 494; x_wconf 73' lang='grc' dir='ltr'><strong>καὶ</strong></span> <span class='ocrx_word' id='word_1_16' title='bbox 3125 443 3381 509; x_wconf 75' lang='grc' dir='ltr'><strong>γενναίαν</strong></span> <span class='ocrx_word' id='word_1_17' title='bbox 3411 442 3662 510; x_wconf 75' lang='grc' dir='ltr'><strong>ἄσκησιν,</strong></span> <span class='ocrx_word' id='word_1_18' title='bbox 3702 446 3846 518; x_wconf 82' lang='grc' dir='ltr'>ὑπερ-</span> 
     </span>
    </p>
   </div>
   <div class='ocr_carea' id='block_1_6' title="bbox 598 525 2188 598">
    <p class='ocr_par' dir='ltr' id='par_1_6' title="bbox 598 525 2188 598">
     <span class='ocr_line' id='line_1_6' title="bbox 598 525 2188 598; baseline -0.003 -11"><span class='ocrx_word' id='word_1_19' title='bbox 598 547 717 587; x_wconf 86' lang='lat' dir='ltr'><strong>sam</strong></span> <span class='ocrx_word' id='word_1_20' title='bbox 771 525 1175 585; x_wconf 75' lang='lat' dir='ltr'><strong>confessionem</strong></span> <span class='ocrx_word' id='word_1_21' title='bbox 1233 544 1330 598; x_wconf 90' lang='lat' dir='ltr'><strong>per</strong></span> <span class='ocrx_word' id='word_1_22' title='bbox 1372 528 1630 583; x_wconf 89' lang='lat' dir='ltr'><strong>eumdem</strong></span> <span class='ocrx_word' id='word_1_23' title='bbox 1676 529 1823 584; x_wconf 89' lang='lat' dir='ltr'><strong>edita</strong></span> <span class='ocrx_word' id='word_1_24' title='bbox 1867 540 2019 584; x_wconf 86' lang='lat' dir='ltr'><strong>sunt.</strong></span> <span class='ocrx_word' id='word_1_25' title='bbox 2068 530 2188 596; x_wconf 82' lang='lat' dir='ltr'><strong>Quo</strong></span> 
     </span>
    </p>
   </div>
   <div class='ocr_carea' id='block_1_7' title="bbox 593 621 2188 683">
    <p class='ocr_par' dir='ltr' id='par_1_7' title="bbox 593 621 2188 683">
     <span class='ocr_line' id='line_1_7' title="bbox 593 621 2188 683; baseline -0.004 -3"><span class='ocrx_word' id='word_1_26' title='bbox 593 625 744 681; x_wconf 88' lang='lat' dir='ltr'><strong>enim</strong></span> <span class='ocrx_word' id='word_1_27' title='bbox 824 622 1151 677; x_wconf 81' lang='lat' dir='ltr'><strong>nobiliorem</strong></span> <span class='ocrx_word' id='word_1_28' title='bbox 1210 621 1662 676; x_wconf 73' lang='lat' dir='ltr'><strong>exercitationem</strong></span> <span class='ocrx_word' id='word_1_29' title='bbox 1708 634 1772 675; x_wconf 90' lang='lat' dir='ltr'><strong>ac</strong></span> <span class='ocrx_word' id='word_1_30' title='bbox 1828 621 1999 676; x_wconf 90' lang='lat' dir='ltr'><strong>vitam</strong></span> <span class='ocrx_word' id='word_1_31' title='bbox 2031 631 2188 683; x_wconf 75' lang='lat' dir='ltr'><strong>antea</strong></span> 
     </span>
    </p>
   </div>
   <div class='ocr_carea' id='block_1_8' title="bbox 600 707 2189 783">
    <p class='ocr_par' dir='ltr' id='par_1_8' title="bbox 600 707 2189 783">
     <span class='ocr_line' id='line_1_8' title="bbox 600 707 2189 783; baseline -0.005 -13"><span class='ocrx_word' id='word_1_32' title='bbox 600 719 809 783; x_wconf 79' lang='lat' dir='ltr'><strong>egerat,</strong></span> <span class='ocrx_word' id='word_1_33' title='bbox 840 726 908 765; x_wconf 90' lang='lat' dir='ltr'><strong>eo</strong></span> <span class='ocrx_word' id='word_1_34' title='bbox 941 710 1116 779; x_wconf 83' lang='lat' dir='ltr'><strong>major</strong></span> <span class='ocrx_word' id='word_1_35' title='bbox 1138 718 1329 780; x_wconf 83' lang='lat' dir='ltr'><strong>postea</strong></span> <span class='ocrx_word' id='word_1_36' title='bbox 1366 709 1539 780; x_wconf 80' lang='lat' dir='ltr'><strong>ipsius</strong></span> <span class='ocrx_word' id='word_1_37' title='bbox 1592 707 1697 763; x_wconf 84' lang='lat' dir='ltr'><strong>fuit</strong></span> <span class='ocrx_word' id='word_1_38' title='bbox 1726 709 1935 780; x_wconf 89' lang='lat' dir='ltr'><strong>lapsus.</strong></span> <span class='ocrx_word' id='word_1_39' title='bbox 1969 709 2189 775; x_wconf 80' lang='lat' dir='ltr'><strong>Quanto</strong></span> 
     </span>
    </p>
   </div>
   <div class='ocr_carea' id='block_1_9' title="bbox 595 800 2187 873">
    <p class='ocr_par' dir='ltr' id='par_1_9' title="bbox 595 800 2187 873">
     <span class='ocr_line' id='line_1_9' title="bbox 595 800 2187 873; baseline -0.003 -15"><span class='ocrx_word' id='word_1_40' title='bbox 595 814 780 859; x_wconf 83' lang='lat' dir='ltr'><strong>autem</strong></span> <span class='ocrx_word' id='word_1_41' title='bbox 818 803 1038 873; x_wconf 80' lang='lat' dir='ltr'><strong>gravior</strong></span> <span class='ocrx_word' id='word_1_42' title='bbox 1067 801 1176 856; x_wconf 80' lang='lat' dir='ltr'><strong>fuit</strong></span> <span class='ocrx_word' id='word_1_43' title='bbox 1207 802 1419 872; x_wconf 86' lang='lat' dir='ltr'><strong>lapsus,</strong></span> <span class='ocrx_word' id='word_1_44' title='bbox 1472 814 1541 855; x_wconf 91' lang='lat' dir='ltr'><strong>eo</strong></span> <span class='ocrx_word' id='word_1_45' title='bbox 1575 801 1752 873; x_wconf 85' lang='lat' dir='ltr'><strong>major</strong></span> <span class='ocrx_word' id='word_1_46' title='bbox 1785 808 1975 871; x_wconf 91' lang='lat' dir='ltr'><strong>postea</strong></span> <span class='ocrx_word' id='word_1_47' title='bbox 2015 800 2187 871; x_wconf 87' lang='lat' dir='ltr'><strong>ipsius</strong></span> 
     </span>
    </p>
   </div>
   <div class='ocr_carea' id='block_1_10' title="bbox 602 892 1155 947">
    <p class='ocr_par' dir='ltr' id='par_1_10' title="bbox 602 892 1155 947">
     <span class='ocr_line' id='line_1_10' title="bbox 602 892 1155 947; baseline -0.002 0"><span class='ocrx_word' id='word_1_48' title='bbox 602 893 708 947; x_wconf 80' lang='lat' dir='ltr'><strong>fuit</strong></span> <span class='ocrx_word' id='word_1_49' title='bbox 732 902 787 947; x_wconf 88' lang='lat' dir='ltr'><strong>et</strong></span> <span class='ocrx_word' id='word_1_50' title='bbox 816 892 1155 946; x_wconf 74' lang='lat' dir='ltr'><strong>emendatio.</strong></span> 
     </span>
    </p>
   </div>
   <div class='ocr_carea' id='block_1_11' title="bbox 667 982 2183 1055">
    <p class='ocr_par' dir='ltr' id='par_1_11' title="bbox 667 982 2183 1055">
     <span class='ocr_line' id='line_1_11' title="bbox 667 982 2183 1055; baseline -0.003 -16"><span class='ocrx_word' id='word_1_51' title='bbox 667 984 806 1040; x_wconf 81' lang='lat' dir='ltr'><strong>XIV.</strong></span> <span class='ocrx_word' id='word_1_52' title='bbox 843 985 939 1039; x_wconf 90' lang='lat' dir='ltr'><strong>Ille</strong></span> <span class='ocrx_word' id='word_1_53' title='bbox 971 983 1120 1055; x_wconf 71' lang='lat' dir='ltr'><strong>enim</strong></span> <span class='ocrx_word' id='word_1_54' title='bbox 1151 983 1425 1053; x_wconf 87' lang='lat' dir='ltr'><strong>pessimus</strong></span> <span class='ocrx_word' id='word_1_55' title='bbox 1454 991 1510 1037; x_wconf 93' lang='lat' dir='ltr'><strong>et</strong></span> <span class='ocrx_word' id='word_1_56' title='bbox 1532 983 1737 1053; x_wconf 89' lang='lat' dir='ltr'><strong>impius</strong></span> <span class='ocrx_word' id='word_1_57' title='bbox 1772 982 1869 1037; x_wconf 91' lang='lat' dir='ltr'><strong>Dei</strong></span> <span class='ocrx_word' id='word_1_58' title='bbox 1898 996 2183 1037; x_wconf 89' lang='lat' dir='ltr'><strong>servorum</strong></span> 
     </span>
    </p>
   </div>
   <div class='ocr_carea' id='block_1_12' title="bbox 598 1074 2183 1146">
    <p class='ocr_par' dir='ltr' id='par_1_12' title="bbox 598 1074 2183 1146">
     <span class='ocr_line' id='line_1_12' title="bbox 598 1074 2183 1146; baseline -0.003 -14"><span class='ocrx_word' id='word_1_59' title='bbox 598 1078 881 1140; x_wconf 82' lang='lat' dir='ltr'><strong>inimicus,</strong></span> <span class='ocrx_word' id='word_1_60' title='bbox 918 1092 1041 1130; x_wconf 92' lang='lat' dir='ltr'><strong>eum</strong></span> <span class='ocrx_word' id='word_1_61' title='bbox 1068 1076 1327 1146; x_wconf 79' lang='lat' dir='ltr'><strong>puellam,</strong></span> <span class='ocrx_word' id='word_1_62' title='bbox 1353 1091 1476 1145; x_wconf 74' lang='lat' dir='ltr'><strong>quae</strong></span> <span class='ocrx_word' id='word_1_63' title='bbox 1496 1085 1686 1129; x_wconf 89' lang='lat' dir='ltr'><strong>curata</strong></span> <span class='ocrx_word' id='word_1_64' title='bbox 1713 1074 1913 1140; x_wconf 84' lang='lat' dir='ltr'><strong>fuerat,</strong></span> <span class='ocrx_word' id='word_1_65' title='bbox 1950 1075 2064 1128; x_wconf 90' lang='lat' dir='ltr'><strong>illic</strong></span> <span class='ocrx_word' id='word_1_66' title='bbox 2090 1089 2183 1129; x_wconf 87' lang='lat' dir='ltr'><strong>so-</strong></span> 
     </span>
    </p>
   </div>
   <div class='ocr_carea' id='block_1_13' title="bbox 600 1166 2185 1228">
    <p class='ocr_par' dir='ltr' id='par_1_13' title="bbox 600 1166 2185 1228">
     <span class='ocr_line' id='line_1_13' title="bbox 600 1166 2185 1228; baseline -0.003 -5"><span class='ocrx_word' id='word_1_67' title='bbox 600 1170 709 1223; x_wconf 86' lang='lat' dir='ltr'><strong>lam</strong></span> <span class='ocrx_word' id='word_1_68' title='bbox 745 1183 870 1221; x_wconf 82' lang='lat' dir='ltr'><strong>rum</strong></span> <span class='ocrx_word' id='word_1_69' title='bbox 908 1168 1026 1221; x_wconf 89' lang='lat' dir='ltr'><strong>solo</strong></span> <span class='ocrx_word' id='word_1_70' title='bbox 1079 1168 1327 1221; x_wconf 84' lang='lat' dir='ltr'><strong>relictam</strong></span> <span class='ocrx_word' id='word_1_71' title='bbox 1387 1166 1635 1228; x_wconf 88' lang='lat' dir='ltr'><strong>vidisset,</strong></span> <span class='ocrx_word' id='word_1_72' title='bbox 1685 1175 1743 1220; x_wconf 92' lang='lat' dir='ltr'><strong>et</strong></span> <span class='ocrx_word' id='word_1_73' title='bbox 1793 1166 1944 1220; x_wconf 91' lang='lat' dir='ltr'><strong>velut</strong></span> <span class='ocrx_word' id='word_1_74' title='bbox 1997 1181 2185 1221; x_wconf 87' lang='lat' dir='ltr'><strong>ansam</strong></span> 
     </span>
    </p>
   </div>
   <div class='ocr_carea' id='block_1_14' title="bbox 600 1255 2183 1328">
    <p class='ocr_par' dir='ltr' id='par_1_14' title="bbox 600 1255 2183 1328">
     <span class='ocr_line' id='line_1_14' title="bbox 600 1255 2183 1328; baseline -0.003 -16"><span class='ocrx_word' id='word_1_75' title='bbox 600 1258 897 1328; x_wconf 90' lang='lat' dir='ltr'><strong>quamdam</strong></span> <span class='ocrx_word' id='word_1_76' title='bbox 930 1258 1197 1312; x_wconf 84' lang='lat' dir='ltr'><strong>adversus</strong></span> <span class='ocrx_word' id='word_1_77' title='bbox 1243 1259 1454 1327; x_wconf 90' lang='lat' dir='ltr'><strong>justum</strong></span> <span class='ocrx_word' id='word_1_78' title='bbox 1500 1255 1780 1311; x_wconf 86' lang='lat' dir='ltr'><strong>hominem</strong></span> <span class='ocrx_word' id='word_1_79' title='bbox 1835 1255 2183 1325; x_wconf 85' lang='lat' dir='ltr'><strong>arripuisset,</strong></span> 
     </span>
    </p>
   </div>
   <div class='ocr_carea' id='block_1_15' title="bbox 598 1348 2185 1417">
    <p class='ocr_par' dir='ltr' id='par_1_15' title="bbox 598 1348 2185 1417">
     <span class='ocr_line' id='line_1_15' title="bbox 598 1348 2185 1417; baseline -0.002 -13"><span class='ocrx_word' id='word_1_80' title='bbox 598 1349 957 1404; x_wconf 77' lang='lat' dir='ltr'><strong>libidinosum</strong></span> <span class='ocrx_word' id='word_1_81' title='bbox 981 1348 1235 1417; x_wconf 87' lang='lat' dir='ltr'><strong>spiritum</strong></span> <span class='ocrx_word' id='word_1_82' title='bbox 1267 1348 1320 1401; x_wconf 89' lang='lat' dir='ltr'><strong>in</strong></span> <span class='ocrx_word' id='word_1_83' title='bbox 1350 1363 1475 1401; x_wconf 92' lang='lat' dir='ltr'><strong>eum</strong></span> <span class='ocrx_word' id='word_1_84' title='bbox 1532 1348 1764 1402; x_wconf 84' lang='lat' dir='ltr'><strong>immisit</strong></span> <span class='ocrx_word' id='word_1_85' title='bbox 1798 1364 1811 1400; x_wconf 89' lang='lat'><strong>:</strong></span> <span class='ocrx_word' id='word_1_86' title='bbox 1843 1349 1935 1417; x_wconf 91' lang='lat' dir='ltr'><strong>qui</strong></span> <span class='ocrx_word' id='word_1_87' title='bbox 1996 1355 2185 1401; x_wconf 88' lang='lat' dir='ltr'><strong>tanto-</strong></span> 
     </span>
    </p>
   </div>
   <div class='ocr_carea' id='block_1_16' title="bbox 602 1434 2189 1509">
    <p class='ocr_par' dir='ltr' id='par_1_16' title="bbox 602 1434 2189 1509">
     <span class='ocr_line' id='line_1_16' title="bbox 602 1434 2189 1509; baseline 0 -17"><span class='ocrx_word' id='word_1_88' title='bbox 602 1453 737 1509; x_wconf 83' lang='lat' dir='ltr'><strong>pere</strong></span> <span class='ocrx_word' id='word_1_89' title='bbox 780 1438 956 1508; x_wconf 87' lang='lat' dir='ltr'><strong>ipsum</strong></span> <span class='ocrx_word' id='word_1_90' title='bbox 994 1438 1224 1492; x_wconf 88' lang='lat' dir='ltr'><strong>adortus</strong></span> <span class='ocrx_word' id='word_1_91' title='bbox 1253 1447 1356 1500; x_wconf 88' lang='lat' dir='ltr'><strong>est,</strong></span> <span class='ocrx_word' id='word_1_92' title='bbox 1398 1448 1457 1492; x_wconf 91' lang='lat' dir='ltr'><strong>nt</strong></span> <span class='ocrx_word' id='word_1_93' title='bbox 1494 1438 1587 1507; x_wconf 88' lang='lat' dir='ltr'><strong>qui</strong></span> <span class='ocrx_word' id='word_1_94' title='bbox 1633 1438 2047 1493; x_wconf 84' lang='lat' dir='ltr'><strong>exercitationis</strong></span> <span class='ocrx_word' id='word_1_95' title='bbox 2080 1434 2189 1492; x_wconf 87' lang='lat' dir='ltr'><strong>ini-</strong></span> 
     </span>
    </p>
   </div>
   <div class='ocr_carea' id='block_1_17' title="bbox 602 1530 2185 1601">
    <p class='ocr_par' dir='ltr' id='par_1_17' title="bbox 602 1530 2185 1601">
     <span class='ocr_line' id='line_1_17' title="bbox 602 1530 2185 1601; baseline 0 -18"><span class='ocrx_word' id='word_1_96' title='bbox 602 1532 703 1593; x_wconf 89' lang='lat' dir='ltr'><strong>tio,</strong></span> <span class='ocrx_word' id='word_1_97' title='bbox 745 1546 855 1598; x_wconf 91' lang='lat' dir='ltr'><strong>quo</strong></span> <span class='ocrx_word' id='word_1_98' title='bbox 903 1542 1150 1600; x_wconf 90' lang='lat' dir='ltr'><strong>tempore</strong></span> <span class='ocrx_word' id='word_1_99' title='bbox 1201 1530 1495 1599; x_wconf 88' lang='lat' dir='ltr'><strong>impiorum</strong></span> <span class='ocrx_word' id='word_1_100' title='bbox 1563 1530 1959 1585; x_wconf 77' lang='lat' dir='ltr'><strong>Samaritarum</strong></span> <span class='ocrx_word' id='word_1_101' title='bbox 2003 1531 2185 1601; x_wconf 84' lang='lat' dir='ltr'><strong>laquei</strong></span> 
     </span>
    </p>
   </div>
   <div class='ocr_carea' id='block_1_18' title="bbox 600 1621 2184 1691">
    <p class='ocr_par' dir='ltr' id='par_1_18' title="bbox 600 1621 2184 1691">
     <span class='ocr_line' id='line_1_18' title="bbox 600 1621 2184 1691; baseline 0.001 -18"><span class='ocrx_word' id='word_1_102' title='bbox 600 1638 700 1691; x_wconf 85' lang='lat' dir='ltr'><strong>per</strong></span> <span class='ocrx_word' id='word_1_103' title='bbox 725 1622 1013 1675; x_wconf 85' lang='lat' dir='ltr'><strong>mulierem</strong></span> <span class='ocrx_word' id='word_1_104' title='bbox 1035 1662 1048 1685; x_wconf 92' lang='lat'><strong>,</strong></span> <span class='ocrx_word' id='word_1_105' title='bbox 1083 1637 1247 1691; x_wconf 88' lang='lat' dir='ltr'><strong>quam</strong></span> <span class='ocrx_word' id='word_1_106' title='bbox 1277 1622 1710 1691; x_wconf 81' lang='lat' dir='ltr'><strong>supradiximus,</strong></span> <span class='ocrx_word' id='word_1_107' title='bbox 1736 1622 1910 1691; x_wconf 88' lang='lat' dir='ltr'><strong>parati</strong></span> <span class='ocrx_word' id='word_1_108' title='bbox 1943 1621 2184 1685; x_wconf 83' lang='lat' dir='ltr'><strong>fuerant,</strong></span> 
     </span>
    </p>
   </div>
   <div class='ocr_carea' id='block_1_19' title="bbox 599 1713 2188 1783">
    <p class='ocr_par' dir='ltr' id='par_1_19' title="bbox 599 1713 2188 1783">
     <span class='ocr_line' id='line_1_19' title="bbox 599 1713 2188 1783; baseline -0.001 -16"><span class='ocrx_word' id='word_1_109' title='bbox 599 1727 867 1783; x_wconf 85' lang='lat' dir='ltr'><strong>generoso</strong></span> <span class='ocrx_word' id='word_1_110' title='bbox 891 1722 946 1766; x_wconf 90' lang='lat' dir='ltr'><strong>et</strong></span> <span class='ocrx_word' id='word_1_111' title='bbox 973 1713 1101 1767; x_wconf 81' lang='lat' dir='ltr'><strong>forti</strong></span> <span class='ocrx_word' id='word_1_112' title='bbox 1136 1714 1321 1768; x_wconf 89' lang='lat' dir='ltr'><strong>animo</strong></span> <span class='ocrx_word' id='word_1_113' title='bbox 1356 1714 1677 1778; x_wconf 80' lang='lat' dir='ltr'><strong>restiterat;</strong></span> <span class='ocrx_word' id='word_1_114' title='bbox 1728 1714 1932 1783; x_wconf 88' lang='lat' dir='ltr'><strong>quippe</strong></span> <span class='ocrx_word' id='word_1_115' title='bbox 1974 1723 2032 1768; x_wconf 90' lang='lat' dir='ltr'><strong>ut</strong></span> <span class='ocrx_word' id='word_1_116' title='bbox 2066 1714 2188 1767; x_wconf 90' lang='lat' dir='ltr'><strong>dia-</strong></span> 
     </span>
    </p>
   </div>
   <div class='ocr_carea' id='block_1_20' title="bbox 2297 532 3847 606">
    <p class='ocr_par' dir='ltr' id='par_1_20' title="bbox 2297 532 3847 606">
     <span class='ocr_line' id='line_1_20' title="bbox 2297 532 3847 606; baseline 0.002 -18"><span class='ocrx_word' id='word_1_117' title='bbox 2297 533 2565 603; x_wconf 72' lang='grc' dir='ltr'><strong>ϐάλλοντα¹</strong></span> <span class='ocrx_word' id='word_1_118' title='bbox 2601 535 2669 587; x_wconf 81' lang='grc' dir='ltr'><strong>τὰ</strong></span> <span class='ocrx_word' id='word_1_119' title='bbox 2703 532 2982 603; x_wconf 85' lang='grc' dir='ltr'>θαύματα.</span> <span class='ocrx_word' id='word_1_120' title='bbox 3019 535 3169 604; x_wconf 80' lang='grc' dir='ltr'><strong>Ὀσῳ</strong></span> <span class='ocrx_word' id='word_1_121' title='bbox 3217 535 3325 606; x_wconf 83' lang='grc' dir='ltr'><strong>γὰρ</strong></span> <span class='ocrx_word' id='word_1_122' title='bbox 3375 535 3619 604; x_wconf 73' lang='grc' dir='ltr'>μεγάλην</span> <span class='ocrx_word' id='word_1_123' title='bbox 3644 536 3847 606; x_wconf 78' lang='grc' dir='ltr'>ἄσκησιν</span> 
     </span>
    </p>
   </div>
   <div class='ocr_carea' id='block_1_21' title="bbox 2294 623 3845 698">
    <p class='ocr_par' dir='ltr' id='par_1_21' title="bbox 2294 623 3845 698">
     <span class='ocr_line' id='line_1_21' title="bbox 2294 623 3845 698; baseline 0.003 -19"><span class='ocrx_word' id='word_1_124' title='bbox 2294 626 2392 679; x_wconf 82' lang='grc' dir='ltr'>καὶ</span> <span class='ocrx_word' id='word_1_125' title='bbox 2416 624 2698 678; x_wconf 77' lang='grc' dir='ltr'><strong>πολιτείαν</strong></span> <span class='ocrx_word' id='word_1_126' title='bbox 2732 623 2794 677; x_wconf 79' lang='grc' dir='ltr'>τὸ</span> <span class='ocrx_word' id='word_1_127' title='bbox 2830 626 3097 694; x_wconf 86' lang='grc' dir='ltr'>πρότερον</span> <span class='ocrx_word' id='word_1_128' title='bbox 3124 625 3463 690; x_wconf 79' lang='grc' dir='ltr'>ἐπεδείξατο,</span> <span class='ocrx_word' id='word_1_129' title='bbox 3489 628 3731 681; x_wconf 69' lang='grc' dir='ltr'>τοσοῦτον</span> <span class='ocrx_word' id='word_1_130' title='bbox 3761 648 3845 698; x_wconf 61' lang='lat' dir='ltr'><strong>pec</strong></span> 
     </span>
    </p>
   </div>
   <div class='ocr_carea' id='block_1_22' title="bbox 2292 714 3851 784">
    <p class='ocr_par' dir='ltr' id='par_1_22' title="bbox 2292 714 3851 784">
     <span class='ocr_line' id='line_1_22' title="bbox 2292 714 3851 784; baseline 0.001 -16"><span class='ocrx_word' id='word_1_131' title='bbox 2292 714 2474 783; x_wconf 84' lang='grc' dir='ltr'>γὰλως</span> <span class='ocrx_word' id='word_1_132' title='bbox 2500 714 2763 778; x_wconf 80' lang='grc' dir='ltr'>ἐξέπεσεν</span> <span class='ocrx_word' id='word_1_133' title='bbox 2785 730 2798 744; x_wconf 77' lang='grc' dir='ltr'><strong><em>ο</em></strong></span> <span class='ocrx_word' id='word_1_134' title='bbox 2826 715 2920 767; x_wconf 74' lang='grc' dir='ltr'>καὶ</span> <span class='ocrx_word' id='word_1_135' title='bbox 2949 714 3172 784; x_wconf 80' lang='grc' dir='ltr'>ὅσῳπερ</span> <span class='ocrx_word' id='word_1_136' title='bbox 3207 715 3348 783; x_wconf 79' lang='grc' dir='ltr'>μέγα</span> <span class='ocrx_word' id='word_1_137' title='bbox 3376 714 3600 782; x_wconf 79' lang='grc' dir='ltr'>πτῶμα,</span> <span class='ocrx_word' id='word_1_138' title='bbox 3626 716 3851 771; x_wconf 79' lang='grc' dir='ltr'>τοσοῦτον</span> 
     </span>
    </p>
   </div>
   <div class='ocr_carea' id='block_1_23' title="bbox 2294 805 3541 876">
    <p class='ocr_par' dir='ltr' id='par_1_23' title="bbox 2294 805 3541 876">
     <span class='ocr_line' id='line_1_23' title="bbox 2294 805 3541 876; baseline 0 -19"><span class='ocrx_word' id='word_1_139' title='bbox 2294 807 2501 875; x_wconf 80' lang='grc' dir='ltr'>μείζων</span> <span class='ocrx_word' id='word_1_140' title='bbox 2538 806 2658 876; x_wconf 85' lang='grc' dir='ltr'>μετ’</span> <span class='ocrx_word' id='word_1_141' title='bbox 2683 805 2852 860; x_wconf 57' lang='grc' dir='ltr'>αὐτοῦ</span> <span class='ocrx_word' id='word_1_142' title='bbox 2884 805 3260 875; x_wconf 70' lang='grc' dir='ltr'><strong>ἐπανόρθωσις</strong></span> <span class='ocrx_word' id='word_1_143' title='bbox 3290 805 3541 872; x_wconf 77' lang='grc' dir='ltr'>γέγονεν.</span> 
     </span>
    </p>
   </div>
   <div class='ocr_carea' id='block_1_24' title="bbox 2361 976 3893 1050">
    <p class='ocr_par' dir='ltr' id='par_1_24' title="bbox 2361 976 3893 1050">
     <span class='ocr_line' id='line_1_24' title="bbox 2361 976 3893 1050; baseline -0.006 -18"><span class='ocrx_word' id='word_1_144' title='bbox 2361 980 2460 1033; x_wconf 77' lang='lat' dir='ltr'><strong>IA&#39;.</strong></span> <span class='ocrx_word' id='word_1_145' title='bbox 2502 978 2565 1033; x_wconf 87' lang='grc' dir='ltr'>Ὀ</span> <span class='ocrx_word' id='word_1_146' title='bbox 2587 980 2696 1049; x_wconf 77' lang='grc' dir='ltr'>γὰρ</span> <span class='ocrx_word' id='word_1_147' title='bbox 2728 978 3107 1045; x_wconf 74' lang='grc' dir='ltr'><strong>παγκάκιστος</strong></span> <span class='ocrx_word' id='word_1_148' title='bbox 3132 977 3227 1029; x_wconf 73' lang='grc' dir='ltr'><strong>καὶ</strong></span> <span class='ocrx_word' id='word_1_149' title='bbox 3254 976 3528 1047; x_wconf 76' lang='grc' dir='ltr'>δυσσεϐὴς</span> <span class='ocrx_word' id='word_1_150' title='bbox 3560 979 3739 1050; x_wconf 72' lang='grc' dir='ltr'>ἐχθρὸς</span> <span class='ocrx_word' id='word_1_151' title='bbox 3759 983 3850 1034; x_wconf 55' lang='grc' dir='ltr'><strong>τῆν</strong></span> <span class='ocrx_word' id='word_1_152' title='bbox 3884 978 3893 986; x_wconf 88' lang='grc'><strong><em>“</em></strong></span> 
     </span>
    </p>
   </div>
   <div class='ocr_carea' id='block_1_25' title="bbox 2288 1071 3850 1142">
    <p class='ocr_par' dir='ltr' id='par_1_25' title="bbox 2288 1071 3850 1142">
     <span class='ocr_line' id='line_1_25' title="bbox 2288 1071 3850 1142; baseline 0 -16"><span class='ocrx_word' id='word_1_153' title='bbox 2288 1072 2384 1126; x_wconf 79' lang='grc' dir='ltr'>τοῦ</span> <span class='ocrx_word' id='word_1_154' title='bbox 2413 1073 2548 1126; x_wconf 83' lang='grc' dir='ltr'><strong>Θεοῦ</strong></span> <span class='ocrx_word' id='word_1_155' title='bbox 2583 1073 2808 1136; x_wconf 85' lang='grc' dir='ltr'>δούλων,</span> <span class='ocrx_word' id='word_1_156' title='bbox 2848 1071 2970 1125; x_wconf 80' lang='grc' dir='ltr'>ίδὼν</span> <span class='ocrx_word' id='word_1_157' title='bbox 3014 1071 3111 1142; x_wconf 79' lang='grc' dir='ltr'>τὴν</span> <span class='ocrx_word' id='word_1_158' title='bbox 3167 1071 3415 1125; x_wconf 84' lang='grc' dir='ltr'>ίαθεῖσαν</span> <span class='ocrx_word' id='word_1_159' title='bbox 3472 1074 3658 1140; x_wconf 72' lang='grc' dir='ltr'>κόρην,</span> <span class='ocrx_word' id='word_1_160' title='bbox 3691 1075 3850 1126; x_wconf 79' lang='grc' dir='ltr'><strong>αὐτόθι</strong></span> 
     </span>
    </p>
   </div>
   <div class='ocr_carea' id='block_1_26' title="bbox 2293 1164 3849 1236">
    <p class='ocr_par' dir='ltr' id='par_1_26' title="bbox 2293 1164 3849 1236">
     <span class='ocr_line' id='line_1_26' title="bbox 2293 1164 3849 1236; baseline 0 -19"><span class='ocrx_word' id='word_1_161' title='bbox 2293 1166 2462 1236; x_wconf 87' lang='grc' dir='ltr'>μόνην</span> <span class='ocrx_word' id='word_1_162' title='bbox 2495 1165 2631 1235; x_wconf 61' lang='grc' dir='ltr'><strong>πρὸς</strong></span> <span class='ocrx_word' id='word_1_163' title='bbox 2660 1166 2821 1234; x_wconf 83' lang='grc' dir='ltr'>μόνον</span> <span class='ocrx_word' id='word_1_164' title='bbox 2852 1164 3315 1232; x_wconf 60' lang='grc' dir='ltr'><strong>καταληφθεῖσαν,</strong></span> <span class='ocrx_word' id='word_1_165' title='bbox 3353 1165 3452 1217; x_wconf 71' lang='grc' dir='ltr'><strong>καὶ</strong></span> <span class='ocrx_word' id='word_1_166' title='bbox 3487 1164 3658 1236; x_wconf 70' lang='grc' dir='ltr'>λαϐὴν</span> <span class='ocrx_word' id='word_1_167' title='bbox 3685 1165 3849 1235; x_wconf 75' lang='grc' dir='ltr'>ὥσπερ</span> 
     </span>
    </p>
   </div>
   <div class='ocr_carea' id='block_1_27' title="bbox 2288 1256 3850 1327">
    <p class='ocr_par' dir='ltr' id='par_1_27' title="bbox 2288 1256 3850 1327">
     <span class='ocr_line' id='line_1_27' title="bbox 2288 1256 3850 1327; baseline 0.001 -19"><span class='ocrx_word' id='word_1_168' title='bbox 2288 1256 2412 1309; x_wconf 78' lang='grc' dir='ltr'>τινὰ</span> <span class='ocrx_word' id='word_1_169' title='bbox 2443 1256 2583 1308; x_wconf 80' lang='grc' dir='ltr'>κατὰ</span> <span class='ocrx_word' id='word_1_170' title='bbox 2610 1256 2702 1308; x_wconf 74' lang='grc' dir='ltr'>τοῦ</span> <span class='ocrx_word' id='word_1_171' title='bbox 2736 1257 2948 1309; x_wconf 86' lang='grc' dir='ltr'><strong>δικαίου</strong></span> <span class='ocrx_word' id='word_1_172' title='bbox 2968 1256 3334 1327; x_wconf 75' lang='grc' dir='ltr'>δραξάμενος,</span> <span class='ocrx_word' id='word_1_173' title='bbox 3368 1256 3462 1307; x_wconf 78' lang='grc' dir='ltr'>τὸν</span> <span class='ocrx_word' id='word_1_174' title='bbox 3491 1256 3586 1324; x_wconf 81' lang='grc' dir='ltr'><strong>τῆς</strong></span> <span class='ocrx_word' id='word_1_175' title='bbox 3624 1259 3850 1325; x_wconf 75' lang='grc' dir='ltr'>πορνείας</span> 
     </span>
    </p>
   </div>
   <div class='ocr_carea' id='block_1_28' title="bbox 2289 1346 3850 1418">
    <p class='ocr_par' dir='ltr' id='par_1_28' title="bbox 2289 1346 3850 1418">
     <span class='ocr_line' id='line_1_28' title="bbox 2289 1346 3850 1418; baseline -0.001 -17"><span class='ocrx_word' id='word_1_176' title='bbox 2289 1347 2438 1416; x_wconf 83' lang='grc' dir='ltr'>αὐτῷ</span> <span class='ocrx_word' id='word_1_177' title='bbox 2464 1349 2764 1418; x_wconf 80' lang='grc' dir='ltr'>ἐπαφίησιν</span> <span class='ocrx_word' id='word_1_178' title='bbox 2784 1348 3038 1418; x_wconf 86' lang='grc' dir='ltr'>δαίμονα.</span> <span class='ocrx_word' id='word_1_179' title='bbox 3073 1350 3169 1411; x_wconf 83' lang='grc' dir='ltr'>Ὃς</span> <span class='ocrx_word' id='word_1_180' title='bbox 3202 1348 3297 1401; x_wconf 76' lang='grc' dir='ltr'><strong>ἐπὶ</strong></span> <span class='ocrx_word' id='word_1_181' title='bbox 3337 1346 3595 1400; x_wconf 79' lang='grc' dir='ltr'>τοσοῦτον</span> <span class='ocrx_word' id='word_1_182' title='bbox 3643 1348 3850 1400; x_wconf 83' lang='grc' dir='ltr'>ἐπιτίθε-</span> 
     </span>
    </p>
   </div>
   <div class='ocr_carea' id='block_1_29' title="bbox 2288 1438 3851 1510">
    <p class='ocr_par' dir='ltr' id='par_1_29' title="bbox 2288 1438 3851 1510">
     <span class='ocr_line' id='line_1_29' title="bbox 2288 1438 3851 1510; baseline 0.001 -20"><span class='ocrx_word' id='word_1_183' title='bbox 2288 1456 2400 1500; x_wconf 89' lang='grc' dir='ltr'>ται,</span> <span class='ocrx_word' id='word_1_184' title='bbox 2458 1438 2599 1490; x_wconf 66' lang='grc' dir='ltr'>ὥστε</span> <span class='ocrx_word' id='word_1_185' title='bbox 2653 1439 2745 1491; x_wconf 82' lang='grc' dir='ltr'>τὸν</span> <span class='ocrx_word' id='word_1_186' title='bbox 2789 1438 3038 1491; x_wconf 77' lang='grc' dir='ltr'>τοιοῦτον</span> <span class='ocrx_word' id='word_1_187' title='bbox 3091 1440 3281 1510; x_wconf 83' lang='grc' dir='ltr'>ἄνδρα,</span> <span class='ocrx_word' id='word_1_188' title='bbox 3337 1440 3432 1491; x_wconf 79' lang='grc' dir='ltr'>τὸν</span> <span class='ocrx_word' id='word_1_189' title='bbox 3465 1442 3522 1492; x_wconf 87' lang='grc' dir='ltr'>ἐν</span> <span class='ocrx_word' id='word_1_190' title='bbox 3557 1441 3744 1509; x_wconf 82' lang='grc' dir='ltr'>ἀρχαῖς</span> <span class='ocrx_word' id='word_1_191' title='bbox 3770 1440 3851 1507; x_wconf 64' lang='grc' dir='ltr'>τῆς</span> 
     </span>
    </p>
   </div>
   <div class='ocr_carea' id='block_1_30' title="bbox 2293 1530 3848 1601">
    <p class='ocr_par' dir='ltr' id='par_1_30' title="bbox 2293 1530 3848 1601">
     <span class='ocr_line' id='line_1_30' title="bbox 2293 1530 3848 1601; baseline -0.001 -18"><span class='ocrx_word' id='word_1_192' title='bbox 2293 1532 2605 1599; x_wconf 63' lang='grc' dir='ltr'>ἁσκῇσεως,</span> <span class='ocrx_word' id='word_1_193' title='bbox 2660 1531 2826 1599; x_wconf 81' lang='grc' dir='ltr'>ἡνίκα</span> <span class='ocrx_word' id='word_1_194' title='bbox 2879 1533 3000 1594; x_wconf 80' lang='grc' dir='ltr'>ταῖς</span> <span class='ocrx_word' id='word_1_195' title='bbox 3034 1530 3144 1584; x_wconf 81' lang='grc' dir='ltr'>τῶν</span> <span class='ocrx_word' id='word_1_196' title='bbox 3200 1531 3484 1585; x_wconf 75' lang='grc' dir='ltr'>δυσσείὶὦν</span> <span class='ocrx_word' id='word_1_197' title='bbox 3527 1532 3848 1601; x_wconf 76' lang='grc' dir='ltr'>Σαμαρειτῶν</span> 
     </span>
    </p>
   </div>
   <div class='ocr_carea' id='block_1_31' title="bbox 2291 1619 3848 1691">
    <p class='ocr_par' dir='ltr' id='par_1_31' title="bbox 2291 1619 3848 1691">
     <span class='ocr_line' id='line_1_31' title="bbox 2291 1619 3848 1691; baseline -0.001 -19"><span class='ocrx_word' id='word_1_198' title='bbox 2291 1622 2534 1687; x_wconf 70' lang='grc' dir='ltr'>παγίσιν,</span> <span class='ocrx_word' id='word_1_199' title='bbox 2568 1622 2687 1682; x_wconf 85' lang='grc' dir='ltr'>ταῖς</span> <span class='ocrx_word' id='word_1_200' title='bbox 2710 1619 2799 1672; x_wconf 82' lang='grc' dir='ltr'><strong>διὰ</strong></span> <span class='ocrx_word' id='word_1_201' title='bbox 2824 1620 2922 1689; x_wconf 81' lang='grc' dir='ltr'>τῆς</span> <span class='ocrx_word' id='word_1_202' title='bbox 2960 1620 3222 1691; x_wconf 82' lang='grc' dir='ltr'><strong>ἀνωτέρω</strong></span> <span class='ocrx_word' id='word_1_203' title='bbox 3238 1620 3580 1689; x_wconf 78' lang='grc' dir='ltr'>δηλωθείσης</span> <span class='ocrx_word' id='word_1_204' title='bbox 3605 1621 3848 1685; x_wconf 75' lang='grc' dir='ltr'>γυναικὸς,</span> 
     </span>
    </p>
   </div>
   <div class='ocr_carea' id='block_1_32' title="bbox 2288 1710 3849 1782">
    <p class='ocr_par' dir='ltr' id='par_1_32' title="bbox 2288 1710 3849 1782">
     <span class='ocr_line' id='line_1_32' title="bbox 2288 1710 3849 1782; baseline -0.002 -17"><span class='ocrx_word' id='word_1_205' title='bbox 2288 1710 2552 1780; x_wconf 82' lang='grc' dir='ltr'>γενναίως</span> <span class='ocrx_word' id='word_1_206' title='bbox 2584 1713 3205 1780; x_wconf 80' lang='grc' dir='ltr'>ἁντιστρατευσάμενος,</span> <span class='ocrx_word' id='word_1_207' title='bbox 3229 1713 3324 1766; x_wconf 79' lang='grc' dir='ltr'>τὸν</span> <span class='ocrx_word' id='word_1_208' title='bbox 3355 1711 3605 1782; x_wconf 88' lang='grc' dir='ltr'>καλόμην</span> <span class='ocrx_word' id='word_1_209' title='bbox 3635 1713 3727 1780; x_wconf 73' lang='grc' dir='ltr'>τῆς</span> <span class='ocrx_word' id='word_1_210' title='bbox 3749 1714 3849 1782; x_wconf 65' lang='grc' dir='ltr'>ἀρι-</span> 
     </span>
    </p>
   </div>
   <div class='ocr_carea' id='block_1_33' title="bbox 603 1801 2193 1874">
    <p class='ocr_par' dir='ltr' id='par_1_33' title="bbox 603 1803 2183 1873">
     <span class='ocr_line' id='line_1_33' title="bbox 603 1803 2183 1873; baseline 0.002 -18"><span class='ocrx_word' id='word_1_211' title='bbox 603 1803 789 1857; x_wconf 90' lang='lat' dir='ltr'><strong>bolum</strong></span> <span class='ocrx_word' id='word_1_212' title='bbox 827 1811 1136 1872; x_wconf 85' lang='lat' dir='ltr'><strong>superaret,</strong></span> <span class='ocrx_word' id='word_1_213' title='bbox 1174 1818 1272 1871; x_wconf 77' lang='lat' dir='ltr'><strong>per</strong></span> <span class='ocrx_word' id='word_1_214' title='bbox 1294 1819 1457 1873; x_wconf 91' lang='lat' dir='ltr'><strong>quem</strong></span> <span class='ocrx_word' id='word_1_215' title='bbox 1482 1803 1683 1857; x_wconf 89' lang='lat' dir='ltr'><strong>mulier</strong></span> <span class='ocrx_word' id='word_1_216' title='bbox 1710 1803 1979 1859; x_wconf 87' lang='lat' dir='ltr'><strong>adversus</strong></span> <span class='ocrx_word' id='word_1_217' title='bbox 2004 1804 2183 1873; x_wconf 91' lang='lat' dir='ltr'><strong>ipsum</strong></span> 
     </span>
    </p>
   </div>
   <div class='ocr_carea' id='block_1_34' title="bbox 2291 1801 3849 1874">
    <p class='ocr_par' dir='ltr' id='par_1_34' title="bbox 2291 1803 3849 1874">
     <span class='ocr_line' id='line_1_34' title="bbox 2291 1803 3849 1874; baseline 0 -18"><span class='ocrx_word' id='word_1_218' title='bbox 2291 1805 2487 1873; x_wconf 82' lang='grc' dir='ltr'>στερᾶς</span> <span class='ocrx_word' id='word_1_219' title='bbox 2518 1804 2700 1873; x_wconf 80' lang='grc' dir='ltr'>χειρὸς</span> <span class='ocrx_word' id='word_1_220' title='bbox 2733 1804 3027 1873; x_wconf 80' lang='grc' dir='ltr'>ὑπομεῖναι</span> <span class='ocrx_word' id='word_1_221' title='bbox 3085 1803 3345 1871; x_wconf 85' lang='grc' dir='ltr'>ἐλόμενος</span> <span class='ocrx_word' id='word_1_222' title='bbox 3394 1805 3534 1874; x_wconf 70' lang='grc' dir='ltr'>πρὸς</span> <span class='ocrx_word' id='word_1_223' title='bbox 3587 1805 3849 1856; x_wconf 75' lang='grc' dir='ltr'>κατάλυσιν</span> 
     </span>
    </p>
   </div>
   <div class='ocr_carea' id='block_1_35' title="bbox 600 1893 2190 1966">
    <p class='ocr_par' dir='ltr' id='par_1_35' title="bbox 600 1893 2190 1966">
     <span class='ocr_line' id='line_1_35' title="bbox 600 1893 2190 1966; baseline 0.001 -17"><span class='ocrx_word' id='word_1_224' title='bbox 600 1893 836 1963; x_wconf 85' lang='lat' dir='ltr'><strong>impulsa</strong></span> <span class='ocrx_word' id='word_1_225' title='bbox 870 1894 1070 1957; x_wconf 80' lang='lat' dir='ltr'><strong>fuerat,</strong></span> <span class='ocrx_word' id='word_1_226' title='bbox 1101 1895 1341 1950; x_wconf 63' lang='lat' dir='ltr'><strong>sinistra)</strong></span> <span class='ocrx_word' id='word_1_227' title='bbox 1398 1910 1596 1949; x_wconf 90' lang='lat' dir='ltr'><strong>manus</strong></span> <span class='ocrx_word' id='word_1_228' title='bbox 1635 1896 1906 1966; x_wconf 90' lang='lat' dir='ltr'><strong>jacturam</strong></span> <span class='ocrx_word' id='word_1_229' title='bbox 1944 1895 2190 1965; x_wconf 74' lang='lat' dir='ltr'><strong>perferre</strong></span> 
     </span>
    </p>
   </div>
   <div class='ocr_carea' id='block_1_36' title="bbox 601 1984 2195 2055">
    <p class='ocr_par' dir='ltr' id='par_1_36' title="bbox 601 1984 2195 2055">
     <span class='ocr_line' id='line_1_36' title="bbox 601 1984 2195 2055; baseline 0.003 -19"><span class='ocrx_word' id='word_1_230' title='bbox 601 1985 910 2048; x_wconf 76' lang='lat' dir='ltr'><strong>maluerat;</strong></span> <span class='ocrx_word' id='word_1_231' title='bbox 944 1985 1010 2049; x_wconf 91' lang='lat' dir='ltr'><strong>is,</strong></span> <span class='ocrx_word' id='word_1_232' title='bbox 1045 1984 1292 2055; x_wconf 90' lang='lat' dir='ltr'><strong>inquam,</strong></span> <span class='ocrx_word' id='word_1_233' title='bbox 1351 1986 1434 2039; x_wconf 90' lang='lat' dir='ltr'><strong>vir</strong></span> <span class='ocrx_word' id='word_1_234' title='bbox 1479 1985 1730 2039; x_wconf 86' lang='lat' dir='ltr'><strong>libidinis</strong></span> <span class='ocrx_word' id='word_1_235' title='bbox 1760 1986 1983 2040; x_wconf 90' lang='lat' dir='ltr'><strong>stimulo</strong></span> <span class='ocrx_word' id='word_1_236' title='bbox 2018 1987 2195 2055; x_wconf 86' lang='lat' dir='ltr'><strong>perci-</strong></span> 
     </span>
    </p>
   </div>
   <div class='ocr_carea' id='block_1_37' title="bbox 604 2078 2192 2150">
    <p class='ocr_par' dir='ltr' id='par_1_37' title="bbox 604 2078 2192 2150">
     <span class='ocr_line' id='line_1_37' title="bbox 604 2078 2192 2150; baseline -0.001 -16"><span class='ocrx_word' id='word_1_237' title='bbox 604 2088 715 2143; x_wconf 88' lang='lat' dir='ltr'><strong>tus,</strong></span> <span class='ocrx_word' id='word_1_238' title='bbox 744 2078 918 2133; x_wconf 79' lang='lat' dir='ltr'><strong>divini</strong></span> <span class='ocrx_word' id='word_1_239' title='bbox 953 2079 1168 2133; x_wconf 84' lang='lat' dir='ltr'><strong>timoris</strong></span> <span class='ocrx_word' id='word_1_240' title='bbox 1205 2087 1262 2134; x_wconf 90' lang='lat' dir='ltr'><strong>et</strong></span> <span class='ocrx_word' id='word_1_241' title='bbox 1297 2088 1462 2134; x_wconf 70' lang='lat' dir='ltr'><strong>tanta:</strong></span> <span class='ocrx_word' id='word_1_242' title='bbox 1509 2079 1862 2134; x_wconf 88' lang='lat' dir='ltr'><strong>sanationum</strong></span> <span class='ocrx_word' id='word_1_243' title='bbox 1897 2081 2089 2150; x_wconf 73' lang='lat' dir='ltr'><strong>gratia:</strong></span> <span class='ocrx_word' id='word_1_244' title='bbox 2128 2095 2192 2133; x_wconf 91' lang='lat' dir='ltr'><strong>ac</strong></span> 
     </span>
    </p>
   </div>
   <div class='ocr_carea' id='block_1_38' title="bbox 604 2169 2195 2241">
    <p class='ocr_par' dir='ltr' id='par_1_38' title="bbox 604 2169 2195 2241">
     <span class='ocr_line' id='line_1_38' title="bbox 604 2169 2195 2241; baseline 0 -17"><span class='ocrx_word' id='word_1_245' title='bbox 604 2178 715 2224; x_wconf 86' lang='lat' dir='ltr'><strong>tam</strong></span> <span class='ocrx_word' id='word_1_246' title='bbox 744 2169 1023 2224; x_wconf 73' lang='lat' dir='ltr'><strong>diuturna:</strong></span> <span class='ocrx_word' id='word_1_247' title='bbox 1042 2170 1483 2237; x_wconf 79' lang='lat' dir='ltr'><strong>exercitationis,</strong></span> <span class='ocrx_word' id='word_1_248' title='bbox 1528 2180 1724 2241; x_wconf 88' lang='lat' dir='ltr'><strong>totque</strong></span> <span class='ocrx_word' id='word_1_249' title='bbox 1779 2170 2029 2225; x_wconf 90' lang='lat' dir='ltr'><strong>laborum</strong></span> <span class='ocrx_word' id='word_1_250' title='bbox 2052 2171 2195 2226; x_wconf 90' lang='lat' dir='ltr'><strong>obli-</strong></span> 
     </span>
    </p>
   </div>
   <div class='ocr_carea' id='block_1_39' title="bbox 614 2260 2191 2331">
    <p class='ocr_par' dir='ltr' id='par_1_39' title="bbox 614 2260 2191 2331">
     <span class='ocr_line' id='line_1_39' title="bbox 614 2260 2191 2331; baseline 0.003 -17"><span class='ocrx_word' id='word_1_251' title='bbox 614 2269 706 2315; x_wconf 90' lang='lat' dir='ltr'><strong>tus</strong></span> <span class='ocrx_word' id='word_1_252' title='bbox 742 2260 911 2315; x_wconf 79' lang='lat' dir='ltr'><strong>fuerit</strong></span> <span class='ocrx_word' id='word_1_253' title='bbox 936 2279 950 2327; x_wconf 89' lang='lat'><strong>;</strong></span> <span class='ocrx_word' id='word_1_254' title='bbox 974 2269 1032 2315; x_wconf 90' lang='lat' dir='ltr'><strong>et</strong></span> <span class='ocrx_word' id='word_1_255' title='bbox 1059 2262 1312 2331; x_wconf 78' lang='lat' dir='ltr'><strong>quamvis</strong></span> <span class='ocrx_word' id='word_1_256' title='bbox 1346 2261 1413 2315; x_wconf 88' lang='lat' dir='ltr'><strong>ad</strong></span> <span class='ocrx_word' id='word_1_257' title='bbox 1453 2261 1681 2316; x_wconf 90' lang='lat' dir='ltr'><strong>multam</strong></span> <span class='ocrx_word' id='word_1_258' title='bbox 1716 2270 2060 2318; x_wconf 88' lang='lat' dir='ltr'><strong>senectutem</strong></span> <span class='ocrx_word' id='word_1_259' title='bbox 2098 2278 2191 2318; x_wconf 83' lang='lat' dir='ltr'><strong>vc-</strong></span> 
     </span>
    </p>
   </div>
   <div class='ocr_carea' id='block_1_40' title="bbox 602 2354 2178 2416">
    <p class='ocr_par' dir='ltr' id='par_1_40' title="bbox 602 2354 2178 2416">
     <span class='ocr_line' id='line_1_40' title="bbox 602 2354 2178 2416; baseline 0 -7"><span class='ocrx_word' id='word_1_260' title='bbox 602 2354 798 2416; x_wconf 87' lang='lat' dir='ltr'><strong>nisset,</strong></span> <span class='ocrx_word' id='word_1_261' title='bbox 829 2354 1012 2409; x_wconf 90' lang='lat' dir='ltr'><strong>vietus</strong></span> <span class='ocrx_word' id='word_1_262' title='bbox 1059 2363 1240 2410; x_wconf 91' lang='lat' dir='ltr'><strong>tamen</strong></span> <span class='ocrx_word' id='word_1_263' title='bbox 1287 2355 1523 2409; x_wconf 73' lang='lat' dir='ltr'><strong>dmmoni</strong></span> <span class='ocrx_word' id='word_1_264' title='bbox 1577 2355 1935 2410; x_wconf 80' lang='lat' dir='ltr'><strong>succubuerit</strong></span> <span class='ocrx_word' id='word_1_265' title='bbox 1971 2374 1984 2408; x_wconf 90' lang='lat'><strong>:</strong></span> <span class='ocrx_word' id='word_1_266' title='bbox 2016 2364 2072 2409; x_wconf 92' lang='lat' dir='ltr'><strong>et</strong></span> <span class='ocrx_word' id='word_1_267' title='bbox 2122 2356 2178 2409; x_wconf 90' lang='lat' dir='ltr'><strong>in</strong></span> 
     </span>
    </p>
   </div>
   <div class='ocr_carea' id='block_1_41' title="bbox 602 2447 2193 2518">
    <p class='ocr_par' dir='ltr' id='par_1_41' title="bbox 602 2447 2193 2518">
     <span class='ocr_line' id='line_1_41' title="bbox 602 2447 2193 2518; baseline 0.001 -18"><span class='ocrx_word' id='word_1_268' title='bbox 602 2460 734 2500; x_wconf 90' lang='lat' dir='ltr'><strong>eum</strong></span> <span class='ocrx_word' id='word_1_269' title='bbox 770 2447 973 2510; x_wconf 92' lang='lat' dir='ltr'><strong>locum,</strong></span> <span class='ocrx_word' id='word_1_270' title='bbox 1002 2448 1093 2515; x_wconf 92' lang='lat' dir='ltr'><strong>qui</strong></span> <span class='ocrx_word' id='word_1_271' title='bbox 1143 2454 1272 2502; x_wconf 88' lang='lat' dir='ltr'><strong>ante</strong></span> <span class='ocrx_word' id='word_1_272' title='bbox 1304 2448 1498 2502; x_wconf 91' lang='lat' dir='ltr'><strong>cellam</strong></span> <span class='ocrx_word' id='word_1_273' title='bbox 1553 2456 1695 2513; x_wconf 87' lang='lat' dir='ltr'><strong>erat,</strong></span> <span class='ocrx_word' id='word_1_274' title='bbox 1733 2464 2011 2518; x_wconf 87' lang='lat' dir='ltr'><strong>egressus,</strong></span> <span class='ocrx_word' id='word_1_275' title='bbox 2034 2448 2193 2517; x_wconf 90' lang='lat' dir='ltr'><strong>puel-</strong></span> 
     </span>
    </p>
   </div>
   <div class='ocr_carea' id='block_1_42' title="bbox 605 2536 2191 2610">
    <p class='ocr_par' dir='ltr' id='par_1_42' title="bbox 605 2536 2191 2610">
     <span class='ocr_line' id='line_1_42' title="bbox 605 2536 2191 2610; baseline 0.002 -19"><span class='ocrx_word' id='word_1_276' title='bbox 605 2536 715 2591; x_wconf 83' lang='lat' dir='ltr'><strong>lam</strong></span> <span class='ocrx_word' id='word_1_277' title='bbox 754 2537 948 2606; x_wconf 89' lang='lat' dir='ltr'><strong>.ipsam</strong></span> <span class='ocrx_word' id='word_1_278' title='bbox 984 2537 1283 2605; x_wconf 85' lang='lat' dir='ltr'><strong>vitiaverit,</strong></span> <span class='ocrx_word' id='word_1_279' title='bbox 1315 2547 1371 2594; x_wconf 91' lang='lat' dir='ltr'><strong>et</strong></span> <span class='ocrx_word' id='word_1_280' title='bbox 1414 2539 1717 2610; x_wconf 82' lang='lat' dir='ltr'><strong>impietatis</strong></span> <span class='ocrx_word' id='word_1_281' title='bbox 1753 2556 1913 2595; x_wconf 85' lang='lat' dir='ltr'><strong>coeno</strong></span> <span class='ocrx_word' id='word_1_282' title='bbox 1947 2540 2191 2610; x_wconf 89' lang='lat' dir='ltr'><strong>seipsum</strong></span> 
     </span>
    </p>
   </div>
   <div class='ocr_carea' id='block_1_43' title="bbox 598 2627 1046 2683">
    <p class='ocr_par' dir='ltr' id='par_1_43' title="bbox 598 2627 1046 2683">
     <span class='ocr_line' id='line_1_43' title="bbox 598 2627 1046 2683; baseline 0.007 -3"><span class='ocrx_word' id='word_1_283' title='bbox 598 2627 1046 2683; x_wconf 78' lang='lat' dir='ltr'><strong>commacularit.</strong></span> 
     </span>
    </p>
   </div>
   <div class='ocr_carea' id='block_1_44' title="bbox 673 2714 2188 2789">
    <p class='ocr_par' dir='ltr' id='par_1_44' title="bbox 673 2714 2188 2789">
     <span class='ocr_line' id='line_1_44' title="bbox 673 2714 2188 2789; baseline 0.003 -19"><span class='ocrx_word' id='word_1_284' title='bbox 673 2714 787 2772; x_wconf 82' lang='lat' dir='ltr'><strong>XV.</strong></span> <span class='ocrx_word' id='word_1_285' title='bbox 814 2716 1024 2772; x_wconf 84' lang='lat' dir='ltr'><strong>Deinde</strong></span> <span class='ocrx_word' id='word_1_286' title='bbox 1048 2732 1202 2781; x_wconf 89' lang='lat' dir='ltr'><strong>vero,</strong></span> <span class='ocrx_word' id='word_1_287' title='bbox 1229 2726 1490 2788; x_wconf 88' lang='lat' dir='ltr'><strong>tanquam</strong></span> <span class='ocrx_word' id='word_1_288' title='bbox 1517 2718 1836 2789; x_wconf 85' lang='lat' dir='ltr'><strong>primordiis</strong></span> <span class='ocrx_word' id='word_1_289' title='bbox 1857 2719 2188 2789; x_wconf 89' lang='lat' dir='ltr'><strong>quibusdam</strong></span> 
     </span>
    </p>
   </div>
   <div class='ocr_carea' id='block_1_45' title="bbox 603 2806 2195 2878">
    <p class='ocr_par' dir='ltr' id='par_1_45' title="bbox 603 2806 2195 2878">
     <span class='ocr_line' id='line_1_45' title="bbox 603 2806 2195 2878; baseline 0.001 -16"><span class='ocrx_word' id='word_1_290' title='bbox 603 2806 840 2863; x_wconf 69' lang='lat' dir='ltr'><strong>dmmoni</strong></span> <span class='ocrx_word' id='word_1_291' title='bbox 877 2808 1097 2874; x_wconf 85' lang='lat' dir='ltr'><strong>oblatis,</strong></span> <span class='ocrx_word' id='word_1_292' title='bbox 1127 2818 1354 2864; x_wconf 82' lang='lat' dir='ltr'><strong>coactus</strong></span> <span class='ocrx_word' id='word_1_293' title='bbox 1407 2819 1494 2864; x_wconf 90' lang='lat' dir='ltr'><strong>est</strong></span> <span class='ocrx_word' id='word_1_294' title='bbox 1522 2809 1798 2878; x_wconf 85' lang='lat' dir='ltr'><strong>superiori</strong></span> <span class='ocrx_word' id='word_1_295' title='bbox 1842 2809 1986 2863; x_wconf 91' lang='lat' dir='ltr'><strong>malo</strong></span> <span class='ocrx_word' id='word_1_296' title='bbox 2014 2819 2071 2864; x_wconf 91' lang='lat' dir='ltr'><strong>et</strong></span> <span class='ocrx_word' id='word_1_297' title='bbox 2114 2810 2195 2864; x_wconf 86' lang='lat' dir='ltr'><strong>al—</strong></span> 
     </span>
    </p>
   </div>
   <div class='ocr_carea' id='block_1_46' title="bbox 606 2902 2195 2974">
    <p class='ocr_par' dir='ltr' id='par_1_46' title="bbox 606 2902 2195 2974">
     <span class='ocr_line' id='line_1_46' title="bbox 606 2902 2195 2974; baseline 0.002 -19"><span class='ocrx_word' id='word_1_298' title='bbox 606 2910 786 2955; x_wconf 78' lang='lat' dir='ltr'><strong>terum</strong></span> <span class='ocrx_word' id='word_1_299' title='bbox 826 2902 1053 2957; x_wconf 90' lang='lat' dir='ltr'><strong>addere.</strong></span> <span class='ocrx_word' id='word_1_300' title='bbox 1091 2902 1231 2958; x_wconf 88' lang='lat' dir='ltr'><strong>Cum</strong></span> <span class='ocrx_word' id='word_1_301' title='bbox 1285 2902 1434 2957; x_wconf 91' lang='lat' dir='ltr'><strong>enim</strong></span> <span class='ocrx_word' id='word_1_302' title='bbox 1489 2910 1786 2972; x_wconf 88' lang='lat' dir='ltr'><strong>corruptor</strong></span> <span class='ocrx_word' id='word_1_303' title='bbox 1841 2902 1933 2957; x_wconf 89' lang='lat' dir='ltr'><strong>ille</strong></span> <span class='ocrx_word' id='word_1_304' title='bbox 1965 2902 2195 2974; x_wconf 85' lang='lat' dir='ltr'><strong>serpens</strong></span> 
     </span>
    </p>
   </div>
   <div class='ocr_carea' id='block_1_47' title="bbox 601 2993 2194 3064">
    <p class='ocr_par' dir='ltr' id='par_1_47' title="bbox 601 2993 2194 3064">
     <span class='ocr_line' id='line_1_47' title="bbox 601 2993 2194 3064; baseline 0.001 -17"><span class='ocrx_word' id='word_1_305' title='bbox 601 3003 918 3059; x_wconf 86' lang='lat' dir='ltr'><strong>vereretur,</strong></span> <span class='ocrx_word' id='word_1_306' title='bbox 951 3009 1023 3047; x_wconf 89' lang='lat' dir='ltr'><strong>ne</strong></span> <span class='ocrx_word' id='word_1_307' title='bbox 1054 2993 1295 3049; x_wconf 72' lang='lat' dir='ltr'><strong>Iacobus</strong></span> <span class='ocrx_word' id='word_1_308' title='bbox 1324 2994 1442 3063; x_wconf 87' lang='lat' dir='ltr'><strong>ipse</strong></span> <span class='ocrx_word' id='word_1_309' title='bbox 1472 2995 1811 3064; x_wconf 88' lang='lat' dir='ltr'><strong>resipiscens</strong></span> <span class='ocrx_word' id='word_1_310' title='bbox 1843 2994 1909 3051; x_wconf 92' lang='lat' dir='ltr'><strong>ad</strong></span> <span class='ocrx_word' id='word_1_311' title='bbox 1933 2995 2194 3049; x_wconf 84' lang='lat' dir='ltr'><strong>emenda-</strong></span> 
     </span>
    </p>
   </div>
   <div class='ocr_carea' id='block_1_48' title="bbox 604 3085 2185 3159">
    <p class='ocr_par' dir='ltr' id='par_1_48' title="bbox 604 3085 2185 3159">
     <span class='ocr_line' id='line_1_48' title="bbox 604 3085 2185 3159; baseline 0.002 -20"><span class='ocrx_word' id='word_1_312' title='bbox 604 3085 813 3142; x_wconf 86' lang='lat' dir='ltr'><strong>tionem</strong></span> <span class='ocrx_word' id='word_1_313' title='bbox 834 3088 1072 3153; x_wconf 88' lang='lat' dir='ltr'><strong>veniret,</strong></span> <span class='ocrx_word' id='word_1_314' title='bbox 1101 3103 1224 3157; x_wconf 64' lang='lat' dir='ltr'><strong>qua&#39;</strong></span> <span class='ocrx_word' id='word_1_315' title='bbox 1245 3103 1345 3158; x_wconf 88' lang='lat' dir='ltr'><strong>per</strong></span> <span class='ocrx_word' id='word_1_316' title='bbox 1370 3089 1749 3157; x_wconf 63' lang='lat' dir='ltr'><strong>paenitentiam</strong></span> <span class='ocrx_word' id='word_1_317' title='bbox 1775 3089 1862 3145; x_wconf 89' lang='lat' dir='ltr'><strong>his</strong></span> <span class='ocrx_word' id='word_1_318' title='bbox 1890 3088 2185 3159; x_wconf 67' lang='lat' dir='ltr'><strong>praebetur,</strong></span> 
     </span>
    </p>
   </div>
   <div class='ocr_carea' id='block_1_49' title="bbox 578 3179 2186 3251">
    <p class='ocr_par' dir='ltr' id='par_1_49' title="bbox 578 3179 2186 3251">
     <span class='ocr_line' id='line_1_49' title="bbox 578 3179 2186 3251; baseline 0.001 -20"><span class='ocrx_word' id='word_1_319' title='bbox 578 3179 700 3248; x_wconf 84' lang='lat' dir='ltr'><strong>qui</strong></span> <span class='ocrx_word' id='word_1_320' title='bbox 734 3194 853 3235; x_wconf 83' lang='lat' dir='ltr'><strong>eam</strong></span> <span class='ocrx_word' id='word_1_321' title='bbox 889 3180 1109 3234; x_wconf 88' lang='lat' dir='ltr'><strong>sincero</strong></span> <span class='ocrx_word' id='word_1_322' title='bbox 1139 3180 1325 3235; x_wconf 87' lang='lat' dir='ltr'><strong>animo</strong></span> <span class='ocrx_word' id='word_1_323' title='bbox 1370 3180 1682 3250; x_wconf 85' lang='lat' dir='ltr'><strong>inquirunt,</strong></span> <span class='ocrx_word' id='word_1_324' title='bbox 1718 3180 1771 3236; x_wconf 91' lang='lat' dir='ltr'><strong>ei</strong></span> <span class='ocrx_word' id='word_1_325' title='bbox 1806 3182 1945 3245; x_wconf 91' lang='lat' dir='ltr'><strong>viro,</strong></span> <span class='ocrx_word' id='word_1_326' title='bbox 1998 3196 2186 3251; x_wconf 86' lang='lat' dir='ltr'><strong>quem,</strong></span> 
     </span>
    </p>
   </div>
   <div class='ocr_carea' id='block_1_50' title="bbox 608 3257 2191 3342">
    <p class='ocr_par' dir='ltr' id='par_1_50' title="bbox 608 3257 2191 3342">
     <span class='ocr_line' id='line_1_50' title="bbox 608 3257 2191 3342; baseline 0.001 -20"><span class='ocrx_word' id='word_1_327' title='bbox 608 3280 671 3323; x_wconf 89' lang='lat' dir='ltr'><strong>ut</strong></span> <span class='ocrx_word' id='word_1_328' title='bbox 696 3269 804 3324; x_wconf 88' lang='lat' dir='ltr'><strong>sibi</strong></span> <span class='ocrx_word' id='word_1_329' title='bbox 856 3270 1169 3336; x_wconf 88' lang='lat' dir='ltr'><strong>videbatur,</strong></span> <span class='ocrx_word' id='word_1_330' title='bbox 1195 3270 1476 3340; x_wconf 86' lang='lat' dir='ltr'><strong>captivum</strong></span> <span class='ocrx_word' id='word_1_331' title='bbox 1514 3257 1775 3336; x_wconf 84' lang='lat' dir='ltr'><strong>ducebat,</strong></span> <span class='ocrx_word' id='word_1_332' title='bbox 1807 3271 2097 3342; x_wconf 78' lang='lat' dir='ltr'><strong>suggessit,</strong></span> <span class='ocrx_word' id='word_1_333' title='bbox 2128 3279 2191 3325; x_wconf 93' lang='lat' dir='ltr'><strong>ut</strong></span> 
     </span>
    </p>
   </div>
   <div class='ocr_carea' id='block_1_51' title="bbox 605 3362 2193 3434">
    <p class='ocr_par' dir='ltr' id='par_1_51' title="bbox 605 3362 2193 3434">
     <span class='ocr_line' id='line_1_51' title="bbox 605 3362 2193 3434; baseline 0.003 -21"><span class='ocrx_word' id='word_1_334' title='bbox 605 3362 897 3431; x_wconf 84' lang='lat' dir='ltr'><strong>superiore</strong></span> <span class='ocrx_word' id='word_1_335' title='bbox 946 3371 1174 3431; x_wconf 76' lang='lat' dir='ltr'><strong>peccato</strong></span> <span class='ocrx_word' id='word_1_336' title='bbox 1209 3364 1387 3434; x_wconf 86' lang='lat' dir='ltr'><strong>majus</strong></span> <span class='ocrx_word' id='word_1_337' title='bbox 1406 3363 1671 3432; x_wconf 86' lang='lat' dir='ltr'><strong>quiddam</strong></span> <span class='ocrx_word' id='word_1_338' title='bbox 1701 3372 1947 3434; x_wconf 89' lang='lat' dir='ltr'><strong>patraret</strong></span> <span class='ocrx_word' id='word_1_339' title='bbox 1975 3381 1990 3417; x_wconf 88' lang='lat'><strong>:</strong></span> <span class='ocrx_word' id='word_1_340' title='bbox 2025 3378 2193 3433; x_wconf 90' lang='lat' dir='ltr'><strong>quas-</strong></span> 
     </span>
    </p>
   </div>
   <div class='ocr_carea' id='block_1_52' title="bbox 562 3452 2193 3525">
    <p class='ocr_par' dir='ltr' id='par_1_52' title="bbox 562 3452 2193 3525">
     <span class='ocr_line' id='line_1_52' title="bbox 562 3452 2193 3525; baseline 0.004 -22"><span class='ocrx_word' id='word_1_341' title='bbox 562 3452 735 3507; x_wconf 64' lang='lat' dir='ltr'><strong>-dam</strong></span> <span class='ocrx_word' id='word_1_342' title='bbox 788 3454 937 3508; x_wconf 88' lang='lat' dir='ltr'><strong>enim</strong></span> <span class='ocrx_word' id='word_1_343' title='bbox 989 3453 1303 3509; x_wconf 88' lang='lat' dir='ltr'><strong>timiditatis</strong></span> <span class='ocrx_word' id='word_1_344' title='bbox 1364 3455 1726 3525; x_wconf 80' lang='lat' dir='ltr'><strong>cogitationes</strong></span> <span class='ocrx_word' id='word_1_345' title='bbox 1773 3470 1899 3511; x_wconf 90' lang='lat' dir='ltr'><strong>eum</strong></span> <span class='ocrx_word' id='word_1_346' title='bbox 1949 3455 2005 3509; x_wconf 90' lang='lat' dir='ltr'><strong>in</strong></span> <span class='ocrx_word' id='word_1_347' title='bbox 2070 3456 2193 3523; x_wconf 89' lang='lat' dir='ltr'><strong>ejus</strong></span> 
     </span>
    </p>
   </div>
   <div class='ocr_carea' id='block_1_53' title="bbox 588 3545 2193 3616">
    <p class='ocr_par' dir='ltr' id='par_1_53' title="bbox 588 3545 2193 3616">
     <span class='ocr_line' id='line_1_53' title="bbox 588 3545 2193 3616; baseline 0 -16"><span class='ocrx_word' id='word_1_348' title='bbox 588 3554 855 3603; x_wconf 18' lang='lat' dir='ltr'><strong>amentem</strong></span> <span class='ocrx_word' id='word_1_349' title='bbox 876 3545 1178 3616; x_wconf 87' lang='lat' dir='ltr'><strong>injeeisset,</strong></span> <span class='ocrx_word' id='word_1_350' title='bbox 1224 3556 1422 3603; x_wconf 88' lang='lat' dir='ltr'><strong>auctor</strong></span> <span class='ocrx_word' id='word_1_351' title='bbox 1468 3546 1545 3602; x_wconf 92' lang='lat' dir='ltr'><strong>illi</strong></span> <span class='ocrx_word' id='word_1_352' title='bbox 1579 3547 1686 3605; x_wconf 75' lang='lat' dir='ltr'><strong>fuit</strong></span> <span class='ocrx_word' id='word_1_353' title='bbox 1722 3555 1783 3602; x_wconf 88' lang='lat' dir='ltr'><strong>ut</strong></span> <span class='ocrx_word' id='word_1_354' title='bbox 1812 3546 2049 3616; x_wconf 86' lang='lat' dir='ltr'><strong>puellam</strong></span> <span class='ocrx_word' id='word_1_355' title='bbox 2081 3561 2113 3601; x_wconf 90' lang='lat' dir='ltr'><strong>a</strong></span> <span class='ocrx_word' id='word_1_356' title='bbox 2134 3561 2193 3600; x_wconf 88' lang='lat' dir='ltr'><strong>se</strong></span> 
     </span>
    </p>
   </div>
   <div class='ocr_carea' id='block_1_54' title="bbox 2290 1894 3845 1966">
    <p class='ocr_par' dir='ltr' id='par_1_54' title="bbox 2290 1894 3845 1966">
     <span class='ocr_line' id='line_1_54' title="bbox 2290 1894 3845 1966; baseline -0.001 -17"><span class='ocrx_word' id='word_1_357' title='bbox 2290 1895 2384 1949; x_wconf 82' lang='grc' dir='ltr'><strong>τοῦ</strong></span> <span class='ocrx_word' id='word_1_358' title='bbox 2404 1894 2610 1964; x_wconf 87' lang='grc' dir='ltr'>ταύτην</span> <span class='ocrx_word' id='word_1_359' title='bbox 2629 1896 3045 1965; x_wconf 61' lang='grc' dir='ltr'>ἐπιπέμψαντος</span> <span class='ocrx_word' id='word_1_360' title='bbox 3065 1896 3342 1961; x_wconf 76' lang='grc' dir='ltr'>διαϐόλου,</span> <span class='ocrx_word' id='word_1_361' title='bbox 3367 1896 3570 1966; x_wconf 77' lang='grc' dir='ltr'>οἴστρῳ</span> <span class='ocrx_word' id='word_1_362' title='bbox 3589 1896 3845 1965; x_wconf 63' lang='grc' dir='ltr'>ληφθέντα,</span> 
     </span>
    </p>
   </div>
   <div class='ocr_carea' id='block_1_55' title="bbox 2292 1987 3849 2057">
    <p class='ocr_par' dir='ltr' id='par_1_55' title="bbox 2292 1987 3849 2057">
     <span class='ocr_line' id='line_1_55' title="bbox 2292 1987 3849 2057; baseline -0.001 -16"><span class='ocrx_word' id='word_1_363' title='bbox 2292 1990 2387 2041; x_wconf 79' lang='grc' dir='ltr'><strong>καὶ</strong></span> <span class='ocrx_word' id='word_1_364' title='bbox 2444 1987 2539 2040; x_wconf 85' lang='grc' dir='ltr'><strong>τοῦ</strong></span> <span class='ocrx_word' id='word_1_365' title='bbox 2600 1988 2769 2056; x_wconf 74' lang='grc' dir='ltr'>φόϐου</span> <span class='ocrx_word' id='word_1_366' title='bbox 2825 1988 3231 2057; x_wconf 73' lang='grc' dir='ltr'>ἐπελαθῦμενον</span> <span class='ocrx_word' id='word_1_367' title='bbox 3279 1990 3376 2041; x_wconf 83' lang='grc' dir='ltr'>τοῦ</span> <span class='ocrx_word' id='word_1_368' title='bbox 3430 1988 3586 2055; x_wconf 84' lang='grc' dir='ltr'>Θεοῦ,</span> <span class='ocrx_word' id='word_1_369' title='bbox 3646 1989 3849 2055; x_wconf 75' lang='grc' dir='ltr'>καὶτῆς</span> 
     </span>
    </p>
   </div>
   <div class='ocr_carea' id='block_1_56' title="bbox 2290 2078 3846 2151">
    <p class='ocr_par' dir='ltr' id='par_1_56' title="bbox 2290 2078 3846 2151">
     <span class='ocr_line' id='line_1_56' title="bbox 2290 2078 3846 2151; baseline -0.002 -19"><span class='ocrx_word' id='word_1_370' title='bbox 2290 2079 2565 2149; x_wconf 80' lang='grc' dir='ltr'>τοσαύτης</span> <span class='ocrx_word' id='word_1_371' title='bbox 2583 2079 2736 2151; x_wconf 84' lang='grc' dir='ltr'>αύτῷ</span> <span class='ocrx_word' id='word_1_372' title='bbox 2767 2079 3210 2150; x_wconf 76' lang='grc' dir='ltr'>παρασχεθείσης</span> <span class='ocrx_word' id='word_1_373' title='bbox 3229 2079 3461 2148; x_wconf 79' lang='grc' dir='ltr'>χάριτος</span> <span class='ocrx_word' id='word_1_374' title='bbox 3483 2079 3589 2131; x_wconf 84' lang='grc' dir='ltr'><strong>τῶν</strong></span> <span class='ocrx_word' id='word_1_375' title='bbox 3615 2078 3846 2147; x_wconf 79' lang='grc' dir='ltr'>ἰαμάτων,</span> 
     </span>
    </p>
   </div>
   <div class='ocr_carea' id='block_1_57' title="bbox 2291 2154 3846 2240">
    <p class='ocr_par' dir='ltr' id='par_1_57' title="bbox 2291 2154 3846 2240">
     <span class='ocr_line' id='line_1_57' title="bbox 2291 2154 3846 2240; baseline -0.001 -17"><span class='ocrx_word' id='word_1_376' title='bbox 2291 2171 2512 2239; x_wconf 72' lang='grc' dir='ltr'>καὶτῆς</span> <span class='ocrx_word' id='word_1_377' title='bbox 2572 2171 2664 2222; x_wconf 76' lang='grc' dir='ltr'>ἐπὶ</span> <span class='ocrx_word' id='word_1_378' title='bbox 2704 2170 2960 2223; x_wconf 76' lang='grc' dir='ltr'>τοσοῦτον</span> <span class='ocrx_word' id='word_1_379' title='bbox 2997 2172 3188 2239; x_wconf 78' lang='grc' dir='ltr'>χρόνον</span> <span class='ocrx_word' id='word_1_380' title='bbox 3225 2154 3523 2240; x_wconf 70' lang='grc' dir='ltr'>ἁσκῆσεως</span> <span class='ocrx_word' id='word_1_381' title='bbox 3563 2171 3658 2224; x_wconf 74' lang='grc' dir='ltr'><strong>καὶ</strong></span> <span class='ocrx_word' id='word_1_382' title='bbox 3682 2170 3776 2223; x_wconf 86' lang='grc' dir='ltr'>τῶν</span> <span class='ocrx_word' id='word_1_383' title='bbox 3798 2169 3846 2233; x_wconf 77' lang='grc' dir='ltr'>ἐξ</span> 
     </span>
    </p>
   </div>
   <div class='ocr_carea' id='block_1_58' title="bbox 2292 2261 3849 2331">
    <p class='ocr_par' dir='ltr' id='par_1_58' title="bbox 2292 2261 3849 2331">
     <span class='ocr_line' id='line_1_58' title="bbox 2292 2261 3849 2331; baseline 0 -18"><span class='ocrx_word' id='word_1_384' title='bbox 2292 2262 2461 2329; x_wconf 77' lang='grc' dir='ltr'>αὐτῆς</span> <span class='ocrx_word' id='word_1_385' title='bbox 2495 2261 2709 2314; x_wconf 87' lang='grc' dir='ltr'>πολλῶν</span> <span class='ocrx_word' id='word_1_386' title='bbox 2743 2262 3029 2330; x_wconf 82' lang='grc' dir='ltr'>καμάτων,</span> <span class='ocrx_word' id='word_1_387' title='bbox 3064 2261 3160 2314; x_wconf 78' lang='grc' dir='ltr'>καὶ</span> <span class='ocrx_word' id='word_1_388' title='bbox 3183 2262 3326 2331; x_wconf 63' lang='grc' dir='ltr'>πρὸς</span> <span class='ocrx_word' id='word_1_389' title='bbox 3366 2262 3578 2325; x_wconf 85' lang='grc' dir='ltr'>τούτοις</span> <span class='ocrx_word' id='word_1_390' title='bbox 3615 2262 3739 2331; x_wconf 82' lang='grc' dir='ltr'>πρὸς</span> <span class='ocrx_word' id='word_1_391' title='bbox 3766 2261 3849 2328; x_wconf 79' lang='grc' dir='ltr'><strong>γῆ·</strong></span> 
     </span>
    </p>
   </div>
   <div class='ocr_carea' id='block_1_59' title="bbox 2295 2350 3848 2425">
    <p class='ocr_par' dir='ltr' id='par_1_59' title="bbox 2295 2350 3848 2425">
     <span class='ocr_line' id='line_1_59' title="bbox 2295 2350 3848 2425; baseline 0 -22"><span class='ocrx_word' id='word_1_392' title='bbox 2295 2369 2393 2422; x_wconf 82' lang='grc' dir='ltr'><strong>ρας</strong></span> <span class='ocrx_word' id='word_1_393' title='bbox 2422 2352 2749 2423; x_wconf 82' lang='grc' dir='ltr'>ὲληλακότα,</span> <span class='ocrx_word' id='word_1_394' title='bbox 2797 2352 2986 2405; x_wconf 69' lang='grc' dir='ltr'>λοιπὸν</span> <span class='ocrx_word' id='word_1_395' title='bbox 3048 2353 3320 2407; x_wconf 80' lang='grc' dir='ltr'>ὑποδῦναι</span> <span class='ocrx_word' id='word_1_396' title='bbox 3374 2356 3473 2422; x_wconf 80' lang='grc' dir='ltr'>τὴν</span> <span class='ocrx_word' id='word_1_397' title='bbox 3535 2350 3717 2425; x_wconf 82' lang='grc' dir='ltr'>ἧτταν,</span> <span class='ocrx_word' id='word_1_398' title='bbox 3775 2353 3848 2406; x_wconf 78' lang='grc' dir='ltr'><strong>καὶ</strong></span> 
     </span>
    </p>
   </div>
   <div class='ocr_carea' id='block_1_60' title="bbox 2296 2442 3849 2515">
    <p class='ocr_par' dir='ltr' id='par_1_60' title="bbox 2296 2442 3849 2515">
     <span class='ocr_line' id='line_1_60' title="bbox 2296 2442 3849 2515; baseline 0.001 -20"><span class='ocrx_word' id='word_1_399' title='bbox 2296 2444 2587 2506; x_wconf 79' lang='grc' dir='ltr'>ἐξελθόντα</span> <span class='ocrx_word' id='word_1_400' title='bbox 2618 2446 2697 2506; x_wconf 87' lang='grc' dir='ltr'>εἰς</span> <span class='ocrx_word' id='word_1_401' title='bbox 2731 2445 2792 2497; x_wconf 80' lang='grc' dir='ltr'>τὸ</span> <span class='ocrx_word' id='word_1_402' title='bbox 2826 2444 3123 2515; x_wconf 81' lang='grc' dir='ltr'>προαύλιον</span> <span class='ocrx_word' id='word_1_403' title='bbox 3148 2443 3579 2514; x_wconf 53' lang='grc' dir='ltr'>προσφθαρῇαι</span> <span class='ocrx_word' id='word_1_404' title='bbox 3628 2447 3688 2514; x_wconf 81' lang='grc' dir='ltr'>τῇ</span> <span class='ocrx_word' id='word_1_405' title='bbox 3716 2442 3849 2515; x_wconf 78' lang='grc' dir='ltr'>κόρῃ,</span> 
     </span>
    </p>
   </div>
   <div class='ocr_carea' id='block_1_61' title="bbox 2295 2534 3712 2607">
    <p class='ocr_par' dir='ltr' id='par_1_61' title="bbox 2295 2534 3712 2607">
     <span class='ocr_line' id='line_1_61' title="bbox 2295 2534 3712 2607; baseline 0.001 -19"><span class='ocrx_word' id='word_1_406' title='bbox 2295 2537 2391 2588; x_wconf 74' lang='grc' dir='ltr'><strong>καὶ</strong></span> <span class='ocrx_word' id='word_1_407' title='bbox 2421 2534 2500 2606; x_wconf 79' lang='grc' dir='ltr'>τῷ</span> <span class='ocrx_word' id='word_1_408' title='bbox 2536 2536 2639 2603; x_wconf 73' lang='grc' dir='ltr'>τῆς</span> <span class='ocrx_word' id='word_1_409' title='bbox 2670 2536 2902 2606; x_wconf 81' lang='grc' dir='ltr'>ἀνομίας</span> <span class='ocrx_word' id='word_1_410' title='bbox 2928 2537 3121 2590; x_wconf 67' lang='grc' dir='ltr'>ἐαυτὸν</span> <span class='ocrx_word' id='word_1_411' title='bbox 3152 2536 3426 2606; x_wconf 77' lang='grc' dir='ltr'>ἀναμῖξαι</span> <span class='ocrx_word' id='word_1_412' title='bbox 3455 2536 3712 2607; x_wconf 74' lang='grc' dir='ltr'>βορϐόρῳ.</span> 
     </span>
    </p>
   </div>
   <div class='ocr_carea' id='block_1_62' title="bbox 2368 2715 3850 2792">
    <p class='ocr_par' dir='ltr' id='par_1_62' title="bbox 2368 2715 3850 2792">
     <span class='ocr_line' id='line_1_62' title="bbox 2368 2715 3850 2792; baseline 0.001 -23"><span class='ocrx_word' id='word_1_413' title='bbox 2368 2715 2472 2771; x_wconf 89' lang='lat' dir='ltr'><strong>IE&#39;.</strong></span> <span class='ocrx_word' id='word_1_414' title='bbox 2518 2716 2802 2771; x_wconf 77' lang='grc' dir='ltr'>Ἐντεῦθεν</span> <span class='ocrx_word' id='word_1_415' title='bbox 2827 2756 2845 2781; x_wconf 89' lang='grc'><strong>,</strong></span> <span class='ocrx_word' id='word_1_416' title='bbox 2897 2717 3086 2790; x_wconf 80' lang='grc' dir='ltr'>ὥσπερ</span> <span class='ocrx_word' id='word_1_417' title='bbox 3137 2719 3291 2783; x_wconf 78' lang='grc' dir='ltr'>τινὸς</span> <span class='ocrx_word' id='word_1_418' title='bbox 3330 2719 3509 2792; x_wconf 81' lang='grc' dir='ltr'>ἀρχῆς</span> <span class='ocrx_word' id='word_1_419' title='bbox 3537 2719 3764 2788; x_wconf 74' lang='grc' dir='ltr'>δοθείσης</span> <span class='ocrx_word' id='word_1_420' title='bbox 3788 2716 3850 2788; x_wconf 80' lang='grc' dir='ltr'>τῷ</span> 
     </span>
    </p>
   </div>
   <div class='ocr_carea' id='block_1_63' title="bbox 2296 2807 3852 2880">
    <p class='ocr_par' dir='ltr' id='par_1_63' title="bbox 2296 2807 3852 2880">
     <span class='ocr_line' id='line_1_63' title="bbox 2296 2807 3852 2880; baseline -0.001 -19"><span class='ocrx_word' id='word_1_421' title='bbox 2296 2808 2537 2877; x_wconf 85' lang='grc' dir='ltr'>δαίμονι,</span> <span class='ocrx_word' id='word_1_422' title='bbox 2589 2807 2910 2875; x_wconf 80' lang='grc' dir='ltr'>προσθεῖναι</span> <span class='ocrx_word' id='word_1_423' title='bbox 2941 2809 3019 2877; x_wconf 83' lang='grc' dir='ltr'><strong>τῷ</strong></span> <span class='ocrx_word' id='word_1_424' title='bbox 3050 2811 3253 2880; x_wconf 81' lang='grc' dir='ltr'>πρώτῳ</span> <span class='ocrx_word' id='word_1_425' title='bbox 3301 2811 3394 2864; x_wconf 62' lang='grc' dir='ltr'><strong>καί⁵</strong></span> <span class='ocrx_word' id='word_1_426' title='bbox 3449 2808 3693 2878; x_wconf 85' lang='grc' dir='ltr'>δεύτερον</span> <span class='ocrx_word' id='word_1_427' title='bbox 3717 2809 3852 2871; x_wconf 77' lang='grc' dir='ltr'>ἀναγ-</span> 
     </span>
    </p>
   </div>
   <div class='ocr_carea' id='block_1_64' title="bbox 2295 2900 3848 2973">
    <p class='ocr_par' dir='ltr' id='par_1_64' title="bbox 2295 2900 3848 2973">
     <span class='ocr_line' id='line_1_64' title="bbox 2295 2900 3848 2973; baseline -0.004 -18"><span class='ocrx_word' id='word_1_428' title='bbox 2295 2903 2524 2965; x_wconf 74' lang='grc' dir='ltr'>κάζεται</span> <span class='ocrx_word' id='word_1_429' title='bbox 2576 2903 2766 2957; x_wconf 82' lang='grc' dir='ltr'>κακόν.</span> <span class='ocrx_word' id='word_1_430' title='bbox 2823 2902 3021 2966; x_wconf 80' lang='grc' dir='ltr'>Δείσας</span> <span class='ocrx_word' id='word_1_431' title='bbox 3056 2905 3166 2973; x_wconf 77' lang='grc' dir='ltr'><strong>γὰρ</strong></span> <span class='ocrx_word' id='word_1_432' title='bbox 3194 2904 3222 2956; x_wconf 89' lang='grc' dir='ltr'><strong>ό</strong></span> <span class='ocrx_word' id='word_1_433' title='bbox 3282 2903 3513 2973; x_wconf 78' lang='grc' dir='ltr'>λυμεὼν</span> <span class='ocrx_word' id='word_1_434' title='bbox 3557 2902 3672 2971; x_wconf 76' lang='grc' dir='ltr'>ὄφις</span> <span class='ocrx_word' id='word_1_435' title='bbox 3694 2901 3779 2969; x_wconf 76' lang='grc' dir='ltr'>τήν</span> <span class='ocrx_word' id='word_1_436' title='bbox 3799 2900 3848 2951; x_wconf 87' lang='grc' dir='ltr'><strong>ἐκ</strong></span> 
     </span>
    </p>
   </div>
   <div class='ocr_carea' id='block_1_65' title="bbox 2295 2992 3843 3067">
    <p class='ocr_par' dir='ltr' id='par_1_65' title="bbox 2295 2992 3843 3067">
     <span class='ocr_line' id='line_1_65' title="bbox 2295 2992 3843 3067; baseline -0.002 -20"><span class='ocrx_word' id='word_1_437' title='bbox 2295 2996 2394 3058; x_wconf 73' lang='grc' dir='ltr'>τῆς</span> <span class='ocrx_word' id='word_1_438' title='bbox 2427 2995 2721 3064; x_wconf 86' lang='grc' dir='ltr'>μετανοίας</span> <span class='ocrx_word' id='word_1_439' title='bbox 2748 2997 3134 3066; x_wconf 79' lang='grc' dir='ltr'>παρεχομένην</span> <span class='ocrx_word' id='word_1_440' title='bbox 3159 3000 3274 3060; x_wconf 86' lang='grc' dir='ltr'>τοῖς</span> <span class='ocrx_word' id='word_1_441' title='bbox 3323 2997 3527 3067; x_wconf 87' lang='grc' dir='ltr'>ταύτην</span> <span class='ocrx_word' id='word_1_442' title='bbox 3574 2992 3843 3065; x_wconf 84' lang='grc' dir='ltr'>είλικρινῶς</span> 
     </span>
    </p>
   </div>
   <div class='ocr_carea' id='block_1_66' title="bbox 2296 3083 3841 3158">
    <p class='ocr_par' dir='ltr' id='par_1_66' title="bbox 2296 3083 3841 3158">
     <span class='ocr_line' id='line_1_66' title="bbox 2296 3083 3841 3158; baseline -0.003 -18"><span class='ocrx_word' id='word_1_443' title='bbox 2296 3087 2554 3157; x_wconf 77' lang='grc' dir='ltr'>ζητοῦσιν</span> <span class='ocrx_word' id='word_1_444' title='bbox 2589 3089 3010 3158; x_wconf 60' lang='grc' dir='ltr'>ἐπανόρθωσιν,</span> <span class='ocrx_word' id='word_1_445' title='bbox 3064 3090 3484 3158; x_wconf 79' lang='grc' dir='ltr'>παρασκευάζει</span> <span class='ocrx_word' id='word_1_446' title='bbox 3521 3088 3629 3149; x_wconf 77' lang='grc' dir='ltr'>τὸν,</span> <span class='ocrx_word' id='word_1_447' title='bbox 3656 3085 3723 3147; x_wconf 88' lang='grc' dir='ltr'>ὡς</span> <span class='ocrx_word' id='word_1_448' title='bbox 3747 3083 3841 3136; x_wconf 81' lang='grc' dir='ltr'>ἐνό-</span> 
     </span>
    </p>
   </div>
   <div class='ocr_carea' id='block_1_67' title="bbox 2296 3176 3841 3250">
    <p class='ocr_par' dir='ltr' id='par_1_67' title="bbox 2296 3176 3841 3250">
     <span class='ocr_line' id='line_1_67' title="bbox 2296 3176 3841 3250; baseline -0.004 -19"><span class='ocrx_word' id='word_1_449' title='bbox 2296 3176 2475 3250; x_wconf 80' lang='grc' dir='ltr'>μιζεν,</span> <span class='ocrx_word' id='word_1_450' title='bbox 2532 3177 2729 3233; x_wconf 77' lang='grc' dir='ltr'>ἑαυτοῦ</span> <span class='ocrx_word' id='word_1_451' title='bbox 2791 3179 3159 3248; x_wconf 76' lang='grc' dir='ltr'>αἰχμάλωτον,</span> <span class='ocrx_word' id='word_1_452' title='bbox 3230 3181 3419 3249; x_wconf 80' lang='grc' dir='ltr'>μεῖζον</span> <span class='ocrx_word' id='word_1_453' title='bbox 3460 3179 3551 3233; x_wconf 75' lang='grc' dir='ltr'>τοῦ</span> <span class='ocrx_word' id='word_1_454' title='bbox 3613 3176 3841 3245; x_wconf 76' lang='grc' dir='ltr'>προτέρου</span> 
     </span>
    </p>
   </div>
   <div class='ocr_carea' id='block_1_68' title="bbox 2294 3265 3839 3343">
    <p class='ocr_par' dir='ltr' id='par_1_68' title="bbox 2294 3265 3839 3343">
     <span class='ocr_line' id='line_1_68' title="bbox 2294 3265 3839 3343; baseline -0.005 -21"><span class='ocrx_word' id='word_1_455' title='bbox 2294 3271 2613 3341; x_wconf 80' lang='grc' dir='ltr'>προσθεῖναι</span> <span class='ocrx_word' id='word_1_456' title='bbox 2668 3270 3011 3341; x_wconf 75' lang='grc' dir='ltr'>δυσσέϐημα.</span> <span class='ocrx_word' id='word_1_457' title='bbox 3077 3272 3408 3343; x_wconf 84' lang='grc' dir='ltr'>Ἐνσπείρας</span> <span class='ocrx_word' id='word_1_458' title='bbox 3463 3271 3569 3340; x_wconf 85' lang='grc' dir='ltr'>γὰρ</span> <span class='ocrx_word' id='word_1_459' title='bbox 3622 3265 3839 3336; x_wconf 75' lang='grc' dir='ltr'>λογισμὸν</span> 
     </span>
    </p>
   </div>
   <div class='ocr_carea' id='block_1_69' title="bbox 2291 3357 3842 3435">
    <p class='ocr_par' dir='ltr' id='par_1_69' title="bbox 2291 3357 3842 3435">
     <span class='ocr_line' id='line_1_69' title="bbox 2291 3357 3842 3435; baseline -0.003 -20"><span class='ocrx_word' id='word_1_460' title='bbox 2291 3362 2518 3429; x_wconf 87' lang='grc' dir='ltr'>δειλίας,</span> <span class='ocrx_word' id='word_1_461' title='bbox 2547 3361 2712 3415; x_wconf 81' lang='grc' dir='ltr'>αὐτὸν</span> <span class='ocrx_word' id='word_1_462' title='bbox 2744 3361 3004 3431; x_wconf 78' lang='grc' dir='ltr'>φονεῦσαι</span> <span class='ocrx_word' id='word_1_463' title='bbox 3034 3361 3116 3433; x_wconf 81' lang='grc' dir='ltr'><strong>[Ῑ.</strong></span> <span class='ocrx_word' id='word_1_464' title='bbox 3156 3361 3563 3435; x_wconf 70' lang='grc' dir='ltr'>αύτοφονῆσαι]</span> <span class='ocrx_word' id='word_1_465' title='bbox 3607 3362 3698 3431; x_wconf 79' lang='grc' dir='ltr'>τὴν</span> <span class='ocrx_word' id='word_1_466' title='bbox 3732 3357 3842 3426; x_wconf 80' lang='grc' dir='ltr'>φθα-</span> 
     </span>
    </p>
   </div>
   <div class='ocr_carea' id='block_1_70' title="bbox 2295 3451 3840 3526">
    <p class='ocr_par' dir='ltr' id='par_1_70' title="bbox 2295 3451 3840 3526">
     <span class='ocr_line' id='line_1_70' title="bbox 2295 3451 3840 3526; baseline -0.002 -21"><span class='ocrx_word' id='word_1_467' title='bbox 2295 3458 2482 3526; x_wconf 81' lang='grc' dir='ltr'>ρεῖσαν</span> <span class='ocrx_word' id='word_1_468' title='bbox 2513 3454 2707 3523; x_wconf 85' lang='grc' dir='ltr'>κόρην,</span> <span class='ocrx_word' id='word_1_469' title='bbox 2745 3454 2894 3523; x_wconf 81' lang='grc' dir='ltr'>αύτῷ</span> <span class='ocrx_word' id='word_1_470' title='bbox 2916 3455 3257 3510; x_wconf 82' lang='grc' dir='ltr'>ὑποτίθεται.</span> <span class='ocrx_word' id='word_1_471' title='bbox 3303 3456 3589 3526; x_wconf 62' lang='lat' dir='ltr'><strong>nmen;</strong></span> <span class='ocrx_word' id='word_1_472' title='bbox 3612 3454 3665 3507; x_wconf 88' lang='grc' dir='ltr'><strong>δέ</strong></span> <span class='ocrx_word' id='word_1_473' title='bbox 3691 3451 3840 3505; x_wconf 78' lang='grc' dir='ltr'>καὶ-ὲν</span> 
     </span>
    </p>
   </div>
   <div class='ocr_carea' id='block_1_71' title="bbox 2291 3545 3252 3617">
    <p class='ocr_par' dir='ltr' id='par_1_71' title="bbox 2291 3545 3252 3617">
     <span class='ocr_line' id='line_1_71' title="bbox 2291 3545 3252 3617; baseline 0.003 -18"><span class='ocrx_word' id='word_1_474' title='bbox 2291 3545 2489 3614; x_wconf 86' lang='grc' dir='ltr'>τούτῳ,</span> <span class='ocrx_word' id='word_1_475' title='bbox 2518 3547 2610 3597; x_wconf 82' lang='grc' dir='ltr'>τὸν</span> <span class='ocrx_word' id='word_1_476' title='bbox 2645 3546 2805 3613; x_wconf 75' lang='grc' dir='ltr'>φόνον</span> <span class='ocrx_word' id='word_1_477' title='bbox 2836 3548 2966 3617; x_wconf 82' lang='grc'><strong>(“).</strong></span> <span class='ocrx_word' id='word_1_478' title='bbox 2999 3586 3013 3600; x_wconf 94' lang='grc'><strong>.</strong></span> <span class='ocrx_word' id='word_1_479' title='bbox 3048 3585 3063 3600; x_wconf 94' lang='grc'><strong>.</strong></span> <span class='ocrx_word' id='word_1_480' title='bbox 3098 3587 3113 3601; x_wconf 93' lang='grc'><strong>.</strong></span> <span class='ocrx_word' id='word_1_481' title='bbox 3148 3586 3163 3601; x_wconf 93' lang='grc'><strong>.</strong></span> <span class='ocrx_word' id='word_1_482' title='bbox 3191 3565 3252 3602; x_wconf 73' lang='lat'><strong>.‘.</strong></span> 
     </span>
    </p>
   </div>
   <div class='ocr_carea' id='block_1_72' title="bbox 608 3638 3841 3715">
    <p class='ocr_par' dir='ltr' id='par_1_72' title="bbox 608 3638 3841 3715">
     <span class='ocr_line' id='line_1_72' title="bbox 608 3638 3841 3715; baseline 0 -24"><span class='ocrx_word' id='word_1_483' title='bbox 608 3639 859 3694; x_wconf 84' lang='lat' dir='ltr'><strong>vitiatam</strong></span> <span class='ocrx_word' id='word_1_484' title='bbox 906 3638 1265 3695; x_wconf 81' lang='lat' dir='ltr'><strong>interﬁceret.</strong></span> <span class='ocrx_word' id='word_1_485' title='bbox 1303 3639 1375 3695; x_wconf 89' lang='lat' dir='ltr'><strong>Et</strong></span> <span class='ocrx_word' id='word_1_486' title='bbox 1404 3656 1473 3696; x_wconf 92' lang='lat' dir='ltr'><strong>eo</strong></span> <span class='ocrx_word' id='word_1_487' title='bbox 1511 3641 1680 3710; x_wconf 82' lang='lat' dir='ltr'><strong>igitur</strong></span> <span class='ocrx_word' id='word_1_488' title='bbox 1707 3649 1936 3711; x_wconf 87' lang='lat' dir='ltr'><strong>peccato</strong></span> <span class='ocrx_word' id='word_1_489' title='bbox 1987 3650 2304 3711; x_wconf 86' lang='lat' dir='ltr'><strong>superatus,</strong></span> <span class='ocrx_word' id='word_1_490' title='bbox 2373 3641 2495 3711; x_wconf 83' lang='lat' dir='ltr'><strong>ejus</strong></span> <span class='ocrx_word' id='word_1_491' title='bbox 2534 3655 2757 3710; x_wconf 88' lang='lat' dir='ltr'><strong>quoque</strong></span> <span class='ocrx_word' id='word_1_492' title='bbox 2804 3640 3009 3696; x_wconf 57' lang='lat' dir='ltr'><strong>eadem</strong></span> <span class='ocrx_word' id='word_1_493' title='bbox 3063 3644 3327 3712; x_wconf 87' lang='lat' dir='ltr'><strong>patravit,</strong></span> <span class='ocrx_word' id='word_1_494' title='bbox 3388 3658 3612 3715; x_wconf 87' lang='lat' dir='ltr'><strong>sperans</strong></span> <span class='ocrx_word' id='word_1_495' title='bbox 3668 3640 3841 3697; x_wconf 88' lang='lat' dir='ltr'><strong>scilicet</strong></span> 
     </span>
    </p>
   </div>
   <div class='ocr_carea' id='block_1_73' title="bbox 605 3730 3330 3807">
    <p class='ocr_par' dir='ltr' id='par_1_73' title="bbox 605 3730 3330 3807">
     <span class='ocr_line' id='line_1_73' title="bbox 605 3730 3330 3807; baseline -0.001 -16"><span class='ocrx_word' id='word_1_496' title='bbox 605 3751 673 3791; x_wconf 88' lang='lat' dir='ltr'><strong>ea</strong></span> <span class='ocrx_word' id='word_1_497' title='bbox 706 3751 768 3789; x_wconf 84' lang='lat' dir='ltr'><strong>re</strong></span> <span class='ocrx_word' id='word_1_498' title='bbox 786 3736 901 3790; x_wconf 83' lang='lat' dir='ltr'><strong>lieri</strong></span> <span class='ocrx_word' id='word_1_499' title='bbox 921 3751 1107 3806; x_wconf 81' lang='lat' dir='ltr'><strong>posse,</strong></span> <span class='ocrx_word' id='word_1_500' title='bbox 1129 3743 1192 3791; x_wconf 90' lang='lat' dir='ltr'><strong>ut</strong></span> <span class='ocrx_word' id='word_1_501' title='bbox 1215 3735 1337 3807; x_wconf 86' lang='lat' dir='ltr'><strong>ejus</strong></span> <span class='ocrx_word' id='word_1_502' title='bbox 1358 3736 1556 3806; x_wconf 68' lang='lat' dir='ltr'><strong>puellae</strong></span> <span class='ocrx_word' id='word_1_503' title='bbox 1579 3746 1869 3807; x_wconf 87' lang='lat' dir='ltr'><strong>parentum</strong></span> <span class='ocrx_word' id='word_1_504' title='bbox 1890 3736 2197 3793; x_wconf 90' lang='lat' dir='ltr'><strong>molestiam</strong></span> <span class='ocrx_word' id='word_1_505' title='bbox 2228 3736 2450 3792; x_wconf 86' lang='lat' dir='ltr'><strong>vitaret.</strong></span> <span class='ocrx_word' id='word_1_506' title='bbox 3325 3730 3330 3735; x_wconf 81' lang='grc'><em>’</em></span> 
     </span>
    </p>
   </div>
   <div class='ocr_carea' id='block_1_74' title="bbox 681 3893 2188 3964">
    <p class='ocr_par' dir='ltr' id='par_1_74' title="bbox 681 3893 2188 3964">
     <span class='ocr_line' id='line_1_74' title="bbox 681 3893 2188 3964; baseline -0.003 -14"><span class='ocrx_word' id='word_1_507' title='bbox 681 3894 822 3950; x_wconf 73' lang='lat' dir='ltr'><strong>XVI.</strong></span> <span class='ocrx_word' id='word_1_508' title='bbox 854 3893 961 3949; x_wconf 84' lang='lat' dir='ltr'><strong>Sed</strong></span> <span class='ocrx_word' id='word_1_509' title='bbox 993 3908 1176 3964; x_wconf 88' lang='lat' dir='ltr'><strong>neque</strong></span> <span class='ocrx_word' id='word_1_510' title='bbox 1224 3908 1293 3948; x_wconf 88' lang='lat' dir='ltr'><strong>eo</strong></span> <span class='ocrx_word' id='word_1_511' title='bbox 1323 3893 1533 3949; x_wconf 89' lang='lat' dir='ltr'><strong>scelere</strong></span> <span class='ocrx_word' id='word_1_512' title='bbox 1563 3903 1859 3950; x_wconf 88' lang='lat' dir='ltr'><strong>contentus</strong></span> <span class='ocrx_word' id='word_1_513' title='bbox 1891 3894 1995 3951; x_wconf 73' lang='lat' dir='ltr'><strong>fuit</strong></span> <span class='ocrx_word' id='word_1_514' title='bbox 2019 3908 2188 3950; x_wconf 78' lang='lat' dir='ltr'><strong>verus</strong></span> 
     </span>
    </p>
   </div>
   <div class='ocr_carea' id='block_1_75' title="bbox 611 3988 2184 4055">
    <p class='ocr_par' dir='ltr' id='par_1_75' title="bbox 611 3988 2184 4055">
     <span class='ocr_line' id='line_1_75' title="bbox 611 3988 2184 4055; baseline -0.001 -11"><span class='ocrx_word' id='word_1_515' title='bbox 611 3989 703 4045; x_wconf 91' lang='lat' dir='ltr'><strong>ille</strong></span> <span class='ocrx_word' id='word_1_516' title='bbox 749 3988 1019 4043; x_wconf 87' lang='lat' dir='ltr'><strong>malorum</strong></span> <span class='ocrx_word' id='word_1_517' title='bbox 1086 3997 1280 4043; x_wconf 88' lang='lat' dir='ltr'><strong>auctor</strong></span> <span class='ocrx_word' id='word_1_518' title='bbox 1338 3988 1613 4055; x_wconf 88' lang='lat' dir='ltr'><strong>diabolus,</strong></span> <span class='ocrx_word' id='word_1_519' title='bbox 1674 3989 1771 4045; x_wconf 89' lang='lat' dir='ltr'><strong>sed</strong></span> <span class='ocrx_word' id='word_1_520' title='bbox 1822 3989 1970 4044; x_wconf 86' lang='lat' dir='ltr'><strong>aliud</strong></span> <span class='ocrx_word' id='word_1_521' title='bbox 2016 3991 2184 4044; x_wconf 89' lang='lat' dir='ltr'><strong>etiam</strong></span> 
     </span>
    </p>
   </div>
   <div class='ocr_carea' id='block_1_76' title="bbox 574 4070 2187 4149">
    <p class='ocr_par' dir='ltr' id='par_1_76' title="bbox 574 4070 2187 4149">
     <span class='ocr_line' id='line_1_76' title="bbox 574 4070 2187 4149; baseline 0.001 -18"><span class='ocrx_word' id='word_1_522' title='bbox 574 4126 577 4131; x_wconf 39' lang='grc' dir='ltr'><strong>λ</strong></span> <span class='ocrx_word' id='word_1_523' title='bbox 608 4079 841 4142; x_wconf 83' lang='lat' dir='ltr'><strong>addidit,</strong></span> <span class='ocrx_word' id='word_1_524' title='bbox 869 4087 929 4132; x_wconf 90' lang='lat' dir='ltr'><strong>ut</strong></span> <span class='ocrx_word' id='word_1_525' title='bbox 956 4092 1066 4132; x_wconf 89' lang='lat' dir='ltr'><strong>non</strong></span> <span class='ocrx_word' id='word_1_526' title='bbox 1096 4078 1273 4132; x_wconf 90' lang='lat' dir='ltr'><strong>solum</strong></span> <span class='ocrx_word' id='word_1_527' title='bbox 1307 4070 1611 4134; x_wconf 59' lang='lat' dir='ltr'><strong>lnterl‘eet&#39;m</strong></span> <span class='ocrx_word' id='word_1_528' title='bbox 1664 4080 1861 4148; x_wconf 74' lang='lat' dir='ltr'><strong>puellae</strong></span> <span class='ocrx_word' id='word_1_529' title='bbox 1924 4079 2187 4149; x_wconf 88' lang='lat' dir='ltr'><strong>reliquias</strong></span> 
     </span>
    </p>
   </div>
   <div class='ocr_carea' id='block_1_77' title="bbox 611 4170 2200 4240">
    <p class='ocr_par' dir='ltr' id='par_1_77' title="bbox 611 4170 2200 4240">
     <span class='ocr_line' id='line_1_77' title="bbox 611 4170 2200 4240; baseline -0.001 -15"><span class='ocrx_word' id='word_1_530' title='bbox 611 4171 913 4240; x_wconf 66' lang='lat' dir='ltr'><strong>sepultura:</strong></span> <span class='ocrx_word' id='word_1_531' title='bbox 944 4185 1057 4227; x_wconf 88' lang='lat' dir='ltr'><strong>non</strong></span> <span class='ocrx_word' id='word_1_532' title='bbox 1085 4170 1393 4236; x_wconf 89' lang='lat' dir='ltr'><strong>mandaret,</strong></span> <span class='ocrx_word' id='word_1_533' title='bbox 1421 4170 1517 4227; x_wconf 86' lang='lat' dir='ltr'><strong>sed</strong></span> <span class='ocrx_word' id='word_1_534' title='bbox 1561 4185 1659 4227; x_wconf 87' lang='lat' dir='ltr'><strong>eas</strong></span> <span class='ocrx_word' id='word_1_535' title='bbox 1697 4172 1863 4227; x_wconf 89' lang='lat' dir='ltr'><strong>etiam</strong></span> <span class='ocrx_word' id='word_1_536' title='bbox 1917 4173 1974 4226; x_wconf 92' lang='lat' dir='ltr'><strong>in</strong></span> <span class='ocrx_word' id='word_1_537' title='bbox 2028 4185 2200 4240; x_wconf 90' lang='lat' dir='ltr'><strong>aquas</strong></span> 
     </span>
    </p>
   </div>
   <div class='ocr_carea' id='block_1_78' title="bbox 486 4262 2201 4335">
    <p class='ocr_par' dir='ltr' id='par_1_78' title="bbox 486 4262 2201 4335">
     <span class='ocr_line' id='line_1_78' title="bbox 486 4262 2201 4335; baseline 0.001 -18"><span class='ocrx_word' id='word_1_538' title='bbox 486 4317 499 4327; x_wconf 76' lang='grc'><strong>,</strong></span> <span class='ocrx_word' id='word_1_539' title='bbox 584 4263 765 4319; x_wconf 86' lang='lat' dir='ltr'><strong>.ﬂuvii</strong></span> <span class='ocrx_word' id='word_1_540' title='bbox 800 4262 922 4317; x_wconf 91' lang='lat' dir='ltr'><strong>sine</strong></span> <span class='ocrx_word' id='word_1_541' title='bbox 964 4263 1340 4320; x_wconf 88' lang='lat' dir='ltr'><strong>misericordia</strong></span> <span class='ocrx_word' id='word_1_542' title='bbox 1386 4264 1570 4334; x_wconf 88' lang='lat' dir='ltr'><strong>aliqua</strong></span> <span class='ocrx_word' id='word_1_543' title='bbox 1596 4265 1914 4335; x_wconf 89' lang='lat' dir='ltr'><strong>projiceret.</strong></span> <span class='ocrx_word' id='word_1_544' title='bbox 1951 4265 2099 4319; x_wconf 89' lang='lat' dir='ltr'><strong>Talis</strong></span> <span class='ocrx_word' id='word_1_545' title='bbox 2116 4273 2201 4319; x_wconf 90' lang='lat' dir='ltr'><strong>est</strong></span> 
     </span>
    </p>
   </div>
   <div class='ocr_carea' id='block_1_79' title="bbox 612 4354 2196 4427">
    <p class='ocr_par' dir='ltr' id='par_1_79' title="bbox 612 4354 2196 4427">
     <span class='ocr_line' id='line_1_79' title="bbox 612 4354 2196 4427; baseline 0.001 -20"><span class='ocrx_word' id='word_1_546' title='bbox 612 4354 972 4424; x_wconf 61' lang='lat' dir='ltr'><strong>superbiaet</strong></span> <span class='ocrx_word' id='word_1_547' title='bbox 997 4356 1331 4427; x_wconf 71' lang='lat' dir='ltr'><strong>arrogantia:</strong></span> <span class='ocrx_word' id='word_1_548' title='bbox 1356 4354 1593 4411; x_wconf 83' lang='lat' dir='ltr'><strong>fruetus.</strong></span> <span class='ocrx_word' id='word_1_549' title='bbox 1614 4356 1729 4411; x_wconf 86' lang='lat' dir='ltr'><strong>Nisi</strong></span> <span class='ocrx_word' id='word_1_550' title='bbox 1761 4356 1909 4415; x_wconf 89' lang='lat' dir='ltr'><strong>enim</strong></span> <span class='ocrx_word' id='word_1_551' title='bbox 1928 4356 2196 4426; x_wconf 77' lang='lat' dir='ltr'><strong>ejusmodi</strong></span> 
     </span>
    </p>
   </div>
   <div class='ocr_carea' id='block_1_80' title="bbox 574 4444 2194 4517">
    <p class='ocr_par' dir='ltr' id='par_1_80' title="bbox 574 4444 2194 4517">
     <span class='ocr_line' id='line_1_80' title="bbox 574 4444 2194 4517; baseline -0.001 -17"><span class='ocrx_word' id='word_1_552' title='bbox 574 4452 839 4513; x_wconf 60' lang='lat' dir='ltr'><strong>peccato</strong></span> <span class='ocrx_word' id='word_1_553' title='bbox 870 4444 1176 4501; x_wconf 86' lang='lat' dir='ltr'><strong>monachus</strong></span> <span class='ocrx_word' id='word_1_554' title='bbox 1204 4445 1294 4500; x_wconf 90' lang='lat' dir='ltr'><strong>ille</strong></span> <span class='ocrx_word' id='word_1_555' title='bbox 1320 4461 1380 4501; x_wconf 88' lang='lat' dir='ltr'><strong>se</strong></span> <span class='ocrx_word' id='word_1_556' title='bbox 1404 4446 1751 4517; x_wconf 77' lang='lat' dir='ltr'><strong>subjecisset,</strong></span> <span class='ocrx_word' id='word_1_557' title='bbox 1768 4462 1974 4516; x_wconf 87' lang='lat' dir='ltr'><strong>pravus</strong></span> <span class='ocrx_word' id='word_1_558' title='bbox 1998 4446 2194 4511; x_wconf 87' lang='lat' dir='ltr'><strong>hostis,</strong></span> 
     </span>
    </p>
   </div>
   <div class='ocr_carea' id='block_1_81' title="bbox 614 4537 2196 4609">
    <p class='ocr_par' dir='ltr' id='par_1_81' title="bbox 614 4537 2196 4609">
     <span class='ocr_line' id='line_1_81' title="bbox 614 4537 2196 4609; baseline 0 -16"><span class='ocrx_word' id='word_1_559' title='bbox 614 4547 876 4607; x_wconf 79' lang='lat' dir='ltr'><strong>tanquam</strong></span> <span class='ocrx_word' id='word_1_560' title='bbox 914 4537 971 4591; x_wconf 92' lang='lat' dir='ltr'><strong>in</strong></span> <span class='ocrx_word' id='word_1_561' title='bbox 990 4538 1165 4593; x_wconf 83' lang='lat' dir='ltr'><strong>breve</strong></span> <span class='ocrx_word' id='word_1_562' title='bbox 1197 4538 1418 4609; x_wconf 86' lang='lat' dir='ltr'><strong>aliquod</strong></span> <span class='ocrx_word' id='word_1_563' title='bbox 1444 4538 1724 4608; x_wconf 84' lang='lat' dir='ltr'><strong>navigium</strong></span> <span class='ocrx_word' id='word_1_564' title='bbox 1751 4538 1860 4592; x_wconf 91' lang='lat' dir='ltr'><strong>vim</strong></span> <span class='ocrx_word' id='word_1_565' title='bbox 1892 4552 2109 4592; x_wconf 86' lang='lat' dir='ltr'><strong>onmem</strong></span> <span class='ocrx_word' id='word_1_566' title='bbox 2131 4554 2196 4593; x_wconf 88' lang='lat' dir='ltr'><strong>ae</strong></span> 
     </span>
    </p>
   </div>
   <div class='ocr_carea' id='block_1_82' title="bbox 613 4629 2194 4701">
    <p class='ocr_par' dir='ltr' id='par_1_82' title="bbox 613 4629 2194 4701">
     <span class='ocr_line' id='line_1_82' title="bbox 613 4629 2194 4701; baseline -0.001 -15"><span class='ocrx_word' id='word_1_567' title='bbox 613 4639 906 4689; x_wconf 74' lang='lat' dir='ltr'><strong>ventorum</strong></span> <span class='ocrx_word' id='word_1_568' title='bbox 931 4640 1126 4686; x_wconf 72' lang='lat' dir='ltr'><strong>aestum</strong></span> <span class='ocrx_word' id='word_1_569' title='bbox 1146 4629 1603 4697; x_wconf 77' lang='lat' dir='ltr'><strong>eﬂundens,eum</strong></span> <span class='ocrx_word' id='word_1_570' title='bbox 1628 4644 1818 4686; x_wconf 89' lang='lat' dir='ltr'><strong>senem</strong></span> <span class='ocrx_word' id='word_1_571' title='bbox 1846 4645 2194 4701; x_wconf 87' lang='lat' dir='ltr'><strong>nequaquam</strong></span> 
     </span>
    </p>
   </div>
   <div class='ocr_carea' id='block_1_83' title="bbox 616 4722 2197 4796">
    <p class='ocr_par' dir='ltr' id='par_1_83' title="bbox 616 4722 2197 4796">
     <span class='ocr_line' id='line_1_83' title="bbox 616 4722 2197 4796; baseline 0.001 -19"><span class='ocrx_word' id='word_1_572' title='bbox 616 4722 1062 4789; x_wconf 88' lang='lat' dir='ltr'><strong>dedecorasset,a</strong></span> <span class='ocrx_word' id='word_1_573' title='bbox 1084 4740 1193 4794; x_wconf 91' lang='lat' dir='ltr'><strong>quo</strong></span> <span class='ocrx_word' id='word_1_574' title='bbox 1212 4724 1394 4780; x_wconf 91' lang='lat' dir='ltr'><strong>adhue</strong></span> <span class='ocrx_word' id='word_1_575' title='bbox 1407 4728 1609 4796; x_wconf 89' lang='lat' dir='ltr'><strong>juvene</strong></span> <span class='ocrx_word' id='word_1_576' title='bbox 1623 4724 1801 4778; x_wconf 90' lang='lat' dir='ltr'><strong>victus</strong></span> <span class='ocrx_word' id='word_1_577' title='bbox 1819 4723 2018 4785; x_wconf 80' lang='lat' dir='ltr'><strong>fuerat;</strong></span> <span class='ocrx_word' id='word_1_578' title='bbox 2034 4740 2197 4794; x_wconf 89' lang='lat' dir='ltr'><strong>quem</strong></span> 
     </span>
    </p>
   </div>
   <div class='ocr_carea' id='block_1_84' title="bbox 616 4815 2193 4887">
    <p class='ocr_par' dir='ltr' id='par_1_84' title="bbox 616 4815 2193 4887">
     <span class='ocr_line' id='line_1_84' title="bbox 616 4815 2193 4887; baseline 0.005 -19"><span class='ocrx_word' id='word_1_579' title='bbox 616 4823 807 4886; x_wconf 83' lang='lat' dir='ltr'><strong>postea</strong></span> <span class='ocrx_word' id='word_1_580' title='bbox 834 4824 904 4881; x_wconf 84' lang='lat' dir='ltr'><strong>_et</strong></span> <span class='ocrx_word' id='word_1_581' title='bbox 946 4815 1062 4887; x_wconf 84' lang='lat' dir='ltr'><strong>ipse</strong></span> <span class='ocrx_word' id='word_1_582' title='bbox 1086 4817 1240 4881; x_wconf 84' lang='lat' dir='ltr'><strong>vicit,</strong></span> <span class='ocrx_word' id='word_1_583' title='bbox 1271 4833 1338 4872; x_wconf 88' lang='lat' dir='ltr'><strong>eo</strong></span> <span class='ocrx_word' id='word_1_584' title='bbox 1368 4818 1521 4887; x_wconf 88' lang='lat' dir='ltr'><strong>quod</strong></span> <span class='ocrx_word' id='word_1_585' title='bbox 1560 4817 1726 4872; x_wconf 88' lang='lat' dir='ltr'><strong>nimis</strong></span> <span class='ocrx_word' id='word_1_586' title='bbox 1751 4817 1955 4873; x_wconf 89' lang='lat' dir='ltr'><strong>elatum</strong></span> <span class='ocrx_word' id='word_1_587' title='bbox 2003 4819 2193 4876; x_wconf 86' lang='lat' dir='ltr'><strong>sensit.</strong></span> 
     </span>
    </p>
   </div>
   <div class='ocr_carea' id='block_1_85' title="bbox 1239 4910 1583 4967">
    <p class='ocr_par' dir='ltr' id='par_1_85' title="bbox 1239 4910 1583 4967">
     <span class='ocr_line' id='line_1_85' title="bbox 1239 4910 1583 4967; baseline -0.009 0"><span class='ocrx_word' id='word_1_588' title='bbox 1239 4910 1466 4967; x_wconf 83' lang='lat' dir='ltr'><strong>CAPUT</strong></span> <span class='ocrx_word' id='word_1_589' title='bbox 1495 4911 1583 4965; x_wconf 86' lang='lat' dir='ltr'><strong>1V.</strong></span> 
     </span>
    </p>
   </div>
   <div class='ocr_carea' id='block_1_86' title="bbox 1060 5001 1718 5073">
    <p class='ocr_par' dir='ltr' id='par_1_86' title="bbox 1060 5001 1718 5073">
     <span class='ocr_line' id='line_1_86' title="bbox 1060 5001 1718 5073; baseline 0 -16"><span class='ocrx_word' id='word_1_590' title='bbox 1060 5052 1063 5057; x_wconf 42' lang='grc' dir='ltr'><strong>λ</strong></span> <span class='ocrx_word' id='word_1_591' title='bbox 1101 5001 1281 5057; x_wconf 79' lang='lat' dir='ltr'><strong>Motus</strong></span> <span class='ocrx_word' id='word_1_592' title='bbox 1312 5003 1718 5073; x_wconf 80' lang='lat' dir='ltr'><strong>desperationis.</strong></span> 
     </span>
    </p>
   </div>
   <div class='ocr_carea' id='block_1_87' title="bbox 689 5094 2193 5167">
    <p class='ocr_par' dir='ltr' id='par_1_87' title="bbox 689 5094 2193 5167">
     <span class='ocr_line' id='line_1_87' title="bbox 689 5094 2193 5167; baseline 0.003 -17"><span class='ocrx_word' id='word_1_593' title='bbox 689 5094 855 5151; x_wconf 81' lang='lat' dir='ltr'><strong>XVIL</strong></span> <span class='ocrx_word' id='word_1_594' title='bbox 874 5095 994 5152; x_wconf 83' lang='lat' dir='ltr'><strong>.Sed</strong></span> <span class='ocrx_word' id='word_1_595' title='bbox 1030 5104 1212 5155; x_wconf 80' lang='lat' dir='ltr'><strong>tamen</strong></span> <span class='ocrx_word' id='word_1_596' title='bbox 1234 5096 1452 5167; x_wconf 87' lang='lat' dir='ltr'><strong>egregia</strong></span> <span class='ocrx_word' id='word_1_597' title='bbox 1474 5094 1681 5152; x_wconf 88' lang='lat' dir='ltr'><strong>Christi</strong></span> <span class='ocrx_word' id='word_1_598' title='bbox 1711 5109 2051 5154; x_wconf 88' lang='lat' dir='ltr'><strong>summorum</strong></span> <span class='ocrx_word' id='word_1_599' title='bbox 2091 5100 2193 5155; x_wconf 89' lang='lat' dir='ltr'><strong>bo-</strong></span> 
     </span>
    </p>
   </div>
   <div class='ocr_carea' id='block_1_88' title="bbox 617 5177 2207 5265">
    <p class='ocr_par' dir='ltr' id='par_1_88' title="bbox 617 5177 2207 5265">
     <span class='ocr_line' id='line_1_88' title="bbox 617 5177 2207 5265; baseline 0.001 -18"><span class='ocrx_word' id='word_1_600' title='bbox 617 5190 1142 5260; x_wconf 69' lang='lat' dir='ltr'><strong>normnlargitoris</strong></span> <span class='ocrx_word' id='word_1_601' title='bbox 1188 5189 1246 5243; x_wconf 91' lang='lat' dir='ltr'><strong>in</strong></span> <span class='ocrx_word' id='word_1_602' title='bbox 1306 5189 1559 5245; x_wconf 89' lang='lat' dir='ltr'><strong>homines</strong></span> <span class='ocrx_word' id='word_1_603' title='bbox 1618 5190 1999 5248; x_wconf 86' lang='lat' dir='ltr'><strong>benevolentia</strong></span> <span class='ocrx_word' id='word_1_604' title='bbox 2028 5233 2044 5259; x_wconf 94' lang='lat'><strong>,</strong></span> <span class='ocrx_word' id='word_1_605' title='bbox 2094 5177 2207 5265; x_wconf 35' lang='lat' dir='ltr'><strong>qui.</strong></span> 
     </span>
    </p>
   </div>
   <div class='ocr_carea' id='block_1_89' title="bbox 618 5282 2188 5356">
    <p class='ocr_par' dir='ltr' id='par_1_89' title="bbox 618 5282 2188 5356">
     <span class='ocr_line' id='line_1_89' title="bbox 618 5282 2188 5356; baseline 0.003 -20"><span class='ocrx_word' id='word_1_606' title='bbox 618 5296 813 5347; x_wconf 82' lang='lat' dir='ltr'><strong>omnes</strong></span> <span class='ocrx_word' id='word_1_607' title='bbox 832 5282 1089 5343; x_wconf 73' lang='lat' dir='ltr'><strong>homines</strong></span> <span class='ocrx_word' id='word_1_608' title='bbox 1116 5282 1324 5336; x_wconf 85' lang='lat' dir='ltr'><strong>mavult</strong></span> <span class='ocrx_word' id='word_1_609' title='bbox 1339 5282 1520 5337; x_wconf 86' lang='lat' dir='ltr'><strong>salvos</strong></span> <span class='ocrx_word' id='word_1_610' title='bbox 1542 5296 1686 5348; x_wconf 89' lang='lat' dir='ltr'><strong>esse,</strong></span> <span class='ocrx_word' id='word_1_611' title='bbox 1709 5299 1871 5356; x_wconf 86' lang='lat' dir='ltr'><strong>quam</strong></span> <span class='ocrx_word' id='word_1_612' title='bbox 1886 5286 2092 5354; x_wconf 87' lang='lat' dir='ltr'><strong>perire,</strong></span> <span class='ocrx_word' id='word_1_613' title='bbox 2114 5287 2188 5352; x_wconf 87' lang='lat' dir='ltr'><strong>ei,</strong></span> 
     </span>
    </p>
   </div>
   <div class='ocr_carea' id='block_1_90' title="bbox 616 5373 2190 5449">
    <p class='ocr_par' dir='ltr' id='par_1_90' title="bbox 616 5373 2190 5449">
     <span class='ocr_line' id='line_1_90' title="bbox 616 5373 2190 5449; baseline 0.003 -20"><span class='ocrx_word' id='word_1_614' title='bbox 616 5375 714 5445; x_wconf 84' lang='lat' dir='ltr'><strong>qui</strong></span> <span class='ocrx_word' id='word_1_615' title='bbox 744 5373 932 5445; x_wconf 85' lang='lat' dir='ltr'><strong>lapsus</strong></span> <span class='ocrx_word' id='word_1_616' title='bbox 950 5374 1141 5430; x_wconf 72' lang='lat' dir='ltr'><strong>luerat</strong></span> <span class='ocrx_word' id='word_1_617' title='bbox 1167 5380 1332 5445; x_wconf 85' lang='lat' dir='ltr'><strong>atque</strong></span> <span class='ocrx_word' id='word_1_618' title='bbox 1362 5374 1516 5437; x_wconf 87' lang='lat' dir='ltr'><strong>humi</strong></span> <span class='ocrx_word' id='word_1_619' title='bbox 1546 5376 1787 5447; x_wconf 86' lang='lat' dir='ltr'><strong>jacebat,</strong></span> <span class='ocrx_word' id='word_1_620' title='bbox 1807 5394 2031 5433; x_wconf 90' lang='lat' dir='ltr'><strong>manum</strong></span> <span class='ocrx_word' id='word_1_621' title='bbox 2056 5396 2190 5449; x_wconf 83' lang='lat' dir='ltr'><strong>por-</strong></span> 
     </span>
    </p>
   </div>
   <div class='ocr_carea' id='block_1_91' title="bbox 688 5516 2195 5592">
    <p class='ocr_par' dir='ltr' id='par_1_91' title="bbox 688 5516 2195 5592">
     <span class='ocr_line' id='line_1_91' title="bbox 688 5516 2195 5592; baseline 0.004 -17"><span class='ocrx_word' id='word_1_622' title='bbox 688 5520 762 5592; x_wconf 78' lang='lat'><strong>(5)</strong></span> <span class='ocrx_word' id='word_1_623' title='bbox 787 5518 869 5573; x_wconf 82' lang='lat' dir='ltr'><strong>An</strong></span> <span class='ocrx_word' id='word_1_624' title='bbox 901 5516 1159 5592; x_wconf 67' lang='lat' dir='ltr'><strong>tumbaec</strong></span> <span class='ocrx_word' id='word_1_625' title='bbox 1190 5527 1337 5592; x_wconf 83' lang='lat' dir='ltr'><strong>secta</strong></span> <span class='ocrx_word' id='word_1_626' title='bbox 1366 5534 1486 5592; x_wconf 84' lang='lat' dir='ltr'><strong>esse</strong></span> <span class='ocrx_word' id='word_1_627' title='bbox 1531 5519 1816 5575; x_wconf 84' lang='lat' dir='ltr'><strong>desierat?</strong></span> <span class='ocrx_word' id='word_1_628' title='bbox 1843 5522 2006 5579; x_wconf 87' lang='lat' dir='ltr'><strong>Certe</strong></span> <span class='ocrx_word' id='word_1_629' title='bbox 2056 5524 2195 5581; x_wconf 84' lang='lat' dir='ltr'><strong>Pro-</strong></span> 
     </span>
    </p>
   </div>
   <div class='ocr_carea' id='block_1_92' title="bbox 616 5588 2195 5660">
    <p class='ocr_par' dir='ltr' id='par_1_92' title="bbox 616 5588 2195 5660">
     <span class='ocr_line' id='line_1_92' title="bbox 616 5588 2195 5660; baseline 0.003 -16"><span class='ocrx_word' id='word_1_630' title='bbox 616 5588 814 5660; x_wconf 84' lang='lat' dir='ltr'><strong>copius</strong></span> <span class='ocrx_word' id='word_1_631' title='bbox 868 5588 1062 5644; x_wconf 85' lang='lat' dir='ltr'><strong>scribit</strong></span> <span class='ocrx_word' id='word_1_632' title='bbox 1119 5589 1225 5643; x_wconf 84' lang='lat' dir='ltr'><strong>sub</strong></span> <span class='ocrx_word' id='word_1_633' title='bbox 1266 5590 1612 5654; x_wconf 79' lang='lat' dir='ltr'><strong>Justiniano,</strong></span> <span class='ocrx_word' id='word_1_634' title='bbox 1654 5610 1670 5641; x_wconf 81' lang='grc' dir='ltr'><strong>ι</strong></span> <span class='ocrx_word' id='word_1_635' title='bbox 1702 5594 2077 5649; x_wconf 71' lang='lat' dir='ltr'><strong>Samaritanus</strong></span> <span class='ocrx_word' id='word_1_636' title='bbox 2137 5608 2195 5649; x_wconf 86' lang='lat' dir='ltr'><strong>nl.</strong></span> 
     </span>
    </p>
   </div>
   <div class='ocr_carea' id='block_1_93' title="bbox 618 5660 2194 5733">
    <p class='ocr_par' dir='ltr' id='par_1_93' title="bbox 618 5660 2194 5733">
     <span class='ocr_line' id='line_1_93' title="bbox 618 5660 2194 5733; baseline 0.005 -20"><span class='ocrx_word' id='word_1_637' title='bbox 618 5661 918 5730; x_wconf 82' lang='lat' dir='ltr'><strong>plurimum</strong></span> <span class='ocrx_word' id='word_1_638' title='bbox 953 5660 1299 5717; x_wconf 63' lang='lat' dir='ltr'><strong>Christianos</strong></span> <span class='ocrx_word' id='word_1_639' title='bbox 1331 5661 1603 5719; x_wconf 63' lang='lat' dir='ltr'><strong>enectos:</strong></span> <span class='ocrx_word' id='word_1_640' title='bbox 1645 5682 1663 5713; x_wconf 74' lang='grc' dir='ltr'><strong>ι</strong></span> <span class='ocrx_word' id='word_1_641' title='bbox 1708 5664 1944 5733; x_wconf 84' lang='lat' dir='ltr'><strong>ideoque</strong></span> <span class='ocrx_word' id='word_1_642' title='bbox 1984 5687 1999 5715; x_wconf 80' lang='grc' dir='ltr'>σ</span> <span class='ocrx_word' id='word_1_643' title='bbox 2029 5667 2194 5722; x_wconf 69' lang='lat' dir='ltr'><strong>Justi-</strong></span> 
     </span>
    </p>
   </div>
   <div class='ocr_carea' id='block_1_94' title="bbox 2292 3911 3838 3984">
    <p class='ocr_par' dir='ltr' id='par_1_94' title="bbox 2292 3911 3838 3984">
     <span class='ocr_line' id='line_1_94' title="bbox 2292 3911 3838 3984; baseline 0.003 -17"><span class='ocrx_word' id='word_1_644' title='bbox 2292 3911 2458 3978; x_wconf 79' lang='lat' dir='ltr'><strong>rexit,</strong></span> <span class='ocrx_word' id='word_1_645' title='bbox 2481 3922 2536 3968; x_wconf 89' lang='lat' dir='ltr'><strong>et</strong></span> <span class='ocrx_word' id='word_1_646' title='bbox 2563 3914 2900 3982; x_wconf 77' lang='lat' dir='ltr'><strong>pmniteutiae</strong></span> <span class='ocrx_word' id='word_1_647' title='bbox 2928 3917 3194 3973; x_wconf 87' lang='lat' dir='ltr'><strong>remediis</strong></span> <span class='ocrx_word' id='word_1_648' title='bbox 3226 3917 3556 3976; x_wconf 85' lang='lat' dir='ltr'><strong>insanabilia</strong></span> <span class='ocrx_word' id='word_1_649' title='bbox 3579 3924 3633 3970; x_wconf 86' lang='lat' dir='ltr'><strong>et</strong></span> <span class='ocrx_word' id='word_1_650' title='bbox 3652 3923 3838 3984; x_wconf 54' lang='lat' dir='ltr'><strong>gravet}-</strong></span> 
     </span>
    </p>
   </div>
   <div class='ocr_carea' id='block_1_95' title="bbox 2292 4005 3838 4081">
    <p class='ocr_par' dir='ltr' id='par_1_95' title="bbox 2292 4005 3838 4081">
     <span class='ocr_line' id='line_1_95' title="bbox 2292 4005 3838 4081; baseline -0.004 -20"><span class='ocrx_word' id='word_1_651' title='bbox 2292 4005 2462 4060; x_wconf 89' lang='lat' dir='ltr'><strong>Ientia</strong></span> <span class='ocrx_word' id='word_1_652' title='bbox 2498 4009 2705 4075; x_wconf 84' lang='lat' dir='ltr'><strong>proprii</strong></span> <span class='ocrx_word' id='word_1_653' title='bbox 2742 4005 3009 4077; x_wconf 77' lang='lat' dir='ltr'><strong>ﬁgutobti,</strong></span> <span class='ocrx_word' id='word_1_654' title='bbox 3060 4008 3168 4063; x_wconf 87' lang='lat' dir='ltr'><strong>hoc</strong></span> <span class='ocrx_word' id='word_1_655' title='bbox 3201 4019 3291 4065; x_wconf 85' lang='lat' dir='ltr'><strong>est</strong></span> <span class='ocrx_word' id='word_1_656' title='bbox 3315 4012 3435 4081; x_wconf 87' lang='lat' dir='ltr'><strong>ejus</strong></span> <span class='ocrx_word' id='word_1_657' title='bbox 3479 4008 3601 4071; x_wconf 86' lang='lat' dir='ltr'><strong>viri,</strong></span> <span class='ocrx_word' id='word_1_658' title='bbox 3648 4005 3838 4058; x_wconf 84' lang='lat' dir='ltr'><strong>vulnera</strong></span> 
     </span>
    </p>
   </div>
   <div class='ocr_carea' id='block_1_96' title="bbox 2298 4091 3836 4172">
    <p class='ocr_par' dir='ltr' id='par_1_96' title="bbox 2298 4091 3836 4172">
     <span class='ocr_line' id='line_1_96' title="bbox 2298 4091 3836 4172; baseline 0.003 -21"><span class='ocrx_word' id='word_1_659' title='bbox 2298 4096 2538 4160; x_wconf 86' lang='lat' dir='ltr'><strong>curavit,</strong></span> <span class='ocrx_word' id='word_1_660' title='bbox 2571 4096 2879 4167; x_wconf 87' lang='lat' dir='ltr'><strong>iisdemque</strong></span> <span class='ocrx_word' id='word_1_661' title='bbox 2914 4114 2978 4153; x_wconf 90' lang='lat' dir='ltr'><strong>ac</strong></span> <span class='ocrx_word' id='word_1_662' title='bbox 3003 4100 3312 4171; x_wconf 85' lang='lat' dir='ltr'><strong>majoribus</strong></span> <span class='ocrx_word' id='word_1_663' title='bbox 3336 4101 3528 4172; x_wconf 86' lang='lat' dir='ltr'><strong>gratiis</strong></span> <span class='ocrx_word' id='word_1_664' title='bbox 3553 4108 3669 4168; x_wconf 85' lang='lat' dir='ltr'><strong>post</strong></span> <span class='ocrx_word' id='word_1_665' title='bbox 3690 4091 3836 4165; x_wconf 64' lang='lat' dir='ltr'><strong>pwni&#39;</strong></span> 
     </span>
    </p>
   </div>
   <div class='ocr_carea' id='block_1_97' title="bbox 2301 4185 3838 4249">
    <p class='ocr_par' dir='ltr' id='par_1_97' title="bbox 2301 4185 3838 4249">
     <span class='ocr_line' id='line_1_97' title="bbox 2301 4185 3838 4249; baseline -0.007 -6"><span class='ocrx_word' id='word_1_666' title='bbox 2301 4190 2531 4243; x_wconf 89' lang='lat' dir='ltr'><strong>tentiam</strong></span> <span class='ocrx_word' id='word_1_667' title='bbox 2588 4205 2715 4245; x_wconf 86' lang='lat' dir='ltr'><strong>eum</strong></span> <span class='ocrx_word' id='word_1_668' title='bbox 2774 4190 3082 4246; x_wconf 84' lang='lat' dir='ltr'><strong>decoravit.</strong></span> <span class='ocrx_word' id='word_1_669' title='bbox 3120 4192 3251 4248; x_wconf 62' lang='lat' dir='ltr'><strong>Haec</strong></span> <span class='ocrx_word' id='word_1_670' title='bbox 3299 4204 3484 4249; x_wconf 87' lang='lat' dir='ltr'><strong>autem</strong></span> <span class='ocrx_word' id='word_1_671' title='bbox 3531 4191 3584 4244; x_wconf 90' lang='lat' dir='ltr'><strong>in</strong></span> <span class='ocrx_word' id='word_1_672' title='bbox 3635 4185 3838 4241; x_wconf 84' lang='lat' dir='ltr'><strong>medium</strong></span> 
     </span>
    </p>
   </div>
   <div class='ocr_carea' id='block_1_98' title="bbox 2298 4276 3838 4355">
    <p class='ocr_par' dir='ltr' id='par_1_98' title="bbox 2298 4276 3838 4355">
     <span class='ocr_line' id='line_1_98' title="bbox 2298 4276 3838 4355; baseline 0 -23"><span class='ocrx_word' id='word_1_673' title='bbox 2298 4281 2548 4349; x_wconf 81' lang='lat' dir='ltr'><strong>proferre</strong></span> <span class='ocrx_word' id='word_1_674' title='bbox 2578 4281 2754 4336; x_wconf 88' lang='lat' dir='ltr'><strong>coacti</strong></span> <span class='ocrx_word' id='word_1_675' title='bbox 2802 4298 3019 4347; x_wconf 88' lang='lat' dir='ltr'><strong>sumus,</strong></span> <span class='ocrx_word' id='word_1_676' title='bbox 3054 4294 3115 4337; x_wconf 90' lang='lat' dir='ltr'><strong>ut</strong></span> <span class='ocrx_word' id='word_1_677' title='bbox 3168 4285 3316 4341; x_wconf 89' lang='lat' dir='ltr'><strong>sicut</strong></span> <span class='ocrx_word' id='word_1_678' title='bbox 3377 4282 3703 4355; x_wconf 88' lang='lat' dir='ltr'><strong>superiorem</strong></span> <span class='ocrx_word' id='word_1_679' title='bbox 3744 4276 3838 4343; x_wconf 60' lang='lat' dir='ltr'><strong>Ejus</strong></span> 
     </span>
    </p>
   </div>
   <div class='ocr_carea' id='block_1_99' title="bbox 2299 4363 3837 4441">
    <p class='ocr_par' dir='ltr' id='par_1_99' title="bbox 2299 4363 3837 4441">
     <span class='ocr_line' id='line_1_99' title="bbox 2299 4363 3837 4441; baseline 0 -18"><span class='ocrx_word' id='word_1_680' title='bbox 2299 4371 2468 4424; x_wconf 88' lang='lat' dir='ltr'><strong>vitam</strong></span> <span class='ocrx_word' id='word_1_681' title='bbox 2493 4382 2910 4441; x_wconf 82' lang='lat' dir='ltr'><strong>cognoscentes,</strong></span> <span class='ocrx_word' id='word_1_682' title='bbox 2945 4374 3118 4428; x_wconf 89' lang='lat' dir='ltr'><strong>Deum</strong></span> <span class='ocrx_word' id='word_1_683' title='bbox 3145 4372 3511 4441; x_wconf 85' lang='lat' dir='ltr'><strong>Iaudavi&#39;mus,</strong></span> <span class='ocrx_word' id='word_1_684' title='bbox 3530 4382 3585 4427; x_wconf 91' lang='lat' dir='ltr'><strong>et</strong></span> <span class='ocrx_word' id='word_1_685' title='bbox 3602 4363 3837 4440; x_wconf 72' lang='lat' dir='ltr'><strong>quomodo</strong></span> 
     </span>
    </p>
   </div>
   <div class='ocr_carea' id='block_1_100' title="bbox 2302 4455 3833 4531">
    <p class='ocr_par' dir='ltr' id='par_1_100' title="bbox 2302 4455 3833 4531">
     <span class='ocr_line' id='line_1_100' title="bbox 2302 4455 3833 4531; baseline -0.003 -16"><span class='ocrx_word' id='word_1_686' title='bbox 2302 4463 2487 4531; x_wconf 79' lang='lat' dir='ltr'><strong>lapsus</strong></span> <span class='ocrx_word' id='word_1_687' title='bbox 2514 4462 2684 4519; x_wconf 81' lang='lat' dir='ltr'><strong>fuerit</strong></span> <span class='ocrx_word' id='word_1_688' title='bbox 2722 4464 3030 4527; x_wconf 77' lang='lat' dir='ltr'><strong>audientes,</strong></span> <span class='ocrx_word' id='word_1_689' title='bbox 3056 4466 3108 4520; x_wconf 93' lang='lat' dir='ltr'><strong>in</strong></span> <span class='ocrx_word' id='word_1_690' title='bbox 3139 4469 3422 4522; x_wconf 87' lang='lat' dir='ltr'><strong>tristitiam</strong></span> <span class='ocrx_word' id='word_1_691' title='bbox 3451 4463 3756 4521; x_wconf 69' lang='lat' dir='ltr'><strong>incidimus;</strong></span> <span class='ocrx_word' id='word_1_692' title='bbox 3778 4455 3833 4507; x_wconf 71' lang='lat' dir='ltr'><strong>ita</strong></span> 
     </span>
    </p>
   </div>
   <div class='ocr_carea' id='block_1_101' title="bbox 2303 4554 3835 4627">
    <p class='ocr_par' dir='ltr' id='par_1_101' title="bbox 2303 4554 3835 4627">
     <span class='ocr_line' id='line_1_101' title="bbox 2303 4554 3835 4627; baseline -0.005 -20"><span class='ocrx_word' id='word_1_693' title='bbox 2303 4563 2360 4607; x_wconf 88' lang='lat' dir='ltr'><strong>et</strong></span> <span class='ocrx_word' id='word_1_694' title='bbox 2409 4554 2683 4609; x_wconf 85' lang='lat' dir='ltr'><strong>sinceram</strong></span> <span class='ocrx_word' id='word_1_695' title='bbox 2740 4556 2913 4625; x_wconf 89' lang='lat' dir='ltr'><strong>ipsius</strong></span> <span class='ocrx_word' id='word_1_696' title='bbox 2966 4558 3349 4627; x_wconf 72' lang='lat' dir='ltr'><strong>ptrnitentiam</strong></span> <span class='ocrx_word' id='word_1_697' title='bbox 3402 4560 3713 4613; x_wconf 78' lang='lat' dir='ltr'><strong>ediscentes.</strong></span> <span class='ocrx_word' id='word_1_698' title='bbox 3750 4559 3835 4600; x_wconf 87' lang='lat' dir='ltr'><strong>non</strong></span> 
     </span>
    </p>
   </div>
   <div class='ocr_carea' id='block_1_102' title="bbox 2299 4645 3836 4722">
    <p class='ocr_par' dir='ltr' id='par_1_102' title="bbox 2299 4645 3836 4722">
     <span class='ocr_line' id='line_1_102' title="bbox 2299 4645 3836 4722; baseline -0.003 -23"><span class='ocrx_word' id='word_1_699' title='bbox 2299 4645 2981 4716; x_wconf 82' lang='lat' dir='ltr'><strong>nobisipsiseonﬁdamus,</strong></span> <span class='ocrx_word' id='word_1_700' title='bbox 3013 4652 3109 4706; x_wconf 91' lang='lat' dir='ltr'><strong>sed</strong></span> <span class='ocrx_word' id='word_1_701' title='bbox 3143 4651 3197 4707; x_wconf 91' lang='lat' dir='ltr'><strong>in</strong></span> <span class='ocrx_word' id='word_1_702' title='bbox 3228 4649 3617 4722; x_wconf 55' lang='lat' dir='ltr'><strong>benignissimo</strong></span> <span class='ocrx_word' id='word_1_703' title='bbox 3638 4646 3756 4701; x_wconf 88' lang='lat' dir='ltr'><strong>Deo,</strong></span> <span class='ocrx_word' id='word_1_704' title='bbox 3784 4649 3836 4687; x_wconf 69' lang='grc' dir='ltr'>ει</span> 
     </span>
    </p>
   </div>
   <div class='ocr_carea' id='block_1_103' title="bbox 2297 4739 3831 4813">
    <p class='ocr_par' dir='ltr' id='par_1_103' title="bbox 2297 4739 3831 4813">
     <span class='ocr_line' id='line_1_103' title="bbox 2297 4739 3831 4813; baseline -0.003 -22"><span class='ocrx_word' id='word_1_705' title='bbox 2297 4753 2407 4808; x_wconf 91' lang='lat' dir='ltr'><strong>quo</strong></span> <span class='ocrx_word' id='word_1_706' title='bbox 2422 4739 2607 4808; x_wconf 70' lang='lat' dir='ltr'><strong>gratiae</strong></span> <span class='ocrx_word' id='word_1_707' title='bbox 2630 4755 2823 4795; x_wconf 90' lang='lat' dir='ltr'><strong>omnes</strong></span> <span class='ocrx_word' id='word_1_708' title='bbox 2855 4741 3298 4810; x_wconf 77' lang='lat' dir='ltr'><strong>proﬁciscuntur,</strong></span> <span class='ocrx_word' id='word_1_709' title='bbox 3336 4757 3485 4813; x_wconf 87' lang='lat' dir='ltr'><strong>spem</strong></span> <span class='ocrx_word' id='word_1_710' title='bbox 3510 4740 3831 4794; x_wconf 78' lang='lat' dir='ltr'><strong>collocemus;</strong></span> 
     </span>
    </p>
   </div>
   <div class='ocr_carea' id='block_1_104' title="bbox 2297 4823 3833 4905">
    <p class='ocr_par' dir='ltr' id='par_1_104' title="bbox 2297 4823 3833 4905">
     <span class='ocr_line' id='line_1_104' title="bbox 2297 4823 3833 4905; baseline -0.006 -21"><span class='ocrx_word' id='word_1_711' title='bbox 2297 4831 2392 4901; x_wconf 85' lang='lat' dir='ltr'><strong>qui</strong></span> <span class='ocrx_word' id='word_1_712' title='bbox 2413 4840 2470 4885; x_wconf 91' lang='lat' dir='ltr'><strong>et</strong></span> <span class='ocrx_word' id='word_1_713' title='bbox 2495 4830 2661 4886; x_wconf 84' lang='lat' dir='ltr'><strong>nobis</strong></span> <span class='ocrx_word' id='word_1_714' title='bbox 2684 4833 2963 4902; x_wconf 76' lang='lat' dir='ltr'><strong>stantibus</strong></span> <span class='ocrx_word' id='word_1_715' title='bbox 2992 4835 3089 4889; x_wconf 86' lang='lat' dir='ltr'><strong>dat</strong></span> <span class='ocrx_word' id='word_1_716' title='bbox 3141 4837 3486 4905; x_wconf 86' lang='lat' dir='ltr'><strong>patientiam,</strong></span> <span class='ocrx_word' id='word_1_717' title='bbox 3513 4841 3572 4885; x_wconf 91' lang='lat' dir='ltr'><strong>ut</strong></span> <span class='ocrx_word' id='word_1_718' title='bbox 3626 4823 3833 4898; x_wconf 69' lang='lat' dir='ltr'><strong>perfecte</strong></span> 
     </span>
    </p>
   </div>
   <div class='ocr_carea' id='block_1_105' title="bbox 2299 4922 3832 5000">
    <p class='ocr_par' dir='ltr' id='par_1_105' title="bbox 2299 4922 3832 5000">
     <span class='ocr_line' id='line_1_105' title="bbox 2299 4922 3832 5000; baseline -0.02 -5"><span class='ocrx_word' id='word_1_719' title='bbox 2299 4931 2446 4979; x_wconf 67' lang='grc' dir='ltr'>δίεπε</span> <span class='ocrx_word' id='word_1_720' title='bbox 2510 4926 2822 4993; x_wconf 57' lang='lat' dir='ltr'><strong>Possim“;</strong></span> <span class='ocrx_word' id='word_1_721' title='bbox 2852 4934 2931 4991; x_wconf 75' lang='grc' dir='ltr'><strong>οι.</strong></span> <span class='ocrx_word' id='word_1_722' title='bbox 2968 4927 3189 4998; x_wconf 67' lang='lat' dir='ltr'><strong>pigritia</strong></span> <span class='ocrx_word' id='word_1_723' title='bbox 3247 4929 3505 5000; x_wconf 79' lang='lat' dir='ltr'><strong>eadeptes</strong></span> <span class='ocrx_word' id='word_1_724' title='bbox 3556 4936 3649 4977; x_wconf 90' lang='lat' dir='ltr'><strong>sua</strong></span> <span class='ocrx_word' id='word_1_725' title='bbox 3697 4922 3832 4969; x_wconf 83' lang='lat' dir='ltr'><strong>manu</strong></span> 
     </span>
    </p>
   </div>
   <div class='ocr_carea' id='block_1_106' title="bbox 2296 5002 3835 5093">
    <p class='ocr_par' dir='ltr' id='par_1_106' title="bbox 2296 5002 3835 5093">
     <span class='ocr_line' id='line_1_106' title="bbox 2296 5002 3835 5093; baseline 0.005 -21"><span class='ocrx_word' id='word_1_726' title='bbox 2296 5027 2589 5081; x_wconf 84' lang='lat' dir='ltr'><strong>sustentat,</strong></span> <span class='ocrx_word' id='word_1_727' title='bbox 2629 5020 2731 5074; x_wconf 89' lang='lat' dir='ltr'><strong>hoc</strong></span> <span class='ocrx_word' id='word_1_728' title='bbox 2762 5030 2867 5085; x_wconf 76' lang='lat' dir='ltr'><strong>est,</strong></span> <span class='ocrx_word' id='word_1_729' title='bbox 2898 5037 3060 5091; x_wconf 85' lang='lat' dir='ltr'><strong>opem</strong></span> <span class='ocrx_word' id='word_1_730' title='bbox 3096 5022 3259 5079; x_wconf 89' lang='lat' dir='ltr'><strong>nobis</strong></span> <span class='ocrx_word' id='word_1_731' title='bbox 3313 5018 3557 5093; x_wconf 86' lang='lat' dir='ltr'><strong>porrigit,</strong></span> <span class='ocrx_word' id='word_1_732' title='bbox 3608 5028 3668 5067; x_wconf 69' lang='lat' dir='ltr'><strong>nc</strong></span> <span class='ocrx_word' id='word_1_733' title='bbox 3688 5002 3835 5079; x_wconf 61' lang='lat' dir='ltr'><strong>Pwm‘</strong></span> 
     </span>
    </p>
   </div>
   <div class='ocr_carea' id='block_1_107' title="bbox 2270 5109 3833 5187">
    <p class='ocr_par' dir='ltr' id='par_1_107' title="bbox 2270 5109 3833 5187">
     <span class='ocr_line' id='line_1_107' title="bbox 2270 5109 3833 5187; baseline -0.008 -20"><span class='ocrx_word' id='word_1_734' title='bbox 2270 5119 2480 5168; x_wconf 73' lang='lat' dir='ltr'><strong>tentes</strong></span> <span class='ocrx_word' id='word_1_735' title='bbox 2540 5128 2644 5182; x_wconf 76' lang='lat' dir='ltr'><strong>pro,</strong></span> <span class='ocrx_word' id='word_1_736' title='bbox 2692 5128 2791 5169; x_wconf 86' lang='lat' dir='ltr'><strong>sua</strong></span> <span class='ocrx_word' id='word_1_737' title='bbox 2847 5114 2903 5168; x_wconf 92' lang='lat' dir='ltr'><strong>in</strong></span> <span class='ocrx_word' id='word_1_738' title='bbox 2940 5114 3241 5171; x_wconf 88' lang='lat' dir='ltr'><strong>humanum</strong></span> <span class='ocrx_word' id='word_1_739' title='bbox 3266 5130 3438 5187; x_wconf 86' lang='lat' dir='ltr'><strong>genus</strong></span> <span class='ocrx_word' id='word_1_740' title='bbox 3465 5109 3714 5168; x_wconf 85' lang='lat' dir='ltr'><strong>cbaritate</strong></span> <span class='ocrx_word' id='word_1_741' title='bbox 3734 5110 3833 5152; x_wconf 78' lang='lat' dir='ltr'><strong>am-</strong></span> 
     </span>
    </p>
   </div>
   <div class='ocr_carea' id='block_1_108' title="bbox 2296 5204 3790 5290">
    <p class='ocr_par' dir='ltr' id='par_1_108' title="bbox 2296 5204 3790 5290">
     <span class='ocr_line' id='line_1_108' title="bbox 2296 5204 3790 5290; baseline 0.001 -33"><span class='ocrx_word' id='word_1_742' title='bbox 2296 5204 2575 5272; x_wconf 89' lang='lat' dir='ltr'><strong>plectitur.</strong></span> <span class='ocrx_word' id='word_1_743' title='bbox 2750 5216 2755 5220; x_wconf 73' lang='lat'><strong><em>‘</em></strong></span> <span class='ocrx_word' id='word_1_744' title='bbox 3780 5280 3790 5290; x_wconf 36' lang='lat'><strong>.</strong></span> 
     </span>
    </p>
   </div>
   <div class='ocr_carea' id='block_1_109' title="bbox 2368 5286 3827 5371">
    <p class='ocr_par' dir='ltr' id='par_1_109' title="bbox 2368 5286 3827 5371">
     <span class='ocr_line' id='line_1_109' title="bbox 2368 5286 3827 5371; baseline -0.01 -20"><span class='ocrx_word' id='word_1_745' title='bbox 2368 5295 2559 5353; x_wconf 78' lang='lat' dir='ltr'><strong>XVIII.</strong></span> <span class='ocrx_word' id='word_1_746' title='bbox 2598 5299 2819 5355; x_wconf 87' lang='lat' dir='ltr'><strong>Etenim</strong></span> <span class='ocrx_word' id='word_1_747' title='bbox 2867 5303 2961 5371; x_wconf 92' lang='lat' dir='ltr'><strong>qui</strong></span> <span class='ocrx_word' id='word_1_748' title='bbox 3023 5312 3107 5358; x_wconf 90' lang='lat' dir='ltr'><strong>tot</strong></span> <span class='ocrx_word' id='word_1_749' title='bbox 3154 5314 3215 5359; x_wconf 83' lang='lat' dir='ltr'><strong>et</strong></span> <span class='ocrx_word' id='word_1_750' title='bbox 3263 5302 3386 5357; x_wconf 87' lang='lat' dir='ltr'><strong>talia</strong></span> <span class='ocrx_word' id='word_1_751' title='bbox 3440 5297 3573 5354; x_wconf 85' lang='lat' dir='ltr'><strong>mala</strong></span> <span class='ocrx_word' id='word_1_752' title='bbox 3609 5286 3827 5371; x_wconf 69' lang='lat' dir='ltr'><strong>patravit.</strong></span> 
     </span>
    </p>
   </div>
   <div class='ocr_carea' id='block_1_110' title="bbox 2301 5370 3829 5464">
    <p class='ocr_par' dir='ltr' id='par_1_110' title="bbox 2301 5370 3829 5464">
     <span class='ocr_line' id='line_1_110' title="bbox 2301 5370 3829 5464; baseline -0.02 -8"><span class='ocrx_word' id='word_1_753' title='bbox 2301 5402 2541 5456; x_wconf 77' lang='lat' dir='ltr'><strong>quorum</strong></span> <span class='ocrx_word' id='word_1_754' title='bbox 2570 5370 3007 5462; x_wconf 85' lang='lat' dir='ltr'><strong>unumquodque</strong></span> <span class='ocrx_word' id='word_1_755' title='bbox 3030 5395 3295 5464; x_wconf 61' lang='lat' dir='ltr'><strong>gebennm</strong></span> <span class='ocrx_word' id='word_1_756' title='bbox 3322 5390 3611 5447; x_wconf 76' lang='lat' dir='ltr'><strong>obnoxium</strong></span> <span class='ocrx_word' id='word_1_757' title='bbox 3630 5390 3741 5435; x_wconf 84' lang='lat' dir='ltr'><strong>eum</strong></span> <span class='ocrx_word' id='word_1_758' title='bbox 3763 5370 3829 5425; x_wconf 63' lang='grc' dir='ltr'><strong>[θ’</strong></span> 
     </span>
    </p>
   </div>
   <div class='ocr_carea' id='block_1_111' title="bbox 2305 5521 3819 5594">
    <p class='ocr_par' dir='ltr' id='par_1_111' title="bbox 2305 5521 3819 5594">
     <span class='ocr_line' id='line_1_111' title="bbox 2305 5521 3819 5594; baseline -0.001 -11"><span class='ocrx_word' id='word_1_759' title='bbox 2305 5529 2531 5585; x_wconf 88' lang='lat' dir='ltr'><strong>nianum</strong></span> <span class='ocrx_word' id='word_1_760' title='bbox 2564 5533 2630 5588; x_wconf 89' lang='lat' dir='ltr'><strong>iis</strong></span> <span class='ocrx_word' id='word_1_761' title='bbox 2688 5542 2968 5589; x_wconf 83' lang='lat' dir='ltr'><strong>vetustum</strong></span> <span class='ocrx_word' id='word_1_762' title='bbox 3010 5534 3064 5588; x_wconf 92' lang='lat' dir='ltr'><strong>in</strong></span> <span class='ocrx_word' id='word_1_763' title='bbox 3102 5544 3285 5591; x_wconf 89' lang='lat' dir='ltr'><strong>monte</strong></span> <span class='ocrx_word' id='word_1_764' title='bbox 3314 5528 3525 5588; x_wconf 84' lang='lat' dir='ltr'><strong>Garizin</strong></span> <span class='ocrx_word' id='word_1_765' title='bbox 3555 5521 3819 5594; x_wconf 70' lang='lat' dir='ltr'><strong>pI&#39;OI’&quot;8“&quot;</strong></span> 
     </span>
    </p>
   </div>
   <div class='ocr_carea' id='block_1_112' title="bbox 2303 5602 3211 5676">
    <p class='ocr_par' dir='ltr' id='par_1_112' title="bbox 2303 5602 3211 5676">
     <span class='ocr_line' id='line_1_112' title="bbox 2303 5602 3211 5676; baseline 0.004 -22"><span class='ocrx_word' id='word_1_766' title='bbox 2303 5602 2490 5656; x_wconf 86' lang='lat' dir='ltr'><strong>culum</strong></span> <span class='ocrx_word' id='word_1_767' title='bbox 2514 5604 2829 5658; x_wconf 91' lang='lat' dir='ltr'><strong>obeinctum</strong></span> <span class='ocrx_word' id='word_1_768' title='bbox 2869 5606 3211 5676; x_wconf 66' lang='lat' dir='ltr'><strong>reliquisse.»</strong></span> 
     </span>
    </p>
   </div>
   <div class='ocr_carea' id='block_1_113' title="bbox 685 5751 2327 5833">
    <p class='ocr_par' dir='ltr' id='par_1_113' title="bbox 685 5751 2327 5833">
     <span class='ocr_line' id='line_1_113' title="bbox 685 5751 2327 5833; baseline 0.009 -35"><span class='ocrx_word' id='word_1_769' title='bbox 685 5753 747 5814; x_wconf 64' lang='grc'><strong>(⁸)</strong></span> <span class='ocrx_word' id='word_1_770' title='bbox 773 5751 977 5833; x_wconf 57' lang='grc' dir='ltr'><strong>Βρξίψια</strong></span> <span class='ocrx_word' id='word_1_771' title='bbox 1002 5753 1148 5814; x_wconf 72' lang='lat' dir='ltr'><strong>hujus</strong></span> <span class='ocrx_word' id='word_1_772' title='bbox 1172 5753 1291 5805; x_wconf 61' lang='lat' dir='ltr'><strong>Vim</strong></span> <span class='ocrx_word' id='word_1_773' title='bbox 1324 5757 1370 5804; x_wconf 89' lang='lat' dir='ltr'><strong>in</strong></span> <span class='ocrx_word' id='word_1_774' title='bbox 1402 5755 1569 5806; x_wconf 65' lang='lat' dir='ltr'><strong>Graeco</strong></span> <span class='ocrx_word' id='word_1_775' title='bbox 1594 5760 1763 5808; x_wconf 66' lang='lat' dir='ltr'><strong>codice</strong></span> <span class='ocrx_word' id='word_1_776' title='bbox 1785 5760 1960 5809; x_wconf 84' lang='lat' dir='ltr'><strong>desunt</strong></span> <span class='ocrx_word' id='word_1_777' title='bbox 2008 5762 2125 5811; x_wconf 76' lang='lat' dir='ltr'><strong>Eon</strong></span> <span class='ocrx_word' id='word_1_778' title='bbox 2182 5763 2327 5814; x_wconf 71' lang='lat' dir='ltr'><strong>Pun.</strong></span> 
     </span>
    </p>
   </div>
  </div>
