4126 6436
1777 172 1923 186 Μοιρι-

339 330 478 403 1229

1396 330 1573 393 VITA
1613 312 1714 393 'ss.
1756 325 1932 391 cvm
1970 304 2067 388 ET
2102 303 2443 391 30mins.

3448 328 3584 394 1230

332 454 448 515 tur,
479 454 536 503 et
560 447 889 517 prasentem
915 445 1225 516 squalorem
1254 442 1556 516 depellcns,
1580 442 1824 513 pluviam
1856 441 1910 495 in
1944 446 1985 501 Α
2017 447 2126 494 tate
2159 439 2250 494 illa
2276 454 2437 496 aerea
2480 436 2696 496 liberati
2725 424 2855 496 sunt
2881 457 2894 494 :
2921 425 2976 495 et
3029 434 3282 511 hymnos,
3311 440 3586 511 supplica-

335 555 529 598 θοι-ωτι
555 548 761 596 terram
792 537 1151 594 demitteret.‘

408 629 646 687 XXVI“.
684 630 781 685 Ille
807 630 946 686 nihil
995 629 1223 685 omnino
1244 629 1326 685 eis
1354 628 1719 700 respondens,
1748 642 1909 682 suum

338 731 535 793 pectus
558 721 912 788 verberabat,
948 736 1128 791 neque
1151 722 1207 775 in
1249 722 1451 778 c'celum
1482 720 1672 777 oculos
1701 714 1911 789 erigere

338 814 570 879 audens,
593 813 647 868 id
675 822 885 868 tantum
907 813 1127 869 dicebat
1158 831 1171 866 :
1204 813 1483 885 PrOpitius
1500 822 1640 878 esto,
1669 811 1909 874 Christe,

341 907 529 962 multis
556 905 696 962 meis
724 905 1122 976 impietatibus.
1171 906 1477 976 Episcopus
1516 920 1651 960 vero
1700 919 1824 959 cum
1858 906 1914 959 in

341 996 841 1068 supplicationibus
864 1006 1030 1066 atque
1066 997 1476 1052 hortationibus
1514 1005 1914 1066 perseveraret,

342 1103 523 1159 neque
549 1102 876 1157 responsum
903 1088 1124 1158 aliquod
1154 1088 1224 1143 ab
1266 1104 1333 1144 eo
1380 1089 1675 1159 reciperet,
1707 1088 1802 1143 illo
1829 1104 1916 1142 re-

344 1180 496 1245 licto,
525 1181 620 1250 qui
668 1196 737 1235 eo
764 1189 1053 1245 venerant,
1102 1181 1467 1237 lamentantes
1500 1182 1708 1237 reversi
1762 1192 1913 1236 sunt.

340 1273 591 1343 Cumque
617 1272 684 1327 ad
707 1274 998 1328 ecclesiam
1028 1273 1334 1339 venissent,
1377 1273 1488 1329 illic
1512 1289 1708 1329 rursus
1740 1271 1917 1345 lacry-

342 1370 559 1417 mantes
606 1368 664 1416 et
693 1360 971 1431 supplices
1001 1377 1033 1416 a
1078 1362 1319 1432 benigno
1347 1352 1467 1421 Deo,
1486 1356 1754 1416 malorum
1784 1362 1922 1418 libe-

344 1453 615 1508 rationem
662 1452 1002 1522 quaerebant.
1039 1451 1176 1508 Cum
1225 1468 1358 1508 vero
1402 1454 1590 1508 multis
1614 1453 1809 1509 diebus
1838 1455 1919 1508 la-

346 1552 657 1600 mentantes
697 1560 761 1600 ac
799 1545 1114 1616 jejunantes
1138 1545 1307 1599 Deum
1347 1545 1721 1614 implorarent,
1752 1554 1813 1600 ut
1839 1545 1922 1602 eis

345 1635 639 1690 subvenire
671 1634 871 1701 vellet,
911 1635 1111 1690 iterum
1133 1634 1312 1690 eidem
1338 1634 1597 1706 episcopo
1621 1637 1920 1693 revelatum

347 1736 454 1793 est,
484 1735 542 1782 et
572 1727 721 1781 clara
751 1741 858 1781 vox
914 1726 1101 1780 audita
1161 1724 1287 1789 fuit,
1337 1740 1459 1795 quae
1495 1728 1569 1781 ita
1594 1728 1734 1783 dixit
1768 1749 1779 1785 :
1816 1725 1921 1787 Abi

347 1818 416 1873 ad
443 1832 662 1872 servum
692 1832 879 1872 meum
899 1816 1185 1884 Iacobum,
1209 1834 1373 1888 quem
1394 1819 1620 1891 tibijam
1652 1820 1918 1886 res-elavi,

344 1912 508 1982 eique
535 1910 890 1981 persuadeas.
921 1921 982 1964 ut
1006 1902 1185 1965 dehis
1216 1911 1385 1967 rebus
1415 1904 1502 1967 me
1533 1927 1696 1967 orare
1732 1912 1869 1969 velit
1901 1932 1917 1969 :

344 2017 415 2057 eo
443 2002 591 2056 enim
622 2008 839 2067 orante,
875 2000 944 2055 iis
971 2001 1131 2056 malis
1166 2016 1289 2071 quae
1332 2002 1543 2073 regioni
1580 2003 1920 2073 impendent,

350 2093 509 2147 liberi
540 2092 715 2146 eritis.

421 2182 614 2261 XXLX.
657 2182 932 2240 Reversus
960 2184 1130 2255 igitur
1158 2199 1282 2240 cum
1307 2194 1423 2240 toto
1452 2185 1601 2241 clero
1632 2194 1689 2241 et
1718 2188 1924 2257 populo

347 2285 573 2345 sanctus
599 2276 696 2330 Dei
724 2276 982 2331 sacerdos
1006 2277 1266 2347 pergebat
1315 2278 1505 2333 divino
1553 2279 1760 2333 homini
1790 2294 1923 2349 sup-

348 2366 675 2436 plicationes
692 2364 1074 2421 aﬁ‘erre.Tunc
1092 2367 1181 2422 ille
1211 2368 1435 2432 invitus,
1458 2377 1520 2423 ut
1537 2368 1690 2424 brevi
1718 2369 1921 2432 dicam,

349 2464 411 2510 et
469 2454 655 2510 multis
706 2455 1204 2525 supplicationibus
1270 2456 1567 2524 adductus,
1625 2468 1682 2513 et
1727 2445 1925 2514 abillo

352 2555 544 2602 sancto
572 2546 835 2617 episeOpo
855 2562 1175 2617 persuasus,
1214 2549 1362 2618 quod
1386 2549 1573 2604 divina
1591 2550 1926 2605 revelatione

352 2639 422 2694 ad
470 2655 594 2694 eum
612 2639 815 2694 missus
854 2639 1118 2703 venisset,
1150 2641 1351 2695 erectis
1390 2641 1445 2695 in
1495 2643 1694 2696 ctelnm
1724 2643 1923 2706 oculis,

357 2732 531 2786 multo
573 2740 819 2801 tempore
871 2739 1112 2786 attentas
1164 2746 1359 2801 preces
1409 2731 1649 2786 habuit:
1692 2748 1929 2803 cumque

356 2825 538 2880 adhuc
569 2825 626 2879 in
653 2825 775 2896 ejus
795 2839 891 2880 ore
923 2838 1118 2893 preces
1145 2832 1352 2888 essent,
1377 2823 1557 2879 bonus
1594 2834 1652 2880 et
1703 2825 1928 2881 miseri-

354 2932 483 2973 cors
513 2917 676 2985 Deus,
715 2917 811 2987 qui
847 2917 1030 2970 omnia
1094 2930 1154 2969 se
1203 2915 1578 2971 metuentibus
1611 2917 1830 2972 abunde
1873 2927 1930 2973 et

352 3009 514 3066 facile
537 3008 793 3079 largitur,
825 3022 886 3062 re
915 3007 1034 3077 ipsa
1068 3006 1202 3062 illud
1233 3007 1546 3062 divinarum
1594 2995 1927 3064 Litterarum

355 3099 564 3155 dictum
598 3100 872 3169 implens:
907 3117 927 3149 ¢
958 3099 1151 3154 Adhuc
1181 3107 1235 3155 te
1256 3099 1538 3168 loquente,
1565 3100 1766 3163 dicam,
1786 3101 1929 3157 Ecce

357 3192 552 3247 adsum
583 3193 628 3258 ⁷,
661 3210 680 3242 ι
718 3191 960 3262 pluviam
988 3192 1218 3246 multam
1252 3191 1306 3245 in
1334 3198 1539 3247 terram
1577 3194 1823 3248 demisit.

431 3280 603 3336 XXX.
627 3281 803 3347 Quam
854 3282 1119 3352 majorem
1157 3283 1215 3336 in
1268 3281 1492 3336 modum
1531 3282 1808 3350 admirati,
1837 3285 1939 3356 hy-

357 3386 548 3428 mnum
581 3388 685 3443 pro
712 3373 903 3442 gratiis
946 3373 1174 3443 agendis
1203 3372 1549 3428 misericordi
1583 3374 1694 3429 Deo
1723 3387 1780 3431 et
1807 3377 1930 3448 ejus

359 3464 778 3534 magniﬁcentia:
809 3464 1153 3528 cecinerunt,
1173 3479 1236 3518 ac
1265 3465 1472 3519 reversi
1501 3473 1629 3520 sunt
1657 3463 1935 3523 {divinam

363 3571 499 3610 vero
529 3556 756 3626 gloriam
781 3555 1149 3623 celebrantes,
1185 3556 1306 3626 ejus
1350 3572 1540 3614 servos
1572 3557 1764 3614 beatos
1799 3577 1941 3630 prae-

359 3640 639 3710 dicabant,
656 3647 750 3716 qui
765 3662 861 3716 per
874 3647 1098 3701 virtutis
1113 3648 1585 3716 exercitationem,
1602 3651 1694 3704 tali
1717 3667 1780 3706 ac
1798 3664 1949 3709 tanto

367 3738 580 3792 honore
613 3747 670 3792 et
699 3738 871 3809 gratia
900 3738 1052 3808 digni
1105 3737 1475 3794 efﬁcerentur.
1511 3741 1589 3794 Eo
1636 3741 1804 3811 igitur
1835 3759 1952 3798 ma-

367 3828 520 3882 ximo
550 3828 824 3883 beneﬁcio
853 3844 884 3882 a
919 3828 1158 3898 benigno
1186 3829 1299 3884 Deo
1331 3829 1526 3901 adjuti,
1560 3843 1615 3883 et
1642 3832 1826 3886 divina
1858 3834 1949 3889 illa

362 3919 523 3989 plaga
546 3918 790 3983 liberati,
815 3933 940 3987 quae
990 3934 1092 3988 per
1119 3918 1216 3972 Dei
1267 3933 1486 3973 servum
1542 3919 1808 3974 Iacobum
1859 3936 1949 3976 re-

365 4009 525 4078 pulsa
554 4016 662 4071 est,
687 4009 755 4063 ad
787 4008 1118 4063 hodiernum
1147 4023 1322 4078 usque
1361 4008 1505 4064 diem
1558 4024 1655 4078 per
1705 4010 1949 4080 singulos

364 4117 542 4157 annos
565 4102 714 4157 illius
755 4100 865 4157 diei
907 4101 1229 4156 memoriam
1274 4101 1576 4164 celebrant,
1618 4117 1729 4170 quo
1775 4101 1948 4155 aridi-

425 4242 445 4273 '
476 4241 580 4297 isa.
618 4258 770 4313 tvm,
796 4228 851 4301 9.

379 4406 2547 4450 I==aI3===I=2===5==l=======ﬁ==========================x==;

2014 530 2194 584 tiones
2215 540 2270 584 et
2293 531 2498 601 gratias
2525 530 2776 586 assiduas
2802 529 3023 591 Christo
3050 538 3240 601 agunt.

2083 618 2277 672 XXXI.
2316 618 2471 673 Multi
2502 634 2634 675 vero
2671 619 2902 676 diversis
2930 619 3140 675 morbis
3168 620 3378 676 detenti
3409 636 3441 678 e
3490 638 3587 692 pn-

2016 708 2144 778 pulo
2173 708 2312 778 ipso,
2341 724 2447 763 una
2472 724 2596 764 cum
2627 711 2908 781 episcopo,
2935 712 3327 769 consolationis
3349 722 3586 770 etcura-

2016 800 2180 856 tionis
2215 815 2379 856 causa
2406 801 2472 855 ad
2495 801 2592 856 Dei
2617 809 2838 857 servum
2859 803 3124 859 Jac'obum
3159 804 3584 877 confugiebant:

2014 912 2155 966 quos
2200 894 2291 952 ille
2327 897 2451 951 oleo
2500 902 2691 952 Sancto
2745 907 2963 964 unctos,
3007 907 3064 954 et
3111 898 3315 954 Christi
3365 901 3588 955 nomine

2016 988 2358 1054 benedictos,
2385 988 2458 1044 ita
2483 990 2734 1053 sanabat,
2771 997 2831 1043 ut
2861 988 3085 1043 domum
3128 987 3333 1043 reversi
3362 989 3588 1059 gloriam

2017 1081 2113 1135 Dei
2144 1081 2544 1147 collaudarent,
2573 1081 2668 1151 qui
2700 1095 2800 1150 per
2819 1094 3039 1135 servum
3053 1081 3229 1158 suum
3248 1081 3588 1136 curationem

2019 1172 2154 1242 ipsis
2179 1171 2454 1228 attulerat.
2492 1170 2696 1225 Omnes
2717 1171 2906 1242 igitur,
2938 1170 3032 1241 qui
3055 1171 3332 1227 civitatem
3369 1186 3435 1226 ac
3467 1171 3590 1226 ﬁnio

2019 1264 2206 1319 timum
2237 1263 2515 1332 regionem
2550 1262 2894 1328 habitabant,
2916 1264 3171 1341 _a‘:g'rotds
3199 1279 3328 1319 suos
3370 1264 3441 1319 ad
3464 1280 3591 1319 eum

2021 1346 2291 1422 ferebant,
2322 1355 2408 1411 vel
2461 1355 2750 1431 rogabant,
2799 1363 2880 1420 ut,
2921 1353 3055 1425 ipsis
3117 1344 3458 1417 absentibus.
3492 1370 3592 1425 pro

2020 1461 2213 1502 eorum
2243 1446 2423 1501 'salute
2452 1447 2567 1516 ipse
2620 1447 2790 1501 Deum
2844 1454 3027 1501 oraret
3054 1465 3066 1501 :
3096 1462 3162 1502 ac
3196 1447 3378 1502 statim
3407 1447 3594 1502 divina

2021 1553 2126 1608 ope
2155 1539 2496 1593 curationem
2526 1539 2963 1608 assequebantur
2992 1558 3005 1592 :
3042 1547 3197 1593 tanta
3229 1538 3375 1594 enim
3423 1539 3597 1610 gratia

2024 1630 2101 1685 illi
2129 1631 2325 1685 collata
2352 1639 2455 1694 est,
2498 1638 2559 1684 ut
2580 1630 2666 1685 vel
2702 1630 2820 1685 solo
2843 1645 3100 1685 sermone
3127 1630 3313 1685 statim
3350 1630 3597 1701 impurus

2024 1723 2255 1794 spiritus
2297 1722 2531 1792 fugaret.

1948 1783 1996 1843 Β
2053 1783 2070 1794 ⁸
2096 1783 2537 1870 ΧΧΧ11.έο(1θιη
2560 1823 2745 1867 autem
2765 1811 2887 1882 ipso
2916 1827 3082 1872 anno.
3114 1811 3224 1882 quo
3242 1812 3599 1868 acerbissima

2024 1909 2115 1963 illa
2146 1907 2420 1978 squaloris
2462 1906 2615 1976 plaga
2668 1905 2884 1976 repulsa
2927 1915 3040 1969 est,
3072 1904 3168 1960 Dei
3216 1902 3408 1960 servus
3443 1906 3603 1961 Jaco-

2025 1999 2129 2055 bus
2155 1999 2452 2054 accersivit
2499 1997 2909 2053 sanctissimum
2952 1998 3312 2068 episcopum,
3365 2013 3603 2068 eumque

2024 2091 2256 2162 rogavit,
2289 2099 2350 2145 ut
2378 2092 2719 2161 speluncam,
2746 2090 2852 2145 hoc
2879 2101 2986 2156 est,
3012 2092 3327 2161 sepulcrum
3347 2101 3595 2155 curaret,

2025 2184 2079 2240 in
2108 2200 2218 2254 quo
2238 2184 2445 2254 jamdiu
2477 2185 2593 2254 ipse
2622 2183 2964 2238 domicilium
2997 2183 3288 2251 habuerat,
3335 2192 3392 2240 et
3434 2184 3505 2239 ab
3538 2199 3606 2239 eo

2026 2277 2240 2348 petivit,
2270 2285 2329 2330 ut
2355 2285 2607 2331 mortuus
2638 2276 2750 2331 illic
2778 2275 3130 2345 sepeliretur.
3167 2275 3223 2330 ld
3266 2291 3392 2331 cum
3427 2277 3517 2331 ille
3549 2292 3608 2331 se

2024 2371 2300 2423 facturum
2327 2367 2695 2438 promisisset,
2728 2374 2785 2422 et
2828 2367 2882 2420 in
2912 2367 3107 2421 urbem
3139 2383 3403 2422 reversus
3431 2352 3627 2429 esset:

2027 2472 2151 2533 post
2175 2477 2381 2532 paucos
2406 2460 2526 2518 dies
2546 2461 2607 2518 Β.
2631 2460 2870 2516 Iacobus
2887 2460 2942 2515 in
2973 2471 3258 2516 senectute
3281 2462 3421 2516 bona
3443 2461 3606 2524 obiit.

2027 2554 2281 2623 quintum
2318 2561 2372 2607 et
2422 2552 2889 2622 septuagesimum
2954 2566 3157 2606 annum
3209 2563 3396 2622 agens.
3447 2550 3607 2618 Quod

2028 2654 2155 2699 eum
2185 2642 2634 2714 religiosissimus
2660 2641 2953 2711 episcopus
2987 2638 3359 2711 cognovisset,
3381 2641 3449 2694 ad
3482 2654 3611 2693 eum

2030 2735 2212 2789 locum
2250 2744 2375 2789 eum
2412 2740 2528 2788 toto
2593 2733 2746 2787 clero
2790 2741 2847 2788 et
2906 2722 3094 2802 probis
3147 2731 3303 2787 laicis
3333 2733 3608 2787 accessit:

2031 2827 2126 2896 qui
2181 2843 2305 2881 cum
2355 2824 2695 2880 aromatibus
2749 2824 3014 2895 pretiosis
3071 2839 3198 2878 eum
3248 2824 3609 2890 condiissent,

2032 2921 2205 2974 Deum
2236 2919 2415 2988 ipsum
2441 2925 2495 2972 et
2520 2918 2641 2988 ejus
2692 2917 2921 2988 gloriam
2948 2916 3312 2982 celebrantes,
3342 2932 3613 2972 veneran-

2034 3012 2132 3066 das
2165 3012 2285 3082 ejus
2318 3009 2584 3080 reliquias
2631 3009 2686 3064 in
2741 3010 2836 3065 illo
2865 3009 2986 3079 ipso
3037 3020 3397 3063 monumento
3435 3010 3611 3079 depo-

2038 3113 2291 3159 suerunt.
2924 3174 2929 3179 ἡ

2033 3222 2041 3230 -
2111 3195 2354 3250 XXXIII.
2380 3197 2577 3251 Postea
2631 3207 2856 3251 sanctus
2921 3182 3016 3252 Dei
3078 3196 3338 3252 Sacerdos
3398 3211 3612 3251 sacram

2040 3288 2213 3343 aedem
2268 3289 2334 3343 ad
2370 3289 2695 3359 speluncam
2740 3287 3054 3354 aediﬁcavit,
3080 3289 3310 3360 ejusque
3357 3286 3618 3355 reliquias

2041 3379 2176 3434 illuc
2206 3380 2510 3434 transtulit.
2545 3379 2667 3447 Quo
2701 3380 2756 3434 in
2809 3380 2932 3435 loco
2975 3395 3150 3450 usque
3185 3378 3252 3433 ad
3286 3377 3614 3432 hodiernum

2043 3470 2191 3526 diem
2223 3471 2385 3524 multi
2437 3479 2728 3535 curantur,
2764 3487 2828 3525 ac
2878 3479 2988 3524 tota
3042 3469 3238 3525 civitas
3282 3477 3339 3522 et
3385 3465 3617 3520 ﬁnitima

2043 3562 2195 3632 regio
2267 3565 2393 3634 ejus
2442 3563 2765 3618 memoriam
2827 3560 3058 3631 singulis
3103 3559 3261 3614 annis
3312 3557 3619 3622 eelcbra‘ns,

2046 3652 2193 3708 diem
2227 3669 2484 3724 magnum
2507 3654 2705 3708 festum
2726 3652 2858 3722 agit,
2890 3651 2945 3706 in
2972 3651 3199 3721 gloriam
3243 3648 3464 3718 benigni
3497 3648 3617 3709 Dei,

2045 3745 2139 3814 qui
2175 3744 2256 3799 sic
2305 3744 2458 3798 illum
2514 3745 2854 3799 honoravit:
2885 3758 3048 3812 quem
3097 3752 3154 3797 “et
3211 3757 3314 3795 nos
3354 3747 3621 3794 consueto

2046 3848 2201 3889 more
2240 3841 2298 3888 et
2351 3832 2588 3904 gloriose
2621 3832 2989 3898 celebremus,
3019 3829 3412 3886 benedicentes
3449 3827 3619 3891 Patri,

2044 3923 2183 3979 Filio
2221 3932 2278 3979 et
2305 3923 2537 3994 Spiritui
2565 3932 2777 3988 sancto,
2803 3922 2893 3977 cui
2911 3921 3086 3994 gloria
3114 3928 3200 3976 est
3240 3927 3297 3973 et
3329 3917 3622 3981 imperium

2044 4013 2097 4068 in
2130 4016 2327 4070 saecula
2355 4017 2704 4070 saeculorum.
2732 4013 2928 4069 Amen.

2518 4405 3614 4461 ;:======(IE===========IIIIi

911 4601 1063 4691 DE
1138 4599 1631 4731 SANCTIS
1704 4596 2487 4709 MABTYRIBUS
2555 4593 3159 4685 EGYPTIIS

1328 4812 1724 4929 cvno
1802 4810 1984 4924 ET
2058 4774 2663 4926 JOANNE.

954 5040 1122 5106 (Anno
1149 5039 1332 5094 Christi
1355 5036 1467 5098 280,
1486 5032 1705 5088 Januarii
1732 5033 1818 5087 die
1855 5016 1934 5084 Si.
1958 5036 2081 5085 Acta
2094 5038 2375 5086 sanctorum
2397 5012 2622 5085 Bolland.
2646 5032 2712 5086 ad
2736 5034 2861 5085 hanc
2880 5030 3055 5097 diem.)

454 5335 827 5411 Celeberrima
849 5344 980 5409 sunt
1001 5342 1100 5406 SS.
1127 5338 1254 5421 Cyri
1278 5356 1337 5404 et
1356 5345 1586 5404 Joannis
1609 5343 1838 5401 nomina
1866 5341 1939 5398 ob
1966 5340 2262 5397 innumera
2284 5338 2445 5410 aegris
2475 5336 2807 5394 mortalibus
2827 5336 3024 5393 collata
3055 5335 3126 5392 ad
3158 5349 3352 5392 eorum
3382 5334 3644 5408 reliquias

387 5431 671 5503 beneﬁcia.
698 5446 778 5502 De
809 5444 898 5500 his
920 5443 996 5498 ita
1022 5440 1220 5497 scribit
1247 5439 1519 5495 Baronius
1541 5438 1598 5492 in
1636 5435 1785 5492 notis
1824 5434 1890 5489 ad
1936 5432 2384 5504 Martyrologium
2419 5448 2433 5485 :
2467 5447 2487 5482 ι
2519 5428 2656 5485 Acta
2696 5428 2943 5499 ipsorum
2972 5435 3084 5482 tam
3122 5427 3328 5484 Graecis
3350 5443 3515 5498 quam
3545 5425 3646 5483 La-

386 5538 520 5596 tinis
551 5539 707 5602 fuere
724 5537 1054 5603 notissima;
1086 5534 1356 5590 habemus
1386 5540 1445 5588 et
1473 5545 1578 5587 nos
1598 5543 1665 5586 ea
1704 5529 1758 5584 in
1784 5526 2006 5598 quinto,
2028 5525 2265 5594 septimo
2306 5538 2372 5578 ac
2402 5522 2621 5578 decimo
2638 5529 2789 5577 temo
2817 5520 3172 5592 antiquorum
3196 5518 3358 5576 codd.
3381 5536 3516 5577 mss.
3548 5519 3646 5590 qui

385 5633 669 5706 aliquibus
700 5631 951 5691 ecclesiis
971 5630 1159 5702 Bpmae
1182 5628 1308 5684 usui
1331 5635 1518 5687 erant.
1548 5626 1644 5683 ubi
1676 5622 1980 5681 secundum
2008 5619 2261 5677 ordinem
2283 5618 2556 5676 mensium
2590 5617 2810 5688 scripta
2829 5616 3105 5674 habentur
3143 5625 3462 5672 sanctorum
3485 5612 3645 5687 Vitae.

382 5732 446 5788 In
469 5731 559 5789 his
588 5745 722 5801 ergo
742 5728 878 5787 Acta
899 5727 1287 5798 praedictorum
1311 5734 1616 5797 martyrum
1645 5719 1795 5779 nacti
1843 5732 2056 5787 sumus,
2082 5706 2310 5776 auctore
2340 5715 2515 5774 Petro
2549 5714 2810 5786 quodam,
2843 5706 2939 5784 qui
2969 5728 3034 5770 ea
3072 5711 3368 5783 exscripsit
3387 5716 3648 5782 poscente
