4126 6420
535 269 681 340 ’ΠἹΙ
1789 287 2071 346 ΜΕΝΞΙΞ
2119 288 2134 347 l

2237 286 2576 349 lUARlUS.
3681 291 3828 357 123!

567 401 852 472 Gregorio,
878 402 1105 458 Joannis
1134 401 1443 456 consularis
1467 400 1615 464 tilio;
1645 413 1838 452 rursus
1873 399 2061 452 eadem
2093 399 2406 454 invenimus
2428 399 2483 454 in
2513 403 2842 464 ms.,eodice
2875 403 2934 460 S.
2959 403 3142 460 Mariae
3176 405 3244 460 ad
3271 405 3576 478 Martyres:
3621 408 3675 462 in
3701 405 3835 476 qui-

567 499 674 554 bus
702 498 959 554 omnibus
999 498 1231 553 habetur
1278 511 1599 566 expressum
1649 496 1750 551 hos
1781 511 1973 566 passos
2009 511 2132 552 esse
2186 496 2552 562 Alexandriae,
2580 513 2725 552 anno
2774 514 2826 555 ix
2873 500 3276 569 persecutionis
3303 501 3626 557 Diocletiani
3662 502 3834 571 imp..

569 602 807 664 tuncque
831 593 995 647 etiam
1033 591 1354 662 martyrium
1389 589 1626 645 subiisse
1651 597 1762 644 tres
1776 598 1994 644 sanctas
2026 589 2266 658 virgines
2293 591 2659 659 Theodoram,
2688 593 3025 651 Theotistam
3051 597 3360 667 (Lipoman.
3387 605 3426 651 t.
3446 597 3536 660 Vl,
3559 605 3616 652 et
3636 597 3835 655 Eudo-

568 688 713 741 xiam
773 700 899 740 cum
944 695 1122 737 matre
1171 683 1495 739 Athanasia.
1553 683 1758 738 Eadem
1813 684 1998 738 omnia
2030 685 2310 739 habemur
2365 702 2538 756 penes
2590 688 2999 758 Metaphrasten
3053 692 3274 759 (Surius
3323 702 3365 746 t.
3401 692 3468 762 l),
3502 693 3556 746 in
3618 693 3836 762 quibus

568 781 914 838 desideratur
991 790 1205 850 tempus
1283 781 1566 850 martyrii;
1639 780 1848 835 habent
1902 792 2080 836 tamen
2158 783 2406 852 quaedam
2481 786 2834 868 superaddita
2919 789 3185 843 miracula
3247 805 3370 859 quae
3437 790 3582 860 apud
3642 792 3833 847 dictos

567 876 793 931 Latinos
815 873 1035 929 codices
1089 889 1198 927 non
1242 874 1572 928 invenimus.
1600 873 1804 929 Habuit
1863 875 2229 942 Sophronius,
2279 875 2574 946 episcopus
2635 879 3184 951 Hierosolymitanus,
3246 883 3561 951 praeclaram
3617 885 3836 939 oratio-

566 982 693 1025 nem
730 966 804 1032 (a)
834 967 900 1019 de
923 965 1116 1019 iisdem
1140 966 1474 1035 martyribus
1498 981 1620 1035 qua:
1641 967 1844 1020 citatur
1872 966 1926 1018 in
1945 965 2181 1020 concilio
2209 966 2431 1022 Nicaeae
2450 968 2516 1033 ll,
2547 980 2655 1024 act.
2683 972 2736 1037 4,
2763 980 2819 1026 et
2850 988 2878 1025 a
2897 971 2953 1027 S.
2971 972 3185 1029 Joanne
3211 972 3568 1039 Damasceno,
3597 985 3742 1031 orat.
3762 991 3833 1030 tu

569 1059 645 1112 De
674 1057 1012 1125 imaginibus.
1055 1077 1074 1112 ι

640 1173 716 1242 (al
747 1174 1061 1229 Orationem
1108 1173 1250 1227 hanc
1303 1174 1725 1243 prolixissimam
1773 1173 2027 1228 dedimus
2082 1174 2136 1229 in

566 1243 698 1298 tomi
757 1246 929 1298 nostri
989 1243 1274 1298 LXXXVII
1326 1255 1476 1311 parte
1523 1245 1701 1304 tertia,
1743 1245 1848 1297 col.
1886 1245 2140 1307 5773,ex

565 1313 807 1383 editione
832 1315 984 1369 card.
1018 1314 1153 1383 Ang.
1184 1314 1326 1367 Maii.
1371 1315 1555 1367 Patres
1580 1314 1916 1367 Bollandiani
1963 1315 2138 1368 Vitam

566 1381 663 1438 SS.
691 1387 890 1455 lyrict
935 1381 1161 1455 Joannis
1190 1385 1454 1455 exhibent
1489 1385 1558 1438 ab
1592 1383 1807 1438 Othone
1835 1385 1986 1455 Zylio
2020 1404 2038 1434 ‹
2070 1401 2138 1439 cx

567 1453 738 1508 veteri
805 1455 995 1508 codice
1033 1453 1222 1508 Graeco
1251 1473 1270 1505 ι
1299 1454 1493 1509 Latine
1541 1469 1777 1518 versam,
1811 1453 1974 1524 quam
2002 1475 2021 1506 ι
2055 1455 2141 1509 in-

2249 1188 2400 1232 certo
2451 1179 2684 1241 auctori,
2719 1180 2812 1233 sed
2850 1181 3078 1248 antiquo
3113 1199 3130 1232 ι
3167 1181 3486 1243 ascribunt;
3519 1197 3620 1236 nos
3673 1182 3833 1239 Surii

2249 1247 2558 1322 versionem
2627 1249 2874 1304 Latinam
2939 1247 3266 1322 adhibemus
3297 1267 3340 1322 re
3393 1252 3615 1322 regione
3663 1253 3832 1320 cujus

2250 1327 2455 1371 textum
2484 1318 2731 1374 Graecum
2761 1336 2825 1373 ex
2852 1321 2976 1374 cod.
3023 1321 3156 1385 Reg.
3185 1321 3359 1377 Paris.
3384 1318 3534 1377 nunc
3582 1318 3832 1390 primum

2248 1391 2581 1457 exscriptum
2619 1393 2892 1459 ponimus.
2924 1393 3070 1444 Ισζοιτ.
3099 1393 3262 1446 Pun.

1506 1603 3812 1636 mm

851 1763 1432 1936 Β]οΣ
1538 1767 1976 1936 ΚΑΙ
2083 1695 3529 1946 MAPTYPION

1609 2032 1747 2109 ΤΩΝ
1782 2032 1990 2086 ΑΠΩΝ
2031 2034 2153 2088 ΚΑΙ
2193 2032 2761 2088 ΘΑΥΜΔΤΟΥΡΓΩΝ

879 2277 885 2282 -
1009 2203 1422 2339 ABBA
1496 2211 2072 2344 ΚΥΡΟΥ
2146 2210 2446 2343 ΚΑΙ
2525 2211 3332 2396 ΙΩΑΝΝΟΥ.

1139 2621 1606 2776 VITA
1704 2632 1950 2779 ET
2065 2628 3232 2791 MARTYRIUM

1776 2914 1874 2971 SS.
1906 2915 2592 2978 TIIAUMATURGORUM

1047 3117 1723 3251 ABBATIS
1853 3125 2238 3254 CYRI
2326 3131 2526 3253 ET
2620 3129 3289 3262 JOANNIS

2136 3461 2205 3473 4-

626 3575 670 3633 ι.
691 3573 867 3648 Cyrus
899 3573 1013 3639 ille,
1043 3575 1189 3630 clara
1213 3577 1367 3633 stella
1388 3589 1714 3651 martyrum,
1734 3599 1800 3639 ex
1823 3583 2124 3639 clarissima

2300 3589 2376 3640 A'.
2417 3589 2598 3662 Κῦρος
2621 3594 2649 3648 δ
2685 3597 2985 3668 περιφανὴς
3027 3597 3134 3650 τῶν
3163 3599 3459 3671 μαρτύρων
3489 3603 3691 3675 ἀστὴρ,
3718 3605 3827 3659 πό-

559 3682 780 3737 quoque
835 3666 936 3721 fuit
964 3665 1188 3722 civitate
1235 3666 1591 3734 Alexandria,
1624 3686 1746 3741 qua:
1790 3674 1892 3726 sita
1946 3686 2031 3728 est
2076 3675 2130 3728 in

556 3756 790 3827 Egypto
819 3775 832 3812 :
861 3771 1024 3826 quam
1052 3757 1195 3813 fama
1234 3767 1319 3816 est
1351 3759 1651 3815 aediﬁcasse
1681 3761 2051 3827 Macedonem,
2081 3778 2134 3817 et

558 3863 676 3902 eam
709 3863 813 3904 suo
860 3848 1195 3919 impertiissc
1245 3850 1487 3904 nomine.
1543 3852 1676 3906 Erat
1723 3865 1905 3908 autem
1937 3854 2130 3926 Cyrus,

558 3940 824 4011 religione
873 3941 1098 4012 quidem
1158 3941 1334 3998 lidelis
1384 3958 1414 3996 a
1460 3945 1800 4013 parentibus,
1850 3946 1958 4002 vita
2002 3963 2135 4001 vero

555 4031 873 4096 laudabilis,
927 4039 1044 4088 arte
1084 4043 1269 4089 autem
1317 4035 1564 4089 medicus
1603 4052 1617 4090 :
1659 4036 1780 4106 ejus
1822 4038 2040 4092 ollicina
2079 4039 2133 4092 in

561 4121 893 4176 hodiernum
913 4139 1087 4194 usque
1110 4125 1254 4180 diem
1271 4134 1396 4179 nota
1415 4129 1791 4194 estomnibus,
1809 4131 1903 4185 sed
1924 4140 2134 4184 mutato

559 4211 802 4276 nomine,
830 4224 890 4266 ut
917 4229 1037 4283 quae
1065 4214 1176 4284 jam
1206 4216 1297 4269 Dei
1340 4217 1602 4286 templum
1632 4228 1686 4273 et
1719 4219 1866 4274 aedes
1903 4220 2134 4276 Sancto-

561 4318 682 4356 rum
750 4301 945 4357 Trium
1008 4305 1312 4360 Puerorum
1371 4309 1729 4379 appelletur:
1780 4312 1944 4367 simul
2001 4328 2133 4367 vero

558 4395 967 4466 quodammodo
997 4407 1333 4454 commutata
1355 4401 1522 4456 etiam
1545 4403 1886 4472 operatione,
1918 4412 2016 4459 aut
2047 4405 2131 4460 ef-

556 4489 704 4543 fecta
730 4489 916 4558 potius
947 4489 1316 4556 diviniore,ct
1348 4508 1447 4562 pro
1473 4493 1564 4547 illa
1594 4495 1777 4558 priore
1811 4497 2130 4552 morborum

559 4578 911 4646 liberatione,
946 4597 1110 4651 quam
1136 4584 1415 4652 praebebat
1441 4601 1532 4640 ars
1563 4587 1858 4652 medicina,
1892 4588 2131 4645 latiores-

559 4684 692 4739 que,
750 4681 807 4725 et
856 4654 992 4728 artis
1038 4675 1457 4739 medicamenta,
1495 4677 1659 4729 modo
1696 4678 1876 4732 omnis
1913 4679 2140 4749 generis
2169 4689 2190 4715 η

558 4771 615 4816 et
649 4777 772 4832 qua
795 4777 893 4818 sua
924 4774 1119 4834 sponte
1154 4765 1315 4830 ﬁunt,
1348 4775 1568 4821 scatens
1592 4767 1894 4824 miraculis.
1923 4772 2127 4837 Quem-

558 4853 853 4910 admodum
896 4867 1078 4912 antem
1127 4857 1270 4914 hanc
1315 4859 1591 4926 acCeperit
1645 4861 2029 4930 mutationem,
2060 4865 2129 4919 ab

556 4947 669 5002 alto
700 4949 871 5019 petita
904 4951 1204 5006 declarabit
1226 4953 1422 5005 oratio.

625 5037 690 5093 ll.
721 5039 1074 5110 Apollinaris,
1108 5056 1220 5095 non
1274 5040 1573 5098 vehemens
1628 5043 1717 5100 ille
1765 5047 2017 5102 veritatis
2073 5057 2129 5102 et

2238 3681 2376 3745 λεως
2435 3682 2536 3751 μὲν
2602 3686 2692 3737 καλ
2763 3688 2934 3758 αὐτῆς
2993 3689 3256 3758 ἐτύγχανε
3309 3697 3824 3766 περιφανεστάτης.

2249 3772 2656 3846 Ἀλεξανδρείας
2687 3778 2782 3847 τῆς
2816 3779 2952 3848 πρὸς
2983 3780 3248 3853 Αἰγύπτῳ
3271 3785 3550 3857 κειμένης,
3575 3787 3641 3858 ἢν
3673 3790 3826 3843 οἰκι-

2238 3884 2326 3920 σαι
2387 3887 2445 3921 τε
2481 3870 2570 3923 τὸν
2603 3872 2889 3926 Μακεδόνα
2927 3872 3104 3942 λόγος,
3164 3879 3259 3929 καὶ
3319 3879 3585 3947 ὀνόματος
3641 3883 3820 3937 αὐτοῦ

2239 3961 2587 4032 μεταδοῦναι.
2612 3959 2742 4017 -Ἧν
2799 3965 2857 4019 δὲ
2887 3968 2914 4018 ὁ
2945 3965 3125 4036 Κῦρος
3180 3968 3240 4020 τὺ
3273 3971 3433 4034 σέϐας
3461 3974 3524 4024 ἐκ
3558 3975 3825 4045 πατέρων

2236 4052 2448 4115 πιστὸς,
2480 4055 2572 4108 τὸν
2629 4055 2746 4124 βίον
2785 4058 3090 4122 ἐπαινετὸς,
3133 4062 3234 4131 τὴν
3286 4062 3484 4132 τέχνην
3513 4064 3716 4134 ἰατρὸς,
3752 4061 3821 4121 οὗ

2239 4145 2402 4216 μέχρι
2457 4148 2551 4200 καὶ
2619 4148 2714 4201 νῦν
2782 4149 2842 4202 τὸ
2873 4151 3236 4221 ἐργαστήριον
3283 4154 3457 4208 ἅπασι
3508 4156 3826 4228 γνώριμον,

2239 4239 2545 4307 μεταΰαλὸν
2595 4242 2693 4310 μὲν
2727 4241 2825 4312 τὴν
2856 4245 3197 4315 ἐπωνυμίαν,
3238 4251 3334 4302 καὶ
3369 4250 3504 4303 Θεοῦ
3534 4252 3658 4315 ναὸς
3709 4254 3818 4324 ήδη

2236 4327 2330 4381 καὶ
2395 4329 2540 4400 ίερόν
2569 4331 2676 4387 τῶν
2714 4333 2913 4401 Ἁγίων
2964 4336 3142 4408 Τριῶν
3197 4340 3410 4394 Παίδων
3446 4342 3817 4413 καλούμενον·

2236 4422 2653 4490 συμμεταϐαλὸν
2675 4425 2732 4479 δέ
2763 4444 2875 4492 πως
2901 4431 2995 4483 καὶ
3021 4431 3120 4503 τὴν
3149 4432 3452 4504 ἐνέργειαν,
3476 4437 3509 4507 ἢ
3531 4437 3821 4509 Θειοτέρσιν
3843 4459 3848 4464 ·

2238 4512 2439 4605 μᾶλλον
2474 4516 2644 4587 αὐτὴν
2681 4518 3081 4591 ἐργασάμενον,
3123 4528 3217 4580 καὶ
3239 4529 3362 4582 ἀντὶ
3400 4532 3501 4600 τῆς
3533 4534 3820 4605 προτέρας

2235 4603 2451 4674 ἐκείνης
2505 4607 2613 4660 τῶν
2645 4609 2818 4662 νόσων
2874 4612 3221 4686 ἀπαλλαγῆς,
3247 4619 3315 4690 ἢν
3370 4603 3587 4692 ἰατρικῆ
3615 4628 3820 4694 τέχνη,

2235 4694 2326 4746 καὶ
2352 4695 2521 4761 πόνοι,
2549 4699 2644 4750 καὶ
2663 4699 2732 4751 τὰ
2752 4700 2860 4752 ἀπὸ
2885 4702 2985 4772 τῆς
3010 4705 3205 4776 τέχνης
3221 4713 3483 4782 παρεῖχον
3513 4714 3817 4783 φάρμακα.

2235 4787 2596 4853 παντοδαποῖς
2641 4792 2764 4862 ἄρτι
2819 4795 2914 4848 καὶ
2964 4799 3293 4878 αρτομάτοις
3338 4803 3504 4874 βρύον
3535 4809 3646 4868 τοῖς
3678 4805 3820 4860 θαύ-

2239 4898 2392 4951 μασι.
2419 4884 2608 4949 Ὅπως
2639 4886 2693 4940 δὲ
2718 4888 2814 4941 καὶ
2841 4891 2941 4960 τὴν
2989 4893 3294 4966 μεταϐολὴν
3341 4897 3559 4962 ἐδέξατο
3578 4899 3817 4970 ταύτην,

2163 4968 2204 5023 Β
2231 4975 2438 5028 ἄνωθεν
2464 4978 2491 5029 ὁ
2523 4976 2678 5046 λόγος
2717 4980 2968 5050 δηλώσει.

2302 5068 2377 5160 β’.
2433 5071 2833 5144 Ἀπολινάριος,
2855 5077 2952 5145 οὐχ
2984 5078 3012 5130 ὁ
3044 5057 3273 5151 σεροδρὸς
3310 5083 3516 5147 ἐκεῖνος
3537 5085 3636 5155 τῆς
3665 5085 3776 5160 ἀλη
3798 5118 3814 5128 -

557 5140 837 5186 rectorum
863 5131 1182 5202 dogmatum
1211 5131 1488 5197 inimicus,
1524 5135 1616 5202 qui
1657 5137 1824 5192 etiam
1847 5139 1899 5192 in
1932 5137 2130 5194 Laodi-

2237 5155 2379 5220 Βειας
2431 5161 2524 5214 καὶ
2590 5131 2706 5215 τῶν
2743 5131 3815 5244 ὀρδῶνῆδῡγματιδν’ἐνδρδςῖὁ-ζιαῑτέὗ

557 5239 748 5280 cenam
802 5226 987 5281 sedem
1042 5241 1297 5295 magnum
1329 5227 1525 5282 cﬂ'udit
1577 5229 1853 5286 dedecus:
1894 5232 1988 5288 sed
2040 5233 2132 5290 ille
2227 5247 2536 5302 Λαοδικέων

555 5317 738 5387 potius
799 5317 999 5373 ardens
1053 5326 1268 5372 amator
1307 5318 1576 5383 veritatis,
1609 5331 1664 5375 et
1693 5322 1949 5378 defensor
1980 5324 2132 5393 prio-

556 5423 678 5472 rum
710 5410 1047 5483 dogmatum,
1077 5419 1226 5466 tanto
1257 5411 1352 5468 illo
1381 5414 1554 5484 gloria
1585 5425 1643 5471 et
1671 5417 1917 5471 moribus
1940 5419 2126 5474 excel-

553 5498 774 5568 lentior,
808 5511 1012 5571 quanta
1036 5511 1157 5558 erat
1174 5503 1229 5558 in
1255 5505 1450 5562 eodem
1475 5508 1696 5564 nomine
1715 5513 2123 5577 convenientia,

552 5589 641 5644 cui
672 5606 793 5646 cum
844 5594 938 5652 Dei
969 5597 1240 5654 sententia
1273 5600 1564 5656 commissa
1595 5603 1791 5659 fuisset
1815 5604 1979 5659 sedes
2000 5604 2126 5660 Ale-

551 5682 815 5740 xandrina
839 5687 920 5755 (ut
943 5689 1206 5747 vultvera
1232 5730 1247 5754 ,
1277 5707 1400 5762 quae
1451 5692 1520 5750 de
1548 5709 1613 5752 ea
1656 5695 1922 5768 iactatur,
1953 5696 2122 5771 fama)

2580 5250 2772 5323 θρόνου
2831 5257 3035 5328 πολλὴν
3065 5262 3334 5332 αἰσχύνην
3359 5268 3770 5336 καταχεάμενος
3793 5288 3809 5300 °

2228 5339 2344 5393 ἀλλ’
2367 5344 2396 5394 ό
2420 5342 2520 5411 τῆς
2553 5343 2811 5414 ἀληθείας
2847 5351 3048 5418 μᾶλλον
3097 5354 3363 5427 διάπυρος
3416 5358 3671 5430 ἐραστὴς,
3710 5365 3813 5416 καὶ

2232 5431 2341 5485 τῶν
2373 5434 2613 5487 εὐσεϐῶν
2641 5437 2927 5508 δογμάτων
2957 5443 3272 5516 ἐκδικητὴς,
3303 5449 3556 5503 τοσοῦτον
3593 5452 3811 5508 ἐκείνου

2231 5521 2360 5594 δόξῃ
2399 5525 2492 5578 καὶ
2519 5529 2630 5590 τοῖς
2657 5531 2880 5598 τρόποις
2909 5533 3188 5606 διάφορος,
3221 5540 3346 5592 ὅσον
3386 5540 3645 5610 ὀνόματος
3667 5561 3811 5598 ταυ-

2232 5614 2414 5704 τότητι
2441 5619 2712 5685 κοινωνὸς,
2729 5621 2786 5686 ὃς
2808 5623 2974 5695 ψήφῳ
2996 5628 3130 5680 Θεοῦ
3151 5630 3243 5683 τὸν
3271 5629 3378 5684 τῶν
3407 5633 3810 5704 Ἀλεξανδρέων

2231 5699 2594 5792 ἐγνιρισθεζς
2619 5710 2809 5792 θρονον
2840 5717 2938 5784 (ὡς
2963 5719 2993 5770 ὀ
3026 5720 3192 5782 πολύς
3221 5739 3277 5775 τε
3317 5724 3408 5777 καὶ
3437 5699 3641 5794 illiilli-1;
3662 5699 3811 5798 tum,
