4126 6462
1480 408 1658 474 VITA
1695 407 1799 470 SS.
1828 405 2007 469 CYRI
2043 406 2142 470 ET
2179 409 2524 475 JOANNIS.

3508 408 3683 487 ατη

355 530 526 588 αὐτοῦ
557 530 808 603 βούλεται
829 529 1012 601 λόγος,
1041 531 1127 587 δτι
1160 531 1344 603 κρίσει
1369 528 1630 601 θειοτέρα
1658 529 1765 584 ’καί
1800 543 1944 589 τινος

2050 526 2197 598 quod
2238 526 2431 584 divino
2457 527 2693 601 judicio,
2726 536 2783 584 et
2811 528 3102 603 cujusdam
3131 529 3262 595 viri,
3295 527 3392 600 qui
3454 529 3682 588 lutum.

355 623 555 694 ἀνδρὸς
614 623 923 694 προρρήσει
955 622 1025 677 τά
1084 622 1350 694 μέλλοντα
1393 621 1616 693 βλέπειν
1649 619 1835 674 ίκανοῦ
1862 619 1953 673 τδν

356 712 632 784 ίερατικδν
656 711 952 785 ἐπιστεύθη
985 712 1219 785 θρόνον).
1266 701 1440 776 Οὗτος
1476 712 1574 767 οὖν
1602 714 1631 764 ὁ
1665 709 1954 766 Ἀπολινά-

361 822 498 877 ριος,
532 804 635 877 ἤδη
660 805 763 875 τῆς
817 805 1237 878 ἀρχιερωσύνης
1288 804 1708 875 ἐπιλαϐόμενος,
1754 803 1952 873 ἔτρεψέ

355 913 485 952 τινα
510 898 608 951 καὶ
634 897 974 967 ἀδελφιδοῦν,
1006 899 1203 970 ἔτρεφε
1234 899 1292 953 δέ
1313 898 1436 952 λίαν
1468 897 1752 967 ἐπιμελῶς
1778 915 1837 950 τε
1859 897 1953 950 καὶ

358 988 692 1061 φιλαρέτως,
727 989 800 1043 ἶν’
817 989 1011 1061 ὥσπερ
1064 991 1230 1045 αὑτὸν
1265 990 1425 1060 ἔσχεν
1464 990 1760 1060 ἐγγίζοντα
1810 989 1953 1044 κατὰ

357 1083 536 1151 γένος,
578 1082 725 1137 οὕτω
747 1082 930 1153 πολλῷ
963 1084 1167 1154 μᾶλλον
1199 1084 1297 1138 καί⁹
1315 1084 1395 1156 τῷ
1437 1084 1538 1155 βίῳ
1571 1084 1720 1159 δείξῃ
1755 1101 1955 1153 συγγε-

357 1173 466 1236 νῶς
523 1172 737 1245 ἔχοντα.
802 1174 955 1227 Ἐπεὶ
987 1175 1045 1228 δέ
1101 1174 1197 1228 καὶ
1225 1173 1416 1245 ἀνδρὸς
1445 1171 1609 1236 οὗτος
1641 1173 1952 1244 ἐλάμϐανεν

353 1265 577 1336 ήλικίαν
606 1267 699 1319 καὶ
722 1266 976 1336 νεότητος
992 1267 1153 1338 ἀκμῇ
1177 1264 1425 1338 σφριγῶν
1443 1260 1533 1338 ἦν,
1566 1266 1627 1318 οὐ
1661 1267 1802 1320 κατά
1826 1267 1950 1329 τοὺς

355 1359 587 1423 πολλοὺς
638 1358 750 1412 τῶν
779 1359 917 1413 νέων
948 1358 1168 1413 ἔκδοτον
1197 1357 1550 1423 ἐαυτὺνταῖς
1589 1348 1690 1430 τῆς
1729 1358 1950 1427 φύσεως

354 1448 561 1518 ἀνῆκεν
620 1449 841 1519 ὁρμαῖς,
894 1448 1092 1520 χαλινὰ
1121 1450 1303 1517 πάντα
1339 1448 1585 1520 χαλάσας
1611 1462 1627 1478 °
1676 1449 1799 1502 οὖδέ
1828 1449 1950 1502 κλέ-

358 1559 515 1596 πτειν
573 1543 750 1597 εἴλετο
804 1546 913 1607 τὰς
961 1545 1021 1597 οὗ
1058 1543 1234 1607 καλὰς
1292 1543 1488 1613 ἡδονὰς
1515 1543 1806 1616 λαθραίαις
1853 1545 1948 1598 καὶ

354 1638 696 1706 ννκτεριναῖς
746 1635 981 1702 ἐξόδοιςο
1021 1636 1161 1690 ἀλλὰ
1214 1637 1388 1709 μηδὲν
1439 1637 1685 1691 τοιοῦτον
1745 1636 1951 1707 μᾶλλον

353 1726 553 1782 ἐθέλων
579 1728 795 1793 παθεῖν,
822 1729 1064 1797 εὖγιῖνῶς
1094 1730 1190 1785 καὶ
1221 1729 1550 1802 ἐλευθερίως
1564 1720 1652 1801 ’τῷ
1686 1729 1821 1802 θείῳ
1852 1731 1950 1784 καὶ

351 1822 606 1894 ἀρχιερεῖ
630 1823 970 1893 προσελθὼν,
1000 1825 1231 1896 ἐννόμου
1285 1825 1549 1894 γυναικὸς
1575 1825 1750 1897 ᾔτησε
1783 1823 1949 1891 συζυ-

351 1912 498 1979 γίαν.
545 1911 605 1965 '0
633 1911 690 1966 δὲ
728 1913 870 1975 θεῖος
903 1914 1074 1978 ὅντως
1103 1910 1318 1979 ἐκεῖνος
1339 1915 1480 1987 ἀνὴρ
1510 1916 1635 1970 οὐδὲ
1663 1916 1827 1988 μέχρι
1851 1914 1946 1970 τοῦ

352 2005 446 2060 καὶ
491 2001 648 2058 ὢτων
691 2004 900 2075 ψαῦσαι
952 2008 1044 2060 τὸν
1093 2005 1255 2077 λόγον
1299 2008 1693 2080 ἀνασχόμενος,
1730 2009 1948 2072 πολλοῖς

350 2097 621 2167 ἐκέχρητο
643 2098 782 2169 πρὸς
802 2099 967 2153 αὑτὸν
993 2097 1196 2169 λόγοις,
1224 2100 1337 2156 τῶν
1358 2101 1452 2155 τοῦ
1484 2103 1666 2171 γάμου
1697 2102 1947 2173 θορύϐων

353 2187 790 2260 ὑπομιμνήσκων
825 2190 919 2243 καὶ
952 2190 1190 2259 ἀπάγειν
1220 2192 1390 2246 αὑτὸν
1415 2192 1520 2263 τῆς
1567 2192 1799 2265 γνώμης
1829 2209 1948 2246 πει-

352 2281 619 2355 ρώμενος.
685 2281 840 2336 Ἐπεὶ
877 2284 933 2337 δὲ
985 2285 1233 2355 σφοδρῶς
1268 2286 1594 2358 ἐγκείμενον
1623 2289 1796 2360 ἐώρα,
1851 2288 1946 2342 καὶ

354 2374 491 2446 μηδέ
522 2377 720 2447 μικρὸν
747 2377 1066 2432 ὑποδιδόντα
1097 2381 1198 2451 τὴν
1226 2378 1504 2445 ἔνστασιν,
1538 2379 1825 2451 σοφίζεται
1882 2385 1944 2436 τ’)

351 2469 591 2538 πρᾶγμα
611 2469 733 2522 λίαν
756 2470 959 2535 καλῶς,
983 2473 1144 2526 ἐπιθυ
1153 2474 1284 2542 μίαν
1316 2471 1463 2545 ἔχειν
1489 2472 1662 2529 εἰπὼν
1684 2474 1811 2530 ναὸν
1833 2478 1945 2540 τοῖς

358 2561 539 2632 τρισὶν
602 2562 779 2630 ἁγίοις
843 2565 1035 2617 παισὶν
1089 2565 1403 2637 ἀνεγεῖραι,
1460 2560 1686 2631 Οὗτινός
1721 2586 1781 2622 σε
1835 2568 1944 2641 χρὴ

353 2654 656 2727 προστῆναι
713 2658 814 2729 τῆς
867 2659 1183 2730 οἰκοδομίας
1212 2661 1275 2713 τό
1302 2679 1365 2730 γε
1391 2661 1487 2717 νῦν
1527 2662 1650 2733 ἔχον
1674 2679 1690 2694 °
1726 2662 1940 2728 ἔπειτα,

353 2744 447 2797 τοῦ
469 2744 629 2816 ἔργου
658 2747 737 2812 εἰς
760 2748 938 2819 πέρας
964 2750 1236 2816 ἐλθόντος,
1264 2753 1361 2807 καὶ
1387 2753 1474 2807 σοὶ
1494 2757 1756 2827 χωρήσει,
1785 2760 1941 2827 φησῖ,

351 2836 497 2893 τιατά
527 2835 755 2910 γνώμην
787 2839 849 2894 τὸ
900 2843 1364 2914 σπουδαζόμενον.
1405 2845 1679 2900 Ἤκουσεν
1710 2850 1942 2919 ἐκεῖνος,

352 2930 447 2980 καὶ
483 2929 657 2999 ήδέως
683 2930 806 2986 λίαν
832 2932 1123 2999 ἀνεδέξατο
1153 2935 1214 2988 τὸ
1242 2937 1551 3008 ἐπίταγμα,
1589 2939 1800 3012 θέρμην
1821 2942 1945 2995 ἐπι-

349 3021 553 3091 θυμίας
578 3023 762 3077 ἐλπίσι
786 3029 1056 3098 χρησταῖς
1085 3028 1381 3099 ἀναψύχων
1405 3032 1502 3085 καὶ
1527 3031 1939 3105 ἀνακτώμενος.

2054 618 2415 690 ρτιενίἁεὺοι,
2471 620 2866 690 praedictione,
2922 620 3045 689 eius
3107 619 3235 676 fidei
3288 619 3652 679 sacerdotalis
3738 660 3744 666 ι

2054 721 2203 768 esset
2272 712 2433 768 sedes
2474 713 2705 769 credita.
2736 713 2835 769 llic
2859 728 2994 785 ergo
3029 714 3367 785 Apollinaris
3384 729 3510 769 cum
3536 715 3648 785 jam

2054 805 2402 875 pervenisset
2427 805 2494 859 ad
2526 807 2932 876 ponitilicatum,
2950 807 3133 861 alebat
3156 807 3322 862 etiam
3353 809 3649 879 quemdam

2056 902 2169 951 suae
2193 896 2401 953 sororis
2441 898 2635 965 lilium,
2673 898 2971 969 diligenter
3014 898 3329 959 admodum.
3360 910 3413 955 et
3435 902 3650 957 exvir-

2055 998 2175 1043 tute
2209 1004 2223 1042 :
2252 998 2313 1042 nt
2349 989 2634 1060 quomodo
2679 1005 2807 1046 cum
2871 991 3114 1046 habebat
3161 1008 3361 1062 genere
3417 995 3649 1064 propith

2054 1094 2246 1149 quum,
2287 1080 2362 1134 ita
2423 1081 2601 1135 multo
2649 1081 2822 1153 magis
2871 1097 3001 1135 eum
3065 1082 3324 1138 redderet
3349 1084 3460 1138 vita
3511 1100 3651 1140 con-

2049 1171 2326 1242 junctum;
2358 1171 2497 1227 Cum
2522 1189 2653 1228 vero
2682 1173 2728 1229 is
2757 1173 2827 1228 ad
2860 1174 3075 1230 virilem
3121 1174 3466 1244 pervenisset
3518 1186 3652 1232 aeta-

2054 1270 2163 1315 tem
2188 1272 2240 1316 et
2274 1261 2340 1316 ad
2377 1262 2568 1317 ﬂorem
2595 1264 2925 1334 juventutis,
2953 1280 3087 1330 non,
3111 1274 3172 1319 ut
3204 1265 3360 1319 multi
3387 1265 3647 1335 juvenes,

2054 1367 2112 1407 se
2148 1352 2303 1408 dedit
2340 1365 2397 1409 et
2438 1356 2693 1425 permisit
2725 1356 3411 1427 naturaappetitionibus,
3448 1358 3658 1415 laxatis

2053 1443 2229 1500 frenis
2280 1446 2580 1502 omnibus:
2609 1463 2791 1518 neque
2822 1447 2962 1502 clam
3003 1457 3283 1518 noctuque
3308 1448 3677 1520 egrediendo...

2051 1535 2229 1589 voluit
2270 1552 2382 1590 non
2420 1536 2681 1593 honestas
2727 1538 2988 1599 sumtrari
3025 1538 3355 1609 voluptates,
3412 1539 3509 1595 sed
3549 1554 3652 1610 poq

2054 1629 2165 1684 tius
2188 1630 2381 1686 volens
2408 1631 2548 1685 nihil
2576 1632 2624 1687 ei
2652 1631 2926 1703 ejusmodi
2975 1631 3251 1696 accidere,
3285 1631 3352 1684 ad
3388 1638 3660 1703 patruum

2052 1734 2214 1775 suum
2273 1728 2331 1775 et
2388 1722 2704 1791 pontiﬁcem
2758 1721 2937 1777 libere
2984 1731 3042 1778 et
3085 1722 3324 1792 ingenue
3350 1722 3645 1790 accedens,

2052 1814 2213 1882 petiit
2263 1814 2523 1885 legitima:
2573 1815 2764 1872 uxoris
2810 1816 3152 1886 coniugium.
3181 1816 3277 1870 Vir
3332 1824 3517 1872 autem
3551 1816 3649 1873 illo

2051 1921 2185 1961 vere
2227 1905 2474 1970 divinus,
2510 1922 2663 1969 cum,
2700 1923 2803 1971 ne.
2838 1907 3126 1963 auditione
3177 1906 3429 1978 quidem,
3497 1907 3648 1979 quod

2053 1996 2296 2062 dicebat,
2337 1998 2591 2068 accipere
2652 1998 3031 2061 sustinuisset,
3070 2002 3215 2069 apud
3288 2014 3415 2054 eum
3458 1999 3649 2056 multis

2053 2088 2238 2145 verbis
2288 2098 2374 2146 est
2425 2105 2580 2155 usus,
2617 2090 2807 2146 turbas
2880 2091 3220 2147 matrimonii
3271 2106 3537 2147 revocans
3588 2091 3649 2146 in

2054 2184 2402 2246 memoriam,
2431 2194 2487 2239 et
2517 2192 2737 2240 tentans
2770 2200 2900 2240 eum
2945 2185 3016 2240 ab
3066 2184 3155 2240 illa
3210 2184 3488 2240 abducere
3524 2199 3649 2261 sen-

2054 2278 2247 2331 tentia.
2278 2275 2574 2347 Postquam
2608 2292 2739 2331 vero
2796 2277 2937 2332 vidit
2967 2292 3094 2331 eum
3129 2277 3290 2333 valde
3328 2277 3556 2340 instare.
3590 2286 3649 2336 et

2052 2366 2121 2423 de
2147 2370 2462 2438 constantia
2492 2385 2564 2425 ne
2596 2371 2874 2425 tantillum
2895 2370 3121 2442 quidem
3145 2371 3452 2436 remittere,
3487 2370 3656 2431 valde

2052 2462 2282 2531 pulchre
2342 2462 2449 2517 hoc
2503 2462 2804 2534 excogitat,
2839 2462 3132 2518 dicens'se
3171 2478 3377 2533 cupere
3403 2462 3649 2521 excitare

2052 2555 2317 2623 templum
2352 2555 2534 2610 trihus
2577 2553 2784 2621 sanctis
2813 2556 3033 2626 pueris:
3067 2555 3242 2628 Cujus
3260 2556 3485 2627 quidem
3513 2557 3648 2613 στάξεν

2049 2646 2325 2703 ticationis
2361 2657 2581 2720 Oportet
2627 2657 2730 2716 te,
2766 2648 2971 2727 inquit,
3026 2650 3082 2703 in
3132 2651 3423 2720 praesentia
3454 2664 3643 2705 curam

2050 2756 2276 2811 gerere;
2312 2741 2534 2807 deinde,
2574 2741 2679 2796 hoc
2717 2758 2885 2814 opere
2929 2740 2995 2796 ad
3018 2744 3184 2796 tinem
3211 2742 3506 2812 perducto,
3540 2741 3647 2798 huc

2050 2835 2209 2906 cujus
2232 2833 2418 2889 studio
2449 2837 2677 2900 teneris,
2712 2834 2768 2889 id
2813 2834 2910 2890 tibi
2930 2834 3193 2891 succedet
3232 2850 3300 2889 ex
3345 2834 3640 2891 sententia.

2046 2924 2240 2987 Audiit
2281 2925 2392 2991 ille,
2422 2933 2480 2979 et
2530 2925 2789 2980 lubenter
2840 2925 3139 2981 admodum
3195 2931 3443 2998 suscepit
3492 2926 3642 2998 quod

2043 3017 2235 3087 jussus
2265 3017 2465 3084 fuerat,
2505 3017 2753 3074 calorem
2786 3017 3304 3090 cupiditatisbona
3352 3035 3448 3090 spe
3479 3018 3679 3076 retriq.

2047 3125 2247 3180 gerans
2272 3118 2329 3164 9|.
2364 3125 2643 3165 recreans.

422 3197 495 3254 ις’.
526 3194 637 3254 Ἦν
662 3200 721 3255 δέ
752 3219 837 3268 τις
867 3203 1056 3258 αὐτόθι
1089 3206 1253 3270 τόπος
1285 3206 1517 3280 Δορύζιν
1567 3210 1712 3264 οὕτω
1742 3212 1942 3266 καλού-

2053 3177 2073 3180 “
2121 3200 2211 3266 lli.
2241 3201 2375 3283 Erat
2399 3211 2586 3256 autem
2620 3201 2734 3256 illic
2762 3199 2993 3271 quidem
3016 3201 3193 3264 locus,
3218 3201 3314 3273 qui
3338 3177 3647 3259 vocabatur.

350 3307 508 3359 μενο;
535 3306 552 3322 ⁸
579 3286 644 3346 οὗ
672 3293 738 3367 δὴ
768 3295 862 3349 καὶ
893 3297 1296 3373 δόξανέγεῖραι
1325 3301 1390 3355 τὸ
1419 3303 1584 3374 ἱερὸν,
1604 3304 1769 3376 ἔργου
1799 3306 1943 3361 κατὰ

347 3385 532 3440 πᾶσαν
564 3389 806 3460 σπουδὴν
845 3391 1009 3454 αὐτὸς
1039 3394 1240 3464 εἴχετο,
1276 3396 1374 3449 καὶ
1404 3395 1465 3449 τὸ
1512 3397 1613 3467 μὲν
1647 3400 1729 3462 εἰς
1754 3416 1943 3470 γηρω-

347 3480 570 3548 κομεῖον
597 3479 785 3546 εὐθὺς,
804 3483 868 3536 τὸ
896 3484 953 3536 δὲ
979 3486 1058 3549 εἰς
1091 3486 1262 3557 αὐλὴν
1293 3487 1634 3558 ἀφωρίζετοο
1659 3491 1692 3561 ἡ
1723 3491 1863 3559 αὐλὴ
1884 3491 1943 3545 δὲ

349 3571 560 3641 μεταξὺ
592 3574 655 3628 τὸ
684 3574 950 3646 ᾀδόμενον
989 3578 1150 3634 τοῦτο
1181 3581 1645 3652 περιελάμϐανεν,
1690 3584 1830 3653 ὅπερ
1860 3585 1942 3647 είς

346 3662 478 3716 ναδν
531 3665 957 3736 μεταϐαλόντες,
1014 3669 1109 3724 τοῦ
1166 3670 1432 3741 ὀνόματος
1469 3671 1657 3750 μόνον,
1715 3672 1792 3737 ὡς
1836 3672 1938 3745 ήδη

343 3754 658 3826 φθάσαντες
697 3759 931 3832 ἔφημεν,
969 3762 1070 3816 οὐκ
1107 3761 1189 3816 ἔτι
1226 3764 1284 3818 δέ
1320 3766 1419 3819 καὶ
1469 3765 1568 3818 τοῦ
1609 3767 1943 3838 πράγματος

344 3848 688 3922 ἀπέστησαν,
738 3853 823 3907 ὅτι
881 3855 958 3925 μὴ
986 3854 1083 3908 καὶ
1137 3855 1342 3926 μᾶλλον
1398 3855 1601 3928 ἀληθὲς
1650 3859 1785 3911 αὐτὸ
1846 3858 1944 3913 καὶ

349 3941 590 4010 ἰατρεῖον
641 3941 850 4006 πάθους
915 3944 1122 4009 παντὸς
1200 3943 1515 4014 ἀνθρώποις
1588 3945 1940 4015 εἰργάσαντο.

338 4034 525 4091 Ἀλλά
559 4034 721 4091 τοῦτο
754 4037 856 4108 μὲν
887 4036 953 4109 δὴ
985 4036 1177 4092 τοῦτον
1207 4035 1548 4109 μετεποιήθη
1595 4037 1688 4090 τὸν
1716 4019 1941 4109 τρόπον,

344 4129 444 4189 καὶ
468 4128 597 4194 ναὸς
626 4126 687 4194 ἐξ
722 4128 963 4199 ἰατρείου
1010 4129 1277 4201 κατέστη,
1331 4127 1568 4199 ἄμισθον
1607 4127 1828 4200 ἀληθῶς
1869 4130 1946 4183 ἰα-

342 4222 548 4291 τρεῖον,
578 4223 774 4292 ταχεῖα
804 4221 980 4275 νόσων
1013 4221 1327 4293 ἀπαλλαγὴ,
1361 4219 1634 4291 θεραπεία
1673 4221 1943 4293 μέλλησιν

345 4313 550 4386 ἔχουσα
583 4315 880 4386 μηδεμίαν,
914 4315 1053 4371 ἀλλὰ
1101 4317 1196 4371 καὶ
1228 4315 1331 4380 τὰς
1369 4318 1621 4386 αἰτήσεις
1677 4316 1943 4381 πολλάκις

341 4403 455 4463 τῶν
507 4405 830 4476 πασχόντων
878 4404 1181 4489 φθάνουσα.
1248 4407 1415 4477 Ἡμῖν
1461 4405 1520 4460 δέ
1550 4408 1646 4462 καὶ
1692 4409 1762 4462 τὰ
1814 4407 1945 4481 ἑξῆς

341 4499 698 4570 προσθετέον,
755 4500 853 4554 καὶ
884 4500 948 4555 οὑ
990 4501 1301 4572 ζημιωτέον
1333 4501 1520 4573 θαῦμα
1560 4502 1728 4558 καλὸν
1766 4503 1942 4568 ἀκοὰς

2047 3290 2329 3363 Doryzim.
2367 3276 2515 3358 'Quo
2563 3292 2787 3363 quidem
2829 3292 2885 3346 in
2943 3292 3068 3353 loco
3099 3309 3225 3348 eum
3285 3293 3462 3348 visum
3494 3303 3663 3350 esset,

2046 3388 2291 3443 excitare
2323 3385 2522 3452 aedem,
2557 3386 2674 3457 ipse
2727 3395 2842 3442 toto
2893 3385 3080 3441 studio
3124 3385 3366 3451 instabat
3425 3387 3586 3458 operi
3625 3407 3657 3451 τΔ

2046 3489 2106 3536 et
2160 3480 2294 3538 illud
2351 3480 2576 3552 quidem
2627 3482 2816 3536 statim
2870 3480 2940 3536 ad
2981 3481 3501 3552 gerontocomium,
3537 3481 3665 3538 hoc.

2045 3587 2180 3627 vero
2208 3571 2583 3643 deputabatur
2628 3572 2697 3628 ad
2734 3572 2937 3627 atrium
2974 3592 2987 3627 :
3021 3576 3224 3628 atrium
3255 3585 3439 3629 autem
3467 3575 3644 3631 intere-

2045 3661 2288 3732 cipiebat
2320 3663 2485 3726 hanc,
2562 3679 2685 3734 qua:
2744 3664 2913 3736 vulgo
2966 3665 3300 3730 celebratur,
3345 3665 3641 3732 otIicinam.

2043 3751 2220 3819 Quam
2250 3754 2474 3824 quidem
2522 3771 2650 3810 cum
2703 3755 2758 3810 in
2805 3738 3071 3826 tem‘plum
3120 3766 3510 3824 mutassent,a
3541 3774 3644 3816 no-

2045 3845 2196 3900 mine
2217 3844 2425 3910 solum,
2460 3847 2644 3917 utjam
2679 3846 2836 3917 prius
2879 3847 3145 3915 diximus,
3205 3863 3318 3904 non
3380 3858 3568 3920 autem
3606 3867 3642 3908 ι

2046 3951 2106 3991 re
2161 3937 2330 3991 etiam
2384 3948 2757 4003 recesserunt,
2798 3939 2906 3995 nisi
2963 3940 3113 4012 quod
3173 3957 3294 3996 eam
3334 3941 3644 4000 eﬂ‘ecerunt

2044 4030 2321 4085 veriorem
2350 4031 2599 4102 cujusvis
2630 4030 2912 4088 hominem
2955 4033 3134 4088 morbi
3185 4034 3442 4090 medendi
3466 4036 3640 4092 otlici-

2046 4133 2197 4172 nam.
2224 4118 2333 4174 Sed
2366 4136 2430 4175 ea
2454 4120 2682 4190 quidem
2721 4122 2827 4177 hoc
2863 4122 3029 4178 modo
3050 4131 3136 4179 est
3167 4133 3550 4193 transmutata,
3584 4136 3664 4193 et,

2045 4224 2113 4266 ex
2135 4211 2336 4272 medici
2377 4211 2593 4269 oﬂicina
2658 4215 2922 4285 templum
2945 4224 3031 4271 est
3074 4217 3479 4275 constitutum:
3510 4234 3649 4277 vero

2046 4305 2272 4374 quidem
2295 4307 2555 4376 gratuita,
2615 4317 2672 4363 et
2722 4309 2931 4363 nullam
2984 4309 3271 4380 accipiens
3327 4312 3647 4387 mercedem

2048 4398 2258 4459 medici.
2285 4398 2499 4454 oiiieina
2526 4401 2681 4456 velox
2730 4401 3054 4457 morborum
3083 4400 3367 4471 liberatio,
3420 4407 3665 4463 curatio.

2045 4505 2168 4559 quae
2193 4490 2397 4546 nullam
2431 4492 2598 4547 habet
2627 4493 2974 4559 dilationem,
2996 4495 3093 4551 sed
3124 4511 3319 4551 θοι-ιω]
3359 4497 3456 4568 qui
3490 4499 3646 4556 labo-

342 4589 587 4658 διψὼσας
609 4591 785 4662 λόγων
815 4593 1139 4662 ἐπωφελῶν,
1177 4595 1227 4647 εἰ
1263 4594 1357 4648 καὶ
1388 4594 1588 4665 μετρία
1618 4593 1747 4668 δόξῃ
1795 4612 1940 4666 παρ·

2048 4590 2173 4637 rant
2195 4584 2543 4653 praeveniens
2566 4585 2887 4655 petitiones.
2920 4588 3093 4643 Nobis
3119 4602 3307 4644 autem
3328 4591 3640 4649 suntetiam

341 4680 569 4748 ἐκϐασις
610 4684 703 4739 τοῦ
764 4685 908 4756 μετά
951 4687 1144 4758 χεῖρας
1195 4685 1428 4752 σκοποῦ,
1455 4689 1489 4759 ή
1525 4689 1817 4769 προσθήκη
1840 4689 1938 4744 τοῦ

341 4773 710 4848 διηγήματος.

414 5047 484 5097 Δ’.
527 5042 614 5107 Ὠς
641 5043 750 5116 γὰρ
780 5048 810 5099 ό
836 5045 957 5110 νέος
993 5048 1093 5120 ὅλη
1114 5050 1321 5124 σπονδῇ
1372 5054 1502 5125 περὶ
1523 5053 1623 5120 τὰς
1645 5054 1936 5126 οἰκοδομὰς

338 5135 718 5211 ἀπησχόλητο,
749 5140 830 5205 εἰς
862 5142 994 5196 ναὸν
1024 5142 1125 5214 μέν
1154 5146 1212 5198 ἐν
1243 5145 1443 5218 βραχεῖ
1476 5148 1540 5202 τὸ
1568 5150 1937 5222 ἐργαστήριον

345 5227 727 5298 μετεϐέϐλητο
753 5270 768 5295 ,
804 5235 901 5288 καὶ
937 5239 1287 5308 νοσοκομεῖον
1332 5237 1391 5293 δὲ
1419 5240 1517 5295 καὶ
1553 5249 1936 5314 γηρωκομεῗον

345 5322 478 5391 παρ’
510 5321 678 5378 αὑτοῦ
714 5325 1145 5396 κατεσκεύαστο,
1182 5329 1280 5384 καὶ
1318 5331 1499 5387 πάντα
1543 5334 1646 5404 ήδη
1676 5338 1735 5389 ἐν
1767 5337 1937 5409 ὀλίγῳ

346 5408 526 5481 Χρόνῳ
554 5411 884 5487 ἀπήρτιστο.
930 5414 1066 5475 Εἶτα
1096 5422 1525 5491 μεταστέλλεταί
1558 5443 1681 5481 τινα
1706 5430 1735 5482 ὀ
1773 5408 1935 5484 Ἀποέ

342 5499 594 5592 λινάριος
617 5506 788 5578 ἄνδρα
820 5511 1061 5583 ποίμνης
1084 5516 1468 5586 προεστηκότα
1495 5518 1592 5571 καὶ
1616 5518 1716 5590 τὴν
1731 5521 1934 5592 ἀρετὴν

342 5591 639 5666 ἐπίσημον,
675 5596 720 5667 ᾧ
749 5600 988 5671 γράμμα
1036 5601 1163 5668 δοὺς
1203 5605 1355 5677 παρὰ
1389 5606 1515 5672 τοὺς
1567 5607 1751 5674 ὁσίους
1784 5591 1935 5683 τρεῖς

344 5686 544 5754 παῖδας
585 5689 666 5755 εἰς
719 5692 1015 5748 Βαϐυλῶνα
1058 5697 1361 5765 ἐκπέμπει.
1410 5698 1493 5753 Τὰ
1538 5701 1847 5774 γράμματα
1875 5703 1935 5759 δέ

342 5779 551 5836 ἰκετεια
578 5777 648 5853 ἦν
679 5782 822 5839 ὥστε
869 5785 991 5841 τινὰ
1037 5786 1145 5842 τῶν
1186 5788 1350 5859 ἰερῶν
1381 5790 1609 5847 ἐκείνων
1660 5793 1934 5867 λειψάνων

342 5872 480 5947 πρὸς
519 5874 615 5933 τὶν
641 5876 699 5929 ἐν
741 5876 1115 5951 Ἀλεξανδρείᾳ
1149 5882 1466 5955 πεμφθῆναι
1493 5886 1643 5954 ναὸν,
1681 5885 1742 5942 δν
1768 5890 1933 5955 αὐτὸς

2047 4690 2111 4732 ea
2155 4692 2279 4747 quae
2334 4676 2596 4749 deinceps
2640 4690 3062 4750 consequuntur
3113 4681 3391 4747 addenda,
3457 4699 3642 4756 neque

2047 4777 2178 4825 sunt
2216 4765 2451 4840 pulchro
2479 4772 2762 4843 privanda:
2794 4773 3061 4830 miraculo
3093 4792 3282 4843 aures,
3318 4793 3443 4848 quae
3474 4778 3643 4837 utiles

2048 4865 2247 4922 sitiunt
2290 4868 2592 4931 orationes,
2623 4869 2845 4924 etiamsi
2891 4870 2962 4925 ab
2993 4871 3249 4927 instituto
3289 4874 3439 4930 satis.
3477 4877 3642 4946 longa

2047 4957 2325 5015 videbitur
2359 4951 2651 5030 digressio,
2683 4960 2896 5021 additio
2928 4963 3282 5026 narrationis.

2120 5051 2216 5108 iV.
2248 5051 2385 5108 Nam
2435 5069 2563 5110 cum
2602 5053 2927 5111 adolescens
2989 5064 3110 5115 toto
3141 5055 3329 5111 studio
3380 5055 3439 5112 in
3463 5055 3641 5115 aditi-

2045 5144 2224 5208 cando
2245 5144 2439 5202 fuisset
2459 5160 2783 5219 occupatus,
2798 5147 2853 5214 in
2880 5148 3147 5218 templum
3163 5147 3394 5219 quidem
3414 5147 3641 5206 oﬂicina

2046 5237 2203 5294 brevi
2229 5238 2336 5294 fuit
2385 5249 2621 5295 mutata.
2647 5241 3045 5297 Nosocomium
3073 5250 3261 5297 autem
3289 5254 3346 5298 et
3369 5251 3637 5313 gerente-

2044 5332 2288 5388 comium
2323 5332 2394 5388 ab
2422 5349 2491 5389 eo
2514 5343 2836 5391 constructa
2855 5346 2987 5391 sunt
3015 5352 3030 5391 :
3055 5345 3115 5391 et
3132 5336 3321 5394 omnia
3343 5352 3457 5394 non
3485 5337 3639 5410 longi

2047 5424 2317 5495 temporis
2347 5424 2528 5497 spatio
2556 5425 2629 5489 ab
2662 5441 2731 5493 eo
2778 5435 2911 5481 sunt
2955 5425 3225 5497 perfecta.
3283 5427 3496 5485 Deinde
3552 5443 3642 5486 ae-

2045 5517 2236 5575 cersiit
2286 5517 2626 5589 Apollinaris
2683 5521 2862 5575 virum
2934 5520 3269 5591 quemdam,
3324 5522 3422 5593 qui
3481 5523 3638 5595 gregi

2043 5620 2302 5682 praeerat,
2337 5619 2538 5668 etcrat
2557 5610 2766 5668 virtute
2808 5611 3061 5683 insignis.
3096 5610 3197 5669 Cui
3220 5626 3350 5667 cum
3379 5611 3640 5683 dedisset

2043 5702 2282 5768 litteras,
2314 5703 2522 5759 emittit
2550 5719 2679 5759 eum
2708 5703 2792 5775 .ad
2815 5712 2931 5761 tres
2989 5711 3214 5762 sanctos
3235 5702 3642 5777 puerosBaby-

2044 5798 2250 5856 lonem.
2291 5796 2519 5854 Litteris
2544 5806 2729 5855 autem
2761 5797 3200 5870 supplicabatur,
3247 5805 3311 5854 ut
3337 5796 3538 5870 aliqua
3560 5810 3637 5857 ει

2046 5889 2158 5950 iliis
2184 5890 2356 5949 sacris
2385 5889 2638 5961 reliquiis
2676 5891 3032 5955 mitterentur
3065 5889 3134 5950 ad
3164 5889 3460 5963 templum,
3483 5890 3633 5963 quod
