4126 6420
343 436 483 511 1237

1427 451 1606 513 VITA
1660 443 1766 512 SS.
1805 451 1980 513 CYRI
2019 451 2116 511 ET
2154 451 2490 515 JOANNIS.

3475 449 3617 519 1238

341 556 446 629 τὴν
484 554 890 630 Ἀλεξάνδρειαν
924 560 1268 633 κατειλήφει.
1314 561 1428 628 Ἐφ’
1450 554 1495 631 ᾦ
1526 564 1608 627 τίς
1640 581 1770 619 ποτε
1798 562 1921 635 ἄνῆ

2071 565 2279 620 retioso
2311 566 2569 621 thesauro
2592 580 2886 636 reponens,
2908 581 3031 636 qua:
3052 564 3615 634 suntpretiosissima,

340 650 441 722 τὴν
472 650 666 723 ἡδονὴν
688 655 780 705 καὶ
807 652 1139 728 φαιδρότητα
1162 658 1512 727 παραστῆσαι
1538 658 1632 711 τοῦ
1663 659 1929 730 πατριάρ-

344 759 463 813 χου,
495 741 529 814 ἢ
555 742 653 813 τὴν
684 742 778 796 τοῦ
806 743 1039 816 πλήθους
1067 746 1227 801 πάλιν
1256 749 1450 820 ἑορτὴν
1470 749 1566 803 καὶ
1596 750 1926 819 πανήγυριν;

344 832 447 903 Οἴα
479 833 535 885 δὲ
569 834 801 903 μετῆλθε
860 836 1021 908 σοφίᾳ
1054 838 1145 891 καὶ
1179 840 1278 909 τὴν
1310 840 1446 911 πρὸς
1498 840 1589 893 τὸν
1615 840 1930 910 ἀδελφιδοῦν

347 925 662 997 ὑπόσχεσιν,
689 926 917 981 ἀκοῦσαι
949 929 1132 984 καλόν.
1159 932 1270 1000 Τῆς
1299 932 1407 1004 γὰρ
1431 932 1692 1004 ἐπιούσης
1716 933 1808 986 τὸν
1839 933 1928 986 ὑπ’

343 1016 493 1087 αὖτῷ
526 1017 702 1070 πάντα
730 1018 933 1091 κλῆρον
960 1021 1242 1092 ἁθροίσας,
1274 1026 1434 1094 χεῖρα
1466 1024 1565 1094 μὲν
1590 1025 1806 1095 ἐκείνην
1840 1027 1933 1078 καὶ

346 1111 444 1161 σῦν
489 1110 628 1179 αὐτῇ
662 1110 759 1181 τὴν
793 1113 1085 1182 ἐπιστολὴν
1118 1115 1210 1167 ὑπ’
1241 1116 1410 1187 αὐτῆς
1449 1115 1719 1187 ἐχομένην
1772 1118 1933 1188 ίερῶς

344 1201 482 1270 ὁμοῦ
542 1203 632 1254 καὶ
662 1202 929 1273 λαμπρῶς
955 1208 1329 1274 κατατίθεται,
1355 1208 1424 1263 τά
1452 1226 1511 1263 τε
1536 1210 1670 1265 ἄλλα
1708 1211 1934 1274 τελέσας

346 1293 491 1346 κατὰ
511 1292 598 1346 τὸν
621 1295 748 1348 ναὸν
777 1296 1100 1367 φιλοτίμως,
1127 1283 1221 1353 καὶ
1241 1300 1429 1354 τοῦτον
1455 1301 1555 1354 ὅσα
1587 1303 1933 1373 Χριστιανοῖς

348 1384 533 1453 νόμοις
579 1385 946 1456 καθιερώσας,
1003 1389 1195 1445 ἔπειτα
1226 1391 1316 1445 τὸν
1340 1391 1654 1462 ἀδελφιδοῦν
1684 1392 1930 1461 ἀγαγὼν,

348 1478 443 1530 καὶ
483 1479 630 1549 ίερέα
653 1483 1035 1550 χειροτονήσας
1059 1523 1074 1550 ,
1126 1484 1241 1537 ἀντ’
1293 1484 1461 1555 ἄλλης
1518 1484 1667 1555 αὐτῷ
1700 1484 1935 1552 συζύγου

349 1566 449 1637 τὴν
494 1566 825 1641 Ἐκκλησίαν
860 1572 1243 1642 μνηστεύεται,
1294 1574 1421 1628 Ἰδού
1457 1592 1538 1627 σοι
1585 1576 1679 1628 καὶ
1703 1574 1935 1646 ὴ-γυνὴ,

351 1659 486 1730 πρὸς
512 1660 673 1713 αὐτὸν
695 1661 891 1715 εἰπών’
918 1663 1057 1717 ἀλλὰ.
1092 1665 1255 1736 κήδου
1307 1665 1534 1735 ταύτης,
1563 1666 1639 1729 ὡς
1662 1666 1938 1736 προσῆκόν

350 1754 694 1817 ἔστι.“Τοῦτο
719 1754 906 1825 λεχθὲν
936 1755 1079 1809 οὕτω
1104 1757 1194 1809 τὸν
1227 1758 1347 1810 νέον
1368 1758 1607 1828 διέθηκε,
1642 1758 1735 1810 καὶ
1764 1757 1938 1821 οὕτως

348 1844 513 1899 αὖτοῦ
538 1846 795 1899 καθίκετο
822 1849 920 1918 τῆς
953 1847 1127 1918 ψυχῆς
1161 1849 1252 1901 καὶ
1279 1849 1552 1919 μετέθηκε
1612 1850 1713 1919 τὴν
1750 1849 1939 1902 ζέπιθυ-

2036 655 2234 711 lubens
2270 655 2521 725 pervenit
2570 655 2977 711 Alexandriam.
3008 653 3182 722 Quam
3211 654 3281 710 ob
3342 670 3457 708 rem
3494 656 3618 723 quis

2037 746 2123 801 vel
2158 746 2483 816 patriarchae
2533 748 2865 817 voluptatem
2913 756 2969 800 et
2998 746 3401 824 laetitiamﬁel.
3426 761 3620 800 rursus

2038 838 2226 909 populi
2269 838 2517 894 festivam
2564 838 2942 894 celebritatem
2990 839 3237 908 potuerit
3288 836 3622 899 ostendere?

2038 930 2211 998 Quam
2259 931 2540 1001 sapienter
2577 942 2760 986 autem
2812 947 2871 987 se
2925 930 3159 1002 gesserit
3196 931 3255 988 in.
3311 928 3621 1000 prmstando

2040 1025 2315 1095 promisso
2351 1039 2463 1078 suae
2517 1022 2727 1081 sororis
2760 1022 2895 1086 ﬁlio.
2926 1024 3120 1080 audire
3157 1032 3243 1078 est
3274 1038 3454 1092 Operae
3483 1038 3622 1093 pre-

2044 1116 2201 1170 tium.
2227 1116 2361 1171 Nam
2397 1132 2521 1171 cum
2542 1117 2794 1188 sequenti
2822 1116 2911 1170 die
2939 1125 3139 1178 totum,
3170 1113 3263 1183 qui
3285 1114 3335 1167 ei
3368 1112 3620 1174 suberat,

2041 1202 2247 1259 clerum
2285 1213 2667 1269 eonvocassct,
2696 1219 2917 1259 manum
2946 1204 3171 1277 quidem
3205 1203 3376 1267 illam,
3414 1214 3621 1258 etcum

2043 1312 2160 1366 Ipsa
2182 1296 2497 1369 epistolam,
2533 1313 2656 1367 qua:
2682 1298 2754 1352 ab
2805 1313 2869 1353 ea
2901 1296 3216 1360 tenebatur,
3274 1299 3625 1350 “sacrosancte

2044 1387 2207 1442 simul
2242 1389 2593 1459 et'praeelare
2631 1387 2897 1458 deponit:
2923 1398 2981 1443 et
3021 1402 3147 1442 cum
3185 1386 3289 1440 al‘ia
3334 1386 3390 1440 in
3423 1376 3641 1455 templo

2045 1480 2332 1550 splendide
2372 1491 2427 1537 et
2459 1483 2746 1553 magniﬁce
2806 1482 3138 1552 peregisset,
3174 1481 3340 1551 idque
3373 1479 3443 1534 de
3472 1495 3628 1533 more

2044 1572 2487 1629 Christianorum
2517 1583 2920 1639 consecrasset,
2936 1574 3176 1629 adducto
3198 1573 3397 1628 deinde
3417 1572 3629 1627 sororis

2047 1663 2185 1732 lilio,
2217 1674 2274 1719 et
2324 1667 2611 1721 sacerdote
2645 1666 2926 1730 ordinato,
2964 1656 3091 1721 loco
3123 1664 3353 1720 alterius
3378 1664 3629 1734 conjugis

2047 1756 2096 1811 ei
2141 1757 2437 1828 deSponset
2485 1760 2798 1824 ecclesiam,
2823 1760 2872 1813 ei
2924 1758 3117 1814 dicens
3154 1776 3167 1811 :
3211 1758 3286 1812 En
3324 1756 3420 1812 tibi
3455 1758 3641 1823 uror;

2049 1850 2146 1904 sed
2188 1852 2330 1921 ejus,
2376 1861 2437 1907 ut
2475 1868 2576 1922 par
2619 1862 2723 1917 est,
2751 1867 2938 1907 curam
2984 1867 3135 1922 gere.
3164 1851 3278 1905 Hoc
3316 1850 3527 1904 dictum
3551 1848 3629 1903 sic

355 1931 504 2005 μίαν,
526 1937 599 2000 ὡς
622 1938 795 1993 πλείω
815 1939 873 1991 τὸ
898 1940 1038 2010 μετὰ
1059 1939 1229 1994 ταῦτα
1249 1939 1552 2013 παρθενίας
1580 1942 1758 2012 ἔρωτα
1791 1943 1939 2010 σχεῖν

2063 1942 2231 1998 ιίΐεοὶι
2288 1944 2714 2007 adolescentem,
2752 1953 2807 1999 ct
2851 1944 2971 2014 ejus
3026 1942 3108 1998 sic
3149 1943 3326 2013 tetigit
3363 1931 3643 2005 animum,

348 2028 506 2100 ῆτῶν
522 2030 716 2100 γάμων
748 2035 1033 2104 πρότερον.
1076 2032 1239 2087 Ἀλλὰ
1260 2034 1388 2103 περὶ
1426 2033 1525 2104 μὲν
1556 2034 1762 2087 τούτων
1797 2033 1935 2097 ἅλις.

2049 2045 2105 2092 et
2156 2036 2389 2091 dimovit
2464 2037 2849 2108 cupiditatem,
2911 2045 2972 2092 ut
3033 2037 3241 2108 majore
3301 2031 3633 2103 virginitatis

347 2122 516 2179 fuerit
552 2122 814 2192 deinceps
840 2132 1035 2193 captus
1081 2138 1290 2189 amore,
1342 2139 1508 2195 quam
1563 2133 1691 2181 ante
1743 2124 2104 2182 matrimonii.
2130 2127 2239 2183 Sed
2274 2126 2342 2184 de
2376 2129 2463 2183 his
2485 2129 2710 2198 quidem
2744 2129 2896 2184 satis.

420 2214 492 2274 Z'.
543 2216 702 2285 Ἡμῖν
725 2216 781 2269 δὲ
810 2217 997 2287 Κύρου
1029 2218 1191 2272 πάλιν
1223 2219 1317 2273 καὶ
1344 2218 1454 2271 τῶν
1485 2217 1671 2290 Κύρου
1720 2235 1932 2288 μνημο-

2122 2222 2237 2279 Vll.
2264 2222 2434 2277 Nobis
2471 2233 2655 2278 autem
2696 2237 2893 2277 rursus
2930 2220 3060 2293 Cyri
3107 2229 3163 2275 et
3194 2233 3385 2275 eorum
3419 2232 3540 2288 qua:
3567 2215 3645 2277 ad.

348 2309 589 2372 νευτέον,
630 2308 689 2361 όν
713 2308 810 2393 καὶ
857 2308 951 2362 τοῦ
985 2310 1258 2381 παρόντος
1318 2310 1480 2379 λόγου
1516 2310 1776 2365 ὑπόθεσιν
1808 2328 1943 2381 προ-

2063 2313 2250 2386 Cyrum
2264 2317 2546 2385 pertinent
2566 2313 2814 2369 facienda
2830 2321 2914 2368 est
2933 2313 3141 2367 mentio
3175 2330 3188 2365 ε
3218 2326 3384 2380 quem
3408 2308 3632 2378 quidem

350 2400 606 2471 εθέμεθα.
642 2395 811 2466 Οὗτος
839 2403 1019 2456 τοίνυν
1045 2403 1297 2475 ἰατρικὴν
1336 2403 1575 2473 γεγονὼς
1611 2404 1718 2457 τῶν
1765 2405 1943 2460 ἄλλων

2063 2408 2447 2478 proposuimus
2494 2413 2883 2477 argumentum
2909 2403 3197 2473 praesentis
3219 2401 3507 2456 orationis.
3538 2400 3639 2453 Hic

351 2492 782 2563 διαφορώτατος,
832 2494 986 2547 οὐδὲν
1024 2489 1191 2566 ἦττον
1244 2496 1336 2548 καὶ
1362 2495 1452 2549 τὸν
1495 2495 1607 2567 βίον
1631 2491 1699 2567 ἦν
1730 2495 1947 2566 ἀνθρὼ-

2063 2514 2182 2571 argu
2215 2515 2340 2555 cum
2371 2500 2424 2554 in
2476 2510 2594 2554 arte
2641 2498 2911 2552 medicina
2971 2497 3201 2553 aliorum
3229 2494 3427 2549 fuisset
3456 2492 3640 2547 excel-

355 2601 480 2648 ποις
516 2584 963 2657 ὠφελιμώτατος,
1004 2588 1070 2657 τῇ
1107 2586 1208 2657 μὲν
1255 2586 1422 2658 τέχνῃ
1480 2587 1549 2640 τὰ
1579 2587 1829 2659 σώματα,
1868 2587 1943 2658 τῷ

357 2679 548 2753 τρόπῳ
577 2678 632 2731 δὲ
662 2676 758 2740 τὰς
785 2677 966 2749 ψυχὰς
993 2678 1313 2749 θεραπεύων
1334 2695 1346 2708 ·
1381 2680 1584 2750 μᾶλλον
1607 2680 1662 2733 δὲ
1697 2680 1790 2734 καὶ
1817 2668 1943 2751 τρόο

359 2784 465 2822 που
494 2768 561 2821 τὰ
622 2767 795 2821 πολλὰ
858 2767 1168 2839 φροντίζειν
1231 2768 1437 2835 πείθων
1489 2769 1578 2823 διὰ
1614 2770 1715 2840 τῆς
1750 2770 1945 2842 τέχνης

362 2859 455 2923 καὶ
488 2858 756 2915 διδάσκων
781 2860 933 2913 νόσον
972 2859 1153 2930 ψυχῆς
1186 2858 1368 2932 πολλῴ
1401 2860 1496 2916 τοῦ
1530 2861 1782 2933 σώματος
1806 2844 1947 2917 εἶναι

359 2951 769 3022 χαλεπωτέραν,
796 2955 907 3024 ὅσῳ
937 2956 1031 3006 καὶ
1064 2951 1268 3021 ταύτης
1301 2953 1478 3007 αἰτίαν
1511 2952 1773 3016 πολλάκις
1803 2953 1949 3005 ἐκεί-

361 3061 463 3113 νην
496 3044 764 3112 γίνεσθαι,
799 3043 895 3097 τοῦ
922 3043 1197 3097 Δεσπότου
1229 3045 1447 3098 πάντων
1496 3045 1590 3097 καὶ
1646 3045 1830 3116 ἰατροῦ
1861 3045 1951 3099 διὰ

2050 2593 2416 2658 lentissimus,
2447 2592 2619 2646 nihilo
2655 2595 2840 2646 secius
2856 2589 3156 2645 eratetiam
3175 2587 3288 2642 vita
3315 2583 3640 2640 hominibus

2054 2685 2419 2741 utilissimus:
2456 2693 2574 2738 arte
2624 2683 2846 2753 quidem
2896 2696 3151 2751 corpora,
3181 2678 3426 2734 moribus
3452 2682 3641 2732 autem

2055 2795 2259 2834 curans
2289 2778 2503 2833 animas
2532 2796 2544 2831 :
2573 2778 2657 2832 vel
2695 2777 2882 2846 potius
2924 2789 3023 2843 per
3072 2784 3244 2829 artem
3278 2768 3648 2841 persuadensl

2057 2883 2115 2927 ut
2176 2886 2391 2925 morum
2463 2884 2651 2925 curam
2716 2875 2995 2939 gererent,
3032 2875 3089 2920 et
3142 2864 3348 2919 docens
3386 2860 3645 2919 morbum

2058 2964 2257 3017 animae
2308 2978 2432 3017 esse
2492 2961 2685 3015 morbo
2727 2958 2976 3029 corporis
3027 2959 3190 3027 longe
3240 2952 3640 3011 diﬂiciliorem:

2058 3053 2207 3122 quod
2263 3052 2430 3123 hujus
2463 3065 2683 3122 quoque
2745 3049 2836 3104 ille
2866 3063 3010 3118 saepe
3045 3061 3212 3102 causa
3266 3045 3361 3111 sit,
3408 3043 3655 3101 Domina

361 3136 518 3195 κόσου
577 3138 895 3208 σωματικῆς
951 3135 1149 3191 κακίαν
1208 3136 1355 3207 ἡμᾶς
1409 3135 1711 3190 ἀποθέσθαι
1773 3137 1951 3208 ψυχῆς

2063 3146 2308 3214 omnium
2334 3155 2389 3200 et
2411 3144 2626 3200 medico
2664 3143 2921 3199 studente
2954 3146 3053 3212 per
3089 3139 3343 3194 morbum
3373 3137 3644 3206 corporis,

364 3222 777 3293 σπουδάζοντος,
802 3229 836 3301 ἢ
859 3230 954 3283 καὶ
981 3230 1153 3282 νόσων
1180 3228 1328 3293 ἐστὶν
1354 3226 1524 3292 ὅντως
1557 3226 1950 3299 σφαλερωτάτη

362 3323 457 3385 καὶ
484 3321 942 3392 δυσθεράπευτος.
1004 3317 1164 3374 Εἷσιν
1209 3321 1319 3393 γὰρ
1371 3322 1450 3385 εἰς
1485 3322 1611 3392 τοὺς
1663 3319 1952 3384 νοσοῦντας

360 3418 394 3471 ὁ
423 3412 623 3485 Κῦρος,
655 3416 716 3469 οὔ
743 3415 855 3468 τῶν
878 3413 1121 3485 Γαληνοῦ
1150 3415 1244 3469 καὶ
1282 3412 1679 3483 Ἱπποκράτους
1710 3411 1805 3466 καὶ
1845 3411 1953 3466 τῶν

364 3508 566 3580 ὁμοίων
593 3506 810 3570 πάντως
840 3507 1120 3577 ἐμέμνητο
1145 3503 1359 3577 (ταῦτα
1401 3505 1511 3574 γὰρ
1540 3504 1737 3574 ἐκείνῳ
1766 3503 1955 3559 δευτέ-

370 3620 465 3674 ρου
485 3602 692 3673 λόγου),
722 3602 835 3655 ἀλλ’
862 3602 971 3655 ἀπὸ
992 3601 1090 3664 τῆς
1110 3601 1388 3671 ἡμετέρας
1423 3598 1718 3669 λαμβάνων
1746 3598 1965 3669 πηγῆς,

367 3695 465 3749 καὶ
495 3693 696 3757 πολλὰς
747 3692 963 3765 ἐπᾴδων
1011 3693 1197 3756 αὐτοῖς
1241 3693 1352 3744 τῶν
1391 3689 1748 3762 προφητικῶν
1773 3708 1831 3743 τε
1860 3690 1961 3744 καὶ

371 3786 767 3854 ἀποστολικῶν,
824 3787 1025 3856 ἀλλάγε
1075 3784 1169 3839 κα)⁵
1220 3783 1507 3856 πατρικῶν
1560 3789 1793 3855 ῥήσεων,
1836 3778 1958 3835 εἷτα

372 3883 471 3939 καὶ
496 3879 566 3936 τὰ
611 3880 711 3950 τῆς
735 3879 959 3950 χάριτος
989 3875 1326 3948 προστιθεὶς,
1376 3876 1642 3946 ὑγιαίνειν
1673 3874 1870 3938 αὐτοὺς
1894 3875 1956 3927 οὑ

371 3972 442 4027 τὰ
472 3971 702 4043 σώματα
728 3972 907 4042 μόνον,
932 3970 1182 4030 ἀλλὰκαὶ
1211 3968 1310 4030 τὰς
1329 3968 1508 4039 ψυχὰς
1547 3966 1955 4037 παρεσκεύαζε,

375 4043 482 4119 καλ⁸
527 4065 657 4135 περὶ
692 4063 907 4136 μικρῶν
943 4061 1223 4133 δεομένοις
1256 4061 1398 4115 αὐτά
1440 4078 1498 4112 τε
1533 4060 1728 4122 ἐδίδου,
1756 4061 1851 4114 καὶ
1891 4060 1959 4114 τὰ

376 4156 557 4228 πολλῷ
590 4154 813 4228 μείζονα
839 4154 1043 4208 τούτων
1096 4151 1280 4224 (ἅπερ
1330 4152 1439 4205 είσὶ
1467 4149 1601 4204 Θεοῦ
1636 4151 1958 4219 ἐπίγνωσις,

379 4251 576 4315 κακίας
632 4249 923 4320 κάθαρσις,
956 4246 1201 4318 σωτηρία
1230 4244 1444 4316 ψυχῆς)
1494 4228 1804 4314 ἐχαρίζετο,
1830 4242 1962 4297 πολ-

380 4347 507 4409 λοὺς
540 4344 640 4414 μὲν
663 4343 773 4397 τῶν
820 4340 1061 4396 εὐσεϐῶν
1103 4339 1483 4410 ἑδραιοτέρους
1537 4337 1618 4391 ἔτι
1672 4339 1807 4406 πρὸς
1865 4336 1964 4406 τὴν

387 4437 645 4508 ἀλήθειαν
686 4433 1075 4506 ἐργαζόμενος,
1118 4433 1346 4497 πολλοὺς
1380 4432 1438 4485 δὲ
1461 4432 1683 4486 καὶτῶν
1719 4430 1967 4486 ἀπίστων

2064 3244 2124 3291 ιιι
2160 3251 2263 3290 nos
2318 3234 2516 3289 anima:
2555 3233 2751 3288 vitium
2813 3231 3190 3301 deponamus:
3221 3227 3370 3299 quod
3406 3224 3645 3297 .quidem

2063 3337 2148 3384 est
2177 3331 2497 3383 morborum
2564 3340 2758 3381 revera
2807 3324 2968 3393 longe
3029 3319 3561 3392 periculosissimum
3591 3325 3648 3373 et

2066 3430 2261 3476 curatn
2287 3418 2693 3475 diﬂicillimum.
2724 3416 2805 3471 Ad
2838 3422 3078 3487 aegrotos
3129 3412 3278 3468 enim
3330 3408 3647 3482 ingrediens

2064 3513 2260 3587 Cyrus,
2283 3527 2392 3567 non
2410 3510 2601 3566 Caleni
2619 3517 2673 3564 et
2695 3505 3044 3578 Hippocratis
3062 3513 3118 3559 et
3138 3504 3401 3559 similium
3419 3502 3647 3557 omnino

2068 3604 2397 3659 me’minerat
2443 3602 2514 3674 (is
2534 3601 2683 3655 enim
2705 3597 2953 3654 secundo
2997 3596 3120 3652 loco
3164 3610 3355 3652 eorum
3409 3592 3655 3657 habebat

2067 3694 2381 3762 rationem),
2399 3692 2496 3747 sed
2518 3708 2549 3746 a
2566 3699 2757 3745 nostro
2780 3689 2929 3743 fonte
2947 3702 3193 3751 sumens,
3218 3685 3652 3757 propheticaque

2067 3798 2124 3843 et
2161 3785 2462 3856 apostolica
2493 3794 2659 3852 atque
2687 3782 2851 3836 etiam
2896 3787 3120 3851 paterna
3167 3778 3251 3832 eis
3283 3777 3451 3831 multa
3503 3775 3656 3841 dicta

2068 3880 2348 3943 accinens,
2397 3885 2455 3931 et
2507 3875 2705 3931 deinde
2739 3874 2905 3929 etiam
2946 3871 3180 3943 gratiam
3212 3868 3500 3942 adjiciens,
3532 3866 3652 3925 elIi-l

2069 3975 2252 4030 ciebat
2309 3981 2370 4028 ut
2402 3971 2520 4027 sani
2556 3981 2761 4035 essent,
2804 3983 2915 4022 non
2954 3966 3132 4021 solum
3165 3962 3520 4033 corporibus,
3552 3959 3651 4017 sed

2071 4076 2128 4122 et
2151 4065 2351 4119 animis
2384 4073 2478 4122 :et
2531 4076 2704 4133 parva
2746 4058 3072 4131 rogantibus
3103 4066 3158 4112 et
3197 4053 3475 4125 ea,dabat,
3500 4060 3557 4107 et
3586 4050 3655 4105 iis

2074 4158 2248 4213 multo
2304 4156 2629 4226 majoribus,
2661 4167 2799 4223 qum.
2829 4150 3054 4225 quidem
3082 4140 3249 4215 'su‘nt,
3300 4145 3395 4200 Dei
3426 4142 3656 4216 agnitio,

2073 4247 2196 4303 vitii
2247 4246 2537 4317 purgatio,
2583 4244 2734 4299 salus
2784 4242 3001 4308 animae,
3049 4240 3132 4299 eis
3180 4237 3649 4310 gratiﬁcabatur:

2075 4338 2278 4393 multos
2328 4335 2552 4406 quidem
2599 4350 2667 4389 ex
2702 4332 2809 4409 piis
2853 4332 3033 4397 adhuc
3073 4329 3386 4386 stabiliores
3416 4325 3661 4387 efﬁciens

2077 4433 2147 4489 ad
2187 4432 2502 4495 veritatem,
2557 4429 2760 4488 multos
2796 4434 2980 4495 autem
3039 4425 3203 4480 etiam
3251 4419 3659 4476 cxinﬁdelibus
3746 4426 3755 4439 ‘

382 4533 481 4602 τῆς
518 4528 834 4599 Ἑλληνικῆς
850 4512 1241 4598 ’ἐξαιρούμενος
1264 4525 1491 4594 πλάνης.
1529 4524 1705 4596 Πολλὴ
1744 4523 1799 4576 δὲ
1830 4522 1955 4578 αὓττ

2078 4526 2149 4582 ab
2201 4539 2392 4581 errore
2455 4522 2697 4582 liberans
2745 4519 3055 4589 gentilium.
3089 4516 3140 4573 Is
3180 4528 3313 4569 vero
3368 4522 3499 4567 tunc
3542 4518 3661 4565 erat

382 4626 505 4683 τότε
535 4625 632 4679 καὶ
656 4622 889 4685 πολλῶν,
915 4621 948 4693 ἤ
974 4620 1069 4675 καὶ
1093 4618 1202 4674 τῶν
1242 4617 1527 4683 πλειόνων,
1562 4614 1969 4686 ἑπειλημμένη,

386 4718 771 4789 Διοκλητιανοῦ
804 4735 868 4787 γε
923 4717 986 4771 τὸ
1051 4716 1330 4784 σκῆπτρον
1362 4711 1604 4782 ἔχοντος,
1654 4709 1714 4774 ὃς
1742 4710 1844 4763 οὐκ
1863 4709 1972 4762 ἀπὸ

386 4812 482 4867 τοῦ
515 4810 844 4882 διαδήματος
877 4808 1079 4879 μᾶλλον
1111 4806 1145 4878 ἢ
1175 4805 1284 4859 ἀπὸ
1310 4803 1406 4858 τοῦ
1438 4802 1723 4873 περιόντος
1758 4800 1839 4863 εἰς
1863 4800 1973 4865 δει-

391 4903 730 4975 σιδαιμονίαν
750 4902 812 4956 τὸ
849 4901 1120 4970 ἐπίσημον
1151 4899 1329 4969 ἔσχεν.
1378 4897 1469 4950 Ἐν
1499 4892 1685 4965 τούτῳ,
1703 4892 1812 4960 γὰρ
1847 4890 1975 4944 πολε

392 4998 515 5060 λοὺς
538 4995 815 5066 εὑρήσεις,
848 4987 931 5057 οἷς
956 4990 1023 5046 ἂν
1058 4991 1221 5046 αὐτὸν
1266 4988 1563 5062 ὁμοιώσῃς,
1593 4989 1649 5039 ὲν
1683 4982 1877 5053 ἐκείνῳ
1917 4983 1977 5038 δὲ

393 5086 672 5150 παντελῶς
702 5086 936 5153 ὀλίγους.
977 5095 991 5108 ’

464 5180 550 5238 11⁸.
588 5178 744 5234 Ἐπεὶ
780 5179 840 5233 δὲ
896 5177 1019 5232 οὔτε
1066 5175 1253 5231 λαθεῖν
1305 5171 1477 5227 ταῦτα
1513 5172 1605 5225 τὸν
1633 5171 1867 5242 πονηρὸν
1887 5164 1977 5238 ἦν,

396 5274 520 5329 οὔτε
546 5272 621 5345 μὴ
640 5272 874 5327 λαθόντα
904 5271 1229 5337 ὑπενεγκεῖν
1260 5267 1446 5338 ῥᾴδιον
1478 5264 1851 5335 (δυσκάτοχον
1872 5262 1981 5330 γὰρ

399 5367 434 5436 ἡ
456 5364 624 5419 κακία
650 5366 743 5420 καὶ
770 5362 1006 5436 ἰταμόν),
1031 5362 1164 5431 δῆλα
1185 5360 1279 5414 καὶ
1314 5358 1391 5429 τῷ
1413 5358 1510 5428 τῆς
1533 5356 1741 5420 πόλεως
1762 5354 1981 5425 ἄρχοντι

401 5458 468 5511 δι’
490 5456 653 5510 αὑτοῦ
692 5458 926 5526 γίνεται,
964 5454 1132 5525 mnf;
1168 5454 1263 5506 καὶ
1295 5451 1444 5521 αὐτῷ
1465 5452 1608 5503 κατὰ
1637 5446 1983 5516 Χριστιανῶν

401 5550 728 5621 κεχρημένῳ
789 5548 987 5621 μανίᾳ·
1046 5546 1104 5610 ὃς
1155 5545 1249 5601 καὶ
1281 5544 1655 5613 συλληφθέντα
1676 5543 1768 5595 τὸν
1802 5542 1986 5613 Κῦρον

402 5643 562 5707 εὐθὺς
594 5644 828 5714 ἀχθῆναι
887 5640 1279 5705 διακελεύεται.
1340 5640 1398 5694 '0
1429 5638 1507 5705 δὲ,
1550 5638 1611 5699 τὸ
1654 5637 1990 5708 πρόσταγμα

404 5740 585 5808 γνοὺς,
610 5736 711 5807 τῆς
745 5733 954 5799 πόλεώς
982 5751 1041 5788 τε
1071 5733 1301 5803 ἀπαίρει
1328 5731 1432 5785 κάν
1466 5732 1532 5801 τῇ
1561 5729 1696 5801 πρὸς
1726 5727 1988 5796 Αἰγύπτῳ

417 5829 647 5901 Ἀραϐία
674 5828 909 5896 γίνεται.
950 5823 1111 5879 Ἀλλὰ
1140 5824 1328 5895 μηδεὶς
1361 5820 1651 5877 ἀσθένειαν
1697 5819 1831 5892 μηδὲ
1865 5834 1990 5890 σμι-

407 5922 649 5994 κρότητα
664 5919 842 5992 ψυχῆς
869 5917 963 5975 τοῦ
985 5915 1174 5987 avem;
1202 5913 1556 5984 καταγνώτω.
1597 5914 1673 5967 0-5
1705 5911 1811 5983 γὰρ
1850 5910 1989 5982 πρὸς

2080 4619 2364 4690 frequens,
2400 4625 2456 4672 et
2490 4615 2696 4675 multos
2738 4620 2905 4680 atque
2947 4606 3085 4662 adeo
3147 4605 3335 4676 plures
3364 4602 3663 4666 invaserat,

2082 4724 2215 4770 tunc
2242 4719 2522 4781 sceptrum
2568 4713 2790 4761 tenente
2819 4699 3180 4760 Diocletiano,
3212 4696 3308 4766 qui
3342 4710 3453 4748 non
3492 4691 3664 4763 magis

2081 4812 2203 4863 erat
2228 4802 2459 4873 insignis
2498 4797 2817 4865 diademate
2843 4805 3008 4865 quam
3035 4791 3204 4845 nimia
3242 4785 3660 4857 superstitione.

2082 4898 2216 4953 Nam
2252 4897 2307 4953 in
2344 4896 2448 4949 hoc
2470 4893 2693 4965 quidem
2715 4891 2918 4945 multos
2951 4885 3221 4946 invenies,
3248 4883 3450 4952 quibus
3481 4890 3685 4951 Ipsum,

2084 4987 2511 5047 assimilaveris:
2545 4985 2604 5041 in
2639 4984 2733 5038 illo
2765 4990 2973 5046 autem,
3011 4977 3238 5033 omnino
3286 4987 3513 5044 paucos,

2155 5167 2295 5225 Vlll.
2331 5166 2467 5222 Cum
2504 5180 2636 5219 vero
2675 5178 2777 5218 nec
2812 5161 2931 5222 ﬁeri
2988 5167 3198 5230 posset,
3249 5165 3314 5213 ut
3362 5154 3672 5224 malignum

2088 5262 2206 5317 haec
2247 5243 2504 5321 laterent,
2539 5272 2722 5328 neque
2772 5255 2817 5310 si
2861 5270 2971 5309 non
3016 5251 3328 5315 latuissent,
3378 5246 3524 5302 t‘erre
3551 5253 3671 5301 erat

2086 5354 2248 5411 facile
2308 5353 2419 5422 (res
2442 5351 2589 5405 enim
2651 5364 2777 5419 qua:
2811 5346 3107 5411 dilbciliter
3155 5338 3430 5398 contineri
3487 5343 3673 5408 potest

2089 5457 2147 5505 et
2201 5445 2494 5516 impudens
2544 5449 2630 5505 est
2662 5439 2907 5504 vitium),
2943 5438 3061 5495 haec
3102 5452 3202 5507 per
3243 5435 3425 5505 ipsum
3461 5426 3673 5501 signiti'e

2091 5548 2288 5595 cantur
2316 5534 2532 5608 prmsidi
2574 5532 2817 5591 civitatis
2841 5529 2934 5601 qui
2974 5544 3173 5599 magno
3217 5538 3441 5597 quoque
3478 5518 3674 5583 incita:

2093 5632 2254 5687 batur
2304 5627 2493 5695 furore
2546 5624 2602 5685 in
2653 5618 3035 5689 Christianos:
3067 5617 3162 5687 qui
3204 5609 3673 5682 comprehensum

2093 5737 2315 5793 quoque
2360 5719 2565 5791 Cyrum
2625 5715 2807 5771 statim
2843 5710 3001 5784 jubet
3029 5707 3178 5764 duci.
3208 5705 3301 5761 llle
3336 5712 3526 5793 autem
3546 5712 3674 5793 cum

2089 5787 2304 5887 jussum
2328 5787 2698 5884 cognovisset,
2734 5803 2941 5861 recedit
2967 5817 3000 5856 a
3039 5797 3284 5865 civitate,
3317 5805 3376 5851 et
3406 5791 3558 5855 venit
3620 5787 3676 5842 in

2099 5905 2375 5972 Arabiam,
2413 5915 2536 5974 quae
2563 5907 2649 5955 est
2708 5897 2770 5952 in
2792 5893 2994 5951 ﬁnibus
3022 5888 3260 5963 Egypti.
3286 5886 3462 5944 Nemo
3492 5887 3676 5938 autem
