4126 6416
512 365 651 430 ηπ

2130 254 2239 294 *ους

1702 378 1985 438 MENSIS
2022 378 2479 442 JANUABIUS.

3622 383 3770 448 me

451 530 457 537 .
500 506 627 545 eum
689 492 1019 545 condemnet
1073 491 1504 555 imbecillitatis,
1552 509 1732 563 neque
1783 496 1968 561 pusilli
2018 506 2063 552 el

2179 497 2276 566 τὴν
2296 497 2390 549 τοῦ
2418 498 2678 568 ἄρχοντος
2700 499 2959 569 ὠμότητα
2983 497 3207 569 βλέψας,
3233 496 3352 551 ούδὶ
3378 497 3475 561 τὶς
3503 497 3590 551 διὰ
3625 500 3768 570 Χριφ

503 583 700 651 ubjecti
728 583 917 636 animi.
949 580 1069 636 Non
1099 583 1249 637 enim
1281 583 1557 653 aspiciens
1587 584 1652 639 ad
1690 585 2076 644 crudelitatem

502 673 771 744 praesidis,
832 689 1011 746 neque
1056 684 1283 747 propter
1313 674 1596 731 Christum
1644 677 1923 734 afferenda
1968 691 2080 736 tor-

504 770 689 818 menta
739 748 1127 829 reformidans,
1177 781 1354 834 neque
1386 766 1497 820 ulla
1524 776 1705 822 motus
1735 769 1904 824 animi
1936 772 2077 827 mol-

501 853 642 915 litia.
673 853 808 908 exiit
840 869 871 909 e
901 855 1125 910 civitate
1159 877 1171 910 :
1200 858 1294 910 sed
1322 857 1521 926 partim
1558 858 1783 927 quidem
1845 861 2081 930 implens

502 945 1067 1015 pratceptumDOmini
1089 949 1105 979 ι
1133 966 1144 999 :
1180 947 1443 1013 «Quando
1467 949 1636 1014 enim,
1663 949 1866 1019 inquit.
1887 968 2077 1021 perse-

499 1037 612 1091 cuti
640 1051 736 1091 vos
759 1037 966 1092 fuerint
991 1037 1047 1091 in
1079 1037 1182 1092 hac
1211 1038 1452 1100 civitate.
1510 1039 1680 1110 fugite
1716 1042 1769 1094 in
1824 1041 2016 1105 aliam;
2052 1061 2069 1093 ι

501 1131 702 1201 partim
729 1146 859 1185 vero
891 1133 1057 1186 etiam
1089 1147 1188 1201 per
1212 1134 1385 1186 otium
1420 1134 1610 1187 volens
1659 1133 1899 1202 seipsum
1929 1150 2076 1188 con-

498 1221 766 1285 siderare,
803 1231 858 1276 et
921 1237 1020 1277 cor
1071 1239 1229 1279 suum
1262 1238 1482 1288 acuere,
1513 1234 1569 1278 et
1625 1224 1825 1281 deinde
1855 1227 2074 1296 aggredi

498 1315 564 1371 ad
597 1315 835 1384 pericula
863 1331 964 1387 pro
995 1316 1214 1371 Christo
1267 1317 1619 1385 suscipienda
1652 1335 1666 1372 :
1699 1318 1840 1372 forte
1889 1329 2072 1372 autem

498 1406 685 1462 divina
717 1424 935 1477 quoque
966 1408 1312 1478 providentia
1339 1425 1464 1463 eum
1481 1419 1710 1464 vocante
1741 1410 1796 1464 in
1818 1411 2073 1465 Arabium

496 1510 724 1572 pr0pter
751 1501 1019 1565 infideles,
1054 1518 1194 1571 quos
1253 1503 1367 1557 illic
1393 1512 1515 1561 erat
1548 1504 1615 1557 ad
1646 1502 1931 1559 Christum
1971 1506 2071 1560 ad-

495 1592 787 1655 ducturus,
807 1603 861 1647 et
878 1592 1068 1648 fideles
1097 1610 1290 1650 rursus
1306 1595 1611 1651 eﬂ’ecturus
1634 1597 2069 1653 constantiores.

493 1683 628 1738 Cum
651 1684 740 1738 ille
759 1700 889 1755 ergo
906 1685 1050 1740 sicel
1071 1694 1296 1755 propter
1319 1688 1432 1742 luce
1447 1689 1685 1743 venisset
1710 1689 1765 1743 in
1787 1688 2069 1755 Arabiam,

489 1779 678 1832 statim
713 1788 887 1833 mutat
942 1780 1217 1845 habitum,
1244 1780 1372 1835 vitro
1400 1780 1631 1836 formam
1681 1790 1736 1837 et
1777 1783 2022 1837 studium
2052 1801 2068 1849 ;

2186 591 2308 639 στὸν
2337 586 2601 657 βασάνους
2640 588 2981 658 ὑποπτήξας,
3008 587 3128 641 οῦδὲ
3162 586 3408 658 μαλακὸν
3444 588 3595 641 οὐδὲν
3627 591 3769 642 fama
3806 654 3815 661 ,

2181 681 2334 742 στὰς,
2367 677 2559 748 ἐξῆλθε
2596 679 2695 749 τῆς
2752 679 2959 741 πόλεως
2980 698 2994 711 ο
3044 679 3187 753 ῥλλά
3224 680 3382 740 τοῦτο
3416 681 3514 751 μὲν
3544 681 3769 751 παράγ-

2180 771 2360 841 γελμα
2389 771 2720 825 Δεσποτικδν
2753 771 3047 842 ἐκπληρῶν
3072 788 3086 803 ·
3125 791 3145 823 ι
3188 773 3305 826 Ὃτ¹
3342 773 3408 827 ἂν
3434 775 3564 845 γὰρ,
3601 775 3766 845 φησι,

2178 864 2447 917 διώκωσιν
2509 864 2656 932 ὑμᾶς
2710 867 2790 927 είς
2841 865 2939 935 τὴν
2975 865 3127 919 πόλιν
3167 866 3392 934 ταύτην,
3425 866 3655 941 φεύγετε
3680 867 3769 926 εἰς

2176 958 2276 1024 τὴν
2301 956 2495 1026 ἑτέραν
2516 971 2530 986 ⁸
2570 975 2589 1006 ι
2624 954 2780 1009 τοῦτο
2808 956 2865 1009 δὲ
2902 956 2998 1009 καὶ
3021 959 3166 1009 κατᾶ
3190 957 3382 1028 σχολὴν
3411 955 3603 1010 ἑαυτὸν
3634 957 3768 1008 ἐπι.

2180 1046 2482 1116 σκέψασθαι
2536 1045 2839 1116 βουληθεὶς,
2900 1048 2994 1100 καὶ
3028 1049 3311 1119 στυμῶσαι
3356 1048 3608 1118 καρδίαν,
3659 1048 3763 1099 καὶ

2175 1136 2380 1205 τόλμαν
2413 1136 2647 1190 ἐνθεῖναι
2698 1136 2987 1206 πρότερον,
3016 1131 3135 1190 εἶτα
3164 1139 3260 1190 καὶ
3289 1138 3423 1207 πρὸς
3455 1136 3583 1198 τοὺς
3613 1135 3761 1205 ὑπὲρ

2176 1227 2413 1295 Χριστοῦ
2453 1227 2701 1299 χωρῆσαι
2732 1228 3010 1289 κινδύνους
3031 1243 3043 1255 ·
3103 1230 3243 1298 τάχα
3268 1228 3324 1281 δὲ
3355 1226 3449 1280 καὶ
3477 1227 3760 1296 θειοτέρας

2176 1320 2339 1374 αὑτὸν
2364 1321 2617 1389 προνοίας
2648 1321 2727 1384 είς
2759 1322 2857 1390 τὴν
2899 1320 3158 1391 Ἀραϐίαν
3208 1319 3657 1388 παρακαλούσης.
3684 1319 3762 1370 δι’

2174 1411 2268 1475 οὖς
2323 1430 2383 1465 τε
2440 1415 2814 1482 προσαγαγεῖν
2869 1412 3062 1481 ἔμελλε
3116 1411 3225 1465 τῶν
3257 1412 3501 1464 ἀπίστων
3535 1411 3654 1462 ἐκεῖ
3676 1407 3761 1477 τῷ

2174 1505 2416 1575 Χριστῷ,
2465 1503 2560 1558 καὶ
2611 1503 2704 1565 οὓς
2736 1504 2898 1558 πάλιν
2924 1505 3032 1558 τῶν
3061 1502 3269 1558 πιστῶν
3315 1502 3761 1571 ἀσφαλεστέρους

2174 1598 2535 1669 ἐργάσασθαι.
2567 1597 2757 1659 Οὕτως
2811 1592 2906 1650 οὖν
2952 1597 3052 1667 τὴν
3100 1596 3360 1666 ’Λραϐίαν
3410 1596 3617 1657 ἐκεῖνος
3659 1593 3762 1646 καὶ

2174 1693 2267 1745 ἐπὶ
2292 1690 2505 1753 τούτοις
2540 1688 2891 1754 καταλαϐὼν,
2937 1688 3266 1761 μεταϐάλλει
3302 1686 3645 1758 παραχρῆμα
3694 1684 3763 1736 τὸ

2177 1783 2363 1853 σχῆμα
2402 1781 2496 1835 τοῦ
2526 1781 2664 1852 βίου,
2713 1781 2773 1835 τὸ
2803 1781 3170 1851 ἐπιτήδευμα,
3205 1778 3300 1833 καὶ
3334 1777 3521 1848 κείρας
3551 1777 3608 1828 ὲν
3637 1774 3764 1846 χρῷ

492 1879 550 1926 et
585 1886 711 1927 cum
745 1880 908 1941 caput
963 1882 1089 1927 cute
1123 1882 1287 1928 tenus
1338 1874 1687 1941 totondisset,
1724 1876 1928 1931 amictu
1982 1876 2063 1931 in-

2174 1850 2562 1943 siiv‘xscpaidjv,
2620 1871 2688 1924 τὰ
2742 1850 2994 1941 μοναχῶν
3042 1870 3427 1939 ἀμφιέννυται,
3476 1866 3570 1920 καὶ
3618 1863 3763 1936 πρὸς

492 1963 684 2019 duitur
708 1967 1036 2030 monastieo,
1061 1976 1121 2020 et
1146 1966 1214 2020 ad
1238 1966 1460 2021 vivendi
1488 1969 1759 2022 rationem
1786 1969 2071 2024 extollitur

490 2055 889 2112 sublimiorem.
944 2058 1149 2113 Deinde
1194 2060 1363 2114 etiam
1392 2070 1599 2115 “mutat
1655 2060 1882 2116 modum
1909 2077 2073 2116 cura-

492 2148 682 2205 tionis.
719 2148 838 2204 Non
862 2150 1107 2220 amplius
1127 2152 1273 2205 enim
1305 2151 1557 2208 medicus
1582 2152 1759 2225 Cyrus
1781 2153 2073 2209 dicebatur

492 2251 588 2293 aut
614 2248 754 2300 erat,
780 2239 887 2292 nisi
912 2239 1059 2309 quod
1093 2240 1273 2294 solum
1300 2239 1535 2294 faciebat
1552 2242 1737 2311 potius
1759 2243 2022 2297 miracula
2054 2261 2069 2296 :

489 2344 601 2387 non
627 2331 1177 2395 medicamentorum,
1199 2348 1309 2387 non
1338 2333 1632 2387 herbarum
1664 2336 1889 2389 omnino
1910 2344 2071 2389 utens

490 2421 736 2485 auxiliis,
799 2423 891 2476 sed
943 2437 1106 2490 prece
1160 2422 1276 2476 sola
1303 2434 1361 2477 et
1393 2423 1641 2478 doctrina
1671 2442 1685 2479 :
1717 2425 1818 2483 hac
1845 2426 2069 2496 quidem

2176 1966 2404 2036 ἀγωγὴν
2431 1964 2766 2035 ὑψηλοτέραν
2795 1963 3078 2030 ἀνάγεται.
3135 1960 3269 2015 Εἶτα
3296 1961 3393 2016 καὶ
3418 1960 3508 2013 τὴν
3551 1957 3763 2027 τρόπον

2171 2058 2388 2128 ἀμείὸει
2410 2058 2508 2126 τῆς
2533 2055 2851 2125 θεραπείας.
2897 2056 3012 2108 Οὔκ
3049 2055 3129 2108 ἔτι
3160 2054 3270 2123 γὰρ
3303 2051 3488 2121 ἰατρὸς
3518 2052 3545 2104 ὁ
3570 2049 3763 2119 Κῦρος

2172 2149 2388 2217 ἐλέγετὸ
2411 2165 2469 2202 τε
2496 2151 2587 2201 καὶ
2623 2143 2714 2219 ἦν,
2745 2149 2826 2200 ὅτι
2861 2148 2934 2216 μὴ
2969 2143 3385 2217 θαυματουργδς
3416 2141 3650 2212 μᾶλλονο
3691 2140 3760 2199 οὗ

2171 2240 2501 2311 φαρμάκων,
2537 2240 2598 2292 ού
2623 2238 2860 2308 βοτανῶν
2905 2239 3041 2302 ὅλως
3068 2236 3353 2308 χρώμενος
3386 2234 3760 2305 βοηθήμασιν,

2174 2332 2288 2387 ἀλλ’
2315 2333 2448 2402 εύχῇ
2503 2333 2636 2402 μόνῃ
2670 2332 2760 2384 καὶ
2795 2330 3140 2401 διδασκαλία,
3187 2331 3256 2399 τῇ
3289 2327 3387 2397 μὲν
3410 2325 3545 2399 πρὸς
3573 2322 3766 2394 ψυχὰς

2177 2424 2404 2497 ἐχούσας
2436 2423 2644 2491 κακῶς,
2671 2426 2738 2493 τῇ
2760 2422 2817 2479 δὲ
2851 2422 2984 2493 πρὸς
3008 2423 3254 2492 σώματα.

490 2512 760 2569 adversus
817 2514 1030 2570 animas
1061 2530 1183 2585 qua;
1222 2517 1369 2590 male
1406 2531 1465 2571 se
1512 2516 1813 2584 habebant,
1851 2520 1941 2575 illa
1966 2536 2099 2575 vero
2139 2519 2406 2575 adversus
2435 2533 2688 2588 corpora.

571 2604 664 2660 IX.
688 2605 824 2661 Cum
850 2622 982 2677 ergo
1004 2608 1123 2677 ejus
1174 2607 1314 2665 fama
1372 2620 1541 2666 totam
1590 2616 2070 2683 pervasissetAra—

493 2696 661 2761 biam,
678 2698 863 2768 etjam
897 2697 963 2751 ad
990 2698 1218 2756 Joannis
1242 2717 1462 2772 quoque
1481 2719 1639 2759 aures
1664 2706 1898 2767 virtutes
1919 2708 2069 2763 illius

492 2790 894 2860 pervenissent,
931 2790 1222 2856 Joannem,
1277 2794 1527 2864 inquam,
1555 2797 1731 2861 illum,
1760 2803 1854 2868 qui
1895 2816 2070 2871 genus

493 2880 747 2937 trahebat
768 2898 836 2937 ex
858 2883 1037 2952 patria
1058 2884 1286 2949 Edessa,
1314 2887 1558 2942 moribus
1573 2900 1756 2945 autem
1783 2899 1903 2945 erat
1938 2908 2063 2948 vere

488 2972 627 3027 civis
647 2974 909 3038 caelestis,
923 2983 1045 3031 erat
1061 2991 1193 3030 vero
1210 2976 1435 3032 militari
1459 2980 1689 3050 insignis
1707 2983 2060 3039 auctoritate.

486 3061 624 3119 Cum
651 3065 765 3120 haec
792 3080 925 3136 ergo
954 3067 1104 3136 fama
1143 3067 1209 3121 ad
1245 3068 1401 3124 illum
1430 3086 1650 3140 quoque
1698 3076 2058 3139 pervenisset.

2237 2613 2314 2667 6'.
2346 2614 2457 2683 Τῆς
2509 2611 2641 2680 γοῦν
2695 2612 2825 2679 περὶ
2886 2609 3053 2664 αὐτοῦ
3101 2610 3292 2680 φήμης
3348 2607 3448 2677 τὴν
3489 2607 3761 2680 ’Δραόίαν

2170 2710 2352 2762 πᾶσαν
2411 2705 2838 2778 περιλαόούσης,
2889 2703 2990 2774 ἤδη
3020 2701 3075 2755 δὲ
3104 2701 3199 2755 καὶ
3239 2700 3491 2768 ἰωᾶννην
3522 2699 3760 2768 ἀνήκοον

2173 2800 2248 2870 μὴ
2278 2797 2656 2865 ἀπολιπούσης
2680 2795 2789 2848 τῶν
2817 2795 3028 2848 ἐκείνου
3060 2790 3263 2856 καλῶν,
3310 2791 3564 2859 Ἰωάννην
3608 2788 3763 2842 exar-

2171 2907 2281 2954 νον,
2313 2888 2368 2951 ὃς
2408 2891 2472 2941 ἐκ
2507 2887 2766 2958 πατρίδος
2803 2886 2902 2957 μὲν
2936 2885 3155 2953 Ἐδὲσης
3183 2883 3245 2935 τὸ
3272 2881 3427 2948 γένος
3459 2875 3627 2943 εἷλκε,
3658 2879 3758 2931 τὸν

2170 2980 2225 3033 δὲ
2249 2982 2448 3051 τρόπον
2468 2974 2536 3050 ἦν
2563 2975 2806 3049 ἀκριϐῶς
2831 2975 3079 3046 οὐράνιος
3112 2972 3355 3041 πολίτης,
3386 2971 3757 3041 στρατιωτικῇ

2170 3073 2491 3143 διαπρέπων
2522 3070 2667 3140 ἀξίᾳ.
2722 3067 2942 3135 Ταύτης
2994 3066 3123 3134 γοῦν
3175 3068 3276 3134 τῆς
3332 3064 3519 3132 φήμης
3551 3061 3644 3114 καὶ
3668 3059 3754 3121 εις

486 3165 540 3210 et
566 3155 772 3227 alioqui
811 3135 936 3211 cum
991 3158 1367 3215 Diocletianus
1413 3161 1742 3219 intentasset
1800 3181 2062 3236 persecu-

2172 3135 2381 3218 ἐκεῖνον
2405 3135 2771 3231 ἀφικομένης,
2838 3160 3012 3223 ἄλλως
3035 3175 3095 3211 τε
3145 3157 3203 3211 δὲ
3236 3157 3328 3209 καὶ
3366 3151 3754 3225 Διοκλητιανοῦ

489 3247 719 3314 tionem,
770 3250 1069 3319 prreclarus
1119 3251 1212 3306 hic
1269 3254 1449 3316 miles,
1499 3265 1711 3311 mutato
1754 3257 2064 3321 ordine,et

487 3341 731 3397 humano
791 3341 985 3396 relicto
1036 3342 1306 3406 exercitu,
1360 3345 1582 3415 egregie
1633 3347 1841 3402 relatus
1892 3351 2063 3404 estin

486 3445 780 3487 numerum
844 3430 1049 3485 Christi
1103 3433 1363 3496 militum,
1388 3444 1444 3488 et
1494 3436 1686 3491 maluit
1734 3452 1793 3493 se
1844 3438 2064 3495 fortiter

483 3537 680 3593 gerere
727 3520 995 3578 adversus
1029 3521 1151 3591 ejus
1197 3523 1407 3589 hostes,
1438 3541 1603 3597 quam
1649 3528 1911 3584 adversus
1966 3547 2063 3588 eos

483 3611 579 3682 qui
619 3617 749 3669 sunt
798 3611 985 3669 hostili
1022 3612 1208 3668 animo
1273 3614 1327 3668 in
1376 3613 1648 3670 homines.
1694 3613 2060 3683 Quamobrem

484 3704 696 3767 statim,
747 3703 981 3776 abjectis
1032 3705 1291 3763 omnibus
1329 3707 1550 3777 opibus,
1587 3707 1821 3773 divitiis,
1862 3708 2060 3780 gloria,

483 3795 834 3859 auctoritate,
863 3795 1019 3851 venit
1049 3794 1449 3870 Hierosolyma.
1479 3799 1686 3855 Deinde
1719 3801 1885 3856 etiam
1931 3817 2059 3871 ι)το-

484 3882 756 3947 θοίςοίῑυι·
797 3886 853 3940 ἰη
886 3885 1200 3958 Egyptum,
1223 3903 1411 3950 amore
1447 3889 1576 3961 Cyri
1623 3906 1751 3946 eum
1806 3892 2060 3947 trahente

481 3976 618 4032 citra
644 3975 912 4041 laborem,
927 3984 984 4031 et
1015 3985 1130 4035 toto
1147 3978 1283 4046 pede
1304 3980 1424 4049 ejus
1446 3995 1692 4050 gressum
1713 3982 2058 4040 accelerante

480 4065 549 4122 ad
597 4081 746 4129 eum,
784 4068 879 4137 qui
937 4077 1024 4122 est
1052 4123 1059 4129 ,
1083 4069 1330 4138 ejusdem
1380 4070 1506 4125 fidei
1540 4090 1553 4125 :
1589 4081 1648 4128 ut
1676 4074 1769 4142 qui
1800 4090 1906 4128 una
1931 4090 2057 4131 cum

478 4156 579 4213 illo
634 4158 1013 4228 philosOphar-i
1054 4168 1129 4216 et
1185 4175 1293 4215 una
1344 4164 1608 4218 'exerceri
1657 4166 2055 4222 constituisset.

477 4247 587 4317 Qui
636 4264 759 4304 cum
807 4249 875 4305 ad
919 4264 1045 4305 eum
1090 4254 1435 4318 accessisset,
1482 4265 1538 4311 et
1566 4272 1673 4315 una
1696 4272 1820 4312 cum
1856 4272 1923 4312 eo
1954 4259 2056 4312 ha-

472 4341 732 4408 bitasset,
770 4340 1075 4416 fuissetque
1104 4345 1460 4415 pulchrorum
1499 4349 1649 4405 illius
1688 4350 2053 4405 certaminum

475 4441 536 4489 et
584 4435 974 4501 miraculorum
1040 4446 1339 4507 spectator,
1396 4449 1517 4495 erat
1567 4425 1834 4498 novacula
1875 4453 2053 4497 cotem

483 4534 662 4589 nacta,
687 4534 746 4581 et
791 4526 1053 4598 deinceps
1101 4528 1169 4583 ad
1203 4546 1330 4586 eum
1388 4533 1710 4602 aspiciebat,
1755 4544 1811 4588 et
1836 4534 2059 4590 virtutis

479 4613 603 4685 ejus
652 4616 881 4688 vestigia
936 4618 1229 4690 diligenter
1282 4624 1805 4693 sequebaturznon
1851 4637 1912 4682 ut
1960 4631 2057 4699 qui

478 4704 640 4776 longe
691 4707 761 4761 ab
810 4722 877 4762 eo
923 4710 1144 4767 abesset
1188 4722 1251 4767 ut
1300 4714 1626 4785 discipulus,
1675 4717 1771 4772 sed
1804 4718 1898 4788 qui
1939 4720 2059 4790 ejus

478 4797 899 4865 similitudinem
944 4814 1202 4862 accurate
1250 4817 1667 4876 assequeretur.
1698 4806 1835 4864 Cum
1872 4820 2055 4866 autem

475 4894 791 4961 persecutio
840 4896 1123 4964 spirasset,
1187 4904 1250 4952 ut
1309 4898 1570 4963 diximus,
1629 4900 2016 4968 vehementius

474 4988 591 5045 tres
610 4983 833 5052 quidem
878 5002 1110 5043 numero
1145 4987 1386 5059 virgines
1424 5005 1551 5044 eum
1583 5000 1761 5047 matre
1790 5007 2051 5064 compre-

472 5070 813 5141 henduntur,
835 5091 958 5145 quae
983 5091 1069 5132 res
1089 5078 1892 5138 sectabanturChristianorum
1916 5103 1929 5139 :
1950 5085 2057 5139 du-

470 5172 674 5219 cuntur
694 5180 826 5224 vero
853 5168 910 5226 in
941 5166 1220 5225 civitatem
1250 5168 1558 5242 Canopum,
1603 5188 1730 5229 cum
1752 5174 2055 5240 Cassianus

472 5256 871 5312 exsecrandum
935 5261 1265 5331 eorum,qui
1311 5260 1391 5318 dii
1441 5278 1551 5319 non
1576 5273 1728 5331 sunt,
1760 5276 2053 5325 exerceret

469 5346 877 5415 sacerdotium,
934 5351 1204 5424 Syrianns
1274 5363 1459 5417 autem
1521 5355 1762 5413 civitatis
1822 5359 2055 5416 haberet

470 5436 1029 5499 administrationem.
1087 5443 1213 5501 [ἰν-ο
1263 5456 1448 5502 autem
1503 5464 1612 5505 non
1668 5450 1973 5522 virginibus
1993 5460 2053 5511 et

465 5530 627 5587 matri
684 5532 838 5599 solis,
868 5534 961 5590 sed
994 5534 1159 5591 etiam
1188 5537 1291 5608 ipsi
1325 5553 1547 5611 quoque
1575 5540 1717 5613 Cyro
1742 5550 1800 5597 et
1823 5542 2046 5609 Joanni,

466 5615 691 5678 fuerunt
735 5622 903 5679 veluti
946 5628 1213 5696 prommia
1268 5634 1323 5682 et
1356 5628 1625 5698 principia
1684 5631 1955 5701 martyrii.
1987 5641 2043 5687 et

551 5795 564 5825 ‘
592 5793 783 5850 Matth.
803 5815 857 5860 ι.
880 5800 965 5855 25.

2084 4477 2137 4538 D

2165 3257 2257 3309 τὸν
2286 3255 2525 3324 διμωγδν
2558 3251 2947 3317 ἐπιτείναντος,
2986 3249 3079 3303 καὶ
3101 3251 3130 3303 ὁ
3162 3248 3328 3311 καλὸς
3377 3238 3533 3308 οὗτος
3582 3259 3752 3313 στρα-

2164 3346 2363 3415 τιώτης
2391 3346 2488 3414 τὴν
2509 3344 2662 3408 τάξιν
2689 3343 2949 3416 ἀμείψας,
2982 3342 3076 3396 καὶ
3099 3338 3389 3410 στρατείαν
3406 3338 3504 3408 τὴν
3530 3335 3752 3403 ἀνθρως

2164 3439 2328 3508 eriqu
2398 3435 2681 3491 ἀπολιπὼν
2709 3478 2725 3501 ,
2777 3438 2890 3498 τοῖς
2939 3435 3034 3488 τοῦ
3088 3431 3325 3504 Χριστοῦ
3387 3426 3751 3501 στρατιώταις

2164 3528 2399 3596 εὐγενῶς
2426 3527 2779 3598 ὲνεγράφετο,
2807 3527 2903 3579 καὶ
2937 3524 3252 3596 ἀριστεύειν
3278 3521 3421 3575 κατά
3447 3521 3556 3573 τῶν
3575 3517 3748 3573 αὑτοῦ

2165 3612 2369 3691 μᾶλλον
2402 3618 2639 3690 ἐχθρῶν,
2680 3619 2714 3689 ἢ
2765 3619 2877 3672 τῶν
2928 3617 3065 3690 πρὸς
3115 3614 3438 3687 ἀνθρώπους
3468 3610 3749 3679 πολεμίων

2162 3713 2466 3784 προείλετο.
2525 3713 2619 3770 Διδ
2656 3713 2749 3766 καὶ
2805 3712 2983 3766 πάντα
3034 3708 3199 3781 ῥίψας
3256 3706 3438 3775 εὐθὺς,
3490 3704 3744 3769 πλοῦτον,

2160 3807 2487 3878 εὐημερίαν,
2521 3806 2701 3871 δόξαν,
2730 3804 2972 3874 ἀξίωμα,
3004 3805 3083 3867 είς
3124 3801 3471 3873 Ἰεροσόλυμα
3500 3798 3745 3867 παραγί-

2160 3917 2333 3953 νεται.
2361 3894 2491 3951 Εἶτα
2519 3901 2611 3951 καὶ
2634 3897 2770 3966 πρὸς
2791 3897 3065 3963 Αἴγυπτον
3089 3895 3246 3973 ὲπιδη
3256 3898 3366 3965 μεῖ,
3389 3892 3497 3946 τῶν
3524 3892 3746 3963 ἐρώτων

2166 3993 2351 4061 Κύρου
2388 3990 2620 4060 ἀπονητὶ
2644 3989 2835 4044 τοῦτον
2874 3988 3164 4053 ἑλκόντων,
3188 3987 3284 4040 καὶ
3310 3985 3417 4056 ὅλῳ
3456 3984 3575 4039 ποδὶ
3607 3984 3746 4054 πρὸς

2161 4077 2254 4130 τὸν
2290 4079 2587 4148 όμύπιστον
2618 4077 3077 4148 ὲπιταχυνόντων,
3134 4070 3223 4130 οἷα
3273 4077 3367 4129 καὶ
3414 4073 3747 4146 συμφιλοσο-

2166 4174 2286 4240 φεῖν
2316 4173 2510 4239 ἐκείνῳ
2534 4170 2629 4224 καὶ
2661 4171 3051 4223 συνασκεῖσθαι
3083 4170 3490 4239 προῃρημένον.
3528 4170 3623 4227 Ὃς
3648 4167 3747 4219 Ξιαὶ

2165 4265 2496 4337 παραϐαλὼν
2521 4264 2695 4334 αύτῷ.
2742 4265 2836 4317 καὶ
2865 4262 3112 4328 σύνοικος
3158 4250 3421 4332 γεγονὼς,
3451 4260 3647 4331 θεατής
3683 4275 3745 4313 τι

2162 4357 2271 4411 τῶν
2297 4354 2477 4408 καλῶν
2505 4355 2719 4408 ἐκείνου
2742 4350 2971 4422 ἀγώνων
3001 4354 3094 4405 καὶ
3113 4351 3408 4421 θαυμάτων
3427 4351 3742 4420 γενόμενος,

2166 4445 2325 4514 ξυρὸς
2356 4440 2425 4516 ἦν
2458 4444 2660 4514 ἀκόνης
2691 4441 2985 4513 ἐπι-τυχὼν,
3031 4446 3125 4497 καὶ
3151 4442 3212 4495 τὸ
3244 4441 3430 4503 λοιπὸν
3463 4442 3544 4505 είς
3581 4438 3746 4493 αὑτὸν

2161 4538 2332 4609 ἑώρα,
2389 4539 2485 4591 καὶ
2529 4537 2638 4590 τῶν
2667 4536 2833 4591 αὐτοῦ
2882 4538 2979 4607 τῆς
3009 4535 3213 4606 ἀρετῆς
3270 4534 3432 4606 ίχνῶν
3489 4531 3748 4603 ἐμμελῶς

2162 4630 2362 4699 εἴχετο,
2394 4630 2456 4683 ού
2489 4630 2630 4683 κατὰ
2656 4628 2905 4701 μαθητὴν
2939 4630 3221 4692 ἐλλείπων,
3274 4627 3412 4682 ἀλλὰ
3435 4626 3528 4679 τοῦ
3553 4625 3747 4694 ὁμοίου

2161 4721 2301 4789 πρὸς
2330 4719 2620 4792 ἀκρίϐειαν
2655 4721 3073 4791 στοχαζόμενος.
3106 4720 3213 4774 Τοῦ
3244 4717 3487 4790 διωγμοῦ
3520 4718 3596 4781 δὲ,
3632 4717 3747 4771 ὦσ-

2159 4828 2268 4882 περ
2289 4810 2521 4881 ἔφημεν.
2564 4811 2902 4883 ἀγριώτερον
2944 4812 3299 4876 πνεύσαντος,
3332 4812 3746 4884 συλλαμϐάνον-

2159 4914 2252 4953 ται
2287 4902 2387 4971 μὲν
2416 4904 2565 4972 τρεῖς
2594 4902 2687 4956 τὸν
2733 4903 2968 4976 ἀριθμὸν
3019 4904 3283 4975 παρθένοι
3340 4905 3481 4975 μετὰ
3511 4904 3744 4975 μητρὸς,

2158 4994 2227 5048 τά
2252 4990 2594 5062 Χριστιανῶν
2635 4996 2963 5065 μετιοῦσαςο
2994 4997 3219 5064 ἄγονται
3259 4997 3316 5049 δὲ
3367 4999 3445 5059 είς
3476 4995 3746 5052 Κὰνωύον

2160 5084 2335 5150 πόλιν,
2373 5086 2650 5141 Κασιανοῦ
2687 5088 2786 5159 μὲν
2824 5089 2923 5160 τὴν
2970 5081 3173 5161 μιαρὰν
3229 5092 3287 5143 ἐν
3322 5089 3492 5162 ταύτῃ
3538 5089 3648 5143 τῶν
3675 5091 3743 5143 οὐ

2159 5175 2300 5230 θεῶν
2368 5178 2645 5247 ἱερατείαν
2699 5180 3000 5245 διέποντος,
3060 5181 3325 5253 Συριανοῦ
3348 5183 3404 5235 δὲ
3428 5181 3527 5252 τὴν
3562 5180 3743 5252 ἀρχὴν

2155 5265 2393 5338 ἔχοντος.
2430 5270 2616 5325 Ταῦτα
2638 5271 2694 5325 δὲ
2739 5274 2801 5327 οὐ
2835 5275 2958 5337 ταῖς
2987 5274 3279 5346 παρθένοις
3332 5277 3427 5328 καὶ
3466 5277 3534 5346 τῇ
3567 5275 3741 5346 μητρὶ

2158 5357 2372 5426 μόναις,
2398 5359 2513 5414 ἀλλ’
2548 5361 2649 5435 ἤδη
2674 5363 2772 5417 καὶ
2801 5364 2951 5436 αὐτῷ
2972 5366 3144 5436 Κύρῳ
3167 5367 3261 5418 καὶ
3296 5366 3519 5438 Ἰωάννῃ
3557 5366 3736 5419 καθα-

2151 5453 2311 5522 περεὶ
2334 5453 2599 5525 προοίμια
2624 5457 2722 5509 καὶ
2750 5457 2918 5528 ἀρχα)⁸
2941 5456 3039 5511 τοῦ
3074 5460 3378 5531 μαρτυρίου
3407 5459 3733 5529 ἐτύγχανον,

2153 5546 2248 5598 καὶ
2267 5546 2656 5604 διαπλέκεσθαι
2686 5550 2896 5615 τούτοις
2917 5551 3018 5623 ἤδη
3059 5553 3327 5622 στέφανος
3356 5555 3574 5625 ἡρχετο.
3605 5554 3731 5606 Δεί-

2152 5652 2251 5700 σας
2277 5639 2387 5715 γὰρ
2414 5644 2438 5694 ὁ
2471 5640 2682 5714 Κῦρος,
2705 5643 2781 5715 μὴ
2810 5646 2871 5698 τὸ
2903 5652 3095 5717 νεαρὸν
3136 5645 3245 5698 τῶν
3277 5647 3566 5716 παρθένων
3594 5648 3737 5700 ἀποφ
