4126 6398
359 344 489 408 Hii

1479 351 1657 411 ΥΙΤΑ
1699 352 1805 417 SS.
1845 353 2022 414 CYRI
2056 358 2151 418 ET
2188 361 2534 428 JOANNIS.

3488 369 3626 437 12ίῖ

350 459 594 530 δειλιάσῃ
646 459 780 528 πρὸς
842 460 903 512 τὸ
937 461 1110 530 τραχὺ
1169 461 1278 514 τῶν
1318 460 1618 523 κολάσεων,
1657 462 1780 514 ἐπεὶ
1839 464 1934 516 καλ⁵

2038 469 2144 538 jam
2187 472 2485 544 incipiebat
2540 479 2624 532 eis
2678 481 2895 535 contexi
2945 495 3170 536 corona.
3199 482 3422 538 Veritus
3476 487 3620 538 enim

352 552 548 622 ιομιδῇ
614 550 715 618 τὴν
751 548 968 620 ἠλικίαν
998 547 1142 621 ἦσαν
1182 551 1415 606 νεώαται
1471 553 1799 621 (Θεοκτίστη
1831 555 1931 619 μὲν

350 645 481 712 γὰρ.
512 641 546 710 ἢ
578 643 674 693 καὶ
715 641 1074 712 πρεσϐυτάτη
1125 644 1235 696 τῶν
1263 645 1436 714 τριῶν
1464 641 1553 716 ἦν,
1583 646 1932 698 πεντεκαιδε·

350 735 518 786 κάτον
541 732 745 802 ἥπτετο
778 732 932 796 ἔτους
955 749 967 762 ·
997 736 1062 804 τῇ
1091 733 1147 786 δὲ
1177 733 1294 802 μετ’
1320 735 1490 804 αὒτὴν
1517 735 1748 806 Θεοδότῃ
1780 753 1934 808 τρισ-

349 823 670 884 καιδέκατος
724 823 919 891 ἠνύετο
967 824 1188 894 χρόνοςο
1257 824 1480 892 Εὑδοξξα
1534 827 1610 889 δὲ,
1663 827 1933 894 ἡτούτων

349 914 572 984 ἐσχάτη.
605 913 892 967 ἑνδέκατον
922 915 1040 977 ἔτος
1065 911 1212 985 ἦγε).
1271 916 1373 968 Διὰ
1389 917 1572 968 ταῦτα
1597 917 1728 983 γοῦν
1754 919 1780 969 ὁ
1817 916 1932 970 Κῦς

355 1023 444 1073 ρος
473 1005 642 1074 δειλίᾳ
669 1005 893 1073 ληφθεὶς
927 1007 1067 1075 ὑπὲρ
1097 1006 1208 1058 τῶν
1240 1008 1552 1076 παρθένων,
1583 1009 1708 1060 ἐπεὶ
1749 1010 1842 1060 καὶ
1875 1008 1936 1060 τὸ

349 1099 448 1162 τῆς
506 1096 723 1160 ἡλικίας
773 1096 997 1164 ταύτης,
1056 1099 1150 1150 καὶ
1215 1099 1417 1167 μᾶλλον
1467 1099 1524 1150 ὲν
1573 1098 1843 1165 γυναιξὶν,
1873 1099 1934 1150 οὑ

353 1188 504 1255 φόὸῳ
535 1185 813 1240 κολάσεων
847 1185 1035 1247 ἁπλῶς
1061 1187 1393 1256 χειρωθῆναι
1437 1187 1750 1258 πρόχειρον,
1801 1187 1936 1240 ἀλλὰ

353 1281 446 1331 καὶ
501 1277 816 1340 κολακείαις
875 1279 1260 1348 ὑποφθαρῆναι
1317 1282 1662 1333 παντάπασιν
1692 1280 1934 1349 εὐχερὲς,

354 1365 635 1422 κατελθεῖν
691 1369 770 1430 εἰς
808 1368 907 1437 τὴν
961 1369 1118 1420 πόλιν
1159 1372 1455 1438 ἀναγκαῖον
1511 1373 1780 1442 ὑπείληφε
1838 1374 1935 1425 καὶ

353 1459 578 1521 ταύτας,
609 1458 683 1520 ὡς
717 1452 829 1510 οἶόν
860 1475 942 1517 τε.
971 1461 1108 1529 προς
1145 1464 1271 1522 τοὺς
1309 1463 1933 1538 ἀγῶναςὲπιθαρρῦναι.

355 1550 524 1602 Φόϐου
561 1551 668 1622 γὰρ
699 1551 919 1616 ἔξωκαὶ
953 1553 1190 1620 ὑποψίας
1221 1555 1342 1607 οὐδὲ
1369 1555 1471 1625 τὴν
1499 1557 1712 1626 μητέρα
1733 1558 1940 1610 τούτων

355 1643 587 1721 ἐποιεῖτο
619 1639 967 1704 Ἀθανασίαν,
998 1643 1157 1696 τοῦτο
1185 1645 1284 1714 μὲν
1309 1649 1544 1712 γυναῖκα
1569 1647 1734 1700 οὖσαν
1759 1648 1938 1712 εἰδὼς,

351 1732 510 1787 τοῦτο
560 1732 618 1786 δὲ
653 1733 749 1785 καὶ
795 1735 1010 1804 μητέρα
1049 1736 1363 1805 θυγατέρων
1390 1736 1532 1790 οὕτω
1582 1741 1814 1808 νεαρῶν,
1843 1741 1937 1794 καὶ

353 1824 606 1890 ἀγουσῶν
663 1825 878 1894 ἡλικίαν
925 1827 959 1896 ἣ
995 1829 1088 1880 καὶ
1120 1829 1357 1898 μητέρος
1388 1831 1703 1900 εὐφραίνειν
1734 1832 1936 1899 ὀφθαλ-

357 1918 490 1985 μοὺς
509 1914 640 1979 οἶδε,
667 1917 758 1970 καὶ
784 1917 924 1988 ὑπὲρ
957 1918 1050 1970 τοῦ
1085 1920 1252 1988 μηδὲν
1279 1921 1452 1984 αὐτὰς
1483 1921 1672 1974 παθεῖν
1699 1923 1937 1992 χαλεπόν

351 2023 405 2065 τι
437 2006 548 2058 τῶν
575 2007 893 2076 ἀϐουλήτων
931 2011 1105 2078 μητρὶ
1157 2010 1232 2079 μὴ
1285 2010 1510 2080 θελητδν
1546 2012 1796 2080 γενέσθαι
1829 2031 1935 2065 πα-

355 2098 709 2169 ρασκευάσει.
766 2097 952 2152 Ταῦτα
986 2101 1183 2169 μεστὸν
1227 2101 1398 2154 ἐποίει
1422 2102 1574 2165 δέους
1609 2105 1700 2156 τὶν
1731 2102 1935 2174 Κῦρον,

353 2189 706 2254 ὑπονοοῦντα,
751 2190 828 2260 μὴ
879 2191 974 2243 καὶ
1003 2193 1037 2262 ἡ
1082 2194 1266 2262 μήτηρ
1290 2193 1592 2264 ὲπικλασθῇ
1621 2194 1938 2264 θυγατέρων

352 2284 586 2349 νεότητι,
637 2280 714 2352 μὴ
773 2282 920 2354 πάθῃ
947 2283 1015 2336 τά
1045 2284 1350 2356 σπλάγχνα,
1396 2287 1490 2339 καὶ
1517 2289 1803 2357 ἡττωμένη
1840 2291 1937 2356 τῆς

353 2374 588 2438 φύσεως,
623 2373 928 2444 φθέγξηταί
954 2391 1006 2428 τι
1047 2375 1180 2445 πρὸς
1236 2377 1494 2450 adtigi;
1551 2380 1645 2429 καὶ
1698 2377 1938 2430 νεύσειεν

351 2467 583 2520 ἐλεεινὸν
615 2472 708 2520 καὶ
735 2468 1036 2538 ἐνδόσιμον.
1073 2469 1260 2523 Ταῦτα
1292 2469 1445 2537 γοῦν,
1479 2470 1670 2540 ῶσπερ
1701 2469 1935 2538 ἔφημεν,

351 2559 681 2612 ὑπονοοῦντα
717 2559 810 2612 τὸν
836 2559 1038 2629 Κῦρον,
1069 2562 1150 2622 είς
1171 2564 1271 2632 τὴν
1303 2563 1456 2615 πόλιν
1487 2564 1724 2630 εἰσάγει.
1751 2563 1942 2632 Τούτῳ

350 2651 404 2704 δὲ
434 2653 526 2706 καὶ
562 2652 590 2704 ὁ
623 2652 786 2715 καλὸς
835 2652 1018 2706 εἵπετο
1062 2655 1350 2723 Ἰωάννηςο
1385 2658 1480 2708 καὶ
1537 2657 1777 2724 γίνονται
1833 2656 1942 2710 τῶν

352 2743 579 2811 ἀγώνων
616 2746 811 2808 αὐταῖς
873 2744 1126 2799 ἀλεῖπται
1181 2747 1283 2815 (1),
1337 2749 1431 2799 καὶ
1483 2746 1578 2799 τοῦ
1640 2746 1939 2818 μαρτυρίου

352 2835 516 2894 καλὸν
545 2836 876 2906 ἀρχέτυπον,
902 2837 1040 2907 ὅπερ
1069 2833 1137 2908 ἦν
1156 2838 1258 2890 οὐκ
1290 2838 1503 2901 ὲκείνας
1526 2839 1603 2908 τῷ
1656 2840 1943 2909 μαρτυρίῳ

351 2931 742 2996 προσαγαγεῖν,
776 2928 912 2980 ἀλλά
943 2928 1038 2998 τὴν
1081 2929 1294 2981 ἑαυτῶν
1347 2929 1640 2998 ὁμολογίαν
1698 2931 1941 2999 φανερὰν

349 3020 715 3088 καταστῆσαι,
755 3021 958 3089 μᾶλλον
1005 3020 1060 3074 δὲ
1100 3019 1168 3076 δι’
1197 3020 1442 3091 ἀλλήλων
1480 3023 1739 3090 ἑκάτερα,
1794 3022 1941 3082 ὅπως

348 3108 504 3165 αὐτοί
554 3126 612 3162 τε
673 3109 762 3164 διὰ
815 3111 913 3174 τὰς
946 3111 1253 3181 παρθένους
1307 3115 1798 3184 παρῤησιὰσωνται
1844 3115 1942 3182 τὴν

350 3202 652 3264 εὐσέϐειαν,
675 3204 933 3268 κάκείνας
959 3205 1177 3274 θύματα
1201 3205 1420 3276 Χριστῷ
1447 3205 1514 3258 δι’
1543 3206 1752 3260 ἑαυτῶν
1776 3223 1940 3278 προσ-

350 3293 676 3362 ανέγκωσιν.

422 3579 477 3637 ι’.
523 3581 836 3653 Ὑπηρέτας
875 3582 969 3637 οῦν
995 3586 1088 3638 καὶ
1119 3581 1278 3650 αὖθις
1304 3586 1405 3641 οὐκ
1434 3587 1660 3657 ἀμελεῖς
1686 3589 1786 3656 τῆς
1809 3589 1940 3642 ἑαυ-

347 3673 444 3726 τοῦ
475 3673 674 3738 κακίας
705 3676 734 3726 ὀ
765 3675 959 3745 ὲχθρδς
989 3676 1264 3747 εὑρηκὼς,
1320 3676 1467 3730 οὕτω
1499 3679 1609 3732 τῶν
1647 3679 1941 3750 μαρτύρων

349 3767 551 3828 αὐτοὺς
583 3766 871 3821 ἀναπείθει
918 3769 1055 3839 πρὸς
1083 3769 1176 3822 τὸν
1225 3771 1463 3840 ἄρχοντα
1529 3775 1836 3835 κατειπεῖν,
1865 3772 1940 3835 ὡς

348 3860 459 3931 ἄρα
487 3861 606 3912 Etcf
627 3875 772 3922 τινες
803 3860 1067 3928 ἀγνῶτες,
1099 3863 1127 3914 δ
1160 3861 1258 3930 μὲν
1289 3863 1604 3932 μοναχικδν,
1633 3865 1660 3916 δ
1684 3863 1740 3916 δὲ
1767 3881 1939 3932 στρα-

349 3949 604 4003 τιωτικὸν
645 3950 830 4020 σχῆμα
857 3950 1146 4015 σώζοντες,
1172 3952 1222 4006 οἶ
1249 3955 1346 4016 τὰς
1381 3953 1779 4024 συλληφθείσας
1811 3957 1938 4025 ἄρτι

353 4041 657 4110 παρθένους
695 4042 1173 4111 παρασκευάζουσι
1209 4043 1346 4097 θεῶν
1376 4046 1476 4115 μὲν
1511 4047 1619 4099 τῶν
1647 4048 1939 4118 ἡμετέρων

352 4137 736 4205 καταφρονεῖν.
771 4135 999 4204 δυνάμει
1026 4152 1085 4187 τε
1116 4135 1265 4209 πάσῃ
1294 4137 1392 4207 τὴν
1422 4138 1604 4190 αὐτῶν
1644 4127 1940 4208 ἀπώμοτον

353 4226 627 4280 ποιεῖσθαι
658 4226 980 4296 θρησκείαν,
1008 4229 1104 4280 καὶ
1133 4230 1200 4281 τὰ
1255 4231 1535 4298 Καίσαρος
1589 4231 1940 4301 διατάγματα

355 4317 626 4386 παρορᾷν,
681 4315 890 4386 Ἰησοῦν
941 4315 997 4368 δέ
1038 4333 1162 4368 τινα
1211 4317 1370 4386 μόνον
1421 4317 1797 4403 ξπιφημίζειν,
1845 4320 1939 4370 καὶ

353 4406 529 4476 τούτῳ
581 4410 966 4477 προσανέχειν,
1019 4407 1120 4460 ὅσα
1154 4407 1293 4477 Θεῷ,
1329 4411 1411 4470 εἰς
1464 4409 1690 4476 ἔνδειξεν
1737 4427 1796 4463 τε
1838 4411 1938 4480 τῆς

2033 557 2206 630 Cyrus
2229 563 2503 634 virginum
2542 570 3003 636 teneritudinem,
3032 587 3101 627 ne
3133 588 3329 642 aspera
3369 575 3626 629 reformi-

2034 652 2228 717 darent
2285 659 2575 727 supplicia,
2620 664 2841 727 quando
2872 664 3096 733 quidem
3129 676 3289 720 erant
3317 676 3477 720 aetate
3509 667 3576 720 ad
3599 697 3620 708 -

2034 744 2258 800 modum
2293 749 2525 815 juvenili
2564 751 2904 816 (Theoctistc
2960 757 3129 820 enim,
3153 772 3275 824 quae
3302 765 3419 812 erat
3453 757 3619 811 trium

2035 847 2196 890 aetate
2251 849 2381 893 natu
2448 843 2710 902 maxima,
2769 844 3044 900 decimum
3117 848 3369 917 quintum
3416 864 3622 902 annum

2039 929 2282 984 nomium
2317 933 2613 1003 attigerat;
2651 935 2934 1005 Theodoto
2963 946 3170 994 autem.
3207 954 3331 1006 qua:
3373 953 3492 992 eam
3540 954 3628 992 se-

2037 1020 2334 1088 quebatur,
2387 1025 2579 1090 agebat
2627 1041 2833 1079 annum
2885 1037 3143 1096 quartum
3171 1028 3444 1082 decimum
3477 1029 3626 1084 :Eu-

2037 1113 2198 1167 doxia
2236 1131 2388 1175 vero,
2425 1117 2671 1170 omnium
2700 1117 2949 1182 minima,
2980 1119 3176 1189 agebat
3221 1134 3426 1173 annum
3456 1121 3630 1174 unde-

2039 1205 2290 1265 ciuium).
2353 1205 2447 1258 llis
2479 1223 2608 1276 ergo
2645 1208 2713 1262 de
2740 1210 2921 1263 causis
2949 1209 3147 1264 timore
3187 1208 3421 1263 ali‘ectus
3450 1209 3630 1281 Cyrus

2038 1311 2203 1351 causa
2256 1297 2550 1367 virginum,
2581 1301 3028 1369 quandoquidem
3062 1301 3178 1356 hare
3209 1312 3362 1365 artas,
3397 1311 3454 1356 et
3516 1318 3632 1357 ma-

2040 1389 2184 1442 xime
2219 1388 2362 1443 inter
2394 1390 2676 1450 mulieres.
2708 1409 2817 1445 non
2864 1393 3042 1446 solum
3076 1392 3234 1446 facile
3264 1393 3408 1446 vinei
3444 1403 3629 1462 potest

2043 1491 2192 1534 metu
2239 1482 2658 1550 suppliciorum.
2696 1483 2790 1537 sed
2837 1483 3004 1537 etiam
3041 1482 3327 1537 blanditiis
3354 1484 3508 1538 nullo
3532 1500 3630 1537 ne-

2045 1573 2196 1642 gotio
2221 1575 2600 1644 corrumpitur
2621 1574 2983 1630 :existimavit
3001 1589 3123 1629 esse
3147 1577 3551 1637 necessarium,
3569 1583 3628 1629 ut

2043 1666 2407 1720 descenderet
2461 1669 2527 1720 ad
2561 1668 2864 1731 civitatem,
2893 1677 2948 1722 et
2975 1668 3077 1732 eis,
3127 1667 3308 1736 quoad
3361 1669 3481 1737 ejus
3511 1667 3627 1721 ﬁeri

1969 1810 2010 1864 Β
2044 1767 2250 1828 posset,
2271 1759 2501 1812 adderet
2535 1759 2780 1812 animum
2810 1758 2875 1812 ad
2913 1769 3223 1814 certamen.
3246 1760 3630 1814 Namnecerat

2039 1849 2261 1919 quidem
2295 1860 2449 1904 extra
2501 1851 2872 1919 suspicionem
2913 1851 2980 1905 de
3034 1866 3224 1904 earum
3253 1861 3431 1905 matre
3459 1853 3631 1906 Atha-

2040 1939 2193 1993 nasia
2221 1956 2234 1992 :
2256 1939 2456 2008 partim
2478 1939 2723 2008 quidem,
2745 1954 2870 1993 cum
2890 1955 2952 1993 ea
2969 1940 3137 1992 sciret
3160 1954 3281 1994 esse
3297 1940 3582 1993 mulierem
3611 1957 3625 1992 :

2043 2032 2238 2098 partim
2289 2041 2473 2086 autem
2505 2043 2737 2087 matrem
2765 2048 2985 2102 quoque
3022 2032 3255 2086 ﬁliarum
3289 2044 3396 2085 tam
3426 2042 3630 2088 tenera

2039 2122 2235 2185 aetatis,
2265 2139 2386 2193 qua:
2411 2123 2515 2177 scit
2545 2124 2738 2177 matris
2767 2123 3047 2177 oblectare
3075 2122 3285 2187 oculos,
3315 2133 3368 2176 et
3400 2138 3467 2177 ne
3502 2122 3632 2191 ipsa:

2041 2230 2203 2282 grave
2237 2215 2444 2284 aliquid
2473 2215 2776 2284 patiantur,
2809 2213 3008 2268 cﬂiciet
3029 2214 3174 2284 quod
3202 2214 3376 2268 nolint
3397 2212 3628 2282 aliquid,

2041 2305 2189 2374 quod
2215 2322 2322 2359 non
2357 2307 2475 2360 vult
2500 2315 2699 2360 mater.
2738 2306 2866 2361 Haec
2889 2305 3092 2378 Cyrum
3131 2318 3283 2360 metu
3320 2306 3630 2374 replebant,

2043 2396 2390 2449 dubitantem
2421 2411 2489 2448 ne
2521 2405 2700 2449 mater
2723 2410 2943 2464 quoque
2974 2397 3633 2466 frangereturjuveutute

2045 2487 2301 2545 ﬁiiarum,
2326 2501 2395 2540 ne
2415 2487 2535 2555 ejus
2566 2497 2893 2556 paterentur
2935 2487 3172 2546 viscera,
3207 2495 3263 2541 et
3291 2486 3432 2540 victa
3470 2503 3497 2539 a
3533 2502 3634 2539 na-

2045 2588 2187 2634 tura.
2216 2577 2529 2632 miserabile
2562 2577 2794 2647 aliquid,
2819 2593 2929 2647 quo
2967 2593 3024 2632 se
3056 2580 3252 2632 cedere
3274 2578 3634 2648 signiﬁcaret,

2043 2671 2124 2726 eis
2157 2670 2390 2730 diceret,
2438 2678 2533 2723 aut
2591 2670 2756 2723 etiam
2814 2678 3108 2723 annueret.
3151 2670 3274 2724 [huc
3351 2685 3519 2740 ergo,
3575 2677 3636 2722 ut

2044 2761 2307 2828 diximus,
2338 2761 2686 2815 dubitantem
2723 2760 2925 2830 Cyrum
2954 2761 3224 2814 inducunt
3260 2761 3632 2815 incivitatcm.

2045 2855 2183 2908 Eum
2208 2864 2394 2907 autem
2430 2853 2687 2924 egregius
2721 2867 2940 2921 quoque
2984 2852 3324 2922 sequebatur
3371 2851 3634 2906 Joannes.

2047 2946 2213 3000 Fiunt
2252 2961 2385 2999 vero
2423 2943 2534 2998 illis
2569 2945 2651 2998 eis
2701 2945 2884 3013 aliptae
2917 2944 2983 2997 ad
3044 2945 3368 3006 certamina,
3411 2954 3466 2996 et
3515 2943 3638 3012 pui-

2048 3037 2245 3091 chrum
2315 3038 2598 3104 exemplar
2659 3034 2911 3105 martyrii
2962 3034 3163 3104 :quod
3221 3035 3444 3102 quidem
3491 3041 3635 3097 erat,

1973 3145 2014 3202 ο
2048 3145 2157 3182 non
2207 3129 2329 3182 illas
2354 3127 2631 3180 adducere
2668 3127 2734 3180 ad
2782 3125 3131 3198 tnartyrium,
3169 3125 3262 3180 sed
3296 3140 3450 3178 suam
3484 3124 3637 3193 ipso-

2046 3237 2168 3274 rum
2196 3220 2598 3274 confessionem
2649 3219 3000 3272 manifestam
3040 3217 3256 3273 eiIicere
3291 3235 3304 3269 :
3339 3216 3420 3270 vel
3454 3215 3639 3286 potius

2043 3323 2338 3382 utrumque
2366 3327 2463 3382 per
2488 3327 2546 3366 se
2575 3312 2656 3364 il“
2675 3312 2835 3374 icem,
2860 3319 2919 3364 ut
2945 3321 3000 3364 et
3019 3310 3120 3380 ipsi
3143 3318 3368 3379 propter
3392 3308 3639 3378 virgines

2041 3400 2212 3456 libere
2267 3415 2422 3453 suam
2481 3399 2836 3453 ostenderent
2890 3401 3176 3469 pietatem,
3200 3411 3256 3453 et
3283 3398 3406 3452 illas
3440 3413 3539 3466 per
3565 3411 3630 3474 se

2044 3495 2274 3550 Christo
2303 3493 2574 3546 oﬂerrent
2605 3491 2838 3546 hostias.

2116 3583 2185 3638 Χ.
2227 3583 2364 3640 Cum
2401 3583 2586 3653 itaque
2625 3599 2821 3638 rursus
2848 3598 2962 3636 sua:
2986 3581 3362 3651 improbitatis
3389 3597 3498 3636 non
3537 3597 3636 3636 ne-

2041 3677 2309 3746 gligentes
2339 3675 2624 3728 ministros
2657 3675 2960 3728 invenisset
2991 3675 3273 3737 inimicus,
3309 3676 3390 3728 eis
3413 3677 3640 3744 persua-

2041 3767 2138 3821 det
2194 3765 2412 3835 praesidi
2446 3765 2632 3820 d;eere
2685 3765 2752 3819 de
2809 3766 3362 3836 martyribuszquod
3422 3766 3636 3820 scilicet

2043 3858 2167 3910 Sitit
2195 3855 2416 3923 quidam
2461 3855 2656 3925 ignoti,
2693 3871 2836 3908 unus
2866 3855 3087 3924 quidem
3140 3854 3465 3914 monastico,
3494 3854 3632 3907 alter

2041 3965 2172 4004 vero
2217 3948 2440 4002 militari
2480 3948 2659 4001 induti
2691 3949 2918 4010 amictu,
2952 3948 3045 4017 qui
3083 3947 3348 4011 cilicium,
3381 3946 3627 4001 ntmodo

2043 4041 2456 4111 compreheuse
2506 4040 2766 4109 virgines,
2820 4040 2955 4094 deos
2990 4041 3214 4110 quidem
3271 4049 3493 4094 nostros
3524 4039 3625 4093 dc-

2042 4133 2299 4203 spiciant.
2335 4134 2577 4201 totisque
2629 4131 2845 4186 viribus
2887 4133 3147 4202 adjurent
3176 4141 3233 4186 et
3269 4142 3632 4186 exsecrentur

2041 4242 2232 4280 eorum
2266 4226 2608 4295 religionem,
2650 4223 2994 4294 Caesarisque
3039 4228 3189 4294 jussa
3233 4232 3628 4280 contemnant:

2043 4317 2230 4373 Jesum
2259 4329 2442 4370 autem
2481 4322 2772 4386 quemdam
2801 4319 2981 4371 solum
3019 4318 3267 4380 laudent,
3294 4328 3350 4372 et
3382 4319 3456 4380 ei,
3488 4333 3637 4386 qua:-

2046 4427 2263 4480 cunqne
2297 4411 2428 4470 Deo,
2459 4411 2702 4464 tribuant
2729 4427 2740 4460 :
2772 4419 2826 4463 et
2861 4410 2928 4463 ad
2961 4409 3356 4463 ostendendam
3384 4425 3541 4463 suam
3578 4409 3633 4463 in

355 4497 491 4568 πρὸς
531 4497 692 4551 αὑτὸν
753 4499 968 4560 εὐνοίας
1011 4500 1208 4568 μικρὸν
1249 4501 1503 4569 ἡγεῖσθαι
1543 4502 1633 4553 τὸν
1686 4479 1936 4554 θάνατον.

2047 4519 2172 4557 eum
2197 4502 2658 4566 benevolentiam,
2682 4511 2911 4554 mortem
2939 4493 3088 4569 parvi
3114 4500 3344 4554 faciant.
3366 4501 3634 4567 Syrianus

355 4591 613 4660 Συριανὺς
667 4590 848 4643 τοίνυν
879 4589 938 4641 οὐ
981 4592 1172 4660 πράως
1225 4590 1399 4642 ταῦτα
1447 4592 1762 4658 διενεγκὼν,
1822 4593 1940 4645 ἀλλ’

356 4680 448 4734 ὑπ’
470 4679 593 4748 δψιν
617 4679 842 4749 ἀγαγὼν
863 4681 988 4742 τοὺς
1019 4680 1319 4746 γενναίους,
1349 4680 1564 4748 Ὑμεῖς,
1592 4686 1718 4752 ἔφη,
1738 4683 1939 4753 δύστη-

354 4790 435 4826 νοι
466 4772 561 4825 καὶ
592 4772 732 4824 θεῶν
787 4771 897 4824 τῶν
939 4772 1228 4841 μακαρίων
1268 4773 1476 4842 ἐχθροὶ,
1513 4775 1695 4843 ὑμεῖς,
1752 4775 1802 4827 οἳ
1842 4777 1941 4838 τὰς

357 4867 458 4938 μὲν
501 4865 805 4936 παρθένους
857 4863 1177 4918 ἀναπείθειν
1245 4865 1534 4938 πειρᾶσθε,
1569 4867 1664 4918 καὶ
1693 4866 1762 4919 τὰ
1799 4867 1937 4936 Χρι-

355 4956 590 5012 στιανῶν
630 4957 886 5022 αὐξάνειν
944 4955 1299 5020 σπουδάζετε,
1359 4956 1738 5026 περιῦόρίζειν
1786 4958 1842 5010 δὲ
1869 4961 1937 5011 τὰ

358 5049 636 5120 Καίσαρος
661 5051 875 5121 μηχανῇ
907 5052 972 5120 τῇ
1000 5049 1168 5118 πάσῃ,
1207 5047 1344 5118 πλὴν
1372 5049 1421 5100 εἰ
1474 5050 1566 5102 καὶ
1630 5050 1705 5120 μὴ
1741 5052 1940 5120 πρότε-

357 5158 470 5211 ρον,
509 5140 647 5194 ἀλλὰ
678 5140 773 5194 νῦν
807 5140 939 5208 γοῦν
969 5139 1070 5209 τῆς
1107 5139 1342 5207 ματαίας
1387 5140 1544 5210 ὑμῶν
1569 5141 1771 5210 ταύτης
1804 5143 1940 5195 ἀπο-

358 5234 584 5295 στάντες
614 5233 937 5305 θρησκείας,
969 5233 1154 5302 εὐχαῖς
1178 5249 1237 5283 τε
1270 5232 1364 5286 καὶ
1393 5233 1606 5296 θυσίαις
1636 5236 1759 5298 τοὺς
1782 5234 1938 5304 μεγία

356 5340 516 5398 σξους
567 5325 724 5390 θεοὺς
781 5318 1098 5379 ίλεὼσασθε.
1159 5323 1331 5377 Τοῦτο
1390 5325 1498 5394 γὰρ
1537 5326 1598 5377 οὐ
1654 5327 1937 5398 τιμωριῶν

358 5413 519 5482 μόνον
538 5415 856 5486 ἐλευθέρους
879 5415 909 5467 ὑ
919 5416 1051 5485 μᾶς,
1077 5412 1214 5467 ἀλλά
1236 5415 1328 5467 καὶ
1361 5415 1538 5484 τιμῶν
1560 5415 1743 5482 ἀξίους
1768 5415 1937 5487 ὀφθῆο

355 5523 441 5559 ναι
488 5509 933 5579 παρασκευάσει·
985 5509 1033 5559 εί
1057 5505 1104 5560 δ’
1135 5502 1249 5571 οὖν,
1287 5505 1402 5558 ἀλλ’
1432 5506 1645 5560 εἴσεσθε
1680 5509 1778 5578 μὲν
1811 5509 1934 5562 ὅσον

353 5595 507 5652 οὔπω
557 5600 856 5670 Συριανόνο
911 5601 1122 5654 εἴσεσθε
1177 5601 1232 5655 δὲ
1257 5601 1480 5672 βασιλέα
1527 5601 1931 5674 Διοκλητιανδν,

2045 4596 2235 4664 igitur,
2286 4610 2412 4650 cum
2470 4595 2585 4647 haec
2643 4607 2753 4646 non
2817 4593 3012 4646 leviter
3070 4593 3311 4654 tulisset,
3345 4593 3439 4646 sed
3482 4593 3632 4646 viros

2041 4688 2335 4759 pratclaros
2387 4687 2442 4740 in
2487 4700 2648 4739 suum
2669 4695 3027 4752 conspectum
3072 4684 3443 4753 produxisset,
3497 4683 3629 4749 Vos,

2046 4779 2246 4849 inquit.
2285 4777 2536 4832 infelices
2557 4789 2609 4829 et
2650 4775 2838 4829 hostes
2866 4774 3094 4828 deorum
3137 4773 3422 4827 beatorum
3459 4791 3471 4826 :
3508 4789 3626 4838 vos,

2041 4872 2135 4943 qui
2167 4870 2480 4940 virginibus
2501 4868 2724 4938 quidem
2752 4867 3028 4922 conamini
3055 4865 3420 4935 persuadere,
3461 4863 3626 4919 Chri-

2045 4963 2352 5015 stianorum
2408 4971 2593 5014 autem
2636 4972 2725 5013 res
2776 4957 3010 5012 studetis
3057 4971 3256 5026 augere
3312 4955 3628 5010 :Czesarem
3691 5025 3695 5028 γ

2046 5069 2181 5108 vero
2225 5052 2487 5107 omnibus
2541 5051 2717 5105 modis
2749 5049 2964 5104 allicere
2991 5048 3368 5102 coutumelia:
3403 5046 3498 5101 sed
3521 5045 3626 5100 etsi

2045 5163 2153 5202 non
2177 5147 2352 5216 prius,
2377 5159 2529 5198 nunc
2556 5143 2778 5212 quidem
2810 5154 2960 5196 certe
2985 5141 3055 5194 ab
3077 5142 3178 5195 hac
3209 5156 3348 5194 vana
3365 5137 3600 5193 deiicien
3618 5162 3632 5181 ε

2043 5250 2126 5293 tes
2179 5235 2462 5307 religione,
2524 5234 2788 5305 precibus
2836 5242 2893 5288 et
2918 5233 3202 5288 sacriliciis
3251 5232 3386 5286 deos
3415 5230 3629 5301 placate

2043 5327 2488 5382 maximos:hoc
2531 5325 2681 5378 enim
2732 5341 2842 5379 non
2890 5319 3093 5379 e'ﬂicict
3124 5324 3323 5386 solum,
3383 5329 3442 5374 ut
3503 5319 3628 5374 sitis

2039 5421 2198 5476 liberi
2231 5435 2262 5473 a
2290 5417 2597 5488 suppliciis,
2644 5417 2739 5472 sed
2775 5416 2966 5479 etiam,
3015 5424 3076 5470 ut
3130 5415 3282 5484 digni
3327 5409 3625 5467 videamini

2041 5512 2347 5568 honoribus
2380 5528 2394 5564 :
2428 5510 2516 5566 sin
2552 5508 2756 5574 minus,
2787 5525 2912 5564 mox
2951 5508 3172 5578 quidem
3206 5504 3394 5562 scietis
3435 5503 3622 5574 Syria-

2038 5619 2194 5670 num,
2237 5603 2426 5660 Scietis
2450 5613 2633 5658 autem
2683 5603 3075 5673 imperatorem
3131 5612 3351 5671 quoque
3401 5597 3618 5653 Diocle-

424 5781 498 5853 (l)
530 5780 743 5852 Allpta,
772 5790 1035 5843 unctores.
1069 5783 1163 5852 qui
1195 5784 1430 5839 athletas
1471 5794 1781 5840 certaturos
1815 5783 2114 5855 angebant.
