4126 6440
566 398 707 496 ms

1805 435 2088 496 MENSIS
2125 435 2580 501 IANUARIUS.

3689 436 3809 500 12H

568 552 804 614 tiauum,
839 549 971 621 quin
991 549 1158 605 etiam
1187 546 1323 607 deos
1357 550 1527 622 ipsos,
1560 550 1829 607 adversus
1863 565 2002 622 quos
2030 550 2145 605 haec

2253 549 2379 603 ἀλλά
2402 551 2496 623 καὶ
2519 550 2675 613 θεοὺς
2701 551 2919 618 αὐτοὺς,
2944 551 3066 604 καθ’
3094 545 3169 605 ὧν
3215 550 3463 617 ἀνοήτως
3512 548 3578 603 τὰ
3608 549 3812 605 τοιαῦτα

514 658 517 659 '
569 642 768 697 stolide
817 644 1051 706 audetis,
1096 658 1261 712 quam
1330 644 1561 714 gratiam
1615 643 1859 698 referant
1909 658 2037 713 erga
2085 659 2142 698 se

2253 643 2500 714 τολμᾶτε,
2532 640 2745 715 οἷος[[.
2783 639 2907 715 οἷα]
2935 644 3131 697 ἐκεῖνοι
3181 644 3308 708 τοὺς
3346 642 3610 713 ὑϐριστὰς
3666 644 3811 713 ἀμείρ

567 735 1005 796 contumeliosis.
1036 736 1251 791 etiamsi
1281 735 1393 789 sint
1420 735 1581 790 miles
1599 744 1655 791 et
1685 735 1928 805 benigni.

642 826 733 880 XI.
774 826 856 882 Ad
892 828 1005 883 haec
1027 827 1203 900 Cyrus
1240 829 1555 886 etJoannes
1584 848 1598 885 :
1632 830 1766 893 Nos,
1798 828 2076 892 dixerunt,
2113 842 2145 879 ο

571 934 794 989 praeses,
823 920 889 975 de
920 920 1105 975 multis
1136 936 1309 990 pauca
1331 921 1513 976 dicere
1545 921 1957 977 consuevimus.
1992 918 2146 974 Scias

570 1028 726 1082 ergo,
773 1027 873 1067 nos
930 1028 1030 1067 nec
1073 1028 1199 1067 esse
1246 1013 1480 1068 infames
1508 1014 1749 1068 honores
1785 1012 2142 1074 admissuros,

573 1117 753 1171 neque
781 1101 1282 1166 Christianismum,
1303 1103 1574 1197 quidquid
1596 1104 1785 1167 fuerit,
1801 1102 2140 1172 prodituros.

579 1194 705 1251 llaec
747 1210 873 1248 cum
906 1195 1172 1249 audiisset
1233 1193 1595 1266 Syrianus,'et
1625 1194 1937 1249 vehementi
1963 1193 2147 1249 cordis

574 1285 653 1337 ira
681 1291 1170 1348 essetcommotus,
1189 1285 1453 1338 etdentes
1472 1285 1642 1338 instar
1657 1284 1774 1352 apri
1797 1285 2106 1339 exacuisset
2130 1302 2144 1339 :

573 1376 896 1443 Oportebat,
934 1374 1133 1444 inquit,
1160 1390 1256 1429 vos
1282 1376 1333 1429 in
1355 1376 1459 1430 hoc
1482 1376 1673 1430 saltem
1703 1376 1782 1429 uti
1809 1376 2148 1447 benignitate

571 1465 797 1532 judicis,
828 1465 971 1533 quod
1027 1465 1160 1519 moli
1202 1465 1525 1534 ptenitentia
1575 1481 1789 1530 eorum,
1822 1482 1943 1536 qua:
1997 1467 2149 1535 prius

576 1552 932 1617 statuissetis,
965 1553 1007 1607 si
1038 1553 1146 1606 ulla
1180 1562 1326 1607 esset
1358 1554 1649 1623 sapientia,
1685 1554 1862 1608 minas
1884 1555 2147 1608 evitasse-

576 1642 668 1696 tis.
706 1642 974 1707 Quoniam
1011 1652 1193 1698 autem
1250 1646 1592 1705 universum.
1629 1654 1689 1700 ut
1719 1646 1902 1711 video,
1929 1656 2014 1702 est
2066 1646 2152 1700 fa-

576 1744 696 1788 stus
731 1744 786 1788 et
809 1738 1121 1806 arrogantia
1149 1746 1203 1791 et
1238 1738 1417 1794 inanis
1442 1740 1729 1810 jactantia,
1778 1755 1886 1794 non
1920 1740 2150 1809 prolixis

575 1826 760 1881 verbis
779 1828 1016 1896 amplius
1044 1829 1151 1882 erit
1173 1845 1334 1898 opus,
1367 1830 1591 1901 sedjam
1632 1830 1698 1884 ad
1738 1831 1911 1900 ipsam
1953 1831 2146 1886 venie-

574 1935 700 1973 mus
728 1920 1147 1989 experientiam.
1174 1920 1266 1975 Sic
1286 1921 1433 1975 enim
1467 1921 1570 1991 ipsi
1599 1930 1655 1975 et
1678 1917 1799 1991 qua:
1823 1922 2151 1978 desideratis

576 2011 797 2079 praemia
841 2013 1068 2091 omnino
1127 2013 1563 2082 consequemini,
1617 2020 1673 2067 et
1739 2022 1796 2067 ut
1839 2029 1962 2083 quaa
1991 2014 2154 2085 jussit

578 2106 878 2172 imperator
904 2104 1143 2168 faciatis,
1179 2106 1261 2159 vel
1311 2106 1468 2160 inviti
1505 2106 1995 2176 persuadebimini.
2029 2108 2155 2162 Haec

575 2210 699 2248 cum
733 2195 979 2260 dixisset,
1008 2205 1061 2251 et
1109 2196 1460 2265 produxisset
1522 2198 1760 2267 virgines
1814 2199 1869 2253 in
1923 2214 2155 2268 conspe-

575 2295 725 2340 ctum
759 2295 1082 2357 martyrum,
1107 2299 1166 2341 ut
1188 2288 1441 2342 viderent
1472 2305 1592 2358 qua:
1628 2289 1851 2353 fiebant,
1885 2291 2156 2345 inferebat

577 2380 801 2434 athletis
824 2395 986 2434 omne
1005 2397 1178 2450 genus
1196 2390 1621 2447 tormentorum,
1638 2382 1868 2452 ﬂagellis
1887 2383 2152 2447 caedebat,

578 2470 746 2539 clavis
800 2471 1142 2533 conterebat,
1180 2472 1529 2541 lampadibus
1566 2474 1865 2537 ustulabat,
1916 2482 1971 2528 et
2007 2490 2152 2540 cum,

577 2574 699 2628 qua:
729 2568 846 2613 usta
876 2559 1119 2621 fuerunt,
1149 2561 1393 2615 membra
1424 2572 1580 2616 aceto
1601 2573 1656 2618 ct
1684 2565 1795 2618 sale
1831 2564 2144 2619 madcfecis-

578 2659 682 2713 set,
720 2651 920 2705 deinde
954 2652 1148 2720 pannis
1189 2668 1255 2706 ex
1302 2653 1428 2721 pilis
1478 2654 1743 2711 confectis
1774 2636 2005 2725 jubebat
2055 2655 2155 2709 ab-

577 2751 847 2813 stergere,
887 2753 945 2798 et
972 2744 1238 2799 bulliente
1287 2745 1407 2815 pice
1441 2747 1610 2814 pedes
1661 2747 1979 2817 inungebat.
2009 2746 2156 2801 Nihil

579 2834 819 2905 denique
880 2851 989 2890 non
1024 2836 1259 2892 faciebat
1315 2852 1382 2892 ex
1415 2837 1483 2891 iis
1541 2851 1662 2907 qua:
1692 2848 1915 2908 possent
1955 2855 2159 2908 corpus

578 2927 765 2996 aliquo
795 2927 959 2981 modo
990 2929 1225 2998 punire:
1275 2928 1440 2985 simul
1487 2931 1710 3000 quidem
1761 2941 1816 2986 et
1848 2948 2038 2987 eorum
2072 2934 2157 2987 ul-

579 3018 792 3074 ciscens
854 3020 1242 3085 constantiam,
1287 3030 1344 3076 et
1389 3023 1666 3093 virginum
1720 3025 1951 3094 spiritus
2003 3025 2161 3096 prius

577 3108 909 3165 labefactare
932 3112 1187 3168 moliens.

649 3196 765 3251 XII.
805 3198 941 3254 Cum
971 3211 1151 3256 autem
1192 3218 1288 3258 eos
1333 3205 1428 3273 qui
1463 3205 1724 3260 videbant
1751 3208 2039 3273 videretur
2066 3226 2159 3281 po-

579 3290 689 3344 tius
713 3292 982 3360 castigare
1011 3307 1174 3362 quam
1196 3304 1466 3365 martyres
1506 3296 1609 3367 (illi
1648 3298 1801 3351 enim
1826 3300 1915 3354 vel
1945 3314 2013 3354 ex
2039 3301 2157 3355 solo

578 3382 933 3448 patiebantur
969 3385 1307 3454 spectaculo,
1339 3397 1566 3456 propter
1595 3389 1829 3460 insignia
1848 3392 2154 3461 supplicia:

586 3472 670 3527 hi3
697 3487 832 3527 vero
881 3475 1065 3528 omnia
1099 3484 1259 3530 erant
1298 3476 1562 3547 jucunda,
1615 3489 1842 3549 propter
1886 3497 2037 3551 spem
2073 3500 2159 3538 re-

584 3564 1030 3636 munerationis),
1062 3566 1211 3635 ipsos
1252 3560 1477 3637 quidem
1518 3570 1726 3625 relaxat
1771 3587 1803 3626 a
1846 3574 2156 3639 tormentis,

575 3648 740 3720 jussit
786 3660 970 3707 autem
1030 3655 1274 3724 virgines
1327 3659 1573 3728 torqueri
1624 3676 1728 3715 una
1787 3677 1915 3716 cum
1953 3672 2154 3719 matre.

581 3741 875 3811 Postquam
906 3756 1091 3799 autem
1115 3746 1321 3803 faciens
1352 3751 1684 3818 periculum,
1717 3753 1911 3825 majori
1945 3755 2159 3824 pudore

579 3830 942 3901 afﬁciebatur,
968 3840 1144 3908 utqui
1179 3856 1280 3897 nec
1311 3843 1572 3907 mulieres
1602 3844 1825 3914 quidem
1844 3853 2029 3916 posset
2076 3862 2163 3901 so-

580 3921 694 3976 lum
721 3922 942 3981 vincere
977 3927 1371 3998 (cernebantur
1387 3936 1534 3988 enim
1563 3935 1718 3989 sexui
1741 3936 1920 3990 solum
1951 3936 2159 3993 Christi

582 4020 849 4084 martyres
888 4015 1079 4073 sivisse
1131 4030 1418 4088 prmstare,
1483 4039 1591 4079 non
1645 4026 1825 4081 minus
1868 4042 2000 4082 vero
2038 4043 2162 4084 esse

582 4104 808 4176 animis,
842 4122 1006 4175 quam
1046 4110 1158 4163 sint
1209 4113 1333 4182 ipsi,
1397 4117 1676 4183 masculis,
1723 4133 1930 4189 eosque
1958 4121 2027 4174 ad
2055 4109 2160 4176 un-

581 4215 745 4270 gnem
778 4201 940 4271 plane
959 4218 1078 4259 esse
1106 4206 1350 4277 imitatae)
1377 4224 1393 4275 ;
1416 4219 1706 4280 postquam
1725 4227 1855 4282 ergo
1876 4213 1995 4269 haec
2025 4214 2159 4270 vidit

581 4288 750 4360 judex
778 4291 1003 4362 impius,
1033 4285 1315 4352 easmorte
1332 4300 1683 4367 condemnat,
1705 4312 1761 4357 et
1794 4318 2006 4369 earum,
2040 4321 2163 4376 quae

584 4382 695 4436 vita
717 4383 894 4454 dignae
912 4397 1091 4455 erant,
1120 4389 1261 4445 sicut
1292 4392 1459 4446 etiam
1480 4392 1685 4449 factum
1703 4406 1807 4463 est,
1839 4400 2019 4468 capita
2046 4415 2165 4455 am-

587 4477 768 4545 putari
791 4483 1134 4547 pronuntiat.
1160 4483 1344 4554 Atque.
1365 4500 1491 4541 cum
1514 4487 1757 4559 virgines
1805 4492 2026 4560 quidem
2055 4510 2164 4549 una

2247 737 2455 795 δονται,
2493 736 2596 788 κᾶν
2627 737 2877 803 εὐμενεῖς
2903 730 3027 791 ὦσι.

2318 830 2419 880 lA'.
2470 827 2612 896 Πρὸς
2665 827 2839 880 ταῦτα
2901 828 3082 894 Κῦρος
3130 826 3224 881 καὶ
3291 825 3571 896 Ἰωάννης,
3612 825 3807 891 Ἡμεῖς,

2248 914 2402 971 εἶπον
2454 912 2500 970 ὧ
2531 919 2732 988 ἅρχων,
2763 919 2917 987 ὀλίγα
2970 921 3098 988 περὶ
3131 917 3342 971 πολλῶν
3370 916 3552 983 λέγειν
3578 917 3811 982 πεφύκα-

2252 1028 2371 1079 μεν.
2408 1010 2547 1063 Ἴσθι
2581 1011 2892 1079 τοιγαροῦν,
2919 1012 2994 1074 ὡς
3023 1009 3145 1064 οὔτε
3173 1009 3338 1079 τιμὰς
3368 1007 3602 1079 ἀτίμους
3645 1025 3807 1075 παρα-

2248 1101 2530 1171 δεξόμεθα,
2577 1100 2701 1155 οΰτε
2754 1103 2846 1155 τὸν
2898 1102 3349 1171 Χριστιανισμὸν,
3405 1101 3459 1152 εί
3489 1116 3540 1153 τι
3564 1099 3608 1151 δ’
3635 1097 3697 1151 ἂν
3731 1100 3811 1151 καὶ

2249 1194 2479 1262 γένοιτο,
2505 1193 2882 1263 προησόμεθα.
2911 1193 3127 1247 Τούτων
3152 1192 3394 1254 ἀκούσας
3432 1191 3703 1259 Συριανδς,
3728 1194 3810 1243 καὶ

2252 1284 2499 1356 σφοδρῶς
2521 1286 2619 1355 τὴν
2648 1284 2876 1357 καρδίαν
2910 1285 3176 1360 κινηθεὶς,
3211 1284 3308 1337 καὶ
3341 1282 3433 1335 τὸν
3459 1281 3645 1335 ὀδόντα
3671 1280 3810 1349 δίκην

2254 1374 2380 1436 συὸς
2414 1373 2712 1444 ὑποθήξας,
2745 1373 2893 1427 Ἔδει
2922 1373 3019 1443 μὲν
3043 1374 3210 1442 ὑμᾶς.
3241 1367 3287 1425 ὦ
3316 1364 3487 1436 οὗτοι,
3523 1370 3650 1439 ἔφη,
3670 1369 3809 1422 τοῦτο

2251 1464 2382 1533 γοῦν
2412 1463 2510 1535 τῆς
2560 1463 2656 1516 τοῦ
2689 1463 3002 1527 δικάζοντος
3059 1462 3370 1516 ἀπολαῦσαι
3403 1460 3808 1530 φιλανθρωπίας,

2251 1556 2312 1609 τὸ
2345 1556 2603 1627 μετανοίᾳ.
2660 1555 2768 1609 τῶν
2815 1556 3306 1624 προεγνωσμένων,
3345 1553 3505 1622 εἴπερ
3545 1550 3675 1613 ὅλως
3702 1549 3809 1601 σύν-

2244 1650 2366 1712 ἐσις
2384 1645 2569 1719 ἦν,τά
2613 1649 2963 1719 ἠπειλημένα
3008 1647 3311 1716 διαφυγεῖν.
3353 1645 3511 1698 Ἐπεὶ
3561 1642 3617 1695 δὲ
3637 1641 3808 1708 τύφος,

2253 1740 2326 1803 ὼς
2356 1739 2488 1809 όρῶ,
2516 1738 2575 1791 τὸ
2605 1740 2734 1804 πᾶν,
2757 1737 2853 1789 καὶ
2898 1735 3208 1799 ἀλαζονεία,
3264 1736 3361 1788 καὶ
3411 1733 3621 1802 κόμπος
3649 1732 3808 1794 κενὸς,

2253 1833 2313 1884 οὗ
2378 1832 2604 1903 μακρῶν
2658 1832 2738 1893 είς
2795 1829 2876 1882 ἔτι
2929 1827 3233 1898 δεησόμεθα
3289 1825 3490 1894 λόγων,
3540 1822 3811 1890 ἀλλὰπρὸς

2254 1924 2423 1991 αὐτὴν
2472 1924 2571 1994 ήδη
2628 1922 2727 1993 τὴν
2781 1923 2972 1990 πεῖραν
2996 1920 3219 1990 ἥξομεν.
3271 1917 3435 1971 Οὕτω
3456 1916 3563 1987 γάρ
3592 1916 3734 1968 αὐτοί
3761 1931 3810 1966 τε

2252 2016 2360 2070 τῶν
2393 2014 2740 2083 ποθουμένων
2764 2012 2941 2082 γερῶν
3002 2014 3065 2065 ὲκ
3116 2009 3318 2076 παντὸς
3345 2008 3707 2073 ὲπιτεύξεσθε,
3734 2008 3814 2059 καὶ

2252 2108 2314 2162 τὸ
2337 2106 2430 2160 τοῦ
2464 2106 2724 2177 βασιλέως
2756 2108 3102 2175 πρόσταγμα,
3140 2105 3234 2156 καὶ
3266 2103 3520 2167 ἄκοντες,
3553 2101 3678 2171 δρᾷν
3706 2117 3811 2152 πει-

2256 2199 2540 2269 σθήσεσθε.
2573 2197 2755 2250 Ταῦτα
2788 2194 2957 2248 εἰπὼν
2990 2195 3085 2247 καὶ
3111 2195 3208 2258 τάς
3238 2193 3551 2260 παρθένους
3601 2194 3675 2253 εἰς
3702 2190 3812 2243 θέαν

2255 2291 2362 2344 τῶν
2394 2290 2692 2359 γινομένων
2724 2287 3239 2357 παραστησάμενος,
3263 2286 3379 2337 πᾶν
3416 2280 3556 2346 εἶδος
3592 2282 3811 2352 βασάνων

2256 2386 2427 2452 ἐπῆγε
2456 2388 2566 2448 τοῖς
2592 2383 2849 2454 ἀθληταῖς
2869 2399 2883 2413 ·
2915 2384 3165 2454 μάστιξιν
3198 2381 3388 2454 ﬁngis,
3430 2379 3678 2449 ῥοπάλοις
3709 2394 3814 2429 συν·-

2257 2475 2462 2545 έτριϐε,
2510 2475 2767 2545 λαμπάσι
2827 2473 3166 2528 διέκαιεοτὰ
3230 2470 3511 2539 φλεγέντα
3547 2465 3812 2539 μέλη.δξει

2257 2568 2348 2619 καὶ
2379 2566 2535 2622 ἆλατι
2559 2566 2867 2636 διαὸρέξας,
2892 2561 3011 2618 εἶτα
3038 2565 3129 2617 καὶ
3159 2563 3435 2636 τριχίνοις
3465 2562 3680 2631 ῥάκεσιν
3703 2559 3813 2610 dva-

2257 2660 2462 2731 τρίϐειν
2495 2659 2779 2723 ἐπέταττε,
2825 2659 2996 2731 πίσσῃ
3033 2674 3091 2709 τε
3126 2634 3495 2725 παφῒᾶζοῦσῃ
3522 2652 3646 2714 τοὺς
3674 2649 3814 2711 πόδας

2258 2753 2536 2822 ὲπέχριεν.
2593 2751 2762 2804 Οὐδὲν
2813 2746 2882 2822 ἦν
2908 2748 2935 2802 δ
2993 2749 3067 2819 μὴ
3103 2745 3274 2800 ἐποίει
3318 2745 3427 2800 τῶν
3463 2743 3700 2807 κολάζειν
3729 2738 3814 2793 σὼ-

2263 2861 2406 2914 ματα
2439 2843 2777 2909 δυναμένων,
2826 2840 2945 2911 ἅμα
2982 2839 3080 2909 μὲν
3123 2838 3336 2899 αὐτοὺς
3370 2834 3697 2904 ἀμυνόμενος
3734 2830 3814 2899 τῆς

2260 2936 2585 2998 ὲνστάσεως,
2609 2934 2726 3003 ἆμα
2758 2933 2814 2986 δὲ
2843 2932 2938 2986 καὶ
2966 2931 3072 2985 τῶν
3096 2928 3391 2999 παρθένων
3421 2925 3810 3000 προκατασεῖσαι

2258 3025 2319 3079 τὸ
2350 3026 2603 3097 φρόνημα
2638 3021 3052 3096 μηχανώμενος.

2332 3205 2432 3262 1Β’.
2478 3207 2631 3261 Ἐπεὶ
2660 3206 2716 3259 δὲ
2750 3207 2875 3268 τοὺς
2905 3203 3151 3275 ὁρῶντας
3182 3203 3389 3275 μᾶλλον
3417 3201 3450 3274 ἢ
3478 3201 3599 3263 τοὺς
3627 3197 3807 3269 μάρτυ-

2270 3317 2366 3369 ρας
2418 3300 2668 3363 κολάζειν
2722 3296 2886 3367 ἐῴκει
2940 3296 3160 3366 (οἱμὲν
3210 3297 3325 3366 γὰρ
3379 3295 3472 3348 καὶ
3517 3289 3620 3348 ἀπὸ
3664 3289 3807 3357 μόνης

2265 3389 2501 3460 ἔπασχον
2529 3389 2626 3458 τῆς
2653 3388 2787 3452 θέας
2807 3388 2898 3442 διὰ
2917 3387 3016 3457 τὴν
3049 3386 3363 3458 ὑπερϐολὴν
3400 3384 3509 3438 τῶν
3540 3380 3804 3441 κολάσεων,

2263 3479 2376 3539 τοῖς
2421 3476 2479 3529 δὲ
2536 3477 2716 3530 πάντα
2769 3476 2892 3531 καθ’
2918 3473 3112 3546 ἡδονὴν
3142 3470 3210 3546 ἦν
3262 3477 3352 3530 διὰ
3395 3474 3494 3546 τὴν
3526 3469 3702 3525 ἐλπίδα
3727 3464 3808 3535 τῆς

2266 3565 2631 3635 ἀντιδόσεως),
2665 3566 2863 3629 αὐτοὺς
2896 3565 2996 3636 μὲν
3025 3565 3212 3635 ἀνίησι
3247 3565 3360 3619 τῶν
3395 3562 3663 3635 βασάνων
3687 3553 3809 3609 αἰκί-

2266 3656 2454 3722 ζεσθαι
2482 3657 2539 3709 δὲ
2563 3658 2661 3721 τὰς
2682 3656 2985 3727 παρθένους
3016 3656 3238 3710 ἐκέλευε
3268 3657 3366 3712 σὺν
3393 3655 3508 3725 ἅμα
3535 3648 3706 3724 μητρί.
3735 3645 3807 3706 ’ος

2264 3748 2322 3801 δὲ
2352 3749 2443 3802 καὶ
2469 3748 2673 3802 τούτων
2698 3749 2784 3811 είς
2811 3750 3005 3819 πεῖραν
3039 3750 3155 3812 ἰὼν,
3190 3748 3456 3819 ᾐσχύνετο
3479 3744 3687 3814 μᾶλλον,
3706 3734 3807 3790 οὐδὲ

2266 3839 2540 3908 γυναικῶν
2568 3839 2755 3903 ἁπλῶς
2784 3842 3056 3911 κρατῆσαι
3086 3839 3388 3909 δυνάμενος
3424 3837 3676 3909 (ἐθεῶντο
3715 3830 3805 3898 γὰρ

2268 3932 2378 3986 ἀπὸ
2431 3931 2525 3985 τοῦ
2581 3933 2774 4001 γένους
2823 3932 2986 4002 μόνου
3032 3933 3159 3993 τοὺς
3193 3929 3292 3985 τοῦ
3348 3925 3578 4000 Χριστοῦ
3626 3922 3809 3994 μάρτυν

2272 4043 2370 4096 ρας
2389 4024 2620 4078 ὲάσασαι
2644 4023 2943 4093 διαφέρειν,
2969 4021 3067 4085 τὰς
3088 4022 3145 4074 δέ
3181 4039 3244 4091 γε
3273 4021 3450 4093 ψυχὰς
3482 4017 3627 4072 οὐδὲν
3656 4010 3809 4066 αὐτῶν

2267 4114 2426 4191 ἦττον
2445 4115 2845 4188 ἠρρενωμέναι,
2873 4114 2967 4168 καὶ
2999 4113 3097 4184 τὴν
3130 4116 3368 4186 μίμησιν
3408 4113 3544 4167 πάνυ
3575 4108 3669 4176 τὴν
3695 4102 3808 4173 πρὸς

2269 4210 2465 4271 αὐτοὺς
2494 4205 2923 4277 ἀκριϐώσασαι),
2972 4206 3096 4261 ἐπεὶ
3139 4206 3317 4261 ταῦτα
3376 4204 3545 4267 οὕτως
3579 4201 3606 4253 ό
3651 4196 3808 4254 ἄδικος

2271 4302 2418 4372 ἐώρα
2440 4299 2655 4371 κριτὴς,
2688 4299 2918 4355 θάνατον
2958 4298 3139 4354 αὐτῶν
3182 4299 3522 4370 κατακρίνει,
3558 4292 3646 4347 καὶ
3690 4303 3809 4357 τμη·

2271 4394 2429 4464 θῆναι
2462 4392 2561 4457 τάς
2586 4391 2829 4461 κεφαλάς
2856 4390 2965 4445 τῶν
2991 4391 3138 4462 ζωῆς
3170 4393 3361 4459 ἀξίων,
3393 4389 3577 4458 ὥσπερ
3602 4384 3701 4455 ἀρα
3731 4375 3810 4432 καὶ

2271 4485 2516 4554 γέγονεν,
2569 4483 2950 4554 ἀποφαίνεται.
3008 4484 3121 4547 Τὰς
3157 4484 3257 4551 μὲν
3291 4482 3385 4538 οὖν
3416 4478 3699 4551 παρθένους
3727 4472 3809 4522 σὺν

586 4579 711 4621 cum
768 4580 942 4625 matre
965 4588 1168 4630 manus
1197 4575 1454 4633 lictorum
1505 4584 1831 4652 accepisset,
1858 4586 2020 4639 morti
2044 4603 2157 4656 qum

2272 4578 2336 4646 τῇ
2375 4575 2542 4647 μητρὶ
2590 4578 2771 4647 χεῖρες
2821 4574 3034 4647 δημίων
3094 4573 3381 4637 λαϐοῦσαι,
3410 4571 3485 4640 τῷ
3532 4565 3616 4656 aut
3648 4562 3809 4630 ξίφους

491 4728 496 4732 η
581 4670 717 4715 ense
735 4661 1342 4729 infertur,tradiderunt
1358 4672 1496 4726 nihil
1517 4675 1788 4731 muliebre
1801 4686 1892 4730 aut
1910 4677 2178 4751 ignavum,

586 4751 939 4811 ostendentes
970 4756 1025 4811 in
1066 4760 1236 4827 caede,
1272 4763 1367 4818 sed
1400 4764 1716 4833 reddentes,
1746 4767 1801 4823 id
1830 4770 1975 4838 quod
2001 4787 2160 4829 acce-

588 4855 804 4913 perant,
830 4856 886 4902 et
921 4848 1004 4905 eis
1025 4850 1252 4909 eil'ectas
1284 4857 1566 4928 exemplar
1616 4859 1986 4929 fortitudinis,
2026 4881 2167 4934 quos

589 4936 721 5027 ipsa:
772 4939 926 5007 prius
985 4945 1277 5011 pulchrum
1327 4959 1657 5020 acceperant
1705 4954 2064 5027 archetypum
2096 4957 2164 5013 ad

590 5025 848 5107 virtutem
890 5033 1068 5101 magni
1100 5035 1292 5092 animi.
1327 5036 1527 5108 Cyrum
1558 5047 1751 5095 autem
1790 5054 1847 5097 et
1897 5025 2165 5099 tioannem

581 5117 752 5187 judex
789 5138 984 5179 rursus
1013 5126 1230 5182 vocavit
1266 5128 1334 5182 ad
1371 5130 1575 5185 l-uctam
1611 5150 1624 5185 :
1659 5133 1863 5201 quibus
1894 5135 2026 5205 quid
2055 5152 2166 5188 non

590 5209 720 5265 fecit
747 5210 968 5283 impius,
999 5218 1194 5273 volens
1214 5235 1311 5275 eos
1337 5221 1403 5275 ad
1431 5237 1585 5277 suam
1615 5224 1904 5282 traducere
1943 5237 2166 5282 senten-

592 5302 769 5358 tiam?
796 5306 1016 5363 Prolixa
1045 5311 1307 5367 utebatur
1335 5314 1588 5370 oratione
1621 5333 1634 5370 :
1665 5333 1722 5372 se
1750 5333 1944 5374 eorum
1975 5334 2165 5375 curam

589 5411 776 5464 gerere
807 5414 919 5468 pra
946 5416 1004 5456 se
1027 5401 1212 5459 ferens
1245 5423 1258 5458 :
1287 5405 1599 5463 minabatur
1628 5411 1951 5479 gravissima
1970 5427 2166 5482 parere

590 5487 928 5555 nolentibus,
949 5492 1446 5562 proferebatdona,
1476 5497 1807 5568 subjiciebat
1839 5502 2162 5568 tormentis,

587 5575 692 5630 alia
737 5577 1009 5636 inferebat
1061 5584 1288 5655 majora,
1334 5602 1444 5642 non
1491 5590 1672 5644 solum
1721 5590 2013 5661 supplicia,
2068 5591 2166 5648 sed

585 5668 752 5723 etiam
784 5686 1009 5728 munera
1041 5692 1055 5728 :
1085 5685 1145 5730 ut
1165 5677 1259 5747 qui
1281 5680 1625 5738 existimaret
1654 5694 1971 5755 contempta
1994 5684 2165 5741 fuisse

591 5757 774 5843 priora
827 5772 1054 5832 propter
1101 5768 1375 5840 egregiam
1421 5771 1604 5843 magni
1657 5772 1825 5827 animi
1882 5775 2167 5840 virtutem,

594 5839 689 5895 aut
741 5849 1061 5915 praeclarum
1117 5865 1172 5911 et
1216 5839 1565 5931 magnificum
1610 5863 1967 5921 desiderium.
2026 5839 2164 5922 Cum

2269 4641 2501 4739 θὼᾶτὲέ
2530 4641 2921 4741 παρέπεμψαν,
2964 4671 3118 4727 οὐδὲν
3145 4674 3454 4741 γυναικεῖον
3498 4641 3810 4737 ῆιάνανδρον

2269 4759 2406 4830 πρδῖ
2438 4758 2536 4830 τὴν
2571 4761 2788 4833 σφαγὴν
2842 4761 3284 4834 ὲπιδειξαμένας,
3337 4760 3450 4816 ἀλλ’
3486 4759 3616 4826 ὅπερ
3643 4746 3810 4805 ἔλαϐον

2268 4851 2608 4918 ἀντιδούσας,
2630 4854 2724 4906 καὶ
2742 4853 3037 4923 γενομένας
3056 4854 3266 4920 τούτοις
3286 4853 3584 4919 ὑπόδειγμα
3598 4835 3811 4934 γεγνῆίά·

2268 4957 2451 5010 τητος,
2486 4939 2580 5003 οὒς
2608 4940 2768 4995 αὑταὶ
2789 4942 3052 5011 πρότερον
3082 4942 3249 4996 καλὸν
3290 4938 3594 5010 ἀρχέτυπον
3626 4929 3699 4988 είς
3727 4929 3809 4975 ἄν·

2266 5033 2422 5103 δρίαν
2452 5033 2728 5104 εἰλήφασι.
2755 5032 2939 5104 Κῦρον
2965 5034 3021 5086 δὲ
3044 5034 3207 5090 πάλιν
3231 5036 3257 5089 ό
3278 5030 3509 5094 δικάζων
3534 5022 3625 5079 καὶ
3655 5013 3811 5072 Ἰωάν-

2269 5141 2366 5191 νην
2396 5125 2623 5178 ἐκάλεσε
2657 5125 2792 5196 πρὸς
2824 5126 2892 5179 τὰ
2924 5124 3318 5196 παλαίσματα·
3349 5121 3440 5184 οὓς
3462 5118 3512 5172 τί
3545 5114 3616 5184 μὴ
3655 5104 3810 5161 ἐποίει

2269 5218 2298 5270 ό
2324 5217 2593 5290 δυσσεϐὴς
2643 5220 2999 5289 μεταπείσειν
3029 5218 3444 5295 προῃρημένος;
3477 5211 3668 5277 Λόγους
3694 5212 3807 5303 κατ’

2270 5311 2441 5364 έτεινε
2465 5310 2713 5381 μακροὺς
2738 5313 2830 5366 καὶ
2852 5311 3107 5383 παρῄνει,
3145 5309 3402 5381 κήδεσθαι
3435 5305 3805 5393 προσποιουμες

2270 5421 2361 5467 νος
2378 5418 2393 5433 ο
2427 5402 2642 5473 ἠπείλει
2667 5403 2736 5456 τά
2757 5403 3139 5474 χαλεπώτατα,
3167 5400 3451 5465 πεισθῆναι
3478 5393 3548 5465 μὴ
3580 5385 3809 5481 βουξ-ρξὼ

2271 5513 2381 5561 νοις
2402 5513 2416 5527 ο
2451 5496 2731 5566 προέτεινε
2759 5496 2995 5566 δωρεάς,
3025 5494 3297 5552 ὑπέϐαλλε
3322 5484 3623 5561 τιμωρίαις,
3658 5473 3801 5573 ἇλξῗς

2271 5591 2445 5660 ἐπῆγε
2483 5563 2704 5660 μείζους
2730 5591 2790 5643 οὐ
2826 5563 3074 5654 κολάσεις
3111 5590 3303 5661 μόνον,
3331 5581 3463 5639 ἀλλά
3499 5575 3589 5631 καὶ
3616 5563 3805 5661 ἀγαθῶν

2271 5655 2560 5747 ἐπιδόσεις,
2588 5655 2665 5744 ὦς
2688 5655 3158 5753 περιφρονηθῆναι
3183 5680 3293 5744 τὰς
3321 5666 3669 5746 προλαϐοῦσας
3697 5655 3801 5753 ῧπξο·

2268 5772 2445 5829 λαϐὼν
2469 5742 2557 5828 διά
2599 5742 2799 5845 πολλήν
2830 5742 3076 5846 ’ἀνδρίαν
3096 5773 3132 5845 ἢ
3164 5742 3459 5839 immiti“;
3484 5742 3798 5851 μεγαλῨῗρέῖ

2274 5884 2452 5923 πειαν.
2495 5868 2647 5921 Ἐπεὶ,
2674 5868 2730 5920 δὲ
2761 5867 3138 5924 πάντα.ποιῶν
3172 5866 3325 5921 οὐθὲν
3355 5863 3496 5934 ἤνυε,
3529 5850 3617 5922 τὴν
3642 5843 3795 5913 ‘mm
