4126 6406
333 374 489 445 his

1437 376 1616 437 VI'I'A
1657 374 1761 434 SS.
1805 374 1984 434 CYRI
2027 375 2126 435 ET
2156 376 2500 437 JOANNIS.

3475 371 3616 437 12i6

346 496 541 560 ἐπάγει
572 495 666 547 καὶ
702 493 822 547 κατ’
851 494 1057 560 αὐτῶν,
1086 493 1291 563 Κῦρον,
1325 493 1517 560 εἰπὼν,
1545 495 1636 548 τὸν
1671 495 1778 547 τῶν
1823 495 1926 546 Γαο

2051 511 2167 550 tero
2185 497 2372 551 omnia
2413 494 2620 549 faciens
2653 495 2788 548 nihil
2823 494 3140 566 proliceret,
3171 494 3225 548 in
3265 509 3361 549 eos
3395 510 3618 564 quoque

348 585 568 640 λιλαίων
593 585 934 656 προστάτην,
955 587 1049 640 καὶ
1091 586 1342 656 Ἰωάννην
1375 585 1466 644 τόν
1492 587 1553 638 τὸ
1585 587 1748 647 σέϐας
1780 584 1930 655 αὐτῷ

351 679 756 751 παραπλήσιον,
781 681 894 742 τοῖς
916 679 1022 732 τῶν
1048 678 1464 747 αὐτοκρατόρων
1483 679 1580 748 οὐχ
1603 677 1928 740 ὑπείξαντας

350 771 713 839 διατάγμασι,
765 771 862 822 καὶ
914 768 1107 831 Θυσίας
1169 770 1281 829 τοῖς
1334 767 1620 835 μεγίστοις
1686 765 1827 828 θεοίς
1859 765 1932 835 μὴ

351 862 839 933 προσενεγκόντας,
864 860 1252 930 ἀποτμηθῆναι
1277 861 1372 922 τὰς
1408 859 1654 926 κεφαλὰς
1681 859 1822 910 κατά
1850 857 1933 909 τὸν

352 956 460 1009 τῶν
489 954 836 1024 κρατούντων
865 954 1030 1023 νόμον
1059 948 1495 1019 ἀποφαινόμεθα.

424 1029 524 1102 ιινζ
553 1045 738 1098 Ταῦτα
759 1045 1147 1115 ψηφισαμένου
1177 1043 1466 1114 Συριανοῦ,
1492 1043 1738 1112 δέχονται
1763 1059 1939 1111 παρα-

353 1138 542 1207 χρῆμα
572 1138 664 1188 καὶ
689 1128 837 1188 οὗτοι
871 1136 1012 1204 χειρὶ
1051 1135 1150 1203 μὲν
1184 1134 1505 1206 ἀνθρωπίνῃ
1543 1133 1642 1198 τὴν
1674 1133 1934 1201 ἐκτομὴν,

355 1226 607 1294 ἀθανάτῳ
649 1225 706 1278 δὲ
743 1225 836 1277 τὸν
886 1224 948 1290 ἐξ
975 1225 1209 1294 οὐρανοῦ
1247 1223 1512 1292 στέφανον
1562 1223 1657 1274 ἐπὶ
1687 1223 1939 1292 τριακάδι

357 1318 450 1370 καὶ
483 1317 707 1384 πρὶτην
755 1316 982 1382 ἄγοντος
1033 1315 1128 1367 τοῦ
1188 1314 1516 1386 Ἰανουαρίου
1560 1315 1749 1384 μηνός.
1819 1316 1939 1366 Τῶν

345 1465 352 1472 ⁵
362 1407 544 1472 μέντοι
567 1405 834 1473 λειζάνων
853 1406 904 1456 οἱ
925 1403 1265 1472 φιλευσεϐεϊς
1285 1405 1537 1474 οὐδαμῶς
1557 1403 1940 1475 ὠλιγώρησαν,

358 1495 458 1565 τὴν
481 1496 574 1548 τοῦ
607 1497 800 1565 καιροῦ
825 1497 1116 1550 δυσκολίαν
1147 1499 1567 1563 ὐποσταλέντες·
1596 1500 1732 1552 ἀλλά
1753 1503 1942 1570 χεῖρας

362 1587 521 1649 εὐθὺς
582 1587 1015 1650 σπουδαιοτάτοις
1071 1591 1497 1656 είσενεγκόντες,
1553 1591 1798 1654 εὐλαϐῶς
1848 1593 1942 1645 καὶ

360 1678 520 1735 ὁσίως
553 1676 827 1728 ἀνείλοντο
845 1675 1037 1742 ταῦτα,
1060 1679 1156 1730 καὶ
1181 1678 1627 1748 περιστείλαντες
1654 1681 1712 1732 ὲν
1744 1681 1819 1750 τῷ
1848 1681 1942 1749 τοῦ

364 1767 670 1820 ἀποστόλου
732 1767 845 1837 ναῷ
897 1769 1124 1838 Μάρκου
1154 1768 1422 1838 λαμπρῶς
1467 1769 1673 1822 ἕκαστα
1724 1772 1945 1824 κατατί-

2032 588 2138 642 fert
2161 589 2496 652 sententiam
2520 605 2533 642 :
2558 587 2724 658 Cyro,
2749 587 2960 652 dicens,
2983 587 3218 642 antistiti
3241 586 3612 644 Galilaaorutn.

2033 690 2090 735 et
2122 681 2342 745 Joanni,
2374 681 2469 750 qui
2523 692 2608 736 est
2641 683 2693 735 ei
2737 683 2790 736 in
2839 681 3104 752 religione
3131 679 3354 743 similis,
3381 678 3474 748 qui
3504 694 3616 732 non

2035 782 2323 826 cesserunt
2346 771 2524 840 jussui
2556 772 2930 841 imperatoris,
2961 781 3015 823 et
3052 770 3322 824 sacriﬁcia
3363 771 3618 824 maximis

2036 861 2145 915 diis
2177 878 2284 914 non
2305 862 2650 926 obtulerunt,
2674 862 3100 930 pronuntiamus
3121 859 3394 929 amputari
3415 859 3616 928 capita,

2037 954 2435 1008 convenienter
2465 954 2568 1023 legi
2591 953 3009 1022 imperatorum.
3041 954 3052 964 '

2109 1045 2252 1099 XIII.
2283 1044 2434 1099 Hanc
2483 1060 2607 1099 cum
2667 1043 2996 1099 sententiam
3031 1043 3244 1097 tulisset
3272 1041 3555 1112 Syrianus,
3583 1042 3619 1094 ii

2040 1137 2226 1192 statim
2264 1137 2503 1191 humana
2531 1137 2757 1206 quidem
2792 1152 2956 1190 manu
2979 1135 3258 1204 accipiunt
3289 1135 3624 1202 amputatio-

2040 1243 2167 1282 nem
2207 1245 2219 1280 :
2252 1228 2552 1282 immortali
2603 1236 2786 1281 autem
2833 1243 2975 1283 eam.
3006 1242 3128 1296 quae
3161 1241 3194 1280 e
3243 1225 3381 1280 cmlo
3421 1225 3621 1287 datur,

2044 1335 2328 1383 coronam,
2367 1319 2647 1373 tricesimo
2672 1320 2851 1389 primo
2875 1323 3080 1373 mensis
3106 1318 3355 1373 Januarii
3383 1317 3484 1388 (2).
3519 1317 3625 1370 lle-

2044 1415 2243 1483 liquias
2265 1425 2449 1469 autem
2474 1413 2550 1482 pii
2575 1412 2800 1466 minime
2837 1413 3219 1482 neglexerunt,
3265 1411 3486 1466 reveriti
3517 1411 3624 1464 dif-

2045 1505 2346 1560 ﬁcultatem
2385 1503 2668 1574 temporis,
2703 1503 2799 1558 sed
2845 1505 3083 1557 maximo
3140 1503 3324 1558 studio
3362 1503 3411 1556 ei
3441 1502 3624 1556 statim

2047 1611 2246 1650 manus
2280 1597 2659 1658 admoventes,
2691 1609 2784 1649 eas
2815 1596 2902 1665 pie
2937 1603 2991 1648 et
3013 1595 3380 1658 sustulerunt,
3417 1603 3472 1648 et
3499 1609 3624 1647 cum

2048 1689 2499 1757 composuissent
2554 1688 2800 1758 singulas
2830 1688 2883 1740 in
2915 1686 3116 1755 templo
3171 1685 3336 1739 Marci
3394 1685 3625 1753 apostoli

2050 1779 2352 1833 honoriﬁce
2380 1779 2686 1848 deponunt,
2714 1777 2818 1832 nisi
2852 1777 2999 1846 quod
3049 1776 3130 1831 eis
3181 1785 3307 1830 sunt
3339 1791 3516 1845 capsae
3541 1776 3628 1829 di-

313 1873 319 1877 '
363 1861 567 1924 θενται,
603 1860 892 1944 πλὴνρσον
931 1862 1114 1923 αὐτοῖς
1145 1862 1202 1914 αἱ
1237 1861 1403 1930 θῆκαι
1442 1862 1726 1932 διάφοροι·
1763 1863 1880 1916 ἀλλ’
1904 1867 1936 1933 ἡ

2051 1885 2238 1925 versae.
2281 1870 2452 1924 Alteri
2511 1871 2680 1934 enim,
2706 1869 2982 1939 virginum
3033 1876 3088 1922 et
3113 1867 3307 1922 matris
3331 1867 3626 1936 τιιὶίιιιιίιιξ;

366 1951 466 2023 μὲν
496 1951 606 2022 γὰρ
627 1954 692 2004 τὰ
723 1951 830 2004 τῶν
865 1951 1153 2024 παρθένων
1183 1953 1276 2006 καὶ
1305 1953 1403 2021 τῆς
1437 1955 1664 2023 μητρὸς,
1698 1955 1858 2026 ἑτέρα
1886 1956 1944 2010 δὲ

357 2046 526 2110 ,πάλιν
555 2046 623 2098 τὰ
655 2045 839 2115 Κύρου
869 2046 964 2098 καὶ
1015 2045 1264 2099 Ἰωάννου
1299 2045 1634 2101 πιστεύεται.
1669 2048 1860 2117 Χρόνῳ
1889 2047 1944 2100 δὲ

367 2137 618 2207 ὓστερον,
662 2140 774 2200 τοῖς
806 2136 1035 2208 Ἕλλησι
1070 2137 1169 2207 μὲν
1194 2137 1593 2206 καταλυθείσης
1624 2139 1724 2207 τῆς
1749 2156 1948 2208 τυραν-

364 2226 528 2290 νίδος,
557 2227 839 2280 Θεοδοσίου
865 2227 922 2279 δὲ
946 2227 1007 2280 τὸ
1038 2229 1137 2297 τῆς
1171 2227 1453 2297 βασιλείας
1491 2231 1770 2298 σκῆπτρον
1800 2231 1948 2282 ἀνει-

363 2319 618 2390 ληφότος,
649 2319 892 2382 εὐσεϐῶς
919 2336 978 2372 τε
1031 2320 1139 2373 τῶν
1163 2319 1262 2388 τῆς
1296 2320 1582 2383 εὐσεδείας
1611 2321 1782 2389 φίλων
1810 2323 1946 2392 Χρι-

366 2410 596 2464 στιανῶν
631 2410 961 2480 ἡγουμένου,
1013 2414 1248 2464 κινεῖται
1287 2411 1575 2465 καὶταῦτα
1604 2413 1694 2464 καὶ
1726 2413 1948 2481 μετατί-

367 2501 534 2557 θεται.
564 2501 636 2552 Τὸ
663 2501 721 2553 δὲ
744 2503 914 2564 ὅπως,
937 2501 1114 2554 εἰπεῖν
1137 2501 1238 2552 οὐκ
1265 2500 1501 2570 ἀτερπὲς
1528 2503 1642 2564 τοῖς
1681 2500 1948 2569 φιλοθέοις

365 2591 632 2661 διήγημα·

437 2681 531 2735 lA’.
565 2681 848 2735 Θεοδοσίου
873 2681 972 2752 τὴν
998 2681 1301 2751 βασιλείαν,
1329 2681 1519 2753 ὥσπερ
1563 2682 1796 2752 ἔφημεν,
1825 2683 1948 2752 ἄρτι

373 2774 808 2845 παραλαϐόντος,
835 2775 1092 2844 μέγιστος
1131 2776 1196 2827 ὲκ
1219 2775 1328 2827 τῶν
1359 2775 1496 2846 πρὸς
1519 2776 1759 2844 ἑσπέραν
1783 2777 1949 2828 κινεί-

373 2883 461 2919 ται
483 2867 577 2920 καὶ
602 2865 838 2936 χαλεπὸς
892 2865 1152 2933 πόλεμος.
1203 2865 1381 2919 Πολλὰ
1440 2865 1548 2936 γὰρ
1591 2865 1788 2936 ἀθρόον
1819 2865 1947 2935 ἔθνη

369 2961 462 3014 ἐπὶ
485 2962 548 3014 τὸ
595 2960 727 3014 αὐτὸ
765 2959 1184 3030 συνδραμόντες,
1227 2959 1502 3029 συνθήκας
1545 2938 1604 3011 τε
1643 2959 1781 3028 πρὸς
1809 2959 1952 3012 αὐτά

368 3052 590 3121 θέμενοι,
655 3052 857 3122 πικρὰν
907 3051 1164 3121 ἠπείλουν
1223 3053 1290 3121 τῇ
1354 3051 1644 3120 Ῥωμαίων
1678 3053 1818 3121 ἀρχῇ
1852 3050 1950 3121 τὴν

366 3141 575 3212 ἔφοδον,
631 3143 895 3194 Δείσαντα
940 3136 1033 3194 οὖν
1076 3143 1198 3194 τότε
1241 3143 1334 3194 τὸν
1368 3141 1544 3212 μέγαν
1570 3144 1628 3194 ὲν
1664 3141 1946 3213 βασιλεῦσι

363 3235 574 3288 τουτονὶ
626 3232 927 3299 Θεοδόσιον,
973 3234 1111 3304 μήτε
1164 3233 1301 3304 πρὸς
1337 3233 1606 3304 συλλογὴν
1640 3234 1948 3304 ἀποϐλέψαι

365 3325 687 3394 χρημάτων,
725 3326 861 3394 μήτε
892 3325 1014 3376 τινὰ
1062 3327 1224 3395 χεῖρα
1276 3327 1475 3397 συχνὴν
1518 3328 1598 3391 είς
1630 3328 1948 3397 συμμαχίαν

367 3415 814 3483 ἐπικαλέσασθαι,
843 3417 960 3470 ἀλλ’
993 3409 1075 3479 οἷς
1107 3417 1311 3478 ἐκεῖνος
1345 3418 1436 3469 ἐπὶ
1470 3419 1636 3471 πᾶσιν
1665 3420 1753 3471 ἀεὶ
1783 3419 1950 3488 μόνης

367 3507 466 3574 τῆς
488 3506 694 3559 ἀνωθεν
719 3506 990 3576 ἠρτῆσθαι
1013 3506 1198 3576 χειρός
1226 3522 1241 3537 ⁸
1264 3505 1495 3578 οὖτωξδὴ
1523 3509 1616 3561 καὶ
1646 3509 1950 3579 τηνικαῦτα

370 3601 567 3666 ἐποίει,
620 3603 716 3653 καὶ
747 3603 917 3658 ποιῶν
975 3605 1076 3672 οὐχ
1117 3604 1426 3673 ἡμάρτανε.
1469 3605 1676 3658 Μαθὼν
1714 3608 1823 3677 γὰρ
1875 3606 1951 3670 ὼς

371 3697 512 3748 κατὰ
540 3695 639 3764 τὴν
701 3697 914 3766 Σκῆτιν,
958 3695 1200 3768 (ἔρημος
1250 3698 1307 3750 δὲ
1338 3697 1478 3768 αὕτη
1510 3700 1646 3769 πρὸς
1674 3699 1951 3769 Αἴγυπτον

367 3791 473 3859 ,μὲν
501 3789 750 3861 κειμένη,
779 3790 982 3843 οὑτωσὶ
1018 3789 1074 3842 δὲ
1123 3789 1514 3860 ὠνομασμένη)
1561 3791 1838 3861 φιλοσοφεῖ
1869 3799 1952 3857 τις

369 3881 529 3950 ἀνὴρ,
554 3879 712 3948 γένος
739 3881 838 3950 μὲν
865 3881 960 3934 καὶ
985 3879 1147 3942 αὐτὸς
1175 3879 1496 3947 Αἰγύπτιος,
1526 3883 1798 3952 μεγίστων
1823 3884 1952 3937 θαυο

375 3974 561 4042 μάτων
615 3972 972 4043 δημιουργὸς,
1022 3971 1270 4042 Θεοφίλῳ
1323 3975 1666 4044 παραχρῆμα
1723 3975 1801 4043 τῷ
1853 3979 1953 4048 τῆς

385 4063 789 4134 Ἀλεξανδρείας
823 4063 1111 4134 ὲπισκόπῳ
1144 4061 1370 4134 γράφει,
1406 4063 1647 4118 κελεύων
1689 4065 1829 4118 ὥστε
1864 4066 1955 4120 τὸν

372 4156 678 4224 θαυμάσιον
707 4154 921 4207 ἐκεῖνον
951 4154 1122 4225 ἄνδρα
1166 4156 1592 4225 παρασκευάσαι
1647 4157 1744 4226 τὴν
1800 4159 1956 4210 Κων-

373 4248 654 4300 σταντίνου
693 4248 830 4318 πρὸς
855 4248 1019 4318 τάχος
1049 4248 1400 4304 καταλαϐεῖν.
1427 4249 1757 4319 Προσέκειτο
1782 4249 1838 4303 δὲ
1862 4250 1956 4302 καὶ

374 4341 408 4410 ἡ
444 4341 540 4410 τῆς
569 4340 871 4411 παρουσίας
901 4342 1058 4410 χρεία
1087 4345 1199 4405 τοῖς
1218 4343 1566 4413 γράμμασιν.
1606 4343 1664 4395 ὐ
1698 4343 1754 4396 δὲ
1783 4342 1956 4396 ταῦτα

374 4431 688 4503 δεξάμενος,
731 4433 863 4503 παρ’
895 4434 1056 4487 αὐτὸν
1089 4432 1163 4496 ὡς
1219 4431 1367 4504 εἶχεν
1402 4435 1564 4498 εὐθὺς
1624 4438 1955 4503 ἀφικνεῖται,

377 4525 566 4578 καὶτὰ
619 4527 927 4597 γράμματα
979 4526 1127 4590 δοὺς,
1157 4525 1256 4596 τὴν
1311 4526 1406 4580 τοῦ
1441 4527 1708 4596 βασιλέως
1735 4527 1960 4593 ἀξίωσιν

377 4617 472 4671 καὶ
499 4617 598 4686 τὴν
659 4618 1096 4671 ὲπισπεύδουσαν
1149 4621 1340 4688 χρείαν
1412 4619 1560 4689 αὐτῷ
1600 4621 1958 4687 ἀπαγγέλλει.

376 4707 512 4763 Εἶτα
560 4712 656 4764 καὶ
689 4710 760 4763 τὰ
804 4711 936 4780 παρ’
983 4709 1180 4763 ἑαυτοῦ
1237 4712 1402 4775 ποιεί,
1435 4709 1611 4762 δεῖται
1669 4712 1765 4763 καὶ
1805 4711 1968 4774 αὐτὸς

377 4797 612 4863 οίκοθεν,
635 4798 861 4870 λιπαρεῖ
881 4799 1121 4871 θερμῶς,
1161 4798 1418 4865 ἱκετεύει,
1452 4801 1594 4869 μήτε
1623 4800 1719 4863 τὰς
1743 4801 1836 4853 τοῦ
1868 4801 1968 4870 βα-

378 4891 569 4952 σιλέως
620 4891 904 4962 ἱκετηρίας
938 4892 1229 4963 ὑπεριδεῖν,
1266 4893 1405 4962 μήτε
1455 4893 1626 4946 κόπου
1651 4894 1721 4946 τὰ
1771 4894 1967 4947 ἑαυτοῦ

380 4984 676 5052 ἀτιμάσαι,
712 4983 850 5036 ἀλλά
881 4981 1076 5054 καίτῇ
1140 4983 1301 5035 πόλεί
1356 4985 1732 5053 ὲπιφοιτῆσαι,
1762 4984 1856 5036 καὶ
1880 4985 1968 5037 τὸν

379 5075 499 5133 κατ’
535 5076 707 5145 αὐτῆς
741 5075 978 5144 πόλεμον
1024 5075 1158 5146 εὐχῇ
1185 5078 1251 5145 τῇ
1285 5075 1421 5145 πρὸς
1455 5075 1589 5128 Θεὸν
1618 5075 1965 5147 ἀποστρέψαι

378 5165 627 5224 κινδύνου
652 5185 710 5220 τε
735 5165 1060 5236 τηλικούτου
1083 5167 1175 5218 καὶ
1203 5166 1370 5234 φόϐου
1400 5165 1605 5235 ταύτην
1631 5166 1959 5234 ἀπαλλάξαι,

379 5258 469 5314 οἶα
506 5259 640 5332 παρ’
680 5259 828 5330 αὐτῷ
865 5257 958 5312 τοῦ
997 5258 1238 5328 σωθῆναί
1269 5275 1327 5310 τε
1361 5259 1460 5328 τὴν
1507 5257 1663 5313 πόλιν
1693 5259 1726 5318 ἢ
1763 5259 1961 5312 ἀπολέ-

382 5350 505 5403 σθαι
534 5352 813 5422 κειμένου.
1359 5334 1362 5337 λ

455 5441 553 5498 IE'.
581 5445 640 5497 ὐ
671 5445 854 5514 μέντοι
889 5443 1192 5514 θαυμάσιος
1218 5443 1424 5505 ἐκεῖνος
1461 5442 1750 5510 Σενούφιος
1782 5427 1968 5514 (τοῦτο

377 5535 432 5591 δὲ
470 5539 500 5592 ό
524 5538 665 5610 ἀνὴρ
681 5537 952 5607 ικανλείτο)
972 5536 1165 5608 πρῶτα
1197 5535 1317 5606 μὲν,
1344 5534 1420 5598 ὡς
1448 5535 1616 5603 εἰκὸς,
1645 5534 1960 5606 ἀπηγόρευε

448 5686 527 5755 (2)
554 5684 879 5755 Flectuntur
922 5677 1100 5755 capite
1131 5677 1317 5755 Cyrus
1340 5686 1397 5734 et
1431 5678 1716 5755 JoannesL
1750 5677 1960 5755 anno_9

381 5747 783 5885 pfrsecutlionis
820 5747 1150 5806 Diocletiani
1180 5747 1359 5823 imp.._
1411 5762 1472 5804 ut
1503 5759 1657 5809 notat
1682 5749 1877 5804 Baron.
1907 5747 1961 5800 itt

445 5835 630 5890 artrro
660 5862 672 5876 .

2045 1961 2205 2016 alteri
2259 1976 2414 2026 vero,
2467 1960 2591 2032 Cyri
2657 1971 2712 2016 et
2745 1961 2997 2023 Joannis,
3036 1975 3228 2014 rursus
3279 1959 3626 2012 mandantur.

2048 2052 2388 2107 Procedente
2416 2060 2602 2107 autem
2632 2063 2823 2122 postea
2873 2060 3142 2120 tempore,
3191 2063 3316 2103 cum
3373 2048 3632 2118 gentibus

2047 2144 2271 2213 quidem
2323 2151 2468 2199 esset
2497 2144 2764 2198 dissoluta
2805 2144 3076 2214 tyrannis,
3110 2141 3460 2196 Theodosius
3495 2156 3628 2194 vero

2049 2237 2203 2306 regni
2229 2248 2508 2305 sceptrum
2529 2237 2855 2306 accepisset,
2886 2235 3098 2304 piaeque
3137 2231 3416 2301 religionis
3441 2232 3634 2286 amicis

2047 2324 2377 2380 Christianis
2402 2326 2487 2395 pic
2515 2336 2798 2394 prmesset,
2827 2342 2907 2379 ea:
2930 2335 2986 2378 et
3017 2332 3310 2378 moventur
3346 2334 3401 2378 et
3443 2330 3630 2378 trans-

2048 2419 2330 2473 feruntur.
2383 2419 2671 2484 Quomodo
2701 2427 2910 2483 autem,
2944 2433 3054 2471 non
3085 2419 3193 2471 erit
3216 2417 3320 2486 piis
3350 2415 3418 2470 ad
3445 2415 3634 2470 dicen-

2050 2511 2180 2565 dunt
2219 2511 2517 2579 injucanda
2549 2509 2812 2563 narratio.

2121 2603 2264 2657 XIV.
2317 2603 2453 2657 Cum
2488 2602 2855 2667 Theodosius,
2887 2611 2946 2655 ut
2972 2601 3233 2666 diximus,
3287 2600 3450 2670 paulo
3507 2611 3636 2655 ante

2059 2696 2394 2765 suscepisset
2423 2695 2716 2765 imperium
2747 2735 2762 2758 ,
2820 2693 3116 2747 maximum
3168 2701 3224 2747 et
3252 2693 3635 2746 ιΙίΠὶι-ἰηίηιυιιι

2017 2834 2020 2835 ν
2052 2788 2258 2843 bellum
2294 2797 2547 2841 movetur
2572 2786 2642 2841 ab
2691 2785 3012 2841 Occidente.
3048 2786 3187 2839 Cum
3227 2785 3374 2839 enim
3405 2795 3636 2854 repente

2053 2881 2236 2933 multae
2263 2889 2452 2947 gentes
2474 2877 2636 2932 simul
2659 2878 2943 2941 coiisscnt,
2980 2887 3036 2931 et
3087 2876 3270 2930 fmdus
3298 2878 3442 2930 inter
3469 2891 3525 2929 se
3553 2875 3637 2927 in-

2053 2970 2643 3026 iissent.minabantur
2668 2971 2720 3023 in
2781 2970 3153 3024 Romanorum
3204 2967 3480 3038 regionem
3513 2982 3634 3037 gra-

2053 3079 2176 3119 vem
2210 3063 2595 3132 irruptionem.
2623 3061 2847 3116 Veritus
2902 3076 3034 3130 ergo
3073 3069 3202 3114 tunc
3229 3073 3458 3128 magnus
3494 3058 3640 3111 inter

2059 3154 2422 3224 imperatores
2480 3152 2569 3205 hic
2613 3149 2981 3210 Theodosius.
3012 3164 3189 3219 neque
3216 3150 3281 3202 ad
3308 3146 3643 3217 colligendas

2059 3245 2272 3315 aspexit
2302 3245 2582 3314 pecunias,
2620 3258 2800 3312 neque
2843 3258 3092 3312 magnam
3144 3242 3380 3310 aliquam
3416 3255 3637 3292 manum

2057 3339 2334 3393 invocavit
2366 3335 2436 3397 ad
2468 3336 2761 3393 auxilium.
2797 3335 2889 3388 sed
2925 3335 3016 3389 ille
3047 3334 3114 3387 in
3145 3333 3402 3387 omnibus
3425 3345 3644 3398 semper

2056 3432 2332 3505 pendebat
2379 3446 2410 3488 a
2471 3446 2636 3492 manu
2703 3429 2790 3483 illa
2841 3443 3107 3496 superna.
3167 3425 3260 3480 Sic
3333 3440 3466 3493 ergo
3513 3432 3644 3476 tunc

2057 3539 2278 3593 quoque
2305 3522 2454 3587 fecit,
2487 3531 2542 3575 et
2566 3521 2618 3574 id
2650 3520 2879 3583 faciens,
2921 3534 3018 3588 spe
3050 3532 3394 3588 nequaquam
3412 3525 3497 3570 est
3526 3514 3644 3567 fru-

2057 3625 2284 3670 stratus.
2341 3613 2478 3667 Cutn
2519 3613 2666 3667 enim
2727 3611 3137 3672 intellexisset,
3182 3609 3324 3678 quod
3375 3609 3431 3660 in
3484 3605 3644 3660 Scete

2061 3705 2166 3776 (est
2192 3706 2306 3758 haec
2339 3710 2522 3756 autem
2559 3701 2798 3756 solitudo
2857 3699 2911 3752 in
2966 3697 3199 3768 A‘Igypto
3244 3695 3466 3766 quidem
3517 3695 3644 3759 sita,

2058 3795 2140 3850 sic
2180 3810 2310 3850 vero
2336 3795 2638 3861 nominata)
2663 3790 3152 3862 philosophabatur
3179 3789 3262 3843 vir
3283 3790 3526 3858 quidam.
3548 3805 3645 3859 ge-

2059 3903 2193 3943 nere
2223 3886 2448 3957 quidem
2507 3886 2622 3955 ipse
2674 3899 2894 3954 quoque
2937 3882 3243 3953 Egyptius,
3279 3883 3642 3935 maximorum

2059 3990 2240 4036 autem
2275 3980 2503 4034 elIector
2533 3977 2946 4040 miraculorum,
2983 3976 3178 4029 scribit
3268 3975 3522 4044 protinus
3571 3973 3640 4027 ad

2061 4071 2435 4141 Theophilum
2508 4067 2856 4123 Alexandria:
2921 4068 3268 4136 episcopum.
3327 4066 3528 4136 jttbens
3585 4075 3645 4118 ut

2060 4164 2280 4226 cﬂiciat,
2324 4171 2380 4216 ut
2411 4161 2492 4215 vir
2522 4161 2618 4215 ille
2637 4159 2980 4213 admirabilis
3018 4159 3428 4228 quamprimum
3461 4157 3646 4211 veniat

2061 4254 2592 4324 Constantinopolim
2645 4253 2744 4323 (2).
2791 4251 2884 4305 Eis
2926 4258 3108 4304 autem
3175 4249 3377 4303 litteris
3421 4257 3643 4317 quoque

2064 4348 2476 4410 continebatur,
2511 4345 2645 4415 quid
2671 4345 2790 4414 ejus
2845 4343 3084 4396 adventu
3140 4355 3280 4414 opus
3330 4348 3498 4393 esset.
3556 4339 3649 4392 llle

2065 4456 2199 4495 vero
2256 4440 2325 4494 iis
2377 4438 2642 4506 acceptis,
2680 4434 2866 4490 statim
2931 4433 3000 4486 ad
3055 4446 3180 4486 eum
3220 4429 3394 4496 venit,
3417 4439 3471 4483 et
3507 4429 3650 4482 datis

1995 4562 2038 4620 ο
2066 4531 2291 4597 litteris,
2351 4544 2547 4600 preces
2576 4525 2926 4596 imperatoris
2959 4532 3016 4578 et
3045 4538 3226 4586 usum,
3265 4521 3360 4591 qui
3397 4521 3646 4590 urgebat,

2065 4622 2356 4694 signiﬁcat.
2414 4619 2622 4674 Deinde
2663 4618 2830 4671 etiam
2863 4616 2979 4685 ipse
3026 4628 3248 4684 quoque
3302 4627 3369 4665 ex
3410 4625 3466 4665 se
3494 4611 3648 4672 facit,

2066 4731 2189 4786 qua:
2240 4723 2463 4785 potest:
2501 4711 2860 4764 vehementer
2913 4716 3088 4776 rogat,
3149 4698 3292 4770 orat,
3352 4703 3649 4774 supplicat,

2055 4823 2133 4861 ne
2165 4820 2357 4876 preces
2379 4802 2648 4874 despiciat
2677 4799 3056 4869 imperatoris,
3117 4812 3299 4866 neque
3343 4811 3472 4851 suos
3523 4794 3633 4848 vili-
3717 4793 3720 4797 ’

2067 4900 2272 4970 pendat
2295 4898 2514 4952 labores
2545 4912 2556 4948 :
2591 4893 2688 4949 sed
2710 4892 2898 4947 veniat
2927 4892 2991 4944 ad
3020 4890 3320 4951 civitatem,
3347 4897 3402 4942 et
3422 4887 3650 4948 bellum,

2059 4992 2215 5060 quod
2258 4991 2313 5044 in
2351 5004 2472 5043 eam
2529 4995 2772 5056 paratur,
2809 4983 2926 5038 suis
2963 4990 3175 5036 avertat
3207 4980 3274 5034 ad
3301 4979 3472 5033 Deum
3527 4994 3650 5048 pre-

2069 5083 2254 5145 cibus,
2292 5090 2379 5145 _et
2404 5095 2433 5132 a
2475 5087 2628 5133 tanto
2659 5077 2908 5146 periculo
2952 5083 3007 5128 et
3059 5081 3208 5126 metu
3249 5086 3369 5126 eam
3409 5069 3647 5124 liberet:

2061 5183 2269 5244 utpote
2299 5171 2445 5241 quod
2480 5171 2534 5223 itt
2566 5171 2687 5239 ejus
2713 5177 2982 5237 potestate
3031 5165 3196 5220 situm
3241 5163 3331 5230 sit,
3369 5171 3428 5218 ut
3463 5148 3656 5217 civitas

2074 5266 2160 5320 vel
2199 5264 2350 5319 salva
2381 5263 2453 5317 sit
2480 5262 2564 5314 vel
2594 5260 2848 5315 intereat.

2139 5441 2252 5498 XV.
2285 5437 2644 5496 Admirabilis
2671 5447 2856 5492 autem
2885 5435 2976 5490 ille
3002 5433 3324 5504 Senuphius
3353 5433 3480 5503 (hoc
3501 5431 3650 5486 enim

2071 5535 2292 5589 nomine
2318 5530 2643 5602 vocabatur)
2671 5533 2910 5601 primum
2942 5528 3269 5598 quidem,'ut
3293 5532 3376 5580 est
3409 5539 3647 5578 consen-

2149 5676 2224 5744 (3)
2256 5673 2447 5739 Quoin
2485 5679 2731 5744 tempore
2765 5665 3032 5744 acciderit
3054 5663 3326 5744 incertum
3359 5667 3462 5744 est.
3485 5657 3650 5710 Eant-

2071 5731 2514 5800 det‘n'hiwstoriam
2539 5731 2816 5811 et'Glycas
2845 5735 3010 5790 refert
3046 5731 3251 5786 Annal.
3286 5738 3428 5800 part.
3467 5743 3541 5781 tv.
