4126 6432
610 383 745 451 124⁸1

1806 386 2093 451 ΗΕΝΞΙΞ
2127 387 2586 451 IANUARIUS.

3717 385 3831 455 tua

608 512 854 564 taaeum,
880 516 949 555 ne
997 507 1218 570 rogaret
1256 499 1561 570 prohibuit,
1597 515 1710 557 non
1753 500 1823 556 ad
1869 516 2183 556 mensuram

2288 500 2385 568 τὴν
2415 498 2661 567 ἀξίωσιν,
2716 499 2778 552 οὐ
2810 498 2945 571 πρὸς
2979 498 3043 551 τὸ
3077 496 3303 568 μέτρον,
3348 493 3427 560 ὣς
3481 493 3555 567 [Ῑ.
3600 490 3686 569 ἧς]
3720 495 3831 569 ιίχς,

606 595 748 660 ejus,
791 606 953 661 quam
1020 590 1279 658 habebat,
1336 592 1546 664 gratiae,
1604 592 1702 649 sed
1738 593 1807 648 ad
1864 609 2178 649 mensuram

609 685 794 754 potius
824 685 963 753 ejus,
988 699 1095 754 qua
1122 693 1242 740 erat
1269 684 1446 748 dives,
1499 685 1829 741 humilitatis
1880 686 2178 754 aspiciens,

608 773 797 845 Magna
831 784 933 836 cst,
962 775 1158 844 inquit.
1184 792 1305 831 mea
1349 776 1403 831 in
1438 777 1717 832 civitatem
1769 778 2178 841 benevolentia,

606 875 664 921 et
692 866 866 936 ipsam
897 866 1055 922 valde
1082 867 1287 922 salvam
1315 882 1437 922 esse
1476 868 1641 936 cupio
1674 885 1687 921 :
1719 867 1814 922 sed
1842 883 1950 921 non
1980 867 2180 925 volun-

610 967 774 1011 tatem
831 973 1052 1028 quoque
1106 959 1254 1013 vires
1303 968 1722 1029 consequuntur
1740 976 1806 1014 ex
1832 975 1916 1024 ea,
1951 975 2072 1028 qua:
2097 968 2181 1015 est

607 1047 673 1102 ad
711 1048 903 1106 Deum.
940 1048 1161 1104 ﬁducia.
1189 1050 1331 1117 Quin
1377 1051 1543 1105 etiam
1586 1051 1796 1120 rogavit
1826 1051 2004 1120 ipsum
2053 1052 2179 1105 Ale-

609 1141 846 1195 xandriae
876 1142 1219 1212 episcopum.
1248 1158 1317 1197 ne
1347 1144 1414 1197 de
1443 1157 1510 1197 eo
1561 1142 1685 1197 talia
1716 1143 1968 1205 sentiret,
2001 1159 2182 1213 neque

604 1247 734 1283 eum
798 1241 1016 1300 putaret
1069 1234 1231 1302 vulgo
1266 1233 1615 1287 antecellere.
1649 1232 1784 1287 Cum
1837 1248 1963 1288 eum
1993 1245 2179 1290 autem

611 1321 728 1389 ipse
776 1323 1002 1375 omnino
1042 1338 1152 1376 non
1205 1322 1526 1383 dimitteret,
1561 1338 1663 1377 nec
1707 1325 1876 1377 sciret
1920 1324 2181 1393 deinceps

613 1426 840 1479 magnus
904 1411 1165 1481 quidnam
1222 1412 1427 1466 faceret
1487 1412 1826 1482 Senupbius,
1875 1413 2180 1470 discessum

609 1501 829 1570 quidem
859 1518 1015 1557 suum
1042 1503 1267 1572 pulchre
1287 1503 1474 1558 dill'ert
1499 1521 1513 1556 :
1535 1504 1628 1558 dat
1656 1514 1839 1559 autem
1865 1506 1944 1560 sic
1962 1521 2183 1576 quoque

607 1584 1086 1661 auxilium..iclqi'te
1126 1593 1255 1647 facit
1300 1594 1702 1650 admirabilius.
1739 1596 1874 1652 Nam
1907 1606 1965 1652 et
1994 1599 2178 1653 statim

608 1684 760 1736 stetit
781 1684 847 1737 ad
878 1684 1170 1749 orientem,
1204 1694 1260 1740 ct
1298 1703 1423 1740 cum
1447 1688 1904 1757 superhumcrale
1925 1700 1984 1745 et
2012 1690 2182 1746 bacu-

502 1836 505 1839 _
607 1769 719 1823 lum
778 1773 831 1826 in
890 1775 1090 1829 coelum
1143 1778 1476 1840 sustulisset,
1530 1779 1759 1836 Domine
1790 1781 1950 1843 Deus,
1980 1782 2179 1852 inquit,

606 1860 752 1915 Deus
781 1864 1150 1927 exercituum,
1179 1866 1246 1921 da
1289 1867 1419 1922 huic
1471 1884 1595 1923 meo
1652 1871 2095 1940 superhumerali
2126 1882 2185 1929 et

607 1950 737 2005 huic
773 1951 991 2018 baculo,
1034 1965 1095 2010 ut
1127 1950 1337 2011 tantum
1392 1959 1587 2028 possit,
1622 1970 1889 2030 quantum
1916 1978 2018 2033 ego
2043 1962 2181 2033 ipse,

608 2042 654 2096 si
686 2043 796 2098 illic
817 2045 1083 2101 adessem.
1108 2047 1234 2103 Haec
1250 2050 1510 2105 cumDeo
1538 2051 1787 2118 dixisset,
1803 2069 1924 2122 qua:
1946 2054 2186 2110 habebat

610 2130 665 2184 lu
700 2133 970 2196 manibus,
989 2136 1083 2191 dat
1101 2139 1284 2192 statim
1310 2140 1579 2208 pontifici.
1603 2139 1725 2196 llaec
1746 2144 1954 2212 accipe,
1974 2143 2184 2207 dicens,

607 2232 663 2276 et
693 2226 845 2280 mitte
872 2227 1055 2281 statim
1078 2228 1145 2282 ad
1177 2231 1583 2299 imperatorem.
1621 2233 1718 2288 Ille
1746 2244 1926 2289 autem
1954 2250 2184 2305 surper-

609 2313 891 2370 btnnerale
935 2318 1159 2387 quidem
1222 2321 1469 2390 imponat
1525 2323 1714 2393 capiti,
1773 2323 2033 2406 baculum
2057 2343 2187 2382 vero

611 2419 776 2459 manu
802 2405 963 2461 ferat.
1002 2409 1210 2463 Deinde
1230 2412 1452 2481 quando
1479 2427 1619 2483 Opus
1648 2414 1813 2469 fuerit
1836 2431 2029 2470 manus
2052 2432 2187 2471 con-

609 2513 797 2553 serere
847 2517 972 2555 cum
1012 2483 1272 2567 inimicis,
1305 2505 1574 2573 praecedat
1608 2523 1802 2563 omnes
1826 2510 1983 2575 alios,
2010 2521 2066 2565 et
2087 2526 2189 2565 au-

609 2589 800 2644 dacter
841 2593 1106 2660 procedat
1165 2594 1432 2650 adversus
1492 2596 1763 2653 inimicos.
1818 2600 1954 2655 Nam
2011 2601 2057 2656 si
2089 2617 2191 2673 ego

610 2681 832 2751 quidem
874 2685 1080 2753 possim
1121 2702 1150 2740 a
1182 2688 1293 2742 Deo
1346 2689 1619 2754 exaudiri,
1651 2692 1909 2747 existimo
1955 2692 2074 2748 fore
2130 2702 2191 2747 ut

610 2771 727 2842 ipse
756 2773 828 2827 sit
875 2773 984 2830 illis
1019 2776 1300 2842 terribilis,
1330 2785 1386 2833 et
1415 2778 1535 2834 sine
1584 2781 1850 2851 sanguine
1896 2782 2191 2853 gloriosam

614 2864 818 2921 referat
851 2868 1160 2924 victoriam.

616 2940 624 2948 ’
684 2956 824 3012 XVI.
864 2959 994 3015 Haec
1031 2977 1156 3016 cum
1195 2963 1263 3017 ad
1294 2964 1688 3034 imperatorem
1720 2965 1978 3023 lubenter
2006 2978 2193 3025 essent

611 3051 789 3113 allata,
822 3053 911 3108 ille
933 3055 1152 3123 quidem
1188 3058 1362 3112 munit
1384 3061 2030 3132 caputsuperbumerali,
2055 3080 2193 3135 qua-

2282 577 2527 661 κάριτος,
2557 589 2694 643 ἀλλὰ
2725 590 2861 660 πρὸς
2891 589 2952 642 τὸ
2988 587 3187 658 μέτρον
3223 585 3456 656 μᾶλλον,
3484 577 3554 655 ἧς
3589 585 3834 652 έπλούτει,

2281 681 2661 744 ταπεινώειεως
2687 680 2929 750 ἀφορῶν.
2962 678 3029 732 Ἦ
3051 680 3149 747 μὲν
3169 676 3278 747 ipsi]
3303 674 3491 729 εὔνοια
3514 676 3548 746 ἠ
3597 677 3723 746 πρὸς
3753 679 3838 749 τὴν

2286 772 2461 831 πόλιν,
2490 769 2681 838 λέγων
2705 811 2721 836 ,
2757 770 2952 838 πολλὴ,
3014 772 3111 823 καὶ
3142 769 3203 822 τὸ
3257 769 3441 826 θέλειν
3486 767 3573 821 ἀεὶ
3601 768 3838 832 σώζεσθαι

2283 861 2488 931 ταύτην
2518 860 2746 932 ἔσχατον
2777 860 3002 931 θερμὸν,
3038 858 3180 929 πλὴν
3233 858 3357 911 ἀλλ’
3409 859 3473 910 οὐ
3502 856 3578 926 τῷ
3603 856 3838 927 θελήματι

2289 971 2388 1023 μου
2417 953 2512 1007 καὶ
2538 954 2599 1005 τὸ
2636 951 2843 1021 ἰσχύειν
2872 953 2940 1003 ἐκ
2971 951 3073 1019 τῆς
3103 950 3238 1019 πρὸς
3296 947 3609 1019 παρρησίας
3643 949 3837 1031 ἁκνρλου-

2284 1045 2401 1096 θεῖ·
2461 1044 2555 1098 καὶ
2609 1043 2776 1098 αὐτὸν
2831 1042 2888 1094 δὲ
2920 1042 3013 1094 τὸν
3065 1039 3485 1110 Ἀλεξανδρείας
3540 1038 3612 1109 μὴ
3641 1039 3838 1094 τοιαῦτα

2286 1136 2411 1203 περὶ
2457 1134 2623 1189 αὐτοῦ
2678 1136 2920 1203 φρονεῖν,
2980 1133 3116 1203 μηδέ
3181 1132 3377 1186 τοῦτον
3415 1130 3481 1203 δὴ
3511 1131 3617 1182 τῶν
3659 1132 3840 1187 πολλῶν

2283 1227 2535 1298 ἡγεῖσθαι
2565 1226 2841 1293 διαφέρειν
2871 1225 3046 1295 ἠξίου.
3095 1225 3250 1281 Ἐπεὶ
3287 1223 3348 1277 δὲ
3409 1225 3667 1294 παράπαν
3703 1223 3840 1286 αὐτὸς

2282 1322 2344 1374 οὐ
2374 1319 2615 1390 μεθίετο,
2650 1319 2725 1389 μὴ
2757 1317 2897 1388 ἔχων
2918 1318 2947 1371 δ
2969 1334 3023 1373 τι
3054 1316 3218 1373 πάθοι
3254 1316 3451 1369 λοιπὸν
3500 1318 3528 1369 ὁ
3560 1314 3722 1381 μέγας
3766 1316 3840 1368 23-

2282 1412 2523 1480 νούφιος,
2551 1411 2652 1480 τὴν
2690 1410 2793 1479 μὲν
2816 1409 3131 1479 ἀποδημίαν
3151 1405 3456 1479 εὐπρεπῶς
3487 1405 3838 1472 ἀναϐάλλεται,

2282 1503 2350 1564 τὰ
2380 1503 2438 1556 δὲ
2473 1504 2570 1572 τῆς
2597 1501 2850 1573 βοηθείας
2882 1501 2977 1555 καὶ
3008 1500 3154 1554 οὕτω
3173 1500 3366 1553 δίδωσι
3386 1515 3402 1530 ο
3437 1499 3534 1552 καὶ
3563 1500 3702 1552 ποιεῖ
3721 1499 3835 1568 μᾶλ-

2280 1593 2373 1647 λον
2394 1595 2562 1663 αὐτὴν
2588 1593 3067 1664 Θαυμασιωτέραν.
3104 1592 3277 1663 Ἐστη
3310 1607 3373 1644 τε
3405 1592 3516 1661 γὰρ
3549 1589 3701 1653 εὐθὺς
3726 1588 3865 1660 πρὸς
3936 1598 3937 1601 ‘

2283 1686 2571 1752 ἀνατολὰς,
2620 1686 2715 1739 καὶ
2743 1685 2843 1755 τὴν
2903 1683 3157 1753 ἐπωμίδα
3197 1682 3295 1737 καὶ
3331 1683 3432 1752 τὴν
3462 1681 3752 1752 βακτηρίαν
3775 1682 3838 1744 εἰς

2283 1776 2546 1849 οὐρανοὺς
2599 1774 2872 1845 ἀνασχὼν,
2928 1776 3175 1831 Δέσποτα
3199 1776 3228 1827 ὁ
3283 1772 3445 1838 Θεδς,
3480 1767 3648 1833 εἶπεν,
3683 1772 3839 1835 ὁῡεός

2217 1849 2258 1908 Β
2287 1870 2395 1922 τῶν
2451 1870 2758 1940 δυνάμεων,
2812 1867 2902 1930 δὸς
2950 1867 3055 1921 καὶ
3076 1865 3213 1937 τῷδε
3249 1883 3356 1936 μου
3394 1868 3460 1935 τῇ
3516 1863 3736 1933 ἐπωμίδι
3762 1864 3838 1916 καὶ

2283 1963 2410 2031 τῇδε
2433 1964 2500 2032 τῇ
2530 1961 2802 2032 βακτηρίᾳ
2842 1958 3131 2023 τοσοῦτον,
3157 1957 3384 2028 ἰσχῦσαι
3431 1958 3648 2028 ὅσῳπερ
3673 1955 3732 2008 ἂν
3761 1955 3838 2008 καὶ

2282 2054 2432 2125 αὐτῷ
2466 2055 2612 2124 ἐμοὶ,
2635 2054 2768 2121 εἴγε
2795 2052 2860 2123 δὴ
2889 2053 3067 2105 ἐκεῖσε
3098 2051 3310 2121 παρῆν.
3347 2048 3536 2106 Ταῦτα
3564 2049 3693 2118 πρὸς
3728 2048 3838 2101 Θεὸν

2283 2146 2477 2213 εἰπὼν,
2507 2149 2578 2200 τὰ
2603 2150 2658 2199 ὲν
2685 2148 2876 2217 χερσὶν
2909 2146 3111 2199 αὐτίκα
3137 2148 3234 2203 καὶ
3256 2144 3341 2216 τῷ
3371 2145 3619 2214 ἀρχιερεῖ
3661 2142 3835 2205 δίδωσι,

2282 2241 2440 2304 Δέξαι
2467 2238 2663 2302 ταῦτα,
2718 2240 2916 2305 λέγων,
2952 2239 3047 2293 καὶ
3106 2237 3331 2307 πέμψον
3364 2236 3444 2308 τῷ
3495 2235 3699 2305 βασιλεῖ
3722 2234 3837 2285 κατὰ

2284 2334 2445 2403 τάχος
2466 2349 2479 2363 ·
2507 2333 2762 2395 κάκεῖνος
2784 2330 2884 2402 τὴν
2924 2331 3023 2400 μὲν
3054 2328 3313 2399 ἐπωμίδα
3347 2330 3417 2399 τῇ
3458 2325 3663 2395 κεφαλῇ
3708 2339 3836 2393 περι-

2286 2423 2483 2487 θέσθω,
2509 2423 2607 2495 τὴν
2630 2422 2935 2493 βακτηρίαν
2965 2422 3022 2475 δὲ
3046 2424 3112 2492 τῇ
3145 2420 3294 2491 χειρὶ
3317 2420 3558 2491 φερέτω.
3609 2413 3716 2471 Εἶθ’
3733 2416 3837 2468 ὅταν

2288 2517 2618 2585 συμϐάλλειν
2636 2519 2749 2579 τοῖς
2780 2515 3062 2585 πολεμίοις
3092 2517 3125 2585 ἡ
3159 2514 3322 2586 χρεία
3355 2513 3532 2577 καλεῖ,
3562 2510 3665 2564 τῶν
3688 2507 3834 2562 ἄλλων

2286 2604 2588 2675 προεξιέτω
2622 2607 2860 2670 πάντων,
2912 2605 3006 2657 καὶ
3033 2602 3253 2675 0αρρὦ
3288 2603 3542 2674 χωρείτω
3593 2599 3723 2655 κατὰ
3748 2596 3834 2651 τῶν

2286 2696 2583 2765 πολεμίων.
2617 2690 2740 2749 Εἴτε
2771 2693 2833 2767 υ.
2871 2694 2938 2747 Εἴ
2962 2695 3049 2763 γει
3084 2694 3193 2763 γὰρ
3225 2692 3498 2756 ἀκουστδς
3547 2689 3654 2760 ἐγὼ
3705 2688 3831 2755 παρὰ

2286 2786 2367 2858 τῷ
2397 2787 2538 2857 Θεῷ,
2571 2789 2665 2842 καὶ
2694 2786 2858 2840 αὑτὸν
2882 2781 3037 2856 οἶμαι
3067 2785 3301 2856 φοῢερὸν
3330 2783 3565 2845 ἐκείνοις
3593 2780 3830 2852 γενέσθαι.

2288 2880 2387 2933 καὶ
2410 2882 2684 2949 ἀναιμωτὶ
2719 2880 2819 2950 τὴν
2842 2880 3001 2947 νίκην
3031 2876 3274 2939 εὐκλεῶς
3298 2877 3559 2949 ἄρασθαι.

2362 2970 2480 3038 Ιεῗι
2517 2964 2618 3024 Ὧν
2644 2963 2815 3042 ἡδέως
2841 2970 2919 3041 τῷ
2947 2970 3161 3040 βασιλεῖ
3200 2969 3599 3039 κομισθέντων,
3618 2963 3833 3035 φρουρεῖ-

2288 3076 2379 3115 ται
2410 3061 2508 3132 μὲν
2526 3064 2732 3123 ἐκεῖνος
2743 3061 2843 3131 τὴν
2871 3061 3116 3130 κεφαλὴν
3131 3062 3195 3131 τῇ
3221 3057 3489 3127 ἐπωμίδι,
3519 3055 3707 3115 παντὸς
3722 3048 3832 3121 κρά·

612 3145 696 3202 vis
721 3147 871 3219 galea
891 3150 1065 3203 tutius
1093 3167 1107 3202 :
1133 3150 1329 3205 baculo
1346 3161 1529 3208 autem
1554 3156 1732 3210 munit
1756 3155 2188 3222 dexteram,lan-

2293 3167 2417 3214 νους
2440 3151 2552 3205 οὐδ’
2575 3152 2700 3205 ὅσον
2719 3152 2895 3203 εἰπεῖν
2923 3150 3334 3220 ἀσφαλέστερον
3360 3165 3375 3180 ⁸
3401 3140 3832 3253 61:).[Csrat6s‘fﬂv

606 3255 703 3295 cca
733 3247 888 3313 Iunge
922 3239 1188 3298 validius:
1221 3253 1278 3296 et
1298 3244 1399 3299 hac
1419 3246 1633 3301 ratione
1654 3248 1941 3303 conlidens
1995 3249 2113 3307 fore
2130 3259 2188 3305 ut

2302 3242 2601 3314 βακτηρέαν
2618 3245 2682 3313 τῇ
2705 3243 2875 3314 δεξιᾷ,
2908 3241 3086 3311 πολλῷ
3115 3240 3346 3312 δόρατος
3364 3239 3730 3312 κραταιότερος
3756 3235 3835 3301 69-

609 3333 893 3388 videretur
933 3334 1185 3391 hostibus
1208 3335 1530 3405 terribilioq,
1562 3353 1725 3406 quam
1761 3338 1984 3399 olim,ut
2008 3340 2186 3406 aiunt,

609 3427 764 3479 clava
820 3426 1101 3483 Hercules.
1133 3430 1253 3485 Jan]
1327 3427 1727 3485 accedentibus
1761 3431 2035 3495 hostibus,
2075 3433 2192 3501 ipse

611 3516 824 3584 primus
855 3518 1139 3587 praecedit,
1183 3519 1394 3578 ducens
1459 3527 1633 3576 totum
1693 3522 2018 3577 exercitum.
2060 3525 2196 3579 Pro-

614 3616 734 3677 pter
760 3605 1027 3679 Senupltii
1062 3621 1245 3666 autem
1270 3614 1337 3667 ad
1373 3613 1542 3668 Deum
1567 3613 1874 3677 orationem
1900 3615 2053 3669 nulla
2076 3625 2195 3670 erat

615 3697 825 3761 dilatio,
860 3700 955 3754 sed
1007 3716 1095 3756 res
1143 3704 1329 3758 statim
1357 3704 1520 3775 tinem
1553 3705 1881 3776 accipiebat.
1924 3705 2102 3763 Simul
2130 3722 2195 3763 ac

611 3791 761 3845 enim
792 3807 919 3848 cum
948 3793 1209 3850 viderunt
1233 3797 1478 3859 Barbari,
1498 3815 1623 3855 eum
1645 3799 1900 3855 admirati
1934 3810 2194 3871 tanquam

617 3897 786 3936 unum
841 3900 909 3939 ex
938 3887 1278 3951 ctelestibus.
1303 3890 1370 3944 ad
1404 3891 1586 3960 fugam
1637 3893 1820 3947 statim
1848 3895 2192 3963 spectabant,

614 3985 673 4029 et
706 3975 905 4044 pedum
932 3979 1188 4034 virtutem
1216 3980 1534 4038 laudabant.
1575 3983 1882 4055 Fugiebant
1909 4000 2046 4041 vero
2083 4002 2193 4042 non

613 4066 802 4135 aliquo
849 4080 1001 4124 certo
1058 4071 1272 4136 ordine,
1311 4081 1371 4126 ut
1409 4076 1502 4143 qui
1555 4090 1666 4128 non
1715 4084 1905 4132 essent
1962 4079 2193 4133 omnino

617 4156 773 4210 obliti
829 4158 1056 4224 virium,
1086 4162 1186 4216 sed
1233 4172 1292 4218 ut
1320 4164 1416 4234 qui
1447 4175 1634 4219 essent
1658 4175 1856 4221 emota:
1888 4168 2093 4222 mentis
2137 4175 2196 4222 et

617 4249 1068 4317 perterriti,a|ius
1083 4252 1193 4307 alio
1206 4253 1462 4324 dispersi,
1486 4265 1632 4327 terga
1656 4258 1971 4312 volentibus
1986 4257 2194 4323 facilia,

617 4339 873 4409 expedita
906 4344 1211 4411 veneratio,
1245 4361 1441 4401 secura
1470 4350 1783 4418 persecutio
1823 4358 1881 4405 et
1926 4350 2102 4405 libera
2124 4351 2195 4411 ab

618 4435 768 4507 omni
794 4435 1063 4503 periculo,
1096 4437 1199 4510 ipsi
1233 4440 1417 4507 potius
1443 4451 1666 4511 propter
1688 4441 1894 4514 fugam,
1922 4459 2046 4512 quae
2077 4451 2197 4499 erat

2302 3336 2462 3406 Θῆναι
2505 3337 2618 3399 τοῖς
2647 3322 3238 3406 πολεμίοις,’θαῤ,έῶνῆ
3259 3334 3341 3404 τῷ
3361 3331 3579 3404 ῥοπάλῳ
3601 3329 3747 3398 φασὶν
3758 3323 3833 3383 Ἢ.-

2300 3426 2510 3496 ρακλέα
2537 3428 2598 3478 τὸ
2636 3427 2924 3497 πρότερον.
2942 3426 3283 3494 Προσιόντων
3315 3426 3416 3496 ήδη
3440 3425 3547 3478 τῶν
3572 3418 3827 3488 πολεμίων.

2298 3517 2446 3588 ὁρμᾷ
2466 3517 2678 3589 πρῶτος
2698 3517 2764 3571 αὑ
2774 3516 2860 3580 τὸς
2882 3516 2975 3570 τοῦ
2996 3515 3460 3590 παντὸςστρατεύ
3468 3530 3630 3587 ματος
3644 3505 3835 3580 ἐξηγούι

2303 3626 2486 3679 μενος.
2526 3609 2676 3680 Εὐχῇ
2709 3609 2766 3662 δὲ
2800 3610 2871 3680 τῇ
2898 3608 3033 3679 πρὸς
3057 3608 3193 3662 Θεὸν
3222 3605 3632 3676 τοῖιΣενουφίου
3678 3604 3831 3671 μένειν

2302 3700 2366 3778 υ·
2394 3701 2523 3757 add-
2545 3698 2846 3772 ἀτελέστῳ]
2861 3701 2961 3752 οὐκ
2978 3694 3070 3770 ἦν,
3091 3700 3206 3755 ἀλλ’
3222 3700 3427 3764 εὐθέως
3440 3700 3610 3769 πέρας
3626 3690 3833 3761 ἐλάμϐα-

2299 3811 2410 3847 νεν.
2443 3794 2597 3863 Ἀμα
2633 3810 2695 3846 τε
2716 3792 2826 3863 γὰρ
2850 3786 2992 3844 εἶδον
3023 3790 3189 3844 αὑτὸν
3222 3792 3273 3844 oi
3314 3790 3609 3861 Βάρδαροι,
3639 3782 3723 3836 καὶ
3742 3779 3832 3832 (bo-

2300 3905 2410 3958 περ
2466 3887 2562 3941 ἕνα
2606 3886 2715 3940 τῶν
2744 3883 3012 3955 οὐρανίων
3046 3882 3516 3952 καταπλαγέντες,
3552 3881 3629 3940 εἰς
3688 3869 3839 3943 φυΥθῊ

2300 3979 2463 4043 εὐθὺς
2488 3978 2742 4048 ἔϐλεψαν,
2783 3979 2878 4031 καὶ
2907 3974 3084 4030 ποδῶν
3125 3975 3329 4047 ἀρετὴν
3357 3974 3608 4046 ἐπῄνουν.
3663 3967 3831 4030 Ἐφεν-

2300 4088 2398 4141 γον
2421 4071 2478 4125 δὲ
2503 4071 2566 4125 οὐ
2598 4072 2695 4124 σὺν
2715 4071 2904 4140 κόσμῳ
2927 4068 3036 4123 τινὶ
3061 4066 3155 4121 καὶ
3175 4067 3352 4134 τάξει,
3376 4066 3453 4130 ὡς
3484 4063 3557 4135 μὴ
3588 4057 3836 4141 παντάπας

2303 4137 2389 4217 σιν
2423 4162 2595 4232 ἀλκῆς
2629 4137 3070 4231 ἐπιλελησμένοι,
3121 4158 3238 4211 ἀλλ’
3269 4157 3346 4222 ὡς
3389 4156 3456 4210 ἂν
3495 4154 3735 4229 ἔκφρονες
3760 4137 3836 4196 καὶ

2300 4251 2624 4321 κατάφοδοι,
2648 4251 2808 4315 ἄλλος
2834 4247 3073 4320 ἀλλαχοῦ
3096 4246 3563 4317 διεσκεδασμένοι,
3592 4240 3725 4295 νῶτα
3745 4233 3834 4293 τοῖς

2301 4342 2649 4416 βουλομένοίς
2678 4343 2883 4415 ῥᾴδιον,
2909 4342 3136 4413 θήραμα
3152 4342 3398 4412 εὐχερὲς,
3415 4334 3658 4407 ἀσφαλὴς
3686 4324 3836 4390 δίωξις

2302 4439 2399 4492 καὶ
2430 4436 2678 4491 κινδύνου
2715 4438 2919 4498 παντὸς
2981 4434 3267 4506 ἐλευθέρα,
3296 4434 3456 4488 αὐτοὶ
3488 4429 3678 4501 μᾶλλον
3698 4418 3836 4486 ἀλλὴ·

618 4523 741 4577 sine
795 4524 907 4579 ullo
946 4508 1365 4591 certoﬁordinc,
1399 4508 1585 4600 plagas
1648 4540 1704 4586 et
1734 4533 1982 4594 vulnera,
2027 4542 2188 4603 atque

2301 4532 2436 4593 λοιςι
2471 4529 2579 4582 ὑπὸ
2606 4530 2706 4597 τῆς
2734 4527 2980 4597 ἀκόσμου
3007 4528 3205 4596 φυγῆς,
3238 4525 3463 4597 πληγῶν
3504 4522 3593 4576 καὶ
3620 4508 3834 4603 τραυμάτ

618 4613 759 4667 adeo
817 4625 1050 4670 mortem
1080 4617 1186 4672 sibi
1242 4618 1478 4674 invicem
1518 4620 1880 4675 conciliantes
1913 4638 1927 4675 :
1955 4622 2094 4677 adeo
2130 4628 2192 4679 ut

623 4705 924 4774 imperator
959 4723 1068 4762 non
1098 4710 1273 4764 solum
1296 4710 1417 4765 sine
1446 4713 1736 4783 sanguine,
1766 4712 1866 4767 sed
1887 4713 2051 4767 etiam
2080 4714 2202 4771 sine

532 4830 537 4835 -
620 4795 810 4851 labore
864 4799 1003 4853 hanc
1053 4800 1344 4857 victoriam
1399 4803 1675 4866 retulerit.
1727 4804 1951 4860 Festum
1983 4804 2075 4861 ille
2101 4822 2204 4862 no-

623 4888 853 4967 minavit
906 4889 1055 4946 hunc
1103 4891 1272 4957 diem,
1314 4902 1370 4949 et
1410 4911 1557 4950 nunc
1581 4911 1802 4965 quoque
1832 4905 1958 4966 post
1991 4905 2202 4953 tantum

624 4987 845 5051 tempus
903 4983 1193 5054 magnifice
1221 4985 1535 5041 celebratur
1558 4987 1629 5041 ab
1657 4988 2052 5043 Alexandrinis
2077 4990 2199 5060 (δ’),

622 5073 1050 5145 nominaturque
1070 5076 1139 5131 ab
1165 5076 1246 5131 eis
1271 5077 1538 5133 Iconium.
1566 5078 1650 5133 Ab
1678 5079 1761 5134 eis
1776 5081 1928 5136 enim
1947 5083 2196 5152 impera-

623 5163 762 5217 toris
793 5163 935 5219 facta
961 5174 1046 5220 est
1074 5168 1322 5235 quantam
1348 5176 1551 5232 statua,
1582 5183 1672 5233 eo,
1700 5186 1811 5240 quo
1834 5156 1988 5237 tunc,
2011 5172 2203 5241 modo,

622 5264 875 5310 armata:
912 5264 967 5310 et
995 5257 1176 5327 capite
1234 5258 1458 5327 quidem
1513 5259 1706 5315 induta
1733 5262 2201 5333 superhumeral'r,

624 5348 847 5402 dextera
878 5358 1062 5404 autem
1096 5360 1289 5405 tenens
1309 5351 1589 5407 baculum.

705 5438 859 5496 XVII.
889 5441 1024 5498 Cum
1064 5458 1200 5499 vero
1232 5444 1467 5515 gentiles
1518 5445 1767 5501 nondum
1812 5445 2204 5517 eﬂloruissent,

626 5532 676 5589 is
701 5532 797 5602 qui
824 5531 1207 5590 Alexandrina:
1234 5546 1470 5606 praerat
1510 5536 1792 5606 Ecclesiae,
1815 5539 2051 5597 destruit
2074 5542 2177 5610 qui

700 5670 799 5740 (δ’)
848 5672 992 5728 Hinc
1012 5669 1390 5747 _mauit‘estum
1440 5687 1527 5733 est
1583 5676 1848 5747 scriptam
1897 5691 2021 5733 esse
2046 5680 2192 5732 hanc

630 5737 808 5795 ἰ’-ιδιά)
838 5757 963 5797 cum
988 5741 1257 5814 Egyptus
1293 5744 1478 5803 adhuc
1509 5747 1612 5801 sub
1639 5737 1974 5805 Christianis
1999 5757 2149 5804 esset
2175 5763 2188 5799 :

633 5819 754 5858 nam
785 5822 908 5873 qua:
927 5815 1127 5879 potuit,
1158 5823 1319 5869 aetate
1353 5816 1754 5885 Metaphrastae,
1780 5817 1911 5870 licet
1935 5817 2050 5871 haec
2074 5816 2194 5887 ipse

2296 4639 2426 4687 των,
2468 4620 2495 4691 ἢ
2531 4620 2625 4674 καὶ
2668 4596 2929 4682 θανάτου,
2974 4619 3225 4689 πρόξενοι
3249 4633 3266 4647 ’
3303 4596 3444 4670 ὥστε
3481 4613 3553 4684 μὴ
3601 4596 3836 4701 ἀναιμωξὶ

2295 4711 2387 4764 τὸν
2420 4709 2653 4780 βασιλέα
2689 4710 2852 4780 μόνον
2881 4708 3021 4762 ἀλλὰ
3052 4710 3146 4761 καὶ
3174 4708 3407 4778 ἀπονητὶ
3444 4704 3539 4775 τὴν
3569 4701 3833 4780 νίκηντανσ

2297 4777 2431 4873 την-
2463 4777 2815 4870 ἐνέγκασθαι.
2881 4799 3107 4870 Ἐορτὴν
3158 4777 3366 4860 ἐκεῖνος
3416 4794 3654 4886 avena}:
3702 4777 3834 4886 τήυνδξ

2299 4892 2398 4964 τὴν
2432 4892 2671 4963 ἡμέραν,
2701 4893 2795 4945 καὶ
2824 4888 2921 4944 νῦν
2947 4889 3229 4961 πάνδημος
3263 4879 3833 4964 ’Δλεξανδρεῦσιψαῠῖη
3876 4908 3882 4917 ·

2303 4961 2399 5038 καὶ
2433 4961 2731 5055 πολυτελὴς
2760 4982 2848 5038 διὰ
2870 4982 3086 5054 χρόνου,
3111 4981 3355 5036 Εἰκόνιον
3378 4979 3518 5033 οὕτω
3542 4968 3662 5041 παρ’
3681 4961 3835 5055 αὐτοῖς

2303 5077 2704 5150 ὀνομαζομένη.
2765 5076 3065 5147 Πεποίηται
3116 5076 3226 5146 γὰρ
3270 5075 3335 5144 δὴ
3363 5090 3444 5136 τις
3473 5068 3565 5122 τοῦ
3609 5054 3833 5150 βασιλέίξκ

2307 5140 2437 5229 καί
2463 5140 2630 5226 είκων
2668 5140 3016 5240 ⁷οἷνιιιλισμένη
3044 5140 3143 5222 τὸν
3169 5140 3291 5220 res;
3323 5140 3533 5237 τρόπον
3552 5155 3647 5245 καὶ,
3754 5140 3834 5245 μξν

2308 5260 2520 5331 κεφαλῇ
2543 5259 2644 5331 τὴν
2673 5239 2927 5329 ἐπωμίδα
2978 5257 3358 5329 περικειμένη,
3398 5255 3463 5324 τῇ
3509 5244 3652 5314 δεξιᾷ
3689 5239 3833 5297 δὲτὴν

2313 5355 2617 5427 βακτηρίαν
2660 5336 3022 5424 προΐσχουσα.
3714 5424 3725 5427 _
3781 5414 3801 5425 _

2385 5444 2480 5502 lZ'.
2508 5445 2666 5500 Οὕτω
2707 5446 2764 5499 δὲ
2819 5446 2929 5499 τῶν
2977 5446 3247 5517 Ἑλλήνων
3284 5433 3678 5515 ἀπηνθηκότωνι
3706 5424 3731 5475 δ
3753 5424 3831 5517 τῆς

2328 5538 2723 5609 Ἀλεξανδρέων
2756 5539 3034 5608 προεστὼς
3070 5506 3421 5609 ’έκκλησίας,
3461 5506 3724 5595 Ἑλληνικὰ
3749 5506 3829 5580 μὶν

2303 5676 2620 5740 retinuerit.
2652 5690 2847 5745 magna
2895 5674 3283 5730 celebritath
3325 5667 3700 5795 magniﬁcentia
3734 5657 3826 5702 ωτ-

2303 5747 2441 5795 vari.
2469 5761 2653 5795 rerum
2681 5745 3028 5795 patientibus
3064 5746 3373 5795 Saracenis.
3446 5745 3648 5795 οιιιιω·

2303 5747 2441 5812 vari,
2469 5761 2653 5803 rerum
2681 5745 3028 5815 potientibus
3064 5746 3373 5802 Saracenis.
3405 5745 3648 5795 Boume-
