4126 6416
372 316 515 381 ιω

1464 307 1640 367 VITA
1675 306 1780 366 SS.
1817 305 1992 364 CYRI
2029 303 2125 364 ET
2167 303 2514 365 JOANNIS.

3495 307 3634 386 i251

367 431 545 484 πάντα
572 423 802 495 καθῄρει
833 419 1175 494 σεϐάσματα.
1211 436 1361 484 ναο.ς
1403 419 1461 474 δὲ
1491 420 1593 490 τὴν
1635 420 1789 473 πόλιν
1821 420 1940 472 ὲκό·

2052 419 2176 472 dem
2204 433 2397 472 omnes
2427 417 2610 471 cultus
2637 417 2973 483 daemonum,
3002 419 3174 474 sacris
3206 430 3391 476 autem
3419 425 3633 481 :edibus

367 539 496 590 σμει
557 519 652 572 κὰὶ
710 517 876 587 ίεροῐς
929 513 1189 586 ῑδρύμασί
1249 529 1309 566 τε
1339 513 1436 567 καὶ
1465 512 1806 582 ἀναθήμασι,
1853 516 1945 566 καὶ

365 615 592 682 τέμενος
623 610 681 664 ὲν
715 606 968 676 Κανώπῳ
995 605 1056 660 τδ
1098 605 1333 676 μέγεθος
1353 606 1450 658 καὶ
1470 604 1528 657 τὸ
1552 603 1746 666 κάλλος
1775 603 1945 673 ὑπερ-

366 705 520 774 φυὲς,
543 704 655 764 τοῖς
679 699 1002 761 ἀποστόλοις
1025 697 1301 768 ἐδείματο,
1324 697 1385 749 ού
1421 695 1608 766 μεῖζον
1640 696 1672 766 ἢ
1695 696 1826 749 δέκα
1853 696 1947 748 καὶ

362 794 460 849 δύο
494 791 730 856 σταδίοις
757 791 856 861 τῆς
906 791 1116 852 πόλεως
1162 789 1387 857 ἀπέχον.
1432 787 1731 855 Ἐπίσημος
1766 786 1820 839 δὲ
1851 784 1947 839 κα)⁸

364 885 550 947 αὐτοῖς
575 883 744 953 Ἕλλη
755 899 838 935 σιν
871 883 898 935 ό
923 882 1087 944 τόπος
1117 883 1210 934 καὶ
1232 881 1503 951 ὀνόματος
1523 881 1624 932 οὐκ
1660 880 1944 949 ἐλαχίστου

363 975 693 1046 ἠξιωμένος.
747 972 1152 1043 Τεκμαίρεσθαι
1177 972 1233 1026 δὲ
1264 973 1440 1038 ἔξεστι
1472 975 1538 1042 τῇ
1567 988 1626 1023 τε
1658 967 1760 1040 ὀδῷ
1809 973 1946 1042 πρὸς

364 1069 530 1123 αὑτὸν
554 1065 818 1138 φερούσῃ,
854 1067 1001 1136 ἥπερ
1046 1065 1212 1129 πλαξὶ
1247 1063 1625 1134 κατέστρωται
1655 1064 1803 1116 πᾶσα
1849 1064 1947 1115 καὶ

364 1159 534 1220 λίθοις
601 1154 659 1211 εὖ
712 1157 1107 1227 ήρμοσμένοις,
1165 1157 1260 1208 καὶ
1311 1154 1389 1224 τῷ
1451 1157 1560 1206 τῶν
1605 1154 1944 1223 προαστείων

363 1249 558 1320 πλήθει
597 1251 692 1302 καὶ⁸
723 1249 1025 1319 βαλανείων
1047 1248 1408 1317 κεκόσμηται,
1437 1247 1474 1301 ἃ
1493 1248 1557 1317 δὴ
1586 1249 1678 1300 καὶ
1703 1248 1943 1318 τέσσαρα

361 1342 522 1410 λόγος
556 1343 693 1412 πρὸς
726 1345 840 1405 τοῖς
870 1343 1078 1394 εἴκοσιν
1109 1339 1248 1395 εἶναι
1273 1342 1367 1394 καὶ
1393 1343 1486 1393 ἐπὶ
1511 1340 1622 1392 τῶν
1658 1340 1944 1412 ἡμετέρων

361 1432 610 1502 διαϐῆναι
665 1433 895 1503 χρόνων,
926 1433 1064 1501 πρὸς
1107 1432 1292 1486 δὲκαὶ
1333 1436 1400 1504 τῇ
1452 1434 1628 1504 ἀγορᾷ
1688 1433 1784 1486 καὶ
1836 1435 1943 1487 τῶν

360 1521 536 1574 ώνίων
574 1521 805 1592 ἀφθονίᾳ
825 1521 1095 1591 περιττῶς
1121 1522 1257 1591 ἔχει.
1286 1523 1396 1593 Τῆς
1434 1524 1542 1593 γάρ
1570 1523 1780 1586 πόλεως
1812 1523 1943 1576 ταύ-

359 1628 480 1683 της,
512 1611 606 1666 τοῦ
637 1612 936 1678 Κανώπου,
961 1613 1127 1684 φημὶ,
1159 1613 1323 1685 κώμη
1346 1633 1427 1680 τις
1455 1611 1523 1686 ἦν
1553 1615 1672 1667 δυσὶ
1706 1615 1942 1678 σταδίοις

359 1702 699 1773 διεστηκυῖα,
749 1705 1002 1758 Μανουθὲ
1026 1705 1338 1774 καλουμένη
1365 1721 1378 1734 ο
1433 1707 1528 1759 καὶ
1554 1707 1587 1773 ἡ
1641 1706 1804 1776 κώμη
1844 1706 1940 1776 ἥδε

2051 509 2266 562 ornavit
2320 509 2620 570 civitatem,
2656 509 3095 582 imaginibusque
3118 523 3174 568 et
3230 513 3497 582 donariis,
3522 517 3630 572 Ca-

2050 598 2296 668 nopique
2329 601 2603 654 exstruxit
2634 603 2898 672 templum
2929 606 3210 673 apostolis,
3253 609 3630 678 magnitudine

2051 692 2264 762 insigne
2290 702 2344 746 et
2373 692 2810 760 pulchritudine,
2841 697 2986 766 quod
3017 712 3124 752 non
3155 700 3338 754 minus
3361 717 3522 770 quam
3541 703 3631 758 de-

2048 798 2167 838 cem
2185 783 2358 837 stadia
2394 784 2553 840 abest
2585 801 2615 839 a
2639 787 2883 842 civitate.
2916 789 3009 842 Est
3033 801 3217 844 autem
3256 792 3388 862 ipsis
3408 810 3628 862 quoque

2047 875 2344 946 gentilibus
2376 875 2532 932 locus
2581 878 2816 948 insignis
2846 889 2902 934 et
2936 897 3043 934 non
3081 884 3236 951 parvi
3276 885 3536 940 nominis.
3570 884 3629 941 Id

2047 983 2180 1021 vero
2207 967 2338 1022 licet
2362 969 2660 1038 conjicere,
2687 979 2744 1025 et
2772 985 2835 1024 ex
2877 974 2984 1031 via.
3023 989 3144 1042 qum
3179 975 3285 1028 fert
3319 976 3386 1029 ad
3425 977 3627 1046 ipsum,

2048 1070 2107 1114 ut
2139 1075 2260 1128 qua:
2287 1070 2397 1116 tota
2442 1050 2718 1116 constrata
2764 1073 2848 1117 est
2880 1064 3084 1118 tabulis
3137 1075 3191 1119 et
3227 1076 3373 1121 recte
3405 1067 3631 1122 conciti-

2047 1153 2194 1207 natis
2257 1153 2536 1223 lapidibus
2561 1166 2616 1210 et
2647 1157 3045 1210 suburhiorum
3081 1167 3136 1211 et
3185 1159 3510 1214 balneorum
3540 1177 3631 1215 or-

2046 1253 2174 1296 nata
2205 1253 2290 1298 est
2323 1247 2682 1300 multitudine
2711 1263 2725 1299 :
2760 1263 2882 1316 qua:
2915 1247 3138 1316 quidem
3174 1249 3315 1302 fama
3344 1259 3427 1304 est
3447 1251 3631 1305 adhuc

2044 1333 2238 1403 viginti
2271 1345 2511 1404 quatuor
2535 1337 2742 1392 nostris
2768 1340 3035 1393 mansisse
3065 1340 3407 1409 temporibus
3431 1360 3443 1394 :
3464 1342 3632 1396 habet

2043 1434 2228 1478 autem
2267 1435 2322 1479 et
2356 1411 2556 1490 forum,
2582 1435 2638 1481 et
2667 1427 3083 1496 abundatcopia
3113 1444 3296 1482 rerum
3325 1431 3625 1486 venalium.

2044 1517 2127 1570 Ab
2157 1517 2259 1571 hac
2285 1518 2431 1572 enim
2469 1518 2712 1583 civitate,
2745 1519 2987 1588 Canopo,
3020 1520 3266 1590 inquam,
3294 1521 3463 1576 distat
3491 1524 3624 1592 qni-

2044 1607 2170 1662 dam
2227 1609 2384 1666 vicus
2423 1612 2601 1679 spatio
2645 1611 2880 1665 duorum
2911 1613 3238 1676 stadiorum,
3268 1615 3492 1668 nomine
3515 1615 3629 1669 Ma-

2045 1699 2242 1762 nuthe.
2280 1701 2379 1754 Hic
2405 1711 2589 1755 autem
2623 1703 2780 1756 vicus
2809 1713 2929 1757 erat
2973 1703 3283 1758 dmmonum
3332 1705 3626 1767 habitatio,

357 1795 630 1862 δαιμόνων
657 1791 724 1866 ἦν
750 1801 1003 1849 κατοικία
1029 1797 1124 1850 καὶ
1157 1797 1414 1868 πονηρῶν
1453 1800 1784 1867 πνευμάτων
1823 1800 1939 1853 δια-

2042 1801 2098 1845 et
2128 1792 2492 1846 versabantur
2522 1793 2576 1847 in
2626 1810 2693 1848 eo
2742 1794 2963 1864 maligni
2997 1795 3244 1862 spiritus.
3287 1795 3625 1865 Theophilus

357 1885 540 1958 τριϐή.
571 1885 830 1956 Θεόφιλος
857 1887 935 1952 δὲ,
980 1885 1136 1951 οὗτος
1167 1891 1196 1942 ό
1239 1889 1351 1942 τῶν
1388 1889 1786 1961 Ἀλεξανδρέων
1821 1892 1939 1944 ἐπί-

361 1994 586 2042 σκοπος,
628 1979 870 2050 καθαρὸν
921 1981 1194 2051 δαιμόνων
1225 1981 1506 2046 ἀποδεῖξαι
1562 1982 1845 2053 βουληθεὶς
1879 1986 1940 2036 τὸ

359 2069 576 2141 χωρίον,
602 2070 697 2122 καὶ
749 2073 1128 2142 χαρακτῆρσιν
1161 2073 1294 2127 αὐτὸ
1331 2073 1424 2126 καὶ
1453 2075 1646 2137 τύποις
1686 2078 1796 2138 τοῖς
1842 2075 1938 2128 τοῦ

358 2161 594 2226 Χριστοῦ
640 2161 1044 2231 εύαγγελιστῶν
1088 2182 1148 2218 τε
1199 2167 1650 2238 καὶηάποστόλων
1704 2162 1794 2222 οἶά
1827 2186 1938 2222 τισι

358 2254 750 2324 φυλακτηρίοις
787 2255 1084 2319 διαλαϐεῖν,
1141 2258 1242 2310 ούκ
1299 2257 1508 2326 ἔφθασε
1560 2259 1662 2329 τὴν
1709 2259 1938 2330 γνώμην

357 2347 438 2406 at;
463 2343 623 2414 ἔργον
648 2347 898 2412 ἀγαγεῖν.
931 2346 1152 2412 Μεταξὺ
1175 2349 1284 2418 γὰρ
1327 2350 1361 2417 ὴ
1389 2349 1616 2421 τελευτὴ
1661 2353 1740 2414 είς
1777 2352 1937 2421 ἔργον

358 2440 638 2492 ἐπισπᾶσα
673 2437 907 2510 Ῐ-στᾶσα
953 2439 1035 2512 ?],
1077 2440 1140 2493 τὺ
1199 2439 1578 2512 ἀπαραίτητον
1629 2441 1938 2513 ἀνθρώποις

357 2529 537 2600 χρέος,
590 2529 690 2599 τῆς
743 2530 1026 2602 παρούσης
1053 2531 1218 2584 αύτδν
1259 2533 1466 2600 ἀπάγει
1497 2532 1666 2602 ζωῆς.
1705 2534 1938 2588 Ἔπειτα

360 2619 542 2688 μέντοι
574 2621 669 2673 καὶ
701 2620 954 2692 Κυρίλλῳ
979 2624 1070 2674 τὸν
1099 2621 1287 2692 θρόνον
1339 2622 1459 2693 μετ’
1491 2625 1657 2676 αὑτὸν
1691 2625 1940 2692 διαδεξα-

364 2710 516 2782 μένιρ
552 2714 781 2782 φροντὶς
823 2707 893 2783 ἦν
944 2714 1005 2767 οὐ
1058 2713 1232 2783 μικρά
1259 2715 1356 2784 τῆς
1387 2715 1494 2767 τῶν
1541 2716 1813 2786 δαιμόνων
1843 2721 1939 2770 ἐπ-

361 2801 552 2871 ηρείας
577 2802 886 2868 ἀπαλλάξαι
918 2804 1008 2854 τὸν
1038 2805 1226 2858 τόπον,

430 2891 537 2947 IH'.
599 2894 865 2958 Πολλάκις
893 2893 987 2947 τοῦ
1021 2895 1156 2948 Θεοῦ
1191 2896 1497 2965 δεηθέντος,
1528 2898 1758 2967 ἄγγελος
1788 2903 1938 2972 αύτῷ

358 2986 480 3040 κατ’
529 2984 650 3054 δψιν
697 2986 985 3053 ἐπιφανεὶς
1034 2989 1366 3058 ἐπισκήπτει
1419 2990 1486 3043 τά
1519 2991 1726 3060 Κύρου,
1770 2995 1935 3063 φημὶ,

357 3078 452 3131 τοῦ
486 3077 747 3148 μεγάλου,
780 3080 874 3132 καὶ
896 3080 1124 3148 Μάρκου
1160 3079 1334 3148 δήπου
1389 3082 1484 3135 τοῦ
1544 3083 1936 3152 εὐαγγελιστοῦ

357 3165 588 3236 λείψανα
637 3169 704 3237 τῇ
740 3165 901 3238 κώμῃ
933 3169 1060 3238 τῇδε
1113 3167 1552 3240 θησαυρισθῆναι
1583 3186 1597 3201 ο
1649 3173 1791 3225 οῦτω
1829 3173 1938 3246 γάρ

297 3301 302 3306 .
357 3261 458 3328 τῆς
522 3259 945 3329 τῶνδαιμόνων
1008 3261 1214 3332 βλάϐης
1277 3264 1446 3334 αὐτὴν
1479 3264 1938 3335 ἑλευθερωθῆναι.

361 3351 459 3403 Διά
483 3351 538 3404 τί
559 3351 616 3404 δὲ
647 3352 740 3404 καὶ
769 3352 838 3404 τὰ
867 3352 944 3422 μὴ
975 3352 1224 3406 Ἰωάννου
1260 3356 1496 3424 εἰρήκει,
1553 3357 1806 3428 Κυρίλλῳ
1839 3358 1940 3428 μὲν

364 3443 566 3506 ἱκανῶς
594 3443 889 3513 ἀπεδείχθη
914 3460 929 3475 ο
963 3443 1124 3512 δῆλον
1155 3445 1212 3498 δὲ
1261 3446 1357 3499 καὶ
1387 3449 1553 3500 πᾶσιν
1589 3449 1800 3512 ἁπλῶς,
1857 3450 1940 3503 ὄτι

359 3531 440 3603 τῷ
474 3533 657 3602 Κύρου
687 3535 902 3597 πάντως
928 3535 1157 3606 ὀνόματι
1192 3538 1286 3590 καὶ
1317 3539 1386 3590 τὸ’
1422 3540 1672 3592 Ἰωάννου
1706 3557 1940 3594 συνυποο

362 3623 634 3692 φαίνεται.
674 3625 942 3696 Καθάπερ
977 3627 1085 3695 γὰρ
1116 3629 1294 3690 κοινὸς
1322 3630 1504 3689 αὐτοῖς
1535 3631 1627 3681 καὶ
1657 3631 1684 3681 ό
1717 3632 1937 3700 τρόπος,

363 3717 456 3767 καὶ
483 3718 515 3786 ή
544 3715 630 3768 διὰ
671 3717 908 3787 Χριστὸν
931 3719 1215 3788 ὁμολογία,
1242 3721 1336 3772 καὶ
1369 3723 1402 3790 ἡ
1451 3722 1726 3784 τελείωσις
1746 3737 1761 3752 ⁶
1797 3721 1940 3774 οὕτω

360 3804 424 3876 δὴ
458 3807 549 3858 καὶ
578 3809 610 3876 ἠ
643 3808 833 3877 κλῆσις
862 3809 1006 3879 ἁπλῆ
1036 3813 1254 3875 πάντως
1293 3814 1388 3866 καὶ
1423 3813 1678 3881 δάφορος
1713 3812 1778 3885 [Ῑ.
1803 3813 1937 3885 ἀδ.].

375 3895 658 3949 Ἐντεῦθεν
676 3900 754 3960 είς
777 3899 1031 3953 Μανοῦθὲ
1057 3899 1128 3953 τὰ
1147 3903 1459 3972 μαρτυρικά
1482 3903 1686 3956 τούτων
1711 3903 1941 3974 λείψανα

360 3987 525 4061 ὀγδόῃ
559 3991 652 4042 καὶ
683 3993 905 4063 εἰκοστῇ
941 3994 1108 4065 μηνὸς
1152 3994 1378 4046 Ἰουνίου
1411 3995 1679 4064 λαμπρῶς
1707 3995 1823 4066 ἅμα
1847 3997 1941 4049 καὶ

365 4079 528 4148 ίερῶς
592 4081 1004 4152 μετατίθεται,)
1067 4083 1338 4153 δαιμόνων
1393 4087 1539 4154 φυγὴ
1604 4086 1699 4138 καὶ
1759 4086 1854 4137 νῦν
1913 4086 1940 4136 ό

363 4169 528 4234 τόπος
552 4174 840 4244 ἀνειμένος
869 4177 989 4229 ἐστὶ
1013 4175 1090 4246 τῷ
1129 4176 1250 4246 Θεῷ
1283 4175 1521 4246 μάρτυσί
1552 4194 1610 4228 τε
1645 4179 1754 4239 τοῖς
1791 4176 1936 4230 ἐκεί-

365 4277 455 4312 νου
487 4263 583 4314 καὶ
611 4263 930 4333 ὑπουργοῖς,
959 4268 1143 4336 χάριτι
1162 4267 1256 4320 καὶ
1287 4265 1670 4338 φιλανθρωπίᾳ
1692 4269 1786 4320 τοῦ
1824 4268 1938 4321 Κύ-

367 4367 463 4418 ρου
514 4354 672 4422 ἡμῶν
733 4355 912 4426 Ἰησοῦ
971 4358 1234 4429 Χριστοῦ,
1285 4353 1328 4426 ᾧ
1359 4361 1564 4429 πρέπει
1593 4362 1742 4411 πᾶσα
1790 4359 1938 4423 δόξα,

2041 1899 2197 1948 vero,
2227 1883 2317 1938 hie
2350 1886 2574 1954 prmsul,
2610 1896 2664 1939 nl
2701 1887 2857 1956 prius
2900 1887 3161 1949 diximus,
3196 1888 3620 1951 Alexandrinus,

2041 1989 2166 2027 eum
2199 1975 2464 2029 voluisset
2484 1976 2714 2030 reddere
2746 1977 2926 2030 locum
2959 1994 3157 2045 purum
3185 1995 3215 2032 a
3252 1979 3619 2043 daemonibus,

2039 2065 2352 2136 Christique
2369 2069 2830 2138 evangelistarum
2849 2078 2904 2122 et
2933 2071 3307 2138 apostolorum
3333 2071 3626 2125 eharactc~

2041 2159 2198 2214 ribus
2228 2171 2283 2215 et
2309 2161 2519 2231 ﬁguris,
2556 2174 2614 2214 ut
2643 2161 2711 2214 ad
2751 2177 2878 2215 eum
2916 2164 3354 2216 conservandum
3380 2163 3619 2224 idoneis.

2041 2268 2336 2323 occupare,
2368 2254 2422 2308 id
2460 2257 2606 2324 quod
2651 2263 2922 2308 statuerat
2964 2269 3070 2308 non
3106 2255 3362 2322 perduxit
3397 2255 3463 2309 ad
3490 2252 3624 2310 eiic-

2041 2354 2210 2399 ctum.
2242 2346 2466 2400 Interim
2503 2347 2650 2400 enim
2695 2362 2842 2401 mors
2877 2347 3204 2411 adveniens,
3240 2364 3362 2417 quae
3414 2357 3500 2403 est
3534 2351 3635 2401 hoc

2040 2437 2286 2492 minibus
2328 2454 2418 2493 res
2447 2438 2829 2501 inexorabilis.
2855 2439 3081 2494 abducit
3119 2455 3245 2494 eum
3277 2455 3307 2493 a
3342 2441 3453 2494 vita
3481 2455 3625 2510 pne-

2041 2529 2207 2583 senti.
2233 2529 2441 2584 Deinde
2469 2539 2653 2584 autem
2675 2529 2881 2600 Cyrillo
2904 2545 3144 2600 quoque,
3165 2532 3258 2600 qui
3287 2540 3412 2601 post
3443 2530 3624 2600 ipsum

2039 2623 2156 2677 sedi
2190 2623 2477 2685 successit,
2506 2638 2616 2676 non
2643 2639 2838 2693 parum
2872 2635 2991 2678 erat
3012 2625 3410 2679 euneliberare
3435 2624 3625 2679 locum

2039 2729 2073 2767 α
2096 2713 2407 2768 ἀτειηοιιιιιιι
2442 2715 2666 2784 injuria.
2761 2713 2768 2716 ’
3311 2723 3314 2734 ’

2029 2907 2034 2911 ‘
2105 2888 2292 2945 XVIII.
2324 2889 2459 2944 Cum
2491 2905 2626 2944 vero
2655 2889 2722 2944 de
2747 2905 2811 2944 ea
2844 2906 2900 2942 re
2943 2905 3084 2958 smpc
3125 2891 3295 2944 Deum
3351 2901 3624 2961 rogasset,

2041 2982 2270 3050 angelus
2331 2979 2382 3034 ei
2441 2995 2713 3048 apparens
2776 2981 2832 3033 in
2866 2980 3293 3051 visione.jnbet
3347 2991 3407 3035 ut
3441 2984 3628 3053 magni

2043 3074 2192 3128 illius
2235 3072 2358 3144 Cyri
2411 3081 2468 3126 et
2526 3072 2690 3126 Marci
2745 3073 3098 3140 evangelista
3142 3073 3392 3142 reliquiae
3433 3075 3486 3128 in
3518 3075 3630 3130 hoc

2041 3165 2166 3218 vico
2219 3173 2642 3233 reponerentnr.
2679 3164 2769 3217 Sic
2803 3164 2948 3217 enim
2984 3163 3122 3226 fore,
3152 3172 3211 3217 nt
3249 3179 3278 3217 a
3309 3167 3622 3219 daemonum

2042 3264 2381 3310 nocumento
2415 3255 2706 3308 liberetur.
2729 3254 2841 3308 Cur
2864 3265 3050 3307 autem
3078 3270 3187 3308 non
3219 3254 3450 3309 Joannis
3479 3272 3622 3325 quo—

2040 3364 2149 3417 que
2178 3349 2398 3412 dixerit,
2431 3348 2564 3400 satis
2592 3347 2815 3416 quidem
2848 3359 3128 3400 emensum
3165 3356 3250 3401 est
3307 3363 3336 3400 a
3394 3348 3629 3418 Cyrillo,

2039 3450 2127 3494 est
2178 3450 2360 3493 autem
2415 3439 2674 3492 omnibus
2721 3453 2942 3507 quoque
3003 3455 3100 3507 per
3153 3454 3211 3492 se
3247 3440 3622 3502 manifestum,

2039 3531 2186 3600 quod
2216 3532 2437 3585 nomine
2471 3530 2618 3600 Cyri.
2644 3533 2871 3584 (mmino
2900 3531 3134 3585 Joannis
3161 3547 3380 3600 quoque
3411 3549 3618 3586 nomen

2041 3623 2203 3677 simul
2232 3623 2563 3676 ostenditur.
2598 3621 2754 3675 Sient
2782 3622 2930 3674 enim
2976 3637 3158 3675 mores
3191 3631 3321 3675 sunt
3349 3623 3433 3677 eis
3470 3639 3622 3676 com-

2045 3731 2262 3774 munes,
2287 3726 2342 3768 et
2369 3730 2490 3784 quae
2517 3724 2742 3782 propter
2761 3713 3041 3767 Christum
3068 3713 3209 3767 facta
3231 3726 3315 3769 est
3340 3715 3626 3770 confessio

2040 3818 2097 3862 ct
2155 3809 2574 3866 consummatio.
2631 3807 2705 3859 ita
2777 3807 2941 3859 etiam
2977 3807 3208 3874 simplex
3249 3817 3336 3861 est
3394 3813 3632 3861 omnino

2039 3894 2258 3954 \‘oeatio
2286 3908 2343 3954 et
2370 3899 2509 3952 citra
2550 3899 2721 3952 ullum
2749 3898 3070 3952 discrimen.
3110 3897 3249 3952 Hinc
3281 3899 3334 3952 in
3361 3899 3623 3954 Manuthc

2040 3994 2352 4063 martyricae
2414 4007 2607 4046 eorum
2665 3991 2912 4059 reliquiae
2973 3991 3244 4044 vicesimo
3320 4002 3379 4046 et
3427 4003 3634 4046 octavo

2039 4084 2247 4138 mensis
2265 4083 2412 4137 Junii
2443 4083 2701 4151 praeclare
2725 4082 2972 4156 simulet
2995 4091 3346 4136 sacrosancte
3381 4082 3622 4138 transfe-

2043 4183 2262 4235 runtur,
2291 4174 2400 4229 vici
2439 4174 2687 4229 custodia
2723 4174 2822 4242 (4),
2859 4174 3168 4229 daemonum
3195 4175 3341 4246 fuga,
3364 4176 3638 4230 amorbis.

2040 4265 2294 4321 liheratio
2322 4283 2336 4321 :
2370 4275 2425 4320 et
2445 4267 2765 4321 nunelocus
2787 4275 2873 4320 est
2907 4267 3017 4321 Deo
3048 4277 3424 4331 consecratus,
3453 4268 3627 4320 illius-

2043 4375 2149 4428 qne
2205 4359 2545 4428 martyribus
2588 4368 2644 4412 et
2691 4358 3056 4421 administris,
3107 4357 3280 4427 gratia
3327 4357 3629 4411 clementis

364 4445 501 4514 τιμὴ
531 4445 626 4497 καὶ
660 4449 1034 4518 προσκύνησις
1065 4451 1165 4503 σὺν
1190 4450 1268 4520 τῷ
1298 4452 1521 4521 άνάρχῳ
1547 4452 1644 4504 καὶ
1689 4451 1940 4520 ζωοποιῷ

2044 4451 2263 4504 Domini
2293 4450 2467 4505 nostri
2493 4450 2623 4506 Jesu
2655 4449 2885 4510 Christi,
2917 4463 3080 4518 quem
3109 4449 3268 4502 decet
3299 4447 3480 4502 omnis
3509 4448 3624 4517 glo-

366 4535 532 4589 αὐτοῦ
587 4537 888 4610 ῐινεύματι,
932 4540 1026 4592 νῦν
1061 4541 1156 4594 καὶ
1196 4542 1286 4595 ἀεὶ
1324 4543 1420 4595 καὶ
1469 4545 1550 4604 εἰς
1579 4543 1703 4605 τοὺς
1737 4545 1938 4606 αἰῶνας

367 4625 476 4679 τῶν
506 4626 740 4686 αἰώνων.
789 4631 984 4703 Ἀμήν.

2047 4544 2150 4604 ria,
2193 4543 2368 4596 honor
2419 4552 2476 4596 et
2522 4541 2798 4606 adoratio,
2850 4557 2998 4596 nunc
3024 4550 3080 4595 et
3113 4553 3334 4609 semper
3357 4547 3414 4594 et
3444 4539 3498 4592 in
3525 4552 3640 4592 saw

2046 4635 2169 4688 cuia
2194 4635 2544 4690 saeculorum.
2571 4633 2766 4692 Amen.

437 4808 520 4881 (4)
554 4773 665 4867 Vici
689 4811 954 4869 custodia.
986 4811 1112 4870 Ilaec
1135 4829 1246 4870 non
1272 4812 1435 4870 habet
1456 4830 1559 4870 ms.
1581 4823 1790 4871 noster.
1831 4811 1987 4868 Eutr.
2023 4812 2187 4869 Pun.
2226 4879 2232 4886 _
