4126 6454
565 336 3516 380 Mm

3142 341 3798 379 mm

989 605 1776 784 MENSIS
1908 505 3351 789 FEBRUABIUS.

1132 1289 1488 1405 VlTA
1574 1285 2103 1401 SANCTl
2184 1242 2807 1398 EPHB/EM
2895 1283 3284 1397 SYRI.

1864 1556 2221 1638 (Februarii
2281 1556 2385 1618 die
2437 1555 2521 1635 1.)

1373 1769 1528 1835 [Opp.
1558 1770 1610 1821 S.
1640 1770 1869 1832 Ephrsem
1889 1770 1970 1819 ed.
2000 1768 2263 1821 'Assemani
2290 1774 2407 1818 tom.
2435 1769 2520 1830 lll,
2542 1771 2711 1823 Rome
2738 1772 2856 1821 I732
2880 1752 2991 1836 fol.]

1878 2088 2502 2180 MONITUM.

651 2345 726 2391 ω
751 2334 996 2405 Nysseno
1022 2331 1309 2402 desumpta
1337 2340 1422 2385 est
1459 2329 1735 2398 Ephrazmi
1765 2328 1906 2394 Vita,
1933 2345 2054 2398 quae
2074 2327 2328 2400 Symeoni
2356 2327 2737 2399 Metaphrastze
2781 2327 3124 2395 inscribitur,
3156 2330 3475 2403 incipitque
3496 2332 3584 2388 his
3612 2334 3812 2390 verbis:

578 2424 814 2496 Ἑφραῒμ
855 2425 883 2476 ὁ
928 2422 1231 2493 θαυμάσιος
1269 2461 1284 2484 ,
1327 2420 1577 2490 ΕρΙινωηι
1620 2417 1708 2470 ille
1740 2416 2092 2470 admirabilis.
2127 2416 2169 2471 E

2212 2416 2404 2472 Graeco
2447 2419 2503 2472 in
2537 2417 2790 2472 Latinum
2842 2420 3125 2474 transtulit
3163 2420 3485 2477 Gentianus
3521 2422 3812 2479 Hervetus:

560 2526 740 2571 exstat
782 2524 965 2569 autem
999 2513 1194 2568 Latine
1238 2513 1383 2583 apud
1423 2512 1784 2581 Lipomanum
1826 2519 1882 2563 et
1914 2509 2260 2571 Suriumdie
2299 2511 2325 2565 1
2355 2510 2641 2566 Februarii
2679 2519 2736 2565 et
2768 2511 2824 2566 in
2860 2512 3075 2568 Latinis
3111 2515 3400 2585 Ephraami
3459 2518 3811 2581 editionibus;

561 2608 750 2663 Graece
773 2623 905 2663 vero
930 2610 984 2661 in
1013 2607 1258 2663 editione
1278 2605 1597 2670 Oxoniensi,
1633 2621 1756 2676 pag.
1801 2605 1924 2660 455.
1949 2604 2233 2675 Tanquam
2263 2606 2975 2677 genuinuszetapbrastae
3006 2624 3148 2679 opus
3187 2612 3452 2681 agnoscit
3483 2613 3710 2668 Allatius
3729 2612 3812 2668 lib.

568 2701 642 2756 De
670 2702 989 2774 Symeouum
1011 2705 1222 2773 scriptis
1249 2720 1268 2770 ;
1301 2700 1580 2757 l'lanckius
1628 2717 1749 2772 par.
1792 2719 1807 2756 ι
1849 2701 1924 2754 De
1956 2703 2201 2770 scriptor.
2233 2701 2484 2773 Byzant.,
2518 2718 2639 2773 cap.
2663 2704 2756 2767 24,
2789 2704 3004 2762 Caveus
3034 2707 3102 2761 ad
3128 2722 3341 2762 annum
3382 2708 3592 2764 Christi
3621 2711 3739 2773 901,
3767 2716 3817 2761 et

563 2796 851 2851 Fabricius
884 2797 1131 2852 Biblioth.
1153 2796 1441 2853 erchb.
1461 2811 1535 2854 vt,
1558 2810 1682 2866 pag.
1714 2793 1912 2848 52th
1943 2792 2336 2862 manuscriptis
2361 2795 2507 2849 enim
2531 2796 2817 2852 codicibus
2837 2799 3102 2854 disertum
3134 2798 3418 2871 Symeonis
3438 2802 3812 2873 Metaphrastaz,

564 2907 685 2958 seu,
715 2890 1012 2961 Logothetaz
1035 2906 1234 2946 nomen
1272 2890 1513 2961 praefert.
1545 2891 1683 2945 Vide
1714 2890 1841 2944 cod.
1877 2889 1997 2942 Vat.
2019 2887 2144 2953 455,
2172 2904 2296 2959 pag.
2323 2890 2460 2956 356;
2507 2892 2631 2946 eod.
2666 2892 2787 2946 Vat.
2824 2891 2949 2957 8-18,
2985 2909 3104 2964 pag.
3132 2894 3278 2961 306;
3315 2896 3445 2950 cod.
3500 2897 3624 2951 Vat.
3670 2897 3808 2963 1608,

564 3005 689 3058 pag.
720 2986 815 3052 16;
857 2987 977 3042 cod.
1013 2986 1186 3042 Palat.
1248 2984 1374 3047 508,
1401 3000 1522 3056 pag.
1574 2983 1700 3049 148,
1743 2982 1867 3038 cod.
1901 2982 2174 3038 Clement.
2228 2983 2317 3046 51,
2391 3000 2514 3055 pag.
2546 2987 2598 3051 1,
2650 2995 2707 3039 et
2749 2987 2874 3040 cod.
2934 2986 3162 3041 Coislin.
3221 2988 3361 3053 507,
3391 3006 3545 3044 num.
3600 2989 3681 3043 14.
3718 2988 3817 3044 Sed

561 3086 748 3142 Graeca
779 3082 1112 3153 exemplaria
1150 3081 1255 3137 sibi
1287 3098 1395 3137 non
1414 3079 1751 3136 conveniunt
1785 3077 1969 3148 quoad
2010 3078 2228 3133 initium
2271 3078 2392 3148 ejus
2416 3079 2552 3133 Vita:
2586 3096 2601 3132 :
2655 3079 2905 3148 quaedam
2937 3080 3085 3135 enim
3111 3080 3191 3134 sic
3222 3080 3431 3137 habent
3459 3101 3472 3136 :
3513 3079 3742 3151 Ἐφραῒμ
3786 3080 3821 3131 6⁸

563 3180 868 3251 θαυμάσιος
903 3178 1007 3247 ἔφυ
1041 3176 1141 3245 μὲν
1168 3177 1232 3228 ὲκ
1263 3175 1360 3244 τῆς
1383 3174 1573 3245 Σύρων
1606 3173 1736 3243 γῆς,
1766 3173 1977 3235 πόλεως
2028 3170 2318 3239 Ἐδέσσης,
2355 3172 2698 3240 Χριστιανῶν
2730 3173 2953 3240 γονέων.
3001 3172 3293 3244 Ἐλόμενος
3318 3175 3379 3228 δὲ
3429 3175 3528 3246 τὴν
3549 3174 3738 3243 ἀρετὴν
3754 3174 3814 3224 ἐκ

563 3278 780 3346 νηπίου.
823 3273 1072 3341 Ephrwm
1105 3269 1195 3323 ille
1230 3267 1584 3332 admirabilis,
1617 3276 1779 3321 natus
1814 3267 1911 3336 fuit
1952 3266 2008 3319 in
2036 3263 2217 3336 Syria,
2245 3267 2301 3318 in
2325 3266 2532 3319 civitate
2559 3258 2781 3331 Edessa,
2823 3265 3140 3323 Christianis
3170 3270 3504 3338 parentibus.
3546 3269 3675 3324 Cum
3718 3284 3810 3323 au—

567 3386 669 3430 tem
687 3376 924 3444 elegisset
952 3373 1198 3425 virtutem
1229 3368 1293 3422 ab
1330 3368 1585 3437 infantia,
1609 3378 1718 3422 etc.
1752 3366 1831 3420 Ita
1864 3365 1998 3434 legit
2025 3364 2302 3433 vertitque
2338 3362 2635 3429 liervetns,
2662 3372 2718 3419 et
2757 3380 2824 3419 ex
2868 3364 2962 3418 illo
2991 3364 3200 3419 habent
3234 3364 3600 3435 Lipomanus,
3632 3364 3811 3418 Surius

563 3482 622 3527 et
653 3470 921 3526 Vossius:
953 3466 1146 3537 sicque
1177 3463 1372 3534 incipit
1403 3462 1579 3518 codex
1616 3461 1915 3517 Vaticanus
1939 3459 2061 3525 818,
2089 3474 2216 3529 pag.
2244 3459 2369 3515 306.
2396 3460 2630 3529 Reliqua
2659 3475 2794 3515 vero
2833 3461 3038 3526 omnia,
3074 3476 3197 3530 qua:
3219 3476 3290 3515 ex
3325 3461 3590 3516 Vaticana
3623 3460 3807 3515 biblio-

568 3572 728 3625 theca
751 3566 1025 3629 recensui,
1053 3564 1357 3624 volumina,
1386 3576 1598 3616 necnon
1645 3560 1946 3631 Anglicana
1992 3576 2060 3614 cx
2090 3560 2294 3629 quibus
2331 3560 2660 3617 Oxoniensis
2684 3562 2856 3619 editio
2886 3563 3151 3620 adornata
3183 3576 3292 3632 est,
3321 3565 3393 3621 de
3436 3565 3635 3620 Edessa
3686 3555 3808 3611 nihil

567 3664 794 3727 habent,
830 3659 924 3714 sed
954 3657 1202 3713 absolute
1226 3655 1500 3724 incipiunt
1527 3653 1676 3707 hunc
1701 3652 1756 3707 in
1802 3652 2070 3707 modum:
2120 3653 2196 3722 Ἐς

2181 3651 2362 3723 φραῒμ
2388 3654 2417 3705 ὁ
2452 3653 2757 3722 θαυμάσιος
2788 3653 2890 3724 ἔφυ
2935 3656 3033 3724 μὲν
3067 3658 3131 3711 ἐκ
3164 3658 3264 3728 τῆς
3292 3659 3484 3730 Σύρων
3506 3653 3630 3724 γῆς.
3677 3647 3810 3700 Ἐλύ-

570 3774 730 3830 μενος
760 3756 818 3810 δὲ
856 3754 957 3825 τὴν
982 3751 1182 3823 ἀρετὴν
1206 3752 1273 3803 ἐκ
1307 3748 1534 3818 νηπίουο
1575 3762 1697 3815 qua:
1724 3746 1890 3800 verba
1929 3746 1982 3800 in
2011 3746 2134 3801 cod.
2166 3746 2199 3802 C

2179 3746 2439 3802 Dlement.
2467 3747 2557 3810 51,
2588 3763 2710 3817 pag.
2755 3763 2795 3814 ι,
2829 3750 2991 3818 paulo
3012 3751 3171 3805 aliter
3195 3752 3626 3822 ampliﬁcantur.
3650 3747 3808 3812 Atque

564 3850 670 3906 hoc
712 3859 1055 3920 postremum
1102 3842 1368 3914 Nysseno,
1395 3841 1780 3911 Metaphrasta:
1812 3855 1875 3895 ac
1909 3839 2218 3895 Sozomeno
2244 3851 2674 3896 consentaneum
2720 3852 2825 3907 est,
2858 3844 3065 3912 quibus
3094 3844 3425 3914 Ephrannns
3474 3841 3796 3906 Nisibin,vel

564 3946 730 3999 aliam
765 3944 911 4000 circa
938 3957 1058 3998 eam
1089 3940 1285 3994 urbem
1319 3939 1522 4001 locum,
1549 3952 1660 3990 non
1710 3936 1971 3991 Edessam
2010 3936 2272 3992 habuisse
2309 3938 2543 4007 patriam
2575 3936 2800 3993 dicitur.
2835 3939 3126 4004 Hervetus,
3165 3949 3222 3995 et
3255 3943 3349 4012 qui
3382 3956 3508 3997 eum
3543 3938 3677 4009 typis
3703 3934 3808 3988 vnl-

564 4046 763 4109 garnnt
813 4037 1168 4106 Lipomanus,
1201 4032 1397 4087 Surius
1437 4031 1668 4100 aliique,
1690 4045 1817 4085 cum
1874 4030 2034 4084 initio
2064 4031 2202 4086 Vita:
2260 4047 2359 4101 per
2410 4022 2821 4102 Metaphrasten
2872 4033 3057 4099 editae,
3086 4035 3439 4104 Ephraemum
3480 4025 3730 4106 legissent
3760 4030 3807 4081 in

561 4132 771 4185 civitate
799 4128 997 4182 Edessa
1022 4135 1208 4180 natum
1250 4126 1430 4196 fuisse,
1466 4124 1752 4196 sequentia
1778 4124 2164 4192 Metaphrasta:
2193 4126 2384 4190 verba,
2421 4125 2625 4195 quibus
2685 4128 3023 4181 contrarium
3057 4131 3349 4195 asseritur,
3384 4130 3471 4185 vel
3506 4144 3615 4183 non
3662 4121 3809 4179 intel-

565 4222 841 4284 lexerunt,
874 4218 960 4272 vel
991 4218 1254 4272 mutanda
1281 4233 1404 4273 esse
1438 4225 1780 4273 censuerunt
1806 4234 1819 4269 :
1853 4216 1934 4270 sic
1961 4223 2144 4270 autem
2171 4217 2335 4272 habet
2361 4232 2428 4272 ex
2450 4218 2697 4290 Nysseno
2714 4221 3110 4291 Metaphrastes
3142 4241 3157 4277 :
3194 4224 3305 4277 Kal.
3339 4224 3471 4294 περὶ
3488 4224 3584 4293 τὴν
3612 4219 3798 4290 ἔρημον

573 4316 952 4385 αὑλιζόμενοε,
985 4317 1050 4368 ὲκ
1076 4315 1242 4368 τόπου
1284 4312 1341 4367 δὲ
1365 4315 1565 4377 τόπους
1600 4307 1866 4383 ἀμείϐων,
1899 4311 2088 4382 ψυχῶν
2121 4313 2412 4383 οἰκοδομῆς
2452 4314 2614 4385 χάριν
2645 4317 2742 4369 καὶ
2766 4315 3058 4385 ὠφελείας,
3087 4316 3183 4370 ἅτε
3241 4323 3336 4371 καὶ
3378 4317 3652 4386 Πνεύματι
3696 4308 3808 4375 θείῳ

573 4405 913 4475 κινούμενος,
933 4406 1306 4476 ἀπολιμπάνει
1331 4406 1462 4459 ποτὲ
1493 4405 1593 4475 τὴν
1622 4404 2001 4475 ἐνεγκαμένην
2029 4404 2169 4459 κατὰ
2196 4405 2258 4457 τὸ
2275 4405 2420 4459 Θεῖον
2447 4409 2541 4460 καὶ
2559 4402 2713 4471 οὗτος
2747 4408 3005 4479 Ἀϐραὰμ
3033 4409 3370 4475 κελευσθεὶς,
3400 4410 3494 4463 καὶ
3517 4406 3630 4477 τὴν·
3648 4402 3809 4457 Ἐδεσ-

579 4498 748 4550 σενῶν
779 4500 934 4553 πόλιν
954 4498 1385 4565 καταλαμϐάνει.
1411 4498 1517 4563 Qui
1539 4513 1659 4551 cum
1678 4497 1941 4551 habitaret
1974 4499 2029 4552 in
2063 4496 2208 4552 soliti

2193 4496 2372 4561 udine,
2409 4507 2457 4551 et
2476 4496 2601 4551 locis
2628 4497 2740 4553 loco
2764 4500 2984 4554 subinde
3012 4512 3242 4555 mutaret
3280 4509 3496 4573 propter
3514 4494 3818 4564 adiﬁcatiOg

583 4611 700 4650 nem
731 4606 781 4650 et
810 4595 1095 4651 utilitatem
1118 4597 1442 4661 animarum,
1468 4597 1642 4666 sicque
1687 4613 1719 4650 a
1743 4586 1918 4649 divino
1976 4597 2347 4649 admoneretur
2379 4593 2606 4665 Spiritu,
2632 4594 2843 4666 reliquit
2881 4597 3168 4667 aliquando
3213 4597 3313 4669 τὴν
3340 4595 3705 4667 ἐνεγκαμένην
3721 4604 3807 4660 pa-

583 4691 742 4757 triam
761 4691 878 4759 (seu
895 4687 1073 4742 natale
1084 4686 1283 4757 solum)
1296 4688 1452 4757 jussu
1471 4689 1647 4741 divino
1661 4687 1801 4741 alter
1813 4689 1910 4742 iste
1926 4686 2219 4750 Abraham,
2234 4694 2283 4739 et
2308 4688 2363 4740 in
2395 4688 2661 4741 civitatem
2680 4688 3065 4743 Edessenorum
3085 4690 3244 4743 venit.
3263 4690 3305 4746 li
3323 4706 3456 4746 vero
3481 4690 3554 4744 ita
3569 4686 3807 4742 vertunt:

575 4784 678 4851 Qui
706 4799 826 4838 cum
862 4783 1123 4856 habitaret
1161 4783 1215 4836 in
1259 4783 1559 4849 solitudine,
1590 4801 1652 4838 ac
1688 4783 1813 4838 locis
1838 4783 1952 4837 loca
1978 4782 2195 4835 subinde
2233 4791 2485 4846 mutaret,
2520 4793 2737 4855 prapter
2784 4783 3186 4852 aediﬁcationem
3219 4794 3269 4838 et
3301 4784 3581 4839 utilitatem
3614 4777 3810 4833 anima-

575 4894 693 4934 ram
724 4879 897 4949 sicque
916 4896 948 4933 a
983 4877 1158 4931 diuino
1180 4877 1555 4932 admoneretur
1589 4876 1814 4949 Spiritu,
1848 4878 2059 4949 reliquit
2095 4876 2384 4948 aliquando
2405 4877 2745 4933 solitudinem
2769 4879 2927 4948 jussu
2952 4876 3229 4947 diviniore,
3254 4892 3302 4935 et
3322 4879 3543 4951 ferventi
3572 4858 3811 4928 desiderio

574 4975 632 5028 in
663 4988 817 5025 suam
864 4972 1003 5024 venit
1038 4970 1267 5041 patriam
1299 4969 1580 5025 Edessam.
1606 4971 1771 5040 Atqui
1802 4970 2201 5042 Metaphrastes
2229 4988 2295 5026 ex
2322 4971 2571 5043 Nysseno
2599 4970 2796 5025 scribit
2827 4969 3179 5040 Ephraemum
3210 4988 3322 5027 non
3346 4967 3675 5025 solitudinem
3696 4956 3808 5013 reli'

581 5063 790 5130 quisse,
828 5070 886 5115 et
904 5060 959 5114 in
976 5075 1130 5115 suam
1166 5062 1404 5131 patriam
1435 5061 1696 5117 Edessam
1724 5062 1977 5130 venisse;
2003 5062 2095 5118 sed
2121 5063 2297 5133 patria
2323 5078 2421 5118 sua
2448 5061 2734 5122 derelicta.
2767 5063 2822 5116 in
2843 5063 3109 5116 civitatem
3135 5063 3520 5120 Edessenorum
3544 5056 3805 5126 migrasse.

582 5157 949 5226 ἁπολιμπάνει
980 5156 1110 5210 ποτὲ
1145 5159 1242 5229 τὴν
1271 5158 1664 5227 ὲνεγκαμένην,
1702 5158 1798 5212 καὶ
1821 5158 1919 5229 τὴν
1969 5159 2211 5212 Ἐδεσσεν

2171 5157 2299 5212 ενῶν
2331 5158 2487 5212 πόλιν
2530 5156 2969 5227 καταλαμϐάνει,
2998 5156 3209 5228 reliquit
3251 5154 3535 5228 aliquando
3567 5145 3800 5221 patriam.

575 5259 629 5303 et
647 5254 701 5306 in
723 5251 1110 5306 Edessenorum
1138 5253 1316 5308 urbem
1345 5253 1472 5306 abiit
1492 5270 1510 5307 :
1546 5252 1797 5327 adeoque
1826 5253 1932 5309 alia
1962 5253 2068 5308 fuit
2089 5253 2365 5322 Ephrazmi
2398 5255 2780 5324 patria,quam
2805 5252 3121 5322 dereliquit,
3150 5261 3207 5308 et
3231 5253 3334 5309 alia
3367 5250 3499 5306 urbs
3522 5245 3733 5301 Edessa.
3756 5232 3803 5286 ίη

572 5359 737 5415 quam
781 5345 1054 5417 migravit.
1074 5344 1395 5401 Versionem
1434 5355 1680 5400 nostram
1706 5345 1988 5418 Nyssenus
2037 5345 2201 5402 confit

2171 5347 2331 5402 irmat
2359 5363 2374 5401 :
2420 5347 2706 5420 Ἐντεῦθεν
2734 5349 2832 5418 τὴν
2862 5348 3271 5421 ἐνεγκαμένην,
3304 5349 3378 5409 ὡς
3402 5349 3429 5397 ὁ
3448 5344 3584 5402 θεῖος
3618 5334 3800 5389 ἐκεῖνος

585 5441 901 5505 κελευσθεὶς
923 5439 1202 5512 Ἀϐραὰμ,
1235 5440 1335 5510 τὴν
1364 5440 1695 5495 Ἐδεσσενῶν
1750 5441 2020 5496 κατέλαϐε
2052 5442 2211 5497 πόλιν

2173 5459 2229 5497 .ν.
2263 5442 2408 5498 Unde
2431 5442 2840 5514 patriam,sicut
2867 5442 3073 5502 divinus
3107 5441 3202 5496 ille
3228 5441 3512 5501 Abraham,
3535 5433 3802 5498 relinque“

565 5537 769 5606 jussus,
811 5538 1199 5594 Edessenorum
1231 5537 1412 5592 urbem
1439 5539 1608 5609 petiit.
1649 5538 1786 5595 Vide
1814 5539 2075 5595 Vossium
2099 5548 2232 5595 tom.
2270 5540 2313 5605 Ι,
2354 5555 2477 5611 pag.
2507 5540 2562 5605 5,
2593 5540 2739 5596 linea
2771 5539 3101 5612 penultima.
3138 5540 3349 5606 Quibus
3378 5534 3555 5591 verbis
3582 5523 3786 5586 dubium

574 5648 736 5690 omne
764 5634 1047 5705 eximitur,
1078 5634 1224 5711 quod
1246 5633 1542 5690 Bollandus
1569 5634 1775 5706 aliique
1812 5636 1880 5691 de
1920 5635 2096 5706 patria
2124 5638 2396 5710 Ephratmi
2430 5645 2674 5694 movent.
