  <div class='ocr_page' id='page_1' title='image "/cluster/home/n/w/nwhite01/storage/ocr_20150623/114:no.1/coo.31924054870187/634.png"; bbox 0 0 4126 6422; ppageno 0'>
   <div class='ocr_carea' id='block_1_1' title="bbox 346 237 484 301">
    <p class='ocr_par' dir='ltr' id='par_1_1' title="bbox 346 237 484 301">
     <span class='ocr_line' id='line_1_1' title="bbox 346 237 484 301; baseline -0.014 0"><span class='ocrx_word' id='word_1_1' title='bbox 346 237 484 301; x_wconf 59' lang='grc' dir='ltr'><strong>ιῖὗῖ</strong></span> 
     </span>
    </p>
   </div>
   <div class='ocr_carea' id='block_1_2' title="bbox 340 391 1551 421">
    <p class='ocr_par' dir='ltr' id='par_1_2' title="bbox 340 391 1551 421">
     <span class='ocr_line' id='line_1_2' title="bbox 340 391 1551 421; baseline -0.007 -4"><span class='ocrx_word' id='word_1_2' title='bbox 340 391 1551 421; x_wconf 49' lang='lat' dir='ltr'><strong>Wa.”—</strong></span> 
     </span>
    </p>
   </div>
   <div class='ocr_carea' id='block_1_3' title="bbox 1541 237 2430 300">
    <p class='ocr_par' dir='ltr' id='par_1_3' title="bbox 1541 237 2430 300">
     <span class='ocr_line' id='line_1_3' title="bbox 1541 237 2430 300; baseline -0.001 0"><span class='ocrx_word' id='word_1_3' title='bbox 1541 239 1716 300; x_wconf 74' lang='lat' dir='ltr'><strong>VITA</strong></span> <span class='ocrx_word' id='word_1_4' title='bbox 1749 239 1811 298; x_wconf 93' lang='lat' dir='ltr'><strong>S.</strong></span> <span class='ocrx_word' id='word_1_5' title='bbox 1852 237 2193 299; x_wconf 74' lang='grc' dir='ltr'><strong>ΕΡΗΒίΈΜ</strong></span> <span class='ocrx_word' id='word_1_6' title='bbox 2229 238 2430 299; x_wconf 79' lang='lat' dir='ltr'><strong>SYRI.</strong></span> 
     </span>
    </p>
   </div>
   <div class='ocr_carea' id='block_1_4' title="bbox 1997 394 2149 409">
    <p class='ocr_par' dir='ltr' id='par_1_4' title="bbox 1997 394 2149 409">
     <span class='ocr_line' id='line_1_4' title="bbox 1997 394 2149 409; baseline -0.007 0"><span class='ocrx_word' id='word_1_7' title='bbox 1997 394 2149 409; x_wconf 46' lang='grc' dir='ltr'><strong>ψ.</strong></span> 
     </span>
    </p>
   </div>
   <div class='ocr_carea' id='block_1_5' title="bbox 3478 240 3615 305">
    <p class='ocr_par' dir='ltr' id='par_1_5' title="bbox 3478 240 3615 305">
     <span class='ocr_line' id='line_1_5' title="bbox 3478 240 3615 305; baseline 0 0"><span class='ocrx_word' id='word_1_8' title='bbox 3478 240 3615 305; x_wconf 63' lang='grc'><strong>1354</strong></span> 
     </span>
    </p>
   </div>
   <div class='ocr_carea' id='block_1_6' title="bbox 1173 502 2754 697">
    <p class='ocr_par' dir='ltr' id='par_1_6' title="bbox 1173 502 2754 697">
     <span class='ocr_line' id='line_1_6' title="bbox 1173 502 2754 697; baseline -0.004 -1"><span class='ocrx_word' id='word_1_9' title='bbox 1173 579 1539 697; x_wconf 80' lang='grc' dir='ltr'><strong>ΒΙοΣ</strong></span> <span class='ocrx_word' id='word_1_10' title='bbox 1637 579 1918 692; x_wconf 88' lang='grc' dir='ltr'><strong>ΚΑΙ</strong></span> <span class='ocrx_word' id='word_1_11' title='bbox 1995 569 2754 691; x_wconf 87' lang='grc' dir='ltr'><strong>ΠΟΛΙΤΕΙΑ</strong></span> 
     </span>
    </p>
   </div>
   <div class='ocr_carea' id='block_1_7' title="bbox 1571 799 2392 851">
    <p class='ocr_par' dir='ltr' id='par_1_7' title="bbox 1571 799 2392 851">
     <span class='ocr_line' id='line_1_7' title="bbox 1571 799 2392 851; baseline -0.001 0"><span class='ocrx_word' id='word_1_12' title='bbox 1571 803 1696 851; x_wconf 82' lang='grc' dir='ltr'><strong>ΤΟΥ</strong></span> <span class='ocrx_word' id='word_1_13' title='bbox 1733 802 1911 850; x_wconf 80' lang='grc' dir='ltr'>ΟΣΙΟΥ</span> <span class='ocrx_word' id='word_1_14' title='bbox 1948 799 2175 850; x_wconf 73' lang='grc' dir='ltr'><strong>ΠΑΤΡΟΣ</strong></span> <span class='ocrx_word' id='word_1_15' title='bbox 2210 800 2392 850; x_wconf 75' lang='grc' dir='ltr'><strong>ΠΜΩΝ</strong></span> 
     </span>
    </p>
   </div>
   <div class='ocr_carea' id='block_1_8' title="bbox 773 908 3100 1147">
    <p class='ocr_par' dir='ltr' id='par_1_8' title="bbox 773 908 3100 1147">
     <span class='ocr_line' id='line_1_8' title="bbox 773 908 3100 1147; baseline 0.003 -7"><span class='ocrx_word' id='word_1_16' title='bbox 773 908 1697 1141; x_wconf 79' lang='grc' dir='ltr'><strong>ἘΦΡΑΙΜ</strong></span> <span class='ocrx_word' id='word_1_17' title='bbox 1788 961 2233 1135; x_wconf 81' lang='grc' dir='ltr'><strong>ΤΟΥ</strong></span> <span class='ocrx_word' id='word_1_18' title='bbox 2319 963 3100 1147; x_wconf 80' lang='grc' dir='ltr'><strong>ΣΥΡΟΥ.</strong></span> 
     </span>
    </p>
   </div>
   <div class='ocr_carea' id='block_1_9' title="bbox 1198 1422 2764 1546">
    <p class='ocr_par' dir='ltr' id='par_1_9' title="bbox 1198 1422 2764 1546">
     <span class='ocr_line' id='line_1_9' title="bbox 1198 1422 2764 1546; baseline -0.001 0"><span class='ocrx_word' id='word_1_19' title='bbox 1198 1426 1554 1546; x_wconf 80' lang='lat' dir='ltr'><strong>VITA</strong></span> <span class='ocrx_word' id='word_1_20' title='bbox 1640 1425 1825 1538; x_wconf 92' lang='lat' dir='ltr'>ET</span> <span class='ocrx_word' id='word_1_21' title='bbox 1912 1422 2177 1537; x_wconf 85' lang='lat' dir='ltr'><strong>RES</strong></span> <span class='ocrx_word' id='word_1_22' title='bbox 2254 1427 2764 1544; x_wconf 65' lang='lat' dir='ltr'><strong>GESTAE</strong></span> 
     </span>
    </p>
   </div>
   <div class='ocr_carea' id='block_1_10' title="bbox 644 1606 3334 1891">
    <p class='ocr_par' dir='ltr' id='par_1_10' title="bbox 644 1606 3334 1891">
     <span class='ocr_line' id='line_1_10' title="bbox 644 1606 3334 1891; baseline -0.002 0"><span class='ocrx_word' id='word_1_23' title='bbox 644 1711 817 1891; x_wconf 85' lang='lat' dir='ltr'><strong>s.</strong></span> <span class='ocrx_word' id='word_1_24' title='bbox 959 1713 1157 1885; x_wconf 89' lang='lat' dir='ltr'><strong>P.</strong></span> <span class='ocrx_word' id='word_1_25' title='bbox 1298 1711 1498 1885; x_wconf 88' lang='lat' dir='ltr'><strong>N.</strong></span> <span class='ocrx_word' id='word_1_26' title='bbox 1636 1705 2627 1885; x_wconf 59' lang='lat' dir='ltr'><strong>EPHBXEM</strong></span> <span class='ocrx_word' id='word_1_27' title='bbox 2767 1606 3334 1889; x_wconf 79' lang='lat' dir='ltr'><strong>SYBl.</strong></span> 
     </span>
    </p>
   </div>
   <div class='ocr_carea' id='block_1_11' title="bbox 397 2120 1977 2235">
    <p class='ocr_par' dir='ltr' id='par_1_11' title="bbox 397 2120 1977 2230">
     <span class='ocr_line' id='line_1_11' title="bbox 397 2120 1977 2230; baseline -0.004 -14"><span class='ocrx_word' id='word_1_28' title='bbox 397 2163 477 2216; x_wconf 80' lang='lat' dir='ltr'><strong>A&#39;.</strong></span> <span class='ocrx_word' id='word_1_29' title='bbox 523 2120 1139 2230; x_wconf 75' lang='grc' dir='ltr'>Ἑφραῒμὸοαυμάσιος</span> <span class='ocrx_word' id='word_1_30' title='bbox 1187 2155 1291 2226; x_wconf 70' lang='grc' dir='ltr'>ἔφυ</span> <span class='ocrx_word' id='word_1_31' title='bbox 1339 2155 1439 2229; x_wconf 68' lang='grc' dir='ltr'>μὲν</span> <span class='ocrx_word' id='word_1_32' title='bbox 1478 2158 1544 2213; x_wconf 82' lang='grc' dir='ltr'>ὲκ</span> <span class='ocrx_word' id='word_1_33' title='bbox 1596 2157 1696 2227; x_wconf 82' lang='grc' dir='ltr'><strong>τῆς</strong></span> <span class='ocrx_word' id='word_1_34' title='bbox 1731 2156 1920 2228; x_wconf 79' lang='grc' dir='ltr'>Σύρων</span> <span class='ocrx_word' id='word_1_35' title='bbox 1947 2159 1977 2219; x_wconf 73' lang='grc' dir='ltr'>,Α</span> 
     </span>
    </p>
   </div>
   <div class='ocr_carea' id='block_1_12' title="bbox 2014 2120 3606 2235">
    <p class='ocr_par' dir='ltr' id='par_1_12' title="bbox 2094 2156 3606 2235">
     <span class='ocr_line' id='line_1_12' title="bbox 2094 2156 3606 2235; baseline 0.007 -24"><span class='ocrx_word' id='word_1_36' title='bbox 2094 2156 2136 2213; x_wconf 92' lang='grc'><strong>1.</strong></span> <span class='ocrx_word' id='word_1_37' title='bbox 2168 2157 2423 2228; x_wconf 72' lang='lat' dir='ltr'><strong>Ephraem</strong></span> <span class='ocrx_word' id='word_1_38' title='bbox 2458 2157 2549 2215; x_wconf 87' lang='lat' dir='ltr'><strong>ille</strong></span> <span class='ocrx_word' id='word_1_39' title='bbox 2580 2158 2924 2216; x_wconf 79' lang='lat' dir='ltr'><strong>admirabilis</strong></span> <span class='ocrx_word' id='word_1_40' title='bbox 2972 2177 3003 2216; x_wconf 90' lang='lat' dir='ltr'><strong>e</strong></span> <span class='ocrx_word' id='word_1_41' title='bbox 3060 2160 3323 2234; x_wconf 85' lang='lat' dir='ltr'><strong>Syrorum</strong></span> <span class='ocrx_word' id='word_1_42' title='bbox 3382 2165 3606 2235; x_wconf 82' lang='lat' dir='ltr'><strong>regione</strong></span> 
     </span>
    </p>
   </div>
   <div class='ocr_carea' id='block_1_13' title="bbox 328 2250 1917 2326">
    <p class='ocr_par' dir='ltr' id='par_1_13' title="bbox 328 2250 1917 2326">
     <span class='ocr_line' id='line_1_13' title="bbox 328 2250 1917 2326; baseline -0.002 -16"><span class='ocrx_word' id='word_1_43' title='bbox 328 2256 454 2326; x_wconf 68' lang='grc' dir='ltr'>τῆς.</span> <span class='ocrx_word' id='word_1_44' title='bbox 472 2256 756 2326; x_wconf 84' lang='grc' dir='ltr'>Ἑλόμενος</span> <span class='ocrx_word' id='word_1_45' title='bbox 780 2254 837 2308; x_wconf 83' lang='grc' dir='ltr'>δὲ</span> <span class='ocrx_word' id='word_1_46' title='bbox 865 2253 965 2325; x_wconf 82' lang='grc' dir='ltr'>τὴν</span> <span class='ocrx_word' id='word_1_47' title='bbox 983 2250 1185 2326; x_wconf 82' lang='grc' dir='ltr'>ἀρετὴν</span> <span class='ocrx_word' id='word_1_48' title='bbox 1206 2255 1270 2307; x_wconf 84' lang='grc' dir='ltr'>ὲκ</span> <span class='ocrx_word' id='word_1_49' title='bbox 1302 2253 1524 2324; x_wconf 86' lang='grc' dir='ltr'>νηπίου,</span> <span class='ocrx_word' id='word_1_50' title='bbox 1555 2255 1917 2325; x_wconf 70' lang='grc' dir='ltr'>φυλάττεσθαι</span> 
     </span>
    </p>
   </div>
   <div class='ocr_carea' id='block_1_14' title="bbox 332 2343 1913 2416">
    <p class='ocr_par' dir='ltr' id='par_1_14' title="bbox 332 2343 1913 2416">
     <span class='ocr_line' id='line_1_14' title="bbox 332 2343 1913 2416; baseline -0.001 -16"><span class='ocrx_word' id='word_1_51' title='bbox 332 2347 431 2415; x_wconf 79' lang='grc' dir='ltr'>μὲν</span> <span class='ocrx_word' id='word_1_52' title='bbox 463 2347 553 2400; x_wconf 71' lang='grc' dir='ltr'><strong>ἀεὶ</strong></span> <span class='ocrx_word' id='word_1_53' title='bbox 577 2346 672 2400; x_wconf 73' lang='grc' dir='ltr'>καὶ</span> <span class='ocrx_word' id='word_1_54' title='bbox 697 2343 923 2414; x_wconf 81' lang='grc' dir='ltr'><strong>φεύγειν</strong></span> <span class='ocrx_word' id='word_1_55' title='bbox 946 2345 1045 2408; x_wconf 86' lang='grc' dir='ltr'><strong>τὰς</strong></span> <span class='ocrx_word' id='word_1_56' title='bbox 1098 2344 1417 2409; x_wconf 75' lang='grc' dir='ltr'>ἐπιϐλαϐεῖς</span> <span class='ocrx_word' id='word_1_57' title='bbox 1443 2347 1556 2399; x_wconf 84' lang='grc' dir='ltr'><strong>τῶν</strong></span> <span class='ocrx_word' id='word_1_58' title='bbox 1604 2346 1913 2416; x_wconf 72' lang='grc' dir='ltr'><strong>ἡλικιωτῶν</strong></span> 
     </span>
    </p>
   </div>
   <div class='ocr_carea' id='block_1_15' title="bbox 328 2437 1919 2511">
    <p class='ocr_par' dir='ltr' id='par_1_15' title="bbox 328 2437 1919 2511">
     <span class='ocr_line' id='line_1_15' title="bbox 328 2437 1919 2511; baseline 0.001 -21"><span class='ocrx_word' id='word_1_59' title='bbox 328 2439 590 2492; x_wconf 68' lang='grc' dir='ltr'>ἐσπουδεν</span> <span class='ocrx_word' id='word_1_60' title='bbox 641 2437 889 2508; x_wconf 85' lang='grc' dir='ltr'>ὁμιλίας.</span> <span class='ocrx_word' id='word_1_61' title='bbox 922 2437 1138 2508; x_wconf 86' lang='grc' dir='ltr'>Ὠμίλει</span> <span class='ocrx_word' id='word_1_62' title='bbox 1190 2438 1247 2492; x_wconf 81' lang='grc' dir='ltr'>δὲ</span> <span class='ocrx_word' id='word_1_63' title='bbox 1295 2439 1541 2510; x_wconf 83' lang='grc' dir='ltr'>συνεχῶς</span> <span class='ocrx_word' id='word_1_64' title='bbox 1572 2440 1772 2511; x_wconf 85' lang='grc' dir='ltr'>μᾶλλον</span> <span class='ocrx_word' id='word_1_65' title='bbox 1805 2441 1919 2504; x_wconf 82' lang='grc' dir='ltr'>τοῖς</span> 
     </span>
    </p>
   </div>
   <div class='ocr_carea' id='block_1_16' title="bbox 330 2529 1915 2604">
    <p class='ocr_par' dir='ltr' id='par_1_16' title="bbox 330 2529 1915 2604">
     <span class='ocr_line' id='line_1_16' title="bbox 330 2529 1915 2604; baseline 0.002 -21"><span class='ocrx_word' id='word_1_66' title='bbox 330 2533 494 2602; x_wconf 81' lang='grc' dir='ltr'>ἱεροῖς</span> <span class='ocrx_word' id='word_1_67' title='bbox 517 2531 627 2585; x_wconf 86' lang='grc' dir='ltr'><strong>τῶν</strong></span> <span class='ocrx_word' id='word_1_68' title='bbox 645 2531 880 2603; x_wconf 80' lang='grc' dir='ltr'>Γραφῶν</span> <span class='ocrx_word' id='word_1_69' title='bbox 904 2529 1135 2600; x_wconf 81' lang='grc' dir='ltr'>βιϐλίοις</span> <span class='ocrx_word' id='word_1_70' title='bbox 1158 2550 1171 2561; x_wconf 88' lang='grc'><strong>·</strong></span> <span class='ocrx_word' id='word_1_71' title='bbox 1201 2533 1296 2586; x_wconf 75' lang='grc' dir='ltr'>καὶ</span> <span class='ocrx_word' id='word_1_72' title='bbox 1323 2533 1357 2601; x_wconf 79' lang='grc' dir='ltr'><strong>ἡ</strong></span> <span class='ocrx_word' id='word_1_73' title='bbox 1381 2534 1510 2601; x_wconf 77' lang='grc' dir='ltr'>περὶ</span> <span class='ocrx_word' id='word_1_74' title='bbox 1542 2532 1681 2586; x_wconf 87' lang='grc' dir='ltr'><strong>αὐτὰ</strong></span> <span class='ocrx_word' id='word_1_75' title='bbox 1710 2533 1915 2604; x_wconf 82' lang='grc' dir='ltr'>σπουδή</span> 
     </span>
    </p>
   </div>
   <div class='ocr_carea' id='block_1_17' title="bbox 326 2621 1919 2697">
    <p class='ocr_par' dir='ltr' id='par_1_17' title="bbox 326 2621 1919 2697">
     <span class='ocr_line' id='line_1_17' title="bbox 326 2621 1919 2697; baseline 0 -21"><span class='ocrx_word' id='word_1_76' title='bbox 326 2640 408 2685; x_wconf 77' lang='grc' dir='ltr'><strong>τε,</strong></span> <span class='ocrx_word' id='word_1_77' title='bbox 444 2622 539 2676; x_wconf 79' lang='grc' dir='ltr'>καὶ</span> <span class='ocrx_word' id='word_1_78' title='bbox 558 2621 748 2692; x_wconf 78' lang='grc' dir='ltr'>σχολὴ,</span> <span class='ocrx_word' id='word_1_79' title='bbox 771 2622 867 2676; x_wconf 75' lang='grc' dir='ltr'>καὶ</span> <span class='ocrx_word' id='word_1_80' title='bbox 893 2622 1092 2692; x_wconf 80' lang='grc' dir='ltr'><strong>μελέτη</strong></span> <span class='ocrx_word' id='word_1_81' title='bbox 1120 2624 1300 2692; x_wconf 84' lang='grc' dir='ltr'>πάσης</span> <span class='ocrx_word' id='word_1_82' title='bbox 1325 2624 1542 2696; x_wconf 82' lang='grc' dir='ltr'>ὑπῆρχε</span> <span class='ocrx_word' id='word_1_83' title='bbox 1563 2623 1640 2695; x_wconf 84' lang='grc' dir='ltr'>τῷ</span> <span class='ocrx_word' id='word_1_84' title='bbox 1675 2624 1919 2697; x_wconf 76' lang='grc' dir='ltr'>Ἓφραῒμ</span> 
     </span>
    </p>
   </div>
   <div class='ocr_carea' id='block_1_18' title="bbox 332 2713 1916 2790">
    <p class='ocr_par' dir='ltr' id='par_1_18' title="bbox 332 2713 1916 2790">
     <span class='ocr_line' id='line_1_18' title="bbox 332 2713 1916 2790; baseline 0.001 -23"><span class='ocrx_word' id='word_1_85' title='bbox 332 2713 524 2787; x_wconf 73' lang='grc' dir='ltr'>ἡδονῆς</span> <span class='ocrx_word' id='word_1_86' title='bbox 581 2714 746 2784; x_wconf 80' lang='grc' dir='ltr'><strong>ἡδίων</strong></span> <span class='ocrx_word' id='word_1_87' title='bbox 783 2730 797 2744; x_wconf 80' lang='grc'><strong><em>⁸</em></strong></span> <span class='ocrx_word' id='word_1_88' title='bbox 827 2714 905 2778; x_wconf 85' lang='grc' dir='ltr'>ὡς</span> <span class='ocrx_word' id='word_1_89' title='bbox 943 2716 1033 2769; x_wconf 75' lang='grc' dir='ltr'><strong>καὶ</strong></span> <span class='ocrx_word' id='word_1_90' title='bbox 1077 2716 1241 2769; x_wconf 75' lang='grc' dir='ltr'>αὐτὸν</span> <span class='ocrx_word' id='word_1_91' title='bbox 1288 2716 1501 2786; x_wconf 83' lang='grc' dir='ltr'><strong>συνῳδὰ</strong></span> <span class='ocrx_word' id='word_1_92' title='bbox 1540 2716 1619 2786; x_wconf 80' lang='grc' dir='ltr'><strong>’τῷ</strong></span> <span class='ocrx_word' id='word_1_93' title='bbox 1651 2718 1916 2790; x_wconf 81' lang='grc' dir='ltr'>Προφήτῃ</span> 
     </span>
    </p>
   </div>
   <div class='ocr_carea' id='block_1_19' title="bbox 331 2805 1918 2878">
    <p class='ocr_par' dir='ltr' id='par_1_19' title="bbox 331 2805 1918 2878">
     <span class='ocr_line' id='line_1_19' title="bbox 331 2805 1918 2878; baseline 0.004 -21"><span class='ocrx_word' id='word_1_94' title='bbox 331 2806 546 2874; x_wconf 75' lang='grc' dir='ltr'>λέγειν·</span> <span class='ocrx_word' id='word_1_95' title='bbox 581 2808 675 2873; x_wconf 82' lang='grc' dir='ltr'>Ὠς</span> <span class='ocrx_word' id='word_1_96' title='bbox 697 2806 928 2877; x_wconf 75' lang='grc' dir='ltr'>γλυκέα</span> <span class='ocrx_word' id='word_1_97' title='bbox 947 2805 1029 2872; x_wconf 82' lang='grc' dir='ltr'>τῷ</span> <span class='ocrx_word' id='word_1_98' title='bbox 1054 2806 1313 2877; x_wconf 79' lang='grc' dir='ltr'><strong>λάρυγγί</strong></span> <span class='ocrx_word' id='word_1_99' title='bbox 1336 2825 1457 2878; x_wconf 85' lang='grc' dir='ltr'><strong>μου</strong></span> <span class='ocrx_word' id='word_1_100' title='bbox 1480 2811 1551 2864; x_wconf 86' lang='grc' dir='ltr'>τὰ</span> <span class='ocrx_word' id='word_1_101' title='bbox 1570 2808 1750 2878; x_wconf 74' lang='grc' dir='ltr'><strong>λόγιά</strong></span> <span class='ocrx_word' id='word_1_102' title='bbox 1774 2810 1918 2863; x_wconf 68' lang='grc' dir='ltr'>σου]</span> 
     </span>
    </p>
   </div>
   <div class='ocr_carea' id='block_1_20' title="bbox 342 2894 1911 2966">
    <p class='ocr_par' dir='ltr' id='par_1_20' title="bbox 342 2894 1911 2966">
     <span class='ocr_line' id='line_1_20' title="bbox 342 2894 1911 2966; baseline 0 -17"><span class='ocrx_word' id='word_1_103' title='bbox 342 2894 514 2964; x_wconf 77' lang='grc' dir='ltr'>Ὑπὲρ</span> <span class='ocrx_word' id='word_1_104' title='bbox 530 2895 673 2966; x_wconf 73' lang='grc' dir='ltr'>μέλι</span> <span class='ocrx_word' id='word_1_105' title='bbox 705 2894 788 2962; x_wconf 84' lang='grc' dir='ltr'>τῷ</span> <span class='ocrx_word' id='word_1_106' title='bbox 818 2896 1080 2965; x_wconf 80' lang='grc' dir='ltr'>στόματι</span> <span class='ocrx_word' id='word_1_107' title='bbox 1110 2912 1254 2965; x_wconf 82' lang='grc' dir='ltr'>μου.</span> <span class='ocrx_word' id='word_1_108' title='bbox 1402 2952 1407 2959; x_wconf 85' lang='lat'><em>_</em></span> <span class='ocrx_word' id='word_1_109' title='bbox 1906 2908 1911 2913; x_wconf 83' lang='grc'><strong>·</strong></span> 
     </span>
    </p>
   </div>
   <div class='ocr_carea' id='block_1_21' title="bbox 396 3070 1916 3153">
    <p class='ocr_par' dir='ltr' id='par_1_21' title="bbox 396 3070 1916 3153">
     <span class='ocr_line' id='line_1_21' title="bbox 396 3070 1916 3153; baseline 0.003 -25"><span class='ocrx_word' id='word_1_110' title='bbox 396 3075 472 3131; x_wconf 87' lang='lat' dir='ltr'><strong>B&#39;.</strong></span> <span class='ocrx_word' id='word_1_111' title='bbox 491 3070 775 3130; x_wconf 79' lang='grc' dir='ltr'><strong>Ἐντεῦθεν</strong></span> <span class='ocrx_word' id='word_1_112' title='bbox 797 3073 1097 3146; x_wconf 77' lang='grc' dir='ltr'><strong>σύντροφος</strong></span> <span class='ocrx_word' id='word_1_113' title='bbox 1126 3075 1277 3146; x_wconf 84' lang='grc' dir='ltr'><strong>αὐτῷ</strong></span> <span class='ocrx_word' id='word_1_114' title='bbox 1303 3076 1398 3131; x_wconf 76' lang='grc' dir='ltr'>καὶ</span> <span class='ocrx_word' id='word_1_115' title='bbox 1421 3077 1715 3150; x_wconf 70' lang='grc' dir='ltr'>ἡλικιώτης</span> <span class='ocrx_word' id='word_1_116' title='bbox 1746 3079 1916 3153; x_wconf 72' lang='grc' dir='ltr'>ἁρετὴ</span> 
     </span>
    </p>
   </div>
   <div class='ocr_carea' id='block_1_22' title="bbox 326 3165 1915 3242">
    <p class='ocr_par' dir='ltr' id='par_1_22' title="bbox 326 3165 1915 3242">
     <span class='ocr_line' id='line_1_22' title="bbox 326 3165 1915 3242; baseline 0.004 -23"><span class='ocrx_word' id='word_1_117' title='bbox 326 3168 502 3231; x_wconf 77' lang='grc' dir='ltr'>πᾶσα,</span> <span class='ocrx_word' id='word_1_118' title='bbox 538 3168 631 3221; x_wconf 84' lang='grc' dir='ltr'><strong>καί</strong></span> <span class='ocrx_word' id='word_1_119' title='bbox 658 3168 692 3236; x_wconf 86' lang='grc' dir='ltr'>ή</span> <span class='ocrx_word' id='word_1_120' title='bbox 728 3165 867 3236; x_wconf 83' lang='grc' dir='ltr'>πρὸς</span> <span class='ocrx_word' id='word_1_121' title='bbox 892 3168 1019 3232; x_wconf 83' lang='grc' dir='ltr'>τοὺς</span> <span class='ocrx_word' id='word_1_122' title='bbox 1048 3168 1250 3233; x_wconf 81' lang='grc' dir='ltr'>πόνους</span> <span class='ocrx_word' id='word_1_123' title='bbox 1277 3170 1511 3240; x_wconf 83' lang='grc' dir='ltr'>σπουδή.</span> <span class='ocrx_word' id='word_1_124' title='bbox 1556 3172 1669 3224; x_wconf 78' lang='grc' dir='ltr'><strong>Καὶ</strong></span> <span class='ocrx_word' id='word_1_125' title='bbox 1721 3173 1775 3224; x_wconf 84' lang='grc' dir='ltr'><strong>τί</strong></span> <span class='ocrx_word' id='word_1_126' title='bbox 1807 3174 1915 3242; x_wconf 78' lang='grc' dir='ltr'>γὰρ</span> 
     </span>
    </p>
   </div>
   <div class='ocr_carea' id='block_1_23' title="bbox 324 3258 1912 3335">
    <p class='ocr_par' dir='ltr' id='par_1_23' title="bbox 324 3258 1912 3335">
     <span class='ocr_line' id='line_1_23' title="bbox 324 3258 1912 3335; baseline 0.004 -24"><span class='ocrx_word' id='word_1_127' title='bbox 324 3261 388 3312; x_wconf 84' lang='grc' dir='ltr'><strong>ού</strong></span> <span class='ocrx_word' id='word_1_128' title='bbox 431 3258 569 3330; x_wconf 75' lang='grc' dir='ltr'>πρὸς</span> <span class='ocrx_word' id='word_1_129' title='bbox 617 3258 907 3329; x_wconf 75' lang='grc' dir='ltr'>ἀκρίϐειαν</span> <span class='ocrx_word' id='word_1_130' title='bbox 940 3260 1090 3332; x_wconf 81' lang='grc' dir='ltr'>αὐτῷ</span> <span class='ocrx_word' id='word_1_131' title='bbox 1134 3261 1517 3334; x_wconf 87' lang='grc' dir='ltr'>κατωρθὼθη;</span> <span class='ocrx_word' id='word_1_132' title='bbox 1558 3264 1620 3317; x_wconf 87' lang='grc' dir='ltr'><strong>ού</strong></span> <span class='ocrx_word' id='word_1_133' title='bbox 1649 3266 1912 3335; x_wconf 82' lang='grc' dir='ltr'>νηστεία;</span> 
     </span>
    </p>
   </div>
   <div class='ocr_carea' id='block_1_24' title="bbox 324 3343 1915 3425">
    <p class='ocr_par' dir='ltr' id='par_1_24' title="bbox 324 3343 1915 3425">
     <span class='ocr_line' id='line_1_24' title="bbox 324 3343 1915 3425; baseline 0.004 -21"><span class='ocrx_word' id='word_1_134' title='bbox 324 3352 428 3404; x_wconf 70' lang='grc' dir='ltr'>οὐκ</span> <span class='ocrx_word' id='word_1_135' title='bbox 464 3352 776 3421; x_wconf 80' lang='grc' dir='ltr'>ἁγρυπνία;</span> <span class='ocrx_word' id='word_1_136' title='bbox 828 3343 888 3405; x_wconf 83' lang='grc' dir='ltr'>οὐ</span> <span class='ocrx_word' id='word_1_137' title='bbox 936 3354 1249 3424; x_wconf 84' lang='grc' dir='ltr'>χαμευνία;</span> <span class='ocrx_word' id='word_1_138' title='bbox 1302 3354 1364 3407; x_wconf 85' lang='grc' dir='ltr'>οὐ</span> <span class='ocrx_word' id='word_1_139' title='bbox 1417 3355 1759 3425; x_wconf 77' lang='grc' dir='ltr'>χρηστότης;</span> <span class='ocrx_word' id='word_1_140' title='bbox 1814 3357 1915 3410; x_wconf 81' lang='grc' dir='ltr'>οὐκ</span> 
     </span>
    </p>
   </div>
   <div class='ocr_carea' id='block_1_25' title="bbox 324 3441 1911 3519">
    <p class='ocr_par' dir='ltr' id='par_1_25' title="bbox 324 3441 1911 3519">
     <span class='ocr_line' id='line_1_25' title="bbox 324 3441 1911 3519; baseline 0.005 -26"><span class='ocrx_word' id='word_1_141' title='bbox 324 3441 637 3509; x_wconf 59' lang='lat' dir='ltr'><strong>tutatuta;</strong></span> <span class='ocrx_word' id='word_1_142' title='bbox 663 3442 767 3497; x_wconf 77' lang='grc' dir='ltr'>οὐκ</span> <span class='ocrx_word' id='word_1_143' title='bbox 793 3444 1150 3515; x_wconf 72' lang='grc' dir='ltr'>ἁκτημοπύνη</span> <span class='ocrx_word' id='word_1_144' title='bbox 1176 3462 1191 3511; x_wconf 90' lang='lat'><strong>;</strong></span> <span class='ocrx_word' id='word_1_145' title='bbox 1221 3447 1323 3499; x_wconf 79' lang='grc' dir='ltr'>οὐκ</span> <span class='ocrx_word' id='word_1_146' title='bbox 1354 3447 1448 3500; x_wconf 74' lang='grc' dir='ltr'><strong>ἐπὶ</strong></span> <span class='ocrx_word' id='word_1_147' title='bbox 1472 3447 1712 3519; x_wconf 72' lang='grc' dir='ltr'>τοσούτῳ</span> <span class='ocrx_word' id='word_1_148' title='bbox 1743 3446 1911 3502; x_wconf 82' lang='grc' dir='ltr'>πλού-</span> 
     </span>
    </p>
   </div>
   <div class='ocr_carea' id='block_1_26' title="bbox 2021 2250 3602 2321">
    <p class='ocr_par' dir='ltr' id='par_1_26' title="bbox 2021 2250 3602 2321">
     <span class='ocr_line' id='line_1_26' title="bbox 2021 2250 3602 2321; baseline 0.006 -17"><span class='ocrx_word' id='word_1_149' title='bbox 2021 2260 2203 2305; x_wconf 79' lang='lat' dir='ltr'><strong>orturn</strong></span> <span class='ocrx_word' id='word_1_150' title='bbox 2232 2252 2409 2306; x_wconf 82' lang='lat' dir='ltr'><strong>duxit.</strong></span> <span class='ocrx_word' id='word_1_151' title='bbox 2436 2250 2573 2306; x_wconf 79' lang='lat' dir='ltr'><strong>Cum</strong></span> <span class='ocrx_word' id='word_1_152' title='bbox 2617 2261 2802 2310; x_wconf 81' lang='lat' dir='ltr'><strong>autem</strong></span> <span class='ocrx_word' id='word_1_153' title='bbox 2839 2253 3096 2321; x_wconf 69' lang='lat' dir='ltr'><strong>elegisset</strong></span> <span class='ocrx_word' id='word_1_154' title='bbox 3120 2256 3379 2312; x_wconf 86' lang='lat' dir='ltr'><strong>virtutem</strong></span> <span class='ocrx_word' id='word_1_155' title='bbox 3413 2258 3482 2312; x_wconf 89' lang='lat' dir='ltr'><strong>ab</strong></span> <span class='ocrx_word' id='word_1_156' title='bbox 3513 2258 3602 2312; x_wconf 87' lang='lat' dir='ltr'><strong>in-</strong></span> 
     </span>
    </p>
   </div>
   <div class='ocr_carea' id='block_1_27' title="bbox 2019 2340 3609 2414">
    <p class='ocr_par' dir='ltr' id='par_1_27' title="bbox 2019 2340 3609 2414">
     <span class='ocr_line' id='line_1_27' title="bbox 2019 2340 3609 2414; baseline 0.007 -20"><span class='ocrx_word' id='word_1_157' title='bbox 2019 2340 2214 2406; x_wconf 81' lang='lat' dir='ltr'><strong>fantia,</strong></span> <span class='ocrx_word' id='word_1_158' title='bbox 2253 2342 2446 2397; x_wconf 82' lang='lat' dir='ltr'><strong>noxias</strong></span> <span class='ocrx_word' id='word_1_159' title='bbox 2480 2359 2543 2397; x_wconf 88' lang='lat' dir='ltr'><strong>ac</strong></span> <span class='ocrx_word' id='word_1_160' title='bbox 2576 2345 2871 2399; x_wconf 85' lang='lat' dir='ltr'><strong>damnosas</strong></span> <span class='ocrx_word' id='word_1_161' title='bbox 2902 2346 3195 2414; x_wconf 57' lang='lat' dir='ltr'><strong>aequalium</strong></span> <span class='ocrx_word' id='word_1_162' title='bbox 3249 2350 3609 2405; x_wconf 81' lang='lat' dir='ltr'><strong>consuetudi-</strong></span> 
     </span>
    </p>
   </div>
   <div class='ocr_carea' id='block_1_28' title="bbox 2019 2434 3599 2506">
    <p class='ocr_par' dir='ltr' id='par_1_28' title="bbox 2019 2434 3599 2506">
     <span class='ocr_line' id='line_1_28' title="bbox 2019 2434 3599 2506; baseline 0.004 -18"><span class='ocrx_word' id='word_1_163' title='bbox 2019 2449 2119 2489; x_wconf 87' lang='lat' dir='ltr'><strong>nes</strong></span> <span class='ocrx_word' id='word_1_164' title='bbox 2143 2434 2842 2503; x_wconf 81' lang='lat' dir='ltr'><strong>scmperstudebatcavere</strong></span> <span class='ocrx_word' id='word_1_165' title='bbox 2862 2445 3027 2506; x_wconf 89' lang='lat' dir='ltr'><strong>atque</strong></span> <span class='ocrx_word' id='word_1_166' title='bbox 3052 2439 3246 2492; x_wconf 83' lang='lat' dir='ltr'><strong>vitare.</strong></span> <span class='ocrx_word' id='word_1_167' title='bbox 3271 2440 3599 2495; x_wconf 77' lang='lat' dir='ltr'><strong>Versabatur</strong></span> 
     </span>
    </p>
   </div>
   <div class='ocr_carea' id='block_1_29' title="bbox 2020 2527 3603 2600">
    <p class='ocr_par' dir='ltr' id='par_1_29' title="bbox 2020 2527 3603 2600">
     <span class='ocr_line' id='line_1_29' title="bbox 2020 2527 3603 2600; baseline 0.005 -22"><span class='ocrx_word' id='word_1_168' title='bbox 2020 2541 2155 2580; x_wconf 87' lang='lat' dir='ltr'><strong>vero</strong></span> <span class='ocrx_word' id='word_1_169' title='bbox 2189 2527 2412 2582; x_wconf 81' lang='lat' dir='ltr'><strong>assidue</strong></span> <span class='ocrx_word' id='word_1_170' title='bbox 2460 2529 2648 2596; x_wconf 87' lang='lat' dir='ltr'><strong>potius</strong></span> <span class='ocrx_word' id='word_1_171' title='bbox 2683 2527 2737 2581; x_wconf 92' lang='lat' dir='ltr'><strong>in</strong></span> <span class='ocrx_word' id='word_1_172' title='bbox 2770 2528 2946 2582; x_wconf 88' lang='lat' dir='ltr'><strong>sacris</strong></span> <span class='ocrx_word' id='word_1_173' title='bbox 2969 2528 3130 2583; x_wconf 78' lang='lat' dir='ltr'><strong>libris</strong></span> <span class='ocrx_word' id='word_1_174' title='bbox 3169 2529 3603 2600; x_wconf 84' lang='lat' dir='ltr'><strong>Scripturarnm,</strong></span> 
     </span>
    </p>
   </div>
   <div class='ocr_carea' id='block_1_30' title="bbox 2019 2618 3606 2687">
    <p class='ocr_par' dir='ltr' id='par_1_30' title="bbox 2019 2618 3606 2687">
     <span class='ocr_line' id='line_1_30' title="bbox 2019 2618 3606 2687; baseline 0.002 -14"><span class='ocrx_word' id='word_1_175' title='bbox 2019 2628 2077 2673; x_wconf 90' lang='lat' dir='ltr'><strong>et</strong></span> <span class='ocrx_word' id='word_1_176' title='bbox 2108 2618 2160 2672; x_wconf 91' lang='lat' dir='ltr'><strong>id</strong></span> <span class='ocrx_word' id='word_1_177' title='bbox 2200 2621 2343 2687; x_wconf 91' lang='lat' dir='ltr'><strong>quod</strong></span> <span class='ocrx_word' id='word_1_178' title='bbox 2386 2619 2439 2673; x_wconf 93' lang='lat' dir='ltr'><strong>in</strong></span> <span class='ocrx_word' id='word_1_179' title='bbox 2486 2634 2581 2673; x_wconf 88' lang='lat' dir='ltr'><strong>eas</strong></span> <span class='ocrx_word' id='word_1_180' title='bbox 2635 2618 2978 2685; x_wconf 79' lang='lat' dir='ltr'><strong>conferebat,</strong></span> <span class='ocrx_word' id='word_1_181' title='bbox 3024 2621 3297 2685; x_wconf 89' lang='lat' dir='ltr'><strong>studium,</strong></span> <span class='ocrx_word' id='word_1_182' title='bbox 3340 2623 3514 2677; x_wconf 91' lang='lat' dir='ltr'><strong>otium</strong></span> <span class='ocrx_word' id='word_1_183' title='bbox 3548 2635 3606 2677; x_wconf 87' lang='lat' dir='ltr'><strong>et</strong></span> 
     </span>
    </p>
   </div>
   <div class='ocr_carea' id='block_1_31' title="bbox 2018 2709 3600 2780">
    <p class='ocr_par' dir='ltr' id='par_1_31' title="bbox 2018 2709 3600 2780">
     <span class='ocr_line' id='line_1_31' title="bbox 2018 2709 3600 2780; baseline 0.001 -17"><span class='ocrx_word' id='word_1_184' title='bbox 2018 2709 2305 2764; x_wconf 74' lang='lat' dir='ltr'><strong>meditatio</strong></span> <span class='ocrx_word' id='word_1_185' title='bbox 2337 2721 2457 2764; x_wconf 87' lang='lat' dir='ltr'><strong>erat</strong></span> <span class='ocrx_word' id='word_1_186' title='bbox 2484 2710 2735 2779; x_wconf 50' lang='lat' dir='ltr'><strong>Ephra’m</strong></span> <span class='ocrx_word' id='word_1_187' title='bbox 2770 2711 2965 2779; x_wconf 87' lang='lat' dir='ltr'><strong>quavis</strong></span> <span class='ocrx_word' id='word_1_188' title='bbox 3004 2711 3292 2780; x_wconf 81' lang='lat' dir='ltr'><strong>voluptate</strong></span> <span class='ocrx_word' id='word_1_189' title='bbox 3337 2713 3600 2778; x_wconf 85' lang='lat' dir='ltr'><strong>suavior;</strong></span> 
     </span>
    </p>
   </div>
   <div class='ocr_carea' id='block_1_32' title="bbox 2019 2803 3603 2873">
    <p class='ocr_par' dir='ltr' id='par_1_32' title="bbox 2019 2803 3603 2873">
     <span class='ocr_line' id='line_1_32' title="bbox 2019 2803 3603 2873; baseline 0.001 -16"><span class='ocrx_word' id='word_1_190' title='bbox 2019 2804 2294 2872; x_wconf 83' lang='lat' dir='ltr'><strong>adeoque,</strong></span> <span class='ocrx_word' id='word_1_191' title='bbox 2336 2812 2396 2858; x_wconf 90' lang='lat' dir='ltr'><strong>ut</strong></span> <span class='ocrx_word' id='word_1_192' title='bbox 2443 2803 2561 2871; x_wconf 66' lang='lat' dir='ltr'><strong>ipse</strong></span> <span class='ocrx_word' id='word_1_193' title='bbox 2598 2819 2820 2873; x_wconf 89' lang='lat' dir='ltr'><strong>quoque</strong></span> <span class='ocrx_word' id='word_1_194' title='bbox 2849 2805 3061 2859; x_wconf 87' lang='lat' dir='ltr'><strong>diceret</strong></span> <span class='ocrx_word' id='word_1_195' title='bbox 3103 2805 3503 2859; x_wconf 78' lang='lat' dir='ltr'><strong>convenienter</strong></span> <span class='ocrx_word' id='word_1_196' title='bbox 3538 2806 3603 2859; x_wconf 85' lang='lat' dir='ltr'><strong>il-</strong></span> 
     </span>
    </p>
   </div>
   <div class='ocr_carea' id='block_1_33' title="bbox 2018 2896 3603 2967">
    <p class='ocr_par' dir='ltr' id='par_1_33' title="bbox 2018 2896 3603 2967">
     <span class='ocr_line' id='line_1_33' title="bbox 2018 2896 3603 2967; baseline 0.002 -18"><span class='ocrx_word' id='word_1_197' title='bbox 2018 2896 2107 2951; x_wconf 90' lang='lat' dir='ltr'><strong>lud</strong></span> <span class='ocrx_word' id='word_1_198' title='bbox 2136 2897 2460 2966; x_wconf 68' lang='lat' dir='ltr'><strong>Prophetas:</strong></span> <span class='ocrx_word' id='word_1_199' title='bbox 2493 2896 2667 2961; x_wconf 83' lang='lat' dir='ltr'><strong>Quam</strong></span> <span class='ocrx_word' id='word_1_200' title='bbox 2702 2896 2881 2950; x_wconf 75' lang='lat' dir='ltr'><strong>dulcia</strong></span> <span class='ocrx_word' id='word_1_201' title='bbox 2913 2905 3036 2951; x_wconf 85' lang='lat' dir='ltr'><strong>sunt</strong></span> <span class='ocrx_word' id='word_1_202' title='bbox 3084 2899 3287 2967; x_wconf 77' lang='lat' dir='ltr'><strong>gutturi</strong></span> <span class='ocrx_word' id='word_1_203' title='bbox 3346 2914 3460 2952; x_wconf 86' lang='lat' dir='ltr'><strong>meo</strong></span> <span class='ocrx_word' id='word_1_204' title='bbox 3493 2899 3603 2952; x_wconf 80' lang='lat' dir='ltr'><strong>elo-</strong></span> 
     </span>
    </p>
   </div>
   <div class='ocr_carea' id='block_1_34' title="bbox 2014 2985 2961 3057">
    <p class='ocr_par' dir='ltr' id='par_1_34' title="bbox 2014 2985 2961 3057">
     <span class='ocr_line' id='line_1_34' title="bbox 2014 2985 2961 3057; baseline 0.003 -18"><span class='ocrx_word' id='word_1_205' title='bbox 2014 2988 2139 3057; x_wconf 81' lang='lat' dir='ltr'><strong>quia</strong></span> <span class='ocrx_word' id='word_1_206' title='bbox 2173 2989 2301 3040; x_wconf 84' lang='lat' dir='ltr'><strong>tua!</strong></span> <span class='ocrx_word' id='word_1_207' title='bbox 2337 2985 2506 3057; x_wconf 83' lang='lat' dir='ltr'><strong>Super</strong></span> <span class='ocrx_word' id='word_1_208' title='bbox 2548 2989 2651 3041; x_wconf 74' lang='lat' dir='ltr'><strong>mel</strong></span> <span class='ocrx_word' id='word_1_209' title='bbox 2681 2991 2762 3042; x_wconf 79' lang='lat' dir='ltr'><strong>ori</strong></span> <span class='ocrx_word' id='word_1_210' title='bbox 2787 3005 2898 3042; x_wconf 88' lang='lat' dir='ltr'><strong>meo</strong></span> <span class='ocrx_word' id='word_1_211' title='bbox 2919 2988 2961 3043; x_wconf 83' lang='grc'><strong>¹.</strong></span> 
     </span>
    </p>
   </div>
   <div class='ocr_carea' id='block_1_35' title="bbox 2085 3078 3597 3141">
    <p class='ocr_par' dir='ltr' id='par_1_35' title="bbox 2085 3078 3597 3141">
     <span class='ocr_line' id='line_1_35' title="bbox 2085 3078 3597 3141; baseline 0.003 -9"><span class='ocrx_word' id='word_1_212' title='bbox 2085 3078 2151 3133; x_wconf 92' lang='lat' dir='ltr'><strong>ll.</strong></span> <span class='ocrx_word' id='word_1_213' title='bbox 2177 3079 2314 3134; x_wconf 85' lang='lat' dir='ltr'><strong>Hinc</strong></span> <span class='ocrx_word' id='word_1_214' title='bbox 2355 3088 2539 3132; x_wconf 88' lang='lat' dir='ltr'><strong>autem</strong></span> <span class='ocrx_word' id='word_1_215' title='bbox 2566 3078 2769 3133; x_wconf 84' lang='lat' dir='ltr'><strong>factum</strong></span> <span class='ocrx_word' id='word_1_216' title='bbox 2791 3088 2973 3141; x_wconf 89' lang='lat' dir='ltr'><strong>est,ut</strong></span> <span class='ocrx_word' id='word_1_217' title='bbox 3004 3078 3073 3134; x_wconf 89' lang='lat' dir='ltr'><strong>ab</strong></span> <span class='ocrx_word' id='word_1_218' title='bbox 3104 3079 3327 3135; x_wconf 86' lang='lat' dir='ltr'><strong>ineunte</strong></span> <span class='ocrx_word' id='word_1_219' title='bbox 3357 3089 3517 3136; x_wconf 60' lang='lat' dir='ltr'><strong>aptate</strong></span> <span class='ocrx_word' id='word_1_220' title='bbox 3546 3082 3597 3136; x_wconf 89' lang='lat' dir='ltr'><strong>ei</strong></span> 
     </span>
    </p>
   </div>
   <div class='ocr_carea' id='block_1_36' title="bbox 2014 3171 3600 3245">
    <p class='ocr_par' dir='ltr' id='par_1_36' title="bbox 2014 3171 3600 3245">
     <span class='ocr_line' id='line_1_36' title="bbox 2014 3171 3600 3245; baseline 0.004 -22"><span class='ocrx_word' id='word_1_221' title='bbox 2014 3171 2191 3225; x_wconf 88' lang='lat' dir='ltr'><strong>virtus</strong></span> <span class='ocrx_word' id='word_1_222' title='bbox 2225 3173 2404 3227; x_wconf 90' lang='lat' dir='ltr'><strong>omnis</strong></span> <span class='ocrx_word' id='word_1_223' title='bbox 2427 3172 2784 3238; x_wconf 85' lang='lat' dir='ltr'><strong>coalesceret,</strong></span> <span class='ocrx_word' id='word_1_224' title='bbox 2817 3188 2882 3228; x_wconf 88' lang='lat' dir='ltr'><strong>ae</strong></span> <span class='ocrx_word' id='word_1_225' title='bbox 2898 3174 3151 3245; x_wconf 75' lang='lat' dir='ltr'><strong>diligens</strong></span> <span class='ocrx_word' id='word_1_226' title='bbox 3178 3176 3424 3230; x_wconf 87' lang='lat' dir='ltr'><strong>studium</strong></span> <span class='ocrx_word' id='word_1_227' title='bbox 3457 3177 3600 3231; x_wconf 83' lang='lat' dir='ltr'><strong>tole-</strong></span> 
     </span>
    </p>
   </div>
   <div class='ocr_carea' id='block_1_37' title="bbox 2018 3262 3599 3337">
    <p class='ocr_par' dir='ltr' id='par_1_37' title="bbox 2018 3262 3599 3337">
     <span class='ocr_line' id='line_1_37' title="bbox 2018 3262 3599 3337; baseline 0.003 -22"><span class='ocrx_word' id='word_1_228' title='bbox 2018 3262 2318 3316; x_wconf 83' lang='lat' dir='ltr'><strong>randorum</strong></span> <span class='ocrx_word' id='word_1_229' title='bbox 2344 3263 2629 3318; x_wconf 78' lang='lat' dir='ltr'><strong>laborum.</strong></span> <span class='ocrx_word' id='word_1_230' title='bbox 2657 3264 2801 3337; x_wconf 84' lang='lat' dir='ltr'><strong>Quid</strong></span> <span class='ocrx_word' id='word_1_231' title='bbox 2840 3266 2991 3320; x_wconf 84' lang='lat' dir='ltr'><strong>enim</strong></span> <span class='ocrx_word' id='word_1_232' title='bbox 3019 3283 3127 3321; x_wconf 92' lang='lat' dir='ltr'><strong>non</strong></span> <span class='ocrx_word' id='word_1_233' title='bbox 3161 3268 3230 3320; x_wconf 81' lang='lat' dir='ltr'><strong>ab</strong></span> <span class='ocrx_word' id='word_1_234' title='bbox 3258 3282 3324 3323; x_wconf 91' lang='lat' dir='ltr'><strong>eo</strong></span> <span class='ocrx_word' id='word_1_235' title='bbox 3369 3272 3517 3321; x_wconf 77' lang='lat' dir='ltr'><strong>r&#39;ectc</strong></span> <span class='ocrx_word' id='word_1_236' title='bbox 3542 3278 3599 3322; x_wconf 90' lang='lat' dir='ltr'><strong>et</strong></span> 
     </span>
    </p>
   </div>
   <div class='ocr_carea' id='block_1_38' title="bbox 2014 3352 3602 3428">
    <p class='ocr_par' dir='ltr' id='par_1_38' title="bbox 2014 3352 3602 3428">
     <span class='ocr_line' id='line_1_38' title="bbox 2014 3352 3602 3428; baseline 0.002 -21"><span class='ocrx_word' id='word_1_237' title='bbox 2014 3352 2260 3423; x_wconf 84' lang='lat' dir='ltr'><strong>perfecte</strong></span> <span class='ocrx_word' id='word_1_238' title='bbox 2312 3365 2525 3424; x_wconf 79' lang='lat' dir='ltr'><strong>gestum</strong></span> <span class='ocrx_word' id='word_1_239' title='bbox 2569 3355 2828 3410; x_wconf 85' lang='lat' dir='ltr'><strong>est?non</strong></span> <span class='ocrx_word' id='word_1_240' title='bbox 2857 3357 3168 3428; x_wconf 83' lang='lat' dir='ltr'><strong>jejunium?</strong></span> <span class='ocrx_word' id='word_1_241' title='bbox 3211 3373 3320 3412; x_wconf 91' lang='lat' dir='ltr'><strong>non</strong></span> <span class='ocrx_word' id='word_1_242' title='bbox 3368 3357 3602 3428; x_wconf 65' lang='lat' dir='ltr'><strong>vigilia?</strong></span> 
     </span>
    </p>
   </div>
   <div class='ocr_carea' id='block_1_39' title="bbox 2016 3444 3600 3516">
    <p class='ocr_par' dir='ltr' id='par_1_39' title="bbox 2016 3444 3600 3516">
     <span class='ocr_line' id='line_1_39' title="bbox 2016 3444 3600 3516; baseline 0.001 -19"><span class='ocrx_word' id='word_1_243' title='bbox 2016 3458 2127 3497; x_wconf 90' lang='lat' dir='ltr'><strong>non</strong></span> <span class='ocrx_word' id='word_1_244' title='bbox 2179 3444 2601 3500; x_wconf 84' lang='lat' dir='ltr'><strong>humicubalio?</strong></span> <span class='ocrx_word' id='word_1_245' title='bbox 2632 3462 2742 3500; x_wconf 89' lang='lat' dir='ltr'><strong>non</strong></span> <span class='ocrx_word' id='word_1_246' title='bbox 2792 3446 3152 3516; x_wconf 80' lang='lat' dir='ltr'><strong>benignitas?</strong></span> <span class='ocrx_word' id='word_1_247' title='bbox 3176 3463 3285 3502; x_wconf 87' lang='lat' dir='ltr'><strong>non</strong></span> <span class='ocrx_word' id='word_1_248' title='bbox 3339 3448 3545 3502; x_wconf 81' lang='lat' dir='ltr'><strong>lenitas</strong></span> <span class='ocrx_word' id='word_1_249' title='bbox 3577 3448 3600 3499; x_wconf 84' lang='lat'><strong>?</strong></span> 
     </span>
    </p>
   </div>
   <div class='ocr_carea' id='block_1_40' title="bbox 320 3507 1977 3610">
    <p class='ocr_par' dir='ltr' id='par_1_40' title="bbox 320 3507 1977 3610">
     <span class='ocr_line' id='line_1_40' title="bbox 320 3507 1977 3610; baseline 0.008 -24"><span class='ocrx_word' id='word_1_250' title='bbox 320 3552 403 3604; x_wconf 83' lang='grc' dir='ltr'>τῳ</span> <span class='ocrx_word' id='word_1_251' title='bbox 427 3535 535 3587; x_wconf 82' lang='grc' dir='ltr'><strong>τῶν</strong></span> <span class='ocrx_word' id='word_1_252' title='bbox 566 3507 812 3602; x_wconf 55' lang='grc' dir='ltr'>ἀγαθῶν,</span> <span class='ocrx_word' id='word_1_253' title='bbox 839 3507 992 3608; x_wconf 42' lang='lat' dir='ltr'><strong>xui-ﬂ</strong></span> <span class='ocrx_word' id='word_1_254' title='bbox 1023 3507 1536 3608; x_wconf 73' lang='grc' dir='ltr'>ταπεινοφροσύνης</span> <span class='ocrx_word' id='word_1_255' title='bbox 1566 3523 1627 3592; x_wconf 80' lang='grc' dir='ltr'>οὖ</span> <span class='ocrx_word' id='word_1_256' title='bbox 1654 3507 1762 3610; x_wconf 72' lang='grc' dir='ltr'>μὴν</span> <span class='ocrx_word' id='word_1_257' title='bbox 1788 3540 1911 3598; x_wconf 79' lang='grc' dir='ltr'>οὐδὲ</span> <span class='ocrx_word' id='word_1_258' title='bbox 1942 3507 1977 3562; x_wconf 67' lang='grc' dir='ltr'><strong>Β</strong></span> 
     </span>
    </p>
   </div>
   <div class='ocr_carea' id='block_1_41' title="bbox 2014 3507 3601 3610">
    <p class='ocr_par' dir='ltr' id='par_1_41' title="bbox 2014 3536 3601 3607">
     <span class='ocr_line' id='line_1_41' title="bbox 2014 3536 3601 3607; baseline 0.001 -18"><span class='ocrx_word' id='word_1_259' title='bbox 2014 3550 2122 3589; x_wconf 87' lang='lat' dir='ltr'><strong>non</strong></span> <span class='ocrx_word' id='word_1_260' title='bbox 2155 3536 2295 3590; x_wconf 86' lang='lat' dir='ltr'><strong>nihil</strong></span> <span class='ocrx_word' id='word_1_261' title='bbox 2332 3536 2619 3605; x_wconf 83' lang='lat' dir='ltr'><strong>possidere</strong></span> <span class='ocrx_word' id='word_1_262' title='bbox 2644 3538 2668 3590; x_wconf 63' lang='grc' dir='ltr'><strong>ἲ</strong></span> <span class='ocrx_word' id='word_1_263' title='bbox 2698 3536 2818 3592; x_wconf 83' lang='grc' dir='ltr'><strong>Νοη</strong></span> <span class='ocrx_word' id='word_1_264' title='bbox 2859 3538 2917 3592; x_wconf 89' lang='lat' dir='ltr'><strong>in</strong></span> <span class='ocrx_word' id='word_1_265' title='bbox 2962 3539 3129 3592; x_wconf 87' lang='lat' dir='ltr'><strong>tantis</strong></span> <span class='ocrx_word' id='word_1_266' title='bbox 3156 3539 3426 3592; x_wconf 79' lang='lat' dir='ltr'><strong>bonnrnm</strong></span> <span class='ocrx_word' id='word_1_267' title='bbox 3484 3539 3601 3607; x_wconf 82' lang='lat' dir='ltr'><strong>opi-</strong></span> 
     </span>
    </p>
   </div>
   <div class='ocr_carea' id='block_1_42' title="bbox 322 3622 1910 3701">
    <p class='ocr_par' dir='ltr' id='par_1_42' title="bbox 322 3622 1910 3701">
     <span class='ocr_line' id='line_1_42' title="bbox 322 3622 1910 3701; baseline 0.005 -24"><span class='ocrx_word' id='word_1_268' title='bbox 322 3622 420 3677; x_wconf 82' lang='grc' dir='ltr'>τοῦ</span> <span class='ocrx_word' id='word_1_269' title='bbox 445 3623 832 3679; x_wconf 79' lang='grc' dir='ltr'>διδασκαλικοῦ</span> <span class='ocrx_word' id='word_1_270' title='bbox 867 3626 1211 3697; x_wconf 82' lang='grc' dir='ltr'><strong>χαρίσματος</strong></span> <span class='ocrx_word' id='word_1_271' title='bbox 1240 3628 1470 3701; x_wconf 83' lang='grc' dir='ltr'>ἄμοιρος</span> <span class='ocrx_word' id='word_1_272' title='bbox 1498 3624 1587 3700; x_wconf 80' lang='grc' dir='ltr'><strong>ἦν,</strong></span> <span class='ocrx_word' id='word_1_273' title='bbox 1618 3631 1734 3683; x_wconf 82' lang='grc' dir='ltr'>ἀλλ’</span> <span class='ocrx_word' id='word_1_274' title='bbox 1762 3631 1910 3685; x_wconf 81' lang='grc' dir='ltr'>ἐστιν</span> 
     </span>
    </p>
   </div>
   <div class='ocr_carea' id='block_1_43' title="bbox 322 3715 1908 3792">
    <p class='ocr_par' dir='ltr' id='par_1_43' title="bbox 322 3715 1908 3792">
     <span class='ocr_line' id='line_1_43' title="bbox 322 3715 1908 3792; baseline 0.004 -23"><span class='ocrx_word' id='word_1_275' title='bbox 322 3719 405 3779; x_wconf 81' lang='grc' dir='ltr'><strong>είς</strong></span> <span class='ocrx_word' id='word_1_276' title='bbox 428 3715 508 3769; x_wconf 76' lang='grc' dir='ltr'>ἔτι</span> <span class='ocrx_word' id='word_1_277' title='bbox 533 3715 631 3770; x_wconf 62' lang='lat' dir='ltr'><strong>xui.</strong></span> <span class='ocrx_word' id='word_1_278' title='bbox 668 3715 788 3782; x_wconf 79' lang='grc' dir='ltr'>νῦν,</span> <span class='ocrx_word' id='word_1_279' title='bbox 819 3716 913 3770; x_wconf 82' lang='grc' dir='ltr'>διὰ</span> <span class='ocrx_word' id='word_1_280' title='bbox 938 3720 1049 3771; x_wconf 86' lang='grc' dir='ltr'><strong>τῶν</strong></span> <span class='ocrx_word' id='word_1_281' title='bbox 1077 3719 1272 3773; x_wconf 78' lang='grc' dir='ltr'>ἑαυτοῦ</span> <span class='ocrx_word' id='word_1_282' title='bbox 1296 3720 1489 3788; x_wconf 84' lang='grc' dir='ltr'>λόγων,</span> <span class='ocrx_word' id='word_1_283' title='bbox 1532 3722 1664 3791; x_wconf 84' lang='grc' dir='ltr'>ἡμῖν</span> <span class='ocrx_word' id='word_1_284' title='bbox 1684 3722 1908 3792; x_wconf 78' lang='grc' dir='ltr'><strong>ὁμιλῶν,</strong></span> 
     </span>
    </p>
   </div>
   <div class='ocr_carea' id='block_1_44' title="bbox 326 3806 1907 3883">
    <p class='ocr_par' dir='ltr' id='par_1_44' title="bbox 326 3806 1907 3883">
     <span class='ocr_line' id='line_1_44' title="bbox 326 3806 1907 3883; baseline 0.005 -23"><span class='ocrx_word' id='word_1_285' title='bbox 326 3806 619 3871; x_wconf 84' lang='grc' dir='ltr'>νουθετῶν,</span> <span class='ocrx_word' id='word_1_286' title='bbox 666 3808 1035 3878; x_wconf 81' lang='grc' dir='ltr'><strong>παρακαλῶν,</strong></span> <span class='ocrx_word' id='word_1_287' title='bbox 1061 3811 1472 3879; x_wconf 79' lang='grc' dir='ltr'>συμϐουλεύων,</span> <span class='ocrx_word' id='word_1_288' title='bbox 1502 3813 1907 3883; x_wconf 83' lang='grc' dir='ltr'>διαλεγόμενος.</span> 
     </span>
    </p>
   </div>
   <div class='ocr_carea' id='block_1_45' title="bbox 337 3890 1911 3977">
    <p class='ocr_par' dir='ltr' id='par_1_45' title="bbox 337 3890 1911 3977">
     <span class='ocr_line' id='line_1_45' title="bbox 337 3890 1911 3977; baseline 0.006 -29"><span class='ocrx_word' id='word_1_289' title='bbox 337 3896 455 3964; x_wconf 75' lang='grc' dir='ltr'><strong>Ἀφ’</strong></span> <span class='ocrx_word' id='word_1_290' title='bbox 488 3890 563 3949; x_wconf 81' lang='grc' dir='ltr'>ὧν</span> <span class='ocrx_word' id='word_1_291' title='bbox 589 3896 649 3950; x_wconf 84' lang='grc' dir='ltr'>οὐ</span> <span class='ocrx_word' id='word_1_292' title='bbox 680 3900 840 3968; x_wconf 80' lang='grc' dir='ltr'>μόνον</span> <span class='ocrx_word' id='word_1_293' title='bbox 868 3898 962 3952; x_wconf 79' lang='grc' dir='ltr'>τὸν</span> <span class='ocrx_word' id='word_1_294' title='bbox 987 3900 1192 3971; x_wconf 79' lang='grc' dir='ltr'>εὐσεὸἧ</span> <span class='ocrx_word' id='word_1_295' title='bbox 1223 3903 1321 3973; x_wconf 81' lang='grc' dir='ltr'>τῆς</span> <span class='ocrx_word' id='word_1_296' title='bbox 1351 3903 1590 3968; x_wconf 72' lang='grc' dir='ltr'>πίστεως</span> <span class='ocrx_word' id='word_1_297' title='bbox 1631 3903 1789 3971; x_wconf 80' lang='grc' dir='ltr'>λόγον</span> <span class='ocrx_word' id='word_1_298' title='bbox 1814 3906 1911 3977; x_wconf 79' lang='grc' dir='ltr'><strong>ὁρ-</strong></span> 
     </span>
    </p>
   </div>
   <div class='ocr_carea' id='block_1_46' title="bbox 326 3989 1911 4068">
    <p class='ocr_par' dir='ltr' id='par_1_46' title="bbox 326 3989 1911 4068">
     <span class='ocr_line' id='line_1_46' title="bbox 326 3989 1911 4068; baseline 0.006 -27"><span class='ocrx_word' id='word_1_299' title='bbox 326 3989 578 4060; x_wconf 79' lang='grc' dir='ltr'>θοτομεῖν</span> <span class='ocrx_word' id='word_1_300' title='bbox 638 3990 856 4061; x_wconf 75' lang='grc' dir='ltr'>ἔχομεν,</span> <span class='ocrx_word' id='word_1_301' title='bbox 915 3991 1052 4046; x_wconf 73' lang='grc' dir='ltr'>ἀλλὰ</span> <span class='ocrx_word' id='word_1_302' title='bbox 1088 3992 1208 4050; x_wconf 75' lang='grc' dir='ltr'><strong>καὶ</strong></span> <span class='ocrx_word' id='word_1_303' title='bbox 1263 3994 1399 4066; x_wconf 77' lang='grc' dir='ltr'>πρὸς</span> <span class='ocrx_word' id='word_1_304' title='bbox 1428 3996 1527 4068; x_wconf 80' lang='grc' dir='ltr'>τὴν</span> <span class='ocrx_word' id='word_1_305' title='bbox 1553 3998 1652 4067; x_wconf 80' lang='grc' dir='ltr'>τῆς</span> <span class='ocrx_word' id='word_1_306' title='bbox 1706 3998 1911 4068; x_wconf 82' lang='grc' dir='ltr'>ἀρετῆς</span> 
     </span>
    </p>
   </div>
   <div class='ocr_carea' id='block_1_47' title="bbox 327 4083 972 4161">
    <p class='ocr_par' dir='ltr' id='par_1_47' title="bbox 327 4083 972 4161">
     <span class='ocr_line' id='line_1_47' title="bbox 327 4083 972 4161; baseline 0.005 -24"><span class='ocrx_word' id='word_1_307' title='bbox 327 4084 521 4155; x_wconf 74' lang='grc' dir='ltr'>κτῆσιν</span> <span class='ocrx_word' id='word_1_308' title='bbox 552 4083 972 4161; x_wconf 79' lang='grc' dir='ltr'>διανιστάμεθα.</span> 
     </span>
    </p>
   </div>
   <div class='ocr_carea' id='block_1_48' title="bbox 398 4176 1910 4256">
    <p class='ocr_par' dir='ltr' id='par_1_48' title="bbox 398 4176 1910 4256">
     <span class='ocr_line' id='line_1_48' title="bbox 398 4176 1910 4256; baseline 0.005 -26"><span class='ocrx_word' id='word_1_309' title='bbox 398 4176 487 4256; x_wconf 56' lang='grc' dir='ltr'><strong>Γ⁴ἒ</strong></span> <span class='ocrx_word' id='word_1_310' title='bbox 496 4178 607 4248; x_wconf 82' lang='grc' dir='ltr'><strong>Τῆς</strong></span> <span class='ocrx_word' id='word_1_311' title='bbox 637 4178 823 4248; x_wconf 83' lang='grc' dir='ltr'>μέντοι</span> <span class='ocrx_word' id='word_1_312' title='bbox 848 4177 979 4248; x_wconf 82' lang='grc' dir='ltr'>πρὸς</span> <span class='ocrx_word' id='word_1_313' title='bbox 997 4177 1129 4233; x_wconf 68' lang='grc' dir='ltr'>Θεὸν</span> <span class='ocrx_word' id='word_1_314' title='bbox 1146 4178 1380 4249; x_wconf 75' lang='grc' dir='ltr'>ἐλπίδος,</span> <span class='ocrx_word' id='word_1_315' title='bbox 1414 4182 1508 4235; x_wconf 78' lang='grc' dir='ltr'>καὶ</span> <span class='ocrx_word' id='word_1_316' title='bbox 1530 4182 1630 4252; x_wconf 78' lang='grc' dir='ltr'>τῆς</span> <span class='ocrx_word' id='word_1_317' title='bbox 1657 4184 1794 4253; x_wconf 75' lang='grc' dir='ltr'>πρὸς</span> <span class='ocrx_word' id='word_1_318' title='bbox 1819 4183 1910 4237; x_wconf 80' lang='grc' dir='ltr'>τὸν</span> 
     </span>
    </p>
   </div>
   <div class='ocr_carea' id='block_1_49' title="bbox 325 4269 1910 4346">
    <p class='ocr_par' dir='ltr' id='par_1_49' title="bbox 325 4269 1910 4346">
     <span class='ocr_line' id='line_1_49' title="bbox 325 4269 1910 4346; baseline 0.005 -25"><span class='ocrx_word' id='word_1_319' title='bbox 325 4269 557 4340; x_wconf 77' lang='grc' dir='ltr'>πλησίον</span> <span class='ocrx_word' id='word_1_320' title='bbox 605 4270 831 4340; x_wconf 80' lang='grc' dir='ltr'><strong>ἀγάπης</strong></span> <span class='ocrx_word' id='word_1_321' title='bbox 877 4271 1103 4324; x_wconf 83' lang='grc' dir='ltr'>τοσοῦτο</span> <span class='ocrx_word' id='word_1_322' title='bbox 1164 4273 1402 4343; x_wconf 75' lang='grc' dir='ltr'>ἐμέλησε</span> <span class='ocrx_word' id='word_1_323' title='bbox 1431 4274 1508 4344; x_wconf 83' lang='grc' dir='ltr'>τῷ</span> <span class='ocrx_word' id='word_1_324' title='bbox 1542 4276 1804 4346; x_wconf 72' lang='grc' dir='ltr'>Ἐφραῒμ,</span> <span class='ocrx_word' id='word_1_325' title='bbox 1835 4276 1910 4339; x_wconf 87' lang='grc' dir='ltr'><strong>ὡς</strong></span> 
     </span>
    </p>
   </div>
   <div class='ocr_carea' id='block_1_50' title="bbox 324 4364 1913 4440">
    <p class='ocr_par' dir='ltr' id='par_1_50' title="bbox 324 4364 1913 4440">
     <span class='ocr_line' id='line_1_50' title="bbox 324 4364 1913 4440; baseline 0.004 -23"><span class='ocrx_word' id='word_1_326' title='bbox 324 4364 492 4417; x_wconf 71' lang='grc' dir='ltr'>αὐτὸν</span> <span class='ocrx_word' id='word_1_327' title='bbox 543 4364 755 4418; x_wconf 76' lang='grc' dir='ltr'>ἐκεῖνον</span> <span class='ocrx_word' id='word_1_328' title='bbox 810 4364 987 4416; x_wconf 73' lang='grc' dir='ltr'>εἰπεῖν</span> <span class='ocrx_word' id='word_1_329' title='bbox 1049 4365 1253 4418; x_wconf 73' lang='grc' dir='ltr'>οὑτωσὶ</span> <span class='ocrx_word' id='word_1_330' title='bbox 1304 4366 1400 4420; x_wconf 80' lang='grc' dir='ltr'>τοῦ</span> <span class='ocrx_word' id='word_1_331' title='bbox 1451 4367 1568 4438; x_wconf 85' lang='grc' dir='ltr'>βίου</span> <span class='ocrx_word' id='word_1_332' title='bbox 1603 4370 1913 4440; x_wconf 78' lang='grc' dir='ltr'>ἀπαίροντα</span> 
     </span>
    </p>
   </div>
   <div class='ocr_carea' id='block_1_51' title="bbox 327 4452 1911 4530">
    <p class='ocr_par' dir='ltr' id='par_1_51' title="bbox 327 4452 1911 4530">
     <span class='ocr_line' id='line_1_51' title="bbox 327 4452 1911 4530; baseline 0.003 -22"><span class='ocrx_word' id='word_1_333' title='bbox 327 4452 450 4525; x_wconf 75' lang='grc' dir='ltr'>(δεῖ</span> <span class='ocrx_word' id='word_1_334' title='bbox 497 4455 608 4527; x_wconf 75' lang='grc' dir='ltr'>γὰρ</span> <span class='ocrx_word' id='word_1_335' title='bbox 660 4456 775 4519; x_wconf 88' lang='grc' dir='ltr'>τοῖς</span> <span class='ocrx_word' id='word_1_336' title='bbox 807 4455 975 4509; x_wconf 84' lang='grc' dir='ltr'>αὑτοῦ</span> <span class='ocrx_word' id='word_1_337' title='bbox 1003 4457 1315 4527; x_wconf 81' lang='grc' dir='ltr'>χρήσασθαι</span> <span class='ocrx_word' id='word_1_338' title='bbox 1359 4456 1568 4529; x_wconf 84' lang='grc' dir='ltr'>λόγοις)</span> <span class='ocrx_word' id='word_1_339' title='bbox 1598 4476 1612 4491; x_wconf 78' lang='grc' dir='ltr'><strong>ο</strong></span> <span class='ocrx_word' id='word_1_340' title='bbox 1657 4460 1911 4530; x_wconf 82' lang='grc' dir='ltr'>οὐδαμῶς</span> 
     </span>
    </p>
   </div>
   <div class='ocr_carea' id='block_1_52' title="bbox 328 4546 1911 4620">
    <p class='ocr_par' dir='ltr' id='par_1_52' title="bbox 328 4546 1911 4620">
     <span class='ocr_line' id='line_1_52' title="bbox 328 4546 1911 4620; baseline 0.003 -22"><span class='ocrx_word' id='word_1_341' title='bbox 328 4548 388 4599; x_wconf 81' lang='grc' dir='ltr'>ἐν</span> <span class='ocrx_word' id='word_1_342' title='bbox 422 4546 576 4618; x_wconf 77' lang='grc' dir='ltr'>πάσῃ</span> <span class='ocrx_word' id='word_1_343' title='bbox 620 4547 688 4616; x_wconf 79' lang='grc' dir='ltr'>τῇ</span> <span class='ocrx_word' id='word_1_344' title='bbox 721 4547 836 4617; x_wconf 79' lang='grc' dir='ltr'>ζωῇ</span> <span class='ocrx_word' id='word_1_345' title='bbox 870 4563 973 4615; x_wconf 87' lang='grc' dir='ltr'><strong>μου</strong></span> <span class='ocrx_word' id='word_1_346' title='bbox 1017 4547 1343 4617; x_wconf 83' lang='grc' dir='ltr'>ἐλοιδόρησα</span> <span class='ocrx_word' id='word_1_347' title='bbox 1397 4548 1624 4618; x_wconf 85' lang='grc' dir='ltr'>Κύριον,</span> <span class='ocrx_word' id='word_1_348' title='bbox 1656 4550 1719 4603; x_wconf 81' lang='grc' dir='ltr'>οὐ</span> <span class='ocrx_word' id='word_1_349' title='bbox 1752 4549 1911 4620; x_wconf 78' lang='grc' dir='ltr'>λόγος</span> 
     </span>
    </p>
   </div>
   <div class='ocr_carea' id='block_1_53' title="bbox 326 4635 1907 4713">
    <p class='ocr_par' dir='ltr' id='par_1_53' title="bbox 326 4635 1907 4713">
     <span class='ocr_line' id='line_1_53' title="bbox 326 4635 1907 4713; baseline 0.001 -21"><span class='ocrx_word' id='word_1_350' title='bbox 326 4637 519 4708; x_wconf 73' lang='grc' dir='ltr'>ἄφρων</span> <span class='ocrx_word' id='word_1_351' title='bbox 545 4637 636 4690; x_wconf 85' lang='grc' dir='ltr'>διὰ</span> <span class='ocrx_word' id='word_1_352' title='bbox 665 4636 776 4689; x_wconf 87' lang='grc' dir='ltr'><strong>τῶν</strong></span> <span class='ocrx_word' id='word_1_353' title='bbox 807 4636 957 4706; x_wconf 76' lang='grc' dir='ltr'>ὲμῶν</span> <span class='ocrx_word' id='word_1_354' title='bbox 997 4635 1239 4708; x_wconf 81' lang='grc' dir='ltr'>προῆλθε</span> <span class='ocrx_word' id='word_1_355' title='bbox 1270 4638 1516 4709; x_wconf 82' lang='grc' dir='ltr'>χειλέων.</span> <span class='ocrx_word' id='word_1_356' title='bbox 1556 4639 1644 4693; x_wconf 87' lang='grc' dir='ltr'>Ἐν</span> <span class='ocrx_word' id='word_1_357' title='bbox 1669 4642 1819 4713; x_wconf 79' lang='grc' dir='ltr'>πάσῃ</span> <span class='ocrx_word' id='word_1_358' title='bbox 1841 4644 1907 4713; x_wconf 80' lang='grc' dir='ltr'><strong>τῇ</strong></span> 
     </span>
    </p>
   </div>
   <div class='ocr_carea' id='block_1_54' title="bbox 327 4727 1911 4799">
    <p class='ocr_par' dir='ltr' id='par_1_54' title="bbox 327 4727 1911 4799">
     <span class='ocr_line' id='line_1_54' title="bbox 327 4727 1911 4799; baseline 0.004 -19"><span class='ocrx_word' id='word_1_359' title='bbox 327 4727 442 4798; x_wconf 78' lang='grc' dir='ltr'><strong>ζωῇ</strong></span> <span class='ocrx_word' id='word_1_360' title='bbox 480 4744 588 4797; x_wconf 85' lang='grc' dir='ltr'>,μου</span> <span class='ocrx_word' id='word_1_361' title='bbox 616 4727 1021 4799; x_wconf 79' lang='grc' dir='ltr'>κατηρασάμην</span> <span class='ocrx_word' id='word_1_362' title='bbox 1075 4728 1289 4794; x_wconf 76' lang='grc' dir='ltr'>οὐδένα,</span> <span class='ocrx_word' id='word_1_363' title='bbox 1346 4730 1576 4792; x_wconf 73' lang='grc' dir='ltr'>καθόλου</span> <span class='ocrx_word' id='word_1_364' title='bbox 1626 4748 1686 4784; x_wconf 84' lang='grc' dir='ltr'><strong>τε</strong></span> <span class='ocrx_word' id='word_1_365' title='bbox 1730 4734 1911 4787; x_wconf 73' lang='grc' dir='ltr'>οὐδενὶ</span> 
     </span>
    </p>
   </div>
   <div class='ocr_carea' id='block_1_55' title="bbox 325 4817 1980 4913">
    <p class='ocr_par' dir='ltr' id='par_1_55' title="bbox 325 4817 1980 4913">
     <span class='ocr_line' id='line_1_55' title="bbox 325 4817 1980 4913; baseline 0.004 -40"><span class='ocrx_word' id='word_1_366' title='bbox 325 4819 437 4873; x_wconf 75' lang='grc' dir='ltr'><strong>τῶν</strong></span> <span class='ocrx_word' id='word_1_367' title='bbox 462 4817 679 4913; x_wconf 29' lang='grc' dir='ltr'>,πιστῶν</span> <span class='ocrx_word' id='word_1_368' title='bbox 703 4820 1154 4913; x_wconf 52' lang='grc' dir='ltr'>διεμακησάμην.</span> <span class='ocrx_word' id='word_1_369' title='bbox 1215 4818 1325 4874; x_wconf 83' lang='grc' dir='ltr'>Ἦν</span> <span class='ocrx_word' id='word_1_370' title='bbox 1358 4822 1416 4875; x_wconf 81' lang='grc' dir='ltr'>δὲ</span> <span class='ocrx_word' id='word_1_371' title='bbox 1446 4825 1540 4875; x_wconf 77' lang='grc' dir='ltr'>καὶ</span> <span class='ocrx_word' id='word_1_372' title='bbox 1577 4824 1639 4876; x_wconf 84' lang='grc' dir='ltr'>τὸ</span> <span class='ocrx_word' id='word_1_373' title='bbox 1672 4825 1909 4896; x_wconf 75' lang='grc' dir='ltr'>δάκρυον</span> <span class='ocrx_word' id='word_1_374' title='bbox 1934 4854 1980 4913; x_wconf 73' lang='lat' dir='ltr'><strong>c</strong></span> 
     </span>
    </p>
   </div>
   <div class='ocr_carea' id='block_1_56' title="bbox 308 4910 1912 4991">
    <p class='ocr_par' dir='ltr' id='par_1_56' title="bbox 308 4910 1912 4991">
     <span class='ocr_line' id='line_1_56' title="bbox 308 4910 1912 4991; baseline 0.002 -25"><span class='ocrx_word' id='word_1_375' title='bbox 308 4910 623 4991; x_wconf 36' lang='grc' dir='ltr'>κάπαύστως</span> <span class='ocrx_word' id='word_1_376' title='bbox 654 4910 804 4983; x_wconf 78' lang='grc' dir='ltr'>αὐτῷ</span> <span class='ocrx_word' id='word_1_377' title='bbox 828 4911 939 4964; x_wconf 85' lang='grc' dir='ltr'><strong>τῶν</strong></span> <span class='ocrx_word' id='word_1_378' title='bbox 959 4911 1258 4983; x_wconf 79' lang='grc' dir='ltr'>ὀφθαλμῶν</span> <span class='ocrx_word' id='word_1_379' title='bbox 1281 4916 1574 4986; x_wconf 74' lang='grc' dir='ltr'>ἀπορρέον,</span> <span class='ocrx_word' id='word_1_380' title='bbox 1609 4916 1682 4980; x_wconf 85' lang='grc' dir='ltr'>ὡς</span> <span class='ocrx_word' id='word_1_381' title='bbox 1714 4917 1912 4987; x_wconf 68' lang='grc' dir='ltr'>πρότε-</span> 
     </span>
    </p>
   </div>
   <div class='ocr_carea' id='block_1_57' title="bbox 2011 3629 3601 3700">
    <p class='ocr_par' dir='ltr' id='par_1_57' title="bbox 2011 3629 3601 3700">
     <span class='ocr_line' id='line_1_57' title="bbox 2011 3629 3601 3700; baseline 0.002 -17"><span class='ocrx_word' id='word_1_382' title='bbox 2011 3629 2138 3698; x_wconf 87' lang='lat' dir='ltr'><strong>bus,</strong></span> <span class='ocrx_word' id='word_1_383' title='bbox 2172 3631 2337 3684; x_wconf 88' lang='lat' dir='ltr'><strong>etiam</strong></span> <span class='ocrx_word' id='word_1_384' title='bbox 2383 3630 2703 3684; x_wconf 86' lang='lat' dir='ltr'><strong>humilitas?</strong></span> <span class='ocrx_word' id='word_1_385' title='bbox 2736 3631 2805 3685; x_wconf 89' lang='lat' dir='ltr'><strong>At</strong></span> <span class='ocrx_word' id='word_1_386' title='bbox 2851 3646 3032 3700; x_wconf 87' lang='lat' dir='ltr'><strong>neque</strong></span> <span class='ocrx_word' id='word_1_387' title='bbox 3087 3630 3321 3686; x_wconf 63' lang='lat' dir='ltr'><strong>docendi</strong></span> <span class='ocrx_word' id='word_1_388' title='bbox 3362 3631 3465 3685; x_wconf 83' lang='lat' dir='ltr'><strong>fuit</strong></span> <span class='ocrx_word' id='word_1_389' title='bbox 3507 3646 3601 3686; x_wconf 76' lang='lat' dir='ltr'><strong>ex-</strong></span> 
     </span>
    </p>
   </div>
   <div class='ocr_carea' id='block_1_58' title="bbox 2012 3720 3597 3790">
    <p class='ocr_par' dir='ltr' id='par_1_58' title="bbox 2012 3720 3597 3790">
     <span class='ocr_line' id='line_1_58' title="bbox 2012 3720 3597 3790; baseline -0.001 -16"><span class='ocrx_word' id='word_1_390' title='bbox 2012 3735 2141 3789; x_wconf 89' lang='lat' dir='ltr'><strong>pers</strong></span> <span class='ocrx_word' id='word_1_391' title='bbox 2192 3720 2541 3775; x_wconf 85' lang='lat' dir='ltr'><strong>charismatis</strong></span> <span class='ocrx_word' id='word_1_392' title='bbox 2571 3739 2584 3775; x_wconf 85' lang='lat'><strong>:</strong></span> <span class='ocrx_word' id='word_1_393' title='bbox 2616 3721 2711 3774; x_wconf 85' lang='lat' dir='ltr'><strong>sed</strong></span> <span class='ocrx_word' id='word_1_394' title='bbox 2770 3723 2824 3774; x_wconf 92' lang='lat' dir='ltr'><strong>in</strong></span> <span class='ocrx_word' id='word_1_395' title='bbox 2876 3720 3209 3774; x_wconf 87' lang='lat' dir='ltr'><strong>hodiernum</strong></span> <span class='ocrx_word' id='word_1_396' title='bbox 3236 3736 3411 3790; x_wconf 88' lang='lat' dir='ltr'><strong>usque</strong></span> <span class='ocrx_word' id='word_1_397' title='bbox 3451 3720 3597 3775; x_wconf 88' lang='lat' dir='ltr'><strong>diem</strong></span> 
     </span>
    </p>
   </div>
   <div class='ocr_carea' id='block_1_59' title="bbox 2010 3810 3595 3881">
    <p class='ocr_par' dir='ltr' id='par_1_59' title="bbox 2010 3810 3595 3881">
     <span class='ocr_line' id='line_1_59' title="bbox 2010 3810 3595 3881; baseline -0.001 -15"><span class='ocrx_word' id='word_1_398' title='bbox 2010 3810 2297 3866; x_wconf 90' lang='lat' dir='ltr'><strong>nobiscum</strong></span> <span class='ocrx_word' id='word_1_399' title='bbox 2344 3811 2591 3881; x_wconf 87' lang='lat' dir='ltr'><strong>loquitur</strong></span> <span class='ocrx_word' id='word_1_400' title='bbox 2647 3827 2747 3881; x_wconf 89' lang='lat' dir='ltr'><strong>per</strong></span> <span class='ocrx_word' id='word_1_401' title='bbox 2790 3826 2921 3866; x_wconf 85' lang='lat' dir='ltr'><strong>snas</strong></span> <span class='ocrx_word' id='word_1_402' title='bbox 2959 3812 3259 3875; x_wconf 87' lang='lat' dir='ltr'><strong>orationes,</strong></span> <span class='ocrx_word' id='word_1_403' title='bbox 3313 3812 3595 3876; x_wconf 86' lang='lat' dir='ltr'><strong>admonet,</strong></span> 
     </span>
    </p>
   </div>
   <div class='ocr_carea' id='block_1_60' title="bbox 2010 3902 3613 3972">
    <p class='ocr_par' dir='ltr' id='par_1_60' title="bbox 2010 3902 3613 3972">
     <span class='ocr_line' id='line_1_60' title="bbox 2010 3902 3613 3972; baseline -0.001 -14"><span class='ocrx_word' id='word_1_404' title='bbox 2010 3903 2363 3963; x_wconf 82' lang='lat' dir='ltr'><strong>adhortatur,</strong></span> <span class='ocrx_word' id='word_1_405' title='bbox 2410 3902 2653 3958; x_wconf 88' lang='lat' dir='ltr'><strong>consulit</strong></span> <span class='ocrx_word' id='word_1_406' title='bbox 2708 3912 2765 3958; x_wconf 90' lang='lat' dir='ltr'><strong>et</strong></span> <span class='ocrx_word' id='word_1_407' title='bbox 2816 3903 3065 3958; x_wconf 82' lang='lat' dir='ltr'><strong>disserit.</strong></span> <span class='ocrx_word' id='word_1_408' title='bbox 3097 3904 3141 3957; x_wconf 78' lang='grc' dir='ltr'><strong>Α</strong></span> <span class='ocrx_word' id='word_1_409' title='bbox 3189 3903 3394 3972; x_wconf 89' lang='lat' dir='ltr'><strong>quibus</strong></span> <span class='ocrx_word' id='word_1_410' title='bbox 3432 3902 3613 3957; x_wconf 43' lang='lat' dir='ltr'><strong>habe?</strong></span> 
     </span>
    </p>
   </div>
   <div class='ocr_carea' id='block_1_61' title="bbox 2011 3991 3595 4062">
    <p class='ocr_par' dir='ltr' id='par_1_61' title="bbox 2011 3991 3595 4062">
     <span class='ocr_line' id='line_1_61' title="bbox 2011 3991 3595 4062; baseline -0.002 -15"><span class='ocrx_word' id='word_1_411' title='bbox 2011 4009 2154 4053; x_wconf 88' lang='lat' dir='ltr'><strong>mus.</strong></span> <span class='ocrx_word' id='word_1_412' title='bbox 2180 4003 2240 4048; x_wconf 90' lang='lat' dir='ltr'><strong>ut</strong></span> <span class='ocrx_word' id='word_1_413' title='bbox 2269 4008 2380 4047; x_wconf 92' lang='lat' dir='ltr'><strong>non</strong></span> <span class='ocrx_word' id='word_1_414' title='bbox 2410 3994 2592 4048; x_wconf 91' lang='lat' dir='ltr'><strong>solum</strong></span> <span class='ocrx_word' id='word_1_415' title='bbox 2624 4001 2775 4048; x_wconf 89' lang='lat' dir='ltr'><strong>recta</strong></span> <span class='ocrx_word' id='word_1_416' title='bbox 2804 3993 2930 4047; x_wconf 86' lang='lat' dir='ltr'><strong>lidei</strong></span> <span class='ocrx_word' id='word_1_417' title='bbox 2959 3993 3156 4048; x_wconf 87' lang='lat' dir='ltr'><strong>semita</strong></span> <span class='ocrx_word' id='word_1_418' title='bbox 3197 3991 3595 4062; x_wconf 75' lang='lat' dir='ltr'><strong>ingrediamur,</strong></span> 
     </span>
    </p>
   </div>
   <div class='ocr_carea' id='block_1_62' title="bbox 2009 4084 3379 4155">
    <p class='ocr_par' dir='ltr' id='par_1_62' title="bbox 2009 4084 3379 4155">
     <span class='ocr_line' id='line_1_62' title="bbox 2009 4084 3379 4155; baseline -0.001 -14"><span class='ocrx_word' id='word_1_419' title='bbox 2009 4087 2106 4141; x_wconf 90' lang='lat' dir='ltr'><strong>sed</strong></span> <span class='ocrx_word' id='word_1_420' title='bbox 2133 4086 2298 4140; x_wconf 90' lang='lat' dir='ltr'><strong>etiam</strong></span> <span class='ocrx_word' id='word_1_421' title='bbox 2328 4085 2396 4141; x_wconf 83' lang='lat' dir='ltr'><strong>ad</strong></span> <span class='ocrx_word' id='word_1_422' title='bbox 2423 4086 2680 4140; x_wconf 80' lang='lat' dir='ltr'><strong>virtutem</strong></span> <span class='ocrx_word' id='word_1_423' title='bbox 2716 4084 3015 4155; x_wconf 86' lang='lat' dir='ltr'><strong>parandam</strong></span> <span class='ocrx_word' id='word_1_424' title='bbox 3049 4086 3379 4140; x_wconf 81' lang='lat' dir='ltr'><strong>excitemur.</strong></span> 
     </span>
    </p>
   </div>
   <div class='ocr_carea' id='block_1_63' title="bbox 2084 4176 3597 4247">
    <p class='ocr_par' dir='ltr' id='par_1_63' title="bbox 2084 4176 3597 4247">
     <span class='ocr_line' id='line_1_63' title="bbox 2084 4176 3597 4247; baseline 0.001 -19"><span class='ocrx_word' id='word_1_425' title='bbox 2084 4176 2169 4231; x_wconf 92' lang='lat' dir='ltr'><strong>Ill.</strong></span> <span class='ocrx_word' id='word_1_426' title='bbox 2193 4177 2329 4245; x_wconf 85' lang='lat' dir='ltr'><strong>Spes</strong></span> <span class='ocrx_word' id='word_1_427' title='bbox 2350 4185 2534 4231; x_wconf 88' lang='lat' dir='ltr'><strong>autem</strong></span> <span class='ocrx_word' id='word_1_428' title='bbox 2563 4177 2619 4230; x_wconf 93' lang='lat' dir='ltr'><strong>in</strong></span> <span class='ocrx_word' id='word_1_429' title='bbox 2642 4177 2907 4239; x_wconf 87' lang='lat' dir='ltr'><strong>Deum,et</strong></span> <span class='ocrx_word' id='word_1_430' title='bbox 2939 4176 3178 4230; x_wconf 88' lang='lat' dir='ltr'><strong>charitas</strong></span> <span class='ocrx_word' id='word_1_431' title='bbox 3196 4176 3250 4230; x_wconf 91' lang='lat' dir='ltr'><strong>in</strong></span> <span class='ocrx_word' id='word_1_432' title='bbox 3285 4176 3597 4247; x_wconf 81' lang='lat' dir='ltr'><strong>proximum</strong></span> 
     </span>
    </p>
   </div>
   <div class='ocr_carea' id='block_1_64' title="bbox 2014 4267 3594 4339">
    <p class='ocr_par' dir='ltr' id='par_1_64' title="bbox 2014 4267 3594 4339">
     <span class='ocr_line' id='line_1_64' title="bbox 2014 4267 3594 4339; baseline -0.001 -16"><span class='ocrx_word' id='word_1_433' title='bbox 2014 4278 2178 4324; x_wconf 71' lang='lat' dir='ltr'><strong>tantae</strong></span> <span class='ocrx_word' id='word_1_434' title='bbox 2225 4270 2330 4325; x_wconf 78' lang='lat' dir='ltr'><strong>fuit</strong></span> <span class='ocrx_word' id='word_1_435' title='bbox 2356 4284 2502 4324; x_wconf 74' lang='lat' dir='ltr'><strong>curae</strong></span> <span class='ocrx_word' id='word_1_436' title='bbox 2540 4267 2817 4339; x_wconf 79' lang='lat' dir='ltr'><strong>Ephraem,</strong></span> <span class='ocrx_word' id='word_1_437' title='bbox 2842 4277 2902 4322; x_wconf 92' lang='lat' dir='ltr'><strong>ut</strong></span> <span class='ocrx_word' id='word_1_438' title='bbox 2960 4267 3052 4323; x_wconf 88' lang='lat' dir='ltr'><strong>ille</strong></span> <span class='ocrx_word' id='word_1_439' title='bbox 3086 4267 3202 4338; x_wconf 87' lang='lat' dir='ltr'><strong>ipse</strong></span> <span class='ocrx_word' id='word_1_440' title='bbox 3234 4267 3316 4321; x_wconf 88' lang='lat' dir='ltr'><strong>sic</strong></span> <span class='ocrx_word' id='word_1_441' title='bbox 3363 4267 3594 4332; x_wconf 88' lang='lat' dir='ltr'><strong>diceret,</strong></span> 
     </span>
    </p>
   </div>
   <div class='ocr_carea' id='block_1_65' title="bbox 2009 4344 3593 4433">
    <p class='ocr_par' dir='ltr' id='par_1_65' title="bbox 2009 4344 3593 4433">
     <span class='ocr_line' id='line_1_65' title="bbox 2009 4344 3593 4433; baseline -0.003 -15"><span class='ocrx_word' id='word_1_442' title='bbox 2009 4378 2042 4418; x_wconf 86' lang='lat' dir='ltr'><strong>e</strong></span> <span class='ocrx_word' id='word_1_443' title='bbox 2074 4362 2182 4417; x_wconf 83' lang='lat' dir='ltr'><strong>vita</strong></span> <span class='ocrx_word' id='word_1_444' title='bbox 2214 4344 2489 4419; x_wconf 75' lang='lat' dir='ltr'><strong>exCedens</strong></span> <span class='ocrx_word' id='word_1_445' title='bbox 2513 4362 2810 4433; x_wconf 88' lang='lat' dir='ltr'><strong>(utendum</strong></span> <span class='ocrx_word' id='word_1_446' title='bbox 2837 4369 2924 4417; x_wconf 87' lang='lat' dir='ltr'><strong>est</strong></span> <span class='ocrx_word' id='word_1_447' title='bbox 2967 4361 3117 4417; x_wconf 92' lang='lat' dir='ltr'><strong>enim</strong></span> <span class='ocrx_word' id='word_1_448' title='bbox 3153 4361 3332 4431; x_wconf 88' lang='lat' dir='ltr'><strong>ipsius</strong></span> <span class='ocrx_word' id='word_1_449' title='bbox 3353 4360 3593 4430; x_wconf 83' lang='lat' dir='ltr'><strong>verbis):</strong></span> 
     </span>
    </p>
   </div>
   <div class='ocr_carea' id='block_1_66' title="bbox 2010 4455 3594 4526">
    <p class='ocr_par' dir='ltr' id='par_1_66' title="bbox 2010 4455 3594 4526">
     <span class='ocr_line' id='line_1_66' title="bbox 2010 4455 3594 4526; baseline -0.002 -16"><span class='ocrx_word' id='word_1_450' title='bbox 2010 4472 2295 4526; x_wconf 86' lang='lat' dir='ltr'><strong>nunquam</strong></span> <span class='ocrx_word' id='word_1_451' title='bbox 2356 4457 2412 4511; x_wconf 92' lang='lat' dir='ltr'><strong>in</strong></span> <span class='ocrx_word' id='word_1_452' title='bbox 2465 4465 2577 4511; x_wconf 86' lang='lat' dir='ltr'><strong>tota</strong></span> <span class='ocrx_word' id='word_1_453' title='bbox 2602 4456 2713 4510; x_wconf 85' lang='lat' dir='ltr'><strong>vita</strong></span> <span class='ocrx_word' id='word_1_454' title='bbox 2747 4473 2866 4511; x_wconf 83' lang='lat' dir='ltr'><strong>mea</strong></span> <span class='ocrx_word' id='word_1_455' title='bbox 2894 4455 3154 4511; x_wconf 78' lang='lat' dir='ltr'><strong>maledixi</strong></span> <span class='ocrx_word' id='word_1_456' title='bbox 3190 4455 3445 4510; x_wconf 91' lang='lat' dir='ltr'><strong>Domino.</strong></span> <span class='ocrx_word' id='word_1_457' title='bbox 3473 4455 3594 4508; x_wconf 87' lang='lat' dir='ltr'><strong>Non</strong></span> 
     </span>
    </p>
   </div>
   <div class='ocr_carea' id='block_1_67' title="bbox 2009 4547 3595 4619">
    <p class='ocr_par' dir='ltr' id='par_1_67' title="bbox 2009 4547 3595 4619">
     <span class='ocr_line' id='line_1_67' title="bbox 2009 4547 3595 4619; baseline -0.002 -17"><span class='ocrx_word' id='word_1_458' title='bbox 2009 4550 2239 4604; x_wconf 83' lang='lat' dir='ltr'><strong>verbum</strong></span> <span class='ocrx_word' id='word_1_459' title='bbox 2273 4548 2542 4619; x_wconf 82' lang='lat' dir='ltr'><strong>insipiens</strong></span> <span class='ocrx_word' id='word_1_460' title='bbox 2581 4564 2681 4619; x_wconf 86' lang='lat' dir='ltr'><strong>per</strong></span> <span class='ocrx_word' id='word_1_461' title='bbox 2714 4547 3022 4602; x_wconf 88' lang='lat' dir='ltr'><strong>mea&#39;labia</strong></span> <span class='ocrx_word' id='word_1_462' title='bbox 3051 4548 3343 4617; x_wconf 87' lang='lat' dir='ltr'><strong>processit.</strong></span> <span class='ocrx_word' id='word_1_463' title='bbox 3378 4547 3434 4599; x_wconf 92' lang='lat' dir='ltr'><strong>ln</strong></span> <span class='ocrx_word' id='word_1_464' title='bbox 3483 4553 3595 4599; x_wconf 85' lang='lat' dir='ltr'><strong>tota</strong></span> 
     </span>
    </p>
   </div>
   <div class='ocr_carea' id='block_1_68' title="bbox 2010 4636 3594 4705">
    <p class='ocr_par' dir='ltr' id='par_1_68' title="bbox 2010 4636 3594 4705">
     <span class='ocr_line' id='line_1_68' title="bbox 2010 4636 3594 4705; baseline -0.003 -9"><span class='ocrx_word' id='word_1_465' title='bbox 2010 4641 2122 4696; x_wconf 80' lang='lat' dir='ltr'><strong>vita</strong></span> <span class='ocrx_word' id='word_1_466' title='bbox 2156 4655 2276 4695; x_wconf 84' lang='lat' dir='ltr'><strong>mea</strong></span> <span class='ocrx_word' id='word_1_467' title='bbox 2301 4641 2579 4696; x_wconf 88' lang='lat' dir='ltr'><strong>neminem</strong></span> <span class='ocrx_word' id='word_1_468' title='bbox 2610 4656 2732 4696; x_wconf 90' lang='lat' dir='ltr'><strong>sum</strong></span> <span class='ocrx_word' id='word_1_469' title='bbox 2774 4647 3129 4705; x_wconf 78' lang='lat' dir='ltr'><strong>exsecratus;</strong></span> <span class='ocrx_word' id='word_1_470' title='bbox 3160 4647 3217 4691; x_wconf 89' lang='lat' dir='ltr'><strong>et</strong></span> <span class='ocrx_word' id='word_1_471' title='bbox 3260 4654 3385 4692; x_wconf 90' lang='lat' dir='ltr'><strong>cum</strong></span> <span class='ocrx_word' id='word_1_472' title='bbox 3440 4636 3594 4692; x_wconf 86' lang='lat' dir='ltr'><strong>nullo</strong></span> 
     </span>
    </p>
   </div>
   <div class='ocr_carea' id='block_1_69' title="bbox 2010 4728 3593 4801">
    <p class='ocr_par' dir='ltr' id='par_1_69' title="bbox 2010 4728 3593 4801">
     <span class='ocr_line' id='line_1_69' title="bbox 2010 4728 3593 4801; baseline -0.004 -11"><span class='ocrx_word' id='word_1_473' title='bbox 2010 4735 2240 4791; x_wconf 90' lang='lat' dir='ltr'><strong>omnino</strong></span> <span class='ocrx_word' id='word_1_474' title='bbox 2287 4732 2547 4789; x_wconf 88' lang='lat' dir='ltr'><strong>contendi</strong></span> <span class='ocrx_word' id='word_1_475' title='bbox 2595 4748 2664 4787; x_wconf 84' lang='lat' dir='ltr'><strong>ex</strong></span> <span class='ocrx_word' id='word_1_476' title='bbox 2704 4730 2980 4787; x_wconf 80' lang='lat' dir='ltr'><strong>ﬁdelibus.</strong></span> <span class='ocrx_word' id='word_1_477' title='bbox 3020 4730 3301 4801; x_wconf 72' lang='lat' dir='ltr'><strong>Lacryma:</strong></span> <span class='ocrx_word' id='word_1_478' title='bbox 3360 4745 3493 4785; x_wconf 87' lang='lat' dir='ltr'><strong>vero</strong></span> <span class='ocrx_word' id='word_1_479' title='bbox 3540 4728 3593 4783; x_wconf 87' lang='lat' dir='ltr'><strong>ei</strong></span> 
     </span>
    </p>
   </div>
   <div class='ocr_carea' id='block_1_70' title="bbox 2013 4819 3594 4897">
    <p class='ocr_par' dir='ltr' id='par_1_70' title="bbox 2013 4819 3594 4897">
     <span class='ocr_line' id='line_1_70' title="bbox 2013 4819 3594 4897; baseline -0.007 -16"><span class='ocrx_word' id='word_1_480' title='bbox 2013 4840 2235 4897; x_wconf 90' lang='lat' dir='ltr'><strong>quoque</strong></span> <span class='ocrx_word' id='word_1_481' title='bbox 2265 4833 2537 4894; x_wconf 86' lang='lat' dir='ltr'><strong>perpetuo</strong></span> <span class='ocrx_word' id='word_1_482' title='bbox 2566 4821 2813 4877; x_wconf 82' lang='lat' dir='ltr'><strong>ﬂuebant</strong></span> <span class='ocrx_word' id='word_1_483' title='bbox 2837 4836 2906 4875; x_wconf 82' lang='lat' dir='ltr'><strong>ex</strong></span> <span class='ocrx_word' id='word_1_484' title='bbox 2923 4821 3120 4880; x_wconf 89' lang='lat' dir='ltr'><strong>oculis,</strong></span> <span class='ocrx_word' id='word_1_485' title='bbox 3146 4819 3288 4874; x_wconf 86' lang='lat' dir='ltr'><strong>adeo</strong></span> <span class='ocrx_word' id='word_1_486' title='bbox 3320 4827 3379 4873; x_wconf 91' lang='lat' dir='ltr'><strong>ut</strong></span> <span class='ocrx_word' id='word_1_487' title='bbox 3402 4832 3594 4887; x_wconf 80' lang='lat' dir='ltr'><strong>peren—</strong></span> 
     </span>
    </p>
   </div>
   <div class='ocr_carea' id='block_1_71' title="bbox 2014 4910 3589 4981">
    <p class='ocr_par' dir='ltr' id='par_1_71' title="bbox 2014 4910 3589 4981">
     <span class='ocr_line' id='line_1_71' title="bbox 2014 4910 3589 4981; baseline -0.006 -10"><span class='ocrx_word' id='word_1_488' title='bbox 2014 4918 2103 4971; x_wconf 84' lang='lat' dir='ltr'><strong>nis</strong></span> <span class='ocrx_word' id='word_1_489' title='bbox 2153 4917 2323 4970; x_wconf 79' lang='lat' dir='ltr'><strong>fontis</strong></span> <span class='ocrx_word' id='word_1_490' title='bbox 2374 4915 2644 4970; x_wconf 82' lang='lat' dir='ltr'><strong>ﬂuentum</strong></span> <span class='ocrx_word' id='word_1_491' title='bbox 2689 4914 2856 4969; x_wconf 90' lang='lat' dir='ltr'><strong>citius</strong></span> <span class='ocrx_word' id='word_1_492' title='bbox 2887 4912 3202 4974; x_wconf 81' lang='lat' dir='ltr'><strong>defecisset,</strong></span> <span class='ocrx_word' id='word_1_493' title='bbox 3226 4925 3392 4981; x_wconf 89' lang='lat' dir='ltr'><strong>quam</strong></span> <span class='ocrx_word' id='word_1_494' title='bbox 3437 4910 3589 4963; x_wconf 86' lang='lat' dir='ltr'><strong>illum</strong></span> 
     </span>
    </p>
   </div>
   <div class='ocr_carea' id='block_1_72' title="bbox 227 5001 1977 5083">
    <p class='ocr_par' dir='ltr' id='par_1_72' title="bbox 227 5001 1907 5083">
     <span class='ocr_line' id='line_1_72' title="bbox 227 5001 1907 5083; baseline 0.002 -26"><span class='ocrx_word' id='word_1_495' title='bbox 227 5072 241 5083; x_wconf 48' lang='lat'><strong>.</strong></span> <span class='ocrx_word' id='word_1_496' title='bbox 327 5021 422 5077; x_wconf 88' lang='grc' dir='ltr'><strong>ρον</strong></span> <span class='ocrx_word' id='word_1_497' title='bbox 466 5001 568 5066; x_wconf 83' lang='grc' dir='ltr'><strong>τὰς</strong></span> <span class='ocrx_word' id='word_1_498' title='bbox 629 5003 893 5067; x_wconf 77' lang='grc' dir='ltr'>ἀεννάους</span> <span class='ocrx_word' id='word_1_499' title='bbox 953 5003 1138 5074; x_wconf 81' lang='grc' dir='ltr'>πηγὰς</span> <span class='ocrx_word' id='word_1_500' title='bbox 1179 5006 1241 5057; x_wconf 85' lang='grc' dir='ltr'>τὸ</span> <span class='ocrx_word' id='word_1_501' title='bbox 1270 5005 1488 5076; x_wconf 77' lang='grc' dir='ltr'>ῥεῖθρον</span> <span class='ocrx_word' id='word_1_502' title='bbox 1541 5008 1907 5080; x_wconf 76' lang='grc' dir='ltr'>ἐπιλιπεῖν,ἢ</span> 
     </span>
    </p>
   </div>
   <div class='ocr_carea' id='block_1_73' title="bbox 2014 5001 3590 5083">
    <p class='ocr_par' dir='ltr' id='par_1_73' title="bbox 2014 5005 3590 5076">
     <span class='ocr_line' id='line_1_73' title="bbox 2014 5005 3590 5076; baseline -0.004 -13"><span class='ocrx_word' id='word_1_503' title='bbox 2014 5009 2191 5064; x_wconf 88' lang='lat' dir='ltr'><strong>instar</strong></span> <span class='ocrx_word' id='word_1_504' title='bbox 2236 5007 2432 5064; x_wconf 87' lang='lat' dir='ltr'><strong>imbris</strong></span> <span class='ocrx_word' id='word_1_505' title='bbox 2481 5010 2743 5063; x_wconf 81' lang='lat' dir='ltr'><strong>cadentes</strong></span> <span class='ocrx_word' id='word_1_506' title='bbox 2777 5007 3052 5076; x_wconf 72' lang='lat' dir='ltr'><strong>lacrymm.</strong></span> <span class='ocrx_word' id='word_1_507' title='bbox 3085 5005 3200 5061; x_wconf 84' lang='lat' dir='ltr'><strong>Una</strong></span> <span class='ocrx_word' id='word_1_508' title='bbox 3237 5015 3421 5059; x_wconf 82' lang='lat' dir='ltr'><strong>autem</strong></span> <span class='ocrx_word' id='word_1_509' title='bbox 3465 5018 3590 5057; x_wconf 78' lang='lat' dir='ltr'><strong>cum</strong></span> 
     </span>
    </p>
   </div>
   <div class='ocr_carea' id='block_1_74' title="bbox 327 5094 1977 5173">
    <p class='ocr_par' dir='ltr' id='par_1_74' title="bbox 327 5094 1909 5167">
     <span class='ocr_line' id='line_1_74' title="bbox 327 5094 1909 5167; baseline 0.002 -17"><span class='ocrx_word' id='word_1_510' title='bbox 327 5097 535 5152; x_wconf 73' lang='grc' dir='ltr'>ἐκεῖνον</span> <span class='ocrx_word' id='word_1_511' title='bbox 571 5094 784 5158; x_wconf 76' lang='grc' dir='ltr'>ύετίζον</span> <span class='ocrx_word' id='word_1_512' title='bbox 808 5096 868 5147; x_wconf 81' lang='grc' dir='ltr'>τὸ</span> <span class='ocrx_word' id='word_1_513' title='bbox 897 5094 1164 5167; x_wconf 72' lang='grc' dir='ltr'>δάκρυον.</span> <span class='ocrx_word' id='word_1_514' title='bbox 1204 5097 1694 5167; x_wconf 79' lang='grc' dir='ltr'>Συνανεπέμποντο</span> <span class='ocrx_word' id='word_1_515' title='bbox 1716 5100 1777 5152; x_wconf 81' lang='grc' dir='ltr'>δὲ</span> <span class='ocrx_word' id='word_1_516' title='bbox 1796 5105 1909 5165; x_wconf 78' lang='grc' dir='ltr'>τοῖς</span> 
     </span>
    </p>
   </div>
   <div class='ocr_carea' id='block_1_75' title="bbox 2014 5094 3594 5173">
    <p class='ocr_par' dir='ltr' id='par_1_75' title="bbox 2014 5095 3594 5173">
     <span class='ocr_line' id='line_1_75' title="bbox 2014 5095 3594 5173; baseline -0.003 -18"><span class='ocrx_word' id='word_1_517' title='bbox 2014 5102 2271 5173; x_wconf 85' lang='lat' dir='ltr'><strong>lacrymis</strong></span> <span class='ocrx_word' id='word_1_518' title='bbox 2292 5101 2692 5157; x_wconf 83' lang='lat' dir='ltr'><strong>cmittebantur</strong></span> <span class='ocrx_word' id='word_1_519' title='bbox 2723 5100 2892 5155; x_wconf 85' lang='lat' dir='ltr'><strong>etiam</strong></span> <span class='ocrx_word' id='word_1_520' title='bbox 2937 5100 3194 5170; x_wconf 83' lang='lat' dir='ltr'><strong>gemitus,</strong></span> <span class='ocrx_word' id='word_1_521' title='bbox 3238 5095 3594 5151; x_wconf 78' lang='lat' dir='ltr'><strong>ostendentes</strong></span> 
     </span>
    </p>
   </div>
   <div class='ocr_carea' id='block_1_76' title="bbox 324 5187 1977 5266">
    <p class='ocr_par' dir='ltr' id='par_1_76' title="bbox 324 5187 1907 5265">
     <span class='ocr_line' id='line_1_76' title="bbox 324 5187 1907 5265; baseline 0.003 -22"><span class='ocrx_word' id='word_1_522' title='bbox 324 5190 560 5259; x_wconf 82' lang='grc' dir='ltr'>δάκρυσι</span> <span class='ocrx_word' id='word_1_523' title='bbox 614 5189 709 5241; x_wconf 85' lang='grc' dir='ltr'>καὶ</span> <span class='ocrx_word' id='word_1_524' title='bbox 774 5187 823 5239; x_wconf 82' lang='lat' dir='ltr'><strong>ol</strong></span> <span class='ocrx_word' id='word_1_525' title='bbox 878 5190 1201 5261; x_wconf 71' lang='grc' dir='ltr'>στεναγμοὶ,</span> <span class='ocrx_word' id='word_1_526' title='bbox 1232 5190 1294 5243; x_wconf 87' lang='grc' dir='ltr'>τὸ</span> <span class='ocrx_word' id='word_1_527' title='bbox 1322 5191 1471 5244; x_wconf 79' lang='grc' dir='ltr'>ἔνδον</span> <span class='ocrx_word' id='word_1_528' title='bbox 1505 5193 1907 5265; x_wconf 81' lang='grc' dir='ltr'>ὑποκαιόμενον</span> 
     </span>
    </p>
   </div>
   <div class='ocr_carea' id='block_1_77' title="bbox 2014 5187 3592 5266">
    <p class='ocr_par' dir='ltr' id='par_1_77' title="bbox 2014 5190 3592 5266">
     <span class='ocr_line' id='line_1_77' title="bbox 2014 5190 3592 5266; baseline -0.004 -16"><span class='ocrx_word' id='word_1_529' title='bbox 2014 5195 2163 5250; x_wconf 90' lang='lat' dir='ltr'><strong>intus</strong></span> <span class='ocrx_word' id='word_1_530' title='bbox 2187 5196 2474 5251; x_wconf 85' lang='lat' dir='ltr'><strong>ardentem</strong></span> <span class='ocrx_word' id='word_1_531' title='bbox 2500 5196 2682 5266; x_wconf 79' lang='lat' dir='ltr'><strong>ignem</strong></span> <span class='ocrx_word' id='word_1_532' title='bbox 2705 5191 3168 5264; x_wconf 90' lang='lat' dir='ltr'><strong>compunctionis.</strong></span> <span class='ocrx_word' id='word_1_533' title='bbox 3188 5191 3345 5258; x_wconf 84' lang='lat' dir='ltr'><strong>Quod</strong></span> <span class='ocrx_word' id='word_1_534' title='bbox 3369 5190 3592 5260; x_wconf 87' lang='lat' dir='ltr'><strong>quidem</strong></span> 
     </span>
    </p>
   </div>
   <div class='ocr_carea' id='block_1_78' title="bbox 328 5279 1977 5359">
    <p class='ocr_par' dir='ltr' id='par_1_78' title="bbox 328 5279 1910 5358">
     <span class='ocr_line' id='line_1_78' title="bbox 328 5279 1910 5358; baseline 0.006 -26"><span class='ocrx_word' id='word_1_535' title='bbox 328 5280 429 5348; x_wconf 79' lang='grc' dir='ltr'>τῆς</span> <span class='ocrx_word' id='word_1_536' title='bbox 450 5279 801 5345; x_wconf 78' lang='grc' dir='ltr'>κατανύξεως</span> <span class='ocrx_word' id='word_1_537' title='bbox 835 5282 1195 5353; x_wconf 75' lang='grc' dir='ltr'>ἐμφαίνοντες</span> <span class='ocrx_word' id='word_1_538' title='bbox 1230 5281 1343 5355; x_wconf 80' lang='grc' dir='ltr'>πῦρ</span> <span class='ocrx_word' id='word_1_539' title='bbox 1364 5302 1379 5316; x_wconf 74' lang='grc'><strong><em>⁸</em></strong></span> <span class='ocrx_word' id='word_1_540' title='bbox 1407 5286 1545 5354; x_wconf 82' lang='grc' dir='ltr'>ὅπερ</span> <span class='ocrx_word' id='word_1_541' title='bbox 1574 5288 1910 5358; x_wconf 73' lang='grc' dir='ltr'>σαφέστερον</span> 
     </span>
    </p>
   </div>
   <div class='ocr_carea' id='block_1_79' title="bbox 2014 5279 3594 5359">
    <p class='ocr_par' dir='ltr' id='par_1_79' title="bbox 2015 5282 3594 5359">
     <span class='ocr_line' id='line_1_79' title="bbox 2015 5282 3594 5359; baseline -0.003 -18"><span class='ocrx_word' id='word_1_542' title='bbox 2015 5289 2263 5359; x_wconf 82' lang='lat' dir='ltr'><strong>apertius</strong></span> <span class='ocrx_word' id='word_1_543' title='bbox 2303 5287 2624 5357; x_wconf 86' lang='lat' dir='ltr'><strong>certiusque</strong></span> <span class='ocrx_word' id='word_1_544' title='bbox 2651 5287 2791 5342; x_wconf 87' lang='lat' dir='ltr'><strong>sciet</strong></span> <span class='ocrx_word' id='word_1_545' title='bbox 2814 5286 3039 5357; x_wconf 89' lang='lat' dir='ltr'><strong>aliquis,</strong></span> <span class='ocrx_word' id='word_1_546' title='bbox 3062 5282 3157 5355; x_wconf 84' lang='lat' dir='ltr'><strong>qui</strong></span> <span class='ocrx_word' id='word_1_547' title='bbox 3208 5285 3358 5340; x_wconf 81' lang='lat' dir='ltr'><strong>illius</strong></span> <span class='ocrx_word' id='word_1_548' title='bbox 3385 5282 3594 5352; x_wconf 82' lang='lat' dir='ltr'><strong>scripta</strong></span> 
     </span>
    </p>
   </div>
   <div class='ocr_carea' id='block_1_80' title="bbox 327 5370 1977 5458">
    <p class='ocr_par' dir='ltr' id='par_1_80' title="bbox 327 5370 1907 5458">
     <span class='ocr_line' id='line_1_80' title="bbox 327 5370 1907 5458; baseline 0.008 -36"><span class='ocrx_word' id='word_1_549' title='bbox 327 5370 668 5458; x_wconf 45' lang='lat' dir='ltr'><strong>staemi&#39;n;</strong></span> <span class='ocrx_word' id='word_1_550' title='bbox 721 5375 836 5437; x_wconf 83' lang='grc' dir='ltr'>τοῖς</span> <span class='ocrx_word' id='word_1_551' title='bbox 890 5373 1105 5428; x_wconf 75' lang='grc' dir='ltr'>ἐκείνου</span> <span class='ocrx_word' id='word_1_552' title='bbox 1161 5376 1595 5448; x_wconf 78' lang='grc' dir='ltr'>συγγράμμασιν</span> <span class='ocrx_word' id='word_1_553' title='bbox 1642 5379 1907 5449; x_wconf 81' lang='grc' dir='ltr'>ὲντυχῶν.</span> 
     </span>
    </p>
   </div>
   <div class='ocr_carea' id='block_1_81' title="bbox 2014 5370 3593 5458">
    <p class='ocr_par' dir='ltr' id='par_1_81' title="bbox 2014 5376 3593 5452">
     <span class='ocr_line' id='line_1_81' title="bbox 2014 5376 3593 5452; baseline -0.004 -17"><span class='ocrx_word' id='word_1_554' title='bbox 2014 5381 2227 5452; x_wconf 81' lang='lat' dir='ltr'><strong>legerit.</strong></span> <span class='ocrx_word' id='word_1_555' title='bbox 2251 5382 2503 5437; x_wconf 81' lang='lat' dir='ltr'><strong>inveniet</strong></span> <span class='ocrx_word' id='word_1_556' title='bbox 2528 5382 2676 5435; x_wconf 90' lang='lat' dir='ltr'><strong>enim</strong></span> <span class='ocrx_word' id='word_1_557' title='bbox 2712 5396 2839 5436; x_wconf 90' lang='lat' dir='ltr'><strong>eum</strong></span> <span class='ocrx_word' id='word_1_558' title='bbox 2860 5396 3082 5451; x_wconf 87' lang='lat' dir='ltr'><strong>semper</strong></span> <span class='ocrx_word' id='word_1_559' title='bbox 3113 5376 3593 5448; x_wconf 88' lang='lat' dir='ltr'><strong>philosophantem</strong></span> 
     </span>
    </p>
   </div>
   <div class='ocr_carea' id='block_1_82' title="bbox 329 5462 1977 5545">
    <p class='ocr_par' dir='ltr' id='par_1_82' title="bbox 329 5462 1909 5544">
     <span class='ocr_line' id='line_1_82' title="bbox 329 5462 1909 5544; baseline 0.004 -25"><span class='ocrx_word' id='word_1_560' title='bbox 329 5462 697 5536; x_wconf 72' lang='grc' dir='ltr'>Εύρήσειγὰρ</span> <span class='ocrx_word' id='word_1_561' title='bbox 715 5465 880 5524; x_wconf 82' lang='grc' dir='ltr'>αὐτὸν</span> <span class='ocrx_word' id='word_1_562' title='bbox 909 5467 1042 5540; x_wconf 59' lang='grc' dir='ltr'><strong>’περίΙ</strong></span> <span class='ocrx_word' id='word_1_563' title='bbox 1068 5467 1307 5539; x_wconf 83' lang='grc' dir='ltr'>κρίσεως</span> <span class='ocrx_word' id='word_1_564' title='bbox 1337 5469 1615 5542; x_wconf 85' lang='grc' dir='ltr'>πανταχοῦ</span> <span class='ocrx_word' id='word_1_565' title='bbox 1643 5473 1742 5526; x_wconf 75' lang='grc' dir='ltr'>καὶ</span> <span class='ocrx_word' id='word_1_566' title='bbox 1764 5489 1909 5544; x_wconf 71' lang='grc' dir='ltr'>παρ-</span> 
     </span>
    </p>
   </div>
   <div class='ocr_carea' id='block_1_83' title="bbox 2014 5462 3603 5545">
    <p class='ocr_par' dir='ltr' id='par_1_83' title="bbox 2014 5469 3603 5545">
     <span class='ocr_line' id='line_1_83' title="bbox 2014 5469 3603 5545; baseline -0.004 -18"><span class='ocrx_word' id='word_1_567' title='bbox 2014 5472 2085 5529; x_wconf 88' lang='lat' dir='ltr'><strong>de</strong></span> <span class='ocrx_word' id='word_1_568' title='bbox 2129 5473 2365 5545; x_wconf 84' lang='lat' dir='ltr'><strong>judicio,</strong></span> <span class='ocrx_word' id='word_1_569' title='bbox 2391 5482 2454 5529; x_wconf 88' lang='lat' dir='ltr'><strong>et</strong></span> <span class='ocrx_word' id='word_1_570' title='bbox 2488 5471 2559 5528; x_wconf 88' lang='lat' dir='ltr'><strong>de</strong></span> <span class='ocrx_word' id='word_1_571' title='bbox 2592 5476 2841 5530; x_wconf 85' lang='lat' dir='ltr'><strong>secundo</strong></span> <span class='ocrx_word' id='word_1_572' title='bbox 2868 5471 3077 5529; x_wconf 82' lang='lat' dir='ltr'><strong>Christi</strong></span> <span class='ocrx_word' id='word_1_573' title='bbox 3109 5469 3375 5538; x_wconf 84' lang='lat' dir='ltr'><strong>adventu,</strong></span> <span class='ocrx_word' id='word_1_574' title='bbox 3397 5475 3454 5525; x_wconf 90' lang='lat' dir='ltr'><strong>et</strong></span> <span class='ocrx_word' id='word_1_575' title='bbox 3480 5476 3603 5523; x_wconf 76' lang='lat' dir='ltr'><strong>ter-</strong></span> 
     </span>
    </p>
   </div>
   <div class='ocr_carea' id='block_1_84' title="bbox 397 5606 979 5713">
    <p class='ocr_par' dir='ltr' id='par_1_84' title="bbox 397 5606 979 5713">
     <span class='ocr_line' id='line_1_84' title="bbox 397 5606 979 5713; baseline 0.003 -15"><span class='ocrx_word' id='word_1_576' title='bbox 397 5638 419 5674; x_wconf 75' lang='grc' dir='ltr'>ί</span> <span class='ocrx_word' id='word_1_577' title='bbox 454 5640 597 5700; x_wconf 84' lang='lat' dir='ltr'><strong>Psal.</strong></span> <span class='ocrx_word' id='word_1_578' title='bbox 625 5658 815 5713; x_wconf 74' lang='grc' dir='ltr'>οινηι,</span> <span class='ocrx_word' id='word_1_579' title='bbox 850 5606 979 5702; x_wconf 67' lang='lat' dir='ltr'><strong>tos.</strong></span> 
     </span>
    </p>
   </div>
  </div>
