4126 6452
392 384 528 454 πετο

1474 394 1651 460 VlTA‘
1699 400 1766 463 S.
1790 399 2095 462 IGNATII
2138 404 2485 470 DEIFERI.

3533 405 3672 470 1274

386 504 690 593 λυσιτελείς
735 505 955 572 πάντως
1008 508 1103 563 καὶ
1158 508 1470 582 ὠφελίμους
1502 514 1855 585 ἀμφοτέροις,
1878 513 1978 579 τὰς

2095 528 2212 574 sunt
2238 521 2468 577 omnino
2502 525 2754 595 utrisque
2802 525 2969 581 utiles
3021 522 3503 580 et'eonducibiles
3532 540 3546 577 :
3580 538 3679 581 eas

389 597 446 653 δέ
479 589 740 668 βλάπτειν
794 601 889 654 καὶ
930 600 1169 671 μάλιστὰ
1195 620 1259 671 γε
1304 602 1485 674 ψυχὴν
1544 604 1854 674 δυναμένας
1887 606 1982 658 καὶ

393 691 760 761 σφοδροτέραν
778 692 918 763 αὐτῇ
942 692 1035 748 τοῦ
1056 696 1231 765 πυρὸς
1244 695 1343 768 τὴν
1370 695 1597 766 γέενναν
1617 699 1982 763 ὑπανάπτειν,

390 786 489 854 οὐχ
514 785 542 837 6
571 784 747 848 διδοὺς
777 785 961 854 μόνον,
996 787 1135 840 ἀλλὰ
1166 789 1259 841 καὶ
1311 791 1339 843 ό
1369 790 1538 844 αἰτῶν
1584 784 1978 850 α’ὐτδς’ἀθλιώο

389 894 570 937 τατοῖ.
614 876 917 950 Θαυμαστὴ
941 879 997 932 δέ
1029 897 1145 945 σου,
1179 880 1427 951 βασιλεῦ,
1479 886 1571 940 καὶ
1604 883 1984 954 μεγαλόδωρος
2012 928 2017 935 .

392 969 424 1036 ἡ
452 969 778 1059 ἐπαγγελία.
804 971 869 1024 Τί
910 971 1018 1043 γὰρ
1041 973 1166 1041 ἐμοὶ
1199 973 1259 1027 τὸ
1298 975 1393 1028 τοῦ
1424 977 1576 1047 παρὰ
1607 966 1688 1030 σοὶ
1723 977 1982 1045 μεγίστου

390 1063 513 1126 Διδς
544 1062 885 1132 καταστῆναι
913 1064 1311 1136 ὰρχιερέα’κοιὶ
1370 1067 1571 1137 βουλῆς
1603 1070 1820 1140 πατέρα
1848 1071 1985 1139 κλη-

394 1154 575 1224 θῆναι,
605 1156 745 1224 ἱερεῖ
791 1173 849 1209 τε
875 1155 990 1210 ὄντι
1018 1159 1257 1227 Χριστοῦ
1297 1159 1391 1213 καὶ
1421 1159 1615 1213 Θυσίαν
1661 1160 1812 1230 αὑτῷ
1860 1161 1984 1215 καθ’

394 1248 633 1317 ἑκάστην
687 1248 949 1312 αἰνέσεως
1000 1249 1205 1317 θύοντι,
1252 1252 1355 1323 ἤδη
1379 1252 1435 1306 δὲ
1481 1254 1577 1305 καὶ
1607 1253 1728 1306 ὅλον
1750 1254 1984 1324 ἐμαυτὸν

392 1339 724 1395 καταθύσειν
755 1342 1101 1413 ἐπειγομένῳ
1129 1344 1224 1397 καὶ
1256 1344 1540 1413 σύμφυτον
1566 1344 1756 1398 θέσθαι
1786 1345 1865 1416 τῷ
1890 1347 1984 1398 τοῦ
2048 1342 2051 1345 ’

393 1438 627 1492 θανάτου
661 1437 826 1491 αὒτοῦ
862 1438 1192 1507 ὁμοιώματι.
1238 1438 1348 1492 Καὶ
1376 1441 1403 1492 ὀ
1436 1439 1728 1509 βασιλεύς⁸
1777 1432 1897 1494 Τίνι
1928 1442 1985 1494 δὲ

396 1528 645 1592 σπεύδεις
668 1529 862 1582 ἑαυτὸν
885 1527 1225 1592 καταθῦσαι,
1249 1528 1326 1599 τῷ
1349 1531 1443 1583 ἐπὶ
1472 1533 1697 1585 Ποντίου
1737 1550 1988 1604 σταυρω-

395 1621 543 1674 θέντι
582 1620 858 1700 Hild-ceu;
920 1620 1050 1684 Nai,
1090 1619 1257 1688 φησὶν
1297 1622 1325 1673 6
1377 1623 1551 1691 μέγας
1595 1622 1876 1691 Ἰγνάτιος,
1909 1624 1987 1695 τῷ

393 1716 492 1782 τὴν
534 1713 811 1782 ἁμαρτίαν
840 1714 1330 1785 ὰνασταυρὼσαντι
1368 1717 1464 1767 καὶ
1497 1719 1588 1769 τδν
1627 1714 1856 1786 εὑρετὴν
1891 1717 1987 1770 αὐ-

2085 626 2239 676 vero,
2270 628 2394 683 quae
2424 624 2656 685 possunt
2704 616 2901 671 laedere
2933 624 2991 671 et
3029 615 3266 672 maxime
3314 613 3580 679 animam,
3620 621 3678 670 et

2083 706 2552 763 vehementiorem
2583 708 2722 779 ignis
2767 710 3076 780 gehennam
3101 707 3153 764 ei
3188 706 3492 763 accendere
3521 746 3535 768 .
3565 720 3677 761 non

2085 800 2132 856 is
2184 800 2279 871 qui
2340 800 2436 855 dat
2500 803 2701 867 solum,
2744 802 2839 857 sed
2900 802 3069 856 etiam
3108 800 3204 870 qui
3248 800 3406 869 petit,
3447 808 3505 853 ct
3553 798 3671 868 ipse

2086 893 2452 949 miserrimus.
2509 894 2865 949 Admirabilis
2915 904 3122 956 autem,
3168 906 3202 947 ο
3251 893 3572 962 imperator,
3621 900 3676 944 et

2087 984 2346 1041 muniﬁca
2380 996 2463 1041 est
2488 993 2577 1041 tua
2610 987 2925 1055 promissio.
2958 986 3100 1052 Quid
3144 985 3292 1039 enim
3333 999 3451 1038 mea
3484 986 3675 1045 refert,

2086 1095 2116 1133 a
2148 1087 2199 1133 te
2251 1079 2473 1133 maximi
2509 1079 2663 1135 Jovis
2696 1079 2961 1134 constitui
3010 1078 3326 1147 pontiﬁcem
3354 1095 3369 1140 ;
3402 1086 3451 1131 et
3493 1076 3678 1131 vocari

2088 1180 2298 1242 patrem
2357 1182 2603 1235 senatus,
2631 1172 2724 1241 qui
2777 1187 2898 1226 sum
2963 1169 3170 1225 Christi
3234 1149 3676 1224 sacerdoslctvi

2087 1266 2337 1335 quotidie
2362 1265 2615 1320 sacriﬁco
2648 1265 2984 1319 sacriﬁcium
3019 1264 3217 1323 laudis.
3240 1272 3308 1317 ‘et
3339 1262 3452 1332 jam
3503 1268 3678 1314 totum

2089 1376 2177 1414 me
2214 1360 2393 1428 ipsum
2429 1374 2670 1429 propero
2698 1359 3008 1421 immolare,
3044 1366 3100 1411 et
3134 1356 3355 1411 eilicere
3394 1354 3681 1424 complan-

2093 1461 2263 1506 tatnm
2308 1453 2427 1523 ejus
2457 1451 2651 1505 mortis
2682 1449 3031 1504 similitudini
3059 1449 3122 1502 ‘?
3152 1450 3459 1517 Imperator
3498 1461 3631 1498 vero
3670 1490 3681 1500 .

2088 1543 2343 1605 Cuinam,
2379 1544 2582 1613 inquit,
2620 1543 2851 1598 festinas
2882 1542 3121 1611 teipsnm
3168 1541 3480 1601 immolare,
3528 1537 3679 1602 eine,

2091 1635 2183 1705 qui
2219 1636 2477 1690 a'Pontio
2510 1635 2686 1690 Pilato
2717 1634 2772 1688 in
2805 1648 3026 1689 crucem
3056 1633 3158 1686 fuit
3185 1631 3389 1687 actus?
3421 1630 3680 1694 lliaxime,

2093 1726 2274 1796 inquit
2310 1738 2540 1796 magnus
2579 1724 2846 1794 lgnatius,
2888 1724 2962 1789 ei,
2997 1722 3092 1793 qui
3153 1731 3442 1791 peceatum
3497 1720 3680 1773 cruci-

394 1807 493 1876 τῆς
518 1806 763 1861 διάϐολον
813 1806 1093 1860 καθελόντι
1127 1810 1220 1861 καὶ
1260 1809 1442 1861 πᾶσαν
1487 1809 1573 1862 διὰ
1605 1810 1700 1863 τοῦ
1750 1811 1983 1879 σταυροῦ

2095 1819 2231 1885 ﬁxit,
2262 1831 2317 1876 et
2372 1821 2491 1891 ejus
2558 1818 2913 1872 inventorem
2946 1816 3226 1871 destruxit
3278 1814 3589 1875 diabolum,
3624 1822 3682 1867 et

394 1898 605 1952 ἐκείνου
625 1897 856 1969 δύναμιν
882 1900 1320 1970 καταργήσαντι.
1346 1899 1509 1963 Abiit;
1529 1901 1621 1954 οὖν
1643 1904 1671 1955 ό
1707 1901 1982 1971 βασιλεύς·

398 1991 623 2055 Ἔοικάς
683 2008 792 2061 μοι,
854 1991 1042 2060 φησιν,
1089 1990 1341 2060 Ἰγνάτιε,
1386 1991 1621 2061 κρίσεως
1671 1993 1841 2064 όρθῆς
1892 1994 1986 2048 καὶ

394 2084 590 2153 φρενὸς
620 2082 790 2152 ὑγιῶς
823 2082 1057 2153 ἐχούσης
1110 2082 1318 2154 ἕρημος
1344 2085 1672 2155 τοπαράπαν
1712 2081 1887 2140 εἶναι’
1923 2088 1984 2140 οὐ

395 2178 502 2247 γὰρ
526 2176 589 2230 ἂν
628 2175 769 2229 οὕτω
798 2175 1049 2246 φανερῶς
1075 2178 1192 2239 ταῖς
1222 2177 1333 2230 τῶν
1364 2172 1713 2248 Χριστιανῶν
1746 2181 1783 2232 Γ
1788 2183 1986 2250 ραιραῖς

334 2335 343 2342 _
398 2269 734 2339 ὲξηπάτησο,
772 2268 889 2321 ἀλλ’
931 2267 1102 2337 ἔγνως
1141 2270 1381 2336 πάντως,
1429 2270 1618 2341 ἡλίκον
1651 2273 1857 2342 ἀγαθὸν
1894 2273 1989 2344 βα-

400 2363 625 2423 σιλικοῖς
661 2361 951 2415 πείθεσθαι
982 2361 1322 2431 διατάγμασι
1365 2365 1460 2416 καὶ
1493 2363 1638 2427 θεοῖς
1680 2367 1820 2435 μετὰ
1852 2366 1990 2420 πάν-

394 2472 502 2509 των
536 2453 873 2524 προσφέρειν
904 2452 1120 2516 θυσίας.
1171 2454 1312 2525 Πρὸς
1342 2454 1515 2508 ταῦτα
1556 2456 1766 2523 μείζονι
1825 2456 1987 2510 πάλιν

397 2551 423 2600 6
447 2544 603 2615 ἆγιος
640 2545 989 2616 χρησάμενος
1020 2545 1307 2617 παρρησία
1329 2560 1346 2578 ο
1388 2548 1453 2601 Εἰ
1487 2549 1583 2601 καὶ
1609 2549 1821 2618 Θηρίοις
1855 2551 1989 2602 ἁνα-

395 2643 613 2709 λώαεις,
660 2643 788 2715 ἔφη,
820 2646 869 2697 εί
920 2645 1014 2697 καὶ
1058 2641 1280 2713 σταυρῷ
1319 2660 1384 2713 με
1415 2645 1784 2712 κατακρινεϊς,
1812 2643 1861 2693 εί
1894 2642 1990 2695 καὶ

398 2737 549 2808 αὐτῷ
580 2736 726 2807 ξίφει
762 2737 859 2790 καὶ
896 2735 1031 2807 πυρὶ
1072 2734 1445 2804 παραδώσεις,
1502 2733 1539 2789 ἆ
1568 2736 1667 2804 τῆς
1696 2735 1798 2805 σῆς
1830 2734 1985 2800 ἐξου-

400 2829 519 2892 σίας
546 2830 715 2892 ἐστὶν,
749 2828 850 2882 οὐκ
888 2827 952 2881 ἄν
994 2843 1126 2880 ποτε
1187 2825 1377 2880 θυσίαν
1414 2826 1524 2894 ἐγὼ
1561 2825 1781 2893 δαίμοσι
1817 2844 1989 2896 προσ-η

398 2922 642 2988 ενεγκεῖν
672 2918 988 2988 ἁνάσχοιμι,
1016 2915 1141 2970 οὗτε
1194 2916 1301 2985 γὰρ
1327 2915 1559 2969 θάνατον
1601 2916 1838 2982 δέδοικα,
1863 2913 1989 2968 οὔτε

402 3009 551 3063 ποθῶ
600 3010 667 3062 τὰ
714 3008 983 3079 παρόντα,
1050 3000 1124 3060 ὧν
1161 3006 1316 3076 ὑμεῖς
1350 3005 1532 3075 κύριοι
1589 3008 1854 3077 παρέχειν
1890 3006 1989 3070 τὰς

398 3100 746 3167 ἀπολαύσεις,
775 3099 911 3171 ἀλλὰ
931 3099 1041 3155 τῶν
1068 3098 1368 3170 μελλόντων
1398 3098 1648 3169 ἐφίεμαι,
1691 3100 1788 3152 καὶ
1821 3115 1992 3151 σπου-

2089 1930 2309 1969 omnem
2337 1915 2457 1983 ejus
2481 1912 2782 1982 potentiam
2808 1927 2905 1981 per
2926 1925 3148 1966 crucem
3177 1906 3438 1975 abolevit.
3466 1907 3683 1961 Rursus

2052 2030 2055 2031 ν
2089 2014 2271 2058 autem
2332 2005 2679 2073 imperator:
2714 2001 2955 2065 Videris,
2996 2001 3196 2069 inquit,
3229 1998 3384 2059 mihi,
3421 2013 3453 2051 ο
3484 1994 3679 2066 lgnati,
3760 2034 3775 2045 .

2089 2098 2318 2152 omnino
2370 2104 2521 2151 recto
2568 2110 2756 2150 carere
2790 2094 3002 2165 judicio
3045 2101 3101 2147 et
3154 2107 3285 2146 sana
3320 2097 3526 2143 mente.
3560 2088 3695 2142 Non”

2089 2191 2236 2246 enim
2279 2198 2387 2243 tam
2419 2198 2614 2258 aperte
2648 2188 2849 2243 fuisses
2880 2187 3148 2256 deceptus
3180 2184 3486 2254 Scripturis
3509 2180 3680 2237 Chri-

2090 2284 2422 2347 stianorum,
2455 2281 2552 2337 sed
2590 2278 3236 2352 cognovissesomnino,
3285 2283 3554 2345 quantum
3611 2272 3685 2327 sit

2093 2377 2300 2432 bonum
2328 2374 2527 2430 edictis
2549 2389 2745 2444 parere
2771 2372 3166 2442 imperatoriis,
3204 2378 3259 2425 et
3285 2370 3393 2424 diis
3410 2365 3684 2423 sacriﬁcia

2092 2466 2296 2521 oﬁ‘erre
2327 2478 2452 2519 cum
2491 2463 2773 2517 omnibus.
2813 2460 2893 2515 Ad
2922 2461 3038 2515 haec
3064 2469 3292 2515 sanctus
3314 2502 3328 2522 ,
3358 2468 3524 2512 utens
3555 2472 3686 2509 rur-

2091 2571 2188 2610 sus
2246 2555 2452 2624 majore
2512 2551 2757 2617 dicendi
2820 2551 3131 2607 libertate:
3176 2549 3407 2604 Etiamsi
3470 2547 3687 2611 bestiis,

2095 2647 2296 2717 inquit.
2326 2644 3011 2716 consumpseris,etiamsi
3044 2657 3132 2697 me
3162 2657 3327 2696 cruce
3346 2640 3687 2696 condemna-

2092 2744 2261 2805 veris,
2286 2739 2504 2796 etiamsi
2538 2738 2722 2809 gladio
2752 2720 2822 2791 hct
2872 2735 2983 2805 igni
3035 2734 3351 2797 tradideris,
3380 2749 3503 2803 quae
3557 2741 3689 2789 sunt

2094 2835 2150 2888 in
2195 2844 2287 2887 tua
2344 2836 2639 2901 potestate,
2672 2842 2955 2897 nunquam
2989 2842 3089 2895 ego
3132 2825 3308 2895 patiar
3340 2823 3689 2879 daemonibus

2093 2928 2302 2984 oil'crre
2368 2923 2724 2988 sacriﬁcium,
2755 2936 2937 2990 neque
2992 2920 3141 2975 enim
3197 2927 3384 2973 metuo
3426 2925 3687 2981 mortem,

2094 3032 2274 3089 neque
2327 3015 2585 3071 desidero
2636 3012 2952 3083 praesentia,
3009 3025 3132 3081 qua:
3170 3016 3254 3063 est
3299 3007 3353 3061 in
3414 3015 3688 3077 potestate

2094 3091 2279 3167 vestra
2321 3108 2571 3179 praebere
2610 3104 2866 3170 fruenda,
2892 3104 2989 3159 sed
3019 3103 3135 3158 sola
3163 3099 3443 3181 desidero.
3477 3100 3686 3165 futura,

399 3197 462 3267 δὴ
493 3212 582 3265 μοι
610 3198 763 3249 πᾶσα
796 3196 931 3265 πρὸς
966 3195 1056 3248 τὸν
1081 3192 1224 3263 ὑπὲρ
1252 3191 1387 3262 ἐμοῦ
1416 3190 1763 3247 ἀποθανόντα
1792 3190 1987 3261 διαϐῆ-

2095 3218 2149 3262 et
2181 3222 2212 3260 a
2249 3220 2336 3259 me
2363 3218 2527 3257 omne
2579 3199 2851 3256 adhibere
2886 3196 3156 3261 studium,
3192 3204 3254 3250 ut
3286 3203 3562 3249 transeam
3619 3191 3689 3246 ad

401 3309 488 3344 ναι
514 3289 771 3360 Χριστόν.

473 3381 564 3449 τῖ’.
613 3381 729 3451 Ἐφ’
750 3377 830 3444 οἷς
858 3381 916 3445 ἐξ
951 3381 1239 3451 ἀγχινοίας
1271 3380 1431 3449 δῆθεν
1461 3381 1494 3451 ἡ
1537 3378 1842 3449 σύγκλητος
1872 3394 1990 3430 επι-
2016 3446 2019 3449 ἰ

403 3474 666 3528 λαϐέσθαι
701 3473 1004 3545 βουλομένη
1036 3473 1132 3526 τοῦ
1166 3472 1577 3545 μάρτυρος·-Τί
1603 3472 1661 3525 δὲ
1699 3472 1991 3541 συνομολο-

400 3569 537 3632 γεῖς,
573 3565 806 3637 ἔφησαν,
840 3566 933 3618 καὶ
960 3566 1143 3629 αὐτὸς,
1171 3565 1429 3618 τεθνάναι
1451 3581 1545 3618 σου
1576 3565 1668 3617 τὸν
1696 3547 1833 3618 Θεόν
1856 3581 1867 3592 ·
1896 3564 1992 3625 καὶ

402 3655 517 3719 πῶς
550 3656 616 3709 ἂν
671 3658 699 3707 ὁ
746 3655 974 3709 θάνατον
1015 3646 1256 3718 ὑποστὰς
1287 3657 1381 3708 καὶ
1432 3654 1664 3708 θάνατον
1715 3655 1990 3724 ἐπάρατον

402 3750 594 3813 οὕτως,
622 3748 844 3820 ἐτέρους
870 3747 1156 3817 ὠφελῆσαι
1215 3748 1445 3810 δυνατὸς
1478 3747 1672 3811 ἐσταις
1703 3750 1753 3799 οἱ
1798 3747 1909 3800 θεοὶ
1937 3747 1994 3800 δὲ

404 3840 663 3896 ἀθάνατοί
696 3842 753 3894 τέ
778 3843 907 3902 εἱσι,
940 3840 1032 3892 καὶ
1065 3841 1193 3910 παρ’
1224 3839 1379 3908 ἡμῶν
1416 3840 1687 3907 λέγονται.
1735 3839 1830 3891 Ἐκ
1874 3837 1994 3890 τού-

408 3951 498 3986 του
524 3933 822 4002 λαϐόμενος
853 3932 1107 4003 ἀφορμῆς
1128 3935 1156 3985 6
1186 3932 1326 3995 θεῖος
1368 3933 1652 4000 Ἰγνάτιος,
1695 3932 1835 3985 ὥστε
1856 3928 1993 4001 ὁμοῦ

410 4029 506 4096 μὲν
536 4027 664 4089 τοὺς
691 4025 918 4078 ἐκείνων
952 4023 1387 4093 διαμυκτηρίσαι
1420 4022 1595 4087 θεοὺς,
1632 4022 1768 4094 ὁμοῦ
1799 4022 1857 4075 δὲ
1901 4023 1996 4076 καὶ

404 4123 498 4175 τοῦ
524 4124 622 4192 τῆς
649 4120 969 4191 οἰκονομίας
1025 4118 1329 4189 μυστηρίου
1365 4117 1539 4187 θύραν
1560 4118 1759 4180 ,αὐτοῖς
1783 4134 1998 4187 παραν-

405 4219 543 4284 οῐξαι
603 4218 698 4272 καὶ
755 4216 928 4280 οὕτως
960 4217 1043 4280 εἰς
1069 4215 1255 4269 πίστιν
1295 4215 1716 4286 χειραγωγῆσαι
1767 4214 1866 4281 τῆς
1900 4213 1995 4266 τοῦ

407 4310 538 4363 θεοῦ
566 4307 840 4375 γνώσεως,
866 4307 1009 4362 οὕτω
1034 4307 1259 4361 διετίθει
1316 4308 1444 4370 τοὺς
1494 4306 1721 4374 λέγους’
1777 4307 1836 4361 Ὀ
1868 4307 1998 4378 ἐμὸς

411 4404 622 4472 Κύριος.
647 4404 741 4456 καλ⁸
795 4402 930 4467 Θεὸς
972 4402 1184 4472 Ἰησοῦς
1219 4403 1478 4473 Χριστὸς,
1515 4401 1708 4472 πρῶτα
1747 4401 1844 4471 μὲν
1902 4399 2011 4471 ὄιν-η

407 4499 622 4569 θρωπος
687 4496 907 4565 ἐγένετο
963 4494 1032 4547 δι’
1091 4495 1266 4564 ἡμᾶς,
1300 4498 1394 4548 καὶ
1449 4494 1546 4564 τὴν
1578 4493 1856 4565 σωτηρίαν
1900 4492 1999 4564 τὴν

407 4588 683 4656 ἡμετέραν
714 4586 808 4638 καὶ
835 4583 1074 4654 σταυρὸν
1104 4582 1418 4637 ἐθελούσιον
1478 4584 1575 4637 καὶ
1618 4583 1853 4637 θάνατον
1900 4583 1997 4637 καὶ

405 4679 582 4747 ταφὴν
608 4679 963 4744 κατεδέξατο.
995 4675 1137 4746 πλὴν
1188 4676 1305 4730 ἀλλ’
1330 4678 1533 4746 ἀνέστη
1569 4676 1732 4731 πάλιν
1761 4679 1841 4740 εἰς
1883 4675 2000 4747 τρί-

406 4790 505 4841 την
531 4772 765 4841 ἡμέραν,
802 4770 896 4824 τοῦ
934 4768 1131 4840 ἐχθροῦ
1180 4771 1241 4821 τὸ
1270 4759 1473 4840 κράτος
1503 4767 1853 4834 καταλαϐὼν,
1903 4768 1999 4822 καὶ

407 4867 485 4926 εἰς
516 4862 782 4934 οὐρανοὺς
816 4860 1076 4933 ἀνῆλθεν,
1113 4859 1239 4914 ὅθεν
1267 4861 1525 4932 ἐλήλυθε,
1584 4861 2000 4933 συναναστήσας

407 4956 557 5024 ἡμᾶς
615 4954 710 5007 τοῦ
740 4942 841 5022 τῆς
873 4954 1156 5026 ἁμαρτίας
1188 4951 1507 5023 πτώματος,
1558 4953 1656 5007 καὶ
1682 4951 2000 5023 εἰσαγαγὼν

409 5048 565 5112 αὖθις
615 5051 694 5111 εἰς
731 5049 824 5100 τὸν
874 5049 1231 5119 παράδεισον,
1269 5040 1332 5102 οὗ
1381 5046 1570 5111 κακῶς
1601 5047 2000 5120 ἐξεϐλήθημεν,

409 5145 504 5197 καὶ
551 5144 761 5214 μείζοσι
827 5143 936 5196 τῶν
990 5149 1273 5213 προτέρων
1322 5145 1550 5211 ἀγαθοῖς
1583 5146 1995 5217 δωρησάμενος.

410 5240 532 5290 ’Ότι
564 5237 619 5290 δέ
657 5236 904 5289 τοιοῦτόν
926 5255 976 5289 τι
1000 5236 1109 5291 τῶν
1142 5237 1273 5308 παρ’
1310 5238 1441 5306 ὑμῖν
1462 5236 1835 5307 νομιζομένων
1858 5238 1997 5294 θεῶν

408 5347 489 5391 τις
521 5329 858 5396 ἐπεδείξατο,
918 5329 1091 5394 οὐδεὶς
1126 5330 1233 5382 τῶν
1264 5330 1484 5385 πάντων
1524 5331 1590 5384 ἂν
1629 5330 1990 5401 ίσχυρίσαιτο.

414 5418 724 5491 ’Ἄνθρωποι
754 5420 858 5490 γὰρ
884 5411 1054 5483 οὗτοι,
1092 5420 1387 5491 κακοῦργοι
1412 5422 1607 5493 κομιδῇ
1644 5422 1736 5475 καὶ
1772 5422 1993 5494 φθορεῖς

407 5513 708 5581 γενόμενοι,
773 5516 866 5567 καὶ
905 5514 1077 5569 πολλὰ
1108 5517 1201 5567 ἐπὶ
1233 5515 1410 5587 βλάὗῃ
1436 5516 1529 5568 καὶ
1586 5514 1857 5586 διαφθορᾷ
1893 5515 1991 5584 τῆς

404 5604 683 5673 ἡμετέρας
720 5605 863 5674 ζωῆς
899 5622 958 5659 τε
1002 5607 1098 5659 καὶ
1128 5607 1224 5675 τῆς
1256 5609 1644 5669 καταστάσεως
1681 5607 1991 5676 ἐργασάμε-

382 5713 485 5747 tvo:
513 5696 714 5765 μικράν
771 5697 825 5749 τέ
852 5714 985 5774 *τινα
1011 5697 1170 5763 δόξαν
1222 5699 1361 5752 θεῶν
1392 5702 1486 5753 καὶ
1536 5699 1840 5769 φαντασίαν
1881 5702 1992 5758 τοῖς

480 5882 497 5906 ³
526 5875 688 5929 Rom.
733 5888 800 5941 Π,
837 5876 889 5929 5.

2093 3299 2400 3356 Christum.
2434 3296 2529 3365 qui
2558 3308 2660 3364 pro
2685 3308 2772 3348 me
2802 3300 2890 3347 est
2912 3294 3188 3344 mortuus.

2165 3391 2256 3448 Vl.
2289 3391 2524 3458 Propter
2575 3401 2701 3456 quae
2730 3384 2927 3439 volens
2978 3388 3206 3438 senatus
3250 3386 3551 3449 martyrem
3592 3392 3688 3431 ar-

2096 3500 2266 3557 guere
2295 3482 2621 3553 ignorantia:
2650 3497 2663 3534 :
2696 3477 2839 3544 Quid
2859 3487 3043 3532 autem
3067 3485 3123 3529 tu
3143 3488 3388 3544 quoque,
3407 3472 3687 3536 dixerunt,

2096 3576 2382 3633 conﬁteris
2439 3574 2612 3628 Deum
2663 3586 2785 3626 esse
2843 3566 3185 3623 mortuum?
3219 3564 3508 3632 Quomodo
3560 3576 3692 3620 vero

2098 3670 2193 3739 qui
2245 3664 2420 3722 subiit
2455 3672 2715 3728 mortem,
2745 3677 2980 3731 eamque
3024 3657 3444 3720 exsecrandam,
3484 3656 3693 3727 poterit

2100 3760 2363 3832 prodesse
2403 3755 2579 3811 aliis?
2610 3755 2692 3809 Dii
2732 3763 2920 3809 autem
2968 3762 3025 3807 et
3061 3759 3192 3805 sunt
3241 3740 3604 3811 immortales,
3634 3757 3693 3801 et

2100 3854 2366 3908 dicuntur
2401 3866 2430 3904 a
2467 3848 2645 3903 nobis.
2673 3845 2810 3902 Cum
2841 3862 2909 3901 ex
2954 3845 3060 3899 hoc
3086 3842 3437 3898 occasionem
3466 3841 3693 3895 divinus

2100 3944 2401 4014 accepisset
2430 3940 2694 4012 lgnatins,
2725 3938 2890 3994 simul
2917 3947 2974 3993 et
2995 3935 3263 3991 irridendi
3287 3935 3510 3990 illorum
3531 3934 3688 3994 deos.

2099 4051 2154 4095 et
2189 4039 2270 4095 eis
2297 4035 2582 4108 aperiendi
2610 4035 2837 4105 jannam
2887 4031 3132 4103 mysterii
3181 4036 3449 4099 susceptae
3505 4028 3692 4083 carnis

2102 4128 2554 4203 dispensationis,
2580 4138 2637 4182 et.
2682 4126 2763 4182 sic
2800 4124 3112 4180 deducendi
3168 4122 3234 4177 ad
3276 4121 3436 4177 ﬁdem
3485 4120 3689 4175 Christi

2101 4225 2460 4297 cognitionis,
2503 4222 2584 4277 sic
2627 4219 2794 4276 verba
2824 4218 3066 4274 habuit:
3101 4217 3255 4271 Meus
3319 4216 3587 4271 Dominus
3636 4223 3693 4267 et

2105 4320 2249 4375 Deus
2280 4317 2441 4372 Jesus
2470 4313 2749 4379 Christus,
2779 4313 3018 4383 primum
3072 4310 3294 4381 quidem
3318 4317 3562 4378 .propter
3590 4322 3694 4360 uos

2105 4413 2268 4466 homo
2298 4410 2475 4464 factus
2500 4416 2606 4472 est,
2644 4414 2701 4461 ct
2741 4413 2968 4476 prepter
2996 4413 3241 4458 nostram
3271 4401 3526 4463 salutem,
3559 4415 3690 4453 cru-

2105 4517 2338 4572 cemque
2387 4509 2443 4556 ct
2478 4502 2723 4555 mortem
2765 4506 2821 4553 et
2848 4496 3194 4566 sepulturam
3246 4508 3345 4548 sua
3374 4500 3570 4561 sponte
3596 4506 3690 4545 ac-

2105 4595 2273 4665 cepit.
2300 4592 2574 4648 Ceeterum
2610 4605 2805 4646 rursus
2828 4588 2990 4644 tertio
3013 4587 3102 4642 die
3126 4584 3453 4645 resurrexit,
3480 4583 3689 4637 inimici

2107 4686 2316 4757 deiecta
2343 4693 2399 4740 et
2427 4690 2700 4755 prostrata
2751 4680 3020 4752 potentia,
3056 4687 3112 4733 et
3153 4675 3406 4733 ascendit
3431 4674 3497 4730 in'
3521 4676 3692 4730 cmlos

2107 4779 2254 4837 unde
2284 4786 2539 4840 venerat,
2575 4791 2675 4831 nos
2735 4774 2898 4829 simul
2946 4789 2976 4827 a
3029 4773 3185 4842 lapsu
3239 4768 3450 4840 peccati
3484 4766 3692 4821 far-iens

2107 4884 2421 4941 resurgere,
2444 4876 2501 4923 et
2535 4881 2731 4921 rursus
2776 4863 3136 4918 introducens
3171 4861 3226 4916 in
3254 4857 3596 4930 paradisum,
3623 4871 3688 4910 ex

2106 4976 2218 5033 quo
2242 4961 2384 5017 male
2436 4958 2721 5016 fueramus
2758 4955 2918 5028 ejecti
2958 4962 3056 5009 :et
3086 4968 3190 5008 nos
3251 4949 3478 5006 donavit
3532 4948 3692 5003 bonis

2102 5032 2431 5124 majoribus,
2467 5066 2632 5120 quam
2660 5057 2822 5104 erant
2851 5062 2914 5103 ea
2935 5061 3059 5115 qua:
3083 5049 3499 5117 praecesserant.
3530 5032 3688 5106 Quod

2098 5154 2284 5201 autem
2339 5159 2407 5198 ex
2436 5142 2503 5198 iis
2542 5140 2637 5211 qui
2679 5156 2709 5196 a
2747 5138 2905 5194 vobis
2936 5147 3235 5192 censentur
3261 5134 3360 5200 dii,
3409 5132 3555 5187 ullus
3583 5130 3690 5185 tale

2098 5236 2229 5308 quid
2278 5235 2494 5297 fecerit,
2532 5233 2718 5288 nullus
2738 5231 2966 5286 omnino
3012 5227 3334 5284 asseruerit.
3380 5225 3517 5280 Nam
3562 5237 3688 5277 cum

2096 5330 2186 5385 isti
2222 5328 2459 5383 fuissent
2496 5326 2752 5381 homines
2786 5322 3019 5379 maleﬁci
3048 5331 3101 5377 et
3147 5318 3389 5383 exitiosi,
3425 5326 3479 5372 et
3512 5315 3691 5371 multa

2100 5419 2362 5474 fecissent
2389 5417 2456 5471 ad
2489 5418 2749 5469 damnum
2779 5423 2835 5469 et
2857 5413 3088 5468 exiliunt
3113 5421 3314 5466 nostra:
3345 5409 3470 5463 vita:
3499 5414 3555 5461 et
3575 5418 3686 5460 sta-
3728 5444 3733 5449 -

2087 5520 2214 5574 ‘tus,
2252 5527 2474 5581 pravam
2507 5519 2692 5564 autem
2742 5508 2974 5563 deorum
3006 5504 3325 5575 npinionem
3350 5513 3407 5557 et
3444 5497 3684 5569 Speciem

2104 5603 2443 5668 hominibus,
2508 5603 2601 5672 qui
2656 5608 2786 5655 sunt
2811 5615 2841 5652 ιι
2872 5598 3090 5653 ratione
3145 5595 3312 5666 paulo
3365 5591 3684 5669 alieniores,

2103 5699 2243 5751 citra
2284 5697 2449 5751 ullam
2511 5695 2780 5748 rationem
2840 5690 3227 5762 pra-buissent,
3254 5682 3551 5741 contractis
3586 5696 3683 5751 po-
