4126 6404
313 341 323 393 ς
353 270 484 384 Γὲῦι
1544 313 1717 373 VITA
1762 313 1823 370 S.
1872 299 2169 383 IGNATII
2212 307 2549 369 DEIFERI.
3471 301 3607 364 I282

346 437 445 503 τῆς
477 420 602 504 γῆς.
660 432 725 487 Τί
766 430 872 502 γὰρ
899 432 1188 499 ὠφελεῖται
1214 428 1526 499 ἄνθρωπος,
1563 428 1658 479 ἐὰν
1692 425 1931 496 κερδήσῃ

2037 422 2298 475 mundum
2326 423 2589 479 lucretur.
2621 428 2675 475 ct
2701 435 2813 474 sua:
2834 420 3029 473 anima:
3044 420 3285 488 patiatur
3305 419 3608 477 detrimen-

344 531 435 582 τὸν
492 526 696 596 κόσμον
752 524 893 584 ὅλον.
949 525 1046 577 καὶ
1080 521 1334 593 ζημιωθῇ
1385 521 1485 591 τὴν
1524 510 1702 590 ψυχὴν
1737 517 1925 572 αὑτοῦ.

361 618 602 673 Ἐκεῖνον
636 613 785 685 ζητῶ
811 614 903 666 τὸν
934 612 1074 683 ὑπὲρ
1101 612 1257 682 ἡμῶν
1287 610 1645 665 ἀποθανόντα.

414 708 517 765 ΙΒ’.
551 706 840 777 Σὺγγνωτὲ
880 724 997 777 μοι,
1034 704 1281 773 ἀδελφοὶ,
1344 704 1419 773 μὴ
1477 702 1809 774 ἐμποδίσητέ
1840 718 1928 770 μοι

346 805 535 873 ζῆσαι,
569 802 703 873 μηδὲ
734 798 1000 871 θελήσητέ
1029 815 1097 868 με
1122 796 1415 851 ἀποθανεῖν
1437 814 1450 827 ·
1476 796 1644 864 ἄφετὲ
1672 811 1739 865 με
1762 794 1931 848 καθα-

326 901 440 970 μὸν
470 897 585 967 φῶς
612 894 801 949 λαϐεῖν
826 909 839 923 ·
883 895 1002 946 ἐκεῖ
1028 892 1138 963 γὰρ
1170 890 1613 962 παραγενόμενος
1641 888 1928 958 ἄνθρωπος

346 990 481 1044 Θεοῦ
522 988 738 1058 ἔσομαι.
817 984 1186 1063 Ἐπιτρέψατέ
1233 1002 1325 1054 μοι
1388 981 1632 1053 μιμητὴν
1665 977 1802 1034 εἷναι
1832 979 1928 1032 τοῦ

348 1082 554 1145 πάθους
580 1071 588 1078 ’
610 1078 705 1133 τοῦ
766 1078 1006 1150 Χριστοῦ
1028 1096 1039 1110 ·
1077 1077 1131 1129 εἴ
1177 1094 1259 1139 τις
1290 1077 1453 1129 αὑτὸν
1497 1077 1555 1128 ἑν
1583 1074 1761 1142 ἑαυτῷ
1795 1073 1927 1142 ἔχει,

349 1174 596 1245 νοησάτω
650 1172 678 1225 ὃ
709 1171 852 1225 θέλω
902 1171 997 1224 καὶ
1038 1168 1456 1239 συμπαθησάτω
1518 1184 1628 1235 μοι.
1678 1164 1834 1227 εἰδὼς
1862 1154 1969 1218 τὰ’

351 1264 647 1334 συνέχοντά
678 1281 767 1334 με.
834 1263 892 1317 ’0
928 1246 1110 1334 ἄρχων
1131 1260 1223 1314 τοῦ
1255 1261 1448 1322 αἰῶνος
1484 1259 1674 1312 τούτου
1697 1257 1931 1328 διαρπά-

353 1372 441 1411 σαι
477 1372 545 1427 με
591 1353 867 1425 βούλεται,
903 1354 998 1406 καὶ
1023 1353 1122 1422 τὴν
1148 1353 1227 1414 εἰς
1267 1351 1400 1404 Θεόν
1432 1365 1535 1419 μου
1566 1346 1789 1419 γνώμην
1815 1346 1930 1422 δια-

352 1444 649 1516 φθαρῆναι.
673 1443 879 1514 Μηδεὶς
909 1440 1000 1496 οῦν
1030 1441 1138 1494 τῶν
1154 1431 1449 1510 ’παρόντων
1474 1438 1737 1509 βοηθείτω
1759 1436 1927 1506 αὐτῷ’

357 1534 555 1604 μᾶλλον
577 1534 698 1604 ἐμοὶ
719 1531 962 1601 γένεσθε,
990 1532 1137 1586 τοῦτ’
1156 1532 1272 1585 ἐστι
1294 1531 1387 1583 τοῦ
1415 1530 1573 1584 Θεοῦ,
1597 1531 1687 1595 Μὴ
1714 1529 1929 1582 λαλεῖτε

368 1625 573 1694 Ἰησοῦν
612 1624 868 1696 Χριστὸν,
922 1626 1128 1707 κόσμου
1159 1625 1216 1677 δὲ
1248 1623 1576 1690 ἐπιθυμεῖτε
1604 1638 1617 1651 ·
1655 1620 1930 1690 βασκανία
1980 1668 1983 1670 ,

355 1722 411 1771 ἐν
436 1719 564 1789 ὑμῖν
595 1718 668 1789 μὴ
699 1717 1023 1771 κατοικείτω
1044 1734 1055 1746 ·
1112 1716 1233 1787 μηδ’
1263 1715 1329 1768 ἂν
1356 1714 1469 1782 ἐγὼ
1501 1713 1693 1786 παρὼν
1747 1732 1928 1786 παρα-

2037 513 2198 567 tum?
2233 514 2388 566 Illum
2429 503 2638 583 qu'wro,
2663 512 2756 582 qui
2793 528 2892 582 pro
2930 512 3090 567 nobis
3116 521 3197 566 cst
3227 523 3496 568 mortuus.

2108 691 2224 747 XII.
2270 691 2543 761 Ignoscite
2568 692 2725 757 mihi,
2760 691 2994 748 fratres:
3025 708 3093 747 ne
3123 693 3245 748 sitis
3276 695 3408 747 mihi
3437 693 3609 764 impe-
3687 705 3704 714 ‘

2031 784 2298 851 diruento,
2331 786 2632 855 quominus
2686 772 2889 848 vivam,
2919 769 3098 855 neque
3118 802 3204 841 me
3232 788 3415 842 velitis
3446 788 3605 842 mori.

2033 875 2207 965 Siqite
2236 884 2329 932 me'
2355 892 2546 946 puram
2570 876 2751 931 lucem
2787 878 3055 946 accipere.
3092 877 3228 933 Cum
3295 882 3423 935 illuc
3450 880 3599 934 enim

2033 985 2259 1035 venero,
2308 986 2404 1024 cro
2453 971 2618 1027 homo
2661 970 2780 1025 Dei.
2844 970 3154 1024 Permittite
3186 972 3341 1033 mihi,
3392 973 3608 1027 ut.sim

2033 1059 2278 1114 imitator
2304 1061 2578 1130 passionis
2612 1061 2840 1115 Christi.
2869 1059 2925 1115 Si
2953 1061 3080 1131 quis
3121 1061 3299 1131 ipsum
3334 1064 3387 1115 in
3425 1065 3608 1133 seipso

2033 1151 2221 1216 habet,
2289 1153 2561 1221 intelligat
2618 1152 2764 1222 quod
2802 1152 3061 1225 volozct
3122 1153 3257 1206 mihi
3323 1164 3611 1209 moveatur

2032 1244 2538 1309 commiseratione,
2585 1260 2711 1299 cum
2742 1246 2881 1299 sciat
2920 1260 3040 1314 qua:
3067 1260 3153 1300 me
3203 1247 3608 1317 constringant.

2032 1331 2297 1402 Princeps
2326 1334 2490 1401 hujus
2507 1334 2690 1388 saeculi
2730 1350 2813 1388 me
2845 1335 2958 1389 vult
2987 1335 3252 1404 diripere,
3284 1348 3337 1391 et
3356 1353 3608 1392 corrum-

2033 1439 2163 1493 pere
2198 1440 2374 1479 meam
2420 1425 2473 1478 in
2510 1426 2679 1479 Deum
2707 1427 3061 1480 sententiam.
3088 1424 3260 1481 Nemo
3284 1443 3415 1497 ergo
3444 1444 3513 1483 ex
3542 1431 3614 1485 iis

2032 1517 2127 1586 qui
2169 1518 2390 1581 adsunt,
2428 1518 2477 1572 ei
2508 1534 2664 1588 Opem
2692 1518 2851 1572 ferat.
2883 1518 3072 1573 Estote
3120 1521 3224 1574 mei
3259 1521 3467 1589 potius,
3502 1522 3611 1579 hoc

2031 1608 2279 1673 cst,Dei.
2314 1609 2391 1663 Ne
2430 1590 2735 1678 loquamini
2787 1608 3069 1664 Christum
3098 1609 3307 1675 Jcsum,
3343 1613 3609 1667 mundum

2032 1716 2165 1755 vero
2191 1702 2533 1775 desideratis.
2571 1702 2649 1755 Ne
2685 1702 2897 1755 habitet
2926 1703 3071 1755 inter
3103 1719 3202 1757 vos
3230 1703 3457 1758 invidia.
3494 1705 3605 1760 Nec

354 1775 502 1864 καλῶ
557 1775 723 1879 ὑμεῖς,
761 1808 1024 1879 πείσθητε
1064 1775 1185 1876 μέιῖ
1226 1775 1437 1869 τούτοις
1481 1806 1537 1859 δὲ
1575 1775 1775 1875 μᾶλλον
1807 1775 1930 1858 πεί-

2037 1794 2077 1850 si
2125 1812 2225 1866 ego
2261 1797 2481 1866 quidem
2521 1812 2762 1867 praesens
2817 1813 2916 1851 vos
2968 1814 3177 1868 rogem,
3204 1808 3389 1867 parete
3425 1800 3560 1853 mihi
3593 1817 3608 1854 :

355 1902 541 1972 σθητε,
572 1896 654 1964 οἷς
682 1898 1010 1972 ὲγὼγράφω
1039 1901 1170 1969 ὑμῖν
1194 1916 1206 1928 ·
1235 1900 1295 1963 ἐξ
1315 1893 1389 1952 ὧν
1416 1899 1524 1968 γὰρ
1551 1899 1749 1969 γράφω
1780 1899 1930 1967 ὑμῖν,

352 1983 464 2063 ὲρῶ
504 1990 597 2045 τοῦ
652 1991 968 2047 ἀποθανεῖν.
1016 1991 1077 2044 Ὀ
1119 1991 1251 2060 ὲμὺς
1288 1989 1426 2058 ἔρως
1454 1990 1797 2060 ἐσταύρωται
1837 1990 1934 2043 καὶ

352 2082 454 2135 οὐκ
476 2080 623 2135 ἔστιν
653 2081 710 2133 ὲν
740 2074 869 2151 ἐμοὶ
893 2080 1002 2151 πῦρ
1030 2081 1303 2149 φιλόῦλον,
1333 2079 1480 2151 ὕδωρ
1508 2080 1564 2133 δὲ
1594 2081 1797 2150 μᾶλλον
1822 2079 1931 2143 ζῶν

354 2172 449 2225 καὶ
490 2169 686 2228 λαλοῦν
725 2171 784 2224 ὲν
812 2171 956 2241 ὲμοῖ,
990 2170 1192 2224 ἔσωθέν
1227 2187 1318 2241 μοι
1361 2171 1533 2239 λέγων
1556 2187 1569 2201 ·
1597 2171 1766 2241 Δεῦρο
1797 2170 1932 2241 πρὸς

351 2259 443 2314 τὸν
474 2252 741 2330 ΙῙατέρα.’
762 2259 883 2331 Οὐχ
906 2260 1105 2330 ἥδομαι
1126 2263 1298 2331 τροφῇ
1333 2258 1537 2329 φθορᾶς
1570 2259 1690 2312 οὐδὲ
1720 2259 1934 2330 ἡδοναῖς

352 2352 471 2412 ταῖς
505 2349 595 2403 τοῦ
630 2352 745 2420 βίου
773 2342 986 2415 τούτου,
1013 2350 1179 2421 ἄρτον
1213 2350 1351 2404 Θεοῦ
1380 2350 1540 2416 θέλω,
1577 2352 1740 2420 ἄρτον
1767 2351 1935 2419 οὐρά-

353 2457 502 2505 νιον,·
518 2442 683 2514 ἄρτον
712 2440 880 2512 ζωῆς,
914 2443 943 2495 ὃ
983 2444 1100 2495 ἐστι
1142 2441 1280 2512 σάρξ
1327 2440 1505 2512 Ἰησοῦ
1556 2442 1792 2513 Χριστοῦ
1838 2439 1932 2493 τοῦ

356 2532 485 2586 Υίοῦ
537 2532 628 2587 τοῦ
681 2534 841 2599 Θεοῦ,
881 2532 977 2597 τοῦ
1006 2536 1305 2604 γενομένου
1339 2537 1397 2586 ὲν
1428 2534 1638 2604 ὑστέρῳ
1672 2536 1735 2587 ὲκ
1768 2533 1934 2604 σπέρο

359 2642 524 2690 ματος
557 2623 719 2679 Δαυῗδ
767 2625 864 2679 καὶ
908 2626 1315 2694 Ἀϐραὰμ,κώ
1351 2626 1501 2695 πόμα
1534 2624 1673 2679 Θεοῦ
1707 2625 1935 2683 θέλω,τδ

355 2712 492 2786 αἷμα
520 2715 710 2780 αἰτοῦ,
749 2717 777 2770 ὅ
809 2720 972 2769 ἐστιν·
1016 2718 1207 2786 ἀγάπη
1247 2716 1525 2788 ἄφθαρτος
1585 2717 1687 2770 καὶ·
1737 2717 1932 2777 ἀέναος

266 2838 277 2846 -
360 2810 497 2880 ζωή.
557 2810 671 2862 Οὐκ
697 2808 776 2861 ἔτι
814 2810 951 2862 θέλω
991 2812 1131 2862 κατὰ
1158 2807 1479 2878 ἀνθρώπους
1510 2808 1610 2880 ζῇν
1637 2824 1650 2839 υ
1680 2808 1836 2860 τοῦτο
1875 2808 1933 2861 δὲ

358 2902 530 2960 ἔσται.
593 2902 687 2956 ἐὰν
745 2902 903 2977 ὑμεῖς
932 2900 1223 2972 θελήσητε.
1256 2901 1535 2970 Θελήσατε
1567 2900 1681 2963 οῦν,
1726 2901 1813 2953 ἵνα
1839 2903 1931 2953 καὶ

360 2994 520 3061 ὑμεῖς
585 2993 884 3062 θεληθῆντε·
941 2992 1008 3044 δι’
1065 2993 1261 3061 ὀλίγων
1299 2992 1645 3063 γραμμάτων
1676 2993 1933 3061 αἰτοῦμαι

358 3084 524 3155 ὑμᾶς,
543 3068 1006 3154 πιστεύσατέμοι.
1044 3083 1251 3156 Ἰησοῦς
1274 3084 1330 3137 δὲ
1354 3084 1588 3154 Χριστὸς
1609 3085 1737 3153 ὑμῖν
1762 3084 1931 3134 ταῦτα

360 3174 663 3253 φανερώσει
697 3176 760 3228 τὸ
787 3160 1243 3245 άψευδὲςοτόμα,
1272 3177 1354 3228 ὅτι
1378 3176 1552 3245 ἀληθῆ
1583 3174 1745 3242 λέγω,
1771 3174 1937 3243 Αἰτή-

358 3267 524 3320 σασθε
550 3269 678 3337 περὶ
712 3267 871 3338 ἐμοῦ,
905 3267 993 3318 ῐνα
1022 3264 1286 3337 ἐπιτύχω.
1326 3268 1401 3320 Οὐ
1427 3269 1568 3323 κατὰ
1600 3267 1781 3336 σάρκα
1806 3266 1935 3335 ὑμῖν

336 3354 598 3430 Έγραψα,
643 3359 780 3412 ἀλλὰ
818 3360 960 3413 κατὰ
990 3360 1215 3428 γνώμην
1243 3358 1401 3412 Θεοῦ.

334 3567 341 3573 -
431 3530 528 3584 II".
575 3530 700 3583 Ἐὰν
745 3530 925 3596 πάθω,
991 3530 1367 3602 μνημονεύετε
1419 3533 1476 3583 ὲν
1537 3535 1605 3602 τῇ
1659 3536 1935 3613 προσευχῇ

360 3626 513 3698 ὑμῶν
541 3626 638 3696 τῆς
669 3629 726 3679 ὲν
750 3627 921 3697 Συρίᾳ
964 3628 1309 3698 Ἐκκλησίας,
1347 3629 1467 3699 ἥτις
1498 3629 1620 3680 ἀντὶ
1653 3630 1786 3697 ἐμοῦ
1818 3647 1937 3681 ποι-

342 3717 579 3787 μένιτῷ
596 3716 716 3788 Θεῷ
737 3718 1035 3788 κέχρηται·
1071 3719 1229 3788 μόνος
1260 3720 1426 3788 αὐτὴν
1463 3719 1673 3787 Ἰησοῦς
1703 3720 1938 3789 Χριστὸς

362 3811 731 3879 ἐπισκοπήσει
793 3812 884 3861 καί
924 3813 956 3877 ἡ
998 3812 1152 3879 ὑμῶν
1177 3812 1389 3880 ἀγάπη.
1431 3812 1762 3876 Ἀσπάζεται
1793 3814 1938 3881 ὑμᾶς

359 3906 422 3956 τὸ
451 3904 584 3974 ἐμὸν
618 3903 838 3970 πνεῦμα
868 3906 961 3955 καὶ
993 3905 1024 3972 ἡ
1066 3905 1254 3973 ὰγάπη
1286 3902 1394 3956 τῶν
1440 3902 1782 3973 Ἐκκλησιιῖιν
1829 3904 1937 3955 τῶν

343 3994 671 4065 ,δεξαμένων
699 4012 765 4064 με
795 3996 877 4057 είς
906 3995 1077 4065 ὄνομα
1110 3994 1284 4064 Ἰησοῦ
1307 3994 1547 4064 Χριστοῦ
1571 3994 1668 4064 οὐχ
1694 3994 1768 4053 ὡς
1794 4011 1937 4065 παρ-

359 4086 611 4139 οδεύοντα
629 4103 644 4120 υ
668 4087 762 4138 καὶ
792 4086 901 4154 γάρ
929 4087 983 4137 αἱ
1017 4086 1091 4154 μὴ
1121 4084 1497 4153 προσήκουσαι
1526 4099 1618 4151 μοι
1642 4087 1713 4153 ’τῇ
1740 4084 1844 4154 ὁδῷ
1868 4086 1936 4155 τῇ

364 4178 508 4231 κατὰ
566 4178 751 4247 σάρκα
805 4171 948 4228 κατὰ
982 4172 1238 4245 πόλιν’με
1290 4176 1601 4246 προσῆγονο
1655 4179 1853 4246 γράφω
1882 4177 1951 4229 δὲ·

372 4267 502 4338 ὑμῖν
538 4266 712 4320 ταῦτα
739 4268 848 4320 ἀπὸ
884 4267 1136 4337 Σμύρνης
1159 4267 1224 4319 δι’
1273 4267 1538 4334 Ἐφεσίων
1569 4266 1678 4320 τῶν
1711 4267 1939 4346 ἀξιομά-

368 4359 666 4425 καρίστων.
728 4360 884 4413 Ἐστι
935 4361 990 4412 δὲ
1034 4362 1129 4414 σὺν
1157 4361 1349 4422 ’ἄλλοις
1380 4360 1616 4422 ’πολλοῖς
1671 4362 1787 4429 ἅμα
1814 4361 1940 4430 ἐμοὶ

2036 1890 2106 1944 iis
2139 1898 2325 1945 autem
2364 1901 2553 1959 parete
2604 1892 2806 1959 potius,
2847 1905 2969 1959 qum
2994 1906 3095 1959 ego
3141 1892 3208 1945 ad
3258 1908 3357 1946 vos
3402 1893 3607 1947 scribo.

2035 1983 2112 2036 Ex
2158 1982 2224 2036 iis
2251 1983 2398 2036 enim
2431 1999 2550 2053 quae
2588 1983 2771 2037 scribo
2800 1983 2865 2038 ad
2915 1998 3030 2045 vos,
3068 1987 3209 2037 mori
3245 1985 3425 2052 cupio.
3462 1984 3613 2039 Meus

2034 2086 2189 2126 amor
2245 2082 2330 2127 est
2374 2074 2528 2128 cruci
2584 2074 2796 2134 alIixus.
2831 2083 2888 2129 et
2935 2090 3044 2128 non
3089 2083 3171 2128 est
3223 2075 3276 2129 in
3330 2087 3416 2128 me
3468 2076 3612 2145 ignis

2034 2179 2227 2220 amans
2259 2167 2544 2220 mundanae
2566 2166 2845 2221 materiae:
2877 2181 3015 2236 aqua
3046 2176 3228 2220 autem
3268 2168 3452 2235 potius
3489 2167 3611 2226 viva

2034 2268 2089 2313 et
2141 2259 2195 2312 in
2238 2273 2325 2312 me
2362 2258 2617 2328 loquens,
2649 2274 2784 2326 quae
2815 2258 2965 2311 intus
3004 2258 3136 2311 mihi
3168 2258 3298 2312 dicit
3326 2277 3337 2311 :
3366 2259 3501 2314 Veni
3542 2259 3610 2312 ad

2033 2350 2274 2405 Patrem.
2316 2350 2435 2404 Non
2501 2349 2753 2404 delector
2810 2349 3151 2403 nutrimento
3215 2350 3609 2418 corruptionis,

2033 2456 2213 2510 neque
2270 2440 2645 2510 voluptatibus
2694 2440 2862 2509 hujus
2908 2440 3053 2494 vitae.
3107 2440 3311 2494 Panem
3340 2441 3435 2495 Dei
3463 2442 3608 2507 volo,

2032 2548 2231 2603 panem
2286 2534 2589 2596 caelestem,
2646 2547 2844 2602 panem
2890 2535 3035 2595 vitae,
3082 2534 3176 2603 qui
3206 2542 3291 2588 est
3321 2549 3449 2588 caro
3478 2534 3611 2590 Jesu

2032 2623 2238 2680 Christi
2269 2625 2365 2679 lilii
2403 2626 2521 2690 Dei,
2556 2627 2652 2695 qui
2712 2634 2902 2696 postea
2953 2636 3117 2679 natus
3153 2613 3247 2679 est
3278 2642 3345 2679 ex
3393 2627 3610 2681 semine

2036 2720 2203 2775 David
2231 2730 2287 2774 et
2315 2721 2593 2774 Abraham
2624 2738 2637 2774 :
2675 2734 2730 2775 et
2751 2729 2939 2791 potum
2978 2721 3074 2774 Dei
3100 2722 3226 2797 volo
3252 2721 3371 2789 ejus
3389 2720 3612 2791 sangui-

2032 2826 2182 2876 nem,
2209 2812 2300 2876 qui
2324 2824 2412 2865 εει
2441 2812 2682 2865 charitas
2710 2812 3051 2881 incorrupta,
3085 2820 3139 2865 et
3185 2814 3295 2866 vita
3320 2813 3605 2881 perennis.

2031 2904 2153 2958 Non
2186 2904 2420 2973 amplius
2447 2904 2572 2957 volo
2596 2904 2784 2959 vivere
2821 2904 2964 2958 sicut
2996 2904 3268 2973 homines,
3298 2905 3399 2959 hoc
3427 2916 3610 2959 autem

2033 2991 2162 3055 erit,
2188 2992 2234 3046 si
2250 3008 2349 3046 vos
2382 2994 2692 3047 volueritis.
2732 2993 2920 3048 Velitis
2952 3008 3106 3062 ergo,
3140 3000 3201 3045 ut
3245 3008 3342 3047 vos
3393 3009 3612 3062 quoque
3634 2986 3653 3016 ’·

1959 3123 2002 3181 C
2036 3083 2180 3138 Deus
2236 3084 2387 3139 velit.
2431 3084 2701 3145 Brevibus
2764 3085 2965 3140 litteris
2996 3094 3120 3153 peto
3174 3100 3203 3137 a
3247 3085 3444 3139 vobis:
3478 3086 3612 3139 mihi

2039 3175 2266 3230 credite.
2290 3174 2452 3230 Jesus
2478 3192 2609 3231 vero
2642 3177 2896 3231 Christus
2936 3175 3093 3229 vobis
3130 3175 3361 3244 aperiet,
3401 3177 3492 3245 qui
3529 3185 3614 3230 est

2039 3283 2102 3323 os
2124 3284 2235 3323 non
2268 3270 2521 3331 mendax,
2554 3270 2700 3339 quod
2729 3285 2855 3323 vera
2901 3269 3024 3323 dico
3046 3268 3284 3337 petendo
3310 3278 3370 3322 ut
3420 3284 3614 3321 consp-

2040 3377 2198 3431 quar.
2258 3355 2376 3415 Non
2430 3361 2734 3432 secupdum
2784 3375 3004 3414 carnem
3053 3361 3254 3433 advos
3278 3359 3481 3426 scribo,
3518 3359 3612 3414 sed

2040 3455 2344 3510 secundum
2383 3455 2478 3510 Dei
2514 3454 2866 3519 sententiam.

2113 3543 2251 3597 XIII.
2289 3543 2343 3597 Si
2378 3559 2573 3612 passus
2616 3543 2796 3608 fuero,
2847 3550 3182 3598 mementote
3241 3543 3296 3596 in
3364 3542 3615 3596 oratione

2041 3642 2220 3685 vestra
2260 3632 2519 3686 Ecclesia:
2565 3632 2754 3703 Syriae,
2782 3648 2905 3699 qua:
2957 3648 3054 3700 pro
3086 3648 3172 3686 me
3225 3641 3444 3701 pastore
3502 3633 3616 3687 Deo

2044 3724 2263 3777 n'vitur.
2297 3723 2458 3778 Solus
2487 3723 2659 3793 ipsam
2687 3723 2843 3777 Jesus
2882 3722 3137 3777 Christus
3175 3723 3438 3786 visitabit,
3466 3725 3614 3791 ejus-

2040 3830 2145 3883 que
2186 3829 2374 3868 curam
2435 3824 2590 3884 geret
2649 3825 2706 3868 et
2741 3825 2921 3867 vestra
2958 3813 3218 3868 charitas.
3269 3814 3479 3868 Salutat
3521 3830 3617 3871 vos

2041 3919 2197 3958 meus
2243 3904 2495 3973 Spiritus,
2561 3913 2615 3958 et
2655 3904 2897 3957 charitas
2942 3904 3330 3968 Ecclesiarum,
3360 3918 3480 3973 quae
3528 3920 3616 3957 nte

2040 4002 2404 4064 susceperunt
2438 3994 2493 4047 in
2524 3995 2746 4048 nomine
2773 3994 2900 4048 Jesu
2950 3993 3179 4058 Christi,
3210 4008 3318 4047 non
3356 4002 3615 4063 tauquam

2044 4096 2442 4141 transeuntem.
2477 4086 2691 4140 Etenim
2720 4101 2840 4155 quae
2872 4085 2938 4139 ad
2971 4101 3056 4139 me
3086 4101 3195 4139 non
3216 4086 3523 4139 attinebant
3557 4086 3613 4139 in

2040 4182 2150 4243 via,
2174 4195 2296 4249 quze
2330 4189 2414 4233 est
2443 4178 2748 4233 secundum
2781 4192 3025 4241 carnem,
3065 4192 3150 4231 me
3185 4176 3536 4231 deduxerunt
3562 4176 3616 4229 in

2038 4272 2346 4325 civitatem.
2379 4270 2576 4325 Scribo
2601 4282 2786 4324 autem
2823 4271 2937 4324 haec
2964 4270 3031 4323 ad
3058 4285 3155 4324 vos
3186 4286 3216 4324 e
3247 4269 3477 4339 Smyrna
3521 4285 3619 4338 per

2042 4362 2333 4432 Ephesios,
2363 4364 2456 4432 qui
2481 4363 2630 4433 digni
2678 4372 2806 4417 sunt
2837 4362 2929 4431 qui
2988 4362 3132 4416 beati
3156 4361 3495 4430 iudicentur.
3527 4359 3620 4413 Est

366 4455 460 4505 καὶ
494 4454 538 4505 Κ
550 4455 728 4521 ρόκος,
764 4454 825 4506 τὸ
845 4453 1080 4524 ποθητὺν
1112 4453 1282 4524 δνομα
1316 4456 1424 4509 τῶν
1447 4454 1812 4509 συνελθόντων
1846 4471 1936 4522 μοι

2042 4469 2175 4508 vero
2200 4470 2414 4509 mecum
2447 4469 2571 4507 cum
2611 4454 2797 4508 multis
2825 4453 2945 4507 aliis
2978 4451 3187 4509 Crocus
3225 4466 3466 4520 quoque,
3514 4458 3618 4503 no-

365 4545 471 4599 άπὸ
508 4547 709 4617 Συρίας
732 4547 812 4610 είς
839 4547 995 4610 δόξαν
1020 4546 1179 4601 Θεοῦ.
1218 4548 1474 4619 Ἔγραψα
1503 4549 1633 4618 ὑμῖν
1660 4549 1836 4600 ταῦτα
1869 4549 1933 4616 τῇ

363 4638 479 4708 πρὸ
522 4639 679 4692 ἐννέα
724 4638 1020 4692 Καλανδῶν
1072 4638 1472 4709 Σεπτεμϐρίου.
1529 4628 1813 4710 Ἔρρωσθε
1862 4639 1941 4701 είς

365 4729 543 4793 τέλος,
572 4730 852 4802 ἀγαπητοὶ
878 4733 937 4783 ὲν
968 4730 1213 4800 ὑπομονῇ
1254 4730 1429 4798 Ἰησοῦ
1461 4731 1718 4799 Χριστοῦ.
1743 4730 1938 4799 Ἀμήν.

434 4909 532 4966 ΙΔ’.
576 4910 739 4964 ’Δλλὰ
799 4909 972 4985 ταῦτα
1010 4909 1111 4980 μὲν
1152 4908 1220 4961 τά
1261 4909 1359 4979 τῆς
1400 4909 1710 4980 ἐπιστολῆς.
1769 4910 1941 4973 Αὐτὸς

365 5003 505 5073 μετά
528 5001 700 5074 βραχὺ
729 5001 839 5055 ἀπὸ
871 5001 1126 5073 Σμύρνης
1152 5002 1262 5054 ἀπὸ
1296 5000 1399 5053 τῶν
1437 5002 1789 5072 στρατιωτῶν
1812 5006 1941 5056 ἀνα-

361 5093 511 5165 χθεὶς
539 5094 635 5145 καὶ
660 5096 953 5162 προσσχὼν
979 5093 1044 5162 τῇ
1080 5091 1293 5161 Τρωάδι
1312 5093 1406 5144 καὶ⁹
1436 5092 1708 5146 Νεαπόλει
1742 5096 1941 5166 παρῄει

362 5187 447 5237 διὰ
482 5185 767 5238 Φιλίππων
816 5185 909 5237 καὶ
941 5184 1288 5248 Μακεδονίας
1322 5186 1486 5255 πεζῇ,
1533 5186 1629 5248 τὰς
1662 5189 1813 5258 παρὰ
1843 5189 1940 5257 τὴν

352 5272 481 5329 ’ὁδὸν
520 5276 846 5348 Ἐκκλησιας
875 5262 1194 5331 ἐπισκοπῶν
1226 5279 1319 5329 καὶ
1345 5276 1615 5331 διδάσκων
1639 5279 1697 5331 ὲν
1720 5258 1937 5343 αὑταῖς,

364 5369 721 5440 παρακαλῶν,
760 5367 1143 5439 διαλεγόμενος
1180 5370 1308 5433 τοὺς
1366 5370 1795 5441 άκεραιοτὲρους
1831 5371 1939 5424 τῶν

362 5460 607 5531 ἀδελφῶν
645 5459 1081 5531 ἀσφαλιζόμενος
1102 5463 1194 5515 καὶ
1217 5462 1424 5526 πάντας
1452 5466 1819 5536 ἐγρηγορέναι
1846 5465 1940 5518 καὶ

361 5554 554 5624 νήφειν
586 5543 1050 5625 παρασέευάζων.
1080 5554 1297 5618 Φθάσας
1326 5545 1383 5608 δὲ
1413 5556 1512 5626 τὴν
1535 5560 1593 5608 ἐν
1624 5556 1941 5628 Ἐπιδάμνῳ

364 5650 631 5720 ’Ἤπειρον
663 5649 757 5701 καὶ
786 5650 846 5701 τὸ
892 5649 1235 5721 Ἀδριατικόν
1267 5665 1322 5701 τε
1348 5651 1442 5703 καὶ
1470 5651 1813 5721 Τυρρηνικὸν
1841 5653 1938 5703 πέ-

358 5742 521 5811 λαγος
553 5741 900 5807 διαπλεύσας,
938 5743 1014 5805 εἰς
1068 5744 1160 5806 τὰς
1197 5744 1252 5794 ἐν
1293 5746 1356 5813 τῇ
1410 5742 1599 5817 Ῥώμῃ
1652 5745 1940 5810 Ποτιόλους

2043 4561 2169 4601 men
2203 4545 2567 4600 desiderabile
2599 4560 2791 4599 eorum
2842 4544 2936 4612 qui
2978 4558 3190 4596 urceum
3239 4551 3620 4595 convenerunt

2041 4652 2073 4711 ο
2119 4637 2276 4709 Syria
2311 4636 2380 4691 ad
2416 4635 2649 4705 gloriam
2697 4635 2814 4688 Dei.
2844 4633 2968 4687 Haec
3006 4632 3073 4686 ad
3101 4646 3197 4686 vos
3247 4630 3442 4700 scripsi
3471 4646 3618 4685 nono

2043 4729 2162 4784 Kal.
2188 4724 2469 4799 Septemb.
2496 4728 2680 4782 Valete
2695 4735 2983 4796 perpetuo,
3003 4724 3222 4785 fratres,
3243 4723 3297 4776 in
3326 4724 3618 4778 tolerantia

2040 4823 2171 4878 Jesu
2199 4822 2429 4878 Christi.
2458 4820 2650 4878 Amen.
3086 4856 3091 4860 .
3353 4862 3364 4874 ,
3506 4890 3511 4895 Ι

2114 4918 2257 4973 XIV.
2292 4916 2399 4971 Sed
2431 4923 2517 4969 est
2559 4914 2675 4968 haec
2722 4911 2944 4982 quidem
2976 4909 3228 4981 epistola.
3265 4908 3386 4979 Ipse
3433 4916 3616 4962 autem

2043 5012 2207 5084 paulo
2235 5021 2358 5081 post
2386 5023 2417 5062 e
2440 5007 2670 5078 Smyrna
2706 5005 2973 5059 deductus
2995 5020 3026 5057 a
3060 5002 3334 5056 militibus
3371 5008 3461 5054 :et
3486 5013 3612 5056 euut

2043 5083 2632 5174 appulissct’l‘roadam
2669 5108 2724 5153 et
2747 5099 3051 5167 Neapolim,
3074 5083 3294 5153 transiit
3329 5098 3465 5167 pede
3520 5115 3620 5167 per

2044 5195 2331 5263 Philippos
2357 5201 2415 5248 et
2441 5191 2839 5256 Macedoniam,
2863 5205 2958 5245 eas
2988 5206 3109 5260 quae
3138 5199 3270 5245 sunt
3315 5190 3371 5244 in
3401 5190 3487 5244 via
3540 5190 3623 5244 ius

2044 5287 2230 5342 visens
2260 5283 2554 5355 Ecclesias,
2583 5292 2640 5338 et
2680 5283 2735 5337 in
2765 5284 2846 5337 eis
2877 5283 3117 5349 docens;
3147 5284 3468 5349 exhortans,
3499 5283 3616 5337 dis-
3695 5303 3701 5311 ·

2045 5394 2256 5444 serens,
2285 5376 2485 5433 fratres
2535 5375 2629 5446 qui
2657 5385 2816 5431 erant
2847 5376 3010 5445 paulo
3043 5376 3407 5444 simpliciores
3431 5384 3488 5430 et
3519 5376 3624 5429 im-

2045 5468 2840 5536 becilliores,conﬁrmans,et
2886 5467 3131 5522 eiliciens
3180 5475 3240 5521 ut
3294 5482 3486 5522 omnes
3539 5467 3625 5520 vi-

2044 5564 2278 5632 gilarent
2300 5572 2369 5617 ‘et
2400 5569 2587 5616 essent
2621 5559 2813 5614 sobrii.
2841 5558 2977 5612 Cum
3009 5574 3141 5613 vero
3171 5558 3458 5613 transisset
3482 5555 3617 5626 Epi-

2048 5663 2262 5715 rutn,et
2294 5634 2442 5706 mare
2486 5650 2797 5706 transiisset
2822 5649 3158 5703 Adria:icum
3185 5659 3237 5701 et
3280 5648 3619 5720 Tvrlieuum,

2045 5745 2266 5816 appellit
2304 5744 2582 5799 Puteolos.
2616 5725 2867 5813 Hospitio
2901 5753 3082 5795 autem
3138 5752 3401 5809 exceptus
3453 5722 3619 5795 simul
