4126 6492
553 321 691 389 1283

1776 321 2057 383 MENSIS
2097 323 2614 395 FEBRUARIUS.

3693 321 3840 388 1284

544 454 673 494 cum
710 435 981 492 militibus
1008 435 1074 491 ab
1101 435 1190 500 iis,
1221 434 1315 506 qui
1342 435 1455 490 illic
1482 444 1663 498 erant,
1695 434 1972 498 fidelibus,
2003 450 2128 489 cum

2235 435 2512 503 καταίρει.
2568 433 2955 500 Ἐπιξενωθεὶς
3004 434 3062 487 δὲ
3123 433 3262 505 μετᾶ
3309 435 3419 489 τῶν
3476 436 3840 506 στρατιωτῶν

545 550 644 588 eos
664 547 887 602 quoque
917 531 1098 584 valere
1125 529 1385 600 jussisset
1439 530 1493 584 in
1536 511 1792 595 Domino,
1831 526 1981 584 venit
2019 530 2132 584 Ro-

547 642 711 689 mani,
745 633 799 679 et
822 624 1038 680 sistitur
1063 633 1190 676 ante
1216 622 1534 693 praefectum
1566 622 1748 677 Urbis.
1773 621 1909 677 Cum
1935 623 2133 692 is'ergo

547 716 942 786 Theophorum
977 716 1227 778 vidisset,
1253 727 1309 771 et
1344 716 1559 771 litteras
1607 715 1914 784 accepisset
1961 715 2135 784 impe-

547 810 801 872 ratorias,
821 806 1146 864 dies'autem
1189 809 1508 862 advenisset
1526 818 1896 878 opportunus,
1911 811 2134 877 quando

546 915 667 958 erat
697 906 816 959 dies
847 905 1020 958 festus
1039 913 1096 958 et
1132 902 1371 958 Celebris
1406 900 1800 961 Romanorum,
1825 898 1979 954 ducit
2006 913 2132 968 eum

553 1000 606 1050 in
639 996 881 1051 medium
923 997 1224 1057 theatrum,
1253 992 1397 1047 sicut
1416 991 1648 1063 jubebat
1675 991 1987 1060 improbum
2015 989 2133 1045 edi-

545 1097 695 1142 ctum
727 1087 1104 1156 imperatoris.

617 1287 740 1345 XV.
759 1287 896 1344 Cum
913 1302 1044 1358 ergo
1071 1286 1329 1340 universa
1352 1285 1548 1341 civitas
1565 1285 1781 1342 sederet
1809 1286 1863 1340 in
1894 1286 2130 1351 theatro,

553 1397 677 1436 cum
730 1382 945 1434 ardenti
996 1380 1194 1449 spiritu
1250 1388 1306 1434 et
1361 1380 1538 1434 oculis
1588 1381 1698 1450 jam
1747 1381 2130 1451 spectaculum

545 1478 881 1538 amantibus,
918 1485 1108 1544 utpote
1156 1475 1302 1544 quod
1328 1477 1440 1546 jam
1477 1478 1621 1529 fama
1657 1475 1862 1545 ubique
1913 1467 2133 1530 annun-

547 1569 756 1633 tiasset,
785 1568 955 1639 Syria:
986 1568 1308 1638 episcopum
1333 1584 1459 1622 cum
1512 1569 1644 1622 feris
1685 1583 1807 1621 esse
1858 1577 2133 1638 pugnatu-

547 1677 708 1726 rum;
743 1673 1046 1715 conversus
1095 1661 1187 1714 ille
1249 1655 1315 1714 ad
1380 1663 1664 1730 populum,
1699 1676 1824 1713 cum
1889 1659 2129 1730 quodam

513 1761 812 1826 generoso
841 1763 899 1808 et
923 1752 1208 1807 inflexibili
1240 1752 1448 1813 animo,
1483 1762 1544 1805 ut
1595 1751 2053 1822 qui-gloriaretur
2075 1761 2130 1806 et

541 1847 650 1910 sibi
677 1847 920 1918 placeret
951 1856 1176 1916 propter
1204 1860 1349 1908 eam,
1376 1859 1498 1912 qua:
1524 1858 1624 1913 pro
1655 1842 1875 1897 Christo
1922 1844 2127 1913 suscipi

539 1941 898 2002 cernebatur,
926 1938 1287 2008 ignominiam
1319 1957 1331 1991 :
1368 1937 1506 2000 Viri,
1540 1936 1744 2005 inquit,
1777 1935 2034 2001 Romani,
2075 1944 2131 1990 et

540 2033 830 2103 praesentis
881 2032 1046 2102 hujus
1077 2031 1404 2086 certaminis
1436 2040 1779 2109 spectatores
1815 2048 1826 2082 :
1875 2045 1984 2083 non
2013 2035 2129 2084 lucc

541 2124 677 2178 mihi
717 2124 884 2184 ﬁunt,
920 2134 980 2178 ut
1013 2124 1160 2177 luam
1195 2139 1387 2193 poenas
1440 2123 1680 2192 alicujus
1713 2122 1998 2187 maleficii,
2035 2129 2131 2176 aut

539 2221 822 2275 sceleratae
848 2219 1083 2289 alicujus
1113 2217 1373 2281 actionis,
1402 2219 1496 2271 sed
1532 2227 1591 2271 ut
1627 2217 1799 2271 Deum
1821 2232 2085 2286 assequar
2111 2235 2123 2270 :

541 2313 706 2378 cujus
739 2312 966 2380 quidem
1001 2320 1196 2364 teneor
1225 2309 1506 2364 desiderio
1530 2317 1586 2363 et
1625 2324 1786 2378 quem
1823 2309 1988 2379 cupio
2042 2309 2130 2362 in-

541 2405 894 2462 satiabiliter.
924 2405 1054 2459 Sum
1079 2383 1229 2459 enim
1274 2407 1396 2474 ejus
1445 2404 1810 2465 frumentum,
1846 2410 1902 2457 et
1952 2402 2128 2456 molor

543 2513 645 2568 per
676 2498 873 2553 dentes
899 2498 1225 2557 bestiarum.
1255 2506 1316 2550 ut
1346 2495 1470 2550 fiam
1510 2498 1560 2550 ei
1588 2513 1765 2565 purus
1796 2497 1974 2566 panis.
2005 2494 2128 2550 Hsec

541 2572 703 2651 dixit,
731 2597 787 2641 ct
816 2587 1028 2640 dimissi
1064 2587 1254 2641 leones
1288 2602 1414 2639 eum
1451 2585 1635 2639 statim
1668 2584 2043 2639 dilacerarunt
2071 2593 2128 2638 et

541 2679 910 2742 devorarunt,
975 2693 1006 2730 a
1061 2678 1194 2730 solis
1266 2675 1644 2746 asperioribus
1699 2676 1849 2730 illius
1908 2675 2128 2730 ossibus

539 2771 904 2834 abstinentes,
939 2770 1062 2840 ejus
1099 2784 1291 2822 revera
1342 2767 1592 2838 impletis
1619 2767 1784 2831 votis,
1819 2776 1880 2821 ut
1933 2767 2127 2822 bestiae

540 2871 726 2918 essent
787 2863 910 2930 ejus
967 2862 1281 2932 sepulcrum
1333 2869 1387 2914 et
1450 2860 1585 2912 nilnl
1653 2862 1921 2928 reliquum
1980 2868 2128 2915 esset

544 2952 667 3021 ejus
719 2951 1015 3029 corporis:
1068 2959 1257 3019 utpote
1317 2949 1462 3018 quod
1513 2951 1657 3005 Deus
1704 2950 1880 3020 pluris
1923 2951 2128 3006 faceret

541 3043 732 3098 famuli
782 3058 974 3112 preces
1020 3052 1077 3097 et
1129 3057 1373 3096 amorem
1425 3041 1570 3097 ferre
1620 3058 1793 3114 usque
1827 3043 1894 3097 ad
1930 3044 2124 3122 finem,

2239 525 2353 587 τοῖς
2406 526 2586 576 ἐκεῖσε
2654 527 2868 586 πιστοῖς
2925 527 3018 578 καὶ
3053 529 3144 577 τδν
3176 527 3230 577 ἐν
3277 525 3470 597 Κυρίῳ
3499 528 3594 579 καὶ
3643 527 3842 590 αὐτοῖς

2241 616 2505 684 μεταδοὺς
2568 617 2899 686 ἀσπασμὸν,
2959 617 3059 687 τὴν
3105 618 3330 689 Ῥώμην
3387 621 3836 689 καταλαμϐάνει,

2238 709 2334 760 καὶ
2373 709 2450 776 τῷ
2490 711 2716 780 ἐπάρχῳ
2749 713 2845 780 τῆς
2870 693 3082 774 πόλεως
3109 712 3494 782 ἐμφανίζεται.
3525 711 3696 778 Οὗτος
3717 715 3844 768 τοί-

2238 817 2334 852 νυν
2365 801 2458 853 τὸν
2485 801 2756 873 Θεοφάρον
2802 805 2943 857 ίδὼν
2993 805 3090 857 καὶ¹
3135 804 3204 856 τὰ
3231 805 3492 875 βασιλικὰ
3528 807 3842 876 δεξάμενος

2237 890 2565 960 γράμματα,
2617 894 2831 963 ἡμέρας
2865 895 3172 964 ἐπιστάσης
3223 895 3508 966 εὐκαίρου.
3542 898 3707 966 ἡνίκα
3734 897 3844 962 δη·-

2241 985 2473 1052 μοτελὴς
2526 985 2740 1055 ὑπῆρχε
2793 989 2904 1048 τοῖς
2967 988 3263 1056 Ῥωμαίοις
3325 988 3840 1058 πανήγυρις,κατὰ

2240 1074 2407 1142 μέσον
2437 1076 2602 1129 αὑτὸν
2634 1079 2848 1143 εἰσάγει
2880 1079 2940 1130 τδ
2981 1077 3231 1147 θέατρον,
3275 1078 3468 1150 ὥσπερ
3494 1075 3589 1132 οὖν
3621 1074 3738 1150 εἶχε
3766 1080 3838 1134 τὸ

2166 1156 2180 1169 ’
2237 1169 2476 1238 πονηρὸν
2510 1171 2688 1221 ἐκεῖνο
2716 1169 2810 1221 τοῦ
2843 1168 3111 1239 βασιλέως
3140 1171 3445 1240 ἐπίταγμα.

2310 1283 2408 1338 ΙΕ’.
2441 1285 2550 1353 Τῆς
2596 1285 2800 1347 πόλεως
2825 1281 2919 1339 οὖν
2959 1286 3142 1355 πάσης
3180 1286 3272 1339 τοῦ
3309 1287 3540 1357 θεάτρου
3582 1285 3838 1356 προκαθο

2235 1377 2448 1448 ημένης
2484 1380 2621 1448 μετά
2680 1379 2886 1449 θερμοῦ
2931 1378 3242 1450 πνεύματος
3273 1381 3365 1433 καὶ
3403 1379 3700 1450 ὀφθαλμῶν
3725 1380 3835 1451 ήδη

2237 1469 2367 1533 θέας
2400 1470 2674 1541 ἐρώντων,
2707 1469 2804 1523 ἆτε
2841 1470 3126 1540 πανταχοῦ
3160 1471 3260 1540 τῆς
3290 1473 3478 1542 φήμης
3510 1471 3836 1538 διαγγειλὰ-

2236 1579 2336 1634 σης
2363 1563 2453 1639 τὸν
2491 1563 2588 1631 τῆς
2619 1564 2821 1632 Συρίας
2856 1565 3160 1617 ἐπίσκοπον
3197 1564 3416 1634 μέλλειν
3456 1566 3699 1636 σήμερον
3730 1565 3837 1635 θη-

2239 1656 2545 1724 ριομαχεῖν,
2613 1656 2985 1726 ἐπιστραφεὶς
3045 1656 3183 1726 πρὸς
3241 1655 3302 1707 τὸ
3349 1656 3554 1726 πλῆθος
3613 1659 3834 1718 ἐκεῖνος

2240 1749 2380 1817 μετᾶ
2430 1747 2683 1814 γενναίου
2715 1748 2836 1800 λίαν
2878 1750 2970 1800 καὶ
3009 1748 3284 1816 ἀτρέπτου
3328 1751 3700 1817 φρονήματος,
3735 1743 3836 1802 οἷα

2234 1840 2298 1910 δὴ
2327 1843 2421 1894 καὶ
2450 1842 2808 1911 καυχώμενος
2845 1843 2938 1895 ἐπὶ
2967 1845 3032 1911 τῇ
3060 1822 3293 1912 δοκούσῃ
3349 1845 3520 1912 ταύτῃ
3565 1841 3651 1894 διὰ
3684 1843 3832 1911 Χρι-

2234 1932 2360 1982 στὸν
2386 1931 2616 2002 αἰσχύνῃ
2668 1933 2760 1984 καὶ
2799 1933 3194 2001 μεγαφρονῶν·
3235 1933 3485 2000 Ἄνδρες,
3523 1933 3648 2000 ἔφη.
3690 1932 3835 1986 Ῥω-

2237 2023 2409 2090 μαῖοι,
2442 2024 2534 2074 καὶ
2559 2023 2653 2074 τοῦ
2675 2024 2944 2090 παρόντος
2972 2023 3184 2090 ἀγῶνός
3218 2041 3308 2092 μοι
3341 2023 3561 2085 θεαταὶ,
3595 2025 3652 2076 οὐ
3687 2023 3837 2094 926-

2232 2112 2326 2167 λου
2357 2113 2500 2175 τινὸς
2533 2114 2698 2166 ἕνεκα
2729 2116 2856 2183 ἐμοὶ
2885 2115 3084 2179 ταῦτα,
3116 2117 3238 2169 οὐδὲ
3274 2115 3530 2188 πονηρῶν
3569 2100 3835 2186 πράξεων

2231 2207 2486 2276 ὑπέχοντι
2519 2207 2701 2278 δίκην,
2728 2207 2845 2260 ἀλλ’
2868 2209 3012 2262 ὥστε
3038 2209 3131 2262 τοῦ
3162 2209 3297 2262 Θεοῦ
3331 2211 3627 2279 ἐπιτυχεῖν,
3651 2206 3834 2279 οὗπερ

2231 2300 2342 2370 ἐρῶ
2382 2301 2476 2352 καὶ
2511 2301 2808 2372 ἀπλήστως
2857 2303 3110 2371 ἐφίεμαι.
3154 2303 3308 2355 Σίτον
3351 2303 3470 2373 -γὰρ
3505 2303 3622 2372 εἰμι
3655 2301 3832 2353 αὑτοῦ

2232 2391 2326 2442 καὶ
2354 2389 2421 2443 δι’
2452 2391 2682 2444 ὀδόντων
2715 2381 2927 2462 θηρίων
2954 2393 3256 2463 ἀλήθομαι,
3293 2394 3379 2445 ἵνα
3407 2391 3833 2469 καθαρδςεαὺτῷ

2231 2481 2397 2552 ἄρτος
2421 2484 2698 2554 γένωμαι.
2732 2485 2922 2537 Ταῦτα
2969 2480 3093 2538 εἷπε
3125 2485 3221 2538 καὶ
3262 2484 3558 2552 ἀφεθέντες
3592 2483 3641 2535 οἱ
3672 2483 3831 2535 λέον-

2228 2592 2318 2638 τες
2343 2575 2708 2628 διεσπάσαντὸ
2741 2594 2800 2629 τε
2835 2579 3000 2632 αὑτὸν
3033 2579 3197 2640 εὐθὺς
3229 2580 3323 2630 καὶ
3356 2577 3700 2645 κατέφαγον·
3730 2577 3833 2646 μό-

2229 2686 2336 2722 νων
2371 2671 2584 2722 ἐκείνου
2617 2670 2728 2723 τῶν
2784 2673 3144 2742 τραχυτέρων
3181 2672 3368 2735 ,ὀστῶν
3430 2671 3828 2740 ἀποσχόμενοι,

2230 2759 2377 2830 ἔργῳ
2409 2764 2507 2832 τῆς
2535 2763 2707 2831 εὐχῆς
2745 2761 2823 2832 τῷ
2855 2763 3013 2834 ἀνδρὶ
3039 2763 3450 2833 πληρωθείσης,
3481 2761 3623 2814 ὥστε
3653 2763 3832 2828 τάφον

2229 2853 2378 2924 αὺτῷ
2403 2854 2471 2906 τὰ
2497 2855 2662 2925 θηρία
2691 2856 2956 2924 γενέσθαι
2991 2860 3085 2910 καὶ
3116 2857 3283 2928 μηδὲν
3309 2855 3707 2924 ὑπολειφθῆναι
3730 2853 3828 2906 τοῦ

2232 2944 2506 3014 σώματος,
2535 2948 2696 2999 οἱονεὶ
2727 2950 2853 3018 περὶ
2887 2949 3137 3011 πλείονος
3167 2947 3262 3000 τοῦ
3295 2946 3433 3000 Θεοῦ
3471 2946 3700 3016 θεμένου
3725 2945 3828 3016 τὴν

2230 3037 2395 3110 εὐχὴν
2429 3039 2520 3091 καὶ
2557 3039 2647 3092 τὸν
2702 3039 2883 3108 ἔρωτα
2928 3040 3022 3093 τοῦ
3064 3040 3401 3112 θεράποντος
3445 3041 3693 3107 ἐνεγκεῖν
3743 3041 3828 3103 εἰς

540 3150 704 3205 quam
750 3132 992 3196 efllcere,
1027 3141 1088 3185 ut
1154 3149 1265 3187 non
1325 3142 1702 3202 tangeretura
1738 3134 2018 3201 leonibus,
2068 3145 2128 3190 ut

2236 3131 2409 3200 πέρας
2443 3133 2475 3203 ἢ
2507 3133 2583 3203 τῷ
2618 3133 2902 3204 ἄψαυστον
2935 3136 3102 3188 αὐτὴν
3136 3138 3244 3198 τοῖς
3270 3135 3484 3188 λέουσιν
3517 3133 3826 3201 ἀποδεῖξαι,

541 3241 646 3282 suo
685 3225 896 3280 nomini
919 3224 1191 3278 tribueret
1221 3223 1475 3294 gloriam;

613 3337 757 3393 XVI.
801 3338 1098 3407 Postquam
1133 3345 1319 3392 autem
1365 3337 1480 3391 haec
1526 3346 1834 3392 evenerunt
1859 3349 1916 3394 et
1961 3339 2126 3394 ﬁnem

543 3438 904 3500 acceperunt,
952 3429 1047 3496 qui
1075 3429 1260 3482 Roma:
1313 3437 1473 3483 erant
1514 3424 1725 3494 fideles,
1750 3430 1819 3484 ad
1849 3446 1989 3500 quos
2026 3433 2126 3486 ad—

541 3520 656 3575 huc
682 3520 895 3585 vivens,
921 3518 1146 3572 divinus
1189 3517 1494 3588 scripserat
1538 3517 1804 3588 lgnatius,
1834 3527 2127 3589 postquam

541 3612 830 3668 dimissum
861 3612 1357 3674 fuerattheatrum,
1387 3612 1804 3674 convenientes,
1835 3628 1960 3667 cum
1979 3629 2124 3680 ossa,

543 3705 598 3760 id
626 3704 979 3780 cupientibus
1007 3703 1284 3769 manibus,
1325 3705 1698 3770 sustulissent,
1732 3713 1787 3758 ct
1823 3703 2129 3758 honorifice

541 3815 607 3854 ac
643 3808 968 3854 reverenter
1015 3797 1482 3866 composuissent,
1523 3813 1587 3851 ea
1636 3797 2016 3866 deposuerunt
2072 3798 2128 3851 in

541 3891 666 3946 loco
696 3892 894 3962 insigni
926 3899 1082 3946 extra
1119 3889 1348 3953 Urbem,
1375 3889 1641 3944 vicesimo
1671 3893 1878 3946 mensis
1899 3891 2130 3945 Decem-

540 3985 682 4041 bris.
708 3985 832 4039 ilaac
862 3995 1049 4054 postea
1072 3983 1361 4053 deportata
1395 3991 1528 4037 sunt
1567 3984 1620 4037 in
1655 3984 1890 4054 patriam
1924 3992 2130 4065 marty-

542 4078 619 4132 ris
647 4076 996 4131 Antiochiam
1027 4093 1040 4130 :
1073 4085 1131 4130 et
1163 4091 1288 4145 quae
1317 4075 1673 4131 intercedunt
1704 4077 1982 4139 civitates,
2019 4075 2127 4129 du-

543 4170 742 4241 plicem
781 4182 1046 4236 accepere
1076 4167 1545 4231 benedictionem,
1576 4178 1634 4223 et
1690 4168 1867 4238 prius,
1905 4166 2129 4237 quando

542 4261 748 4333 Martyr
772 4261 996 4316 vinetus
1026 4259 1340 4314 ducebatur
1364 4261 1594 4316 Romam
1628 4275 1695 4313 ex
1732 4259 2046 4326 Antiochia,
2071 4269 2128 4314 et

544 4367 716 4411 nunc.
745 4353 968 4424 quando
1001 4367 1130 4406 cum
1188 4352 1466 4424 praeclaris
1517 4352 1738 4422 troparis
1791 4351 1944 4406 illinc
1980 4352 2126 4407 refe-

545 4443 792 4509 rebatur,
853 4451 1115 4514 tauquam
1163 4459 1296 4515 apes
1347 4444 1556 4510 favum,
1603 4443 1758 4497 illum
1815 4442 2127 4498 circumvo-

545 4536 634 4590 lan
645 4546 746 4592 tes.

623 4670 791 4727 XVII.
820 4671 1002 4740 Atque
1023 4671 1230 4727 dicitur
1255 4672 1504 4741 quidem,
1540 4670 1686 4742 quod
1720 4681 1844 4742 post
1866 4673 2126 4744 martyri-

543 4780 664 4820 cam
699 4767 818 4833 ejus
859 4766 1415 4829 consummationem,
1453 4760 1776 4834 lugentibus
1829 4766 1978 4822 illius
2011 4767 2126 4838 pri--

545 4855 822 4911 vationem
849 4856 935 4919 iis,
958 4860 1049 4925 qui
1076 4857 1264 4911 Romae
1280 4851 1438 4910 erant
1475 4855 1685 4922 fideles,
1713 4866 1768 4911 et
1797 4859 2004 4912 nullam
2035 4874 2128 4914 ac-

544 4948 884 5018 cipientibus
925 4948 1136 5001 doloris
1194 4947 1653 5014 consolationem,
1695 4957 1750 5002 et
1803 4949 2131 5004 vacantibus

541 5040 947 5110 sepulcralibus
980 5041 1196 5111 hymnis
1222 5049 1280 5092 et
1312 5039 1536 5108 vigiliis,
1565 5041 1681 5109 ipse
1708 5041 1763 5095 in
1798 5042 2008 5096 somnis
2035 5057 2130 5112 ap-

447 5141 454 5147 ‘
540 5146 761 5199 parens,
795 5141 850 5184 ct
885 5146 982 5186 eos
1035 5131 1190 5200 quasi
1248 5131 1608 5212 amplectens,
1640 5135 1734 5204 qui
1800 5135 2014 5190 scilicet
2067 5150 2126 5191 se

544 5225 691 5290 ipsos
748 5223 1106 5292 prmbuerunt
1142 5223 1337 5293 dignos
1381 5224 1528 5279 illius
1587 5227 2006 5294 consuetudine,
2041 5227 2127 5281 luo

543 5330 693 5370 etum
723 5317 804 5370 eis
836 5316 1022 5370 effecit
1056 5316 1273 5372 facilem
1301 5327 1355 5372 et
1384 5319 1677 5381 leniorem,
1709 5331 1764 5376 et
1794 5320 2004 5376 doloris
2044 5338 2130 5377 se-

543 5409 693 5462 davit
717 5409 1144 5463 vehementiam.
1172 5409 1276 5463 Alii
1312 5426 1502 5466 rursus
1529 5411 1810 5478 dixerunt,
1840 5430 1898 5467 se
1924 5415 2128 5468 vidisse

543 5515 673 5556 eum
702 5501 902 5555 sudore
936 5501 1297 5566 difﬂuentem,
1332 5512 1594 5572 tanquam
1651 5506 1745 5574 qui
1806 5521 1984 5574 nuper
2042 5523 2129 5560 rc.-

543 5592 813 5661 spirasset
847 5606 876 5644 a
919 5591 1203 5648 laboribus
1250 5593 1667 5662 decertationis,
1705 5606 1759 5652 et
1812 5608 2127 5667 precantem

543 5682 777 5740 salutem
808 5684 1016 5739 civitati
1055 5695 1109 5740 et
1140 5685 1398 5741 omnibus
1423 5686 1696 5743 fidelibus.

2158 4506 2207 4566 ι)

2233 3225 2311 3298 τῷ
2333 3226 2519 3294 οἰκείῳ
2549 3228 2776 3296 ὀνόματι
2809 3225 3123 3298 περιθεῖναι
3152 3227 3333 3293 δόξαν.

2304 3341 2421 3408 ICI'.
2463 3341 2618 3395 Ἐπεὶ
2643 3343 2742 3394 καὶ
2769 3341 2946 3394 ταῦτα
2977 3341 3144 3411 ἐξέϐη
3178 3342 3274 3394 καὶ
3307 3342 3461 3404 τέλος
3506 3339 3726 3406 ἐλαϐεν,
3772 3343 3827 3395 οἱ

2233 3434 2376 3486 κατά
2399 3433 2500 3504 τὴν
2544 3432 2768 3504 Ῥώμην
2820 3435 3028 3499 πιστοὶ,
3059 3429 3141 3498 οἷς
3171 3438 3266 3488 καὶ
3301 3435 3413 3499 ζῶν
3443 3436 3522 3490 ἔτι
3553 3439 3580 3490 ὁ
3617 3436 3828 3504 Θεοφο-

2233 3540 2326 3594 ρος
2353 3523 2658 3588 ἐπέστειλε,
2695 3527 2837 3596 μετά
2865 3525 2928 3579 τὸ
2978 3527 3305 3597 διαλυθῆναι
3336 3529 3397 3580 τὸ
3441 3528 3670 3598 θέατρον
3702 3545 3831 3584 συν-

2231 3615 2480 3678 ελθόντες
2515 3617 2608 3669 καὶ
2636 3618 2704 3670 τά
2757 3618 2895 3671 ὀστᾶ
2927 3617 3226 3683 ποθούσαις
3263 3625 3452 3691 χερσὶν
3507 3621 3830 3691 ἀνελόμενοι

2231 3707 2664 3772 καὶ.σε6αστίως
2693 3710 2834 3763 αὐτὰ
2858 3711 3327 3781 περιστείλαντες,
3360 3713 3466 3777 ἔξω
3489 3713 3588 3782 τῆς
3612 3713 3830 3776 πόλεως

2234 3798 2293 3851 ἐν
2318 3799 2575 3870 ἐπισήμῳ
2599 3800 2892 3854 κατέθεντο
2921 3804 3093 3874 τόπῳ,
3120 3805 3310 3858 εἰκάδα
3335 3805 3455 3856 τότε
3485 3804 3581 3858 τοῦ
3607 3807 3832 3874 Δεκεμ-

2232 3889 2386 3960 ϐρίου
2425 3894 2595 3964 μηνὸς
2627 3892 2877 3962 ἄγοντος.
2910 3895 3099 3950 Ταῦτα
3135 3896 3199 3950 δὲ
3234 3898 3327 3949 καὶ
3361 3899 3439 3960 είς
3489 3897 3829 3968 Ἀντιόχειαν

2233 3979 2486 4052 ὕστερον,
2531 3985 2632 4055 τὴν
2689 3985 2784 4038 τοῦ
2843 3985 3120 4056 μάρτυρος
3177 3987 3516 4058 ἀνεκομίσθη
3567 3989 3826 4058 πατρίδα,

2231 4077 2327 4128 καὶ
2380 4074 2582 4145 διπλῆν
2614 4078 2674 4130 αἱ
2713 4079 2917 4149 μεταξὺ
2950 4080 3132 4144 πόλεις
3162 4081 3260 4152 τὴν
3294 4081 3549 4149 εὐλογίαν
3581 4081 3828 4151 ἐτρύγη-

2232 4183 2370 4233 σαν,
2405 4169 2693 4240 ,πρότερον
2754 4188 2828 4224 τε⁹
2865 4172 3032 4242 ἡνίκα
3059 4172 3284 4242 δέσμιος
3334 4173 3394 4239 ἐξ
3438 4173 3771 4243 Ἀντιοχείας
3799 4175 3828 4227 ὁ

2233 4261 2449 4331 μάρτυς
2512 4263 2592 4339 είς
2658 4263 2880 4335 Ῥώμην
2927 4268 3222 4334 κατήγετο,
3283 4266 3504 4320 καὶνῦν
3557 4268 3648 4320 ὅτε
3681 4268 3828 4337 μετὰ

2231 4350 2502 4422 λαμπρῶν
2544 4353 2653 4406 τῶν
2679 4355 2962 4423 τροπαίων
2992 4355 3207 4408 ἐκεῖθεν
3250 4356 3634 4426 ἀνεκομίζετο,
3684 4357 3827 4411 καθ-

2232 4443 2380 4514 άπερ
2404 4442 2661 4514 μέλισσαι
2690 4446 2907 4516 κηρίον,
2932 4446 3093 4500 τοῦτο
3122 4449 3570 4518 πεοιῖπτάμενοι.

2307 4667 2405 4723 lZ'.
2445 4669 2683 4738 Λέγεται
2715 4672 2870 4738 γοῦν,
2911 4672 2995 4726 ὅτι
3028 4673 3167 4744 μετά
3201 4672 3301 4744 τὴν
3341 4674 3692 4745 μαρτυρικὴν
3727 4675 3829 4728 τοῦ

2234 4761 2427 4832 ἀνδρὸς
2453 4761 2757 4830 τελείωσιν,
2784 4764 3131 4820 πενθούντων
3163 4767 3264 4838 τὴν
3304 4768 3517 4821 ἐκείνου
3565 4771 3831 4840 στέρησιν

2231 4852 2342 4903 τῶν
2366 4853 2422 4903 ἐν
2459 4854 2526 4922 τῇ
2565 4853 2759 4926 Ῥώμῃ
2788 4856 2998 4909 πιστῶν
3028 4856 3120 4910 καὶ
3144 4857 3301 4912 οὐδὲν
3331 4857 3472 4923 ὅλως
3504 4857 3601 4927 τῆς
3629 4859 3831 4930 ὀδύνης

2234 4942 2585 5014 παραμύθιον
2615 4945 2950 5018 δεχομένων,
2987 4948 3182 5020 ὕμνοις
3206 4946 3266 5004 τε
3307 4951 3682 5023 σχολαζόντων
3705 4955 3829 5008 ἐπι·

2232 5039 2448 5107 ταφίοις
2501 5041 2595 5092 καὶ
2631 5043 2978 5111 παννυχίσιν,
3039 5045 3201 5108 αὐτὸς
3231 5045 3366 5116 ὄναρ
3397 5047 3830 5120 ἐπιφαινόμενος

2231 5131 2326 5181 καὶ
2351 5130 2515 5182 οἱονεὶ
2548 5131 2891 5201 περιϐάλλων
2927 5133 3122 5198 αὐτοὺς
3153 5136 3248 5189 καὶ
3280 5139 3823 5209 περιπτυσσόμενοε,

2233 5221 2345 5275 ὅσοι
2381 5223 2580 5293 δηλαδὴ
2619 5225 2714 5278 καὶ
2742 5224 2929 5290 ἀξίους
2957 5228 3188 5292 ἑαυτοὺς
3225 5231 3498 5302 πρότερον
3548 5232 3648 5301 τῆς
3678 5233 3824 5285 ἐκεί-

2231 5329 2322 5364 νου
2355 5315 2698 5385 κατέστησαν
2724 5319 3034 5384 συνουσίας,
3071 5319 3275 5389 ὀμαλές
3311 5322 3496 5385 αὐτοῖς
3530 5327 3620 5375 καὶ
3651 5323 3824 5392 πραό-

2230 5422 2389 5473 τερον
2425 5406 2601 5460 ἐποίει
2643 5407 2702 5460 τὸ
2748 5409 2968 5472 πένθος,
3021 5412 3246 5482 καὶτῆς
3279 5413 3474 5485 ὀδύνης
3518 5415 3582 5468 τὸ
3626 5416 3822 5484 ἄγριον

2230 5500 2556 5556 ἀπεσϐέννυ.
2605 5502 2827 5573 Ἔτεροι
2875 5504 2932 5556 δὲ
2986 5507 3148 5581 πάλιν
3202 5509 3332 5562 ἰδεῖν
3376 5511 3545 5564 αὐτὸν
3602 5511 3817 5581 ἔφησαν

2233 5593 2420 5663 ἱδρῶτι
2462 5597 2912 5667 καταρρεόμενον
2935 5579 3188 5673 καθάπερ
3219 5605 3345 5673 ἄρτι
3372 5605 3481 5658 τῶν
3515 5607 3612 5676 τῆς
3645 5579 3820 5676 limi}-

2235 5703 2372 5748 σεως
2441 5691 2894 5743 ἀναπεπνευκὸτα
2949 5692 3129 5747 πόνων
3166 5698 3260 5749 καὶ
3331 5699 3607 5770 σωτηρίαν
3659 5702 3724 5769 τῇ
3757 5715 3815 5751 τε

2238 5779 2388 5837 πόλει
2421 5781 2511 5832 καὶ
2540 5781 2670 5835 πᾶσι
2703 5785 2911 5846 πιστοῖς
2942 5786 3331 5857 ἐπευχόμενον.
