4126 6406
618 284 774 375 1281,

616 462 994 494 επακ-τμη.

997 458 2142 490 mm

962 478 1157 496 γἺ-α-οοφ

1887 282 2170 344 MENSIS
2205 282 2732 347 FEBRUARIUS.
2784 318 2789 322 ν

3729 294 3832 364 1238

2167 457 3813 502 mm

2177 480 2465 489 um—

914 614 1097 777 DE
1190 594 1757 774 SANCTO
1848 636 2574 773 CORNELIO
2654 657 3594 781 ‘CENTURIONE

1568 906 1589 936 ρ
1668 877 2360 941 ΕΡΙΞΟ.Ὀ]Ε5ΑΒΕᾹΞ
2413 850 2521 938 Er
2560 876 2849 943 SCEPSI.

1114 1051 1336 1117 (Saecula
1358 1065 1401 1110 t,
1429 1046 1686 1099 Februarii
1714 1049 1797 1097 die
1829 1046 1877 1096 3.
1903 1072 1965 1082 —-
1986 1049 2105 1096 Acta
2142 1048 2433 1097 Sanctorum
2463 1046 2693 1099 Bolland.
2723 1047 2968 1098 Februar.
3000 1025 3121 1098 tom.
3142 1047 3187 1108 ἱ,
3211 1061 3261 1112 p.
3288 1049 3422 1112 279.)
3513 1009 3523 1019 ι

1080 1387 1107 1460 §
1140 1388 1181 1442 1.
1215 1386 1274 1443 S.
1312 1387 1545 1442 Cornelii
1572 1385 1770 1456 patria.

690 1506 1013 1563 i.C:esarra
1047 1503 1177 1557 urbs
1192 1502 1517 1568 Pulu‘stiuaé,
1552 1502 1679 1554 olim
1723 1499 1998 1554 Stratonis
2026 1500 2212 1565 turris,

617 1610 756 1657 teste
790 1600 968 1653 Plinio
1011 1599 1104 1652 lib.
1148 1614 1205 1663 v,
1237 1612 1361 1665 cap.
1397 1596 1482 1659 15,
1519 1599 1586 1649 ab
1624 1594 1838 1648 Herode
1877 1612 1896 1644 ‹
1928 1597 1992 1645 ad
2031 1594 2207 1646 hono-

618 1710 730 1750 rem
760 1679 1041 1749 Octaviani
1075 1686 1338 1760 principis
1380 1688 1769 1750 excedilicatu,»
1804 1697 1860 1739 ut
1894 1688 2057 1739 habet
2088 1688 2217 1738 Am-

618 1788 833 1841 mianus
876 1784 1224 1839 Marcellinus
1254 1783 1347 1837 lib.
1380 1798 1493 1846 xw,
1542 1783 1683 1836 unde
1714 1792 1769 1835 et
1796 1776 2215 1851 appellationem

618 1878 846 1933 sortita:
886 1887 1005 1945 post
1044 1895 1061 1926 ι
1098 1874 1322 1929 Colonia
1372 1874 1580 1940 Flavia,
1614 1891 1641 1927 a
1683 1871 2020 1940 Vespasiano
2082 1873 2213 1941 imp.

618 1971 873 2033 deducta,
900 1985 917 2017 1
952 1967 1027 2020 ait
1057 1965 1282 2019 Plinius.
1316 1964 1564 2019 Retinuit
1615 1977 1797 2020 tamen
1836 1964 2098 2019 Caesareae
2149 1964 2217 2018 ad

618 2074 868 2129 posteros
893 2074 1091 2113 nomen
1124 2077 1137 2113 :
1174 2057 1603 2118 Ptolemzeotub.
1639 2057 1672 2111 4
1716 2058 1881 2121 Asiae,
1910 2057 2218 2130 Καισάρεια

618 2152 961 2223 Στράτωνος,
988 2150 1237 2208 (Itesarea
1265 2150 1541 2204 Stratonis
1572 2151 1737 2204 dicta.
1776 2149 1873 2204 Est
1922 2164 1985 2202 ea
2020 2150 2219 2205 nobili-

622 2252 732 2296 tata
769 2242 1129 2311 plurimorum
1158 2251 1462 2310 martyrum
1501 2240 1739 2309 tropaeis,
1765 2241 2072 2295 antistitum
2096 2255 2220 2293 eru-

621 2334 852 2398 ditione,
889 2350 951 2387 ac
982 2334 1281 2402 praisertim
1320 2335 1551 2402 primum
1588 2333 1748 2387 isthic
1777 2332 2031 2402 gentibus
2073 2343 2222 2401 pute-

622 2427 770 2484 faeto
828 2426 1149 2479 immediate
1200 2427 1251 2477 in
1295 2423 1596 2479 Ecclesiam
1642 2426 1909 2495 ingressu,
1967 2425 2220 2479 Cornelio

621 2520 947 2572 centurione
981 2534 1077 2588 per
1118 2519 1489 2588 apostolorum
1540 2519 1839 2588 principem
1898 2518 2221 2588 baptismate

626 2611 866 2664 initiato.

691 2705 747 2758 2.
784 2702 908 2756 Erat
962 2719 1007 2767 s,
1033 2715 1091 2756 ut
1125 2711 1320 2760 scrtott
1355 2705 1415 2757 S.
1462 2702 1639 2758 Lucas
1665 2705 1785 2759 Act.
1827 2721 1882 2771 ι,
1916 2723 1935 2756 1
1966 2706 2217 2759 centurio

622 2798 864 2853 cohortis
896 2812 1014 2865 qute
1046 2797 1247 2850 dicitur
1285 2796 1489 2849 ltalica.
1518 2816 1537 2848 ι
1572 2796 1781 2862 Quibus
1806 2814 1869 2851 ex
1904 2800 2084 2852 verbis
2109 2799 2220 2852 Col-

625 2891 744 2959 ligit
780 2891 1045 2945 Batonius
1097 2901 1137 2945 t.
1164 2892 1180 2944 I
1207 2890 1433 2957 Anual.,
1464 2906 1552 2943 un.
1581 2890 1779 2945 Christi
1809 2892 1898 2956 Ill,
1933 2908 1984 2945 n.
2017 2892 2073 2957 2,
2098 2908 2221 2946 eum

623 3000 825 3051 genere
866 2984 1170 3037 ltuuutuum
1204 2983 1394 3050 fuisse,
1430 2983 1629 3037 milites
1663 2984 1861 3048 Italos;
1919 2993 1971 3038 et
2001 2986 2221 3055 quidem

622 3092 689 3129 ex
738 3078 948 3144 legione
976 3085 1148 3139 sexta,
1201 3073 1424 3140 Ferrea,
1472 3077 1553 3129 rel
1606 3073 1839 3130 Ferrato
1875 3065 2017 3132 (licia
2044 3093 2067 3132 ;·
2100 3093 2223 3130 nam

625 3169 995 3239 στρατόπεδον
1025 3168 1089 3221 τὸ
1116 3168 1403 3239 Σιδηροῦν,
1446 3168 1712 3237 legionem
1765 3168 2021 3224 Ferreum
2051 3170 2102 3223 in
2135 3168 2227 3225 Ju-

626 3266 738 3316 dteu
768 3258 1091 3315 collocatam
1137 3263 1261 3314 inde
1294 3278 1321 3313 a
1355 3263 1691 3329 temporibus
1744 3262 1993 3335 Augusti,
2031 3263 2225 3328 scribit

627 3353 729 3406 Ilio
758 3349 983 3406 Cassius
1021 3352 1113 3404 lib.
1164 3365 1251 3404 LV.
1288 3347 1516 3405 Tacitus
1579 3353 1728 3419 plura
1778 3353 1845 3406 ab
1875 3369 1935 3405 eu
1991 3366 2141 3424 gesta
2175 3357 2227 3408 in

631 3440 792 3513 Syria
819 3444 1191 3510 Armeniaque
1219 3442 1337 3508 (sed
1374 3453 1491 3509 post
1524 3441 1761 3495 Cornelii
1789 3445 2225 3513 conversiOnem)

632 3545 843 3589 narrat.
877 3534 1205 3589 Cbronicntu
1235 3535 1614 3604 Hispaniense,
1639 3538 1779 3605 quod
1811 3535 1996 3589 Flule
2027 3538 2228 3592 Dextro

629 3630 908 3682 ascribunt
952 3639 1201 3683 aut-tores
1236 3628 1514 3693 moderni,
1558 3628 1626 3681 ad
1676 3646 1874 3683 annum
1928 3629 2131 3685 Christi
2160 3630 2232 3685 40

627 3719 941 3774 Cornelium
969 3717 1306 3774 Italicensem
1330 3720 1477 3781 facit;
1502 3719 1686 3775 Italica
1705 3736 1895 3791 nempe
1918 3718 2232 3788 oriundum,

627 3812 844 3867 Baetica:
875 3813 1031 3874 urbe,
1061 3812 1209 3867 unde
1235 3822 1289 3867 et
1317 3820 1440 3883 past
1469 3812 1747 3877 Trajanus
1771 3824 1934 3884 atque
1965 3816 2234 3870 Adrianus

628 3904 831 3975 Impp.,
853 3904 1008 3972 cujus
1040 3923 1090 3957 tlt
1108 3905 1191 3959 bis
1216 3909 1400 3959 ruinas
1425 3907 1488 3958 ad
1505 3904 1690 3960 Baetim
1713 3908 1931 3971 lbttneu,
1953 3908 2100 3962 leuca
2128 3925 2233 3964 una

630 4001 699 4051 ah
735 3996 961 4080 [lupam
979 3997 1280 4049 etiam‘num
1299 3999 1555 4065 spectari,
1592 4013 1653 4052 ac
1670 3997 2234 4069 'llispalim‘antiqunm

2244 1388 2287 1447 Α
2321 1416 2559 1462 exstant.
2582 1407 2834 1461 Atlih.Lv
2854 1409 2953 1461 ista
2981 1407 3144 1463 habet
3167 1425 3180 1462 :
3203 1427 3222 1460 1
3260 1408 3437 1463 Sexta:
3458 1410 3571 1463 dure
3592 1410 3844 1482 (legiones),

2320 1516 2426 1553 uua
2457 1502 2507 1553 in
2542 1500 2785 1554 inferiori
2819 1499 3121 1566 Britannia,
3150 1501 3394 1569 \‘tctrix;
3428 1501 3587 1556 altera
3626 1503 3673 1558 in
3699 1503 3843 1561 .lndzea

2322 1592 2532 1645 Ferrea:
2553 1591 3079 1662 vocabuloiusignis.
3109 1612 3128 1645 ι
3159 1594 3555 1660 thu‘ihusdam
3580 1580 3844 1664 interiectis,

2326 1682 2514 1738 (Nero
2574 1685 2841 1750 legionem
2899 1688 3173 1754 primum,
3240 1685 3477 1741 Italicam
3521 1704 3844 1757 nuncupatam,

2322 1775 2577 1839 instituit,
2632 1776 2686 1830 in
2740 1776 2998 1831 inferiore
3031 1772 3198 1848 Misia
3235 1780 3598 1851 hyemantent.
3639 1822 3653 1837 .
3692 1823 3705 1837 .
3742 1823 3755 1838 .
3790 1822 3802 1836 .
3832 1830 3838 1840 .

2323 1869 2599 1938 Trajunus
2625 1873 2917 1925 secumlam
2946 1870 3283 1944 Egyptiam,
3329 1874 3642 1928 tricesimum
3671 1875 3841 1930 Germa-

2323 1963 2537 2025 nicum;
2572 1962 2773 2031 quibus
2813 1979 2841 2017 a
2879 1979 2979 2020 suo
3030 1966 3251 2022 nomine
3300 1982 3489 2020 nomen
3542 1967 3767 2034 imposuit
3797 1967 3850 2021 ll.

2323 2057 2676 2110 Antoninus:
2728 2058 2855 2111 item
2892 2058 3185 2113 secundam
3246 2060 3296 2112 in
3345 2057 3557 2119 Norico.
3608 2061 3786 2113 tertiam
3812 2061 3850 2113 in

2324 2146 2560 2211 lilttetia,
2596 2163 2714 2214 (μιεὲ
2748 2148 2912 2202 etiam
2961 2148 3161 2205 Italica!
3198 2161 3477 2209 voc'antur.
3508 2171 3526 2205 1
3563 2154 3638 2207 Att
3679 2154 3753 2206 Itic
3780 2153 3855 2205 nti-

2322 2255 2441 2293 rum
2467 2240 2519 2293 iu
2545 2242 2763 2294 lltOtltlm
2802 2241 3071 2312 legionem
3109 2243 3352 2298 Italicam
3388 2245 3525 2300 inter
3553 2255 3751 2299 ceteras
3774 2244 3851 2298 mia

2324 2333 2501 2387 coisse
2544 2333 2639 2387 Dio
2673 2335 2941 2389 testatur?
2971 2319 3071 2390 'Au
3125 2338 3179 2391 in
3215 2337 3455 2393 Judaeum
3505 2339 3760 2394 deductam
3803 2336 3851 2389 ab

2324 2423 2566 2493 Augusto
2598 2440 2717 2492 qua:
2770 2426 3017 2480 instituta
3070 2428 3310 2482 nondum
3344 2429 3499 2484 erat?
3530 2429 3595 2483 At
3640 2429 3680 2482 si
3710 2427 3849 2481 Italica

2323 2510 2464 2579 erat,
2493 2531 2613 2582 quae
2634 2513 2874 2570 Judmam
2902 2518 3360 2590 tutabaturlegio,
3394 2522 3516 2590 quid
3545 2536 3741 2575 necesse
3763 2529 3852 2572 erat

2326 2607 2652 2676 peculiarem
2682 2625 2844 2663 unatn
2868 2610 3011 2666 illius
3041 2612 3325 2666 cohortem
3357 2614 3587 2668 Italicam
3615 2610 3854 2682 appellari?

2253 2736 2294 2794 Β
2326 2696 2526 2782 Yerum
2566 2699 2812 2755 Bivarius
2876 2703 3141 2756 cohortem
3179 2712 3245 2759 a‘e
3304 2705 3554 2775 legionem
3595 2703 3850 2761 confundit:

2326 2792 2728 2847 scribitenim:
2788 2813 2804 2843 1
2837 2795 2895 2846 111
2946 2791 3130 2849 Judrea
3174 2812 3279 2850 una
3343 2797 3631 2863 eademque
3662 2805 3761 2850 erat
3788 2808 3853 2846 co-

2327 2885 2456 2939 hors
2508 2886 2739 2939 militum
2801 2888 3295 2946 llomanorum.....
3354 2889 3466 2943 sola
3525 2890 3657 2943 enim
3701 2886 3852 2941 cohors

2328 2988 2517 3049 sexta,
2566 2979 2690 3049 Quae
2741 2990 2827 3034 est
2886 2980 3094 3045 Italica,
3130 2991 3185 3034 et
3220 2979 3467 3046 Ferrato,
3518 2982 3569 3035 in
3603 2979 3851 3036 Palestina,

2329 3070 2498 3127 Dione
2538 3079 2694 3137 teste,
2754 3070 3005 3141 degebat.
3043 3091 3062 3124 1
3105 3071 3291 3127 Dionis
3336 3074 3448 3143 jam
3473 3074 3624 3128 verba
3677 3069 3853 3140 protuli-

2330 3177 2470 3217 mus.
2501 3162 2583 3217 An
2618 3173 2726 3217 tam
2776 3163 3137 3218 honorilicmn
3186 3176 3376 3221 censet
3405 3164 3657 3232 Bivarius,
3680 3162 3854 3225 Christo

2333 3255 2667 3309 truculentas
2720 3270 2912 3311 munus
2949 3258 3217 3322 intulisse,
3275 3259 3326 3314 id
3364 3274 3572 3328 quoque
3600 3260 3743 3312 «locus
3770 3253 3856 3310 suis

2334 3346 2629 3417 gentilibus
2660 3334 2929 3403 assertum
2966 3349 3134 3404 velit?
3167 3351 3253 3405 An
3287 3353 3501 3420 quando
3528 3349 3701 3404 Matth.
3726 3361 3853 3411 uva,

2332 3449 2661 3509 congregata
2702 3449 2785 3495 est
2860 3458 2879 3492 ι
2909 3442 3165 3497 universa
3214 3445 3435 3509 cohors,
3475 3462 3493 3496 1
3548 3444 3693 3498 etiam
3737 3437 3857 3493 acciti

2334 3540 2463 3585 sunt
2493 3529 2743 3585 Caesarea
2776 3545 2967 3585 omnes
2996 3532 3234 3587 Cornelii
3276 3533 3496 3598 milites,
3534 3534 3583 3587 si‘
3611 3531 3745 3586 unica
3771 3536 3859 3581 erat

2334 3622 2388 3677 in
2422 3621 2603 3677 .lndzea
2667 3622 2914 3677 cohors?
2973 3622 3089 3678 Non
3147 3624 3459 3680 iuliciamur
3499 3634 3663 3680 tamen
3698 3629 3855 3677 sextam

2336 3716 2570 3784 aliquam
2613 3715 2878 3783 legiooem
2930 3716 3053 3786 legi,
3093 3729 3369 3773 versatam
3404 3719 3453 3774 in
3507 3717 3754 3786 Hispania,
3786 3709 3856 3767 sed

2313 3805 2403 3862 ab
2440 3809 2539 3862 hac
2569 3806 2797 3863 Ferr'ata
2823 3809 3116 3865 diversam.

2353 3926 2357 3930 ι
2407 3900 2464 3954 '5.
2503 3898 2749 3956 Validius
2785 3911 2872 3957 est
2908 3902 3210 3972 aliquanto,
3243 3906 3384 3975 quod
3414 3921 3477 3960 ex
3509 3904 3563 3959 S.
3591 3890 3858 3966 llieronymo

2343 3991 2588 4046 Blvarius
2615 3993 2773 4047 alTert
2802 4006 3209 4062 argumentum.
3249 3998 3347 4052 llic
3387 3997 3540 4067 epist.
3567 3995 3630 4049 28
3655 3994 3711 4047 ad
3739 3989 3858 4043 Luc;-

630 4091 758 4153 dici,
812 4090 999 4144 scribit
1037 4089 1346 4143 Ludovicus
1403 4088 1612 4145 Nonius
1676 4091 1950 4162 Hispania:
1977 4108 2098 4163 cap.
2133 4092 2223 4147 17.
2259 4099 2303 4155 c
2336 4086 2485 4140 nium
2515 4085 2792 4151 Bzetieum,
2814 4088 3074 4141 iuteralia
3106 4091 3185 4144 sic
3222 4092 3413 4146 scribit
3439 4109 3451 4144 :
3477 4108 3495 4141 ‹
3527 4088 3652 4143 Vere
3675 4097 3789 4139 nunc
3820 4080 3855 4131 in

631 4182 814 4237 Multis
844 4182 1175 4251 argumentis
1200 4181 1509 4237 Cornelium
1562 4184 1761 4239 Italica:
1807 4186 2083 4240 vindicare
2113 4185 2239 4240 niti-

635 4287 723 4330 tur
746 4270 1075 4329 Francisch
1114 4275 1360 4330 Bivarius
1394 4276 1447 4329 in
1480 4279 1596 4331 suis
1648 4280 1714 4331 ad
1768 4278 1897 4333 illud
1925 4277 2235 4334 Chronicon

558 4396 565 4403 -
632 4368 1079 4444 commentariis,
1116 4369 1183 4422 ad
1218 4385 1309 4423 au.
1343 4369 1479 4443 Chr.
1519 4369 1612 4436 54,
1640 4370 1854 4425 Comm.
1905 4373 1961 4426 5.
2009 4374 2235 4427 Sextum

632 4462 778 4517 enim
834 4459 1375 4531 legionent,..lttda:te
1434 4464 1745 4531 itnpOsitam
1782 4463 1847 4515 ad
1902 4464 2235 4532 praesidium,

634 4551 876 4607 Italicam
908 4537 1080 4609 fuisse
1110 4570 1125 4619 ;
1156 4551 1382 4607 Sestum
1415 4553 1762 4624 appellatam,
1797 4558 1939 4623 quod
1970 4556 2108 4623 apud
2152 4556 2240 4610 Li-

635 4646 784 4697 vium
816 4644 1052 4712 uspiam,
1088 4637 1492 4712 provinciarum
1531 4644 1694 4698 Sexta
1724 4645 1938 4699 dicatur
1975 4646 2233 4715 Hispania

638 4736 889 4801 ulterior,
924 4735 1012 4790 ubi
1047 4740 1175 4790 urbs
1221 4738 1445 4792 Italica:
1483 4739 1637 4807 quasi
1693 4753 1824 4793 vero
1873 4740 2015 4809 legio
2081 4743 2238 4796 tertia

637 4827 866 4893 Gallica,
906 4830 1065 4883 tertia
1120 4827 1459 4900 Cyrenaica,
1486 4842 1682 4898 quarta
1720 4829 1996 4902 Scythica,
2045 4835 2236 4902 quinta

638 4922 1008 4988 Macedonica,
1066 4931 1392 4989 nuncupatas
1446 4922 1578 4984 sint,
1652 4925 1779 4992 quia
1833 4922 2006 4979 Gallia
2040 4941 2104 4981 ac
2132 4926 2240 4998 Cy-

639 5028 773 5068 rene
801 5016 953 5068 tettiu
974 5015 1251 5083 pro‘vincia
1294 5012 1521 5079 fuerint,
1554 5012 1776 5080 Scythia
1802 5025 2019 5086 quarta,
2051 5019 2238 5088 quinta

641 5104 981 5161 Macedonia.
1019 5105 1192 5173 Quam
1230 5106 1428 5160 deinde
1465 5107 1596 5161 illud
1630 5109 1859 5164 ridicule
1909 5111 1977 5165 ab
2005 5125 2072 5165 eo
2106 5113 2243 5167 scri—

639 5200 828 5269 ptum!
876 5218 895 5251 ι
952 5198 1206 5253 Micuisse
1249 5213 1381 5253 vero
1426 5201 1623 5253 mirum
1672 5202 1724 5255 in
1749 5205 1965 5257 modum
1999 5204 2238 5259 Italicam

645 5292 792 5345 inter
818 5303 1044 5345 cu'teras
1073 5291 1348 5345 Rotnauas
1396 5291 1636 5362 legiones
1660 5295 1847 5350 multis
1880 5306 2111 5351 testatur
2147 5296 2242 5351 Dio

645 5382 739 5436 lib.
765 5398 794 5435 ν
830 5382 976 5437 Hist.
1016 5380 1260 5446 Romam,
1295 5385 1385 5454 qui
1417 5386 1584 5439 etiam
1617 5400 1809 5441 auctor
1837 5397 1940 5453 est,
1968 5389 2037 5441 ab
2059 5394 2243 5459 Augu-

645 5482 732 5526 sto
752 5471 968 5527 Cmsure
998 5489 1115 5526 eam
1148 5473 1199 5526 in
1236 5472 1475 5529 Judaeum
1514 5477 1824 5531 deductum.
1866 5496 1883 5528 ι
1920 5476 2098 5532 Voluit
2121 5480 2245 5533 Dio-

648 5566 731 5615 nis
757 5579 820 5617 Lv
871 5564 1066 5617 librum
1094 5564 1290 5629 citare,
1325 5582 1445 5618 nam
1481 5566 1551 5618 54
1584 5568 1792 5634 priores
1826 5569 1946 5622 libri
1976 5570 2092 5638 ejus
2137 5587 2240 5624 non

731 5748 971 5805 'Iilattb.
1003 5764 1123 5816 vnt,
1156 5749 1242 5805 ll.
1326 5754 1344 5783 ί
1376 5752 1533 5808 ltum.
1578 5769 1665 5818 xv,
1688 5753 1782 5809 2i.

2339 4187 2392 4233 te
2415 4194 2593 4233 sermo
2619 4180 2935 4236 Dominicus
2967 4183 3218 4253 impletus
3239 4194 3319 4240 est
3356 4186 3373 4216 ⁸
3398 4204 3411 4239 :
3448 4164 3673 4238 Mallia!)
3696 4179 3858 4231 Οτὶεητε

2338 4284 2383 4325 et
2426 4271 2709 4328 Occidente
2746 4276 2967 4350 venient,
3019 4286 3068 4329 et
3109 4279 3408 4331 recumbam
3436 4277 3489 4331 in
3523 4277 3633 4329 sinu
3662 4268 3856 4326 Abrnlur.

2338 4366 2649 4434 Cornelius,
2683 4372 2934 4425 centurio
2962 4371 3205 4428 cohortis
3254 4374 3478 4438 Italicae,
3513 4372 3619 4441 jam
3653 4374 3760 4421 tunc
3785 4363 3858 4413 ιιι.

2340 4460 2471 4513 ciuii
2553 4462 2657 4514 mei
2719 4463 3099 4532 praeligurabat
3164 4464 3347 4519 tidem.
3398 4463 3671 4531 Aposmlus
3715 4454 3862 4511 Paulus

2340 4553 2584 4606 scribens
2619 4554 2684 4607 ad
2734 4530 3028 4619 Romanos,
3082 4554 3216 4611 Cum
3277 4559 3468 4627 inquit,
3519 4557 3570 4609 in
3604 4548 3859 4620 Hispaniam

2341 4646 2607 4712 proﬁcisci
2635 4663 2855 4714 coepero,
2902 4665 3055 4717 spero
3103 4652 3243 4721 quod
3258 4653 3556 4721 prreteriens
3585 4649 3760 4702 videam
3782 4656 3859 4701 ros,

2341 4749 2388 4792 et
2414 4758 2444 4793 a
2476 4741 2617 4794 vobis
2649 4742 2883 4795 deducor
2908 4743 3036 4823 illuc
3065 4744 3106 4797 '.
3139 4744 3329 4799 Tantis
3375 4745 3627 4798 fructibus
3652 4736 3861 4809 approba.

2344 4831 2444 4894 vit,
2472 4832 2597 4900 quid
2633 4833 2701 4887 de
2726 4832 2816 4887 illa
2851 4837 3128 4903 provincia
3168 4843 3486 4905 quaereret.»
3513 4835 3616 4889 Cur
3643 4832 3863 4889 enimvero

2344 4922 2593 4983 scribens
2649 4927 2714 4979 ad
2765 4925 3037 4981 hominem
3069 4926 3358 4997 Hispanum
3404 4928 3752 4996 Hieronymus.
3801 4930 3863 4971 κ’

2346 5014 2650 5088 feronsque'
2691 5017 2843 5073 Pauli
2903 5019 3183 5091 Hispania:
3246 5022 3503 5077 adeunda:
3555 5013 3862 5079 desiderium.

2344 5109 2582 5162 Cornelti
2619 5110 2890 5173 meminit,
2924 5111 3027 5164 nisi
3058 5112 3203 5181 quod
3234 5112 3286 5165 in
3323 5127 3387 5165 eo
3415 5109 3702 5181 Hispaniae
3731 5097 3866 5173 gentis

2346 5200 2512 5253 veluti
2570 5213 2903 5258 consecrata:
2952 5203 3207 5272 primitiae
3248 5204 3419 5258 sunt?
3464 5203 3591 5270 Quia
3629 5201 3867 5253 tamrnrc‘

2348 5296 2598 5361 sponderi
2660 5302 2881 5360 potest,
2944 5296 2996 5349 in
3041 5294 3297 5352 Cornelio
3357 5305 3590 5365 apertum
3645 5284 3865 5359 gentibus,

2348 5387 2511 5438 etiam
2548 5390 2790 5450 remotis,
2837 5400 2894 5441 ut
2920 5399 3076 5444 erant
3108 5387 3352 5459 Hispani,
3386 5385 3724 5457 lideijanuam
3753 5386 3863 5429 e550»

2353 5493 2526 5547 comte
2552 5480 2693 5535 illius
2738 5483 2804 5536 ab
2837 5479 3169 5554 Hieronymo
3211 5488 3275 5536 ad
3324 5482 3610 5549 Hispanum
3649 5471 3865 5528 scribente

2356 5571 2581 5626 relatam
2619 5575 3066 5641 conversionem;
3099 5591 3197 5633 nos
3233 5581 3311 5646 (ut
3344 5591 3461 5626 eum
3484 5559 3866 5626 lludericocirn.
