  <div class='ocr_page' id='page_1' title='image "/cluster/home/n/w/nwhite01/storage/ocr_20150623/114:no.1/coo.31924054870187/652.png"; bbox 0 0 4126 6398; ppageno 0'>
   <div class='ocr_carea' id='block_1_1' title="bbox 288 281 417 348">
    <p class='ocr_par' dir='ltr' id='par_1_1' title="bbox 288 281 417 348">
     <span class='ocr_line' id='line_1_1' title="bbox 288 281 417 348; baseline -0.016 0"><span class='ocrx_word' id='word_1_1' title='bbox 288 281 417 348; x_wconf 76' lang='lat'><strong>1289</strong></span> 
     </span>
    </p>
   </div>
   <div class='ocr_carea' id='block_1_2' title="bbox 1270 282 2557 350">
    <p class='ocr_par' dir='ltr' id='par_1_2' title="bbox 1270 282 2557 350">
     <span class='ocr_line' id='line_1_2' title="bbox 1270 282 2557 350; baseline 0.005 -8"><span class='ocrx_word' id='word_1_2' title='bbox 1270 284 1449 344; x_wconf 80' lang='lat' dir='ltr'><strong>VITA</strong></span> <span class='ocrx_word' id='word_1_3' title='bbox 1489 284 1551 346; x_wconf 91' lang='lat' dir='ltr'><strong>S.</strong></span> <span class='ocrx_word' id='word_1_4' title='bbox 1595 282 1963 346; x_wconf 79' lang='lat' dir='ltr'><strong>CORNELII</strong></span> <span class='ocrx_word' id='word_1_5' title='bbox 2003 287 2557 350; x_wconf 83' lang='lat' dir='ltr'><strong>CENTURIONIS.</strong></span> 
     </span>
    </p>
   </div>
   <div class='ocr_carea' id='block_1_3' title="bbox 3414 289 3558 354">
    <p class='ocr_par' dir='ltr' id='par_1_3' title="bbox 3414 289 3558 354">
     <span class='ocr_line' id='line_1_3' title="bbox 3414 289 3558 354; baseline 0.014 -2"><span class='ocrx_word' id='word_1_6' title='bbox 3414 289 3558 354; x_wconf 74' lang='lat'><strong>1290</strong></span> 
     </span>
    </p>
   </div>
   <div class='ocr_carea' id='block_1_4' title="bbox 281 393 3571 476">
    <p class='ocr_par' dir='ltr' id='par_1_4' title="bbox 281 393 3571 476">
     <span class='ocr_line' id='line_1_4' title="bbox 281 393 3571 476; baseline 0.001 -25"><span class='ocrx_word' id='word_1_7' title='bbox 281 407 328 459; x_wconf 80' lang='lat' dir='ltr'><strong>in</strong></span> <span class='ocrx_word' id='word_1_8' title='bbox 363 405 508 450; x_wconf 87' lang='lat' dir='ltr'><strong>uotis</strong></span> <span class='ocrx_word' id='word_1_9' title='bbox 541 395 606 448; x_wconf 84' lang='lat' dir='ltr'><strong>ad</strong></span> <span class='ocrx_word' id='word_1_10' title='bbox 659 395 834 448; x_wconf 88' lang='lat' dir='ltr'><strong>locum</strong></span> <span class='ocrx_word' id='word_1_11' title='bbox 871 395 980 465; x_wconf 91' lang='lat' dir='ltr'><strong>jam</strong></span> <span class='ocrx_word' id='word_1_12' title='bbox 1036 395 1262 450; x_wconf 89' lang='lat' dir='ltr'><strong>citatum</strong></span> <span class='ocrx_word' id='word_1_13' title='bbox 1316 395 1524 460; x_wconf 78' lang='lat' dir='ltr'><strong>Dextri,</strong></span> <span class='ocrx_word' id='word_1_14' title='bbox 1559 393 1870 468; x_wconf 82' lang='lat' dir='ltr'><strong>loquamur)</strong></span> <span class='ocrx_word' id='word_1_15' title='bbox 1903 403 1947 459; x_wconf 79' lang='grc' dir='ltr'><strong>Α</strong></span> <span class='ocrx_word' id='word_1_16' title='bbox 1979 400 2291 476; x_wconf 79' lang='lat' dir='ltr'><strong>intervallo,</strong></span> <span class='ocrx_word' id='word_1_17' title='bbox 2320 402 2582 468; x_wconf 75' lang='lat' dir='ltr'><strong>pomerii,</strong></span> <span class='ocrx_word' id='word_1_18' title='bbox 2616 413 2795 470; x_wconf 88' lang='lat' dir='ltr'><strong>neque</strong></span> <span class='ocrx_word' id='word_1_19' title='bbox 2828 401 2973 456; x_wconf 81' lang='lat' dir='ltr'><strong>ab’S.</strong></span> <span class='ocrx_word' id='word_1_20' title='bbox 3008 402 3309 468; x_wconf 91' lang='lat' dir='ltr'><strong>Clemente,</strong></span> <span class='ocrx_word' id='word_1_21' title='bbox 3374 403 3463 472; x_wconf 91' lang='lat' dir='ltr'><strong>qui</strong></span> <span class='ocrx_word' id='word_1_22' title='bbox 3515 418 3571 467; x_wconf 71' lang='grc' dir='ltr'><strong>ιιι</strong></span> 
     </span>
    </p>
   </div>
   <div class='ocr_carea' id='block_1_5' title="bbox 288 487 1864 558">
    <p class='ocr_par' dir='ltr' id='par_1_5' title="bbox 288 487 1864 558">
     <span class='ocr_line' id='line_1_5' title="bbox 288 487 1864 558; baseline 0.004 -18"><span class='ocrx_word' id='word_1_23' title='bbox 288 509 305 540; x_wconf 78' lang='grc' dir='ltr'><strong>ι</strong></span> <span class='ocrx_word' id='word_1_24' title='bbox 335 489 551 544; x_wconf 81' lang='lat' dir='ltr'><strong>veritati</strong></span> <span class='ocrx_word' id='word_1_25' title='bbox 609 487 982 556; x_wconf 65' lang='lat' dir='ltr'><strong>pra~judicium</strong></span> <span class='ocrx_word' id='word_1_26' title='bbox 1019 487 1214 543; x_wconf 77' lang='lat' dir='ltr'><strong>aﬂ‘erre</strong></span> <span class='ocrx_word' id='word_1_27' title='bbox 1268 488 1569 544; x_wconf 87' lang='lat' dir='ltr'><strong>nolumus:</strong></span> <span class='ocrx_word' id='word_1_28' title='bbox 1611 506 1633 542; x_wconf 77' lang='grc' dir='ltr'><strong>ι</strong></span> <span class='ocrx_word' id='word_1_29' title='bbox 1687 489 1864 558; x_wconf 83' lang='lat' dir='ltr'><strong>deque</strong></span> 
     </span>
    </p>
   </div>
   <div class='ocr_carea' id='block_1_6' title="bbox 287 582 1862 652">
    <p class='ocr_par' dir='ltr' id='par_1_6' title="bbox 287 582 1862 652">
     <span class='ocr_line' id='line_1_6' title="bbox 287 582 1862 652; baseline 0.001 -14"><span class='ocrx_word' id='word_1_30' title='bbox 287 582 339 638; x_wconf 90' lang='lat' dir='ltr'><strong>S.</strong></span> <span class='ocrx_word' id='word_1_31' title='bbox 365 583 598 638; x_wconf 90' lang='lat' dir='ltr'><strong>Cornelii</strong></span> <span class='ocrx_word' id='word_1_32' title='bbox 637 585 809 652; x_wconf 88' lang='lat' dir='ltr'><strong>patria</strong></span> <span class='ocrx_word' id='word_1_33' title='bbox 843 584 973 638; x_wconf 90' lang='lat' dir='ltr'><strong>illud</strong></span> <span class='ocrx_word' id='word_1_34' title='bbox 1010 584 1184 638; x_wconf 85' lang='lat' dir='ltr'><strong>solum</strong></span> <span class='ocrx_word' id='word_1_35' title='bbox 1218 585 1650 652; x_wconf 80' lang='lat' dir='ltr'><strong>pronuntiamus.</strong></span> <span class='ocrx_word' id='word_1_36' title='bbox 1693 603 1712 636; x_wconf 77' lang='grc' dir='ltr'><strong>ι</strong></span> <span class='ocrx_word' id='word_1_37' title='bbox 1749 584 1862 639; x_wconf 84' lang='grc' dir='ltr'>Νοιι</span> 
     </span>
    </p>
   </div>
   <div class='ocr_carea' id='block_1_7' title="bbox 285 671 1865 743">
    <p class='ocr_par' dir='ltr' id='par_1_7' title="bbox 285 671 1865 743">
     <span class='ocr_line' id='line_1_7' title="bbox 285 671 1865 743; baseline 0 -15"><span class='ocrx_word' id='word_1_38' title='bbox 285 675 506 742; x_wconf 80' lang='lat' dir='ltr'><strong>liqut-re.</strong></span> <span class='ocrx_word' id='word_1_39' title='bbox 541 693 558 724; x_wconf 79' lang='grc' dir='ltr'><strong>ι</strong></span> <span class='ocrx_word' id='word_1_40' title='bbox 599 671 733 726; x_wconf 82' lang='lat' dir='ltr'><strong>Natu</strong></span> <span class='ocrx_word' id='word_1_41' title='bbox 766 689 884 743; x_wconf 73' lang='lat' dir='ltr'><strong>quae</strong></span> <span class='ocrx_word' id='word_1_42' title='bbox 903 673 1140 728; x_wconf 78' lang='lat' dir='ltr'><strong>Joannes</strong></span> <span class='ocrx_word' id='word_1_43' title='bbox 1169 673 1427 730; x_wconf 85' lang='lat' dir='ltr'><strong>Tatnaius</strong></span> <span class='ocrx_word' id='word_1_44' title='bbox 1463 676 1528 728; x_wconf 91' lang='lat' dir='ltr'><strong>de</strong></span> <span class='ocrx_word' id='word_1_45' title='bbox 1558 673 1783 728; x_wconf 86' lang='lat' dir='ltr'><strong>Salazar</strong></span> <span class='ocrx_word' id='word_1_46' title='bbox 1810 675 1865 729; x_wconf 90' lang='lat' dir='ltr'><strong>in</strong></span> 
     </span>
    </p>
   </div>
   <div class='ocr_carea' id='block_1_8' title="bbox 285 765 1866 835">
    <p class='ocr_par' dir='ltr' id='par_1_8' title="bbox 285 765 1866 835">
     <span class='ocr_line' id='line_1_8' title="bbox 285 765 1866 835; baseline 0.001 -16"><span class='ocrx_word' id='word_1_47' title='bbox 285 766 558 834; x_wconf 82' lang='lat' dir='ltr'><strong>Martyrol.</strong></span> <span class='ocrx_word' id='word_1_48' title='bbox 605 765 828 833; x_wconf 62' lang='lat' dir='ltr'><strong>llis-pan.</strong></span> <span class='ocrx_word' id='word_1_49' title='bbox 863 766 1136 832; x_wconf 73' lang='lat' dir='ltr'><strong>congessit</strong></span> <span class='ocrx_word' id='word_1_50' title='bbox 1160 776 1504 835; x_wconf 88' lang='lat' dir='ltr'><strong>argumenta,</strong></span> <span class='ocrx_word' id='word_1_51' title='bbox 1531 767 1720 820; x_wconf 77' lang='lat' dir='ltr'><strong>eadem</strong></span> <span class='ocrx_word' id='word_1_52' title='bbox 1753 767 1866 821; x_wconf 87' lang='lat' dir='ltr'><strong>fere</strong></span> 
     </span>
    </p>
   </div>
   <div class='ocr_carea' id='block_1_9' title="bbox 285 855 1864 931">
    <p class='ocr_par' dir='ltr' id='par_1_9' title="bbox 285 855 1864 931">
     <span class='ocr_line' id='line_1_9' title="bbox 285 855 1864 931; baseline 0 -18"><span class='ocrx_word' id='word_1_53' title='bbox 285 865 406 914; x_wconf 89' lang='lat' dir='ltr'><strong>sunt</strong></span> <span class='ocrx_word' id='word_1_54' title='bbox 432 873 551 924; x_wconf 79' lang='lat' dir='ltr'><strong>quae</strong></span> <span class='ocrx_word' id='word_1_55' title='bbox 581 856 814 911; x_wconf 75' lang='lat' dir='ltr'><strong>Bivarii.’</strong></span> <span class='ocrx_word' id='word_1_56' title='bbox 843 855 899 910; x_wconf 85' lang='lat' dir='ltr'><strong>Si</strong></span> <span class='ocrx_word' id='word_1_57' title='bbox 922 857 979 931; x_wconf 71' lang='grc' dir='ltr'>ὃ.</span> <span class='ocrx_word' id='word_1_58' title='bbox 1005 855 1181 912; x_wconf 89' lang='lat' dir='ltr'><strong>Lucas</strong></span> <span class='ocrx_word' id='word_1_59' title='bbox 1212 858 1490 911; x_wconf 73' lang='lat' dir='ltr'><strong>cohortem</strong></span> <span class='ocrx_word' id='word_1_60' title='bbox 1532 857 1864 913; x_wconf 90' lang='lat' dir='ltr'><strong>ltalicensem</strong></span> 
     </span>
    </p>
   </div>
   <div class='ocr_carea' id='block_1_10' title="bbox 288 946 1868 1015">
    <p class='ocr_par' dir='ltr' id='par_1_10' title="bbox 288 946 1868 1015">
     <span class='ocr_line' id='line_1_10' title="bbox 288 946 1868 1015; baseline 0.003 -17"><span class='ocrx_word' id='word_1_61' title='bbox 288 955 521 1010; x_wconf 78' lang='lat' dir='ltr'><strong>vocaret,</strong></span> <span class='ocrx_word' id='word_1_62' title='bbox 549 946 678 1000; x_wconf 87' lang='lat' dir='ltr'><strong>nulli</strong></span> <span class='ocrx_word' id='word_1_63' title='bbox 712 946 930 999; x_wconf 88' lang='lat' dir='ltr'><strong>dubium</strong></span> <span class='ocrx_word' id='word_1_64' title='bbox 961 946 1222 1010; x_wconf 64' lang='lat' dir='ltr'><strong>haereret,</strong></span> <span class='ocrx_word' id='word_1_65' title='bbox 1243 947 1372 1015; x_wconf 89' lang='lat' dir='ltr'><strong>quin</strong></span> <span class='ocrx_word' id='word_1_66' title='bbox 1399 962 1464 1001; x_wconf 81' lang='lat' dir='ltr'><strong>ex</strong></span> <span class='ocrx_word' id='word_1_67' title='bbox 1518 947 1703 1002; x_wconf 87' lang='lat' dir='ltr'><strong>Italica</strong></span> <span class='ocrx_word' id='word_1_68' title='bbox 1734 948 1868 1004; x_wconf 85' lang='lat' dir='ltr'><strong>urbe</strong></span> 
     </span>
    </p>
   </div>
   <div class='ocr_carea' id='block_1_11' title="bbox 288 1035 1866 1102">
    <p class='ocr_par' dir='ltr' id='par_1_11' title="bbox 288 1035 1866 1102">
     <span class='ocr_line' id='line_1_11' title="bbox 288 1035 1866 1102; baseline 0.003 -12"><span class='ocrx_word' id='word_1_69' title='bbox 288 1037 554 1102; x_wconf 73' lang='lat' dir='ltr'><strong>Hispania:</strong></span> <span class='ocrx_word' id='word_1_70' title='bbox 608 1046 794 1090; x_wconf 90' lang='lat' dir='ltr'><strong>esset:</strong></span> <span class='ocrx_word' id='word_1_71' title='bbox 832 1035 923 1090; x_wconf 89' lang='lat' dir='ltr'><strong>sed</strong></span> <span class='ocrx_word' id='word_1_72' title='bbox 986 1035 1237 1089; x_wconf 79' lang='lat' dir='ltr'><strong>Italicam</strong></span> <span class='ocrx_word' id='word_1_73' title='bbox 1299 1047 1476 1090; x_wconf 87' lang='lat' dir='ltr'><strong>vocat.</strong></span> <span class='ocrx_word' id='word_1_74' title='bbox 1531 1036 1698 1094; x_wconf 78' lang='lat' dir='ltr'><strong>Addit</strong></span> <span class='ocrx_word' id='word_1_75' title='bbox 1729 1037 1866 1094; x_wconf 90' lang='lat' dir='ltr'><strong>idem</strong></span> 
     </span>
    </p>
   </div>
   <div class='ocr_carea' id='block_1_12' title="bbox 287 1124 1872 1196">
    <p class='ocr_par' dir='ltr' id='par_1_12' title="bbox 287 1124 1872 1196">
     <span class='ocr_line' id='line_1_12' title="bbox 287 1124 1872 1196; baseline 0.001 -17"><span class='ocrx_word' id='word_1_76' title='bbox 287 1125 566 1192; x_wconf 86' lang='lat' dir='ltr'><strong>Tamaius,</strong></span> <span class='ocrx_word' id='word_1_77' title='bbox 592 1140 715 1179; x_wconf 91' lang='lat' dir='ltr'><strong>esse</strong></span> <span class='ocrx_word' id='word_1_78' title='bbox 753 1125 804 1178; x_wconf 94' lang='lat' dir='ltr'><strong>in</strong></span> <span class='ocrx_word' id='word_1_79' title='bbox 843 1124 1097 1196; x_wconf 87' lang='lat' dir='ltr'><strong>Hispania</strong></span> <span class='ocrx_word' id='word_1_80' title='bbox 1139 1127 1369 1180; x_wconf 88' lang='lat' dir='ltr'><strong>nobilem</strong></span> <span class='ocrx_word' id='word_1_81' title='bbox 1404 1127 1620 1181; x_wconf 90' lang='lat' dir='ltr'><strong>domum</strong></span> <span class='ocrx_word' id='word_1_82' title='bbox 1657 1126 1740 1180; x_wconf 80' lang='lat' dir='ltr'><strong>del</strong></span> <span class='ocrx_word' id='word_1_83' title='bbox 1764 1125 1872 1181; x_wconf 83' lang='lat' dir='ltr'><strong>Ca-</strong></span> 
     </span>
    </p>
   </div>
   <div class='ocr_carea' id='block_1_13' title="bbox 288 1214 1868 1284">
    <p class='ocr_par' dir='ltr' id='par_1_13' title="bbox 288 1214 1868 1284">
     <span class='ocr_line' id='line_1_13' title="bbox 288 1214 1868 1284; baseline 0 -14"><span class='ocrx_word' id='word_1_84' title='bbox 288 1215 447 1278; x_wconf 71' lang='lat' dir='ltr'><strong>nuto,</strong></span> <span class='ocrx_word' id='word_1_85' title='bbox 499 1229 622 1284; x_wconf 75' lang='lat' dir='ltr'><strong>quae</strong></span> <span class='ocrx_word' id='word_1_86' title='bbox 670 1214 739 1278; x_wconf 87' lang='lat' dir='ltr'><strong>ab</strong></span> <span class='ocrx_word' id='word_1_87' title='bbox 776 1214 878 1269; x_wconf 90' lang='lat' dir='ltr'><strong>hoc</strong></span> <span class='ocrx_word' id='word_1_88' title='bbox 921 1225 1111 1278; x_wconf 82' lang='lat' dir='ltr'><strong>sancto</strong></span> <span class='ocrx_word' id='word_1_89' title='bbox 1165 1216 1485 1278; x_wconf 76' lang='lat' dir='ltr'><strong>centurione</strong></span> <span class='ocrx_word' id='word_1_90' title='bbox 1524 1230 1662 1272; x_wconf 57' lang='lat' dir='ltr'><strong>sese.</strong></span> <span class='ocrx_word' id='word_1_91' title='bbox 1691 1224 1868 1278; x_wconf 85' lang='lat' dir='ltr'><strong>ortam</strong></span> 
     </span>
    </p>
   </div>
   <div class='ocr_carea' id='block_1_14' title="bbox 289 1313 1164 1382">
    <p class='ocr_par' dir='ltr' id='par_1_14' title="bbox 289 1313 1164 1382">
     <span class='ocr_line' id='line_1_14' title="bbox 289 1313 1164 1382; baseline 0.005 -18"><span class='ocrx_word' id='word_1_92' title='bbox 289 1313 568 1382; x_wconf 79' lang='lat' dir='ltr'><strong>gloriatur.</strong></span> <span class='ocrx_word' id='word_1_93' title='bbox 1036 1381 1042 1382; x_wconf 15' lang='grc' dir='ltr'><em>γ</em></span> <span class='ocrx_word' id='word_1_94' title='bbox 1159 1332 1164 1336; x_wconf 76' lang='lat'><strong><em>&#39;</em></strong></span> 
     </span>
    </p>
   </div>
   <div class='ocr_carea' id='block_1_15' title="bbox 639 1451 1525 1539">
    <p class='ocr_par' dir='ltr' id='par_1_15' title="bbox 639 1451 1525 1539">
     <span class='ocr_line' id='line_1_15' title="bbox 639 1451 1525 1539; baseline 0.005 -19"><span class='ocrx_word' id='word_1_95' title='bbox 639 1467 665 1539; x_wconf 59' lang='grc' dir='ltr'>ᾗ</span> <span class='ocrx_word' id='word_1_96' title='bbox 695 1466 757 1522; x_wconf 89' lang='lat' dir='ltr'><strong>ll.</strong></span> <span class='ocrx_word' id='word_1_97' title='bbox 797 1466 856 1522; x_wconf 89' lang='lat' dir='ltr'><strong>S.</strong></span> <span class='ocrx_word' id='word_1_98' title='bbox 901 1467 1130 1523; x_wconf 76' lang='lat' dir='ltr'><strong>Cornelii</strong></span> <span class='ocrx_word' id='word_1_99' title='bbox 1164 1451 1525 1539; x_wconf 78' lang='lat' dir='ltr'><strong>episcopatus.-</strong></span> 
     </span>
    </p>
   </div>
   <div class='ocr_carea' id='block_1_16' title="bbox 355 1626 1870 1698">
    <p class='ocr_par' dir='ltr' id='par_1_16' title="bbox 355 1626 1870 1698">
     <span class='ocr_line' id='line_1_16' title="bbox 355 1626 1870 1698; baseline 0.002 -17"><span class='ocrx_word' id='word_1_100' title='bbox 355 1627 407 1681; x_wconf 74' lang='grc'>4.</span> <span class='ocrx_word' id='word_1_101' title='bbox 451 1626 786 1696; x_wconf 88' lang='lat' dir='ltr'><strong>Quacunque</strong></span> <span class='ocrx_word' id='word_1_102' title='bbox 807 1641 937 1698; x_wconf 89' lang='lat' dir='ltr'><strong>ergo</strong></span> <span class='ocrx_word' id='word_1_103' title='bbox 960 1637 1112 1684; x_wconf 90' lang='lat' dir='ltr'><strong>ortus</strong></span> <span class='ocrx_word' id='word_1_104' title='bbox 1146 1631 1339 1698; x_wconf 82' lang='lat' dir='ltr'><strong>patria,</strong></span> <span class='ocrx_word' id='word_1_105' title='bbox 1375 1640 1524 1686; x_wconf 89' lang='lat' dir='ltr'><strong>certe</strong></span> <span class='ocrx_word' id='word_1_106' title='bbox 1556 1630 1678 1686; x_wconf 76' lang='lat' dir='ltr'><strong>cteli</strong></span> <span class='ocrx_word' id='word_1_107' title='bbox 1714 1631 1870 1698; x_wconf 86' lang='lat' dir='ltr'><strong>civis,</strong></span> 
     </span>
    </p>
   </div>
   <div class='ocr_carea' id='block_1_17' title="bbox 291 1719 1873 1787">
    <p class='ocr_par' dir='ltr' id='par_1_17' title="bbox 291 1719 1873 1787">
     <span class='ocr_line' id='line_1_17' title="bbox 291 1719 1873 1787; baseline 0.003 -16"><span class='ocrx_word' id='word_1_108' title='bbox 291 1728 448 1787; x_wconf 83' lang='lat' dir='ltr'><strong>atque</strong></span> <span class='ocrx_word' id='word_1_109' title='bbox 477 1734 542 1772; x_wconf 79' lang='lat' dir='ltr'><strong>ex</strong></span> <span class='ocrx_word' id='word_1_110' title='bbox 572 1719 755 1772; x_wconf 77' lang='lat' dir='ltr'><strong>saeculi</strong></span> <span class='ocrx_word' id='word_1_111' title='bbox 786 1720 1105 1774; x_wconf 87' lang='lat' dir='ltr'><strong>centurione</strong></span> <span class='ocrx_word' id='word_1_112' title='bbox 1128 1720 1282 1774; x_wconf 92' lang='lat' dir='ltr'><strong>miles</strong></span> <span class='ocrx_word' id='word_1_113' title='bbox 1313 1720 1540 1787; x_wconf 89' lang='lat' dir='ltr'><strong>Christi,</strong></span> <span class='ocrx_word' id='word_1_114' title='bbox 1575 1723 1684 1777; x_wconf 92' lang='lat' dir='ltr'><strong>imo</strong></span> <span class='ocrx_word' id='word_1_115' title='bbox 1719 1737 1873 1778; x_wconf 77' lang='lat' dir='ltr'><strong>novae</strong></span> 
     </span>
    </p>
   </div>
   <div class='ocr_carea' id='block_1_18' title="bbox 290 1809 1872 1882">
    <p class='ocr_par' dir='ltr' id='par_1_18' title="bbox 290 1809 1872 1882">
     <span class='ocr_line' id='line_1_18' title="bbox 290 1809 1872 1882; baseline 0.004 -18"><span class='ocrx_word' id='word_1_116' title='bbox 290 1811 386 1864; x_wconf 86' lang='lat' dir='ltr'><strong>sub</strong></span> <span class='ocrx_word' id='word_1_117' title='bbox 422 1812 746 1882; x_wconf 84' lang='lat' dir='ltr'><strong>eo-legionis</strong></span> <span class='ocrx_word' id='word_1_118' title='bbox 775 1813 1083 1881; x_wconf 86' lang='lat' dir='ltr'><strong>primipilus</strong></span> <span class='ocrx_word' id='word_1_119' title='bbox 1117 1823 1200 1867; x_wconf 91' lang='lat' dir='ltr'><strong>est</strong></span> <span class='ocrx_word' id='word_1_120' title='bbox 1235 1812 1432 1868; x_wconf 84' lang='lat' dir='ltr'><strong>factus.</strong></span> <span class='ocrx_word' id='word_1_121' title='bbox 1480 1812 1615 1867; x_wconf 87' lang='lat' dir='ltr'><strong>Nam</strong></span> <span class='ocrx_word' id='word_1_122' title='bbox 1658 1809 1872 1881; x_wconf 85' lang='lat' dir='ltr'><strong>episco-</strong></span> 
     </span>
    </p>
   </div>
   <div class='ocr_carea' id='block_1_19' title="bbox 293 1904 1868 1977">
    <p class='ocr_par' dir='ltr' id='par_1_19' title="bbox 293 1904 1868 1977">
     <span class='ocr_line' id='line_1_19' title="bbox 293 1904 1868 1977; baseline 0.004 -22"><span class='ocrx_word' id='word_1_123' title='bbox 293 1918 412 1970; x_wconf 91' lang='lat' dir='ltr'><strong>pum</strong></span> <span class='ocrx_word' id='word_1_124' title='bbox 463 1904 726 1959; x_wconf 80' lang='lat' dir='ltr'><strong>Caesareae</strong></span> <span class='ocrx_word' id='word_1_125' title='bbox 774 1905 1086 1958; x_wconf 91' lang='lat' dir='ltr'><strong>ordinatum</strong></span> <span class='ocrx_word' id='word_1_126' title='bbox 1143 1914 1412 1960; x_wconf 88' lang='lat' dir='ltr'><strong>testantur</strong></span> <span class='ocrx_word' id='word_1_127' title='bbox 1465 1905 1868 1977; x_wconf 81' lang='lat' dir='ltr'><strong>Martyrologia.</strong></span> 
     </span>
    </p>
   </div>
   <div class='ocr_carea' id='block_1_20' title="bbox 293 1994 1871 2060">
    <p class='ocr_par' dir='ltr' id='par_1_20' title="bbox 293 1994 1871 2060">
     <span class='ocr_line' id='line_1_20' title="bbox 293 1994 1871 2060; baseline 0.003 -14"><span class='ocrx_word' id='word_1_128' title='bbox 293 1994 364 2046; x_wconf 88' lang='lat' dir='ltr'><strong>Ita</strong></span> <span class='ocrx_word' id='word_1_129' title='bbox 396 1994 672 2049; x_wconf 87' lang='lat' dir='ltr'><strong>Usuardus</strong></span> <span class='ocrx_word' id='word_1_130' title='bbox 697 1997 797 2049; x_wconf 92' lang='lat' dir='ltr'><strong>hoe</strong></span> <span class='ocrx_word' id='word_1_131' title='bbox 837 1997 962 2050; x_wconf 89' lang='lat' dir='ltr'><strong>die:</strong></span> <span class='ocrx_word' id='word_1_132' title='bbox 1011 2016 1028 2046; x_wconf 80' lang='grc' dir='ltr'><strong>ι</strong></span> <span class='ocrx_word' id='word_1_133' title='bbox 1067 1997 1221 2060; x_wconf 86' lang='lat' dir='ltr'><strong>Apud</strong></span> <span class='ocrx_word' id='word_1_134' title='bbox 1244 1997 1548 2051; x_wconf 74' lang='lat' dir='ltr'><strong>Caesaream</strong></span> <span class='ocrx_word' id='word_1_135' title='bbox 1571 1996 1871 2050; x_wconf 91' lang='lat' dir='ltr'><strong>beatissimi</strong></span> 
     </span>
    </p>
   </div>
   <div class='ocr_carea' id='block_1_21' title="bbox 272 2087 1875 2158">
    <p class='ocr_par' dir='ltr' id='par_1_21' title="bbox 272 2087 1875 2158">
     <span class='ocr_line' id='line_1_21' title="bbox 272 2087 1875 2158; baseline 0.002 -19"><span class='ocrx_word' id='word_1_136' title='bbox 272 2087 524 2152; x_wconf 47' lang='lat' dir='ltr'><strong>,Cornelii</strong></span> <span class='ocrx_word' id='word_1_137' title='bbox 549 2089 898 2151; x_wconf 87' lang='lat' dir='ltr'><strong>centurionis,</strong></span> <span class='ocrx_word' id='word_1_138' title='bbox 929 2103 1084 2157; x_wconf 82' lang='lat' dir='ltr'><strong>quem</strong></span> <span class='ocrx_word' id='word_1_139' title='bbox 1118 2087 1178 2141; x_wconf 87' lang='grc' dir='ltr'><strong>Β.</strong></span> <span class='ocrx_word' id='word_1_140' title='bbox 1201 2088 1392 2142; x_wconf 85' lang='lat' dir='ltr'><strong>Petrus</strong></span> <span class='ocrx_word' id='word_1_141' title='bbox 1428 2089 1742 2158; x_wconf 84' lang='lat' dir='ltr'><strong>baptizavit.</strong></span> <span class='ocrx_word' id='word_1_142' title='bbox 1776 2087 1875 2143; x_wconf 85' lang='lat' dir='ltr'><strong>Hic</strong></span> 
     </span>
    </p>
   </div>
   <div class='ocr_carea' id='block_1_22' title="bbox 292 2179 1877 2252">
    <p class='ocr_par' dir='ltr' id='par_1_22' title="bbox 292 2179 1877 2252">
     <span class='ocr_line' id='line_1_22' title="bbox 292 2179 1877 2252; baseline 0.001 -16"><span class='ocrx_word' id='word_1_143' title='bbox 292 2183 428 2248; x_wconf 87' lang='lat' dir='ltr'><strong>apud</strong></span> <span class='ocrx_word' id='word_1_144' title='bbox 459 2179 738 2250; x_wconf 76' lang='lat' dir='ltr'><strong>praefatam</strong></span> <span class='ocrx_word' id='word_1_145' title='bbox 777 2185 964 2236; x_wconf 87' lang='lat' dir='ltr'><strong>urbem</strong></span> <span class='ocrx_word' id='word_1_146' title='bbox 998 2181 1291 2252; x_wconf 81' lang='lat' dir='ltr'><strong>episcopali</strong></span> <span class='ocrx_word' id='word_1_147' title='bbox 1321 2183 1525 2236; x_wconf 91' lang='lat' dir='ltr'><strong>honore</strong></span> <span class='ocrx_word' id='word_1_148' title='bbox 1555 2181 1877 2237; x_wconf 84' lang='lat' dir='ltr'><strong>sublimatus</strong></span> 
     </span>
    </p>
   </div>
   <div class='ocr_carea' id='block_1_23' title="bbox 293 2273 1868 2344">
    <p class='ocr_par' dir='ltr' id='par_1_23' title="bbox 293 2273 1868 2344">
     <span class='ocr_line' id='line_1_23' title="bbox 293 2273 1868 2344; baseline 0.001 -20"><span class='ocrx_word' id='word_1_149' title='bbox 293 2275 515 2342; x_wconf 83' lang='lat' dir='ltr'><strong>quievit.</strong></span> <span class='ocrx_word' id='word_1_150' title='bbox 550 2292 569 2326; x_wconf 77' lang='grc' dir='ltr'><strong>ι</strong></span> <span class='ocrx_word' id='word_1_151' title='bbox 629 2273 829 2328; x_wconf 87' lang='lat' dir='ltr'><strong>Eadem</strong></span> <span class='ocrx_word' id='word_1_152' title='bbox 885 2273 1052 2328; x_wconf 82' lang='lat' dir='ltr'><strong>habet</strong></span> <span class='ocrx_word' id='word_1_153' title='bbox 1098 2273 1240 2328; x_wconf 81' lang='lat' dir='ltr'><strong>Beda</strong></span> <span class='ocrx_word' id='word_1_154' title='bbox 1272 2273 1542 2344; x_wconf 75' lang='lat' dir='ltr'><strong>vulgatus,</strong></span> <span class='ocrx_word' id='word_1_155' title='bbox 1573 2274 1708 2339; x_wconf 84' lang='lat' dir='ltr'><strong>Ado,</strong></span> <span class='ocrx_word' id='word_1_156' title='bbox 1743 2289 1868 2329; x_wconf 89' lang='lat' dir='ltr'><strong>mss.</strong></span> 
     </span>
    </p>
   </div>
   <div class='ocr_carea' id='block_1_24' title="bbox 294 2352 1873 2435">
    <p class='ocr_par' dir='ltr' id='par_1_24' title="bbox 294 2352 1873 2435">
     <span class='ocr_line' id='line_1_24' title="bbox 294 2352 1873 2435; baseline -0.001 -17"><span class='ocrx_word' id='word_1_157' title='bbox 294 2367 570 2435; x_wconf 89' lang='lat' dir='ltr'><strong>pleraque,</strong></span> <span class='ocrx_word' id='word_1_158' title='bbox 605 2352 668 2419; x_wconf 65' lang='grc' dir='ltr'>ἐι</span> <span class='ocrx_word' id='word_1_159' title='bbox 719 2365 1058 2418; x_wconf 83' lang='lat' dir='ltr'><strong>recentiores</strong></span> <span class='ocrx_word' id='word_1_160' title='bbox 1105 2365 1292 2419; x_wconf 64' lang='lat' dir='ltr'><strong>Verbis</strong></span> <span class='ocrx_word' id='word_1_161' title='bbox 1338 2363 1584 2418; x_wconf 88' lang='lat' dir='ltr'><strong>nonnihil</strong></span> <span class='ocrx_word' id='word_1_162' title='bbox 1633 2364 1873 2426; x_wconf 90' lang='lat' dir='ltr'><strong>mutatis,</strong></span> 
     </span>
    </p>
   </div>
   <div class='ocr_carea' id='block_1_25' title="bbox 296 2455 1874 2530">
    <p class='ocr_par' dir='ltr' id='par_1_25' title="bbox 296 2455 1874 2530">
     <span class='ocr_line' id='line_1_25' title="bbox 296 2455 1874 2530; baseline -0.003 -18"><span class='ocrx_word' id='word_1_163' title='bbox 296 2459 576 2530; x_wconf 84' lang='lat' dir='ltr'><strong>Martyrol.</strong></span> <span class='ocrx_word' id='word_1_164' title='bbox 610 2459 936 2522; x_wconf 81' lang='lat' dir='ltr'><strong>Romanum,</strong></span> <span class='ocrx_word' id='word_1_165' title='bbox 970 2457 1038 2512; x_wconf 88' lang='lat' dir='ltr'><strong>ab</strong></span> <span class='ocrx_word' id='word_1_166' title='bbox 1071 2458 1187 2526; x_wconf 87' lang='lat' dir='ltr'><strong>ipso</strong></span> <span class='ocrx_word' id='word_1_167' title='bbox 1230 2456 1292 2510; x_wconf 88' lang='lat' dir='ltr'><strong>S.</strong></span> <span class='ocrx_word' id='word_1_168' title='bbox 1348 2457 1509 2512; x_wconf 85' lang='lat' dir='ltr'><strong>Petro</strong></span> <span class='ocrx_word' id='word_1_169' title='bbox 1561 2455 1874 2525; x_wconf 83' lang='lat' dir='ltr'><strong>episcopum</strong></span> 
     </span>
    </p>
   </div>
   <div class='ocr_carea' id='block_1_26' title="bbox 293 2547 1878 2619">
    <p class='ocr_par' dir='ltr' id='par_1_26' title="bbox 293 2547 1878 2619">
     <span class='ocr_line' id='line_1_26' title="bbox 293 2547 1878 2619; baseline -0.003 -13"><span class='ocrx_word' id='word_1_170' title='bbox 293 2561 672 2606; x_wconf 82' lang='lat' dir='ltr'><strong>consecratum</strong></span> <span class='ocrx_word' id='word_1_171' title='bbox 708 2550 932 2605; x_wconf 89' lang='lat' dir='ltr'><strong>indicat.</strong></span> <span class='ocrx_word' id='word_1_172' title='bbox 983 2549 1251 2605; x_wconf 82' lang='lat' dir='ltr'><strong>Notkerus</strong></span> <span class='ocrx_word' id='word_1_173' title='bbox 1288 2549 1555 2619; x_wconf 80' lang='lat' dir='ltr'><strong>prolixum</strong></span> <span class='ocrx_word' id='word_1_174' title='bbox 1607 2550 1726 2618; x_wconf 77' lang='lat' dir='ltr'><strong>ejus</strong></span> <span class='ocrx_word' id='word_1_175' title='bbox 1766 2547 1878 2602; x_wconf 89' lang='lat' dir='ltr'><strong>elo-</strong></span> 
     </span>
    </p>
   </div>
   <div class='ocr_carea' id='block_1_27' title="bbox 295 2639 1876 2711">
    <p class='ocr_par' dir='ltr' id='par_1_27' title="bbox 295 2639 1876 2711">
     <span class='ocr_line' id='line_1_27' title="bbox 295 2639 1876 2711; baseline -0.002 -16"><span class='ocrx_word' id='word_1_176' title='bbox 295 2643 437 2711; x_wconf 82' lang='lat' dir='ltr'><strong>gium</strong></span> <span class='ocrx_word' id='word_1_177' title='bbox 464 2643 534 2695; x_wconf 90' lang='lat' dir='ltr'><strong>ita</strong></span> <span class='ocrx_word' id='word_1_178' title='bbox 567 2642 874 2696; x_wconf 78' lang='lat' dir='ltr'><strong>concludit:</strong></span> <span class='ocrx_word' id='word_1_179' title='bbox 920 2659 939 2692; x_wconf 81' lang='grc' dir='ltr'><strong>ι</strong></span> <span class='ocrx_word' id='word_1_180' title='bbox 972 2640 1070 2707; x_wconf 85' lang='lat' dir='ltr'><strong>Qui</strong></span> <span class='ocrx_word' id='word_1_181' title='bbox 1094 2642 1398 2706; x_wconf 83' lang='lat' dir='ltr'><strong>Cornelius,</strong></span> <span class='ocrx_word' id='word_1_182' title='bbox 1443 2642 1628 2695; x_wconf 76' lang='lat' dir='ltr'><strong>relicta</strong></span> <span class='ocrx_word' id='word_1_183' title='bbox 1662 2639 1876 2703; x_wconf 88' lang='lat' dir='ltr'><strong>militia,</strong></span> 
     </span>
    </p>
   </div>
   <div class='ocr_carea' id='block_1_28' title="bbox 298 2730 1878 2802">
    <p class='ocr_par' dir='ltr' id='par_1_28' title="bbox 298 2730 1878 2802">
     <span class='ocr_line' id='line_1_28' title="bbox 298 2730 1878 2802; baseline 0.001 -19"><span class='ocrx_word' id='word_1_184' title='bbox 298 2735 433 2800; x_wconf 85' lang='lat' dir='ltr'><strong>apud</strong></span> <span class='ocrx_word' id='word_1_185' title='bbox 468 2732 744 2800; x_wconf 73' lang='lat' dir='ltr'><strong>praefatam</strong></span> <span class='ocrx_word' id='word_1_186' title='bbox 795 2731 984 2786; x_wconf 85' lang='lat' dir='ltr'><strong>urbem</strong></span> <span class='ocrx_word' id='word_1_187' title='bbox 1034 2733 1270 2802; x_wconf 83' lang='lat' dir='ltr'><strong>episcopi</strong></span> <span class='ocrx_word' id='word_1_188' title='bbox 1306 2733 1514 2786; x_wconf 89' lang='lat' dir='ltr'><strong>honore</strong></span> <span class='ocrx_word' id='word_1_189' title='bbox 1557 2730 1878 2784; x_wconf 88' lang='lat' dir='ltr'><strong>sublimatus</strong></span> 
     </span>
    </p>
   </div>
   <div class='ocr_carea' id='block_1_29' title="bbox 299 2824 1878 2895">
    <p class='ocr_par' dir='ltr' id='par_1_29' title="bbox 299 2824 1878 2895">
     <span class='ocr_line' id='line_1_29' title="bbox 299 2824 1878 2895; baseline -0.001 -18"><span class='ocrx_word' id='word_1_190' title='bbox 299 2827 518 2894; x_wconf 71' lang='lat' dir='ltr'><strong>quievit.</strong></span> <span class='ocrx_word' id='word_1_191' title='bbox 550 2845 568 2878; x_wconf 80' lang='grc' dir='ltr'><strong>ι</strong></span> <span class='ocrx_word' id='word_1_192' title='bbox 606 2827 796 2882; x_wconf 84' lang='lat' dir='ltr'><strong>Petrus</strong></span> <span class='ocrx_word' id='word_1_193' title='bbox 824 2826 890 2881; x_wconf 90' lang='lat' dir='ltr'><strong>de</strong></span> <span class='ocrx_word' id='word_1_194' title='bbox 919 2825 1155 2880; x_wconf 86' lang='lat' dir='ltr'><strong>Natalih.</strong></span> <span class='ocrx_word' id='word_1_195' title='bbox 1193 2827 1286 2880; x_wconf 91' lang='lat' dir='ltr'><strong>lib.</strong></span> <span class='ocrx_word' id='word_1_196' title='bbox 1321 2843 1405 2892; x_wconf 89' lang='grc' dir='ltr'>ιιι,</span> <span class='ocrx_word' id='word_1_197' title='bbox 1430 2843 1568 2895; x_wconf 79' lang='lat' dir='ltr'><strong>_rap.</strong></span> <span class='ocrx_word' id='word_1_198' title='bbox 1603 2824 1703 2891; x_wconf 78' lang='lat'><strong>75,</strong></span> <span class='ocrx_word' id='word_1_199' title='bbox 1754 2840 1878 2878; x_wconf 90' lang='lat' dir='ltr'><strong>nar-</strong></span> 
     </span>
    </p>
   </div>
   <div class='ocr_carea' id='block_1_30' title="bbox 299 2915 1868 2986">
    <p class='ocr_par' dir='ltr' id='par_1_30' title="bbox 299 2915 1868 2986">
     <span class='ocr_line' id='line_1_30' title="bbox 299 2915 1868 2986; baseline -0.004 -17"><span class='ocrx_word' id='word_1_200' title='bbox 299 2927 410 2971; x_wconf 88' lang='lat' dir='ltr'><strong>rata</strong></span> <span class='ocrx_word' id='word_1_201' title='bbox 443 2918 562 2986; x_wconf 86' lang='lat' dir='ltr'><strong>ejus</strong></span> <span class='ocrx_word' id='word_1_202' title='bbox 583 2917 959 2981; x_wconf 90' lang='lat' dir='ltr'><strong>conversione,</strong></span> <span class='ocrx_word' id='word_1_203' title='bbox 1009 2916 1192 2973; x_wconf 88' lang='lat' dir='ltr'><strong>subdit</strong></span> <span class='ocrx_word' id='word_1_204' title='bbox 1224 2935 1236 2968; x_wconf 92' lang='lat'>:</span> <span class='ocrx_word' id='word_1_205' title='bbox 1277 2935 1293 2966; x_wconf 83' lang='grc' dir='ltr'><strong>ι</strong></span> <span class='ocrx_word' id='word_1_206' title='bbox 1328 2915 1528 2969; x_wconf 79' lang='lat' dir='ltr'><strong>Deinde</strong></span> <span class='ocrx_word' id='word_1_207' title='bbox 1561 2915 1868 2979; x_wconf 71' lang='lat' dir='ltr'><strong>Cornelius,</strong></span> 
     </span>
    </p>
   </div>
   <div class='ocr_carea' id='block_1_31' title="bbox 297 3003 1873 3075">
    <p class='ocr_par' dir='ltr' id='par_1_31' title="bbox 297 3003 1873 3075">
     <span class='ocr_line' id='line_1_31' title="bbox 297 3003 1873 3075; baseline -0.003 -16"><span class='ocrx_word' id='word_1_208' title='bbox 297 3008 504 3062; x_wconf 83' lang='lat' dir='ltr'><strong>militiae</strong></span> <span class='ocrx_word' id='word_1_209' title='bbox 527 3009 946 3071; x_wconf 78' lang='lat' dir='ltr'><strong>abrenuntiatis,</strong></span> <span class='ocrx_word' id='word_1_210' title='bbox 981 3007 1281 3075; x_wconf 87' lang='lat' dir='ltr'><strong>discipulus</strong></span> <span class='ocrx_word' id='word_1_211' title='bbox 1309 3007 1675 3074; x_wconf 84' lang='lat' dir='ltr'><strong>apostolorum</strong></span> <span class='ocrx_word' id='word_1_212' title='bbox 1706 3003 1873 3056; x_wconf 80' lang='lat' dir='ltr'><strong>clliei-</strong></span> 
     </span>
    </p>
   </div>
   <div class='ocr_carea' id='block_1_32' title="bbox 299 3096 1956 3169">
    <p class='ocr_par' dir='ltr' id='par_1_32' title="bbox 299 3096 1956 3169">
     <span class='ocr_line' id='line_1_32' title="bbox 299 3096 1956 3169; baseline 0.001 -21"><span class='ocrx_word' id='word_1_213' title='bbox 299 3111 404 3160; x_wconf 88' lang='lat' dir='ltr'><strong>inr,</strong></span> <span class='ocrx_word' id='word_1_214' title='bbox 438 3111 486 3152; x_wconf 92' lang='lat' dir='ltr'><strong>et</strong></span> <span class='ocrx_word' id='word_1_215' title='bbox 515 3101 580 3153; x_wconf 86' lang='lat' dir='ltr'><strong>ab</strong></span> <span class='ocrx_word' id='word_1_216' title='bbox 607 3100 808 3153; x_wconf 85' lang='lat' dir='ltr'><strong>eisdem</strong></span> <span class='ocrx_word' id='word_1_217' title='bbox 837 3100 1118 3168; x_wconf 86' lang='lat' dir='ltr'><strong>cpiscopus</strong></span> <span class='ocrx_word' id='word_1_218' title='bbox 1149 3098 1404 3152; x_wconf 80' lang='lat' dir='ltr'><strong>Caesareae</strong></span> <span class='ocrx_word' id='word_1_219' title='bbox 1436 3098 1741 3168; x_wconf 75' lang='lat' dir='ltr'><strong>ordinatur.</strong></span> <span class='ocrx_word' id='word_1_220' title='bbox 1771 3096 1871 3162; x_wconf 75' lang='lat' dir='ltr'><strong>Qui</strong></span> <span class='ocrx_word' id='word_1_221' title='bbox 1911 3107 1956 3169; x_wconf 70' lang='grc' dir='ltr'><strong><em>ε</em></strong></span> 
     </span>
    </p>
   </div>
   <div class='ocr_carea' id='block_1_33' title="bbox 295 3189 1879 3261">
    <p class='ocr_par' dir='ltr' id='par_1_33' title="bbox 295 3189 1879 3261">
     <span class='ocr_line' id='line_1_33' title="bbox 295 3189 1879 3261; baseline -0.003 -17"><span class='ocrx_word' id='word_1_222' title='bbox 295 3193 431 3258; x_wconf 83' lang='lat' dir='ltr'><strong>apud</strong></span> <span class='ocrx_word' id='word_1_223' title='bbox 469 3193 711 3245; x_wconf 88' lang='lat' dir='ltr'><strong>eamdem</strong></span> <span class='ocrx_word' id='word_1_224' title='bbox 764 3192 946 3244; x_wconf 90' lang='lat' dir='ltr'><strong>urbem</strong></span> <span class='ocrx_word' id='word_1_225' title='bbox 981 3189 1156 3244; x_wconf 75' lang='lat' dir='ltr'><strong>ofﬁcio</strong></span> <span class='ocrx_word' id='word_1_226' title='bbox 1206 3189 1607 3261; x_wconf 76' lang='lat' dir='ltr'><strong>praedECationis</strong></span> <span class='ocrx_word' id='word_1_227' title='bbox 1652 3189 1879 3242; x_wconf 80' lang='lat' dir='ltr'><strong>fideliter</strong></span> 
     </span>
    </p>
   </div>
   <div class='ocr_carea' id='block_1_34' title="bbox 295 3282 1882 3353">
    <p class='ocr_par' dir='ltr' id='par_1_34' title="bbox 295 3282 1882 3353">
     <span class='ocr_line' id='line_1_34' title="bbox 295 3282 1882 3353; baseline -0.005 -15"><span class='ocrx_word' id='word_1_228' title='bbox 295 3297 534 3353; x_wconf 72' lang='lat' dir='ltr'><strong>pcracro,</strong></span> <span class='ocrx_word' id='word_1_229' title='bbox 561 3288 850 3338; x_wconf 82' lang='lat' dir='ltr'><strong>sam-litate</strong></span> <span class='ocrx_word' id='word_1_230' title='bbox 881 3283 1209 3353; x_wconf 86' lang='lat' dir='ltr'><strong>conspicuus</strong></span> <span class='ocrx_word' id='word_1_231' title='bbox 1270 3285 1334 3336; x_wconf 88' lang='lat' dir='ltr'><strong>ad</strong></span> <span class='ocrx_word' id='word_1_232' title='bbox 1378 3282 1653 3335; x_wconf 85' lang='lat' dir='ltr'><strong>Christum</strong></span> <span class='ocrx_word' id='word_1_233' title='bbox 1689 3283 1882 3352; x_wconf 79' lang='lat' dir='ltr'><strong>migra-</strong></span> 
     </span>
    </p>
   </div>
   <div class='ocr_carea' id='block_1_35' title="bbox 294 3374 1803 3446">
    <p class='ocr_par' dir='ltr' id='par_1_35' title="bbox 294 3374 1803 3446">
     <span class='ocr_line' id='line_1_35' title="bbox 294 3374 1803 3446; baseline -0.006 -13"><span class='ocrx_word' id='word_1_234' title='bbox 294 3379 370 3433; x_wconf 77' lang='lat' dir='ltr'><strong>Vit</strong></span> <span class='ocrx_word' id='word_1_235' title='bbox 404 3393 418 3430; x_wconf 90' lang='lat'><strong>:</strong></span> <span class='ocrx_word' id='word_1_236' title='bbox 459 3378 639 3446; x_wconf 87' lang='lat' dir='ltr'><strong>ibique</strong></span> <span class='ocrx_word' id='word_1_237' title='bbox 661 3377 898 3446; x_wconf 83' lang='lat' dir='ltr'><strong>sepultus</strong></span> <span class='ocrx_word' id='word_1_238' title='bbox 925 3376 1129 3446; x_wconf 84' lang='lat' dir='ltr'><strong>quievit.</strong></span> <span class='ocrx_word' id='word_1_239' title='bbox 1157 3390 1208 3429; x_wconf 87' lang='lat' dir='ltr'><strong>iv</strong></span> <span class='ocrx_word' id='word_1_240' title='bbox 1241 3374 1422 3430; x_wconf 82' lang='lat' dir='ltr'><strong>Nonas</strong></span> <span class='ocrx_word' id='word_1_241' title='bbox 1446 3374 1744 3429; x_wconf 85' lang='lat' dir='ltr'><strong>Februarii.</strong></span> <span class='ocrx_word' id='word_1_242' title='bbox 1786 3393 1803 3423; x_wconf 76' lang='grc' dir='ltr'><strong>ι</strong></span> 
     </span>
    </p>
   </div>
   <div class='ocr_carea' id='block_1_36' title="bbox 371 3507 1878 3589">
    <p class='ocr_par' dir='ltr' id='par_1_36' title="bbox 371 3507 1878 3589">
     <span class='ocr_line' id='line_1_36' title="bbox 371 3507 1878 3589; baseline -0.002 -22"><span class='ocrx_word' id='word_1_243' title='bbox 371 3513 426 3567; x_wconf 82' lang='lat'><strong>5.</strong></span> <span class='ocrx_word' id='word_1_244' title='bbox 460 3513 537 3566; x_wconf 78' lang='lat' dir='ltr'>Ex</span> <span class='ocrx_word' id='word_1_245' title='bbox 567 3512 652 3566; x_wconf 88' lang='lat' dir='ltr'><strong>his</strong></span> <span class='ocrx_word' id='word_1_246' title='bbox 684 3512 848 3566; x_wconf 90' lang='lat' dir='ltr'><strong>refelli</strong></span> <span class='ocrx_word' id='word_1_247' title='bbox 868 3520 1052 3583; x_wconf 89' lang='lat' dir='ltr'><strong>potest</strong></span> <span class='ocrx_word' id='word_1_248' title='bbox 1081 3511 1224 3580; x_wconf 92' lang='lat' dir='ltr'><strong>quod</strong></span> <span class='ocrx_word' id='word_1_249' title='bbox 1254 3511 1345 3589; x_wconf 64' lang='lat' dir='ltr'><strong>lib.</strong></span> <span class='ocrx_word' id='word_1_250' title='bbox 1375 3526 1402 3564; x_wconf 81' lang='grc' dir='ltr'><strong>ιι</strong></span> <span class='ocrx_word' id='word_1_251' title='bbox 1427 3507 1878 3579; x_wconf 78' lang='lat' dir='ltr'><strong>Recognitionum</strong></span> 
     </span>
    </p>
   </div>
   <div class='ocr_carea' id='block_1_37' title="bbox 298 3601 1880 3672">
    <p class='ocr_par' dir='ltr' id='par_1_37' title="bbox 298 3601 1880 3672">
     <span class='ocr_line' id='line_1_37' title="bbox 298 3601 1880 3672; baseline -0.003 -12"><span class='ocrx_word' id='word_1_252' title='bbox 298 3605 590 3660; x_wconf 77' lang='lat' dir='ltr'><strong>Clementis</strong></span> <span class='ocrx_word' id='word_1_253' title='bbox 623 3616 895 3669; x_wconf 81' lang='lat' dir='ltr'><strong>narratur,</strong></span> <span class='ocrx_word' id='word_1_254' title='bbox 923 3605 1141 3658; x_wconf 84' lang='lat' dir='ltr'><strong>Simone</strong></span> <span class='ocrx_word' id='word_1_255' title='bbox 1166 3603 1320 3672; x_wconf 75' lang='lat' dir='ltr'><strong>Mago</strong></span> <span class='ocrx_word' id='word_1_256' title='bbox 1352 3601 1654 3656; x_wconf 75' lang='lat' dir='ltr'><strong>Antiochiae</strong></span> <span class='ocrx_word' id='word_1_257' title='bbox 1689 3601 1747 3656; x_wconf 91' lang='lat' dir='ltr'><strong>S.</strong></span> <span class='ocrx_word' id='word_1_258' title='bbox 1778 3601 1880 3656; x_wconf 83' lang='lat' dir='ltr'><strong>Pe-</strong></span> 
     </span>
    </p>
   </div>
   <div class='ocr_carea' id='block_1_38' title="bbox 297 3695 1877 3763">
    <p class='ocr_par' dir='ltr' id='par_1_38' title="bbox 297 3695 1877 3763">
     <span class='ocr_line' id='line_1_38' title="bbox 297 3695 1877 3763; baseline -0.003 -13"><span class='ocrx_word' id='word_1_259' title='bbox 297 3709 437 3752; x_wconf 90' lang='lat' dir='ltr'><strong>trum</strong></span> <span class='ocrx_word' id='word_1_260' title='bbox 477 3697 758 3752; x_wconf 87' lang='lat' dir='ltr'><strong>absentem</strong></span> <span class='ocrx_word' id='word_1_261' title='bbox 797 3697 1144 3758; x_wconf 83' lang='lat' dir='ltr'><strong>eriminante,</strong></span> <span class='ocrx_word' id='word_1_262' title='bbox 1204 3707 1367 3763; x_wconf 89' lang='lat' dir='ltr'><strong>atque</strong></span> <span class='ocrx_word' id='word_1_263' title='bbox 1407 3695 1712 3750; x_wconf 83' lang='lat' dir='ltr'><strong>Ecclesiain</strong></span> <span class='ocrx_word' id='word_1_264' title='bbox 1744 3710 1877 3747; x_wconf 89' lang='lat' dir='ltr'><strong>eon-</strong></span> 
     </span>
    </p>
   </div>
   <div class='ocr_carea' id='block_1_39' title="bbox 296 3786 1878 3858">
    <p class='ocr_par' dir='ltr' id='par_1_39' title="bbox 296 3786 1878 3858">
     <span class='ocr_line' id='line_1_39' title="bbox 296 3786 1878 3858; baseline -0.003 -15"><span class='ocrx_word' id='word_1_265' title='bbox 296 3789 566 3854; x_wconf 85' lang='lat' dir='ltr'><strong>turbante,</strong></span> <span class='ocrx_word' id='word_1_266' title='bbox 630 3786 1058 3858; x_wconf 73' lang='lat' dir='ltr'><strong>rsuperveniss&#39;e</strong></span> <span class='ocrx_word' id='word_1_267' title='bbox 1113 3787 1421 3842; x_wconf 91' lang='lat' dir='ltr'><strong>Cornelium</strong></span> <span class='ocrx_word' id='word_1_268' title='bbox 1479 3787 1878 3846; x_wconf 85' lang='lat' dir='ltr'><strong>centurionem,</strong></span> 
     </span>
    </p>
   </div>
   <div class='ocr_carea' id='block_1_40' title="bbox 295 3878 1878 3950">
    <p class='ocr_par' dir='ltr' id='par_1_40' title="bbox 295 3878 1878 3950">
     <span class='ocr_line' id='line_1_40' title="bbox 295 3878 1878 3950; baseline -0.003 -14"><span class='ocrx_word' id='word_1_269' title='bbox 295 3884 521 3938; x_wconf 86' lang='lat' dir='ltr'><strong>missum</strong></span> <span class='ocrx_word' id='word_1_270' title='bbox 569 3897 600 3937; x_wconf 91' lang='lat' dir='ltr'><strong>a</strong></span> <span class='ocrx_word' id='word_1_271' title='bbox 643 3881 860 3937; x_wconf 78' lang='lat' dir='ltr'><strong>Caesare</strong></span> <span class='ocrx_word' id='word_1_272' title='bbox 896 3881 961 3935; x_wconf 89' lang='lat' dir='ltr'><strong>ad</strong></span> <span class='ocrx_word' id='word_1_273' title='bbox 993 3880 1290 3950; x_wconf 63' lang='lat' dir='ltr'><strong>praesidem</strong></span> <span class='ocrx_word' id='word_1_274' title='bbox 1343 3879 1628 3947; x_wconf 69' lang='lat' dir='ltr'><strong>Caesareae,</strong></span> <span class='ocrx_word' id='word_1_275' title='bbox 1678 3878 1878 3948; x_wconf 88' lang='lat' dir='ltr'><strong>publici</strong></span> 
     </span>
    </p>
   </div>
   <div class='ocr_carea' id='block_1_41' title="bbox 295 3971 1879 4045">
    <p class='ocr_par' dir='ltr' id='par_1_41' title="bbox 295 3971 1879 4045">
     <span class='ocr_line' id='line_1_41' title="bbox 295 3971 1879 4045; baseline -0.003 -16"><span class='ocrx_word' id='word_1_276' title='bbox 295 3975 495 4045; x_wconf 83' lang='lat' dir='ltr'><strong>negotii</strong></span> <span class='ocrx_word' id='word_1_277' title='bbox 536 3973 750 4045; x_wconf 86' lang='lat' dir='ltr'><strong>gratia;</strong></span> <span class='ocrx_word' id='word_1_278' title='bbox 786 3992 804 4025; x_wconf 77' lang='grc' dir='ltr'><strong>ι</strong></span> <span class='ocrx_word' id='word_1_279' title='bbox 844 3982 1038 4042; x_wconf 74' lang='lat' dir='ltr'><strong>etquae</strong></span> <span class='ocrx_word' id='word_1_280' title='bbox 1074 3982 1364 4043; x_wconf 74' lang='lat' dir='ltr'><strong>agerentur</strong></span> <span class='ocrx_word' id='word_1_281' title='bbox 1395 3973 1670 4038; x_wconf 84' lang='lat' dir='ltr'><strong>edoctum,</strong></span> <span class='ocrx_word' id='word_1_282' title='bbox 1700 3971 1879 4042; x_wconf 78' lang='lat' dir='ltr'><strong>spargi</strong></span> 
     </span>
    </p>
   </div>
   <div class='ocr_carea' id='block_1_42' title="bbox 295 4064 1882 4142">
    <p class='ocr_par' dir='ltr' id='par_1_42' title="bbox 295 4064 1882 4142">
     <span class='ocr_line' id='line_1_42' title="bbox 295 4064 1882 4142; baseline -0.003 -22"><span class='ocrx_word' id='word_1_283' title='bbox 295 4082 568 4122; x_wconf 88' lang='lat' dir='ltr'><strong>rumorem</strong></span> <span class='ocrx_word' id='word_1_284' title='bbox 598 4081 840 4130; x_wconf 91' lang='lat' dir='ltr'><strong>curasse,</strong></span> <span class='ocrx_word' id='word_1_285' title='bbox 876 4067 1000 4142; x_wconf 88' lang='lat' dir='ltr'><strong>quia</strong></span> <span class='ocrx_word' id='word_1_286' title='bbox 1027 4066 1211 4120; x_wconf 78' lang='lat' dir='ltr'><strong>Caesar</strong></span> <span class='ocrx_word' id='word_1_287' title='bbox 1247 4067 1299 4121; x_wconf 92' lang='lat' dir='ltr'><strong>in</strong></span> <span class='ocrx_word' id='word_1_288' title='bbox 1325 4066 1457 4120; x_wconf 88' lang='lat' dir='ltr'><strong>urbe</strong></span> <span class='ocrx_word' id='word_1_289' title='bbox 1489 4064 1660 4120; x_wconf 84' lang='lat' dir='ltr'><strong>Roma</strong></span> <span class='ocrx_word' id='word_1_290' title='bbox 1691 4075 1744 4119; x_wconf 88' lang='lat' dir='ltr'><strong>et</strong></span> <span class='ocrx_word' id='word_1_291' title='bbox 1789 4079 1882 4133; x_wconf 88' lang='lat' dir='ltr'><strong>per</strong></span> 
     </span>
    </p>
   </div>
   <div class='ocr_carea' id='block_1_43' title="bbox 293 4141 1879 4230">
    <p class='ocr_par' dir='ltr' id='par_1_43' title="bbox 293 4141 1879 4230">
     <span class='ocr_line' id='line_1_43' title="bbox 293 4141 1879 4230; baseline -0.001 -17"><span class='ocrx_word' id='word_1_292' title='bbox 293 4141 605 4228; x_wconf 83' lang='lat' dir='ltr'><strong>provincias</strong></span> <span class='ocrx_word' id='word_1_293' title='bbox 655 4159 930 4218; x_wconf 81' lang='lat' dir='ltr'><strong>maleﬁcos</strong></span> <span class='ocrx_word' id='word_1_294' title='bbox 958 4160 1159 4228; x_wconf 88' lang='lat' dir='ltr'><strong>inquiri</strong></span> <span class='ocrx_word' id='word_1_295' title='bbox 1187 4157 1415 4230; x_wconf 89' lang='lat' dir='ltr'><strong>jusserit</strong></span> <span class='ocrx_word' id='word_1_296' title='bbox 1458 4172 1524 4211; x_wconf 91' lang='lat' dir='ltr'><strong>ac</strong></span> <span class='ocrx_word' id='word_1_297' title='bbox 1557 4156 1770 4226; x_wconf 90' lang='lat' dir='ltr'><strong>perimi,</strong></span> <span class='ocrx_word' id='word_1_298' title='bbox 1799 4171 1879 4220; x_wconf 91' lang='lat' dir='ltr'><strong>se,</strong></span> 
     </span>
    </p>
   </div>
   <div class='ocr_carea' id='block_1_44' title="bbox 294 4245 1880 4319">
    <p class='ocr_par' dir='ltr' id='par_1_44' title="bbox 294 4245 1880 4319">
     <span class='ocr_line' id='line_1_44' title="bbox 294 4245 1880 4319; baseline -0.004 -15"><span class='ocrx_word' id='word_1_299' title='bbox 294 4258 357 4305; x_wconf 88' lang='lat' dir='ltr'><strong>ut</strong></span> <span class='ocrx_word' id='word_1_300' title='bbox 389 4250 552 4305; x_wconf 91' lang='lat' dir='ltr'><strong>istum</strong></span> <span class='ocrx_word' id='word_1_301' title='bbox 579 4264 792 4318; x_wconf 89' lang='lat' dir='ltr'><strong>magum</strong></span> <span class='ocrx_word' id='word_1_302' title='bbox 823 4260 1064 4319; x_wconf 89' lang='lat' dir='ltr'><strong>caperet,</strong></span> <span class='ocrx_word' id='word_1_303' title='bbox 1095 4249 1330 4313; x_wconf 87' lang='lat' dir='ltr'><strong>venisse,</strong></span> <span class='ocrx_word' id='word_1_304' title='bbox 1357 4255 1409 4302; x_wconf 90' lang='lat' dir='ltr'><strong>et</strong></span> <span class='ocrx_word' id='word_1_305' title='bbox 1433 4246 1504 4301; x_wconf 89' lang='lat' dir='ltr'><strong>ob</strong></span> <span class='ocrx_word' id='word_1_306' title='bbox 1527 4248 1626 4302; x_wconf 90' lang='lat' dir='ltr'><strong>hoc</strong></span> <span class='ocrx_word' id='word_1_307' title='bbox 1653 4245 1880 4300; x_wconf 89' lang='lat' dir='ltr'><strong>missum</strong></span> 
     </span>
    </p>
   </div>
   <div class='ocr_carea' id='block_1_45' title="bbox 293 4338 1881 4416">
    <p class='ocr_par' dir='ltr' id='par_1_45' title="bbox 293 4338 1881 4416">
     <span class='ocr_line' id='line_1_45' title="bbox 293 4338 1881 4416; baseline -0.003 -20"><span class='ocrx_word' id='word_1_308' title='bbox 293 4357 326 4396; x_wconf 89' lang='lat' dir='ltr'><strong>a</strong></span> <span class='ocrx_word' id='word_1_309' title='bbox 353 4341 589 4396; x_wconf 79' lang='lat' dir='ltr'><strong>Caesare.</strong></span> <span class='ocrx_word' id='word_1_310' title='bbox 625 4361 643 4396; x_wconf 79' lang='grc' dir='ltr'><strong>ι</strong></span> <span class='ocrx_word' id='word_1_311' title='bbox 673 4341 774 4416; x_wconf 81' lang='lat' dir='ltr'><strong>Qui</strong></span> <span class='ocrx_word' id='word_1_312' title='bbox 801 4341 955 4405; x_wconf 84' lang='lat' dir='ltr'><strong>dolus</strong></span> <span class='ocrx_word' id='word_1_313' title='bbox 977 4340 1206 4396; x_wconf 81' lang='lat' dir='ltr'><strong>feliciter</strong></span> <span class='ocrx_word' id='word_1_314' title='bbox 1228 4341 1490 4405; x_wconf 88' lang='lat' dir='ltr'><strong>evenerit,</strong></span> <span class='ocrx_word' id='word_1_315' title='bbox 1514 4355 1577 4394; x_wconf 91' lang='lat' dir='ltr'><strong>ac</strong></span> <span class='ocrx_word' id='word_1_316' title='bbox 1606 4338 1881 4393; x_wconf 90' lang='lat' dir='ltr'><strong>Simonem</strong></span> 
     </span>
    </p>
   </div>
   <div class='ocr_carea' id='block_1_46' title="bbox 293 4431 1960 4526">
    <p class='ocr_par' dir='ltr' id='par_1_46' title="bbox 293 4431 1960 4526">
     <span class='ocr_line' id='line_1_46' title="bbox 293 4431 1960 4526; baseline -0.001 -40"><span class='ocrx_word' id='word_1_317' title='bbox 293 4447 358 4486; x_wconf 90' lang='lat' dir='ltr'><strong>ea</strong></span> <span class='ocrx_word' id='word_1_318' title='bbox 385 4432 528 4487; x_wconf 87' lang='lat' dir='ltr'><strong>fama</strong></span> <span class='ocrx_word' id='word_1_319' title='bbox 556 4434 911 4490; x_wconf 89' lang='lat' dir='ltr'><strong>conterritum</strong></span> <span class='ocrx_word' id='word_1_320' title='bbox 946 4432 1071 4489; x_wconf 89' lang='lat' dir='ltr'><strong>inde</strong></span> <span class='ocrx_word' id='word_1_321' title='bbox 1102 4431 1328 4501; x_wconf 82' lang='lat' dir='ltr'><strong>fugarit.</strong></span> <span class='ocrx_word' id='word_1_322' title='bbox 1375 4432 1458 4486; x_wconf 83' lang='lat' dir='ltr'><strong>An</strong></span> <span class='ocrx_word' id='word_1_323' title='bbox 1499 4440 1679 4485; x_wconf 85' lang='lat' dir='ltr'><strong>tamen</strong></span> <span class='ocrx_word' id='word_1_324' title='bbox 1705 4432 1880 4486; x_wconf 91' lang='lat' dir='ltr'><strong>conti-</strong></span> <span class='ocrx_word' id='word_1_325' title='bbox 1911 4469 1960 4526; x_wconf 66' lang='grc' dir='ltr'>Β</span> 
     </span>
    </p>
   </div>
   <div class='ocr_carea' id='block_1_47' title="bbox 295 4522 1882 4596">
    <p class='ocr_par' dir='ltr' id='par_1_47' title="bbox 295 4522 1882 4596">
     <span class='ocr_line' id='line_1_47' title="bbox 295 4522 1882 4596; baseline -0.001 -17"><span class='ocrx_word' id='word_1_326' title='bbox 295 4522 407 4581; x_wconf 66' lang='lat' dir='ltr'><strong>na.</strong></span> <span class='ocrx_word' id='word_1_327' title='bbox 432 4537 493 4579; x_wconf 92' lang='lat' dir='ltr'><strong>ut</strong></span> <span class='ocrx_word' id='word_1_328' title='bbox 541 4526 846 4596; x_wconf 85' lang='lat' dir='ltr'><strong>baptizatus</strong></span> <span class='ocrx_word' id='word_1_329' title='bbox 874 4534 957 4578; x_wconf 89' lang='lat' dir='ltr'><strong>est</strong></span> <span class='ocrx_word' id='word_1_330' title='bbox 983 4523 1306 4586; x_wconf 84' lang='lat' dir='ltr'><strong>Cornelius,</strong></span> <span class='ocrx_word' id='word_1_331' title='bbox 1368 4523 1616 4577; x_wconf 90' lang='lat' dir='ltr'><strong>nuntium</strong></span> <span class='ocrx_word' id='word_1_332' title='bbox 1673 4523 1882 4578; x_wconf 75' lang='lat' dir='ltr'><strong>militiae</strong></span> 
     </span>
    </p>
   </div>
   <div class='ocr_carea' id='block_1_48' title="bbox 293 4615 1882 4685">
    <p class='ocr_par' dir='ltr' id='par_1_48' title="bbox 293 4615 1882 4685">
     <span class='ocr_line' id='line_1_48' title="bbox 293 4615 1882 4685; baseline -0.004 -10"><span class='ocrx_word' id='word_1_333' title='bbox 293 4619 598 4684; x_wconf 88' lang='lat' dir='ltr'><strong>remiserit;</strong></span> <span class='ocrx_word' id='word_1_334' title='bbox 628 4634 695 4672; x_wconf 90' lang='lat' dir='ltr'><strong>an</strong></span> <span class='ocrx_word' id='word_1_335' title='bbox 728 4619 976 4674; x_wconf 87' lang='lat' dir='ltr'><strong>idoneam</strong></span> <span class='ocrx_word' id='word_1_336' title='bbox 1009 4615 1126 4685; x_wconf 84' lang='lat' dir='ltr'><strong>ejus</strong></span> <span class='ocrx_word' id='word_1_337' title='bbox 1163 4617 1243 4670; x_wconf 90' lang='lat' dir='ltr'><strong>rei</strong></span> <span class='ocrx_word' id='word_1_338' title='bbox 1294 4618 1754 4685; x_wconf 81' lang='lat' dir='ltr'><strong>Opportunitatem</strong></span> <span class='ocrx_word' id='word_1_339' title='bbox 1786 4629 1882 4668; x_wconf 80' lang='lat' dir='ltr'><strong>ex-</strong></span> 
     </span>
    </p>
   </div>
   <div class='ocr_carea' id='block_1_49' title="bbox 289 4708 1883 4782">
    <p class='ocr_par' dir='ltr' id='par_1_49' title="bbox 289 4708 1883 4782">
     <span class='ocr_line' id='line_1_49' title="bbox 289 4708 1883 4782; baseline -0.004 -16"><span class='ocrx_word' id='word_1_340' title='bbox 289 4711 580 4782; x_wconf 87' lang='lat' dir='ltr'><strong>spectarit,</strong></span> <span class='ocrx_word' id='word_1_341' title='bbox 606 4711 660 4768; x_wconf 90' lang='lat' dir='ltr'><strong>in</strong></span> <span class='ocrx_word' id='word_1_342' title='bbox 704 4711 937 4765; x_wconf 89' lang='lat' dir='ltr'><strong>obscuro</strong></span> <span class='ocrx_word' id='word_1_343' title='bbox 961 4718 1066 4764; x_wconf 91' lang='lat' dir='ltr'><strong>est.</strong></span> <span class='ocrx_word' id='word_1_344' title='bbox 1095 4709 1350 4777; x_wconf 87' lang='lat' dir='ltr'><strong>Ejusdem</strong></span> <span class='ocrx_word' id='word_1_345' title='bbox 1400 4708 1699 4763; x_wconf 90' lang='lat' dir='ltr'><strong>Clementis</strong></span> <span class='ocrx_word' id='word_1_346' title='bbox 1751 4723 1883 4777; x_wconf 89' lang='lat' dir='ltr'><strong>apo-</strong></span> 
     </span>
    </p>
   </div>
   <div class='ocr_carea' id='block_1_50' title="bbox 291 4799 1884 4868">
    <p class='ocr_par' dir='ltr' id='par_1_50' title="bbox 291 4799 1884 4868">
     <span class='ocr_line' id='line_1_50' title="bbox 291 4799 1884 4868; baseline -0.003 -10"><span class='ocrx_word' id='word_1_347' title='bbox 291 4803 613 4858; x_wconf 85' lang='lat' dir='ltr'><strong>stoliearum</strong></span> <span class='ocrx_word' id='word_1_348' title='bbox 639 4803 935 4860; x_wconf 87' lang='lat' dir='ltr'><strong>Constitut.</strong></span> <span class='ocrx_word' id='word_1_349' title='bbox 959 4801 1050 4856; x_wconf 92' lang='lat' dir='ltr'><strong>lib.</strong></span> <span class='ocrx_word' id='word_1_350' title='bbox 1088 4817 1185 4865; x_wconf 82' lang='lat' dir='ltr'><strong>vn,</strong></span> <span class='ocrx_word' id='word_1_351' title='bbox 1213 4815 1335 4868; x_wconf 92' lang='lat' dir='ltr'><strong>cap.</strong></span> <span class='ocrx_word' id='word_1_352' title='bbox 1355 4800 1424 4860; x_wconf 69' lang='grc' dir='ltr'>Η</span> <span class='ocrx_word' id='word_1_353' title='bbox 1450 4800 1700 4866; x_wconf 88' lang='lat' dir='ltr'><strong>habetur,</strong></span> <span class='ocrx_word' id='word_1_354' title='bbox 1739 4818 1757 4850; x_wconf 76' lang='grc' dir='ltr'><strong>ι</strong></span> <span class='ocrx_word' id='word_1_355' title='bbox 1777 4799 1884 4854; x_wconf 88' lang='lat' dir='ltr'><strong>Za-</strong></span> 
     </span>
    </p>
   </div>
   <div class='ocr_carea' id='block_1_51' title="bbox 291 4893 1882 4969">
    <p class='ocr_par' dir='ltr' id='par_1_51' title="bbox 291 4893 1882 4969">
     <span class='ocr_line' id='line_1_51' title="bbox 291 4893 1882 4969; baseline -0.003 -17"><span class='ocrx_word' id='word_1_356' title='bbox 291 4897 530 4960; x_wconf 70' lang='lat' dir='ltr'><strong>cltaeum,</strong></span> <span class='ocrx_word' id='word_1_357' title='bbox 566 4897 656 4966; x_wconf 90' lang='lat' dir='ltr'><strong>qui</strong></span> <span class='ocrx_word' id='word_1_358' title='bbox 686 4905 843 4949; x_wconf 90' lang='lat' dir='ltr'><strong>antea</strong></span> <span class='ocrx_word' id='word_1_359' title='bbox 876 4894 1058 4948; x_wconf 81' lang='lat' dir='ltr'><strong>fuerat</strong></span> <span class='ocrx_word' id='word_1_360' title='bbox 1109 4894 1451 4964; x_wconf 85' lang='lat' dir='ltr'><strong>publicanus.</strong></span> <span class='ocrx_word' id='word_1_361' title='bbox 1487 4893 1720 4969; x_wconf 78' lang='lat' dir='ltr'><strong>prirnum</strong></span> <span class='ocrx_word' id='word_1_362' title='bbox 1768 4895 1882 4962; x_wconf 88' lang='lat' dir='ltr'><strong>epi-</strong></span> 
     </span>
    </p>
   </div>
   <div class='ocr_carea' id='block_1_52' title="bbox 291 4987 1882 5058">
    <p class='ocr_par' dir='ltr' id='par_1_52' title="bbox 291 4987 1882 5058">
     <span class='ocr_line' id='line_1_52' title="bbox 291 4987 1882 5058; baseline -0.003 -13"><span class='ocrx_word' id='word_1_363' title='bbox 291 5005 520 5058; x_wconf 88' lang='lat' dir='ltr'><strong>scopum</strong></span> <span class='ocrx_word' id='word_1_364' title='bbox 550 4989 813 5048; x_wconf 77' lang='lat' dir='ltr'><strong>Caesareae</strong></span> <span class='ocrx_word' id='word_1_365' title='bbox 838 4987 1134 5042; x_wconf 66' lang='lat' dir='ltr'><strong>Palaestina:</strong></span> <span class='ocrx_word' id='word_1_366' title='bbox 1169 4987 1333 5047; x_wconf 82' lang='lat' dir='ltr'><strong>fuisse</strong></span> <span class='ocrx_word' id='word_1_367' title='bbox 1358 5003 1374 5050; x_wconf 75' lang='grc' dir='ltr'>ς</span> <span class='ocrx_word' id='word_1_368' title='bbox 1405 4987 1531 5043; x_wconf 88' lang='lat' dir='ltr'><strong>huic</strong></span> <span class='ocrx_word' id='word_1_369' title='bbox 1549 4987 1882 5043; x_wconf 88' lang='lat' dir='ltr'><strong>successisse</strong></span> 
     </span>
    </p>
   </div>
   <div class='ocr_carea' id='block_1_53' title="bbox 291 5078 1927 5160">
    <p class='ocr_par' dir='ltr' id='par_1_53' title="bbox 291 5078 1927 5160">
     <span class='ocr_line' id='line_1_53' title="bbox 291 5078 1927 5160; baseline -0.003 -22"><span class='ocrx_word' id='word_1_370' title='bbox 291 5082 633 5143; x_wconf 87' lang='lat' dir='ltr'><strong>Cornelium,</strong></span> <span class='ocrx_word' id='word_1_371' title='bbox 667 5087 720 5135; x_wconf 93' lang='lat' dir='ltr'><strong>et</strong></span> <span class='ocrx_word' id='word_1_372' title='bbox 747 5081 873 5142; x_wconf 89' lang='lat' dir='ltr'><strong>huic</strong></span> <span class='ocrx_word' id='word_1_373' title='bbox 907 5094 1097 5142; x_wconf 86' lang='lat' dir='ltr'><strong>rursus</strong></span> <span class='ocrx_word' id='word_1_374' title='bbox 1123 5079 1337 5133; x_wconf 88' lang='lat' dir='ltr'><strong>tertium</strong></span> <span class='ocrx_word' id='word_1_375' title='bbox 1372 5079 1681 5148; x_wconf 89' lang='lat' dir='ltr'><strong>episcopum</strong></span> <span class='ocrx_word' id='word_1_376' title='bbox 1707 5078 1883 5135; x_wconf 87' lang='lat' dir='ltr'><strong>Theo—</strong></span> <span class='ocrx_word' id='word_1_377' title='bbox 1918 5150 1927 5160; x_wconf 44' lang='lat'><strong><em>.</em></strong></span> 
     </span>
    </p>
   </div>
   <div class='ocr_carea' id='block_1_54' title="bbox 291 5169 1882 5243">
    <p class='ocr_par' dir='ltr' id='par_1_54' title="bbox 291 5169 1882 5243">
     <span class='ocr_line' id='line_1_54' title="bbox 291 5169 1882 5243; baseline 0 -16"><span class='ocrx_word' id='word_1_378' title='bbox 291 5179 526 5243; x_wconf 88' lang='lat' dir='ltr'><strong>pnitum.</strong></span> <span class='ocrx_word' id='word_1_379' title='bbox 561 5191 580 5224; x_wconf 80' lang='grc' dir='ltr'><strong>ι</strong></span> <span class='ocrx_word' id='word_1_380' title='bbox 631 5169 852 5237; x_wconf 82' lang='lat' dir='ltr'><strong>Verum,</strong></span> <span class='ocrx_word' id='word_1_381' title='bbox 893 5181 951 5226; x_wconf 92' lang='lat' dir='ltr'><strong>ut</strong></span> <span class='ocrx_word' id='word_1_382' title='bbox 981 5171 1107 5226; x_wconf 88' lang='lat' dir='ltr'><strong>alibi</strong></span> <span class='ocrx_word' id='word_1_383' title='bbox 1158 5171 1414 5237; x_wconf 78' lang='lat' dir='ltr'><strong>diximus,</strong></span> <span class='ocrx_word' id='word_1_384' title='bbox 1446 5185 1566 5240; x_wconf 78' lang='lat' dir='ltr'><strong>quae</strong></span> <span class='ocrx_word' id='word_1_385' title='bbox 1613 5187 1680 5226; x_wconf 89' lang='lat' dir='ltr'><strong>eo</strong></span> <span class='ocrx_word' id='word_1_386' title='bbox 1707 5173 1882 5241; x_wconf 90' lang='lat' dir='ltr'><strong>capite</strong></span> 
     </span>
    </p>
   </div>
   <div class='ocr_carea' id='block_1_55' title="bbox 294 5263 1878 5339">
    <p class='ocr_par' dir='ltr' id='par_1_55' title="bbox 294 5263 1878 5339">
     <span class='ocr_line' id='line_1_55' title="bbox 294 5263 1878 5339; baseline 0.001 -23"><span class='ocrx_word' id='word_1_387' title='bbox 294 5265 632 5328; x_wconf 82' lang='lat' dir='ltr'><strong>referuntur,</strong></span> <span class='ocrx_word' id='word_1_388' title='bbox 662 5264 805 5319; x_wconf 89' lang='lat' dir='ltr'><strong>haud</strong></span> <span class='ocrx_word' id='word_1_389' title='bbox 834 5264 969 5318; x_wconf 85' lang='lat' dir='ltr'><strong>satis</strong></span> <span class='ocrx_word' id='word_1_390' title='bbox 1017 5263 1271 5339; x_wconf 40' lang='lat' dir='ltr'><strong>veritate.</strong></span> <span class='ocrx_word' id='word_1_391' title='bbox 1298 5264 1551 5318; x_wconf 87' lang='lat' dir='ltr'><strong>videntur</strong></span> <span class='ocrx_word' id='word_1_392' title='bbox 1581 5265 1728 5332; x_wconf 80' lang='lat' dir='ltr'><strong>nixa,</strong></span> <span class='ocrx_word' id='word_1_393' title='bbox 1762 5277 1817 5319; x_wconf 91' lang='lat' dir='ltr'><strong>ut</strong></span> <span class='ocrx_word' id='word_1_394' title='bbox 1851 5286 1878 5319; x_wconf 88' lang='lat' dir='ltr'><strong>a</strong></span> 
     </span>
    </p>
   </div>
   <div class='ocr_carea' id='block_1_56' title="bbox 293 5351 1881 5426">
    <p class='ocr_par' dir='ltr' id='par_1_56' title="bbox 293 5351 1881 5426">
     <span class='ocr_line' id='line_1_56' title="bbox 293 5351 1881 5426; baseline 0.001 -17"><span class='ocrx_word' id='word_1_395' title='bbox 293 5355 576 5412; x_wconf 91' lang='lat' dir='ltr'><strong>Clemente</strong></span> <span class='ocrx_word' id='word_1_396' title='bbox 629 5356 832 5426; x_wconf 90' lang='lat' dir='ltr'><strong>scripta</strong></span> <span class='ocrx_word' id='word_1_397' title='bbox 867 5357 1194 5420; x_wconf 89' lang='lat' dir='ltr'><strong>credantur;</strong></span> <span class='ocrx_word' id='word_1_398' title='bbox 1232 5355 1336 5409; x_wconf 88' lang='lat' dir='ltr'><strong>nisi</strong></span> <span class='ocrx_word' id='word_1_399' title='bbox 1377 5356 1444 5410; x_wconf 89' lang='lat' dir='ltr'><strong>ab</strong></span> <span class='ocrx_word' id='word_1_400' title='bbox 1480 5356 1664 5426; x_wconf 91' lang='lat' dir='ltr'><strong>aliquo</strong></span> <span class='ocrx_word' id='word_1_401' title='bbox 1710 5351 1881 5413; x_wconf 86' lang='lat' dir='ltr'><strong>inter-</strong></span> 
     </span>
    </p>
   </div>
   <div class='ocr_carea' id='block_1_57' title="bbox 290 5445 1883 5518">
    <p class='ocr_par' dir='ltr' id='par_1_57' title="bbox 290 5445 1883 5518">
     <span class='ocr_line' id='line_1_57' title="bbox 290 5445 1883 5518; baseline 0.001 -18"><span class='ocrx_word' id='word_1_402' title='bbox 290 5446 476 5517; x_wconf 84' lang='lat' dir='ltr'><strong>polata</strong></span> <span class='ocrx_word' id='word_1_403' title='bbox 503 5447 789 5501; x_wconf 88' lang='lat' dir='ltr'><strong>fateamur.</strong></span> <span class='ocrx_word' id='word_1_404' title='bbox 809 5448 885 5501; x_wconf 85' lang='lat' dir='ltr'><strong>Ac</strong></span> <span class='ocrx_word' id='word_1_405' title='bbox 907 5446 962 5500; x_wconf 92' lang='lat' dir='ltr'><strong>S.</strong></span> <span class='ocrx_word' id='word_1_406' title='bbox 985 5445 1313 5518; x_wconf 86' lang='lat' dir='ltr'><strong>Theophilus</strong></span> <span class='ocrx_word' id='word_1_407' title='bbox 1326 5447 1542 5517; x_wconf 88' lang='lat' dir='ltr'><strong>quidem</strong></span> <span class='ocrx_word' id='word_1_408' title='bbox 1573 5448 1883 5503; x_wconf 77' lang='lat' dir='ltr'><strong>Caesareen-</strong></span> 
     </span>
    </p>
   </div>
   <div class='ocr_carea' id='block_1_58' title="bbox 288 5539 1882 5609">
    <p class='ocr_par' dir='ltr' id='par_1_58' title="bbox 288 5539 1882 5609">
     <span class='ocr_line' id='line_1_58' title="bbox 288 5539 1882 5609; baseline 0.001 -15"><span class='ocrx_word' id='word_1_409' title='bbox 288 5541 375 5595; x_wconf 82' lang='lat' dir='ltr'><strong>sis</strong></span> <span class='ocrx_word' id='word_1_410' title='bbox 408 5541 694 5609; x_wconf 81' lang='lat' dir='ltr'><strong>episcOpns</strong></span> <span class='ocrx_word' id='word_1_411' title='bbox 722 5541 824 5594; x_wconf 91' lang='lat' dir='ltr'><strong>sub</strong></span> <span class='ocrx_word' id='word_1_412' title='bbox 857 5539 1057 5594; x_wconf 88' lang='lat' dir='ltr'><strong>Severo</strong></span> <span class='ocrx_word' id='word_1_413' title='bbox 1089 5540 1334 5608; x_wconf 88' lang='lat' dir='ltr'><strong>principe</strong></span> <span class='ocrx_word' id='word_1_414' title='bbox 1364 5540 1567 5607; x_wconf 85' lang='lat' dir='ltr'><strong>floruit,</strong></span> <span class='ocrx_word' id='word_1_415' title='bbox 1601 5551 1659 5594; x_wconf 90' lang='lat' dir='ltr'><strong>ut</strong></span> <span class='ocrx_word' id='word_1_416' title='bbox 1688 5558 1716 5593; x_wconf 90' lang='lat' dir='ltr'><strong>v</strong></span> <span class='ocrx_word' id='word_1_417' title='bbox 1741 5539 1882 5595; x_wconf 82' lang='lat' dir='ltr'><strong>Mar-</strong></span> 
     </span>
    </p>
   </div>
   <div class='ocr_carea' id='block_1_59' title="bbox 287 5631 1876 5703">
    <p class='ocr_par' dir='ltr' id='par_1_59' title="bbox 287 5631 1876 5703">
     <span class='ocr_line' id='line_1_59' title="bbox 287 5631 1876 5703; baseline 0.002 -17"><span class='ocrx_word' id='word_1_418' title='bbox 287 5631 355 5686; x_wconf 92' lang='lat' dir='ltr'><strong>tii</strong></span> <span class='ocrx_word' id='word_1_419' title='bbox 381 5633 624 5687; x_wconf 89' lang='lat' dir='ltr'><strong>dicemus</strong></span> <span class='ocrx_word' id='word_1_420' title='bbox 654 5648 721 5685; x_wconf 86' lang='lat' dir='ltr'><strong>ex</strong></span> <span class='ocrx_word' id='word_1_421' title='bbox 747 5632 885 5686; x_wconf 88' lang='lat' dir='ltr'><strong>libro</strong></span> <span class='ocrx_word' id='word_1_422' title='bbox 913 5631 972 5685; x_wconf 92' lang='lat' dir='ltr'><strong>S.</strong></span> <span class='ocrx_word' id='word_1_423' title='bbox 1002 5631 1322 5703; x_wconf 85' lang='lat' dir='ltr'><strong>Hieronymi</strong></span> <span class='ocrx_word' id='word_1_424' title='bbox 1359 5631 1438 5687; x_wconf 89' lang='lat' dir='ltr'><strong>De</strong></span> <span class='ocrx_word' id='word_1_425' title='bbox 1469 5633 1636 5688; x_wconf 74' lang='lat' dir='ltr'><strong>illusi.</strong></span> <span class='ocrx_word' id='word_1_426' title='bbox 1673 5632 1876 5690; x_wconf 78' lang='lat' dir='ltr'><strong>Eccles.</strong></span> 
     </span>
    </p>
   </div>
   <div class='ocr_carea' id='block_1_60' title="bbox 285 5722 1877 5797">
    <p class='ocr_par' dir='ltr' id='par_1_60' title="bbox 285 5722 1877 5797">
     <span class='ocr_line' id='line_1_60' title="bbox 285 5722 1877 5797; baseline 0.002 -19"><span class='ocrx_word' id='word_1_427' title='bbox 285 5725 481 5795; x_wconf 78' lang='lat' dir='ltr'><strong>script.</strong></span> <span class='ocrx_word' id='word_1_428' title='bbox 518 5722 782 5793; x_wconf 88' lang='lat' dir='ltr'><strong>Utneque</strong></span> <span class='ocrx_word' id='word_1_429' title='bbox 808 5723 1060 5777; x_wconf 90' lang='lat' dir='ltr'><strong>Cornelio</strong></span> <span class='ocrx_word' id='word_1_430' title='bbox 1089 5725 1441 5793; x_wconf 88' lang='lat' dir='ltr'><strong>successisse,</strong></span> <span class='ocrx_word' id='word_1_431' title='bbox 1479 5725 1582 5781; x_wconf 87' lang='lat' dir='ltr'><strong>nisi</strong></span> <span class='ocrx_word' id='word_1_432' title='bbox 1618 5726 1776 5797; x_wconf 90' lang='lat' dir='ltr'><strong>longo</strong></span> <span class='ocrx_word' id='word_1_433' title='bbox 1809 5744 1877 5783; x_wconf 77' lang='lat' dir='ltr'><strong>ex</strong></span> 
     </span>
    </p>
   </div>
   <div class='ocr_carea' id='block_1_61' title="bbox 596 5816 1256 5888">
    <p class='ocr_par' dir='ltr' id='par_1_61' title="bbox 596 5816 1256 5888">
     <span class='ocr_line' id='line_1_61' title="bbox 596 5816 1256 5888; baseline 0.017 -16"><span class='ocrx_word' id='word_1_434' title='bbox 596 5816 870 5884; x_wconf 67' lang='lat' dir='ltr'><strong>Puppe.</strong></span> <span class='ocrx_word' id='word_1_435' title='bbox 902 5823 1022 5881; x_wconf 80' lang='lat' dir='ltr'><strong>Cn.</strong></span> <span class='ocrx_word' id='word_1_436' title='bbox 1043 5820 1256 5888; x_wconf 82' lang='lat' dir='ltr'><strong>CXIV.</strong></span> 
     </span>
    </p>
   </div>
   <div class='ocr_carea' id='block_1_62' title="bbox 1971 491 3347 561">
    <p class='ocr_par' dir='ltr' id='par_1_62' title="bbox 1971 491 3347 561">
     <span class='ocr_line' id='line_1_62' title="bbox 1971 491 3347 561; baseline 0 -17"><span class='ocrx_word' id='word_1_437' title='bbox 1971 491 2190 559; x_wconf 87' lang='lat' dir='ltr'><strong>Trajaui</strong></span> <span class='ocrx_word' id='word_1_438' title='bbox 2246 507 2390 546; x_wconf 89' lang='lat' dir='ltr'><strong>anno</strong></span> <span class='ocrx_word' id='word_1_439' title='bbox 2421 501 2668 545; x_wconf 89' lang='lat' dir='ltr'><strong>mortuus</strong></span> <span class='ocrx_word' id='word_1_440' title='bbox 2696 500 2800 553; x_wconf 87' lang='lat' dir='ltr'><strong>est,</strong></span> <span class='ocrx_word' id='word_1_441' title='bbox 2837 491 2952 561; x_wconf 90' lang='lat' dir='ltr'><strong>ejus</strong></span> <span class='ocrx_word' id='word_1_442' title='bbox 2981 492 3093 546; x_wconf 90' lang='lat' dir='ltr'><strong>fieri</strong></span> <span class='ocrx_word' id='word_1_443' title='bbox 3129 491 3347 546; x_wconf 91' lang='lat' dir='ltr'><strong>mentio.</strong></span> 
     </span>
    </p>
   </div>
   <div class='ocr_carea' id='block_1_63' title="bbox 2041 576 3533 650">
    <p class='ocr_par' dir='ltr' id='par_1_63' title="bbox 2041 576 3533 650">
     <span class='ocr_line' id='line_1_63' title="bbox 2041 576 3533 650; baseline 0 -18"><span class='ocrx_word' id='word_1_444' title='bbox 2041 580 2095 637; x_wconf 80' lang='lat'><strong>6.</strong></span> <span class='ocrx_word' id='word_1_445' title='bbox 2130 582 2259 635; x_wconf 84' lang='lat' dir='ltr'><strong>Acta</strong></span> <span class='ocrx_word' id='word_1_446' title='bbox 2295 579 2352 632; x_wconf 93' lang='lat' dir='ltr'><strong>S.</strong></span> <span class='ocrx_word' id='word_1_447' title='bbox 2379 579 2616 634; x_wconf 82' lang='lat' dir='ltr'><strong>Cornelii</strong></span> <span class='ocrx_word' id='word_1_448' title='bbox 2667 581 2807 650; x_wconf 75' lang='lat' dir='ltr'><strong>(qua:</strong></span> <span class='ocrx_word' id='word_1_449' title='bbox 2837 597 2903 636; x_wconf 81' lang='lat' dir='ltr'><strong>ex</strong></span> <span class='ocrx_word' id='word_1_450' title='bbox 2929 583 3320 640; x_wconf 76' lang='lat' dir='ltr'><strong>vetustioribus</strong></span> <span class='ocrx_word' id='word_1_451' title='bbox 3371 576 3533 634; x_wconf 83' lang='lat' dir='ltr'><strong>monii</strong></span> 
     </span>
    </p>
   </div>
   <div class='ocr_carea' id='block_1_64' title="bbox 1973 670 3551 741">
    <p class='ocr_par' dir='ltr' id='par_1_64' title="bbox 1973 670 3551 741">
     <span class='ocr_line' id='line_1_64' title="bbox 1973 670 3551 741; baseline -0.001 -16"><span class='ocrx_word' id='word_1_452' title='bbox 1973 673 2172 726; x_wconf 90' lang='lat' dir='ltr'><strong>mentis</strong></span> <span class='ocrx_word' id='word_1_453' title='bbox 2200 671 2554 739; x_wconf 87' lang='lat' dir='ltr'><strong>descripsisse</strong></span> <span class='ocrx_word' id='word_1_454' title='bbox 2584 670 2904 741; x_wconf 85' lang='lat' dir='ltr'><strong>Symeonem</strong></span> <span class='ocrx_word' id='word_1_455' title='bbox 2938 673 3336 740; x_wconf 70' lang='lat' dir='ltr'><strong>Metaplirasten</strong></span> <span class='ocrx_word' id='word_1_456' title='bbox 3370 673 3551 726; x_wconf 82' lang='lat' dir='ltr'><strong>fatetin</strong></span> 
     </span>
    </p>
   </div>
   <div class='ocr_carea' id='block_1_65' title="bbox 1987 751 3560 833">
    <p class='ocr_par' dir='ltr' id='par_1_65' title="bbox 1987 751 3560 833">
     <span class='ocr_line' id='line_1_65' title="bbox 1987 751 3560 833; baseline 0 -18"><span class='ocrx_word' id='word_1_457' title='bbox 1987 760 2286 826; x_wconf 85' lang='lat' dir='ltr'><strong>Baronius;</strong></span> <span class='ocrx_word' id='word_1_458' title='bbox 2321 777 2420 821; x_wconf 84' lang='lat' dir='ltr'><strong>nos</strong></span> <span class='ocrx_word' id='word_1_459' title='bbox 2457 761 2524 814; x_wconf 90' lang='lat' dir='ltr'><strong>ab</strong></span> <span class='ocrx_word' id='word_1_460' title='bbox 2562 761 2784 832; x_wconf 73' lang='lat' dir='ltr'><strong>Aloysio</strong></span> <span class='ocrx_word' id='word_1_461' title='bbox 2816 751 3132 833; x_wconf 77' lang='lat' dir='ltr'><strong>Liponiano,</strong></span> <span class='ocrx_word' id='word_1_462' title='bbox 3164 765 3286 818; x_wconf 89' lang='lat' dir='ltr'><strong>dein</strong></span> <span class='ocrx_word' id='word_1_463' title='bbox 3319 780 3348 819; x_wconf 93' lang='lat' dir='ltr'><strong>a</strong></span> <span class='ocrx_word' id='word_1_464' title='bbox 3376 765 3560 819; x_wconf 89' lang='lat' dir='ltr'><strong>Surio.</strong></span> 
     </span>
    </p>
   </div>
   <div class='ocr_carea' id='block_1_66' title="bbox 1973 853 3562 920">
    <p class='ocr_par' dir='ltr' id='par_1_66' title="bbox 1973 853 3562 920">
     <span class='ocr_line' id='line_1_66' title="bbox 1973 853 3562 920; baseline 0.004 -12"><span class='ocrx_word' id='word_1_465' title='bbox 1973 854 2142 920; x_wconf 81' lang='lat' dir='ltr'><strong>edita,</strong></span> <span class='ocrx_word' id='word_1_466' title='bbox 2198 870 2320 912; x_wconf 89' lang='lat' dir='ltr'><strong>enm</strong></span> <span class='ocrx_word' id='word_1_467' title='bbox 2358 870 2460 908; x_wconf 89' lang='lat' dir='ltr'><strong>ms.</strong></span> <span class='ocrx_word' id='word_1_468' title='bbox 2499 853 2691 910; x_wconf 75' lang='lat' dir='ltr'><strong>Graeco</strong></span> <span class='ocrx_word' id='word_1_469' title='bbox 2723 855 3071 917; x_wconf 69' lang='lat' dir='ltr'><strong>bibliothecae</strong></span> <span class='ocrx_word' id='word_1_470' title='bbox 3105 857 3562 915; x_wconf 87' lang='lat' dir='ltr'><strong>Christianissimi</strong></span> 
     </span>
    </p>
   </div>
   <div class='ocr_carea' id='block_1_67' title="bbox 1975 945 3560 1020">
    <p class='ocr_par' dir='ltr' id='par_1_67' title="bbox 1975 945 3560 1020">
     <span class='ocr_line' id='line_1_67' title="bbox 1975 945 3560 1020; baseline 0.004 -22"><span class='ocrx_word' id='word_1_471' title='bbox 1975 945 2119 1014; x_wconf 83' lang='lat' dir='ltr'><strong>regis</strong></span> <span class='ocrx_word' id='word_1_472' title='bbox 2157 946 2348 1005; x_wconf 86' lang='lat' dir='ltr'><strong>collata</strong></span> <span class='ocrx_word' id='word_1_473' title='bbox 2374 946 2458 1001; x_wconf 87' lang='lat' dir='ltr'><strong>hic</strong></span> <span class='ocrx_word' id='word_1_474' title='bbox 2481 945 2720 1015; x_wconf 87' lang='lat' dir='ltr'><strong>damus),</strong></span> <span class='ocrx_word' id='word_1_475' title='bbox 2752 961 2836 1009; x_wconf 89' lang='lat' dir='ltr'><strong>ea,</strong></span> <span class='ocrx_word' id='word_1_476' title='bbox 2863 946 3253 1014; x_wconf 82' lang='lat' dir='ltr'><strong>inquam,Aeta</strong></span> <span class='ocrx_word' id='word_1_477' title='bbox 3285 951 3560 1020; x_wconf 58' lang='lat' dir='ltr'><strong>episeopae</strong></span> 
     </span>
    </p>
   </div>
   <div class='ocr_carea' id='block_1_68' title="bbox 1978 1035 3567 1097">
    <p class='ocr_par' dir='ltr' id='par_1_68' title="bbox 1978 1035 3567 1097">
     <span class='ocr_line' id='line_1_68' title="bbox 1978 1035 3567 1097; baseline 0.005 -9"><span class='ocrx_word' id='word_1_478' title='bbox 1978 1045 2064 1094; x_wconf 84' lang='lat' dir='ltr'><strong>tus</strong></span> <span class='ocrx_word' id='word_1_479' title='bbox 2121 1035 2485 1090; x_wconf 67' lang='lat' dir='ltr'><strong>Caesareensis</strong></span> <span class='ocrx_word' id='word_1_480' title='bbox 2559 1051 2664 1090; x_wconf 92' lang='lat' dir='ltr'><strong>non</strong></span> <span class='ocrx_word' id='word_1_481' title='bbox 2732 1036 3113 1092; x_wconf 89' lang='lat' dir='ltr'><strong>meminerunt.</strong></span> <span class='ocrx_word' id='word_1_482' title='bbox 3187 1039 3370 1093; x_wconf 85' lang='lat' dir='ltr'><strong>Solum</strong></span> <span class='ocrx_word' id='word_1_483' title='bbox 3403 1040 3567 1097; x_wconf 87' lang='lat' dir='ltr'><strong>Petro</strong></span> 
     </span>
    </p>
   </div>
   <div class='ocr_carea' id='block_1_69' title="bbox 1976 1126 3563 1199">
    <p class='ocr_par' dir='ltr' id='par_1_69' title="bbox 1976 1126 3563 1199">
     <span class='ocr_line' id='line_1_69' title="bbox 1976 1126 3563 1199; baseline 0.003 -19"><span class='ocrx_word' id='word_1_484' title='bbox 1976 1126 2290 1196; x_wconf 87' lang='lat' dir='ltr'><strong>aliquandiu</strong></span> <span class='ocrx_word' id='word_1_485' title='bbox 2315 1127 2614 1184; x_wconf 78' lang='lat' dir='ltr'><strong>adhaesisse</strong></span> <span class='ocrx_word' id='word_1_486' title='bbox 2640 1130 2890 1195; x_wconf 86' lang='lat' dir='ltr'><strong>comitem</strong></span> <span class='ocrx_word' id='word_1_487' title='bbox 2941 1132 3392 1199; x_wconf 78' lang='lat' dir='ltr'><strong>peregrinationis</strong></span> <span class='ocrx_word' id='word_1_488' title='bbox 3421 1133 3563 1186; x_wconf 51' lang='lat' dir='ltr'><strong>refee</strong></span> 
     </span>
    </p>
   </div>
   <div class='ocr_carea' id='block_1_70' title="bbox 1978 1218 3562 1294">
    <p class='ocr_par' dir='ltr' id='par_1_70' title="bbox 1978 1218 3562 1294">
     <span class='ocr_line' id='line_1_70' title="bbox 1978 1218 3562 1294; baseline 0.004 -24"><span class='ocrx_word' id='word_1_489' title='bbox 1978 1226 2128 1282; x_wconf 91' lang='lat' dir='ltr'><strong>runt,</strong></span> <span class='ocrx_word' id='word_1_490' title='bbox 2154 1218 2222 1272; x_wconf 89' lang='lat' dir='ltr'><strong>ab</strong></span> <span class='ocrx_word' id='word_1_491' title='bbox 2251 1232 2426 1288; x_wconf 83' lang='lat' dir='ltr'><strong>eoque</strong></span> <span class='ocrx_word' id='word_1_492' title='bbox 2455 1223 2534 1274; x_wconf 87' lang='lat' dir='ltr'><strong>ad&#39;</strong></span> <span class='ocrx_word' id='word_1_493' title='bbox 2566 1219 2939 1290; x_wconf 75' lang='lat' dir='ltr'><strong>Scepsamrum</strong></span> <span class='ocrx_word' id='word_1_494' title='bbox 2991 1223 3269 1281; x_wconf 86' lang='lat' dir='ltr'><strong>civitatem</strong></span> <span class='ocrx_word' id='word_1_495' title='bbox 3315 1225 3562 1294; x_wconf 82' lang='lat' dir='ltr'><strong>missum,</strong></span> 
     </span>
    </p>
   </div>
   <div class='ocr_carea' id='block_1_71' title="bbox 1977 1309 3630 1382">
    <p class='ocr_par' dir='ltr' id='par_1_71' title="bbox 1977 1309 3630 1382">
     <span class='ocr_line' id='line_1_71' title="bbox 1977 1309 3630 1382; baseline 0.005 -19"><span class='ocrx_word' id='word_1_496' title='bbox 1977 1323 2041 1372; x_wconf 82' lang='lat' dir='ltr'><strong>ac</strong></span> <span class='ocrx_word' id='word_1_497' title='bbox 2073 1309 2237 1363; x_wconf 89' lang='lat' dir='ltr'><strong>multa</strong></span> <span class='ocrx_word' id='word_1_498' title='bbox 2269 1325 2584 1380; x_wconf 89' lang='lat' dir='ltr'><strong>perpessum</strong></span> <span class='ocrx_word' id='word_1_499' title='bbox 2617 1312 2982 1380; x_wconf 89' lang='lat' dir='ltr'><strong>incommoda,</strong></span> <span class='ocrx_word' id='word_1_500' title='bbox 3014 1315 3196 1372; x_wconf 90' lang='lat' dir='ltr'><strong>multis</strong></span> <span class='ocrx_word' id='word_1_501' title='bbox 3223 1316 3428 1377; x_wconf 87' lang='lat' dir='ltr'><strong>clarum</strong></span> <span class='ocrx_word' id='word_1_502' title='bbox 3463 1320 3566 1370; x_wconf 91' lang='lat' dir='ltr'><strong>mi-</strong></span> <span class='ocrx_word' id='word_1_503' title='bbox 3627 1379 3630 1382; x_wconf 12' lang='grc' dir='ltr'><strong><em>Α</em></strong></span> 
     </span>
    </p>
   </div>
   <div class='ocr_carea' id='block_1_72' title="bbox 1919 1403 3564 1476">
    <p class='ocr_par' dir='ltr' id='par_1_72' title="bbox 1919 1403 3564 1476">
     <span class='ocr_line' id='line_1_72' title="bbox 1919 1403 3564 1476; baseline 0.009 -23"><span class='ocrx_word' id='word_1_504' title='bbox 1919 1421 1922 1424; x_wconf 92' lang='grc'><strong>·</strong></span> <span class='ocrx_word' id='word_1_505' title='bbox 1977 1403 2198 1468; x_wconf 87' lang='lat' dir='ltr'><strong>raculis,</strong></span> <span class='ocrx_word' id='word_1_506' title='bbox 2239 1403 2510 1459; x_wconf 89' lang='lat' dir='ltr'><strong>Demetrio</strong></span> <span class='ocrx_word' id='word_1_507' title='bbox 2547 1403 2782 1476; x_wconf 83' lang='lat' dir='ltr'><strong>principi</strong></span> <span class='ocrx_word' id='word_1_508' title='bbox 2814 1420 2878 1461; x_wconf 90' lang='lat' dir='ltr'><strong>ac</strong></span> <span class='ocrx_word' id='word_1_509' title='bbox 2914 1407 3112 1476; x_wconf 91' lang='lat' dir='ltr'><strong>populo</strong></span> <span class='ocrx_word' id='word_1_510' title='bbox 3163 1408 3274 1464; x_wconf 91' lang='lat' dir='ltr'><strong>fere</strong></span> <span class='ocrx_word' id='word_1_511' title='bbox 3307 1409 3564 1468; x_wconf 87' lang='lat' dir='ltr'><strong>universo</strong></span> 
     </span>
    </p>
   </div>
   <div class='ocr_carea' id='block_1_73' title="bbox 1977 1493 3559 1564">
    <p class='ocr_par' dir='ltr' id='par_1_73' title="bbox 1977 1493 3559 1564">
     <span class='ocr_line' id='line_1_73' title="bbox 1977 1493 3559 1564; baseline 0.004 -16"><span class='ocrx_word' id='word_1_512' title='bbox 1977 1493 2106 1548; x_wconf 85' lang='lat' dir='ltr'><strong>ﬁdei</strong></span> <span class='ocrx_word' id='word_1_513' title='bbox 2138 1495 2496 1564; x_wconf 78' lang='lat' dir='ltr'><strong>suscipiendae</strong></span> <span class='ocrx_word' id='word_1_514' title='bbox 2543 1505 2820 1552; x_wconf 87' lang='lat' dir='ltr'><strong>auctorem</strong></span> <span class='ocrx_word' id='word_1_515' title='bbox 2875 1499 3173 1554; x_wconf 86' lang='lat' dir='ltr'><strong>exstitisse.</strong></span> <span class='ocrx_word' id='word_1_516' title='bbox 3223 1500 3278 1554; x_wconf 90' lang='lat' dir='ltr'><strong>In</strong></span> <span class='ocrx_word' id='word_1_517' title='bbox 3336 1516 3400 1556; x_wconf 88' lang='lat' dir='ltr'><strong>ea</strong></span> <span class='ocrx_word' id='word_1_518' title='bbox 3433 1517 3559 1562; x_wconf 83' lang='lat' dir='ltr'><strong>vero</strong></span> 
     </span>
    </p>
   </div>
   <div class='ocr_carea' id='block_1_74' title="bbox 1978 1583 3559 1664">
    <p class='ocr_par' dir='ltr' id='par_1_74' title="bbox 1978 1583 3559 1664">
     <span class='ocr_line' id='line_1_74' title="bbox 1978 1583 3559 1664; baseline 0.008 -29"><span class='ocrx_word' id='word_1_519' title='bbox 1978 1583 2245 1648; x_wconf 89' lang='lat' dir='ltr'><strong>oratione,</strong></span> <span class='ocrx_word' id='word_1_520' title='bbox 2282 1600 2386 1655; x_wconf 91' lang='lat' dir='ltr'><strong>qua</strong></span> <span class='ocrx_word' id='word_1_521' title='bbox 2420 1585 2478 1641; x_wconf 86' lang='lat' dir='ltr'><strong>S.</strong></span> <span class='ocrx_word' id='word_1_522' title='bbox 2520 1586 2666 1642; x_wconf 89' lang='lat' dir='ltr'><strong>Petri</strong></span> <span class='ocrx_word' id='word_1_523' title='bbox 2698 1590 3016 1655; x_wconf 85' lang='lat' dir='ltr'><strong>certamina,</strong></span> <span class='ocrx_word' id='word_1_524' title='bbox 3045 1590 3278 1656; x_wconf 87' lang='lat' dir='ltr'><strong>labores,</strong></span> <span class='ocrx_word' id='word_1_525' title='bbox 3313 1593 3559 1664; x_wconf 54' lang='lat' dir='ltr'><strong>peregrie</strong></span> 
     </span>
    </p>
   </div>
   <div class='ocr_carea' id='block_1_75' title="bbox 1980 1675 3568 1751">
    <p class='ocr_par' dir='ltr' id='par_1_75' title="bbox 1980 1675 3568 1751">
     <span class='ocr_line' id='line_1_75' title="bbox 1980 1675 3568 1751; baseline 0.007 -24"><span class='ocrx_word' id='word_1_526' title='bbox 1980 1675 2227 1732; x_wconf 89' lang='lat' dir='ltr'><strong>nationes</strong></span> <span class='ocrx_word' id='word_1_527' title='bbox 2260 1679 2572 1748; x_wconf 82' lang='lat' dir='ltr'><strong>complexus</strong></span> <span class='ocrx_word' id='word_1_528' title='bbox 2596 1680 2735 1735; x_wconf 91' lang='lat' dir='ltr'><strong>idem</strong></span> <span class='ocrx_word' id='word_1_529' title='bbox 2768 1692 2854 1736; x_wconf 90' lang='lat' dir='ltr'><strong>est</strong></span> <span class='ocrx_word' id='word_1_530' title='bbox 2885 1680 3303 1751; x_wconf 82' lang='lat' dir='ltr'><strong>Metaphrastes,</strong></span> <span class='ocrx_word' id='word_1_531' title='bbox 3325 1699 3419 1738; x_wconf 90' lang='lat' dir='ltr'><strong>seu</strong></span> <span class='ocrx_word' id='word_1_532' title='bbox 3447 1685 3568 1750; x_wconf 82' lang='lat' dir='ltr'><strong>quis</strong></span> 
     </span>
    </p>
   </div>
   <div class='ocr_carea' id='block_1_76' title="bbox 1902 1759 3568 1841">
    <p class='ocr_par' dir='ltr' id='par_1_76' title="bbox 1902 1759 3568 1841">
     <span class='ocr_line' id='line_1_76' title="bbox 1902 1759 3568 1841; baseline 0.009 -22"><span class='ocrx_word' id='word_1_533' title='bbox 1902 1759 1951 1819; x_wconf 89' lang='lat' dir='ltr'><strong>B</strong></span> <span class='ocrx_word' id='word_1_534' title='bbox 1980 1767 2122 1821; x_wconf 89' lang='lat' dir='ltr'><strong>alius</strong></span> <span class='ocrx_word' id='word_1_535' title='bbox 2155 1781 2344 1828; x_wconf 87' lang='lat' dir='ltr'><strong>auctor</strong></span> <span class='ocrx_word' id='word_1_536' title='bbox 2384 1773 2525 1840; x_wconf 89' lang='lat' dir='ltr'><strong>apttd</strong></span> <span class='ocrx_word' id='word_1_537' title='bbox 2572 1770 2932 1841; x_wconf 66' lang='lat' dir='ltr'><strong>Lipomanum</strong></span> <span class='ocrx_word' id='word_1_538' title='bbox 2967 1784 3022 1829; x_wconf 90' lang='lat' dir='ltr'><strong>et</strong></span> <span class='ocrx_word' id='word_1_539' title='bbox 3052 1774 3270 1830; x_wconf 91' lang='lat' dir='ltr'><strong>Surium</strong></span> <span class='ocrx_word' id='word_1_540' title='bbox 3302 1791 3435 1830; x_wconf 77' lang='lat' dir='ltr'><strong>xm</strong></span> <span class='ocrx_word' id='word_1_541' title='bbox 3463 1775 3568 1834; x_wconf 71' lang='grc' dir='ltr'>ιιιιτ</span> 
     </span>
    </p>
   </div>
   <div class='ocr_carea' id='block_1_77' title="bbox 1975 1861 3567 1936">
    <p class='ocr_par' dir='ltr' id='par_1_77' title="bbox 1975 1861 3567 1936">
     <span class='ocr_line' id='line_1_77' title="bbox 1975 1861 3567 1936; baseline 0.006 -22"><span class='ocrx_word' id='word_1_542' title='bbox 1975 1861 2073 1927; x_wconf 90' lang='lat' dir='ltr'><strong>nii,</strong></span> <span class='ocrx_word' id='word_1_543' title='bbox 2118 1861 2314 1916; x_wconf 84' lang='lat' dir='ltr'><strong>dicitur</strong></span> <span class='ocrx_word' id='word_1_544' title='bbox 2347 1861 2540 1917; x_wconf 86' lang='lat' dir='ltr'><strong>Petrus</strong></span> <span class='ocrx_word' id='word_1_545' title='bbox 2590 1871 2874 1935; x_wconf 83' lang='lat' dir='ltr'><strong>postquam</strong></span> <span class='ocrx_word' id='word_1_546' title='bbox 2933 1881 2964 1919; x_wconf 93' lang='lat' dir='ltr'><strong>e</strong></span> <span class='ocrx_word' id='word_1_547' title='bbox 3015 1881 3257 1934; x_wconf 84' lang='lat' dir='ltr'><strong>carcere,</strong></span> <span class='ocrx_word' id='word_1_548' title='bbox 3315 1867 3369 1921; x_wconf 89' lang='lat' dir='ltr'><strong>in</strong></span> <span class='ocrx_word' id='word_1_549' title='bbox 3406 1882 3567 1936; x_wconf 82' lang='lat' dir='ltr'><strong>quem</strong></span> 
     </span>
    </p>
   </div>
   <div class='ocr_carea' id='block_1_78' title="bbox 1976 1947 3563 2030">
    <p class='ocr_par' dir='ltr' id='par_1_78' title="bbox 1976 1947 3563 2030">
     <span class='ocr_line' id='line_1_78' title="bbox 1976 1947 3563 2030; baseline 0.004 -25"><span class='ocrx_word' id='word_1_550' title='bbox 1976 1952 2128 2020; x_wconf 84' lang='lat' dir='ltr'><strong>illum</strong></span> <span class='ocrx_word' id='word_1_551' title='bbox 2164 1953 2407 2014; x_wconf 88' lang='lat' dir='ltr'><strong>Herodes</strong></span> <span class='ocrx_word' id='word_1_552' title='bbox 2441 1956 2772 2026; x_wconf 74' lang='lat' dir='ltr'><strong>coniecerat,</strong></span> <span class='ocrx_word' id='word_1_553' title='bbox 2823 1947 3049 2014; x_wconf 87' lang='lat' dir='ltr'><strong>eductus</strong></span> <span class='ocrx_word' id='word_1_554' title='bbox 3097 1959 3167 2014; x_wconf 91' lang='lat' dir='ltr'><strong>ab</strong></span> <span class='ocrx_word' id='word_1_555' title='bbox 3209 1960 3403 2030; x_wconf 82' lang='lat' dir='ltr'><strong>angelo</strong></span> <span class='ocrx_word' id='word_1_556' title='bbox 3459 1968 3563 2027; x_wconf 78' lang='lat' dir='ltr'><strong>est,</strong></span> 
     </span>
    </p>
   </div>
   <div class='ocr_carea' id='block_1_79' title="bbox 1983 2044 3566 2121">
    <p class='ocr_par' dir='ltr' id='par_1_79' title="bbox 1983 2044 3566 2121">
     <span class='ocr_line' id='line_1_79' title="bbox 1983 2044 3566 2121; baseline 0.006 -25"><span class='ocrx_word' id='word_1_557' title='bbox 1983 2062 2002 2096; x_wconf 76' lang='grc' dir='ltr'><strong>ι</strong></span> <span class='ocrx_word' id='word_1_558' title='bbox 2038 2045 2257 2102; x_wconf 82' lang='lat' dir='ltr'><strong>venisse</strong></span> <span class='ocrx_word' id='word_1_559' title='bbox 2303 2044 2608 2121; x_wconf 78' lang='lat' dir='ltr'><strong>Caesaream</strong></span> <span class='ocrx_word' id='word_1_560' title='bbox 2646 2046 2984 2118; x_wconf 61' lang='lat' dir='ltr'><strong>Stratonis,»</strong></span> <span class='ocrx_word' id='word_1_561' title='bbox 3040 2053 3129 2107; x_wconf 89' lang='lat' dir='ltr'><strong>ubi</strong></span> <span class='ocrx_word' id='word_1_562' title='bbox 3163 2064 3321 2112; x_wconf 84' lang='lat' dir='ltr'><strong>antea</strong></span> <span class='ocrx_word' id='word_1_563' title='bbox 3361 2052 3566 2114; x_wconf 49' lang='lat' dir='ltr'><strong>Cerne-.2</strong></span> 
     </span>
    </p>
   </div>
   <div class='ocr_carea' id='block_1_80' title="bbox 1976 2135 3564 2216">
    <p class='ocr_par' dir='ltr' id='par_1_80' title="bbox 1976 2135 3564 2216">
     <span class='ocr_line' id='line_1_80' title="bbox 1976 2135 3564 2216; baseline 0.005 -26"><span class='ocrx_word' id='word_1_564' title='bbox 1976 2135 2106 2191; x_wconf 91' lang='lat' dir='ltr'><strong>lium</strong></span> <span class='ocrx_word' id='word_1_565' title='bbox 2139 2137 2464 2207; x_wconf 85' lang='lat' dir='ltr'><strong>baptizarat,</strong></span> <span class='ocrx_word' id='word_1_566' title='bbox 2501 2159 2519 2193; x_wconf 80' lang='grc' dir='ltr'><strong>ι</strong></span> <span class='ocrx_word' id='word_1_567' title='bbox 2548 2148 2602 2196; x_wconf 88' lang='lat' dir='ltr'><strong>et</strong></span> <span class='ocrx_word' id='word_1_568' title='bbox 2629 2156 2696 2196; x_wconf 82' lang='lat' dir='ltr'><strong>ex</strong></span> <span class='ocrx_word' id='word_1_569' title='bbox 2723 2143 2812 2208; x_wconf 90' lang='lat' dir='ltr'><strong>iis,</strong></span> <span class='ocrx_word' id='word_1_570' title='bbox 2852 2144 2940 2211; x_wconf 91' lang='lat' dir='ltr'><strong>qui</strong></span> <span class='ocrx_word' id='word_1_571' title='bbox 2969 2145 3143 2213; x_wconf 90' lang='lat' dir='ltr'><strong>ipsum</strong></span> <span class='ocrx_word' id='word_1_572' title='bbox 3173 2146 3564 2216; x_wconf 80' lang='lat' dir='ltr'><strong>sequebantur,</strong></span> 
     </span>
    </p>
   </div>
   <div class='ocr_carea' id='block_1_81' title="bbox 1977 2231 3569 2307">
    <p class='ocr_par' dir='ltr' id='par_1_81' title="bbox 1977 2231 3569 2307">
     <span class='ocr_line' id='line_1_81' title="bbox 1977 2231 3569 2307; baseline 0.008 -25"><span class='ocrx_word' id='word_1_573' title='bbox 1977 2231 2304 2306; x_wconf 85' lang='lat' dir='ltr'><strong>presbyteris</strong></span> <span class='ocrx_word' id='word_1_574' title='bbox 2327 2231 2635 2303; x_wconf 88' lang='lat' dir='ltr'><strong>episc0pum</strong></span> <span class='ocrx_word' id='word_1_575' title='bbox 2669 2235 2740 2288; x_wconf 94' lang='lat' dir='ltr'><strong>ibi</strong></span> <span class='ocrx_word' id='word_1_576' title='bbox 2769 2236 3160 2302; x_wconf 84' lang='lat' dir='ltr'><strong>constituisse;</strong></span> <span class='ocrx_word' id='word_1_577' title='bbox 3199 2256 3218 2288; x_wconf 79' lang='grc' dir='ltr'><strong>ι</strong></span> <span class='ocrx_word' id='word_1_578' title='bbox 3255 2246 3378 2307; x_wconf 89' lang='lat' dir='ltr'><strong>post</strong></span> <span class='ocrx_word' id='word_1_579' title='bbox 3401 2252 3569 2299; x_wconf 83' lang='lat' dir='ltr'><strong>annos</strong></span> 
     </span>
    </p>
   </div>
   <div class='ocr_carea' id='block_1_82' title="bbox 1977 2317 3568 2391">
    <p class='ocr_par' dir='ltr' id='par_1_82' title="bbox 1977 2317 3568 2391">
     <span class='ocr_line' id='line_1_82' title="bbox 1977 2317 3568 2391; baseline 0.008 -23"><span class='ocrx_word' id='word_1_580' title='bbox 1977 2317 2172 2373; x_wconf 89' lang='lat' dir='ltr'><strong>deinde</strong></span> <span class='ocrx_word' id='word_1_581' title='bbox 2225 2320 2468 2389; x_wconf 88' lang='lat' dir='ltr'><strong>aliquot,</strong></span> <span class='ocrx_word' id='word_1_582' title='bbox 2521 2322 2706 2380; x_wconf 88' lang='lat' dir='ltr'><strong>multis</strong></span> <span class='ocrx_word' id='word_1_583' title='bbox 2755 2324 2996 2384; x_wconf 89' lang='lat' dir='ltr'><strong>lustratis</strong></span> <span class='ocrx_word' id='word_1_584' title='bbox 3042 2327 3288 2391; x_wconf 88' lang='lat' dir='ltr'><strong>urbibus,</strong></span> <span class='ocrx_word' id='word_1_585' title='bbox 3361 2327 3568 2385; x_wconf 81' lang='lat' dir='ltr'><strong>venisse</strong></span> 
     </span>
    </p>
   </div>
   <div class='ocr_carea' id='block_1_83' title="bbox 1982 2407 3569 2484">
    <p class='ocr_par' dir='ltr' id='par_1_83' title="bbox 1982 2407 3569 2484">
     <span class='ocr_line' id='line_1_83' title="bbox 1982 2407 3569 2484; baseline 0.009 -28"><span class='ocrx_word' id='word_1_586' title='bbox 1982 2424 2002 2456; x_wconf 70' lang='grc' dir='ltr'><strong>ι</strong></span> <span class='ocrx_word' id='word_1_587' title='bbox 2043 2407 2222 2473; x_wconf 87' lang='lat' dir='ltr'><strong>Ilium,</strong></span> <span class='ocrx_word' id='word_1_588' title='bbox 2253 2410 2526 2470; x_wconf 83' lang='lat' dir='ltr'><strong>civitatem</strong></span> <span class='ocrx_word' id='word_1_589' title='bbox 2574 2411 2932 2483; x_wconf 83' lang='lat' dir='ltr'><strong>Hellesponti,</strong></span> <span class='ocrx_word' id='word_1_590' title='bbox 2965 2429 3141 2484; x_wconf 90' lang='lat' dir='ltr'><strong>eoque</strong></span> <span class='ocrx_word' id='word_1_591' title='bbox 3189 2416 3244 2473; x_wconf 90' lang='lat' dir='ltr'><strong>in</strong></span> <span class='ocrx_word' id='word_1_592' title='bbox 3283 2416 3400 2476; x_wconf 88' lang='lat' dir='ltr'><strong>loco</strong></span> <span class='ocrx_word' id='word_1_593' title='bbox 3431 2415 3569 2480; x_wconf 53' lang='lat' dir='ltr'><strong>Cor:</strong></span> 
     </span>
    </p>
   </div>
   <div class='ocr_carea' id='block_1_84' title="bbox 1979 2499 3386 2572">
    <p class='ocr_par' dir='ltr' id='par_1_84' title="bbox 1979 2499 3386 2572">
     <span class='ocr_line' id='line_1_84' title="bbox 1979 2499 3386 2572; baseline 0.009 -21"><span class='ocrx_word' id='word_1_594' title='bbox 1979 2499 2181 2552; x_wconf 88' lang='lat' dir='ltr'><strong>nelium</strong></span> <span class='ocrx_word' id='word_1_595' title='bbox 2214 2501 2583 2558; x_wconf 87' lang='lat' dir='ltr'><strong>centurionem</strong></span> <span class='ocrx_word' id='word_1_596' title='bbox 2616 2505 2931 2572; x_wconf 88' lang='lat' dir='ltr'><strong>episcopum</strong></span> <span class='ocrx_word' id='word_1_597' title='bbox 2961 2507 3328 2567; x_wconf 89' lang='lat' dir='ltr'><strong>constituisse.</strong></span> <span class='ocrx_word' id='word_1_598' title='bbox 3368 2527 3386 2564; x_wconf 86' lang='grc' dir='ltr'><strong>ι</strong></span> 
     </span>
    </p>
   </div>
   <div class='ocr_carea' id='block_1_85' title="bbox 2052 2590 3540 2662">
    <p class='ocr_par' dir='ltr' id='par_1_85' title="bbox 2052 2590 3540 2662">
     <span class='ocr_line' id='line_1_85' title="bbox 2052 2590 3540 2662; baseline 0.005 -17"><span class='ocrx_word' id='word_1_599' title='bbox 2052 2590 2258 2652; x_wconf 85' lang='lat' dir='ltr'><strong>7.ltide</strong></span> <span class='ocrx_word' id='word_1_600' title='bbox 2308 2594 2556 2652; x_wconf 86' lang='lat' dir='ltr'><strong>fortassis</strong></span> <span class='ocrx_word' id='word_1_601' title='bbox 2609 2605 2897 2654; x_wconf 86' lang='lat' dir='ltr'><strong>revocatus</strong></span> <span class='ocrx_word' id='word_1_602' title='bbox 2955 2608 3039 2651; x_wconf 93' lang='lat' dir='ltr'><strong>est</strong></span> <span class='ocrx_word' id='word_1_603' title='bbox 3087 2597 3414 2662; x_wconf 84' lang='lat' dir='ltr'><strong>Caesaream,</strong></span> <span class='ocrx_word' id='word_1_604' title='bbox 3466 2599 3540 2662; x_wconf 74' lang='lat' dir='ltr'><strong>Za</strong></span> 
     </span>
    </p>
   </div>
   <div class='ocr_carea' id='block_1_86' title="bbox 1979 2675 3564 2756">
    <p class='ocr_par' dir='ltr' id='par_1_86' title="bbox 1979 2675 3564 2756">
     <span class='ocr_line' id='line_1_86' title="bbox 1979 2675 3564 2756; baseline 0.004 -21"><span class='ocrx_word' id='word_1_605' title='bbox 1979 2681 2153 2745; x_wconf 64' lang='lat' dir='ltr'><strong>chara,</strong></span> <span class='ocrx_word' id='word_1_606' title='bbox 2190 2697 2286 2737; x_wconf 90' lang='lat' dir='ltr'><strong>seu</strong></span> <span class='ocrx_word' id='word_1_607' title='bbox 2329 2698 2437 2752; x_wconf 87' lang='lat' dir='ltr'><strong>quo</strong></span> <span class='ocrx_word' id='word_1_608' title='bbox 2466 2684 2574 2738; x_wconf 89' lang='lat' dir='ltr'><strong>alio</strong></span> <span class='ocrx_word' id='word_1_609' title='bbox 2614 2685 2732 2752; x_wconf 88' lang='lat' dir='ltr'><strong>ejus</strong></span> <span class='ocrx_word' id='word_1_610' title='bbox 2764 2687 2914 2741; x_wconf 88' lang='lat' dir='ltr'><strong>urbis</strong></span> <span class='ocrx_word' id='word_1_611' title='bbox 2944 2688 3212 2754; x_wconf 88' lang='lat' dir='ltr'><strong>antistite,</strong></span> <span class='ocrx_word' id='word_1_612' title='bbox 3248 2675 3564 2756; x_wconf 79' lang='lat' dir='ltr'><strong>decedente,</strong></span> 
     </span>
    </p>
   </div>
   <div class='ocr_carea' id='block_1_87' title="bbox 1981 2770 3570 2850">
    <p class='ocr_par' dir='ltr' id='par_1_87' title="bbox 1981 2770 3570 2850">
     <span class='ocr_line' id='line_1_87' title="bbox 1981 2770 3570 2850; baseline 0.006 -25"><span class='ocrx_word' id='word_1_613' title='bbox 1981 2770 2185 2826; x_wconf 85' lang='lat' dir='ltr'><strong>Scribit</strong></span> <span class='ocrx_word' id='word_1_614' title='bbox 2229 2773 2497 2830; x_wconf 85' lang='lat' dir='ltr'><strong>Baronius</strong></span> <span class='ocrx_word' id='word_1_615' title='bbox 2531 2775 2583 2828; x_wconf 92' lang='lat' dir='ltr'><strong>in</strong></span> <span class='ocrx_word' id='word_1_616' title='bbox 2615 2775 2741 2832; x_wconf 86' lang='lat' dir='ltr'><strong>Not.</strong></span> <span class='ocrx_word' id='word_1_617' title='bbox 2775 2779 2840 2833; x_wconf 88' lang='lat' dir='ltr'><strong>ad</strong></span> <span class='ocrx_word' id='word_1_618' title='bbox 2868 2779 3148 2850; x_wconf 80' lang='lat' dir='ltr'><strong>Martyrol.</strong></span> <span class='ocrx_word' id='word_1_619' title='bbox 3184 2799 3201 2830; x_wconf 77' lang='grc' dir='ltr'><strong>ι</strong></span> <span class='ocrx_word' id='word_1_620' title='bbox 3238 2781 3422 2844; x_wconf 85' lang='lat' dir='ltr'><strong>sedem</strong></span> <span class='ocrx_word' id='word_1_621' title='bbox 3453 2779 3570 2834; x_wconf 60' lang='grc' dir='ltr'><strong>(ἷκε</strong></span> 
     </span>
    </p>
   </div>
   <div class='ocr_carea' id='block_1_88' title="bbox 1981 2863 3572 2939">
    <p class='ocr_par' dir='ltr' id='par_1_88' title="bbox 1981 2863 3572 2939">
     <span class='ocr_line' id='line_1_88' title="bbox 1981 2863 3572 2939; baseline 0.004 -19"><span class='ocrx_word' id='word_1_622' title='bbox 1981 2863 2302 2932; x_wconf 86' lang='lat' dir='ltr'><strong>sarieusem,</strong></span> <span class='ocrx_word' id='word_1_623' title='bbox 2347 2880 2410 2921; x_wconf 90' lang='lat' dir='ltr'><strong>ea</strong></span> <span class='ocrx_word' id='word_1_624' title='bbox 2444 2869 2760 2934; x_wconf 84' lang='lat' dir='ltr'><strong>occasione,</strong></span> <span class='ocrx_word' id='word_1_625' title='bbox 2795 2871 2935 2939; x_wconf 89' lang='lat' dir='ltr'><strong>quod</strong></span> <span class='ocrx_word' id='word_1_626' title='bbox 2959 2886 3024 2924; x_wconf 84' lang='lat' dir='ltr'><strong>ex</strong></span> <span class='ocrx_word' id='word_1_627' title='bbox 3053 2873 3408 2938; x_wconf 86' lang='lat' dir='ltr'><strong>conversione</strong></span> <span class='ocrx_word' id='word_1_628' title='bbox 3436 2870 3572 2932; x_wconf 82' lang='lat' dir='ltr'><strong>Cor-</strong></span> 
     </span>
    </p>
   </div>
   <div class='ocr_carea' id='block_1_89' title="bbox 1981 2955 3571 3033">
    <p class='ocr_par' dir='ltr' id='par_1_89' title="bbox 1981 2955 3571 3033">
     <span class='ocr_line' id='line_1_89' title="bbox 1981 2955 3571 3033; baseline 0.006 -25"><span class='ocrx_word' id='word_1_629' title='bbox 1981 2955 2108 3009; x_wconf 89' lang='lat' dir='ltr'><strong>nelii</strong></span> <span class='ocrx_word' id='word_1_630' title='bbox 2129 2955 2262 3026; x_wconf 90' lang='lat' dir='ltr'><strong>(Deo</strong></span> <span class='ocrx_word' id='word_1_631' title='bbox 2295 2958 2566 3030; x_wconf 87' lang='lat' dir='ltr'><strong>monente)</strong></span> <span class='ocrx_word' id='word_1_632' title='bbox 2586 2959 2695 3015; x_wconf 90' lang='lat' dir='ltr'><strong>illic</strong></span> <span class='ocrx_word' id='word_1_633' title='bbox 2721 2961 2955 3030; x_wconf 86' lang='lat' dir='ltr'><strong>primum</strong></span> <span class='ocrx_word' id='word_1_634' title='bbox 2986 2971 3228 3033; x_wconf 86' lang='lat' dir='ltr'><strong>apertum</strong></span> <span class='ocrx_word' id='word_1_635' title='bbox 3258 2969 3340 3019; x_wconf 89' lang='lat' dir='ltr'><strong>est</strong></span> <span class='ocrx_word' id='word_1_636' title='bbox 3369 2961 3571 3031; x_wconf 70' lang='lat' dir='ltr'><strong>omium</strong></span> 
     </span>
    </p>
   </div>
   <div class='ocr_carea' id='block_1_90' title="bbox 1989 3045 3572 3128">
    <p class='ocr_par' dir='ltr' id='par_1_90' title="bbox 1989 3045 3572 3128">
     <span class='ocr_line' id='line_1_90' title="bbox 1989 3045 3572 3128; baseline 0.007 -28"><span class='ocrx_word' id='word_1_637' title='bbox 1989 3045 2112 3103; x_wconf 78' lang='lat' dir='ltr'><strong>ﬁdei</strong></span> <span class='ocrx_word' id='word_1_638' title='bbox 2137 3051 2406 3118; x_wconf 76' lang='lat' dir='ltr'><strong>gentibus,</strong></span> <span class='ocrx_word' id='word_1_639' title='bbox 2442 3054 2711 3108; x_wconf 91' lang='lat' dir='ltr'><strong>meruisse</strong></span> <span class='ocrx_word' id='word_1_640' title='bbox 2740 3055 3004 3124; x_wconf 75' lang='lat' dir='ltr'><strong>singulari</strong></span> <span class='ocrx_word' id='word_1_641' title='bbox 3038 3058 3393 3128; x_wconf 80' lang='lat' dir='ltr'><strong>praerogativa</strong></span> <span class='ocrx_word' id='word_1_642' title='bbox 3421 3058 3572 3119; x_wconf 80' lang='lat' dir='ltr'><strong>exal-</strong></span> 
     </span>
    </p>
   </div>
   <div class='ocr_carea' id='block_1_91' title="bbox 1991 3141 3574 3216">
    <p class='ocr_par' dir='ltr' id='par_1_91' title="bbox 1991 3141 3574 3216">
     <span class='ocr_line' id='line_1_91' title="bbox 1991 3141 3574 3216; baseline 0.006 -22"><span class='ocrx_word' id='word_1_643' title='bbox 1991 3141 2115 3209; x_wconf 88' lang='lat' dir='ltr'><strong>tari,</strong></span> <span class='ocrx_word' id='word_1_644' title='bbox 2157 3149 2216 3196; x_wconf 89' lang='lat' dir='ltr'><strong>ut</strong></span> <span class='ocrx_word' id='word_1_645' title='bbox 2248 3158 2354 3199; x_wconf 93' lang='lat' dir='ltr'><strong>non</strong></span> <span class='ocrx_word' id='word_1_646' title='bbox 2381 3143 2892 3216; x_wconf 87' lang='lat' dir='ltr'><strong>llierosolymitana,</strong></span> <span class='ocrx_word' id='word_1_647' title='bbox 2924 3147 3020 3203; x_wconf 90' lang='lat' dir='ltr'><strong>sed</strong></span> <span class='ocrx_word' id='word_1_648' title='bbox 3049 3149 3160 3215; x_wconf 88' lang='lat' dir='ltr'><strong>ipsa</strong></span> <span class='ocrx_word' id='word_1_649' title='bbox 3189 3151 3342 3204; x_wconf 82' lang='lat' dir='ltr'><strong>fieret</strong></span> <span class='ocrx_word' id='word_1_650' title='bbox 3369 3159 3574 3204; x_wconf 48' lang='lat' dir='ltr'><strong>metro?</strong></span> 
     </span>
    </p>
   </div>
   <div class='ocr_carea' id='block_1_92' title="bbox 1985 3230 3572 3299">
    <p class='ocr_par' dir='ltr' id='par_1_92' title="bbox 1985 3230 3572 3299">
     <span class='ocr_line' id='line_1_92' title="bbox 1985 3230 3572 3299; baseline 0.006 -16"><span class='ocrx_word' id='word_1_651' title='bbox 1985 3230 2123 3299; x_wconf 88' lang='lat' dir='ltr'><strong>polis</strong></span> <span class='ocrx_word' id='word_1_652' title='bbox 2154 3230 2476 3289; x_wconf 71' lang='lat' dir='ltr'><strong>Palaestinae.</strong></span> <span class='ocrx_word' id='word_1_653' title='bbox 2519 3252 2538 3285; x_wconf 81' lang='grc' dir='ltr'><strong>ι</strong></span> <span class='ocrx_word' id='word_1_654' title='bbox 2597 3234 2718 3289; x_wconf 82' lang='lat' dir='ltr'><strong>Fuit</strong></span> <span class='ocrx_word' id='word_1_655' title='bbox 2749 3250 2880 3292; x_wconf 81' lang='lat' dir='ltr'><strong>sane</strong></span> <span class='ocrx_word' id='word_1_656' title='bbox 2911 3237 3156 3292; x_wconf 75' lang='lat' dir='ltr'><strong>Caesarea</strong></span> <span class='ocrx_word' id='word_1_657' title='bbox 3186 3237 3315 3292; x_wconf 90' lang='lat' dir='ltr'><strong>olim</strong></span> <span class='ocrx_word' id='word_1_658' title='bbox 3367 3249 3572 3293; x_wconf 77' lang='lat' dir='ltr'><strong>metro-</strong></span> 
     </span>
    </p>
   </div>
   <div class='ocr_carea' id='block_1_93' title="bbox 1987 3322 3572 3401">
    <p class='ocr_par' dir='ltr' id='par_1_93' title="bbox 1987 3322 3572 3401">
     <span class='ocr_line' id='line_1_93' title="bbox 1987 3322 3572 3401; baseline 0.006 -24"><span class='ocrx_word' id='word_1_659' title='bbox 1987 3322 2126 3389; x_wconf 89' lang='lat' dir='ltr'><strong>polis</strong></span> <span class='ocrx_word' id='word_1_660' title='bbox 2173 3324 2510 3391; x_wconf 78' lang='lat' dir='ltr'><strong>Palaestinae,</strong></span> <span class='ocrx_word' id='word_1_661' title='bbox 2561 3327 2720 3396; x_wconf 89' lang='lat' dir='ltr'><strong>eique</strong></span> <span class='ocrx_word' id='word_1_662' title='bbox 2771 3327 3016 3396; x_wconf 89' lang='lat' dir='ltr'><strong>subjecta</strong></span> <span class='ocrx_word' id='word_1_663' title='bbox 3077 3329 3474 3401; x_wconf 88' lang='lat' dir='ltr'><strong>Hierosolyma,</strong></span> <span class='ocrx_word' id='word_1_664' title='bbox 3514 3341 3572 3387; x_wconf 91' lang='lat' dir='ltr'><strong>ut</strong></span> 
     </span>
    </p>
   </div>
   <div class='ocr_carea' id='block_1_94' title="bbox 1986 3419 3568 3492">
    <p class='ocr_par' dir='ltr' id='par_1_94' title="bbox 1986 3419 3568 3492">
     <span class='ocr_line' id='line_1_94' title="bbox 1986 3419 3568 3492; baseline 0.008 -25"><span class='ocrx_word' id='word_1_665' title='bbox 1986 3424 2132 3484; x_wconf 85' lang='lat' dir='ltr'><strong>patet</strong></span> <span class='ocrx_word' id='word_1_666' title='bbox 2155 3431 2222 3476; x_wconf 76' lang='lat' dir='ltr'><strong>ex</strong></span> <span class='ocrx_word' id='word_1_667' title='bbox 2255 3433 2464 3473; x_wconf 87' lang='lat' dir='ltr'><strong>canone</strong></span> <span class='ocrx_word' id='word_1_668' title='bbox 2498 3419 2529 3471; x_wconf 86' lang='lat'><strong>7</strong></span> <span class='ocrx_word' id='word_1_669' title='bbox 2568 3419 2784 3476; x_wconf 91' lang='lat' dir='ltr'><strong>concilii</strong></span> <span class='ocrx_word' id='word_1_670' title='bbox 2834 3421 3061 3487; x_wconf 80' lang='lat' dir='ltr'><strong>Nicacni,</strong></span> <span class='ocrx_word' id='word_1_671' title='bbox 3123 3423 3216 3492; x_wconf 90' lang='lat' dir='ltr'><strong>qui</strong></span> <span class='ocrx_word' id='word_1_672' title='bbox 3257 3425 3329 3478; x_wconf 91' lang='lat' dir='ltr'><strong>ita</strong></span> <span class='ocrx_word' id='word_1_673' title='bbox 3363 3423 3522 3479; x_wconf 85' lang='lat' dir='ltr'><strong>habet</strong></span> <span class='ocrx_word' id='word_1_674' title='bbox 3554 3442 3568 3491; x_wconf 74' lang='grc' dir='ltr'><strong>ς</strong></span> 
     </span>
    </p>
   </div>
   <div class='ocr_carea' id='block_1_95' title="bbox 1993 3505 3574 3584">
    <p class='ocr_par' dir='ltr' id='par_1_95' title="bbox 1993 3505 3574 3584">
     <span class='ocr_line' id='line_1_95' title="bbox 1993 3505 3574 3584; baseline 0.009 -28"><span class='ocrx_word' id='word_1_675' title='bbox 1993 3523 2012 3555; x_wconf 75' lang='grc' dir='ltr'><strong>ι</strong></span> <span class='ocrx_word' id='word_1_676' title='bbox 2041 3505 2179 3572; x_wconf 85' lang='lat' dir='ltr'><strong>Quia</strong></span> <span class='ocrx_word' id='word_1_677' title='bbox 2208 3510 2543 3566; x_wconf 88' lang='lat' dir='ltr'><strong>consuetudo</strong></span> <span class='ocrx_word' id='word_1_678' title='bbox 2570 3512 2827 3578; x_wconf 86' lang='lat' dir='ltr'><strong>obtinuit,</strong></span> <span class='ocrx_word' id='word_1_679' title='bbox 2864 3523 2920 3568; x_wconf 90' lang='lat' dir='ltr'><strong>et</strong></span> <span class='ocrx_word' id='word_1_680' title='bbox 2953 3515 3174 3584; x_wconf 85' lang='lat' dir='ltr'><strong>antiqua</strong></span> <span class='ocrx_word' id='word_1_681' title='bbox 3225 3515 3464 3580; x_wconf 89' lang='lat' dir='ltr'><strong>traditio,</strong></span> <span class='ocrx_word' id='word_1_682' title='bbox 3517 3527 3574 3581; x_wconf 82' lang='lat' dir='ltr'><strong>ut</strong></span> 
     </span>
    </p>
   </div>
   <div class='ocr_carea' id='block_1_96' title="bbox 1986 3587 3572 3670">
    <p class='ocr_par' dir='ltr' id='par_1_96' title="bbox 1986 3587 3572 3670">
     <span class='ocr_line' id='line_1_96' title="bbox 1986 3587 3572 3670; baseline 0.008 -20"><span class='ocrx_word' id='word_1_683' title='bbox 1986 3595 2148 3660; x_wconf 60' lang='lat' dir='ltr'><strong>IEliae</strong></span> <span class='ocrx_word' id='word_1_684' title='bbox 2177 3587 2470 3670; x_wconf 75' lang='lat' dir='ltr'><strong>episcopus</strong></span> <span class='ocrx_word' id='word_1_685' title='bbox 2511 3603 2838 3667; x_wconf 72' lang='lat' dir='ltr'><strong>honoretur;</strong></span> <span class='ocrx_word' id='word_1_686' title='bbox 2886 3607 3082 3660; x_wconf 85' lang='lat' dir='ltr'><strong>habeat</strong></span> <span class='ocrx_word' id='word_1_687' title='bbox 3124 3609 3350 3665; x_wconf 83' lang='lat' dir='ltr'><strong>honoris</strong></span> <span class='ocrx_word' id='word_1_688' title='bbox 3383 3622 3572 3662; x_wconf 81' lang='lat' dir='ltr'><strong>conse-</strong></span> 
     </span>
    </p>
   </div>
   <div class='ocr_carea' id='block_1_97' title="bbox 1987 3691 3564 3767">
    <p class='ocr_par' dir='ltr' id='par_1_97' title="bbox 1987 3691 3564 3767">
     <span class='ocr_line' id='line_1_97' title="bbox 1987 3691 3564 3767; baseline 0.004 -25"><span class='ocrx_word' id='word_1_689' title='bbox 1987 3691 2310 3762; x_wconf 79' lang='lat' dir='ltr'><strong>quetitiaiii,</strong></span> <span class='ocrx_word' id='word_1_690' title='bbox 2378 3693 2526 3747; x_wconf 85' lang='lat' dir='ltr'><strong>salva</strong></span> <span class='ocrx_word' id='word_1_691' title='bbox 2583 3695 2866 3764; x_wconf 88' lang='lat' dir='ltr'><strong>metropoli</strong></span> <span class='ocrx_word' id='word_1_692' title='bbox 2935 3697 3154 3766; x_wconf 89' lang='lat' dir='ltr'><strong>propria</strong></span> <span class='ocrx_word' id='word_1_693' title='bbox 3220 3699 3501 3767; x_wconf 85' lang='lat' dir='ltr'><strong>dignitate.</strong></span> <span class='ocrx_word' id='word_1_694' title='bbox 3544 3717 3564 3748; x_wconf 76' lang='grc' dir='ltr'><strong>ι</strong></span> 
     </span>
    </p>
   </div>
   <div class='ocr_carea' id='block_1_98' title="bbox 1987 3779 3572 3856">
    <p class='ocr_par' dir='ltr' id='par_1_98' title="bbox 1987 3779 3572 3856">
     <span class='ocr_line' id='line_1_98' title="bbox 1987 3779 3572 3856; baseline 0.006 -22"><span class='ocrx_word' id='word_1_695' title='bbox 1987 3779 2305 3839; x_wconf 89' lang='lat' dir='ltr'><strong>Theodorus</strong></span> <span class='ocrx_word' id='word_1_696' title='bbox 2331 3783 2638 3852; x_wconf 80' lang='lat' dir='ltr'><strong>Balsamon,</strong></span> <span class='ocrx_word' id='word_1_697' title='bbox 2672 3786 2727 3840; x_wconf 85' lang='lat' dir='ltr'><strong>iii</strong></span> <span class='ocrx_word' id='word_1_698' title='bbox 2754 3787 2979 3846; x_wconf 83' lang='lat' dir='ltr'><strong>scholiis</strong></span> <span class='ocrx_word' id='word_1_699' title='bbox 3011 3789 3063 3841; x_wconf 91' lang='lat' dir='ltr'><strong>in</strong></span> <span class='ocrx_word' id='word_1_700' title='bbox 3099 3789 3242 3847; x_wconf 88' lang='lat' dir='ltr'><strong>hunc</strong></span> <span class='ocrx_word' id='word_1_701' title='bbox 3283 3803 3349 3842; x_wconf 90' lang='lat' dir='ltr'><strong>ac</strong></span> <span class='ocrx_word' id='word_1_702' title='bbox 3376 3803 3572 3856; x_wconf 76' lang='lat' dir='ltr'><strong>praece-</strong></span> 
     </span>
    </p>
   </div>
   <div class='ocr_carea' id='block_1_99' title="bbox 1986 3873 3566 3944">
    <p class='ocr_par' dir='ltr' id='par_1_99' title="bbox 1986 3873 3566 3944">
     <span class='ocr_line' id='line_1_99' title="bbox 1986 3873 3566 3944; baseline 0.004 -17"><span class='ocrx_word' id='word_1_703' title='bbox 1986 3873 2199 3928; x_wconf 88' lang='lat' dir='ltr'><strong>dentem</strong></span> <span class='ocrx_word' id='word_1_704' title='bbox 2244 3891 2531 3942; x_wconf 89' lang='lat' dir='ltr'><strong>canonem,</strong></span> <span class='ocrx_word' id='word_1_705' title='bbox 2565 3887 2710 3934; x_wconf 85' lang='lat' dir='ltr'><strong>recte</strong></span> <span class='ocrx_word' id='word_1_706' title='bbox 2733 3879 3128 3938; x_wconf 61' lang='lat' dir='ltr'><strong>nionetIEliam</strong></span> <span class='ocrx_word' id='word_1_707' title='bbox 3153 3881 3351 3934; x_wconf 89' lang='lat' dir='ltr'><strong>dictam</strong></span> <span class='ocrx_word' id='word_1_708' title='bbox 3380 3882 3566 3944; x_wconf 84' lang='lat' dir='ltr'><strong>urbem</strong></span> 
     </span>
    </p>
   </div>
   <div class='ocr_carea' id='block_1_100' title="bbox 1986 3961 3567 4036">
    <p class='ocr_par' dir='ltr' id='par_1_100' title="bbox 1986 3961 3567 4036">
     <span class='ocr_line' id='line_1_100' title="bbox 1986 3961 3567 4036; baseline 0.005 -20"><span class='ocrx_word' id='word_1_709' title='bbox 1986 3961 2503 4034; x_wconf 80' lang='lat' dir='ltr'><strong>Hierosolymorum,</strong></span> <span class='ocrx_word' id='word_1_710' title='bbox 2533 3969 2674 4036; x_wconf 93' lang='lat' dir='ltr'><strong>quod</strong></span> <span class='ocrx_word' id='word_1_711' title='bbox 2700 3970 2768 4023; x_wconf 93' lang='lat' dir='ltr'><strong>ab</strong></span> <span class='ocrx_word' id='word_1_712' title='bbox 2817 3969 2964 4025; x_wconf 54' lang='lat' dir='ltr'><strong>[Elio</strong></span> <span class='ocrx_word' id='word_1_713' title='bbox 2990 3971 3231 4026; x_wconf 82' lang='lat' dir='ltr'><strong>Adriano</strong></span> <span class='ocrx_word' id='word_1_714' title='bbox 3257 3972 3567 4036; x_wconf 78' lang='lat' dir='ltr'><strong>instaurata</strong></span> 
     </span>
    </p>
   </div>
   <div class='ocr_carea' id='block_1_101' title="bbox 1985 4057 3569 4128">
    <p class='ocr_par' dir='ltr' id='par_1_101' title="bbox 1985 4057 3569 4128">
     <span class='ocr_line' id='line_1_101' title="bbox 1985 4057 3569 4128; baseline 0.006 -18"><span class='ocrx_word' id='word_1_715' title='bbox 1985 4069 2150 4124; x_wconf 83' lang='lat' dir='ltr'><strong>esset.</strong></span> <span class='ocrx_word' id='word_1_716' title='bbox 2179 4058 2249 4110; x_wconf 89' lang='lat' dir='ltr'><strong>At</strong></span> <span class='ocrx_word' id='word_1_717' title='bbox 2281 4057 2422 4114; x_wconf 68' lang='lat' dir='ltr'><strong>foede</strong></span> <span class='ocrx_word' id='word_1_718' title='bbox 2452 4061 2834 4128; x_wconf 86' lang='lat' dir='ltr'><strong>halluciuatur,</strong></span> <span class='ocrx_word' id='word_1_719' title='bbox 2869 4078 2992 4117; x_wconf 90' lang='lat' dir='ltr'><strong>cum</strong></span> <span class='ocrx_word' id='word_1_720' title='bbox 3033 4063 3223 4120; x_wconf 87' lang='lat' dir='ltr'><strong>scribit</strong></span> <span class='ocrx_word' id='word_1_721' title='bbox 3253 4080 3316 4117; x_wconf 91' lang='lat' dir='ltr'><strong>eo</strong></span> <span class='ocrx_word' id='word_1_722' title='bbox 3361 4080 3569 4128; x_wconf 83' lang='lat' dir='ltr'><strong>canone</strong></span> 
     </span>
    </p>
   </div>
   <div class='ocr_carea' id='block_1_102' title="bbox 1985 4148 3565 4223">
    <p class='ocr_par' dir='ltr' id='par_1_102' title="bbox 1985 4148 3565 4223">
     <span class='ocr_line' id='line_1_102' title="bbox 1985 4148 3565 4223; baseline 0.004 -20"><span class='ocrx_word' id='word_1_723' title='bbox 1985 4148 2204 4205; x_wconf 89' lang='lat' dir='ltr'><strong>decerni</strong></span> <span class='ocrx_word' id='word_1_724' title='bbox 2252 4170 2270 4204; x_wconf 76' lang='grc' dir='ltr'><strong>ι</strong></span> <span class='ocrx_word' id='word_1_725' title='bbox 2303 4162 2360 4204; x_wconf 87' lang='grc' dir='ltr'><strong>ιιι</strong></span> <span class='ocrx_word' id='word_1_726' title='bbox 2386 4152 2951 4222; x_wconf 65' lang='lat' dir='ltr'><strong>metrOpoliCazsareae</strong></span> <span class='ocrx_word' id='word_1_727' title='bbox 2987 4171 3082 4210; x_wconf 88' lang='lat' dir='ltr'><strong>sua</strong></span> <span class='ocrx_word' id='word_1_728' title='bbox 3102 4155 3226 4223; x_wconf 81' lang='lat' dir='ltr'><strong>jura</strong></span> <span class='ocrx_word' id='word_1_729' title='bbox 3258 4168 3565 4223; x_wconf 88' lang='lat' dir='ltr'><strong>serventur,</strong></span> 
     </span>
    </p>
   </div>
   <div class='ocr_carea' id='block_1_103' title="bbox 1985 4241 3570 4318">
    <p class='ocr_par' dir='ltr' id='par_1_103' title="bbox 1985 4241 3570 4318">
     <span class='ocr_line' id='line_1_103' title="bbox 1985 4241 3570 4318; baseline 0.007 -22"><span class='ocrx_word' id='word_1_730' title='bbox 1985 4241 2198 4297; x_wconf 87' lang='lat' dir='ltr'><strong>etiamsi</strong></span> <span class='ocrx_word' id='word_1_731' title='bbox 2228 4245 2295 4297; x_wconf 87' lang='lat' dir='ltr'><strong>ab</strong></span> <span class='ocrx_word' id='word_1_732' title='bbox 2318 4257 2378 4296; x_wconf 89' lang='lat' dir='ltr'><strong>ea</strong></span> <span class='ocrx_word' id='word_1_733' title='bbox 2411 4243 2553 4308; x_wconf 54' lang='lat' dir='ltr'><strong>[Elia</strong></span> <span class='ocrx_word' id='word_1_734' title='bbox 2589 4247 2866 4301; x_wconf 88' lang='lat' dir='ltr'><strong>abstracta</strong></span> <span class='ocrx_word' id='word_1_735' title='bbox 2915 4247 3008 4312; x_wconf 91' lang='lat' dir='ltr'><strong>sit,</strong></span> <span class='ocrx_word' id='word_1_736' title='bbox 3052 4256 3104 4302; x_wconf 88' lang='lat' dir='ltr'><strong>et</strong></span> <span class='ocrx_word' id='word_1_737' title='bbox 3132 4247 3428 4304; x_wconf 85' lang='lat' dir='ltr'><strong>honoratus</strong></span> <span class='ocrx_word' id='word_1_738' title='bbox 3453 4251 3570 4318; x_wconf 83' lang='lat' dir='ltr'><strong>ejus</strong></span> 
     </span>
    </p>
   </div>
   <div class='ocr_carea' id='block_1_104' title="bbox 1985 4334 3562 4408">
    <p class='ocr_par' dir='ltr' id='par_1_104' title="bbox 1985 4334 3562 4408">
     <span class='ocr_line' id='line_1_104' title="bbox 1985 4334 3562 4408; baseline 0.004 -23"><span class='ocrx_word' id='word_1_739' title='bbox 1985 4334 2320 4401; x_wconf 87' lang='lat' dir='ltr'><strong>patriarcha,</strong></span> <span class='ocrx_word' id='word_1_740' title='bbox 2354 4346 2576 4406; x_wconf 84' lang='lat' dir='ltr'><strong>propter</strong></span> <span class='ocrx_word' id='word_1_741' title='bbox 2593 4337 2926 4392; x_wconf 84' lang='lat' dir='ltr'><strong>salutiferam</strong></span> <span class='ocrx_word' id='word_1_742' title='bbox 2956 4337 3161 4393; x_wconf 88' lang='lat' dir='ltr'><strong>Christi</strong></span> <span class='ocrx_word' id='word_1_743' title='bbox 3199 4341 3562 4408; x_wconf 66' lang='lat' dir='ltr'><strong>passionem.»</strong></span> 
     </span>
    </p>
   </div>
   <div class='ocr_carea' id='block_1_105' title="bbox 1987 4426 3571 4501">
    <p class='ocr_par' dir='ltr' id='par_1_105' title="bbox 1987 4426 3571 4501">
     <span class='ocr_line' id='line_1_105' title="bbox 1987 4426 3571 4501; baseline 0.006 -23"><span class='ocrx_word' id='word_1_744' title='bbox 1987 4426 2186 4481; x_wconf 87' lang='lat' dir='ltr'><strong>Melius</strong></span> <span class='ocrx_word' id='word_1_745' title='bbox 2249 4444 2512 4482; x_wconf 90' lang='lat' dir='ltr'><strong>canonem</strong></span> <span class='ocrx_word' id='word_1_746' title='bbox 2546 4429 2823 4485; x_wconf 63' lang='lat' dir='ltr'><strong>Nicanum</strong></span> <span class='ocrx_word' id='word_1_747' title='bbox 2885 4430 3157 4490; x_wconf 74' lang='lat' dir='ltr'><strong>intellexit</strong></span> <span class='ocrx_word' id='word_1_748' title='bbox 3213 4433 3571 4501; x_wconf 82' lang='lat' dir='ltr'><strong>pr0pinquior</strong></span> 
     </span>
    </p>
   </div>
   <div class='ocr_carea' id='block_1_106' title="bbox 1990 4519 3568 4594">
    <p class='ocr_par' dir='ltr' id='par_1_106' title="bbox 1990 4519 3568 4594">
     <span class='ocr_line' id='line_1_106' title="bbox 1990 4519 3568 4594; baseline 0.006 -24"><span class='ocrx_word' id='word_1_749' title='bbox 1990 4519 2098 4573; x_wconf 90' lang='lat' dir='ltr'><strong>illis</strong></span> <span class='ocrx_word' id='word_1_750' title='bbox 2123 4521 2456 4588; x_wconf 90' lang='lat' dir='ltr'><strong>temporibus</strong></span> <span class='ocrx_word' id='word_1_751' title='bbox 2481 4521 2862 4594; x_wconf 84' lang='lat' dir='ltr'><strong>Hieronymus.</strong></span> <span class='ocrx_word' id='word_1_752' title='bbox 2913 4523 2966 4578; x_wconf 90' lang='lat' dir='ltr'><strong>Is</strong></span> <span class='ocrx_word' id='word_1_753' title='bbox 2999 4540 3087 4592; x_wconf 91' lang='lat' dir='ltr'><strong>ep.</strong></span> <span class='ocrx_word' id='word_1_754' title='bbox 3119 4523 3178 4577; x_wconf 75' lang='lat' dir='ltr'><strong>6i</strong></span> <span class='ocrx_word' id='word_1_755' title='bbox 3215 4525 3281 4579; x_wconf 89' lang='lat' dir='ltr'><strong>ad</strong></span> <span class='ocrx_word' id='word_1_756' title='bbox 3311 4523 3568 4580; x_wconf 61' lang='lat' dir='ltr'><strong>Pamma-e</strong></span> 
     </span>
    </p>
   </div>
   <div class='ocr_carea' id='block_1_107' title="bbox 1987 4613 3567 4688">
    <p class='ocr_par' dir='ltr' id='par_1_107' title="bbox 1987 4613 3567 4688">
     <span class='ocr_line' id='line_1_107' title="bbox 1987 4613 3567 4688; baseline 0.004 -23"><span class='ocrx_word' id='word_1_757' title='bbox 1987 4613 2173 4673; x_wconf 88' lang='lat' dir='ltr'><strong>chium</strong></span> <span class='ocrx_word' id='word_1_758' title='bbox 2231 4614 2494 4670; x_wconf 85' lang='lat' dir='ltr'><strong>adversus</strong></span> <span class='ocrx_word' id='word_1_759' title='bbox 2541 4631 2756 4670; x_wconf 88' lang='lat' dir='ltr'><strong>errores</strong></span> <span class='ocrx_word' id='word_1_760' title='bbox 2817 4615 3040 4679; x_wconf 82' lang='lat' dir='ltr'><strong>Joannis</strong></span> <span class='ocrx_word' id='word_1_761' title='bbox 3092 4614 3567 4688; x_wconf 85' lang='lat' dir='ltr'><strong>Hierosolymitaui</strong></span> 
     </span>
    </p>
   </div>
   <div class='ocr_carea' id='block_1_108' title="bbox 1987 4704 3674 4779">
    <p class='ocr_par' dir='ltr' id='par_1_108' title="bbox 1987 4704 3674 4779">
     <span class='ocr_line' id='line_1_108' title="bbox 1987 4704 3674 4779; baseline 0.007 -23"><span class='ocrx_word' id='word_1_762' title='bbox 1987 4719 2104 4772; x_wconf 86' lang='lat' dir='ltr'><strong>cap.</strong></span> <span class='ocrx_word' id='word_1_763' title='bbox 2138 4704 2205 4758; x_wconf 77' lang='grc'><strong>15</strong></span> <span class='ocrx_word' id='word_1_764' title='bbox 2253 4705 2326 4759; x_wconf 91' lang='lat' dir='ltr'><strong>ita</strong></span> <span class='ocrx_word' id='word_1_765' title='bbox 2359 4706 2548 4760; x_wconf 90' lang='lat' dir='ltr'><strong>scribit</strong></span> <span class='ocrx_word' id='word_1_766' title='bbox 2585 4725 2598 4761; x_wconf 94' lang='lat'>:</span> <span class='ocrx_word' id='word_1_767' title='bbox 2641 4725 2660 4758; x_wconf 77' lang='grc' dir='ltr'><strong>ι</strong></span> <span class='ocrx_word' id='word_1_768' title='bbox 2695 4706 2774 4770; x_wconf 90' lang='grc' dir='ltr'>Τιι</span> <span class='ocrx_word' id='word_1_769' title='bbox 2805 4709 2894 4777; x_wconf 93' lang='lat' dir='ltr'><strong>qui</strong></span> <span class='ocrx_word' id='word_1_770' title='bbox 2927 4710 3141 4779; x_wconf 81' lang='lat' dir='ltr'><strong>regulas</strong></span> <span class='ocrx_word' id='word_1_771' title='bbox 3166 4712 3364 4778; x_wconf 81' lang='lat' dir='ltr'><strong>quaeris</strong></span> <span class='ocrx_word' id='word_1_772' title='bbox 3396 4711 3571 4766; x_wconf 87' lang='lat' dir='ltr'><strong>eccle—.</strong></span> <span class='ocrx_word' id='word_1_773' title='bbox 3667 4720 3674 4724; x_wconf 81' lang='grc'><em>’</em></span> 
     </span>
    </p>
   </div>
   <div class='ocr_carea' id='block_1_109' title="bbox 1986 4796 3570 4870">
    <p class='ocr_par' dir='ltr' id='par_1_109' title="bbox 1986 4796 3570 4870">
     <span class='ocr_line' id='line_1_109' title="bbox 1986 4796 3570 4870; baseline 0.006 -20"><span class='ocrx_word' id='word_1_774' title='bbox 1986 4796 2256 4862; x_wconf 89' lang='lat' dir='ltr'><strong>siasticas,</strong></span> <span class='ocrx_word' id='word_1_775' title='bbox 2312 4809 2364 4854; x_wconf 90' lang='lat' dir='ltr'><strong>et</strong></span> <span class='ocrx_word' id='word_1_776' title='bbox 2415 4799 2616 4858; x_wconf 71' lang='grc' dir='ltr'><strong>Μιεκηί</strong></span> <span class='ocrx_word' id='word_1_777' title='bbox 2672 4800 2888 4860; x_wconf 88' lang='lat' dir='ltr'><strong>concilii</strong></span> <span class='ocrx_word' id='word_1_778' title='bbox 2943 4804 3238 4858; x_wconf 91' lang='lat' dir='ltr'><strong>canonibus</strong></span> <span class='ocrx_word' id='word_1_779' title='bbox 3291 4807 3480 4870; x_wconf 81' lang='lat' dir='ltr'><strong>uteris,</strong></span> <span class='ocrx_word' id='word_1_780' title='bbox 3515 4815 3570 4860; x_wconf 93' lang='lat' dir='ltr'><strong>et</strong></span> 
     </span>
    </p>
   </div>
   <div class='ocr_carea' id='block_1_110' title="bbox 1985 4887 3562 4967">
    <p class='ocr_par' dir='ltr' id='par_1_110' title="bbox 1985 4887 3562 4967">
     <span class='ocr_line' id='line_1_110' title="bbox 1985 4887 3562 4967; baseline 0.008 -28"><span class='ocrx_word' id='word_1_781' title='bbox 1985 4887 2190 4950; x_wconf 90' lang='lat' dir='ltr'><strong>alienos</strong></span> <span class='ocrx_word' id='word_1_782' title='bbox 2221 4889 2468 4956; x_wconf 88' lang='lat' dir='ltr'><strong>clericos,</strong></span> <span class='ocrx_word' id='word_1_783' title='bbox 2490 4900 2543 4946; x_wconf 87' lang='lat' dir='ltr'><strong>et</strong></span> <span class='ocrx_word' id='word_1_784' title='bbox 2569 4905 2688 4945; x_wconf 90' lang='lat' dir='ltr'><strong>cum</strong></span> <span class='ocrx_word' id='word_1_785' title='bbox 2713 4893 2827 4947; x_wconf 90' lang='lat' dir='ltr'><strong>suis</strong></span> <span class='ocrx_word' id='word_1_786' title='bbox 2847 4893 3120 4963; x_wconf 87' lang='lat' dir='ltr'><strong>episcopis</strong></span> <span class='ocrx_word' id='word_1_787' title='bbox 3139 4908 3562 4967; x_wconf 80' lang='lat' dir='ltr'><strong>commorantes,</strong></span> 
     </span>
    </p>
   </div>
   <div class='ocr_carea' id='block_1_111' title="bbox 1987 4983 3563 5052">
    <p class='ocr_par' dir='ltr' id='par_1_111' title="bbox 1987 4983 3563 5052">
     <span class='ocr_line' id='line_1_111' title="bbox 1987 4983 3563 5052; baseline 0.008 -18"><span class='ocrx_word' id='word_1_788' title='bbox 1987 4983 2174 5036; x_wconf 91' lang='lat' dir='ltr'><strong>niteris</strong></span> <span class='ocrx_word' id='word_1_789' title='bbox 2197 4997 2485 5050; x_wconf 90' lang='lat' dir='ltr'><strong>usurpare,</strong></span> <span class='ocrx_word' id='word_1_790' title='bbox 2506 4985 2788 5052; x_wconf 85' lang='lat' dir='ltr'><strong>.responde</strong></span> <span class='ocrx_word' id='word_1_791' title='bbox 2822 4987 2950 5040; x_wconf 90' lang='lat' dir='ltr'><strong>mihi</strong></span> <span class='ocrx_word' id='word_1_792' title='bbox 2978 5005 2992 5040; x_wconf 88' lang='lat'><strong>:</strong></span> <span class='ocrx_word' id='word_1_793' title='bbox 3033 4989 3110 5040; x_wconf 92' lang='lat' dir='ltr'><strong>Ad</strong></span> <span class='ocrx_word' id='word_1_794' title='bbox 3137 4987 3563 5046; x_wconf 79' lang='lat' dir='ltr'><strong>Alexandrinum</strong></span> 
     </span>
    </p>
   </div>
   <div class='ocr_carea' id='block_1_112' title="bbox 1984 5074 3564 5147">
    <p class='ocr_par' dir='ltr' id='par_1_112' title="bbox 1984 5074 3564 5147">
     <span class='ocr_line' id='line_1_112' title="bbox 1984 5074 3564 5147; baseline 0.007 -19"><span class='ocrx_word' id='word_1_795' title='bbox 1984 5075 2298 5143; x_wconf 89' lang='lat' dir='ltr'><strong>episcopum</strong></span> <span class='ocrx_word' id='word_1_796' title='bbox 2329 5074 2614 5131; x_wconf 76' lang='lat' dir='ltr'><strong>Palaestina</strong></span> <span class='ocrx_word' id='word_1_797' title='bbox 2646 5077 2775 5146; x_wconf 87' lang='lat' dir='ltr'><strong>qttid</strong></span> <span class='ocrx_word' id='word_1_798' title='bbox 2827 5079 3100 5146; x_wconf 89' lang='lat' dir='ltr'><strong>pertinet?</strong></span> <span class='ocrx_word' id='word_1_799' title='bbox 3139 5079 3203 5133; x_wconf 87' lang='lat' dir='ltr'><strong>Ni</strong></span> <span class='ocrx_word' id='word_1_800' title='bbox 3249 5080 3428 5147; x_wconf 86' lang='lat' dir='ltr'><strong>fallor,</strong></span> <span class='ocrx_word' id='word_1_801' title='bbox 3461 5085 3564 5139; x_wconf 91' lang='lat' dir='ltr'><strong>hoc</strong></span> 
     </span>
    </p>
   </div>
   <div class='ocr_carea' id='block_1_113' title="bbox 1985 5177 3562 5251">
    <p class='ocr_par' dir='ltr' id='par_1_113' title="bbox 1985 5177 3562 5251">
     <span class='ocr_line' id='line_1_113' title="bbox 1985 5177 3562 5251; baseline 0.002 -21"><span class='ocrx_word' id='word_1_802' title='bbox 1985 5177 2059 5230; x_wconf 89' lang='lat' dir='ltr'><strong>ibi</strong></span> <span class='ocrx_word' id='word_1_803' title='bbox 2105 5177 2434 5245; x_wconf 90' lang='lat' dir='ltr'><strong>decernitur,</strong></span> <span class='ocrx_word' id='word_1_804' title='bbox 2497 5189 2555 5234; x_wconf 93' lang='lat' dir='ltr'><strong>ut</strong></span> <span class='ocrx_word' id='word_1_805' title='bbox 2603 5178 2905 5234; x_wconf 65' lang='lat' dir='ltr'><strong>Palaestinae</strong></span> <span class='ocrx_word' id='word_1_806' title='bbox 2961 5181 3278 5251; x_wconf 92' lang='lat' dir='ltr'><strong>metropolis</strong></span> <span class='ocrx_word' id='word_1_807' title='bbox 3313 5180 3562 5234; x_wconf 82' lang='lat' dir='ltr'><strong>Caesarea</strong></span> 
     </span>
    </p>
   </div>
   <div class='ocr_carea' id='block_1_114' title="bbox 1985 5271 3564 5344">
    <p class='ocr_par' dir='ltr' id='par_1_114' title="bbox 1985 5271 3564 5344">
     <span class='ocr_line' id='line_1_114' title="bbox 1985 5271 3564 5344; baseline 0.001 -20"><span class='ocrx_word' id='word_1_808' title='bbox 1985 5272 2076 5324; x_wconf 88' lang='lat' dir='ltr'><strong>sit.</strong></span> <span class='ocrx_word' id='word_1_809' title='bbox 2107 5289 2126 5321; x_wconf 78' lang='grc' dir='ltr'><strong>ι</strong></span> <span class='ocrx_word' id='word_1_810' title='bbox 2161 5271 2299 5336; x_wconf 85' lang='lat' dir='ltr'><strong>Quin</strong></span> <span class='ocrx_word' id='word_1_811' title='bbox 2327 5282 2381 5326; x_wconf 91' lang='lat' dir='ltr'><strong>et</strong></span> <span class='ocrx_word' id='word_1_812' title='bbox 2410 5271 2468 5328; x_wconf 92' lang='lat' dir='ltr'><strong>S.</strong></span> <span class='ocrx_word' id='word_1_813' title='bbox 2503 5273 2612 5328; x_wconf 88' lang='lat' dir='ltr'><strong>Leo</strong></span> <span class='ocrx_word' id='word_1_814' title='bbox 2649 5273 2666 5334; x_wconf 83' lang='grc' dir='ltr'><strong>ι</strong></span> <span class='ocrx_word' id='word_1_815' title='bbox 2698 5289 2834 5343; x_wconf 90' lang='lat' dir='ltr'><strong>papa</strong></span> <span class='ocrx_word' id='word_1_816' title='bbox 2864 5275 3026 5344; x_wconf 90' lang='lat' dir='ltr'><strong>epist.</strong></span> <span class='ocrx_word' id='word_1_817' title='bbox 3059 5275 3128 5327; x_wconf 78' lang='lat'><strong>62</strong></span> <span class='ocrx_word' id='word_1_818' title='bbox 3162 5275 3225 5328; x_wconf 90' lang='lat' dir='ltr'><strong>ad</strong></span> <span class='ocrx_word' id='word_1_819' title='bbox 3270 5274 3564 5337; x_wconf 83' lang='lat' dir='ltr'><strong>Maximum</strong></span> 
     </span>
    </p>
   </div>
   <div class='ocr_carea' id='block_1_115' title="bbox 1984 5359 3564 5436">
    <p class='ocr_par' dir='ltr' id='par_1_115' title="bbox 1984 5359 3564 5436">
     <span class='ocr_line' id='line_1_115' title="bbox 1984 5359 3564 5436; baseline 0.003 -23"><span class='ocrx_word' id='word_1_820' title='bbox 1984 5359 2380 5424; x_wconf 77' lang='lat' dir='ltr'><strong>Antiochenum</strong></span> <span class='ocrx_word' id='word_1_821' title='bbox 2413 5366 2580 5433; x_wconf 86' lang='lat' dir='ltr'><strong>episc.</strong></span> <span class='ocrx_word' id='word_1_822' title='bbox 2625 5367 2747 5420; x_wconf 88' lang='lat' dir='ltr'><strong>data</strong></span> <span class='ocrx_word' id='word_1_823' title='bbox 2797 5365 3049 5436; x_wconf 87' lang='lat' dir='ltr'><strong>Opilione</strong></span> <span class='ocrx_word' id='word_1_824' title='bbox 3090 5364 3156 5419; x_wconf 83' lang='lat' dir='ltr'><strong>V.</strong></span> <span class='ocrx_word' id='word_1_825' title='bbox 3195 5366 3276 5420; x_wconf 93' lang='lat' dir='ltr'><strong>Cl.</strong></span> <span class='ocrx_word' id='word_1_826' title='bbox 3312 5365 3442 5420; x_wconf 85' lang='lat' dir='ltr'><strong>Cos.</strong></span> <span class='ocrx_word' id='word_1_827' title='bbox 3475 5381 3564 5419; x_wconf 90' lang='lat' dir='ltr'><strong>an.</strong></span> 
     </span>
    </p>
   </div>
   <div class='ocr_carea' id='block_1_116' title="bbox 1985 5442 3564 5529">
    <p class='ocr_par' dir='ltr' id='par_1_116' title="bbox 1985 5442 3564 5529">
     <span class='ocr_line' id='line_1_116' title="bbox 1985 5442 3564 5529; baseline 0.002 -23"><span class='ocrx_word' id='word_1_828' title='bbox 1985 5442 2116 5508; x_wconf 79' lang='lat' dir='ltr'><strong>Chr.</strong></span> <span class='ocrx_word' id='word_1_829' title='bbox 2147 5453 2276 5518; x_wconf 75' lang='grc'><strong>455,</strong></span> <span class='ocrx_word' id='word_1_830' title='bbox 2307 5454 2622 5511; x_wconf 82' lang='lat' dir='ltr'><strong>Juvenalem</strong></span> <span class='ocrx_word' id='word_1_831' title='bbox 2651 5457 2964 5529; x_wconf 89' lang='lat' dir='ltr'><strong>episcopum</strong></span> <span class='ocrx_word' id='word_1_832' title='bbox 3014 5458 3564 5528; x_wconf 70' lang='lat' dir='ltr'><strong>Hierosolymtlanuni</strong></span> 
     </span>
    </p>
   </div>
   <div class='ocr_carea' id='block_1_117' title="bbox 1985 5547 3565 5619">
    <p class='ocr_par' dir='ltr' id='par_1_117' title="bbox 1985 5547 3565 5619">
     <span class='ocr_line' id='line_1_117' title="bbox 1985 5547 3565 5619; baseline 0.003 -18"><span class='ocrx_word' id='word_1_833' title='bbox 1985 5547 2353 5617; x_wconf 89' lang='lat' dir='ltr'><strong>reprehendit,</strong></span> <span class='ocrx_word' id='word_1_834' title='bbox 2418 5567 2436 5599; x_wconf 77' lang='grc' dir='ltr'><strong>ι</strong></span> <span class='ocrx_word' id='word_1_835' title='bbox 2471 5549 2538 5603; x_wconf 85' lang='lat' dir='ltr'><strong>ad</strong></span> <span class='ocrx_word' id='word_1_836' title='bbox 2574 5551 2928 5606; x_wconf 76' lang='lat' dir='ltr'><strong>obtinendum</strong></span> <span class='ocrx_word' id='word_1_837' title='bbox 2963 5551 3264 5606; x_wconf 70' lang='lat' dir='ltr'><strong>Palaestinae</strong></span> <span class='ocrx_word' id='word_1_838' title='bbox 3295 5551 3565 5619; x_wconf 68' lang='lat' dir='ltr'><strong>principa:</strong></span> 
     </span>
    </p>
   </div>
   <div class='ocr_carea' id='block_1_118' title="bbox 1989 5637 3564 5710">
    <p class='ocr_par' dir='ltr' id='par_1_118' title="bbox 1989 5637 3564 5710">
     <span class='ocr_line' id='line_1_118' title="bbox 1989 5637 3564 5710; baseline 0.002 -19"><span class='ocrx_word' id='word_1_839' title='bbox 1989 5648 2098 5691; x_wconf 92' lang='lat' dir='ltr'><strong>tum</strong></span> <span class='ocrx_word' id='word_1_840' title='bbox 2122 5637 2473 5706; x_wconf 88' lang='lat' dir='ltr'><strong>aspirantem,</strong></span> <span class='ocrx_word' id='word_1_841' title='bbox 2525 5648 2576 5693; x_wconf 92' lang='lat' dir='ltr'><strong>et</strong></span> <span class='ocrx_word' id='word_1_842' title='bbox 2606 5639 2900 5696; x_wconf 89' lang='lat' dir='ltr'><strong>insolentes</strong></span> <span class='ocrx_word' id='word_1_843' title='bbox 2946 5655 3112 5695; x_wconf 88' lang='lat' dir='ltr'><strong>ausus</strong></span> <span class='ocrx_word' id='word_1_844' title='bbox 3152 5655 3248 5710; x_wconf 89' lang='lat' dir='ltr'><strong>per</strong></span> <span class='ocrx_word' id='word_1_845' title='bbox 3285 5654 3564 5694; x_wconf 62' lang='lat' dir='ltr'><strong>commeo:</strong></span> 
     </span>
    </p>
   </div>
   <div class='ocr_carea' id='block_1_119' title="bbox 1990 5729 3560 5800">
    <p class='ocr_par' dir='ltr' id='par_1_119' title="bbox 1990 5729 3560 5800">
     <span class='ocr_line' id='line_1_119' title="bbox 1990 5729 3560 5800; baseline -0.001 -16"><span class='ocrx_word' id='word_1_846' title='bbox 1990 5731 2106 5785; x_wconf 88' lang='lat' dir='ltr'><strong>titia</strong></span> <span class='ocrx_word' id='word_1_847' title='bbox 2160 5729 2360 5798; x_wconf 81' lang='lat' dir='ltr'><strong>scripta</strong></span> <span class='ocrx_word' id='word_1_848' title='bbox 2397 5730 2722 5787; x_wconf 75' lang='lat' dir='ltr'><strong>(innantem.</strong></span> <span class='ocrx_word' id='word_1_849' title='bbox 2755 5751 2775 5786; x_wconf 77' lang='grc' dir='ltr'><strong>ι</strong></span> <span class='ocrx_word' id='word_1_850' title='bbox 2819 5731 3006 5788; x_wconf 82' lang='lat' dir='ltr'><strong>Postea</strong></span> <span class='ocrx_word' id='word_1_851' title='bbox 3057 5745 3259 5792; x_wconf 87' lang='lat' dir='ltr'><strong>tamen,</strong></span> <span class='ocrx_word' id='word_1_852' title='bbox 3291 5739 3560 5800; x_wconf 69' lang='lat' dir='ltr'><strong>annuentq</strong></span> 
     </span>
    </p>
   </div>
   <div class='ocr_carea' id='block_1_120' title="bbox 3085 5827 3148 5904">
    <p class='ocr_par' dir='ltr' id='par_1_120' title="bbox 3085 5827 3148 5904">
     <span class='ocr_line' id='line_1_120' title="bbox 3085 5827 3148 5904; baseline 0.032 -2"><span class='ocrx_word' id='word_1_853' title='bbox 3085 5827 3148 5904; x_wconf 75' lang='grc'><strong>41</strong></span> 
     </span>
    </p>
   </div>
  </div>
