  <div class='ocr_page' id='page_1' title='image "/cluster/home/n/w/nwhite01/storage/ocr_20150623/114:no.1/coo.31924054870187/654.png"; bbox 0 0 4126 6412; ppageno 0'>
   <div class='ocr_carea' id='block_1_1' title="bbox 379 304 613 397">
    <p class='ocr_par' dir='ltr' id='par_1_1' title="bbox 379 304 613 397">
     <span class='ocr_line' id='line_1_1' title="bbox 379 304 613 397; baseline -0.009 -19"><span class='ocrx_word' id='word_1_1' title='bbox 379 304 524 397; x_wconf 76' lang='lat'><strong>1293</strong></span> <span class='ocrx_word' id='word_1_2' title='bbox 604 344 613 352; x_wconf 61' lang='grc' dir='ltr'>υ</span> 
     </span>
    </p>
   </div>
   <div class='ocr_carea' id='block_1_2' title="bbox 1373 312 2654 383">
    <p class='ocr_par' dir='ltr' id='par_1_2' title="bbox 1373 312 2654 383">
     <span class='ocr_line' id='line_1_2' title="bbox 1373 312 2654 383; baseline 0.004 -5"><span class='ocrx_word' id='word_1_3' title='bbox 1373 313 1554 378; x_wconf 79' lang='grc' dir='ltr'><strong>νΙΤΑ</strong></span> <span class='ocrx_word' id='word_1_4' title='bbox 1593 314 1655 376; x_wconf 90' lang='lat' dir='ltr'><strong>S.</strong></span> <span class='ocrx_word' id='word_1_5' title='bbox 1696 312 2065 379; x_wconf 83' lang='lat' dir='ltr'><strong>CORNELII</strong></span> <span class='ocrx_word' id='word_1_6' title='bbox 2105 318 2654 383; x_wconf 80' lang='lat' dir='ltr'><strong>CENTURIONIS.</strong></span> 
     </span>
    </p>
   </div>
   <div class='ocr_carea' id='block_1_3' title="bbox 3518 328 3657 405">
    <p class='ocr_par' dir='ltr' id='par_1_3' title="bbox 3518 328 3657 405">
     <span class='ocr_line' id='line_1_3' title="bbox 3518 328 3657 405; baseline 0.014 -12"><span class='ocrx_word' id='word_1_7' title='bbox 3518 328 3657 405; x_wconf 53' lang='lat'><strong>129$</strong></span> 
     </span>
    </p>
   </div>
   <div class='ocr_carea' id='block_1_4' title="bbox 374 461 3627 503">
    <p class='ocr_par' dir='ltr' id='par_1_4' title="bbox 374 461 3627 503">
     <span class='ocr_line' id='line_1_4' title="bbox 374 461 3627 503; baseline 0.002 -8"><span class='ocrx_word' id='word_1_8' title='bbox 374 461 3627 503; x_wconf 44' lang='grc' dir='ltr'><strong>,ΜΨ-*Μ</strong></span> 
     </span>
    </p>
   </div>
   <div class='ocr_carea' id='block_1_5' title="bbox 1017 615 1947 735">
    <p class='ocr_par' dir='ltr' id='par_1_5' title="bbox 1017 617 1947 735">
     <span class='ocr_line' id='line_1_5' title="bbox 1017 617 1947 735; baseline -0.005 -22"><span class='ocrx_word' id='word_1_9' title='bbox 1017 617 1657 735; x_wconf 78' lang='lat' dir='ltr'><strong>MAPTYPION</strong></span> <span class='ocrx_word' id='word_1_10' title='bbox 1729 621 1947 731; x_wconf 78' lang='grc' dir='ltr'><strong>ΤΟΥ</strong></span> 
     </span>
    </p>
   </div>
   <div class='ocr_carea' id='block_1_6' title="bbox 2045 615 2993 735">
    <p class='ocr_par' dir='ltr' id='par_1_6' title="bbox 2045 615 2993 731">
     <span class='ocr_line' id='line_1_6' title="bbox 2045 615 2993 731; baseline 0.022 -22"><span class='ocrx_word' id='word_1_11' title='bbox 2045 615 2379 715; x_wconf 82' lang='grc' dir='ltr'>ΑΓΙΟΥ</span> <span class='ocrx_word' id='word_1_12' title='bbox 2454 619 2993 731; x_wconf 87' lang='grc' dir='ltr'><strong>ΕΝΔΟΞΟΥ</strong></span> 
     </span>
    </p>
   </div>
   <div class='ocr_carea' id='block_1_7' title="bbox 1576 782 2357 864">
    <p class='ocr_par' dir='ltr' id='par_1_7' title="bbox 1576 782 2357 864">
     <span class='ocr_line' id='line_1_7' title="bbox 1576 782 2357 864; baseline 0.006 -8"><span class='ocrx_word' id='word_1_13' title='bbox 1576 801 2247 864; x_wconf 76' lang='grc' dir='ltr'><strong>ΜΕΓΔΛΟΜΔΡΤΥΡΟΣ</strong></span> <span class='ocrx_word' id='word_1_14' title='bbox 2339 782 2357 834; x_wconf 74' lang='grc'>-’</span> 
     </span>
    </p>
   </div>
   <div class='ocr_carea' id='block_1_8' title="bbox 349 857 3631 1246">
    <p class='ocr_par' dir='ltr' id='par_1_8' title="bbox 349 857 3631 1246">
     <span class='ocr_line' id='line_1_8' title="bbox 349 857 3631 1246; baseline 0.012 -107"><span class='ocrx_word' id='word_1_15' title='bbox 349 932 1690 1242; x_wconf 22' lang='grc' dir='ltr'><strong>ιΚΟΡΝΕΑΙΟΥ</strong></span> <span class='ocrx_word' id='word_1_16' title='bbox 1745 857 3631 1179; x_wconf 66' lang='grc' dir='ltr'><strong>ΕΚᾸΤΟΝΤΑΡΧΟΥ.</strong></span> 
     </span>
    </p>
   </div>
   <div class='ocr_carea' id='block_1_9' title="bbox 964 1418 3075 1529">
    <p class='ocr_par' dir='ltr' id='par_1_9' title="bbox 964 1418 3075 1529">
     <span class='ocr_line' id='line_1_9' title="bbox 964 1418 3075 1529; baseline 0.011 -23"><span class='ocrx_word' id='word_1_17' title='bbox 964 1418 1700 1511; x_wconf 78' lang='lat' dir='ltr'><strong>MARTYBIUM</strong></span> <span class='ocrx_word' id='word_1_18' title='bbox 1777 1422 2195 1515; x_wconf 83' lang='lat' dir='ltr'><strong>SANCTI</strong></span> <span class='ocrx_word' id='word_1_19' title='bbox 2287 1431 2436 1520; x_wconf 85' lang='lat' dir='ltr'><strong>ET</strong></span> <span class='ocrx_word' id='word_1_20' title='bbox 2505 1430 3075 1529; x_wconf 80' lang='lat' dir='ltr'><strong>GLORIOSI</strong></span> 
     </span>
    </p>
   </div>
   <div class='ocr_carea' id='block_1_10' title="bbox 1756 1621 2854 1692">
    <p class='ocr_par' dir='ltr' id='par_1_10' title="bbox 1756 1621 2854 1692">
     <span class='ocr_line' id='line_1_10' title="bbox 1756 1621 2854 1692; baseline 0.005 -11"><span class='ocrx_word' id='word_1_21' title='bbox 1756 1621 2181 1692; x_wconf 81' lang='lat' dir='ltr'><strong>MARTYBIS</strong></span> <span class='ocrx_word' id='word_1_22' title='bbox 2849 1654 2854 1660; x_wconf 88' lang='grc'><strong>·</strong></span> 
     </span>
    </p>
   </div>
   <div class='ocr_carea' id='block_1_11' title="bbox 695 1752 3205 2007">
    <p class='ocr_par' dir='ltr' id='par_1_11' title="bbox 695 1752 3205 2007">
     <span class='ocr_line' id='line_1_11' title="bbox 695 1752 3205 2007; baseline 0.012 -66"><span class='ocrx_word' id='word_1_23' title='bbox 695 1752 1685 1957; x_wconf 73' lang='lat' dir='ltr'><strong>CORNELII</strong></span> <span class='ocrx_word' id='word_1_24' title='bbox 1855 1762 3205 2007; x_wconf 79' lang='lat' dir='ltr'><strong>CENTURIONIS.</strong></span> 
     </span>
    </p>
   </div>
   <div class='ocr_carea' id='block_1_12' title="bbox 902 2041 3080 2151">
    <p class='ocr_par' dir='ltr' id='par_1_12' title="bbox 902 2041 3080 2151">
     <span class='ocr_line' id='line_1_12' title="bbox 902 2041 3080 2151; baseline 0.007 -30"><span class='ocrx_word' id='word_1_25' title='bbox 902 2068 1098 2134; x_wconf 70' lang='lat' dir='ltr'><strong>(Graece</strong></span> <span class='ocrx_word' id='word_1_26' title='bbox 1121 2081 1257 2123; x_wconf 86' lang='lat' dir='ltr'><strong>nunc</strong></span> <span class='ocrx_word' id='word_1_27' title='bbox 1282 2071 1495 2145; x_wconf 88' lang='lat' dir='ltr'><strong>primum</strong></span> <span class='ocrx_word' id='word_1_28' title='bbox 1517 2073 1650 2133; x_wconf 83' lang='lat' dir='ltr'><strong>typis</strong></span> <span class='ocrx_word' id='word_1_29' title='bbox 1674 2077 1936 2122; x_wconf 77' lang='lat' dir='ltr'><strong>maneatur</strong></span> <span class='ocrx_word' id='word_1_30' title='bbox 1957 2084 2020 2123; x_wconf 87' lang='lat' dir='ltr'><strong>ex</strong></span> <span class='ocrx_word' id='word_1_31' title='bbox 2041 2076 2150 2125; x_wconf 87' lang='lat' dir='ltr'><strong>cod.</strong></span> <span class='ocrx_word' id='word_1_32' title='bbox 2176 2091 2269 2127; x_wconf 84' lang='lat' dir='ltr'><strong>me.</strong></span> <span class='ocrx_word' id='word_1_33' title='bbox 2294 2078 2451 2129; x_wconf 87' lang='lat' dir='ltr'><strong>Paris.</strong></span> <span class='ocrx_word' id='word_1_34' title='bbox 2479 2094 2528 2129; x_wconf 92' lang='lat' dir='ltr'><strong>n.</strong></span> <span class='ocrx_word' id='word_1_35' title='bbox 2559 2080 2700 2135; x_wconf 71' lang='grc'><strong>1489.</strong></span> <span class='ocrx_word' id='word_1_36' title='bbox 2739 2041 3080 2151; x_wconf 52' lang='lat' dir='ltr'><strong>EmmPamJ</strong></span> 
     </span>
    </p>
   </div>
   <div class='ocr_carea' id='block_1_13' title="bbox 1938 2234 2008 2249">
    <p class='ocr_par' dir='ltr' id='par_1_13' title="bbox 1938 2234 2008 2249">
     <span class='ocr_line' id='line_1_13' title="bbox 1938 2234 2008 2249; baseline 0 -4"><span class='ocrx_word' id='word_1_37' title='bbox 1938 2234 2008 2249; x_wconf 66' lang='grc' dir='ltr'><strong>ψη-</strong></span> 
     </span>
    </p>
   </div>
   <div class='ocr_carea' id='block_1_14' title="bbox 1910 2320 2230 2399">
    <p class='ocr_par' dir='ltr' id='par_1_14' title="bbox 1910 2320 2230 2399">
     <span class='ocr_line' id='line_1_14' title="bbox 1910 2320 2230 2399; baseline 0.016 -5"><span class='ocrx_word' id='word_1_38' title='bbox 1910 2320 2140 2397; x_wconf 63' lang='lat' dir='ltr'><strong>CAPUT</strong></span> <span class='ocrx_word' id='word_1_39' title='bbox 2191 2345 2230 2399; x_wconf 65' lang='grc' dir='ltr'><strong>ι</strong></span> 
     </span>
    </p>
   </div>
   <div class='ocr_carea' id='block_1_15' title="bbox 1528 2450 2539 2529">
    <p class='ocr_par' dir='ltr' id='par_1_15' title="bbox 1528 2450 2539 2529">
     <span class='ocr_line' id='line_1_15' title="bbox 1528 2450 2539 2529; baseline 0.011 -24"><span class='ocrx_word' id='word_1_40' title='bbox 1528 2450 1588 2506; x_wconf 87' lang='lat' dir='ltr'><strong>S.</strong></span> <span class='ocrx_word' id='word_1_41' title='bbox 1625 2450 1858 2507; x_wconf 78' lang='lat' dir='ltr'><strong>Cornelii</strong></span> <span class='ocrx_word' id='word_1_42' title='bbox 1906 2458 2192 2524; x_wconf 71' lang='lat' dir='ltr'><strong>conversio,</strong></span> <span class='ocrx_word' id='word_1_43' title='bbox 2224 2459 2539 2529; x_wconf 71' lang='lat' dir='ltr'><strong>baptismus.</strong></span> 
     </span>
    </p>
   </div>
   <div class='ocr_carea' id='block_1_16' title="bbox 424 2572 1947 2671">
    <p class='ocr_par' dir='ltr' id='par_1_16' title="bbox 424 2572 1945 2655">
     <span class='ocr_line' id='line_1_16' title="bbox 424 2572 1945 2655; baseline -0.003 -22"><span class='ocrx_word' id='word_1_44' title='bbox 424 2578 504 2633; x_wconf 78' lang='lat' dir='ltr'><strong>A&#39;.</strong></span> <span class='ocrx_word' id='word_1_45' title='bbox 542 2575 698 2632; x_wconf 76' lang='grc' dir='ltr'><strong>Μετὰ</strong></span> <span class='ocrx_word' id='word_1_46' title='bbox 729 2576 840 2655; x_wconf 71' lang='grc' dir='ltr'><strong>τὴν⁸</strong></span> <span class='ocrx_word' id='word_1_47' title='bbox 858 2575 1126 2647; x_wconf 82' lang='grc' dir='ltr'>σωτήριον</span> <span class='ocrx_word' id='word_1_48' title='bbox 1161 2577 1254 2627; x_wconf 73' lang='grc' dir='ltr'><strong>ἐπὶ</strong></span> <span class='ocrx_word' id='word_1_49' title='bbox 1286 2572 1389 2645; x_wconf 78' lang='grc' dir='ltr'><strong>γῆς</strong></span> <span class='ocrx_word' id='word_1_50' title='bbox 1420 2572 1516 2627; x_wconf 90' lang='grc' dir='ltr'><strong>τοῦ</strong></span> <span class='ocrx_word' id='word_1_51' title='bbox 1551 2573 1731 2643; x_wconf 84' lang='grc' dir='ltr'><strong>Λόγου</strong></span> <span class='ocrx_word' id='word_1_52' title='bbox 1754 2576 1945 2645; x_wconf 75' lang='grc' dir='ltr'>ἐπιδη-</span> 
     </span>
    </p>
   </div>
   <div class='ocr_carea' id='block_1_17' title="bbox 2045 2572 3637 2671">
    <p class='ocr_par' dir='ltr' id='par_1_17' title="bbox 2128 2581 3637 2671">
     <span class='ocr_line' id='line_1_17' title="bbox 2128 2581 3637 2671; baseline 0.018 -36"><span class='ocrx_word' id='word_1_53' title='bbox 2128 2581 2168 2638; x_wconf 89' lang='lat' dir='ltr'><strong>t.</strong></span> <span class='ocrx_word' id='word_1_54' title='bbox 2214 2582 2345 2642; x_wconf 87' lang='lat' dir='ltr'><strong>Post</strong></span> <span class='ocrx_word' id='word_1_55' title='bbox 2391 2585 2687 2646; x_wconf 73' lang='lat' dir='ltr'><strong>salutarem</strong></span> <span class='ocrx_word' id='word_1_56' title='bbox 2739 2589 2902 2649; x_wconf 77' lang='lat' dir='ltr'><strong>Verbi</strong></span> <span class='ocrx_word' id='word_1_57' title='bbox 2963 2595 3017 2650; x_wconf 89' lang='lat' dir='ltr'><strong>in</strong></span> <span class='ocrx_word' id='word_1_58' title='bbox 3082 2602 3283 2652; x_wconf 86' lang='lat' dir='ltr'><strong>terram</strong></span> <span class='ocrx_word' id='word_1_59' title='bbox 3347 2598 3637 2671; x_wconf 76' lang='lat' dir='ltr'><strong>adventum</strong></span> 
     </span>
    </p>
   </div>
   <div class='ocr_carea' id='block_1_18' title="bbox 361 2660 1942 2746">
    <p class='ocr_par' dir='ltr' id='par_1_18' title="bbox 361 2660 1942 2746">
     <span class='ocr_line' id='line_1_18' title="bbox 361 2660 1942 2746; baseline -0.003 -19"><span class='ocrx_word' id='word_1_60' title='bbox 361 2673 611 2746; x_wconf 80' lang='grc' dir='ltr'>μίαντὸν</span> <span class='ocrx_word' id='word_1_61' title='bbox 661 2660 911 2743; x_wconf 62' lang='grc' dir='ltr'>ἑκούσιόν</span> <span class='ocrx_word' id='word_1_62' title='bbox 967 2674 1042 2722; x_wconf 86' lang='grc' dir='ltr'>τε’</span> <span class='ocrx_word' id='word_1_63' title='bbox 1086 2668 1322 2738; x_wconf 85' lang='grc' dir='ltr'>σταυρὸν</span> <span class='ocrx_word' id='word_1_64' title='bbox 1362 2668 1461 2721; x_wconf 77' lang='grc' dir='ltr'><strong>καὶ</strong></span> <span class='ocrx_word' id='word_1_65' title='bbox 1486 2666 1579 2720; x_wconf 69' lang='grc' dir='ltr'><strong>τὸν</strong></span> <span class='ocrx_word' id='word_1_66' title='bbox 1611 2667 1751 2738; x_wconf 86' lang='grc' dir='ltr'>ὑπὲρ</span> <span class='ocrx_word' id='word_1_67' title='bbox 1783 2667 1942 2739; x_wconf 77' lang='grc' dir='ltr'>ἡμῶν</span> 
     </span>
    </p>
   </div>
   <div class='ocr_carea' id='block_1_19' title="bbox 359 2758 1944 2846">
    <p class='ocr_par' dir='ltr' id='par_1_19' title="bbox 359 2758 1944 2846">
     <span class='ocr_line' id='line_1_19' title="bbox 359 2758 1944 2846; baseline -0.004 -27"><span class='ocrx_word' id='word_1_68' title='bbox 359 2764 587 2819; x_wconf 78' lang='grc' dir='ltr'>Θάνατον</span> <span class='ocrx_word' id='word_1_69' title='bbox 615 2764 709 2818; x_wconf 88' lang='grc' dir='ltr'><strong>καί</strong></span> <span class='ocrx_word' id='word_1_70' title='bbox 723 2762 822 2833; x_wconf 83' lang='grc' dir='ltr'>τὴν</span> <span class='ocrx_word' id='word_1_71' title='bbox 847 2761 927 2846; x_wconf 50' lang='grc' dir='ltr'><strong>είς</strong></span> <span class='ocrx_word' id='word_1_72' title='bbox 947 2760 1212 2829; x_wconf 81' lang='grc' dir='ltr'>οὐρανοὺς</span> <span class='ocrx_word' id='word_1_73' title='bbox 1230 2758 1646 2846; x_wconf 45' lang='grc' dir='ltr'>ἐπάνοδον-ὃθεν</span> <span class='ocrx_word' id='word_1_74' title='bbox 1669 2759 1944 2830; x_wconf 73' lang='grc' dir='ltr'><strong>ἐπήλυθεν</strong></span> 
     </span>
    </p>
   </div>
   <div class='ocr_carea' id='block_1_20' title="bbox 210 2826 1941 2926">
    <p class='ocr_par' dir='ltr' id='par_1_20' title="bbox 210 2826 1941 2926">
     <span class='ocr_line' id='line_1_20' title="bbox 210 2826 1941 2926; baseline -0.004 -15"><span class='ocrx_word' id='word_1_75' title='bbox 210 2826 220 2835; x_wconf 42' lang='lat'><strong>.</strong></span> <span class='ocrx_word' id='word_1_76' title='bbox 284 2905 291 2911; x_wconf 91' lang='lat'><strong>.</strong></span> <span class='ocrx_word' id='word_1_77' title='bbox 357 2826 835 2926; x_wconf 68' lang='grc' dir='ltr'>οἱκοδομῆσαιτην</span> <span class='ocrx_word' id='word_1_78' title='bbox 856 2826 1060 2923; x_wconf 58' lang='grc' dir='ltr'>ἕκηνῆν</span> <span class='ocrx_word' id='word_1_79' title='bbox 1092 2851 1279 2919; x_wconf 81' lang='grc' dir='ltr'><strong>Δαυῖδ,</strong></span> <span class='ocrx_word' id='word_1_80' title='bbox 1315 2852 1458 2908; x_wconf 82' lang='grc' dir='ltr'>κατὰ</span> <span class='ocrx_word' id='word_1_81' title='bbox 1484 2838 1611 2914; x_wconf 73' lang='grc' dir='ltr'>τοὺς</span> <span class='ocrx_word' id='word_1_82' title='bbox 1633 2826 1941 2925; x_wconf 61' lang='grc' dir='ltr'>προῴήτας,</span> 
     </span>
    </p>
   </div>
   <div class='ocr_carea' id='block_1_21' title="bbox 356 2942 1944 3022">
    <p class='ocr_par' dir='ltr' id='par_1_21' title="bbox 356 2942 1944 3022">
     <span class='ocr_line' id='line_1_21' title="bbox 356 2942 1944 3022; baseline -0.004 -17"><span class='ocrx_word' id='word_1_83' title='bbox 356 2951 454 3022; x_wconf 81' lang='grc' dir='ltr'>τὴν</span> <span class='ocrx_word' id='word_1_84' title='bbox 482 2951 860 3016; x_wconf 79' lang='grc' dir='ltr'><strong>πεπτωκυῖαν,</strong></span> <span class='ocrx_word' id='word_1_85' title='bbox 901 2942 982 3012; x_wconf 76' lang='grc' dir='ltr'>εἷς</span> <span class='ocrx_word' id='word_1_86' title='bbox 1013 2948 1226 3018; x_wconf 80' lang='grc' dir='ltr'>ὑπῆρχε</span> <span class='ocrx_word' id='word_1_87' title='bbox 1248 2948 1348 3001; x_wconf 59' lang='grc' dir='ltr'><strong>,καὶ⁸</strong></span> <span class='ocrx_word' id='word_1_88' title='bbox 1376 2948 1405 2999; x_wconf 88' lang='grc' dir='ltr'><strong>ὁ</strong></span> <span class='ocrx_word' id='word_1_89' title='bbox 1429 2948 1495 2999; x_wconf 76' lang='grc' dir='ltr'>ἐκ</span> <span class='ocrx_word' id='word_1_90' title='bbox 1531 2947 1632 3018; x_wconf 81' lang='grc' dir='ltr'>τῆς</span> <span class='ocrx_word' id='word_1_91' title='bbox 1672 2946 1944 3017; x_wconf 82' lang='grc' dir='ltr'><strong>Ἰταλικῆς</strong></span> 
     </span>
    </p>
   </div>
   <div class='ocr_carea' id='block_1_22' title="bbox 358 3037 1944 3116">
    <p class='ocr_par' dir='ltr' id='par_1_22' title="bbox 358 3037 1944 3116">
     <span class='ocr_line' id='line_1_22' title="bbox 358 3037 1944 3116; baseline -0.004 -18"><span class='ocrx_word' id='word_1_92' title='bbox 358 3044 588 3116; x_wconf 80' lang='grc' dir='ltr'>σπείρης</span> <span class='ocrx_word' id='word_1_93' title='bbox 622 3042 1024 3113; x_wconf 77' lang='grc' dir='ltr'><strong>ἑκατόνταρχος</strong></span> <span class='ocrx_word' id='word_1_94' title='bbox 1044 3039 1348 3112; x_wconf 80' lang='grc' dir='ltr'>Κορνήλιος</span> <span class='ocrx_word' id='word_1_95' title='bbox 1397 3039 1508 3093; x_wconf 85' lang='grc' dir='ltr'><strong>τῶν</strong></span> <span class='ocrx_word' id='word_1_96' title='bbox 1558 3037 1944 3110; x_wconf 58' lang='grc' dir='ltr'>ἐπιζητούντων</span> 
     </span>
    </p>
   </div>
   <div class='ocr_carea' id='block_1_23' title="bbox 354 3131 1945 3207">
    <p class='ocr_par' dir='ltr' id='par_1_23' title="bbox 354 3131 1945 3207">
     <span class='ocr_line' id='line_1_23' title="bbox 354 3131 1945 3207; baseline -0.003 -14"><span class='ocrx_word' id='word_1_97' title='bbox 354 3139 518 3193; x_wconf 79' lang='grc' dir='ltr'>αὐτὸν</span> <span class='ocrx_word' id='word_1_98' title='bbox 558 3136 655 3191; x_wconf 73' lang='grc' dir='ltr'>καὶ</span> <span class='ocrx_word' id='word_1_99' title='bbox 704 3135 773 3191; x_wconf 85' lang='grc' dir='ltr'>τὰ</span> <span class='ocrx_word' id='word_1_100' title='bbox 800 3133 1009 3207; x_wconf 80' lang='grc' dir='ltr'>ἀρεστὰ</span> <span class='ocrx_word' id='word_1_101' title='bbox 1058 3135 1256 3204; x_wconf 74' lang='grc' dir='ltr'>ἐκείνῳ</span> <span class='ocrx_word' id='word_1_102' title='bbox 1286 3131 1607 3200; x_wconf 82' lang='grc' dir='ltr'><strong>ποιούντων,</strong></span> <span class='ocrx_word' id='word_1_103' title='bbox 1640 3131 1737 3187; x_wconf 62' lang='grc' dir='ltr'><strong>καὶ⁹</strong></span> <span class='ocrx_word' id='word_1_104' title='bbox 1773 3132 1945 3197; x_wconf 83' lang='grc' dir='ltr'>πολὺς</span> 
     </span>
    </p>
   </div>
   <div class='ocr_carea' id='block_1_24' title="bbox 355 3219 1943 3298">
    <p class='ocr_par' dir='ltr' id='par_1_24' title="bbox 355 3219 1943 3298">
     <span class='ocr_line' id='line_1_24' title="bbox 355 3219 1943 3298; baseline -0.005 -15"><span class='ocrx_word' id='word_1_105' title='bbox 355 3230 413 3285; x_wconf 69' lang='grc' dir='ltr'>ἒν</span> <span class='ocrx_word' id='word_1_106' title='bbox 442 3226 668 3298; x_wconf 78' lang='grc' dir='ltr'><strong>ἀγαθοῖς</strong></span> <span class='ocrx_word' id='word_1_107' title='bbox 709 3226 897 3296; x_wconf 72' lang='grc' dir='ltr'>ἔργοις</span> <span class='ocrx_word' id='word_1_108' title='bbox 946 3219 1038 3295; x_wconf 77' lang='grc' dir='ltr'><strong>ἦν,</strong></span> <span class='ocrx_word' id='word_1_109' title='bbox 1079 3225 1128 3277; x_wconf 83' lang='grc' dir='ltr'>εἰ</span> <span class='ocrx_word' id='word_1_110' title='bbox 1158 3224 1256 3277; x_wconf 78' lang='grc' dir='ltr'>καὶ</span> <span class='ocrx_word' id='word_1_111' title='bbox 1291 3222 1522 3295; x_wconf 78' lang='grc' dir='ltr'><strong>μηδέπω</strong></span> <span class='ocrx_word' id='word_1_112' title='bbox 1556 3222 1660 3294; x_wconf 85' lang='grc' dir='ltr'>τῆς</span> <span class='ocrx_word' id='word_1_113' title='bbox 1720 3223 1943 3296; x_wconf 79' lang='grc' dir='ltr'>χάριτος</span> 
     </span>
    </p>
   </div>
   <div class='ocr_carea' id='block_1_25' title="bbox 354 3315 1942 3390">
    <p class='ocr_par' dir='ltr' id='par_1_25' title="bbox 354 3315 1942 3390">
     <span class='ocr_line' id='line_1_25' title="bbox 354 3315 1942 3390; baseline -0.008 -10"><span class='ocrx_word' id='word_1_114' title='bbox 354 3323 549 3381; x_wconf 84' lang='grc' dir='ltr'>τούτου</span> <span class='ocrx_word' id='word_1_115' title='bbox 567 3322 668 3390; x_wconf 85' lang='grc' dir='ltr'>τῆς</span> <span class='ocrx_word' id='word_1_116' title='bbox 693 3318 864 3385; x_wconf 83' lang='grc' dir='ltr'><strong>θείας,</strong></span> <span class='ocrx_word' id='word_1_117' title='bbox 897 3317 1031 3389; x_wconf 77' lang='grc' dir='ltr'>μηδὲ</span> <span class='ocrx_word' id='word_1_118' title='bbox 1060 3316 1158 3386; x_wconf 82' lang='grc' dir='ltr'>τῆς</span> <span class='ocrx_word' id='word_1_119' title='bbox 1187 3315 1323 3388; x_wconf 79' lang='grc' dir='ltr'>πρὸς</span> <span class='ocrx_word' id='word_1_120' title='bbox 1350 3315 1514 3370; x_wconf 85' lang='grc' dir='ltr'>αὐτὸν</span> <span class='ocrx_word' id='word_1_121' title='bbox 1555 3316 1758 3387; x_wconf 78' lang='grc' dir='ltr'><strong>ἠξίωτο</strong></span> <span class='ocrx_word' id='word_1_122' title='bbox 1806 3316 1942 3388; x_wconf 81' lang='grc' dir='ltr'>κλή-</span> 
     </span>
    </p>
   </div>
   <div class='ocr_carea' id='block_1_26' title="bbox 357 3407 1942 3486">
    <p class='ocr_par' dir='ltr' id='par_1_26' title="bbox 357 3407 1942 3486">
     <span class='ocr_line' id='line_1_26' title="bbox 357 3407 1942 3486; baseline -0.006 -14"><span class='ocrx_word' id='word_1_123' title='bbox 357 3436 515 3482; x_wconf 63' lang='grc' dir='ltr'>σεωςι</span> <span class='ocrx_word' id='word_1_124' title='bbox 578 3413 747 3486; x_wconf 80' lang='grc' dir='ltr'>Ἀνὴρ</span> <span class='ocrx_word' id='word_1_125' title='bbox 796 3407 952 3477; x_wconf 60' lang='grc' dir='ltr'>οὗτος</span> <span class='ocrx_word' id='word_1_126' title='bbox 988 3410 1223 3481; x_wconf 75' lang='grc' dir='ltr'>εὐσεϐὴς</span> <span class='ocrx_word' id='word_1_127' title='bbox 1252 3410 1349 3463; x_wconf 89' lang='grc' dir='ltr'><strong>καί</strong></span> <span class='ocrx_word' id='word_1_128' title='bbox 1402 3408 1496 3467; x_wconf 80' lang='grc' dir='ltr'>τὸν</span> <span class='ocrx_word' id='word_1_129' title='bbox 1522 3408 1655 3464; x_wconf 76' lang='grc' dir='ltr'>Θεὸν</span> <span class='ocrx_word' id='word_1_130' title='bbox 1684 3409 1846 3473; x_wconf 80' lang='grc' dir='ltr'>αὑτός</span> <span class='ocrx_word' id='word_1_131' title='bbox 1881 3427 1942 3464; x_wconf 87' lang='grc' dir='ltr'><strong>τε</strong></span> 
     </span>
    </p>
   </div>
   <div class='ocr_carea' id='block_1_27' title="bbox 354 3499 1944 3579">
    <p class='ocr_par' dir='ltr' id='par_1_27' title="bbox 354 3499 1944 3579">
     <span class='ocr_line' id='line_1_27' title="bbox 354 3499 1944 3579; baseline -0.008 -11"><span class='ocrx_word' id='word_1_132' title='bbox 354 3518 450 3568; x_wconf 83' lang='grc' dir='ltr'>καὶ</span> <span class='ocrx_word' id='word_1_133' title='bbox 498 3513 526 3564; x_wconf 86' lang='grc' dir='ltr'>ὁ</span> <span class='ocrx_word' id='word_1_134' title='bbox 579 3511 686 3574; x_wconf 81' lang='grc' dir='ltr'><strong>πᾶς</strong></span> <span class='ocrx_word' id='word_1_135' title='bbox 718 3507 868 3579; x_wconf 85' lang='grc' dir='ltr'><strong>αύτῷ</strong></span> <span class='ocrx_word' id='word_1_136' title='bbox 922 3503 1071 3569; x_wconf 78' lang='grc' dir='ltr'>οἶκος</span> <span class='ocrx_word' id='word_1_137' title='bbox 1109 3503 1467 3575; x_wconf 77' lang='grc' dir='ltr'>φοϐούμενοι,</span> <span class='ocrx_word' id='word_1_138' title='bbox 1502 3502 1577 3558; x_wconf 79' lang='grc' dir='ltr'>ὢν</span> <span class='ocrx_word' id='word_1_139' title='bbox 1604 3521 1663 3557; x_wconf 88' lang='grc' dir='ltr'><strong>τε</strong></span> <span class='ocrx_word' id='word_1_140' title='bbox 1687 3499 1803 3575; x_wconf 69' lang='grc' dir='ltr'>εἶχε</span> <span class='ocrx_word' id='word_1_141' title='bbox 1832 3506 1944 3568; x_wconf 89' lang='grc' dir='ltr'>τοῖς</span> 
     </span>
    </p>
   </div>
   <div class='ocr_carea' id='block_1_28' title="bbox 355 3586 1940 3674">
    <p class='ocr_par' dir='ltr' id='par_1_28' title="bbox 355 3586 1940 3674">
     <span class='ocr_line' id='line_1_28' title="bbox 355 3586 1940 3674; baseline -0.004 -16"><span class='ocrx_word' id='word_1_142' title='bbox 355 3586 627 3674; x_wconf 79' lang='grc' dir='ltr'>δεομένοις</span> <span class='ocrx_word' id='word_1_143' title='bbox 661 3598 976 3672; x_wconf 81' lang='grc' dir='ltr'>μεταδιδοὺς</span> <span class='ocrx_word' id='word_1_144' title='bbox 1010 3596 1106 3658; x_wconf 76' lang='grc' dir='ltr'><strong>καὶ</strong></span> <span class='ocrx_word' id='word_1_145' title='bbox 1141 3596 1235 3653; x_wconf 88' lang='grc' dir='ltr'><strong>τοῦ</strong></span> <span class='ocrx_word' id='word_1_146' title='bbox 1260 3595 1396 3651; x_wconf 86' lang='grc' dir='ltr'>Θεοῦ</span> <span class='ocrx_word' id='word_1_147' title='bbox 1420 3594 1512 3649; x_wconf 83' lang='grc' dir='ltr'><strong>διὰ</strong></span> <span class='ocrx_word' id='word_1_148' title='bbox 1538 3596 1744 3660; x_wconf 85' lang='grc' dir='ltr'>παντὸς</span> <span class='ocrx_word' id='word_1_149' title='bbox 1777 3596 1940 3651; x_wconf 78' lang='grc' dir='ltr'>πάλιν</span> 
     </span>
    </p>
   </div>
   <div class='ocr_carea' id='block_1_29' title="bbox 355 3682 1943 3762">
    <p class='ocr_par' dir='ltr' id='par_1_29' title="bbox 355 3682 1943 3762">
     <span class='ocr_line' id='line_1_29' title="bbox 355 3682 1943 3762; baseline -0.006 -11"><span class='ocrx_word' id='word_1_150' title='bbox 355 3699 561 3758; x_wconf 77' lang='grc' dir='ltr'>ἐκεῖνος</span> <span class='ocrx_word' id='word_1_151' title='bbox 589 3693 846 3762; x_wconf 88' lang='grc' dir='ltr'>δεόμενος</span> <span class='ocrx_word' id='word_1_152' title='bbox 872 3707 885 3722; x_wconf 88' lang='grc'><strong>·</strong></span> <span class='ocrx_word' id='word_1_153' title='bbox 927 3682 1105 3758; x_wconf 69' lang='grc' dir='ltr'>τούτω</span> <span class='ocrx_word' id='word_1_154' title='bbox 1143 3690 1200 3741; x_wconf 85' lang='grc' dir='ltr'>ὲν</span> <span class='ocrx_word' id='word_1_155' title='bbox 1231 3688 1549 3758; x_wconf 68' lang='grc' dir='ltr'>Καισαρείᾳ</span> <span class='ocrx_word' id='word_1_156' title='bbox 1572 3688 1839 3756; x_wconf 82' lang='grc' dir='ltr'>διάγοντι,</span> <span class='ocrx_word' id='word_1_157' title='bbox 1867 3693 1943 3753; x_wconf 82' lang='grc' dir='ltr'>ὡς</span> 
     </span>
    </p>
   </div>
   <div class='ocr_carea' id='block_1_30' title="bbox 354 3779 1939 3851">
    <p class='ocr_par' dir='ltr' id='par_1_30' title="bbox 354 3779 1939 3851">
     <span class='ocr_line' id='line_1_30' title="bbox 354 3779 1939 3851; baseline -0.007 -7"><span class='ocrx_word' id='word_1_158' title='bbox 354 3791 383 3844; x_wconf 82' lang='grc' dir='ltr'><strong>ὁ</strong></span> <span class='ocrx_word' id='word_1_159' title='bbox 414 3789 555 3851; x_wconf 76' lang='grc' dir='ltr'>θεῖος</span> <span class='ocrx_word' id='word_1_160' title='bbox 612 3784 826 3845; x_wconf 81' lang='grc' dir='ltr'>Λουκᾶς</span> <span class='ocrx_word' id='word_1_161' title='bbox 890 3781 1207 3849; x_wconf 85' lang='grc' dir='ltr'>σαφέστατα</span> <span class='ocrx_word' id='word_1_162' title='bbox 1269 3779 1401 3849; x_wconf 76' lang='grc' dir='ltr'>περὶ</span> <span class='ocrx_word' id='word_1_163' title='bbox 1436 3779 1604 3833; x_wconf 78' lang='grc' dir='ltr'>αὐτοῦ</span> <span class='ocrx_word' id='word_1_164' title='bbox 1662 3779 1939 3847; x_wconf 74' lang='grc' dir='ltr'><strong>διέξεισιν,</strong></span> 
     </span>
    </p>
   </div>
   <div class='ocr_carea' id='block_1_31' title="bbox 355 3870 1942 3948">
    <p class='ocr_par' dir='ltr' id='par_1_31' title="bbox 355 3870 1942 3948">
     <span class='ocr_line' id='line_1_31' title="bbox 355 3870 1942 3948; baseline -0.006 -14"><span class='ocrx_word' id='word_1_165' title='bbox 355 3878 585 3948; x_wconf 83' lang='grc' dir='ltr'>ἄγγελος</span> <span class='ocrx_word' id='word_1_166' title='bbox 640 3874 769 3946; x_wconf 87' lang='grc' dir='ltr'>περί</span> <span class='ocrx_word' id='word_1_167' title='bbox 813 3890 914 3927; x_wconf 88' lang='grc' dir='ltr'><strong>που</strong></span> <span class='ocrx_word' id='word_1_168' title='bbox 974 3871 1072 3943; x_wconf 78' lang='grc' dir='ltr'>τὴν</span> <span class='ocrx_word' id='word_1_169' title='bbox 1121 3870 1319 3942; x_wconf 75' lang='grc' dir='ltr'>ἐνάτην</span> <span class='ocrx_word' id='word_1_170' title='bbox 1350 3870 1498 3941; x_wconf 85' lang='grc' dir='ltr'>ὥραν</span> <span class='ocrx_word' id='word_1_171' title='bbox 1552 3871 1811 3941; x_wconf 82' lang='grc' dir='ltr'>ὲφοίτησε</span> <span class='ocrx_word' id='word_1_172' title='bbox 1840 3872 1942 3942; x_wconf 78' lang='grc' dir='ltr'>τῆς</span> 
     </span>
    </p>
   </div>
   <div class='ocr_carea' id='block_1_32' title="bbox 355 3944 2013 4044">
    <p class='ocr_par' dir='ltr' id='par_1_32' title="bbox 355 3944 2013 4044">
     <span class='ocr_line' id='line_1_32' title="bbox 355 3944 2013 4044; baseline -0.019 0"><span class='ocrx_word' id='word_1_173' title='bbox 355 3944 571 4044; x_wconf 55' lang='grc' dir='ltr'>ἡμέρας</span> <span class='ocrx_word' id='word_1_174' title='bbox 593 3944 1032 4038; x_wconf 48' lang='grc' dir='ltr'>κάὶέΚορνήλιε,</span> <span class='ocrx_word' id='word_1_175' title='bbox 1061 3962 1188 4033; x_wconf 78' lang='grc' dir='ltr'>ἔφη,</span> <span class='ocrx_word' id='word_1_176' title='bbox 1222 3963 1277 4015; x_wconf 85' lang='grc' dir='ltr'>αἱ</span> <span class='ocrx_word' id='word_1_177' title='bbox 1300 3964 1608 4034; x_wconf 82' lang='grc' dir='ltr'>προσευχαί</span> <span class='ocrx_word' id='word_1_178' title='bbox 1638 3981 1729 4017; x_wconf 89' lang='grc' dir='ltr'><strong>σου</strong></span> <span class='ocrx_word' id='word_1_179' title='bbox 1757 3957 1852 4016; x_wconf 79' lang='grc' dir='ltr'>καὶ</span> <span class='ocrx_word' id='word_1_180' title='bbox 1882 3964 1938 4019; x_wconf 73' lang='grc' dir='ltr'>αἱ</span> <span class='ocrx_word' id='word_1_181' title='bbox 1973 3944 2013 3998; x_wconf 76' lang='grc' dir='ltr'><strong>Β</strong></span> 
     </span>
    </p>
   </div>
   <div class='ocr_carea' id='block_1_33' title="bbox 355 4052 1938 4133">
    <p class='ocr_par' dir='ltr' id='par_1_33' title="bbox 355 4052 1938 4133">
     <span class='ocr_line' id='line_1_33' title="bbox 355 4052 1938 4133; baseline -0.006 -18"><span class='ocrx_word' id='word_1_182' title='bbox 355 4059 721 4133; x_wconf 79' lang='grc' dir='ltr'><strong>ἐλεημοσύναι</strong></span> <span class='ocrx_word' id='word_1_183' title='bbox 768 4056 1042 4126; x_wconf 82' lang='grc' dir='ltr'>ἀνέϐησαν</span> <span class='ocrx_word' id='word_1_184' title='bbox 1087 4055 1166 4117; x_wconf 86' lang='grc' dir='ltr'>εἰς</span> <span class='ocrx_word' id='word_1_185' title='bbox 1195 4054 1543 4123; x_wconf 82' lang='grc' dir='ltr'>μνημόσυνον</span> <span class='ocrx_word' id='word_1_186' title='bbox 1577 4053 1811 4109; x_wconf 74' lang='grc' dir='ltr'>ἐνώπιον</span> <span class='ocrx_word' id='word_1_187' title='bbox 1842 4052 1938 4109; x_wconf 91' lang='grc' dir='ltr'><strong>τοῦ</strong></span> 
     </span>
    </p>
   </div>
   <div class='ocr_carea' id='block_1_34' title="bbox 355 4142 1967 4219">
    <p class='ocr_par' dir='ltr' id='par_1_34' title="bbox 355 4142 1967 4219">
     <span class='ocr_line' id='line_1_34' title="bbox 355 4142 1967 4219; baseline -0.006 -11"><span class='ocrx_word' id='word_1_188' title='bbox 355 4152 514 4218; x_wconf 87' lang='grc' dir='ltr'>Θεοῦ,</span> <span class='ocrx_word' id='word_1_189' title='bbox 545 4153 640 4218; x_wconf 72' lang='grc' dir='ltr'>καὶ</span> <span class='ocrx_word' id='word_1_190' title='bbox 681 4149 775 4204; x_wconf 88' lang='grc' dir='ltr'><strong>νῦν</strong></span> <span class='ocrx_word' id='word_1_191' title='bbox 799 4148 1016 4219; x_wconf 76' lang='grc' dir='ltr'>πέμψον</span> <span class='ocrx_word' id='word_1_192' title='bbox 1044 4149 1124 4210; x_wconf 82' lang='grc' dir='ltr'><strong>εἰς</strong></span> <span class='ocrx_word' id='word_1_193' title='bbox 1165 4146 1392 4216; x_wconf 83' lang='grc' dir='ltr'>Ἰόππην</span> <span class='ocrx_word' id='word_1_194' title='bbox 1416 4145 1615 4217; x_wconf 79' lang='grc' dir='ltr'>ἄνδρας</span> <span class='ocrx_word' id='word_1_195' title='bbox 1647 4147 1743 4200; x_wconf 77' lang='grc' dir='ltr'>καὶ</span> <span class='ocrx_word' id='word_1_196' title='bbox 1774 4142 1967 4216; x_wconf 82' lang='grc' dir='ltr'>μετά-’</span> 
     </span>
    </p>
   </div>
   <div class='ocr_carea' id='block_1_35' title="bbox 357 4235 1940 4316">
    <p class='ocr_par' dir='ltr' id='par_1_35' title="bbox 357 4235 1940 4316">
     <span class='ocr_line' id='line_1_35' title="bbox 357 4235 1940 4316; baseline -0.003 -17"><span class='ocrx_word' id='word_1_197' title='bbox 357 4246 572 4316; x_wconf 71' lang='grc' dir='ltr'>πεμψαι</span> <span class='ocrx_word' id='word_1_198' title='bbox 607 4242 830 4314; x_wconf 85' lang='grc' dir='ltr'>Σίμωνα</span> <span class='ocrx_word' id='word_1_199' title='bbox 884 4240 973 4296; x_wconf 82' lang='grc' dir='ltr'>τὸν</span> <span class='ocrx_word' id='word_1_200' title='bbox 1006 4237 1444 4309; x_wconf 78' lang='grc' dir='ltr'>ἐπικαλούμενον</span> <span class='ocrx_word' id='word_1_201' title='bbox 1482 4240 1725 4310; x_wconf 71' lang='grc' dir='ltr'>Πέτρονο</span> <span class='ocrx_word' id='word_1_202' title='bbox 1784 4235 1940 4306; x_wconf 74' lang='grc' dir='ltr'>οὗτος</span> 
     </span>
    </p>
   </div>
   <div class='ocr_carea' id='block_1_36' title="bbox 357 4333 1941 4409">
    <p class='ocr_par' dir='ltr' id='par_1_36' title="bbox 357 4333 1941 4409">
     <span class='ocr_line' id='line_1_36' title="bbox 357 4333 1941 4409; baseline -0.004 -15"><span class='ocrx_word' id='word_1_203' title='bbox 357 4340 527 4402; x_wconf 77' lang='grc' dir='ltr'>ἐλθὼν</span> <span class='ocrx_word' id='word_1_204' title='bbox 559 4338 788 4409; x_wconf 83' lang='grc' dir='ltr'>λαλήσει</span> <span class='ocrx_word' id='word_1_205' title='bbox 815 4354 897 4390; x_wconf 91' lang='grc' dir='ltr'><strong>σοι</strong></span> <span class='ocrx_word' id='word_1_206' title='bbox 923 4338 1148 4409; x_wconf 79' lang='grc' dir='ltr'>ῥήματα</span> <span class='ocrx_word' id='word_1_207' title='bbox 1191 4335 1359 4406; x_wconf 81' lang='grc' dir='ltr'>ζωῆς.</span> <span class='ocrx_word' id='word_1_208' title='bbox 1384 4333 1575 4390; x_wconf 82' lang='grc' dir='ltr'>Ταῦτα</span> <span class='ocrx_word' id='word_1_209' title='bbox 1596 4337 1624 4389; x_wconf 87' lang='grc' dir='ltr'><strong>ό</strong></span> <span class='ocrx_word' id='word_1_210' title='bbox 1673 4334 1770 4404; x_wconf 79' lang='grc' dir='ltr'>μὲν</span> <span class='ocrx_word' id='word_1_211' title='bbox 1820 4336 1941 4388; x_wconf 65' lang='lat' dir='ltr'><strong>sm-</strong></span> 
     </span>
    </p>
   </div>
   <div class='ocr_carea' id='block_1_37' title="bbox 275 4423 1942 4501">
    <p class='ocr_par' dir='ltr' id='par_1_37' title="bbox 275 4423 1942 4501">
     <span class='ocr_line' id='line_1_37' title="bbox 275 4423 1942 4501; baseline -0.004 -16"><span class='ocrx_word' id='word_1_212' title='bbox 275 4479 285 4485; x_wconf 90' lang='lat'><em>.</em></span> <span class='ocrx_word' id='word_1_213' title='bbox 358 4432 597 4501; x_wconf 74' lang='grc' dir='ltr'>σκήψας,</span> <span class='ocrx_word' id='word_1_214' title='bbox 627 4429 827 4485; x_wconf 68' lang='grc' dir='ltr'>οὐκέτι</span> <span class='ocrx_word' id='word_1_215' title='bbox 849 4427 1087 4499; x_wconf 83' lang='grc' dir='ltr'>φανερὸς</span> <span class='ocrx_word' id='word_1_216' title='bbox 1118 4423 1186 4498; x_wconf 79' lang='grc' dir='ltr'>ἦν</span> <span class='ocrx_word' id='word_1_217' title='bbox 1206 4443 1221 4459; x_wconf 77' lang='grc' dir='ltr'><strong>ο</strong></span> <span class='ocrx_word' id='word_1_218' title='bbox 1248 4427 1550 4498; x_wconf 70' lang='grc' dir='ltr'>Κορνήλιος</span> <span class='ocrx_word' id='word_1_219' title='bbox 1578 4426 1635 4480; x_wconf 81' lang='grc' dir='ltr'>δὲ</span> <span class='ocrx_word' id='word_1_220' title='bbox 1668 4426 1776 4480; x_wconf 84' lang='grc' dir='ltr'><strong>τῶν</strong></span> <span class='ocrx_word' id='word_1_221' title='bbox 1799 4428 1942 4481; x_wconf 74' lang='grc' dir='ltr'>οἰκε-</span> 
     </span>
    </p>
   </div>
   <div class='ocr_carea' id='block_1_38' title="bbox 356 4520 1995 4594">
    <p class='ocr_par' dir='ltr' id='par_1_38' title="bbox 356 4520 1995 4594">
     <span class='ocr_line' id='line_1_38' title="bbox 356 4520 1995 4594; baseline -0.002 -14"><span class='ocrx_word' id='word_1_222' title='bbox 356 4526 468 4582; x_wconf 83' lang='grc' dir='ltr'><strong>τῶν</strong></span> <span class='ocrx_word' id='word_1_223' title='bbox 495 4525 588 4580; x_wconf 88' lang='grc' dir='ltr'><strong>δύο</strong></span> <span class='ocrx_word' id='word_1_224' title='bbox 633 4525 730 4578; x_wconf 70' lang='grc' dir='ltr'>καὶ</span> <span class='ocrx_word' id='word_1_225' title='bbox 769 4521 1114 4594; x_wconf 83' lang='grc' dir='ltr'>στρατιώτην</span> <span class='ocrx_word' id='word_1_226' title='bbox 1148 4520 1348 4575; x_wconf 86' lang='grc' dir='ltr'>αὐτίκα</span> <span class='ocrx_word' id='word_1_227' title='bbox 1379 4520 1583 4592; x_wconf 77' lang='grc' dir='ltr'>εὐσεϐῆ</span> <span class='ocrx_word' id='word_1_228' title='bbox 1627 4521 1736 4576; x_wconf 84' lang='grc' dir='ltr'>τῶν</span> <span class='ocrx_word' id='word_1_229' title='bbox 1767 4539 1942 4591; x_wconf 85' lang='grc' dir='ltr'>προσ·</span> <span class='ocrx_word' id='word_1_230' title='bbox 1988 4574 1995 4577; x_wconf 90' lang='grc'>.</span> 
     </span>
    </p>
   </div>
   <div class='ocr_carea' id='block_1_39' title="bbox 356 4612 1942 4701">
    <p class='ocr_par' dir='ltr' id='par_1_39' title="bbox 356 4612 1942 4701">
     <span class='ocr_line' id='line_1_39' title="bbox 356 4612 1942 4701; baseline -0.003 -28"><span class='ocrx_word' id='word_1_231' title='bbox 356 4617 775 4690; x_wconf 83' lang='grc' dir='ltr'>καρτερούντων</span> <span class='ocrx_word' id='word_1_232' title='bbox 844 4612 992 4683; x_wconf 81' lang='grc' dir='ltr'>αὐτῷ</span> <span class='ocrx_word' id='word_1_233' title='bbox 1037 4612 1135 4668; x_wconf 75' lang='grc' dir='ltr'>ἕνα</span> <span class='ocrx_word' id='word_1_234' title='bbox 1183 4612 1422 4676; x_wconf 83' lang='grc' dir='ltr'>καλέσας</span> <span class='ocrx_word' id='word_1_235' title='bbox 1471 4613 1848 4701; x_wconf 67' lang='grc' dir='ltr'>ἀνακαλύπτει</span> <span class='ocrx_word' id='word_1_236' title='bbox 1879 4632 1942 4668; x_wconf 88' lang='grc' dir='ltr'>τε</span> 
     </span>
    </p>
   </div>
   <div class='ocr_carea' id='block_1_40' title="bbox 357 4705 1941 4780">
    <p class='ocr_par' dir='ltr' id='par_1_40' title="bbox 357 4705 1941 4780">
     <span class='ocr_line' id='line_1_40' title="bbox 357 4705 1941 4780; baseline -0.004 -14"><span class='ocrx_word' id='word_1_237' title='bbox 357 4712 546 4773; x_wconf 78' lang='grc' dir='ltr'>αὐτοῖς</span> <span class='ocrx_word' id='word_1_238' title='bbox 572 4711 716 4780; x_wconf 75' lang='grc' dir='ltr'>ἅπερ</span> <span class='ocrx_word' id='word_1_239' title='bbox 753 4708 854 4762; x_wconf 85' lang='grc' dir='ltr'>ῐδοι</span> <span class='ocrx_word' id='word_1_240' title='bbox 879 4721 895 4737; x_wconf 87' lang='grc'><strong>·</strong></span> <span class='ocrx_word' id='word_1_241' title='bbox 927 4705 1023 4759; x_wconf 77' lang='grc' dir='ltr'>καὶ</span> <span class='ocrx_word' id='word_1_242' title='bbox 1064 4707 1145 4768; x_wconf 86' lang='grc' dir='ltr'>εἰς</span> <span class='ocrx_word' id='word_1_243' title='bbox 1185 4705 1412 4774; x_wconf 84' lang='grc' dir='ltr'>Ἰόππην</span> <span class='ocrx_word' id='word_1_244' title='bbox 1457 4705 1737 4777; x_wconf 73' lang='grc' dir='ltr'>ἐκπέμπει</span> <span class='ocrx_word' id='word_1_245' title='bbox 1760 4724 1776 4739; x_wconf 89' lang='grc'>·</span> <span class='ocrx_word' id='word_1_246' title='bbox 1813 4707 1941 4779; x_wconf 78' lang='grc' dir='ltr'>τῇδε</span> 
     </span>
    </p>
   </div>
   <div class='ocr_carea' id='block_1_41' title="bbox 356 4794 1943 4881">
    <p class='ocr_par' dir='ltr' id='par_1_41' title="bbox 356 4794 1943 4881">
     <span class='ocr_line' id='line_1_41' title="bbox 356 4794 1943 4881; baseline -0.002 -26"><span class='ocrx_word' id='word_1_247' title='bbox 356 4802 414 4855; x_wconf 81' lang='grc' dir='ltr'>δὲ</span> <span class='ocrx_word' id='word_1_248' title='bbox 447 4802 557 4872; x_wconf 80' lang='grc' dir='ltr'>γὰρ</span> <span class='ocrx_word' id='word_1_249' title='bbox 588 4798 892 4871; x_wconf 76' lang='grc' dir='ltr'>διατρίϐειν</span> <span class='ocrx_word' id='word_1_250' title='bbox 921 4797 1012 4850; x_wconf 81' lang='grc' dir='ltr'>τὸν</span> <span class='ocrx_word' id='word_1_251' title='bbox 1046 4796 1252 4867; x_wconf 87' lang='grc' dir='ltr'>Πέτρον</span> <span class='ocrx_word' id='word_1_252' title='bbox 1298 4797 1326 4849; x_wconf 87' lang='grc' dir='ltr'><strong>ό</strong></span> <span class='ocrx_word' id='word_1_253' title='bbox 1359 4795 1592 4865; x_wconf 78' lang='grc' dir='ltr'>ἅγγελος</span> <span class='ocrx_word' id='word_1_254' title='bbox 1627 4794 1802 4881; x_wconf 73' lang='grc' dir='ltr'>εἶπεν,</span> <span class='ocrx_word' id='word_1_255' title='bbox 1849 4802 1943 4854; x_wconf 74' lang='grc' dir='ltr'><strong>καὶ</strong></span> 
     </span>
    </p>
   </div>
   <div class='ocr_carea' id='block_1_42' title="bbox 359 4888 1945 4965">
    <p class='ocr_par' dir='ltr' id='par_1_42' title="bbox 359 4888 1945 4965">
     <span class='ocr_line' id='line_1_42' title="bbox 359 4888 1945 4965; baseline -0.004 -16"><span class='ocrx_word' id='word_1_256' title='bbox 359 4895 461 4965; x_wconf 82' lang='grc' dir='ltr'>τὴν</span> <span class='ocrx_word' id='word_1_257' title='bbox 495 4892 672 4958; x_wconf 80' lang='grc' dir='ltr'>ξενίαν</span> <span class='ocrx_word' id='word_1_258' title='bbox 705 4892 947 4963; x_wconf 74' lang='grc' dir='ltr'>ἐδήλωσε</span> <span class='ocrx_word' id='word_1_259' title='bbox 984 4888 1141 4961; x_wconf 87' lang='grc' dir='ltr'>παρά</span> <span class='ocrx_word' id='word_1_260' title='bbox 1189 4905 1299 4943; x_wconf 91' lang='grc' dir='ltr'>τινι</span> <span class='ocrx_word' id='word_1_261' title='bbox 1326 4889 1534 4960; x_wconf 83' lang='grc' dir='ltr'>Σίμωνι</span> <span class='ocrx_word' id='word_1_262' title='bbox 1571 4888 1764 4961; x_wconf 85' lang='grc' dir='ltr'>βυρσεῖ</span> <span class='ocrx_word' id='word_1_263' title='bbox 1796 4907 1945 4960; x_wconf 92' lang='grc' dir='ltr'>γινο-</span> 
     </span>
    </p>
   </div>
   <div class='ocr_carea' id='block_1_43' title="bbox 366 4980 1944 5058">
    <p class='ocr_par' dir='ltr' id='par_1_43' title="bbox 366 4980 1944 5058">
     <span class='ocr_line' id='line_1_43' title="bbox 366 4980 1944 5058; baseline -0.001 -17"><span class='ocrx_word' id='word_1_264' title='bbox 366 4987 556 5058; x_wconf 69' lang='grc' dir='ltr'>μένην.</span> <span class='ocrx_word' id='word_1_265' title='bbox 586 4987 792 5057; x_wconf 82' lang='grc' dir='ltr'>Πέτρος</span> <span class='ocrx_word' id='word_1_266' title='bbox 820 4982 911 5038; x_wconf 86' lang='grc' dir='ltr'><strong>οῦν</strong></span> <span class='ocrx_word' id='word_1_267' title='bbox 929 4985 1023 5037; x_wconf 75' lang='grc' dir='ltr'>καὶ</span> <span class='ocrx_word' id='word_1_268' title='bbox 1045 4982 1153 5053; x_wconf 77' lang='grc' dir='ltr'>γῆν</span> <span class='ocrx_word' id='word_1_269' title='bbox 1182 4981 1260 5052; x_wconf 80' lang='grc' dir='ltr'>τῷ</span> <span class='ocrx_word' id='word_1_270' title='bbox 1287 4980 1606 5053; x_wconf 84' lang='grc' dir='ltr'>κηρύγματι</span> <span class='ocrx_word' id='word_1_271' title='bbox 1632 4984 1816 5043; x_wconf 83' lang='grc' dir='ltr'>πᾶσαν</span> <span class='ocrx_word' id='word_1_272' title='bbox 1848 4983 1944 5039; x_wconf 67' lang='grc' dir='ltr'>καὶ</span> 
     </span>
    </p>
   </div>
   <div class='ocr_carea' id='block_1_44' title="bbox 360 5072 1943 5147">
    <p class='ocr_par' dir='ltr' id='par_1_44' title="bbox 360 5072 1943 5147">
     <span class='ocr_line' id='line_1_44' title="bbox 360 5072 1943 5147; baseline -0.005 -15"><span class='ocrx_word' id='word_1_273' title='bbox 360 5078 632 5137; x_wconf 77' lang='grc' dir='ltr'>θάλατταν</span> <span class='ocrx_word' id='word_1_274' title='bbox 662 5076 1051 5147; x_wconf 78' lang='grc' dir='ltr'>ἐπερχόμενος,</span> <span class='ocrx_word' id='word_1_275' title='bbox 1104 5074 1199 5127; x_wconf 80' lang='grc' dir='ltr'>καὶ</span> <span class='ocrx_word' id='word_1_276' title='bbox 1229 5072 1511 5142; x_wconf 80' lang='grc' dir='ltr'>πανταχοῦ</span> <span class='ocrx_word' id='word_1_277' title='bbox 1552 5072 1650 5143; x_wconf 83' lang='grc' dir='ltr'>τὴν</span> <span class='ocrx_word' id='word_1_278' title='bbox 1683 5073 1943 5145; x_wconf 85' lang='grc' dir='ltr'>ἀλήθειαν</span> 
     </span>
    </p>
   </div>
   <div class='ocr_carea' id='block_1_45' title="bbox 361 5163 1944 5240">
    <p class='ocr_par' dir='ltr' id='par_1_45' title="bbox 361 5163 1944 5240">
     <span class='ocr_line' id='line_1_45' title="bbox 361 5163 1944 5240; baseline -0.003 -15"><span class='ocrx_word' id='word_1_279' title='bbox 361 5169 751 5240; x_wconf 84' lang='grc' dir='ltr'>καταγγέλλων</span> <span class='ocrx_word' id='word_1_280' title='bbox 783 5165 997 5240; x_wconf 79' lang='grc' dir='ltr'>(ἔκειτο</span> <span class='ocrx_word' id='word_1_281' title='bbox 1030 5165 1141 5236; x_wconf 84' lang='grc' dir='ltr'>γὰρ</span> <span class='ocrx_word' id='word_1_282' title='bbox 1162 5164 1238 5228; x_wconf 83' lang='grc' dir='ltr'>ὡς</span> <span class='ocrx_word' id='word_1_283' title='bbox 1265 5163 1484 5235; x_wconf 81' lang='grc' dir='ltr'>ἀληθῶς</span> <span class='ocrx_word' id='word_1_284' title='bbox 1522 5165 1602 5228; x_wconf 84' lang='grc' dir='ltr'><strong>είς</strong></span> <span class='ocrx_word' id='word_1_285' title='bbox 1636 5163 1754 5234; x_wconf 79' lang='grc' dir='ltr'><strong>φῶς</strong></span> <span class='ocrx_word' id='word_1_286' title='bbox 1775 5165 1944 5220; x_wconf 74' lang='grc' dir='ltr'>ἐθνῶν</span> 
     </span>
    </p>
   </div>
   <div class='ocr_carea' id='block_1_46' title="bbox 360 5255 1944 5347">
    <p class='ocr_par' dir='ltr' id='par_1_46' title="bbox 360 5255 1944 5347">
     <span class='ocr_line' id='line_1_46' title="bbox 360 5255 1944 5347; baseline -0.004 -29"><span class='ocrx_word' id='word_1_287' title='bbox 360 5265 458 5318; x_wconf 55' lang='grc' dir='ltr'><strong>καὶ⁵</strong></span> <span class='ocrx_word' id='word_1_288' title='bbox 483 5262 756 5335; x_wconf 81' lang='grc' dir='ltr'>σωτηρίαν</span> <span class='ocrx_word' id='word_1_289' title='bbox 785 5258 1028 5340; x_wconf 76' lang='grc' dir='ltr'>πολλῶν)</span> <span class='ocrx_word' id='word_1_290' title='bbox 1053 5259 1205 5329; x_wconf 77' lang='grc' dir='ltr'>παρὰ</span> <span class='ocrx_word' id='word_1_291' title='bbox 1237 5258 1363 5347; x_wconf 78' lang='grc' dir='ltr'>τοὺς</span> <span class='ocrx_word' id='word_1_292' title='bbox 1391 5255 1783 5321; x_wconf 84' lang='grc' dir='ltr'>κατοικοῦντας</span> <span class='ocrx_word' id='word_1_293' title='bbox 1803 5257 1944 5311; x_wconf 85' lang='grc' dir='ltr'>Λύδ-</span> 
     </span>
    </p>
   </div>
   <div class='ocr_carea' id='block_1_47' title="bbox 364 5348 1942 5425">
    <p class='ocr_par' dir='ltr' id='par_1_47' title="bbox 364 5348 1942 5425">
     <span class='ocr_line' id='line_1_47' title="bbox 364 5348 1942 5425; baseline -0.005 -16"><span class='ocrx_word' id='word_1_294' title='bbox 364 5355 461 5425; x_wconf 80' lang='grc' dir='ltr'><strong>δαν</strong></span> <span class='ocrx_word' id='word_1_295' title='bbox 482 5356 668 5425; x_wconf 81' lang='grc' dir='ltr'>ἁγίους</span> <span class='ocrx_word' id='word_1_296' title='bbox 708 5353 877 5408; x_wconf 74' lang='grc' dir='ltr'>ἐλθὼν</span> <span class='ocrx_word' id='word_1_297' title='bbox 898 5351 991 5406; x_wconf 83' lang='grc' dir='ltr'><strong>καί</strong></span> <span class='ocrx_word' id='word_1_298' title='bbox 1023 5368 1144 5405; x_wconf 88' lang='grc' dir='ltr'>τινα</span> <span class='ocrx_word' id='word_1_299' title='bbox 1166 5351 1335 5405; x_wconf 83' lang='grc' dir='ltr'>Αἰνέα</span> <span class='ocrx_word' id='word_1_300' title='bbox 1355 5349 1693 5422; x_wconf 81' lang='grc' dir='ltr'>παρειμένον</span> <span class='ocrx_word' id='word_1_301' title='bbox 1722 5348 1783 5414; x_wconf 75' lang='grc' dir='ltr'><strong>ἐξ</strong></span> <span class='ocrx_word' id='word_1_302' title='bbox 1807 5350 1942 5412; x_wconf 84' lang='grc' dir='ltr'><strong>ὲτῶν</strong></span> 
     </span>
    </p>
   </div>
   <div class='ocr_carea' id='block_1_48' title="bbox 363 5420 1944 5516">
    <p class='ocr_par' dir='ltr' id='par_1_48' title="bbox 363 5420 1944 5516">
     <span class='ocr_line' id='line_1_48' title="bbox 363 5420 1944 5516; baseline -0.004 -14"><span class='ocrx_word' id='word_1_303' title='bbox 363 5420 989 5516; x_wconf 29' lang='grc' dir='ltr'>ὀκτὼνκατακείμενον,</span> <span class='ocrx_word' id='word_1_304' title='bbox 1036 5444 1372 5515; x_wconf 82' lang='grc' dir='ltr'>ἀναστήσας,</span> <span class='ocrx_word' id='word_1_305' title='bbox 1430 5420 1512 5507; x_wconf 82' lang='grc' dir='ltr'>εἰς</span> <span class='ocrx_word' id='word_1_306' title='bbox 1567 5441 1791 5513; x_wconf 85' lang='grc' dir='ltr'>Ἰόππην</span> <span class='ocrx_word' id='word_1_307' title='bbox 1827 5441 1944 5495; x_wconf 88' lang='grc' dir='ltr'>δια-</span> 
     </span>
    </p>
   </div>
   <div class='ocr_carea' id='block_1_49' title="bbox 353 5533 1938 5608">
    <p class='ocr_par' dir='ltr' id='par_1_49' title="bbox 353 5533 1938 5608">
     <span class='ocr_line' id='line_1_49' title="bbox 353 5533 1938 5608; baseline -0.004 -13"><span class='ocrx_word' id='word_1_308' title='bbox 353 5539 487 5608; x_wconf 61' lang='grc' dir='ltr'><strong>ςῧὰς,</strong></span> <span class='ocrx_word' id='word_1_309' title='bbox 534 5541 629 5594; x_wconf 75' lang='grc' dir='ltr'>καὶ</span> <span class='ocrx_word' id='word_1_310' title='bbox 672 5540 735 5593; x_wconf 80' lang='grc' dir='ltr'>τὸ</span> <span class='ocrx_word' id='word_1_311' title='bbox 771 5538 912 5592; x_wconf 82' lang='grc' dir='ltr'>κατὰ</span> <span class='ocrx_word' id='word_1_312' title='bbox 952 5536 1201 5608; x_wconf 82' lang='grc' dir='ltr'>Ταὸηθὰ,</span> <span class='ocrx_word' id='word_1_313' title='bbox 1243 5536 1367 5606; x_wconf 77' lang='grc' dir='ltr'>ἥτις</span> <span class='ocrx_word' id='word_1_314' title='bbox 1417 5534 1664 5589; x_wconf 75' lang='grc' dir='ltr'>ἐκαλεῖτο</span> <span class='ocrx_word' id='word_1_315' title='bbox 1706 5533 1938 5608; x_wconf 84' lang='grc' dir='ltr'>Δορκὰς,</span> 
     </span>
    </p>
   </div>
   <div class='ocr_carea' id='block_1_50' title="bbox 2049 2686 3640 2761">
    <p class='ocr_par' dir='ltr' id='par_1_50' title="bbox 2049 2686 3640 2761">
     <span class='ocr_line' id='line_1_50' title="bbox 2049 2686 3640 2761; baseline 0.013 -31"><span class='ocrx_word' id='word_1_316' title='bbox 2049 2690 2379 2749; x_wconf 89' lang='lat' dir='ltr'><strong>crucemque</strong></span> <span class='ocrx_word' id='word_1_317' title='bbox 2435 2688 2490 2736; x_wconf 84' lang='lat' dir='ltr'><strong>et</strong></span> <span class='ocrx_word' id='word_1_318' title='bbox 2521 2692 2758 2744; x_wconf 52' lang='lat' dir='ltr'><strong>mortem,</strong></span> <span class='ocrx_word' id='word_1_319' title='bbox 2783 2700 2881 2755; x_wconf 90' lang='lat' dir='ltr'><strong>pro</strong></span> <span class='ocrx_word' id='word_1_320' title='bbox 2916 2686 3078 2743; x_wconf 88' lang='lat' dir='ltr'><strong>nobis</strong></span> <span class='ocrx_word' id='word_1_321' title='bbox 3109 2702 3208 2744; x_wconf 87' lang='lat' dir='ltr'><strong>sua</strong></span> <span class='ocrx_word' id='word_1_322' title='bbox 3238 2699 3433 2761; x_wconf 88' lang='lat' dir='ltr'><strong>sponte</strong></span> <span class='ocrx_word' id='word_1_323' title='bbox 3466 2695 3535 2751; x_wconf 88' lang='lat' dir='ltr'><strong>ab</strong></span> <span class='ocrx_word' id='word_1_324' title='bbox 3572 2709 3640 2761; x_wconf 83' lang='lat' dir='ltr'><strong>eo</strong></span> 
     </span>
    </p>
   </div>
   <div class='ocr_carea' id='block_1_51' title="bbox 2048 2773 3639 2851">
    <p class='ocr_par' dir='ltr' id='par_1_51' title="bbox 2048 2773 3639 2851">
     <span class='ocr_line' id='line_1_51' title="bbox 2048 2773 3639 2851; baseline 0.011 -26"><span class='ocrx_word' id='word_1_325' title='bbox 2048 2779 2377 2839; x_wconf 83' lang='lat' dir='ltr'><strong>susceptam,</strong></span> <span class='ocrx_word' id='word_1_326' title='bbox 2412 2782 2466 2827; x_wconf 90' lang='lat' dir='ltr'><strong>et</strong></span> <span class='ocrx_word' id='word_1_327' title='bbox 2491 2773 2544 2827; x_wconf 90' lang='lat' dir='ltr'><strong>in</strong></span> <span class='ocrx_word' id='word_1_328' title='bbox 2586 2774 2756 2830; x_wconf 74' lang='lat' dir='ltr'><strong>caelos</strong></span> <span class='ocrx_word' id='word_1_329' title='bbox 2793 2779 3196 2845; x_wconf 83' lang='lat' dir='ltr'><strong>ascensionem,</strong></span> <span class='ocrx_word' id='word_1_330' title='bbox 3228 2782 3370 2843; x_wconf 89' lang='lat' dir='ltr'><strong>unde</strong></span> <span class='ocrx_word' id='word_1_331' title='bbox 3408 2785 3639 2851; x_wconf 50' lang='lat' dir='ltr'><strong>descent.</strong></span> 
     </span>
    </p>
   </div>
   <div class='ocr_carea' id='block_1_52' title="bbox 2048 2865 3635 2949">
    <p class='ocr_par' dir='ltr' id='par_1_52' title="bbox 2048 2865 3635 2949">
     <span class='ocr_line' id='line_1_52' title="bbox 2048 2865 3635 2949; baseline 0.009 -31"><span class='ocrx_word' id='word_1_332' title='bbox 2048 2865 2203 2920; x_wconf 89' lang='lat' dir='ltr'><strong>derat</strong></span> <span class='ocrx_word' id='word_1_333' title='bbox 2252 2866 2321 2920; x_wconf 89' lang='lat' dir='ltr'><strong>ad</strong></span> <span class='ocrx_word' id='word_1_334' title='bbox 2367 2866 2748 2923; x_wconf 77' lang='lat' dir='ltr'><strong>aedificandum</strong></span> <span class='ocrx_word' id='word_1_335' title='bbox 2802 2869 3025 2927; x_wconf 84' lang='lat' dir='ltr'><strong>Davidis</strong></span> <span class='ocrx_word' id='word_1_336' title='bbox 3081 2872 3493 2938; x_wconf 77' lang='lat' dir='ltr'><strong>tabernaculum</strong></span> <span class='ocrx_word' id='word_1_337' title='bbox 3551 2877 3635 2949; x_wconf 87' lang='lat' dir='ltr'><strong>(ut</strong></span> 
     </span>
    </p>
   </div>
   <div class='ocr_carea' id='block_1_53' title="bbox 2046 2957 3731 3037">
    <p class='ocr_par' dir='ltr' id='par_1_53' title="bbox 2046 2957 3731 3037">
     <span class='ocr_line' id='line_1_53' title="bbox 2046 2957 3731 3037; baseline 0.008 -26"><span class='ocrx_word' id='word_1_338' title='bbox 2046 2970 2167 3011; x_wconf 90' lang='lat' dir='ltr'><strong>cum</strong></span> <span class='ocrx_word' id='word_1_339' title='bbox 2191 2957 2471 3028; x_wconf 78' lang='lat' dir='ltr'><strong>prophetis</strong></span> <span class='ocrx_word' id='word_1_340' title='bbox 2487 2959 2663 3016; x_wconf 86' lang='lat' dir='ltr'><strong>dicam</strong></span> <span class='ocrx_word' id='word_1_341' title='bbox 2683 2961 2725 3030; x_wconf 85' lang='grc'><strong>³)</strong></span> <span class='ocrx_word' id='word_1_342' title='bbox 2758 2963 2903 3032; x_wconf 90' lang='lat' dir='ltr'><strong>quod</strong></span> <span class='ocrx_word' id='word_1_343' title='bbox 2933 2964 3244 3033; x_wconf 86' lang='lat' dir='ltr'><strong>ceciderat;</strong></span> <span class='ocrx_word' id='word_1_344' title='bbox 3269 2981 3408 3023; x_wconf 87' lang='lat' dir='ltr'><strong>unus</strong></span> <span class='ocrx_word' id='word_1_345' title='bbox 3430 2977 3548 3023; x_wconf 81' lang='lat' dir='ltr'><strong>erat</strong></span> <span class='ocrx_word' id='word_1_346' title='bbox 3567 2983 3634 3037; x_wconf 65' lang='lat' dir='ltr'><strong>ex</strong></span> <span class='ocrx_word' id='word_1_347' title='bbox 3720 2994 3731 3002; x_wconf 74' lang='grc' dir='ltr'><strong><em>ο</em></strong></span> 
     </span>
    </p>
   </div>
   <div class='ocr_carea' id='block_1_54' title="bbox 2046 3048 3629 3130">
    <p class='ocr_par' dir='ltr' id='par_1_54' title="bbox 2046 3048 3629 3130">
     <span class='ocr_line' id='line_1_54' title="bbox 2046 3048 3629 3130; baseline 0.009 -28"><span class='ocrx_word' id='word_1_348' title='bbox 2046 3049 2270 3104; x_wconf 86' lang='lat' dir='ltr'><strong>cohorte</strong></span> <span class='ocrx_word' id='word_1_349' title='bbox 2297 3048 2497 3125; x_wconf 82' lang='lat' dir='ltr'><strong>Italica</strong></span> <span class='ocrx_word' id='word_1_350' title='bbox 2528 3052 2775 3108; x_wconf 90' lang='lat' dir='ltr'><strong>centurio</strong></span> <span class='ocrx_word' id='word_1_351' title='bbox 2798 3053 3100 3121; x_wconf 87' lang='lat' dir='ltr'><strong>Cornelius,</strong></span> <span class='ocrx_word' id='word_1_352' title='bbox 3127 3070 3195 3117; x_wconf 79' lang='lat' dir='ltr'><strong>ex</strong></span> <span class='ocrx_word' id='word_1_353' title='bbox 3230 3056 3298 3113; x_wconf 90' lang='lat' dir='ltr'><strong>iis</strong></span> <span class='ocrx_word' id='word_1_354' title='bbox 3327 3058 3420 3129; x_wconf 87' lang='lat' dir='ltr'><strong>qui</strong></span> <span class='ocrx_word' id='word_1_355' title='bbox 3451 3060 3629 3130; x_wconf 87' lang='lat' dir='ltr'><strong>ipsum</strong></span> 
     </span>
    </p>
   </div>
   <div class='ocr_carea' id='block_1_55' title="bbox 2046 3138 3632 3222">
    <p class='ocr_par' dir='ltr' id='par_1_55' title="bbox 2046 3138 3632 3222">
     <span class='ocr_line' id='line_1_55' title="bbox 2046 3138 3632 3222; baseline 0.008 -27"><span class='ocrx_word' id='word_1_356' title='bbox 2046 3138 2386 3217; x_wconf 66' lang='lat' dir='ltr'><strong>quaerebant,</strong></span> <span class='ocrx_word' id='word_1_357' title='bbox 2409 3151 2464 3200; x_wconf 86' lang='lat' dir='ltr'><strong>et</strong></span> <span class='ocrx_word' id='word_1_358' title='bbox 2503 3145 2778 3202; x_wconf 79' lang='lat' dir='ltr'><strong>faciebant</strong></span> <span class='ocrx_word' id='word_1_359' title='bbox 2810 3161 2933 3217; x_wconf 68' lang='lat' dir='ltr'><strong>quae</strong></span> <span class='ocrx_word' id='word_1_360' title='bbox 2975 3148 3048 3203; x_wconf 90' lang='lat' dir='ltr'><strong>illi</strong></span> <span class='ocrx_word' id='word_1_361' title='bbox 3079 3147 3384 3220; x_wconf 82' lang='lat' dir='ltr'><strong>placebant,</strong></span> <span class='ocrx_word' id='word_1_362' title='bbox 3431 3163 3488 3207; x_wconf 80' lang='lat' dir='ltr'><strong>et</strong></span> <span class='ocrx_word' id='word_1_363' title='bbox 3536 3154 3632 3222; x_wconf 79' lang='lat' dir='ltr'><strong>qui</strong></span> 
     </span>
    </p>
   </div>
   <div class='ocr_carea' id='block_1_56' title="bbox 2046 3233 3629 3310">
    <p class='ocr_par' dir='ltr' id='par_1_56' title="bbox 2046 3233 3629 3310">
     <span class='ocr_line' id='line_1_56' title="bbox 2046 3233 3629 3310; baseline 0.007 -23"><span class='ocrx_word' id='word_1_364' title='bbox 2046 3233 2213 3289; x_wconf 89' lang='lat' dir='ltr'><strong>multa</strong></span> <span class='ocrx_word' id='word_1_365' title='bbox 2242 3234 2382 3291; x_wconf 89' lang='lat' dir='ltr'><strong>bona</strong></span> <span class='ocrx_word' id='word_1_366' title='bbox 2416 3235 2650 3293; x_wconf 79' lang='lat' dir='ltr'><strong>faciebat</strong></span> <span class='ocrx_word' id='word_1_367' title='bbox 2675 3252 2839 3309; x_wconf 88' lang='lat' dir='ltr'><strong>opera</strong></span> <span class='ocrx_word' id='word_1_368' title='bbox 2882 3237 3117 3310; x_wconf 88' lang='lat' dir='ltr'><strong>(etiamsi</strong></span> <span class='ocrx_word' id='word_1_369' title='bbox 3151 3242 3391 3298; x_wconf 90' lang='lat' dir='ltr'><strong>nondum</strong></span> <span class='ocrx_word' id='word_1_370' title='bbox 3446 3244 3629 3308; x_wconf 86' lang='lat' dir='ltr'><strong>divina</strong></span> 
     </span>
    </p>
   </div>
   <div class='ocr_carea' id='block_1_57' title="bbox 2044 3324 3637 3404">
    <p class='ocr_par' dir='ltr' id='par_1_57' title="bbox 2044 3324 3637 3404">
     <span class='ocr_line' id='line_1_57' title="bbox 2044 3324 3637 3404; baseline 0.008 -23"><span class='ocrx_word' id='word_1_371' title='bbox 2044 3324 2248 3381; x_wconf 88' lang='lat' dir='ltr'><strong>Christi</strong></span> <span class='ocrx_word' id='word_1_372' title='bbox 2297 3328 2508 3397; x_wconf 87' lang='lat' dir='ltr'><strong>gratia,</strong></span> <span class='ocrx_word' id='word_1_373' title='bbox 2570 3343 2746 3400; x_wconf 90' lang='lat' dir='ltr'><strong>neque</strong></span> <span class='ocrx_word' id='word_1_374' title='bbox 2799 3331 3090 3388; x_wconf 86' lang='lat' dir='ltr'><strong>vocatione</strong></span> <span class='ocrx_word' id='word_1_375' title='bbox 3151 3333 3219 3389; x_wconf 88' lang='lat' dir='ltr'><strong>ad</strong></span> <span class='ocrx_word' id='word_1_376' title='bbox 3261 3335 3436 3404; x_wconf 84' lang='lat' dir='ltr'><strong>ipsum</strong></span> <span class='ocrx_word' id='word_1_377' title='bbox 3488 3346 3637 3394; x_wconf 88' lang='lat' dir='ltr'><strong>esset</strong></span> 
     </span>
    </p>
   </div>
   <div class='ocr_carea' id='block_1_58' title="bbox 2046 3417 3633 3497">
    <p class='ocr_par' dir='ltr' id='par_1_58' title="bbox 2046 3417 3633 3497">
     <span class='ocr_line' id='line_1_58' title="bbox 2046 3417 3633 3497; baseline 0.007 -23"><span class='ocrx_word' id='word_1_378' title='bbox 2046 3417 2296 3488; x_wconf 83' lang='lat' dir='ltr'><strong>dignatus</strong></span> <span class='ocrx_word' id='word_1_379' title='bbox 2323 3419 2411 3475; x_wconf 90' lang='lat' dir='ltr'><strong>hic</strong></span> <span class='ocrx_word' id='word_1_380' title='bbox 2455 3420 2539 3475; x_wconf 88' lang='lat' dir='ltr'><strong>vir</strong></span> <span class='ocrx_word' id='word_1_381' title='bbox 2564 3421 2708 3492; x_wconf 88' lang='lat' dir='ltr'><strong>pius)</strong></span> <span class='ocrx_word' id='word_1_382' title='bbox 2741 3429 2800 3477; x_wconf 91' lang='lat' dir='ltr'><strong>ut</strong></span> <span class='ocrx_word' id='word_1_383' title='bbox 2824 3424 2931 3494; x_wconf 86' lang='lat' dir='ltr'><strong>&#39;qui</strong></span> <span class='ocrx_word' id='word_1_384' title='bbox 2966 3422 3136 3481; x_wconf 89' lang='lat' dir='ltr'><strong>Deum</strong></span> <span class='ocrx_word' id='word_1_385' title='bbox 3170 3425 3384 3483; x_wconf 88' lang='lat' dir='ltr'><strong>timeret</strong></span> <span class='ocrx_word' id='word_1_386' title='bbox 3413 3427 3551 3497; x_wconf 88' lang='lat' dir='ltr'><strong>ipse,</strong></span> <span class='ocrx_word' id='word_1_387' title='bbox 3577 3437 3633 3485; x_wconf 85' lang='lat' dir='ltr'><strong>et</strong></span> 
     </span>
    </p>
   </div>
   <div class='ocr_carea' id='block_1_59' title="bbox 2047 3510 3636 3590">
    <p class='ocr_par' dir='ltr' id='par_1_59' title="bbox 2047 3510 3636 3590">
     <span class='ocr_line' id='line_1_59' title="bbox 2047 3510 3636 3590; baseline 0.007 -26"><span class='ocrx_word' id='word_1_388' title='bbox 2047 3517 2160 3565; x_wconf 87' lang='lat' dir='ltr'><strong>tota</strong></span> <span class='ocrx_word' id='word_1_389' title='bbox 2202 3510 2320 3580; x_wconf 86' lang='lat' dir='ltr'><strong>ejus</strong></span> <span class='ocrx_word' id='word_1_390' title='bbox 2351 3510 2581 3580; x_wconf 78' lang='lat' dir='ltr'><strong>familia,</strong></span> <span class='ocrx_word' id='word_1_391' title='bbox 2639 3524 2695 3569; x_wconf 89' lang='lat' dir='ltr'><strong>et</strong></span> <span class='ocrx_word' id='word_1_392' title='bbox 2733 3516 2825 3581; x_wconf 87' lang='lat' dir='ltr'><strong>iis,</strong></span> <span class='ocrx_word' id='word_1_393' title='bbox 2876 3530 2997 3586; x_wconf 62' lang='lat' dir='ltr'><strong>quae</strong></span> <span class='ocrx_word' id='word_1_394' title='bbox 3032 3516 3286 3587; x_wconf 83' lang='lat' dir='ltr'><strong>habebat,</strong></span> <span class='ocrx_word' id='word_1_395' title='bbox 3336 3521 3636 3590; x_wconf 80' lang='lat' dir='ltr'><strong>impertiret</strong></span> 
     </span>
    </p>
   </div>
   <div class='ocr_carea' id='block_1_60' title="bbox 2044 3607 3632 3677">
    <p class='ocr_par' dir='ltr' id='par_1_60' title="bbox 2044 3607 3632 3677">
     <span class='ocr_line' id='line_1_60' title="bbox 2044 3607 3632 3677; baseline 0.008 -20"><span class='ocrx_word' id='word_1_396' title='bbox 2044 3611 2307 3672; x_wconf 81' lang='lat' dir='ltr'><strong>egentes;</strong></span> <span class='ocrx_word' id='word_1_397' title='bbox 2349 3610 2649 3674; x_wconf 87' lang='lat' dir='ltr'><strong>rursusque</strong></span> <span class='ocrx_word' id='word_1_398' title='bbox 2700 3607 2872 3664; x_wconf 90' lang='lat' dir='ltr'><strong>Deum</strong></span> <span class='ocrx_word' id='word_1_399' title='bbox 2920 3618 3236 3677; x_wconf 87' lang='lat' dir='ltr'><strong>precaretur</strong></span> <span class='ocrx_word' id='word_1_400' title='bbox 3267 3611 3505 3668; x_wconf 86' lang='lat' dir='ltr'><strong>assidue.</strong></span> <span class='ocrx_word' id='word_1_401' title='bbox 3551 3615 3632 3669; x_wconf 78' lang='lat' dir='ltr'><strong>Ad</strong></span> 
     </span>
    </p>
   </div>
   <div class='ocr_carea' id='block_1_61' title="bbox 2045 3697 3635 3771">
    <p class='ocr_par' dir='ltr' id='par_1_61' title="bbox 2045 3697 3635 3771">
     <span class='ocr_line' id='line_1_61' title="bbox 2045 3697 3635 3771; baseline 0.006 -20"><span class='ocrx_word' id='word_1_402' title='bbox 2045 3710 2167 3751; x_wconf 84' lang='lat' dir='ltr'><strong>eum</strong></span> <span class='ocrx_word' id='word_1_403' title='bbox 2223 3706 2471 3766; x_wconf 84' lang='lat' dir='ltr'><strong>agentem</strong></span> <span class='ocrx_word' id='word_1_404' title='bbox 2505 3697 2771 3762; x_wconf 66' lang='lat' dir='ltr'><strong>Caesareae</strong></span> <span class='ocrx_word' id='word_1_405' title='bbox 2825 3697 2908 3771; x_wconf 92' lang='lat' dir='ltr'><strong>(ut</strong></span> <span class='ocrx_word' id='word_1_406' title='bbox 2934 3698 3155 3756; x_wconf 88' lang='lat' dir='ltr'><strong>divinus</strong></span> <span class='ocrx_word' id='word_1_407' title='bbox 3181 3700 3359 3759; x_wconf 83' lang='lat' dir='ltr'><strong>Lucas</strong></span> <span class='ocrx_word' id='word_1_408' title='bbox 3402 3704 3468 3758; x_wconf 91' lang='lat' dir='ltr'><strong>de</strong></span> <span class='ocrx_word' id='word_1_409' title='bbox 3514 3705 3635 3771; x_wconf 90' lang='lat' dir='ltr'><strong>ipso</strong></span> 
     </span>
    </p>
   </div>
   <div class='ocr_carea' id='block_1_62' title="bbox 2044 3784 3630 3860">
    <p class='ocr_par' dir='ltr' id='par_1_62' title="bbox 2044 3784 3630 3860">
     <span class='ocr_line' id='line_1_62' title="bbox 2044 3784 3630 3860; baseline 0.004 -21"><span class='ocrx_word' id='word_1_410' title='bbox 2044 3784 2212 3841; x_wconf 75' lang='lat' dir='ltr'><strong>rel‘ert</strong></span> <span class='ocrx_word' id='word_1_411' title='bbox 2259 3787 2602 3855; x_wconf 85' lang='lat' dir='ltr'><strong>apertissime</strong></span> <span class='ocrx_word' id='word_1_412' title='bbox 2653 3786 2697 3859; x_wconf 68' lang='lat'><strong>‘)</strong></span> <span class='ocrx_word' id='word_1_413' title='bbox 2748 3791 2896 3845; x_wconf 81' lang='lat' dir='ltr'><strong>venit</strong></span> <span class='ocrx_word' id='word_1_414' title='bbox 2934 3790 3162 3860; x_wconf 80' lang='lat' dir='ltr'><strong>angelus</strong></span> <span class='ocrx_word' id='word_1_415' title='bbox 3210 3791 3355 3847; x_wconf 88' lang='lat' dir='ltr'><strong>circa</strong></span> <span class='ocrx_word' id='word_1_416' title='bbox 3428 3806 3630 3854; x_wconf 82' lang='lat' dir='ltr'><strong>nonam</strong></span> 
     </span>
    </p>
   </div>
   <div class='ocr_carea' id='block_1_63' title="bbox 2046 3880 3632 3949">
    <p class='ocr_par' dir='ltr' id='par_1_63' title="bbox 2046 3880 3632 3949">
     <span class='ocr_line' id='line_1_63' title="bbox 2046 3880 3632 3949; baseline 0.007 -17"><span class='ocrx_word' id='word_1_417' title='bbox 2046 3880 2233 3934; x_wconf 86' lang='lat' dir='ltr'><strong>horam</strong></span> <span class='ocrx_word' id='word_1_418' title='bbox 2314 3880 2446 3948; x_wconf 88' lang='lat' dir='ltr'><strong>diei,</strong></span> <span class='ocrx_word' id='word_1_419' title='bbox 2500 3888 2557 3935; x_wconf 87' lang='lat' dir='ltr'><strong>et</strong></span> <span class='ocrx_word' id='word_1_420' title='bbox 2607 3881 2749 3936; x_wconf 77' lang='lat' dir='ltr'><strong>dixit</strong></span> <span class='ocrx_word' id='word_1_421' title='bbox 2798 3881 2897 3936; x_wconf 89' lang='lat' dir='ltr'><strong>ei:</strong></span> <span class='ocrx_word' id='word_1_422' title='bbox 2951 3881 3190 3949; x_wconf 85' lang='lat' dir='ltr'><strong>Corneli,</strong></span> <span class='ocrx_word' id='word_1_423' title='bbox 3247 3885 3524 3942; x_wconf 79' lang='lat' dir='ltr'><strong>orationes</strong></span> <span class='ocrx_word' id='word_1_424' title='bbox 3576 3896 3632 3944; x_wconf 86' lang='lat' dir='ltr'><strong>et</strong></span> 
     </span>
    </p>
   </div>
   <div class='ocr_carea' id='block_1_64' title="bbox 2041 3969 3626 4041">
    <p class='ocr_par' dir='ltr' id='par_1_64' title="bbox 2041 3969 3626 4041">
     <span class='ocr_line' id='line_1_64' title="bbox 2041 3969 3626 4041; baseline 0.006 -18"><span class='ocrx_word' id='word_1_425' title='bbox 2041 3969 2400 4041; x_wconf 70' lang='lat' dir='ltr'><strong>eleemosynae</strong></span> <span class='ocrx_word' id='word_1_426' title='bbox 2446 3979 2551 4025; x_wconf 63' lang='lat' dir='ltr'><strong>tua:</strong></span> <span class='ocrx_word' id='word_1_427' title='bbox 2583 3973 2947 4027; x_wconf 87' lang='lat' dir='ltr'><strong>ascenderunt</strong></span> <span class='ocrx_word' id='word_1_428' title='bbox 2974 3974 3027 4027; x_wconf 90' lang='lat' dir='ltr'><strong>in</strong></span> <span class='ocrx_word' id='word_1_429' title='bbox 3060 3976 3374 4030; x_wconf 73' lang='lat' dir='ltr'><strong>trientoriam</strong></span> <span class='ocrx_word' id='word_1_430' title='bbox 3414 3979 3466 4031; x_wconf 92' lang='lat' dir='ltr'><strong>in</strong></span> <span class='ocrx_word' id='word_1_431' title='bbox 3491 3994 3626 4035; x_wconf 77' lang='lat' dir='ltr'><strong>eon-</strong></span> 
     </span>
    </p>
   </div>
   <div class='ocr_carea' id='block_1_65' title="bbox 2043 4061 3631 4136">
    <p class='ocr_par' dir='ltr' id='par_1_65' title="bbox 2043 4061 3631 4136">
     <span class='ocr_line' id='line_1_65' title="bbox 2043 4061 3631 4136; baseline 0.009 -23"><span class='ocrx_word' id='word_1_432' title='bbox 2043 4070 2227 4128; x_wconf 78' lang='lat' dir='ltr'><strong>Spectu</strong></span> <span class='ocrx_word' id='word_1_433' title='bbox 2258 4061 2351 4115; x_wconf 90' lang='lat' dir='ltr'><strong>Dei</strong></span> <span class='ocrx_word' id='word_1_434' title='bbox 2386 4077 2402 4114; x_wconf 86' lang='lat'><strong>:</strong></span> <span class='ocrx_word' id='word_1_435' title='bbox 2436 4068 2490 4116; x_wconf 90' lang='lat' dir='ltr'><strong>et</strong></span> <span class='ocrx_word' id='word_1_436' title='bbox 2526 4077 2671 4117; x_wconf 90' lang='lat' dir='ltr'><strong>nunc</strong></span> <span class='ocrx_word' id='word_1_437' title='bbox 2700 4063 2853 4119; x_wconf 86' lang='lat' dir='ltr'><strong>mitte</strong></span> <span class='ocrx_word' id='word_1_438' title='bbox 2895 4066 3042 4121; x_wconf 88' lang='lat' dir='ltr'><strong>viros</strong></span> <span class='ocrx_word' id='word_1_439' title='bbox 3069 4065 3296 4136; x_wconf 82' lang='lat' dir='ltr'><strong>Joppen,</strong></span> <span class='ocrx_word' id='word_1_440' title='bbox 3325 4078 3381 4124; x_wconf 89' lang='lat' dir='ltr'><strong>et</strong></span> <span class='ocrx_word' id='word_1_441' title='bbox 3411 4084 3631 4128; x_wconf 78' lang='lat' dir='ltr'><strong>accerse</strong></span> 
     </span>
    </p>
   </div>
   <div class='ocr_carea' id='block_1_66' title="bbox 2046 4149 3627 4233">
    <p class='ocr_par' dir='ltr' id='par_1_66' title="bbox 2046 4149 3627 4233">
     <span class='ocr_line' id='line_1_66' title="bbox 2046 4149 3627 4233; baseline 0.01 -29"><span class='ocrx_word' id='word_1_442' title='bbox 2046 4149 2343 4219; x_wconf 88' lang='lat' dir='ltr'><strong>Simonem,</strong></span> <span class='ocrx_word' id='word_1_443' title='bbox 2388 4153 2482 4223; x_wconf 86' lang='lat' dir='ltr'><strong>qui</strong></span> <span class='ocrx_word' id='word_1_444' title='bbox 2543 4154 2847 4225; x_wconf 87' lang='lat' dir='ltr'><strong>appellatur</strong></span> <span class='ocrx_word' id='word_1_445' title='bbox 2877 4154 3070 4213; x_wconf 82' lang='lat' dir='ltr'><strong>Petrus</strong></span> <span class='ocrx_word' id='word_1_446' title='bbox 3099 4175 3113 4211; x_wconf 87' lang='lat'><strong>:</strong></span> <span class='ocrx_word' id='word_1_447' title='bbox 3149 4158 3195 4213; x_wconf 87' lang='lat' dir='ltr'><strong>is</strong></span> <span class='ocrx_word' id='word_1_448' title='bbox 3241 4174 3365 4215; x_wconf 88' lang='lat' dir='ltr'><strong>cum</strong></span> <span class='ocrx_word' id='word_1_449' title='bbox 3399 4164 3627 4233; x_wconf 84' lang='lat' dir='ltr'><strong>venerit,</strong></span> 
     </span>
    </p>
   </div>
   <div class='ocr_carea' id='block_1_67' title="bbox 2042 4242 3632 4319">
    <p class='ocr_par' dir='ltr' id='par_1_67' title="bbox 2042 4242 3632 4319">
     <span class='ocr_line' id='line_1_67' title="bbox 2042 4242 3632 4319; baseline 0.008 -24"><span class='ocrx_word' id='word_1_450' title='bbox 2042 4242 2292 4310; x_wconf 88' lang='lat' dir='ltr'><strong>loquetur</strong></span> <span class='ocrx_word' id='word_1_451' title='bbox 2325 4244 2420 4299; x_wconf 86' lang='lat' dir='ltr'><strong>tibi</strong></span> <span class='ocrx_word' id='word_1_452' title='bbox 2452 4245 2616 4299; x_wconf 85' lang='lat' dir='ltr'><strong>verba</strong></span> <span class='ocrx_word' id='word_1_453' title='bbox 2646 4246 2789 4302; x_wconf 84' lang='lat' dir='ltr'><strong>vitae.</strong></span> <span class='ocrx_word' id='word_1_454' title='bbox 2822 4244 2950 4302; x_wconf 66' lang='lat' dir='ltr'><strong>Haec</strong></span> <span class='ocrx_word' id='word_1_455' title='bbox 2974 4263 3097 4302; x_wconf 91' lang='lat' dir='ltr'><strong>eum</strong></span> <span class='ocrx_word' id='word_1_456' title='bbox 3117 4248 3205 4304; x_wconf 89' lang='lat' dir='ltr'><strong>ille</strong></span> <span class='ocrx_word' id='word_1_457' title='bbox 3229 4252 3446 4319; x_wconf 89' lang='lat' dir='ltr'><strong>quidem</strong></span> <span class='ocrx_word' id='word_1_458' title='bbox 3478 4268 3632 4308; x_wconf 83' lang='lat' dir='ltr'><strong>man-</strong></span> 
     </span>
    </p>
   </div>
   <div class='ocr_carea' id='block_1_68' title="bbox 2044 4335 3629 4410">
    <p class='ocr_par' dir='ltr' id='par_1_68' title="bbox 2044 4335 3629 4410">
     <span class='ocr_line' id='line_1_68' title="bbox 2044 4335 3629 4410; baseline 0.008 -21"><span class='ocrx_word' id='word_1_459' title='bbox 2044 4335 2247 4402; x_wconf 85' lang='lat' dir='ltr'><strong>dasset,</strong></span> <span class='ocrx_word' id='word_1_460' title='bbox 2277 4336 2692 4407; x_wconf 63' lang='lat' dir='ltr'><strong>.non&#39;amplius</strong></span> <span class='ocrx_word' id='word_1_461' title='bbox 2741 4339 3057 4410; x_wconf 86' lang='lat' dir='ltr'><strong>apparebat.</strong></span> <span class='ocrx_word' id='word_1_462' title='bbox 3109 4340 3392 4398; x_wconf 88' lang='lat' dir='ltr'><strong>Cornelius</strong></span> <span class='ocrx_word' id='word_1_463' title='bbox 3446 4342 3629 4401; x_wconf 77' lang='lat' dir='ltr'><strong>autem</strong></span> 
     </span>
    </p>
   </div>
   <div class='ocr_carea' id='block_1_69' title="bbox 2043 4427 3631 4504">
    <p class='ocr_par' dir='ltr' id='par_1_69' title="bbox 2043 4427 3631 4504">
     <span class='ocr_line' id='line_1_69' title="bbox 2043 4427 3631 4504; baseline 0.007 -23"><span class='ocrx_word' id='word_1_464' title='bbox 2043 4428 2227 4482; x_wconf 85' lang='lat' dir='ltr'><strong>statim</strong></span> <span class='ocrx_word' id='word_1_465' title='bbox 2267 4427 2476 4484; x_wconf 86' lang='lat' dir='ltr'><strong>duobus</strong></span> <span class='ocrx_word' id='word_1_466' title='bbox 2525 4430 2732 4485; x_wconf 86' lang='lat' dir='ltr'><strong>vocatis</strong></span> <span class='ocrx_word' id='word_1_467' title='bbox 2778 4429 3018 4493; x_wconf 82' lang='lat' dir='ltr'><strong>famulis,</strong></span> <span class='ocrx_word' id='word_1_468' title='bbox 3058 4440 3112 4487; x_wconf 88' lang='lat' dir='ltr'><strong>et</strong></span> <span class='ocrx_word' id='word_1_469' title='bbox 3142 4433 3232 4502; x_wconf 88' lang='lat' dir='ltr'><strong>pio</strong></span> <span class='ocrx_word' id='word_1_470' title='bbox 3259 4436 3494 4504; x_wconf 88' lang='lat' dir='ltr'><strong>quodam</strong></span> <span class='ocrx_word' id='word_1_471' title='bbox 3526 4437 3631 4492; x_wconf 86' lang='lat' dir='ltr'><strong>mi-</strong></span> 
     </span>
    </p>
   </div>
   <div class='ocr_carea' id='block_1_70' title="bbox 2044 4510 3628 4598">
    <p class='ocr_par' dir='ltr' id='par_1_70' title="bbox 2044 4510 3628 4598">
     <span class='ocr_line' id='line_1_70' title="bbox 2044 4510 3628 4598; baseline 0.008 -28"><span class='ocrx_word' id='word_1_472' title='bbox 2044 4517 2160 4583; x_wconf 88' lang='lat' dir='ltr'><strong>lite,</strong></span> <span class='ocrx_word' id='word_1_473' title='bbox 2200 4533 2267 4572; x_wconf 87' lang='lat' dir='ltr'><strong>ex</strong></span> <span class='ocrx_word' id='word_1_474' title='bbox 2300 4510 2367 4573; x_wconf 83' lang='lat' dir='ltr'><strong>iis</strong></span> <span class='ocrx_word' id='word_1_475' title='bbox 2415 4518 2512 4588; x_wconf 76' lang='lat' dir='ltr'><strong>qui</strong></span> <span class='ocrx_word' id='word_1_476' title='bbox 2557 4518 2632 4574; x_wconf 87' lang='lat' dir='ltr'><strong>illi</strong></span> <span class='ocrx_word' id='word_1_477' title='bbox 2691 4530 2955 4590; x_wconf 85' lang='lat' dir='ltr'><strong>perpetuo</strong></span> <span class='ocrx_word' id='word_1_478' title='bbox 2983 4523 3231 4590; x_wconf 87' lang='lat' dir='ltr'><strong>aderant,</strong></span> <span class='ocrx_word' id='word_1_479' title='bbox 3286 4525 3395 4581; x_wconf 91' lang='lat' dir='ltr'><strong>illis</strong></span> <span class='ocrx_word' id='word_1_480' title='bbox 3428 4528 3628 4598; x_wconf 89' lang='lat' dir='ltr'><strong>aperit,</strong></span> 
     </span>
    </p>
   </div>
   <div class='ocr_carea' id='block_1_71' title="bbox 2044 4609 3627 4689">
    <p class='ocr_par' dir='ltr' id='par_1_71' title="bbox 2044 4609 3627 4689">
     <span class='ocr_line' id='line_1_71' title="bbox 2044 4609 3627 4689; baseline 0.009 -27"><span class='ocrx_word' id='word_1_481' title='bbox 2044 4623 2165 4678; x_wconf 82' lang='lat' dir='ltr'><strong>quae</strong></span> <span class='ocrx_word' id='word_1_482' title='bbox 2196 4609 2431 4676; x_wconf 87' lang='lat' dir='ltr'><strong>viderat,</strong></span> <span class='ocrx_word' id='word_1_483' title='bbox 2457 4619 2513 4666; x_wconf 89' lang='lat' dir='ltr'><strong>et</strong></span> <span class='ocrx_word' id='word_1_484' title='bbox 2537 4624 2632 4666; x_wconf 91' lang='lat' dir='ltr'><strong>eos</strong></span> <span class='ocrx_word' id='word_1_485' title='bbox 2654 4611 2822 4667; x_wconf 91' lang='lat' dir='ltr'><strong>mittit</strong></span> <span class='ocrx_word' id='word_1_486' title='bbox 2848 4610 3080 4683; x_wconf 81' lang='lat' dir='ltr'><strong>Joppen.</strong></span> <span class='ocrx_word' id='word_1_487' title='bbox 3105 4612 3224 4689; x_wconf 81' lang='lat' dir='ltr'><strong>lilio</strong></span> <span class='ocrx_word' id='word_1_488' title='bbox 3245 4616 3390 4671; x_wconf 91' lang='lat' dir='ltr'><strong>enim</strong></span> <span class='ocrx_word' id='word_1_489' title='bbox 3424 4623 3627 4677; x_wconf 84' lang='lat' dir='ltr'><strong>versari</strong></span> 
     </span>
    </p>
   </div>
   <div class='ocr_carea' id='block_1_72' title="bbox 2045 4699 3630 4773">
    <p class='ocr_par' dir='ltr' id='par_1_72' title="bbox 2045 4699 3630 4773">
     <span class='ocr_line' id='line_1_72' title="bbox 2045 4699 3630 4773; baseline 0.006 -17"><span class='ocrx_word' id='word_1_490' title='bbox 2045 4699 2262 4757; x_wconf 86' lang='lat' dir='ltr'><strong>Petrum</strong></span> <span class='ocrx_word' id='word_1_491' title='bbox 2290 4703 2427 4761; x_wconf 83' lang='lat' dir='ltr'><strong>dixit</strong></span> <span class='ocrx_word' id='word_1_492' title='bbox 2448 4701 2690 4772; x_wconf 82' lang='lat' dir='ltr'><strong>angelus,</strong></span> <span class='ocrx_word' id='word_1_493' title='bbox 2714 4702 2854 4772; x_wconf 88' lang='lat' dir='ltr'><strong>apud</strong></span> <span class='ocrx_word' id='word_1_494' title='bbox 2895 4706 3185 4773; x_wconf 87' lang='lat' dir='ltr'><strong>quemdam</strong></span> <span class='ocrx_word' id='word_1_495' title='bbox 3221 4705 3501 4765; x_wconf 88' lang='lat' dir='ltr'><strong>Simonem</strong></span> <span class='ocrx_word' id='word_1_496' title='bbox 3538 4726 3630 4766; x_wconf 84' lang='lat' dir='ltr'><strong>co-</strong></span> 
     </span>
    </p>
   </div>
   <div class='ocr_carea' id='block_1_73' title="bbox 2045 4795 3633 4868">
    <p class='ocr_par' dir='ltr' id='par_1_73' title="bbox 2045 4795 3633 4868">
     <span class='ocr_line' id='line_1_73' title="bbox 2045 4795 3633 4868; baseline 0.008 -18"><span class='ocrx_word' id='word_1_497' title='bbox 2045 4796 2295 4852; x_wconf 87' lang='lat' dir='ltr'><strong>riarium.</strong></span> <span class='ocrx_word' id='word_1_498' title='bbox 2328 4795 2525 4852; x_wconf 87' lang='lat' dir='ltr'><strong>Petrus</strong></span> <span class='ocrx_word' id='word_1_499' title='bbox 2549 4807 2750 4863; x_wconf 88' lang='lat' dir='ltr'><strong>autem,</strong></span> <span class='ocrx_word' id='word_1_500' title='bbox 2783 4798 2875 4868; x_wconf 88' lang='lat' dir='ltr'><strong>qui</strong></span> <span class='ocrx_word' id='word_1_501' title='bbox 2905 4813 3121 4853; x_wconf 90' lang='lat' dir='ltr'><strong>onmem</strong></span> <span class='ocrx_word' id='word_1_502' title='bbox 3167 4808 3367 4854; x_wconf 84' lang='lat' dir='ltr'><strong>terram</strong></span> <span class='ocrx_word' id='word_1_503' title='bbox 3397 4814 3454 4859; x_wconf 86' lang='lat' dir='ltr'><strong>et</strong></span> <span class='ocrx_word' id='word_1_504' title='bbox 3485 4820 3633 4863; x_wconf 87' lang='lat' dir='ltr'><strong>mare</strong></span> 
     </span>
    </p>
   </div>
   <div class='ocr_carea' id='block_1_74' title="bbox 2044 4889 3632 4961">
    <p class='ocr_par' dir='ltr' id='par_1_74' title="bbox 2044 4889 3632 4961">
     <span class='ocr_line' id='line_1_74' title="bbox 2044 4889 3632 4961; baseline 0.004 -16"><span class='ocrx_word' id='word_1_505' title='bbox 2044 4889 2227 4945; x_wconf 87' lang='lat' dir='ltr'><strong>obibat</strong></span> <span class='ocrx_word' id='word_1_506' title='bbox 2257 4890 2620 4959; x_wconf 65' lang='lat' dir='ltr'><strong>praedicando,</strong></span> <span class='ocrx_word' id='word_1_507' title='bbox 2645 4897 2699 4945; x_wconf 90' lang='lat' dir='ltr'><strong>et</strong></span> <span class='ocrx_word' id='word_1_508' title='bbox 2717 4891 2999 4944; x_wconf 88' lang='lat' dir='ltr'><strong>veritatem</strong></span> <span class='ocrx_word' id='word_1_509' title='bbox 3045 4891 3242 4961; x_wconf 90' lang='lat' dir='ltr'><strong>ubique</strong></span> <span class='ocrx_word' id='word_1_510' title='bbox 3270 4897 3632 4952; x_wconf 85' lang='lat' dir='ltr'><strong>annuntiabat</strong></span> 
     </span>
    </p>
   </div>
   <div class='ocr_carea' id='block_1_75' title="bbox 2046 4982 3634 5055">
    <p class='ocr_par' dir='ltr' id='par_1_75' title="bbox 2046 4982 3634 5055">
     <span class='ocr_line' id='line_1_75' title="bbox 2046 4982 3634 5055; baseline 0.005 -18"><span class='ocrx_word' id='word_1_511' title='bbox 2046 4982 2188 5053; x_wconf 86' lang='lat' dir='ltr'><strong>(erat</strong></span> <span class='ocrx_word' id='word_1_512' title='bbox 2213 4983 2357 5038; x_wconf 88' lang='lat' dir='ltr'><strong>enim</strong></span> <span class='ocrx_word' id='word_1_513' title='bbox 2387 4997 2576 5037; x_wconf 86' lang='lat' dir='ltr'><strong>revera</strong></span> <span class='ocrx_word' id='word_1_514' title='bbox 2610 4984 2820 5051; x_wconf 86' lang='lat' dir='ltr'><strong>positus</strong></span> <span class='ocrx_word' id='word_1_515' title='bbox 2850 4984 2903 5038; x_wconf 92' lang='lat' dir='ltr'><strong>in</strong></span> <span class='ocrx_word' id='word_1_516' title='bbox 2937 4983 3112 5047; x_wconf 86' lang='lat' dir='ltr'><strong>lucem</strong></span> <span class='ocrx_word' id='word_1_517' title='bbox 3134 4987 3375 5055; x_wconf 86' lang='lat' dir='ltr'><strong>gentium</strong></span> <span class='ocrx_word' id='word_1_518' title='bbox 3408 4997 3463 5043; x_wconf 89' lang='lat' dir='ltr'><strong>et</strong></span> <span class='ocrx_word' id='word_1_519' title='bbox 3490 4989 3634 5047; x_wconf 74' lang='lat' dir='ltr'><strong>salu-.</strong></span> 
     </span>
    </p>
   </div>
   <div class='ocr_carea' id='block_1_76' title="bbox 2044 5073 3632 5148">
    <p class='ocr_par' dir='ltr' id='par_1_76' title="bbox 2044 5073 3632 5148">
     <span class='ocr_line' id='line_1_76' title="bbox 2044 5073 3632 5148; baseline 0 -15"><span class='ocrx_word' id='word_1_520' title='bbox 2044 5086 2155 5133; x_wconf 85' lang='lat' dir='ltr'><strong>tem</strong></span> <span class='ocrx_word' id='word_1_521' title='bbox 2183 5073 2529 5144; x_wconf 84' lang='lat' dir='ltr'><strong>multorum),</strong></span> <span class='ocrx_word' id='word_1_522' title='bbox 2561 5074 2841 5146; x_wconf 81' lang='lat' dir='ltr'><strong>ingressus</strong></span> <span class='ocrx_word' id='word_1_523' title='bbox 2869 5075 2935 5129; x_wconf 91' lang='lat' dir='ltr'><strong>ad</strong></span> <span class='ocrx_word' id='word_1_524' title='bbox 2963 5085 3180 5132; x_wconf 86' lang='lat' dir='ltr'><strong>sanctos</strong></span> <span class='ocrx_word' id='word_1_525' title='bbox 3197 5079 3289 5148; x_wconf 90' lang='lat' dir='ltr'><strong>qui</strong></span> <span class='ocrx_word' id='word_1_526' title='bbox 3313 5078 3632 5145; x_wconf 77' lang='lat' dir='ltr'><strong>habitabant</strong></span> 
     </span>
    </p>
   </div>
   <div class='ocr_carea' id='block_1_77' title="bbox 2044 5165 3631 5241">
    <p class='ocr_par' dir='ltr' id='par_1_77' title="bbox 2044 5165 3631 5241">
     <span class='ocr_line' id='line_1_77' title="bbox 2044 5165 3631 5241; baseline 0.002 -19"><span class='ocrx_word' id='word_1_527' title='bbox 2044 5165 2308 5240; x_wconf 85' lang='lat' dir='ltr'><strong>Lyddam,</strong></span> <span class='ocrx_word' id='word_1_528' title='bbox 2361 5183 2483 5222; x_wconf 90' lang='lat' dir='ltr'><strong>cum</strong></span> <span class='ocrx_word' id='word_1_529' title='bbox 2516 5167 2805 5237; x_wconf 89' lang='lat' dir='ltr'><strong>quemdam</strong></span> <span class='ocrx_word' id='word_1_530' title='bbox 2858 5165 3112 5235; x_wconf 67' lang='lat' dir='ltr'><strong>Eheam,</strong></span> <span class='ocrx_word' id='word_1_531' title='bbox 3172 5170 3263 5241; x_wconf 84' lang='lat' dir='ltr'><strong>qui</strong></span> <span class='ocrx_word' id='word_1_532' title='bbox 3319 5178 3443 5225; x_wconf 86' lang='lat' dir='ltr'><strong>octo</strong></span> <span class='ocrx_word' id='word_1_533' title='bbox 3473 5172 3631 5231; x_wconf 81' lang='lat' dir='ltr'><strong>annis</strong></span> 
     </span>
    </p>
   </div>
   <div class='ocr_carea' id='block_1_78' title="bbox 2042 5258 3631 5334">
    <p class='ocr_par' dir='ltr' id='par_1_78' title="bbox 2042 5258 3631 5334">
     <span class='ocr_line' id='line_1_78' title="bbox 2042 5258 3631 5334; baseline 0.003 -21"><span class='ocrx_word' id='word_1_534' title='bbox 2042 5258 2259 5329; x_wconf 79' lang='lat' dir='ltr'><strong>iacebat</strong></span> <span class='ocrx_word' id='word_1_535' title='bbox 2295 5262 2644 5333; x_wconf 74' lang='lat' dir='ltr'><strong>paralyticos,</strong></span> <span class='ocrx_word' id='word_1_536' title='bbox 2676 5260 2896 5317; x_wconf 77' lang='lat' dir='ltr'><strong>fecisset</strong></span> <span class='ocrx_word' id='word_1_537' title='bbox 2921 5276 3166 5334; x_wconf 78' lang='lat' dir='ltr'><strong>surgere,</strong></span> <span class='ocrx_word' id='word_1_538' title='bbox 3202 5261 3408 5333; x_wconf 78' lang='lat' dir='ltr'><strong>JOppen</strong></span> <span class='ocrx_word' id='word_1_539' title='bbox 3434 5263 3631 5333; x_wconf 79' lang='lat' dir='ltr'><strong>deinde</strong></span> 
     </span>
    </p>
   </div>
   <div class='ocr_carea' id='block_1_79' title="bbox 2050 5349 3633 5422">
    <p class='ocr_par' dir='ltr' id='par_1_79' title="bbox 2050 5349 3633 5422">
     <span class='ocr_line' id='line_1_79' title="bbox 2050 5349 3633 5422; baseline 0.001 -17"><span class='ocrx_word' id='word_1_540' title='bbox 2050 5352 2311 5416; x_wconf 88' lang='lat' dir='ltr'><strong>venisset,</strong></span> <span class='ocrx_word' id='word_1_541' title='bbox 2344 5361 2397 5406; x_wconf 89' lang='lat' dir='ltr'><strong>et</strong></span> <span class='ocrx_word' id='word_1_542' title='bbox 2435 5352 2490 5407; x_wconf 90' lang='lat' dir='ltr'><strong>in</strong></span> <span class='ocrx_word' id='word_1_543' title='bbox 2522 5349 2775 5417; x_wconf 87' lang='lat' dir='ltr'><strong>Tabitha,</strong></span> <span class='ocrx_word' id='word_1_544' title='bbox 2805 5366 2925 5422; x_wconf 71' lang='lat' dir='ltr'><strong>quae</strong></span> <span class='ocrx_word' id='word_1_545' title='bbox 2963 5360 3188 5407; x_wconf 77' lang='lat' dir='ltr'><strong>vocatur</strong></span> <span class='ocrx_word' id='word_1_546' title='bbox 3210 5351 3433 5415; x_wconf 88' lang='lat' dir='ltr'><strong>Dorcas,</strong></span> <span class='ocrx_word' id='word_1_547' title='bbox 3464 5352 3633 5407; x_wconf 59' lang='lat' dir='ltr'><strong>iecise</strong></span> 
     </span>
    </p>
   </div>
   <div class='ocr_carea' id='block_1_80' title="bbox 2048 5441 3630 5514">
    <p class='ocr_par' dir='ltr' id='par_1_80' title="bbox 2048 5441 3630 5514">
     <span class='ocr_line' id='line_1_80' title="bbox 2048 5441 3630 5514; baseline -0.003 -16"><span class='ocrx_word' id='word_1_548' title='bbox 2048 5452 2131 5498; x_wconf 88' lang='lat' dir='ltr'><strong>set</strong></span> <span class='ocrx_word' id='word_1_549' title='bbox 2160 5458 2411 5513; x_wconf 88' lang='lat' dir='ltr'><strong>magnum</strong></span> <span class='ocrx_word' id='word_1_550' title='bbox 2466 5443 2596 5499; x_wconf 90' lang='lat' dir='ltr'><strong>illud</strong></span> <span class='ocrx_word' id='word_1_551' title='bbox 2654 5444 3010 5513; x_wconf 89' lang='lat' dir='ltr'><strong>miraculum,</strong></span> <span class='ocrx_word' id='word_1_552' title='bbox 3076 5442 3166 5499; x_wconf 91' lang='lat' dir='ltr'><strong>hic</strong></span> <span class='ocrx_word' id='word_1_553' title='bbox 3206 5443 3435 5514; x_wconf 75' lang='lat' dir='ltr'><strong>degebat</strong></span> <span class='ocrx_word' id='word_1_554' title='bbox 3488 5441 3630 5514; x_wconf 57' lang='lat' dir='ltr'><strong>apud</strong></span> 
     </span>
    </p>
   </div>
   <div class='ocr_carea' id='block_1_81' title="bbox 2049 5549 2360 5591">
    <p class='ocr_par' dir='ltr' id='par_1_81' title="bbox 2049 5549 2360 5591">
     <span class='ocr_line' id='line_1_81' title="bbox 2049 5549 2360 5591; baseline -0.003 -2"><span class='ocrx_word' id='word_1_555' title='bbox 2049 5549 2360 5591; x_wconf 85' lang='lat' dir='ltr'><strong>cortartum.</strong></span> 
     </span>
    </p>
   </div>
   <div class='ocr_carea' id='block_1_82' title="bbox 364 5628 2104 5704">
    <p class='ocr_par' dir='ltr' id='par_1_82' title="bbox 364 5628 2104 5704">
     <span class='ocr_line' id='line_1_82' title="bbox 364 5628 2104 5704; baseline -0.005 -14"><span class='ocrx_word' id='word_1_556' title='bbox 364 5633 554 5704; x_wconf 82' lang='grc' dir='ltr'>θαῦμα</span> <span class='ocrx_word' id='word_1_557' title='bbox 577 5632 917 5701; x_wconf 64' lang='grc' dir='ltr'>διατελέσας,</span> <span class='ocrx_word' id='word_1_558' title='bbox 981 5629 1219 5685; x_wconf 78' lang='grc' dir='ltr'>ἐνταῦθα</span> <span class='ocrx_word' id='word_1_559' title='bbox 1251 5629 1406 5702; x_wconf 83' lang='grc' dir='ltr'>παρὰ</span> <span class='ocrx_word' id='word_1_560' title='bbox 1450 5628 1530 5700; x_wconf 80' lang='grc' dir='ltr'>τῷ</span> <span class='ocrx_word' id='word_1_561' title='bbox 1579 5628 1772 5703; x_wconf 83' lang='grc' dir='ltr'>βυρσεῖ</span> <span class='ocrx_word' id='word_1_562' title='bbox 1808 5630 2104 5702; x_wconf 81' lang='grc' dir='ltr'>κατήγετο.</span> 
     </span>
    </p>
   </div>
   <div class='ocr_carea' id='block_1_83' title="bbox 437 5751 1248 5827">
    <p class='ocr_par' dir='ltr' id='par_1_83' title="bbox 437 5751 1248 5827">
     <span class='ocr_line' id='line_1_83' title="bbox 437 5751 1248 5827; baseline -0.007 -15"><span class='ocrx_word' id='word_1_563' title='bbox 437 5756 459 5788; x_wconf 85' lang='grc'>⁸</span> <span class='ocrx_word' id='word_1_564' title='bbox 499 5756 669 5813; x_wconf 80' lang='lat' dir='ltr'><strong>Amos</strong></span> <span class='ocrx_word' id='word_1_565' title='bbox 695 5769 775 5827; x_wconf 79' lang='lat' dir='ltr'><strong>ix,</strong></span> <span class='ocrx_word' id='word_1_566' title='bbox 810 5753 900 5810; x_wconf 81' lang='grc' dir='ltr'><strong>Η.</strong></span> <span class='ocrx_word' id='word_1_567' title='bbox 976 5753 999 5785; x_wconf 73' lang='grc'><strong>⁵</strong></span> <span class='ocrx_word' id='word_1_568' title='bbox 1028 5751 1152 5808; x_wconf 79' lang='lat' dir='ltr'><strong>Act.</strong></span> <span class='ocrx_word' id='word_1_569' title='bbox 1197 5767 1248 5806; x_wconf 72' lang='grc' dir='ltr'>κ.</span> 
     </span>
    </p>
   </div>
  </div>
