4126 6410
484 288 620 350 1295

1656 288 1953 349 MENSIS
2000 287 2298 348 FEBRUA
2311 287 2385 346 ΠΙ
2396 287 2512 348 US.

3579 287 3728 353 12⁸36

550 396 615 452 Il.
645 396 749 451 Sed
781 409 880 450 nec
897 409 1018 449 eum
1043 409 1251 464 quoque
1273 387 1643 453 dimisit'D-eus
1670 396 1912 467 ignarum
1944 414 2055 473 my:

2179 401 2185 405 ·
2232 392 2307 449 B’.
2355 393 2496 448 Ἀλλ’
2527 392 2646 448 οὐδὲ
2677 390 2865 449 τοῦτον
2897 394 3270 466 ἀφῆκεπάλιν
3308 396 3418 452 τῶν
3464 399 3607 455 κατὰ
3638 402 3738 455 τὸν

480 472 654 551 stet-ii,
672 505 778 559 quo
804 501 919 543 erat
938 488 1234 542 initiandus
1253 473 1533 540 Cornelius
1561 504 1575 541 :
1601 498 1693 541 aut
1716 488 1894 556 pdtius
1915 488 2048 543 Cor-

479 585 603 640 nelii
642 582 905 651 justitiam
931 588 983 634 et
1014 593 1200 648 preces
1230 594 1333 631 non
1364 579 1632 649 despexit.
1657 578 1765 635 Sed
1794 582 2046 649 quoniam

480 677 514 731 ii
546 676 636 745 qui
668 684 820 729 erant
876 687 942 726 ex
995 670 1442 734 circumcisione,
1500 671 1834 725 dissidebant
1875 672 1943 725 ab
1987 673 2051 727 iis

480 770 568 836 qui
617 765 889 820 habt-bant
932 763 1286 832 praeputium;
1324 778 1391 815 ne
1413 762 1607 816 Petrus
1636 778 1747 830 eos,
1782 764 1870 832 qui
1900 765 2051 821 missi

478 866 683 912 cranta
715 855 987 917 Cornelio,
1045 865 1102 906 ut
1137 853 1227 922 qui
1271 852 1533 906 haberem
1589 854 1927 921 praeputium,
1961 854 2051 908 in-

479 963 689 1003 cassum
726 960 915 1001 rursus
942 945 1264 1010 remitteret,
1294 952 1577 1012 propterea
1610 945 1750 1010 quod
1768 942 1920 999 nefas
1947 944 2050 999 sibi

479 1050 697 1112 putaret
726 1037 979 1107 congredi
1014 1051 1138 1090 cum
1164 1035 1486 1105 alienigena,
1541 1044 1633 1090 aut
1658 1037 1723 1089 ad
1750 1049 1872 1090 eum
1897 1051 2051 1092 acce-

478 1139 648 1202 dere;
680 1149 801 1189 cum
829 1132 904 1186 illi
940 1132 1191 1186 Caesarea
1225 1130 1484 1199 profecti,
1502 1146 1610 1185 non
1662 1129 1846 1200 procul
1868 1138 2050 1185 essent

478 1229 548 1282 ab
601 1224 794 1295 JOppe,
851 1221 1088 1278 ostendit
1125 1219 1172 1273 ei
1224 1220 1643 1275 Deus‘Cornelii
1690 1221 1944 1275 virtutem
1996 1227 2053 1275 et

479 1318 831 1388 agnitionem.
863 1313 995 1385 Cum
1027 1312 1210 1380 itaque
1251 1312 1590 1368 ascendisset
1634 1312 1685 1366 in
1712 1313 2047 1381 superiorem

482 1412 672 1462 domus
700 1415 931 1473 partem,
955 1413 1012 1457 ut
1038 1417 1158 1472 quae
1181 1404 1310 1457 hora
1334 1412 1483 1457 sexta
1522 1402 1675 1466 ﬁunt,
1710 1417 1896 1471 preces
1929 1402 2050 1455 red-

481 1498 652 1559 deret,
690 1512 749 1551 se
781 1495 902 1549 cibo
954 1494 1176 1547 reficere
1205 1507 1339 1561 opus
1381 1493 1588 1557 habuit,
1634 1502 1691 1546 et
1721 1491 1929 1545 esuriit.
1964 1490 2052 1545 ln-

482 1564 638 1642 terim
670 1596 850 1641 autem
891 1585 1021 1640 dum
1050 1584 1205 1639 Petro
1235 1584 1527 1652 parabatur
1565 1584 1738 1647 cibus,
1768 1582 1915 1637 videt
1935 1596 2048 1637 cm-

474 1679 590 1749 luut
637 1686 904 1747 apertum,
932 1685 987 1732 et
1034 1690 1129 1730 vas
1170 1676 1460 1743 quoddam,
1503 1684 1760 1745 tanquam
1797 1689 2047 1745 magnum

2152 485 2455 557 Κορνήλιον
2483 485 2731 558 ἀμύητον
2757 489 2785 540 ό
2817 488 2951 552 Θεός
2975 502 2988 517 ·
3021 488 3222 557 μᾶλλον
3245 488 3304 542 δὲ
3350 489 3475 545 ούδέ
3510 476 3738 561 τὴνῆτοῦ

2151 577 2455 648 Κορνηλίου
2489 579 2866 651 δικαιοσύνην,
2897 581 3029 635 οὐδὲ.
3057 576 3169 643 τὰς¹
3191 582 3503 652 προσευχὰς
3528 588 3737 654 περιεῖ-

2151 667 2238 720 δεν
2258 684 2272 699 ·
2299 667 2416 719 ἀλλ’
2448 671 2569 720 ἐπεὶ
2597 670 2645 721 oi
2673 672 2737 722 ἐκ
2765 671 3072 741 περιτομῆς
3092 670 3424 742 διεκρίνοντο
3449 673 3586 743 πρὸς
3606 675 3739 736 τοὺς

2152 759 2519 830 ἀκροϐυστίαν
2577 760 2825 831 ἔχοντας,
2884 762 2972 815 ἶνα
3031 761 3106 832 μὴ
3136 764 3232 815 καὶ
3284 758 3439 828 οὗτος
3465 766 3594 828 τοὺς
3624 766 3737 819 ὑπὸ

2153 853 2454 923 Κορνηλίου
2527 839 2888 924 πεμφθέντας
2928 854 3003 917 ὡς
3060 854 3739 929 ἀκροϐύστουςδιακενῆς

2151 945 2542 1015 ἀποπέμψαιτο
2576 945 2759 1012 πάλιν,
2787 940 2874 998 οἷα
2912 946 2973 999 ού
3000 946 3161 1017 θέμις
3189 946 3250 1001 ὂν
3275 947 3354 1018 τῷ
3389 948 3581 1020 Πέτρῳ
3608 948 3739 1002 κολ-
3786 966 3795 973 ”

2152 1037 2351 1090 λᾶσθαι
2378 1037 2411 1109 ἢ
2443 1037 2848 1108 προσέρχεσθαι
2879 1037 3167 1109 ἀλλοφύλῳ
3190 1054 3203 1068 ⁸
3227 1038 3300 1103 ὡς
3331 1040 3434 1110 ήδη
3458 1042 3557 1113 τῆς
3587 1043 3735 1095 Και-

2153 1129 2377 1198 σαρείας
2401 1129 2721 1200 ἀπάραντες
2749 1131 2948 1183 ἐκεῖνοι
2972 1131 3032 1183 οὐ
3050 1129 3253 1203 ,τιόρρω
3317 1131 3539 1201 Ἰόππης
3560 1128 3733 1203 ἦσαν,

2151 1220 2550 1288 παραδείκνυσι
2581 1221 2676 1272 καὶ
2724 1220 2874 1290 αὐτῷ
2898 1221 2997 1292 τὴν
3028 1221 3332 1291 Κορνηλίου
3386 1224 3587 1292 ἀρετὴν
3633 1224 3740 1276 καὶ

2150 1310 2249 1381 τὴν
2271 1310 2568 1378 ἐπίγνωσιν
2597 1313 2624 1364 ό
2644 1311 2803 1374 Θεός.
2849 1311 3133 1364 Ἐντεῦθεν
3160 1313 3189 1365 ὁ
3219 1314 3317 1382 μὲν
3342 1312 3435 1365 ἐπὶ
3459 1313 3517 1365 τὸ
3541 1300 3740 1382 δωμᾶ-

2150 1418 2266 1455 τιον
2298 1401 2529 1467 ἀναϐὰς,
2558 1402 2646 1470 ἐφ’
2668 1396 2713 1470 ᾧ
2743 1403 2842 1466 τὰς
2882 1404 2975 1457 ἐπὶ
2998 1406 3063 1474 τῇ
3096 1404 3231 1477 ἕκτῃ
3259 1405 3378 1477 ὥρᾳ
3396 1405 3561 1474 εὐχὰς
3593 1406 3743 1458 ἀπο·

2150 1492 2261 1564 δῴη
2296 1493 2438 1547 κατὰ
2462 1494 2656 1562 χρείαν
2681 1510 2740 1545 τε
2762 1495 2969 1563 τροφῆς
2999 1495 3243 1563 ἐγεγόνει
3271 1496 3367 1548 καὶ
3398 1497 3735 1566 πρόσπεινος

2149 1576 2238 1652 ἦν.
2282 1581 2371 1635 Ἐν
2399 1582 2508 1649 ὅσῳ
2531 1581 2587 1633 δὲ
2608 1583 2641 1652 ἡ
2672 1583 2914 1644 ἑστίασις
2942 1582 3019 1652 τῷ
3043 1583 3234 1655 Πέτρῳ
3255 1584 3729 1655 παρεσκευάζετο,

2152 1673 2254 1743 ὁρᾷ
2286 1675 2377 1725 τὸν
2398 1673 2628 1743 οὐρανὸν
2661 1673 2962 1742 ἀνεῳγότα,
2995 1673 3089 1727 καὶ
3141 1674 3332 1737 σκεῦός
3351 1692 3403 1728 τι
3433 1675 3734 1746 ὼςὶὀθόνην

483 1769 723 1829 linteum,
763 1775 992 1835 quatuor
1049 1765 1218 1819 initiis
1274 1768 1327 1819 in
1377 1775 1577 1821 terram
1621 1766 1854 1831 demitti,
1892 1771 1945 1818 et
1987 1765 2052 1818 ad

2165 1763 2415 1833 μεγάλην
2444 1764 2734 1832 τέσσαρσιν
2767 1767 2962 1835 ἀρχαῖς
2996 1767 3089 1818 ἐπὶ
3124 1766 3227 1837 τῆς
3250 1768 3356 1837 γῆς
3399 1768 3733 1840 καθιέμενον

482 1864 656 1929 ipsum
691 1858 899 1911 venire.
952 1856 1057 1911 Vas
1082 1868 1261 1911 autem
1316 1858 1631 1911 continebat
1677 1857 1902 1923 bestias,
1945 1864 2053 1910 tam

478 1965 671 2005 omnes
706 1959 863 2002 terra:
894 1949 1297 2018 quadrupedes,
1354 1959 1410 2005 et
1440 1951 1680 2019 reptiles,
1716 1964 1875 2017 quam
1904 1947 2055 2003 volu-

396 2050 399 2051 '
479 2057 601 2097 crcs
633 2041 776 2095 cteli.
809 2040 1035 2109 Voxque
1077 2056 1142 2106 ex
1194 2041 1284 2096 illo
1329 2042 1439 2097 visa
1489 2049 1572 2097 est
1603 2042 1670 2096 ad
1719 2055 1844 2095 eum
1882 2038 2050 2102 exire,

480 2136 697 2198 dit-ens:
739 2152 757 2184 ι
797 2132 988 2203 Surge,
1031 2132 1209 2199 Petre,
1236 2144 1412 2190 macta
1450 2142 1504 2188 et
1524 2132 1765 2189 comede.
1804 2151 1824 2186 ι
1852 2130 2057 2187 Deinde

480 2239 600 2277 cum
622 2225 665 2275 is
683 2223 929 2286 dixisset,
953 2240 971 2273 ι
984 2220 1353 2290 Nequaquam,
1367 2221 1604 2289 Domine;
1619 2241 1637 2275 ι
1655 2232 1709 2278 et
1724 2238 1845 2277 cum
1864 2221 2057 2278 deinde

477 2313 643 2367 etiam
693 2326 913 2367 causam
957 2310 1261 2383 adiecisset,
1304 2308 1619 2379 «Nunquam
1658 2312 1825 2376 enim,
1859 2311 2053 2379 inquit,

481 2402 690 2458 comedi
724 2417 886 2456 omne
927 2416 1213 2456 commune
1260 2410 1352 2455 aut
1402 2403 1733 2457 immundum
1771 2421 1788 2454 ι
1820 2441 1837 2468 ,
1874 2417 1975 2458 vox
2006 2403 2055 2458 ei

483 2508 671 2548 rursus
707 2493 1031 2563 respondit:
1101 2510 1119 2542 ι
1160 2491 1289 2557 Qua:
1338 2490 1509 2547 Deus'
1538 2494 1830 2559 mun'davit,
1885 2503 1938 2548 tu
1990 2509 2056 2549 ne

483 2587 687 2642 dixeris
721 2583 1051 2639 communia.
1100 2601 1121 2634 ι
1154 2581 1405 2650 Cumque
1432 2582 1536 2637 boc
1562 2586 1644 2637 ter
1674 2585 1869 2639 factum
1890 2594 2054 2651 esset,

484 2694 579 2735 vas
608 2692 797 2732 rursus
825 2685 1161 2745 assumptum
1213 2684 1299 2730 est
1348 2674 1404 2729 in
1438 2674 1655 2730 cmlum.
1709 2675 1823 2729 Hoc
1876 2686 2055 2731 autem

485 2768 824 2837 significabat
871 2765 1279 2820 conversionem
1334 2763 1594 2832 Cornelii,
1635 2773 1691 2820 et
1735 2780 1923 2822 eorum
1963 2768 2055 2836 qui

484 2868 785 2915 erantcum
823 2857 956 2926 ipso.
982 2855 1112 2910 Nam
1139 2855 1346 2911 esuries
1376 2856 1614 2927 quidem,
1646 2870 1751 2927 qua
1775 2855 2060 2912 laborabat

486 2949 698 3013 Petrus,
734 2949 1074 3020 significabat
1110 2948 1252 3003 illius
1301 2949 1356 3004 in
1408 2950 1662 3019 pietatem
1721 2950 2057 3019 propositum

486 3043 831 3108 etstudiunt;
868 3050 922 3094 et
947 3040 1089 3109 quod
1127 3039 1172 3093 is
1200 3039 1335 3092 nihil
1381 3039 1515 3094 adeo
1541 3040 1814 3097 esuriebat
1836 3050 1892 3095 et
1914 3039 2059 3095 desi-

487 3136 728 3200 derabat,
759 3144 921 3203 atque
948 3132 1241 3186 infidelium
1266 3131 1615 3201 agnitionem,
1646 3140 1701 3185 et
1727 3130 1808 3186 eis
1823 3116 2059 3191 .onmieo

486 3229 616 3282 dare
646 3241 832 3280 verum
868 3224 956 3279 Dei
988 3224 1194 3278 cultum
1223 3231 1280 3277 et
1299 3221 1736 3292 medicationem
1765 3221 2058 3298 Evangelii.

486 3316 873 3385 Quadrupedes
904 3326 1084 3369 autem
1113 3324 1169 3368 et
1202 3324 1483 3383 serpentes
1531 3327 1597 3368 ac
1622 3313 1871 3369 volucres
1905 3321 2063 3367 erant

489 3413 699 3479 signum
743 3406 1101 3461 multitudinis
1149 3402 1337 3460 eorum
1389 3404 1669 3473 quierant
1710 3404 2059 3461 convertendi

485 3516 609 3554 cum
654 3498 926 3554 Cornelio.
977 3498 1097 3554 γης
1140 3507 1317 3552 autem
1354 3511 1384 3551 e
1434 3496 1573 3552 calo
1627 3509 1706 3552 ter
1739 3497 2056 3563 demissum,

487 3587 828 3658 significabat
849 3598 1057 3643 lernam
1083 3588 1137 3642 in
1173 3589 1444 3658 baptismo
1466 3588 1881 3642 demersionem.
1908 3587 2059 3643 Mun-

487 3683 643 3736 datas
671 3690 850 3736 autem
905 3696 998 3735 eas
1033 3695 1155 3735 esse
1184 3696 1212 3733 a
1262 3680 1393 3747 Deo,
1450 3680 1795 3750 signiﬁcabat
1823 3680 2059 3736 Cornelii

481 3773 749 3844 justitiam
784 3780 839 3826 et
868 3771 1296 3828 misericordiam
1321 3787 1446 3827 cum
1477 3773 1725 3828 universa
1771 3773 1952 3841 domo,
2005 3782 2060 3828 et

488 3863 628 3933 quod
654 3864 686 3919 ii
710 3877 928 3934 quoque
962 3863 1074 3919 Deo
1111 3863 1314 3933 accepti
1342 3874 1652 3920 evaserunt.
1804 3850 1807 3855 ’

550 4119 643 4179 ill.
675 4114 1165 4191 Cogitante-atftent
1197 4121 1376 4190 Petro,
1424 4134 1478 4180 et
1504 4142 1608 4181 non
1655 4128 1868 4183 valente
1893 4127 2056 4184 visio-

486 4223 608 4264 nem
636 4209 926 4280 conjicere,
958 4210 1051 4280 qui
1082 4211 1231 4267 missi
1254 4212 1470 4268 fuerant
1497 4231 1526 4269 a
1557 4216 1832 4293 Cornelio,
1854 4218 1964 4286 jam
1992 4218 2058 4272 ad

486 4301 636 4359 fores
692 4311 973 4358 venerant.
1011 4303 1077 4358 Et
1130 4306 1374 4373 protinus
1409 4307 1653 4365 incidens
1704 4307 1961 4376 Spiritus,
2004 4304 2061 4365 et

486 4396 701 4451 illorum
730 4399 1017 4453 adventum
1069 4400 1361 4468 significat,
1414 4412 1471 4458 et
1517 4401 1674 4473 jubet
1711 4405 1930 4458 Petrum
1966 4419 2060 4461 eos

485 4487 774 4543 convenire
825 4488 1051 4542 minime
1094 4488 1458 4545 haesitantem.
1517 4493 1694 4559 Atque
1732 4492 1779 4545 ei
1815 4492 2055 4559 quidem,

486 4593 607 4633 cum
646 4579 712 4633 ad
769 4593 863 4633 eos
894 4580 1279 4648 descendisset,
1350 4597 1468 4650 quae
1505 4582 1723 4636 vidisset
1749 4581 2056 4649 Cornelius,

486 4677 539 4724 et
563 4683 683 4738 quae
711 4669 779 4724 ab
804 4671 993 4739 angelo
1024 4673 1340 4740 audivisset,
1372 4674 1559 4728 omnia
1589 4673 1919 4727 renuntiant.
1950 4673 2058 4729 ita-

484 4773 589 4828 que
620 4758 704 4812 die
731 4762 973 4827 sequenti
1000 4762 1164 4816 simul
1207 4764 1425 4819 veniunt
1449 4762 1774 4816 Caesaream.
1813 4762 1947 4818 Cum
1980 4765 2060 4818 eis

486 4860 669 4905 autem
716 4851 929 4905 obviam
960 4854 1313 4922 processisset
1351 4841 1671 4918 Cornelius,
1706 4863 1761 4909 et
1792 4856 2059 4924 procidis-

484 4952 567 4998 set
597 4944 662 4996 ad
704 4944 819 5013 ejus
848 4947 1029 5014 pedes,
1054 4946 1216 5016 erigit
1239 4944 1605 5010 eum-Petrus,
1638 4946 1859 5002 dicens:
1897 4965 1916 4998 ι
1948 4948 2058 5018 Ego

486 5046 699 5101 quoque
732 5049 850 5089 sum
885 5037 1067 5090 homo.
1107 5054 1126 5088 ι
1181 5034 1388 5091 Deinde
1431 5051 1551 5090 cum
1583 5037 1638 5091 in
1664 5053 1757 5093 -eo
1800 5041 2062 5094 seminas-

485 5134 569 5178 set
598 5125 818 5180 verbum
857 5127 1095 5197 pietatis,
1134 5137 1190 5183 et
1214 5130 1266 5183 in
1303 5128 1499 5184 animis
1533 5145 1718 5185 eorum
1742 5133 1835 5202 qui
1867 5147 2062 5188 conve-

488 5225 700 5279 nerant,
724 5227 1004 5286 postquam
1033 5218 1168 5273 vidit
1198 5219 1434 5289 Spiritus
1470 5221 1700 5291 gratiam
1732 5223 1787 5276 in
1821 5237 1915 5278 eos
1942 5223 2062 5278 illa-

490 5320 665 5372 psam,
684 5318 738 5360 et
769 5310 1092 5378 baptismum
1119 5313 1545 5382 praecipientem,
1564 5329 1658 5372 eos
1677 5316 1745 5371 ad
1775 5316 2061 5372 veritatem

488 5396 726 5467 deducit,
758 5408 815 5455 et
840 5401 1112 5469 baptismo
1138 5402 1335 5459 initiat.

2157 1856 2253 1909 κα)⁸
2291 1856 2366 1917 ὡς
2391 1855 2554 1907 αὑτὸν
2585 1850 2721 1927 ἧκον
2756 1870 2769 1885 ’
2801 1852 2861 1909 rb
2889 1856 2946 1910 δὲ
2981 1856 3175 1923 σκεῦος
3206 1861 3275 1913 τά
3322 1876 3383 1913 τε
3433 1860 3599 1931 θηρία
3632 1863 3734 1916 καὶ

2154 1944 2224 1998 τὰ
2252 1945 2560 2014 τετράποδα
2587 1946 2685 2015 τῆς
2714 1944 2817 2014 γῆς
2853 1945 3033 2000 πάντα
3063 1947 3250 1999 καὶτὰ
3300 1948 3508 2018 ἑρπετὰ
3538 1951 3633 2002 καὶ
3661 1949 3737 2001 τὰ

2155 2020 2381 2090 πετεινὰ
2428 2036 2524 2089 τοῦ
2574 2037 2805 2107 ούρανοῦ
2840 2038 2898 2090 ἐν
2948 2037 3130 2108 ἐαυτῷ
3168 2032 3305 2110 εἶχε,
3342 2039 3438 2091 καὶ
3456 2041 3607 2109 φωνή
3644 2057 3738 2102 τις

2155 2127 2366 2181 ἐκεῖθεν
2392 2126 2591 2192 ἐξιέναι
2620 2128 2756 2199 πρὸς
2778 2126 2941 2180 αὑτὸν
2969 2128 3145 2181 ἐδόκει
3164 2143 3178 2156 '
3219 2146 3238 2180 ι
3287 2130 3546 2193 Ἀναστὰς
3564 2170 3580 2194 ,
3616 2130 3734 2181 Πέ-

2154 2236 2272 2290 τρε,
2290 2219 2545 2286 λέγουσα,
2575 2218 2736 2273 θῦσον
2754 2219 2853 2272 καὶ
2877 2220 3039 2288 φάγε.
3054 2238 3073 2271 ι
3106 2239 3124 2271 ι
3145 2220 3455 2290 Μηδαμῶς»
3479 2215 3536 2273 δὲ
3557 2221 3737 2291 αὐτῷ,

2162 2310 2387 2382 «Κύριε,
2403 2329 2421 2362 ι
2444 2306 2811 2375 είπόντι,εϊτα
2834 2314 2927 2365 καὶ
2948 2312 3045 2381 τὴν
3066 2298 3575 2382 αἰτίανπροσθέντν
3599 2312 3741 2380 (Οὐ,

2155 2403 2425 2469 Δέσποτα,
2461 2403 2594 2474 γὰρ,
2626 2405 2813 2475 φησὶν,
2850 2402 3053 2473 ἔφαγον
3079 2406 3188 2457 πᾶν
3219 2407 3399 2458 κοινὸν
3429 2405 3549 2459 οὐδὲ
3595 2405 3737 2458 ἀκά-

2155 2490 2375 2563 θαρτον,
2421 2513 2440 2545 ι
2505 2495 2540 2563 ὴ
2581 2495 2731 2565 φωνὴ
2778 2494 3112 2565 ἀπεκρίνατο
3143 2494 3305 2547 πάλιν
3337 2509 3350 2525 ·
3395 2513 3413 2546 t
3451 2496 3518 2547 Ἀ
3550 2493 3738 2559 ὀΘεδς

2156 2584 2508 2655 ἐκαθάρισεν,
2536 2587 2611 2654 μὴ
2650 2585 2831 2638 κοίνου
2855 2585 2943 2641 σύ.
2989 2605 3008 2638 ι
3042 2586 3151 2639 Καὶ
3189 2586 3348 2651 τοῦτο
3364 2588 3458 2639 ἐπὶ
3480 2589 3601 2658 τρὶς
3635 2603 3736 2657 γε·

2155 2676 2331 2745 γονὸς,
2357 2677 2436 2738 είς
2473 2677 2563 2728 τὸν
2589 2676 2817 2745 οὐρανὸν
2875 2678 2936 2729 τὸ
2981 2660 3172 2740 σκεῦος
3219 2678 3500 2749 ἀνελήφθη
3542 2679 3732 2734 πάλιν.

2156 2755 2230 2819 Τὸ
2260 2767 2316 2819 δὲ
2351 2767 2459 2836 ἄρα
2483 2768 2582 2837 τὴν
2616 2768 2953 2838 ἐπιστροφὴν
2984 2769 3284 2839 Κορνηλίου
3320 2772 3416 2823 καὶ⁸
3461 2770 3569 2823 τῶν
3629 2774 3733 2824 σὺν

2156 2857 2303 2927 αὐτῷ
2329 2857 2612 2930 ὑπεδήλου.
2654 2858 2716 2912 Ἦ
2746 2860 2842 2929 μὲν
2883 2859 2992 2930 γὰρ
3025 2861 3124 2929 τῆς
3154 2861 3362 2932 τροφῆς
3391 2862 3482 2915 τού
3516 2863 3731 2932 Πέτρου

2159 2948 2316 3017 χρεία
2344 2949 2442 3018 τὴν
2492 2949 2704 3003 ἐκείνου
2737 2949 2867 3020 περὶ
2897 2951 2994 3020 τὴν
3025 2950 3309 3004 εὐσέϐειαν
3345 2952 3607 3022 πρόθεσιν
3631 2956 3733 3005 καὶ

2157 3035 2258 3107 τὴν
2309 3037 2546 3109 σπουδὴν
2591 3040 2938 3110 ὑπεσήμαινε
2968 3057 2981 3071 ·
3034 3043 3130 3094 καὶ
3188 3043 3263 3105 ὡς
3298 3032 3512 3109 οὐδενὸς
3573 3040 3732 3108 οὗτος

2160 3127 2412 3184 τοσοῦτον
2440 3128 2653 3195 ἐπείνα,
2685 3131 2808 3183 οὐδὲ
2850 3132 3064 3202 ἠφίετο,
3102 3133 3177 3195 ὡς
3211 3133 3310 3203 τῆς
3348 3134 3460 3187 τῶν
3484 3135 3733 3189 ἀπίστων

2158 3220 2528 3289 ἐπιγνώσεως,
2559 3225 2654 3277 καὶ
2674 3223 2774 3277 τοῦ
2809 3224 2906 3295 τὴν
2933 3225 3218 3279 εὐσέϐειαν
3249 3227 3510 3281 ἑκάστοτε
3542 3229 3637 3280 καὶ
3666 3228 3734 3281 τὸ

2157 3312 2418 3383 κήρυγμα
2462 3313 2555 3367 τοῦ
2588 3314 2925 3383 Εὐαγγελίου
2973 3316 3284 3371 ἐπιδιδόναι.
3324 3318 3407 3371 Τὰ
3458 3318 3517 3371 δὲ
3539 3318 3735 3388 τετρά-

2160 3402 2317 3465 ποδα,
2342 3403 2437 3457 καὶ¹
2466 3403 2534 3458 τὰ
2558 3405 2754 3476 ὲρπτὰ,
2786 3407 2878 3459 καὶ
2906 3408 2973 3460 τὰ
2996 3410 3219 3463 πετεινὰ
3235 3407 3329 3461 τοῦ
3359 3392 3598 3481 πλήθους
3624 3410 3739 3463 τῶν

2162 3494 2301 3561 μετὰ
2328 3495 2629 3565 Κορνηλίου
2678 3496 2984 3566 μελλόντων
3030 3499 3383 3569 ἐπιστρέφειν
3430 3502 3732 3571 τεκμήριον

2158 3578 2226 3651 ἦν
2248 3599 2260 3611 ⁸
2292 3582 2353 3635 τὸ
2382 3583 2437 3636 δὲ
2467 3586 2560 3637 καὶ
2590 3585 2711 3655 τρὶς
2746 3586 3003 3639 καθίσθαι
3029 3587 3123 3640 τοῦ
3158 3589 3387 3659 ούρανοῦ
3423 3592 3483 3643 τὸ
3514 3593 3734 3655 σκεῦος,

2158 3675 2219 3727 τὸ
2243 3675 2468 3744 τρισσὸν
2500 3676 2600 3745 τῆς
2653 3678 2712 3729 ἐν
2742 3677 2820 3747 τῷ
2851 3665 3193 3749 βαπτίσματι
3244 3682 3595 3746 καταδύσεως
3625 3685 3735 3736 ύπ-

2160 3767 2410 3838 ῃνίττετο
2437 3784 2452 3800 ο
2483 3770 2543 3823 τὸ
2568 3770 2625 3823 δέ
2660 3772 3059 3844 κεκαθαρίσθαι
3091 3773 3232 3828 αὐτὰ
3263 3777 3418 3846 παρὰ
3443 3774 3536 3827 τοῦ
3570 3775 3735 3839 Θεοῦ,

2159 3857 2256 3928 τὴν
2286 3857 2635 3930 δικαιοσύνην
2675 3862 2980 3933 Κορνηλίου
3016 3865 3229 3917 καὶτὸν
3259 3864 3405 3918 έλεον
3440 3866 3538 3918 σὺν
3570 3868 3737 3919 παντὶ

2158 3947 2238 4019 τῷ
2285 3949 2419 4020 οἴκῳ
2457 3949 2644 4021 ἐδήλου
2675 3968 2689 3983 ·
2743 3953 2837 4006 καὶ
2865 3952 2940 4016 ὡς
3006 3955 3115 4025 ἄρα
3154 3954 3333 4009 δεκτοὶ
3384 3954 3461 4027 τῷ
3488 3954 3608 4026 Θεῷ
3636 3956 3739 4010 καὶ

2159 4034 2306 4094 οὗτοι
2332 4043 2677 4114 γεγένηνται.

2231 4128 2305 4184 I".
2345 4133 2799 4208 Διενθυμουμένῳ
2864 4136 3046 4191 τοίνυν
3109 4138 3187 4210 τῷ
3224 4138 3459 4210 Πέτρῳ,
3506 4139 3603 4207 καὶ
3655 4139 3735 4210 μὴ

2162 4226 2402 4277 συνεῖναι
2435 4225 2534 4296 την
2565 4226 2689 4295 bii/tv
2741 4229 2877 4299 μηδὲ
2938 4229 3234 4299 συμϐαλεῖν
3288 4230 3488 4301 ἔχοντι,
3530 4234 3578 4285 οἱ
3630 4234 3737 4285 ὑπὸ

2163 4317 2464 4387 Κορνηλίου
2519 4318 2806 4383 σταλέντες
2868 4322 3006 4389 πρὸς
3050 4324 3169 4384 ταῖς
3204 4322 3396 4393 θύραις
3445 4320 3579 4395 ἦχον
3607 4325 3739 4395 ἢδη,

2166 4407 2255 4458 καὶ
2282 4407 2340 4458 τὸ
2368 4406 2600 4475 Πνεῦμα.
2618 4409 2857 4461 ἐπιπτὰν
2880 4411 3078 4464 αὐτίκα
3098 4414 3197 4476 τήν
3221 4430 3281 4465 τε
3305 4413 3489 4481 ἄφιξιν
3515 4416 3742 4467 ἐκείνων

2166 4498 2393 4568 μηνύεις
2432 4498 2526 4550 καὶ
2561 4499 2837 4554 συνελθεῖν
2873 4504 3059 4568 αὐτοῖς
3083 4504 3376 4573 ἐπιτρέπει
3404 4504 3495 4557 τὸν
3532 4507 3745 4576 Πέτρον

2161 4590 2324 4658 μηδὲν
2355 4589 2789 4661 διακρινόμενον.
2817 4593 2950 4645 Τότε
2975 4596 3073 4663 μὲν
3096 4595 3160 4655 δὴ
3192 4596 3325 4666 πρὸς
3348 4597 3545 4658 αὐτοὺς
3569 4614 3745 4650 κατα-

2156 4667 2315 4733 ϐάντὶ
2336 4682 2439 4735 ὅσα
2466 4698 2524 4733 τε
2559 4682 2862 4753 Κορνήλιος
2897 4684 2998 4736 fdo:
3020 4686 3113 4736 καὶ
3137 4686 3240 4738 ὅσα
3268 4690 3421 4757 παρὰ
3444 4686 3540 4739 τοῦ
3571 4687 3747 4754 ἀγγέ-

2156 4772 2250 4823 λου
2291 4772 2600 4839 ἀκούσειεν,
2654 4775 3090 4843 ἀπαγγέλλουσιν
3129 4778 3278 4848 αὐτῷ
3315 4781 3514 4843 πάντα,
3550 4783 3642 4833 καὶ
3670 4783 3746 4851 τῇ

2160 4864 2286 4932 ἐξῆς
2314 4865 2406 4916 ἐπὶ
2433 4865 2769 4934 Καισάρειαν
2802 4870 3178 4936 ἀφικνοῦνται.
3209 4873 3749 4943 Προῦπαντήσαντος

2164 4954 2222 5007 δὲ
2253 4954 2551 5025 Κορνηλίου
2586 4959 2680 5009 καὶ
2713 4960 2970 5023 πεσόντος
3003 4962 3139 5032 πρὸς
3181 4963 3307 5025 τοὺς
3349 4964 3521 5031 ,πόδας
3552 4962 3749 5029 αὐτοῦ,

2167 5045 2451 5117 ἀνίστησιν
2501 5050 2664 5102 αὐτὸν
2701 5052 2903 5124 Πέτρος
2926 5067 2941 5085 ο
2979 5072 2999 5105 ι
3044 5053 3214 5123 Κάγὼ
3246 5055 3424 5117 αὐτὸς
3454 5055 3749 5127 ἄνθρωπός

2167 5140 2304 5209 είμι,
2340 5160 2359 5193 ι
2398 5141 2590 5196 εἰπών.
2621 5139 2755 5197 Εἶτα
2784 5146 2873 5198 τὸν
2894 5146 3049 5214 λόγον
3074 5148 3173 5217 τῆς
3211 5150 3491 5211 εὐσεεείας
3522 5149 3670 5217 αύτῴ
3684 5165 3752 5200 τε

2168 5232 2264 5283 καὶ
2284 5234 2401 5293 ταῖς
2427 5232 2533 5284 τῶν
2558 5232 2990 5302 συνεληλυθότων
3019 5238 3216 5306 ψυχαῖς
3248 5239 3637 5307 κατασπείρας,
3668 5238 3751 5301 ὡς

2170 5321 2266 5374 καὶ
2320 5321 2419 5391 τὴν
2459 5322 2553 5375 τοῦ
2590 5322 2897 5393 Πνεύμονος
2925 5328 3084 5397 χάριν
3131 5329 3512 5399 ἐφιπταμένην
3562 5328 3750 5388 αὐτοῖς

2169 5409 2280 5464 εἶδε
2316 5411 2503 5466 καὶτὸ
2534 5413 2821 5486 βάπτισμα
2878 5420 3304 5489 παρεγγυῶσαν,
3352 5422 3434 5482 εἰς
3481 5424 3577 5489 τὴν
3614 5410 3750 5487 dif)-

2179 5505 2330 5559 οειάν
2363 5524 2422 5560 τε
2456 5508 2651 5573 αὐτοὺς
2685 5512 3053 5581 ἐπαναγαγεῖν
3081 5515 3174 5569 καὶ
3228 5514 3423 5572 τελειοῖ
3448 5514 3527 5585 τῷ
3551 5513 3749 5586 βαπτί-

2183 5617 2368 5670 σματι.
