4126 6432
413 388 547 451 1297
622 348 629 353 ’

1372 402 1569 490 ,νιΤΑ
1608 404 1669 467 S.
1714 404 2091 493 CORNELI}
2128 407 2570 468 CENTIIRION
2582 410 2673 468 IS.

3495 415 3632 481 1298

1937 537 2165 595 CAPUT
2205 540 2270 593 Il.

1378 640 1391 651 ’
1464 649 1527 706 8.
1556 649 1794 708 Cornelii
1826 651 2053 717 labores,
2081 654 2375 722 prtereer
2409 648 2613 724 Scepsi.

474 767 548 820 A'.
579 766 910 836 Διασπαρεὶς
940 765 1000 820 δὲ
1052 764 1189 836 μετά
1220 765 1321 835 τὴν
1366 765 1462 820 ὲπὶ
1500 766 1759 837 Στεφάνῳ
1789 766 1967 836 λύπην

2151 764 2239 821 IV.
2272 767 2406 822 Cum
2432 770 2688 839 dispersis
2706 782 2881 827 autem
2915 775 2984 831 ab
3014 775 3401 849 Hierosolymis
3434 788 3652 849 aposta-

402 858 508 913 ἀπὸ
554 857 944 928 Ἰεροσολύμων
972 859 1084 921 τοῖς
1129 857 1449 920 ἀποστόλοις
1466 859 1668 930 παρῆν
1706 860 1800 913 καὶ
1826 860 1975 930 Κορ-

401 952 604 1018 νήλιος,
634 927 743 1003 καὶ
793 927 953 1019 μέχρι
990 948 1242 1018 Φοινίκης
1288 946 1444 1021 ἦλθε,
1476 927 1577 1003 καῖ
1605 949 1856 1017 Κύπρου,
1883 927 1978 1004 καὶ

412 1040 743 1111 Ἀντιοχείας
770 1024 936 1113 αύτῆς
962 1055 975 1069 °
1017 1040 1110 1093 καὶ
1141 1040 1331 1112 Πέτρῳ
1369 1042 1654 1111 συναπῆρε
1689 1042 1850 1096 πάλιν
1881 1044 1976 1096 καὶ

396 1129 686 1200 Τιμοθέῳ·
714 1130 806 1185 καὶ
853 1131 973 1185 οὐδὲ
1003 1132 1060 1184 ὲν
1102 1131 1316 1209 Ἐφέσῳ
1370 1132 1552 1185 αὐτῶν
1588 1133 1972 1201 ἀπολέλειπτο,

412 1223 565 1277 Ἑπεὶ
593 1222 650 1276 δὲ
689 1223 784 1286 καὶ
811 1223 921 1275 τῶν
953 1222 1236 1292 Σκεψαίων
1269 1224 1495 1296 μάθοιεν
1519 1225 1673 1279 πόλιν
1736 1226 1974 1293 εἰδώλοις

401 1315 790 1386 ὑποκειμένην,
830 1314 1159 1379 ἐσκέπτοντο
1200 1315 1297 1387 μὲν
1353 1317 1501 1392 ὅστις
1534 1316 1705 1386 αὐτὴν
1734 1317 1976 1372 καταλά-

400 1406 507 1467 ϐοι,
533 1407 628 1459 καὶ
658 1405 721 1460 τὸ
752 1408 984 1476 πρᾶγμα
1019 1407 1240 1478 κλήροις
1273 1408 1599 1480 ἐπέτρεπον.
1631 1409 1738 1463 Τοῦ
1769 1410 1974 1481 κλήρου

400 1497 456 1549 δὲ
513 1496 812 1569 Κορνήλιον
867 1496 1169 1567 λαχόντος,
1213 1498 1288 1552 ίδὲ
1345 1498 1549 1562 εὐθέως
1592 1499 1851 1570 ἐπιδημεῖ
1905 1503 2003 1569 τῇ

403 1588 573 1642 πόλει.
609 1589 933 1659 Ἐτοπάρχει
960 1589 1018 1642 δὲ
1041 1589 1213 1659 αὖτῆς
1241 1590 1555 1662 Δημήτριός
1575 1609 1658 1656 τις
1683 1591 1974 1661 φιλόσοφος

402 1681 495 1735 καὶ
509 1681 681 1743 δεινὸς
701 1681 771 1734 τὰ
795 1680 1106 1751 Ἑλληνικὰ,
1136 1681 1369 1752 φοϐερὸν
1403 1682 1548 1735 κατά
1573 1683 1668 1752 τῆς
1709 1680 1974 1744 εὐσεϐοῦς

402 1774 508 1828 τῶν
542 1773 886 1845 Χριστιανῶν
934 1776 1114 1828 πνέων
1172 1774 1427 1839 πίστεως,
1478 1775 1673 1839 ἄλλους
1718 1793 1778 1829 τε
1818 1776 1975 1839 θεοὺς

410 1864 683 1936 Ἑλλήνων
713 1864 912 1934 τιμῶν,
938 1865 1033 1918 καὶ
1077 1865 1391 1919 Ἀπόλλωνα
1447 1867 1683 1936 μάλιστα
1715 1867 1808 1919 καὶ
1840 1866 1937 1920 Δία
1958 1884 1971 1897 ·

400 1952 556 2025 οὗτος
589 1956 690 2028 τὴν
740 1956 1044 2028 Κορνηλίου
1104 1957 1398 2027 ἐπιδημίαν
1441 1945 1675 2026 μῖαθὼνί
1702 1958 1975 2028 μετειιτὲμ⁴

403 2144 498 2197 καὶ
526 2142 608 2196 ὅτι
634 2143 701 2197 ἂν
740 2143 888 2214 αύτῷ
908 2144 968 2197 τὸ
996 2145 1358 2216 ἐπιτήδευμα,
1384 2144 1734 2200 ἐπυνθάνετο.
1796 2145 1858 2201 Ὀ
1891 2146 1975 2200 δέ’

404 2233 601 2310 Δοῦλος
638 2234 738 2304 μέν
768 2237 887 2305 είμι
918 2236 1011 2288 τοῦ
1045 2236 1246 2308 ζῶντος
1268 2225 1427 2301 Θεοῦ,
1457 2237 1561 2306 ἔφη
1588 2255 1599 2267 ·
1651 2238 1981 2310 ὲστειλάμην

396 2323 459 2379 δὲ
488 2306 867 2394 τῆν’ὲνταῦθα,
896 2324 1035 2378 ὥστε
1063 2306 1355 2381 ἀναλαϐεῖν
1390 2329 1491 2398 μέν
1518 2346 1578 2381 σε
1613 2328 1708 2381 τοῦ
1740 2306 1980 2399 βαθυτά-

403 2426 495 2467 του
533 2416 758 2479 σκότους
812 2419 914 2487 τῆς
960 2418 1262 2485 ἀγνωσίας,
1305 2418 1384 2490 τῷ
1426 2421 1566 2488 φωτὶ
1617 2421 1673 2474 δὲ
1701 2421 1981 2474 οἰκειῶσαι

402 2506 500 2576 τῆς
530 2505 789 2576 ἀληθείας
819 2509 915 2562 xal.
947 2509 1193 2578 καθαρὰν
1223 2491 1569 2579 ὲπιγνιῖἶσεως
1592 2513 1785 2566 ἀκτῖνα
1814 2516 1878 2583 τῇ
1910 2510 1978 2585 σῇ

402 2597 549 2669 ψυχῇ
582 2599 894 2668 ἐπαφεῖναι.
928 2599 1151 2671 Τούτων
1182 2601 1304 2655 οὐδὲ
1328 2602 1485 2669 ὀλίγα
1522 2603 1721 2666 συνιεὶς
1747 2604 1977 2666 ἐκεῖνος,

403 2689 579 2759 θυμοῦ
618 2707 676 2744 τε
711 2692 849 2744 κατά
906 2681 1090 2763 βραχῦ
1137 2694 1553 2765 ὑπεπίμπλατο,
1607 2697 1703 2748 καὶ
1753 2697 1982 2765 μανικὸν

406 2775 690 2854 ξξαίφνης,
727 2783 820 2835 καὶ
850 2782 1047 2853 ἄγριον
1092 2783 1497 2851 ἀναφθέγγεται
1516 2798 1529 2813 ·
1558 2785 1730 2839 Ἀλλά
1768 2802 1827 2838 σε
1855 2786 1983 2856 ἠρό-

409 2879 517 2934 μην
539 2881 554 2895 °
584 2865 748 2936 ἕτερα
772 2868 829 2919 δέ
863 2884 955 2936 μοι
986 2869 1147 2931 αὐτὸς
1199 2872 1473 2944 ἀποκρίνῃ
1497 2888 1509 2900 ·
1553 2872 1629 2941 μὰ
1656 2875 1781 2935 τοὺς
1827 2874 1983 2937 θεοὺς

409 2955 680 3024 ἃπαντας,
698 2961 748 3012 εί
776 2959 850 3030 μή
868 2961 924 3014 ὲν
947 2960 1138 3032 κόσμῳ
1165 2965 1257 3016 καὶ
1278 2963 1414 3033 μετὰ
1432 2957 1668 3035 σπουδῆς
1684 2965 1978 3037 ἀποκρίνῃ,

406 3049 469 3101 o6
508 3048 771 3120 φείσομαι
810 3050 905 3104 τοῦ
949 3051 1043 3105 σοῦ
1074 3053 1284 3124 γήρως,
1336 3055 1396 3107 06
1449 3055 1608 3107 δώσω
1652 3044 1981 3127 συγγνώμην

404 3143 472 3212 τῇ
499 3141 704 3215 ἡλικίᾳ,
733 3144 793 3197 o6
825 3144 922 3216 τὴν
972 3145 1164 3198 πολιὰν
1232 3146 1646 3220 αἱδεσθήσομαι,
1688 3147 1828 3221 πλὴν
1867 3143 1980 3203 ἀλλ’

407 3232 531 3288 εἰπὲ
558 3236 649 3288 καὶ
675 3236 783 3290 τίνι
814 3236 1105 3309 στρατεύῃ,
1142 3240 1238 3291 καὶ
1264 3240 1347 3310 ἐφ’
1377 3233 1421 3308 ᾧ
1461 3241 1869 3311 παραγέγονας.
1894 3254 1899 3259 ‘

2079 856 2168 921 lis,
2203 869 2327 926 post
2353 862 2688 917 vexationem
2743 879 2864 933 quae
2910 882 2938 919 a
2994 866 3250 936 Stephani
3287 880 3465 925 morte
3509 873 3650 926 acci-

2080 950 2155 1002 dit
2183 950 2280 1020 (l),
2314 953 2473 1006 simul
2503 954 2687 1009 aderat
2717 956 2877 1009 etiam
2899 956 3204 1024 Cornelius,
3237 971 3291 1015 et
3316 963 3652 1034 venitnsque

2084 1040 2138 1095 in
2167 1040 2523 1106 Pbceniciam,
2575 1055 2629 1101 et
2669 1045 2928 1116 Cyprum,
2969 1057 3023 1103 et
3053 1050 3222 1118 ipsam
3266 1051 3647 1107 Antiochiam:

2078 1140 2133 1189 et
2168 1150 2354 1190 rursus
2377 1137 2650 1205 protectus
2672 1149 2752 1194 est
2778 1156 2880 1195 una
2911 1155 3033 1195 cum
3067 1140 3229 1199 Petro
3257 1155 3310 1199 et
3338 1143 3647 1201 Timotheo:

2078 1238 2133 1285 ct
2164 1245 2264 1285 nec
2324 1231 2517 1299 Ephesi
2550 1234 2767 1300 quidem
2798 1235 2865 1288 ab
2916 1236 2998 1291 eis
3040 1236 3233 1292 abfuit.
3274 1236 3411 1293 Cum
3471 1248 3649 1293 autem

2077 1321 2430 1389 accepissent,
2472 1321 2841 1390 Scepsaeornm
2886 1325 3160 1382 civitatem
3191 1328 3269 1399 t2)
3319 1343 3442 1384 esse
3468 1329 3652 1396 stthjes

2076 1417 2217 1463 ctam
2240 1410 2407 1466 cultui
2427 1410 2861 1480 simulacrorum,
2881 1399 3285 1483 consultabant,
3308 1420 3555 1489 quisnam
3585 1437 3651 1475 eo

2076 1500 2217 1567 iret;
2259 1509 2313 1556 et
2343 1517 2456 1556 rem
2489 1504 2851 1573 permiserunt
2888 1509 3144 1565 sortibus.
3168 1509 3300 1564 Cum
3327 1525 3448 1566 sors
3471 1521 3648 1568 autem

2076 1589 2310 1646 venisset
2347 1592 2413 1646 ad
2442 1591 2774 1661 Cornelium,
2806 1597 2898 1653 ille
2936 1598 3151 1666 quidem
3202 1610 3350 1656 recta
3394 1602 3540 1655 vadit
3580 1604 3645 1657 ad

2077 1671 2371 1739 civitatem.
2399 1683 2526 1753 Ejus
2544 1694 2719 1741 autem
2744 1688 3030 1756 prmfectus
3050 1701 3167 1746 erat
3191 1692 3408 1761 quidam
3462 1694 3652 1749 Deme-

2078 1770 2232 1835 trius,
2273 1772 2364 1843 qui
2398 1784 2517 1827 erat
2542 1774 2910 1845 philosophus,
2959 1789 3015 1833 ct
3077 1780 3353 1850 gentilium
3393 1783 3652 1852 supersti-

2080 1852 2317 1917 tionibus
2350 1863 2484 1918 mire
2515 1865 2745 1930 deditus,
2799 1869 3120 1923 horrendum
3151 1871 3364 1938 spirans
3394 1874 3652 1929 adversus

2076 1953 2217 2020 piam
2265 1953 2423 2008 ﬁdem
2456 1955 2918 2025 Christianorum;
2974 1969 3028 2013 et
3074 1959 3208 2016 alios
3245 1962 3524 2029 gentilium
3557 1978 3650 2017 co-

302 2101 309 2107 .
373 2052 541 2120 οψατο
569 2049 769 2104 αὐτίκα
818 2050 908 2103 τὸν
937 2049 1129 2121 ἄνδρα,
1177 2050 1269 2103 καὶ
1327 2049 1410 2118 ἐφ’
1447 2051 1551 2118 ὅτῳ
1581 2051 1705 2119 ἥκοι
1735 2051 1828 2103 καὶ
1851 2051 1973 2104 ὅθεν

2084 2041 2196 2104 lens
2220 2043 2372 2108 deos,
2427 2048 2667 2103 maxime
2711 2057 2890 2103 autem
2947 2050 3242 2117 Apollinem
3275 2061 3327 2107 et
3351 2049 3561 2108 Jovem.
3604 2052 3654 2108 ls

2082 2151 2203 2190 cum
2236 2137 2534 2207 accepisset
2558 2139 2627 2194 dc
2647 2140 2878 2195 adventu
2904 2128 3160 2202 Cornelii.
3184 2156 3305 2206 cum
3331 2144 3512 2220 statim
3561 2159 3655 2199 ac-

2082 2228 2287 2289 cersiit,
2319 2240 2375 2284 et
2398 2245 2495 2283 cur
2526 2232 2779 2297 venisset,
2807 2241 2860 2287 et
2907 2234 3067 2296 unde,
3115 2245 3171 2287 et
3220 2239 3487 2302 quodnam
3514 2248 3654 2293 esset

2080 2318 2197 2388 ejus
2224 2320 2485 2384 studium,
2504 2322 2875 2392 interrogavit.
2898 2321 2993 2379 llle
3008 2334 3182 2379 autem
3210 2344 3222 2379 :
3250 2325 3381 2379 Sum
3415 2328 3650 2398 quidem,

2084 2409 2277 2478 inquit,
2307 2428 2497 2467 servus
2529 2413 2618 2468 Dei
2653 2414 2779 2468 vivi.
2816 2414 2948 2469 Veni
3005 2425 3185 2491 autem
3217 2417 3319 2470 huc
3355 2419 3575 2484 missus,
3595 2426 3657 2474 ut

2083 2508 2135 2552 te
2163 2515 2409 2555 revocem
2448 2518 2474 2553 ιι
2524 2501 2961 2571 prolundissimis
3018 2505 3255 2561 tenebris
3312 2502 3653 2576 ignorantiae,

2082 2589 2453 2660 dctlncamqtte
2480 2596 2544 2647 ad
2592 2594 2767 2648 lucem
2799 2595 3063 2661 veritatis,
3115 2605 3170 2650 et
3221 2612 3413 2665 purum
3444 2599 3654 2653 radium

2082 2684 2373 2751 agnitionis
2425 2682 2714 2738 immittunt
2760 2687 2810 2738 in
2832 2687 3004 2765 “tuan!
3027 2688 3283 2765 animum.
3325 2686 3529 2743 Horum
3564 2689 3654 2744 ille

2084 2788 2150 2827 ne
2172 2788 2341 2843 pauca
2368 2774 2584 2843 quidem
2617 2764 2947 2846 intelligens,
2976 2776 3056 2831 ira
3081 2764 3224 2831 illico
3270 2776 3651 2848 {uiarepletnm

2083 2880 2330 2936 saeveque
2365 2876 2584 2935 repente
2635 2867 2871 2936 loquitur
2897 2876 2952 2924 et
2993 2866 3247 2924 ferociter
3282 2870 3465 2925 :Alia
3489 2881 3538 2926 te
3561 2884 3655 2926 ro-

2081 2956 2222 3027 gavi,
2250 2966 2304 3009 tu
2329 2963 2508 3010 autem
2526 2958 2629 3010 alia
2656 2957 2787 3012 mihi
2815 2960 3122 3027 respondes.
3149 2959 3251 3015 Per
3292 2960 3426 3029 deos
3445 2977 3655 3029 omnes,

2082 3045 2126 3099 si
2155 3061 2258 3099 nun
2292 3044 2499 3116 singula
2533 3045 2762 3118 dicisad
2783 3048 3155 3116 propositum,
3180 3047 3348 3103 sinon
3376 3050 3654 3103 moderate

2079 3148 2134 3194 et
2164 3139 2448 3207 diligenter
2498 3138 2816 3207 respondes,
2857 3154 2960 3193 non
2995 3154 3211 3208 parcam
3239 3150 3341 3195 tua:
3364 3140 3655 3204 senectuti.

2084 3247 2187 3286 non
2207 3224 2482 3301 ignoscam
2503 3240 2605 3284 tute
2622 3230 2789 3294 aetati,
2806 3245 2913 3284 non
2934 3231 3221 3285 reverebor
3243 3229 3518 3285 canitiem.
3540 3227 3654 3287 Sed

2083 3325 2189 3389 dic,
2217 3333 2271 3378 et
2294 3322 2380 3377 cui
2402 3321 2622 3387 milites,
2645 3331 2699 3377 et
2732 3337 2966 3392 quanam
3008 3325 3073 3376 de
3132 3337 3293 3375 causa
3337 3322 3655 3379 accesseris.

482 3410 557 3465 E’.
614 3411 673 3465 Ὃ
701 3412 759 3466 δὲ
781 3415 1115 3486 Κορνήλιος·
1154 3417 1216 3470 Et
1253 3416 1431 3487 βούλει
1465 3419 1659 3487 μαθεῖν
1683 3421 1776 3473 καὶ
1805 3421 1980 3492 ἧτιςή

2158 3411 2223 3468 V.
2248 3413 2529 3468 Cornelius
2552 3421 2754 3476 autem,
2802 3410 2857 3466 Si
2890 3411 3042 3472 velis,
3081 3412 3275 3482 inquit,
3318 3412 3482 3487 scire,
3510 3426 3659 3482 quaa-

410 3489 671 3573 στρατεία
702 3507 847 3576 ἐμοὶ,
873 3507 1001 3577 ἔφη,
1034 3509 1439 3582 ἑκατοντάρχης
1488 3511 1623 3579 εἰμί.
1675 3512 1790 3567 Ka‘t
1826 3489 1987 3576 εὐθὺς

410 3592 479 3644 τὰ
515 3597 892 3666 προειρημένα
932 3598 1266 3671 σαφέστερον
1298 3604 1590 3656 ἀνεκύκλει
1632 3603 1815 3658 πάλιν.
1868 3605 1988 3658 Μα-

405 3682 520 3737 θὼν
545 3687 677 3757 γὰρ,
703 3688 893 3757 φησὶν,
940 3689 1014 3751 ὡς
1050 3692 1265 3764 μεγάλῃ
1298 3692 1477 3767 πλάνῃ
1527 3694 1691 3757 αὑτός
1738 3712 1797 3748 τε
1829 3695 1924 3749 καὶ
1951 3696 1986 3766 ή
2019 3726 2021 3729 ι

415 3771 648 3841 σύζυγος
676 3775 772 3827 καὶ
798 3776 947 3830 πᾶσα
973 3777 1006 3847 ὴ
1039 3777 1147 3830 ὑπὸ
1178 3779 1265 3831 σοὶ
1304 3780 1533 3851 κειμένη
1561 3781 1704 3851 ἀρχὴ
1766 3782 1987 3852 περιπέ-

410 3881 578 3929 σοιτε,
634 3865 755 3935 ἥκω
806 3866 904 3935 τὴν
935 3867 1151 3937 ἀπάτην
1181 3868 1361 3923 λύσων
1407 3871 1501 3923 καὶ
1556 3875 1986 3942 χειραγωγήσων

347 3982 351 3989 δ
411 3955 501 4008 ἐπὶ
530 3953 629 4026 τὴν
657 3955 776 4009 ὁδον
819 3957 918 4027 τῆς
951 3957 1213 4029 ἀληθείας
1244 3961 1385 4031 ὑμᾶς
1418 3961 1513 4015 καὶ
1545 3961 1620 4032 τῷ
1654 3962 1799 4033 μόνῳ
1823 3963 1986 4027 ζῶντι

409 4045 532 4114 8εῷ
567 4044 941 4115 καταλλάξων,
977 4048 1035 4112 ὃς
1094 4049 1321 4120 ἐποίησε
1367 4051 1459 4104 τὸν
1510 4052 1736 4123 οὐρανὸν
1769 4055 1860 4106 καὶ
1888 4052 1987 4122 τὴν

410 4139 515 4209 γῆν
545 4141 641 4192 καὶ
666 4140 756 4208 ὑφ’
786 4133 848 4193 οὗ
881 4140 948 4193 τὰ
977 4142 1037 4194 ὲν
1068 4141 1251 4205 αὐτοῖς
1281 4142 1460 4196 πάντα
1484 4142 1765 4214 παρήχθη,
1794 4143 1888 4198 καὶ
1924 4137 1986 4199 οὗ

409 4231 490 4300 τῷ
543 4230 775 4301 νεύματι
833 4231 1044 4301 ἄγεται.
1092 4233 1236 4304 Πρὸς
1278 4233 1452 4289 ταῦτα
1509 4235 1602 4289 τὸν
1674 4237 1987 4308 Δημήτριον

410 4318 621 4388 ὁρῶντα
649 4319 1026 4389 πρεσϐύτατον
1059 4323 1160 4394 ἠδη
1190 4323 1378 4392 φάναι,
1412 4323 1522 4378 Καί
1566 4324 1633 4395 μέ
1661 4342 1743 4388 τις
1777 4326 1864 4379 διὰ
1890 4327 1988 4401 τὴν

411 4408 629 4478 ἠλικίαν
677 4407 858 4476 οἶκτος
911 4412 1269 4483 εἰσέρχεταιο
1324 4414 1451 4478 τοὺς
1494 4417 1744 4486 μακροὺς
1804 4416 1987 4472 τοίνυν

412 4500 612 4572 λήρους
640 4502 804 4566 ἐάσας
833 4503 852 4573 (
879 4502 1054 4573 βραχὺ
1093 4504 1203 4574 γάρ
1229 4521 1312 4557 σοι
1341 4505 1451 4576 ὲρῶ
1466 4506 1508 4576 )“
1545 4505 1729 4573 θύσον,
1765 4506 1986 4577 προσελ-

412 4591 523 4645 θὼν
549 4595 662 4657 τοῖς
686 4593 826 4657 θεοῖς
847 4609 862 4625 ο
895 4595 992 4647 τοῦ
1047 4593 1104 4646 δὲ
1148 4595 1266 4657 καὶ,
1300 4595 1481 4660 Ποίοις
1516 4595 1696 4665 θεοῖς;
1726 4597 1989 4668 ἐπανερο-

417 4682 618 4752 μένου·
657 4683 814 4736 Τίσιν
875 4683 1056 4748 ἄλλοις
1082 4700 1171 4753 γε,
1221 4681 1375 4740 εἶπεν
1423 4687 1650 4751 ἐκεῖνος,
1698 4687 1733 4758 ἢ
1768 4689 1852 4741 Διὶ
1892 4690 1987 4742 καὶ

2088 3521 2212 3561 nam
2242 3506 2314 3560 sit
2342 3519 2459 3559 mea
2488 3503 2701 3569 militia,
2734 3519 2851 3559 sum
2884 3503 3100 3571 quidem
3136 3504 3403 3558 centurio.
3437 3500 3506 3559 Et
3537 3519 3661 3557 rur-

2087 3611 2180 3652 sus
2209 3595 2448 3664 apertius
2479 3593 2678 3648 evolvit
2703 3601 2759 3648 et
2786 3592 3074 3660 explicavit
3106 3607 3168 3646 ea
3194 3605 3315 3660 quae
3344 3592 3494 3661 prius
3517 3592 3661 3649 dicta

2087 3694 2234 3741 sunt.
2260 3685 2391 3753 Nam
2429 3699 2575 3748 cum,
2603 3684 2798 3751 inquit,
2833 3682 3187 3750 accepissem,
3246 3682 3390 3751 quod
3445 3681 3561 3750 ipse
3607 3691 3665 3737 et

2089 3791 2221 3830 uxor
2241 3784 2352 3839 tua,
2389 3780 2442 3827 et
2465 3772 2722 3843 quidquid
2752 3784 2834 3827 est
2861 3772 2916 3826 in
2950 3769 3039 3826 tua
3067 3770 3291 3835 ditione,
3320 3770 3375 3826 in
3407 3786 3663 3843 magnum

2086 3882 2327 3923 errorem
2360 3864 2693 3928 incideritis,
2745 3865 2901 3917 venio
2947 3877 3041 3919 vos
3074 3860 3402 3917 liberaturus
3428 3876 3459 3915 a
3505 3863 3664 3916 dece-

2088 3937 2290 4029 ptione,
2322 3964 2379 4011 et
2410 3972 2506 4012 vos
2549 3955 2876 4010 deducturus
2908 3953 2976 4009 ad
3009 3953 3150 4008 viam
3181 3954 3447 4021 veritatis,
3480 3962 3537 4010 et
3560 3956 3660 4010 soli

2088 4050 2285 4105 viventi
2319 4051 2428 4104 Deo
2461 4047 2929 4111 reconciliaturus,
2955 4046 3045 4118 qui
3080 4045 3211 4102 fecit
3234 4046 3431 4103 coelum
3465 4056 3520 4103 et
3549 4055 3663 4103 ter-

2088 4155 2228 4206 ram,
2259 4149 2315 4193 et
2356 4155 2386 4193 ιι
2418 4153 2524 4208 quo
2557 4137 2812 4206 producta
2845 4146 2994 4200 sunt,
3049 4150 3389 4206 quaecunque
3435 4147 3559 4192 sunt
3610 4136 3663 4191 in

2089 4230 2238 4299 ipsis,
2271 4239 2326 4286 et
2352 4233 2507 4300 cujus
2548 4237 2683 4284 nutu
2731 4229 3026 4284 ducuntur.
3073 4226 3156 4283 Ad
3201 4227 3316 4283 haec
3345 4227 3663 4292 Demetrius,

2089 4322 2259 4379 Video
2285 4332 2357 4392 te,
2401 4322 2598 4393 inquit,
2641 4320 2754 4390 jam
2785 4322 2941 4376 senio
2978 4333 3100 4397 esse
3122 4306 3446 4384 conlectum,
3478 4327 3532 4373 et
3579 4334 3665 4372 me

2091 4416 2165 4470 tui
2186 4415 2410 4471 miseret
2450 4422 2672 4485 propter
2690 4422 2927 4469 aetatem.
2953 4412 3199 4469 Prolian
3225 4425 3355 4481 ergo
3383 4425 3552 4481 nugas
3576 4410 3666 4480 ju-

2087 4507 2221 4563 bens
2245 4507 2425 4562 valere
2460 4506 2668 4578 (paucis
2707 4506 2850 4562 enim
2904 4513 3079 4559 tecum
3123 4502 3324 4573 agam),
3383 4500 3581 4557 accede
3611 4509 3666 4556 et

2090 4600 2192 4655 diis
2220 4598 2487 4655 sacrifica.
2524 4599 2658 4655 Cum
2688 4598 2779 4654 ille
2824 4604 3001 4653 autem
3036 4603 3299 4665 rogasset,
3330 4593 3663 4676 Quibusnam

2090 4692 2232 4747 diis?
2263 4691 2596 4759 Quibusnam
2635 4690 2774 4755 aliis,
2803 4689 2978 4759 inquit
3001 4686 3305 4758 praefectus,
3334 4684 3438 4751 nisi
3467 4683 3585 4738 Jovi
3610 4695 3666 4737 et

426 4774 759 4843 Ἀπόλλωνι;
794 4776 857 4829 Ei
898 4775 954 4829 δὲ
1006 4777 1100 4830 καὶ
1135 4777 1295 4830 τοῦτο
1317 4777 1658 4842 ἀνανεύσεις,
1693 4755 1983 4848 χαλεπαῖς,

2093 4755 2326 4852 Apollini
2345 4782 2373 4835 ?
2398 4782 2492 4836 Sin
2529 4791 2706 4846 autem
2729 4755 3089 4846 recusaveris,
3112 4777 3256 4834 scias
3280 4776 3419 4842 fore,
3457 4784 3516 4830 ut
3540 4790 3665 4843 gra-

414 4861 473 4920 εὖ
509 4866 640 4928 ἴσθι,
669 4867 922 4921 κολάσεσι
963 4869 1055 4921 καὶ
1105 4868 1392 4941 στρέβλαις
1451 4869 1834 4941 παραδοθήσῃ·
1891 4874 1987 4925 καὶ

412 4955 588 5019 οὐδεὶς
619 4957 725 5028 ἄρα
745 4957 888 5011 οὕτω
915 4958 1141 5022 δυνατὸς
1172 4960 1326 5031 παρὰ
1386 4960 1609 5023 τούτους
1663 4960 1817 5015 ἔσται
1843 4961 1986 5037 θεος,

413 5044 472 5108 ὃς
502 5045 613 5099 τῶν
634 5048 785 5117 ἐμῶν
831 5048 1092 5113 ὲξελεῖταί
1128 5060 1188 5104 σε
1221 5050 1459 5122 χειρῶν.
1501 5051 1567 5105 '0
1597 5052 1690 5106 δέ*
1725 5053 1985 5122 Δύναται,

418 5138 606 5206 φησιν,
661 5140 690 5191 ὁ
744 5139 880 5209 ἐμὸς
911 5140 1065 5205 Θεὸς,
1099 5142 1159 5195 o6
1191 5143 1376 5196 κακῶν
1430 5143 1617 5218 ἀπαθῆ
1632 5145 1829 5212 μόνον,
1866 5134 1994 5200 ούδὲ

415 5231 518 5297 τῆς
557 5233 617 5299 ἐξ
664 5234 969 5305 ἀνθρώπων
1010 5237 1301 5307 κρείττονα
1329 5239 1629 5310 ὲπηρείσας
1655 5240 1754 5310 ἐμὲ
1785 5227 1986 5295 διασῶ-

424 5336 536 5392 σαι,
554 5324 692 5382 ἀλλὰ
729 5330 826 5383 καὶ
846 5327 941 5392 οὓς
969 5328 1130 5393 αὐτὸς
1160 5328 1447 5401 ὀνομάζεις
1501 5329 1659 5393 θεοὺς
1710 5330 1981 5399 καθελεῖν,

495 5482 571 5554 (l)
602 5484 742 5557 imo,
770 5495 830 5541 ut
861 5500 926 5542 ex
952 5485 1107 5542 Actis
1131 5494 1305 5556 patet,
1336 5485 1597 5557 Stephani
1645 5489 1820 5543 caedes
1862 5501 1988 5546 ante

421 5552 654 5626 gornelii
676 5552 1084 5626 cenversionem
1101 5552 1343 5626 contigit.
1367 5552 1558 5612 Melius
1577 5559 1631 5610 in
1655 5567 1796 5611 orat.
1821 5559 1887 5614 de
1925 5559 1984 5615 S.
2054 5596 2062 5602 -

420 5622 981 5697 Retrigertaminibus
1006 5639 1165 5697 supra
1198 5622 1362 5681 citata
1417 5642 1567 5682 num.
1596 5627 1629 5682 6
1653 5629 1816 5682 tradit
1849 5630 1988 5683 idem

423 5693 845 5767 Metaphrastes,
876 5693 1333 5767 Corneliumcum
1359 5697 1520 5752 Petro
1562 5698 1986 5767 peregrinatum,

426 5772 710 5833 postquam
740 5765 829 5820 hic
853 5779 921 5820 ex
970 5764 1464 5834 Hierosolymitano
1505 5764 1725 5824 carcere
1768 5777 1989 5837 ereptus

2093 4874 2248 4929 vibus
2271 4872 2548 4943 suppliciis
2584 4881 2638 4927 et
2664 4871 2951 4927 tormentis
3004 4869 3234 4924 traderis
3258 4885 3277 4922 ι
3325 4881 3498 4937 neque
3525 4866 3665 4921 ullus

2093 4973 2291 5035 praeter
2317 4976 2409 5018 eos
2456 4961 2561 5017 erit
2599 4960 2746 5016 Deus
2775 4961 2910 5016 adeo
2940 4969 3151 5030 potens,
3175 4958 3265 5026 qui
3297 4967 3347 5013 te
3376 4960 3448 5011 sit
3474 4972 3503 5010 a
3532 4955 3665 5010 meis

2087 5042 2658 5124 erepturus'man'rbus.
2691 5051 2785 5107 Ille
2814 5058 3018 5119 autem,
3058 5049 3263 5116 Potest,
3296 5050 3489 5118 inquit,
3524 5047 3665 5102 Deus

2087 5158 2240 5200 meus
2262 5158 2351 5199 me
2378 5158 2481 5198 non
2512 5142 2683 5198 solum
2716 5155 2748 5196 a
2779 5140 2933 5197 malis
2954 5154 3277 5196 conservare
3306 5139 3556 5204 ill-rsum,
3611 5146 3667 5190 ct

2087 5236 2297 5293 ellicere
2322 5247 2381 5292 ut
2406 5237 2507 5291 sim
2545 5236 2822 5291 hominum
2856 5234 3067 5303 injuriis
3120 5243 3176 5289 et
3223 5234 3513 5289 insultibus
3546 5245 3667 5305 psu-

2087 5320 2286 5406 perior,
2316 5331 2411 5386 sed
2436 5346 2530 5386 eos
2578 5329 2742 5387 etiam
2776 5330 3076 5397 destruere,
3133 5346 3268 5401 quos
3303 5341 3357 5384 ιιι
3405 5331 3534 5383 deos
3563 5341 3663 5380 no-

2098 5490 2220 5545 fuit.

2170 5557 2496 5630 (2)AScepsi_s
2524 5556 2673 5630 regio
2692 5565 2778 5630 est
2819 5557 2963 5630 apud
3002 5555 3142 5630 lilio.
3183 5557 3280 5630 ιιι).
3314 5572 3364 5618 v,
3414 5571 3552 5630 εειρᾷ
3567 5556 3665 5612 5ος

2095 5625 2225 5696 Ejus
2254 5625 2502 5696 fortassis
2539 5627 2797 5696 primaria
2849 5625 2974 5681 urbs
3013 5625 3261 5696 Scepsis,.
3302 5642 3465 5696 quam
3516 5627 3663 5695 Σκῆ-

2096 5694 2191 5767 ψιν
2222 5694 2733 5771 vocat_Ptoletn:eus
2760 5696 2872 5771 t_al_)_.
2905 5711 2942 5771 ι,
2983 5694 3143 5761 Asitr,
3174 5694 3422 5766 locatqtte
3451 5697 3505 5752 in
3541 5694 3664 5771 ιιγ.

2098 5764 2177 5824 sia
2209 5767 2431 5831 minori,
2453 5781 2572 5835 quae
2610 5775 2693 5821 est
2722 5766 2789 5821 ad
2829 5764 3253 5835 Hellespontum.
3296 5783 3315 5817 ι
