4126 6474
592 368 729 441 1299
1811 376 2098 443 MENSIS
2138 380 2652 445 FEBBUABIUS.
2820 450 2823 453 ,
3681 385 3795 456 1300

584 506 782 562 ruinas,
831 506 1183 564 evertereqne
1209 505 1259 549 ct
1290 490 1634 565 confringere
1682 496 1895 552 illorum
1934 497 2153 551 simula-
2194 505 2213 561 Α

2194 505 2239 561 Α
2267 500 2336 553 τὰ
2373 500 2597 553 ἐκείνων
2620 484 2694 552 ’τε
2744 498 2938 553 εἴδωλα
2980 495 3352 570 καταστρέψαι
3403 498 3496 553 καὶ
3560 499 3804 559 διακλάσαι

583 600 707 657 cra,
732 603 903 657 eaque
936 590 987 642 in
1019 588 1292 657 pulverem
1323 588 1564 658 redigere
1589 598 1643 645 et
1665 589 1720 645 in
1749 589 2004 652 cinerem,
2036 599 2089 642 et
2112 599 2163 644 te

2269 589 2363 641 καὶ
2387 589 2595 659 τέφραν
2628 588 2909 658 ἀποφῆναι
2938 588 3035 642 καὶ⁵
3055 588 3206 643 κόνιν
3228 603 3241 617 ·
3280 588 3375 642 καὶ
3406 587 3465 641 σὲ
3489 588 3583 659 τῆς
3623 592 3701 645 ἐπ’
3725 595 3803 647 αὖ.

582 697 745 752 vana,
774 696 934 751 quam
962 683 1028 736 de
1076 680 1183 735 illis
1230 681 1552 750 concepisti,
1579 697 1675 751 spe
1710 681 1950 751 privare,
1988 690 2044 735 et
2069 696 2164 751 per

2267 684 2379 744 τοῖς
2403 681 2568 749 κενῆς
2603 680 2817 751 ἐλπίδος
2840 680 3173 749 ἀποστῆσαι,
3205 679 3302 734 καὶ
3330 679 3464 752 πρὸς
3489 681 3664 736 ἑαυτὸν
3691 684 3799 739 ἀνα·

583 774 904 845 agnitionem
939 773 1004 825 a'd
1026 786 1087 828 se
1115 773 1421 828 traducere.
1984 838 1991 845 _

1369 786 1421 827 ‘e.
1984 838 1991 845 _
2269 772 2494 825 σιϐἀσαι
2534 771 2600 824 δι’
2630 771 2998 839 ἐπιγνώσεως.

653 864 741 921 Vl.
770 861 897 920 Hmc
922 870 1044 918 cum
1072 865 1439 934 respondisset
1498 864 1807 926 Cornelius.
1838 862 1955 921 Jam
1986 866 2165 936 juravi

2344 863 2435 929 ς’.
2470 859 2784 914 Ταῦταιτοῦ
2811 860 3118 932 Κορνηλίου
3149 861 3601 934 ἀποκριναμένου,
3625 864 3802 934 Ὠμοσα

580 966 679 1027 per
704 970 893 1011 omnes
921 956 1074 1025 deos,
1100 956 1277 1026 inquit
1310 957 1635 1025 Demetrius,
1663 960 1804 1027 quod
1852 959 1956 1014 nisi
1981 961 2168 1014 mode-

2273 952 2481 1014 πάντας
2519 952 2621 1023 ήδη
2657 952 2852 1017 θεοὺς,
2895 957 2925 1008 ὁ
2980 955 3295 1025 Δημήτριος
3352 954 3478 1023 ἔφη,
3539 954 3609 1018 ὡς
3653 956 3696 1009 εί
3745 957 3804 1030 μὴ

583 1058 700 1102 rate
721 1048 1075 1116 respondeas,
1101 1057 1155 1102 et
1177 1048 1280 1103 nisi
1307 1048 1413 1103 diis
1442 1049 1704 1104 obtuleris
1735 1050 2085 1114 sacriﬁcium,
2116 1059 2171 1105 te

2276 1043 2539 1107 ἐπιεικῶς
2595 1045 2888 1116 ἀποκρίνῃ,
2942 1049 2992 1100 εί
3035 1046 3110 1116 μὴ
3144 1034 3334 1100 θυσίαν
3365 1050 3478 1111 τοῖς
3510 1047 3639 1109 θεοῖς
3668 1065 3805 1118 προσ·

582 1139 766 1209 gravia
789 1137 1054 1207 supplicia
1108 1137 1376 1208 accipient
1399 1147 1454 1194 et
1502 1140 1816 1193 cruciatus:
1847 1149 1900 1193 et
1932 1142 2168 1194 nondum

2275 1136 2528 1207 ενέγκῃς,
2593 1137 2825 1207 χαλεπαί
2883 1155 2944 1190 σε
2997 1138 3093 1191 καὶ
3150 1138 3414 1210 τιμωρίαι
3449 1140 3540 1194 καὶ
3591 1141 3807 1207 κολάσεις

584 1231 718 1287 mihi
746 1230 971 1286 credis?
1006 1231 1214 1286 Rursus
1249 1244 1380 1299 ergo
1404 1231 1538 1285 dixit
1570 1231 2170 1301 praclareCornelius:

2276 1224 2623 1290 ἐκδέξονται·
2669 1229 2766 1282 καὶ
2813 1228 2875 1281 ού
2908 1229 3227 1293 πιστεύσεις
3284 1247 3376 1301 μοι
3407 1231 3532 1294 ἐτις
3579 1232 3808 1297 Γενναίως

585 1323 680 1377 Me
716 1330 866 1378 recte
891 1320 1162 1377 dicentem
1204 1322 1353 1400 audi,
1382 1338 1415 1377 ο
1461 1322 1654 1392 judex.
1704 1324 2073 1392 Daemonibus,
2120 1336 2175 1379 et

2276 1317 2456 1373 τοίνυν
2481 1318 2637 1381 αὖθις
2664 1320 2691 1375 6
2716 1324 2965 1391 γενναῖος
2993 1322 3319 1394 Κορνήλιος,
3360 1323 3567 1394 Ὀρθῶς
3598 1326 3718 1396 ἐμοῦ
3737 1327 3806 1380 λέ-

583 1413 765 1469 surdis
792 1428 857 1469 ac
887 1413 1147 1468 inanimis
1184 1413 1495 1470 simulacris
1523 1428 1625 1482 ego
1653 1426 1929 1485 nunquam
1962 1418 2172 1471 sacriﬁ-

2275 1424 2489 1477 γοντος,
2521 1407 2696 1477 εἶπεν,
2748 1404 2794 1468 ὦ
2815 1412 3067 1478 δικαστα,
3111 1415 3277 1470 ἄκουε
3300 1430 3315 1445 ⁸
3345 1415 3590 1485 δαίμοσιν
3617 1418 3711 1486 ἐγιὶ⁵
3735 1418 3812 1477 καὶ

583 1506 842 1560 caverint.
879 1504 1153 1573 Scriptum
1183 1515 1266 1559 est
1292 1505 1437 1559 enim
1474 1523 1488 1560 :
1528 1524 1546 1558 ‹
1585 1505 1689 1571 Dii,
1749 1507 1844 1577 qui
1899 1508 2092 1563 calum
2126 1517 2179 1563 et

2280 1505 2484 1572 κωφοῖς
2514 1502 2754 1568 εἰδώλοις
2784 1504 2882 1558 καὶ
2911 1505 3141 1576 ἀψύχοις
3204 1507 3308 1559 οὐκ
3340 1506 3406 1561 ἄν
3440 1524 3567 1561 ποτε
3597 1507 3808 1578 θύσαιμι·

586 1606 784 1651 terram
819 1602 925 1649 non
957 1596 1225 1660 iecerunt,
1252 1598 1542 1667 pereant‘.
1573 1617 1591 1650 ι
1629 1596 1697 1651 Et
1720 1614 1949 1655 rursus:
1985 1618 2003 1651 r
2038 1601 2182 1654 Ado-

2278 1593 2587 1663 γέγραπται
2611 1595 2739 1666 γὰρ,
2772 1612 2791 1647 ι
2815 1596 2939 1650 Θεοί
2958 1592 3008 1651 οἳ
3036 1596 3130 1651 τὸν
3150 1598 3383 1670 οὐρανὸν
3403 1597 3498 1654 καὶ
3517 1600 3610 1669 τήν
3628 1600 3719 1669 γῆν
3732 1600 3811 1653 οὐκ

584 1671 729 1742 nbis
756 1684 1042 1742 Dominum
1081 1682 1255 1742 Deum
1293 1696 1442 1742 tuum
1475 1698 1528 1742 et
1551 1690 1605 1743 ei
1634 1689 1732 1744 soii
1755 1690 1980 1745 servies.
2013 1705 2031 1742 ι
2072 1690 2182 1759 Ego

2280 1683 2566 1754 ἐποίησαν,
2583 1686 2971 1740 ἀπολέσθωσαν
2996 1705 3010 1718 ·
3039 1706 3058 1740 ι
3085 1686 3178 1742 καὶ
3196 1689 3385 1743 πάλιν·
3411 1709 3430 1740 ι
3453 1691 3812 1762 Προσκυνήσεις

593 1776 762 1845 igitur
781 1777 926 1842 veni,
960 1784 1018 1832 ut
1045 1770 1138 1833 det
1164 1778 1319 1834 vobis
1370 1795 1583 1850 quoque
1618 1782 1757 1835 Deus
1801 1781 2175 1850 pcenitentiam
2212 1842 2222 1851 ι

2212 1842 2251 1851 _
2283 1775 2490 1845 Κύριον
2513 1778 2605 1829 τὸν
2633 1776 2787 1842 Θεὸν,
2809 1779 2903 1832 καὶ
2936 1778 3086 1850 αύτῷ
3120 1780 3267 1851 μόνῳ
3284 1780 3615 1851 λατρεύσεις.
3646 1799 3662 1832 ι
3701 1780 3812 1849 Ἐγὼ

591 1842 660 1922 ad
691 1868 1022 1936 agnitionem
1054 1868 1336 1933 veritatis,
1363 1879 1420 1924 et
1442 1842 1775 1940 resipiscatis
1808 1886 1835 1924 a
1865 1871 2062 1926 diaboli
2095 1871 2178 1925 la-
2210 1842 2220 1901 ¹

2210 1842 2255 1902 Β
2283 1842 2463 1919 τοίνυν
2490 1862 2654 1937 ἦλθον
2682 1869 2832 1933 ὅπως
2867 1869 2940 1940 δῷ
2972 1842 3069 1924 καί
3092 1842 3291 1942 ὑ-μῖνίὁ
3312 1842 3444 1937 Θεδς
3476 1873 3737 1944 μετάνοιαν
3752 1842 3813 1935 είς

595 1974 737 2029 queo
771 1961 837 2017 ad
873 1960 1015 2015 illius
1059 1959 1416 2015 voluntatem.
1444 1963 1542 2015 Sin
1583 1974 1763 2017 autem
1817 1963 1911 2017 tibi
1943 1962 2179 2024 videtur,

2282 1958 2578 2027 ἐπίγνωσιν
2634 1959 2925 2029 ἀληθείας,
2979 1963 3074 2014 καὶ
3121 1962 3437 2035 ἀνανήψητε
3483 1962 3586 2017 ἀπὸ
3613 1963 3701 2034 τῆς
3738 1961 3813 2016 τοῦ

590 2065 706 2115 eos,
738 2066 875 2121 quos
904 2053 1042 2107 dicis
1091 2055 1239 2127 deos,
1292 2055 1519 2108 ostende
1558 2040 1711 2108 mihi.
1760 2053 1872 2109 Hoc
1906 2048 2037 2111 cum
2091 2054 2181 2109 ille

2281 2048 2792 2118 διαϐόλούπαγίδος
2817 2053 2897 2115 είς
2925 2052 2987 2105 τὸ
3018 2053 3234 2107 ἐκείνου
3258 2053 3491 2124 θέλημα.
3520 2055 3580 2107 El
3606 2054 3734 2107 δοκεί
3752 2053 3811 2119 δὲ,

588 2142 891 2219 ουύίἰεεοικ
924 2144 1079 2198 valde
1109 2144 1321 2201 laetatus
1373 2155 1458 2201 est
1490 2161 1611 2200 cum
1645 2145 1713 2200 iis
1755 2147 1846 2217 qni
1906 2161 2028 2201 cum
2063 2147 2179 2216 ipso

2284 2144 2379 2196 καὶ
2417 2142 2510 2207 οὓς
2539 2142 2718 2211 λέγεις
2774 2143 3042 2211 ἐπίδειξύν
3101 2163 3192 2218 μοι
3239 2146 3623 2213 θεούς.’Τοῦτο
3647 2149 3815 2209 ἐκεῖνος

587 2241 764 2298 erant,
811 2242 865 2288 et
894 2235 1035 2289 bona
1072 2249 1168 2305 spe
1192 2245 1320 2290 sunt
1351 2236 1565 2307 repleti,
1617 2247 1877 2304 putantes
1904 2238 2074 2304 stulti,
2120 2238 2179 2293 'se

2283 2235 2542 2301 ἀκούσας,
2578 2237 2718 2289 πάνυ
2759 2253 2817 2289 τε
2855 2238 3061 2309 σφόδρα
3091 2242 3234 2308 μετα
3261 2240 3369 2293 τῶν
3406 2241 3501 2294 σὺν
3538 2239 3673 2308 αὐτῷ
3699 2237 3814 2307 ἥσθη

584 2337 713 2380 mox
736 2340 856 2381 esse
885 2327 1093 2382 visuros
1145 2327 1455 2383 Cornelium
1503 2330 1925 2384 sacriﬁcantem.
1955 2329 2047 2385 Eis
2077 2331 2178 2383 ita-

2293 2328 2376 2382 καὶ
2422 2327 2677 2411 χρηστῶν
2711 2328 3153 2400 ὑπεπλήσθησαν
3180 2330 3292 2383 τῶν
3331 2330 3578 2395 ἐλπίδων,
3614 2328 3816 2397 οἰόμενοι
3920 2316 3922 2319 ’

585 2434 693 2489 que
724 2434 851 2475 mox
883 2419 983 2475 fuit
1011 2429 1258 2491 apertum
1298 2423 1556 2491 templum
1587 2421 1760 2488 Jovis,
1800 2432 1859 2477 ut
1896 2423 1986 2492 qui
2020 2432 2177 2493 puta-

2280 2421 2404 2495 6_crov
2442 2420 2597 2474 οὔπω
2632 2422 2681 2473 οί
2712 2420 2932 2490 μάταιοι
2956 2420 3198 2476 θύσαντα
3233 2423 3363 2476 ίδεῐν
3398 2422 3491 2475 καὶ
3522 2420 3814 2491 Κορνήλιον·

588 2521 712 2564 rent
730 2510 1039 2566 Cornelium
1064 2512 1249 2569 statim
1285 2526 1406 2567 esse
1438 2514 1539 2569 dco
1561 2512 2015 2569 sacriﬁcaturum.
2040 2513 2175 2569 Cum

2279 2513 2477 2585 ἀμελεῖ
2507 2514 2599 2566 καὶ
2634 2513 2829 2568 θᾶττον
2862 2514 3048 2577 αὐτοῖς
3081 2517 3109 2568 6
3138 2515 3235 2567 τοῦ
3293 2516 3416 2579 Διὸς
3465 2514 3585 2576 ναὸς
3612 2514 3815 2584 ήνοικτο,

593 2604 775 2672 itaque
803 2605 1039 2659 venisset
1069 2606 1120 2659 in
1181 2605 1442 2678 templum
1485 2605 1791 2675 Cornelius,
1825 2618 2014 2661 omnes
2052 2606 2178 2661 illuc

2279 2600 2373 2659 οἷα
2394 2604 2686 2676 παρελθεῖν
2718 2606 2849 2659 είσω
2875 2593 3162 2676 νομίζουσι
3198 2606 3291 2661 τὸν
3326 2607 3616 2678 Κορνήλιον
3650 2604 3734 2658 καὶ
3758 2601 3816 2672 τῷ

584 2694 843 2749 celeriter
876 2677 1274 2763 conﬁuxeruni,
1316 2712 1421 2752 non
1477 2696 1650 2750 solum
1694 2694 2021 2761 Demetrius,
2053 2710 2105 2752 et
2140 2699 2173 2752 ii

2280 2697 2399 2767 Θεῷ
2436 2696 2621 2751 θῦσαι.
2659 2699 2753 2760 Et;
2772 2697 2864 2750 τὸν
2893 2698 3020 2752 ναὸν
3072 2696 3258 2752 τοίνυν
3287 2698 3381 2751 τοῦ
3429 2697 3611 2768 ἀνδρὸς
3651 2693 3818 2765 παρελ-

585 2788 679 2856 qni
710 2802 830 2841 cum
855 2789 1291 2848 assectabantur,
1315 2790 1409 2845 sed
1436 2789 1553 2858 ejus
1574 2790 1738 2843 etiam
1775 2788 1970 2856 coniux
2000 2792 2174 2844 Evan-

2281 2789 2488 2856 θόντος,
2528 2790 2896 2861 συνέρρευσαν
2921 2793 3040 2844 ἐκεῖ
3073 2790 3214 2861 μετὰ
3267 2788 3503 2859 σπουδῆς
3548 2786 3743 2846 πάντες,
3768 2782 3816 2835 οὐ

591 2879 704 2934 tltia
750 2889 816 2934 et
862 2881 1003 2935 ﬁlius
1031 2881 1368 2935 Demetrius:
1406 2896 1529 2936 nam
1559 2881 1674 2949 ipse
1722 2898 1937 2950 quoque
1968 2883 2048 2937 sic
2077 2898 2173 2936 νο·
2204 2880 2211 2891 ’

2204 2880 2211 2891 ’
2280 2884 2594 2952 Δημήτριος
2631 2883 2817 2953 μόνον,
2850 2883 2972 2936 οὐδὲ
3018 2884 3133 2937 ὅσοι
3185 2884 3321 2956 περὶ
3351 2881 3511 2937 αύτδν
3540 2877 3686 2952 ἦσαν,
3708 2875 3817 2930 ἀλλα

586 2968 835 3024 cabatur.
889 2969 1025 3025 Cum
1075 2971 1255 3040 itaque
1305 2971 1372 3024 ad
1430 2971 1700 3025 orientem
1742 2986 1879 3042 genu
1911 2966 2174 3038 ﬂexisset,

2280 2974 2372 3026 καὶ
2400 2974 2433 3043 ή
2459 2970 2694 3041 σύζυγος
2721 2974 2983 3040 Εύανθία,
3017 2976 3110 3029 και
3134 2976 3162 3028 ὁ
3181 2976 3299 3039 υίὸς
3319 2962 3618 3045 Δημήτριος
3640 2984 3652 2998 ·
3675 2966 3816 3035 τούτῳ

585 3060 726 3115 dixit
766 3075 832 3115 ex
860 3063 1042 3116 animo
1068 3059 1352 3130 Cornelius
1378 3078 1393 3115 :
1425 3060 1588 3129 Dens,
1617 3063 1709 3132 qui
1733 3066 2027 3121 conturbas
2059 3072 2170 3119 ter-

2278 3065 2388 3136 γὰρ
2438 3068 2532 3120 καὶ
2570 3067 2734 3131 αὐτὸς
2791 3067 3041 3121 ἐκαλεῖτο
3095 3067 3376 3141 ὀνόματι..
3428 3065 3623 3127 Κλίνας
3669 3059 3814 3114 τοίνυν

589 3155 726 3217 ram,
769 3163 823 3207 et
851 3161 1061 3206 montes
1112 3153 1375 3209 transfers
1431 3154 1484 3208 in
1533 3169 1629 3209 cor
1662 3155 1873 3221 maris;
1903 3157 1996 3226 qui
2041 3165 2218 3229 tem-1

2282 3157 2421 3228 πρὸς
2460 3144 2727 3222 ἀνατολὰς
2749 3157 2807 3212 τὸ
2835 3154 2964 3227 γόνυ
2999 3157 3135 3228 μετὰ
3159 3158 3261 3226 τῆς
3288 3156 3512 3229 καρδίας
3537 3150 3812 3225 Κορνήλιος,

586 3250 721 3316 pore
756 3243 994 3299 Danielis
1040 3244 1223 3300 famuli
1250 3247 1325 3301 tui
1359 3246 1540 3303 Belum
1576 3249 1842 3312 evertisti,
1897 3217 1953 3303 εἰ
1978 3249 2164 3305 draco-
2201 3221 2215 3273 ⁴

2201 3217 2245 3277 C
2291 3217 2349 3301 ’ὁ
2372 3217 2525 3315 άεὸς,
2560 3217 2743 3316 εἶπεν,
2774 3252 2802 3303 6
2840 3217 3137 3321 ταράσσων
3295 3217 3399 3319 γῆν
3428 3217 3519 3302 καί
3550 3217 3813 3317 μετατιθεὶς

589 3344 716 3393 nem
741 3337 1009 3392 sustulisti
1031 3377 1046 3401 ,
1077 3348 1129 3392 et
1152 3352 1245 3392 ora
1276 3338 1591 3392 olistruxisti
1629 3340 1897 3405 leonibus,
1934 3352 1993 3396 ut
2019 3352 2167 3397 tuum

2278 3337 2381 3408 ὅρη
2405 3340 2463 3391 ἐν
2493 3339 2747 3410 καρδίαις
2782 3338 3094 3405 θαλασσῶν,
3125 3341 3154 3393 6
3204 3340 3302 3393 τὸν
3332 3338 3443 3409 Βὴλ
3497 3336 3586 3391 ἐπὶ
3625 3331 3710 3387 τοῦ
3740 3327 3814 3383 σοῦ

586 3428 844 3488 servares
894 3427 1151 3482 famulum
1184 3428 1245 3494 σς
1303 3438 1356 3482 tu
1389 3443 1607 3498 quoque
1644 3446 1788 3485 nunc
1826 3441 2009 3487 everte
2055 3431 2172 3488 inec

2279 3430 2469 3484 δούλου
2502 3431 2704 3503 Δανιὴλ
2742 3431 3149 3503 καταστρέψας,
3210 3433 3426 3486 καὶτὸν
3471 3429 3716 3503 δράκοντα
3742 3425 3815 3478 ἅν·

588 3503 905 3587 simnlacra,
927 3529 1036 3574 tam
1057 3519 1260 3585 insilia,
1276 3536 1435 3589 quant
1451 3521 1643 3589 sculpti
1652 3522 1717 3576 lia
1742 3539 1756 3589 ;
1775 3534 1827 3578 et
1844 3526 2171 3593 agnitionem

2282 3522 2439 3589 ελὼν,
2488 3525 2585 3579 καὶ
2631 3526 2759 3588 τοὺς
2808 3525 3032 3590 λέοντας
3085 3524 3370 3595 φιμώσας,
3425 3523 3511 3578 ἴνα
3537 3521 3624 3576 τὸν
3652 3517 3814 3572 οἰκεῖον

592 3611 778 3681 praebe
812 3622 905 3666 tuo
937 3611 1156 3680 populo,
1208 3621 1264 3667 et
1305 3611 1483 3667 sciant
1529 3622 1678 3666 tuum
1729 3629 1848 3669 esse
1893 3615 2173 3671 brachium

2283 3614 2469 3688 σώσῃς
2529 3616 2866 3689 θεράποντα,
2910 3618 3076 3683 αὐτὸς
3118 3619 3215 3673 καὶ
3242 3617 3341 3673 νῦν
3389 3616 3459 3671 τὰ
3485 3614 3663 3670 είδωλα
3686 3607 3816 3663 κατὰμ

474 3716 487 3731 τ
590 3710 720 3759 eum
748 3754 753 3760 .
783 3704 1042 3773 potentia.
1097 3700 1176 3758 Tu
1214 3716 1275 3759 es
1308 3714 1511 3758 nostrte
1550 3706 1837 3772 potestatis
1884 3706 2102 3776 gloriati

2282 3701 2747 3780 στρεψον,’ταῦτα
2780 3709 2849 3764 τὰ
2883 3711 3132 3781 χωνευτὰ
3162 3709 3271 3781 καὶ,
3294 3708 3527 3779 γλυπτὰ,
3562 3705 3649 3760 καὶ
3667 3697 3817 3771 παράδ

593 3806 730 3866 σχου
775 3795 877 3868 τὴν
909 3794 1008 3868 σήν
1036 3797 1335 3866 ἐπίγνωσιν
1358 3795 1438 3866 τῷ
1473 3793 1586 3865 λαῷ
1617 3795 1715 3866 σῷ,
1790 3798 1885 3851 καὶ
1914 3797 2208 3867 γνώτωσαν
2250 3800 2329 3854 ὅτι
2361 3801 2451 3874 σὸς
2480 3804 2509 3855 6
2571 3804 2813 3876 βραχίων
2844 3804 2983 3875 μετὰ
3019 3802 3347 3869 δυναστείας
3399 3802 3485 3857 καλ
3517 3795 3818 3877 τδριαύχημα

592 3891 696 3962 ’τῆς
724 3891 1004 3962 δυνάμεως
1036 3892 1195 3963 ήμῶν
1226 3892 1290 3946 σὺ
1322 3886 1395 3948 εἴ.
2100 3919 2109 3927 .
2578 3908 2581 3911 -
2770 3962 2775 3965 ἠ
2814 3918 2817 3919 ,

663 3984 777 4041 Vll.
803 3985 937 4040 Cum
967 3984 1083 4039 haec
1110 3992 1254 4040 esset
1282 3992 1552 4052 precatus,
1577 3985 1852 4056 egreditur
1877 3999 1907 4040 e
1937 3985 2132 4055 templo
2164 4003 2177 4040 :

2358 3989 2429 4040 Z'.
2473 3987 2663 4041 Ταῦτα
2716 3987 3163 4058 προσευξάμενος
3218 3985 3390 4053 ἔξεισι
3417 3984 3510 4041 τοῦ
3556 3981 3695 4048 ναοῦ,
3719 3992 3818 4033 συν·

592 4074 759 4139 simul
797 4090 979 4136 autem
1013 4094 1135 4134 cum
1166 4093 1232 4135 eo
1266 4078 1543 4150 egreditur
1573 4082 1735 4134 etiam
1764 4080 2094 4144 Demetrius,
2127 4090 2182 4134 et

2283 4077 2451 4144 ἐξεισι
2474 4078 2532 4132 δὲ
2555 4078 2705 4150 αὐτῷ
2729 4080 2823 4133 καὶ
2845 4080 3158 4150 Δημήτριος
3176 4079 3276 4133 καὶ
3301 4081 3425 4133 ὅσον
3454 4078 3578 4133 ἄλλο
3604 4075 3702 4129 τῶν
3728 4069 3819 4124 Ἐλ-

590 4179 937 4243 qumcunqnc
999 4170 1104 4225 alia
1169 4170 1408 4240 gentium
1483 4181 1813 4226 convenerat
1869 4170 2182 4227 multitudo.

2282 4170 2463 4239 λήνων
2489 4168 2698 4240 πλῆθος
2732 4168 3170 4238 συνεληλύθεσαν
3190 4185 3205 4201 ⁸
3266 4169 3507 4225 Εὐανθία
3551 4166 3716 4238 μέντοι
3745 4156 3819 4215 καὶ

600 4260 869 4322 Evanthia
894 4272 1073 4317 autem
1098 4274 1153 4317 ct
1180 4263 1324 4318 iilius
1354 4262 1661 4319 Demetrius
1693 4265 1870 4320 adhuc
1887 4265 2180 4319 manebant

2282 4264 2310 4316 6
2341 4260 2457 4326 υίὸς
2490 4265 2804 4334 Δημήτριος
2834 4261 2983 4315 ἔνδον
3028 4262 3304 4331 ὑπέμενον
3352 4262 3453 4316 ἔτι.
3489 4262 3666 4329 ’Λφνω
3687 4256 3735 4309 δὲ
3765 4249 3819 4304 τὰ

599 4359 763 4413 intus.
819 4350 1064 4427 Repente
1106 4370 1235 4411 vero
1275 4356 1510 4413 maximo
1561 4357 1782 4426 quidem
1836 4366 1992 4411 terra:
2029 4367 2178 4413 motu
2208 4400 2228 4427 ι

2208 4400 2259 4427 η
2289 4358 2522 4426 μέγιστα
2548 4353 2645 4427 μὲν
2666 4358 2694 4408 6
2721 4350 2853 4418 Θεὸς
2878 4355 3163 4409 κατασείει
3183 4357 3286 4424 τὴν
3312 4356 3485 4409 πόλιν.
3506 4343 3819 4418 Κατενεχθεὶς

600 4448 742 4503 Deus
776 4446 1017 4503 concutit
1063 4446 1376 4502 civitatem:
1418 4448 1673 4519 templum
1708 4459 1890 4502 autem
1923 4462 2046 4502 mox
2082 4448 2177 4503 de-
2206 4435 2229 4461 ¹

2206 4435 2259 4461 ⁵³
2285 4448 2342 4501 δὲ
2372 4449 2400 4501 ὁ
2430 4445 2556 4510 ναὸς
2590 4446 2793 4500 αὐτίκα
2825 4445 2897 4499 τά
2948 4462 3008 4499 τε
3048 4446 3247 4500 εἴδωλα
3293 4446 3606 4517 διαθρύπτει
3654 4438 3735 4493 καὶ
3757 4435 3818 4494 εἰς

604 4540 899 4605 turbatum,
924 4537 1215 4593 simulacra
1251 4538 1566 4610 confringit,
1596 4549 1650 4594 et
1682 4539 1736 4594 in
1767 4538 2005 4594 cinerem
2033 4554 2183 4594 corn-

2274 4539 2439 4601 ,κόνιν
2493 4538 2749 4592 λεπτύνει
2802 4538 2897 4592 καὶ
2953 4538 3119 4609 χοῦν,
3154 4539 3243 4592 καὶ
3264 4536 3574 4609 Δημήτριον
3620 4531 3703 4586 τὸν
3731 4525 3821 4580 υῑδν

606 4632 799 4686 minuit
832 4640 887 4685 et
911 4631 963 4686 in
991 4630 1288 4701 pulverem,
1319 4631 1761 4703 Demetriumque
1791 4632 1963 4693 ﬁlium
1989 4641 2045 4687 et
2071 4646 2185 4687 mea-

2288 4629 2436 4684 ἐνδον
2490 4630 2584 4683 καὶ
2633 4629 2730 4702 τὴν
2769 4630 2985 4701 μητέρα
3016 4630 3288 4685 Εύανθίαν
3317 4626 3701 4698 ἀπολαμϐάνει.
3737 4614 3821 4672 ’Ῑόὗ

606 4732 742 4778 trem
783 4722 1105 4777 Evantbiam
1158 4722 1306 4778 intus
1346 4724 1643 4794 intercipit.
1682 4723 1820 4778 Cum
1875 4732 2029 4789 pater
2056 4737 2184 4794 ergo

2288 4723 2493 4794 πατρὸς
2525 4721 2706 4777 τοίνυν
2745 4723 3062 4793 Δημητρίου
3085 4722 3184 4794 τὴν
3222 4717 3603 4791 καταστροφὴν
3628 4711 3712 4768 τοῦ
3740 4705 3824 4765 νεὼ

609 4814 913 4870 Demetrius
966 4800 1151 4884 templi
1194 4816 1498 4886 aspexisset
1545 4815 1913 4881 eversionem,
1943 4815 2181 4870 nondum

2289 4813 2655 4885 θεασαμένου,
2692 4816 2861 4883 μήπω
2887 4813 2943 4866 δὲ
2968 4814 3254 4886 μαθόντος,
3290 4814 3367 4878 ὡς
3389 4814 3507 4883 ἄρα.
3537 4810 3627 4863 καὶ
3657 4808 3686 4877 ἡ
3713 4799 3824 4873 γυνὴ

606 4917 786 4960 autem
838 4908 1138 4977 accepisset
1187 4922 1410 4962 uxorem
1441 4907 1683 4962 etliliutn
1719 4906 1886 4962 fuisse
1918 4908 2063 4963 intus
2098 4907 2185 4962 in-

2288 4904 2437 4959 ἐνδον
2485 4905 2580 4959 καὶ
2611 4907 2640 4959 6
2683 4905 2800 4970 υίὸς
2824 4901 3293 4975 ἐναπολέιφθεῑεν,
3343 4904 3532 4974 ἄγεται
3564 4899 3658 4971 μὲν
3686 4897 3755 4958 εἰς
3777 4890 3825 4943 τδ

611 5005 902 5067 terceptos,
937 5000 1153 5053 ducitur
1172 4999 1390 5070 quidem
1426 4999 1479 5067 in
1509 4998 1776 5068 judicium
1806 4998 2023 5055 divinus
2050 4998 2187 5054 (ιονι-

2287 4997 2644 5068 δικαστήριον
2680 4998 2708 5050 6
2759 4996 2903 5061 θεῖος
2953 4998 3256 5068 Κορνήλιος
3280 4996 3342 5049 τὸ
3381 4997 3552 5049 αίτιον
3575 4989 3724 5060 δῆθεν
3746 4983 3825 5052 τῆς

608 5088 811 5154 nelins,
856 5090 1134 5159 cogendus
1157 5090 1551 5160 utique'dicere
1599 5106 1821 5145 causam
1861 5091 2183 5147 eversionis.

2290 5087 2680 5159 καταστροφῆς
2728 5089 2907 5141 εἰπεῖν
2940 5087 3517 5158 ἀναγκασθησόμενος.
3567 5083 3623 5136 '0
3649 5080 3698 5133 δὲ
3723 5089 3825 5145 (pat-

608 5181 703 5236 llle
740 5172 920 5236 autent
957 5182 1108 5236 laetus
1154 5180 1478 5251 ingreditur,
1542 5182 1707 5237 Deum
1760 5182 2060 5253 alloquens,
2093 5183 2185 5252 qui

2289 5180 2432 5251 δρῶἶ
2454 5197 2513 5233 τε
2547 5181 2723 5252 εἰσῄει
2747 5180 2824 5251 τῷ
2855 5180 3248 5251 ὲνδυναειιοῦντι
3290 5178 3454 5233 αύτδν
3480 5175 3653 5247 ἠρέμα
3678 5166 3824 5223 διαλει

609 5272 659 5325 ei
696 5272 862 5328 dabat
890 5272 1052 5339 vires,
1084 5277 1140 5326 et
1178 5271 1350 5343 magis
1389 5273 1668 5329 exsultans
1712 5275 2054 5343 propterhoc
2090 5274 2190 5328 mi—

2290 5273 2522 5343 γόμενος
2560 5271 2762 5344 Ἰησοῦ,
2795 5274 2888 5326 καὶ
2918 5273 3063 5353 μέγα
3093 5273 3305 5345 φρονῶν
3335 5274 3429 5325 ἐπὶ
3469 5268 3544 5339 τῷ
3575 5258 3821 5334 παραδόξῳ

613 5366 856 5420 raculnm
886 5366 1224 5432 incredibile,
1264 5382 1425 5436 quant
1460 5380 1680 5437 propter
1706 5369 1960 5422 thronum
1996 5367 2190 5422 Deme-

2189 5397 2190 5403 η
2290 5366 2465 5435 τούτῳ
2490 5366 2732 5437 θαύματι
2767 5366 2969 5437 μᾶλλον
2997 5364 3030 5436 ἦ
3064 5366 3157 5418 ἐπὶ
3182 5364 3260 5435 τῷ
3291 5363 3463 5434 θρὸντρ
3516 5355 3818 5437 Δημήτριυςι

609 5458 770 5524 trius,
811 5471 866 5511 et
890 5466 1111 5529 propter
1130 5457 1262 5514 illud
1288 5436 1562 5515 excelsum
1597 5471 1650 5516 et
1671 5460 1902 5515 sublime
1929 5457 2185 5513 tribunal.

2292 5458 2388 5512 καὶ
2424 5457 2504 5529 τῷ
2559 5436 2820 5529 μετεώρῳ
2871 5458 3067 5529 ἐκείνῳ
3127 5460 3224 5511 καὶ
3266 5454 3454 5527 ὑψηλῷ
3494 5452 3701 5524 βήματι.
3731 5436 3820 5494 Καὶ

609 5538 958 5605 ἰίἰιενοιιὶειιε
1033 5559 1216 5606 autem
1279 5538 1759 5622 interrogationem
1799 5570 1812 5604 :
1855 5549 1957 5604 Ubi
2046 5557 2192 5604 nunc

2188 5574 2192 5598 ι
2295 5549 2587 5623 προλαϐὼν
2616 5552 2715 5623 τὴν
2749 5550 3021 5622 ἐρώτησιν
3044 5567 3057 5581 ·
3092 5549 3204 5604 Ποῦ
3255 5547 3349 5602 νῦν
3385 5550 3509 5607 εἰσι,
3557 5536 3817 5623 Δημήτριξν

607 5650 761 5704 sunt,
799 5641 994 5709 inquit,
1027 5657 1061 5696 υ
1092 5641 1350 5707 Demetri,
1398 5616 1575 5713 magni
1611 5642 1683 5723 tui
1725 5642 1835 5697 dii?
1870 5641 1966 5697 ille
2008 5648 2187 5696 autem

2186 5666 2187 5691 ι
2293 5616 2353 5695 οῖ’
2377 5641 2605 5711 μεγάλοι
2634 5616 2726 5719 σρυ
2760 5616 2893 5703 deat.
2917 5616 3072 5712 2...];
3105 5641 3165 5696 'o
3194 5640 3249 5695 δὲ
3271 5638 3452 5701 εὐθὺς,
3485 5616 3815 5723 "amiciqui.

607 5732 897 5799 continuo,
948 5733 1305 5803 Quibusnam,
1345 5711 1541 5805 inquit,
1606 5713 1831 5806 magicis
1871 5734 2084 5791 artibus
2135 5745 2190 5790 et

2186 5775 2190 5786 .
2294 5736 2414 5797 ταῖς
2440 5711 2829 5804 μαγγανείαις,
2861 5711 3032 5800 ἄθλιε,
3069 5734 3163 5788 καὶ
3199 5733 3287 5787 τὸν
3309 5731 3433 5785 ναὸν
3488 5711 3815 5788 κατεστρέψαί

683 5830 890 5902 δυνιιιί.
923 5862 977 5915 x,
1005 5846 1095 5905 ΞΘ.
1177 5853 1196 5884 ⁸
1231 5850 1367 5906 Dan.
1402 5860 1481 5905 tv.
