4126 6420
385 374 515 442 1301

1367 392 1548 454 νιΤΑ
1569 393 1648 456 ⁸8.
1682 392 2047 456 CORNELII
2088 394 2634 458 CENTURIONIS.

3484 394 3629 461 1302

380 492 481 547 καὶ
515 494 845 567 συνέτριψας
881 499 952 556 τὰ
982 502 1313 577 ἀγάλματας
1340 505 1479 560 ἀλλὰ
1502 507 1836 579 βαρυτάταις
1886 525 1946 563 σε

2054 510 2341 581 praestigiis
2365 511 2622 580 templum
2648 510 2911 574 evertistl,
2944 520 2998 565 et
3032 518 3242 565 statuas
3270 510 3628 581 confregisti?

376 586 427 637 οί
454 584 576 640 θεοὶ-
605 586 846 654 ἅπαντες
894 591 1129 648 ῐστωσαν
1178 598 1473 667 τιμωρίαις
1521 596 1801 653 ὑποϐαλῶ.
1835 597 1949 653 Καὶ

379 678 581 733 αὐτίκα
614 682 911 737 ἐσκέπτετο
964 685 1021 751 τί
1069 686 1137 741 ἂν
1173 686 1346 741 ποιῶν
1402 687 1745 759 πικροτάτην
1801 688 1949 760 αὐτῷ

377 770 478 842 τὴν
500 772 722 828 κόλασιν
750 776 966 846 ἐπάγοι.
999 778 1274 851 Ἐσπέρας
1301 780 1357 835 δὲ
1381 780 1483 852 ήδη
1509 780 1947 852 καταλαδούσης,
1975 830 1984 840 .

378 862 594 919 κελεύει
644 866 867 929 δεθέντα
910 872 1099 941 χεῖρας
1143 871 1281 941 ὁμοῦ
1307 870 1401 927 καὶ
1432 871 1601 936 πόδας
1649 872 1741 926 τὸν
1792 863 1949 943 ἅγιον

380 955 755 1029 ἁναρτηθῆναι
776 962 930 1033 πτρά
952 966 1019 1035 τῇ
1047 964 1287 1035 φυλακῇ,
1329 963 1428 1019 καὶ
1457 963 1603 1018 οὕτω
1640 967 1790 1035 ζπαρο
1818 966 1948 1036 ὃλην

378 1052 475 1122 τὴν
513 1054 684 1109 νύκτα
709 1055 1015 1112 διατελέσαι
1049 1059 1423 1129 κρεμάμενον.
1479 1057 1668 1112 Ταῦτα
1698 1059 1827 1128 ἔφη,
1856 1061 1951 1114 κει.)⁵

378 1148 469 1200 τὸν
503 1148 663 1214 ἅγιον
693 1148 853 1213 εὐθὺς
876 1146 1023 1221 εἶχεν
1055 1151 1088 1220 ὴ
1121 1150 1361 1220 φυλακή.

2058 601 2164 657 Sed
2189 611 2242 657 te
2268 599 2604 671 gravissimis
2623 602 2819 675 (sciant
2839 618 3029 659 omnes
3053 603 3149 672 dii)
3186 604 3467 672 subjiciam
3498 619 3626 674 sup-

2057 694 2253 766 pliciis.
2281 694 2348 747 Et
2376 695 2558 749 statim
2590 695 2946 762 consultabat,
2979 696 3234 764 quidnam
3285 710 3473 766 agens,
3503 710 3623 749 eum

2059 783 2410 841 acerbissimo
2470 781 2706 838 alliceret
2756 784 3039 853 supplicio.
3096 783 3230 839 Cum
3280 785 3391 851 jam
3444 793 3622 837 autem

2056 874 2403 930 adventasset
2449 878 2692 943 vespera,
2739 873 2893 944 jubet
2942 872 3186 929 sanctum
3237 873 3417 944 ligatis
3468 872 3625 929 simul

2040 968 2285 1037 ,pedibus
2313 974 2368 1021 et
2400 966 2647 1021 manibus
2672 966 2928 1035 suspendi
2950 968 3003 1019 in
3040 968 3306 1031 custodia,
3341 975 3391 1021 et
3422 966 3496 1020 ita
3542 976 3624 1020 to-

2057 1070 2167 1114 tam
2200 1067 2413 1113 noctem
2447 1073 2667 1113 manere
2696 1074 3042 1127 suspensum.
3084 1057 3208 1113 llrec
3237 1058 3396 1123 dixit,
3435 1067 3491 1112 et
3515 1068 3626 1112 sta-

2057 1152 2158 1206 tim
2207 1161 2429 1207 sanctus
2462 1150 2561 1205 fuit
2585 1152 2863 1221 coniectus
2895 1152 2946 1206 in
2974 1164 3273 1206 carcerem.

1852 1306 2080 1364 CAPUT
2108 1308 2199 1363 HI.

1401 1445 1765 1518 Scepsa’orum
1794 1446 2085 1502 conversio.
2120 1444 2178 1502 S.
2220 1446 2452 1503 Cornelii
2481 1449 2673 1504 obitus.

428 1582 530 1637 'H'.
565 1585 914 1655 [Ιαραχρῆμα
964 1584 1021 1638 δὲ
1050 1584 1160 1640 τῶν
1189 1584 1407 1641 οἰκείων
1455 1604 1538 1649 τις
1565 1584 1949 1653 ἐπικαταλαμ-

376 1679 529 1732 ϐάνει
556 1678 762 1749 σπουδῇ
794 1678 1048 1748 Τελεφῶν
1067 1681 1129 1735 τδ
1145 1680 1318 1751 ὄνομα
1338 1698 1354 1713 ·
1373 1677 1444 1733 Ὦ
1466 1681 1729 1746 δέσποτα,
1752 1679 1949 1748 λέγων,

377 1771 421 1838 η’
438 1768 698 1823 δέσποινα
728 1770 759 1838 ή
782 1768 889 1841 ἐμὴ
920 1772 1013 1824 κα)⁸
1040 1773 1069 1824 ό
1090 1770 1387 1842 μονογενὴς
1408 1771 1521 1834 υἱὸς
1544 1769 1948 1841 διεφθάρησαν,

2124 1583 2258 1640 Vill.
2304 1584 2561 1643 Protinus
2604 1595 2783 1643 autem
2813 1589 2960 1645 venit
3011 1603 3241 1662 prapere
3289 1592 3510 1662 quidam
3560 1610 3624 1650 ex

2054 1676 2387 1743 domesticis,
2456 1679 2674 1735 nomine
2732 1679 3034 1751 Telephon,
3103 1682 3291 1739 dicens
3326 1700 3339 1737 :
3378 1685 3626 1750 Domine,

2054 1769 2273 1824 domina
2308 1784 2425 1824 mea
2454 1779 2508 1825 et
2544 1770 2684 1827 filius
2739 1781 2860 1828 tuus
2892 1774 3128 1845 unigena
3163 1776 3463 1847 perierunt,
3495 1792 3621 1834 cum

377 1861 931 1926 ἐπικατασεισθέντος
978 1864 1162 1926 αὐτοῖς
1190 1861 1286 1916 τοῦ
1317 1862 1442 1917 νεώ.
1475 1864 1806 1932 ,Δημήτριος
1858 1856 1950 1915 οὖν

2056 1868 2215 1918 terrae
2239 1872 2389 1917 motu
2413 1877 2737 1920 concussum
2764 1864 2864 1920 fuit
2901 1866 3180 1936 templum.
3212 1867 3515 1925 Demetrius
3537 1852 3628 1925 an-

375 1951 533 2013 εὺθὺς
556 1951 1237 2026 ἀκούσας’περιερρήξατο
1259 1953 1356 2022 τὴν
1403 1953 1609 2017 ἐσθῆτα
1632 1952 1728 2005 καὶ
1763 1951 1950 2009 πένθει

376 2043 599 2115 μεγάλῳ
631 2045 930 2115 συνείχετο.
964 2043 1183 2109 Μεταξὺ
1213 2044 1269 2097 δὲ
1298 2046 1391 2097 καὶ
1412 2045 1503 2098 τὸν
1534 2044 1664 2114 χοῦν
1682 2044 1763 2107 εἰς
1786 2044 1949 2114 τάχος

372 2138 483 2200 τοῖς
510 2136 605 2199 ὑπ’
636 2136 798 2191 αὐτὸν
836 2135 1085 2190 ἐκέλευεν
1110 2140 1382 2208 ἐκφορεῖν,
1424 2138 1570 2200 Ἕως
1595 2138 1664 2190 τὰ
1691 2137 1791 2208 τῆς
1817 2138 1953 2205 ἀγα-

374 2229 473 2300 θῆς
496 2215 642 2299 ἐμοὶ,
674 2228 872 2297 λέγων,
898 2229 991 2283 καὶ
1017 2229 1218 2300 πιστῆς
1238 2228 1472 2298 συζύγου
1505 2228 1715 2283 καὶτοῦ
1754 2229 1953 2298 γλυκυ-

262 2338 271 2346 ·
372 2321 535 2376 τάτου
566 2321 758 2384 παιδὸς
786 2320 882 2375 τοῦ
926 2321 1250 2392 μονογενοῦς
1307 2321 1632 2392 ἀνευρόντες
1658 2321 1843 2386 ὀστέα,
1873 2321 1953 2386 είς

373 2412 514 2482 ἐμὰς
570 2410 763 2483 χεῖρας
814 2412 1096 2482 κομίσετε.
1144 2409 1333 2466 Ταῦτα
1376 2411 1514 2481 όμοῦ
1569 2412 1706 2482 πρὸς
1754 2412 1953 2476 αὐτοὺς

372 2500 528 2568 ἔλεγε
577 2500 675 2553 καὶ
731 2499 877 2570 μετὰ
925 2501 1024 2573 τῆς
1060 2502 1244 2571 φωνῆς
1297 2501 1448 2574 ἔρρει
1490 2502 1559 2556 τὰ
1592 2502 1825 2574 δάκρυα,
1859 2499 1953 2558 καὶ

375 2593 655 2666 βαρύτατα
679 2593 885 2659 ἔστενε,
915 2595 1009 2648 καὶ
1037 2594 1277 2661 ἐπένθει,
1304 2596 1541 2659 καὶτοὺς
1557 2595 1770 2648 ἐκείνου
1795 2594 1953 2657 θεοὺς

374 2688 583 2758 ᾐτιᾶτο,
612 2687 694 2740 ὅτι
725 2687 835 2751 ζῶν
870 2688 951 2751 είς
976 2688 1136 2757 δεῦρο
1165 2688 1455 2759 τετήρητο,
1500 2688 1755 2759 τοιαύτην
1787 2688 1954 2756 ἀγγε-

374 2780 495 2834 λίαν
540 2779 777 2835 ἀκοῦσαι
829 2782 1058 2853 πικράν.
1109 2781 1635 2861 Περικαθισαμένων
1694 2782 1754 2835 δὲ
1788 2782 1952 2836 αὐτὸν

350 2872 478 2937 ,τῶν
517 2874 576 2927 ὲν
604 2877 669 2946 τῇ
697 2874 851 2928 πόλει
884 2874 1119 2946 πρώτων
1141 2877 1236 2930 καὶ⁹
1261 2874 1425 2928 τοῦτο
1462 2875 1562 2946 μὲν
1593 2874 1954 2946 συνθρηνούν-

369 2982 503 3032 των,
534 2965 696 3020 τοῦτο
754 2966 810 3020 δὲ
867 2967 966 3021 καὶ
1024 2968 1495 3038 παρακαλούντων
1547 2967 1644 3021 καὶ
1699 2949 1954 3032 τὸπάθος

370 3059 748 3112 ὲπισὸεννύειν
773 3058 943 3129 αὐτῷ,
969 3058 1203 3114 καθόσον
1224 3058 1447 3116 δυνατὸν
1468 3054 1558 3129 ἦν,
1588 3056 1952 3125 σπευδόντων,

368 3151 445 3214 ὡς
476 3152 579 3225 ήδη
609 3153 704 3212 καὶ
732 3154 760 3207 ὁ
791 3152 933 3207 κατὰ
959 3153 1055 3207 τοῦ
1081 3152 1385 3225 Κορνηλίου
1406 3152 1591 3215 αὐτοῖς
1616 3150 1953 3222 μεμελέτητο

368 3244 633 3309 θάνατος’
669 3246 978 3316 ἀπήρτιστο
1004 3245 1062 3300 δὲ
1091 3246 1184 3300 καὶ
1214 3245 1278 3299 τὸ
1309 3246 1521 3317 μνῆμα,
1552 3244 1683 3301 ἔνθα
1713 3245 1748 3316 ἡ
1789 3242 1953 3309 σύζυ-

368 3352 465 3409 γος
527 3336 667 3403 μετά
696 3336 793 3390 τοῦ
834 3337 1028 3401 παιδὸς
1081 3336 1308 3407 ἔμελλεν
1345 3337 1609 3406 ταφῆναι.
1654 3336 1950 3409 ἀρχιερεύς

367 3406 456 3492 τις
484 3429 595 3484 τῶν
648 3427 917 3500 Ἐλλήνων
952 3428 1091 3483 θεῶν
1115 3406 1286 3500 ὄνομα
1326 3427 1633 3500 Βαρδάτος,
1732 3406 1830 3483 καί
1851 3426 1950 3499 τὴν

370 3520 750 3593 ἀνακάθαρσιν
773 3523 868 3576 τοῦ
898 3522 1006 3575 νεῶ
1046 3522 1523 3593 ἐπιτετραμμένος
1545 3520 1682 3593 πρὸς
1707 3522 1836 3584 τοὺς
1854 3519 1949 3574 τοῦ

367 3613 687 3683 Δημητρίου
712 3613 1018 3683 ὑπηρέτας,
1042 3613 1167 3683 ἥκει
1191 3612 1396 3684 σπουδῇ
1420 3612 1439 3686 (
1462 3611 1522 3666 οὗ
1555 3612 1663 3682 γὰρ
1695 3611 1952 3680 παριέναι

369 3705 500 3778 παρ’
533 3706 699 3760 αὐτὸν
726 3706 813 3759 διὰ
838 3706 900 3760 τὸ
926 3705 1122 3769 πένθος
1160 3706 1570 3777 συνεχωρεῖτο),
1603 3705 1789 3776 φωνὴν
1815 3707 1950 3759 ἁνα-

260 3852 265 3855 ,
364 3793 605 3862 δίδοσθαι
637 3795 732 3875 τοῦ
767 3796 1023 3866 χώματος
1042 3796 1405 3865 ἀπαγγέλλων
1434 3796 1702 3859 Εὐανθίας
1734 3796 1948 3851 καὶτοῦ

366 3886 488 3941 υἱοῦ
514 3903 528 3915 ⁸
565 3886 665 3957 τὴν
698 3886 756 3940 δὲ
791 3886 977 3959 φωνὴν
1010 3885 1185 3942 ταῦτα
1218 3887 1604 3958 διασημαίνειν
1628 3904 1642 3919 ·
1699 3886 1891 3956 Μέγας
1923 3891 1952 3943 ό

363 3978 501 4043 Θεὸς
521 3979 629 4035 τῶν
651 3978 1021 4052 Χριστιανῶν,
1046 3979 1107 4044 ὃς
1141 3978 1415 4051 ἐρρύσατο
1438 3980 1584 4051 ἡμᾶς
1612 3980 1678 4033 ἐκ
1705 3979 1799 4032 τοῦ
1833 3998 1947 4034 κιν-

365 4072 528 4129 δύνου
558 4072 750 4127 τούτου
780 4073 868 4126 διὰ
910 4072 1005 4126 τοῦ
1036 4071 1372 4143 θεράποντος
1422 4072 1586 4126 αὑτοῦ
1620 4073 1947 4144 Κορνηλίου,

367 4169 465 4221 καὶ
491 4166 551 4221 οὐ
578 4166 761 4236 τελείᾳ
789 4164 1173 4232 παραδέδωκεν
1203 4163 1470 4236 ἀπωλείᾳ.
1501 4164 1742 4217 Σπεῦσον
1773 4166 1951 4219 τοίνυν

366 4262 466 4314 κα¹ι
501 4261 589 4325 σὺ,
650 4260 932 4329 Δημήτριε
959 4299 975 4324 ,
1031 4256 1126 4310 καὶ
1168 4256 1406 4325 ἐξάγαγε
1447 4260 1547 4328 τῆς
1580 4258 1828 4328 φυλακῆς
1858 4258 1951 4314 τὸν

365 4356 527 4424 ἅγιον
574 4353 745 4423 ἄνδρα
789 4352 1001 4416 τοῦτον,
1033 4348 1129 4405 καὶ
1190 4350 1570 4422 προσκύνησον
1624 4351 1775 4421 αύτῷ
1810 4352 1953 4421 μετά

366 4448 589 4501 πάντων
614 4446 726 4523 τῶν
753 4447 810 4498 ὲν
836 4428 920 4516 τῷ
956 4445 1091 4515 οἴκῳ
1148 4445 1306 4515 ἡμῶν
1336 4449 1432 4498 καὶ
1483 4446 1590 4498 τῶν
1621 4445 1951 4514 ἐγγιζόντων

2057 1964 2165 2009 tem
2198 1970 2320 2009 cum
2352 1957 2583 2024 primum
2618 1957 2719 2013 hoc
2771 1959 3087 2028 audivisset,
3118 1961 3281 2017 scidit
3319 1972 3544 2028 vestem,
3573 1971 3630 2019 et

2057 2063 2253 2126 magno
2306 2049 2406 2104 fuit
2460 2049 2607 2107 luctu
2664 2066 2975 2122 oppressus.
3013 2051 3233 2110 Interim
3284 2066 3465 2111 autem
3497 2056 3627 2125 ius-

2056 2141 2130 2196 sit
2153 2142 2275 2214 suis.
2302 2144 2575 2212 pulverem
2634 2146 3034 2214 quamprimum
3084 2156 3393 2216 exportare.
3446 2146 3628 2203 Donec

2056 2249 2189 2288 mea:
2224 2234 2400 2300 boum,
2430 2236 2625 2305 inquit,
2655 2246 2708 2291 et
2743 2235 2913 2292 ﬁdelis
2941 2236 3205 2309 conjugis,
3238 2247 3292 2293 et
3318 2220 3626 2294 suavissimi

2055 2326 2303 2397 unigena
2334 2327 2430 2381 ﬁlii
2460 2343 2585 2383 ossa
2614 2328 2854 2391 inventa,
2889 2329 2939 2383 in
2973 2344 3125 2385 meas
3161 2345 3353 2385 manus
3376 2338 3631 2402 portave-

2055 2420 2196 2474 rilis.
2223 2418 2350 2475 Haec
2379 2422 2541 2477 simul
2565 2422 2644 2475 eis
2672 2420 2909 2487 dicebat,
2932 2430 2985 2476 et
3015 2437 3138 2478 cum
3182 2436 3313 2477 voee
3341 2422 3630 2479 emuebant

2056 2511 2328 2583 laerymae,
2359 2520 2412 2567 et
2445 2513 2770 2581 gravissime
2802 2512 3189 2583 ingemiscebat
3229 2521 3284 2569 et
3311 2513 3547 2584 lugebat,
3575 2525 3631 2571 et

2054 2602 2187 2659 deos
2239 2618 2369 2659 suos
2397 2603 2726 2685 accusabat,
2762 2605 2907 2673 quod
2965 2604 3122 2661 vivus
3180 2605 3248 2661 ad
3301 2607 3403 2662 hoc
3458 2622 3631 2677 usque

2057 2705 2268 2765 tempus
2301 2704 2445 2751 esset
2478 2706 2855 2760 conservatus,
2903 2705 2963 2750 ut
2991 2696 3204 2752 audiret
3232 2706 3338 2751 tam
3372 2699 3628 2755 acerbum

2056 2788 2324 2841 nuntium.
2358 2786 2493 2842 Cum
2535 2786 2585 2841 ei
2616 2794 2798 2841 autem
2823 2787 3159 2842 assedissent
3190 2788 3455 2859 primates
3485 2789 3627 2843 civi-

2057 2878 2204 2944 tatis,
2233 2887 2284 2931 et
2308 2876 2500 2946 partim
2534 2876 2751 2946 quidem
2788 2876 2949 2931 simul
2995 2877 3445 2947 lamentarentur,
3504 2892 3629 2948 par-

2054 2967 2152 3021 tim
2180 2975 2357 3022 autem
2382 2966 2547 3020 etiam
2580 2965 3017 3033 consolarentur,
3046 2976 3102 3022 et
3145 2966 3325 3037 quoad
3351 2967 3470 3038 ejus
3510 2968 3631 3024 ﬁeri

2052 3066 2257 3129 posset,
2309 3056 2551 3112 dolorem
2585 3057 2870 3112 studerent
2923 3057 3296 3128 exstinguere,
3338 3067 3395 3113 et
3418 3059 3530 3129 jam
3562 3058 3632 3114 de

2058 3160 2231 3205 morte
2278 3148 2536 3205 Cornelio
2556 3148 2839 3205 inferenda
2875 3159 3130 3218 agerent;
3167 3157 3436 3221 .essetque
3459 3136 3637 3220 perfe-

2054 3252 2205 3299 ctum
2239 3228 2651 3307 monimentum,
2687 3242 2741 3296 in
2777 3256 2886 3312 quo
2918 3241 3228 3311 sepelienda
3278 3250 3398 3298 erat
3434 3242 3631 3312 ronjux

2052 3350 2177 3390 cum
2202 3334 2311 3389 lilio
2331 3350 2346 3400 ;
2370 3334 2609 3404 pontifex
2640 3334 2857 3403 quidam
2889 3338 3113 3390 deorum
3132 3333 3396 3405 gentium,
3417 3334 3634 3391 nomine

2056 3426 2347 3492 Barbatus,
2378 3427 2470 3517 cui
2524 3426 2815 3483 commissa
2870 3425 3050 3481 fuerat
3076 3426 3259 3498 templi
3298 3428 3631 3498 repurgatio,
3729 3496 3734 3501 θ

2057 3534 2286 3590 propere
2318 3520 2466 3575 venit
2495 3520 2562 3573 ad
2595 3517 2829 3575 famulos
2859 3518 3114 3574 Demetrii
3149 3520 3305 3591 (non.
3334 3520 3480 3575 enim
3506 3534 3631 3591 per-

2055 3611 2376 3667 mittebatur
2406 3612 2475 3665 ad
2530 3626 2652 3666 eum
2697 3610 2960 3667 accedere
3009 3620 3228 3682 propter
3260 3612 3513 3683 luctum),
3548 3626 3636 3669 re—

2054 3702 2335 3768 nuntians,
2363 3717 2431 3756 ex
2464 3684 2720 3759 ruderum
2747 3703 2966 3757 cumulo
2983 3702 3153 3758 fuisse
3181 3704 3420 3758 auditam
3442 3717 3631 3760 vocem

2055 3793 2337 3849 Evantbize
2365 3800 2423 3848 et
2456 3792 2572 3860 ﬁlii,
2625 3806 2817 3849 vocem
2868 3800 3048 3848 autem
3102 3793 3220 3849 haec
3272 3793 3630 3866 signiﬁcare:

2055 3887 2285 3959 Magnus
2336 3887 2482 3943 Deus
2516 3886 2982 3951 Christianorum,
3027 3887 3121 3957 qui
3180 3899 3282 3943 nos
3333 3886 3536 3957 eripuit
3566 3902 3631 3943 ex

2054 3978 2437 4050 boc'periculo
2462 3993 2560 4048 per
2585 3977 2847 4033 famulum
2877 3993 3035 4034 suum
3067 3978 3407 4045 Cornelium,
3435 3988 3491 4033 et
3525 3992 3631 4033 non

2058 4087 2157 4127 nos
2188 4072 2335 4127 dedit
2368 4071 2592 4129 omnino
2621 4070 2814 4126 exitio.
2857 4069 3078 4125 Festina
3104 4083 3235 4140 ergo
3282 4078 3340 4125 tu
3394 4084 3632 4140 quoque,

2056 4160 2317 4228 Demetri,
2351 4172 2404 4218 et
2429 4162 2606 4217 virum
2649 4162 2799 4217 hunc
2827 4170 3076 4217 sanctum
3114 4161 3253 4216 educ
3279 4174 3311 4215 e
3359 4160 3635 4225 custodia,

2054 4263 2112 4310 et
2140 4254 2308 4310 adora
2331 4268 2457 4309 eum
2487 4269 2611 4310 eum
2668 4254 2923 4310 omnibus
2977 4254 3070 4325 qui
3098 4262 3227 4309 sunt
3260 4253 3315 4309 in
3347 4253 3508 4309 domo
3542 4267 3637 4309 no-

2053 4353 2192 4411 stra,
2216 4353 2273 4400 et
2304 4344 2370 4401 iis
2410 4345 2503 4415 qui
2544 4352 2674 4401 sunt
2690 4343 2849 4401 nobis
2865 4342 3157 4415 propinqui
3185 4360 3200 4399 :
3226 4353 3281 4400 et
3302 4358 3430 4413 roga
3455 4344 3633 4413 ipsum

2057 4441 2115 4490 u‘t
2138 4437 2364 4491 veniens
2381 4433 2442 4489 ‘in
2486 4434 2588 4490 boc
2616 4434 3007 4500 habitaculum,
3036 4445 3138 4500 nos
3167 4440 3372 4499 servet,
3403 4438 3459 4487 et
3493 4429 3634 4485 edu-
3726 4444 3729 4445 '

370 4540 522 4610 ἡμῖν,
553 4537 649 4592 καὶ
678 4537 899 4609 δεήθητι
925 4533 1114 4601 αὐτοῦ,
1146 4537 1294 4600 ὅπως
1320 4535 1492 4589 ἐλθὼν
1517 4539 1575 4590 ἐν
1601 4537 1676 4607 τῷ
1710 4537 1949 4591 καταλύ-

2055 4537 2143 4582 cat
2188 4542 2255 4583 ex
2298 4527 2382 4581 liis
2412 4526 2609 4590 ruinis,
2643 4536 2699 4581 et
2729 4539 2758 4579 e
2783 4524 3073 4595 profundo,
3104 4538 3172 4579 ne
3221 4537 3506 4594 pereamus
3548 4537 3638 4602 pe-

368 4648 500 4702 ματι
521 4630 696 4702 τούτῳ
726 4630 876 4701 σώσῃ
905 4630 1054 4699 ἡμᾶς
1082 4628 1175 4682 καὶ
1207 4628 1453 4701 ἐξαγάγῃ
1479 4630 1628 4700 qna;
1661 4630 1757 4683 τοῦ
1779 4631 1947 4701 χαλά-

365 4743 577 4796 σματος
603 4724 796 4777 τούτου
828 4722 1039 4776 καὶτοῦ
1079 4720 1270 4792 βυθοῦ,
1294 4722 1380 4775 ἵνα
1413 4721 1488 4792 μὴ
1515 4722 1700 4776 τέλεον
1735 4722 1950 4776 ἀπολὼ-

366 4814 530 4885 μεθα.
561 4812 787 4882 Μεγάλα
812 4811 921 4883 γὰρ
952 4811 1234 4882 θαυμάσια
1260 4810 1354 4865 τοῦ
1383 4811 1520 4866 Θεοῦ
1545 4812 1779 4867 ἐνταῦθα
1809 4813 1949 4885 δρῶ-

366 4922 492 4974 μεν,
514 4904 608 4958 καὶ
626 4903 877 4973 ἀγγέλων
892 4901 1225 4974 κραζόντων*
1256 4901 1441 4970 ιοΔόξα
1462 4904 1521 4957 ὲν
1543 4903 1786 4971 ὑψίστοις
1806 4903 1947 4976 Θεῷ,

363 4998 463 5052 καὶ
488 4997 581 5051 ἐπὶ
600 4998 703 5068 γῆς
728 4998 944 5069 εἰρήνη,
974 4998 1032 5051 ὲν
1065 4997 1373 5069 ἀνθρώποις
1390 4998 1630 5052 εὐδοκία.

436 5109 515 5166 Θ’.
552 5111 771 5164 Τούτων
796 5108 1131 5174 ἀκούσαντες
1166 5110 1216 5165 οἱ
1260 5109 1555 5182 ὑπηρέται,
1608 5111 1948 5184 ἀποτρέχου-

364 5220 452 5257 σιν
484 5202 648 5266 εύΰὺς
701 5202 820 5273 ἅμα
850 5201 1119 5273 Βαρόἀτῳ
1150 5203 1400 5275 ἀρχιερεῖ
1442 5203 1577 5274 πρὸς
1610 5205 1946 5276 Δημήτριον,

367 5293 464 5346 καὶ
488 5294 924 5364 ἀπαγγέλλουσιν
952 5294 1101 5366 αὐτῷ
1153 5294 1295 5364 μετὰ
1325 5295 1563 5365 σπουδῆς
1614 5295 1844 5352 ἕκαστα.
1890 5298 1949 5350 Ὀ

366 5385 428 5439 δὲ
460 5390 731 5458 περιεῖναι
753 5389 835 5441 ἔτι
866 5387 968 5458 τὴν
992 5389 1231 5456 γυναῖκα
1254 5388 1350 5441 καὶ
1370 5389 1473 5440 »τὸν
1504 5389 1671 5443 παῖδα
1703 5390 1946 5459 πυθόμε-

363 5496 477 5544 νος,
510 5483 716 5553 μεστήν
767 5499 828 5536 τε
856 5482 1052 5553 ἡδονῆς
1102 5482 1219 5552 ἅμα
1244 5482 1338 5535 καὶ
1375 5481 1539 5536 σάλου
1568 5482 1666 5552 τήν
1718 5482 1949 5551 καρδίαν

362 5570 501 5644 εἷχε.
530 5577 637 5629 Καὶ
664 5576 925 5647 δρομαῖος
947 5575 1099 5647 παρὰ
1118 5579 1183 5646 τῇ
1211 5575 1423 5647 φυλακῇ
1449 5574 1639 5637 ἐλθὼν,
1668 5577 1950 5644 καταλαμ-

364 5665 525 5721 ϐάνει
558 5665 966 5735 περιπατοῦντα
998 5668 1091 5722 τὸν
1120 5667 1266 5721 θεῖον
1294 5668 1624 5739 Κορνήλιον,
1660 5668 1866 5738 βιὸλίον
1889 5684 1948 5720 τε

365 5756 460 5811 διὰ
512 5758 696 5829 χειρὸς
764 5758 959 5829 ἔχοντα
1011 5760 1108 5814 καὶ
1151 5760 1323 5832 ταύτῃ
1361 5742 1459 5814 τὸν
1490 5759 1623 5815 Θεὸν
1676 5760 1947 5835 αίνούντα.

372 5851 640 5921 Ἀγγελος
663 5851 774 5922 γὰρ
806 5851 955 5924 αὐτῷ
988 5853 1223 5918 ὲπιπτὰς
1253 5853 1409 5908 ἔλυσε
1432 5852 1540 5908 τῶν
1567 5852 1806 5925 δεσμῶν,
1858 5853 1952 5908 καὶ

2056 4620 2201 4676 nitus
2237 4636 2251 4673 :
2282 4635 2472 4690 magna
2509 4618 2655 4673 enim
2708 4618 2802 4672 Dei
2856 4616 2943 4671 hic
2975 4617 3222 4672 videmus
3262 4614 3551 4681 miracula,
3579 4624 3637 4670 et

2052 4715 2304 4769 videmur
2338 4714 2527 4775 audire
2558 4712 2782 4783 angelos
2813 4712 3148 4768 clamantes:
3181 4729 3200 4763 ι
3237 4709 3419 4765 Gloria
3446 4711 3502 4764 in
3538 4724 3636 4764 ex-

2053 4806 2216 4863 celsis
2250 4805 2381 4873 Deo,
2417 4814 2474 4860 et
2510 4805 2581 4871 in,
2604 4813 2750 4861 terra
2776 4819 2902 4874 pax,
2931 4803 2985 4857 in
3017 4802 3328 4860 hominibus
3350 4802 3491 4858 bona
3541 4814 3636 4857 vo-

2052 4897 2252 4954 luntas.
2292 4916 2311 4951 ι

2125 5103 2219 5162 IX.
2252 5103 2389 5160 Cum
2422 5105 2540 5158 lucc
2589 5101 2930 5157 audivissent
2957 5099 3215 5167 ministri,
3242 5105 3470 5155 currunt
3501 5112 3634 5167 pro-

2056 5200 2200 5253 tinus
2235 5211 2360 5251 cum
2420 5196 2654 5251 Barbato
2714 5194 2973 5264 pontiﬁce
3016 5194 3083 5248 ad
3117 5194 3470 5258 Demetrium,
3494 5202 3551 5249 et
3582 5194 3632 5247 ei

2054 5290 2266 5361 singula
2307 5291 2595 5362 diligenter
2626 5290 2959 5344 renuntiant.
3004 5288 3101 5342 Ille
3148 5300 3354 5352 autem,
3391 5301 3513 5340 cum
3545 5301 3636 5341 ac-

2054 5384 2290 5454 cepisset
2326 5398 2448 5438 esse
2476 5383 2662 5438 adhuc
2712 5382 3059 5451 superstitem
3090 5396 3314 5435 uxorem
3351 5389 3407 5436 et
3437 5380 3629 5445 ﬁlium,

2053 5494 2148 5532 cor
2170 5479 2385 5544 plenum
2418 5477 2607 5530 habuit
2636 5472 2821 5530 laetitia
2861 5472 3022 5528 simul
3085 5481 3137 5526 et
3170 5470 3581 5540 perturbatione
3606 5462 3630 5524 ἐ

2055 5580 2110 5625 ct
2147 5572 2349 5625 cursim
2392 5571 2611 5624 veniens
2640 5569 2695 5624 in
2741 5565 3073 5629 cusmdiam,
3116 5563 3339 5619 oﬁ'endit
3394 5564 3632 5618 divinant

2055 5662 2364 5717 Cornelium
2401 5661 2791 5724 ambulantem,
2824 5669 2876 5713 et
2906 5658 3100 5712 librum
3131 5657 3183 5709 in
3229 5670 3389 5709 manu
3441 5664 3637 5707 tenens

2057 5767 2187 5821 tem,
2217 5765 2269 5810 et
2292 5757 2373 5809 sic
2410 5755 2577 5810 Deum
2604 5754 2912 5809 laudantem
2948 5768 2961 5805 :
2989 5749 3231 5819 Angelus
3256 5748 3398 5804 enim
3423 5747 3488 5802 ad
3508 5761 3633 5802 eum

2054 5850 2342 5919 accedens,
2375 5850 2552 5920 ipsum
2584 5850 2819 5905 solverat
2850 5863 2880 5903 a
2921 5846 3151 5903 vinculis
3183 5865 3196 5902 :
3230 5852 3285 5901 et
3326 5858 3449 5900 eum
3494 5839 3633 5897 mul-
