4126 6416
531 358 670 434 1303

1752 364 2032 434 MENSIS
2064 373 2581 452 FEBRUARIUS.

3641 370 3797 440 1304

520 485 774 545 ‘titudine,
810 498 929 553 quae
960 482 1120 537 simul
1168 493 1541 548 concurrerat,
1599 487 1800 542 cadens
1860 488 1928 541 ad
1976 487 2094 556 ejus

2213 490 2377 542 τεσὼν
2423 491 2541 560 ἀμα
2582 490 2659 560 τῷ
2714 489 3182 562 συνδεδραμηκότι
3226 489 3426 563 πλήθει
3488 487 3797 562 πρὸςτοῦς

524 580 711 650 pedes,
739 576 1063 630 exclamavit
1092 594 1111 658 :_
1154 572 1379 645 Magnus
1402 585 1485 632 est
1517 565 1657 633 Deus
1695 577 1965 644 Cornelii,
2002 581 2092 649 qui

525 686 698 726 meam
747 669 1031 737 coniugem
1078 668 1401 723 Evanthiam
1451 678 1505 723 et
1539 669 1704 724 lilium
1764 671 2094 727 Demetrium

523 753 775 817 liberavit
832 777 859 815 a
907 762 1095 831 templi
1143 764 1480 820 eversione:
1524 772 1580 819 et
1621 764 1783 818 simul
1846 774 2096 837 sanctpm

521 856 720 917 oravit,
750 857 980 910 dicens:
1016 848 1187 910 Serve
1238 853 1332 909 Dei
1391 855 1665 919 altissimi,
1717 855 1992 911 credimus
2042 856 2097 908 in

520 947 879 1011 Cruciiixnm,
923 963 1083 1016 quem
1145 958 1201 1004 tu
1263 948 1547 1016 praedicas,
1579 958 1633 1003 et
1663 948 1796 1015 ipse,
1833 957 1886 1002 et
1910 963 2100 1004 omnes

522 1039 613 1105 qui
644 1049 770 1093 sunt
801 1054 1035 1105 mecum,
1074 1041 1121 1094 si
1152 1040 1389 1107 veneris,
1421 1050 1476 1111 et
1514 1055 1733 1095 uxorem
1790 1041 1993 1103 vivam,
2043 1050 2100 1097 et

525 1117 691 1181 iilinm
718 1128 864 1182 illinc
895 1128 1172 1184 eduxeris.
1202 1128 1290 1184 Ille
1339 1140 1549 1195 autem,
1571 1130 1838 1197 Accipite,
1898 1130 2098 1199 inquit,

524 1222 675 1288 prius
707 1220 909 1276 Christi
937 1222 1294 1299 signaculum.
1327 1231 1382 1277 et
1406 1231 1534 1275 tunc
1559 1223 1768 1276 veniam
1789 1222 2095 1287 vobiscum,

525 1323 583 1366 et
616 1312 835 1367 dabitur
860 1314 1010 1367 vobis
1034 1314 1215 1366 cordis
1252 1312 1413 1387 vestri
1466 1311 1812 1368 desiderium.
1848 1313 2104 1373 Protinus

528 1406 713 1475 itaque
745 1406 1049 1460 Demetrius
1084 1421 1206 1459 cum
1246 1404 1501 1459 omnibus
1529 1407 1618 1473 qui
1651 1412 1772 1461 Cum
1792 1407 1908 1476 ipso
1923 1418 2100 1473 erant,

529 1514 653 1553 cum
686 1514 875 1554 rursus
904 1498 1194 1561 dixissent,
1227 1497 1452 1568 Magnus
1488 1508 1568 1554 est
1599 1496 1740 1552 Deus
1767 1498 2098 1555 Christiano-

527 1605 669 1654 rum,
703 1588 1025 1657 baptismum
1057 1588 1383 1657 suscipiunt.

598 1770 663 1827 Χ.
703 1770 909 1827 Deinde
927 1781 1180 1828 cum'eos
1204 1772 1593 1842 assumpsisset
1615 1772 1921 1838 Cornelius,
1950 1773 2108 1829 stetit

2200 582 2365 643 πόδας
2391 582 2578 645 αὐτοῦ,
2607 582 2799 651 Μέγας
2831 584 2860 636 6
2892 582 3047 647 Θεὸς,
3075 582 3277 653 ἔκραζε
3297 624 3313 650 ,
3348 583 3671 654 Κορνηλίου,
3716 582 3784 647 ὃς

2199 673 2471 744 ἐρρύσατο
2490 674 2590 745 τὴν
2611 676 2753 745 ἐμὴν
2785 674 3020 744 σύζυγον
3039 675 3332 736 Ἐὐανθίαν
3380 677 3485 730 καῖ
3513 676 3607 729 τὸν
3652 675 3783 729 υίὸν
3892 744 3895 745 ν

2200 766 2514 836 Δημήτριον
2548 767 2655 820 ἀπὸ
2683 767 2783 839 τῆς
2812 768 3198 837 καταστροφῆς
3220 768 3316 821 τοῦ
3339 767 3469 821 ναοῦ
3491 785 3504 799 ·
3533 767 3628 821 καὶ
3655 767 3786 838 ἅμα.

2201 856 2368 908 ἐδεῖτο
2386 852 2480 910 τοῦ
2499 857 2659 925 ἁγίου
2683 873 2698 888 °
2725 858 2891 911 Δοῦλε
2909 858 3005 912 τοῦ
3027 859 3163 912 Θεοῦ
3184 858 3277 912 τοῦ
3308 856 3558 929 ὑψίστου,
3582 859 3788 927 λέγων,

2202 946 2531 1018 πιστεύομεν
2556 950 2637 1013 είς
2663 949 2754 1002 τὸν
2798 950 3264 1022 Ἐσταυρωμένον,
3293 950 3352 1004 ὃν
3380 952 3446 1004 σύ
3461 951 3791 1022 κηρύσσεις,

2204 1038 2296 1091 καὶ
2322 1038 2506 1103 αὐτὸς,
2538 1040 2633 1093 καὶ
2665 1041 2863 1104 πάντες
2888 1044 2937 1095 oi
2969 1045 3088 1111 μετ’
3135 1043 3295 1114 ἐμοῦ,
3318 1043 3415 1098 ἐάν
3467 1043 3640 1097 ἐλθὼν
3686 1042 3796 1114 τὴν

2204 1132 2439 1199 γυναῖκα
2462 1131 2644 1195 ζῶσαν
2670 1136 2767 1188 καὶ
2791 1134 2886 1189 τὸν
2908 1134 3024 1189 υίὸν
3043 1136 3254 1191 ἐκεῖθεν
3280 1136 3575 1208 ἐξαγάγῃς.
3622 1137 3684 1190 ’0
3705 1137 3790 1190 δέ·

2204 1222 2437 1286 Λάϐετε,
2474 1224 2598 1294 ἔφη,
2659 1226 2926 1297 πρότερον
2980 1228 3078 1294 τὴν
3123 1229 3183 1287 ἐν
3231 1229 3455 1300 Χριστῷ
3489 1228 3794 1299 σφραγῖδα,

2205 1316 2301 1368 καὶ
2338 1316 2642 1386 τηνικαῦτα
2667 1316 2962 1388 ἐλεύσομαι
2995 1320 3114 1389 μεθ’
3154 1320 3330 1391 ὑμῶν,
3379 1320 3472 1373 καὶ
3517 1320 3552 1389 ή
3594 1302 3798 1371 ἐπιθυ-

2210 1406 2307 1477 μία
2334 1409 2435 1479 τῆς
2466 1408 2697 1481 καρδίας
2736 1410 2891 1481 ὐμῶν
2942 1413 3229 1482 δοθήσεται
3276 1412 3426 1482 ὑμῖν.
3481 1408 3658 1473 Εὐθὺς
3693 1410 3796 1463 οὖν

2207 1501 2519 1572 Δημήτριος
2579 1502 2721 1570 μετά
2755 1503 2863 1557 τῶν
2901 1503 2998 1558 σὺν
3032 1502 3182 1574 αὐτῷ
3216 1502 3466 1557 πάντωνο
3530 1502 3725 1569 Μέγας
3762 1504 3798 1555 6

2205 1592 2338 1655 Θεὸς
2357 1591 2466 1645 τῶν
2487 1593 2847 1663 Χριστιανῶν,
2876 1596 2971 1649 καὶ
2996 1594 3159 1650 πάλιν
3192 1594 3461 1659 εἰπόντες,
3487 1594 3547 1646 τὸ
3578 1593 3781 1663 βάπτι-

2176 1700 2181 1703 τ
2212 1698 2324 1752 σμα
2344 1683 2617 1753 δέχονται.
3260 1677 3269 1685 ”
3698 1752 3705 1755 .

2285 1774 2342 1828 ι’.
2366 1772 2499 1828 Εἶτα
2535 1776 2868 1846 παραλαὸὼν
2890 1777 3089 1841 αὐτοὺς
3130 1779 3158 1831 6
3180 1780 3499 1851 Κορνήλιος,
3531 1781 3662 1853 ἔστη
3698 1782 3797 1836 ἐπὶ

523 1865 687 1932 super
714 1863 1105 1932 habitaculum,
1127 1874 1181 1920 et
1208 1866 1274 1918 ad
1315 1866 1585 1921 Orientem
1616 1865 1803 1920 oculos
1828 1865 2021 1921 tollens
2052 1867 2105 1920 in

2213 1864 2288 1935 τῷ
2315 1869 2679 1937 καταλύματι,
2711 1868 2808 1923 καὶ
2837 1868 2961 1932 τούς
3003 1869 3316 1941 ὀφθαλμοὺς
3348 1850 3490 1926 κατά
3525 1850 3796 1939 ἀνατολὰς

524 1954 748 2015 uelum,
786 1954 1003 2022 inquit:
1046 1954 1271 2011 Domine
1316 1955 1459 2010 Dens
1516 1958 1799 2020 virtutum,
1859 1957 1950 2026 qui
2017 1972 2104 2010 re-

526 2044 699 2112 Spit-is
721 2060 883 2114 super
915 2046 1371 2109 terram,‘etf.tcis
1391 2061 1509 2101 eam
1539 2055 1803 2112 tremere;
1829 2046 1920 2115 qui
1951 2060 2106 2116 aspe-

526 2150 618 2193 ctu
655 2150 745 2195 tuo
773 2141 1302 2207 tuontesliquel‘acis,
1335 2154 1388 2198 et
1412 2143 1724 2198 visitatione
1750 2144 2108 2212 tuaexsiccas

524 2232 800 2301 hbyssos;
834 2234 947 2299 ipse
987 2250 1065 2299 es,
1104 2228 1327 2288 Domine
1369 2252 1382 2289 :
1428 2234 1542 2303 ipse
1582 2235 1781 2290 exaudi
1847 2235 2105 2305 gemitum

531 2318 869 2390 vinctorum,
893 2332 947 2377 ct
979 2327 1115 2380 etluc
1144 2341 1173 2378 e
1202 2334 1343 2379 terra
1388 2324 1727 2391 Evunthiam,
1770 2335 1823 2381 et
1852 2341 1919 2381 ne
1947 2340 2106 2380 aver-

468 2444 475 2451 ο
530 2424 616 2469 tas
646 2415 1013 2469 iacietutumu
1047 2430 1076 2468 ιι
1138 2416 1246 2469 lilio
1282 2417 1402 2486 ejus
1440 2433 1454 2469 :
1494 2420 1586 2471 sed
1645 2418 1861 2471 attende
1911 2416 2107 2469 animae

528 2513 840 2585 cortuuhct
883 2506 1055 2560 libera
1114 2520 1207 2560 eos
1240 2516 1460 2574 prOpter
1520 2520 1714 2561 nomen
1770 2516 1940 2560 tuum.
1983 2505 2108 2560 Haec

528 2611 652 2650 cum
696 2608 944 2665 precatus
974 2609 1119 2673 esset
1176 2599 1461 2653 Cornelius
1488 2639 1502 2664 ,
1540 2606 1596 2652 et.
1636 2598 1731 2669 qui
1780 2598 2109 2653 circumsta-

531 2678 664 2742 bant
696 2690 976 2755 dixissent,
1010 2690 1201 2755 Amen,
1236 2693 1500 2745 continuo
1551 2700 1692 2745 terra
1723 2691 1919 2758 divisa,
1962 2692 2110 2747 inco-

532 2767 732 2854 lumem
755 2789 981 2835 matrem
1008 2782 1208 2835 emittit
1241 2797 1360 2835 cum
1391 2783 1520 2838 iilio.
1548 2781 1614 2836 Et
1640 2783 1782 2838 illico
1802 2784 2109 2837 clamarunt

529 2880 655 2926 cum
678 2872 1162 2928 circumstantibus
1188 2890 1204 2928 t
1237 2873 1461 2943 Magnus
1488 2890 1566 2940 es,
1604 2874 1745 2931 Deus
1770 2874 2111 2931 Christiano-

530 2972 676 3026 rutm
708 2972 800 3039 qui
841 2984 940 3024 nos
965 2986 992 3023 τι
1018 2969 1365 3038 deceptione,
1404 2980 1458 3024 et
1488 2972 1555 3025 ah
1588 2971 1690 3025 hac
1710 2971 1908 3025 acerba
1937 2977 2110 3024 morte

532 3052 777 3117 iiber-aSti
833 3079 928 3132 per
979 3072 1130 3117 tuum
1179 3065 1439 3118 tantulum
1497 3063 1836 3128 Cornelium,
1868 3072 1919 3118 et
1962 3073 2108 3116 tuom

533 3142 834 3226 tibicinium
869 3166 924 3208 et
954 3154 1233 3219 brachium
1274 3155 1430 3212 nobis
1476 3164 1662 3210 notum
1690 3153 1995 3236 reddidisti.
2024 3154 2111 3209 Si-

530 3248 759 3316 mulque
818 3249 1039 3303 ducenti
1100 3257 1154 3302 et
1206 3262 1409 3318 septem
1467 3248 1685 3304 Christo
1741 3258 2107 3304 accesserunt.

532 3330 748 3394 Exhinc
783 3348 963 3394 autem
997 3343 1063 3396 ad
1113 3341 1423 3396 Cornelium
1471 3344 1750 3396 sedentem
1787 3341 1838 3395 in
1876 3341 2108 3409 quodam

535 3424 679 3497 loco,
702 3432 793 3501 qui
829 3443 1058 3486 vocatur
1084 3433 1353 3499 Stadium,
1378 3444 1432 3486 et
1468 3435 1761 3514 tiocentetq
1782 3448 1875 3487 eus
1897 3434 1985 3501 qui
2014 3447 2112 3486 ac-

539 3526 827 3589 celehant,
858 3525 1164 3580 Demetrius
1192 3535 1248 3580 et
1282 3525 1549 3579 Evanthia
1596 3524 1938 3605 ventitabant
1991 3539 2112 3578 cum

538 3611 673 3671 iiiio.
703 3615 808 3669 Sed
842 3624 896 3669 et
928 3615 1119 3684 reliqui
1164 3630 1375 3685 quoque
1423 3616 1659 3685 gentiles
1703 3630 1809 3671 non
1856 3614 1968 3684 jam
1996 3630 2113 3668 am-

534 3706 684 3775 plius
714 3705 962 3773 gentiles,
996 3707 1195 3776 quippe
1246 3706 1420 3776 spinis
1446 3706 1849 3762 incredulitatis
1877 3723 1907 3758 a
1950 3707 2115 3760 corde

539 3812 641 3853 suo
664 3798 999 3868 expurgatis,
1030 3808 1091 3853 ut
1138 3808 1281 3853 terra
1312 3799 1452 3853 bona
1474 3837 1491 3864 ,
1524 3808 1882 3868 susceperunt
1927 3808 2111 3853 semen

533 3889 781 3957 pictatis,
815 3898 868 3945 et
895 3891 1161 3960 baptisma
1204 3890 1426 3945 fuerunt
1462 3891 1753 3962 obsignati.

2208 1958 2288 2019 είς
2317 1959 2410 2011 τὸν
2434 1959 2665 2029 οὐρανὸν
2688 1960 2829 2030 ἄρας
2850 1976 2863 1990 ·
2899 1961 3095 2032 Κύριε,
3133 1961 3161 2014 6
3184 1962 3317 2027 Θεὸς
3342 1965 3452 2017 τῶν
3479 1965 3795 2035 δυνάμεων,

2207 2046 2382 2115 εἶπεν,
2432 2055 2459 2106 6
2514 2052 2826 2108 ἐπιϐλέπων
2884 2056 2978 2108 ἐπὶ
3015 2054 3115 2128 τὴν
3163 2056 3267 2127 γῆν
3293 2058 3387 2110 καὶ
3419 2058 3590 2113 ποιῶν
3619 2059 3798 2132 αὐτὴν

2206 2143 2452 2212 τρέμειν,
2476 2144 2505 2195 6
2532 2142 2610 2214 τῷ
2643 2143 2921 2215 βλέμματί
2959 2162 3053 2199 σου
3099 2146 3285 2216 τήκων
3314 2142 3425 2218 ὅρη
3445 2149 3541 2201 καὶ
3566 2150 3634 2219 τῇ
3659 2138 3821 2202 ἐπιέ

2210 2239 2385 2305 σκοπῇ
2422 2251 2515 2288 σου
2544 2233 2816 2305 ξηραίνων
2844 2235 3137 2301 ἀϐύσσους,
3178 2237 3343 2301 αὐτὸς
3376 2234 3429 2291 εἴ
3461 2238 3669 2310 Κύριος
3698 2242 3798 2294 καὶ

2208 2326 2367 2388 αὐτὸς
2394 2326 2719 2381 εἰσάκουσον
2759 2326 2854 2380 τοῦ
2887 2328 3195 2399 στεναγμοῦ
3227 2328 3335 2383 τῶν
3370 2330 3795 2401 πεπεδημένων,
3868 2316 3875 2320 ’

2208 2416 2300 2470 καὶ
2326 2418 2563 2487 ἐξάγαγε
2590 2419 2861 2474 Εὐανθίαν
2884 2420 2993 2473 ἀπὸ
3012 2421 3113 2491 τῆς
3135 2420 3260 2490 γῆς,
3294 2421 3390 2475 καὶ
3415 2421 3490 2492 μὴ
3518 2422 3797 2492 ἀποστρέ-

2206 2508 2315 2578 ψῃς
2359 2511 2427 2562 ’τὸ
2470 2509 2766 2579 πρόσωπόν
2819 2526 2915 2563 σου
2943 2510 3164 2564 ἀπὸτοῦ
3196 2510 3386 2573 παιδὸς
3418 2511 3613 2580 αὐτῆς,
3655 2510 3797 2570 ἀλλά

2208 2599 2445 2669 πρόσχες
2472 2601 2538 2669 τῇ
2565 2598 2708 2669 ψυχῇ
2735 2600 2938 2660 αὐτῶν,
2964 2598 3060 2653 καὶ
3083 2597 3355 2670 λύτρωσαι
3382 2601 3579 2664 αὐτοὺς
3604 2600 3799 2654 ἕνεκεν

2206 2690 2300 2742 τοῦ
2325 2689 2590 2759 ὀνόματός
2632 2706 2748 2744 σου.
2774 2688 2966 2744 Ταῦτα
2986 2689 3082 2744 τοῦ
3110 2690 3257 2761 ίεροῦ
3290 2691 3598 2764 Κορνηλίου
3629 2691 3797 2757 εὐξα-

2212 2780 2376 2851 μένου
2412 2781 2504 2833 καὶ
2532 2780 2641 2836 τῶν
2667 2780 3052 2853 περιεστώτων
3102 2780 3161 2835 τὸ
3199 2782 3372 2854 Ἀμὴν
3403 2773 3796 2854 ἐπιῖρωνησάν-

2207 2893 2334 2941 των,
2364 2876 2713 2949 διασχοῦσαή
2742 2878 2812 2948 γῆ
2843 2876 3065 2942 εὐθέως,
3093 2878 3224 2946 ὑγιᾶ
3253 2878 3352 2949 τὴν
3399 2879 3615 2951 μητέρα
3648 2880 3800 2950 μετὰ

2207 2968 2302 3023 τοῦ
2333 2971 2523 3034 παιδῖος
2551 2970 2871 3025 ἀναδίδωσι·
2901 2971 2993 3024 καὶ
3016 2971 3234 3036 αὐτίκα,
3260 2970 3445 3040 Μέγας
3465 2974 3493 3025 6
3516 2971 3647 3035 Θεὸς
3680 2971 3799 3023 τῶν

2210 3056 2573 3133 Χριστιανῶν,
2607 3064 2745 3134 μετά
2767 3065 2877 3117 τῶν
2911 3064 3291 3135 περιεστώτων
3322 3065 3416 3118 καὶ
3442 3058 3733 3126 ἔτιὲσόων,
3764 3065 3797 3117 '6

2211 3153 2312 3224 τῆς
2342 3155 2557 3226 ἀπάτης
2589 3157 2736 3226 ἡμᾶς
2766 3157 2858 3210 καὶ
2892 3156 2986 3209 τοῦ
3051 3157 3250 3227 πικροῦ
3309 3148 3500 3210 τούτου
3558 3155 3797 3210 θανάτου

2212 3246 2301 3300 διὰ
2356 3247 2450 3300 τοῦ
2488 3247 2579 3300 σοῦ
2640 3247 2975 3317 θεράποντος
3030 3248 3332 3320 Κορνηλίου
3395 3247 3800 3319 ἐλευθερώσας,

2216 3342 2430 3410 καὶτὴν
2469 3340 2566 3410 σὴν
2594 3340 2917 3395 δυναστείαν
2944 3340 3163 3411 καὶτὸν
3203 3341 3464 3411 βραχίονα
3514 3341 3801 3411 γνωρίσας
3904 3378 3907 3381 ν

2215 3434 2350 3500 ἡμῖν
2366 3449 2379 3461 ο
2405 3430 2516 3485 Καὶ
2544 3430 2663 3500 ἅμα
2689 3433 2767 3495 είς
2790 3432 2930 3485 ἐπτὶι
2956 3410 3384 3496 καὶῗιακοσίους
3406 3410 3692 3485 συνέθεντο
3715 3431 3803 3503 τῷ

2218 3520 2461 3593 Χριστῷ.
2512 3520 2602 3586 Ἐξ
2636 3519 2848 3574 ἐκείνου
2886 3521 3068 3575 τοίνυν
3102 3521 3196 3575 ὲπί
3249 3538 3394 3584 τινος
3443 3520 3608 3575 τόπου
3656 3521 3804 3575 Στα-

2218 3614 2332 3667 δίου
2348 3613 2703 3684 ,καλουμένου
2734 3614 3037 3685 καθημένῳ
3081 3614 3160 3685 τῷ
3193 3613 3477 3686 Κορνηλίῳ
3539 3602 3643 3667 ’καὶ
3666 3615 3806 3679 τοὺς

2220 3705 2545 3777 προσιόντας
2594 3704 2921 3770 διδάσκοντι,
2973 3705 3288 3775 Δημήτριός
3317 3722 3377 3757 τε
3426 3705 3521 3758 καὶ
3558 3704 3810 3759 Εὐανθία

2225 3799 2362 3867 μετά
2379 3795 2475 3849 τοῦ
2495 3796 2688 3859 παιδὸς
2715 3798 2967 3866 ἐφοίτων,
2989 3797 3081 3850 καὶ
3108 3797 3228 3850 οὐδὲ
3257 3798 3308 3849 οί
3338 3797 3513 3850 λοιποὶ
3538 3795 3808 3867 Ἕλληνες

2222 3886 2302 3939 ἐτι
2330 3885 2593 3954 ’Έλληνες
2624 3880 2766 3955 ἦσαν
2787 3901 2801 3916 ο
2836 3885 2974 3939 ἀλλά
2996 3887 3093 3950 τὰς
3116 3885 3359 3949 ἀκάνθας
3393 3888 3489 3940 καὶ
3518 3880 3668 3940 οὗτοι
3700 3888 3812 3957 τῆς

538 3982 807 4045 «ἀπιστίας
845 3982 956 4035 ἀπὸ
1027 3982 1129 4052 τῆς
1192 3983 1403 4038 ἐαυτῶν
1449 3983 1677 4053 καρδίας
1740 3982 2105 4053 καθάραντες,
2130 3979 2319 4050 ὥσπερ
2346 3994 2430 4041 τις
2475 3978 2547 4048 γῆ
2600 3977 2795 4049 ἀγαθὴ·
2833 3977 2925 4030 τὸν
2981 3978 3081 4049 τῆς
3121 3978 3405 4041 εὐσεϐείας
3462 3977 3802 4042 ὑπεδέξαντο

539 4075 767 4144 σπόρον,
797 4075 891 4127 καὶ
916 4073 995 4143 τῷ
1029 4074 1368 4146 βαπτίσματι
1392 4075 1864 4145 ἐσφραγίσθησαν.
3589 4121 3600 4131 .

494 4234 499 4237 _
613 4163 706 4220 XI.
738 4164 917 4233 Atque
950 4164 1039 4219 ille
1061 4167 1300 4234 quidem,
1336 4176 1620 4235 postquam
1652 4165 1870 4221 Christo
1896 4166 2110 4221 univer-

2294 4165 2398 4219 IA'.
2434 4164 2494 4217 '0
2524 4164 2623 4234 μὲν
2648 4162 2741 4217 οὖν
2765 4162 2890 4217 ἐπεὶ
2914 4165 3013 4233 τὴν
3043 4161 3199 4217 πόλιν
3219 4162 3438 4231 ἐκείνην
3458 4164 3639 4216 πᾶσαν
3664 4164 3811 4235 Χρι-

538 4264 661 4314 itam
686 4256 972 4312 obtulisset
1001 4256 1300 4322 civitatem,
1325 4266 1381 4312 et
1420 4271 1664 4313 errorem
1706 4256 2019 4327 expulisset,
2060 4265 2110 4311 et

2227 4256 2339 4327 στῷ
2371 4256 2715 4327 προσήνεγκε
2747 4256 2843 4309 καὶ
2869 4256 2969 4326 τὴν
3013 4255 3224 4325 πλάνην
3274 4255 3551 4324 ἀπήλασε,
3583 4254 3681 4308 καὶ
3713 4256 3815 4310 τὸν

542 4349 769 4404 Verbum
801 4347 1017 4417 pietatis
1062 4349 1116 4403 in
1169 4362 1232 4403 ea
1262 4348 1609 4415 seminasset,
1639 4346 1862 4404 eifectus
1926 4349 2110 4419 plenus

2226 4347 2386 4415 λόγον
2423 4348 2522 4419 τῆς
2578 4347 2863 4410 εὐσεϐείας
2916 4347 3271 4418 κατέσπειρε,
3317 4334 3550 4418 πλήρης⁸
3577 4347 3816 4418 ἡμερῶν

545 4442 758 4497 dierum
790 4441 1180 4511 spiritualium,
1229 4441 1525 4499 ferventius
1569 4445 1799 4500 vacabat
1845 4436 2110 4510 orationi,

2225 4440 2517 4509 γενόμενος
2538 4438 2647 4493 τῶν
2679 4438 2774 4491 τοῦ
2806 4438 3149 4511 Πνεύματος,
3185 4441 3323 4510 εὐχῇ
3349 4440 3445 4493 καὶ
3463 4440 3649 4509 δεήσει
3679 4439 3818 4510 θερ-

541 4543 605 4592 et
629 4544 778 4592 totus
809 4536 861 4590 in
894 4551 959 4591 ea
985 4537 1325 4599 versabatur,
1359 4537 1424 4591 ad
1468 4536 1687 4592 nihilex
1716 4536 1804 4603 iis,
1839 4537 2035 4606 quibus
2063 4537 2110 4589 in

2230 4530 2435 4600 μοτέρᾳ
2474 4530 2818 4599 προσέκειτο,
2850 4530 2944 4583 καὶ
2974 4529 3095 4594 ὅλος
3135 4527 3203 4601 ἦν
3235 4530 3331 4599 τῆς
3367 4529 3576 4583 ἐκεῖθεν
3605 4529 3818 4597 διαγω-

548 4627 807 4696 praesenti
833 4628 943 4682 vita
974 4632 1245 4692 stuttetur,
1278 4641 1409 4683 suos
1438 4627 1696 4684 attollens
1730 4626 1937 4683 oculos.
1965 4626 2110 4681 Dein-

2227 4622 2351 4692 γῆς,
2374 4620 2513 4692 πρὸς
2546 4622 2697 4675 οὐδὲν
2726 4621 2833 4675 τῶν
2858 4624 2916 4676 ἐν
2947 4624 3014 4692 τῇ
3046 4620 3298 4693 παρούσῃ
3352 4619 3466 4691 ζωῇ
3500 4620 3819 4685 σπουδαξο·

547 4732 678 4785 ceps
711 4727 893 4772 autem
952 4718 1000 4772 ei
1030 4732 1244 4787 quoque
1276 4732 1407 4773 suus
1440 4718 1711 4775 revelatur
1740 4732 2019 4781 excessus,
2053 4719 2110 4772 ad

2229 4714 2406 4782 μένων
2439 4714 2786 4785 μετεωρίζων
2809 4714 2902 4767 τὸν
2926 4714 3227 4785 ὀφθαλμόν.
3270 4713 3555 4767 Ἐντεῦθεν
3588 4714 3686 4767 καὶ
3711 4713 3819 4784 τὴν

543 4824 712 4879 quem
745 4817 855 4865 toto
883 4809 1081 4864 anima:
1103 4810 1261 4865 oculo
1294 4814 1600 4880 spectabat,
1631 4820 1687 4866 et
1715 4819 1831 4865 erat
1858 4818 2083 4879 paratus
2108 4825 2123 4863 :

550 4909 608 4955 et
639 4901 707 4955 de
734 4902 944 4970 superis
979 4915 1162 4957 vocem
1191 4902 1345 4956 audit
1390 4902 1659 4959 dicentem
1688 4902 1972 4970 :Corneli,
2002 4903 2127 4957 veni

553 4992 622 5046 ad
659 5008 763 5049 me.
793 4994 929 5048 Ecce
958 4993 1103 5048 enim
1150 5004 1236 5050 est
1261 4994 1357 5049 tibi
1398 5005 1583 5064 parata
1635 5008 1840 5049 corona
1882 4993 2126 5064 iustitiae.

553 5085 694 5151 Quid
720 5086 915 5140 deinde
943 5084 966 5138 ?
993 5082 1128 5141 Cum
1188 5100 1399 5151 omnes,
1442 5100 1578 5155 quos
1626 5085 1919 5149 obtulerat,
1958 5083 2130 5139 Ghri-

557 5179 764 5231 stianos
789 5186 1164 5242 eonvocassct,
1205 5186 1260 5230 et
1281 5191 1376 5231 eos
1395 5176 1688 5244 perfectius
1728 5178 1984 5247 pietatem
2028 5176 2129 5229 do-

558 5268 785 5331 cuisset,
811 5279 867 5323 et
893 5268 1125 5323 ﬁrmiter
1146 5270 1413 5323 doctrina:
1439 5268 1715 5324 adhaerere
1760 5268 2128 5338 praecepisset,

558 5369 613 5412 ct
648 5373 707 5413 se
741 5371 1014 5428 postremo
1078 5370 1249 5412 totum
1308 5359 1375 5413 ad
1433 5359 1760 5428 precandum
1800 5359 2130 5428 collegisset,

554 5440 736 5511 ﬂectit
765 5465 927 5517 genu,
964 5460 1017 5502 et
1049 5464 1063 5502 :
1109 5449 1333 5505 Domine
1356 5446 1495 5504 Deus
1533 5459 1739 5514 uoster,
1796 5450 1989 5519 inquit,
2040 5451 2129 5518 qui

557 5548 651 5593 me
682 5539 899 5607 dignum
926 5538 1123 5605 iecisti,
1155 5549 1213 5594 ut
1232 5540 1391 5594 ﬁdem
1417 5556 1819 5605 conservaretn,
1851 5551 1905 5595 ct
1932 5552 1989 5596 ut
2012 5556 2135 5596 cer-

2224 4804 2495 4874 ἐκδημίαν
2555 4809 2792 4875 μυεῖται,
2842 4806 2981 4877 πρὸς
3014 4805 3083 4876 ἢν
3111 4806 3219 4876 ὅλῳ
3255 4805 3334 4877 τῷ
3369 4804 3471 4874 τῆς
3501 4804 3683 4876 ψυχῆς
3707 4806 3819 4877 δμ-

2228 4913 2363 4967 ματι
2398 4896 2545 4968 ἐώρα
2578 4898 2672 4951 καὶ
2706 4898 3122 4969 παρεσκεύαστο
3148 4913 3162 4929 ·
3216 4898 3312 4951 καὶ
3359 4899 3546 4967 φωνῆς
3601 4898 3829 4953 ἀνωθεν.

2229 4987 2419 5042 ἀκούει
2458 4987 2757 5059 λεγούσης·
2790 4989 3077 5061 Κορνήλιε,
3124 4989 3285 5059 ἔρχου
3352 4988 3488 5059 πρός
3534 5003 3636 5058 με·
3703 4988 3819 5043 ιδοὺ

2229 5078 2341 5149 γὰρ
2369 5078 2699 5150 ήτοίμασταί
2723 5095 2812 5132 σοι
2846 5080 2875 5131 6
2905 5079 3003 5150 τῆς
3029 5065 3377 5149 δικαιοσύνης
3406 5079 3698 5148 στέφανος,
3717 5078 3823 5131 καὶ

2231 5172 2292 5226 τὸ
2337 5172 2497 5241 ἐξῆς’
2553 5173 2710 5236 ὅσους
2766 5173 2977 5236 ἐκεῖνος
3044 5173 3388 5244 προσήνεγκε
3440 5173 3820 5244 Χριστιανοὺς

2234 5265 2753 5338 προσκαλεσάμενος
2781 5265 2992 5328 πάντας
3030 5265 3126 5318 καὶ⁵
3152 5263 3483 5334 τελεώτερον
3513 5265 3717 5330 αὐτοὺς
3740 5266 3818 5320 τὰ

2234 5358 2334 5428 τῆς
2367 5359 2649 5421 εὐσεϐείας
2684 5356 3030 5423 ἀναδιδάξας,
3053 5356 3148 5410 καὶ
3176 5355 3431 5425 ἀσφαλῶς
3456 5354 3680 5427 ῐχεσθαι
3711 5360 3820 5428 τῆς

2235 5447 2587 5511 διδασκαλίας
2607 5448 3003 5517 παρεγγυήσας
3027 5460 3040 5474 °
3072 5441 3192 5498 εἶτα
3223 5446 3318 5499 καὶ⁵
3339 5444 3458 5498 ὅλον
3486 5445 3820 5514 συναγαγὼν

2238 5540 2430 5593 ἑαυτὸν
2466 5539 2776 5592 τελευταῖον
2814 5538 2895 5601 είς
2924 5535 3231 5608 προσευχὴν
3278 5536 3457 5589 κλίνει
3480 5537 3632 5604 γόνυ,
3677 5537 3774 5590 καί
3801 5554 3818 5569 ο

556 5629 743 5685 tamen
803 5644 1136 5701 peragerent,
1176 5639 1231 5685 et
1278 5633 1550 5687 vincerem
1599 5633 1996 5698 adversarium,
2033 5648 2110 5704 agt

2238 5630 2486 5700 Κύρνε,ὁ
2532 5631 2664 5693 Θεὸς
2721 5628 2877 5700 ἡμῶν
2932 5630 3197 5692 Δέσποτα,
3255 5628 3380 5699 ἔφη,
3414 5632 3442 5683 6
3475 5632 3573 5697 τὴν
3629 5633 3822 5695 πίστιν

560 5713 665 5771 hihi
707 5720 912 5786 gratias
946 5738 959 5771 :
997 5723 1092 5776 sed
1128 5721 1194 5774 ad
1236 5733 1355 5779 tuos
1382 5738 1569 5780 servos
1598 5740 1629 5779 e
1663 5725 1804 5781 C(BIO
1850 5728 2054 5794 aspice,
2084 5743 2110 5782 c

2238 5723 2477 5794 τηρῆσαί
2514 5740 2581 5791 με
2619 5721 2965 5787 καταξιώσας
3003 5724 3097 5775 καὶ
3126 5723 3216 5776 τὸν
3249 5723 3435 5790 ἀγῶνα
3467 5722 3685 5775 τελέσαι
3720 5725 3822 5776 καὶ

559 5809 661 5859 eos
686 5809 904 5881 suscipe
929 5825 957 5865 ε
989 5821 1174 5869 sancta
1215 5822 1309 5872 tua
1349 5815 1656 5885 altitudine,
1688 5827 1740 5872 ct
1779 5832 1873 5876 eos
1898 5829 1984 5874 tua
2008 5834 2106 5876 con

2243 5817 2461 5887 νικῆσαι
2483 5814 2574 5869 τὸν
2595 5815 2992 5887 ἀντικείμενον,
3016 5815 3323 5887 εὐχαριστῶ
3354 5831 3455 5873 σοι.
3495 5814 3637 5871 Ἀλλ’
3659 5813 3818 5869 ἔπιδε
