4126 6406
400 376 538 448 I305

1385 380 1562 447 VITA
1597 389 1659 447 S.
1701 389 2066 454 CORNELII
2101 389 2669 449 CENTURIONIS.~

3503 392 3638 455 17:03

393 501 490 554 καὶ
529 501 618 552 ἐπὶ
645 499 771 561 τοὺς
799 500 924 563 σοὺς
947 499 1168 560 δούλους
1191 499 1251 563 ἐξ
1284 501 1538 572 ούρανοῦ⁹
1570 504 1663 555 καὶ
1681 503 1973 560 ἀντιλαόοὖ

2085 504 2322 558 fessione
2348 514 2401 559 et
2441 503 2659 557 nomine
2688 503 2864 558 stabili
2895 512 2950 558 et
2991 505 3270 572 confirma,
3305 513 3365 560 ut
3412 509 3526 561 sine
3577 511 3647 562 in-

396 591 574 646 αύτῶν
608 591 667 654 ἐξ
705 590 872 660 ὕψους
909 591 1065 660 ἁγίου
1088 609 1180 645 σου
1216 596 1309 645 καὶ
1345 597 1406 664 τῇ
1460 597 1526 664 σῇ
1553 595 1748 657 αὐτοὺς
1780 595 1972 664 ὁμολο-

394 685 491 749 γίᾳ
548 682 642 735 καὶ⁸
677 683 758 750 τῷ
813 683 1036 752 ὀνόματι
1092 683 1369 755 στήριξον,
1424 687 1574 749 ὅπως
1607 687 1972 752 ἀδιαλείπτως

394 771 658 837 δοξάζωσι
679 773 738 824 τὸ
770 774 862 824 σὺν
883 773 1053 841 ὄνομα
1083 773 1142 826 τὸ
1178 775 1466 842 πανάγιον,
1487 775 1582 828 νῦν
1615 776 1708 830 καὶ
1742 779 1819 839 είς
1845 778 1970 839 τοὺς

397 863 598 925 αἰῶνας
621 880 635 894 ο
675 864 768 916 καὶ
799 863 1020 917 πάντων
1044 865 1247 926 εὐθέως
1277 865 1337 918 τὸ
1379 866 1553 936 Ἀμὴν
1587 868 1971 935 ἐπιφωνησάν-

396 970 524 1015 των,
546 953 607 1006 τὺ
633 953 851 1024 πνεῦμα
879 956 1089 1026 χαίρων
1123 955 1202 1026 τῷ
1223 957 1496 1019 ,καλοῦντι
1536 957 1826 1028 παρέθετο,

471 1048 572 1101 ΙΒ’.
631 1048 940 1118 Δημήτριος
994 1049 1176 1120 μέντοι
1221 1049 1317 1103 σὺν
1349 1050 1587 1120 anm;
1622 1052 1716 1104 καὶ
1743 1051 1820 1120 τῷ
1869 1053 1972 1122 υίῴ

397 1139 748 1207 Χριστιανοῖς
792 1157 852 1193 τε
914 1140 1052 1194 πᾶσι
1103 1145 1218 1205 τοῖς
1271 1141 1710 1212 συνειλεγμένοις
1753 1146 1846 1195 καὶ
1895 1143 1972 1212 τῷ

398 1228 756 1300 πρεσϐυτέρῳ
782 1231 1032 1302 Εὑνομίῳ
1055 1234 1120 1302 τῇ
1149 1231 1242 1286 τοῦ
1271 1232 1594 1286 διδασκάλου
1625 1233 1860 1304 ἐκδημία
1906 1233 1972 1286 τὰ

399 1320 584 1372 εἰκότα
615 1321 1102 1392 ὲπιδακρύσαντες,
1132 1318 1252 1376 εἶτα
1281 1326 1376 1377 καὶ
1401 1325 1603 1393 κηροὺς
1635 1324 1970 1394 ἀναψάμενοι

400 1415 507 1466 καῖ
532 1411 738 1482 ὕμνους
772 1414 1077 1483 ὲξιτηρίους
1107 1417 1414 1486 ὲπᾲσαντες
1441 1416 1535 1468 καὶ
1580 1416 1678 1468 ὅσα
1711 1417 1969 1485 Χριστια-

404 1508 508 1566 νοίς
539 1506 598 1557 ὲν
621 1506 771 1576 νόμῳ
801 1507 1142 1570 τελέσαντες,
1183 1508 1314 1575 παρ’
1350 1509 1500 1578 αὐτῷ
1533 1508 1612 1577 τῷ
1659 1525 1969 1578 καταστρα-

400 1596 557 1665 φέντι
593 1581 705 1661 ναῷ
760 1597 1038 1670 τοῦ.Διὸς·
1062 1601 1120 1651 έν
1147 1601 1211 1667 τῇ
1262 1601 1420 1669 καινῇ
1454 1599 1596 1668 σορῷ
1625 1599 1811 1651 τοῦτον
1839 1616 1970 1651 κατ-

400 1687 616 1750 έθεσαν,
671 1688 792 1756 ἥτις
848 1688 953 1740 ὑπὸ
981 1689 1295 1759 Δημητρίου
1324 1692 1389 1758 τῇ
1455 1688 1677 1756 συζύγῳ
1708 1689 2003 1766 πρότερον.

401 1776 825 1832 κατεσκεύαστο.
864 1777 1033 1830 Βάτον
1058 1779 1114 1831 δὲ
1142 1780 1176 1848 ἡ
1207 1779 1277 1847 γῆ
1307 1779 1511 1842 εὐθέως
1548 1781 1784 1832 ἀνέδωκε
1814 1779 1970 1846 μεγί-

2083 595 2421 649 termissione
2451 591 2856 650 sanctissimum
2893 605 3044 650 tuum
3096 612 3290 650 nomen
3315 599 3642 667 gloriﬁcent,

2081 700 2222 738 nunc
2259 695 2308 738 ct
2329 684 2587 755 insaacuia
2611 671 2958 738 smculorum.
2992 685 3192 738 Eleum
3217 703 3428 752 omnes,
3454 692 3648 753 Amen,

2079 776 2337 832 continuo
2363 776 2778 843 acclamassent,
2821 776 3072 845 spiritum
3125 777 3297 832 libens
3333 780 3380 833 ci
3431 781 3520 848 qui
3559 798 3652 833 ιο-

2081 866 2261 934 cabat,
2287 848 2524 921 tradidit.

2150 1049 2265 1104 XII.
2291 1053 2466 1121 Atque
2485 1051 2784 1105 Demetrius
2813 1047 3030 1120 quidem
3055 1051 3381 1105 etEvauthia
3403 1055 3502 1119 (3),
3527 1068 3646 1106 cum

2080 1142 2188 1194 ﬁlio
2222 1139 2620 1208 ethhristianis
2645 1140 2894 1193 omnibus
2935 1140 3297 1207 congregatis,
3349 1147 3401 1190 et
3428 1141 3646 1206 presby-

2082 1241 2199 1285 tero
2227 1231 2512 1294 Eunomio,
2551 1243 2672 1283 cum
2706 1225 2949 1296 magistri
2980 1241 3283 1290 excessum,
3317 1233 3374 1276 ιιι
3401 1241 3496 1293 par
3511 1233 3651 1286 erat,

2079 1322 2473 1391 deplorassent,
2503 1328 2557 1374 et
2588 1319 2779 1374 deinde
2811 1333 3001 1374 cereos
3029 1317 3430 1379 accendisscnt,
3469 1326 3522 1368 et
3553 1317 3652 1384 hy-

2080 1428 2254 1478 mnos,
2271 1413 2360 1482 qui
2395 1413 2497 1466 dici
2519 1411 2694 1474 solent
2715 1411 2766 1464 in
2789 1423 3033 1474 excessu,
3057 1407 3405 1470 cecinissent,
3433 1415 3486 1459 et
3507 1421 3654 1475 qua:-

2079 1520 2290 1574 cunque
2346 1505 2414 1560 de
2468 1518 2618 1558 more
2647 1500 2942 1558 Christiani
2997 1499 3221 1562 faciunt,
3274 1499 3652 1575 peregissent;

2080 1597 2218 1662 apud
2275 1594 2444 1663 ipsum
2499 1608 2745 1647 eversum
2778 1589 2926 1647 Jovis
2979 1591 3234 1658 templum
3269 1605 3391 1642 eum
3418 1590 3470 1643 in
3507 1605 3650 1642 novo

2079 1685 2272 1740 loculo
2309 1688 2694 1754 deposuerunt,
2747 1684 2837 1750 qui
2902 1683 3049 1751 prius
3085 1699 3113 1734 a
3152 1681 3424 1735 Demetrio
3474 1678 3653 1734 fuerat

2080 1785 2422 1833 constructus
2457 1775 2693 1845 conjugi.
2729 1775 2938 1828 Rubum
2967 1785 3144 1828 autem
3181 1772 3473 1826 maximum
3506 1781 3651 1825 terra

402 1883 536 1936 στην
592 1870 685 1920 καὶ
745 1869 845 1937 τὴν
905 1868 1064 1938 σορὸν
1118 1868 1304 1940 κύκλῳ
1357 1869 1833 1940 περιεσκέπαςεν,
1899 1870 1972 1932 ὡς

2078 1871 2331 1924 continuo
2359 1869 2548 1930 edidit,
2574 1879 2624 1920 et
2663 1869 2713 1920 in
2743 1867 2928 1938 orbem
2974 1867 3102 1920 texit
3134 1865 3386 1928 loculum,
3431 1864 3567 1916 adeo
3598 1869 3656 1913 ut

403 1958 608 2027 μηδένα
631 1957 724 2011 τοῦ
747 1959 936 2011 λοιποῦ
961 1959 1178 2024 εἰδέναι,
1215 1962 1350 2031 μηδὲ
1384 1962 1465 2013 ὅτι
1498 1961 1656 2031 σορὸν
1684 1960 1832 2014 ἔνδον
1863 1963 1972 2031 εἴη,

402 2052 539 2120 πλὴν
569 2052 746 2120 μόνων
777 2051 888 2104 τῶν
921 2053 1058 2121 μετὰ
1089 2053 1408 2124 Δημητρίου
1430 2053 1550 2129 τότε
1575 2053 1975 2123 διακονησαμέ-

402 2159 508 2194 νων
534 2143 668 2211 πρὸς
696 2143 792 2214 τὴν
814 2145 1011 2214 ταφήν.
1047 2147 1109 2198 Ol
1141 2145 1204 2216 δὴ
1237 2148 1302 2216 τῇ
1343 2146 1489 2215 βάτῳ
1520 2146 1812 2215 φοιτῶντες
1843 2145 1974 2198 ἐκά-

402 2249 554 2284 στοτε
586 2233 704 2304 ἱερά
732 2250 789 2311 τε
819 2234 1042 2304 ᾅσματα
1083 2230 1208 2307 ᾖδον
1241 2236 1336 2288 καὶ
1385 2237 1747 2306 θυμιαμάτων
1778 2235 1974 2303 μεστὸν

335 2324 342 2330 ’
402 2321 496 2375 καὶ
521 2323 750 2387 εὐωδίας
790 2325 880 2378 τὸν
911 2327 996 2377 ἐπ’
1037 2325 1176 2395 αὑτῇ
1215 2326 1370 2396 ἀέρα.
1400 2325 1702 2378 ἐδείκνυονν
1733 2326 1801 2378 τὰ
1842 2326 1974 2378 θαύ-

405 2431 547 2482 ματα
611 2415 791 2482 μέντοι
850 2416 1050 2486 συχνὸν·
1095 2416 1306 2471 ἐκεῖθεν
1357 2418 1604 2488 ἐπήγαζε
1660 2417 1978 2486 χρόνοννὼς

401 2501 593 2557 δοκεῖν·
617 2507 726 2568 τοῖς
764 2507 979 2570 πολλοῖς
1007 2507 1166 2570 ὅσους
1198 2507 1345 2561 ἔνδον
1374 2510 1401 2561 6
1439 2507 1687 2578 μαθητὴς
1720 2506 1978 2560 ἐλάνθανε

301 2656 304 2659 _
403 2596 674 2664 κείμενος,
725 2596 867 2649 Οείόν
919 2601 1090 2650 τικαὶ
1139 2597 1233 2650 νῦν
1271 2598 1368 2668 τὴν
1397 2597 1556 2666 βάτον
1610 2599 1976 2658 αἰνίττεσθαι,

399 2686 591 2757 ὥσπερ
620 2687 682 2758 δὴ
723 2689 817 2742 κοιλ⁹
845 2689 937 2741 ἐπὶ
963 2689 1242 2753 Μωῦσὲως
1266 2689 1476 2759 ἐγίνετο
1507 2690 1794 2760 πρότερον.

2080 1961 2258 2015 nullus
2305 1960 2468 2014 sciret
2519 1961 2580 2012 de
2627 1969 2843 2021 caetero,
2881 1957 3033 2025 quod
3064 1957 3208 2009 intus
3251 1963 3395 2010 esset
3423 1952 3652 2014 loculus,

2078 2064 2272 2122 praeter
2310 2067 2402 2106 eos
2427 2051 2568 2106 solos
2622 2051 2712 2118 qui
2753 2065 2873 2100 cum
2926 2046 3199 2101 Demetrio
3229 2056 3356 2099 tunc
3382 2043 3651 2097 inservie-

2079 2156 2201 2200 runt
2234 2143 2301 2198 ad
2329 2122 2682 2212 sepulturam.
2710 2135 2808 2204 Qui
2839 2139 3053 2208 quidem
3101 2139 3168 2191 ad
3196 2137 3384 2190 rubum
3408 2133 3653 2204 quotidie

2080 2237 2429 2300 ventilantes,
2459 2247 2614 2288 sacra
2650 2232 2917 2286 canebant
2955 2232 3163 2284 cantica
3191 2228 3565 2296 suﬁitibusque
3598 2236 3653 2276 ut

2083 2330 2225 2383 bono
2247 2328 2412 2381 odore
2451 2325 2750 2394 replebant,
2783 2323 2874 2391 qui
2897 2337 3058 2390 super
3088 2322 3258 2389 ipsum
3285 2329 3426 2384 erat,
3451 2332 3652 2373 aerem.

2083 2420 2260 2488 Atque
2288 2417 2549 2472 miracula
2585 2415 2800 2483 quidem
2834 2412 2980 2466 illinc
3017 2410 3326 2480 frequenter
3352 2411 3652 2469 scatebunt,

2085 2513 2222 2566 adeo
2261 2519 2322 2564 ut
2358 2508 2541 2564 multis
2571 2507 2865 2568 videretur,
2895 2503 2985 2572 qui
3042 2502 3360 2556 nesciebant
3385 2497 3537 2554 intus
3573 2499 3659 2568 ja-

2083 2618 2205 2657 cere
2237 2613 2551 2671 martyrem,
2586 2601 2726 2652 minc
2756 2609 2971 2666 quoque
3020 2596 3262 2649 divinum
3296 2593 3514 2663 aliquod
3565 2606 3659 2644 ru-

2087 2689 2183 2742 bus
2212 2687 2542 2758 signiﬁcare,
2568 2687 2708 2740 sicut
2738 2682 3004 2752 tempore
3067 2682 3231 2738 Mosis
3259 2683 3409 2753 prius
3449 2680 3650 2735 factum

2083 2781 2276 2836 fuerat.

1878 2929 2106 2992 CAPUT
2155 2937 2240 2992 ιγ.

1462 3045 1523 3109 S.
1556 3053 1791 3110 Cornelii
1817 3055 2071 3121 inventio,
2101 3054 2399 3121 translatio,
2430 3054 2626 3124 imago.

471 3185 572 3268 Il".
595 3195 710 3250 Οὐκ
725 3193 892 3266 όλίγῳ
914 3194 970 3248 δὲ
998 3193 1223 3266 ὕστερον
1245 3193 1340 3248 καὶ¹
1356 3193 1717 3267 όΔημήτριος
1738 3195 1972 3259 άπεϐίω,

2150 3195 2292 3251 XIII.
2327 3195 2442 3249 Non
2493 3171 2660 3249 multo
2717 3202 2839 3263 post
2875 3202 3054 3246 autem
3100 3208 3129 3247 e
3187 3192 3292 3246 vita
3341 3151 3649 3247 etiam'ex-

401 3287 497 3340 καὶ
527 3286 710 3339 πολλοὶ
739 3285 847 3338 τῶν
877 3285 982 3338 ὑπὸ
1031 3286 1336 3358 Κορνηλίου
1371 3286 1450 3356 τῷ
1482 3287 1612 3357 θείῳ
1659 3287 1978 3341 τελειωθέν-

399 3387 508 3430 των
540 3375 877 3445 βαπτίσματι
902 3377 996 3428 καὶ
1027 3376 1178 3430 αὐτοὶ
1201 3378 1249 3429 οἱ
1300 3377 1399 3446 μὲν
1425 3377 1518 3429 τὸν
1550 3377 1666 3447 βίον
1693 3378 1978 3464 ἀπέλιπον,

399 3468 450 3520 oi
482 3467 542 3520 δὲ
591 3467 686 3520 κοιλ⁷
715 3467 851 3536 πρὸς
883 3466 1076 3538 ἑτέρας
1106 3467 1291 3538 χώρας
1347 3469 1666 3539 ἓφοίτησαν.
1724 3466 1860 3522 Εἶτα
1888 3463 1979 3522 Σίι-
2021 3463 2027 3469 ’

398 3559 580 3628 λυανῷ
611 3576 717 3612 τινι
739 3559 1109 3630 ἀσπαζομένῳ
1138 3576 1197 3611 τε
1227 3560 1430 3630 ἀρετὴν
1475 3560 1635 3629 ἀνδρὶ
1666 3560 1761 3612 καὶ
1794 3559 1977 3627 Θεοφι-

400 3651 504 3715 λεῖ,
543 3652 600 3713 ὃς
625 3654 689 3720 τῇ
723 3651 938 3718 Τρωάδι
988 3651 1307 3714 ἐπεσκόπει,
1357 3651 1634 3721 γενομένῳ
1674 3651 1803 3703 ποτὲ
1837 3651 1978 3705 κατὰ

402 3670 504 3715 ast,
543 3670 600 3713 o;
625 3670 689 3720 τῃ
735 3670 756 3702 ι
775 3670 938 3718 potato:
988 3670 1307 3714 επεσκοπει,
1357 3670 1482 3720 γενο
1531 3670 1634 3721 ενῳ
1674 3670 1803 3703 ποτε
1837 3670 1974 3705 κατα

399 3741 499 3811 τὴν
521 3740 802 3810 Σκεψαίων
825 3739 1001 3802 πόλιν,
1027 3740 1055 3791 6
1081 3740 1226 3802 θεῖος
1250 3741 1382 3810 ὄναρ
1405 3670 1974 3810 Κοξνήλιοςὲπιστάςο

401 3834 620 3895 Πολὺν,,
650 3831 823 3899 ἔλεγε,
855 3833 1042 3901 χρόνον
1079 3830 1317 3884 ἐνταῦθα
1345 3829 1502 3894 οἰκῶ,
1543 3833 1638 3883 καὶ
1665 3814 1840 3894 οὐδείις
1875 3831 1959 3883 ἐπ-

401 3924 673 3991 εσκέψατό
708 3940 796 3993 με,
825 3923 965 3994 ’πλὴν
999 3924 1176 3992 μόνων
1204 3923 1313 3976 τῶν
1344 3924 1435 3975 ὑπ’
1467 3923 1601 3994 ἐμοῦ
1649 3923 1975 3993 βαπτισθέν-

399 4027 527 4070 των.
577 4015 1004 4070 Ἀνασκοποῦντι
1051 4014 1172 4082 μεθ’
1202 4015 1419 4086 ἡμέραν
1443 4015 1521 4086 τῷ
1553 4016 1837 4086 ἐπισκόπῳ
1883 4017 1976 4068 καὶ

399 4110 461 4162 τὸ
512 4108 722 4179 ὄνειρον
754 4109 852 4160 οὐκ
909 4107 1085 4178 ἔχοντι
1137 4107 1470 4178 συμῦαλέῐν,
1521 4111 1783 4178 φοιτήσας
1829 4095 1975 4178 αὑτῷ

400 4201 562 4253 πάλιιν
589 4201 618 4253 6
652 4201 808 4268 ἆγιος
841 4203 922 4256 είς
959 4201 1058 4270 τὴν
1112 4201 1376 4255 ἐπιοῦσαν
1422 4201 1593 4255 νύκτα
1618 4219 1632 4232 ·
1691 4202 1829 4270 Ἐγώ
1860 4203 1974 4272 είμι

397 4292 701 4362 Κορνήλιος
749 4293 776 4344 6
808 4293 1237 4364 ἑκατοντάρχης,
1266 4288 1417 4347 εἶπεν
1441 4311 1454 4324 '
1484 4295 1602 4348 ἐστι
1630 4295 1690 4348 δέ
1725 4313 1816 4365 μοι
1877 4293 1974 4348 καὶ

397 4378 547 4445 οἶκος
578 4383 804 4452 πλησίον
830 4383 925 4436 τοῦ
961 4384 1089 4436 ναοῦ
1121 4383 1214 4437 τοῦ
1249 4385 1372 4448 Διὸς
1420 4387 1478 4438 ὲν
1525 4390 1591 4457 τῇ
1626 4387 1800 4457 βάτῳ·
1838 4387 1974 4440 ἀλλὰ

397 4473 464 4524 σὺ
507 4473 797 4541 εὐκτήριον
840 4471 1028 4539 ἕτερον
1053 4475 1202 4543 παρὰ
1246 4473 1324 4543 τῷ
1357 4473 1453 4527 τοῦ
1483 4476 1796 4546 Δημητρίου
1822 4475 1972 4546 τόπῳ

2079 3291 2242 3346 cessit
2271 3289 2588 3354 Demetrius,
2614 3290 2674 3342 et‘
2696 3287 2845 3341 multi
2877 3301 2941 3340 cx
2967 3286 3030 3340 iis
3054 3285 3143 3355 qui
3175 3301 3204 3339 a
3237 3285 3492 3341 Cornelio
3521 3285 3647 3340 fue-

2081 3393 2201 3436 rant
2227 3383 2408 3436 divino
2466 3373 2663 3435 initiati
2709 3380 2996 3450 baptismo,
3039 3379 3135 3448 ipsi
3167 3391 3380 3447 quoque
3406 3381 3652 3447 partinte

2077 3473 2216 3528 vivis
2267 3475 2637 3537 decesserunt,
2691 3473 2885 3540 partim
2928 3479 3106 3523 autem
3161 3467 3386 3537 profecti
3423 3477 3545 3520 sunt
3601 3469 3652 3519 in

2078 3566 2213 3620 alias
2238 3568 2508 3635 regiones.
2550 3565 2736 3630 Itaque
2769 3563 2981 3618 cuidam
3005 3561 3221 3615 Silvano
3250 3560 3350 3630 (4),
3393 3561 3507 3612 viro
3541 3559 3651 3628 pio,

2077 3663 2132 3710 et
2161 3657 2248 3724 qui
2299 3657 2552 3710 virtutem
2609 3655 3061 3738 arnplgmehatur,
3099 3662 3152 3706 et
3203 3658 3334 3718 erat
3363 3653 3650 3718 episcopus

2077 3744 2326 3808 Troadis,
2360 3761 2480 3799 cum
2511 3743 2750 3798 venisset
2799 3743 3089 3810 aliquando
3115 3743 3166 3793 in
3200 3741 3472 3794 civitatem
3522 3739 3654 3792 Sce-

2076 3835 2600 3906 psmorum,tlivinus
2650 3834 2702 3887 in
2751 3833 2958 3886 somnis
3000 3846 3263 3901 apparens
3307 3831 3594 3884 Cornelius
3635 3849 3646 3880 :

2076 3927 2284 3997 Longo,
2319 3927 2471 3991 dixit,
2501 3936 2742 3994 tempore
2776 3926 2860 3980 hic
2889 3925 3092 3989 habito,
3120 3935 3171 3977 et
3203 3925 3379 3977 nullus
3401 3968 3406 3973 .
3427 3939 3510 3976 me
3571 3924 3639 3974 \‘i-

2077 4023 2284 4085 sitavit,
2316 4030 2511 4090 praeter
2538 4035 2631 4073 eos
2663 4017 2807 4072 solos
2837 4017 2978 4086 quia
3011 4031 3094 4069 me
3127 4014 3340 4069 ίιιρτιιιιι
3371 4014 3646 4082 baptizati.

2076 4115 2210 4172 Cum
2242 4115 2421 4183 itaque
2453 4111 2688 4167 interdiu
2720 4111 2834 4165 haec
2887 4119 3064 4164 mente
3105 4107 3473 4160 consideraret
3532 4107 3648 4174 epi-

2077 4224 2295 4279 scopus,
2327 4216 2383 4261 et
2429 4207 2558 4276 quid
2624 4205 2725 4259 sibi
2763 4203 2926 4258 vellet
2980 4201 3270 4265 somnium,
3310 4215 3418 4254 non
3472 4207 3648 4268 posset

2076 4297 2378 4366 conjicere;
2416 4301 2573 4348 nocte
2625 4292 2870 4360 sequenti
2927 4292 2992 4344 ad
3036 4305 3159 4344 eum
3206 4304 3398 4343 rursus
3425 4289 3644 4342 veniens

2077 4398 2318 4452 sanctus,
2357 4385 2470 4453 Ego
2502 4401 2652 4449 sum,
2687 4385 2882 4454 inquit,
2922 4382 3206 4438 Cornelius
3231 4374 3476 4436 centurio
3510 4397 3525 4446 ;
3566 4389 3649 4434 est

2077 4491 2254 4536 autem
2277 4481 2407 4534 mihi
2436 4480 2626 4534 domus
2649 4493 2817 4546 prope
2863 4475 3118 4544 templum
3171 4472 3319 4527 Jovis
3387 4473 3437 4523 in
3491 4475 3645 4526 rubo.

399 4562 492 4614 τοῦ
521 4562 704 4614 δούλου
737 4562 830 4614 τοῦ
855 4562 990 4614 θεοῦ
1014 4563 1374 4633 οίκοδόμησον
1401 4580 1414 4595 ·
1444 4567 1689 4620 καλεῖται
1737 4568 1792 4620 δὲ
1829 4569 1973 4622 [lav-

2082 4572 2188 4628 Sed
2214 4585 2267 4626 tu
2296 4572 2502 4627 aediﬁca
2531 4569 2760 4623 alterum
2793 4567 3092 4622 oratorium
3137 4579 3306 4633 prope
3329 4566 3506 4618 locum
3542 4561 3643 4616 De-

397 4649 600 4718 δοχεῖον
625 4651 653 4700 6
689 4650 872 4713 τόπος,
900 4651 1030 4704 ἔνθα
1058 4653 1152 4704 καὶ
1184 4653 1354 4706 πολλὰ
1385 4655 1494 4708 τῶν
1525 4656 1624 4726 ήδη
1658 4656 1974 4719 τελειωθέν-

398 4760 506 4794 των
538 4743 707 4811 ἁγίων
739 4744 982 4813 ὰδελφῶν
1014 4745 1369 4800 κατάκεινται
1403 4747 1654 4818 σώματα.

470 4920 566 4975 Μ’.
608 4923 817 4977 Ἕωθεν
847 4923 940 4978 οὖν
970 4928 997 4978 6
1043 4926 1142 4996 μὲν
1184 4926 1486 4992 ἐπίσκοπος
1524 4928 1612 4982 διὰ
1666 4931 1726 4982 τὸ
1760 4931 1972 4996 πολλοῖς

382 5011 459 5064 ιτὺ
488 5014 808 5084 Πανδοχεῖον
838 5017 1106 5071 πάντοθεν
1137 5019 1435 5092 διωρύχθαι
1459 5021 1670 5091 τάφοις,
1701 5007 1969 5093 ἑτέρωθεν

398 5103 492 5156 τὸν
535 5105 661 5158 ναὸν
710 5109 1011 5177 οίκοδομεῐν
1067 5111 1374 5182 ἐσκέψατοο
1425 5113 1539 5166 ἀλλ’
1588 5117 1616 5166 ό
1668 5115 1821 5183 ἅγιος
1867 5118 1970 5170 οὐκ

437 5245 546 5323 '(3)
574 5246 632 5301 S.
667 5246 930 5323 Evan_t_hia
963 5249 1165 5323 colitur
1183 5263 1222 5323 _a
1281 5249 1486 5323 G_r:nc_i_s
1521 5250 1542 5304 I
1575 5252 1879 5321 Septembr.
1913 5266 1970 5308 ιιι

398 5317 578 5370 ridere
599 5329 683 5371 est
717 5318 768 5392 in
803 5317 998 5392 Menol.
1043 5331 1099 5374 et
1149 5320 1386 5374 Menaeis.
1425 5319 1550 5375 Hinc
1616 5317 1683 5376 an
1720 5325 1823 5377 alia
1876 5327 1964 5392 sit,

397 5397 616 5457 nonest
637 5390 778 5457 unde
802 5387 1137 5457 colligamus.
1375 5405 1380 5410 '

469 5455 546 5524 (ιί)
566 5456 868 5530 β.ᾓ-11νιιιιὶ
899 5455 1402 5530 ep,_Pliilippopolis
1422 5463 1472 5515 in
1495 5460 1745 5526 Thracia,
1776 5465 1970 5520 deinde

392 5514 852 5604 Trpadis,\{itam,
872 5514 1100 5604 exilii“.
1118 5514 1248 5604 εξὶίξ
1265 5514 1605 5604 ἓορέαγιίειὶίέ.
1629 5514 1856 5604 vii,

391 5595 648 5669 dabimus
679 5598 709 5669 Ir
738 5597 1073 5666 Decembris,
1107 5602 1172 5653 ad
1203 5617 1360 5669 quem
1387 5603 1526 5656 diem
1559 5595 1970 5658 Romano'Mar-l

401 5665 668 5744 tyrologio
701 5668 992 5744 inscriptus
1025 5665 1296 5744 est._Cum
1323 5673 1486 5726 fuerit
1516 5676 1560 5727 is
1595 5675 1660 5727 ad
1685 5673 1960 5744 Philippo-

392 5737 536 5806 ltolis
565 5739 872 5806 cathedram
913 5753 940 5791 a
961 5741 1016 5792 S.
1045 5740 1226 5793 Attico
1252 5753 1489 5806 evectus,
1507 5752 1560 5796 et
1589 5745 1656 5796 ab
1682 5737 1877 5799 eodem
1899 5746 1965 5798 atl

402 5803 766 5863 Troadeusem
803 5807 1112 5876 translatus,
1148 5811 1258 5880 qui,
1293 5820 1351 5866 ut
1383 5813 1414 5867 8
1448 5803 1669 5867 Ianuar.
1707 5814 1965 5881 diximus,

2081 4664 2260 4720 metrii
2289 4662 2370 4732 (5)
2421 4661 2562 4717 servi
2610 4659 2723 4714 Dei.
2768 4656 3002 4712 Vocatur
3033 4666 3209 4710 autem
3243 4656 3393 4709 locus
3439 4653 3650 4708 Pando-

2074 4755 2254 4808 chiutn
2291 4751 2407 4823 (6):
2445 4767 2552 4820 quo
2597 4752 2652 4804 in
2694 4749 2814 4802 loco
2861 4747 2964 4801 sita
3014 4759 3138 4801 sunt
3196 4744 3365 4798 multa
3417 4757 3645 4812 corpora

2073 4857 2381 4901 sanctorum
2403 4844 2632 4897 fratrum
2657 4844 2768 4912 jam
2789 4847 3309 4896 consunnnatorum.

2145 4935 2287 4992 XIV.
2347 4937 2504 4990 Mane
2557 4951 2688 5005 ergo
2722 4935 3006 5004 episcopus
3061 4932 3304 5002 quidem,
3361 4941 3644 5002 propterea

2073 5026 2300 5096 quodin
2336 5025 2647 5079 Pandochio
2689 5033 2873 5078 essent
2929 5023 3074 5076 omni
3123 5037 3189 5075 ex
3243 5031 3394 5089 parte
3442 5020 3645 5076 infos>a

2076 5118 2238 5170 multa
2264 5117 2536 5184 sepulcra,
2572 5117 2621 5168 in
2655 5110 2836 5168 animo
2864 5114 3048 5167 habuit
3073 5114 3330 5181 templum
3365 5113 3491 5166 alibi
3512 5117 3642 5166 aedi-

2078 5253 2310 5309 decessit
2338 5252 2880 5308 TheodosioJuniore
2908 5269 2958 5307 tu
2994 5262 3047 5307 et
3075 5251 3453 5307 Valentiniano
3474 5267 3638 5307 ωδε..

2079 5327 2129 5377 id
2149 5336 2232 5379 est
2257 5342 2399 5379 anno
2417 5323 2619 5378 Christi
2650 5325 2776 5390 425,
2807 5325 2930 5378 hino
2967 5333 3113 5392 patet
3164 5327 3380 5392 quando
3419 5324 3531 5374 ha:c
3581 5323 3641 5376 5.

2074 5395 2311 5448 Cornelii
2347 5397 2586 5448 inventio
2613 5406 2666 5448 et
2724 5395 3006 5449 translatio
3034 5396 3346 5461 contingere
3377 5393 3639 5460 potuerit.

2150 5465 2226 5534 (5)
2265 5464 2642 5518 Illuc-videtur
2671 5467 2852 5534 colligi
2888 5478 3069 5532 posse,
3100 5465 3270 5534 ipsum
3297 5465 3640 5534 quoquepe-

2079 5531 2329 5588 ntetrium
2369 5535 2422 5587 in
2459 5535 2662 5589 sanctis
2689 5531 3030 5590 ntrnieratum
3063 5551 3076 5586 :
3106 5542 3188 5587 ast
3215 5531 3271 5584 in
3291 5531 3438 5584 nullo
3465 5531 3641 5583 adhuc

2078 5603 2461 5674 Martyrologib
2493 5619 2616 5658 eum
2647 5608 2966 5674 reperimus.

2149 5667 2235 5744 (6i
2261 5667 2583 5744 Πανδοχείον
2638 5667 2836 5732 dicitur
2875 5675 3033 5744 vulgo
3083 5669 3464 5735 diversorium,
3495 5667 3638 5736 quod

2075 5759 2262 5801 onmcs
2289 5747 2486 5815 capiat.
