4126 6412
532 399 667 462 1307

1756 395 2039 456 MENSts
2072 383 2589 460 FEBRUARIUS.

3649 395 3799 463 1308

531 520 732 572 licare:
766 515 863 571 sed
917 516 1153 572 Sanctus
1200 531 1307 571 non
1366 515 1637 588 permisit.
1693 516 1830 570 Cum
1856 530 1987 587 ergo
2011 516 2108 572 cle-

2221 516 2381 572 ἀνίει.
2412 519 2515 573 Τὸν
2549 521 2642 574 ὐπ’
2672 517 2822 592 αὐτῷ
2845 518 3028 574 τοίνυν
3063 518 3267 591 κλῆρον
3313 521 3658 592 συναγαγὼν,
3686 523 3811 594 Θη-

532 627 674 675 rum,
708 610 798 680 qui
827 609 927 664 sub
952 624 1019 664 eo
1059 619 1198 677 erat,
1249 617 1660 681 congregasset,
1702 599 1846 676 Filii,
1910 610 2106 678 inquit,

529 704 660 758 mihi
693 717 918 771 magnus
956 701 1231 757 revelatus
1254 697 1339 757 est
1388 702 1677 758 thesaurus
1703 719 1726 771 ,ι
1758 704 1853 758 sed
1900 705 2107 769 adeste,

528 809 655 849 eum
699 794 976 849 tollamus.
1009 793 1120 850 lloc
1150 809 1273 850 cum
1312 793 1389 849 illi
1443 795 2022 865 audissent,.prompto
2056 803 2111 851 et

528 888 693 942 alacri
729 890 910 944 animo
936 902 1127 944 omnes
1158 896 1563 958 processerunt,
1590 899 1645 943 et
1677 882 1997 959 episcopum
2040 888 2107 942 ll—

526 979 720 1035 benter
747 988 875 1034 sunt
897 981 1092 1036 secuti.
1122 971 1271 1035 Cum
1294 990 1476 1035 autem
1504 979 1883 1050 pervenissent
1915 980 1982 1034 ad
2015 995 2099 1034 ru-

526 1070 678 1137 bum,
712 1072 898 1127 statim
932 1073 1184 1127 dixerunt
1213 1072 1396 1127 clericl
1424 1072 1919 1142 episcopo:Gratia
1958 1087 2109 1141 qum-

528 1161 652 1217 dam
683 1162 787 1215 huc
810 1161 1028 1217 advolat
1056 1163 1261 1226 divina,
1314 1176 1348 1216 0
1400 1162 1639 1226 domine,
1690 1171 1742 1214 et
1775 1161 1974 1216 multos
2004 1161 2109 1216 sci-

533 1269 656 1309 mus
682 1254 786 1307 huc
824 1253 1175 1319 conﬂuxisse,
1205 1265 1259 1308 et
1294 1254 1465 1309 fuisse
1523 1253 1782 1308 liberatos
1821 1270 1848 1306 a
1883 1255 2106 1320 morbis,

458 1358 461 1361 ‘
529 1356 584 1399 et
610 1345 767 1401 malis
791 1346 1145 1407 daemonibus,
1166 1353 1222 1399 et
1239 1344 1561 1411 ascripsisse
1586 1345 1720 1399 rubo
1746 1344 2107 1399 sanationem.

533 1427 637 1488 Sed
663 1437 778 1490 sive
801 1436 871 1489 sit
900 1437 951 1490 in
988 1436 1147 1497 rubo,
1186 1449 1278 1489 seu
1315 1434 1415 1488 sub
1463 1434 1600 1489 rubo
1643 1435 1953 1503 thesaurus,
1983 1437 2108 1507 quis

529 1542 652 1580 eum
687 1528 881 1596 poterit
901 1527 1172 1589 excidere,
1208 1535 1261 1581 et
1294 1527 1503 1592 tollere,
1541 1543 1666 1582 cum
1705 1528 1819 1583 ﬁeri
1845 1545 1949 1584 non
1975 1545 2103 1600 pos-

534 1620 626 1683 sit,
658 1628 716 1672 ut
750 1629 967 1674 secetur
1027 1630 1249 1689 propter
1313 1621 1762 1691 magnitudinem,
1788 1632 1843 1677 et
1900 1623 2106 1693 alioqui
2141 1628 2147 1633 ’

532 1726 631 1765 nec
672 1688 1077 1767 sic’attrectalu
1120 1712 1317 1778 facilis,
1356 1688 1529 1782 utqui
1556 1715 1627 1785 sit
1660 1717 1846 1773 multis
1884 1688 2106 1773 t‘erribi-

529 1801 595 1854 lis
629 1810 850 1870 propter
878 1802 1264 1857 miraculorum
1296 1805 1710 1871 operationem?
1743 1808 1875 1861 Cum
1927 1820 2106 1864 autem

532 1900 783 1959 precatus
803 1873 949 1946 esset
981 1893 1288 1961 episcopus.
1325 1903 1378 1948 et
1410 1908 1631 1949 crucem
1679 1896 1887 1951 ﬁxisset
1919 1899 1969 1951 iu
1996 1899 2109 1952 te'r-

531 1999 668 2045 ram,
694 1991 748 2038 et
774 1999 993 2038 manum
1024 1986 1160 2039 rubo
1186 1984 1487 2054 iniecisset,
1526 1989 1673 2057 ipsas
1731 1991 1932 2044 excidit
1964 1993 2110 2045 radi-

532 2091 645 2129 ces.
685 2076 877 2130 Animo
918 2072 1099 2146 itaque
1140 2078 1448 2132 conﬁrmati
1495 2079 1701 2145 clerici,
1755 2096 1892 2149 opus
1931 2082 2108 2136 conti-

532 2181 642 2221 nuo
667 2175 794 2221 sunt
822 2168 1062 2238 aggressi
1097 2170 1614 2226 :etconvellebatur
1633 2170 1816 2237 rubus,
1848 2181 2102 2243 tanquam

534 2258 701 2312 herba
733 2261 976 2327 quaedam
1010 2259 1208 2324 mollis,
1243 2276 1418 2331 neque
1466 2271 1583 2315 erat
1633 2264 1865 2332 amplius
1894 2266 2061 2319 rubus
2090 2283 2103 2321 :

532 2348 708 2404 sedet
757 2364 919 2418 capsa
971 2350 1232 2406 continuo
1264 2352 1580 2423 apparebat,
1635 2363 1689 2408 et
1727 2354 1904 2409 adhuc
1950 2356 2109 2411 valde

535 2443 773 2496 instabat
803 2445 1109 2512 episcopus,
1146 2460 1345 2515 urgens
1394 2445 1710 2504 fossionem.
1737 2447 1872 2502 Cum
1926 2459 2106 2504 autem

492 2548 498 2554 ·
529 2533 641 2602 jam
680 2535 1027 2589 adventasset
1050 2549 1295 2603 vespera,
1322 2547 1573 2603 precatus
1600 2540 1889 2609 episcopus
1920 2558 2109 2598 rursus

528 2622 681 2691 jubet
733 2623 878 2676 clero
933 2633 1254 2680 nocturnam
1310 2612 1532 2682 cantare
1591 2629 2109 2704 psalmodiam,'hy-

536 2716 802 2783 nmisque,
838 2716 1176 2784 lampadibus
1221 2727 1275 2773 et
1313 2718 1578 2776 sumtibus
1627 2722 1968 2779 honorabant
2018 2741 2108 2781 ca-

535 2820 707 2871 psam.

602 2897 720 2952 XV.
751 2899 885 2954 Cum
917 2914 1045 2953 vero
1075 2910 1386 2970 sumptuum
1420 2919 1637 2975 quoque
1666 2907 1846 2977 inapia
1874 2910 1939 2961 ad
1970 2911 2107 2964 mdi-

536 2988 801 3044 ﬁcandum
843 2990 1124 3061 templum,
1157 2994 1446 3048 sollicitum
1488 3007 1541 3051 et
1573 2998 1755 3053 animo
1792 3001 2104 3071 perplexum

535 3086 741 3161 tem-ret
772 3081 1120 3152 episcopum;
1151 3100 1270 3139 eam
1303 3102 1515 3157 quoque
1538 3089 1698 3143 solvit
1734 3089 1969 3146 Sanctus
2006 3094 2106 3146 du-

2215 608 2412 677 σαυρός
2468 626 2579 678 μοι,
2632 609 2842 674 τέκνα,
2875 610 2979 680 ἔφη
3008 650 3022 674 ,
3072 609 3533 666 ἀποκεκὰλυπται
3587 612 3809 682 μέγας⁹

2212 699 2348 755 ἀλλὰ
2379 701 2556 765 δευτε,
2615 702 2709 756 καὶ
2743 700 3066 770 ἀνελώμεθα
3094 700 3310 756 τοῦτον.
3368 702 3543 756 Τοῦτο
3599 704 3811 759 ἐκεῖνος

2215 793 2575 859 ἀκούσαντες,
2625 795 2898 867 πρόθυμοί
2923 813 2982 849 τε
3014 784 3285 867 ὥρμησαν
3320 796 3545 861 πάντες,
3585 797 3683 851 καὶ
3722 797 3811 867 τῷ

2217 888 2503 957 ἐπισκόπῳ
2562 888 2734 959 ήδέως
2790 871 3160 953 εἴποντο.’⁹Ως
3192 889 3247 942 δὲ
3279 889 3378 960 τὴν
3442 889 3813 961 βάτοναύτὴν

2212 976 2590 1041 καταλάϐοιεν,
2622 978 2788 1042 εὐθὺς
2814 980 2864 1032 οἱ
2900 978 2995 1032 τοῦ
3023 977 3229 1051 κλήρου
3267 981 3403 1049 πρὸς
3451 981 3542 1033 τὸν
3574 981 3811 1034 ἐπίσκο-

2211 1084 2313 1121 πον
2337 1085 2350 1099 ·
2395 1070 2719 1148 Ἐφίπταταί
2751 1087 2836 1133 τις
2868 1070 3106 1125 ἐνταῦθα
3130 1071 3382 1140 θειοτέρα
3409 1071 3590 1140 χάρις,
3621 1068 3807 1135 εἶπον,

2210 1154 2256 1213 ὦ
2296 1160 2582 1214 Δέσποταο
2625 1161 2721 1215 καὶ
2751 1161 2984 1224 πολλοὺς
3034 1156 3137 1216 ὧδε
3191 1163 3602 1234 συρῥεύσαντας
3639 1164 3812 1232 ῐσμεν

2212 1252 2306 1305 καὶ
2337 1251 2509 1305 νόσων
2538 1269 2599 1304 τε
2624 1253 2720 1306 καὶ
2750 1253 3009 1323 πονηρῶν
3054 1239 3328 1320 δαιμόνων
3357 1252 3805 1321 ἀπαλλαγέντας.

2223 1339 2366 1395 Ἀλλ’
2413 1343 2458 1395 εἰ
2521 1344 2615 1396 καὶ
2659 1344 2864 1415 ταύτης
2906 1343 3055 1397 ἔνδον
3083 1340 3136 1398 εἷ
3179 1346 3277 1399 καί⁵
3308 1344 3413 1398 ὑπὸ
3452 1346 3551 1416 τὴν
3574 1345 3740 1419 βάτον
3773 1346 3810 1398 ὁ

2212 1433 2488 1504 θησαυρός
2514 1449 2527 1462 ·
2564 1433 2648 1496 τίς
2698 1434 2764 1488 ἂν
2810 1437 3064 1503 ἐκτεμεῖν
3090 1435 3261 1504 αὐτὴν
3295 1435 3534 1499 δύναιτο,
3566 1435 3807 1506 ἔφησαν,

2212 1524 2311 1577 καὶ
2348 1523 2539 1577 τοῦτον
2566 1518 2697 1594 ἆραι
2750 1524 3033 1595 τμηθῆναί
3080 1543 3140 1578 τε
3170 1522 3337 1579 οὖσαν
3363 1524 3452 1579 διὰ
3481 1525 3805 1599 τὸ,μέγεθος

2211 1615 2473 1670 ἀδύνατον
2502 1618 2598 1670 καὶ
2627 1615 2803 1680 ἄλλως
2832 1618 2894 1670 οὐ
2940 1618 3143 1688 ῥᾳδίαν
3157 1618 3365 1687 ψαῦσαι
3406 1619 3644 1689 φοϐερὰν
3681 1621 3805 1683 τοῖς

2212 1706 2428 1771 πολλοῖς
2480 1707 2647 1762 οὖσαν
2700 1709 2789 1761 διὰ
2842 1708 2941 1778 τὴν
2989 1708 3100 1761 τῶν
3132 1708 3430 1779 θαυμάτων
3471 1709 3802 1780 ἐνέργειαν·

2212 1800 2507 1871 εὐξάμενος
2569 1796 2663 1853 οὖν
2694 1800 2996 1863 ἐπίσκοπος
3028 1799 3105 1870 τῷ
3139 1800 3258 1871 Θεῷ
3310 1804 3405 1854 καὶ
3434 1800 3526 1854 τὸν
3564 1800 3808 1869 σταυρὸν

2216 1892 2359 1962 πρὸς.
2384 1894 2448 1962 τῇ
2474 1893 2544 1962 γῇ
2566 1889 2746 1961 πήξας
2772 1893 2867 1945 καὶ
2895 1892 2998 1962 τὴν
3025 1896 3186 1965 χεῖρα
3224 1896 3291 1964 τῇ
3325 1893 3473 1963 βάτῳ
3498 1890 3809 1955 ἐπιϐαλὼν,

2214 1986 2405 2057 αὐταῖς
2428 1979 2647 2051 ἐξέτεμε
2680 1985 2862 2055 ῥίζαις
2882 2001 2898 2015 ο
2928 1988 3022 2038 καὶ
3047 1986 3427 2057 θαρσήσαντες
3456 1986 3505 2038 οἰ
3536 1984 3630 2038 τοῦ
3661 1983 3807 2052 κλή-

2218 2094 2311 2149 ρου
2348 2077 2507 2138 εὐθὺς
2536 2076 2699 2146 ἔργου
2731 2077 2825 2130 καὶ
2870 2078 3024 2130 αὐτοὶ
3055 2062 3281 2146 ἐἴχοντο
3332 2078 3425 2130 καὶ
3457 2075 3688 2146 η’βάτος
3715 2069 3811 2126 οἷά
3892 2064 3895 2067 ’

2214 2185 2299 2233 τις
2326 2168 2507 2239 ἁπαλὴ
2539 2168 2737 2239 βοτάνη
2785 2168 3048 2231 ἐτίλλετο,
3093 2170 3185 2221 καὶ
3213 2169 3313 2221 οὐκ
3340 2169 3421 2220 ἔτι
3476 2167 3634 2239 βάτος
3689 2161 3763 2235 ἦν
3790 2181 3810 2196 ·

2215 2261 2330 2315 ἀλλ’
2367 2263 2400 2331 ή
2461 2262 2619 2331 σορός
2652 2278 2710 2313 τε
2768 2263 2826 2314 ἐν
2859 2248 3035 2332 ὀλίγῳ
3061 2260 3221 2323 εὐθὺς
3269 2259 3621 2328 ὑπεφαίνετο,
3651 2257 3748 2311 καὶ
3779 2259 3815 2310 ὁ
3840 2270 3869 2328 _'

2215 2350 2512 2414 ἐπίσκοπος
2543 2352 2709 2415 πολὺς
2735 2350 2990 2404 ἐπέκειτο
3014 2349 3094 2403 ἔτι
3120 2351 3220 2421 τὴν
3248 2349 3505 2420 ἁνόρυξιν
3538 2348 3813 2400 ἐπισπεύ-

2216 2444 2342 2497 δων.
2387 2443 2664 2513 Ἑσπέρας
2694 2443 2755 2519 δὲ⁸
2781 2444 2881 2513 ἠδη
2908 2441 3326 2513 ἐπιγινομένης,
3362 2439 3815 2511 προσευξάμενος

2215 2526 2575 2597 δ’ἐπίσκοπος
2607 2536 2701 2588 καὶ
2730 2533 2886 2593 αὖθις
2932 2533 3203 2603 πάννυχύν
3236 2550 3295 2585 τε
3312 2531 3631 2602 ψαλμῳδίαν
3660 2549 3815 2602 παρα

2216 2628 2471 2695 αγγέλλέι
2531 2627 2609 2691 τῷ
2634 2626 2821 2697 κλήρῳ
2844 2626 2938 2678 καὶ
2959 2624 3150 2694 ’ὐμνοις
3191 2624 3320 2694 παρ’
3344 2625 3473 2692 ὅλην
3507 2624 3605 2693 τὴν
3630 2624 3815 2676 νύκτα

2218 2720 2309 2774 καὶ
2340 2720 2594 2789 λαμπάσι
2620 2719 2715 2772 καὶ
2747 2719 3058 2789 θυμιάμασι
3093 2714 3191 2788 τὴν
3226 2717 3386 2788 σορὸν
3412 2716 3642 2786 ἐτίμων.

2287 2905 2386 2959 lE'.
2429 2906 2516 2967 Ὠς
2557 2905 2612 2957 δέ
2641 2905 2736 2958 καὶ
2763 2906 2793 2972 ἡ
2821 2904 2931 2956 τῶν
2954 2903 3330 2971 ἀναλωμάτων
3368 2901 3502 2971 πρδς
3532 2903 3629 2970 τὴν
3654 2902 3813 2953 οἰκο-

2216 2998 2388 3069 δομὴν
2444 2997 2539 3050 τοῦ
2587 2996 2694 3050 νεὼ
2734 2995 2940 3067 ἀπορία
2980 2994 3223 3064 φροντίδι
3251 2994 3341 3046 τὸν
3371 2992 3673 3046 ἐπίσκοπον
3708 2995 3809 3047 καὶ

2217 3090 2500 3161 ἀμηχανίᾳ
2528 3089 2721 3153 ἐδίδου,
2752 3088 2869 3141 λύει
2898 3087 2991 3140 καὶ
3019 3087 3225 3157 ταύτην
3263 3088 3291 3139 ὁ
3348 3085 3503 3154 ἅγιος
3539 3086 3633 3139 καί
3695 3103 3815 3155 τινι,

533 3170 848 3228 bitationem
878 3190 891 3227 :
919 3187 974 3231 et
1000 3178 1212 3232 cuidam
1250 3195 1315 3234 ex
1365 3181 1624 3237 divitibus
1650 3184 1766 3239 viro
1818 3186 1907 3255 pio
1942 3200 2108 3256 appa-

2216 3183 2324 3236 τῶν
2356 3182 2732 3236 πλουτούντων
2783 3181 3090 3249 ἐπιφανεὶς,
3147 3178 3367 3231 εὐσεϐεῖ
3415 3177 3592 3248 ἀνδρὶ,
3631 3178 3810 3248 ὄνομα

529 3275 676 3326 rens,
718 3265 804 3317 cui
830 3279 1024 3322 nomen
1050 3262 1171 3323 erat
1221 3268 1516 3339 Eugenius,
1580 3275 1804 3330 mandat
1840 3277 1889 3331 ei
1922 3280 2106 3349 templi

2212 3273 2489 3343 Εὐγενίῳ,
2537 3272 2686 3343 αὐτῷ
2723 3271 2823 3341 τὴν
2857 3270 2951 3324 τοῦ
3006 3268 3112 3323 νεὼ
3137 3269 3428 3339 οἰκοδομὴν
3460 3269 3800 3340 ἐπισκήπτει

529 3353 965 3420 :ndiﬁcationem,
997 3369 1051 3413 et
1107 3361 1368 3418 describit
1416 3365 1465 3419 ei
1509 3363 1724 3422 :edilicii
1786 3369 2013 3438 ﬁguram
2055 3382 2108 3428 et

532 3443 983 3510 magnitudinem.
1008 3446 1166 3505 Mane
1195 3466 1323 3520 ergo
1349 3452 1624 3524 Eugenius
1651 3458 1873 3515 veniens
1904 3462 1970 3515 ad
1989 3462 2108 3531 epi-
2134 3454 2142 3463 ’

530 3548 778 3604 scopum,
815 3539 863 3594 ei
917 3542 1197 3598 renuntiat
1252 3545 1545 3615 visionem,
1594 3558 1650 3606 et
1710 3554 1859 3622 Operi
1923 3558 2106 3611 statim

529 3627 760 3696 prmﬁcit
803 3630 1180 3707 aediﬁcatores,
1231 3650 1355 3691 cum
1409 3640 1492 3693 eis
1548 3639 1698 3709 prius
1733 3642 2109 3714 descripsisset

531 3728 586 3774 et
616 3719 980 3790 signiﬁcasset
1011 3726 1198 3796 templi
1225 3727 1567 3786 altitudinem
1598 3741 1654 3786 et
1683 3732 2107 3805 longitudinem,

524 3820 587 3867 et
606 3813 811 3870 aditum
843 3815 1034 3873 altaris
1056 3818 1137 3875 eis
1173 3819 1430 3890 iussisset
1458 3823 1744 3882 latitudine
1766 3828 1895 3894 ﬁeri
1931 3845 2110 3900 capsa:

526 3904 795 3974 atqualem
831 3924 845 3961 :
882 3909 934 3964 ei
964 3910 1109 3968 enim
1133 3912 1312 3969 visum
1359 3913 1537 3973 fuerat
1560 3917 1836 3990 deponere
1885 3937 2106 3995 capsam

525 3994 672 4053 intra
699 4012 875 4054 aram.

600 4176 742 4234 XVI.
780 4177 1071 4249 Postquam
1128 4191 1309 4238 autem
1360 4186 1616 4257 templum
1670 4191 1905 4248 fuitcito
1928 4194 2109 4264 perfe-

526 4280 702 4338 ctum,
736 4272 838 4328 hoc
866 4288 1084 4344 quoque
1131 4274 1242 4332 Deo
1273 4277 1504 4335 faciente
1555 4284 1899 4341 miraculum.
1938 4287 1990 4340 in
2024 4288 2107 4341 lo-

525 4377 681 4427 eum,
738 4365 830 4432 qui
888 4365 1090 4421 dicitur
1135 4367 1381 4439 Trigoni,
1415 4373 1697 4429 venientes
1754 4377 2109 4435 aediﬁcatores

531 4455 651 4525 (hic
675 4455 818 4510 enim
845 4457 1097 4515 Silvanus
1143 4463 1433 4533 episcopus
1477 4467 1773 4536 peragebat
1820 4468 2017 4526 festum
2044 4471 2103 4527 Β.

2209 3366 2303 3419 καὶ
2336 3364 2397 3418 τὸ
2430 3367 2530 3433 τῆς
2562 3361 2876 3433 οἰκοδομίας
2908 3361 3097 3433 σχῆμα
3158 3360 3256 3415 καὶ
3293 3360 3355 3413 τὸ
3401 3361 3632 3431 μέγεθος
3678 3361 3807 3414 δια-

2210 3456 2439 3527 γράφει.
2496 3454 2710 3508 Ἐωθεν
2740 3452 2924 3506 τοίνυν
2958 3453 3095 3523 πρὸς
3119 3452 3211 3505 τον
3240 3452 3543 3505 ἐπίσκοπον
3567 3453 3596 3505 ὁ
3624 3453 3803 3522 Εὐγὲ-

2208 3565 2320 3611 νιος
2369 3545 2700 3617 ἀφικόμενος
2726 3560 2742 3575 ο
2793 3543 3135 3613 ἀπαγγέλλει
3189 3544 3341 3615 αὐτῷ
3381 3544 3480 3615 τὴν
3524 3544 3671 3612 ὄψιν,
3706 3546 3807 3599 καὶ

2207 3636 2526 3706 οἰκοδόμους
2558 3635 2763 3689 αὐτίκα
2786 3634 2865 3704 τῷ
2890 3633 3042 3705 ἔργῳ
3076 3622 3364 3706 ἐφίστησιν
3385 3673 3400 3697 ,
3432 3634 3806 3699 ὐποτυπώσας

2211 3729 2476 3801 πρότερον
2504 3714 2692 3790 αὐτοῖς
2723 3727 2818 3779 καὶ
2847 3726 3191 3797 διασημάνας
3215 3726 3277 3778 τό
3298 3743 3359 3779 τε
3385 3729 3484 3797 τῆς
3507 3725 3805 3796 οἰκοδομῆς

2208 3822 2506 3890 ἀνάστημα
2528 3819 2703 3873 καὶτὸ
2738 3818 2913 3888 μῆκος
2956 3818 3053 3871 καὶ
3080 3818 3179 3888 τὴν
3208 3817 3416 3870 εἴσοδον
3459 3817 3553 3891 τού
3610 3818 3806 3871 θυσια⁴

2211 3912 2435 3981 στηρίου
2469 3910 2592 3982 ἴσην
2643 3910 2703 3963 τὸ
2734 3910 2939 3972 πλάτος
2991 3909 3183 3972 αὐτοῖς
3222 3910 3289 3980 τῇ
3328 3911 3473 3978 σορῷ
3506 3908 3802 3972 ἐπιτάξας·

2208 3996 2454 4058 ἐδέδοκτο
2473 4000 2583 4075 γὰρ
2614 4000 2785 4073 αὐτῷ,
2817 4001 2951 4055 εἴσω
2977 4000 3072 4054 τοῦ
3101 4000 3493 4071 θυσιαστηρίου
3517 4000 3613 4069 τὴν
3641 3988 3805 4071 σορὸν

2210 4097 2550 4149 καταθεῖναι.
2760 4103 2790 4131 ⁸
3349 4113 3356 4121 ·
3582 4104 3585 4107 ’

2283 4188 2401 4256 Iq”.
2440 4188 2597 4241 Ἐπεὶ
2625 4187 2684 4241 δέ
2737 4189 2765 4240 ὁ
2823 4187 2951 4251 ναὸς
2974 4188 3054 4252 εἰς
3087 4187 3251 4257 τάχος
3300 4187 3629 4257 ἀπήρτιστο,
3662 4186 3804 4239 Θεοῦ

2162 4354 2179 4363 Α
2210 4283 2306 4336 καὶ
2360 4281 2455 4336 τοῦ
2521 4280 3063 4353 θαυματουργοῦντος
3094 4285 3153 4335 ἐν
3186 4280 3371 4351 χωρίῳ
3404 4281 3447 4332 Τ
3459 4280 3715 4351 ριγὼνοις
3753 4283 3807 4334 οι

2209 4372 2480 4444 οἰκοδόμοι
2510 4374 2828 4443 γενόμενον
2871 4371 3109 4426 ἐνταῦθα
3143 4374 3254 4444 γὰρ
3280 4373 3309 4422 ὀ
3362 4372 3670 4436 ἐπίσκοπος
3704 4372 3805 4426 Σι-

2209 4464 2405 4527 λυανὸς
2432 4464 2530 4534 τὴν
2559 4463 2654 4516 τοῦ
2694 4466 2970 4535 μακαρίου
3000 4464 3304 4519 ἀποστόλου
3364 4465 3613 4535 Ἀνδρέον
3660 4482 3809 4519 παν-

528 4547 760 4604 Andreae
775 4538 1053 4619 apostoli),
1080 4553 1131 4606 ei
1163 4553 1471 4623 signiﬁcant
1496 4556 1799 4626 perfectum
1832 4574 1953 4617 esse
1978 4564 2108 4618 mdi-

2215 4556 2415 4626 ήγυριν
2449 4554 2721 4608 ἐτελεῖτοο
2777 4557 2838 4610 τὸ
2893 4557 3050 4619 τέλος
3100 4573 3160 4609 τε
3218 4555 3368 4626 αὐτῷ
3402 4557 3672 4626 μηνύουσι
3705 4559 3811 4627 τῆς

532 4639 749 4696 ﬁcium:
782 4651 837 4696 et
860 4640 978 4697 Jam
1003 4652 1215 4713 tempus
1244 4655 1346 4713 est,
1368 4647 1523 4702 aiunt
1546 4648 1830 4705 transferri
1860 4668 2106 4721 capsam,

525 4732 849 4804 priusquam
883 4735 1152 4816 ingressui
1198 4738 1512 4809 imponatur
1546 4741 1983 4810 superliminare.
2017 4748 2108 4804 Sic

437 4860 445 4868 ρ
524 4824 677 4880 enim
698 4824 914 4883 facilius
940 4829 1335 4886 introduce'tur.
1363 4831 1635 4887 Continuo
1653 4848 1780 4903 ergo
1801 4839 2105 4908 episcopus,

521 4930 655 4972 cum
712 4918 873 4974 simul
909 4935 1030 4976 cum
1088 4923 1177 4991 pio
1228 4921 1472 4992 Eugenio
1503 4939 1718 4982 sacrum
1778 4933 2106 5000 sumpsisset

528 5008 907 5079 Evangelium,
936 5011 1073 5069 fusis
1128 5013 1279 5083 prius
1312 5016 1588 5082 precibus,
1617 5017 1783 5073 simul
1814 5029 1870 5074 et
1924 5019 2109 5076 Trisa-

522 5101 675 5171 gium
698 5100 867 5173 'cmpit
892 5119 1110 5168 canere,
1143 5114 1340 5159 etcum
1365 5121 1430 5161 eo
1455 5123 1643 5163 omnes
1666 5111 1824 5165 simul
1851 5114 2103 5167 eumdem

525 5194 789 5265 hymnum
812 5195 1204 5251 concinebant:
1232 5206 1288 5250 et
1329 5200 1533 5278 egressi
1560 5211 1688 5255 sunt
1708 5197 2105 5272 supplicantes:

525 5285 732 5341 Deinde
756 5286 918 5342 etiam
949 5301 1109 5355 capsa
1153 5287 1221 5358 (ο
1265 5305 1455 5360 magna
1494 5300 1607 5358 tua,
1641 5293 1891 5361 Domine,
1947 5297 2109 5351 inira-

524 5374 649 5431 cula
668 5376 709 5447 l)
735 5384 923 5431 secuta
953 5385 1040 5433 est
1070 5387 1325 5447 tanquam
1353 5381 1616 5448 animata,
1645 5386 1865 5440 nemine
1884 5391 2107 5445 omnino

524 5480 651 5520 eam
712 5477 987 5529 nim-cule.
1042 5483 1141 5523 nec
1196 5477 1471 5539 tangente.
1529 5473 1593 5526 lrlt
1655 5489 1845 5531 omnes
1889 5478 2105 5546 quidem

528 5559 708 5629 primo
736 5572 957 5631 propter
996 5577 1268 5618 summam
1328 5564 1772 5633 admirationem,
1810 5584 1912 5622 nec
1944 5571 2107 5625 mira-

520 5651 651 5708 fculo
679 5653 921 5722 quidem,
970 5656 1111 5725 quod
1167 5658 1484 5724 cernebant,
1535 5659 1788 5715 volebant
1823 5663 2047 5717 credere
2090 5684 2102 5719 :

536 5742 729 5795 deinde
752 5745 905 5810 quasi
937 5758 1120 5800 essent
1151 5750 1368 5803 adducti
1424 5750 1474 5803 in
1502 5752 1787 5811 cxstasim.
1823 5755 2106 5811 exclama-

544 5841 777 5886 verunt:
816 5833 1067 5903 Sanctus,
1104 5850 1344 5906 sanctus,
1382 5852 1600 5897 sanctus
1664 5842 1919 5902 Dominus
1967 5847 2106 5906 Deus

2212 4646 2523 4716 οἰκοδομίας
2551 4647 2646 4701 καί
2667 4663 2681 4676 ο
2725 4647 2868 4719 Ὦρα
2894 4648 3019 4718 ἤδη,
3052 4648 3208 4716 φασὶ,
3238 4647 3340 4718 τὴν
3374 4648 3534 4719 σορὸν
3564 4665 3810 4719 μετακο-

2215 4740 2509 4809 μισθῆναιο
2572 4738 2852 4810 ῥᾷον.γὰρ
2907 4738 2975 4793 ἂν
3009 4738 3153 4793 οὕτω
3208 4739 3570 4810 εἰσενεχθείη.
3623 4739 3811 4803 Εὐθὺς

2212 4831 2305 4885 οὖν
2353 4833 2379 4884 ὁ
2411 4829 2709 4894 ἐπίσκοπος
2757 4833 2875 4900 ἅμα
2904 4830 2984 4901 τῷ
3036 4831 3253 4884 εὐσεϐεῖ
3289 4830 3533 4901 Εὐγενίῳ
3556 4830 3619 4882 τὸ
3657 4831 3811 4901 ἱερὸν

2215 4923 2546 4993 Εὐαγγέλιον
2582 4921 2891 4988 ἀναλαϐὼν,
2942 4924 3110 4994 εὐχῆς
3168 4923 3435 4994 πρότερον
3474 4924 3809 4993 γενομένης,

2211 5017 2349 5088 ὁμοῦ
2378 5036 2435 5071 τε
2454 5018 2516 5072 τὺ
2551 5017 2849 5088 Τρισάγιον
2875 5017 3113 5089 ἤρξαντο
3142 5017 3290 5089 ᾄδειν
3317 5033 3331 5047 ·
3367 5016 3461 5069 καὶ
3490 5015 3629 5085 ὁμοῦ
3663 5017 3808 5069 πάν-

2212 5128 2304 5166 τες
2331 5111 2479 5181 αὐτῷ
2500 5113 2592 5165 τὸν
2621 5110 2794 5181 ὕμνον
2827 5110 3054 5179 συνῇδον
3103 5112 3197 5164 καὶ
3235 5106 3614 5172 λιτανεύοντες
3643 5106 3806 5179 ἐξῄε-

2216 5219 2333 5257 σαν·
2354 5200 2474 5257 εἷτα
2504 5204 2599 5256 καὶ
2628 5205 2659 5273 ἡ
2697 5203 2858 5274 σορὸς
2882 5201 2949 5266 (ὦ
2970 5202 3079 5255 τῶν
3112 5202 3367 5271 μεγάλων
3392 5217 3508 5265 σου,
3532 5200 3805 5262 Δέσποτα,

2214 5300 2594 5370 θαυμασίωνί)
2630 5293 2718 5355 οἷά
2742 5317 2826 5362 τις
2853 5298 3094 5369 ἔμψυχος
3127 5298 3316 5351 εἵπετο
3342 5297 3436 5351 καὶ
3468 5296 3627 5366 αὐτὴ,
3666 5296 3805 5367 μηδι

2213 5391 2335 5454 ενὸς
2369 5391 2758 5455 ὑποκινοῦντος
2789 5390 2925 5461 μηδὲ
2966 5392 3278 5462 ἁπτομένου
3300 5390 3361 5443 τὸ
3400 5388 3666 5461 παράπαν
3697 5391 3801 5441 αὐ-

2212 5485 2331 5552 τῆς,
2384 5483 2518 5553 μηδὲ
2549 5482 2835 5550 θίγοντοςο
2874 5483 2973 5537 καὶ
3029 5483 3233 5546 πάντες
3283 5480 3387 5535 ὑπὸ
3448 5481 3546 5535 τοῦ
3594 5479 3799 5549 σφόδρα

2215 5574 2460 5644 θάμϐους
2496 5575 2690 5643 πρῶτα
2720 5573 2825 5645 μὲν
2855 5575 2976 5628 οὐδέ
3008 5574 3274 5645 ὁρωμένῳ
3324 5573 3401 5644 τῷ
3431 5572 3673 5645 θαύματι
3709 5590 3796 5626 πιο

2216 5667 2427 5726 στεύειν
2459 5665 2670 5735 ἠξίουν.
2707 5654 2942 5721 Ἔπειτα
2970 5668 3347 5733 ἐξεστηκότες,
3380 5668 3593 5736 Ἤγιος,
3621 5667 3798 5734 ἅγιος,

2214 5759 2393 5825 ἅγιος,
2442 5759 2647 5828 Κύριος
2706 5759 2958 5823 Σαϐαὼθ,
3001 5759 3276 5829 ἔκραζον
3319 5761 3347 5812 ὁ
3407 5758 3496 5812 διὰ
3555 5757 3649 5811 τοῦ
3701 5757 3795 5811 σοῧ

2215 5852 2547 5921 θεράποντος
2574 5853 2875 5925 Κορνηλίου
2898 5852 2965 5907 τὰ
2993 5853 3060 5907 σὰ
3090 5852 3371 5923 Dauniae
3398 5850 3494 5904 καὶ
3516 5850 3614 5913 τὰς
3637 5849 3798 5902 δυναο
