4126 6414
339 351 479 418 1309

1323 358 1501 423 νιΤΑ
1540 364 1604 427 S.
1653 362 2017 427 CORNELII
2055 361 2606 434 CENTURIONIS.

3461 370 3602 439 1310

340 465 520 531 οτείας
568 467 700 538 ήμϊν
759 466 1117 540 φανερώσαςο
1151 471 1402 552 ἐντεύθεν
1451 474 1546 529 καὶ
1571 466 1621 528 οἰ
1675 475 1917 545 περιλει-

2034 477 2279 548 Sabaoth,
2314 483 2406 552 qui
2436 488 2532 552 per
2560 482 2820 539 famulum
2878 492 3028 538 tuum
3078 481 3393 539 Cornelium
3430 485 3603 540 mira-

344 557 572 627 φθέντες
602 558 712 612 τῶν
754 558 1024 631 Ἐλλήνων
1048 550 1401 619 ἐπίστευσαν.

410 741 512 802 lZ'.
540 745 650 821 Kal
677 742 710 818 ή
740 744 863 818 λιτὴ
896 748 1060 803 πάλιν
1093 750 1185 833 Earl
1235 750 1329 805 τὸν
1359 748 1488 806 ναὸν
1530 751 1729 824 ἐχώρει
1759 754 1858 809 ml
1886 756 1921 826 ὴ

341 837 503 909 σορὸς
530 838 740 893 εἵπετο.
787 840 942 894 Ἐπεὶ
965 843 1022 896 δὲ
1048 842 1125 909 ὡς
1147 844 1239 899 τὸν
1265 844 1392 899 ναὸν
1423 845 1702 915 ἀφίκοντο,
1728 848 1777 901 οἰ
1820 848 1922 919 μέν

338 930 494 984 ἐνθεν
552 930 647 983 καὶ
678 930 829 985 ἐνθεν
861 932 1119 1006 ἔστησαν,
1170 935 1407 1009 ὁρῶντες
1459 938 1584 991 ὅποι
1609 956 1669 991 τε
1703 940 1736 1009 ή
1766 941 1924 1013 σορὸς

339 1022 676 1094 προϐήσεται
702 1026 797 1077 καὶ
828 1029 922 1078 ποῖ
949 1028 1230 1099 στήσεται.
1262 1028 1327 1082 Ἦ
1351 1029 1408 1083 δέ
1424 1028 1513 1083 διὰ
1541 1030 1722 1099 μέσων
1744 1031 1924 1087 αὐτῶν

339 1114 571 1185 καὶτῆς
602 1115 843 1185 πλαγίας
896 1118 1073 1189 πύλης
1118 1114 1350 1174 ἐλθοῦσα
1406 1122 1504 1191 τῆς
1555 1121 1762 1189 δεξιᾶς,
1790 1121 1922 1193 έστη

340 1204 570 1276 πλησίον
600 1207 696 1296 τοῦ
735 1207 1151 1281 Θυσιαστηρίου,
1181 1213 1566 1285 καὶ’¹μηχανῆς
1590 1215 1814 1285 ἀπάσης
1835 1230 1927 1283 γε·

337 1299 591 1370 νομένης,
626 1297 770 1352 ὥστε
821 1301 994 1371 αὐτὴν
1041 1303 1174 1357 είσω
1202 1302 1297 1359 τοῦ
1349 1304 1737 1375 Θυσιαστηρίου
1795 1324 1927 1377 μετ-

338 1392 606 1459 ενεγκεῖν.
642 1391 707 1444 ’Π
741 1391 798 1445 δὲ
831 1393 1232 1465 ἀμετακίνητος
1258 1397 1355 1451 καὶ
1375 1396 1456 1460 εἰς
1488 1396 1568 1451 ἔτι
1603 1398 1774 1468 μένει,
1826 1398 1925 1467 θη-

341 1483 543 1554 σαυρὸς
568 1482 868 1554 θαυμάτων
895 1485 997 1539 οὐκ
1025 1486 1344 1551 ἐπιλείπων,
1387 1489 1692 1555 ἀπόλαυσις
1726 1490 1930 1563 πολλῆς

342 1577 722 1646 πνευματικῆς
755 1577 1029 1646 ὠφελείας
1059 1579 1152 1633 καὶ
1172 1578 1426 1649 χάριτος.

412 1754 519 1810 lll'.
550 1756 813 1812 Σιλυανοῦ
839 1754 922 1811 -δέ
974 1757 1069 1812 τοῦ
1121 1758 1426 1814 ἐπισκόπου
1482 1762 1927 1829 τελευτήσαντος,

2027 572 2145 626 cula
2178 582 2265 626 tua
2295 581 2348 628 et
2383 576 2611 631 virtutes
2661 575 2821 631 nobis
2882 574 3170 644 aperuisti;
3198 574 3337 629 llinc
3393 575 3601 630 factum

2023 672 2129 725 est,
2165 672 2223 719 ut
2254 664 2347 733 qui
2380 675 2761 721 remanserant
2791 682 2856 722 ex
2896 665 3197 736 gentibus,-
3223 665 3529 720 crederent.

2097 754 2342 810 XVll.Et
2368 748 2558 813 rursus
2589 757 2644 811 in
2672 758 2929 828 templum
2957 757 3229 828 processit
3256 756 3603 826 supplicatio,
3667 746 3676 753 ’

2024 856 2080 925 et
2114 864 2276 921 capsa
2304 847 2657 920 sequebatur.
2686 848 2985 919 Postquam
3014 856 3192 902 autem
3251 856 3522 925 venerunt
3551 846 3603 900 in

2027 943 2285 1012 templum
2310 939 2396 997 illi
2429 943 2648 1013 quidem
2674 942 2803 997 hinc
2831 952 2886 996 et
2918 940 3067 995 illinc
3098 923 3489 1006 constiterunt,
3517 938 3597 992 vi-

2027 1035 2242 1098 dentes,
2270 1049 2506 1103 quonam
2539 1042 2687 1089 esset
2727 1047 2893 1102 capsa
2928 1045 3272 1102 processura,
3300 1039 3353 1085 et
3384 1030 3604 1084 ubinam

2027 1137 2256 1186 statura.
2292 1126 2383 1182 Illa
2417 1137 2597 1183 autem
2632 1140 2728 1198 per
2750 1126 2901 1196 ipsos
2954 1124 3164 1181 medios
3220 1118 3275 1177 et
3328 1121 3605 1176 lateralem

2026 1230 2239 1291 portam
2293 1219 2534 1284 veniens,
2573 1232 2692 1287 quae
2724 1224 2845 1271 erat
2880 1230 2911 1269 a
2958 1215 3202 1278 dextera,
3243 1211 3398 1267 stetit
3435 1224 3604 1279 prope

2030 1331 2180 1372 aram
2213 1314 2339 1372 :cui
2374 1316 2626 1387 omnibus
2649 1312 2907 1369 adhibitis
2941 1309 3227 1376 machinis,
3262 1316 3321 1363 ut
3342 1320 3404 1362 ea
3426 1313 3609 1378 trans-

2029 1406 2263 1461 ferretur
2329 1405 2396 1459 ad
2427 1420 2599 1469 aram,
2636 1403 2724 1458 illa
2758 1411 2941 1459 manet
2996 1398 3290 1454 immobilis
3340 1411 3514 1466 usque
3556 1396 3609 1449 in

2033 1499 2359 1578 hodiernum
2390 1497 2558 1561 diem,
2590 1496 2979 1552 miraculorum
3017 1492 3307 1546 thesaurus
3339 1503 3445 1543 non
3473 1486 3611 1542 deli-

2032 1593 2203 1657 ciens,
2237 1606 2303 1646 ex
2333 1604 2440 1660 quo
2470 1588 2770 1659 percipitur
2796 1599 2987 1657 magna
3015 1582 3279 1654 spiritalis
3318 1579 3526 1634 utilitas
3554 1586 3611 1633 et

2032 1682 2228 1752 gratia.
3478 1714 3489 1725 .

2107 1772 2296 1828 Χνιιι.
2343 1771 2478 1825 Cum
2530 1779 2708 1825 autem
2754 1768 3008 1825 Silvanus
3041 1764 3364 1821 decessisset
3389 1761 3467 1832 (7)
3495 1760 3611 1828 epi-

340 1849 439 1918 τήν
472 1848 573 1933 μὲν
629 1848 933 1920 Τρωαδέων
981 1852 1289 1923 ἐπισκοπὴν
1357 1852 1700 1934 ’ΔΘᾳ-ιάσιος,
1741 1854 1840 1926 τὴν
1872 1855 1931 1909 δὲ

2034 1879 2250 1934 scapus,
2282 1862 2673 1918 Troadensium
2732 1861 2949 1931 quidem
3004 1857 3340 1926 episcopatui
3366 1854 3610 1909 Athana-

346 1929 629 2010 Σκεψαίων
663 1941 1048 2013 Φιλοστόργιος
1080 1928 1506 2015 ἐγχειρίζονταὶ.
1568 1943 1723 1999 Ἐπεὶ
1746 1945 1802 1999 δὲ
1836 1946 1929 2000 ml

341 2033 371 2087 6
400 2031 725 2104 φιλευσεόὴς
752 2033 960 2103 ἐκεῖνος
1007 2034 1268 2102 Εὐγένιος
1320 2036 1588 2090 κατέλυσε
1638 2038 1731 2091 ml
1765 2038 1929 2102 αὐτὸς

341 2123 438 2178 τὸν
475 2114 612 2195 βίον,
643 2126 1019 2197 προτρέπεταί
1052 2144 1177 2182 τινα
1221 2130 1519 2202 ζωγράφον
1572 2132 1601 2185 6
1645 2130 1931 2204 Φιλοστόρ-

341 2228 481 2285 γιος,
512 2216 691 2269 πάντα
715 2233 777 2270 τε
812 2216 1021 2287 γράψαι
1052 2218 1146 2272 τδν
1175 2218 1304 2272 ναὸν
1335 2220 1431 2274 καὶ
1458 2221 1558 2292 τὴν
1585 2220 1681 2275 τοῦ
1713 2223 1930 2292 Κορνη-

343 2306 459 2360 λίου
485 2306 671 2361 εἰκόνα
704 2310 1022 2385 ,σπουδαίως
1052 2311 1111 2363 ἐν
1150 2311 1305 2385 αὐτῷ
1351 2312 1694 2378 ἐκτυπῶσαι,
1732 2315 1826 2366 καὶ
1855 2314 1931 2377 ώς

341 2394 569 2464 δυνατὸν
603 2401 702 2455 σὺν
730 2383 997 2473 ’ἀκριϐείᾳ
1049 2383 1496 2474 κεκοσμημένην,
1537 2405 1688 2468 ὅπως
1740 2405 1930 2475 γηρῶν

342 2508 403 2546 τε
420 2492 522 2563 ήδη
544 2492 781 2564 γραφείη
816 2492 911 2547 καὶ
938 2493 1119 2565 ἐαυτῷ
1141 2494 1489 2548 παντάπασιν
1507 2488 1701 2559 ἐοικώς
1725 2512 1737 2526 ·
1763 2497 1953 2558 ἐδεῖτο,

327 2575 437 2640 ὀὖν
457 2586 485 2638 6
531 2585 855 2656 Ἐγκράτιος
874 2585 969 2638 τοῦ
1000 2586 1161 2654 ἁγίου
1195 2586 1214 2658 (
1238 2586 1398 2641 τοῦτο
1425 2589 1535 2659 γὰρ
1558 2585 1627 2660 ἦν
1655 2589 1827 2660 ὄνομα
1849 2589 1928 2659 τῷ

342 2676 664 2747 ζωγράφῳ)
720 2676 1029 2748 ἐκκαλύψαι
1083 2678 1235 2751 αὖτῷ
1282 2681 1379 2751 τὴν
1413 2681 1622 2736 οἰκείαν
1656 2682 1821 2747 ἰδέαν,
1857 2684 1933 2746 ώς

343 2769 411 2824 ἂν
434 2769 707 2841 ἐπιτυχῶς
739 2785 798 2821 τε
825 2769 999 2840 αὐτὴν
1030 2769 1124 2823 καὶ
1169 2771 1308 2840 πρὸς
1360 2771 1651 2842 ἀκρίϐειαν
1696 2771 1931 2841 γράψειε

351 2861 448 2915 ml
481 2861 598 2932 ἅμα
624 2860 1009 2931 ἐδυσχέραινεν
1034 2858 1129 2914 ἐπὶ
1163 2863 1230 2933 τῇ
1260 2861 1355 2914 τοῦ
1380 2862 1685 2915 ἐπισκόπου
1716 2863 1930 2934 ἐντολῇ,

345 2956 440 3009 καί
460 2971 614 3018 τινας
644 2954 746 3007 οὐκ
770 2954 1077 3029 εὐφήμους,
1133 2954 1229 3006 καὶ
1257 2953 1395 3021 πρὸς
1448 2954 1541 3008 τὸν
1595 2954 1749 3022 ἅγιον
1778 2955 1933 3023 ἠφίει

309 3055 313 3059 ’
346 3046 555 3119 φωνὰς,
593 3045 970 3117 ἀπορούμενος
993 3044 1262 3113 πάντοθεν
1299 3044 1393 3098 καὶ
1418 3043 1608 3109 δεινῶς
1637 3044 1816 3098 ἀλύων
1844 3042 1935 3099 διά

341 3156 403 3194 τε
424 3139 522 3209 τήν
549 3138 762 3192 ἐκείνου
794 3139 895 3208 τῆς
952 3137 1099 3202 ἰδέας
1142 3137 1385 3206 ἄγνοιαν,
1415 3137 1509 3190 ml
1546 3135 1618 3208 _1:6
1653 3136 1729 3207 μὴ
1763 3135 1930 3207 ἐχειν,

347 3232 497 3293 ὅπως
525 3229 591 3284 ἂν
620 3229 730 3283 τῶν
761 3230 860 3299 τῆς
881 3228 1058 3299 ὅψεως
1090 3229 1461 3300 χαρακτήρων
1494 3228 1762 3298 ἐφίκοιτο.
1789 3227 1928 3282 [loss

345 3322 529 3376 τοίνυν
583 3321 685 3392 τῆς
739 3319 1013 3391 κλίμακος
1062 3318 1333 3386 ἐκπεσὼν,
1387 3314 1473 3390 ἐφ’
1520 3314 1590 3392 ἧς
1652 3317 1929 3389 ἐϐεϐήκει,

343 3413 551 3476 ἄπνους
593 3430 653 3466 τε
697 3411 875 3467 ἔκειτο
904 3412 999 3467 ml
1029 3413 1313 3486 σκώληκες
1336 3413 1512 3501 οεμέν
1557 3411 1809 3483 ἐξεῖρπον
1845 3413 1936 3495 tua

302 3550 310 3557 .
342 3506 439 3562 τοῦ
470 3507 763 3577 στόματος.
804 3508 869 3562 Ol
896 3507 955 3561 δὲ
988 3508 1152 3563 πάλιν
1176 3492 1453 3579 εἰσῄεσαν
1477 3506 1724 3578 ἐῴκεσαν
1745 3506 1802 3561 δέ
1822 3492 1931 3578 ἄρα

344 3600 455 3653 τῶν
478 3599 652 3671 δυσφή
663 3616 781 3669 μων
831 3600 1058 3654 ἐκείνων
1111 3600 1286 3669 λόγων
1320 3597 1459 3653 εἰναι
1511 3599 1747 3670 καρπὸς,
1778 3599 1874 3675 οὒς
1904 3600 1933 3653 6

345 3686 640 3769 ζωγράφος
666 3690 968 3761 ἀνιώμενος
996 3691 1185 3760 ἔλεγεν
1211 3707 1226 3724 ο
1272 3690 1415 3745 Ἀλλ’
1440 3691 1603 3756 αὐτὸς
1632 3687 1703 3758 εἴ,
1730 3693 1935 3761 Κορνή-

344 3783 451 3849 λιε,
479 3784 698 3847 πάντως
722 3798 738 3815 ο
796 3785 825 3836 6
880 3783 975 3838 ml
1011 3782 1073 3836 τὸ
1099 3779 1331 3854 σφοδρὸν
1384 3782 1532 3837 κατά
1590 3783 1686 3837 σοῦ
1719 3785 1933 3838 πνέοντι

350 3875 619 3947 πρότερον
653 3873 952 3947 Δημητρίῳ
981 3873 1079 3947 τὴν
1117 3876 1360 3943 γυναῖκα
1385 3874 1478 3928 καὶ
1506 3873 1599 3928 τὸν
1631 3873 1747 3928 tile
1776 3891 1933 3945 χαρι-

348 3968 608 4037 σάμενος,
639 3966 891 4020 ἐντεῦθεν
917 3965 1027 4020 οὐδ’
1071 3966 1181 4019 ιέπλ⁹
1221 3965 1384 4019 πλέον
1423 3964 1492 4018 τὰ
1536 3964 1636 4035 τῆς
1661 3963 1934 4034 τιμωρίας

346 4056 581 4129 ταθῆναι
610 4058 690 4129 τῷ
714 4057 993 4129 ζωγράφῳ
1024 4057 1281 4127 ἠνέσχου.
1319 4056 1639 4124 Ἐπιερανείς
1692 4054 1800 4124 γὰρ
1854 4053 1934 4117 είς

345 4150 449 4220 τὴν
482 4149 770 4218 ἐπιοῦσαν,
832 4150 930 4203 καὶ
979 4150 1078 4219 τῆς
1129 4148 1312 4213 δεξιᾶς
1374 4147 1541 4201 αὐτὸν
1609 4144 1931 4215 λαϐόμενος,

349 4229 625 4319 ἀνέστησέ
644 4247 704 4297 τε
737 4242 902 4296 οἱονε)⁹
926 4241 1261 4298 καθεύδοντα
1288 4256 1303 4272 °
1336 4240 1432 4294 ml
1461 4239 1555 4294 δύο
1585 4239 1750 4294 ταῦτα
1777 4241 1935 4309 μέγι-

244 4328 257 4338 ’
352 4353 457 4392 στα
491 4333 879 4406 κατεπράξατο
910 4334 1011 4404 τὴν
1039 4331 1346 4387 ἀκόλαστὸν
1383 4348 1444 4385 τε
1480 4332 1591 4401 γὰρ
1621 4330 1936 4398 ἐπαιδαγώδ-

346 4436 519 4498 γησεν
547 4425 697 4496 αὐτῷ
717 4424 965 4506 γλῷτταν
985 4424 1081 4477 ml
1104 4423 1205 4493 τὴν
1234 4423 1327 4477 ἐπὶ
1349 4426 1413 4494 τῇ
1436 4423 1643 4496 ἀπορίᾳ
1677 4424 1775 4495 τῆς
1795 4438 1935 4494 γρα-

2033 1958 2167 2022 sius,
2248 1956 2644 2025 Philostorgius
2694 1954 2769 2025 (8)
2806 1962 2983 2007 autem
3040 1948 3443 2019 Scepsacorum,
3473 1959 3613 2015 prte-

2036 2050 2315 2105 liciuntur.
2356 2046 2651 2118 Postquam
2686 2060 2817 2100 vero
2868 2044 3019 2114 prius
3051 2054 3270 2112 quoque
3318 2038 3407 2093 ille
3436 2037 3612 2105 Euge-

2034 2143 2157 2197 nius
2190 2139 2426 2196 excessit
2459 2154 2491 2193 e
2560 2139 2695 2201 vita,
2723 2136 3012 2206 quemdam
3050 2134 3309 2203 pictorem
3356 2129 3611 2184 hortatur

2028 2226 2445 2303 Philostorgius,
2489 2234 2547 2282 ιη
2601 2237 2656 2283 et
2706 2234 2881 2281 totum
2920 2224 3177 2292 templum
3228 2220 3505 2291 depingat,
3555 2226 3613 2272 et

2029 2322 2270 2379 Cornelii
2338 2321 2570 2391 elligiem
2629 2320 2683 2374 iu
2744 2333 2809 2373 eo
2855 2317 3145 2387 diligenter
3204 2315 3495 2384 exprimat,
3557 2322 3613 2366 et

2031 2409 2193 2484 quam
2227 2411 2343 2467 fieri
2386 2419 2569 2482 posset
2619 2407 3033 2463 accuratissime
3070 2412 3268 2461 orn‘et:
3310 2416 3508 2484 nempe
3554 2413 3615 2455 ut

2032 2507 2077 2562 is
2102 2507 2268 2561 etiam
2284 2517 2448 2559 senex
2476 2501 2813 2572 pingeretur,
2840 2508 2895 2553 et
2919 2497 2994 2551 illi
3016 2498 3117 2567 ipsi
3136 2496 3360 2552 omnino
3386 2476 3604 2550 similis.

2032 2599 2277 2671 Rogabat
2302 2611 2434 2666 ergo
2485 2604 2756 2667 sanctum
2790 2591 3081 2647 Encratius
3137 2592 3263 2661 (hoc
3307 2588 3452 2641 enim
3498 2595 3617 2642 erat

2034 2707 2223 2747 nomen
2239 2688 2478 2759 pictori),
2501 2696 2559 2741 ut
2577 2686 2624 2741 ei
2643 2684 3074 2740 suamrevelaret
3096 2682 3355 2752 speciem,
3371 2694 3477 2748 quo
3489 2693 3611 2733 eam

2033 2793 2155 2853 apte
2192 2791 2248 2837 et
2277 2789 2533 2836 accurate
2565 2777 2883 2847 depingeret
2912 2793 2928 2830 :
2953 2784 3008 2830 et
3036 2773 3198 2829 simul
3226 2786 3373 2838 aegre
3404 2770 3614 2824 ferebat

2032 2872 2352 2928 mandatum
2387 2868 2654 2940 episcopi,
2692 2876 2750 2922 et
2770 2867 3034 2938 quasdam
3055 2879 3160 2918 non
3189 2864 3354 2923 nimis
3385 2859 3612 2932 honori-

2035 2963 2164 3018 ﬁcas
2194 2978 2355 3018 voces
2381 2951 2671 3018 emittebat
2700 2960 2755 3015 in
2813 2954 3086 3024 sanetum,
3114 2955 3296 3009 animo
3356 2968 3422 3007 ex
3462 2951 3611 3007 omni

2034 3062 2188 3126 parte
2215 3054 2521 3124 perplexus,
2548 3061 2602 3108 et
2625 3051 2784 3105 valde
2820 3050 3015 3117 tristis,
3037 3040 3094 3103 et
3136 3055 3427 3116 propterea
3469 3043 3614 3113 quod

1960 3170 2003 3227 α
2038 3150 2281 3206 nesciret
2315 3149 2455 3203 illius
2483 3148 2741 3218 speciem,
2778 3154 2832 3201 et
2871 3145 3013 3213 quod
3064 3158 3170 3197 non
3201 3150 3380 3211 posset
3409 3133 3608 3194 censi:-

2035 3243 2124 3312 qui
2149 3241 2490 3296 characteres
2519 3248 2574 3296 et
2608 3238 2808 3309 ﬁguras
2838 3238 3040 3292 vultus.
3094 3233 3228 3291 Cum
3276 3232 3459 3302 itaque
3508 3230 3612 3286 alio

2036 3336 2252 3405 quando
2279 3334 2570 3391 cecidisset
2590 3349 2623 3390 ο
2649 3333 2833 3397 scalis,
2864 3348 3006 3402 quas
3033 3331 3378 3394 ascenderat,
3397 3327 3617 3399 jacebat

2037 3442 2144 3483 non
2178 3426 2398 3494 spirans
2434 3442 2448 3479 :
2486 3434 2543 3480 et
2579 3438 2793 3479 vermes
2819 3423 2909 3478 alii
2948 3423 3163 3492 quidem
3197 3437 3292 3491 per
3328 3435 3393 3475 os
3422 3430 3615 3488 prore-

2034 3521 2279 3593 ptabant,
2329 3518 2420 3573 alii
2474 3527 2658 3572 autem
2712 3531 2906 3572 rursus
2961 3514 3427 3585 ingrediebantur.
3487 3510 3615 3564 Visa

2036 3618 2164 3666 sunt
2194 3618 2375 3664 autem
2411 3610 2527 3663 haec
2585 3621 2710 3662 esse
2775 3605 2985 3660 fructus
3051 3605 3267 3659 illorum
3321 3602 3611 3655 verborum

2038 3701 2450 3765 maledicorum,
2486 3714 2607 3768 quae
2658 3697 2847 3752 dolore
2889 3695 3121 3750 allectus
3166 3694 3341 3762 pictor
3377 3691 3610 3753 dixerat.

2036 3792 2142 3849 Sed
2173 3793 2286 3861 ipse
2314 3807 2374 3847 es
2403 3791 2648 3854 omnino,
2680 3804 2714 3843 ο
2761 3788 2998 3850 Corneli,
3032 3785 3125 3857 qui
3175 3784 3448 3839 Demetrio
3483 3796 3614 3851 gra-

2036 3885 2175 3940 viter
2202 3885 2252 3938 in
2280 3893 2332 3938 te
2365 3884 2515 3954 prius
2566 3882 2798 3952 spiranti
2831 3895 3052 3935 uxorem
3086 3887 3140 3934 et
3167 3877 3334 3932 lilium
3358 3874 3612 3934 donasti;

2033 3984 2362 4049 quapropter
2386 3989 2493 4030 non
2532 3973 2864 4037 sustinuisti,
2903 3983 2962 4026 ut
2997 3972 3123 4026 huic
3165 3969 3357 4040 pictori
3380 3965 3613 4037 amplius

2035 4069 2428 4140 produCeretur
2467 4066 2820 4138 supplicium.
2855 4064 2988 4118 Cum
3020 4062 3164 4118 enim
3221 4061 3307 4115 die
3361 4057 3613 4128 sequenti

2034 4164 2082 4217 ei
2113 4160 2492 4232 apparuisset,
2514 4169 2569 4213 et
2600 4173 2817 4213 manum
2849 4158 2969 4226 ejus
2996 4157 3274 4210 dexteram
3307 4152 3613 4223 apprehen-

2036 4256 2225 4314 disset,
2284 4267 2409 4307 eum
2451 4266 2674 4323 surgere
2741 4250 2890 4314 fecit,
2928 4250 3074 4304 velut
3128 4248 3612 4303 dormientemzet

2036 4345 2149 4400 haec
2171 4344 2279 4399 duo
2302 4344 2431 4399 fecit
2459 4345 2689 4397 rmixim‘a
2717 4358 2731 4409 ;
2770 4358 2895 4396 nam
2925 4352 2979 4396 et
3006 4341 3457 4408 intemperantem
3489 4335 3609 4406 ejus

2039 4438 2274 4508 linguam
2307 4438 2614 4506 castigavit,
2644 4448 2697 4490 et
2727 4436 2940 4490 curarit
2973 4433 3214 4488 dolorem
3241 4446 3303 4485 ac
3328 4429 3608 4500 aegritudi-

335 4522 460 4608 ’φῆς
502 4520 684 4591 λύπην
729 4525 826 4578 ml
871 4519 970 4589 τήν
997 4515 1239 4590 ἀθυμίαν
1296 4518 1688 4608 ἐθεράπευσεν,
1744 4519 1845 4573 οὐκ
1875 4521 1932 4572 ἐν

2039 4543 2183 4594 nem,
2215 4543 2375 4598 quam
2398 4537 2702 4597 acceperat,
2725 4537 3009 4593 prepterca
3028 4522 3174 4593 quod
3204 4522 3612 4591 nesciret,quoo

347 4590 521 4669 εἰκόνι
547 4590 655 4669 τινὶ
698 4612 796 4667 καὶ
843 4611 1000 4683 τύπῳ
1030 4612 1126 4665 καὶ
1156 4611 1487 4682 ὁμοιώματι,
1511 4590 1844 4674 ’ἀλλ’ίαύτός
1873 4629 1933 4664 τε

346 4707 503 4779 αὐτῷ
535 4703 953 4776 συγγενόμενος,
991 4702 1084 4755 ml
1112 4696 1226 4766 οἷος
1246 4697 1316 4773 ἦν
1355 4702 1457 4771 τὴν
1482 4702 1700 4774 μορφὴν
1729 4703 1933 4756 ἐπιδεί-

351 4800 451 4866 ξας
474 4814 489 4829 ⁸
525 4797 719 4868 ἀμέλει
738 4796 835 4849 ml
864 4792 1028 4863 ὑγιὴς
1054 4788 1214 4857 αὖθις
1246 4795 1274 4846 6
1302 4791 1595 4862 ζωγράφος
1625 4792 1812 4859 ὼρᾶτο
1840 4794 1936 4846 ml

350 4889 514 4954 σῶος,
554 4887 653 4941 καὶ
682 4886 822 4949 ὅλως
861 4884 969 4938 τῶν
1002 4883 1302 4955 σκωλήκων
1351 4882 1798 4953 ἀπηλλαγμένος,
1820 4884 1936 4936 σκαὶ

348 4984 453 5054 τῆς
473 4981 673 5052 τέχνης
698 4977 864 5035 πάλιν
881 4977 1212 5048 ἁπτόμενος.
1255 4960 1450 5029 Ἔνθεν
1476 4992 1556 5028 τοι
1581 4974 1678 5029 ml
1702 4975 1938 5046 ἀνέγραο

244 5126 255 5133 ,
348 5077 454 5147 ψεν
478 5073 644 5128 αὑτὸν
670 5071 857 5125 ὁποῖον
888 5065 1019 5135 εἶδε,
1063 5066 1268 5138 πολλὴν
1318 5066 1418 5136 τὴν
1469 5065 1730 5136 ἀλήθειαν
1798 5066 1937 5136 μετὰ

349 5169 450 5238 τῆς
476 5160 669 5237 τέχνης
695 5161 951 5235 ἐμϐαλὼν
1007 5161 1073 5232 τῇ
1132 5161 1342 5229 γραφῇ,
1403 5157 1594 5227 εὐχαῖς
1648 5157 1936 5213 αὐτοῦτοῦ

353 5259 513 5326 ἁγίου
570 5258 754 5329 χάριτι
803 5252 900 5309 καὶ
952 5251 1339 5323 φιλανθρωπίᾳ
1392 5249 1486 5304 τοῦ
1521 5252 1730 5323 Κυρίου
1779 5254 1937 5324 ήμῶν

431 5378 507 5447 (7)
540 5375 639 5431 Hie
669 5385 753 5447 est
784 5371 1028 5447 fortassis
1050 5372 1149 5447 qui
1182 5368 1482 5447 sessioni_6
1509 5369 1925 5447 conciliiEphe-

351 5441 462 5503 sini
490 5441 499 5447 ’
528 5444 856 5513 subscripsit
913 5459 933 5494 ι
974 5441 1305 5496 Athanasius
1353 5442 1641 5513 episcopus
1696 5442 1936 5499 civitatis

348 5518 723 5586 Sttepsiorutn,
752 5512 1027 5586 iilldeqtte
1059 5513 1326 5586 'l‘roadem
1352 5512 1640 5586 translatus
1672 5513 1939 5581 :ideuqne

350 5582 479 5645 eum
515 5584 904 5654 Philostorgio.
937 5598 1037 5654 suo
1065 5583 1123 5654 i_n
1180 5582 1361 5654 sedem
1409 5582 1766 5650 Sccpsensem
1807 5598 1929 5654 suc:

348 5674 598 5721 cessere,
627 5657 713 5710 hic
747 5651 856 5723 agit
878 5653 944 5707 de
976 5652 1033 5706 S.
1053 5651 1687 5723 CorneliiScepsurol-um
1717 5653 1936 5723 patroni

356 5720 627 5800 pingenda
657 5720 926 5800 illiagine._
954 5724 1034 5800 ᾼι
1090 5721 1337 5800 quisquis
1387 5721 1566 5800 fuerit
1605 5720 1938 5800 Troﬂuilensis

355 5790 846 5862 llic'Atlianasius,
877 5791 1015 5850 obiit
1045 5802 1194 5851 certe
1220 5790 1345 5847 ante
1373 5793 1667 5864 concilium
1698 5790 1932 5849 Chalce-

2038 4621 2198 4675 modo
2229 4620 2504 4690 pingeret;
2534 4633 2639 4674 non
2689 4618 2754 4671 in-
2792 4618 2985 4686 ﬁgura,
3033 4615 3268 4685 imagine
3315 4623 3370 4668 et
3421 4610 3616 4668 simili-

2039 4711 2243 4775 tudine,
2270 4711 2364 4765 sed
2392 4723 2519 4763 vere
2549 4723 2673 4763 cum
2701 4721 2766 4761 eo
2791 4719 3114 4776 congressus
3143 4713 3195 4757 et
3237 4701 3409 4756 forma
3467 4700 3611 4769 quali

2038 4813 2184 4857 esset
2214 4801 2530 4855 ostendens.
2555 4799 2701 4866 Quin
2729 4799 2893 4853 etiam
2949 4798 3064 4866 ipse
3124 4796 3299 4865 pictor
3326 4794 3479 4848 visus
3532 4802 3617 4847 est

2042 4910 2229 4947 rursus
2251 4907 2420 4948 sanus
2446 4901 2504 4946 et
2533 4891 2736 4954 salvus,
2767 4897 2819 4943 et
2871 4889 3094 4942 omnino
3134 4886 3396 4940 liberatus
3430 4900 3459 4938 a
3489 4898 3614 4937 ver-

2043 4986 2242 5048 mibus,
2272 4993 2327 5038 et
2357 4999 2547 5039 rursus
2576 4991 2751 5036 artem
2809 4995 2963 5035 suam
3010 4994 3319 5050 aggressus.
3353 4977 3492 5032 Hine
3538 4973 3618 5028 la-

2045 5088 2189 5131 ctum
2231 5086 2334 5141 est,
2366 5086 2422 5131 ut
2452 5090 2575 5131 cum
2632 5075 2789 5129 talem
2838 5074 3102 5143 pingeret,
3135 5072 3351 5142 qualem
3381 5071 3614 5134 viderat,

2042 5167 2216 5239 ipsum
2252 5168 2412 5238 plane
2435 5170 2720 5222 veritatem
2754 5181 2875 5221 cum
2941 5175 3058 5241 arte
3112 5164 3363 5235 injiciens
3419 5163 3473 5216 in
3532 5161 3618 5232 pi-

2045 5263 2280 5332 cturam’,
2316 5261 2573 5330 precibus
2618 5259 2792 5329 ipsius
2841 5258 3052 5327 sancti,
3105 5259 3277 5328 gratia
3328 5266 3509 5311 autem
3565 5265 3621 5311 et

2037 5379 2295 5450 donense,
2310 5396 2451 5450 1mm
2480 5379 2604 5432 huic
2629 5378 2952 5447 subscripsit
2991 5394 3009 5428 ι
3057 5354 3283 5430 Plenius
3328 5375 3616 5445 episcopus

2038 5446 2277 5504 civitatls
2307 5444 2558 5503 Troadis.
2599 5467 2617 5499 ι

2110 5519 2187 5590 (8)
2218 5520 2442 5590 Coucilii
2472 5518 2934 5590 Chalcedonensis
2965 5517 3163 5590 actioni
3218 5515 3284 5570 l6
3315 5514 3621 5590 «Diogenes

2039 5584 2324 5660 episcopus
2358 5589 2543 5659 Cyzici
2613 5590 2928 5660 metropolis
2981 5584 3620 5660 deﬁnienssubscripsit,

2037 5654 2092 5714 et
2123 5654 2643 5730 pro-absentibus...
2679 5654 3045 5726 Pliil'ostorgio
3081 5655 3361 5730 ﬁcepsil...
3407 5673 3426 5708 ι
3457 5654 3534 5709 uti
3565 5661 3621 5708 et

2040 5726 2238 5786 actioni
2268 5730 2301 5786 6
2331 5730 2447 5796 ubi,
2487 5747 2505 5781 ι
2530 5728 2850 5801 Eustorgius
2887 5747 2906 5782 ι
2945 5726 3262 5797 appellatur.
