4126 6412
599 401 728 466 1311

1756 382 1759 387 ’
1785 391 2070 453 MENSIS
2106 386 2626 449 FEBRUARIUS.

3700 365 3856 451 1312

596 517 882 576 clementia
924 515 1134 571 Domini
1170 514 1340 569 nostri
1371 511 1496 568 Jesu
1522 508 1753 575 Christi,
1779 525 1901 562 cum
1935 523 2041 577 quo
2062 506 2164 559 Pa-

2285 500 2459 571 Ἰησοῦ
2500 494 2774 573 Χριστοῦ,
2802 496 2922 567 μεθ’
2968 487 3031 548 οὗ
3083 493 3160 564 τῷ
3194 490 3371 562 Πατρὶ
3430 488 3547 558 ἃμα
3600 484 3679 554 τῷ
3711 481 3864 577 ἀγίιρ

601 612 665 665 tri
692 610 849 666 simul
879 624 999 662 cum
1028 615 1219 661 sant-to
1252 606 1478 675 Spiritu,
1527 603 1721 672 gloria,
1771 600 2036 670 potentia,
2067 596 2184 679 Ιιοέ

484 775 487 778 γ
594 720 697 761 nor
722 714 776 761 et
805 701 1045 758 adoratio
1079 700 1133 754 in
1162 699 1358 754 saecula
1383 698 1725 754 sarculorum.
1754 695 1950 747 Amen.

954 889 1125 900 ...κ-
1169 895 1178 903 ,

601 891 654 909 ν

661 892 949 905 .——o——

2272 593 2552 664 ῘῙνεύματι
2605 589 2753 655 δόξα,
2790 588 3011 658 κράτος.
3070 587 3203 657 τιμὴ
3231 585 3326 637 καὶ
3355 574 3862 653 προσκύνησιςεὲς

2271 684 2396 747 τοὺς
2424 681 2651 744 αἰῶνας.
2698 681 2891 752 Ἀμήν.

2352 867 3851 906 Iw

952 986 1626 1170 -MAPTYPION
1697 1042 1926 1137 ΤΟΥ
2000 1038 2344 1127 ΑΓιοΥ
2413 1025 3462 1127 ΜΕΓΑΛΟΜΑΡΤΥΡΟΣ
3553 1130 3559 1135 υ

916 1649 1643 1743 MARTYRIUM
1720 1648 2136 1741 SANCTI
2218 1601 2370 1746 Εἰ*
2442 1643 2819 1780 MAGNI
2900 1569 3522 1729 MARTYBIS

1736 1865 2733 1995 TRYPHONIS.-

654 2117 853 2179 (Latine
878 2113 1005 2176 apud
1028 2109 1230 2163 Surium
1252 2111 1314 2163 ad
1337 2110 1473 2161 diem
1493 2110 1525 2159 2
1547 2109 1805 2160 Februarii
1829 2121 1842 2169 ;
1862 2108 2030 2159 Graeca
2050 2116 2182 2153 nunc
2212 2103 2426 2165 primum
2470 2109 2715 2167 prodeunt
2742 2115 2803 2152 ex
2830 2103 2971 2153 codd.
3014 2117 3131 2156 mss.
3157 2103 3316 2156 Paris.
3343 2095 3391 2153 ιι.
3418 2102 3539 2154 1178
3562 2107 3618 2155 et
3646 2103 3789 2155 two.

2085 2190 2224 2240 EDIT.
2252 2186 2430 2252 Pun.)
2491 2247 2498 2251 υ

3601 1808 3627 1837 κ

672 2502 711 2555 Ι.
746 2498 880 2555 Cum
910 2500 1165 2555 Dominus
1186 2508 1241 2554 et
1270 2500 1411 2554 Deus
1435 2507 1490 2553 et
1521 2497 1783 2553 Servator
1814 2506 1995 2552 noster
2021 2494 2168 2550 Jesut

2350 2496 2428 2555 A'.
2468 2500 2576 2554 Τοῦ
2616 2498 2824 2571 Κυρίου
2849 2500 2944 2553 καὶ
2969 2497 3106 2553 Θεοῦ
3133 2498 3229 2553 καὶ
3256 2498 3513 2570 Σωτῆρος
3543 2493 3702 2570 ἡμῶν
3752 2491 3868 2567 Ἰηο

586 2593 866 2657 'Cltristus,
901 2599 1182 2663 postquam
1205 2591 1346 2645 Deus
1377 2598 1431 2644 et
1454 2591 1615 2645 homo
1639 2590 1705 2644 ad
1732 2588 1976 2644 homines
2009 2590 2165 2643 adve-

592 2683 787 2745 nissct,
838 2691 891 2737 et
924 2682 1085 2737 tertio
1116 2682 1203 2736 die
1251 2696 1281 2736 a
1328 2681 1560 2737 mortuis
1619 2680 1968 2746 surrexisset,
2016 2688 2072 2735 et
2102 2683 2170 2736 ad

592 2772 809 2827 Patrem
846 2789 967 2827 cum
998 2773 1168 2842 gloria
1207 2781 1356 2828 esset
1407 2780 1735 2842 assumptus,
1790 2772 1842 2826 iu
1879 2771 2169 2838 discipulos

590 2860 782 2916 'eﬂ'udit
817 2861 1074 2930 Spiritum
1122 2868 1369 2916 sanctum
1404 2870 1457 2914 et
1497 2876 1593 2916 eos
1651 2860 1831 2915 divina
1866 2860 2172 2932 cognitione

598 2952 837 3022 implevit
867 2961 921 3006 et
955 2955 1177 3016 virtute,
1207 2967 1272 3006 ex
1301 2953 1416 3019 ejus
1457 2952 1785 3021 plenitudine
1812 2953 2019 3021 accepit
2048 2952 2170 3006 uni-

592 3058 750 3101 versa
793 3056 957 3110 terra,
993 3057 1048 3102 et
1103 3030 1290 3100 omnes
1321 3045 1564 3101 homines
1608 3043 1825 3099 fuerunt
1880 3043 2172 3112 participes

590 3132 722 3193 doni
752 3139 890 3207 quod
917 3152 982 3191 ex
1016 3152 1081 3192 eo
1109 3137 1396 3193 emanabat
1423 3144 1524 3192 :.et
1557 3135 1769 3199 liberati
1801 3134 2015 3203 quidem
2048 3147 2173 3188 sunt

597 3245 628 3284 a
658 3230 893 3285 tenebris
915 3230 1238 3299 ignorantia:
1268 3237 1323 3284 et
1350 3229 1526 3284 cultus
1556 3227 2000 3284 simulacrorum:
2034 3242 2172 3280 vera:

592 3330 775 3376 autem
805 3320 909 3375 luci
948 3320 1041 3375 Dei
1069 3319 1393 3390 cognitionis
1424 3333 1647 3373 evasere
1680 3317 1995 3372 familiares.
2038 3315 2169 3370 Nam

596 3427 722 3468 cum
742 3414 863 3465 'non
898 3425 1055 3465 secus
1108 3425 1173 3466 ac
1200 3410 1380 3466 divina
1407 3420 1460 3463 et
1491 3410 1609 3465 luce
1638 3408 1888 3463 micantia
1945 3407 2171 3477 fulgura,

596 3517 694 3572 per
718 3517 905 3557 omnes
935 3501 1068 3557 lines
1113 3510 1497 3571 percurrentes
1527 3507 1582 3554 et
1627 3516 1730 3554 non
1783 3515 2004 3570 parvam
2041 3499 2172 3554 ειπε-

598 3603 780 3650 rentes
806 3593 1271 3659 illuminationem,
1298 3594 1497 3661 egressi
1514 3601 1698 3647 essent
1717 3592 1962 3661 apostoli,
1988 3606 2171 3645 eorum

597 3684 688 3754 qui
718 3684 992 3747 videbant,
1016 3683 1311 3739 illustratos
1330 3683 1538 3747 oculos,
1566 3698 1635 3737 ne
1661 3690 1933 3736 momento
1959 3683 2171 3749 quidem

2274 2589 2369 2643 σοῦ
2405 2591 2643 2661 Χριστοῦ
2675 2586 2814 2660 μετά
2852 2590 2950 2662 τὴν
2994 2590 3318 2662 θεανδρικὴν
3366 2590 3532 2644 αὐτοῦ
3590 2587 3863 2658 πρδξάν-

2274 2682 2524 2754 θρώπους
2556 2686 2886 2754 ἐπιφάνειαν
2909 2685 2999 2739 καὶ
3029 2685 3128 2755 τὴν
3158 2685 3224 2739 ὲκ
3280 2675 3493 2762 νεκρῶν
3549 2682 3865 2754 τριήμερον

2273 2775 2491 2847 ἔγερσιν
2521 2777 2773 2847 καὶπρὸς
2809 2778 2901 2832 τὸν
2953 2777 3174 2847 Πατέρα
3212 2774 3349 2847 μετά
3369 2775 3531 2847 δόξης
3560 2773 3857 2844 ἀνάληψιν,

2273 2866 2366 2919 ἐπὶ
2424 2866 2551 2930 τοὺς
2602 2867 2856 2939 μαθητὰς
2890 2869 2985 2922 καὶ
3036 2868 3369 2932 ἀποστόλους
3424 2868 3485 2921 τὸ
3535 2865 3765 2936 Πνεῦμα
3795 2866 3862 2919 τὸ

2275 2958 2432 3032 ἅγιον
2461 2958 2801 3032 ὲκχεαμένου
2850 2959 2948 3014 καὶ
2985 2958 3241 3028 γνώσεως
3272 2957 3504 3028 πλήρεις
3540 2954 3864 3029 ἐργασαμέ-

2274 3065 2388 3113 νου,
2428 3049 2493 3102 ὲκ
2552 3049 2647 3102 τοῦ
2704 3047 3303 3121 πληρώματοςαύτῶν
3352 3049 3385 3119 ἡ
3420 3047 3686 3117 σύμπασα
3724 3062 3866 3116 μετ-

2276 3140 2436 3194 έλαϐε
2465 3141 2537 3212 γῆ
2572 3141 2669 3195 καὶ
2697 3142 2898 3204 πάντες
2927 3140 3206 3210 ἄνθρωποι
3232 3124 3333 3211 τῆς
3366 3138 3426 3205 ἐξ
3453 3139 3634 3193 αὐτῶν
3664 3154 3862 3208 πηγα-

2275 3232 2474 3304 ζούσης
2523 3233 2846 3303 μετέχοντες
2909 3232 3160 3303 δωρεὰν,
3209 3232 3328 3285 τοῦ
3361 3233 3554 3284 σκότου
3603 3232 3703 3300 μὲν
3756 3234 3865 3301 τῆς

2274 3321 2497 3388 ἀγνοίας
2526 3320 2957 3391 ἀπηλλάττοντο,
3000 3319 3079 3391 τῷ
3129 3318 3371 3390 ἀληθινῷ
3400 3320 3458 3372 δὲ
3487 3320 3589 3388 τῆς
3619 3319 3866 3387 θεογνιιι-

2270 3410 2398 3474 σίας
2436 3408 2879 3481 προσῳκειοῦντο
2902 3408 3065 3479 φωτί.
3114 3406 3385 3476 Καθάπερ
3429 3405 3539 3475 γάρ
3572 3406 3864 3475 ἀστραπαὶ

2276 3482 2418 3556 θεῖαι
2438 3502 2531 3555 καὶ
2560 3501 2843 3568 διαφανεῖς
2871 3501 2921 3553 οί
2952 3499 3242 3553 ἀπόστολοι
3283 3498 3352 3552 τά
3372 3497 3590 3566 πέρατα
3627 3497 3864 3565 διαδρα-

2277 3592 2491 3662 μόντες,
2549 3592 2646 3644 καὶ
2680 3589 2838 3654 ἄλλος
2873 3588 3002 3645 ἀλλο
3030 3589 3131 3658 τῆς
3175 3588 3497 3658 οἰκουμένης
3553 3586 3721 3656 μέρος
3748 3587 3869 3638 δια.-

2276 3681 2718 3753 κληρωσάμενοι,
2770 3681 2867 3735 καὶ⁴
2916 3681 3025 3733 πᾶν
3077 3677 3231 3742 ἔθνος
3286 3677 3383 3731 καὶ
3446 3678 3628 3731 πᾶσαν
3671 3675 3868 3746 χώραν

595 3776 857 3843 temporis
891 3790 1014 3828 mox
1043 3775 1289 3830 siverunt
1319 3775 1507 3830 sedere
1529 3775 1582 3828 in
1613 3774 1875 3829 tenebris.
1910 3771 2063 3826 Alius
2083 3779 2168 3825 aut

2276 3774 2488 3838 ἑαυτοῖς
2510 3775 2605 3828 καὶ
2661 3772 2817 3828 πόλιν
2871 3772 3308 3843 διανειμάμενοι,
3349 3768 3441 3823 τὸν
3468 3768 3568 3838 τῆς
3597 3766 3867 3837 ἀληθείας

597 3865 756 3921 aliam
814 3867 963 3923 orbis
1000 3874 1206 3936 partem
1236 3867 1439 3930 sortiti,
1502 3880 1624 3919 cum
1680 3878 1897 3918 onmem
1933 3872 2168 3932 gentem,

2277 3866 2555 3937 σπινθῆρα
2607 3865 2817 3929 τούτοις
2879 3864 3158 3929 ἐνέϐαλον,
3208 3862 3269 3926 ὃς
3299 3862 3421 3916 κατ’
3450 3860 3633 3928 ὀλίγον
3659 3861 3722 3912 ὲν
3748 3862 3868 3922 τοῖς

597 3955 870 4024 regionem
904 3965 959 4011 et
980 3956 1254 4011 civitatem
1286 3955 1387 4010 sibi
1414 3954 1837 4017 distribuissent,
1866 3952 1946 4007 eis
1976 3952 2168 4022 injece-

2274 3957 2601 4028 ἐπιτηδείοις
2642 3955 3095 4027 διαναπτόμενος,
3123 3956 3204 4019 είς
3248 3952 3525 4023 περιφανῆ
3554 3950 3648 4005 καὶ
3670 3951 3866 4022 ἀέριον

591 4053 723 4101 runt
750 4060 931 4101 veram
988 4046 1275 4102 scintillam
1317 4047 1561 4102 veritatis
1590 4064 1605 4100 :
1642 4060 1764 4114 quae
1791 4043 2049 4113 paulatim
2081 4056 2168 4111 per

2275 4043 2455 4115 ἀπέϐη
2483 4046 2710 4117 πυρσόν.

588 4151 691 4210 eos
715 4136 809 4207 qui
838 4140 947 4207 apti
988 4147 1144 4193 erant
1191 4152 1437 4204 accensa,
1476 4138 1530 4193 in
1570 4137 1771 4193 claram
1801 4146 1856 4192 et
1888 4134 2171 4193 sublimem

587 4227 771 4281 evasit
794 4227 987 4283 facem.

669 4319 731 4374 ll.
762 4319 873 4375 Hoc
902 4318 1226 4390 principium
1259 4332 1381 4373 cum
1427 4318 1728 4390 accepisset
1756 4318 1912 4381 ﬁdes,
1950 4319 2016 4373 ad
2049 4326 2172 4372 tano

596 4420 709 4467 tum
738 4409 1004 4480 processit
1034 4409 1397 4478 splendorem,
1432 4418 1510 4477 ut,
1536 4409 1866 4480 consumptis
1894 4408 2173 4479 profundis

588 4504 833 4558 tenebris
864 4502 1199 4571 ignorantiae,
1234 4501 1289 4557 in
1329 4502 1523 4556 divinae
1566 4502 1702 4556 lucis
1741 4510 1942 4556 statum
1988 4504 2171 4556 omnia

591 4591 1057 4649 transmutaverit.
1107 4588 1276 4658 Hujus
1319 4599 1440 4660 post
1473 4591 1745 4660 apostolos
1777 4606 1955 4646 causae
1980 4602 2036 4646 et
2077 4609 2171 4648 au-

590 4693 769 4740 ctores
792 4682 941 4738 fuere
965 4682 1129 4736 divini
1158 4690 1423 4753 martyres
1450 4700 1463 4735 :
1498 4672 1593 4751 qui
1651 4697 1774 4736 cum
1800 4681 1961 4737 veluti
1985 4672 2170 4741 semen

586 4772 729 4828 luris
757 4773 825 4826 ab
846 4772 931 4826 eis
971 4753 1565 4843 accepissent,.deinde
1618 4780 1875 4842 tanquam
1918 4773 2171 4831 violentis

592 4864 766 4918 ventis
820 4864 998 4916 traditi
1057 4854 1443 4927 tentatorib'us,
1478 4861 1530 4915 id
1584 4878 1689 4917 non
1723 4863 1895 4918 solum
1934 4880 2039 4939 non
2070 4881 2168 4920 ea-

584 4954 895 5010 stinxerunt
915 4954 1081 5009 illatis
1108 4953 1351 5023 injuriis,
1382 4954 1475 5008 sed
1503 4954 1664 5008 etiam
1699 4956 1864 5011 variis
1885 4959 2169 5012 tormentis

590 5044 763 5111 etl'ecti
794 5047 1075 5111 clariores,
1096 5045 1196 5115 ipsi
1227 5046 1442 5125 quidem
1470 5055 1727 5117 tanquam
1763 5048 1936 5104 lucida
1960 5050 2160 5115 sidera,

2342 4315 2421 4374 B'.
2455 4317 2640 4383 Οὕτως
2672 4318 2705 4389 ἡ
2742 4318 2928 4383 πίστις
2963 4318 3066 4390 τὴν
3120 4317 3300 4390 ἀρχὴν
3340 4315 3608 4383 λαϐοῦσα,
3660 4313 3745 4380 εἰς
3763 4333 3869 4387 τηε

2271 4410 2535 4482 λικαύτην
2569 4408 2810 4482 προῆλθε
2835 4410 3110 4482 περιφανῆ
3155 4409 3412 4480 δύναμιν.
3465 4406 3687 4479 Ταύτης
3722 4408 3873 4478 μετά

2269 4504 2397 4568 τοὺς
2421 4503 2756 4569 ἀποστόλους
2788 4504 2836 4558 oi
2870 4503 3004 4557 θεῖοι
3028 4503 3307 4576 μάρτυρες
3336 4503 3503 4557 αἴτιοι
3542 4502 3643 4571 τῆς
3671 4502 3873 4554 θεοσε-

2270 4595 2429 4663 6είας,
2456 4584 2785 4667 πὲᾧήνᾶσιν,
2808 4595 2857 4649 οἳ
2892 4594 3152 4667 καθάπερ
3211 4594 3436 4665 σπέρμα
3467 4592 3639 4663 πυρὸς
3668 4590 3734 4658 ἐξ
3768 4592 3875 4645 αῦ-

2269 4687 2377 4741 τῶν
2437 4686 2713 4754 λαϐόντες,
2760 4686 2956 4740 ἔπειτα
2988 4688 3128 4749 ,τοῖς
3169 4685 3458 4755 πειραταῖς
3509 4684 3585 4746 ὼς
3633 4682 3873 4751 ἀνέμοις

2269 4774 2579 4837 ἐκδοθέντας
2603 4775 2821 4844 βιαίοις,
2847 4775 2906 4827 ού
2945 4774 3109 4845 μόνον
3137 4776 3261 4838 ταῖς
3300 4772 3592 4841 ἐπηρείαις
3625 4770 3872 4824 ἀπεσϐέ-

2270 4869 2495 4939 σθησαν,
2547 4866 2685 4920 ἀλλὰ
2730 4867 2826 4920 καὶ
2878 4865 3282 4937 λαμπρότεροι,
3335 4863 3538 4935 μᾶλλον
3566 4861 3635 4915 δι’
3675 4864 3864 4915 αὐτῶν

2268 4957 2690 5027 ἀπεδείχθησαν,
2740 4956 3028 5018 θάλλοντες
3062 4955 3139 5017 ὡς
3193 4953 3430 5025 ἄμπελοι
3478 4954 3599 5015 ταῖς
3662 4953 3868 5022 τομαῖς

2268 5049 2366 5102 καὶ
2393 5050 2519 5111 τοὺς
2553 5047 2748 5111 ἄλλους
2785 5047 2977 5110 πόνους
3018 5046 3364 5116 εὐφροσύνης
3394 5042 3654 5113 ἀφορμὰς
3678 5043 3876 5095 ποιού-

566 5138 658 5193 νὸε
685 5150 883 5194 caetero
919 5147 1047 5194 sunt
1102 5137 1347 5193 collocati
1383 5138 1438 5193 in
1468 5140 1590 5199 caeli
1625 5140 1987 5205 ﬁrmamento,
2020 5141 2165 5209 quod

2272 5156 2444 5210 μενοι,
2471 5138 2613 5193 ὥστε
2669 5140 2866 5201 πόνους
2896 5128 3129 5202 ἐκείνοις
3165 5134 3395 5191 εἶναιτὸ
3429 5135 3505 5206 μὴ
3540 5135 3731 5188 πονεῖν
3768 5134 3875 5187 καὶ

586 5231 887 5302 percipitur
918 5223 1289 5302 intelligentia.
1326 5231 1479 5288 lllinc
1507 5243 1689 5287 autem
1724 5234 2028 5289 clarissime
2074 5249 2161 5288 re-

592 5324 880 5394 fulgentes,
929 5331 1085 5378 term
1135 5325 1399 5379 universae
1450 5324 1624 5381 lucem
1669 5325 1929 5395 praebent.
1965 5325 2042 5378 Ex
2080 5326 2162 5380 his

590 5429 728 5468 unus
757 5423 837 5468 εει
881 5414 1044 5467 ctiam
1075 5413 1265 5470 beatus
1308 5413 1584 5485 Tryphon,
1614 5414 1705 5484 qui
1739 5431 1768 5467 ιι
1801 5415 1998 5468 divinis
2031 5425 2082 5468 et
2111 5416 2162 5467 in

587 5519 725 5573 quas
775 5521 879 5558 non
916 5505 1362 5572 cadit'interitus,
1408 5505 1619 5561 deliciis
1668 5520 1868 5560 nomen
1917 5506 2162 5570 sortitus,

582 5594 902 5663 frugiferum
930 5611 1150 5666 germen
1198 5598 1480 5653 Ecclesiae.
1542 5597 1647 5663 Qui
1698 5610 1730 5650 e
1767 5597 2000 5667 Phrygia
2050 5598 2173 5665 qui-

588 5686 705 5739 dem
760 5686 993 5753 primum
1054 5687 1155 5742 fuit
1217 5688 1436 5751 editus,
1497 5688 1612 5741 vico
1667 5701 1793 5742 vero
1832 5685 2159 5755 Campsade,

588 5773 681 5840 Qui
728 5784 813 5831 est
838 5777 1042 5831 vicinus
1092 5779 1296 5835 civitati
1349 5782 1620 5849 Apamea.
1658 5777 1696 5830 Λ
1727 5778 1827 5847 piis
1858 5790 2035 5834 autem
2069 5792 2165 5845 pa-

2267 5231 2501 5300 πάσχειν
2561 5230 2773 5296 κακῶς,
2828 5230 2992 5299 ἡνίκα
3024 5230 3098 5301 μὴ
3148 5230 3237 5283 διὰ
3293 5225 3532 5300 Χριστὸν
3581 5226 3870 5295 πάσχωσι.

2270 5321 2486 5375 Τούτων
2546 5318 2629 5387 εἷς
2677 5325 2770 5375 καὶ
2796 5324 2825 5376 ὁ
2867 5322 3141 5394 μακάριος
3171 5319 3502 5391 γνωρίζεται
3543 5316 3806 5388 Τρύφων,
3839 5319 3874 5370 ὁ

2268 5417 2368 5485 τῆς
2399 5414 2678 5484 ἀκηράτου
2713 5414 2864 5478 θείας
2894 5414 3109 5492 τρυφῆς
3143 5412 3458 5482 ἐπώνυμος,
3493 5411 3554 5464 τὸ
3581 5412 3877 5480 μακάριον

2275 5506 2446 5569 ὅντως
2485 5506 2586 5576 τῆς
2636 5506 2963 5579 Ἐκκλησίας
2995 5508 3184 5577 φυτὸν,
3215 5506 3244 5559 ὃ
3274 5506 3380 5575 γῆς
3404 5504 3505 5576 μὲν
3538 5505 3599 5557 τὸ
3634 5503 3876 5572 πρῶτον

2282 5597 2506 5668 ἀνεδόθη
2544 5597 2797 5668 Φρυγῶν,
2856 5595 3051 5667 κώμης
3098 5596 3156 5649 δὲ
3206 5595 3537 5665 Καμψάδου,
3580 5590 3881 5661 Ἀπαμείᾳ

2268 5691 2337 5759 ’τῇ
2371 5689 2523 5742 πόλει
2576 5688 2948 5758 γειτονούσης.
3010 5688 3265 5742 Εὐσεϐὦν
3294 5687 3352 5740 δὲ
3394 5685 3600 5753 γονέων
3632 5683 3691 5736 εὖ
3707 5682 3877 5734 356i-

2278 5797 2469 5850 στερον
2494 5780 2684 5834 τέκνον
2709 5782 2901 5851 ὲκφὺς,
2932 5780 3103 5845 οὕτως
3131 5782 3194 5834 ὲκ
3229 5777 3453 5850 πρώτης
3485 5774 3699 5846 ἡλικίας
3720 5772 3875 5840 ἀξιό-
