4126 6450
284 284 421 356 1313

1507 287 1685 350 VITA
1708 274 1785 346 'S.
1828 285 2297 368 TRYPHONIS.

3393 292 3533 358 i314

280 404 401 467 θεος
425 398 514 474 ἦν,
546 404 627 483 ῶς
667 403 933 483 πλουσίας
970 396 1511 477 παραυτίκατυχεῖν
1556 402 1658 471 τῆς
1704 402 1858 470 ἐνερο

1969 397 2216 453 rentibus
2246 406 2399 454 ortus
2428 398 2602 471 magis
2638 399 2758 470 pius
2808 401 2969 470 filius,
3015 404 3084 460 ab
3117 405 3338 462 ineunte
3374 409 3537 465 :eta‘te

278 495 430 564 γείας
455 494 548 548 τοῦ
578 494 909 565 πνεύματος.
943 495 1055 549 Καὶ
1077 495 1166 549 διὰ
1191 492 1356 548 τοῦτο
1389 492 1636 548 ποικίλαι
1667 508 1728 545 τε
1761 491 1851 545 νό-

237 647 240 650 ,
279 603 360 639 σοι
388 585 658 655 σωμάτων
692 585 786 639 καὶ
805 585 1075 655 δαιμόνων
1109 584 1258 640 ἅπαν
1312 585 1373 638 τὸ
1402 584 1569 654 φῦλον
1625 582 1850 657 ὀνόματι

280 676 438 745 μόνον
463 674 760 747 Τρύφωνος
792 674 1180 745 ἑδραπέτευον,
1215 674 1358 728 οὓτω
1382 672 1666 742 πάγκαλος
1700 670 1849 743 αὐτῷ
1880 670 1883 673 ’

275 769 307 838 ἠ
339 767 548 836 νεότης,
577 768 640 820 οὐ
668 767 808 838 πρὸς
835 768 1055 838 ἥλικας,
1084 767 1145 821 οὐ
1175 748 1543 837 πρδςνάνδρας
1574 758 1850 835 μαχίμους

275 851 724 923 διαγωνιζομένη,
780 855 916 909 ἀλλά
963 855 1099 927 πρὸς
1131 855 1394 926 δαίμονάς
1434 871 1495 908 τε
1534 855 1628 908 καὶ
1661 854 1851 918 νόσους

277 940 661 1011 ἀνδριζομένη.
697 942 858 998 Ἀλλά
882 946 1011 1014 περὶ
1044 944 1263 1000 πάντων
1294 944 1394 1014 μὲν
1432 943 1601 997 αὐτοῦ
1639 944 1851 1014 θαυμά-

276 1045 383 1082 των
419 1028 547 1101 ἄρτι
576 1031 871 1097 διαλαϐεῖν,
906 1033 968 1086 οὑ
994 1033 1089 1087 τοῦ
1117 1034 1390 1104 παρόντος
1434 1033 1654 1105 καιροῦ.
1700 1033 1850 1099 Ἐνὸς

277 1119 332 1175 δὲ
362 1122 527 1192 μόνου
559 1123 821 1194 μνησθεὶς
857 1127 953 1179 καὶ
975 1125 1155 1193 δείξας
1190 1125 1380 1199 ὥσπερ
1415 1123 1477 1193 ἐξ
1511 1125 1695 1197 ὀλίγου
1725 1125 1853 1195 γεύ-

281 1228 447 1282 ματος
481 1214 543 1266 τὸ
588 1214 718 1281 πάν,
742 1216 836 1270 ἐπὶ
861 1216 960 1290 τὴν
991 1216 1303 1290 μαρτυρίαν
1339 1217 1551 1277 ἐκείνου
1575 1217 1852 1289 τρέψομαι

276 1303 372 1372 τὴν
394 1303 672 1375 διήγησιν.

1956 490 2109 545 visus
2137 499 2222 545 est
2251 489 2364 544 Deo
2380 490 2527 555 adeo
2555 505 2678 547 esse
2707 503 2914 564 gratus,
2944 504 3000 549 ut
3023 494 3294 565 judicatus
3318 500 3389 555 sit
3421 502 3535 555 ido-

1957 594 2091 634 neus
2126 580 2189 634 ad
2211 581 2670 643 administrandas
2695 589 3040 652 operationes
3058 585 3313 656 Spiritus.
3333 588 3537 656 Quam-

1956 673 2139 727 obrem
2168 673 2305 727 varii
2338 673 2556 743 quidem
2593 676 2766 731 morbi
2800 676 3074 745 fugiebant
3112 694 3143 734 ο
3176 681 3532 748 corporibus:

1956 764 2346 820 daemoniorum
2381 779 2506 819 vero
2542 766 2796 820 universa
2829 768 3139 825 hominibus
3186 770 3383 832 infesta
3436 788 3535 830 na-

1961 862 2101 918 tura,
2134 854 2251 908 solo
2303 854 2519 909 nomine
2549 852 2860 926 Tryphonis
2891 855 3179 927 ﬂagellata,
3227 862 3310 915 vel
3352 863 3534 931 potius

1956 955 2075 1000 usta
2105 947 2302 1001 virtute
2334 946 2469 1014 ejus,
2496 947 2587 1017 qui
2628 948 2682 1002 in
2701 962 2767 1003 eo
2795 958 2933 1014 erat,
2962 950 3209 1018 Spiritus,
3241 951 3537 1023 fugabatur

1956 1037 2171 1108 quidem
2202 1037 2270 1092 ab
2296 1036 2629 1105 hominibus,
2680 1040 2998 1111 abigebatur
3039 1051 3219 1096 autem
3255 1045 3311 1098 in
3345 1045 3534 1100 intima

1956 1128 2155 1183 deserti
2187 1129 2508 1198 penetralia.
2564 1131 2741 1202 Atque
2766 1126 2950 1187 omnis
2979 1133 3196 1202 quidem
3247 1150 3535 1192 recensere

1958 1220 2242 1288 miracula,
2298 1237 2416 1290 quae
2443 1225 2510 1276 ab
2537 1238 2601 1277 eo
2637 1224 2776 1301 facta
2826 1234 2975 1287 sunt,
3010 1241 3116 1279 non
3146 1236 3228 1280 est
3256 1227 3539 1296 praesentis

1960 1314 2238 1383 temporis.
2265 1311 2400 1368 Cum
2425 1315 2584 1369 unius
2606 1324 2785 1369 autem
2812 1316 2861 1369 iu
2881 1319 3165 1384 praesentia
3184 1317 3364 1373 fecero
3383 1334 3537 1373 men-

278 1397 497 1463 tionem,
536 1415 634 1468 per
656 1403 822 1480 .quod-
842 1405 1063 1473 gratiae,-
1104 1420 1225 1477 quae
1254 1406 1308 1461 in
1365 1420 1431 1462 eo
1484 1415 1635 1471 erat,
1681 1406 1859 1465 virtus
1897 1409 2071 1480 possit
2099 1423 2224 1466 esse
2252 1410 2494 1479 evidens,
2529 1411 2595 1466 ad
2626 1413 2944 1483 martyrium
3011 1415 3258 1484 praeclari
3323 1413 3538 1470 athletae

285 1509 370 1549 me
403 1496 699 1553 conferam.

346 1585 419 1643 Ρ.
450 1588 673 1659 Χρόνων
723 1576 1057 1663 ἐνενήκοντα
1105 1595 1203 1649 καὶ
1257 1596 1546 1652 διακοσίων
1578 1603 1720 1670 μετά
1757 1598 1855 1670 τὴν

278 1675 587 1744 Αὐγούστου
628 1680 731 1749 ἤδη
760 1683 1199 1753 παρῳχηκότων,
1226 1686 1517 1756 Γορδιανὸς
1548 1690 1658 1743 τῶν
1715 1690 1851 1762 σκή-

277 1783 461 1839 πτρων
500 1768 954 1851 ἐπιλαμϐάνεται,
1016 1774 1155 1844 ἀνὴρ
1205 1776 1408 1848 Ἕλλην
1442 1778 1541 1848 μὲν
1591 1783 1692 1849 τὴν
1723 1780 1852 1851 θρη-

1961 1779 2233 1849 t‘eiigione,
2258 1777 2351 1833 sed
2370 1776 2695 1832 Christianis
2719 1792 2825 1830 non
2854 1765 2989 1831 adeo
3016 1778 3216 1846 gravis.
3244 1776 3360 1832 Non
3391 1778 3535 1832 enim
3641 1771 3647 1778 ’

279 1860 487 1925 σκείαν,
533 1862 595 1914 οὐ
652 1862 825 1934 βαρὺς
868 1864 927 1918 δὲ
956 1866 1216 1930 τοσοῦτον
1242 1870 1353 1932 τοῖς
1374 1871 1740 1941 Χριπιανοίς.
1774 1872 1850 1926 Οὐ

276 1947 384 2020 γὰρ
438 1952 578 2004 κατά
632 1953 762 2016 τοὺς
807 1954 1004 2018 ἄλλους
1038 1957 1132 2009 καὶ
1163 1949 1318 2022 οὗτος
1348 1960 1605 2031 ’διωγμὸν
1637 1962 1849 2033 ὑπῆρχε

278 2042 609 2112 κεκινηκώς.
642 2045 831 2116 Τούτῳ
860 2045 1073 2115 γίνεται
1103 2046 1350 2121 Θυγάτηρ
1383 2052 1696 2127 μονογενὴς,
1731 2053 1851 2127 ὥρᾳ

280 2131 379 2200 μὲν
409 2131 663 2199 σώματος
692 2138 787 2189 καὶ¹
809 2139 998 2193 κάλλει
1020 2140 1347 2213 διαπρεπὴς,
1373 2124 1571 2215 εὐφυίίᾳ
1593 2142 1649 2198 δὲ
1675 2124 1850 2216 ψυχῆς

274 2224 369 2277 καὶ
397 2226 611 2279 συνέσει
665 2229 850 2301 πολλῷ
880 2232 1083 2301 μᾶλλον
1125 2234 1485 2305 περικαλλὴς,
1514 2235 1543 2289 ὃ
1573 2235 1668 2291 καὶ⁵
1715 2238 1850 2307 πρὸς

275 2316 620 2386 γραμμάτων
660 2320 855 2390 πεῖραν
884 2322 982 2375 καὶ
1011 2323 1262 2388 παιδείας
1295 2325 1491 2393 κτῆσιν
1521 2328 1691 2398 αὐτὴν
1718 2328 1853 2397 ἠγα-

276 2421 371 2472 γεν
403 2407 616 2477 ἀμέλει.
648 2409 758 2462 Καὶ
791 2411 961 2476 πολὺς
987 2413 1085 2482 μὲν
1124 2415 1265 2487 ὑπὲρ
1294 2416 1464 2487 αὐτῆς
1488 2418 1600 2481 τοῖς
1631 2417 1852 2486 γονεῦσι

275 2495 452 2565 λόγος,
489 2500 693 2569 μηδένα
729 2502 921 2573 μῶμον
951 2504 1304 2576 ἐπιτριϐῆναι
1332 2506 1534 2576 ταύτης
1551 2509 1610 2560 ἐν
1648 2509 1853 2577 παρθε-

275 2588 365 2659 νίᾳ
383 2604 397 2620 ’
422 2591 591 2654 πολὺς
611 2592 669 2645 δὲ
695 2595 808 2658 τοῖς
833 2591 1071 2665 πρώτοις
1094 2598 1195 2667 τῆς
1224 2597 1434 2662 πόλεως
1459 2601 1486 2651 ὁ
1507 2598 1689 2669 ζῆλος,
1713 2599 1855 2654 ὥστε

276 2681 370 2734 τοῦ
423 2682 603 2754 γάμου
666 2686 873 2756 ταύτης
934 2682 1356 2758 ὲπιτυχείν’καὶ
1395 2690 1484 2751 διὰ
1512 2691 1674 2744 τοῦτο
1713 2693 1857 2747 κατὰ

275 2775 502 2847 κλεῖθρα
524 2796 584 2831 τε
607 2779 780 2850 αὐτὴν
805 2775 950 2852 εἶχον
967 2783 1063 2834 καὶ
1085 2784 1143 2834 ὲν
1164 2782 1313 2854 οἰκίᾳ
1339 2784 1399 2836 τὸ
1431 2784 1651 2837 σύνολον
1680 2766 1857 2853 ἀσφα-

273 2865 404 2930 λεῖς.
455 2869 540 2931 Ὡς
571 2870 638 2923 ἂν
663 2870 717 2925 δὲ
750 2873 844 2925 καὶ
900 2874 966 2943 τῇ
1014 2873 1168 2926 πόλει
1216 2872 1509 2943 Ῥωμαίων
1562 2878 1589 2928 ὁ
1621 2876 1858 2950 Τρύίων

274 2958 604 3046 διαγνωσθῇ,
639 2964 841 3032 μᾶλλον
864 2964 920 3017 δὲ
956 2964 1044 3020 ἵνα
1075 2967 1171 3018 καὶ
1205 2966 1440 3036 Χριστὸς
1496 2968 1554 3018 ὲν
1590 2968 1742 3039 αὐτῷ
1771 2968 1859 3021 δο-

275 3050 468 3124 ξασθῇ,
490 3054 766 3124 δαιμόνιόν
792 3073 845 3111 τι
870 3062 1107 3131 πονηρὸν
1129 3058 1392 3127 ἐξαπίνης
1414 3060 1479 3130 τῇ
1514 3060 1653 3131 κόρῃ
1683 3060 1857 3133 ταύτῃ

271 3145 638 3216 ἐπιπηδῆσαν,
670 3147 723 3200 τί
752 3148 827 3219 μὴ
861 3150 1036 3203 ἐποίει
1075 3148 1185 3203 τῶν
1215 3148 1507 3219 χαλεπῶνς
1552 3149 1711 3222 ἐπῄει
1744 3151 1854 3220 γὰρ

274 3234 528 3300 ἀναιδῶς,
562 3237 873 3313 ἐσπάραττε
904 3238 1159 3307 ἀφειδῶς,
1193 3241 1328 3310 πυρὶ
1357 3240 1451 3293 καὶ
1474 3239 1661 3294 ὕδασιν
1689 3243 1856 3315 ἐπερ-

275 3324 461 3393 ρίπτει
487 3328 582 3378 καὶ
621 3328 756 3380 πᾶσι
784 3329 1010 3403 τρόποις
1051 3330 1221 3401 αὐτῆς
1258 3320 1579 3400 ὲνεμαίνετο
1610 3334 1677 3403 τῇ
1704 3332 1816 3404 ζωῇ
1840 3353 1855 3368 °

274 3418 393 3470 ἀλλ’
437 3418 609 3482 οὕτως
656 3422 827 3490 αὐτῆς
883 3422 982 3491 μὲν
1018 3423 1047 3475 ό
1075 3422 1310 3493 δαίμων.
1364 3422 1531 3477 Οὐδὲν
1582 3425 1641 3479 δὲ
1692 3420 1857 3497 ἧττον

275 3510 415 3581 αὑτὴ
438 3511 548 3575 τῶν
567 3512 767 3579 γονέων
793 3513 1070 3569 ἐδείκνυτο
1096 3517 1317 3585 μάστιξ,
1341 3516 1410 3569 τά
1436 3516 1615 3570 αὐτῶν
1647 3517 1857 3587 σπλάγ-

276 3613 380 3667 χνα
411 3600 802 3669 σπαράττουσα
855 3604 950 3655 καὶ
1003 3603 1093 3656 τὸν
1151 3606 1286 3657 πᾶσι
1346 3607 1578 3675 μισητὸν
1625 3606 1857 3660 θάνατον

276 3692 472 3770 εὐκτὸν
525 3694 709 3755 αὐτοῖς
758 3693 965 3764 χρῆμα..
1004 3695 1266 3748 ποιοῦσα’
1296 3693 1365 3766 ἦν
1442 3697 1552 3769 γὰρ
1600 3697 1662 3749 τὸ
1691 3699 1862 3762 πάθος

279 3784 420 3852 μετὰ
456 3782 556 3852 τῆς
593 3784 857 3854 αἰσχύνης
884 3784 979 3836 καὶ
1012 3784 1149 3854 πρὸς
1185 3785 1487 3854 θεραπείαν
1514 3786 1859 3839 ἀνέλπιστον⁵
1902 3810 1905 3811 ν

276 3871 391 3925 Καὶ
436 3874 545 3944 γὰρ
593 3873 771 3944 ἰατροὶ
804 3875 904 3943 μὲν
933 3875 1174 3937 ἅπαντες
1206 3877 1576 3945 ἀπηγόρευον,
1612 3877 1765 3945 σοφοὶ
1805 3878 1860 3929 δὲ

278 3963 815 4043 ἠπόρουν-’ἐπίνοια
863 3967 920 4019 δὲ
971 3966 1198 4036 οὐδεμία
1237 3969 1373 4037 πρὸς
1417 3967 1673 4021 τοσοῦτον
1699 3969 1861 4038 ἐξαρ-

279 4051 451 4105 κοῦσα
481 4053 653 4107 κακὸν
676 4050 764 4127 ἦν,
794 4056 897 4121 ἓως
926 4057 1058 4110 αὐτὸ
1086 4056 1148 4109 τὺ
1172 4058 1410 4128 πονηρὸν
1429 4058 1647 4127 πνεῦμα
1672 4060 1859 4127 κρείτ-

276 4158 395 4197 τονι
412 4144 641 4215 δυνάμει
666 4145 866 4218 δηλαδὴ
895 4146 1339 4219 συνωθούμενον·
1371 4148 1503 4203 ἐϐόα
1525 4149 1582 4202 δὲ
1621 4149 1858 4219 ἰσχυρῶς

274 4239 375 4290 καὶ
421 4238 513 4291 τὸν
576 4241 777 4293 οἰκεῖον
816 4241 1088 4311 ὡμολόγει
1153 4241 1394 4313 διώκτην
1421 4259 1437 4276 ·
1490 4241 1727 4310 διώκτην
1759 4243 1859 4311 μὲν

2033 1594 2120 1652 lli.
2159 1595 2316 1649 Anno
2348 1592 2475 1656 225,
2511 1603 2630 1663 post
2666 1593 2893 1664 Augusti
2942 1602 3189 1660 mortem,
3229 1594 3533 1651 Gordianus

1959 1687 2153 1756 accipit
2182 1678 2391 1755 Sceptra
2426 1685 2651 1741 Romani
2681 1685 2916 1755 imperii,
2956 1686 3039 1739 vir
3067 1684 3283 1754 quidem
3320 1686 3538 1756 gentilis

1955 1869 2026 1936 is,
2057 1871 2198 1925 sicut
2220 1867 2432 1938 reliqui,
2453 1867 2621 1922 movit
2644 1868 3083 1937 persecutionem
3111 1869 3371 1925 adversus
3387 1868 3539 1925 Chri-

1957 1960 2184 2015 stianos.
2244 1956 2309 2012 Ei
2342 1957 2587 2013 nascitur
2621 1958 2779 2012 unica
2830 1958 2960 2024 lilia,
3028 1960 3273 2028 corporis
3314 1961 3535 2032 quidem

1957 2052 2139 2122 specie
2167 2059 2221 2105 et
2240 2049 2638 2119 pulchritudine
2671 2049 2917 2118 insignis,
2956 2050 3168 2120 ingenio
3183 2059 3363 2105 autem
3382 2061 3435 2106 et
3459 2051 3543 2105 in~

1961 2144 2256 2213 telligentia
2295 2142 2554 2207 feminas,
2587 2157 2708 2212 quae
2741 2151 2898 2198 erant
2931 2159 3030 2199 suo
3077 2155 3341 2214 tempore,
3372 2160 3538 2215 supe-

1925 2249 2110 2302 rans,
2172 2249 2344 2303 neque
2400 2233 2492 2288 uili
2540 2233 2767 2289 cedebat
2823 2235 2875 2288 in
2914 2235 3160 2289 doctrina
3213 2236 3534 2292 litterarum.

1961 2323 2224 2391 Quocirca
2250 2339 2577 2394 magnopere
2599 2324 2998 2378 contendebant
3026 2335 3300 2393 parentes,
3327 2336 3386 2380 ut
3415 2342 3536 2382 eam

1962 2416 2224 2486 integram
2255 2425 2309 2472 et
2345 2417 2570 2472 illaesum
2610 2426 3018 2473 conservarent.
3064 2416 3277 2472 Primos
3303 2434 3429 2473 vero
3460 2421 3541 2474 ci-

1958 2509 2163 2573 vitatis,
2187 2508 2277 2577 qui
2305 2502 2424 2562 eatn
2450 2507 2785 2571 ambiebant,
2812 2522 3005 2578 magna
3028 2509 3217 2564 urebat
3237 2511 3540 2572 :rmulatio:

1959 2599 2072 2664 ipsa
2102 2609 2280 2651 autem
2300 2598 2366 2651 .in
2392 2598 2612 2652 munitis
2639 2595 2770 2674 locis
2797 2596 3003 2662 clausa,
3029 2599 3318 2669 diligenter
3342 2608 3540 2657 et‘tuto

1959 2690 2381 2744 custodiebatur.
2419 2689 2655 2744 Utvero
2706 2703 2735 2742 a
2760 2688 2983 2743 civitate
3018 2687 3383 2745 Romanorum
3413 2706 3543 2746 san-
3572 2720 3576 2724 ι

1959 2791 2077 2835 ctus
2100 2789 2518 2849 cognosceretur
2570 2778 2848 2849 Tryphon,
2879 2780 2962 2835 vel
2993 2782 3174 2849 potius
3203 2791 3261 2835 ut
3287 2780 3540 2839 Christus

1960 2872 2012 2925 in
2045 2886 2108 2923 eo
2136 2871 2470 2934 laudaretur,
2525 2861 2749 2940 repente
2794 2872 3184 2929 exsecrandum
3212 2873 3538 2928 daemonium

1960 2964 2162 3017 dictum
2213 2962 2448 3017 Cazsaris
2492 2960 2656 3015 filiam
2711 2962 2998 3029 invadens,
3046 2978 3165 3019 eam
3199 2963 3541 3030 impudenter

1960 3053 2213 3116 vexabat,
2246 3054 2461 3108 assidue
2509 3053 2870 3123 discorpebut,
2930 3053 2983 3108 in
3024 3068 3219 3122 aquam
3264 3065 3320 3108 et
3360 3055 3538 3124 ignem

1960 3147 2298 3215 projiciebat,
2327 3154 2382 3201 et
2406 3146 2552 3202 omni
2585 3147 2797 3202 ratione
2837 3146 2959 3216 ejus
2991 3149 3113 3202 vita;
3162 3148 3538 3205 insidiabatur.

1959 3238 2136 3311 Atque
2189 3239 2517 3295 dubitabant
2554 3235 2773 3308 quidem
2805 3237 2996 3294 omnes
3037 3241 3336 3309 sapientes,
3366 3241 3541 3297 iuere~

1961 3333 2197 3400 baut'que
2217 3341 2271 3388 et
2303 3332 2590 3388 manebant
2619 3331 2778 3400 plane
2804 3331 3018 3387 attoniti
3047 3332 3264 3396 medici,
3297 3333 3542 3388 videntes

1960 3422 2297 3479 affectionem
2326 3437 2446 3479 esse
2469 3422 2860 3488 miserabilem,
2898 3437 3006 3478 non
3028 3423 3266 3478 valentes
3287 3431 3466 3478 autem
3493 3425 3542 3478 ei

1961 3516 2186 3569 omnino
2216 3529 2372 3585 opem
2412 3515 2574 3569 ferre.
2613 3493 2812 3577 Animo
2848 3528 2974 3582 vero
2998 3514 3339 3572 anxiuserat
3367 3524 3540 3583 pater,

1963 3605 2228 3661 ali‘ectioni
2278 3619 2543 3673 nusquam
2582 3602 2748 3656 ullum
2803 3604 3085 3658 inveniens
3117 3604 3398 3669 auxilium,
3446 3607 3544 3657 tri-

1962 3698 2062 3751 stis
2088 3704 2228 3759 erat,
2246 3708 2387 3763 aegre
2413 3682 2646 3758 ferebat,
2680 3693 3011 3759 tabescebat,
3038 3694 3209 3749 donec
3233 3696 3346 3760 ipse
3373 3696 3543 3749 malus

1960 3787 2203 3856 Spiritus,
2254 3782 2443 3852 majori
2502 3784 2712 3839 scilicet
2766 3792 3034 3851 potestate
3092 3794 3331 3849 coactus,
3384 3800 3543 3840 suum

1962 3878 2248 3933 invocabat
2295 3877 2670 3947 expulsorem:
2714 3891 2874 3931 suum
2906 3877 3122 3945 quidem
3148 3891 3542 3947 percussorem,

1960 3969 2149 4037 puellm
2173 3978 2373 4032 autem,
2403 3983 2524 4038 qum
2551 3969 2617 4022 ab
2645 3983 2710 4023 eo
2756 3969 3074 4033 vexabatur,
3107 3969 3413 4038 appellabat
3446 3982 3542 4021 cu.

1965 4069 2223 4115 ratorem.
2254 4059 2395 4124 Nisi,
2427 4058 2620 4128 inquit,
2669 4059 2963 4114 accesserit
2994 4051 3269 4130 Tryphon,
3310 4058 3542 4131 puellam

1968 4165 2072 4205 non
2106 4152 2328 4205 cessabo
2355 4161 2599 4207 terrere:
2633 4150 2702 4204 ab
2732 4164 2795 4205 ea
2824 4150 3234 4215 non'recedam,
3262 4152 3366 4206 nisi
3393 4150 3546 4206 vide~

1969 4256 2029 4296 ro
2057 4241 2340 4294 advenisse
2364 4238 2732 4310 Tryphonem.
3151 4267 3156 4272 -

275 4334 518 4398 ἐκείνου,
580 4335 679 4403 τῆς
745 4334 836 4387 ὑπ’
867 4335 1033 4389 αὐτοῦ
1091 4336 1149 4389 δὲ
1201 4336 1642 4407 στρεϐλουμένης
1687 4335 1859 4405 κόρης
1895 4332 2260 4404 θεραπευτὴν,
2300 4332 2363 4385 Ei
2405 4332 2479 4403 μὴ
2509 4331 2743 4403 Τρύφων
2811 4329 2976 4398 ἔλθοι,
3010 4329 3166 4402 φησὶ,
3211 4329 3316 4387 οὐκ
3359 4328 3545 4402 ἀνήσω

274 4429 378 4500 τὴν
410 4418 597 4483 παῖδα’
623 4428 797 4481 σοϐῶν
819 4446 833 4460 °
868 4431 970 4483 οὐκ
1008 4432 1350 4502 ἐκστήσομαι
1407 4432 1637 4497 ταύτης,
1695 4432 1745 4483 εί
1789 4431 1863 4501 μὴ
1888 4428 2164 4500 Τρύφωνα
2195 4423 2295 4483 ὧδε
2328 4416 2621 4499 γενόμενοῦ
2654 4428 2774 4483 ῐδω.
3148 4418 3153 4423 ’
3182 4438 3194 4451 ‘

353 4521 428 4577 A'.
460 4520 670 4576 Αὐτίκα
690 4523 870 4576 τοίνυν
896 4525 1203 4593 γράμματά
1230 4541 1291 4577 τε
1325 4524 1584 4594 βασιλικά
1616 4525 1713 4578 καὶ
1753 4541 1858 4594 μη-

2036 4523 2123 4579 ιν.
2152 4522 2405 4576 Protinus
2424 4538 2553 4590 ergo
2571 4522 2740 4589 jussis
2782 4520 3106 4576 exeuntibus
3162 4519 3545 4589 imperatoriis,

277 4615 501 4686 νύματα
524 4615 677 4686 παρὰ
701 4615 882 4668 πᾶσαν
911 4613 1100 4682 ἐφοίτα
1130 4614 1227 4684 τὴν
1252 4617 1602 4685 οἰκουμένην,
1636 4616 1731 4669 καὶ⁸
1757 4617 1864 4679 πᾶς

251 4702 552 4777 ’ἠρεύνᾶτο
596 4706 781 4767 τόπος,
824 4705 917 4757 καὶ
968 4704 1057 4757 διὰ
1095 4705 1277 4773 πάσης
1327 4705 1578 4774 γλώττης
1630 4703 1865 4775 Τρύφων

280 4800 463 4870 ᾔδετο,
496 4795 730 4867 Τρύφων
761 4796 1080 4851 ἀνεκαλεῖτο
1101 4814 1113 4827 ·
1150 4796 1247 4849 καὶ
1271 4797 1473 4860 πάντες
1515 4799 1694 4866 ὃσοιγε
1726 4799 1866 4868 ὑπὲρ

277 4888 390 4959 γῆν
419 4884 583 4960 ἦσαν,
618 4888 698 4952 είς
725 4889 820 4942 δύο
848 4886 1136 4959 διῃροῦντο
1165 4886 1360 4950 ταῦτα,
1396 4887 1429 4957 ἢ
1460 4887 1735 4958 Τρύφωνά
1764 4889 1866 4958 ζη-

276 4983 399 5034 τεῖν
426 4980 459 5052 ἢ
487 4983 617 5050 περὶ
638 4979 930 5050 Τρύφωνος
952 4978 1280 5052 ἐρωτᾶσθαι.
1323 4978 1478 5031 Ἐπεὶ
1502 4979 1557 5032 δὲ
1579 4981 1673 5033 καὶ
1702 4980 1865 5050 μέχρι

277 5075 524 5145 Φρυγίας
581 5075 615 5144 ἡ
670 5074 900 5147 ζήτησις
927 5068 1017 5144 ἦν,
1055 5073 1214 5143 δῆλος
1254 5074 1282 5124 ὁ
1329 5070 1566 5144 Τρύφων
1601 5072 1703 5144 ἤδη
1733 5072 1866 5125 καθ-

282 5168 504 5221 ίσταται
533 5167 629 5237 καὶ
656 5167 793 5236 πρὸς
823 5147 890 5237 τῇ
916 5166 1218 5235 Καμψάδου
1257 5164 1418 5239 κώμη
1450 5163 1747 5233 διατρίϐων
1770 5163 1864 5216 εὑ·-

288 5262 540 5333 ρίσκεται
560 5262 743 5333 χηνῶν
782 5259 1126 5331 ἐπιμελητὴς
1177 5257 1275 5311 καὶ
1302 5257 1502 5327 νομεὺς
1532 5258 1560 5309 ὁ
1587 5253 1862 5320 τοσοῦτος.

298 5346 677 5424 Ὅμολογήσας
708 5353 763 5406 δὲ
796 5351 960 5415 αὐτὸς
998 5347 1138 5405 εἶναι
1190 5350 1446 5421 Τρύφων,
1498 5349 1659 5411 αὐτὸς
1698 5348 1726 5400 ὁ
1760 5348 1863 5417 ζη-

283 5446 576 5513 τούμενος,
606 5445 1039 5515 παραπέμψεται
1072 5444 1171 5513 μὲν
1204 5442 1403 5496 αὐτίκα
1434 5441 1533 5525 διιξ
1557 5439 1667 5493 τῶν
1697 5440 1867 5510 εὑρη-

284 5536 465 5592 κότων
496 5541 607 5600 τοῖς
640 5537 927 5609 ὑπάρχοις,
964 5534 1305 5608 ῐιομπηῖανῷ
1334 5534 1431 5588 καὶ
1463 5532 1822 5604 Προτεστάτῳ
1851 5547 1866 5563 ο

284 5628 448 5683 αὐτοὶ
474 5629 538 5682 δὲ
562 5627 751 5684 τοῦτον
779 5628 966 5692 ἵπποις
983 5631 1095 5691 τοῖς
1121 5627 1401 5696 δημοσίοις
1424 5624 1870 5689 ἐπιϐιϐάσαντες,

282 5717 373 5785 si;
436 5715 656 5793 Ῥώμην
720 5718 884 5775 αὑτὸν
916 5719 1053 5791 πρὸς
1078 5718 1170 5773 τὸν
1218 5717 1597 5789 αὐτοκράτορα
1634 5715 1868 5789 διαπέμ-

1969 4613 2259 4683 missisque
2286 4613 2658 4684 frequentibus
2692 4611 2909 4674 litteris,
2931 4612 3182 4665 uniVerso
3202 4621 3380 4665 autem
3415 4615 3547 4666 orbe

1968 4715 2126 4759 terra:
2153 4702 2265 4759 fere
2287 4719 2547 4771 percurso
2574 4705 2638 4757 ad
2656 4704 3035 4773 inquirendum
3064 4701 3414 4773 Tryphonem
3456 4723 3469 4758 :
3495 4714 3549 4763 et

1970 4797 2155 4851 multis
2177 4796 2389 4865 quidem
2432 4795 2614 4849 multis
2642 4810 2673 4849 e
2703 4794 2838 4849 locis
2867 4795 3081 4848 emissis
3115 4796 3178 4847 ad
3207 4810 3299 4849 eos
3327 4810 3552 4849 evocati-

1969 4888 2067 4943 dos
2107 4889 2197 4958 qui
2242 4888 2347 4942 hoc
2389 4887 2790 4956 appellarentur
2817 4887 3051 4951 nomine,
3087 4887 3217 4939 nihil
3253 4898 3428 4939 autem
3457 4901 3547 4938 va.

1966 4966 2466 5042 ientibus'eliicere,
2516 4976 2766 5047 pervenit
2802 4978 2967 5032 etiam
2999 4978 3065 5031 ad
3096 4988 3275 5046 partes
3302 4975 3550 5047 Phrygiae

1968 5073 2085 5126 haec
2112 5071 2411 5141 inquisitio.
2455 5069 2806 5140 Signilicatur
2834 5069 3027 5123 deinde
3058 5070 3123 5135 is,
3146 5070 3236 5138 qui
3267 5070 3548 5138 quaeritur,

1969 5177 2130 5234 agere
2152 5164 2202 5216 in
2236 5165 2353 5216 vico
2383 5161 2717 5232 Campsade:
2750 5161 3023 5214 invenitur
3053 5168 3274 5231 propter
3298 5162 3549 5231 paludem

1971 5257 2143 5320 lacus,
2179 5257 2269 5324 qui
2304 5266 2386 5310 est
2414 5257 2549 5309 situs
2578 5269 2744 5324 prope
2782 5269 2904 5309 eum
2929 5253 3132 5317 locum,
3169 5268 3421 5307 anserum
3457 5242 3570 5307 cu:

1972 5363 2086 5403 ram
2118 5362 2333 5417 gerens.
2384 5347 2679 5402 Confessus
2731 5357 2910 5402 autem
2957 5346 3023 5413 is,
3059 5346 3150 5415 qui
3180 5350 3547 5415 quaerebatur,

1974 5453 2034 5493 se
2067 5452 2187 5492 esse
2233 5435 2606 5508 Tryphonem,
2660 5437 2843 5491 statim
2895 5437 3110 5505 quidem
3162 5436 3556 5493 transmittitur

1971 5545 2068 5600 per
2088 5545 2204 5592 eos,
2230 5529 2318 5598 qui
2363 5528 2537 5596 ipsum
2574 5528 2915 5589 invenerunt,
2964 5528 3032 5582 ad
3074 5528 3354 5597 praefectos
3384 5512 3550 5578 Ρυίιι-

1971 5621 2225 5692 peianum
2254 5627 2307 5673 et
2354 5618 2734 5673 Protestatum.
2789 5615 2890 5685 Ipsi
2923 5631 3049 5669 vero
3084 5614 3204 5667 cum
3241 5628 3365 5667 eum
3395 5610 3550 5678 equis

1970 5713 2200 5783 publicis
2227 5712 2476 5781 protinus
2526 5708 2928 5781 imposuissent,
2963 5707 3190 5763 ﬂetuum
3224 5706 3549 5757 trmnsmises
