4160 6432
615 314 754 410 ιθιει

1808 317 2091 379 MENSIS
2129 320 2646 383 FEBRUARIUS.

3755 319 3892 379 ιτςιό

609 408 738 480 runt
769 423 839 480 ad
881 423 1286 494 imperatorem.
1337 422 1510 493 Atque
1557 421 1646 478 ille
1675 409 1892 493 quid'ent
1919 428 2022 480 iter
2055 408 2198 479 recta

2312 445 2528 482 πουσιν.
2576 427 2638 484 '0
2673 427 2773 499 μὲν
2795 422 2889 481 οῦν
2921 427 3049 496 ἤνυε
3085 423 3343 492 ὀξύτατα,
3387 422 3519 486 ,ἔτος
3557 423 3626 477 δέ
3663 419 3732 496 ἦν
3758 424 3908 492 αὐτῷ

609 517 886 574 confecit:
929 517 1122 587 agebat
1148 525 1328 572 autem
1367 524 1493 570 tunc
1527 515 1638 572 fere
1673 519 1850 572 aetatis
1873 533 2071 572 annum
2105 519 2199 572 de-

609 609 811 665 cim‘um
847 610 1154 679 septimum.
1197 606 1462 677 Maligntts
1509 622 1650 664 vero‘
1685 611 1910 680 spiritus
1939 626 2062 666 cum
2083 611 2201 682 ejus

609 701 871 759 sensisset
921 701 1234 764 adventum,
1267 702 1660 770 tunegraviter
1704 702 1958 768 vexabat,
2000 715 2052 758 et
2104 717 2203 774 per

608 791 839 861 puellam
885 789 1281 868 eﬂervescehat
1312 801 1402 846 :et
1423 805 1563 860 smpe
1589 791 1797 869 ejulans
1831 793 2120 858 clamabat,
2147 807 2204 848 se

609 873 716 939 non
767 897 926 954 posse
977 883 1210 951 amplius
1271 884 1387 949 ejus
1440 897 1670 953 corpore
1728 885 1800 937 uti
1847 883 2198 954 habitaculo:

607 990 776 1046 prope
809 978 953 1030 enim
991 976 1202 1037 adesse,
1239 973 1329 1044 qui
1366 976 1570 1042 potenti
1601 984 1762 1028 manu
1795 991 1916 1028 eum
1945 975 2198 1044 expellat.

607 1068 802 1124 Adhuc
834 1067 1002 1132 enim,
1035 1066 1232 1134 inquit,
1269 1075 1380 1120 tres
1437 1066 1572 1132 dies,
1603 1073 1658 1119 et
1689 1063 1902 1120 accedit
1923 1065 2202 1136 Tryphon,

609 1157 707 1226 qui
729 1157 784 1211 in
818 1173 916 1213 nos
945 1159 1156 1228 accepit
1187 1167 1534 1226 potestatem.
1565 1157 1698 1211 Cum
1728 1147 1807 1211 sic
1832 1158 2056 1212 multum
2088 1159 2203 1212 cln-

613 1258 843 1315 masset,
883 1259 938 1304 et
965 1264 1084 1304 eam
1111 1249 1514 1318 discerpsisset,
1542 1248 1692 1302 exiit.

687 1447 753 1502 ν.
789 1445 972 1502 Tertio
996 1461 1122 1501 vero
1149 1447 1238 1500 die
1286 1448 1353 1502 ab
1381 1461 1610 1503 excessu
1640 1447 1924 1516 daemonis,
1979 1449 2201 1504 numam

611 1537 828 1606 quidem
867 1538 1012 1592 venit
1064 1547 1306 1604 sanctus,
1335 1539 1623 1594 adducitur
1651 1549 1830 1596 autem
1874 1550 2094 1610 repente
2137 1543 2202 1596 ad

611 1625 1162 1692 Gordianum..Qnem
1193 1617 1318 1680 cum
1374 1627 1604 1684 libenter
1629 1629 1950 1700 excepisset,
1988 1632 2206 1700 agnovit

608 1729 732 1773 eum
759 1730 903 1782 esse,
945 1717 1036 1784 qui
1087 1717 1416 1781 Gordianam
1473 1734 1626 1775 suam
1677 1719 1856 1797 tiliam
1889 1733 2199 1788 curaverat,

2311 519 2432 572 τότε
2462 504 2560 590 τῆς
2584 517 2802 589 ἡλικίας
2832 517 3300 572 ἑπτακαιδέκατον
3322 529 3337 543 ⁸
3369 513 3432 567 τὸ
3453 513 3676 584 πνεῦμα
3718 514 3776 567 δέ
3806 517 3906 586 τῆς

2285 610 2476 687 ,αὐτοῦ
2509 611 2816 682 παρουσίας
2843 609 3188 680 αἰσθόμενον,
3227 607 3425 662 αύτότε
3469 608 3661 673 κακῶς
3695 608 3904 680 ἔπασχε

2311 706 2404 758 καὶ
2431 705 2618 768 κακῶς
2647 703 2822 758 ἐποίει
2846 703 2947 775 τὴν
2970 702 3148 774 κόρην
3175 719 3190 734 ·
3243 701 3437 756 ἔπειτα
3493 703 3590 756 καὶ
3642 702 3907 774 ὀλοφυρο-

2315 795 2460 866 μὲνῳ
2491 793 2820 864 ἐιξικειοόύκ
2845 793 2926 846 ἔτι
2953 811 3042 864 μοι
3077 793 3298 860 ἐφεῖται
3326 791 3486 860 λέγον
3516 791 3653 862 τῷδε
3680 791 3760 862 τῷ
3795 790 3901 844 σώ-

2315 905 2446 957 ματι
2479 887 2556 952 ὡς
2613 887 2762 958 οἰκίᾳ
2816 879 3082 959 χρῆσθαι,
3131 885 3247 961 ἀλλ’
3275 884 3399 938 ὅσον
3426 883 3580 937 οῦπω
3608 884 3705 937 καὶ
3756 884 3905 938 ἄκων

2311 980 2753 1050 ἀπελαθήσομαι.
2787 978 2952 1050 Τρεῖς
2985 978 3094 1050 γάρ
3118 977 3325 1049 ἡμέραι
3345 975 3408 1030 τὸ
3433 975 3574 1046 μετά
3596 975 3772 1030 ταῦτα
3809 976 3906 1030 καὶ

2312 1071 2548 1140 Τρύφων
2581 1073 2737 1141 ὁτὴν
2767 1069 2890 1124 καθ’
2917 1068 3080 1140 ἡμῶν
3103 1068 3359 1136 ἐξουσίαν
3382 1065 3690 1138 ἀνειληφὼς
3719 1085 3906 1139 παρα-

2263 1194 2270 1202 -
2311 1163 2556 1232 γίνεται·
2613 1161 2789 1226 οὕτως
2849 1161 3023 1216 πολλά
3070 1160 3315 1233 κράξαν,
3360 1159 3460 1232 τὴν
3512 1159 3684 1229 κόρην
3735 1156 3935 1230 ἐξῄει,,

2315 1255 2486 1326 μηδὲν
2510 1255 2683 1325 αὐτὴν
2715 1255 3011 1324 ὑπομεῖναι
3044 1254 3329 1328 θαρρήσας
3357 1253 3458 1328 τὴν
3485 1251 3580 1313 τοῦ
3607 1251 3906 1323 Τρύφωνος

2313 1347 2642 1416 παρουσίαν.
3767 1365 3776 1370 ·

2386 1439 2461 1492 E'.
2486 1439 2644 1492 Μετὰ
2679 1439 2870 1510 τρίτην
2894 1439 2950 1492 δὲ
2978 1439 3078 1510 τῆς
3105 1425 3426 1510 ἀπαλλαγῆς
3452 1439 3689 1510 ἡμέραν,
3731 1455 3911 1493 κατα-

2311 1531 2582 1602 λαμϐάνει
2617 1532 2715 1602 μὲν
2749 1533 2850 1604 τὴν
2885 1532 3139 1603 βασιλίδα
3168 1530 3390 1604 Ῥώμην
3429 1534 3456 1586 ὁ
3492 1531 3648 1601 ἅγιος
3671 1548 3688 1566 ο
3731 1549 3910 1603 προσ-

2312 1625 2509 1694 άγεται
2537 1623 2595 1677 δέ
2621 1624 2968 1696 παραχρῆμα
2993 1623 3294 1694 Γορδιανῷ,
3323 1623 3514 1696 χρῆμα
3546 1623 3820 1688 ποθεινὸν,
3846 1620 3910 1676 ὃν

2314 1716 2568 1787 ἀσμένως
2594 1717 2622 1768 ό
2660 1715 2916 1787 βασιλεὺς
2943 1715 3260 1786 δεξάμενος,
3295 1715 3395 1769 οὐκ
3423 1715 3716 1786 ἠγνόησεν,
3737 1715 3910 1770 αὐτὸν

608 1823 678 1865 ex
700 1809 937 1864 adventu
997 1806 1294 1876 conjiciens
1349 1809 1628 1877 praeﬁxum
1688 1813 1978 1865 terminum
2041 1813 2198 1866 trium

2311 1803 2452 1860 εἶναι
2478 1807 2576 1876 τῆς
2599 1805 2874 1878 θυγατρὸς
2901 1807 3114 1862 ἐκείνου
3142 1805 3508 1876 θεραπευτὴν,
3533 1809 3600 1877 τῇ
3626 1806 3909 1878 παρουσίᾳ

609 1900 852 1958 dierum.
877 1899 950 1958 Ut
990 1915 1076 1955 res
1108 1915 1240 1955 vero
1278 1910 1420 1955 esset
1455 1903 1657 1956 certior
1677 1913 1732 1958 et
1759 1905 2086 1970 cvidmtior,
2113 1920 2202 1960 ro-

611 1996 775 2067 gabat
805 2005 864 2050 ut
887 1994 1183 2050 daemonem
1213 1995 1388 2050 oculis
1427 1995 1718 2051 videndum
1773 1998 2117 2067 produceret,
2149 2010 2202 2055 et

508 2075 512 2080 ’
609 2103 734 2144 eum
770 2087 1152 2158 interrogaret.
1181 2085 1286 2141 Sex
1317 2086 1498 2158 itaque
1527 2089 1642 2142 dies
1661 2087 1870 2156 jejunio
1894 2101 1948 2144 et
1978 2091 2207 2148 intonsis

612 2180 681 2234 ad
716 2177 1006 2232 Dominum
1037 2186 1284 2232 nostrum
1327 2176 1512 2234 Jesum
1562 2177 1840 2234 Christum
1874 2182 1956 2235 vir
1986 2195 2209 2246 Sanctus

607 2284 810 2326 vacans
847 2269 1123 2339 precibus,
1156 2269 1508 2327 illucescente
1539 2273 1795 2342 septimo,
1824 2273 1936 2342 jam
1969 2274 2204 2340 desuper

609 2365 872 2432 majorem
905 2370 964 2429 et
981 2360 1298 2416 validiorem
1332 2363 1594 2419 adversus
1631 2365 1900 2421 daemones
1923 2371 2208 2438 consequi-

609 2461 702 2508 tur
721 2461 1061 2524 potestatem.
1085 2451 1217 2508 Nam
1242 2469 1362 2509 cum
1387 2470 1491 2510 nox
1519 2457 1735 2526 quidem
1757 2459 1943 2528 procul
1971 2459 2204 2530 abesset,

611 2545 694 2601 sol
715 2555 895 2616 autem
923 2545 1040 2600 suis
1075 2546 1237 2600 radiis
1261 2545 1314 2600 in
1347 2554 1490 2602 terra
1516 2547 1840 2614 subrideret,
1867 2551 2057 2606 aderat
2089 2554 2209 2621 qui-

611 2639 733 2693 dem
781 2639 1097 2710 imperator,
1140 2639 1366 2694 aderant
1393 2655 1583 2695 omnes
1604 2641 1866 2697 satellites
1891 2651 1944 2696 et
1970 2643 2062 2714 qui
2089 2644 2206 2716 cju‘s

609 2732 878 2802 parebant
913 2731 1162 2801 imperio,
1195 2732 1264 2786 ab
1293 2745 1359 2786 eo
1407 2739 1674 2802 petentes,
1729 2742 1783 2786 ut
1824 2733 2070 2790 viderent
2105 2737 2203 2790 ali-

611 2824 741 2896 quid
775 2821 1113 2878 admirabile.
1150 2823 1368 2878 Divinus
1401 2835 1579 2878 autem
1613 2822 1868 2895 Tryphon
1905 2807 2026 2880 cum
2061 2839 2205 2884 esset

609 2913 804 2985 plenus
831 2913 1014 2968 divino
1047 2913 1280 2983 Spiritu,
1307 2913 1359 2967 in
1408 2913 1672 2989 ipsovero
1703 2915 2036 2972 immundum
2067 2934 2204 2988 quo-

610 3005 718 3076 que
770 3006 921 3061 illum
981 3006 1234 3077 spiritum
1292 3005 1600 3061 intueretur
1639 3007 2018 3078 intelligentia,
2083 3009 2200 3064 Tibi

611 3100 756 3164 dico,
793 3099 992 3170 inquit,
1019 3099 1071 3152 in
1111 3099 1330 3153 nomine
1364 3095 1492 3152 Jesu
1519 3082 1752 3166 'Christi,
1778 3113 1979 3170 appare
2013 3100 2078 3155 iis
2108 3102 2198 3170 qui

617 3192 842 3256 adsunt,
872 3199 924 3245 et
955 3191 1037 3245 eis
1065 3182 1468 3243 ostende'tuatn
1508 3189 1900 3259 turpitudinem
1945 3202 2000 3246 et
2031 3191 2202 3246 iuthe-

615 3281 920 3336 cillitatem.
959 3279 1131 3334 Simul
1179 3288 1342 3350 atque
1393 3267 1594 3334 autem.
1631 3281 1732 3334 hoc
1773 3281 2020 3347 dixisset,
2074 3296 2202 3338 ecce

619 3383 874 3441 tanquam
899 3371 1048 3426 canis
1081 3379 1301 3441 aspectu
1333 3370 1620 3437 deformis,
1653 3372 1806 3444 niger
1833 3374 2037 3442 colore,
2071 3391 2200 3428 ocu-

612 3464 694 3518 los
730 3462 940 3518 habens
988 3449 1249 3533 tanquam
1312 3463 1490 3532 ignem
1529 3464 1864 3530 amittentes,
1924 3479 1978 3520 et
2039 3479 2198 3536 caput

611 3554 761 3609 humi
799 3554 1058 3620 deﬁxum,
1087 3569 1269 3608 coram
1294 3553 1546 3609 omnibus
1585 3556 1852 3625 apparuit.

2311 1892 2639 1968 συμϐάλλων
2697 1899 2798 1970 τὴν
2843 1898 2965 1952 ’τῶν
3009 1897 3245 1970 ’ἡμερῶν
3305 1899 3682 1970 προθεσμίαν·
3722 1899 3813 1952 ἶνα
3847 1897 3909 1951 δέ

2311 1993 2404 2044 καὶ
2435 1991 2664 2060 μείζονα
2695 1991 2770 2060 δῷ
2794 1990 2873 2061 τῷ
2903 1975 3194 2062 πράγματι
3253 1991 3460 2056 πίστιν,
3496 1991 3658 2044 αὑτὸν
3692 1991 3910 2044 ἐκεῖνον

2307 2086 2398 2138 τὸν
2427 2083 2660 2153 δαίμονα
2716 2083 2910 2137 θεατὸν
2961 2081 3220 2152 γενέσθαι
3279 2081 3554 2152 Τρύφωνα
3597 2082 3777 2152 ἠξίου,
3808 2085 3912 2136 καὶ

2309 2177 2439 2246 περὶ
2463 2169 2539 2228 ὧν
2564 2175 2938 2246 ἀνερωτηθείη
2973 2175 3046 2244 μὴ
3083 2157 3450 2251 συγκαλύψαι,
3510 2173 3626 2228 ἀλλ’
3677 2176 3762 2238 εἰς
3787 2175 3912 2244 φῶς

2308 2268 2556 2335 ἀξιαγεῦθ.
2631 2266 2721 2320 Ἐν
2777 2265 2835 2332 ἒξ
2866 2264 3161 2342 τοιγαροῦν
3215 2267 3455 2337 ἡμέραις
3513 2265 3742 2336 νηστεία
3808 2267 3912 2319 καὶ

2307 2361 2490 2430 δεήσει
2519 2361 2587 2430 τῇ
2619 2359 2758 2431 πρὸς
2791 2358 2928 2411 Θεὸν
2958 2361 2984 2412 ό
3021 2351 3260 2430 Τρύφων
3311 2358 3507 2412 ἐαυτὸν
3557 2357 3772 2421 ἐκδοὺς,
3799 2357 3907 2428 ἤδη

2307 2451 2408 2521 τῆς
2429 2451 2666 2523 ἑϐδόμης
2691 2449 3090 2522 ἐφισταμένης,
3125 2449 3380 2520 μείζονος
3413 2451 3514 2522 τῆς
3550 2450 3692 2504 κατά
3713 2449 3911 2518 δαιμότ

2307 2560 2414 2596 νων
2440 2540 2692 2606 ἐξουσίας
2716 2541 2927 2598 ἄνωθεν
2949 2541 3222 2606 ἀξιοῦται.
3264 2541 3421 2595 Ἐπεὶ
3446 2541 3556 2613 γὰρ
3583 2541 3773 2596 ἐλύετο
3806 2542 3908 2611 μὲν

2295 2636 2368 2688 οτὸ
2401 2635 2500 2706 τῆς
2552 2635 2749 2700 νυκτὸς
2807 2635 3020 2699 σκότος,
3055 2634 3207 2704 ἥλιος
3253 2633 3312 2688 δὲ
3359 2633 3538 2705 βαλὼν
3593 2636 3782 2690 ἀκτῖσι
3807 2636 3908 2708 τὴν

2305 2727 2412 2795 γῆν
2437 2725 2668 2799 φαιδρὸν
2693 2725 2930 2797 ἐμειδία,
2965 2727 3148 2796 παρῆν
3185 2723 3336 2796 μένό
3389 2725 3668 2795 βασιλεὺς,
3721 2725 3908 2798 παρῆν

2304 2816 2360 2870 δὲ
2395 2817 2490 2870 καὶ
2513 2818 2622 2870 πᾶν
2649 2815 2774 2869 ὅσον
2799 2815 3166 2888 δορυφορικὸν
3213 2817 3308 2869 καὶ
3335 2817 3606 2887 ὑπήκοον,
3632 2817 3908 2888 μετέωροι

2303 2907 2404 2971 τὰς
2425 2906 2602 2978 ψυχάς
2630 2907 2833 2970 πάντες
2857 2907 2998 2976 πρὸς
3022 2905 3122 2978 τὴν
3147 2907 3446 2978 καινότητα
3462 2907 3556 2961 τοῦ
3592 2909 3912 2978 γενησομέσ

2304 3016 2421 3052 νου.
2453 2999 2514 3053 '0
2541 2998 2640 3070 μέν
2674 2997 2818 3062 θεῖος
2851 2998 3088 3070 Τρύφων
3133 2998 3293 3070 ἁγίου
3325 2999 3651 3070 Πνεύματος
3683 3001 3910 3071 πλήρης

2303 3089 2399 3157 ὢν,
2421 3092 2547 3162 ἅμα
2572 3091 2629 3145 δὲ
2653 3090 2750 3146 καὶ
2775 3091 2837 3144 τὸ
2868 3091 3182 3163 ἀκάθαρτον
3221 3091 3440 3162 πνεῦμα
3465 3091 3713 3162 δμμασιν
3737 3093 3910 3146 ἀθεά-

2301 3201 2413 3251 τοις
2443 3178 2531 3238 οἷα
2565 3183 2985 3256 παριστάμενον
3011 3183 3163 3254 αὐτῷ
3189 3183 3466 3256 καθορῶν,
3516 3185 3912 3255 μετεστείλατο

2275 3277 2408 3349 γὰρ
2438 3277 2532 3330 καὶ
2555 3271 2760 3330 ἄκοντα
2788 3274 2974 3338 πάλιν,
3006 3273 3199 3345 ὥσπερ
3227 3275 3423 3346 ἐξωθεῖ
3467 3275 3564 3330 καὶ
3598 3277 3674 3346 μὴ
3712 3275 3912 3346 βουλό-

2303 3385 2468 3440 μενον
2490 3385 2502 3398 ·
2535 3369 2626 3421 Σοὶ
2657 3367 2825 3437 λέγω,
2857 3367 3046 3437 φησὶν,
3077 3367 3136 3420 ἐν
3165 3365 3245 3438 τῷ
3271 3367 3504 3437 ὀνόματι
3555 3369 3734 3438 Ἰησοῦ
3760 3371 3906 3441 Χριο

2303 3461 2456 3522 στοῦ,
2487 3457 2766 3534 ἐμφάνηοι
2795 3460 2908 3518 τοῖς
2931 3455 3200 3527 παροῦσιν
3236 3459 3331 3512 καὶ
3370 3457 3470 3530 τὴν
3505 3459 3913 3532 ἀσχημοσύνην

2305 3551 2408 3623 τὴν
2435 3551 2534 3622 σὴν
2555 3550 2701 3618 ἄρτι,
2717 3549 2827 3603 ικαὶ
2853 3549 2953 3620 τὴν
2975 3548 3263 3604 ἀσθένειαν
3290 3549 3461 3622 δήλην
3485 3552 3742 3621 γενέσθαι
3767 3555 3916 3622 πᾶσι

611 3646 707 3704 καὶ
757 3643 1048 3714 καταφανῆ
1097 3643 1540 3714 παρασκεύασον.
1576 3621 1746 3700 Οῦπω
1787 3646 1967 3718 πέρας
1999 3621 2200 3720 εἷχενό
2241 3621 2421 3714 λόγος,
2454 3621 2548 3696 καὶ
2575 3641 2725 3695 κύων
2747 3638 2937 3711 ’ὼρᾶτο
2998 3627 3228 3714 σφόδρα
3262 3621 3534 3714 δυσειδὴς,
3569 3642 3636 3698 τὸ
3698 3646 3912 3718 χρῶμα

614 3739 807 3814 μέλας,
833 3740 961 3804 τοὺς
989 3738 1304 3810 ὀφθαλμοὺς
1339 3737 1480 3812 ἔχων
1518 3739 1596 3805 ὡς
1635 3741 1747 3810 πῦρ
1781 3742 2064 3811 ἀφιέντας,
2100 3743 2199 3814 τὴν
2237 3743 2294 3796 δὲ
2323 3739 2569 3809 κεφαλὴν
2599 3739 2664 3808 τῇ
2697 3738 2768 3807 γῇ
2802 3735 3155 3808 καθήμενος.,
3530 3777 3538 3786 .
3771 3745 3786 3757 ’

685 3833 772 3890 VI.
801 3833 922 3901 Cui,
946 3835 1036 3904 qui
1067 3843 1316 3903 precatus
1348 3831 1544 3899 fuerat,
1585 3835 1676 3890 Dei
1700 3852 1888 3894 servus
1919 3855 1932 3892 :
1968 3839 2081 3905 Dic,
2117 3841 2202 3894 in-

609 3927 746 3997 quit,
777 3923 1134 3988 exsecrande,
1170 3923 1294 3994 quis
1324 3935 1376 3980 te
1421 3925 1618 3980 misit?
1672 3928 1804 3996 Quis
1839 3931 2110 3999 permisit,
2145 3943 2202 3985 ut

609 4018 755 4072 hanc
785 4017 1068 4070 invaderes
1114 4015 1617 4070 adolescentulam?
1670 4029 1724 4073 et
1766 4021 2040 4090 quomodo
2070 4036 2192 4076 cum

609 4111 686 4166 sis
711 4110 856 4176 talis,
895 4123 1086 4178 nempe
1121 4097 1438 4164 tenebrosus
1469 4090 1521 4164 Et
1568 4111 1891 4180 imbecillus,
1924 4123 1976 4169 et
2009 4114 2197 4183 plenus

2387 3837 2479 3904 πό
2509 3828 2582 3907 ᾯ
2613 3830 2872 3904 προσχὼν
2901 3834 2929 3886 ὁ
2955 3832 3228 3903 τρύφων·
3277 3834 3420 3904 Λέγε
3445 3853 3556 3908 μοι.
3595 3838 3789 3909 φησὶν,
3821 3841 3912 3906 τίς

2311 3927 2339 3980 ὁ
2383 3923 2606 3994 πέμψας
2637 3939 2732 3998 σε;
2788 3923 2884 3986 Τίς
2907 3925 2934 3976 ό
2962 3925 3062 3994 τῆς
3095 3923 3336 3990 νεάνιδος
3364 3927 3570 3998 ταύτης
3592 3931 3908 4002 ἐπιτρέψας

2303 4018 2631 4088 ἐπιδραμεῖν
2652 4034 2666 4084 ;
2691 4015 2788 4070 καὶ
2823 4015 2942 4080 πῶς
2975 4017 3206 4090 τοιούτῳ
3231 4018 3378 4089 ζόφῳ
3403 4020 3634 4091 κάτοχος
3668 4021 3751 4077 ῶν
3803 4006 3912 4080 καὶ

2300 4110 2402 4178 τὴν
2433 4110 2669 4176 δύναμιν
2708 4107 2942 4180 ἀσθενὴς
2993 4108 3090 4162 καὶ
3125 4107 3344 4179 ἄτιμος,
3394 4111 3626 4182 πλάσμα
3651 4114 3790 4169 Θεοῦ
3843 4118 3913 4171 τὸ

609 4183 754 4256 omni
801 4201 1000 4270 probro
1037 4207 1092 4254 et
1129 4198 1414 4266 dedecore,
1471 4201 1607 4256 adeo
1652 4203 1820 4256 audes
1857 4201 2189 4272 contemptui

2300 4199 2607 4278 cipzovxa}.
2640 4201 2763 4254 κατ’
2795 4201 2979 4254 είκόνα
3002 4201 3103 4272 τὴν
3125 4202 3295 4256 αὑτοῦ
3321 4205 3641 4274 γενόμενον,
3664 4209 3910 4278 ἀτιμοῦν

610 4293 812 4348 habere
835 4305 890 4348 et
917 4307 1138 4357 vexare,
1157 4293 1300 4361 quod
1327 4291 1525 4347 factum
1551 4293 1714 4348 estad
1745 4294 1834 4348 Dei
1864 4293 2196 4364 imaginem?

2300 4291 2441 4348 ούτω
2461 4293 2552 4346 καὶ
2577 4293 3030 4364 διαλυμαίνεσθαι
3067 4297 3132 4349 σὺ
3183 4296 3428 4368 τολμᾷς;
3480 4299 3537 4351 Ὀ
3570 4299 3626 4353 δέ
3661 4301 3912 4372 ,δαίμων

608 4383 827 4444 Daemon
879 4395 1057 4444 autem
1092 4385 1447 4452 respondens,
1499 4383 1700 4449 Mittor,
1758 4385 1954 4455 inquit,
1993 4403 2022 4441 a
2070 4402 2192 4442 meo

2300 4385 2486 4455 ὥσπερ
2530 4385 2637 4441 ύπό
2690 4403 2856 4441 τινων
2885 4385 3058 4457 βελῶν
3090 4387 3460 4460 πληττόμενος
3517 4391 3630 4447 τῶν
3678 4395 3906 4451 ἐκείνου

609 4487 785 4553 patre.
818 4475 1043 4530 Dicebat
1079 4488 1210 4541 vero
1261 4489 1384 4530 esse
1416 4474 1517 4530 sibi
1547 4460 1783 4545 patrem,
1829 4485 2106 4530 auctorem
2138 4488 2190 4529 et

2300 4478 2614 4549 idywvenb
2678 4478 2773 4533 τοῦ
2831 4481 3034 4536 οἰκείου
3097 4482 3198 4554 μὲν
3259 4485 3596 4540 ἀπεστάλθαι
3661 4492 3905 4562 πατρὸς,

609 4583 831 4626 causam
864 4567 1154 4630 malorum,
1181 4567 1272 4634 qui
1303 4567 1466 4621 etiam
1494 4566 1798 4638 appellatur
1829 4566 2017 4632 Satau,
2047 4577 2100 4622 et
2125 4567 2192 4620 ah

609 4675 676 4717 eo
700 4659 909 4728 jussum
941 4673 1063 4714 esse
1087 4659 1227 4712 hanc
1272 4657 1506 4727 puellam
1543 4669 1814 4726 torquere.
1853 4657 1919 4710 Et
1944 4675 2190 4728 quaenam

609 4764 692 4811 εει
723 4753 769 4808 ei
791 4761 1052 4822 potestas,
1113 4767 1300 4807 rursus
1351 4751 1482 4826 dicit
1508 4749 1798 4820 Tryphon:
1835 4752 2072 4814 malitiae,
2106 4752 2191 4806 iu-

609 4861 795 4920 quam,
819 4844 1046 4917 principi
1081 4844 1344 4908 adversus
1368 4844 1702 4912 ﬁgmentum,
1741 4846 1883 4913 quod
1911 4846 2194 4898 constituit

609 4940 954 5007 omnipotens
1003 4939 1219 4994 bonitas
1245 4945 1301 4990 et
1347 4934 1546 4989 muniit
1575 4945 1768 4990 sancto
1798 4934 2049 5006 Spiritu?
2100 4937 2194 4992 llle

608 5040 792 5090 autem
834 5033 1006 5096 cauis,
1027 5029 1238 5086 etiamsi
1265 5027 1454 5094 nollet,
1501 5028 1684 5084 divina
1731 5038 1910 5084 tamen
1959 5031 2192 5100 quadam

607 5125 922 5193 operatione
979 5136 1109 5178 vera
1168 5122 1449 5212 respondit
1501 5122 1757 5178 omnibus
1803 5113 2190 5178 audientibus:

605 5213 716 5272 Nos
757 5213 961 5270 nullam
1009 5214 1273 5269 habemus
1305 5224 1628 5284 potestatem
1676 5215 1884 5282 iuncos
1917 5216 2010 5286 qui
2066 5225 2192 5269 sunt

605 5309 680 5380 pii
707 5309 759 5363 in
790 5307 960 5363 Deum
986 5307 1430 5376 omnipotentem,
1455 5309 1583 5364 etin
1611 5309 1730 5380 ejus
1756 5308 2060 5374 Christum,
2095 5323 2192 5378 pro

605 5415 714 5473 quo
736 5401 930 5487 Petru's
957 5399 1226 5455 etPaulus
1255 5400 1346 5455 hic
1365 5401 1688 5471 praeclarum
1725 5414 2014 5477 suscepere
2047 5415 2191 5454 mar-

604 5492 829 5564 tyrium.
865 5489 972 5546 Eos
1001 5505 1132 5546 vero
1181 5501 1492 5551 reverentes
1535 5493 1867 5564 fugeremus,
1900 5492 2002 5546 nisi
2031 5491 2190 5550 nobis

604 5592 752 5640 esset
781 5585 1102 5654 permissum
1159 5584 1318 5640 alicui
1351 5585 1692 5642 extrinsecus
1743 5584 1915 5640 levem
1951 5584 2187 5655 aliquam

605 5675 800 5730 afferre
841 5677 1210 5732 tentationem.
1237 5677 1291 5732 In
1323 5692 1417 5734 eos
1449 5688 1632 5732 autem
1669 5676 1892 5733 omnino
1915 5677 2061 5734 vires
2093 5693 2189 5734 no-

609 5763 696 5818 bis
720 5765 921 5834 vigent,
953 5777 1009 5822 et
1033 5767 1085 5823 in
1111 5783 1204 5828 eos
1235 5768 1576 5840 tyrannidem
1606 5767 1936 5834 obtinemus,
1969 5769 2059 5840 qui
2088 5784 2186 5826 suo

2291 4564 2431 4622 εἶναι
2455 4567 2511 4628 δέ
2542 4567 2708 4622 αὑτοῦ
2734 4570 2824 4624 τὸν
2855 4573 3072 4644 πατέρα
3101 4573 3199 4628 τὸν
3230 4573 3404 4629 αἴτιον
3457 4577 3568 4629 τῶν
3593 4579 3817 4644 κακῶν,
3846 4582 3907 4645 ες

2294 4663 2388 4716 καὶ
2416 4661 2592 4716 Σατὰν
2616 4665 3100 4735 προσηγόρευται·
3128 4667 3260 4736 παρ’
3281 4666 3448 4720 αὐτοῦ
3475 4667 3570 4720 καὶ
3593 4669 3695 4739 τὴν
3727 4674 3902 4726 παῖδα

2291 4739 2517 4826 ταύτην,
2553 4754 2762 4826 ἔλεγεν,
2790 4757 3207 4828 ἐπιτέτραμμαι
3240 4759 3554 4828 βασανίσαι.
3584 4763 3730 4815 Ποία
3756 4765 3838 4830 δὲ,
3873 4767 3900 4817 ό

2293 4847 2552 4916 Τρύφων,
2580 4845 2820 4914 ἐξουσία,
2863 4852 3016 4920 φησὶ,
3046 4850 3125 4920 τῷ
3151 4851 3373 4929 ἄρχοντι
3401 4855 3498 4925 τῆς
3528 4856 3737 4920 κακίας
3758 4859 3892 4911 κατά

2291 4938 2386 4990 τοῦ
2415 4939 2736 5010 πλάσματος
2758 4941 2854 4994 τοῦ
2889 4940 3059 5017 Θεοῦς
3101 4942 3158 4996 Ὀ
3183 4945 3238 4997 δὲ
3265 4943 3412 5020 κύων
3445 4947 3678 5014 ἐκεῖνος,
3712 4951 3892 5003 καίτοι

2293 5029 2452 5097 φύσει
2473 5028 2802 5101 φιλοψευδὴς
2833 5030 2932 5096 ὣν,
2966 5032 3417 5098 συνωθεῖται,καὶ
3453 5034 3528 5106 μὴ
3561 5035 3906 5108 βουλόμενος¹

2292 5119 2430 5190 πρὸς
2451 5121 2710 5191 ἀλήθειαν
2731 5123 2826 5176 καὶ
2853 5123 3158 5195 ἀκρύπτειν
3185 5125 3344 5196 ἤθελε
3369 5128 3465 5180 καὶ
3492 5127 3568 5192 ὡς
3595 5130 3898 5202 ἀπόρρητα

2293 5217 2603 5283 συντηρεῖν,
2640 5214 2816 5269 ταῦτα
2877 5217 2974 5270 καὶ
3002 5217 3152 5272 ἄκων
3203 5219 3296 5272 ἐπὶ
3341 5219 3564 5274 πάντων
3592 5221 3896 5291 ὁμολογεῖ·

2303 5307 2488 5376 Ἡμῖν,
2526 5307 2722 5374 εἰπὼν,
2749 5309 2873 5364 οὐδὲ
2906 5310 3007 5380 μία
3039 5312 3122 5374 τίς
3155 5311 3304 5365 ἐστιν
3333 5311 3556 5378 ἐξουσία
3605 5316 3752 5369 κατά
3780 5315 3900 5370 τῶν

2291 5398 2689 5466 εὐσεϐούντων,
2717 5402 2797 5465 εἴς
2823 5419 2889 5471 γε
2925 5404 3018 5457 τὸν
3059 5405 3483 5477 παντοκράτορα
3513 5407 3646 5461 Θεὸν
3673 5407 3774 5461 καὶ
3794 5408 3900 5463 τὸν

2290 5489 2458 5542 αὐτοῦ
2486 5490 2616 5546 Υἱὸν
2637 5489 2729 5546 τὸν
2751 5482 3106 5563 Χριστὸν,’ὂν
3143 5496 3352 5567 Πέτρος
3382 5497 3478 5552 καὶ
3532 5498 3748 5562 Παῦλος
3799 5497 3905 5553 ἐν-

2289 5581 2466 5637 ταῦοα
2493 5583 2765 5656 λαμπρῶς
2793 5587 3089 5657 ἐκήρυξαν,
3139 5589 3256 5643 ἀλλ’
3306 5591 3754 5662 ὑποπτήσσοντες
3791 5594 3908 5646 αὑ-

2289 5675 2414 5738 τοὺς
2438 5675 2829 5750 διαφεύγομεν,
2865 5682 2914 5734 εἰ
2966 5683 3042 5754 μή
3079 5700 3203 5737 τινα
3227 5686 3422 5755 πεῖραν
3460 5683 3663 5748 ἔξωθεν
3693 5686 3905 5751 αὐτοῖς

2290 5767 2597 5839 ἐπαγαγεῖν
2657 5776 3153 5847 προτραπείημεν·
3207 5778 3348 5830 κατά
3401 5776 3608 5832 τούτων
3639 5777 3698 5833 δέ
3740 5780 3902 5849 μετὰ
