4160 6450
373 289 505 357 1317

1598 299 1775 380 VITA
1811 302 1872 363 S.
1911 302 2371 370 TRYPHONIS.

3496 306 3637 374 1318

362 404 542 476 πάσης
600 405 849 471 ἔξουσίας
907 404 1245 478 κρατοῦμεν,
1299 407 1409 463 τῶν
1473 409 1733 482 προθέσει
1767 413 1931 485 ψυχῆς

2053 402 2220 470 animi
2254 413 2531 485 proposito
2584 422 2868 473 sectantur
2924 432 3109 488 opera,
3163 432 3285 490 quae
3315 430 3441 478 sunt
3482 424 3642 480 nobis

301 539 304 542 .
357 500 472 562 τοῖς
509 497 639 568 ἡμῖν
667 497 843 568 φίλοις
880 498 1300 570 προσκειμένων
1357 498 1544 570 ἔργοις
1597 502 1757 558 ἅτινα
1804 523 1948 577 προ-

356 590 680 667 ηγουμένως
709 591 868 657 εἰσὶν,
895 591 1306 664 εἰδωλολατρία,
1347 593 1688 665 βλασφημία,
1715 596 1947 667 μοιχεία,

359 666 707 752 φαρμακεία,
731 682 910 751 φόνοι,
954 669 1162 752 enim,
1195 667 1567 754 ὑπερηφανίαι
1589 701 1602 714 ·
1635 666 1725 740 δια
1744 666 1948 741 τούτων

356 770 467 841 γὰρ
518 771 616 825 καὶ
660 770 770 825 τῶν
819 771 1085 829 τοιούτων
1131 774 1181 826 oi
1233 773 1514 845 ἄνθρωποι
1545 776 1643 829 καὶ
1691 776 1784 830 τοῦ
1811 777 1949 831 Θεοῦ

357 862 694 935 αὐθαιρέτως
742 863 1189 935 ἀλλοτριοῦνταιο
1220 866 1315 921 καὶ
1380 868 1515 938 ἡμῖν
1563 869 1950 924 συνάπτονται.

358 951 577 1030 Τούτων
605 953 698 1007 ὑπ’
733 955 901 1009 αὐτοῦ
926 955 1299 1028 λαλουμένων,
1327 959 1489 1012 αὐτόν
1513 976 1574 1012 τε
1600 959 1697 1014 τὸν
1716 960 1943 1031 βασιλέα

356 1044 631 1120 καὶτοὺς
672 1047 950 1118 παρόντας
1003 1049 1142 1118 μετὰ
1199 1048 1293 1103 τοῦ
1329 1050 1637 1120 θαυμάζειν
1694 1055 1803 1127 καὶ¹
1825 1053 1945 1118 δέος

357 1137 546 1209 deﬁet,
602 1140 698 1193 καὶ
763 1140 952 1194 πολλοὶ
1011 1138 1111 1211 μὲν
1151 1143 1262 1195 τῶν
1311 1142 1564 1197 ἀπίστων
1611 1143 1940 1198 ἐπίστευσαν

357 1230 518 1295 εὐθὺς
537 1230 616 1301 τῷ
637 1231 883 1303 Χριστῷ,
915 1234 1029 1296 τοῖς
1048 1232 1105 1286 δὲ
1129 1237 1347 1297 πιστοῖς
1383 1234 1684 1308 βεϐαίωσις.
1705 1236 1783 1288 ἔτι
1811 1236 1941 1307 περὶ

352 1322 452 1392 τὴν
485 1322 669 1375 πίστιν
701 1325 765 1377 έκ
789 1325 887 1393 τῆς
930 1323 1025 1378 τοῦ
1070 1325 1268 1396 ἐχθροῦ
1327 1329 1553 1396 γέγονεν
1610 1330 1937 1401 μαρτυρίας,

351 1414 413 1467 τὸ
455 1415 642 1485 μέντοι
701 1415 937 1488 πονηρὸν
999 1418 1275 1493 δαιμόνίον
1345 1418 1673 1489 ὲπιτιμηθὲν
1732 1418 1939 1488 ἀφανὲς

355 1507 550 1577 ᾤχετο.
587 1524 595 1530 ’

2052 516 2225 576 grata.
2252 507 2485 563 Maxime
2516 523 2646 565 vero
2674 519 2828 582 grata
2864 512 3023 569 nobis
3067 528 3233 583 opera
3284 524 3431 582 sunt,
3464 516 3640 574 cultus

2052 590 2489 668 simulacrorum,
2526 600 2884 673 blasphemia,
2908 604 3254 672 adulterium,
3287 607 3632 673 veneficium,

2050 689 2277 755 invidia,
2326 692 2522 757 credes,
2550 692 2825 763 superbia.
2866 695 2967 750 Per
3000 697 3115 753 haec
3163 698 3307 754 enim
3343 708 3398 754 et
3423 715 3543 769 qua:
3571 716 3635 756 ea

2052 792 2477 851 consequuntur,
2524 784 2774 841 homines
2803 802 2900 841 sua
2935 799 3127 857 sponte
3149 790 3304 845 nobis
3335 789 3513 847 effecti
3536 793 3636 848 ifa-
3734 836 3742 845 .

2052 870 2316 951 miliares,
2346 873 2458 927 suis
2501 871 2661 928 factis
2702 884 2958 946 tanquam
2993 876 3631 950 laqueisimpliCantur:

2046 969 2102 1014 et
2136 960 2203 1014 ab
2228 962 2347 1028 ejus
2383 960 2626 1031 quidem,
2662 964 2753 1033 qui
2784 964 2929 1034 ipsos
2962 966 3112 1032 fecit,
3141 967 3449 1025 alienantur
3480 972 3635 1025 boui-

2045 1062 2177 1118 tate,
2244 1054 2603 1127 illaqucantnr
2669 1064 2850 1111 autem
2895 1058 3096 1113 nostris
3143 1059 3440 1116 maleficiis.
3497 1062 3630 1117 Cum

2046 1146 2160 1200 haec
2191 1146 2259 1202 ab
2300 1161 2364 1200 eo
2390 1147 2723 1215 dicerentur,
2755 1149 3051 1219 imperator
3069 1160 3125 1208 et
3165 1166 3354 1208 omnes
3384 1153 3475 1223 qui
3540 1159 3635 1208 ad-

2044 1246 2220 1301 erant,
2260 1236 2346 1292 his
2401 1238 2622 1305 auditis,
2658 1239 2842 1310 repleti
2885 1251 3012 1295 sunt
3055 1243 3280 1298 horrore
3316 1254 3371 1300 et
3398 1245 3633 1301 admira-

2048 1329 2212 1383 tione.
2243 1329 2326 1409 Et.
2353 1330 2507 1384 multi
2543 1331 2762 1401 quidem
2792 1347 2859 1385 ex
2912 1333 3243 1400 inﬁdelibus,
3278 1335 3498 1393 Christo
3522 1347 3634 1394 sta-

2046 1420 2141 1474 tim
2175 1422 2522 1475 credideruut
2552 1441 2566 1477 :
2604 1422 2788 1502 ﬁdeles
2818 1432 3000 1479 autem
3032 1428 3256 1485 stabiliti
3288 1439 3343 1483 et
3375 1431 3631 1486 testimo-

2045 1509 2136 1565 nio
2188 1505 2394 1579 inimici
2450 1518 2632 1585 magis
2683 1515 3011 1583 conﬁrmati,
3044 1516 3173 1590 Regi
3205 1520 3388 1589 gloriae
3418 1523 3628 1580 laudem

350 1601 653 1657 emiserunt
713 1610 770 1655 et
815 1600 1065 1683 gloriam.
1132 1602 1448 1671 lucrepatns
1502 1597 1629 1658 vc'ro
1690 1603 1779 1660 ille
1818 1603 2129 1660 immundus
2202 1614 2258 1684 et
2327 1608 2629 1665 sceleratus
2690 1610 2924 1676 daemon,
2996 1613 3242 1680 protinus
3295 1616 3517 1670 evanuit
3558 1632 3626 1672 ex

352 1692 545 1749 oculis.

421 1784 495 1843 Z'.
542 1788 601 1841 '0
621 1787 680 1842 δὲ
708 1789 932 1865 Καῖσαρ
965 1789 1255 1861 θαυμάσας
1283 1790 1374 1845 τὸν
1404 1792 1576 1864 ἄνδρα
1603 1794 1704 1865 τῆς
1745 1793 1931 1848 τοιαύ-

2110 1790 2224 1848 Vll.
2249 1790 2435 1847 Caesar
2464 1764 2665 1859 autem,
2698 1792 2799 1848 hoc
2824 1793 3083 1850 beneficio
3105 1795 3349 1863 affectus,
3375 1807 3432 1854 et
3473 1800 3628 1857 valde

349 1894 450 1948 της
474 1878 619 1932 κατὰ
640 1869 916 1950 δαιμονων
951 1880 1157 1951 ἰσχύος,
1185 1884 1376 1951 τιμαῖς
1401 1899 1484 1947 τε,
1511 1882 1589 1946 ὡς
1623 1882 1814 1954 ἐχρῆν,
1843 1885 1938 1936 καὶ

349 1970 571 2034 πολλαῖς
621 1954 917 2041 θεραπεύεῖ
969 1975 1093 2036 ταῖς
1150 1973 1402 2041 δωρεαῖς.
1485 1973 1544 2027 El
1586 1975 1695 2046 γὰρ
1746 1976 1939 2029 καὶτὸ

350 2062 513 2126 σέϐας
537 2062 796 2134 διάφορος
829 2060 919 2135 ἦν,
951 2065 1074 2119 ἀλλ’
1100 2067 1135 2137 ἡ
1168 2065 1345 2137 ἁρετὴ
1377 2066 1541 2120 πᾶσιν
1568 2066 1770 2136 ὁμοίως
1795 2067 1938 2121 αἰδέ-

351 2169 527 2224 σιμος.
565 2151 814 2235 Ἔπειτα*
854 2156 949 2209 καὶ
999 2156 1140 2228 μετὰ
1201 2150 1589 2229 προσηκούσης
1635 2158 1801 2213 αὐτὸν
1838 2160 1937 2228 τῆς

354 2242 651 2317 Θεραπείας
671 2245 851 2300 οἴκαδε
874 2246 1257 2319 παραπέμπει.
1292 2249 1437 2302 Ὀσα
1464 2250 1645 2321 μέντοι
1670 2250 1807 2321 πρὸς
1840 2249 1935 2320 βας

352 2337 545 2403 σιλέως
578 2338 728 2410 αὐτῷ
762 2338 1034 2410 ἐδωρήθη,
1096 2342 1282 2411 χεῖρες
1332 2340 1498 2405 εὐθὺς
1547 2343 1798 2411 πενήτων
1833 2340 1936 2394 ἀνὰ

347 2425 447 2501 τὴν
475 2428 594 2483 ὁδὸν
625 2424 772 2500 εῐχον
800 2445 814 2461 ο
851 2430 1023 2494 αὐτὸς
1053 2431 1110 2484 δὲ
1150 2434 1288 2485 οἴκοι
1344 2432 1661 2501 γενόμενος.
1715 2433 1824 2484 τῶν
1874 2449 1933 2484 τε

350 2522 599 2594 συνήθων
654 2523 753 2592 τῆς
803 2522 1041 2587 πίστεως
1099 2524 1278 2594 εἴχετο
1330 2523 1528 2596 ἔργων,
1559 2525 1769 2595 ὁδηγῶν
1800 2525 1935 2594 πρὸς

349 2615 609 2685 ἀλήθειαν
660 2617 789 2679 τοὺς
848 2616 1335 2687 πεπλανημένους,
1375 2619 1468 2670 καὶ
1511 2617 1647 2687 πρὸς
1678 2618 1778 2686 τὴν
1825 2618 1934 2671 τῶν

347 2706 536 2770 κακῶς
560 2707 881 2777 πασχόντων
906 2708 1227 2777 ἐπιμέλειαν
1252 2707 1447 2762 ἑαυτὸν
1476 2708 1672 2763 ἐδίδου.
1709 2709 1934 2779 Γορδια-

348 2796 441 2852 νοῦ
474 2799 530 2852 δὲ
561 2799 1009 2869 τελευτήσαντος,
1060 2799 1140 2863 είς
1188 2798 1455 2854 Φίλιππον
1486 2799 1577 2854 τὸν
1636 2800 1833 2870 εὐσεϐῆ
1866 2801 1933 2853 τὰ

342 2894 444 2963 τῆς
493 2889 775 2962 βασιλείας
831 2890 1148 2961 μεταϐαίνει
1215 2892 1507 2960 σκῆπτρα·
1553 2892 1810 2945 κάκείνου
1874 2891 1930 2944 δὲ

347 2983 542 3036 θᾶττον
570 2984 629 3036 ὲν
658 2981 881 3053 πολέμῳ
935 2981 1044 3035 τῶν
1093 2981 1496 3052 Τρωγλοδυτῶν
1551 2980 1926 3052 ἀνῃρημένου,

346 3074 539 3138 Δέκιος
597 3075 716 3144 μετ’
771 3075 935 3129 αὑτὸν
981 3074 1376 3146 ἀναγορεύεται
1426 3074 1676 3144 βασιλεὺς
1706 3113 1720 3137 ,
1777 3073 1926 3142 ὠμὸς

2039 1899 2103 1941 ea
2129 1883 2450 1947 admiratus,
2482 1899 2604 1937 cum
2636 1884 2886 1954 plurimis
2910 1886 3068 1941 donis
3100 1896 3154 1941 et
3178 1888 3474 1967 honoribus
3503 1891 3626 1948 bea-

2043 1986 2153 2031 tum
2211 1974 2557 2045 Tryphonem
2615 1982 2762 2030 esset
2814 1986 3154 2045 prosecutus,
3208 1992 3340 2033 cura
3397 1995 3622 2036 suorum

2038 2066 2415 2144 praefectorum
2468 2080 2590 2119 eum
2638 2065 2754 2121 suis
2790 2068 3049 2123 restituit.
3080 2069 3257 2140 Atque
3286 2085 3625 2144 qumcunqne

2038 2158 2254 2228 quidem
2295 2140 2361 2211 ei
2404 2156 2487 2211 his
2535 2160 2601 2211 ad
2656 2172 2779 2212 eum
2806 2150 3102 2226 redierunt,
3138 2161 3188 2216 in
3223 2140 3315 2217 via
3347 2140 3626 2220 distribuit

2037 2245 2407 2320 pauperibus:
2443 2251 2556 2319 ipse
2578 2265 2710 2305 vero
2761 2264 2884 2304 cum
2918 2241 3142 2307 domum
3193 2255 3451 2319 venisset,
3491 2272 3623 2311 cou—

2040 2353 2196 2396 sueta
2245 2341 2364 2395 fidei
2400 2355 2638 2410 sequens
2664 2354 2849 2409 opera,
2880 2350 2936 2395 et
2966 2357 3162 2403 vacans
3206 2344 3469 2401 beneficio
3507 2348 3624 2403 alli-

2028 2433 2246 2489 ciendis
2293 2433 2381 2497 iis,
2436 2430 2525 2499 qui
2599 2432 2957 2499 laborabant,
3028 2444 3266 2491 erectam
3317 2437 3490 2492 solum
3521 2441 3619 2494 ba-

2037 2527 2196 2580 bcbat
2252 2537 2487 2579 mentem
2521 2523 2608 2592 .ad
2687 2524 2936 2607 braviutu
2999 2542 3249 2597 supernae
3294 2532 3622 2601 vocationis.

2034 2617 2168 2671 Cum
2219 2627 2400 2671 autem
2471 2616 2799 2678 decessisset
2853 2617 3177 2687 Gordianus,
3237 2619 3624 2695 Philippnsqne
3692 2647 3697 2652 ·

2032 2709 2265 2778 virpius
2290 2708 2337 2763 ei
2393 2710 2742 2765 successisset
2774 2710 2827 2762 in
2877 2708 3124 2777 imperio,
3160 2721 3212 2766 et
3253 2713 3367 2781 ipse
3409 2728 3623 2784 quoque

2033 2802 2143 2855 cito
2172 2799 2365 2854 fuisset
2394 2788 2717 2854 interféctns
2754 2801 2808 2856 in
2851 2801 2993 2855 bello
3025 2804 3288 2858 adversus”
3322 2804 3621 2877 Troglody-

2036 2902 2137 2953 tas,
2189 2892 2380 2947 Decius
2436 2899 2558 2961 pust
2611 2905 2732 2944 eum
2770 2892 3135 2957 renuntiatur,
3188 2896 3272 2947 vir
3303 2897 3536 2952 crudelis
3565 2908 3622 2955 et.

2032 2983 2212 3035 animo
2250 2983 2553 3050 impudens,
2606 2990 2659 3033 et
2710 2982 2924 3037 fervens
2978 2968 3192 3050 quidan
3233 2983 3419 3040 furore
3472 2988 3617 3043 circa

2035 3074 2351 3135 simulacra,
2407 3073 2554 3127 rabie
2590 3083 2770 3127 autem
2802 3073 3127 3128 intolerabili
3162 3076 3228 3131 ab
3254 3078 3621 3143 inhabitaute

344 3170 508 3240 ἀνὴρ,
539 3169 761 3242 ἀναιδὴς
784 3172 953 3240 ψυχῇ,
989 3170 1185 3239 αἵμασι
1220 3170 1312 3222 καὶ
1346 3170 1583 3236 σφαγαῖς
1629 3169 1721 3220 καὶ
1758 3166 1926 3237 βασά-

2035 3167 2084 3220 in
2111 3167 2226 3234 ipso
2250 3166 2492 3221 (iterumne
2525 3174 2704 3218 morus
2742 3165 3004 3218 adversus
3032 3179 3124 3219 cos
3154 3170 3243 3234 qni
3269 3168 3619 3224 nolebauteis

340 3280 454 3326 νοις
486 3263 620 3326 ὅλως
662 3265 1203 3351 ὲνευφραινόμενος,.
1234 3264 1372 3326 ζέων
1431 3261 1530 3330 μὲν
1585 3264 1652 3331 τῇ
1688 3262 1815 3331 περὶ
1861 3264 1929 3330 [τὰ

340 3355 539 3408 εἴδωλα
570 3354 755 3426 μανίᾳ,
784 3354 931 3425 δεινῇ
960 3356 1018 3408 δὲ
1042 3355 1212 3427 λύττῃ
1250 3356 1390 3420 κατᾲ
1427 3355 1537 3406 τῶν
1581 3353 1929 3424 Χριστιανῶν

341 3446 562 3500 πάντων
598 3444 980 3514 κεκινημένος,
1006 3444 1066 3498 τὸ
1094 3446 1192 3514 μὲν
1215 3446 1355 3498 ὅπλα
1381 3444 1504 3498 κατ’
1530 3443 1740 3515 ἐχθρῶν
1766 3439 1927 3513 ἆραι,

342 3535 473 3608 βέλη
510 3535 654 3607 φημὶ
684 3536 780 3588 καὶ⁵
815 3535 1018 3606 δόρατα
1049 3537 1145 3588 καὶ
1174 3528 1454 3606 ῥομφαίαν
1476 3576 1489 3598 ,
1532 3534 1729 3606 μικρὸν
1760 3534 1927 3603 ἡγού-

343 3644 505 3697 μενος
539 3626 721 3698 ἔργον,
759 3628 853 3681 καὶ
900 3627 1103 3699 μικρᾶς
1143 3628 1403 3697 δεόμενον
1439 3626 1562 3696 ,τῆς
1624 3628 1926 3696 φροντίδος,

335 3721 400 3774 τὸ
429 3719 483 3772 δὲ
502 3721 735 3791 ’τροχοὺς
781 3722 875 3771 καί
923 3720 1272 3779 καταπέλτας
1316 3717 1517 3788 ὄνυχάς
1557 3735 1643 3770 τε.
1674 3717 1947 3787 σδηροῦςι

339 3813 440 3866 καὶ
482 3812 589 3865 πᾶν
620 3808 758 3874 εἶδος
807 3811 936 3865 ἄλλο
978 3809 1360 3880 κολαστηρίων
1421 3808 1735 3878 ἑτοιμάζειν
1782 3806 1927 3860 κατὰ

338 3903 451 3955 τῶν
481 3886 849 3955 εὐσεϐούντων
881 3900 1040 3954 τοῦτο
1075 3900 1218 3976 μέγα
1259 3896 1399 3952 εἶναι
1430 3899 1668 3967 νομίζων
1696 3898 1792 3950 καὶ
1830 3915 1924 3968 με·

334 3997 513 4065 γάλην
545 3993 695 4063 αὐτῷ
718 3991 1038 4063 περιποιοῦν
1066 3991 1164 4061 τὴν
1185 3990 1461 4044 εῠκὶειαν.
1497 3988 1604 4044 Ἦν
1628 3989 1720 4043 οὖν
1753 3990 1925 4051 δεινὸς

333 4087 460 4141 τότε
511 4085 650 4139 κατὰ
710 4083 1053 4156 Χριστιανῶν
1081 4085 1109 4137 ὁ
1146 4083 1425 4152 πόλεμος,
1460 4083 1555 4134 καὶ
1602 4081 1926 4152 πολλὴσυνσ

340 4178 547 4248 έχουσα
611 4179 925 4249 σκοτομήνη
964 4177 1065 4248 τὴν
1116 4177 1464 4246 οἰκουμένην.
1508 4177 1616 4228 Καὶ
1649 4176 1736 4229 διὰ
1768 4176 1925 4230 τοῦτο

340 4273 532 4341 παρῆν
564 4272 695 4340 ὁρᾷν
717 4273 817 4341 τὴν
846 4270 942 4325 τοῦ
969 4270 1104 4323 Θεοῦ
1141 4270 1343 4331 ἅλωνα,
1374 4269 1449 4332 ῶς
1476 4286 1581 4322 τινι
1625 4267 1778 4339 πτύῳ
1811 4268 1921 4320 δια-

336 4363 753 4434 καθαιρομένην
784 4364 879 4417 καὶ
906 4364 1035 4428 τοὺς
1077 4365 1175 4434 μὲν
1198 4346 1399 4430 ενισεϐἧ
1427 4362 1615 4413 πίστιν
1655 4360 1923 4425 ὑποδεξα-

336 4456 832 4526 μένους,›ασθενεῖς
874 4456 933 4509 δὲ
960 4455 1090 4520 τοὺς
1135 4456 1430 4526 λογισμοὺς
1478 4454 1637 4517 ὄντας
1668 4452 1763 4506 καὶ
1792 4453 1924 4523 ἀχυ-

333 4549 567 4620 ρώδεις,
603 4551 707 4604 ὑπὸ
732 4551 828 4622 τῆς
859 4548 973 4602 τῶν.
999 4549 1324 4619 πειρασμῶν
1377 4548 1522 4619 βίας,
1567 4546 1759 4619 ὥσπερ
1815 4542 1924 4600 ὑπό

329 4659 486 4706 τινος
516 4625 735 4715 ἀνέμων
767 4643 941 4714 φορᾶς
968 4640 1464 4724 ἐκριπιζομένους,
1502 4638 1636 4710 ὓλην
1660 4637 1740 4707 τῷ
1787 4625 1927 4713 etim.-

329 4733 436 4803 νίῳ
466 4732 601 4802 πυρὶ
641 4729 1062 4803 συντηρεῖσθαιο
1108 4729 1225 4782 ὅσοι
1266 4728 1325 4781 δὲ
1381 4726 1611 4799 γνώμης
1663 4726 1923 4797 εὐθύτητι

298 4842 301 4843 ⁷
328 4824 435 4879 καὶ
461 4822 638 4892 ψυχῆς
668 4821 1022 4893 σταθερότητι
1050 4820 1150 4892 τῆς
1185 4819 1446 4889 ἀληθείας
1467 4821 1920 4889 ἀντεποιήσαντο,

330 4907 487 4967 οὗτοι
521 4910 761 4980 κρείττω
789 4953 805 4972 ,
832 4908 1091 4979 ὀφθέντες
1113 4907 1224 4961 τῶν
1261 4907 1589 4978 πειρασμῶν
1629 4909 1724 4962 καὶ
1762 4906 1924 4977 μέχρι

2034 3259 2361 3321 sacriﬁcare.
2421 3256 2544 3311 Fuit
2596 3258 2874 3313 verohoc
2924 3272 3088 3329 grave
3124 3258 3321 3313 bellum
3360 3263 3618 3315 adversus

2032 3350 2392 3405 Christianos.
2450 3348 2566 3402 Non
2626 3349 2769 3403 enim
2805 3353 3141 3418 parabantur
3173 3366 3322 3404 arma
3355 3353 3617 3408 adversus

2033 3442 2384 3511 alienigenas,
2427 3457 2533 3496 non
2574 3441 2675 3497 tela
2715 3450 2771 3496 et
2798 3443 3022 3509 lanceae,
3058 3460 3163 3499 non
3209 3434 3522 3515 rliomphaea
3566 3456 3621 3500 ct
3664 3482 3670 3487 ~

2031 3536 2242 3603 gladius
2275 3536 2632 3589 vibrabantur
2663 3536 2923 3589 adversus
2953 3552 3049 3591 eos
3098 3539 3190 3604 qui
3240 3538 3509 3594 faciebant
3539 3541 3620 3592 in-
3656 3586 3657 3589 η

2024 3628 2223 3696 jnriatn
2246 3644 2260 3679 :
2287 3628 2382 3679 sed
2418 3637 2550 3678 rota:
2579 3635 2633 3675 et
2665 3625 2972 3694 catapultm,
3010 3643 3326 3696 unguesque
3373 3628 3533 3683 ferrei
3566 3642 3621 3684 et

2031 3716 2292 3783 peetines,
2322 3723 2375 3768 et
2400 3728 2560 3768 omne
2589 3729 2760 3781 genus
2787 3714 3177 3783 suppliciorum
3202 3719 3619 3785 comparabatur

2030 3807 2289 3860 adversus
2322 3804 2661 3858 innocentes.
2692 3802 2876 3859 .Unum
2919 3814 3100 3858 autem
3156 3804 3209 3859 in
3263 3819 3358 3861 eos
3407 3808 3615 3863 crimen

2029 3891 2430 3955 intendebatur,
2468 3905 2663 3960 nempe
2698 3891 2757 3944 in
2808 3889 2976 3950 Deum
3009 3894 3296 3949 sanctitas.
3327 3896 3461 3950 Cum
3489 3911 3618 3967 ergo

2029 3982 2136 4036 illic
2167 3982 2331 4035 multa
2377 3990 2685 4049 erumperet
2738 3981 3020 4049 confusio,
3070 3968 3285 4040 dicebat
3322 3998 3381 4040 se
3411 3986 3614 4054 videre,

2026 4073 2190 4130 veluti
2221 4074 2478 4144 quodam,
2514 4075 2653 4141 quod
2687 4073 3039 4144 intelligentia
3073 4076 3393 4145 percipitur,
3428 4079 3610 4133 venti-

2026 4164 2178 4241 labro
2209 4167 2429 4234 purgari
2463 4180 2645 4219 aream
2681 4164 2916 4221 Domini.
2950 4166 3269 4237 Quicunque
3303 4169 3447 4223 enim
3480 4169 3618 4225 levi-

2028 4266 2141 4313 tate
2179 4259 2403 4335 mentis
2454 4267 2525 4312 et'
2559 4258 2872 4312 stramineis
2921 4259 3343 4329 cogitationibus
3393 4262 3614 4317 verbum

2026 4350 2148 4405 fidei
2174 4349 2492 4407 videbantur
2518 4352 2840 4422 suscepisse,
2864 4350 2897 4404 ii
2927 4351 3150 4420 perinde
3175 4365 3238 4404 ac
3262 4351 3311 4405 vi
3331 4360 3612 4409 ventorum

2026 4441 2272 4498 ventilati
2326 4443 2734 4511 teutationibns,
2768 4442 3190 4499 reservabantur
3236 4442 3472 4514 igni.qui
3507 4460 3615 4504 non

2029 4533 2414 4604 exstinguitur.
2472 4533 2572 4600 Qui
2604 4538 2810 4588 autem
2847 4544 2992 4589 recta
3027 4535 3299 4591 sententia
3346 4544 3399 4589 ct
3433 4537 3615 4592 animo

2029 4624 2213 4682 stabili
2241 4624 2591 4679 adhaerebant
2624 4624 2863 4694 veritati,
2894 4626 2929 4680 ii
2966 4614 3180 4693 injuriis
3208 4633 3261 4679 et
3289 4626 3614 4682 aﬂlictiouiw

2028 4718 2131 4771 bus
2160 4715 2502 4790 inﬂammati,
2552 4732 2673 4771 cum
2698 4732 2807 4772 suae
2852 4717 2974 4772 fidei
3006 4719 3379 4788 probationem
3416 4718 3525 4775 Deo
3557 4729 3614 4778 et

2027 4809 2340 4866 hominibus
2367 4808 2751 4873 ostendissent,
2771 4810 2827 4863 in
2848 4811 3044 4865 horrea
3067 4808 3333 4876 coelestia,
3355 4818 3612 4880 tanquam

2029 4917 2227 4973 purum
2262 4900 2615 4967 frumentum,
2651 4902 3125 4962 recondebantur..

330 5008 526 5071 τέλους
549 5007 646 5078 τὴν
667 5006 962 5077 ὁμολογίαν
996 5003 1383 5076 -φυλάξαντες,
1452 4996 1544 5057 οἷά
1601 5020 1688 5067 τις
1738 5002 2133 5074 καθαρώτατος
2201 5001 2346 5061 σῖτος
2417 4998 2499 5062 είς
2538 4998 2652 5071 τὰς,
2682 4997 2969 5070 οὐρανίους
3010 4997 3295 5070 ἀποθήκας
3355 4995 3610 5069 ἐταμιεύ-

331 5114 535 5169 θησαν.

394 5148 535 5177 γη...

405 5199 489 5254 Η⁰.
527 5197 746 5269 Τούτων
799 5195 944 5250 οὕτω
995 5192 1336 5264 τελουμένων
1384 5191 1479 5245 καὶ
1534 5188 1630 5244 τοῦ
1673 5190 1915 5259 διωγμοῦ

337 5288 490 5360 μάλα
515 5288 763 5359 σφοδρῶς
787 5286 1162 5355 ἐπικειμένου,
1189 5284 1451 5351 ἀνάγεται
1476 5282 1605 5352 περὶ
1623 5280 1917 5352 Τρύφωνος

328 5379 417 5453 τῷ
444 5379 545 5451 τῆς
576 5378 873 5450 Ἀνατολῆς
904 5377 1131 5449 ἐπάρχῳ
1178 5376 1494 5447 (Ἃκυλῖνος
1543 5374 1713 5445 ὄνομα
1744 5372 1916 5444 τούτῳ

326 5468 405 5546 ἦν
423 5472 467 5545 ),
497 5474 574 5538 ὡς
607 5475 861 5546 ἀνήριτις
897 5473 1178 5543 Ἀπαμεὺς
1213 5471 1275 5524 τὸ
1325 5471 1504 5539 γένος,
1536 5469 1655 5540 τὴν
1687 5466 1914 5538 γνώμην

328 5567 440 5621 οὐκ
462 5569 718 5639 ἀγεννής,
742 5566 803 5621 τὸ
833 5562 966 5638 ἦθος
998 5567 1098 5619 οὐκ
1126 5564 1381 5636 εὐχερὴς,
1425 5562 1553 5634 περὶ
1584 5563 1774 5630 λόγους
1822 5560 1922 5613 ούκ

324 5656 578 5729 ἀμαθὴς,
606 5657 788 5728 ἰατρὸς
809 5659 909 5730 τὴν
942 5657 1159 5728 τέχνην,
1207 5655 1377 5726 πολλῇ
1399 5654 1546 5724 ’πρὸς
1595 5655 1718 5715 τοὺς
1764 5650 1925 5706 σεϐα-

328 5749 496 5815 στοίθς
560 5747 834 5822 ὑπεροψίᾳ
885 5749 1083 5821 χρῆται
1135 5748 1231 5805 καὶ
1284 5739 1613 5818 μυκτηρίζει
1672 5744 1769 5815 μὲν
1799 5742 1924 5804 τοὺς

2105 5185 2239 5242 Vlll.
2274 5184 2406 5240 Cum
2443 5182 2559 5237 haec
2589 5181 2668 5238 sic
2697 5180 2911 5248 ﬁerent,
2941 5188 2997 5237 et
3018 5180 3369 5237 vehementer
3396 5192 3616 5252 urgeret

2028 5278 2351 5351 persecutio,
2388 5273 2629 5329 defertur
2658 5271 2908 5344 Tryphon
2967 5272 3035 5327 ad
3067 5271 3386 5341 praefectum
3417 5271 3613 5329 Oriens

2024 5377 2111 5431 tis.
2143 5370 2428 5441 Aquilinns
2454 5375 2636 5421 autem
2663 5374 2790 5421 tunc
2810 5364 3288 5437 gerebatprmlecti
3323 5367 3611 5437 magistra-

2027 5474 2163 5520 tum.
2214 5463 2296 5518 Ad
2334 5476 2455 5516 eum
2484 5474 2613 5530 ergo
2641 5458 2905 5526 defertur,
2937 5458 3081 5526 quod
3116 5458 3195 5511 vir
3221 5458 3438 5526 quidam
3466 5461 3612 5527 Apa-

2030 5555 2287 5621 mecusis,
2338 5566 2557 5623 genero
2585 5567 2693 5606 non
2746 5550 3021 5621 ignobilis,
3057 5550 3305 5606 doctrina
3338 5548 3606 5615 excultus,

2030 5660 2144 5704 arte
2177 5649 2438 5711 medicus,
2490 5656 2749 5715 augustos
2797 5643 2954 5698 valde
3002 5642 3253 5713 despicit,
3300 5650 3355 5698 et
3385 5654 3611 5709 magnos

2031 5740 2249 5815 quidem
2302 5739 2432 5796 deos
2488 5738 2810 5804 subsannat,
2861 5735 3139 5792 Christum
3190 5744 3372 5792 autem
3431 5729 3607 5789 solum
