4160 6426
542 323 678 389 1319

1697 321 1981 404 MENSIS
2024 322 2541 389 FEBRUARIUS.

3654 324 3800 390 1320

542 442 710 494 Deum
736 439 1043 507 annuntiat,
1069 450 1120 495 et
1149 454 1209 496 ea
1266 440 1478 496 ratione
1523 440 1661 506 ﬁeri,
1692 450 1749 497 ut
1785 421 1935 497 multi
1972 442 2120 496 deci-

2241 442 2504 512 αεγάλους
2550 442 2729 510 θεοὺς,
2784 441 3022 513 Χριστὸν
3053 442 3109 497 δέ
3138 436 3260 498 τινα
3296 443 3461 514 μόνον
3521 443 3827 513 πρεσϐεύει

541 536 760 606 piantur
788 548 817 586 a
845 534 1131 587 verborum
1163 532 1282 602 ejus
1315 531 1737 602 magnificentia.
1769 531 1966 587 Statim
1994 547 2124 601 ergo

539 624 721 681 emisit
746 625 952 678 litteras
990 632 1042 676 et
1072 624 1243 677 edicta
1276 638 1397 677 cum
1433 624 1594 678 minis
1627 624 2036 679 vehementibus
2056 624 2123 678 ad

539 716 645 772 loci
703 717 846 770 illius
897 716 1269 785 magistratus,
1326 724 1384 768 ut
1436 728 1582 781 eum,
1627 716 1720 785 qui
1755 717 2123 784 quaerebatur,

542 811 775 863 maxima
800 808 1081 862 celeritate
1141 810 1205 861 ad
1246 822 1367 860 eum
1424 808 1781 863 adducerent.
1821 808 1964 862 Fieri
1999 824 2127 863 vero

546 916 653 955 non
682 910 915 970 poterat,
971 907 1030 954 ut
1057 901 1314 968 praeclara
1357 901 1478 955 fidei
1530 901 1750 969 lucerna
1801 901 1855 955 in
1908 900 2127 955 sordido

542 993 663 1048 loco
692 993 877 1048 lucens
914 994 1130 1047 lateret.
1163 991 1296 1047 Cum
1320 1007 1450 1062 ergo
1486 992 1782 1047 audivisset
1805 1007 1864 1047 se
1896 992 2061 1059 quaeri
2097 1006 2127 1045 a

544 1085 1004 1154 persecutoribus,
1030 1081 1144 1139 non
1182 1085 1385 1139 recedit
1415 1085 1468 1138 in
1494 1084 1837 1150 solitudines,
1859 1099 1965 1136 non
1996 1084 2130 1136 den-

543 1194 633 1233 sos
662 1187 715 1232 et
749 1178 980 1232 incultos
1029 1176 1170 1231 obiit
1203 1186 1413 1230 montes
1445 1193 1460 1229 :
1497 1176 1591 1229 sed
1623 1190 1744 1229 cum
1783 1176 2032 1243 precibus
2076 1183 2130 1229 et

543 1270 881 1325 orationibus
913 1285 972 1323 se
1004 1269 1054 1322 in
1100 1268 1317 1323 Christo
1357 1266 1677 1331 vnuniisset,
1734 1265 1897 1322 alacri
1947 1267 2130 1320 animo

546 1363 758 1418 accedit
789 1364 852 1416 ad
879 1377 972 1416 eos
1002 1361 1093 1430 qui
1126 1363 1461 1429 qumrebant,
1489 1367 1544 1412 et
1569 1359 1636 1413 ad
1667 1357 1979 1425 Aquilinum
2007 1374 2126 1414 cum

546 1469 743 1524 magno
775 1453 969 1522 gaudio
1024 1460 1079 1505 et
1132 1458 1381 1521 prompto
1413 1449 1595 1502 .animi
1632 1448 1833 1512 studio,
1870 1452 1962 1516 qni
1988 1448 2130 1504 tunc

548 1547 736 1612 agebat
757 1541 971 1603 Nicaeae,
998 1542 1178 1595 statim
1212 1541 1449 1594 mittitur
1488 1554 1584 1609 per
1634 1538 1833 1594 milites
1864 1540 2126 1594 cohortis.

544 1635 678 1690 Cum
713 1649 841 1702 ergo
866 1634 912 1688 ei
947 1634 1129 1688 statim
1152 1633 1420 1686 excelsum
1459 1641 1700 1686 erectum
1740 1632 1929 1686 fuisset
1960 1633 2131 1686 tribu-

547 1725 657 1787 nal,
691 1724 1023 1793 honesteque
1057 1732 1110 1777 et
1132 1724 1326 1775 decore
1356 1737 1477 1775 eum
1512 1723 2004 1791 circumstetissent
2038 1738 2127 1777 sa-

2228 533 2382 598 Θεδν,
2435 534 2532 587 καί⁸
2579 533 2754 607 ταύτῃ
2806 535 2934 596 τοὺς
2993 535 3225 598 πολλοὺς
3274 537 3397 596 ταῖς
3446 529 3829 604 καινολογίαις

2228 626 2494 697 ἐξαπατᾷ.
2523 625 2699 689 sses;
2729 625 2823 679 οὖν
2853 627 3169 696 γράμματα
3191 630 3305 690 τοῖς
3329 626 3473 679 κατὰ
3499 627 3664 678 τόπον
3718 626 3828 697 ἄρ·-

2228 736 2385 791 χουσι
2420 718 2513 772 καὶ
2540 716 2945 788 προστάγματα
2992 719 3130 787 μετά
3185 718 3424 786 σφοδρᾶς
3479 716 3831 785 ἐξεπέμπετο

2227 813 2323 885 τῆς
2356 810 2609 879 ἀπειλῆς,
2633 811 2716 862 ὄτι
2750 811 2915 879 τάχος
2943 808 3094 885 αὐτῷ
3126 812 3479 883 παραστῆσαι
3504 808 3594 861 τὸν
3624 806 3833 879 ζητούο

2233 877 2413 974 μενον.
2439 877 2555 962 Οὐκ
2580 897 2647 973 ἦν
2671 902 2729 955 δὲ
2768 877 2877 973 ἄρα
2929 877 3029 954 τού
3052 877 3154 969 τῆς
3182 877 3425 963 πίστεως
3462 899 3657 971 λύχνον
3681 877 3830 968 goat-

2229 1011 2393 1047 νοντα
2421 992 2662 1061 λαθεῖνῆ
2689 992 2750 1044 τὸ
2778 996 2951 1060 μύρον
2984 992 3280 1061 κρυϐῆναι,
3332 990 3440 1047 ὑπὸ
3479 990 3579 1057 τῆς
3612 990 3829 1052 οἰκείας

2229 1088 2408 1164 ὀσμῆς
2436 1085 2860 1156 φανερούμενον.
2903 1086 2978 1138 Οὑ
3007 1085 3115 1155 μὴν
3147 1084 3285 1143 ἀλλά
3313 1086 3410 1139 καὶ
3458 1086 3622 1147 αὑτὸς
3649 1082 3833 1137 ἀκού-

2234 1196 2332 1241 σας
2388 1177 2501 1230 τῶν
2557 1176 2867 1233 διωκόντων
2922 1176 3021 1247 τὴν
3065 1176 3426 1246 ἀναζήτησιν,
3462 1176 3522 1231 οὑ
3555 1176 3691 1245 πρὸς
3723 1175 3832 1237 τὰς

2232 1272 2474 1341 ἐρήμους
2513 1270 2814 1339 ὑποχωρεῖ,
2854 1268 2917 1321 οὑ
2954 1268 3024 1321 τά
3075 1267 3240 1320 λάσια
3272 1268 3380 1320 τῶν
3419 1267 3561 1345 ὁρῶν
3584 1267 3831 1337 ὑποτρέ-

2231 1377 2339 1430 χει,
2393 1360 2730 1429 προσευχαῖς
2785 1358 2841 1410 δὲ
2898 1357 2999 1429 καί
3029 1355 3287 1426 δεήσεσιν
3324 1355 3519 1409 ἑαυτὸν
3569 1354 3831 1420 ὁπλίσας,

2231 1452 2344 1513 τοίς
2372 1447 2598 1518 ζητοῦσι
2619 1448 2743 1501 λίαν
2775 1447 3018 1519 φαιδρῶς
3045 1448 3409 1519 ἐμφανίζεται
3437 1447 3533 1501 καὶ
3568 1446 3707 1517 πρὸς
3731 1446 3835 1500 τὸν

2246 1542 2525 1595 ’Λκυλίνον
2551 1541 2649 1612 σὺγ
2697 1540 2859 1611 ἡδονῇ
2918 1542 3378 1611 παραπέμπεται.
3438 1539 3708 1610 Ἀκυλίνῳ
3766 1537 3836 1592 δὲ

2231 1633 2352 1687 τότε
2373 1633 2515 1687 κατά
2544 1632 2783 1686 Νίκαιαν
2833 1633 2889 1686 αἱ
2944 1632 3223 1704 διατριϐἡὶ
3244 1626 3417 1703 ἦσαν’
3457 1630 3704 1701 βήματος
3733 1629 3837 1683 οὖν

2235 1725 2386 1796 αὑτῷ
2417 1725 2732 1795 διαρθέντος
2758 1723 2967 1794 ὑψηλοῦ
2998 1730 3097 1777 καὶ
3144 1724 3245 1794 τῆς
3280 1724 3409 1792 περὶ
3442 1723 3609 1776 αὑτὸν
3641 1723 3838 1791 πάσης

550 1819 768 1880 tellites,
798 1817 933 1871 dixit
968 1816 1328 1884 Pompeianus
1355 1816 1675 1870 scriniarius
1707 1815 1933 1869 maximi
1984 1814 2132 1869 ordi-

2241 1795 2599 1886 δορυφᾶρίαςξ
2628 1814 2821 1885 ὥσπερ
2850 1814 2971 1878 ἔθος
2998 1816 3208 1878 αὐτοῖς,
3251 1806 3635 1886 παραστάσης,
3677 1815 3840 1883 Πομ.-

551 1913 678 1967 nis:
713 1910 814 1977 Qui
860 1910 1094 1977 Apamea
1150 1923 1179 1960 a
1234 1905 1507 1961 Frontone
1559 1906 1735 1975 legato
1778 1906 1844 1959 ad
1901 1915 2132 1960 vestram

553 2006 754 2057 missus
786 2011 866 2056 est
922 1998 1399 2069 magnitirentiam,
1457 1997 1612 2051 adest
1662 1997 1729 2051 ad
1780 1996 2133 2066 purissimum

550 2093 786 2149 tribunal
817 2103 1010 2158 vestra;
1061 2090 1359 2158 potestatis.
1393 2087 1679 2161 Aquilinus
1729 2086 2020 2154 pnetectus
2051 2086 2132 2138 di-

547 2187 663 2243 xit:
693 2186 796 2253 Qui
823 2189 996 2248 adest,
1033 2186 1263 2253 primum
1289 2182 1434 2236 dicat
1484 2196 1700 2242 nomen,
1738 2180 1994 2250 patriam,
2023 2179 2137 2233 for-

552 2288 762 2343 tunam,
798 2277 990 2330 deinde
1020 2274 1360 2344 religionem.
1396 2272 1542 2326 Dixit
1578 2272 1637 2329 S.
1670 2272 1926 2342 Tryphon
1957 2293 1970 2326 :
2006 2272 2134 2327 Mihi

553 2384 747 2423 nomen
776 2377 861 2423 est
891 2366 1146 2437 Tryphon
1178 2383 1192 2419 :
1226 2366 1421 2436 patria,
1463 2367 1617 2420 vicus
1669 2364 2024 2433 Compsades,
2055 2366 2137 2419 vi-

554 2462 712 2514 cinus
768 2457 974 2512 civitati
1026 2459 1280 2527 Apameae
1331 2472 1345 2509 :
1397 2457 1607 2511 fortuna
1640 2464 1817 2510 autem
1854 2457 1994 2525 apud
2037 2470 2136 2519 nos

554 2566 653 2605 nec
687 2560 792 2615 est,
825 2564 923 2606 nec
950 2549 1166 2613 dicitur,
1206 2550 1307 2617 qui.
1332 2550 1422 2603 Dei
1460 2548 1819 2619 providentia,
1877 2548 2135 2619 serieque

552 2652 609 2696 et
628 2643 816 2696 ordine
847 2639 1100 2694 inelIahili
1121 2641 1407 2711 sapientia:
1437 2642 1617 2696 omnia
1675 2641 1790 2696 fieri
1816 2642 2125 2697 credimus:

552 2747 660 2789 non
691 2745 871 2788 autem
918 2749 948 2787 a
1008 2733 1259 2799 fortuito,-
1304 2741 1358 2788 et
1388 2733 1478 2803 qui
1515 2736 1573 2787 lit
1619 2746 1815 2803 praeter
1846 2737 2163 2801 rationem,‘

553 2839 817 2880 concursu
858 2836 1128 2878 astrorum
1186 2833 1241 2878 et
1299 2841 1329 2878 a
1386 2839 1519 2879 casn
1561 2826 1852 2881 statuimus
1898 2828 2137 2892 pendere

554 2927 732 2973 ortum
787 2917 1043 2971 hominis.
1092 2916 1223 2970 Sum
1265 2932 1394 2971 vero
1448 2917 1584 2972 liber
1622 2918 1863 2974 moribus
1906 2931 1961 2977 et
2012 2920 2136 2977 vita!

510 2994 513 2999 ’
555 3009 897 3071 educatione,
931 3008 1021 3061 uni
1044 3007 1140 3061 soli
1168 3008 1384 3063 Christo
1417 3009 1680 3067 serviens.
1716 3008 1969 3066 Christus
1990 3014 2133 3067 enim

554 3107 639 3155 est
672 3097 799 3152 mibi
854 3098 1061 3175 religio,
1119 3098 1369 3155 Christus
1425 3100 1555 3157 mihi
1615 3101 1786 3169 gloria
1825 3113 1880 3156 et
1934 3116 2135 3158 corona

557 3190 918 3259 gloriationis.
1334 3235 1339 3242 .

628 3279 721 3337 IX.
752 3281 895 3342 Dixit
936 3280 1220 3351 praefectus
1251 3299 1264 3336 :
1299 3281 1563 3339 Existimo
1624 3292 1674 3338 te
1706 3284 1757 3338 in
1816 3284 2139 3339 hodiernum

560 3387 733 3442 usque
761 3375 901 3428 diem
930 3374 1162 3428 nondum
1196 3375 1511 3446 cognovisse
1535 3375 1747 3439 iussum
1771 3377 2018 3449 Augusti,
2046 3378 2140 3448 qui

554 3461 718 3532 jussit
760 3464 1006 3532 quemvis
1046 3465 1339 3532 hominem,
1364 3468 1455 3535 qui
1487 3468 1587 3522 hoc
1617 3468 1834 3523 nomine
1860 3484 1919 3524 se
1941 3469 2135 3539 jactat,

559 3561 619 3609 et
648 3555 715 3609 ad
746 3555 874 3611 deos
907 3555 1156 3611 colendos
1179 3542 1479 3623 est'durns,
1510 3557 1648 3614 tradi
1684 3560 1839 3615 morti
1870 3562 2138 3627 violentae,

557 3654 615 3701 et
650 3655 703 3701 te
741 3662 960 3702 remove
991 3662 1019 3700 a
1079 3648 1170 3703 tali
1236 3650 1575 3719 deceptione,
1624 3667 1693 3707 ne
1741 3654 1849 3723 igni
1884 3656 2137 3712 tradaris.

560 3735 710 3797 Dixit
736 3748 956 3793 sanctus
992 3739 1246 3811 Tryphon
1278 3761 1291 3797 :
1332 3742 1554 3799 Utinam
1579 3744 1710 3799 mihi
1742 3744 1901 3800 liceat
1930 3756 1984 3801 et
2012 3747 2141 3817 igne

558 3837 616 3883 et
644 3828 895 3883 omnibus
940 3833 1226 3887 tormentis
1274 3833 1521 3887 consumi
1586 3849 1687 3902 pro
1742 3837 1959 3891 nomine
2012 3837 2140 3894 Jesu

558 3919 761 3976 Christi
788 3915 995 3978 Domini
1034 3924 1137 3977 mei
1168 3933 1222 3978 et
1253 3915 1375 3979 'Dei.
1409 3924 1557 3980 Dixit
1584 3908 1866 3996 praefectus
1893 3948 1906 3984 :
1932 3930 1973 3986 0
1998 3929 2140 4002 Try-

559 4009 727 4079 phon,
772 4012 975 4065 suadeo
998 4022 1055 4067 ut
1085 4014 1191 4068 diis
1219 4013 1513 4071 sacrifices.
1550 4014 1715 4072 Video
1749 4019 1894 4074 enim
1948 4030 2142 4088 praeter

559 4113 772 4158 atatem
830 4106 1097 4174 corporis,
1166 4116 1220 4162 te
1273 4123 1489 4177 quoque
1551 4102 1852 4179 perfectum
1918 4127 2139 4169 sensum

562 4194 726 4248 animi
765 4197 1071 4263 ostendere,
1106 4214 1205 4254 nec
1256 4215 1352 4268 per
1401 4202 1532 4257 deos
1563 4201 1692 4279 volq
1725 4212 1778 4258 te
1806 4206 1947 4260 male
1978 4206 2139 4260 mori.

563 4286 707 4341 Dixit
737 4299 954 4345 sanctus
978 4290 1231 4363 Tryphon
1258 4308 1272 4344 :
1308 4291 1613 4353 Perfectum
1660 4295 1866 4352 habebo
1893 4312 2136 4362 sensum,

562 4379 608 4434 si
644 4378 750 4433 Deo
809 4395 928 4436 meo
974 4382 1266 4450 perfectam
1312 4382 1557 4438 obtulero
1609 4383 2031 4455 confessionem,
2087 4398 2142 4444 et

2246 1907 2478 1975 πηῖανὸς
2535 1908 2876 1978 σκρινιάριος
2910 1908 3010 1976 τῆς
3049 1906 3313 1977 μεγίστης
3354 1907 3582 1973 τάξεως,
3613 1904 3771 1959 εἶπεν
3802 1908 3837 1958 ὁ

2243 1999 2307 2050 ὲκ
2345 1997 2446 2066 τῆς
2483 1998 2796 2067 Ἀπαμείας
2830 1999 2984 2069 παρά
3009 1998 3324 2069 Φρόντωνος
3376 1997 3656 2075 τοπάρχου
3690 1997 3842 2065 πρὸς

2242 2088 2338 2160 τὴν
2374 2089 2651 2159 ὑμετέραν
2683 2090 3082 2160 μεγαλειότητα
3132 2088 3407 2162 πεμφθεὶς
3465 2089 3543 2158 τῷ
3570 2088 3845 2158 καθαρω-

2243 2180 2392 2249 τάτῳ
2422 2180 2630 2251 βήματι
2661 2170 2981 2251 παρέστηκε
3013 2180 3115 2249 τῆς
3150 2181 3308 2251 ὑμῶν
3334 2181 3613 2247 ¹ἐξουσίας.
3661 2182 3848 2235 Ἀκυ-

2243 2270 2388 2334 λῖνος
2413 2270 2658 2343 ἔπαρχος
2686 2267 2839 2325 εἶπεν
2858 2288 2872 2303 ·
2928 2271 2987 2324 '0
3039 2262 3329 2341 παρεστὼς
3360 2265 3849 2340 πρῶτονέἰπάτω

2242 2364 2504 2437 τοῦνομα,
2539 2365 2639 2436 τὴν
2663 2364 2926 2434 πατρίδα,
2951 2365 3051 2437 τήν
3073 2364 3266 2435 τύχην,
3308 2362 3506 2415 ἔπειτα
3542 2364 3637 2415 καλ⁵
3655 2362 3720 2415 τὺ
3743 2363 3845 2431 σεε-

2243 2460 2366 2522 ϐας.
2412 2458 2469 2511 '0
2526 2457 2681 2527 άγιος
2732 2457 2968 2528 Τρύφων
3021 2453 3209 2509 εἶπεν
3268 2456 3425 2529 Ἐμοὶ
3479 2455 3539 2509 τὸ
3593 2453 3702 2508 ἀπὸ
3727 2453 3845 2524 γῆς

2243 2552 2415 2622 δνομα
2442 2549 2702 2621 Τρύφων,
2735 2550 2936 2621 πατρὶς
2960 2549 3016 2602 δὲ
3039 2551 3074 2618 ἡ
3105 2549 3270 2620 κώμη
3306 2546 3633 2618 Καμψάδος,
3662 2545 3848 2600 Ἀπα-

2247 2647 2375 2721 μείᾳ
2399 2647 2465 2715 τῇ
2492 2645 2646 2698 πόλει
2677 2644 2878 2713 γείτων
2910 2644 3261 2714 ὑπάρχουσα,
3282 2641 3422 2712 τύχη
3455 2640 3514 2693 δὲ
3539 2642 3670 2711 παρ’
3702 2641 3847 2710 ἡμῖν

2243 2739 2368 2792 οὔτε
2394 2738 2530 2804 ἔστι,
2561 2737 2686 2792 οὔτε
2721 2738 2968 2806 λέγεται,
2995 2739 3109 2800 τοῖς
3134 2738 3366 2807 προνοίᾳ
3394 2736 3529 2790 Θεοῦ
3555 2737 3649 2789 καὶ
3677 2734 3843 2801 τάξει

2244 2828 2315 2885 τὰ
2348 2830 2527 2883 πάντα
2554 2828 2804 2897 γίνεσθαι
2832 2828 3225 2881 πεπιστευκόσι
3243 2842 3257 2857 °
3288 2827 3382 2880 καὶ
3406 2826 3511 2879 ὑπὸ
3531 2826 3629 2896 τῆς
3659 2824 3838 2878 αὑτοῦ

2245 2925 2435 2993 σοφίας
2471 2922 2842 2994 κυϐερνᾶσθαι
2880 2922 2943 2975 τὸ
2977 2922 3107 2975 πᾶν.
3158 2920 3479 2991 Ἐλεύθερος
3499 2920 3556 2974 δὲ
3583 2920 3676 2973 τὸν
3702 2919 3842 2986 τρό-

2244 3033 2347 3070 πον
2376 3016 2495 3086 εἰμὶ
2530 3017 2628 3069 καῖ
2651 3017 2733 3069 ἐνὶ
2771 3016 2917 3091 μόνῳ
2939 3012 3163 3087 Χριστῷ
3184 3012 3522 3091 δεδούλωμαι
3542 3030 3555 3043 ·
3593 3012 3842 3083 Χριστὸς

2245 3108 2356 3178 γὰρ
2389 3107 2513 3183 ἐμοὶ
2542 3109 2605 3160 τὸ
2637 3106 2821 3173 σέϐας,
2856 3090 3091 3187 Χριστὸς
3114 3107 3240 3180 ἐμοὶ
3275 3106 3407 3172 δόξα
3445 3110 3539 3159 καὶ
3568 3106 3842 3175 στέφανος

2244 3202 2345 3277 ήδη
2382 3205 2726 3274 καυχήσεως.

2312 3294 2391 3353 Θ’.
2421 3297 2567 3367 Πρὸς
2616 3298 2791 3352 ταῦτα
2826 3297 3103 3368 ἔπαρχοςο
3150 3296 3557 3368 Ὑπολαμϐάνω
3600 3296 3839 3368 μηδέπω

2244 3391 2340 3445 καὶ
2372 3391 2615 3462 τήμερον
2647 3392 2949 3459 ἐγνωκέναι
2980 3408 3040 3444 σε
3075 3390 3175 3462 τὴν
3205 3391 3298 3445 τοῦ
3338 3391 3613 3445 Σεϐαστοῦ
3643 3392 3841 3446 κέλευο

2245 3498 2350 3544 σιν,
2382 3481 2569 3543 ὅπως
2609 3480 2790 3534 πάντα
2842 3480 3135 3550 ἄνθρωπον
3171 3482 3418 3547 ἀπειθῶς
3472 3484 3664 3558 ἔχοντα
3694 3486 3840 3557 πρὸς

2241 3576 2341 3645 τὴν
2373 3575 2482 3627 τῶν
2508 3574 2659 3629 Θεῶν
2695 3574 2994 3653 θεραπείαν
3056 3576 3259 3653 βεϐαίῳ
3281 3579 3510 3650 ,θανάτῳ
3540 3581 3841 3652 παραδίδο-

2243 3669 2369 3722 σθαι
2402 3668 2763 3739 προστάττει.⁹
2803 3668 2965 3725 Ἀλλὰ
2994 3670 3058 3724 σὺ
3089 3671 3279 3725 πείθου
3314 3690 3405 3743 μοι
3437 3669 3532 3727 καλ.
3558 3673 3840 3743 ἀπόστηθι

2245 3760 2342 3830 τῆς
2372 3759 2629 3830 τοιαύτης
2657 3758 2899 3835 ἀπάτης,
2933 3763 3022 3816 ἴνα
3064 3762 3139 3839 μὴ
3168 3763 3262 3817 καὶ
3294 3764 3427 3835 πυρὶ
3460 3765 3553 3817 καὶ
3575 3769 3695 3827 ταῖς
3734 3766 3839 3818 ἀλ-

2245 3850 2365 3913 λαις
2422 3849 2684 3905 κολάσεσι
2744 3852 2969 3905 σεαυτὸν
2995 3850 3260 3931 ὑπόσχῃς.
3309 3855 3504 3923 ’Ἄγιος
3550 3855 3794 3923 Τρύφων
3821 3874 3835 3891 ο

2244 3940 2369 3997 Είθε
2403 3957 2493 4011 μοι
2526 3941 2756 4008 γένοιτο,
2786 3941 2913 4011 ἔφη,
2938 3942 3035 3996 καὶ
3061 3944 3196 4015 πυρὶ
3223 3944 3317 3997 καὶ
3336 3944 3590 4015 βασάνοις
3627 3945 3840 4008 πάσαις

2246 4030 2387 4109 ὑπὲρ
2417 4030 2510 4085 τοῦ
2535 4031 2801 4101 ὀνόματος
2832 4034 3094 4104 Χριστοῦ,
3115 4036 3209 4089 τοῦ
3235 4036 3370 4105 ἐμοῦ
3398 4037 3555 4101 Θεοῦ,
3587 4037 3840 4099 καθαναε-

2243 4122 2505 4194 λωθῆναι.
2570 4123 2629 4178 '0
2678 4125 2920 4198 ἔπαρχος
2977 4123 3174 4183 εἶπεν
3236 4129 3435 4193 Θύσον,
3470 4125 3516 4184 ὦ
3569 4131 3837 4202 Τρύφων,

2245 4216 2518 4285 παραινῶ,
2544 4221 2655 4283 τοῖς
2686 4219 2830 4283 θεοῖς
2850 4235 2864 4248 ’
2900 4220 3013 4293 ὁρῶ
3040 4221 3149 4293 γὰρ
3185 4223 3391 4282 τέλειόν
3424 4241 3518 4280 σου
3549 4231 3645 4280 καὶ
3664 4226 3836 4297 βεϐη-

2244 4305 2341 4378 κὸς
2373 4308 2435 4360 τὸ
2458 4309 2733 4379 φρόνημα,
2764 4313 2858 4363 καὶ
2878 4311 2939 4364 οὐ
2975 4310 3240 4383 βούλομαί
3272 4330 3358 4380 σε,
3392 4315 3467 4386 μὰ
3498 4317 3625 4379 τοὺς
3650 4316 3834 4381 θεοὺς,

2247 4397 2435 4460 κακῶς
2458 4400 2771 4459 ἀποθανεῖν.
2809 4401 2868 4455 '0
2893 4402 3048 4472 άγιος
3079 4405 3315 4477 Τρύφων
3342 4422 3359 4438 ⁸
3386 4407 3605 4461 Τέλειον
3634 4409 3746 4479 ἔξω
3774 4415 3840 4467 τὸ

560 4472 847 4543 pulchrum
884 4473 1210 4542 depositum,
1249 4488 1445 4543 nempe
1470 4474 1524 4529 in
1576 4477 1751 4547 ipsum
1802 4478 1986 4545 fidem,
2016 4497 2135 4536 eam

2250 4490 2525 4562 φρόνημα,
2574 4488 2750 4559 εἶπεν,
2809 4498 2857 4549 εί
2894 4497 3106 4555 τελείαν
3129 4472 3222 4573 at};
3259 4499 3380 4569 Θεῷ
3432 4518 3536 4571 μου
3569 4472 3841 4573 «posset.»

562 4577 668 4617 non
697 4565 939 4634 negando
960 4579 1308 4632 conservans,
1344 4581 1429 4620 me
1456 4566 1524 4620 ab
1546 4568 1692 4622 omni
1721 4571 2144 4645 reprehensione

561 4667 880 4710 vacuum-et
915 4659 1182 4727 integrum
1238 4657 1565 4712 sacrificium
1625 4660 1870 4717 obtulero
1898 4663 2141 4730 Christo,

563 4749 656 4819 qui
682 4747 784 4802 fuit
814 4764 913 4818 pro
943 4765 1027 4804 me
1058 4749 1419 4806 sacrilicatus.
1481 4751 1626 4806 Dixit
1655 4755 1947 4823 praefectus
1977 4774 1992 4812 :
2033 4756 2141 4825 lgni

564 4842 773 4895 tradam
810 4850 959 4896 tuum
984 4855 1204 4910 corpus,
1227 4851 1283 4895 et
1314 4834 1679 4899 acerbissimis
1702 4846 1980 4917 suppliciis
2015 4863 2138 4902 con-

564 4944 778 4987 Sumam
813 4943 958 4987 tuam
990 4933 1243 4989 animam.
1272 4935 1413 4988 Dixit
1445 4947 1665 4991 sanctus
1690 4936 1946 5009 Tryphon
1971 4957 1985 4992 :
2013 4939 2142 4994 Mihi

566 5024 793 5079 minaris
844 5025 1019 5093 ignem
1063 5026 1151 5093 qui
1207 5029 1609 5099 exstinguitur,
1646 5039 1701 5084 et
1745 5032 1904 5085 simul
1940 5033 2136 5086 delelm

565 5129 687 5167 cum
715 5129 774 5167 ea
808 5129 926 5182 qua:
954 5115 1204 5169 accendit
1236 5120 1480 5185 materia,
1524 5124 1676 5187 cujus
1724 5121 1845 5175 linis
1874 5133 1957 5176 est
1984 5124 2122 5179 cinis

566 5203 676 5274 Ego
702 5213 881 5260 autem
911 5222 1032 5261 eum
1067 5212 1284 5289 quinon
1304 5216 1860 5282 potestexstingui,et
1880 5225 1963 5269 est
1986 5228 2138 5271 mter-

568 5291 690 5360 n'us.
728 5310 917 5354 contra
963 5302 1137 5357 minor
1167 5306 1366 5375 impiis.
1396 5305 1631 5368 Recede,
1660 5308 1895 5378 inquam,
1925 5326 1953 5362 a
1987 5311 2143 5365 rebus

566 5393 740 5457 vanis,
762 5401 813 5444 et
843 5406 1110 5460 cognosce
1132 5410 1279 5461 eum,
1334 5399 1423 5465 qui
1459 5409 1543 5450 cst
1574 5413 1698 5452 vere
1738 5401 1875 5453 Dens
1906 5417 1921 5453 :
1960 5418 2026 5454 ne
2047 5441 2061 5465 ,
2097 5402 2141 5456 si

565 5488 707 5537 lorte
739 5483 880 5540 illius
909 5486 1050 5557 ignis
1083 5488 1278 5543 feceris
1301 5491 1618 5559 periculum,
1653 5501 1703 5545 te
1728 5493 1990 5546 malorum
2023 5510 2143 5562 pan-

566 5574 756 5629 niteat.
791 5574 916 5631 Haec
953 5593 1073 5633 cum
1109 5580 1368 5633 audiisset
1399 5580 1708 5657 Aquilinn's,
1762 5591 1814 5642 ct
1844 5582 1919 5642 ira
1953 5584 2144 5642 fuisset

569 5667 827 5734 percitus,
850 5669 1004 5736 jubet
1026 5684 1147 5723 eum
1173 5685 1493 5741 suspensum
1526 5675 1679 5729 caedi.

643 5752 708 5813 Χ.
745 5756 883 5811 Cum
938 5760 1171 5828 primum
1217 5776 1346 5831 ergo
1378 5765 1582 5833 prolata
1635 5765 1824 5823 fuisset
1849 5772 2139 5839 sententia,

2249 4582 2345 4635 καί.
2382 4583 2480 4649 τὴν
2506 4586 2800 4654 ὁμολογίαν
2855 4592 2949 4643 καὶ
2974 4590 3085 4661 ,τὴν
3122 4591 3297 4663 καλὴν
3356 4596 3843 4668 παρακαταθήκην

2244 4674 2345 4745 τὴν
2373 4676 2450 4740 είς
2473 4678 2635 4731 αὑτὸν
2667 4680 2851 4735 πίστιν
2880 4683 3249 4754 ἀνεξάρνητον
3271 4686 3612 4758 διατηρήσας
3634 4707 3647 4721 ε
3679 4692 3839 4761 ἄμωο

2250 4784 2350 4838 μον
2383 4771 2618 4839 ἐμαυτὸν
2652 4772 2845 4833 θυσίαν
2891 4776 2989 4828 καὶ
3039 4777 3342 4849 ὁλόκληρον
3376 4778 3456 4850 τῷ
3515 4782 3657 4853 ὑπὲρ
3701 4786 3838 4853 ἐμοῦ

2247 4858 2461 4913 τυθέντι
2498 4864 2852 4936 προσενέγκω
2880 4866 3123 4938 Χριστῷ.
3158 4870 3301 4940 Πρὸς
3332 4871 3509 4936 ταῦτα
3539 4876 3567 4926 ὁ
3592 4875 3836 4947 ἔπαρχος

2249 4950 2361 5024 πῦρ
2418 4956 2569 5024 αὐτῷ
2620 4956 2782 5015 πάλιν
2844 4963 2939 5013 καὶ
2973 4960 3245 5032 βασάνους
3308 4965 3834 5036 ὲπανατεινάμενος.

2259 5043 2319 5096 '0
2342 5044 2497 5113 ἅγιος
2524 5047 2787 5119 Τρύφων·
2837 5051 2993 5122 Ἐμοὶ
3020 5054 3134 5125 πῦρ
3188 5057 3455 5122 ἀπειλεῖς,
3505 5060 3637 5129 ἔφη,
3677 5062 3838 5115 σϐενο

2252 5130 2478 5206 νύμένον
2502 5139 2597 5197 καὶ
2622 5144 2690 5212 τῇ
2715 5142 3047 5218 ὑφαπτούσῃ
3089 5145 3189 5220 ὕλῃ
3222 5150 3727 5220 συναπολλύμενον,
3775 5147 3837 5207 οὗ

2247 5228 2308 5282 τὸ
2338 5229 2489 5293 τέλος
2516 5233 2714 5303 τέφρα.
2773 5235 2914 5303 τΕγὼ
2947 5236 3003 5290 δέ
3030 5255 3110 5291 σοι
3138 5241 3197 5291 τὸ
3223 5240 3490 5294 ἄσϐεστον
3519 5246 3613 5296 καὶ
3643 5244 3840 5299 διἀιω-

2251 5314 2391 5378 δίζον
2418 5318 2745 5375 ἁνταπειλῶ.
2777 5312 3080 5398 Τοιγαροῦν
3114 5329 3385 5400 ἁπόστηθι
3424 5333 3533 5385 τῶν
3559 5336 3832 5403 ματαίων,

2248 5407 2343 5458 καὶ
2375 5408 2545 5474 γνῶθι
2572 5411 2665 5465 τὸν
2690 5413 2855 5476 ὅντως
2880 5416 3033 5481 Θεὸν,
3067 5421 3281 5497 μήποτέ
3319 5439 3399 5476 σοι
3425 5423 3649 5506 ’πεῖραν
3683 5430 3837 5482 ὲκεί-

2247 5515 2339 5551 νου
2368 5502 2460 5555 τοῦ
2498 5505 2676 5574 πυρὸς·
2695 5506 2934 5573 λαϐόντι,
2960 5511 3129 5565 πολλὰ
3155 5514 3255 5581 τῆς
3276 5516 3373 5569 νῦν
3408 5502 3635 5590 ¹ἀπάτης
3661 5539 3840 5590 μετα-

2252 5595 2485 5687 μελήσῃ.
2514 5596 2732 5651 Τούτων
2761 5600 3005 5667 ἀκούσας
3052 5605 3331 5683 Ἀκυλῑονος
3371 5609 3465 5662 καὶ
3490 5611 3627 5681 πρὸς
3658 5613 3841 5687 ὀργὴν

2248 5684 2506 5751 ἐξαρθεὶς
2536 5689 2749 5745 κελεύει
2776 5695 3161 5763 κρεμασθέντα
3194 5700 3577 5767 σπαθὶζεσθαι.

2319 5774 2341 5824 1
2398 5776 2607 5834 Αὐτίκα
2639 5783 2773 5851 γοῦν
2813 5783 3196 5862 ἐξενεχθείσης
3248 5794 3348 5864 τῆς
3372 5772 3722 5866 ἀποφάσεως,
3767 5798 3835 5862 τὸ
