4160 6492
361 389 479 458 1321

1582 379 1762 444 VITA
1805 379 1868 442 S.
1908 378 2368 440 TBYPHONIS.

3462 376 3598 443 i322

359 509 560 581 ἱμάτιον
589 507 616 559 6
651 503 921 575 μακάριος
961 500 1168 563 ἀποδὺς
1198 497 1293 553 καὶ
1324 495 1421 550 σὺν
1471 495 1668 565 ἐκείνῳ
1702 491 1797 549 καὶ
1830 491 1927 562 62“-
1957 544 1958 550 η

2059 502 2219 546 reatus
2249 491 2504 564 Tryphon
2537 505 2655 547 cum
2709 498 2911 547 vestem
2942 488 3205 558 exuisset,
3253 497 3308 547 et
3341 506 3605 547 veneran-

354 600 462 664 λους
500 598 745 661 ἅπαντας
780 597 877 666 τῆς
898 592 1247 666 ἀνθρωπίνης
1274 590 1490 661 φύσεως
1514 587 1809 657 λογισμοὺς
1829 582 1927 637 καὶ

354 694 402 746 τὺ
435 691 598 746 καλδν
623 692 802 743 έκεῖνο
829 687 990 758 σῶμα
1023 682 1304 756 παραδοὺς
1331 685 1446 747 τοῖς
1468 680 1709 751 δημίοις,
1755 678 1927 745 ἀναρ-

355 787 503 839 τάται
559 783 636 853 τῷ
681 780 861 851 ξύλῳο
925 776 1045 833 εἶτα
1076 776 1290 839 καὶτὰς
1334 779 1525 846 χεῖρας
1559 786 1928 844 περιαγκωνι-

358 876 515 938 σθεὶς,
539 874 804 927 ἐκόπτετο
840 871 939 934 τὰς
971 871 1183 940 σάρκας
1242 866 1538 937 γενναίως·
1584 866 1643 919 ὲν
1694 861 1843 932 τρισὶ
1874 859 1930 914 δὲ

357 966 519 1031 ὥραις
561 961 705 1016 οὕτω
748 958 1148 1030 σπαθιζομένου
1200 957 1297 1010 καὶ
1330 956 1507 1027 ἡσυχῆ
1556 952 1655 1017 τὰς
1691 947 1927 1021 πληγὰς,

358 1058 539 1128 ὥσπερ
591 1055 751 1109 ἄλλου
804 1054 1130 1124 πάσχοντος,
1200 1048 1587 1119 ὑπομένοντος,
1615 1046 1644 1099 6
1695 1044 1933 1113 ἔπαρχος

371 1147 660 1209 ’Δκυλϊνος,
693 1144 881 1216 ὥσπερ
904 1146 1003 1197 οὐκ
1025 1142 1180 1212 ἀνδρὶ
1207 1140 1437 1212 τοιούτῳ
1466 1139 1565 1210 τὴν
1607 1134 1931 1206 καρτερίαν,

357 1238 463 1292 ἀλλ’
517 1236 765 1306 ἀνάνδρῳ
817 1234 912 1288 καὶ
963 1234 1181 1302 ἀγεννεῖ
1210 1229 1532 1303 παραινῶν·
1578 1225 1927 1295 Μετάγνωθι,

358 1328 606 1402 Τρύφων,
656 1328 756 1397 τῆς
813 1325 1050 1396 ἀκαίρου
1116 1324 1323 1395 ταύτης
1352 1321 1630 1386 ἀπονοίας,
1685 1320 1810 1390 ἔφη,
1842 1319 1936 1373 καὶ

355 1423 601 1491 ὁμολόγει
631 1418 780 1473 θύειν
832 1420 947 1482 τοῖς
981 1419 1155 1479 θεοῖς·
1189 1416 1251 1471 οὐ
1310 1416 1421 1486 γὰρ
1469 1413 1618 1467 ἐστιν
1650 1413 1708 1475 ὃς
1733 1412 1809 1483 τῷ
1841 1411 1935 1465 τοῦ

360 1512 619 1583 βασιλέως
673 1508 947 1565 ἀντειπὼν
1009 1506 1394 1579 προστάγματι
1446 1502 1522 1574 μὴ
1576 1501 1792 1573 πικρῶς
1841 1500 1939 1555 καὶ

361 1603 547 1675 βιαίως
592 1601 852 1655 άπολέσοι
908 1600 1006 1653 καὶ⁸
1042 1600 1141 1670 τὴν
1169 1596 1340 1667 ζωήν.
1401 1596 1461 1650 Ὀ
1491 1594 1648 1663 ἅγιος
1698 1591 1940 1662 Τρύφων

359 1688 506 1748 εἶπεν
529 1710 541 1723 ·
573 1690 742 1760 Κάγώ
771 1691 855 1743 σοί
885 1707 1050 1759 φημι,
1087 1689 1171 1742 δτι
1201 1686 1391 1757 μηδεὶς
1434 1685 1525 1739 τὸν
1553 1684 1805 1755 οὐράνιον
1843 1682 1941 1754 βα-

2030 584 2153 641 dum
2189 584 2315 639 illud
2352 594 2408 640 et
2467 584 2751 655 pulchrum
2803 598 3001 654 corpus
3047 592 3299 655 prompto
3340 593 3398 639 et
3438 585 3606 641 alacri

2029 677 2210 731 animo
2243 676 2552 732 tradidisset
2598 675 2904 744 lictoribus,
2953 675 3008 730 in
3043 675 3187 746 ligno
3235 677 3606 747 suspenditur,

2029 780 2085 825 et
2133 769 2382 824 manibus
2415 784 2554 838 pone
2607 769 2955 826 circumactis
3007 769 3260 825 vincitur.
3318 768 3455 824 Cum
3492 771 3611 841 ipse

2030 870 2209 915 autem
2262 859 2439 915 tribus
2496 858 2643 913 horis
2674 859 2996 924 caederetur,
3043 868 3098 913 et
3124 860 3361 914 animum
3389 860 3609 929 quidem

2033 951 2248 1007 firmum
2275 959 2328 1005 et
2354 951 2601 1006 stabilem
2632 960 2686 1005 et
2718 949 3164 1005 invulnerabilem
3188 951 3404 1006 Christo
3426 958 3612 1004 ostru-

2034 1042 2208 1105 deret,
2264 1041 2478 1097 silentio
2509 1055 2637 1096 vero
2673 1040 2857 1111 plagas
2913 1046 3167 1108 tanquam
3226 1039 3331 1093 alio
3377 1041 3613 1110 patiente

2035 1133 2352 1197 sustineret,
2403 1132 2535 1187 dicit
2561 1130 2848 1202 praefectus
2882 1130 3166 1201 Aquilinus
3194 1145 3210 1183 :
3241 1129 3508 1185 Pmuitcat
3535 1141 3611 1195 te,

2037 1238 2069 1278 o
2098 1222 2378 1294 Tryphon,
2424 1222 2585 1289 hujus
2615 1223 2938 1291 importuna:
2973 1220 3223 1275 amentiae
3273 1230 3327 1274 et
3359 1221 3618 1290 promere

2039 1326 2092 1371 te
2141 1315 2247 1369 diis
2298 1330 2419 1371 esse
2461 1313 2919 1371 sacrificaturum.
2976 1313 3153 1367 Nemo
3209 1312 3356 1368 enim
3418 1315 3617 1369 restitit

2038 1407 2217 1462 edicto
2257 1406 2622 1475 imperatoris,
2658 1405 2750 1474 qui
2782 1419 2887 1459 non
2936 1403 3136 1459 acerbe
3164 1411 3220 1459 et
3254 1403 3523 1460 violenter
3551 1419 3619 1459 ex

2043 1498 2144 1552 hac
2192 1497 2299 1550 vita
2335 1496 2650 1551 excesserit.
2710 1495 2854 1551 Dixit
2902 1503 3124 1550 sanctus
3162 1492 3467 1564 Tryphon:
3509 1493 3621 1564 Ego

2041 1601 2256 1658 quoque
2291 1587 2383 1641 tibi
2411 1587 2567 1642 dico:
2602 1601 2760 1642 nemo
2810 1586 2901 1656 qui
2935 1599 3117 1654 regem
3149 1584 3426 1640 cmlestem
3456 1585 3620 1640 Chri-

2042 1688 2186 1734 stum
2242 1679 2482 1750 negavit,
2536 1678 2700 1733 vitam
2751 1687 3008 1733 aeternam
3063 1686 3476 1748 consequetur;
3524 1678 3621 1732 sed

362 1781 509 1839 σιλέα
535 1780 773 1851 Χριστὸν
807 1779 1069 1851 άρνηθεὶς
1092 1779 1192 1848 τῆς
1224 1775 1452 1838 αἰωνίας
1481 1775 1584 1828 οὐκ
1623 1775 1941 1827 ἐκπεσεῖται

2059 1771 2433 1826 ,ransmittitur
2471 1771 2537 1824 ad
2595 1771 2770 1841 ignem
2824 1777 3086 1824 aeternum
3141 1770 3237 1841 qui
3285 1785 3391 1824 non
3446 1779 3623 1841 potest

360 1835 525 1946 ξωῆς,
552 1835 689 1944 πρὸς
743 1872 800 1925 δὲ
847 1835 950 1927 καί
977 1835 1113 1941 πυτρὶ
1148 1835 1407 1938 ἀσϐέστῳ
1436 1835 1937 1936 κατακριθήσεται.

2059 1863 2331 1934 :xstiugui.
2385 1863 2529 1917 Dixit
2561 1863 2849 1933 praefectus
2881 1879 2895 1918 :
2933 1860 3047 1917 Rex
3101 1862 3341 1918 caelestis
3398 1877 3504 1917 nou
3540 1873 3624 1917 est

361 1970 503 2039 Πρδς
537 1967 709 2022 ταῦτα
735 1963 1025 2018 ὑπολαϐὼν
1068 1964 1095 2015 6
1124 1963 1401 2032 ἔπαρχος·
1450 1959 1510 2013 ⁸0
1560 1958 1811 2029 οὐράνιος
1841 1956 1943 2028 βα-

363 2062 562 2126 σιλεὺς,
613 2053 790 2122 εἶπεν,
847 2057 949 2109 οὐκ
1003 2055 1160 2117 ἄλλος
1188 2054 1221 2125 ἢ
1252 2056 1281 2107 6
1328 2052 1505 2124 μέγας
1535 2051 1669 2114 Ζεύς
1704 2054 1875 2116 ἐστιν,
1916 2050 1944 2102 6

360 2153 574 2223 Κρόνου
605 2151 701 2204 καὶ
738 2146 896 2213 Ῥέας
930 2149 1067 2209 υίὶς,
1107 2145 1168 2209 ὃς
1207 2146 1299 2200 καὶ
1329 2146 1515 2215 πατὴρ
1556 2145 1704 2196 ἐστιν
1735 2141 1945 2210 ἀνδρῶν

360 2261 423 2301 τε
482 2243 622 2296 θεῶν
657 2259 741 2306 τε,
778 2233 822 2310 ᾧ
855 2244 981 2304 τοὺς
1036 2239 1448 2309 ἀπειθήσαντας
1499 2235 1762 2289 ἀδύνατον
1821 2235 1945 2305 ζῇν,

360 2329 405 2404 ᾧ
439 2338 534 2387 καὶ
607 2335 671 2387 σὺ
740 2332 1033 2401 πεισθῆναι
1066 2330 1324 2400 ὀφείλεις,
1382 2330 1472 2382 ἵνα
1519 2328 1668 2398 ζωῆς
1722 2326 1948 2397 ἡδίστης

363 2425 627 2497 ἀξιωθῇς.
657 2427 858 2493 ’Λγιος
892 2424 1129 2492 Τρύφων
1177 2419 1332 2476 εἶπεν
1359 2438 1374 2453 ο
1426 2422 1645 2491 Ὅμοιοι
1706 2421 1951 2488 γένοιντο

363 2519 448 2573 Διῒ
474 2518 549 2589 τῷ
584 2517 693 2589 θεῷ
724 2502 818 2570 σου
863 2518 912 2569 οἱ
957 2516 1079 2569 θεὸν
1101 2507 1242 2569 εἶναι
1268 2515 1429 2569 αὐτὸν
1478 2512 1829 2575 πιστεύοντες
1860 2511 1953 2567 καὶ

365 2611 567 2673 πάντες
621 2610 735 2662 ὅσοι
799 2608 1127 2661 πεποίθασιν
1171 2607 1258 2660 ἐπ’
1290 2604 1476 2678 αὐτῷ·
1528 2605 1588 2659 δν
1637 2602 1812 2673 γόητα
1854 2601 1952 2672 μὲν

373 2702 664 2773 ἄνθρωπον
694 2700 791 2755 καὶ
823 2698 1022 2768 μιαρὸν
1050 2699 1182 2766 φασὶ
1211 2697 1560 2767 γεγενῆσθαι,
1593 2696 1792 2757 κακίας
1815 2689 1955 2755 εἶδος

364 2792 706 2847 ἀπολιπόντα
759 2790 927 2862 μηδὲν
988 2790 1277 2862 ἄπρακτον
1337 2789 1432 2842 καὶ
1496 2786 1955 2858 ἀνεπιχείρητονο

371 2883 515 2956 μετά
539 2884 596 2937 δὲ.
631 2882 794 2937 αὑτοῦ
851 2881 1110 2953 τελευτὴν
1159 2881 1489 2951 ἀνδριάντας
1540 2878 1691 2950 αὐτῷ
1719 2878 1956 2949 χρυσοῦς

367 2978 466 3031 καὶ
517 2975 795 3048 ἀργυροῦς
855 2974 1186 3038 ἁνιστῶντες
1248 2975 1297 3027 oi
1350 2976 1418 3027 τὰ
1448 2974 1612 3044 ὃμοια
1659 2972 1831 3042 τούτῳ
1857 2972 1959 3040 τῆς

369 3066 637 3139 αἰσχύνης
677 3067 815 3139 ἔργα
848 3063 1302 3138 μεταδιώξαντες,
1352 3063 1473 3118 θεὸν
1499 3063 1957 3138 ἀνηγορεύκασιν,

373 3158 682 3227 ἀπολογίαν
730 3160 920 3228 ὥσπερ
953 3158 1052 3227 τῆς
1102 3156 1254 3226 σφῶν
1301 3155 1485 3210 αὐτῶν
1539 3154 1830 3221 ἀσελγείας
1858 3154 1959 3222 τὴν

370 3250 662 3306 θεοποιῖαν
711 3248 918 3320 ταύτην
973 3248 1023 3301 οί
1084 3247 1378 3317 πάντολμοι
1431 3246 1901 3317 προϐαλλόμενοι·
1932 3246 1963 3299 6

374 3343 541 3407 αὑτὸς
564 3342 621 3397 δὲ
650 3341 853 3413 τρόπος
905 3340 1000 3395 καὶ
1035 3341 1129 3393 ἐπὶ
1160 3339 1270 3395 τῶν
1294 3338 1470 3393 ἄλλων
1504 3338 1659 3409 ὑμῶν
1689 3338 1962 3409 ψευδωνύ-

377 3451 500 3506 μων
547 3435 743 3504 ὁρᾶται
808 3432 979 3486 θεῶν·
1042 3433 1217 3505 ταύτῃ
1246 3432 1378 3501 γοῦν
1435 3434 1530 3485 καὶ
1564 3431 1720 3502 ὑμεῖς
1755 3431 1966 3487 ἄνωθεν

377 3523 806 3588 ἀκολουθοῦντες
855 3527 922 3595 τῇ
979 3523 1235 3595 ἀπατηλῇ
1266 3523 1585 3594 παραδόσει,
1640 3522 1832 3594 ἀψύχῳ
1867 3522 1968 3596 ῦλῃ

389 3615 490 3669 καὶ
518 3617 678 3687 κωφῇ
706 3614 765 3667 τὸ
790 3613 958 3676 σέϐας
989 3613 1305 3667 ἀποδιδόναι
1339 3612 1617 3682 βούλεσθε,
1672 3612 1769 3665 τοῦ
1828 3613 1969 3675 ζῶν-

376 3723 475 3771 τος
522 3704 916 3776 ὀλιγωροῦντες
949 3704 1107 3770 Θεοῦ,
1140 3704 1198 3765 ὃς
1248 3705 1479 3775 οὐρανὸν
1510 3703 1832 3774 ὲστερὲωσε,
1866 3706 1969 3773 γῆν

381 3802 471 3868 ἐφ’
505 3797 716 3851 ὑδάτων
748 3795 1008 3867 ἧδρασεν,
1050 3796 1194 3864 ἀέρα
1234 3794 1471 3864 ἐξέχεεν,
1528 3796 1625 3847 καὶ
1662 3794 1842 3848 πᾶσαν
1871 3794 1970 3863 τὴν

379 3893 492 3944 τῶν
523 3891 692 3944 ὄντων
724 3889 888 3958 φύσιν
915 3888 1308 3959 διαμορφώσας
1332 3929 1348 3953 ,
1413 3887 1618 3959 Κύριον
1663 3891 1750 3942 ἐπ’
1801 3890 1972 3960 αὐτῆς

381 3983 478 4037 τὸν
508 3981 794 4051 ἄνθρωπον
825 3981 1224 4050 κατεστήσατο.
1250 3980 1453 4034 Τοῦτον
1481 3981 1583 4034 ὑπὸ
1612 3980 1707 4034 τοῦ
1734 3982 1972 4052 πονηροῦ

383 4073 646 4143 δαίμονος
687 4072 962 4142 ἀγόμενον
1019 4071 1114 4124 καὶ
1144 4069 1535 4141 δελεαζόμενον
1590 4072 1687 4124 καὶ
1718 4074 1974 4143 πονηροῖς

385 4164 572 4234 ἔργοις
589 4163 685 4216 τοῦ
709 4162 1077 4233 πεποιηκότος
1096 4161 1231 4215 Θεοῦ
1252 4162 1665 4233 μακρυνόμενον
1679 4164 1974 4232 οἰκτείρας,

387 4254 516 4309 ἐπεὶ
542 4254 753 4309 πολλῶν
783 4255 1057 4326 πρότερον
1101 4253 1410 4325 γενομένων
1457 4254 1783 4325 ἀδιόρθωτον
1811 4250 1880 4325 ἦν
1917 4254 1979 4307 τὸ

392 4347 590 4412 κακὸν,
646 4347 942 4417 εὐδόκησεν
973 4348 1000 4399 6
1027 4345 1120 4400 τοῦ
1157 4345 1295 4398 Θεοῦ
1334 4346 1508 4414 Λόγος
1534 4344 1625 4401 διὰ
1658 4345 1859 4413 πολλὴν
1886 4346 1978 4401 διὰ

2045 1957 2181 2012 alius
2214 1956 2316 2011 nisi
2344 1971 2569 2026 magnus
2601 1953 2831 2026 Jupiter,
2864 1955 3086 2009 Saturni
3115 1962 3170 2009 et
3195 1954 3359 2011 Rheae
3386 1955 3548 2009 ﬁlius.
3575 1954 3625 2008 ls

2046 2057 2130 2105 est
2187 2058 2339 2120 pater
2386 2050 2778 2117 hominumque
2808 2047 3120 2118 deumque:
3152 2046 3238 2102 cui
3269 2046 3360 2117 qui
3397 2061 3504 2101 non
3531 2059 3628 2114 pa-

2048 2142 2274 2207 ruerint,
2295 2141 2517 2196 minime
2534 2149 2763 2211 possunt
2781 2141 2984 2195 vivere.
3011 2139 3108 2195 Cui
3137 2147 3192 2194 tu
3223 2153 3439 2209 quoque
3465 2139 3628 2193 debes

2048 2220 2262 2304 parere,
2292 2241 2352 2287 ut
2378 2232 2572 2303 dignus
2599 2233 2875 2289 ccusearis
2902 2233 3013 2288 vita
3045 2231 3459 2303 jucundissima.
3482 2229 3630 2284 Dixit

2053 2336 2275 2382 sanctus
2315 2324 2606 2413 Tryphon:
2641 2324 2859 2380 Similes
2896 2323 3026 2378 [iant
3077 2322 3195 2379 Jovi
3232 2325 3331 2377 deo
3381 2332 3492 2386 tuo,
3534 2323 3627 2392 qui

2053 2438 2175 2479 eum
2207 2437 2302 2492 pro
2336 2423 2438 2476 deo
2469 2422 2673 2486 colunt,
2721 2431 2775 2476 et
2812 2434 3003 2476 omnes
3036 2420 3127 2489 qui
3157 2419 3433 2475 conﬁdunt
3461 2420 3513 2473 iu
3543 2435 3629 2474 eo.

2055 2514 2222 2580 Quem
2249 2514 2439 2568 dicunt
2485 2513 2701 2582 quidem
2727 2511 2961 2581 primum
2988 2510 3153 2566 fuisse
3182 2511 3631 2582 praestigiatorem

2059 2605 2330 2660 hominem
2355 2612 2410 2658 et
2460 2602 2783 2658 sceleratum
2821 2616 2885 2656 ac
2911 2601 3635 2672 perniciosum,patremquo

2057 2696 2299 2767 cujusvis
2341 2694 2564 2751 nefariae
2606 2693 2835 2748 actionis
2883 2703 2938 2748 et
2984 2692 3296 2762 impietatis.
3350 2691 3478 2746 Post
3517 2689 3636 2759 ejus

2059 2801 2237 2844 autem
2260 2792 2565 2855 decessum,
2594 2803 2787 2844 aureas
2819 2797 2873 2843 et
2893 2797 3179 2858 argenteas
3215 2795 3422 2841 statuas
3447 2786 3495 2840 ei
3527 2786 3639 2841 eri-

2060 2889 2266 2950 gentes,
2292 2879 2384 2950 qui
2424 2878 2672 2935 fecerunt
2713 2879 2912 2934 similia
2940 2893 3108 2950 opera
3133 2877 3435 2942 dedecoris,
3473 2879 3635 2933 deum

2060 2974 2505 3042 pronuntiarunt,
2540 2985 2651 3027 sua:
2686 2971 2929 3027 libidinis
2962 2980 3019 3027 et
3049 2971 3483 3042 intemperantiae
3511 2970 3637 3025 ali'ev

2062 3075 2245 3121 rentes
2277 3066 2701 3128 excusationem,
2751 3065 2893 3133 quod
2929 3063 2979 3119 is
3036 3063 3086 3118 in
3115 3065 3245 3119 deos
3296 3063 3367 3119 sit
3415 3064 3640 3121 relatus.

1987 3181 2036 3245 ο
2064 3157 2211 3212 ldem
2244 3159 2436 3212 modus
2458 3156 2698 3212 cernitur
2721 3156 2884 3212 etiam
2909 3155 2963 3210 in
2993 3154 3136 3222 aliis,
3163 3154 3253 3225 qui
3283 3155 3418 3211 falso
3443 3172 3645 3211 vocan-

2068 3261 2155 3305 tur
2179 3251 2272 3305 dii.
2317 3247 2408 3305 Sic
2462 3264 2557 3305 vos
2599 3247 2790 3304 falsam
2823 3249 3010 3304 muitis
3047 3258 3193 3303 retro
3221 3249 3436 3304 saeculis
3460 3250 3643 3304 datam

2066 3342 2740 3413 sequentestraditionem,
2776 3327 3031 3396 inanima:
3077 3342 3320 3397 materiae
3369 3351 3424 3397 et
3469 3341 3648 3397 surdae

2068 3434 2271 3490 cultum
2317 3433 2482 3504 impie
2532 3431 2790 3496 tribuitis,
2829 3429 3000 3487 Deum
3054 3430 3235 3485 vivum
3293 3431 3647 3504 negligentes,

2070 3529 2161 3598 qui
2218 3526 2414 3583 cmlum
2446 3524 2700 3591 firmavit,
2750 3532 2951 3579 terram
3003 3539 3167 3593 super
3202 3538 3372 3594 aquas
3399 3524 3648 3589 stabiliit,

2072 3634 2254 3675 aerem
2279 3618 2466 3674 elIudit
2488 3636 2503 3672 :
2523 3626 2576 3671 et
2605 3633 2726 3671 cum
2747 3617 2906 3672 rebus
2930 3618 3180 3671 omnibus
3204 3618 3403 3672 creatis
3423 3616 3649 3671 formam

2073 3714 2331 3773 dedisset,
2369 3710 2640 3765 hominem
2674 3708 2950 3763 dozuinum
2986 3710 3040 3763 in
3067 3709 3198 3778 ipsis
3226 3720 3410 3778 postea
3443 3708 3651 3764 forma-

2072 3810 2188 3856 tum
2225 3802 2523 3856 constituit.
2543 3799 2712 3869 Cujus
2732 3799 2940 3869 decepti
2974 3814 3003 3852 a
3036 3798 3270 3867 maligno
3300 3807 3573 3866 serpente,
3601 3807 3656 3851 et

2076 3892 2554 3949 innumerabilibus
2607 3891 2761 3946 tracti
2812 3890 3090 3945 erroribus
3135 3896 3190 3944 et
3237 3889 3458 3954 exitiis,
3513 3889 3656 3945 Deus

2078 3984 2309 4039 Verbum
2337 3985 2614 4048 misertus,
2655 3982 2817 4037 homo
2846 3981 2961 4036 ﬁeri
2991 3981 3180 4048 voluit,
3208 3992 3264 4036 et
3294 3981 3451 4037 nobis
3485 3980 3654 4036 simili

2080 4076 2250 4132 forma
2286 4089 2561 4146 suscepta,
2608 4077 2662 4131 in
2694 4091 2758 4131 ea
2787 4076 2840 4130 in
2872 4089 3090 4130 crucem
3124 4085 3277 4129 actus
3307 4082 3359 4130 et
3387 4076 3655 4146 sepultus,

2080 4186 2204 4226 cum
2239 4171 2400 4224 tertio
2433 4171 2519 4225 die
2551 4170 2959 4233 resurre‘xisset,
3014 4176 3067 4221 et
3099 4167 3150 4220 in
3188 4165 3359 4221 caelos
3393 4176 3539 4221 esset
3572 4182 3661 4222 as-

2082 4273 2351 4332 sumptus,
2384 4262 2537 4317 sedet
2563 4262 2630 4315 ad
2664 4262 2942 4315 dexteram
2985 4257 3287 4329 majestatis
3319 4259 3371 4313 in
3407 4258 3660 4319 excelsis.

2083 4355 2255 4411 donec
2285 4368 2621 4422 quaecunque
2652 4367 2738 4406 res
2775 4362 2861 4407 est
2889 4359 3097 4429 creata,
3130 4364 3253 4405 eum
3286 4360 3581 4419 agnoscat:
3611 4362 3667 4403 οι

391 4439 459 4493 τὸ
491 4440 716 4509 πλάσμα
744 4438 1186 4509 φιλανθρωπίαν,
1220 4438 1508 4512 ἄνθρωπος
1552 4439 1810 4508 γενέσθαι
1843 4458 1958 4512 μορ-

2085 4446 2164 4502 sic
2190 4460 2222 4500 e
2271 4445 2425 4500 ctelis
2469 4459 2594 4499 cum
2639 4443 2821 4498 divina
2858 4442 3057 4497 virtute
3082 4449 3136 4496 et
3167 4440 3338 4510 gloria
3372 4455 3664 4509 apparens.

395 4534 508 4602 σήν
527 4551 591 4613 ’τε
613 4533 809 4605 ὁμοίαν
840 4534 971 4602 ἡμῖν
1000 4532 1293 4586 ἀναλαϐεῖν
1320 4536 1413 4584 καὶ
1434 4533 1490 4584 ὲν
1521 4532 1659 4603 αὐτῇ
1696 4534 1790 4587 καὶ
1815 4550 1958 4586 σταυς

2090 4536 2278 4591 reddet
2310 4535 2600 4602 unicuique
2654 4534 3037 4587 convenienter
3072 4531 3186 4585 suis
3214 4530 3536 4585 actionibus.
3569 4530 3669 4585 llic

399 4628 494 4697 ρδν
551 4626 649 4679 καὶ
683 4624 919 4679 θάνατον
952 4624 1272 4695 ὑπομεῖναι,
1303 4623 1401 4676 καὶ
1449 4622 1593 4676 οῦτω
1624 4626 1987 4690 ταπεινωθεὶς

397 4717 761 4790 καταισχῦναι
791 4717 882 4771 τδν
918 4716 1294 4785 ὑπερήφανον.
1349 4714 1698 4785 Σταυρωθεὶς
1749 4714 1844 4771 οῦν
1895 4721 1988 4773 καὶ

395 4814 613 4883 ταφεὶς,
640 4808 761 4865 εἶτα
783 4811 879 4865 καὶ
899 4810 1142 4871 ἀναστάς
1168 4810 1234 4862 ὲκ
1257 4808 1467 4878 νεκρῶν
1497 4806 1594 4860 καὶ
1617 4810 1697 4872 είς
1725 4811 1989 4877 οὐρανοὺς

398 4903 756 4973 ἀναληφθεὶς,
787 4906 846 4958 ὲν
877 4902 1029 4974 δεξιᾷ
1064 4902 1302 4971 κάθηται
1329 4899 1426 4953 νῦν
1457 4900 1557 4970 τῆς
1595 4902 1991 4979 μεγαλωσύνης

2090 4639 2174 4684 est
2209 4626 2348 4682 Deus
2374 4624 2619 4687 deohnu,
2648 4622 2763 4677 Rex
2795 4639 3001 4692 regum,
3033 4630 3088 4677 et
3121 4621 3293 4677 Judex
3323 4624 3565 4677 vivorum
3614 4633 3671 4676 et

2092 4730 2450 4777 mortuorum.
2511 4716 2614 4784 Qui
2673 4726 2853 4770 autem
2900 4730 2929 4768 a
2975 4714 3128 4770 vobis
3160 4714 3236 4769 dii
3259 4715 3666 4781 existimantur,

2092 4824 2217 4870 sunt
2245 4813 2436 4869 aeterni
2506 4811 2645 4882 ignis
2691 4809 2928 4876 fomites,
2981 4823 3107 4863 cum
3165 4807 3230 4864 iis
3278 4808 3367 4879 qui
3403 4810 3548 4879 ipsos
3576 4824 3672 4864 εο-

2091 4908 2231 4963 lunt.

398 4998 463 5050 ἐν
503 4997 746 5068 ὑψηλοῖς,
804 4996 910 5058 ἓως
969 4998 1003 5067 ὴ
1040 4994 1307 5065 σύμπασα
1339 4993 1514 5058 κτίσις
1565 4995 1727 5048 αὐτὸν
1792 4999 2026 5073 ἐπιγνῷ,
2067 5006 2165 5062 καὶ
2215 4998 2383 5061 οὕτως
2439 4995 2737 5068 οὐρανόθεν
2796 4994 2936 5066 μετά
3003 4994 3286 5064 δυνάμεως
3335 4994 3676 5067 θεοπρεποῦς

401 5088 504 5144 καὶ⁵
537 5087 693 5157 δόξης
728 5086 897 5141 ἐλθὼν
940 5086 1212 5140 ἀποδώσει
1277 5086 1494 5154 ἑκάστῳ
1539 5085 1793 5156 πράξεώς
1832 5107 1891 5144 τε
1927 5097 2026 5151 καὶ
2062 5094 2288 5165 γνώμης
2356 5089 2453 5153 τὰς
2488 5088 2813 5151 ἀντιδόσεις.
2839 5080 3009 5151 Οὗτός
3038 5088 3153 5141 ὲστι
3183 5088 3317 5152 Θεὸς
3358 5088 3519 5150 θεῶν,
3566 5090 3675 5143 Βα-

408 5179 600 5241 σιλεὺς
650 5179 916 5249 βασιλέων
971 5178 1070 5233 καὶ
1137 5178 1345 5249 Κριτὴς
1413 5176 1634 5243 ζώντων
1669 5179 1807 5248 ὁμοῦ
1872 5186 1966 5237 καὶ
2030 5186 2278 5256 νεκρῶν·
2330 5183 2381 5236 oi
2431 5180 2490 5234 δὲ
2538 5180 2667 5249 παρ’
2693 5181 2824 5250 ύμῖν
2879 5179 2995 5232 θεοὶ
3036 5177 3381 5250 νομιζόμενοι
3435 5180 3679 5252 ὀνόματα

412 5275 578 5344 μόνον
604 5273 972 5344 εῖσὶν,ἐργων
1003 5270 1188 5341 ἔρημα
1242 5272 1275 5344 ἢ
1340 5270 1615 5342 δαιμόνων
1681 5272 1960 5345 εύρέματα
2015 5277 2304 5350 ’πονηρῶν,
2366 5275 2447 5338 εἰς
2497 5271 2774 5328 ἀπώλειαν
2820 5272 2984 5344 μόνον
3038 5271 3148 5326 τῶν
3201 5272 3342 5326 αὐτὰ
3371 5271 3680 5345 σεϐομένων

411 5363 779 5435 ἐξευρημένα.

492 5455 591 5512 IA'.
621 5458 839 5512 Τούτων
898 5455 1041 5512 οὕτω
1064 5457 1377 5530 λεγομένων
1410 5458 1516 5513 ὑπὸ
1561 5456 1655 5513 τοῦ
1692 5461 1996 5533 μάρτυρος,

409 5554 443 5607 6
479 5550 781 5614 Ἀκυλῖνος,
824 5549 946 5603 κατ’
993 5550 1172 5620 ἄκρας
1209 5551 1426 5621 μανεὶς,
1464 5550 1677 5605 κελεύει
1709 5554 1803 5607 τοῦ
1838 5555 1997 5619 ξύλου

416 5643 521 5712 μὲν
551 5640 950 5711 καθαιρεθῆναι
974 5641 1067 5694 τὸν
1098 5640 1277 5709 ἅγιον,
1321 5641 1556 5695 ἕπεσθαι
1592 5643 1649 5696 δὲ
1682 5643 1830 5715 αὐτῷ
1853 5645 2000 5699 δεδε-

414 5734 581 5806 μένον
610 5734 746 5805 πρδς
782 5733 1075 5801 κυνηγίαν.
1113 5726 1225 5785 Ἦν
1257 5729 1352 5786 οὖν
1377 5734 1714 5806 πικροτάτην
1759 5737 1892 5807 ὁρᾷν
1923 5736 2001 5807 τῷ

414 5827 664 5899 μάρτυρι
690 5826 790 5895 τὴν
830 5823 1064 5893 βάσανον
1092 5826 1445 5895 ἐπαγομένην
1466 5843 1480 5857 ³
1537 5830 1632 5882 καὶ
1666 5829 1770 5901 γάρ
1795 5831 1849 5883 αἱ
1901 5831 2000 5902 βά-

744 5926 1023 5984 PATROL.‘
1061 5928 1176 5984 Gn.
1216 5925 1427 5986 CXlV.

2173 5461 2261 5518 XI.
2290 5460 2415 5517 hac
2442 5474 2564 5516 cum
2597 5459 2800 5515 diceret
2831 5457 3022 5515 beatus
3053 5458 3331 5531 Tryphon,
3361 5461 3680 5532 quuilinus,

2103 5572 2317 5613 summo
2342 5554 2524 5610 furore
2557 5554 2815 5621 percitus,
2849 5569 2974 5608 eum
3009 5556 3224 5624 quidem
3257 5554 3415 5623 jubet
3448 5556 3514 5610 de
3537 5555 3684 5626 ligno

2102 5648 2319 5718 deponi,
2342 5662 2402 5701 se
2429 5653 2607 5701 autem
2628 5647 2783 5716 sequi
2813 5647 3076 5713 vinctum,
3103 5657 3389 5703 exeuntem
3425 5649 3492 5701 ad
3517 5662 3687 5703 vena-

2109 5742 2332 5796 tionem.
2370 5737 2594 5793 Licebat
2626 5753 2755 5808 ergo
2782 5739 2968 5793 videre
2999 5739 3410 5794 acerbissimum
3446 5747 3690 5816 tarmen.

2105 5841 2218 5886 tum
2248 5828 2414 5899 iulligi
2447 5827 2694 5900 martyri.
2727 5828 2860 5884 Nam
2881 5829 3074 5901 plantae
3093 5831 3289 5901 pedum
3315 5831 3434 5900 ejus
3456 5832 3691 5889 disrum-

3260 5926 3336 5996 ίιὲ
