4160 6422
515 374 536 440 1
550 374 652 437 323

1712 359 1998 423 ΜΕΝὸῐὸ
2037 357 2555 418 FEBRUARIUS.

3642 343 3664 409 1
3678 343 3785 411 εει

516 493 807 566 pebantnr,
828 504 947 560 quas
983 503 1089 545 non
1115 487 1288 543 solum
1310 485 1468 542 nudae
1484 481 1886 554 objicicbantur
1915 478 2095 547 frigori

2208 495 2321 543 σεις
2351 478 2499 549 αὐτῷ
2528 476 2920 547 διερρήγνυντο
2971 472 3081 526 τῶν
3137 469 3316 524 ποδῶν
3359 466 3481 542 ὥρᾳ
3511 466 3786 539 χειμῶνος

514 583 727 654 hyemis
751 580 1098 648 intolerabili,
1120 580 1214 636 sed
1239 579 1407 635 etiam
1428 573 1889 633 conculcabantnr
1915 586 2087 639 equo-

515 692 635 733 rum
658 676 904 744 pedibus,
939 687 1134 729 carnes
1192 679 1372 727 autem
1420 670 1728 725 dilacerata
1769 679 1864 735 per
1894 669 2093 716 terram

516 765 984 837 dispergebantur.
1040 762 1246 833 Martyr
1274 776 1401 817 vero
1454 773 1670 830 semper
1700 758 1768 811 ad
1804 753 2092 808 Dominum

517 860 757 923 intuens,
802 856 931 912 dum
962 855 1018 910 in
1070 870 1137 909 eo
1189 854 1463 910 foveretnr
1492 862 1545 908 et
1575 857 1936 910 recrearetur,
1990 858 2095 899 non

514 966 658 1019 egre
691 949 898 1005 ferebat
923 947 1187 1011 dolorem,
1216 945 1448 1017 psallens
1478 960 1495 999 :
1530 962 1549 996 ι
1591 941 1817 1005 Perﬁce,
1847 937 2093 1001 Domine,

513 1056 733 1114 gressus
762 1052 914 1095 meos
948 1040 1000 1093 in
1030 1040 1239 1093 semitis
1273 1039 1402 1102 tuis,
1428 1044 1487 1091 ut
1515 1050 1621 1090 non
1649 1037 2097 1089 commovi-antur

512 1132 748 1202 vestigia
776 1142 898 1185 mea
922 1129 969 1185 ¹.
1010 1146 1030 1181 ι
1065 1127 1138 1183 Ει
1156 1141 1344 1181 rursus
1372 1143 1386 1180 :
1428 1141 1454 1176 ι
1480 1122 1720 1179 Gressus
1743 1134 1897 1176 meos
1925 1117 2098 1187 dirige

515 1222 813 1278 secundum
854 1219 1141 1288 eloquium
1179 1230 1354 1281 tuum,
1391 1224 1446 1272 et
1488 1229 1597 1270 non
1645 1213 1955 1269 dominetur
1991 1208 2096 1262 mei

513 1314 692 1368 omnis
713 1311 977 1381 iniquitas
993 1312 1037 1376 ³,
1058 1328 1078 1362 ι
1097 1318 1150 1363 et
1179 1323 1298 1379 qua:
1327 1307 1582 1377 deinceps
1605 1314 1925 1375 sequuntur.
1948 1299 2099 1357 Prte-

517 1415 601 1459 ter
632 1406 748 1458 hanc
767 1402 1049 1457 emittebat
1079 1400 1243 1454 etiam
1275 1412 1438 1453 voces
1491 1397 1650 1467 primi
1702 1395 1976 1465 martyris,
2016 1394 2099 1449 di-

510 1509 644 1550 cens
675 1509 690 1549 :
746 1512 766 1546 ι
792 1491 1036 1556 Domine,
1071 1505 1140 1545 ne
1177 1497 1386 1545 statuas
1415 1489 1495 1544 eis
1545 1488 1647 1543 hoc
1676 1496 1957 1555 peccatum
1989 1481 2033 1537 ³.
2072 1503 2091 1536 ι

513 1583 652 1639 Cum
684 1597 716 1637 a
742 1580 1031 1636 venatione
1080 1588 1259 1635 autem
1292 1593 1417 1635 sero
1465 1577 1736 1642 rediisset,
1766 1576 1897 1630 dicit
1931 1575 2100 1643 Aqui-

512 1672 658 1727 linus
682 1670 951 1726 accersito
980 1678 1255 1740 martyre:
1291 1665 1516 1723 Nuncne
1541 1667 1778 1731 tandem,
1823 1678 1859 1720 ο
1910 1666 2096 1731 miser,

515 1765 612 1820 tibi
647 1761 965 1832 persuasisti
1009 1761 1240 1831 sapienti
1293 1760 1373 1815 uti
1425 1757 1842 1814 ratiocinatione
1902 1765 1957 1811 et
1995 1756 2100 1811 diis

2195 570 2403 640 γυμναὶ
2426 567 2883 640 προϐαλλόμεναι,
2918 566 3055 638 πρὸς
3084 565 3141 618 δέ
3172 566 3268 617 καὶ
3312 565 3426 626 τοῖς
3458 562 3566 614 τῶν
3594 562 3784 613 ἵππων

2196 664 2325 716 ποσὶ
2350 661 2713 733 πατούμεναι,
2746 661 2822 724 ὡς
2852 661 2947 713 καὶ
2980 660 3079 722 τὰς
3105 658 3312 729 σάρκας
3343 654 3486 709 οὕτω
3514 654 3649 725 πρὸς
3676 653 3785 723 γῆν

2198 754 2496 823 καταρρεῖν
2518 765 2533 781 ⁸
2566 752 2645 822 τῷ
2673 752 2730 805 δὲ
2760 751 2898 821 πρὸς
2946 750 3038 803 τὸν
3068 749 3274 819 Κύριον
3311 749 3396 801 ἀεὶ
3428 745 3649 816 βλέπειν
3683 742 3783 796 καὶ

2197 842 2328 915 παρ’
2374 841 2538 897 αὐτοῦ
2588 841 2841 913 δέχεσθαι
2901 842 2999 911 τὴν
3038 841 3412 910 παράκλησιν,
3459 836 3653 907 ἀμέλει
3685 834 3783 889 καλ⁵

2199 933 2419 1004 ἔψαλλε,
2457 934 2824 1005 Κατάρτισαι,
2857 932 3053 1001 λέγων,
3103 934 3298 1002 Κύριε,
3342 932 3410 984 τὰ
3462 928 3782 998 διαδήματὰ

2202 1044 2302 1099 μου
2329 1030 2385 1079 ἐν
2417 1027 2538 1088 ταῖς
2564 1025 2773 1096 τρίϐοις
2805 1042 2921 1087 σου,
2948 1025 3034 1077 ἵνα
3059 1025 3134 1096 μὴ
3158 1023 3461 1077 σαλευθῶσι
3488 1023 3557 1073 τὰ
3585 1018 3782 1087 διασή-

2201 1118 2350 1189 ματά
2380 1134 2505 1187 μου,
2535 1122 2630 1171 καὶ
2668 1117 2861 1173 πάλινο
2896 1114 2977 1169 Τά
2998 1116 3315 1186 διαδήματά
3367 1129 3468 1183 μου
3509 1108 3785 1163 κατεύθυ-

2199 1226 2290 1262 νον
2313 1208 2452 1262 κατά
2474 1208 2534 1261 τὸ
2550 1208 2731 1277 λόγιόν
2754 1224 2870 1270 σου,
2905 1207 2998 1260 καὶ
3036 1207 3113 1277 μὴ
3142 1203 3638 1272 κατακυριευσάτω
3674 1216 3781 1269 μου

2201 1302 2350 1356 πᾶσα
2387 1302 2607 1370 ἀνομία,
2643 1299 2779 1371 πρὸς
2812 1299 3025 1364 τούτοις
3056 1298 3152 1351 καὶ
3182 1297 3282 1367 τὴν
3317 1293 3485 1366 αὐτὴν
3533 1294 3672 1364 ἔχων
3700 1288 3782 1360 τῷ

2201 1394 2636 1463 πρωτομάρτυρι
2679 1392 3025 1463 χρηστότητα
3074 1391 3171 1443 καὶ
3212 1388 3626 1458 φιλανθρωπίαν
3681 1387 3786 1453 τὴν

2200 1485 2373 1556 αὐτὴν
2408 1483 2505 1537 καὶ
2556 1476 2711 1545 οὗτος
2754 1482 2897 1552 ἐφίει
2930 1482 3148 1551 φωνήν·
3209 1481 3408 1550 Κύριε,
3449 1479 3646 1546 λέγων,
3704 1475 3785 1549 μὴ

2202 1576 2408 1645 στήσῃς
2457 1574 2645 1636 αὐτοῖς
2676 1572 2774 1644 τὴν
2834 1571 3109 1642 ἁμαρτίαν
3160 1569 3387 1639 ταύτην.
3430 1569 3518 1631 Ὠς
3544 1565 3639 1621 οῦν
3669 1566 3786 1620 ἀπὸ

2201 1665 2298 1735 τῆς
2332 1665 2505 1736 θήρας
2525 1664 2623 1734 ὀψὲ
2652 1666 2749 1734 τῆς
2783 1663 2933 1734 ὥρας
2966 1660 3255 1714 ἐπανέλθοι
3290 1661 3319 1712 ὁ
3366 1659 3665 1722 Ἀκυλῖνος,
3690 1657 3786 1711 τὸ)

2204 1755 2457 1827 μάρτυρα
2478 1754 2993 1826 μετακαλεσάμενος
3015 1752 3071 1806 ὃν
3089 1752 3311 1822 θήραμα
3332 1750 3533 1820 μᾶλλον
3553 1747 3786 1800 ἔσπευδε

512 1854 870 1919 sacriﬁcare,
931 1867 1000 1906 an
1064 1851 1243 1907 adhuc
1304 1853 1534 1921 pristina
1587 1850 1791 1905 teneris
1841 1848 2095 1903 insania?

2200 1846 2395 1899 ἑαυτοῦ
2415 1844 2584 1910 δεῖξαι
2618 1846 2761 1899 κατά
2802 1844 2930 1897 πολὺ
2958 1842 3294 1915 τιμιώτατον
3316 1859 3329 1872 °
3380 1840 3545 1894 Ἀλλά
3595 1840 3790 1912 πείθῃ,

512 1944 657 2001 Dicit
686 1956 908 2000 sanctus
963 1942 1224 2014 Tryphon
1263 1960 1278 1998 :
1320 1942 1454 1997 Cutn
1492 1942 1721 1997 rationis
1751 1941 1990 2009 expertis
2018 1940 2100 1994 in-

513 2038 683 2092 saniae
713 2046 763 2090 et
824 2035 1207 2105 imprudentia:
1262 2036 1338 2090 sis
1379 2036 1493 2106 ipse
1550 2034 1768 2103 plenus,
1826 2047 1855 2087 a
1900 2032 2099 2087 diaboli

512 2126 683 2184 offusa
709 2129 804 2184 tibi
832 2126 1149 2184 temulentis
1183 2143 1289 2182 non
1333 2136 1485 2196 potes
1521 2126 1860 2196 resipiscere,
1888 2133 1942 2179 ct
1970 2124 2102 2178 ado-

515 2233 638 2274 rare
658 2218 977 2274 Creatorem
1030 2219 1430 2274 universorum.
1484 2216 1596 2288 Ego
1634 2226 1815 2273 autem
1868 2215 2098 2285 sapienti

514 2320 639 2367 utor
694 2311 1133 2375 ratiocinatione,
1186 2326 1293 2365 non
1325 2313 1583 2366 recedens
1617 2312 1684 2364 ab
1721 2325 1808 2374 ea,
1842 2323 1965 2379 quae
2007 2310 2100 2363 dat

513 2401 774 2470 salutem,
820 2404 1071 2458 veritate.
1122 2400 1576 2471 DicitAqnilinus
1599 2400 2088 2471 praelectusu‘lunr

512 2499 700 2557 redeat
731 2497 783 2550 in
819 2508 1121 2559 carcerem,
1153 2502 1208 2549 et
1258 2502 1571 2548 reservetur
1595 2494 1662 2547 ad
1711 2491 1936 2546 alteram
1967 2504 2100 2543 exa-

515 2587 893 2642 tninationem.
926 2583 1091 2640 Forte
1130 2600 1253 2639 cum
1280 2584 1444 2638 fuerit
1469 2582 1639 2648 solus,
1674 2597 1733 2637 se
1762 2581 2095 2644 admonebit,

514 2686 573 2729 ut
595 2675 820 2729 desistat
841 2674 909 2728 ab
937 2671 1040 2729 hac
1058 2672 1199 2727 mala
1228 2672 1602 2742 persuasione.
1634 2670 1772 2727 Cum
1818 2671 1899 2726 sic
1932 2669 2101 2725 dixis-

511 2774 620 2830 ιι,
654 2766 720 2820 ad
759 2763 1020 2819 ﬁnitimas
1052 2771 1302 2835 regiones
1325 2771 1413 2819 est
1443 2761 1742 2834 profectus.

2208 1935 2396 2003 φησιν,
2430 1933 2529 1987 κᾶν
2558 1932 2675 1998 νῦν,
2710 1932 2884 1995 ἄθλιε,
2913 1932 3153 2003 σώφρονι
3200 1929 3509 2003 χρήσασθαι
3535 1930 3791 2000 λογισμῷ

2202 2028 2295 2078 καῖ
2326 2025 2488 2079 θύσαι
2518 2029 2631 2089 τοῖς
2662 2024 2880 2096 θεοῖς,ἢ
2913 2025 2993 2078 ἐτι
3023 2027 3122 2095 τῆς
3145 2024 3419 2095 προτέρας
3437 2021 3538 2094 ἔχῃ
3561 2024 3787 2091 μανίας;

2212 2118 2274 2171 Ὀ
2304 2117 2460 2187 ἅγιος
2495 2117 2732 2189 Τρύφων
2766 2118 2952 2186 λέγει’
2992 2118 3209 2179 Μανίας
3242 2117 3442 2184 ἀλόγου
3490 2117 3583 2168 καὶ
3610 2116 3789 2185 ἀφρο-

2206 2210 2369 2280 σύνης
2406 2212 2605 2282 μεστὸς
2634 2211 2797 2273 αὐτὸς
2827 2212 2902 2265 ὣν
2929 2212 3051 2265 οὐδέ
3084 2210 3217 2283 δύνῃ
3246 2210 3307 2263 τδ
3337 2208 3599 2277 παράπαν
3652 2210 3792 2261 εἵσω

2201 2304 2416 2374 φρενῶν
2439 2304 2716 2373 γενέσθαι,
2747 2305 2842 2357 καὶ
2866 2304 2959 2357 τὸν
2985 2303 3092 2357 τῶν
3118 2302 3257 2356 ὅλων
3294 2302 3596 2371 ἐπιγνῶναι
3627 2300 3789 2353 Θεόνο

2198 2395 2312 2465 ἐγὼ
2341 2397 2398 2450 δέ
2432 2397 2673 2469 σώφρονι
2699 2397 2924 2468 χρῶμαι
2957 2397 3033 2469 τῷ
3056 2396 3441 2468 λογισμῷ,,μὴ
3474 2392 3796 2463 ἀςιστάμε-

2198 2504 2287 2550 νος
2341 2492 2441 2559 τῆς
2489 2489 2773 2561 σωζούσης
2836 2489 3119 2559 ἀληθείας.
3170 2489 3338 2543 Οὐδὲν
3377 2487 3513 2557 πρὸς
3564 2484 3797 2538 ταῦταὸ

2213 2580 2490 2643 Ἀκυλῖνος
2513 2599 2525 2613 ·
2553 2581 2757 2651 ἡδέσθη
2782 2582 2891 2652 γάρ
2919 2582 2980 2634 τὸ
3016 2580 3310 2651 φιλάληθες
3364 2580 3474 2632 τῶν
3522 2577 3797 2649 ῥημάτων

2202 2671 2295 2721 καὶ
2324 2669 2570 2739 ἀκριϐῶς
2602 2670 2911 2742 ἐλεύθερον,
2939 2672 3075 2725 ἀλλὰ
3099 2672 3237 2742 πρὸς
3267 2672 3396 2734 τοὺς
3426 2670 3794 2741 παρεστῶτας

2202 2760 2561 2831 ἐπιστραφείς
2582 2776 2595 2791 ν
2652 2762 2927 2817 Ἑλκέσθω
2961 2780 3020 2817 τε
3052 2761 3183 2834 γοῦι
3214 2765 3293 2827 είς
3326 2762 3386 2815 τὸ
3408 2760 3796 2833 δεσμωτήριον

514 2861 543 2912 ὁ
572 2856 853 2925 γεννάδιος
888 2854 1153 2925 καὶπρὸς
1180 2855 1375 2927 ἐτέραν
1419 2854 1669 2919 ἐξέτασιν
1726 2850 2102 2923 φυλαττέσθω,
2145 2852 2222 2921 μὴ
2286 2851 2384 2905 καὶ
2432 2852 2575 2905 κατὰ
2626 2853 2796 2924 μόνας
2829 2855 3121 2924 γενόμενος
3159 2855 3339 2925 ἑαυτῷ
3384 2854 3485 2923 τῆς
3549 2853 3796 2922 ματαίας

511 2948 819 3012 ἐνστάσεως
856 2946 1164 3016 δέγκαλέσοι
1205 2949 1301 3000 καὶ
1358 2948 1500 3018 μετά
1558 2945 1705 3017 μάθῃ
1756 2946 1819 2998 τὸ
1850 2944 2092 3015 βέλτιον·
2136 2944 2325 3010 Οὕτως
2392 2946 2678 3001 είπὼνέπὶ
2716 2949 2813 3012 τάς
2852 2948 3261 3019 πλησιοχώρους
3288 2949 3452 3017 ἔξεισι
3506 2950 3713 3011 πόλεις.

583 3042 700 3100 Χιι.
734 3045 867 3100 Cum
894 3052 1074 3099 autem
1107 3042 1316 3112 aliquot
1364 3044 1481 3097 dies
1512 3042 1970 3107 intercessissent,
2005 3055 2095 3095 ve-

2276 3040 2376 3097 lB'.
2423 3041 2679 3114 Ἦμερῶν
2710 3041 2767 3095 δέ
2825 3062 2987 3098 τινων
3041 3044 3460 3114 διαγενομένων,
3502 3040 3659 3107 αὖθις
3687 3045 3793 3115 τὴν

512 3139 668 3195 niens
698 3151 887 3193 rursus
913 3133 1175 3201 Nicaeam,
1206 3146 1258 3190 et
1277 3135 1474 3191 sedens
1502 3135 1553 3189 in
1586 3133 1859 3200 tribunali,
1893 3133 2092 3189 sisten-

512 3233 642 3285 dum
669 3228 879 3284 curavit
905 3235 1150 3284 sanctum
1178 3227 1547 3298 Tryphonem,
1579 3237 1632 3282 et
1665 3227 1799 3282 dixit
1828 3243 1843 3281 :
1874 3226 2011 3279 Num
2040 3235 2094 3279 te

436 3342 441 3347 ·
511 3322 798 3393 prolixitas
846 3319 1105 3387 temporis
1141 3314 1449 3382 admonuit,
1483 3328 1542 3373 ut
1574 3333 1771 3388 pareas
1795 3318 2093 3387 imperato-

513 3414 666 3468 ribus
711 3422 766 3467 et
795 3411 1021 3480 supplex
1065 3411 1317 3479 procidas
1373 3410 1477 3464 diis
1528 3407 1937 3465 senatoribus?
1992 3405 2091 3461 Cui

510 3504 649 3561 dixit
683 3513 906 3560 sanctus
938 3511 1140 3573 martyr
1169 3517 1183 3555 :
1213 3500 1357 3556 Deus
1385 3515 1537 3555 mens
1564 3512 1617 3556 et
1645 3499 1903 3554 Dominus
1935 3496 2094 3555 Jesns

510 3596 784 3661 Christus,
824 3596 910 3651 cui
942 3610 1075 3665 pura
1126 3601 1307 3650 mente
1335 3596 1543 3659 servio,
1578 3594 1877 3648 admonens
1906 3594 2093 3646 admo-

510 3690 629 3744 nuit
652 3698 709 3745 et
740 3687 1107 3758 conﬁrmavit,
1142 3697 1203 3742 ut
1233 3686 1623 3744 immutabilem
1654 3695 1710 3742 et
1759 3685 2092 3741 immobilem

509 3782 564 3835 in
589 3797 713 3835 eum
742 3778 900 3835 ﬁdem
921 3792 1150 3834 teneam.
1181 3777 1545 3847 Quamobrem
1565 3792 1688 3832 eum
1714 3776 1888 3831 solum
1914 3786 1972 3831 ut
1999 3790 2093 3830 ve-

508 3885 628 3927 rum
658 3885 839 3939 regem
879 3879 933 3926 et
966 3868 1137 3925 Deum
1167 3871 1421 3924 attendo:
1456 3880 1604 3923 tuam
1634 3879 1816 3922 autem
1852 3867 2088 3922 infelici-

508 3972 674 4020 tatem
708 3972 763 4019 et
794 3965 866 4018 tui
907 3962 1255 4033 imperatoris
1293 3962 1539 4033 despicio
1586 3961 1979 4032 arrogantiam,
2036 3969 2091 4015 et

506 4069 719 4121 eorum,
765 4054 919 4122 quia
964 4053 1117 4109 vobis
1170 4054 1243 4109 dii
1305 4054 1578 4117 coluntur,
1612 4068 1838 4109 eversor
1883 4053 2092 4107 vanita-

512 4157 643 4199 tem.
681 4145 827 4199 Dix‘tt
847 4143 1009 4213 judex
1038 4163 1053 4201 :
1082 4145 1276 4199 Acuti:
1303 4146 1473 4200 clavis
1505 4143 1623 4213 ejus
1650 4144 1816 4215 pedes
1848 4146 2089 4214 perfora-

508 4245 653 4303 te,et
678 4235 1014 4290 verberatum
1039 4249 1135 4304 per
1159 4235 1395 4290 inediam
1414 4237 1686 4291 civitatem
1711 4236 1929 4305 exigite.
1954 4236 2087 4290 Cum

510 4329 605 4385 diu
637 4335 816 4384 autem
848 4339 1103 4399 ageretur
1132 4336 1377 4408 sanctus,
1409 4337 1462 4384 et
1504 4328 1725 4399 sanguis
1750 4328 2090 4398 dispergere-

2200 3133 2436 3188 Νίκαιαν
2456 3135 2737 3202 είσελθὼν,
2771 3138 2867 3191 καὶ
2897 3137 3166 3208 Τρύςρωνα
3189 3139 3279 3189 τὸν
3309 3138 3481 3208 μέγαν
3504 3153 3794 3209 παραστη-

2203 3225 2432 3295 σάμενος
2454 3242 2468 3257 ’
2518 3226 2680 3280 Ἀλλά
2713 3230 2775 3282 τὸ
2799 3229 2893 3283 τοῦ
2922 3238 3114 3301 χρονου
3147 3229 3344 3301 μῆκος,
3377 3230 3505 3301 ἔφη,
3540 3230 3636 3281 καὶ
3658 3228 3793 3282 δυσ-

2202 3319 2363 3390 πειθῇ
2414 3334 2475 3371 σε
2510 3318 2639 3372 ὄντα
2671 3323 2764 3374 καὶ
2814 3324 2889 3392 μὴ
2919 3325 3060 3376 κατά
3113 3324 3272 3391 λόγον
3310 3320 3789 3392 ίσχυρογνώμονα.

2200 3411 2589 3483 νενουθέτηκεν
2619 3412 2685 3466 ἂν
2719 3414 2812 3467 καὶ
2843 3415 3145 3484 μετάπεισε
3174 3414 3459 3467 πείθεσθαι
3500 3413 3793 3486 βασιλεῦσι

2201 3502 2431 3566 καὶτοῖς
2463 3503 2706 3574 σωτῆρσι
2737 3504 3025 3575 λατρεύειν
3069 3506 3245 3574 θεοῖς;
3294 3506 3350 3560 Ὀ
3387 3505 3540 3574 ἅγιος
3573 3506 3792 3576 μάρτυς

2200 3593 2572 3664 ἀπεκρίνατο·
2630 3597 2671 3647 Ο
2724 3596 2857 3658 Θεός
2885 3611 2986 3665 μου
3016 3598 3111 3649 καὶ
3156 3597 3360 3667 Κύριος
3402 3595 3604 3666 Ἰησοῦς
3646 3596 3793 3666 Χρι-

2202 3684 2346 3749 στὸς,
2385 3678 2429 3752 ᾧ
2461 3686 2519 3739 ἐν
2576 3686 2794 3757 καθαρᾷ
2845 3686 3096 3758 λατρεύω
3151 3691 3216 3759 τῇ
3254 3689 3482 3759 διανοίᾳ,
3518 3688 3793 3741 νουθετῶν

2199 3774 2518 3841 ἐνουθέτησε
2549 3777 2643 3829 καὶ
2671 3778 2942 3846 ἀτρεπτόν
2970 3793 3038 3847 με
3070 3778 3162 3829 καὶ
3212 3774 3546 3846 ἀμετάθετον
3574 3776 3673 3845 τὴν
3703 3778 3792 3839 εἰς

2199 3867 2363 3921 αὑτὸν
2394 3866 2687 3936 φυλάττειν
2714 3869 3007 3940 ὁμολογίαν
3044 3870 3210 3934 αὐτὸς
3254 3871 3522 3941 ἐκράτυνε
3556 3867 3654 3939 τὴν
3683 3867 3790 3922 τοῦ

2199 3958 2393 4027 χρόνου
2432 3960 2776 4029 παράστασιν
2808 3964 2888 4025 είς
2924 3961 3147 4016 πλείονά
3173 3978 3266 4033 μοι
3295 3961 3549 4031 γενέσθαι
3578 3959 3789 4031 μᾶλλον

2198 4054 2629 4120 παρασκευάσας
2659 4053 2768 4107 τῶν
2804 4052 3101 4125 δεδομένων
3129 4054 3439 4125 βεϐαίωσιν,
3467 4055 3588 4108 ὅθεν
3618 4052 3789 4107 αὐτὸν

2201 4142 2363 4211 μόνον
2415 4144 2507 4195 καὶ
2555 4143 2781 4212 βασιλέα
2830 4147 2925 4198 καὶ
2959 4146 3091 4199 Θεὸν
3124 4146 3333 4216 ἀψευδῆ
3362 4146 3651 4214 γινώσκω*
3679 4144 3786 4215 τῆς

2199 4231 2301 4300 σῆς
2344 4232 2403 4286 δέ
2453 4235 2831 4306 ταλαιπωρίας
2862 4237 2955 4290 καί⁵
2988 4239 3085 4304 τῆς
3115 4238 3208 4291 τοῦ
3236 4238 3501 4309 βασιλέως
3542 4254 3635 4290 σου
3672 4254 3788 4307 μαι

2196 4325 2483 4396 ταιότητος
2514 4328 2759 4397 ἐσχάτως
2790 4329 3144 4399 καταφρονῶ,
3195 4331 3322 4394 τοὺς
3350 4330 3407 4383 δὲ
3442 4327 3572 4401 παρ’
3624 4327 3785 4398 ὑμῶν

512 4433 617 4487 tnr,
647 4433 704 4476 et
745 4420 962 4476 labores
991 4419 1427 4488 intenderentur,
1457 4429 1512 4474 et
1540 4419 1799 4489 temporis
1825 4419 2090 4489 asperitas

2201 4418 2529 4489 σεϐομένους
2561 4421 2718 4484 θεοὺς
2746 4420 3001 4475 τοσοῦτον
3032 4423 3223 4493 ἀπέχω
3252 4424 3439 4495 τιμᾷν,
3473 4420 3545 4484 ὡς
3584 4422 3681 4474 καὶ
3716 4419 3786 4474 τὸ

509 4513 793 4568 exhiberet
816 4513 1118 4568 molestiam
1155 4512 1295 4583 (erat
1347 4512 1490 4566 enim
1538 4512 1693 4582 vigor
1718 4511 1970 4581 hyemis),
2001 4511 2090 4564 in-

506 4606 761 4663 ﬂexibilis
796 4618 847 4662 et
880 4608 1116 4663 invictus
1154 4606 1354 4662 mansit
1396 4606 1743 4677 cogitatione.
1775 4603 1911 4659 Nam
1964 4613 2091 4659 ante

510 4713 570 4752 se
608 4697 887 4753 Cbristmn
942 4697 1266 4768 praevidens,
1310 4706 1365 4753 et
1410 4699 1767 4753 considerans
1802 4694 2090 4752 beatitudi.

511 4805 636 4843 nem
694 4805 813 4857 qua:
843 4790 1051 4847 sanctis
1085 4798 1166 4845 est
1199 4792 1458 4860 reposita,
1488 4790 1715 4861 perinde
1743 4803 1807 4845 ac
1832 4789 1879 4845 si
1910 4800 2094 4844 essent

512 4895 761 4941 rorantes
785 4883 976 4939 imbris
1030 4882 1215 4952 stillae,
1273 4885 1535 4939 sustinuit
1560 4884 1644 4939 vel
1677 4884 1802 4939 nive
1838 4882 2094 4939 densiora

511 4973 800 5043 supplicia.

2202 4512 2560 4583 μυκτηρίζειν
2614 4513 2781 4584 μέρος
2828 4514 3110 4577 εὐσεϐείας
3161 4510 3305 4567 εῐναι
3364 4513 3627 4584 νομίζειν,
3683 4512 3789 4567 καὶ

2199 4604 2394 4673 ἀνδρὸς
2424 4604 2549 4659 νοῦν
2583 4606 2799 4676 ἔχοντος
2826 4605 3028 4677 ἀληθὲς
3080 4606 3370 4678 σύμὸολον.
3415 4608 3531 4662 Οὐκ
3575 4607 3782 4677 ἤνεγκε

2190 4699 2299 4755 τῶν
2350 4701 2525 4770 λόγων
2559 4702 2657 4774 τὴν
2700 4704 3017 4774 παρρησίαν
3067 4701 3096 4752 ὁ
3133 4702 3231 4772 τῆς
3267 4700 3528 4772 ἀληθείας
3557 4700 3780 4772 ἐχθρὸς,

2192 4790 2307 4845 ἀλλ’
2329 4785 2375 4860 ᾧ
2416 4790 2493 4862 μὴ
2526 4792 2830 4865 ἀντιλέγειν
2862 4793 3115 4864 ἠδύνατο,
3168 4796 3324 4864 νικᾷν
3356 4792 3557 4863 μᾶλλον
3585 4795 3651 4843 ἐκ
3682 4792 3781 4846 τοῦ

2193 4882 2447 4948 κολάζειν
2504 4884 2753 4954 ἀνοήτως
2803 4884 3094 4953 ἐσκέψατο.
3137 4881 3441 4953 Τοιγαροῦν
3486 4875 3608 4953 ἧλοι
3666 4882 3783 4943 τοῖς

2194 4978 2354 5029 ποσὶν
2382 4975 2550 5029 αὐτοῦ
2582 4976 2976 5047 κατεπείροντο
3008 4976 3101 5029 καὶ
3124 4975 3462 5047 τυπτόμενος
3484 4976 3571 5028 διὰ
3601 4975 3782 5044 μέσης

509 5067 718 5132 πόλεως
748 5067 1103 5139 ἐξηλαύνετο·
1136 5069 1229 5123 ἐπὶ
1254 5068 1389 5123 πολὺ
1422 5068 1479 5121 δέ
1508 5066 1682 5132 οὕτως
1727 5066 2093 5138 ἐλαυνομένου
2134 5068 2229 5122 καὶ
2255 5069 2364 5123 τῶν
2391 5070 2641 5140 αἱμάτων
2703 5070 2800 5142 τὴν
2825 5070 2929 5140 γῆν
2959 5074 3366 5139 φοινισσόντων,
3391 5070 3564 5132 ἄλλως
3617 5084 3677 5120 τε
3718 5068 3783 5123 δὲ

507 5160 604 5213 καὶ
656 5164 718 5214 το
769 5161 865 5214 τοῦ
898 5159 1094 5232 καιροῦ
1128 5161 1411 5233 χειμέριον
1454 5162 1518 5215 τὸ
1544 5160 1711 5232 δριμὺ
1739 5159 1848 5216 τῶν
1886 5161 2090 5217 ὀδυνῶν
2127 5164 2422 5230 ἐπιτεῖνον,
2482 5167 2688 5227 ὲκείνος
2717 5164 2998 5228 ἀνένδοτος
3060 5159 3129 5236 ἦν
3159 5166 3252 5219 καὶ
3306 5164 3627 5235 ἀχείρωτος,
3701 5163 3781 5225 ὡς

505 5254 696 5327 δρόσον
734 5255 968 5326 ψεκᾴδος
999 5259 1102 5322 τὰς
1133 5258 1364 5344 νιφάδας
1422 5257 1534 5313 τῶν
1582 5257 1853 5328 ἀλγεινῶν
1885 5256 2261 5330 λογιζόμενος,
2301 5259 2390 5314 διά
2450 5261 2540 5315 τὸν
2571 5260 2906 5332 ποθούμενον
2931 5261 3081 5333 αὐτῷ
3101 5261 3202 5331 τῆς
3263 5262 3475 5333 τρυφῆς
3536 5262 3779 5332 χειμάρο

507 5356 657 5426 ρουν.

577 5446 717 5504 ΧΠΙ.
750 5446 848 5504 llis
893 5454 1074 5503 autem
1105 5448 1262 5504 valde
1312 5447 1720 5519 obstupefactus
1768 5448 2079 5520 Aquilinus,

2260 5449 2360 5506 ll".
2414 5451 2568 5505 Ἐπεὶ
2592 5450 2648 5504 δὲ
2672 5450 2815 5505 οὕτω
2849 5452 3103 5523 γέροντος
3131 5451 3394 5523 ἔκπληξις
3423 5453 3514 5507 τὸν
3553 5453 3779 5507 ’Δκυλί-

503 5541 821 5611 Quousque,
840 5543 1034 5611 inquit,
1052 5558 1086 5599 ο
1111 5542 1387 5615 Tryphon,
1405 5558 1510 5600 non
1541 5547 1746 5600 senties
1767 5559 2033 5600 tormenta
2057 5545 2081 5599 3

2200 5561 2279 5598 νον
2308 5540 2422 5614 εἶχε
2476 5544 2684 5615 πολλή·
2734 5546 2915 5617 Μέχρι
2977 5547 3142 5613 τίνος,
3190 5539 3235 5600 ὦ
3288 5547 3545 5618 Τρύφων,
3581 5551 3775 5616 φησὶν,

504 5637 799 5707 Quousque
830 5648 881 5693 te
911 5650 1017 5691 non
1042 5646 1221 5707 tanget
1240 5638 1489 5694 dolorum
1520 5638 1826 5694 acerbitas?
1849 5636 2080 5694 Sanctus

2200 5638 2288 5691 ῡῦκ
2315 5638 2553 5712 αίσθήσῃ
2581 5639 2690 5695 τῶν
2718 5639 3023 5709 ἀλγεινῶνς
3056 5640 3234 5712 Μέχρι
3260 5640 3408 5703 τινος
3455 5639 3552 5711 οὐχ
3572 5640 3773 5709 ἅψεται

546 5767 596 5861 Γ*
631 5790 775 5845 Psal.
806 5808 918 5860 xw,
960 5797 1015 5852 5.
1092 5799 1113 5829 '
1150 5797 1297 5857 Psal.
1324 5812 1510 5868 cxvnt,
1543 5800 1667 5857 l33.
1727 5797 1772 5872 _’
1801 5800 1920 5855 Act.
1954 5815 2048 5865 vn,
2085 5800 2169 5857 59.
