4160 6422
400 322 536 386 133:5

1624 319 1804 382 νῐΤΛ
1844 319 1906 380 S.
1945 315 2406 380 TRYPHONIS.

3530 319 3665 385 13:6

395 457 488 494 σου
542 437 601 491 τὸ
662 436 828 508 δριμὺ
864 433 974 490 τῶν
1006 432 1325 500 κολάσεωνς
1365 432 1426 485 '0
1455 431 1511 485 δὲ
1545 432 1724 500 ἅγιος,
1783 431 1974 503 ὥσπερ

2089 444 2213 485 vero
2259 429 2514 501 Tryphon
2550 427 2868 500 respondit:
2909 427 3201 500 Quousque
3232 438 3285 485 tu
3315 445 3421 486 non
3477 431 3645 487 intelli

393 531 764 605 ἀντιστρέφων
796 530 862 585 ἐκ
883 529 997 583 τῶν
1023 527 1228 600 ὁμοίων
1253 545 1267 558 ·
1305 527 1489 598 Μέχρι
1517 525 1684 588 τίνος.
1736 521 1880 590 εἷπε,
1910 526 1972 578 οὐ

391 627 646 698 συνήσεις
676 625 841 689 αὐτὸς
869 621 970 694 τὴν
1007 621 1239 692 δύναμιν
1271 617 1366 673 τοῦ
1397 621 1458 673 ἐν
1485 619 1609 689 ἐμοὶ
1654 617 1977 672 κατοικοῦν-

392 735 522 784 tog;
559 717 740 786 Μέχρι
772 715 920 779 τίνος
958 714 1056 768 οὐκ
1078 714 1300 784 ἀνήσεις
1327 709 1606 781 πειράζων
1632 710 1690 764 τὸ
1717 709 1810 763 τοῦ
1839 708 1976 763 Θεοῦ

394 810 618 879 Πνεῦμα
646 808 709 860 τὸ
739 806 935 876 ἆγιον;
961 805 1189 859 Οὐδέπω
1214 804 1384 875 ᾔσθου
1417 803 1675 874 ἀνίκητον
1706 799 1846 856 εἶναι
1878 804 1981 874 τὴν

389 902 484 956 τοῦ
515 898 758 971 Χριστοῦ
791 899 1052 968 δύναμινς
1085 896 1268 966 Θυμδς
1307 894 1445 966 πρὸς
1482 895 1660 950 ταῦτα
1709 893 1980 966 λαμΰάνει

389 996 480 1049 τὸν
529 992 792 1061 δικαστὴν
861 991 955 1045 καὶ
1010 989 1229 1043 κελεύει
1284 987 1834 1058 περιαγκωνισθέντα
1887 989 1981 1041 τὸν

391 1083 546 1150 ’ἅγιον
570 1081 875 1134 τύπτεσθαι
903 1079 1126 1152 ῥάϐδοις
1150 1095 1164 1110 ⁸
1202 1073 1327 1132 εἶτα
1365 1079 1488 1141 ταῖς
1521 1077 1786 1149 πλευραῖς
1809 1077 1978 1133 αὐτοῦ

390 1170 680 1242 λαμπάδας
720 1169 1066 1240 ὑφάπτεσθαι
1101 1169 1276 1240 πυρός
1301 1185 1312 1198 ·
1347 1168 1503 1223 Μετὰ
1531 1168 1736 1239 πολλῆς
1761 1165 1848 1222 οὖν
1880 1171 1980 1241 τῆς

392 1264 756 1335 σφοδρότητος
795 1263 893 1316 καὶ
935 1261 1143 1317 τούτων
1169 1259 1320 1331 αὑτῷ
1345 1261 1456 1315 τῶν
1503 1260 1754 1332 βασάνων
1782 1262 1981 1330 ἐπαγοο

392 1359 590 1429 μένων,
631 1356 752 1410 θεῖά
782 1373 866 1420 τις
888 1354 1188 1427 οὐρανόθεν
1219 1353 1481 1424 ἐξαίφνης
1498 1353 1664 1408 αὑτὸν
1691 1356 1983 1423 ἐπιφάνεια

389 1450 826 1521 καταστρόιψασα
881 1449 978 1504 καὶ
1015 1447 1282 1516 στέφανον
1313 1445 1477 1519 ἐῴκει
1539 1447 1664 1502 τινὰ
1697 1448 1982 1517 πάγκαλον

387 1542 554 1595 λίθων
583 1541 706 1614 ὥρᾳ
759 1542 854 1596 καὶ
905 1539 1097 1611 χάρισι
1156 1539 1646 1612 περιανθιζόμενον
1673 1540 1983 1611 προτείνειν

390 1634 562 1706 αὐτῷ,
605 1635 744 1705 ὅπερ
775 1634 1056 1703 ἐκπλῆξαν
1087 1633 1324 1705 ἰσχυρῶς
1365 1633 1494 1696 τοὺς
1537 1632 1675 1703 πρὸς
1723 1633 1784 1686 τὸ
1823 1632 1984 1687 κολά-

392 1727 505 1793 ζειν
545 1727 640 1780 τὸν
667 1728 826 1796 ἅγιον
863 1726 1330 1797 περιισταμένους
1378 1726 1475 1778 καὶ
1517 1725 1598 1786 είς
1645 1725 1750 1794 γῆν
1799 1741 1984 1796 παραυ

2081 536 2176 591 ges
2205 520 2459 576 virtutem
2491 519 2715 587 Christi,
2753 537 2875 592 quae
2897 522 2952 577 in
2994 537 3080 578 me
3111 533 3294 579 manet
3321 522 3346 578 ‘l
3379 523 3668 595 Quousqut

2082 627 2188 668 non
2224 613 2440 668 desines
2475 619 2690 666 tentare
2709 609 2972 682 Spiritum
3011 614 3300 669 sanctum?
3324 614 3508 683 Miser,
3532 633 3668 670 non—

2082 707 2209 761 dum
2233 704 2450 760 sensisti
2474 704 2730 759 invictam
2752 718 2874 760 esse
2893 703 3096 762 Christi
3127 706 3422 778 potentiam
3443 706 3469 761 ?
3516 708 3668 763 Tunc

2085 799 2161 853 ira
2196 796 2436 866 repletus
2490 794 2708 865 impius,
2755 795 2912 861 jubet
2959 812 3087 853 eum
3140 799 3488 855 circumactis
3529 800 3670 855 ulnis

2083 889 2366 946 verberari
2396 887 2588 958 virgis,
2623 887 2821 942 deinde
2848 887 2964 956 ejus
3007 889 3270 946 lateribus
3300 891 3543 946 adhiberi
3584 892 3668 945 fa-

2084 995 2175 1036 ces
2208 979 2368 1052 ignis.
2403 979 2537 1035 Cum
2565 993 2697 1048 ergo
2725 992 2845 1034 cum
2876 994 3071 1051 magna
3104 982 3442 1038 vehementia
3478 985 3590 1039 haec
3621 985 3669 1038 ei

2087 1072 2464 1144 iulligerentur
2515 1080 2808 1140 tormenta,
2861 1071 3084 1132 divinus
3139 1077 3358 1145 quidam
3413 1079 3671 1148 splendor

2083 1181 2207 1220 eum
2233 1175 2452 1237 repente
2469 1167 2747 1224 illustrans
2775 1178 2830 1226 et
2852 1169 3297 1242 circumfulgens,
3326 1172 3674 1244 divinamque

2084 1267 2138 1312 et
2165 1259 2313 1313 omni
2340 1274 2404 1314 ex
2422 1270 2579 1330 parte
2605 1261 2889 1330 pulchram
2922 1278 3178 1319 coronam
3202 1263 3485 1322 ﬂorentem
3521 1281 3673 1335 gem.

2086 1351 2188 1406 mis
2220 1353 2487 1422 praebens,
2522 1361 2746 1424 stupore
2779 1355 2996 1426 quidem
3027 1356 3190 1414 allicit
3234 1373 3329 1414 eos
3352 1360 3442 1429 qui
3463 1359 3529 1415 de
3558 1361 3676 1431 ipso

2087 1443 2361 1500 habebant
2400 1445 2755 1515 quazstionem
2810 1449 2924 1518 (qui
2979 1449 3202 1519 quidem
3245 1452 3512 1521 putabant
3549 1467 3674 1508 eum

2089 1535 2382 1608 torqueri),
2417 1552 2542 1592 cum
2579 1539 2682 1594 hoc
2709 1554 2961 1609 magnum
2996 1549 3052 1596 et
3067 1542 3210 1611 quod
3236 1549 3487 1597 naturam
3517 1543 3677 1613 longe

2088 1635 2332 1695 superat,
2389 1627 2656 1684 vidissent
2711 1628 3074 1686 miraculum:
3111 1639 3168 1686 et
3215 1631 3393 1688 cﬂ'ecit
3418 1673 3434 1697 ,
3469 1641 3531 1688 ttt
3565 1648 3678 1703 pra;

2091 1728 2316 1790 stupore
2347 1720 2384 1775 ii
2417 1725 2471 1776 In
2501 1730 2701 1777 terram
2749 1723 3029 1779 caderent.
3083 1723 3286 1781 Christi
3315 1737 3496 1781 autem
3531 1743 3676 1783 tnar~

393 1817 653 1880 σκευάζει
683 1819 1041 1870 καταπεσεῖν.
1086 1817 1146 1869 '0
1167 1815 1225 1870 δὲ
1247 1815 1344 1870 τοῦ
1375 1814 1616 1886 Χριστοῦ
1650 1816 1855 1888 μάρτυς
1881 1815 1984 1869 ὑπὸ

2093 1819 2199 1880 tyr,
2225 1825 2254 1866 a
2283 1811 2500 1882 superis
2531 1812 2816 1868 advenisse
2844 1822 3102 1883 expertus
3129 1815 3498 1872 defensionem
3523 1857 3538 1882 ,
3572 1817 3675 1873 im-

389 1914 486 1980 τῆς
518 1909 780 1980 ὀφθείσης
823 1908 974 1977 αὐτῷ
1014 1907 1167 1971 θείας
1198 1908 1422 1978 χάριτος
1453 1907 1691 1978 Θάρσους
1726 1909 1846 1978 ἅμα
1885 1909 1984 1961 καὶ

387 2002 804 2072 ἀγαλλιὰματος
860 2001 1197 2072 πληρωθεὶς,
1261 1999 1668 2070 ἐξωμολογεῖτο
1725 2000 1804 2071 τῷ
1863 1999 1984 2070 Θεῷ

386 2093 599 2162 Λέγων·
660 2092 835 2163 Κύριε
899 2093 1173 2158 Δέσποτα,
1231 2092 1547 2164 εὐχαριστῶ
1581 2109 1686 2158 σοι,
1747 2093 1831 2146 ὅτι
1882 2092 1985 2146 οὐκ

386 2186 662 2249 ἀπέλιπες
713 2203 779 2256 με
807 2187 888 2249 είς
913 2187 1106 2256 χεῖρας
1149 2183 1406 2256 ἐχθρῶν,
1459 2184 1579 2239 ἀλλ’
1645 2184 1984 2248 ἐπεσκίασας

387 2279 481 2332 ἐπὶ
511 2278 610 2349 τὴν
638 2277 883 2350 κεφαλήν
921 2293 1024 2348 μου
1059 2279 1118 2331 ἐν
1143 2277 1332 2349 ἡμέρᾳ
1384 2277 1624 2348 πολέμου
1657 2278 1750 2332 καὶ
1777 2277 1985 2342 ἔδωκάς

391 2386 484 2440 μἰι
539 2367 967 2439 ὑπερασπισμὺν
1029 2367 1309 2438 σωτηρίας
1343 2367 1439 2422 καὶ
1471 2370 1505 2439 ή
1539 2368 1692 2434 δεξιὰ
1719 2385 1814 2422 σου
1849 2370 1981 2424 ἀντ-

388 2461 614 2516 ελάϐετό
647 2479 773 2531 μου.
813 2461 927 2516 Καὶ
975 2460 1094 2528 νῦν,
1149 2462 1348 2534 Κύριε,
1402 2462 1594 2534 δέομαί
1645 2480 1763 2528 σου,
1799 2463 1983 2535 παρὰ·

390 2553 546 2622 στηθί
583 2570 673 2623 μοι
703 2552 868 2624 μέχρι
890 2553 1104 2618 τέλους,
1147 2553 1419 2626 ἐνισχύων
1450 2555 1547 2609 καὶ
1579 2553 1987 2625 ἀντιλαμϐανό·

392 2663 552 2714 μενος
578 2647 674 2700 καὶ
705 2646 1050 2713 καταξίωσον
1087 2647 1298 2702 τέλειον
1348 2649 1438 2702 καὶ
1504 2648 1862 2719 ἀπρόσκοπον
1892 2646 1985 2699 τὸν

389 2737 555 2790 καλὸν
583 2737 772 2806 ἀγῶνα
824 2737 924 2808 τῆς
978 2738 1276 2808 ὁμολογίας
1324 2739 1531 2809 ταύτης
1580 2739 1983 2808 ἀγωνίσασθαι,

393 2826 477 2880 ἵνα
507 2828 601 2880 καὶ
637 2829 732 2881 τοῦ
757 2829 1028 2898 στεφάνου
1057 2830 1157 2899 τῆς
1187 2829 1541 2900 δικαιοσύνης
1591 2832 1732 2900 μετά
1763 2831 1985 2885 πάντων

391 2917 718 2984 καταξιωθῶ
742 2919 852 2974 τῶν
887 2920 1263 2990 ὴγαπηκότων
1291 2921 1352 2975 τὸ
1393 2921 1566 2993 ὄνομά
1593 2939 1686 2975 σου
1708 2923 1770 2975 τὸ
1803 2921 1984 2989 ἅγιον,

389 3009 473 3062 ὃτι
506 3010 664 3080 μόνος
699 3008 748 3065 εἴ
783 3010 1174 3083 δεδοξασμένος
1203 3015 1284 3078 είς
1315 3015 1443 3078 τοὺς
1470 3015 1698 3078 αἰῶνας.
1749 3015 1944 3086 Ἀμήν.

463 3100 558 3157 ΙΔ’.
592 3103 762 3158 Πάλιν
793 3104 886 3158 οὖν
917 3106 946 3158 ό
978 3107 1176 3177 μιαρὸς
1231 3107 1440 3170 ἐκεῖνος
1470 3107 1730 3180 δικαστὴς
1755 3107 1860 3161 ὑπὸ
1888 3107 1982 3162 τοῦ

393 3195 450 3247 ἔν
483 3195 637 3267 αὑτῴ
679 3196 970 3262 λαλοῦντος
1023 3197 1282 3269 δαίμονος
1329 3199 1740 3272 συνωθούμενος
1763 3202 1983 3274 περιῄει

399 3284 481 3338 τὸν
513 3286 758 3356 ἀθλητὴν
785 3286 1098 3352 κολακείαις
1129 3289 1402 3361 ὑποσύραι
1436 3289 1780 3361 πειρώμενος
1804 3307 1820 3324 ·
1861 3291 1981 3358 καὶ,

391 3376 588 3440 Θῦδον,
620 3376 798 3446 ἔλεγε,
818 3378 895 3448 τῷ
920 3379 1142 3450 μεγάλῳ
1165 3380 1272 3444 Διὶ,
1299 3379 1535 3452 Τρύφων
1559 3381 1652 3434 καὶ
1675 3382 1987 3454 προσκύνη-

395 3485 486 3525 σον
515 3472 581 3540 τῇ
610 3471 780 3524 εἰκόνι
803 3472 1106 3543 Καίσαρος,
1137 3471 1296 3541 κάγὼ
1333 3472 1598 3545 μεγίστης
1631 3475 1729 3530 καὶ
1764 3473 1985 3546 δωρεῶν

395 3578 452 3613 σε
478 3561 748 3638 πλείστων
772 3563 1014 3630 ἀξιώσας
1037 3565 1327 3636 ἐκπέμψω.
1348 3567 1466 3635 Ἐφ’
1488 3563 1568 3630 οἷς
1587 3568 1681 3621 καὶ
1707 3569 1985 3638 μειδιάσαι

391 3655 482 3708 τὸν
519 3654 682 3724 ἅγιον
704 3657 954 3722 ἐπελθὸν,
997 3658 1058 3709 Εἰ
1087 3657 1255 3711 αὑτοῦ
1288 3656 1526 3723 ἐκείνου,
1566 3660 1733 3727 φάναι
1778 3659 1870 3713 τοῦ
1901 3677 1989 3714 σε·

394 3748 594 3802 ϐαστοῦ
657 3765 753 3802 σου
807 3749 1195 3819 κατεφρόνησα
1229 3749 1483 3821 φανερῶς
1539 3750 1634 3804 καὶ
1695 3749 1762 3814 ἃς
1807 3751 1984 3820 ἔθετο,

393 3841 723 3911 προστάξεις
755 3840 1145 3912 μυκτηρισμὺν
1177 3841 1315 3904 ὅλως
1349 3839 1447 3893 καὶ
1471 3840 1672 3911 χλεύην
1719 3843 1988 3914 ἐποιησά-

399 3950 527 4004 μην,
561 3935 625 4002 τῇ
660 3931 854 4004 ἀψύχῳ
877 3931 1070 3984 τούτου
1106 3930 1279 3984 εἰκόνι
1327 3932 1702 4003 πεισθήσομαι
1744 3935 1988 4005 προσκυ-

396 4028 504 4077 νεῖν
523 4044 541 4090 ;
574 4025 788 4096 Σφόδρα
816 4024 884 4078 ἂν
916 4026 1014 4079 καὶ
1053 4024 1216 4088 αὐτὸς
1245 4018 1313 4096 ἦς
1345 4024 1597 4091 πιθανὸς,
1627 4025 1785 4093 κάγὼ
1824 4025 1984 4080 εὔκο-

2089 1900 2263 1970 pictus
2313 1901 2506 1958 ﬁducia
2532 1912 2587 1958 et
2614 1904 3002 1973 exsultatione,
3040 1905 3151 1962 Deo
3176 1907 3556 1974 conﬁtebatur,
3594 1909 3679 1962 di—

2086 2005 2256 2046 cens:
2295 1992 2536 2059 Domine,
2571 2009 2672 2064 ago
2703 1996 2801 2050 tibi
2834 1997 3062 2068 gratias,
3093 1999 3238 2070 quod
3273 2014 3377 2054 non
3407 1999 3673 2069 reliquisti

2072 2089 2174 2140 ‘me
2206 2085 2259 2139 in
2293 2085 2546 2142 manibus
2587 2087 2936 2144 inimicorum
2968 2106 2983 2144 :
3018 2096 3112 2145 sed
3142 2091 3480 2146 obumbrasti
3514 2107 3678 2161 super

2087 2187 2252 2248 caput
2292 2192 2472 2234 meum
2509 2180 2561 2233 in
2591 2179 2680 2236 die
2709 2180 2856 2248 belli,
2907 2191 2962 2237 et
2984 2183 3181 2238 dedisti
3216 2185 3347 2239 tnihi
3387 2187 3679 2254 protectim

2089 2285 2210 2325 nem
2249 2270 2464 2336 salutis,
2521 2282 2576 2328 et
2609 2273 2832 2329 dextera
2884 2283 2972 2329 tua
3004 2276 3242 2346 suscepit
3271 2291 3376 2332 me.
3415 2277 3476 2330 Et
3506 2293 3674 2341 nunc.

2087 2362 2336 2428 Domine,
2372 2378 2504 2436 rogo
2536 2373 2608 2433 te,
2658 2366 2807 2422 adsis
2853 2367 2984 2422 mihi
3017 2380 3313 2438 perpetuo,
3343 2370 3678 2425 continuatus

2089 2467 2142 2511 et
2171 2458 2489 2526 defendens,
2543 2469 2599 2515 et
2628 2459 2857 2531 dignare
2908 2475 2997 2516 me
3023 2460 3264 2530 perfecte
3307 2473 3362 2518 et
3399 2464 3517 2518 sine
3570 2463 3678 2518 ulla

2088 2548 2387 2605 offensione
2417 2551 2696 2606 decertare
2715 2551 2821 2607 hoc
2849 2553 3138 2623 pulchrum
3173 2564 3448 2610 certamen
3466 2555 3680 2611 confes-

2087 2639 2276 2707 sionis,
2311 2651 2368 2696 ut
2394 2641 2558 2696 etiam
2591 2657 2789 2698 corona
2811 2644 3038 2712 justitiat
3083 2645 3278 2717 dignus
3315 2646 3520 2702 habear
3551 2661 3676 2702 cum

2088 2735 2345 2788 omnibus
2375 2736 2466 2806 qui
2501 2744 2650 2792 tuum
2679 2751 2876 2792 nomen
2907 2747 3156 2794 sanctum
3181 2739 3505 2796 dilexerunt.
3527 2741 3679 2808 Quo-

2089 2825 2236 2881 nium
2265 2827 2416 2883 solus
2453 2843 2515 2884 es
2543 2828 2879 2899 gloriﬁcatus
2913 2829 2970 2887 in
2995 2830 3212 2887 saecula.
3245 2829 3441 2889 Amen.

2161 3094 2304 3154 XIV.
2339 3096 2548 3155 Rursus
2603 3106 2786 3155 autem
2834 3103 3204 3160 essecrandus
3248 3105 3338 3161 ille
3381 3106 3546 3178 judes
3581 3123 3678 3166 ac-

2088 3203 2308 3246 cersens
2341 3191 2626 3257 athletam,
2669 3201 2726 3248 et
2774 3193 2940 3248 veluti
2976 3195 3184 3251 adulari
3216 3211 3328 3268 pra:
3357 3212 3416 3254 se
3443 3198 3623 3256 ferens
3658 3219 3672 3257 :

2089 3281 2371 3350 Sacriﬁca,
2407 3283 2642 3350 dicebat,
2669 3299 2704 3340 ο
2739 3282 3018 3358 Tryphon,
3038 3302 3237 3358 magno
3260 3287 3400 3355 Jovi,
3423 3299 3476 3345 et
3509 3291 3674 3346 adora

2089 3371 2378 3443 imaginem
2396 3371 2654 3438 Caesaris,
2682 3384 2741 3430 et
2782 3391 2882 3446 ego
2905 3384 2958 3432 te
2991 3377 3260 3433 dimittam
3289 3381 3544 3438 maximis
3576 3384 3675 3439 lto-

2090 3466 2314 3524 noribus
2360 3467 2611 3526 allectum
2663 3480 2718 3527 et
2763 3473 3099 3530 muneribus.
3154 3474 3390 3533 Sanctus
3417 3477 3675 3551 Tryphon

2091 3562 2402 3628 subridens,
2430 3563 2570 3618 dixit
2599 3581 2614 3619 :
2641 3564 2700 3619 Si
2723 3564 2872 3620 illum
2902 3566 3076 3636 ipsum
3103 3567 3406 3638 Augustum
3429 3570 3674 3641 despexi,

2087 3662 2144 3708 et
2168 3668 2198 3707 a
2229 3654 2440 3710 ratione
2474 3655 2650 3711 aliena
2677 3655 2798 3726 ejus
2821 3656 2976 3726 jussa
2999 3660 3204 3728 respui,
3233 3661 3528 3716 inanimam
3557 3664 3680 3734 ejus

2090 3746 2412 3813 imaginem,
2470 3747 2707 3803 humana
2755 3760 2874 3805 arte
2925 3760 2982 3804 et
3031 3752 3305 3807 coloribus
3363 3752 3676 3823 formatam,

2091 3837 2367 3892 adorabo?
2390 3839 2565 3896 Absit.
2591 3840 2666 3896 De
2692 3839 2828 3896 Jove
2870 3857 2997 3897 vero
3025 3852 3078 3896 et
3114 3843 3240 3898 aliis
3263 3844 3392 3911 tuis,
3419 3845 3512 3916 qui
3539 3845 3679 3903 falso

2091 3947 2312 3988 nomtue
2331 3933 2585 3989 dicuntur
2616 3935 2714 4001 dii,
2748 3935 3016 4007 interroga
3039 3950 3153 4002 eos,
3188 3938 3280 4010 qui
3307 3937 3447 3994 inter
3491 3953 3590 3996 vos
3617 3954 3680 3997 se

2085 4025 2298 4096 jactant
2349 4025 2418 4082 de
2455 4028 2748 4097 sapientia,
2781 4028 2876 4097 qui
2924 4029 3068 4097 quod
3099 4043 3167 4084 ex
3201 4030 3289 4096 iis,
3344 4045 3465 4102 qua:
3492 4033 3560 4088 de
3611 4033 3680 4088 iis

396 4116 487 4182 λός
511 4135 596 4183 τις
628 4118 766 4186 πρὸς
799 4116 1040 4186 ἀπάτην,
1101 4121 1199 4173 καὶ
1230 4119 1546 4190 πρόχειρος.
1607 4117 1748 4191 Περὶ
1783 4120 1904 4183 Διὸς
1931 4119 1984 4173 δὲ

2092 4116 2348 4171 dicuntur
2390 4117 2610 4182 fabulis,
2646 4118 2712 4173 iis
2741 4119 2833 4188 qui
2860 4119 3100 4188 sapiunt,
3125 4129 3352 4191 apparet
3377 4131 3556 4192 turpe,
3584 4137 3671 4179 cor

397 4211 492 4262 καὶ
515 4210 623 4262 τῶν
653 4209 829 4265 ἄλλων
881 4227 977 4264 σου
1031 4209 1404 4282 ψευδωνύμων
1461 4210 1624 4278 θεῶν,
1655 4210 1839 4281 ἐρώτα
1861 4212 1984 4275 τοὺς

2093 4220 2295 4262 nantur
2377 4208 2634 4278 effugere,
2692 4206 2880 4265 Jovem
2941 4211 3159 4282 quidem
3216 4212 3404 4269 dicunt
3449 4215 3679 4283 aethera,

397 4300 493 4357 ἐπὶ
534 4301 698 4372 σοφίᾳ
730 4300 863 4371 παρ’
893 4301 1022 4371 ὑμῖν
1055 4301 1567 4372 μεγαφρονοῦντας,
1606 4301 1656 4354 οἳ
1695 4302 1756 4355 τὸ
1786 4303 1852 4356 ἐκ
1889 4303 1984 4371 τῆς

2092 4298 2358 4355 Iunonem
2389 4311 2572 4356 autem
2604 4316 2809 4367 aerem,
2845 4311 2900 4358 et
2929 4303 3184 4360 Cererem
3225 4316 3451 4371 terram,
3489 4317 3545 4363 et
3569 4307 3677 4366 Nec

400 4391 734 4463 μυθολογίας
779 4393 1005 4464 αίσχρὸν
1043 4392 1381 4463 πειρώμενοι
1426 4393 1855 4462 συγκαλύπτειν,
1891 4395 1984 4447 Δία

2096 4405 2320 4464 ptunum
2352 4395 2570 4464 quidem
2627 4410 2816 4461 mare,
2867 4396 3172 4466 Apollinem
3209 4412 3336 4453 vero
3379 4399 3570 4468 solem,
3621 4413 3673 4458 et

405 4485 504 4555 μὲν
533 4484 623 4536 τὸν
657 4483 876 4554 αἰθέρα,
938 4484 1118 4554 Ἥραν
1166 4483 1224 4538 δέ
1285 4485 1377 4538 τὸν
1430 4485 1572 4558 ἀέρα
1627 4486 1724 4541 καὶ
1754 4487 1853 4558 τὴν
1888 4487 1984 4557 γῆν

2096 4486 2276 4540 lunam
2336 4487 2558 4542 Dianam
2615 4487 2988 4542 nominarunt.
3046 4487 3192 4544 ldetn
3243 4491 3378 4547 mihi
3424 4493 3680 4550 videntur

397 4579 719 4654 Δήμητραν,
747 4576 839 4630 καὶ
869 4575 1184 4630 Ποσειδῶνα
1212 4576 1314 4646 μὲν
1334 4578 1434 4650 τὴν
1459 4578 1761 4644 θάλασσαν,
1797 4580 1988 4634 Ἀπόλο

399 4670 544 4722 λωνα
575 4669 632 4722 δὲ
680 4669 770 4722 τὸν
818 4668 992 4740 ἥλιον,
1030 4669 1126 4721 καὶ
1167 4669 1439 4739 Ἄρτεμιν
1472 4671 1572 4743 τὴν
1596 4673 1828 4742 σελήνην
1854 4691 1984 4728 κατε

400 4763 778 4833 ωνομάκασιν,
819 4758 896 4816 ὧν
927 4763 1106 4815 abs-5w
1129 4760 1187 4814 δέ
1209 4764 1362 4816 ἐστιν
1399 4766 1494 4816 καὶ
1545 4765 1606 4817 τὸ
1646 4765 1736 4818 τὸν
1777 4748 1988 4838 Ἑρμῆν

406 4857 506 4926 μὲν
555 4857 635 4919 εἰς
693 4857 786 4910 τὸν
812 4855 994 4924 λόγον,
1031 4855 1121 4908 τὸν
1175 4855 1349 4926 ’Ἄρην
1378 4856 1434 4909 δὲ
1469 4859 1548 4920 είς
1573 4857 1664 4911 τὸν
1688 4858 1858 4928 θυμὸν
1893 4862 1989 4914 καὶ

402 4949 501 5020 τὴν
542 4947 861 5019 Ἀφροδίτην
891 4950 970 5010 είς
1000 4948 1102 5019 τὴν
1137 4944 1351 5018 φαύλην
1405 4948 1703 5020 ἐπιθυμίαν
1753 4951 1989 5022 ἀλληγος

403 5043 542 5112 ρεῖν,
571 5039 782 5109 δήλαιοι
818 5039 988 5104 ὄντως
1019 5040 1178 5110 ὑμεῖς
1209 5040 1318 5093 τῶν
1349 5040 1629 5111 λογισμῶν
1660 5043 1868 5096 τούτων
1894 5044 1987 5096 καὶ

406 5134 636 5204 πονηροὶ
672 5135 773 5202 τῆς
823 5132 1212 5196 κακοϐουλίας,
1265 5133 1315 5186 οἳ
1348 5135 1423 5204 μὴ
1461 5134 1616 5202 μόνοι
1663 5134 1820 5189 αὐτοὶ
1854 5136 1989 5205 πρὸς

409 5221 688 5277 ἀπώλειαν
716 5221 1056 5292 ἐξετράπητε
1087 5223 1179 5276 τὸν
1201 5220 1376 5292 ἀληθῆ
1405 5223 1536 5275 Θεὸν
1587 5223 1987 5291 ἐγκαταλιπόν-

406 5331 520 5381 τες,
567 5314 704 5367 ἀλλὰ
747 5315 840 5368 καὶ
895 5314 1044 5384 ἡμᾶς
1106 5313 1435 5382 κοινωνῆσαι
1467 5313 1567 5382 τῆς
1617 5312 1740 5368 (οδοῦ
1784 5313 1992 5385 ταύτης

409 5409 539 5475 ὑμῖν
568 5409 626 5461 ἐν
659 5407 865 5478 σπουδῇ
896 5405 1168 5472 τίθεσθαι,
1196 5405 1288 5470 οὒς
1315 5406 1529 5470 πολλοῖς
1562 5408 1826 5478 πρότερον
1861 5409 1988 5478 χρό-

407 5520 520 5567 νοις
555 5501 788 5565 Ἡσαΐας
839 5500 1051 5569 φθάσας
1090 5501 1120 5552 ό
1157 5500 1334 5569 μέγας
1366 5499 1534 5566 ἀξίως
1566 5499 1793 5570 θρηνεῖ·
1831 5501 1990 5565 Οὐαὶ,

408 5596 609 5664 λέγων,
664 5596 715 5648 oi
767 5595 830 5647 τὸ
858 5593 1095 5663 πονηρὸν
1142 5592 1330 5657 καλὸν,
1360 5593 1454 5646 καὶ
1484 5594 1544 5645 τὸ
1568 5595 1733 5646 καλὸν
1757 5592 1992 5664 πονηρὸν

417 5689 718 5754 ποιοῦντες,
745 5689 794 5741 οί
823 5686 1068 5750 τιθέντες
1115 5684 1177 5738 τὸ
1206 5685 1320 5755 φῶς
1355 5685 1567 5750 σκότος,
1591 5686 1683 5738 καὶ
1708 5685 1770 5738 τὸ
1802 5685 1993 5747 σκότος

400 5785 552 5855 -φῶς,
581 5785 630 5837 οἱ
657 5783 909 5852 λέγοντες
935 5781 994 5835 τδ
1024 5779 1220 5851 πικρὸν
1268 5777 1442 5848 γλυκὺ
1476 5779 1566 5832 καὶ
1597 5778 1656 5830 τὸ
1681 5777 1853 5846 γλυκὺ
1904 5796 1993 5831 πι-

2091 4577 2419 4638 Mercurium
2447 4579 2662 4649 quidem
2692 4579 3018 4646 orationem,
3046 4579 3272 4637 Martem
3308 4591 3488 4639 autem
3515 4583 3675 4653 iram,

2091 4679 2146 4724 et
2177 4667 2440 4725 Venerem
2477 4671 2830 4741 cupiditatem
2871 4671 3052 4727 dicere
3101 4686 3198 4742 per
3231 4673 3572 4746 allegoriam.
3613 4677 3677 4731 Et

2092 4760 2172 4815 sic
2201 4775 2644 4832 unamquamque
2678 4760 2862 4815 mundi
2891 4770 3124 4829 partem,
3158 4763 3288 4831 quin
3317 4764 3483 4820 etiam
3530 4764 3679 4835 ipsos

2091 4853 2287 4907 animae
2317 4854 2535 4908 habitus
2565 4853 2856 4907 simulacra
2909 4855 3330 4919 constituentes,
3375 4863 3428 4909 et
3460 4855 3678 4911 univer-

2095 4961 2280 5002 sorum
2306 4946 2524 5016 quidem
2553 4946 2798 5014 opificem
2819 4945 3010 5001 insane
3033 4945 3426 5016 relinquentes,
3447 4961 3560 5002 rem
3579 4960 3680 5001 au-

2097 5047 2204 5092 tem
2234 5047 2472 5092 creatam
2506 5037 2676 5108 magis
2707 5052 2866 5107 quam
2912 5037 3227 5095 Creatorem
3267 5042 3527 5104 colentes,
3571 5054 3678 5096 non

2094 5129 2267 5182 solum
2305 5129 2418 5198 ipsa
2453 5144 2480 5181 a
2522 5139 2668 5183 recta
2695 5129 2965 5184 sententia
2995 5130 3329 5195 excideutes,
3379 5132 3446 5186 ad
3483 5129 3680 5186 animas

2116 5221 2373 5274 uteritum
2406 5220 2643 5275 ferimiui
2671 5220 2996 5291 praccipites,
3026 5221 3119 5276 sed
3150 5237 3248 5277 nos
3272 5223 3434 5277 etiam
3461 5231 3680 5278 conteno

2096 5312 2223 5367 ditis
2249 5313 2549 5376 attrahere,
2573 5322 2630 5366 ut
2652 5315 2821 5368 simus
2851 5314 3142 5383 participes
3171 5313 3411 5384 ejusdem
3434 5314 3680 5369 barathri

2095 5415 2148 5459 et
2176 5405 2358 5460 exitii:
2389 5406 2482 5460 sed
2509 5407 2746 5475 praedam
2793 5406 2969 5462 dolosi
3021 5407 3246 5463 minime
3292 5406 3681 5477 assequemini.

2097 5511 2198 5552 nec
2227 5513 2321 5553 eos
2349 5499 2436 5567 qui
2473 5511 2599 5553 vere
2627 5510 2982 5568 speraverant
3004 5499 3058 5554 in
3091 5499 3262 5556 solum
3295 5499 3462 5556 Deum
3488 5499 3681 5554 fortem

2095 5599 2150 5644 et
2176 5591 2375 5654 rivum,
2412 5605 2439 5644 a
2469 5601 2617 5644 recta
2655 5599 2832 5645 mente
2858 5590 3208 5657 abducentes,
3228 5606 3365 5644 vana
3393 5590 3680 5646 simulacra

2096 5687 2377 5739 attendere
2417 5685 2833 5752 persuadebitis.
2883 5684 3198 5738 Admiratus
3245 5693 3326 5737 est
3379 5683 3494 5737 luce
3517 5681 3682 5738 verba

2097 5778 2324 5835 audiens
2377 5777 2709 5850 Aquilinus:
2766 5779 2918 5834 Valde
2973 5793 3170 5850 magna
3224 5787 3402 5832 autem
3445 5776 3683 5848 repletus
