4160 6424
509 297 644 362 1327

1708 295 1996 356 MENSIS
2027 292 2553 356 FEBRUABIUS.

3649 291 3788 358 1328

500 413 823 475 acerbitate,
857 422 982 464 eum
1010 421 1198 462 rursus
1223 406 1381 475 caedi,
1415 416 1470 462 et
1508 421 1605 478 per
1634 422 1850 463 omnem
1898 419 2086 465 contu«

2200 407 2332 479 κρόν
2356 424 2370 440 ο
2400 408 2517 460 ἀλλ’
2539 407 2602 459 οὐ
2632 407 2937 478 πεισόμεθα
2966 407 3097 476 ὑμῖν
3120 405 3373 477 οὐδαμῶς
3399 406 3433 478 ἢ
3456 406 3646 473 ἅπλῶς
3694 410 3787 462 λέ-

495 502 712 558 nteliam
742 499 930 570 ﬂagris
954 499 1120 567 jussit
1148 500 1422 554 verberari
1455 519 1467 556 :
1509 499 1608 564 Ut,
1643 501 1836 570 inquit,
1888 519 2084 558 consu-

495 605 676 646 matur
707 591 900 645 animae
931 590 1048 659 ejus
1079 591 1412 659 arrogantia.
1443 591 1575 644 Cum
1611 591 1657 646 is
1691 607 1819 647 vero
1844 594 2082 649 caadere-

494 695 604 750 tur,
619 693 673 739 et
697 699 791 753 per
809 696 1025 738 omnem
1059 682 1442 735 contumeliam
1467 680 1652 752 ﬂagris
1681 683 2080 749 verberaretur,

495 778 685 832 eadem
717 785 834 832 erat
870 775 917 832 ei
948 776 1237 831 stabilitas.
1273 774 1392 840 Quo
1443 775 1617 845 magis
1637 785 1823 830 autem
1847 776 2087 830 remitte-

493 870 840 925 haturrobnr
857 869 1101 938 corporis
1133 869 1304 939 plagis
1336 869 1788 935 intolerabilibus,
1815 885 1881 924 eo
1912 871 2082 938 magis

497 963 679 1018 cordis
713 962 1032 1018 conﬁrmata
1065 961 1371 1018 constantia
1399 961 1797 1031 pratclariorem
1826 960 2084 1018 ostende-

495 1056 588 1109 bat
619 1054 1018 1110 fortitudinem.

566 1148 684 1204 XV.
719 1147 856 1203 Cum
890 1163 1020 1218 ergo
1068 1148 1288 1203 vidisset
1334 1146 1621 1217 praefectus
1654 1162 1714 1203 se
1738 1162 1802 1203 ea
1838 1147 2082 1222 aggredi,

496 1257 618 1312 qua:
651 1241 765 1295 ﬁeri
799 1255 904 1295 non
946 1248 1217 1309 poterant,
1255 1240 1336 1296 sic
1387 1241 1508 1294 tulit
1537 1240 1860 1294 sententiam
1895 1259 1910 1296 :
1943 1240 2082 1312 Try-

495 1335 640 1404 phon
674 1333 1047 1402 Apameensis,
1081 1332 1171 1402 qui
1219 1333 1536 1404 repugnavit
1584 1333 1758 1404 jussui
1786 1332 2080 1403 imperato-

495 1429 596 1492 ris,
633 1441 808 1496 neque
827 1427 934 1482 diis
968 1426 1140 1481 voluit
1167 1426 1499 1492 sacriﬁcare,
1531 1435 1653 1495 post
1680 1426 1847 1480 multa
1880 1425 2080 1482 inllicta

500 1529 792 1584 tormenta,
846 1518 1024 1588 capite
1047 1518 1159 1573 luat
1205 1531 1416 1588 pcenas.
1452 1517 1650 1574 Statim
1701 1532 1832 1587 ergo
1862 1517 2083 1585 milites,

495 1625 619 1667 cum
651 1624 777 1666 eum
805 1609 1120 1664 eduxissent
1155 1621 1189 1662 ο
1220 1608 1464 1674 civitate,
1489 1609 1765 1665 adducunt
1797 1609 1848 1663 in
1878 1609 2080 1675 locum,

500 1701 554 1762 in
585 1716 690 1773 quo
720 1702 850 1763 illud
883 1699 1252 1756 venerandum
1277 1708 1330 1754 et
1367 1700 1476 1756 Deo
1505 1700 1886 1756 charissimutn
1923 1709 2086 1768 caput

501 1793 756 1848 volebant
789 1800 1093 1862 amputare.
1115 1789 1350 1846 Sanctus
1368 1800 1550 1846 autem
1580 1801 1805 1862 martyr,
1843 1800 1996 1846 stans
2021 1791 2086 1845 ad

495 1884 787 1950 orientem,
811 1897 997 1938 vocem
1026 1897 1183 1939 suam
1211 1883 1403 1938 extulit
1437 1893 1490 1940 et
1507 1883 1586 1939 sic
1614 1884 1824 1939 oravit:
1859 1882 2090 1939 Domine

502 1979 643 2034 Deus
666 1977 908 2044 deorum,
930 1974 1044 2029 Rex
1067 1990 1275 2045 regum,
1303 1973 1848 2041 Sanctesanctorum,
1869 1991 1972 2046 ago
1991 1975 2090 2032 tibi

499 2071 726 2140 gratias,
778 2067 924 2138 quod
961 2082 1046 2122 me
1076 2066 1297 2136 dignum
1326 2066 1628 2134 censueris,
1655 2067 1748 2137 qui
1779 2071 1884 2124 hoc
1909 2075 2087 2124 certa-

498 2177 621 2218 men
675 2176 988 2231 peragerem
1040 2161 1178 2215 citra
1233 2160 1714 2229 reprehensionem
1757 2173 1772 2212 :
1837 2169 1892 2216 et
1945 2176 2087 2216 nunc

497 2270 629 2325 rogo
652 2265 726 2320 te,
773 2269 842 2307 ne
886 2266 971 2307 me
1005 2259 1193 2322 tangat
1231 2251 1478 2321 improba
1511 2263 1564 2305 et
1597 2251 1856 2307 insidiosa
1894 2267 2089 2310 manus

497 2347 727 2411 inimici,
776 2359 952 2414 neque
996 2359 1087 2399 me
1132 2342 1314 2399 trahat
1344 2344 1409 2400 ad
1438 2342 1771 2414 profundum
1815 2345 2087 2412 interitus,

499 2443 595 2498 sed
648 2455 744 2510 per
776 2447 1002 2495 sanctos
1053 2437 1274 2509 angelos
1325 2438 1626 2508 magniﬁcae
1661 2449 1764 2494 tua:
1792 2437 1996 2508 gloriae,
2036 2441 2087 2494 in

500 2535 696 2590 diluta
745 2531 1095 2587 tabernacula
1123 2539 1176 2584 et
1207 2530 1260 2584 in
1295 2529 1712 2586 desiderabilem
1740 2542 1794 2585 et
1821 2531 2088 2587 immacu-

499 2627 662 2682 latam
706 2636 852 2680 tuam
899 2623 1253 2678 introducens
1307 2622 1701 2690 hereditatem,
1755 2624 1972 2694 suscipe
2031 2625 2084 2678 in

498 2734 631 2789 pace
655 2718 911 2771 animam.
938 2716 1204 2770 Omnibus
1243 2725 1422 2770 autem
1447 2715 1536 2785 qui
1567 2715 1642 2769 tui
1675 2715 1862 2770 famuli
1894 2717 2089 2771 memi-

497 2807 700 2869 netinl,
739 2815 794 2861 ct
829 2805 880 2859 in
927 2818 1099 2859 meam
1150 2804 1382 2875 gratiam
1440 2805 1537 2858 tibi
1568 2805 1838 2860 sacriﬁcia
1892 2803 2090 2861 oll‘erre

496 2901 789 2967 voluerint,
822 2898 1040 2954 attende
1063 2913 1130 2953 cx
1163 2897 1473 2952 venerando
1520 2905 1612 2954 tuo
1647 2899 1983 2964 Itabitaculo,
2023 2913 2088 2953 ex

499 2997 638 3051 ccelo
676 3004 1006 3062 sanctetuo,
1052 2993 1273 3062 copiosa
1319 2993 1468 3046 etab
1503 2992 1733 3047 interitu
1782 2993 1956 3048 aliena
2007 2992 2087 3048 eis

2189 517 2379 569 γουσιν
2408 499 2441 570 ἦ
2467 499 2760 563 κολάζουσι
2791 501 2893 570 τῆς
2919 498 3070 568 ζωῆς
3090 499 3479 570 ἐκστησόμεθα
3513 500 3788 570 πρότερον

2188 595 2221 665 ἢ
2258 595 2356 664 τῆς
2386 593 2560 664 καλῆς
2592 591 2910 662 ὁμολογίας.
2944 591 3144 661 Θαύμα
3181 591 3276 642 ἐπὶ
3317 590 3530 652 τούτοις
3552 587 3666 661 εἶχε
3692 591 3789 644 τὸν

2181 685 2507 750 ·Ἀκυλῖνον,
2540 685 2635 736 καὶ
2669 683 2841 750 θυμὸς
2871 682 2969 736 σὺν
3003 682 3084 752 τῷ
3134 681 3395 751 θαύματι,
3443 683 3505 735 τὸ
3565 683 3663 751 μὲν
3693 681 3788 736 διὰ

2187 782 2290 853 τὴν
2330 780 2440 834 τῶν
2474 767 2783 850 εἰρημένων
2822 779 3158 850 ὐπερφυῖαν,
3197 776 3261 830 τὺ
3312 777 3371 830 δὲ
3401 777 3491 830 διὰ
3540 778 3638 847 τῆς
3669 777 3784 830 τῶν

2189 873 2410 928 οἰκείων
2452 872 2592 926 θεῶν
2629 871 2946 942 κωμῳδίαν.
3013 872 3092 924 Δι’
3122 870 3151 924 ὃ
3178 871 3270 924 καὶ
3295 870 3659 942 τιμωρεῖσθαι
3689 870 3786 923 τὸν

2191 968 2450 1038 μάρτυρα
2497 965 2597 1034 τῆς
2627 963 2887 1035 ἀληθείας
2912 961 3294 1017 διεκελεύσατο
3321 963 3414 1015 καὶ
3453 961 3614 1016 πάλιν
3641 977 3787 1014 σπαι-

2189 1056 2476 1129 θιζόμενος
2503 1053 2594 1128 ἦν.
3021 1082 3024 1085 ·
3840 1083 3846 1119 ζ

2267 1148 2370 1204 ΙΕ’.
2410 1149 2564 1211 Ἐπεὶ
2590 1149 2647 1203 δὲ
2677 1151 2709 1220 ή
2737 1148 2901 1220 ὁμοία
2943 1147 3042 1202 καὶ
3071 1147 3228 1213 αὖθις
3260 1147 3539 1201 ἐδείκνυτο
3583 1161 3787 1216 καρτε-

2189 1241 2306 1315 ρία,
2332 1240 2476 1314 δρῶν
2509 1243 2537 1295 ό
2568 1243 2752 1313 ἄρχων
2777 1241 2838 1294 τὸ
2864 1240 3085 1303 ἀκλινὲς
3114 1243 3217 1310 τῆς
3245 1239 3553 1301 ἐνστάσεως
3583 1240 3675 1290 κα)⁵
3698 1237 3788 1290 ὅτι

2189 1338 2327 1409 πρὸς
2356 1336 2548 1390 λέοντα
2569 1335 2838 1408 δορκάδας
2863 1334 3025 1388 τοῦτο
3052 1334 3118 1405 δὴ
3142 1333 3204 1386 τὸ
3231 1333 3326 1387 τοῦ
3359 1332 3523 1400 λόγου
3557 1334 3589 1402 ή
3613 1329 3787 1385 αὐτοῦ

2190 1428 2330 1498 πρὸς
2349 1429 2440 1482 τὸν
2469 1428 2626 1499 ἅγιον
2651 1427 2878 1498 ἅμιλλα,
2907 1427 3093 1480 δίδωσι
3123 1427 3245 1480 κατ’
3275 1424 3444 1478 αὐτού
3487 1425 3586 1495 τὴν
3641 1423 3788 1477 ἁπό-

2193 1537 2359 1589 φασιν
2387 1519 2562 1584 οὕτως
2581 1535 2595 1552 ο
2630 1517 2867 1592 Τρύφων
2923 1518 3234 1588 ’Λπαμεύς,
3264 1515 3343 1588 τῷ
3371 1515 3469 1569 τοῦ
3517 1514 3786 1569 σεϐαστοῦ

2191 1613 2475 1682 Καίσαρος
2502 1612 2893 1683 προστάγματι
2921 1609 3218 1675 ἀντειπὼν,
3247 1610 3343 1663 καὶ
3385 1610 3524 1680 μήτε
3551 1607 3786 1678 βασιλεῖ,

2196 1706 2334 1777 μήτε
2365 1705 2510 1767 θεοῖς
2532 1693 2670 1768 ’ὅλως
2711 1699 2853 1757 εἶναι
2887 1704 3156 1766 πεισθεὶς,
3183 1701 3322 1771 μετὰ
3356 1702 3559 1772 πολλὴν
3586 1702 3788 1770 πεῖραν

2197 1797 2470 1869 βασάνων,
2499 1797 2560 1851 τὸ
2585 1797 2896 1851 τελευταῖον
2931 1797 3029 1851 καὶ
3057 1797 3155 1867 τὴν
3179 1795 3424 1866 κεφαλὴν
3465 1795 3786 1864 ὲκκοπήτω.

2194 1889 2376 1952 Εὐθὺς
2439 1886 2533 1940 οὖν
2558 1889 2606 1940 oi
2633 1886 2972 1957 στρατιῶται
3007 1887 3107 1952 τῆς
3140 1886 3350 1950 πόλεως
3405 1883 3789 1953 ἐξενεγκόντες

2192 1979 2357 2034 αὐτὸν
2394 1980 2486 2032 ἐπὶ
2507 1978 2602 2032 τὸν
2639 1979 2808 2032 τόπον
2834 1979 2931 2049 τῆς
2969 1977 3303 2043 τελειώσεως
3325 1979 3574 2047 ἄγουσιν.
3622 1977 3680 2029 Ὀ
3727 1977 3792 2029 δὲ

2193 2070 2326 2134 στὰς
2351 2071 2487 2142 πρὸς
2519 2071 2811 2136 ἀνατολὰς,
2847 2071 3079 2140 ὄμματά
3096 2087 3156 2122 τε
3187 2072 3269 2134 εἰς
3290 2069 3520 2142 οὐρανὸν
3547 2070 3787 2140 ἐπάρας,

2193 2165 2288 2218 καὶ
2315 2167 2509 2238 χεῖρας
2540 2164 2704 2237 ἄρας,
2730 2164 2827 2219 καὶ
2849 2165 2947 2235 τὴν
2970 2165 3157 2235 φωνὴν
3187 2162 3547 2234 προσηύξατο·
3566 2163 3745 2225 οὕτως
3768 2177 3789 2194 ο

2199 2259 2448 2312 Δέσποτα
2474 2257 2670 2330 Κύριε,
2706 2257 2806 2312 Θεέ
2836 2256 2995 2322 θεῶν,
3032 2255 3267 2310 Βασιλεῦ
3293 2255 3583 2327 βασιλέων,
3622 2257 3789 2324 Ἀγιε

2195 2351 2389 2420 ἁγίων,
2415 2350 2730 2422 εὐχαριστῶ
2757 2367 2862 2417 σοι,
2892 2349 2975 2404 ὅτι
3006 2349 3358 2421 καηξίωσὰς
3386 2367 3454 2421 με
3478 2351 3569 2403 τὸν
3595 2349 3792 2418 ἀγῶνα

2193 2443 2385 2497 τοῦτον
2425 2443 2748 2514 ἀμωμήτως
2805 2443 2885 2506 είς
2945 2442 3104 2506 τέλος
3156 2442 3626 2511 διαγωνίσασθαι·
3689 2442 3794 2496 καὶ

2196 2535 2294 2590 νῦν
2320 2536 2513 2605 δέομαί
2550 2554 2667 2603 σου,
2701 2537 2776 2608 μὴ
2802 2535 3009 2606 {itm-rat
3046 2553 3150 2607 μου
3171 2537 3206 2605 ἠ
3245 2534 3534 2597 ἐπίϐουλος
3565 2535 3662 2588 τοῦ
3689 2553 3795 2589 πο-

2194 2629 2360 2701 νηροῦ
2394 2629 2516 2700 χείρ
2541 2645 2556 2660 °
2601 2629 2677 2700 μὴ
2706 2630 2841 2700 πρὸς
2898 2629 3178 2694 ἀπωλείας
3227 2629 3560 2700 κατασπάσῃ
3601 2628 3792 2699 βυθὸν,

2189 2721 2333 2775 ’ἀλλὰ
2357 2721 2423 2774 δι’
2447 2720 2700 2790 ἀγγέλων
2745 2721 2918 2789 ἁγίων
2954 2722 3055 2791 τῆς
3121 2722 3591 2793 μεγαλοπρεποῦς.
3627 2720 3793 2792 δόξης

2195 2831 2291 2867 σου
2321 2813 2421 2883 τὴν
2477 2812 2619 2883 ἐμὴν
2646 2811 2826 2884 ψυχὴν
2879 2815 2937 2866 ἐν
2995 2815 3188 2886 εἰρήνῃ
3221 2814 3582 2884 παραλαϐὼν,
3613 2816 3692 2878 είς
3716 2817 3791 2868 τὰ

2193 2904 2459 2974 ἀγαπητά
2494 2921 2589 2958 σου
2619 2902 2982 2976 σκηνώματα,
3014 2908 3092 2968 είς
3132 2905 3228 2969 τὰς
3261 2905 3630 2970 ἐπιποθήτους
3682 2923 3792 2976 μο-

2193 2997 2293 3062 νὰς
2339 2998 2626 3066 εἰσάγαγε.
2665 2999 2809 3050 nam
2854 2998 2912 3051 δὲ
2938 3000 3048 3060 τοῖς
3083 2997 3176 3050 τοῦ
3219 2998 3406 3051 δούλου
3442 3016 3535 3052 σου
3570 3015 3792 3070 μεμνη-

497 3099 690 3147 contra
729 3087 1016 3144 remittens
1047 3086 1306 3141 beneﬁcia
1338 3101 1352 3139 :
1393 3086 1647 3155 quoniam
1695 3101 1754 3142 es
1798 3088 1948 3143 solus
1987 3089 2086 3144 bo-

2197 3092 2382 3161 μένοις
2415 3091 2511 3144 καί,
2545 3091 2738 3153 θυσίας
2767 3090 2964 3154 δεκτὰς
2996 3091 3162 3162 χάριν
3195 3091 3337 3162 ἐμὴν
3376 3091 3676 3162 προσάγειν
3701 3108 3791 3145 σοι

500 3199 628 3249 nus,
660 3193 714 3238 et
740 3181 964 3252 largitor
989 3179 1258 3236 bonorum
1298 3179 1351 3232 in
1397 3181 1594 3233 sazcula
1621 3179 1964 3235 saeculorum.

2201 3184 2578 3256 βουλομένοις,
2603 3185 2842 3256 πρόσχες
2865 3184 2926 3250 ἐξ
2957 3186 3177 3254 ἑτοίμου
3205 3186 3634 3256 κατοικητηρίου
3661 3203 3786 3271 σου,

496 3281 558 3349 ἐξ
591 3278 846 3350 οὐρανίου
906 3277 1065 3344 ἁγίου
1126 3289 1261 3328 σουο
1321 3274 1566 3344 δαψιλεῖς
1615 3277 1711 3329 καὶ
1769 3277 2086 3350 ἀφθάρτους
2125 3282 2636 3352 ἀντικαταπέμπων
2698 3280 2884 3343 αὐτοῖς
2934 3281 3032 3343 τὰς
3100 3280 3448 3351 εὐεργεσίας,
3502 3283 3583 3338 ὅτι
3619 3283 3789 3353 μόνος

499 3371 550 3429 εἷ
575 3373 780 3442 ἀγαθὸς
805 3374 904 3426 καὶ
929 3370 1040 3425 τῶν
1069 3369 1290 3440 ἀγαθῶν
1322 3373 1622 3442 παροχεύς,
1674 3375 1756 3438 εἰς
1783 3377 1912 3440 τούς
1940 3377 2166 3443 αἰῶνας.
2211 3380 2400 3449 Ἀμήν.

568 3464 712 3522 XVI.
745 3466 870 3521 Haec
897 3479 1020 3519 eum
1053 3472 1263 3520 orasset
1303 3465 1528 3534 athleta,
1564 3475 1620 3521 et
1661 3466 1830 3523 Deum
1863 3473 2088 3527 adoras-

501 3568 606 3625 set,
636 3569 926 3628 antequam
949 3555 1204 3612 feriretur
1228 3555 1426 3628 gladio,
1464 3558 1684 3614 tradidit
1701 3561 1960 3618 animam.
1982 3563 2083 3632 Qui

502 3663 684 3706 autem
715 3648 950 3705 Nicamm
966 3657 1354 3705 concurrerant
1376 3649 1597 3719 fratres,
1617 3654 1830 3708 mundis
1847 3655 2090 3711 sindoni-

501 3749 604 3802 bus
633 3755 686 3800 et
704 3745 870 3800 variis
894 3742 1228 3798 aromatibus
1261 3745 1438 3800 sancti
1465 3747 1723 3816 martyris
1748 3750 2089 3805 venerandas

505 3836 574 3891 ad
627 3835 996 3905 sepeliendum
1052 3846 1438 3905 componentes
1487 3837 1772 3910 reliquias,
1835 3840 2092 3898 volebant

506 3929 725 3999 quidem
753 3943 849 3985 eas
879 3927 1193 3994 recondere,
1227 3937 1286 3982 ut
1317 3937 1501 3985 essent
1526 3932 1780 3988 custodes
1813 3947 1926 3988 suae
1957 3934 2091 3989 civi-

507 4023 680 4077 tatis:
719 4020 953 4076 Sanctus
996 4035 1122 4075 vero
1163 4035 1431 4091 apparens
1465 4022 1519 4077 in
1566 4025 1793 4089 somnis,
1812 4024 2090 4095 jussiteas

505 4111 804 4168 transferre
837 4115 888 4166 in
915 4128 1072 4169 suum
1099 4115 1298 4180 vicum,
1329 4129 1523 4184 nempe
1550 4116 2089 4188 Campsadem,quod

502 4205 669 4260 etiam
706 4203 978 4262 fecerunt.
1012 4205 1104 4259 Sic
1134 4206 1324 4260 beatus
1361 4205 1615 4277 Tryphon
1653 4223 1682 4263 α
1729 4210 1932 4265 teneris
1985 4226 2089 4264 un-

506 4298 736 4366 guiculis
789 4299 899 4353 Deo
945 4307 1317 4366 consecratus,
1365 4315 1486 4354 cum
1538 4301 1732 4356 multos
1758 4303 1973 4372 quidem
2018 4305 2084 4360 ad

504 4389 708 4446 Christi
741 4390 899 4444 lidem
927 4391 1264 4458 adduxisset,
1297 4392 1494 4447 multos
1532 4404 1712 4448 autem
1741 4399 1961 4451 morbos
1990 4399 2088 4451 lto-

505 4483 713 4536 minutn
751 4493 1019 4547 curasset,
1067 4482 1298 4551 plurima
1333 4497 1462 4536 vero
1495 4495 1615 4553 post
1649 4485 1762 4540 haec
1788 4495 2090 4543 tormento-

509 4592 628 4631 rum
657 4587 712 4630 et
735 4577 1120 4644 suppliciorum
1141 4590 1345 4644 genera
1372 4591 1470 4644 pro
1496 4579 1721 4634 veritate
1753 4581 2089 4649 pertulisset,

507 4671 795 4724 redimitus
853 4668 957 4723 fuit
986 4683 1188 4724 corona
1223 4669 1648 4739 incorruptionis
1692 4691 1705 4726 :
1753 4675 1820 4728 ad
1862 4675 2088 4744 gloriam

506 4761 689 4814 Patris
719 4771 774 4814 et
801 4759 920 4814 Filii
950 4769 1004 4814 et
1035 4760 1273 4829 Spiritus
1302 4762 1498 4828 sancti,
1534 4779 1677 4819 nunc
1705 4775 1759 4818 et
1784 4779 1998 4833 semper
2037 4777 2090 4821 et

509 4853 562 4904 in
583 4851 778 4906 saecula
807 4852 1156 4908 saeculorum.
1183 4854 1376 4908 Amen.
1422 4844 1425 4847 ’

2266 3471 2381 3541 1C7.
2416 3472 2604 3528 Ταῦτα
2626 3472 3074 3546 προσευξάμενος
3107 3475 3134 3528 ὁ
3164 3475 3465 3546 ἀθλοφόρος
3491 3477 3586 3530 καὶ
3614 3495 3791 3548 προσ-

2195 3567 2438 3637 κυνήσας
2475 3566 2615 3636 Θεῷ,
2657 3567 2764 3636 πρὸ
2797 3565 2893 3619 τοῦ
2924 3565 3201 3638 πληγῆναι
3236 3567 3314 3638 τῷ
3345 3568 3512 3638 ξίφει,
3549 3570 3789 3638 παραδί-

2193 3662 2327 3716 δωσι
2359 3661 2456 3734 τὴν
2479 3663 2680 3732 ψυχὴν,
2709 3661 2899 3732 ὥσπερ
2929 3661 3159 3732 νεύματι
3183 3663 3277 3717 τοῦ
3300 3663 3592 3729 δεδωκότος
3612 3664 3791 3738 αὐτὴν

2197 3755 2469 3826 ἀφεθῆναι
2504 3756 2739 3825 θελήσας
2791 3756 2852 3808 οὐ
2903 3756 3154 3809 κελεύσει
3192 3756 3286 3809 τοῦ
3322 3759 3788 3828 τυραννήσαντος.

2201 3847 2264 3899 Οἰ
2287 3846 2342 3898 δὲ
2371 3846 2512 3899 κατὰ
2544 3845 2780 3901 Νίκαιαν
2807 3847 3208 3918 συνδραμόντες
3230 3847 3454 3916 ἀδελφοὶ
3489 3849 3686 3902 σινδίσι
3721 3866 3789 3903 τε

2199 3937 2474 4009 καθαραῖς
2531 3940 2626 3991 καὶ
2679 3938 2945 4002 ποικίλοις
2994 3939 3255 4010 ἀρώμασι
3287 3940 3348 3993 τὸ
3393 3939 3574 4011 τίμιον
3603 3943 3789 3995 ἐκεῖνο

2199 4030 2453 4099 λείψανον
2479 4029 2931 4100 ἐξοσιωσάμενοι,
2959 4031 3246 4085 ἐϐούλοντο
3286 4033 3384 4102 μὲν
3415 4033 3510 4087 καὶ
3548 4036 3613 4104 τῇ
3653 4035 3790 4087 ἐαυ-

2198 4120 2308 4174 τῶν
2358 4122 2511 4174 πόλει
2565 4119 2842 4192 θησαυρὸν
2882 4121 3072 4194 ὥσπερ
3120 4127 3213 4179 καὶ
3247 4123 3620 4197 φυλακτήριον
3650 4127 3788 4180 αὐτὸ

2199 4213 2568 4268 καταθέσθαι·
2607 4215 2838 4278 ἐπιστὰς
2867 4215 2922 4267 δὲ
2949 4215 3084 4287 ὄναρ
3140 4218 3170 4269 ὁ
3218 4218 3374 4286 ἆγιος
3407 4218 3662 4290 ἀπείργει
3686 4220 3786 4273 τοῦ

2196 4307 2602 4377 ἐνθυμήματος,
2624 4308 2704 4368 εἰς
2734 4308 2836 4378 τήν
2863 4307 3028 4361 αὐτοῦ
3054 4327 3249 4380 κωμην
3279 4309 3591 4381 Κομψάδων
3615 4329 3788 4380 μετα-

2195 4398 2448 4467 κομίσειν
2478 4399 2669 4462 είπὼν,
2692 4401 2828 4472 ὅπερ
2853 4401 2918 4472 δὴ
2948 4402 3156 4466 πιστῶς
3187 4406 3575 4475 πεποιήκασιν.
3595 4406 3789 4470 Οὕτως

2196 4493 2225 4544 ὁ
2252 4493 2524 4564 μακάριος
2549 4493 2785 4565 Τρύφων
2817 4495 2879 4561 ἐξ
2929 4497 3154 4550 ἁπαλῶν
3186 4498 3395 4570 ὀνύχων
3424 4501 3790 4572 καθιερωθείς

2197 4585 2277 4656 τῷ
2307 4585 2425 4655 Θεῷ
2463 4587 2556 4640 καὶ
2585 4587 2816 4649 πολλοὺς
2875 4588 2976 4657 μὲν
3006 4592 3070 4660 τῇ
3105 4591 3345 4660 Χριστοῦ
3399 4593 3577 4646 πίστει
3612 4612 3788 4666 προσ-

2199 4679 2449 4744 αγαγὼν,
2518 4679 2724 4744 πολλὰς
2780 4682 2837 4734 δὲ
2880 4683 3069 4746 νόσους
3123 4684 3430 4755 ἀνθρώπων
3467 4689 3791 4759 ἰασάμενος,

2200 4769 2464 4832 πλείστας
2490 4768 2549 4822 δὲ
2585 4772 2724 4838 μετὰ
2754 4772 2928 4826 ταῦτα
2958 4775 3243 4848 τιμωριῶν
3294 4778 3440 4843 ἰδέας
3483 4781 3623 4851 ὑπὲρ
3654 4783 3789 4853 ἁλη·

2200 4863 2350 4927 θείας
2372 4865 2688 4934 διενεγκὼν,
2712 4868 2804 4922 τὸν
2833 4871 2929 4942 τῆς
2959 4871 3272 4944 ἀφθαρσίας
3302 4876 3567 4946 στέφανον
3595 4879 3788 4953 ἀνεόή,

509 4966 658 5013 caro,
695 4953 773 5014 εἰς
819 4950 976 5018 δόξαν
1003 4950 1368 5023 Πατρὸςξκαὶ
1398 4952 1554 5019 Υίοῦ,
1588 4953 1681 5008 καὶ
1728 4953 1883 5022 ἁγίου
1920 4953 2254 5029 Πνεύματος,
2291 4961 2386 5015 νῦν
2429 4964 2523 5019 καὶ
2556 4966 2642 5020 ἀεὶ
2674 4967 2766 5020 καὶ
2799 4970 2880 5032 εἰς
2906 4971 3032 5034 τοὺς
3064 4971 3286 5038 αἰῶνας.
3337 4975 3534 5048 Ἀμήν.

816 5169 826 5177 ’
861 5166 893 5217 ‘t
