4160 6450
355 408 495 475 1329
1478 412 1652 473 VITA
1691 414 1752 472 S.
1793 411 1998 475 AGAT

1991 412 2121 473 ἨίΕ
2162 414 2431 475 VIRGIN
2440 415 2530 475 IS.
3494 408 3634 470 ῙὊΟ

401 560 3614 596 W

723 763 905 875 DE
984 688 1553 880 SANCTA
1640 760 2225 883 AGATHA
2307 765 2709 884 VIRG.
2806 764 3255 880 MART.

1570 1013 1920 1077 CATANJE
1968 1017 2049 1079 IN
2110 1014 2401 1079 SICILIA

912 1202 1082 1265 (Anno
1107 1201 1290 1254 Christi
1318 1203 1432 1267 251,
1462 1200 1720 1254 Februarii
1743 1201 1793 1264 5,
1816 1228 1876 1239 —
1900 1207 2018 1256 Acta
2042 1205 2140 1255 SS.
2169 1201 2400 1255 Bolland.
2425 1203 2577 1255 Febr.
2606 1206 2727 1252 tom.
2762 1202 2803 1265 Ι,
2826 1217 2877 1267 p.
2914 1202 3055 1268 595.)

419 1529 624 1584 Catana
658 1527 857 1584 Siliciae
876 1529 1025 1597 urbs,
1063 1530 1127 1585 ad
1157 1530 1362 1587 Ionium
1403 1533 1507 1589 sita
1565 1533 1809 1605 pelagus,
1858 1532 2145 1605 Etnreque
2208 1534 2451 1591 horriﬁci
2511 1537 2717 1591 montis
2769 1535 3008 1601 radices,
3039 1533 3108 1589 ab
3140 1532 3346 1589 Graecis
3378 1534 3623 1599 condita,

349 1620 649 1691 iisdemque
679 1622 771 1676 diu
796 1621 1059 1686 habitata,
1094 1624 1217 1680 dein
1244 1637 1297 1681 ct
1320 1626 1655 1697 Campanis;
1690 1628 1786 1684 sed
1819 1628 2035 1685 colonia
2064 1630 2280 1685 demum
2319 1630 2522 1686 civium
2584 1630 2954 1687 Romanorum
3006 1622 3361 1699 amplificata,
3398 1639 3456 1682 ut
3506 1625 3623 1680 Pli-

349 1716 471 1769 nius
500 1723 730 1769 testatur
752 1715 845 1770 lib.
866 1731 948 1782 nt,
983 1732 1103 1787 cap.
1142 1717 1196 1780 8,
1236 1719 1458 1790 ipsaque
1494 1719 1770 1788 Messana,
1798 1721 2085 1777 Strabonis
2145 1722 2438 1791 geographi
2465 1737 2603 1790 aevo,
2636 1722 2862 1793 Augusti
2911 1721 3120 1777 scilicet
3144 1721 3456 1790 Tiberiique
3489 1728 3626 1774 tem-

347 1809 592 1882 poribus,
626 1810 987 1881 frequentior,
1024 1812 1325 1868 etiamnum
1365 1815 1510 1871 inter
1543 1825 1652 1870 tres
1674 1816 1844 1871 totius
1876 1814 2067 1871 insula:
2095 1815 2482 1871 celeberrimas
2510 1816 2678 1871 urbes
2696 1815 3023 1871 Panormum
3076 1812 3489 1884 Messanamque
3525 1826 3627 1867 nu-

349 1915 612 1963 meratur.
639 1906 719 1962 Ac
748 1907 914 1962 multa
950 1916 1191 1963 ostentat
1219 1908 1309 1963 illa
1345 1909 1567 1979 quidem
1591 1910 1791 1966 decora
1833 1909 2176 1980 antiquitatis
2205 1914 2598 1977 monumenta;
2634 1909 2839 1964 nullmn
2864 1917 3042 1963 tamen
3066 1906 3384 1978 praeclarius
3412 1907 3625 1976 Agatlia

347 2002 555 2073 virgine
578 2016 643 2057 ac
671 2012 908 2075 martyre
942 2021 955 2057 :
982 2017 1141 2073 quam
1176 2014 1464 2075 propterea
1489 2005 1739 2062 Graecum
1772 2006 1990 2071 Menolo;

1982 2006 2133 2077 gium
2168 2020 2234 2061 ac
2266 2005 2466 2061 Menma
2498 2006 2690 2059 merito
2718 2004 2977 2074 Κατάνης
2991 2001 3053 2056 τδ
3081 2002 3369 2072 καύχημα,
3414 2020 3432 2053 ι
3462 2001 3625 2057 (Σειιιιρ

348 2110 430 2149 ιιω
470 2094 845 2164 gloriationem
890 2113 909 2148 ι
945 2098 1307 2167 compellant;
1343 2096 1596 2155 Bocchus
1615 2100 1802 2157 Pirrus
1824 2098 2022 2156 Siciliae
2071 2115 2238 2154 sacra:
2278 2107 2318 2154 t.
2355 2098 2422 2165 ll,
2464 2096 2635 2153 Notit.
2669 2114 2686 2153 ι
2722 2096 2871 2153 Eccl.
2923 2098 3208 2158 Catanen.,
3246 2096 3377 2160 n.5,
3408 2114 3426 2147 ‹
3462 2095 3626 2149 totius

348 2186 548 2242 Siciliae
576 2187 742 2243 decus
773 2196 828 2242 et
851 2200 1230 2244 ornamentum
1264 2190 1568 2248 immortale
1597 2209 1611 2248 :
1654 2211 1672 2245 ι
1711 2193 1937 2263 ejusque
1966 2207 2161 2263 corpus
2184 2191 2587 2249 sanctissimum
2611 2190 2894 2246 Mauritius
2922 2204 3011 2260 ep.
3054 2190 3107 2243 in
3139 2188 3365 2243 historia
3418 2187 3637 2243 Τιοίιιιιιι-⁷

348 2276 588 2350 lationis,
622 2301 642 2337 ι
679 2284 842 2340 totius
868 2284 1067 2341 Siciliae
1090 2286 1283 2355 pignus
1308 2297 1364 2343 et
1393 2289 1626 2344 amabile
1659 2289 2041 2359 patrocinium.
2078 2308 2096 2342 ι

424 2415 443 2449 ι
476 2397 602 2466 Ejus
626 2412 849 2465 numen,
886 2419 905 2454 ι
940 2410 999 2456 ιιι
1029 2401 1271 2470 loquitur
1301 2401 1541 2459 Thomas
1560 2404 1807 2461 Fazellns
1842 2404 1920 2460 De
1954 2407 2063 2461 reb.
2121 2405 2317 2461 Siculis
2360 2406 2562 2461 decade
2593 2421 2632 2468 ιλ,
2666 2404 2764 2459 lib.
2809 2418 2889 2466 Ill,
2922 2419 3039 2471 cap.
3080 2403 3132 2469 i,
3168 2422 3186 2454 ι
3224 2410 3484 2470 tanquam
3522 2398 3627 2455 Ca-

349 2504 489 2549 tante
520 2493 670 2547 urbis
702 2493 955 2558 tutelare,
987 2495 1226 2550 maximo
1258 2498 1426 2552 totius
1462 2497 1663 2554 Sicilia:
1692 2499 1933 2554 virorum
1963 2513 2028 2554 ac
2061 2499 2351 2554 mulierum
2398 2506 2692 2563 conventu,
2724 2493 2893 2551 Nonis
2924 2495 3083 2551 Febr.
3116 2509 3279 2566 quam
3316 2492 3619 2563 religiosis-

348 2586 485 2642 sime
512 2585 733 2641 colitur.
767 2605 785 2637 ι
822 2582 1008 2654 Neque
1042 2585 1262 2643 Catanae
1290 2590 1464 2646 solum
1504 2592 1649 2647 illius
1680 2606 1746 2648 eo
1775 2592 1862 2647 die
1883 2591 2198 2647 celebratur
2225 2590 2442 2655 natalis,
2471 2590 2591 2654 sed,
2624 2598 2826 2643 utante
2858 2586 2967 2642 230
2992 2602 3162 2666 annos
3187 2585 3408 2655 scripsit
3434 2586 3485 2638 in
3509 2586 3625 2640 Ka—

349 2680 593 2735 lendario
623 2679 996 2736 ecclesiastico
1023 2682 1261 2751 generali
1292 2680 1609 2754 Radulphus
1655 2685 1719 2739 de
1751 2684 1912 2750 Rivo,
1950 2683 2286 2753 Tungrensis
2332 2684 2386 2738 in
2448 2681 2632 2753 Belgio
2693 2683 2951 2746 decanus,
2991 2700 3021 2733 ι
3054 2681 3252 2748 ubique
3314 2695 3379 2733 ex
3437 2677 3624 2733 Sicilia

348 2771 573 2842 Agatbae
607 2770 673 2829 ν.
702 2782 756 2827 et
787 2772 854 2826 Μ.
889 2788 943 2826 rx
1002 2762 1139 2827 lect.
1168 2792 1186 2825 ι
1220 2773 1312 2829 Est
1339 2775 1737 2846 antiquissimis
1771 2776 2172 2849 .‘liartyrologiis
2197 2777 2266 2831 ad
2311 2790 2438 2832 eum
2458 2775 2599 2829 diem
2638 2772 2784 2828 illius
2813 2773 3111 2843 ascriptum
3147 2786 3364 2826 nomen.
3408 2772 3486 2826 Ita
3525 2785 3622 2825 ve-

349 2867 712 2921 tristissimum
742 2863 1070 2930 Romanum,
1107 2866 1250 2935 quod
1284 2867 1485 2936 saapius
1503 2869 1605 2923 sub
1635 2868 1694 2923 S.
1725 2867 2044 2940 Hieronymi
2104 2869 2323 2924 nomine
2374 2868 2686 2925 citavimus.
2726 2885 2744 2918 ι
2783 2866 2841 2921 in
2871 2866 3079 2931 Sicilia,
3105 2865 3328 2921 civitate
3358 2863 3622 2924 Catanas,

351 2968 464 3014 nat.
493 2958 716 3029 Agathe:
738 2957 889 3029 Virg.
932 2980 951 3012 ι
982 2959 1421 3015 Consonataliud
1458 2961 1531 3017 ab
1570 2960 1861 3017 ileriberto
1888 2961 2197 3033 Rosweydo
2226 2970 2412 3017 nostro
2440 2963 2642 3017 editum
2681 2980 2694 3017 :
2733 2980 2760 3013 ι
2791 2960 2850 3015 S.
2896 2958 3117 3028 Agathae
3160 2959 3297 3027 virg.
3322 2957 3462 3026 apud
3488 2953 3628 3009 civi-

350 3057 512 3108 tatem
542 3052 967 3123 Catanensium;
1000 3073 1019 3108 ι
1054 3063 1108 3112 et.
1136 3056 1591 3125 Richenoviense,
1651 3058 1773 3115 sive
1817 3056 2009 3114 Divitis
2058 3057 2291 3128 Augiae:
2332 3076 2355 3111 ιη
2398 3058 2607 3125 Sicilia,
2649 3058 2706 3117 in
2755 3055 3002 3112 Cathana
3044 3054 3285 3119 civitate,
3324 3051 3505 3122 passio
3546 3048 3609 3104 S.

348 3149 572 3219 Agathae
607 3147 673 3204 V.
716 3167 735 3201 ι

420 3262 614 3320 Fusius
645 3262 926 3323 Usuardus
956 3285 969 3321 :
1016 3284 1035 3319 ι
1071 3266 1225 3339 Apud
1255 3266 1518 3337 Siciliam,
1549 3269 1769 3325 civitate
1797 3269 2207 3336 Catanensium,
2250 3268 2449 3325 natalis
2496 3269 2553 3325 S.
2584 3268 2805 3340 Agathae
2853 3267 2989 3337 virg.
3037 3275 3092 3323 et
3124 3273 3318 3330 mart.,
3353 3280 3473 3335 qure
3500 3274 3625 3334 post

352 3357 538 3427 alapas
566 3368 622 3415 et
645 3375 946 3427 carcerem,
970 3371 1093 3433 post
1110 3363 1399 3433 equuleum
1419 3374 1470 3421 et
1500 3366 1783 3433 tortiones,
1809 3375 1936 3437 post
1953 3365 2316 3421 mamillarum
2338 3364 2751 3429 abscissionem,
2774 3372 2895 3434 post
2915 3361 3305 3418 volutationem
3330 3362 3383 3416 in
3406 3363 3621 3418 testnlis

348 3455 407 3504 et
432 3448 785 3518 carbonibus,
816 3453 1032 3509 tandem
1064 3457 1166 3511 sub
1189 3456 1373 3525 judice
1405 3456 1700 3524 Quintiano
1731 3459 1992 3531 martyrio
2019 3467 2397 3515 consummata
2437 3468 2541 3514 est.
2583 3477 2602 3511 ι
2638 3458 2754 3512 Ado
2789 3472 2876 3523 ep.
2912 3456 3241 3512 Viennensis
3272 3458 3322 3512 in
3351 3456 3625 3528 Martyro-

352 3540 496 3613 logio
525 3543 629 3598 ista
658 3543 841 3612 habet,
874 3560 994 3615 quae
1021 3556 1077 3604 et
1120 3548 1173 3603 in
1225 3565 1355 3607 mss.
1397 3551 1586 3618 variis,
1637 3551 1801 3607 etiam
1853 3551 2011 3606 Bedae
2069 3550 2291 3607 nomine
2348 3549 2713 3621 prtetitulatis,
2768 3550 3066 3619 leguntur:
3105 3568 3123 3600 ι
3160 3550 3314 3619 Apud
3354 3549 3627 3619 Siciliam,

352 3634 574 3692 civitate
603 3635 997 3705 Catinensium,
1019 3641 1202 3710 passio
1236 3642 1296 3698 S.
1330 3643 1555 3715 Agathe
1586 3643 1725 3715 virg.
1768 3644 1867 3700 sub
1893 3642 2057 3700 Decio
2081 3648 2210 3711 imp.
2243 3642 2570 3714 proconsule
2634 3641 2931 3709 Quintiano
2960 3661 2973 3696 :
3004 3657 3125 3711 quae
3173 3650 3295 3709 post
3349 3642 3535 3710 alapas
3567 3655 3625 3698 et

353 3744 656 3797 carcerem,
697 3739 819 3803 post
843 3731 1132 3802 equuleum
1164 3742 1220 3789 et
1245 3735 1531 3805 tortiones,
1563 3745 1686 3805 post
1718 3735 2081 3791 mamiliarum
2113 3736 2527 3802 abscissionem,
2561 3734 2656 3791 sed
2703 3749 2735 3789 a
2786 3733 3015 3788 Domino
3072 3735 3434 3802 sanationem,
3504 3741 3635 3803 post-

354 3824 743 3881 volutationem
773 3824 827 3878 in
857 3823 1071 3880 testulis
1094 3833 1149 3880 et
1169 3827 1518 3894 carbonibus,
1552 3830 1767 3884 tandem
1793 3829 1849 3884 in
1871 3843 2095 3885 carcere
2132 3838 2508 3885 consummata
2542 3835 2645 3885 est.
2684 3846 2703 3880 ι
2737 3826 2869 3894 Quae.
2910 3825 3027 3881 Ado
3073 3835 3127 3880 et
3178 3826 3480 3892 Usnardus,
3524 3842 3624 3880 ea-

358 3917 480 3972 dem
513 3917 830 3989 exprimunt
862 3919 1121 3989 pleraque
1177 3919 1304 3987 alia,
1341 3922 1507 3977 etiam
1559 3923 1951 3989 recentiorum,
2010 3921 2432 3993 Martyrologia;
2465 3922 2800 3980 contractius
2863 3921 3130 3994 quaedam,
3195 3921 3298 3977 alia
3346 3919 3635 3981 diﬂusius-

357 4008 778 4069 Wandelbertus
805 4010 1165 4081 Prumiensis,
1194 4016 1287 4085 qui
1317 4026 1442 4073 ante
1480 4031 1628 4074 toccc
1658 4033 1833 4075 annos
1864 4020 2019 4087 vixit,
2051 4018 2167 4075 haec
2197 4017 2265 4074 de
2282 4033 2343 4075 ea
2379 4019 2531 4075 canit
2557 4037 2573 4081 ;

1178 4171 1408 4251 Sicania:
1438 4177 1660 4251 populos
1696 4176 1869 4251 Nonis
1905 4178 2008 4251 sibi
2044 4179 2222 4251 subdit
2252 4179 2485 4251 Agat/tes

1190 4242 1417 4316 Virginis
1439 4242 1636 4300 eximio
1665 4249 1830 4302 virtus
1863 4248 2126 4304 celebrata
2162 4242 2369 4305 decoFe.

429 4396 684 4455 Eaindem
719 4398 963 4457 referunt
992 4400 1097 4456 hoc
1123 4398 1212 4455 die
1244 4388 1557 4458 Graecorum
1594 4402 1816 4470 Menam,
1866 4404 2249 4478 Menologium,
2292 4406 2703 4478 Antliologium.
