4160 6422
1781 373 2065 435 MENSIS
2097 375 2619 439 FEBRUAIUUS.

3701 374 3847 437 1332

1999 525 3728 557 ww

1959 693 2444 786 ΑΘΛΗΣΙΣ

1226 884 1366 940 ΤΗΣ
1405 883 1611 939 ΑΙΊΑΣ
1652 882 1772 939 ΚΑΙ
1814 876 2256 937 ΚΑΛΛῙΝῘΚΟΥ
2290 875 2668 932 ΜΑΡΤΥΡΟΣ
2697 875 2838 931 ΤΟΥ
2873 873 3180 930 ΧΡΙΣΤΟΥ

1435 1051 2058 1168 ΑΓΑΘΗΣ
2137 1044 2978 1164 ΠΑΡΘΕΝΟΥ

1891 1438 2027 1528 CE
2051 1436 2538 1528 RTAMEN

1322 1635 1653 1700 SANCTIE
1696 1635 1799 1696 ET
1839 1629 2217 1698 EGREGUE
2271 1632 2695 1698 MARTYRIS
2751 1626 3080 1695 CHRISTI

1506 1824 2138 1942 AGATHfE
2223 1825 2886 1946 VIRGINIS

1005 2058 1199 2122 (Grece
1220 2069 1358 2108 nunc
1382 2057 1594 2123 primum
1617 2055 1747 2118 typis
1767 2053 2028 2102 mandatur
2053 2063 2115 2100 ex
2138 2049 2250 2100 cod.
2271 2062 2365 2098 ms.
2404 2049 2558 2101 Paris.
2585 2064 2636 2100 n.
2662 2049 2776 2115 999,
2799 2051 2971 2104 saeculi
2996 2065 3048 2102 κ.
3071 2053 3210 2103 Eutr.
3233 2051 3412 2117 Pan.)

1973 2357 2199 2414 CAPUT
2222 2357 2519 2418 PRIMUM.

1539 2479 1602 2536 S.
1629 2479 1851 2549 Agalha:
1877 2478 2078 2548 patria,
2119 2477 2221 2530 iter
2273 2473 2546 2534 Pauormo
2571 2455 2859 2538 Caranum.

648 2603 692 2665 I.
713 2606 1016 2676 lmperante
1033 2599 1195 2658 Decio
1209 2601 1357 2656 Caesa
1367 2597 1749 2665 re,Quintiano
1771 2607 1899 2648 vero
1915 2591 2157 2647 Siliciam

2335 2597 2414 2652 A'.
2447 2596 2834 2664 Βασιλεύοντος
2864 2599 3056 2655 Δεκίου
3093 2600 3398 2674 Καίσαρος,
3430 2599 3872 2673 ἡγεμονεύοντος

579 2697 839 2762 lnsulam,
875 2695 942 2749 ad
971 2691 1352 2764 praefecturam
1382 2687 1551 2743 Italia:
1569 2687 1952 2756 pertinentem,
1991 2682 2167 2736 admi-

577 2793 846 2848 uistrante
869 2831 886 2856 ,
913 2785 1309 2855 promulgatum
1346 2789 1430 2836 est
1455 2779 1718 2842 edictum,
1757 2786 1813 2830 ut
1851 2775 2168 2845 quicunque

581 2882 894 2953 religiosum
926 2877 1036 2933 veri
1077 2875 1169 2930 Dei
1203 2873 1409 2930 cultum
1428 2881 1734 2935 exerceret,
1763 2869 1957 2923 acerba
1991 2875 2170 2922 morte

583 2987 898 3036 necaretur.
929 2972 1132 3030 Sancta
1161 2969 1327 3041 igitur
1353 2977 1408 3023 et
1435 2965 1783 3034 magnanima
1839 2963 2067 3034 Agathe,
2102 2976 2168 3016 cx

579 3071 968 3130 Panormitana
1017 3066 1238 3123 civitate
1305 3062 1557 3124 oriunda,
1630 3057 1985 3114 nobilissimis
2044 3070 2173 3110 vero

581 3165 726 3221 edita
760 3159 1051 3224 natalibus,
1089 3166 1145 3211 ut
1177 3155 1399 3226 impium
1437 3151 1644 3223 vulgari
1687 3151 1964 3206 decretum
2011 3150 2174 3203 intol-

581 3251 730 3316 lexit.
758 3253 1020 3323 patriam,
1047 3262 1239 3318 genus,
1277 3245 1526 3317 gloriam,
1559 3253 1614 3298 et
1639 3242 1902 3314 quidquid
1937 3241 2005 3296 ad
2038 3249 2179 3297 tem-

580 3345 852 3418 porariam
889 3344 1032 3397 hanc
1066 3341 1230 3394 vitam
1278 3346 1506 3407 spectat,
1559 3350 1657 3404 pro
1715 3333 1882 3388 nihilo
1944 3333 2176 3400 ducens,

582 3453 706 3494 sese
775 3437 841 3491 ad
903 3432 1247 3503 suscipienda
1303 3445 1402 3501 pro
1454 3427 1674 3484 Christo
1730 3425 2030 3480 certamina
2085 3441 2178 3479 ar-

590 3530 784 3584 tnavit.

659 3619 727 3676 ll.
760 3619 1083 3687 Quintianus
1114 3631 1240 3672 vero
1271 3629 1492 3686 praeses,
1516 3629 1638 3670 cum
1659 3624 1901 3671 sanctam
1925 3631 1989 3671 ac
2015 3629 2183 3686 gene-

585 3729 768 3770 rosam
797 3713 1062 3784 Agatham
1092 3712 1280 3767 forma:
1293 3709 1580 3765 honestate
1599 3717 1655 3762 et
1687 3708 1806 3780 eleg
1825 3710 1974 3763 autia
1994 3708 2186 3778 puellis

588 3808 796 3863 cunctis
819 3805 1116 3876 aequalibus
1147 3807 1260 3859 suis
1291 3803 1450 3872 longe
1492 3801 1824 3856 antecellcre
1851 3801 2182 3865 inaudisset,

589 3901 806 3956 modum
831 3898 1202 3968 excogitabat,
1230 3907 1338 3968 quo
1373 3893 1580 3951 Christi
1634 3893 1901 3964 virginem
1927 3907 2179 3961 compre-

589 3990 874 4055 henderet,
951 3990 1117 4058 inque
1190 4001 1344 4042 suam
1423 3983 1750 4039 sententiam
1809 3983 2176 4052 pertraheret.
2212 3953 2255 4008 Β

589 4084 768 4151 Atque
827 4081 880 4134 iu
923 4080 1026 4134 hac
1055 4077 1268 4134 nefaria
1327 4074 1530 4131 mentis
1581 4075 1877 4146 agitatione
1933 4072 2182 4144 quotidie

595 4175 776 4229 moliri
811 4189 873 4227 ac
911 4181 1123 4227 tentare
1153 4171 1333 4224 omnia
1375 4185 1481 4224 non
1507 4163 1995 4232 cessabat,'donec
2026 4167 2077 4220 ei
2114 4165 2182 4220 li-

595 4277 746 4322 ceret
795 4265 1034 4320 libidinis
1068 4281 1179 4320 suae
1231 4273 1456 4320 trstrum
1489 4262 1555 4316 ad
1581 4261 1834 4318 cllectum
1892 4260 2181 4315 deducere.

597 4360 861 4427 Quovirca
891 4360 1206 4429 praeclaram
1247 4370 1300 4413 et
1341 4357 1534 4412 illustri
1574 4366 1750 4412 ortam
1780 4369 1978 4424 genere
2014 4354 2187 4409 ancil-

598 4455 703 4507 lam
737 4451 964 4516 Christi,
1009 4467 1076 4507 eo
1122 4459 1385 4521 praetextu
1451 4450 1594 4520 quod
1653 4458 1797 4503 esset
1850 4446 2185 4512 Christiana,

598 4545 982 4615 comprehendi
1011 4544 1166 4614 jubet
1195 4551 1249 4598 et
1278 4545 1330 4597 in
1368 4552 1720 4612 conspectum
1768 4554 1926 4594 suum
1960 4539 2186 4592 adduci.

599 4637 730 4691 Erat
755 4646 936 4690 autent
972 4634 1090 4704 ipsa
1153 4635 1353 4705 insigni
1405 4649 1616 4688 morum
1675 4631 2094 4700 compositione,
2133 4640 2190 4685 et

600 4728 775 4800 gratia
813 4728 1080 4783 sermonis
1109 4738 1330 4792 ornata,
1351 4735 1410 4780 ut
1437 4725 1595 4780 facile
1631 4724 1831 4779 eximia
1889 4723 2190 4793 pulchritu-

603 4824 748 4878 dinis
783 4821 1304 4891 spccieintuentium
1336 4829 1520 4890 posset
1543 4818 1645 4873 sibi
1663 4818 1877 4874 animos
1900 4818 2189 4890 subjicere.

605 4915 930 4981 Quintianus
957 4929 1087 4970 vero
1122 4916 1371 4983 impurus
1401 4926 1468 4967 ac
1503 4925 1796 4981 pet-versus
1846 4926 1972 4966 cum
2023 4920 2191 4975 esset,

605 5013 897 5071 conspecta
925 5003 1154 5074 virginis
1191 5004 1390 5072 specie,
1427 5002 1571 5056 illico
1621 5010 1814 5071 captus
1841 5016 2030 5057 amore
2083 5011 2190 5067 est,

605 5096 768 5152 simul
798 5106 852 5151 et
886 5095 1118 5151 fortunis
1159 5095 1306 5149 illius
1369 5093 1610 5158 inhians,
1665 5093 1814 5148 vultu
1865 5094 1984 5163 ipso
2020 5093 2190 5147 animi

605 5189 1072 5260 perturbatiOuem
1105 5185 1361 5257 prodidit.

2270 2687 2326 2742 δὲ
2355 2689 2659 2744 Κυντιανοῦ
2683 2690 2786 2760 τῆς
2815 2690 3055 2745 Σικελῶν
3083 2694 3272 2765 νήσου,
3295 2693 3398 2764 τῆς
3423 2693 3647 2747 Ἰταλῶν
3689 2693 3872 2764 ἐπαρ-

2272 2779 2418 2850 χίας,
2477 2779 2671 2852 ἐξῆλθε
2734 2783 3091 2855 πρόσταγμα,
3161 2784 3303 2838 ὥστε
3361 2785 3544 2838 πάντα
3595 2785 3688 2838 τὸν
3735 2785 3872 2854 θρη-

2275 2871 2538 2926 σκεύοντα
2583 2873 2682 2944 τὴν
2715 2874 2918 2946 εὐσεϐῆ
2975 2876 3072 2930 τοῦ
3134 2875 3270 2930 Θεοῦ
3330 2876 3634 2947 θρησκείαν
3684 2875 3875 2949 πικρῷ

2275 2962 2491 3038 θανάτῳ
2526 2967 2946 3038 παραδίδοσθαι.
2979 2964 3089 3024 Ἦν
3111 2963 3205 3023 οῦν
3233 2971 3266 3039 ἡ
3303 2969 3428 3024 ὁσία
3476 2971 3573 3024 καὶ
3629 2971 3876 3041 μεγαλό-

2277 3077 2431 3131 φρων
2475 3061 2705 3132 ’Λγάθη,
2759 3063 3061 3135 ὁρμωμένη
3118 3064 3218 3134 μέν
3250 3064 3313 3116 ἐκ
3344 3063 3445 3132 τῆς
3488 3063 3876 3133 Πανορμητῶν

2277 3153 2508 3221 πόλεως,
2524 3156 2802 3227 ἐπισήμου
2823 3157 2880 3209 δέ
2899 3157 2993 3210 καὶ
3021 3156 3277 3228 λαμπροῦ
3299 3157 3491 3225 γένους
3521 3155 3878 3227 ὑπάρχουσα,

2278 3248 2563 3303 ἀκούσασα
2592 3251 2784 3304 τούτου
2813 3248 2908 3302 τοῦ
2933 3249 3367 3321 περιηχηθέντος
3396 3249 3632 3312 ἀσεϐοῦς
3664 3249 3880 3319 δόγμα-

2277 3355 2393 3406 τος,
2428 3342 2708 3412 πατρίδος,
2743 3341 2958 3411 γένους,
3019 3342 3179 3413 δόξης
3222 3343 3318 3396 καὶ
3372 3343 3556 3411 πάσης
3583 3343 3684 3410 τῆς
3732 3343 3879 3412 πρὸς

2279 3432 2476 3504 καιροῦ
2535 3435 2680 3505 ζωῆς
2731 3435 3201 3505 καταφρονήσασα
3251 3435 3382 3498 τοὺς
3444 3436 3572 3506 περὶ
3631 3433 3881 3504 Χριστοῦ

2282 3526 2501 3595 ἀγῶνας
2528 3528 2803 3593 ὁπλίζετο.

2355 3621 2431 3676 B'.
2465 3623 2769 3686 Κυντιανὸς
2791 3622 2849 3677 δέ
2877 3624 2906 3678 δ
2927 3621 3161 3696 ἡγεμὼν
3185 3620 3430 3685 ἀκούσας
3453 3619 3706 3692 περὶτῆς
3726 3619 3882 3685 ὁσίας

2285 3717 2380 3769 καὶ
2398 3715 2706 3786 ἁθληφόρου
2751 3714 3012 3784 Ἀγάθης,
3055 3713 3132 3777 ὡς
3163 3712 3305 3784 καλὴ
3331 3712 3427 3766 καὶ
3453 3711 3880 3781 εὐπρεπεστάτη

2285 3809 2652 3878 τυγχάνουσα,
2694 3809 2876 3873 πάσας
2906 3807 3262 3880 ὑπερϐέϐηκε
3287 3805 3387 3869 τὰς
3411 3804 3530 3859 κατ’
3555 3805 3725 3872 αὐτὴν
3753 3823 3884 3860 νεα-

2289 3901 2459 3967 νίδας,
2495 3901 2750 3971 ἐπεζήτει
2778 3899 2840 3952 τδ
2863 3898 2983 3964 πῶς
3007 3900 3108 3969 τὴν
3143 3895 3418 3968 παρθένον
3466 3895 3559 3950 τοῦ
3588 3895 3728 3948 Θεοῦ
3761 3895 3888 3949 συλ-

2285 3991 2489 4057 λαϐὼν,
2522 3993 2887 4048 ἐπισπάσοιτο
2909 3991 3006 4045 καὶ
3033 3989 3099 4062 δὴ
3124 3988 3248 4043 καθ’
3276 3989 3518 4058 ἑκάστην
3553 3987 3650 4059 τὴν
3685 3987 3885 4040 ἑαυτοῦ

2285 4085 2619 4157 κακόσχολον
2653 4085 2892 4140 διάνοιαν
2923 4083 3235 4155 ταράττων,
3263 4082 3365 4135 οὑκ
3396 4080 3652 4144 ἐπαύετο,
3690 4080 3890 4152 μέχρις

2287 4177 2354 4234 ἂν
2387 4179 2679 4250 ἐκγένηται
2712 4177 2861 4249 αὑτῷ
2889 4177 2984 4231 τὸν
3015 4177 3116 4247 τῆς
3140 4175 3443 4246 ἐπιθυμίας
3475 4171 3643 4228 αὐτοῦ
3670 4167 3891 4243 οἶστρον

2285 4274 2363 4334 εἰς
2386 4271 2547 4343 ἔργον
2581 4271 2826 4340 ἀγαγεῖν.
2858 4271 3023 4323 Ὅθεν
3052 4270 3152 4340 τὴν
3183 4267 3450 4339 λαμπρὰν
3478 4267 3575 4322 καὶ
3607 4263 3892 4335 περιφανῆ

2287 4365 2366 4436 τῷ
2396 4367 2568 4434 γένει,
2604 4363 2798 4434 δούλην
2826 4363 2885 4419 δὲ
2914 4361 3054 4416 Θεοῦ
3103 4361 3382 4434 προφάσει
3413 4359 3577 4430 δῆθεν
3616 4355 3712 4410 τοῦ
3751 4355 3894 4425 Χρι-

2292 4462 2516 4530 στιανὴν
2545 4460 2716 4531 αὐτὴν
2743 4457 2904 4520 εἶναι,
2937 4455 3150 4510 κελεύει
3180 4452 3553 4523 συλληφθῆναι
3581 4447 3759 4517 αὐτὴν
3792 4445 3894 4498 καὶ

2292 4553 2434 4607 κατὰ
2483 4553 2776 4621 πρόσωπον
2830 4549 2997 4604 αὑτοῦ
3048 4547 3244 4601 ἐλθεῖν.
3294 4543 3526 4615 Αὕτηδέ
3562 4537 3755 4613 ἦνκαὶ
3793 4539 3898 4607 βίῳ

2293 4645 2390 4698 καὶ
2413 4641 2557 4712 λόγῳ
2588 4639 3150 4712 κατακεκοσμημένη,
3183 4635 3462 4706 δυναμένη
3507 4635 3572 4703 τῇ
3609 4630 3896 4700 ὑπερϐολῇ

2294 4736 2387 4789 τοῦ
2422 4735 2652 4798 κάλλους
2683 4733 2812 4796 τοὺς
2843 4732 3084 4804 ὁρῶντας
3110 4731 3281 4800 αὐτὴν
3321 4723 3614 4791 ὑποτάξαι.
3650 4725 3899 4777 Κυντια-

2296 4829 2383 4892 νὸς
2413 4827 2745 4898 κακόσχολος
2771 4827 3059 4896 ὑπάρχων,
3091 4821 3346 4894 ἐρασθεὶς
3376 4821 3442 4890 τῇ
3471 4818 3590 4887 ὄψει
3621 4816 3724 4886 τῆς
3750 4831 3899 4884 παρα

2295 4922 2476 4988 θένου,
2507 4922 2599 4976 τὸν
2641 4920 2922 4991 ὀφθαλμὸν
2969 4917 3136 4973 αὐτοῦ
3155 4914 3601 4986 ,συνετάραττενο
3629 4908 3896 4970 ὡσαύτως

2298 5019 2393 5071 καὶ
2417 5017 2526 5071 τῶν
2549 5016 2850 5088 χρημάτων
2880 5013 3053 5083 αὐτῆς
3081 5012 3244 5082 ἐρῶν.

677 5283 770 5339 lll.
798 5281 892 5336 His
919 5296 1051 5350 ergo
1070 5279 1264 5345 modis,
1300 5279 1374 5334 uti
1399 5278 1661 5347 diximus,
1689 5279 1742 5334 in
1766 5277 2008 5335 furorem
2043 5287 2186 5334 actus

2374 5289 2447 5342 l".
2479 5284 2703 5348 Τούτοις
2733 5283 2914 5337 τοίνυν
2947 5284 3058 5344 τοῖς
3082 5280 3328 5352 τρόποις,
3351 5273 3538 5338 καθὼς
3563 5274 3902 5344 εἰρήκαμεν,

611 5376 960 5442 Quintianus,
993 5372 1253 5429 militibus
1273 5384 1330 5427 ut
1359 5371 1418 5428 S.
1441 5374 1706 5444 Agatham
1734 5373 2202 5443 comprehendant

613 5470 856 5525 mandat.
891 5467 956 5522 lli
991 5467 1198 5522 Catana
1259 5467 1489 5537 egressi,
1522 5467 1594 5522 ita
1629 5482 1748 5522 eam
1800 5467 2151 5535 alloquuntur
2181 5483 2195 5518 :

612 5561 903 5618 Decretum
936 5558 1196 5614 adversus
1225 5567 1275 5613 te
1304 5557 1702 5628 promulgatum
1727 5567 1810 5613 est
1833 5575 1860 5610 a
1890 5555 2105 5611 Cmsare
2136 5571 2199 5611 ac

615 5655 866 5724 pra'side,
891 5653 1015 5722 quia
1052 5665 1229 5721 neque
1275 5649 1382 5705 diis
1414 5651 1718 5715 sacriﬁces,
1749 5666 1887 5720 quos
1921 5649 2198 5720 Augustus

617 5746 766 5812 colit,
796 5760 899 5798 nec
929 5742 1107 5814 patrio
1162 5743 1265 5797 ritu
1293 5758 1388 5800 cos
1422 5744 1722 5799 venereris.
1760 5740 1866 5797 Sed
1919 5742 2003 5798 vel
2056 5757 2200 5796 nunc

619 5833 704 5891 lac
737 5837 959 5894 inducas
995 5836 1049 5894 in
1097 5834 1335 5895 animum
1389 5836 1494 5896 diis
1549 5837 1853 5906 immolare,
1887 5845 1943 5892 ut
2001 5845 2048 5893 te
2078 5851 2200 5893 cunt

2313 5378 2609 5452 μανιωθεὶς
2672 5378 2700 5430 ὁ
2735 5375 3074 5437 Κοντιανδς,
3125 5373 3224 5443 τὴν
3261 5372 3426 5440 ἁγίαν
3502 5369 3740 5437 Ἀγάθην
3791 5367 3907 5420 ὑπὸ

2312 5467 2664 5541 στρατιωτῶν
2687 5467 2944 5521 ἐκέλευσε
2979 5463 3373 5533 συλληφθῆναι.
3399 5459 3462 5515 Οἱ
3495 5459 3552 5512 δὲ
3587 5458 3908 5523 ἐξελθόντες

2310 5560 2420 5615 ἀπὸ
2455 5560 2712 5626 Κατάνης
2761 5557 3013 5624 λέγουσιν
3078 5553 3248 5624 αὐτῇ·
3305 5551 3579 5622 Ψήφισμα
3626 5547 3770 5602 κατὰ
3801 5547 3909 5600 σοῦ

2314 5651 2540 5723 ἐξῆλθεν
2563 5650 2669 5704 ὑπό
2695 5666 2755 5702 τε
2787 5647 2881 5701 τοῦ
2917 5647 3198 5716 Καίσαρος
3249 5644 3343 5697 καὶ
3374 5642 3466 5695 τοῦ
3498 5639 3792 5710 ἡγεμόνος,
3826 5639 3915 5703 ὡς

2315 5746 2398 5800 ὅτι
2423 5745 2482 5798 οὐ
2506 5742 2654 5806 θύεις
2682 5744 2794 5804 τοῖς
2820 5740 2984 5802 θεοῖς,
3015 5737 3215 5800 οἵτινες
3238 5734 3506 5806 τιμῶνται
3533 5732 3638 5785 ὑπὸ
3666 5730 3762 5785 τοῦ
3799 5731 3912 5800 βα⁹

2314 5835 2528 5903 σιλὲως,
2560 5833 2681 5888 οὐδὲ
2705 5829 2991 5904 λατρεύεις
3022 5829 3204 5894 αὐτοῖς
3237 5826 3374 5882 κατά
3411 5824 3477 5881 τὰ
3513 5821 3738 5895 πατρῷα
3768 5821 3871 5893 ἔθη
3893 5837 3908 5850 ·
