4160 6424
392 322 414 380 l
426 317 531 381 333

1449 322 1628 385 VITA
1670 324 1732 385 S.
1765 324 2092 385 AGATHE
2142 324 2518 389 VIRGINIS.

3507 328 3648 394 1334

381 420 501 483 ἀλλ’
524 422 620 483 οὖν
644 429 884 484 κατάθου
911 430 1060 484 θύειν
1081 433 1289 496 αὐτοῖς,
1320 433 1407 486 ίνα
1431 434 1569 504 μετὰ
1597 433 1777 504 πάσης
1799 434 1967 504 τιμῆς

2090 439 2214 491 ιιιιηί
2248 440 2454 496 honore
2477 450 2533 496 et
2553 440 2719 511 gloria
2755 442 2822 497 ad
2875 439 3157 497 consulem
3209 439 3560 495 adducamus.
3588 440 3652 497 S.

384 520 482 573 καὶ
540 519 701 590 δόξης
755 524 1120 594 προσάγωμεν
1155 540 1216 578 σε
1245 524 1324 595 τῷ
1370 526 1582 597 ὑπάτῳ.
1641 526 1704 581 Ἦ
1732 527 1788 582 δὲ
1831 527 1962 596 ἁγία

398 613 450 665 ’Δ
462 611 736 684 γάθηοτὴν
762 613 971 669 ἄνωθεν
991 616 1191 670 ἀσπίδα
1215 617 1482 683 λαϐοῦσα,
1512 617 1653 674 ὅπλα
1680 621 1743 674 οὐ
1773 605 1962 691 κοσμι-

384 705 479 767 κὰ,
498 705 613 759 ἀλλ’
638 706 845 761 ἄνωθεν
875 710 1380 781 κατεσκευασμένα,
1411 711 1678 779 γενναίως
1707 712 1849 766 κατὰ
1866 711 1962 766 τοῦ

384 797 651 866 τυράννου
677 797 951 863 ὀπλίζετο.
1013 797 1136 852 Τῶν
1167 798 1224 852 δὲ
1261 799 1474 871 δημίων
1526 802 1965 871 κατεπειγόντων

384 886 556 956 αὐτὴν
583 885 758 940 ἐλθεῖν
779 889 872 940 ἐπὶ
899 886 979 958 τῷ
1017 889 1367 960 παραστῆναι
1416 889 1496 959 τῷ
1542 888 1814 959 τυράννῳ,
1849 890 1966 944 εἱσ-

387 978 616 1032 ιλθοῦσα
668 981 750 1043 εἰς
802 979 897 1035 τὸν
930 975 1081 1033 οἷκον
1111 981 1287 1052 αὐτῆς
1335 983 1432 1036 καὶ
1483 981 1811 1036 ἀνατείνασα
1839 982 1968 1047 τοὺς

383 1070 707 1141 ὀφθαλμοὺς
741 1072 823 1127 είς
852 1072 946 1125 τὸν
973 1073 1203 1143 οὐρανὸν
1232 1069 1389 1127 εἶπεν
1409 1089 1423 1106 ο
1481 1073 1731 1128 Δέσποτα
1771 1073 1964 1144 Κύριε,

399 1162 576 1230 Ἰησοῦ
605 1162 832 1234 Χριστὲ,
884 1166 948 1218 σὺ
1003 1164 1297 1219 ἐπίστασαι
1330 1164 1430 1237 τὴν
1458 1166 1701 1220 διάθεσίν
1731 1182 1866 1236 μουο
1904 1166 1968 1220 σὺ

382 1251 535 1318 οἶδας
572 1256 633 1309 τὸ
663 1257 795 1326 ἑμδν
849 1257 1163 1327 πρόθυμον·
1200 1258 1364 1322 αὐτὸς
1413 1260 1794 1329 στρατήγησον
1825 1257 1969 1328 ὑπὲρ

389 1344 525 1416 ἐμοῦ
558 1348 699 1401 κατὰ
726 1346 823 1401 τοῦ
863 1349 1156 1419 τυράννου,
1192 1348 1292 1420 ἤδη
1334 1348 1445 1420 γὰρ
1492 1349 1824 1416 νενέκρωται
1876 1347 1973 1402 καὶ

388 1439 961 1511 καταπεπάτηταιύπ’
995 1441 1153 1512 ἐμοῦ.
1187 1443 1296 1496 Καὶ
1315 1439 1433 1505 νῦν,
1479 1442 1729 1495 Δέσποτα
1775 1440 1971 1511 Κύριε,

378 1531 468 1593 τις
493 1529 555 1583 τὸ
602 1532 813 1585 τέλειον
865 1533 961 1586 καὶ
1004 1533 1440 1604 κορυφαιότατος)
1478 1533 1650 1605 ὄνομα
1689 1550 1805 1600 σον,
1842 1534 1900 1588 ὲν
1930 1526 1976 1603 ᾧ

388 1623 559 1693 ἔζησα
582 1627 782 1695 σεμνὸν
815 1626 950 1697 βίον,
985 1627 1178 1697 δέομαί
1210 1645 1330 1693 σου,
1361 1628 1596 1683 σπεῦσον
1628 1630 1723 1684 καὶ
1753 1629 1976 1699 νίκησον

324 1720 329 1744 ⁵
387 1717 480 1771 τὸν
510 1717 783 1784 διάϐολον,
826 1718 1263 1790 προσδεξάμενος
1292 1722 1360 1776 τὰ
1393 1721 1502 1792 ἐμὰ
1539 1721 1775 1792 δάκρυα.

2070 529 2301 599 Agatha,
2338 542 2564 600 accepto
2591 546 2622 586 e
2661 532 2874 601 superis
2908 530 3121 603 clypeo,
3155 545 3305 584 arma
3344 545 3452 585 non
3486 547 3651 587 mun-

2071 623 2235 687 dana,
2273 622 2365 676 sed
2416 622 2658 678 coelestia
2718 624 2977 679 adversus
3033 632 3320 694 tyrannum
3391 635 3657 694 generose

2071 713 2310 782 expedit.
2344 711 2656 769 Lictoribns
2684 729 2816 770 vero
2846 730 2965 769 eam
3007 715 3349 785 urgentibus,
3379 722 3439 769 ut
3466 729 3653 769 secum

2074 804 2178 859 iter
2206 815 2541 875 capesseret,
2575 814 2807 876 tyranno
2834 806 3102 870 sistenda,
3137 807 3188 860 in
3236 807 3459 861 domum
3500 821 3661 861 suam

2074 897 2315 968 ingressa
2347 895 2446 970 (l),
2475 897 2704 953 sublatis
2735 898 2787 952 in
2838 898 3037 954 cmlnm
3078 899 3271 963 oculis,
3330 898 3470 955 dixit
3504 918 3519 954 :
3552 898 3662 953 Do-

2077 991 2222 1046 mine
2245 988 2371 1046 Jesu
2402 991 2638 1061 Christe,
2665 1002 2720 1048 tu
2763 992 2904 1046 nosti
2955 992 3195 1046 animum
3231 1007 3432 1057 meum,
3472 1001 3525 1043 tn
3577 990 3661 1045 af-

2079 1082 2278 1138 fectum
2309 1085 2571 1152 perspicis
2604 1101 2618 1140 :
2656 1085 2771 1153 ipse
2822 1094 2878 1140 tu
2907 1084 3017 1139 dux
3055 1100 3209 1139 meus
3244 1094 3364 1140 esto
3398 1085 3662 1138 adversus

2079 1184 2395 1245 tyrannum.
2431 1176 2571 1232 Ecce
2602 1178 2747 1232 enim
2781 1178 2892 1247 iam
2929 1185 3236 1249 prostratus
3263 1178 3365 1241 est,
3387 1178 3500 1246 jam
3527 1193 3663 1232 ame

2079 1269 2454 1325 conculcatus.
2483 1270 2546 1325 I‘It
2585 1286 2752 1339 nunc,
2783 1271 3035 1337 Domine,
3056 1280 3280 1342 propter
3324 1285 3576 1340 magnum
3607 1279 3662 1326 et

2080 1362 2492 1429 supereminens
2542 1378 2741 1419 nomen
2797 1374 2969 1430 tuum,
3014 1365 3069 1418 in
3117 1378 3227 1431 quo
3257 1363 3421 1418 vitam
3474 1377 3664 1432 puram

2082 1462 2399 1523 castamque
2430 1456 2670 1517 traduxi,
2719 1455 2970 1520 obsecro,
2999 1456 3246 1509 accelera
3279 1465 3336 1511 et
3363 1454 3520 1511 vince
3551 1453 3667 1510 dia!

2082 1543 2289 1612 bolum,
2316 1544 2621 1615 suscipiens
2650 1545 2924 1616 lacrymas
2951 1559 3100 1602 meas
3126 1544 3238 1616 (Ξ).

461 1810 533 1864 Δ’.
567 1810 887 1881 Εὑξαμένης
941 1812 999 1869 δὲ
1030 1814 1202 1884 αὐτῆς
1254 1813 1450 1878 οὕτως,
1489 1812 1713 1884 ἐξῆλθεν
1737 1814 1846 1868 ἀπὸ
1876 1814 1977 1878 τῆς

2157 1808 2246 1867 ιν.
2281 1806 2408 1863 Haec
2437 1817 2681 1878 precata,
2718 1809 2987 1866 Panormo
3018 1810 3291 1878 discessit,
3342 1811 3485 1866 tirmi
3524 1812 3675 1867 muri

388 1900 702 1972 Πανύρμου,
734 1902 926 1974 ὥσπερ
951 1907 1131 1976 τεῖχος
1185 1905 1440 1961 ἄπτωτον
1487 1907 1582 1959 καὶ
1610 1923 1980 1978 περικεχαρα-

391 1994 661 2061 κωμένον,
690 1996 783 2049 καὶ
806 1995 1055 2061 ἐϐάδιζεν
1082 1996 1383 2067 προθύμως
1424 1998 1564 2068 μετὰ
1596 1997 1706 2051 τῶν
1743 1998 1978 2068 δημίων.

395 2083 806 2153 Προσομιλοῢσα
849 2083 906 2137 δὲ
936 2089 1001 2157 τῇ
1033 2087 1244 2159 διανοίᾳ
1302 2087 1379 2157 τῷ
1424 2088 1614 2143 κάλλει
1648 2087 1748 2159 τῆς
1777 2087 1983 2159 ἀρετῆς

392 2176 579 2245 ἔλεγεν
602 2193 616 2207 ·
648 2177 874 2246 Πρῶτον
910 2178 1010 2249 μὲν
1045 2179 1257 2250 ἧϐλησα
1301 2181 1431 2250 περὶ
1456 2181 1556 2251 τὴν
1598 2179 1978 2252 σωφροσύνην,

390 2268 605 2323 καὶτὸν
629 2270 941 2341 ἀρχέκακον
988 2271 1257 2339 διάϐολον,
1296 2274 1389 2326 τὸν
1434 2273 1850 2345 ὕποσπείραντα
1881 2272 1983 2336 τὰς

397 2361 594 2430 ἡδονὰς
622 2362 699 2433 τῷ
722 2363 870 2431 γένει
897 2362 1007 2417 τῶν
1035 2364 1345 2436 ἀνθρώπιον
1389 2366 1677 2436 νενίκηκα,
1727 2364 1818 2419 καὶ
1851 2382 1984 2419 κατ-

390 2455 649 2524 επάτησα
692 2454 780 2510 διὰ
824 2455 923 2526 τῆς
972 2458 1195 2528 χάριτος
1250 2459 1343 2513 τοῦ
1378 2459 1586 2530 Κυρίου
1613 2459 1770 2530 ἡμῶν
1807 2456 1982 2528 Ἰησοῦ

398 2543 637 2614 Χριστοῦ
659 2562 673 2578 ·
727 2546 867 2612 ἀλλ’,
897 2541 942 2601 ὧ
971 2549 1177 2620 πονηρὲ
1234 2550 1327 2603 καὶ
1385 2550 1547 2622 ἐχθρὲ
1573 2551 1672 2622 τῆς
1702 2549 1982 2620 ἀληθείας,

393 2634 496 2705 οὐχ
528 2636 663 2706 ὁρᾷς
702 2637 763 2689 τὸ
796 2634 930 2707 ἐμὸν
967 2639 1182 2694 στάδιον
1239 2640 1509 2695 ἀθάνατον
1535 2640 1628 2707 δν;
1658 2641 1716 2694 ὲν
1742 2634 1787 2709 ᾧ
1817 2639 1987 2707 ἁγάλ-

396 2723 582 2778 λονται
603 2725 807 2779 δίκαιοί
834 2744 894 2780 τε
926 2729 1044 2796 ἅμα
1069 2731 1164 2783 καὶ
1195 2731 1440 2798 ἄγγελοι.
1468 2732 1682 2802 Θεατὴν
1716 2731 1826 2802 ἔχω
1852 2732 1988 2786 eos.

391 2834 559 2872 νατον
583 2818 674 2872 τὸν
697 2819 828 2873 Υίὸν
856 2819 951 2874 τοῦ
974 2821 1112 2874 Θεοῦ
1134 2821 1226 2875 τὸν
1253 2822 1458 2892 Κύριον
1497 2823 1705 2893 Ἰησοῦν
1727 2825 1985 2895 Χριστὸν,

406 2910 631 2982 μυρίαις
659 2913 908 2981 ἀγγέλων
939 2914 1128 2979 τάξεσι
1161 2916 1655 2986 δορυφορούμενος.
1678 2917 1790 2970 Καὶ
1814 2914 1989 2971 ταῦτα

404 3003 636 3058 εἰποῦσα
665 3007 808 3059 κατὰ
828 3006 929 3072 τὴν
965 3007 1210 3062 διάνοιαν
1245 3009 1487 3063 ἔκλαιεν.

476 3095 552 3151 Ε’.
582 3099 969 3169 Πορευομένης
1014 3100 1208 3170 αὐτῆς,
1270 3102 1434 3171 ἐλύθη
1495 3101 1559 3155 τδ
1605 3100 1988 3172 περικείμενον

398 3190 670 3261 σπαρτίον
725 3192 818 3246 τοῦ
850 3193 1201 3265 ὑποδήματος
1250 3195 1441 3265 αὐτῆς,
1476 3195 1571 3248 καὶ¹
1612 3194 1861 3266 στήσασα
1897 3195 1989 3251 τὸν

404 3284 542 3337 πόδα
571 3285 665 3338 ἐπὶ
687 3285 859 3351 λίθου,
894 3287 1084 3357 ἔδησεν
1108 3302 1123 3318 ο
1152 3286 1254 3341 καὶ
1271 3290 1574 3358 στραφεῖσα
1595 3288 1676 3351 είς
1703 3288 1769 3341 τὰ
1788 3287 1988 3354 ὀπίσω,

404 3378 596 3432 οὐδένα
626 3377 737 3431 ἴδεν
772 3380 1276 3436 συνακολουθοῦντα
1324 3382 1464 3453 αὐτῇ
1495 3380 1606 3434 τῶν
1628 3380 1992 3452 προπεμπόν-

402 3487 515 3525 των
541 3472 681 3542 αὐτῇ
710 3471 948 3525 πολιτῶν
980 3474 1075 3526 καὶ
1106 3472 1418 3536 πολιτίδων,
1455 3472 1572 3526 ἀλλ’
1598 3474 1863 3537 ἐάσαντες
1894 3474 1999 3526 αὖ·

402 3562 503 3635 τὴν
532 3563 910 3636 ἀνεχώρησαν.
959 3565 1024 3619 Ἢ
1049 3566 1106 3620 δὲ
1130 3566 1262 3632 ἁγία
1299 3565 1503 3637 Ἀγάθη
1563 3567 1770 3637 σφόδρα
1819 3566 1996 3634 λυπη-

406 3656 558 3711 θεῐσκ
579 3658 785 3729 ηὔξατο
803 3660 1037 3727 λέγουσα
1059 3677 1073 3692 ⁸
1109 3660 1355 3714 Δέσποτα
1383 3661 1554 3730 Κύριε
1585 3658 1993 3729 παντοκράτορ,

404 3750 495 3804 διὰ
527 3753 652 3814 τοὺς
685 3751 1093 3822 ἀπιστήσαντας
1118 3754 1185 3822 τῇ
1212 3755 1278 3824 σῇ
1309 3751 1473 3825 δούλῃ
1498 3753 1566 3820 τῇ
1605 3750 1875 3821 μελλούσῃ
1908 3751 1995 3801 ὲλ-

410 3844 521 3896 θεῖν
545 3844 686 3913 ὑπὲρ
722 3844 819 3897 τοῦ
880 3844 1144 3913 ὀνόματνῖς
1193 3862 1310 3907 σου,
1373 3843 1545 3909 δεῖξον
1583 3844 1727 3915 μέγα
1784 3843 1994 3911 θαῦμα.

413 3934 520 3988 Καὶ
542 3938 885 4007 παραχρῆμα
910 3936 1142 4008 ἀνῆλθεν
1165 3936 1318 3989 ἐλαία
1340 3936 1615 4008 ἄκαρπος,
1655 3935 1999 4008 στηλιτεύου-

415 4044 483 4083 sa
516 4029 613 4093 τὰς
639 4029 863 4101 γνώμας
898 4032 1010 4083 τῶν
1046 4030 1445 4102 Πανορμητῶν.

2083 1920 2146 1960 ac
2176 1904 2316 1959 vallo
2339 1906 2576 1974 undique
2604 1904 2951 1974 circumsepti
2969 1904 3164 1959 similis
3188 1921 3202 1970 ;
3227 1914 3389 1973 atque
3411 1903 3670 1959 alacriter

2083 2011 2205 2051 cum
2226 1994 2549 2050 satellitibus
2571 1994 3182 2065 gradiebatur,virtutis
3208 1995 3669 2063 pulchritudinem

2085 2098 2267 2144 mente
2296 2096 2635 2157 pertractans
2654 2087 2950 2154 :Primum,
2987 2090 3183 2159 inquit,
3209 2105 3307 2158 pro
3336 2089 3687 2145 continentia

2085 2188 2362 2233 certamen
2389 2181 2626 2248 suscepi,
2659 2179 2948 2249 omnisque
2984 2179 3348 2251 improbitatis
3388 2189 3683 2237 auctorem=

2084 2270 2377 2336 diabolum,
2429 2268 2724 2325 identidem
2784 2271 2995 2326 semina
3068 2271 3407 2341 voluptatum
3487 2270 3674 2340 generi

2087 2363 2365 2417 hominum
2422 2362 2784 2432 ingerentem,
2816 2363 2921 2418 vici
2952 2372 3008 2418 et
3040 2362 3250 2419 calcavi
3314 2378 3413 2434 per
3440 2363 3672 2434 gratiam

2087 2455 2297 2511 Domini
2335 2455 2511 2510 nostri
2541 2454 2671 2511 Jesu
2711 2454 2938 2513 Christi.
2995 2454 3226 2524 Verum,
3261 2473 3296 2513 ο
3341 2456 3587 2525 improbe
3621 2465 3679 2510 et

2086 2548 2332 2603 veritatis
2387 2548 2626 2611 inimice,
2685 2563 2791 2602 non
2849 2548 3001 2603 vides
3060 2549 3294 2604 stadium
3347 2562 3527 2613 meum
3558 2560 3679 2604 esse

2087 2638 2416 2703 immortale,
2449 2636 2505 2692 in
2540 2654 2650 2709 quo
2691 2639 3349 2709 exsultantiustipariter
3382 2647 3433 2693 et
3471 2639 3675 2707 angeli,

2088 2733 2339 2802 quodque
2367 2733 2483 2802 ipse
2512 2741 2722 2803 spectat
2752 2734 3074 2789 immortalis
3097 2731 3269 2790 Filius
3297 2734 3389 2789 Dei
3418 2733 3679 2790 Dominus

2089 2823 2247 2878 Jesus
2276 2820 2551 2887 Christus,
2587 2823 2821 2878 millenis
2855 2825 3177 2894 angelorum
3226 2824 3535 2894 legionibus
3560 2824 3680 2879 cin-

2089 2914 2253 2971 ctus?
2289 2915 2353 2970 Et
2385 2915 2501 2969 haec
2530 2929 2715 2970 secum
2767 2916 2883 2986 ipsa
2929 2915 3177 2987 loquens,
3231 2917 3506 2991 lacrymas
3553 2918 3680 2974 fun-

2089 3006 2274 3063 debat.

2169 3097 2233 3153 V.
2263 3097 2406 3155 Inter
2439 3099 2677 3154 eundum
2702 3105 2882 3154 autem
2918 3097 3086 3154 calcei
3129 3098 3252 3166 eius
3287 3100 3464 3157 soluta
3498 3102 3675 3155 corri-

2093 3195 2180 3266 gia
2237 3201 2343 3260 est,
2396 3208 2556 3264 quiam
2613 3192 2749 3262 pede
2773 3206 2938 3263 super
3003 3191 3237 3262 lapidem
3266 3194 3443 3263 posito
3482 3194 3685 3249 astrin-

2093 3289 2174 3344 xit
2213 3288 2313 3360 (3).
2345 3287 2422 3342 Ac
2449 3296 2573 3358 post
2603 3296 2816 3358 tergum
2860 3296 3202 3358 respectans,
3241 3286 3516 3343 neminem
3544 3287 3681 3340 vidit

2092 3390 2410 3451 sequentem
2455 3395 2524 3436 ex
2570 3380 2717 3436 omni
2774 3379 2973 3434 civium
3017 3394 3269 3446 numero.
3320 3379 3568 3434 virorum
3619 3395 3686 3434 ac

2094 3474 2405 3538 mulierum,
2458 3488 2578 3529 eam
2654 3472 3037 3527 deducentimn
3071 3488 3084 3524 :
3122 3485 3311 3527 omnes
3363 3472 3566 3542 quippe
3620 3478 3725 3525 ea

2096 3566 2528 3621 relictmdomum
2558 3564 2850 3619 redierant.
2888 3564 2984 3619 Illa
3042 3578 3238 3634 magno
3282 3561 3476 3620 adfecta
3512 3578 3683 3618 sensu

2096 3659 2319 3724 doloris,
2357 3659 2429 3712 ita
2492 3656 2659 3712 Deum
2729 3665 2948 3726 precata
2990 3665 3073 3710 est
3107 3674 3121 3710 :
3161 3654 3389 3711 Domine
3430 3653 3687 3724 omnipo-

2094 3759 2236 3813 tens,
2259 3757 2484 3819 propter
2517 3761 2612 3803 eos
2638 3748 2731 3816 qui
2776 3746 2987 3802 ancillae
3031 3756 3135 3802 tute
3190 3761 3286 3816 pro
3317 3747 3538 3802 nomine
3592 3758 3699 3803 tuo

2096 3853 2389 3899 certatum:
2424 3839 2580 3895 difﬁsi
2616 3849 2765 3905 sunt,
2806 3855 3062 3910 magnum
3128 3840 3347 3910 aliquod
3407 3849 3685 3895 ostentum

2097 3936 2314 3992 exhibe.
2352 3934 2415 3989 Et
2439 3936 2619 3988 snhilo
2642 3942 2866 3989 exortus
2914 3944 2998 3988 est
3025 3932 3263 3990 oleaster
3282 3932 3379 4005 (ι),
3409 3932 3699 4003 ingenium

2098 4047 2165 4088 ac
2198 4045 2420 4087 sensum
2451 4040 2647 4087 notans
2687 4029 3228 4086 Panormitanorum.

1871 4189 2103 4247 CAPUT
2126 4188 2191 4246 ll.

1144 4313 1206 4371 S.
1267 4312 1489 4385 Agatha:
1531 4311 1828 4366 constantia
1860 4352 1876 4378 ,
1931 4310 2201 4367 blanditiis
2261 4314 2638 4383 tormentisque
2684 4321 2915 4372 tentata.

485 4461 579 4529 εἶ’.
624 4454 990 4526 Εἰσελθούσης
1012 4455 1071 4508 δὲ
1121 4455 1295 4525 αῦτης
1330 4455 1388 4509 ὲν
1417 4455 1669 4527 Κατάνῃ,
1710 4454 1986 4509 ὲκέλευσει

2179 4452 2268 4511 VI.
2285 4453 2592 4521 lngressam
2612 4454 2722 4523 iam
2743 4456 2797 4511 in
2814 4456 3003 4512 urbem
3026 4454 3288 4513 Catonem
3301 4454 3465 4522 jussit
3494 4471 3697 4524 praeses

414 4555 586 4624 αὐτὴν
610 4554 639 4606 ὁ
674 4548 900 4624 ἡγεμὼν
930 4547 1310 4619 παραδοθῆναι
1362 4547 1743 4619 οἱκοδεσποίνῃ
1775 4546 2003 4616 ὀνόματι

425 4644 764 4718 Ἀφροδισία,
812 4643 936 4713 ἥτις
996 4637 1140 4711 εἶχεν
1191 4639 1498 4709 θυγατέρας
1532 4639 1663 4703 νέας
1708 4638 1798 4693 ἵνα
1830 4655 2004 4709 προσ-

416 4738 765 4803 πλανήσωσιν
787 4728 958 4802 αὐτὴν
981 4730 1072 4787 διὰ
1104 4730 1396 4794 κολακείας
1421 4732 1643 4801 τρόπων
1674 4730 1769 4785 καὶ
1802 4731 2004 4799 λόγων,

415 4830 508 4882 καὶ
539 4827 812 4892 ἁλλάξωσι
850 4826 953 4897 τὴν
1010 4822 1255 4878 διάνοιαν
1322 4823 1515 4892 αὐτῆς,
1568 4823 1665 4876 καὶ
1715 4823 2004 4878 πεισθεῖσα

416 4920 583 4977 θύσαι
632 4925 748 4985 τοῖς
799 4918 1064 4984 εἰδώλοις,
1097 4917 1191 4974 καί
1229 4934 1361 4972 ποτε
1420 4916 1521 4987 μὲν
1554 4917 1767 4988 μεγάλα
1798 4916 2006 4985 φιλοτι⁸

494 5081 569 5150 (l)
600 5077 802 5134 Scribit
848 5077 1185 5150 Augustinus
1219 5073 1486 5150 _lnveges.
1526 5074 1671 5150 duas
1734 5086 1857 5127 esse
1898 5070 2001 5127 Pa-

416 5145 594 5209 normi
644 5150 904 5206 ecclesias
942 5145 1028 5202 'S.
1080 5148 1300 5215 Agathm
1348 5145 1540 5199 honori
1587 5146 1816 5215 dicatas,
1863 5158 2001 5215 quas

420 5224 568 5289 vulgi
593 5231 807 5290 recepta
838 5214 1173 5274 existimatio
1210 5218 1377 5271 tradit
1399 5287 1412 5293 _
1441 5216 1563 5293 bina
1623 5214 1766 5293 illius
1802 5214 2001 5293 palatia

420 5285 613 5361 (uisse.
639 5285 806 5346 unitm
832 5301 1012 5345 tamen
1039 5303 1107 5342 eo
1140 5298 1380 5361 tempore
1399 5287 1453 5340 in
1483 5286 1637 5351 urbe,
1656 5285 1710 5339 in
1737 5285 2004 5352 pommrio

422 5359 656 5420 alterum
684 5379 699 5416 :
732 5377 874 5415 nunc
904 5372 1132 5428 utraque
1173 5359 1310 5410 intra
1342 5373 1524 5428 muros
1541 5366 1646 5415 est.

434 5464 443 5467 -
492 5434 570 5502 (Ξ)
605 5432 751 5488 Idem
794 5427 1082 5488 Hcrvetus.
1114 5428 1318 5502 fusiore
1353 5427 1601 5502 fortassis
1642 5439 1798 5502 usus.
1827 5439 2007 5502 exem-

426 5495 601 5573 plari:
642 5523 662 5556 ι
708 5504 812 5557 Sed
856 5502 1074 5573 festina,
1110 5500 1352 5573 etviuce
1380 5497 1727 5573 diabolumgt
1753 5495 1999 5573 ejusmi:

423 5565 658 5629 nisu-um
714 5571 1021 5643 praesidum,
1060 5565 1128 5625 ne
1157 5570 1353 5643 dicat:
1387 5565 1486 5622 Ubi
1522 5578 1605 5622 est
1661 5566 2001 5643 Deus_cj_us?

424 5655 679 5712 antiquam
709 5637 1042 5700 sacriﬁcium
1075 5648 1131 5696 et
1160 5639 1491 5712 oblationem
1531 5652 1681 5712 meas
1726 5637 2000 5712 accipiens

426 5707 694 5787 larr'ymas
721 5715 775 5768 in
815 5716 982 5787 odore
1020 5709 1308 5787 suavitatis
1339 5727 1352 5762 :
1384 5709 1639 5787 quoniam
1678 5719 1733 5761 tu
1769 5722 1826 5763 cs
1861 5707 1999 5765 Dens

428 5780 597 5855 :clus,
635 5792 688 5842 et
727 5795 776 5842 te
808 5785 959 5841 decet
983 5782 1153 5854 gloria
1180 5781 1231 5839 in
1264 5780 1493 5856 saecula.
1533 5780 1723 5837 Amen.

2108 4543 2510 4600 matril'amilias
2584 4544 2803 4599 cuidam
2892 4544 3072 4611 tradi,
3134 4544 3355 4599 nomine
3425 4544 3698 4613 Aphrodi-

2107 4636 2202 4691 sia:
2236 4635 2337 4707 (5),
2377 4651 2499 4706 qua;
2522 4635 2961 4692 adolescentulas
2997 4637 3237 4692 habebat
3288 4636 3451 4703 illius,
3484 4647 3544 4692 ut
3574 4652 3699 4693 ver-

2106 4728 2299 4784 borum
2357 4743 2681 4799 morumque
2733 4728 3021 4785 lenociniis
3053 4729 3107 4784 in
3166 4738 3544 4785 transversum
3569 4744 3694 4786 eam

2106 4820 2471 4891 impellerent,
2497 4835 2560 4876 ac
2589 4830 2823 4877 mentem
2856 4823 2973 4892 ejus
3026 4823 3401 4888 immutarent,
3433 4831 3599 4893 atque
3628 4823 3698 4878 ad

2105 4914 2529 4971 sacriﬁcandum
2593 4914 2756 4971 idolis
2820 4915 3164 4972 intluccrent.
3228 4922 3294 4970 Et
3335 4917 3417 4972 ha:
3477 4916 3695 4985 quidem

2179 5072 2255 5141 (5)
2287 5071 2518 5141 lnveges
2577 5072 2773 5128 scribit
2815 5074 3165 5139 prmevssisse
3226 5072 3515 5138 Agatham,
3554 5076 3695 5142 quod

2110 5143 2425 5197 indecorum
2454 5143 2752 5213 videretur,
2783 5145 2830 5198 si
2858 5143 3036 5213 puella
3060 5159 3244 5201 coram
3271 5144 3536 5200 militibus
3568 5158 3693 5200 coro

2110 5213 2304 5281 rigiam
2339 5211 2506 5282 calcei
2541 5211 2890 5282 astringeret.

2183 5282 2263 5353 (ι)
2320 5280 2452 5336 Olea
2505 5280 2864 5353 infructuosa.
2906 5280 3230 5339 Ostenditur
3282 5284 3583 5339 etiamnum
3642 5287 3695 5341 iu

2112 5353 2274 5476 horto
2320 5355 2478 5408 dictae
2508 5352 2795 5419 ecclesize,
2840 5355 2917 5409 uti
2968 5366 3130 5410 antea
3186 5370 3253 5409 ex
3305 5354 3513 5426 lnvcge
3547 5367 3700 5411 retu-

2136 5439 2298 5476 Imus.

2136 5439 2298 5477 ιιιιυς.

2174 5493 2263 5567 (ὅ)⁸
2285 5493 2538 5567 Quidam,
2569 5502 2630 5567 ut
2662 5492 2888 5567 luveges
2912 5494 3129 5567 scribit,
3164 5494 3432 5567 Venerem
3458 5506 3694 5556 vocant:

2107 5572 2161 5618 et
2195 5564 2353 5619 vilem
2374 5579 2440 5619 ac
2455 5563 2722 5632 plebeiam
2741 5563 2855 5627 alii,
2876 5563 3221 5620 alii'nobilem
3243 5564 3449 5618 faciunt
3474 5582 3489 5629 ;
3511 5580 3704 5621 omnes

2104 5635 2218 5689 vita
2241 5635 2631 5703 turpissimam,
2655 5632 3054 5705 Existimantur
3075 5634 3194 5704 ejus
3214 5634 3398 5705 palatii
3423 5649 3545 5690 esse
3572 5650 3696 5705 quae

2107 5706 2328 5760 (Satanae
2368 5712 2667 5759 cernuntur
2709 5704 2903 5770 ruime,
2927 5704 3338 5763 armamentarii
3368 5705 3539 5762 muris
3563 5704 3697 5762 οων

2109 5785 2414 5846 gmcntatac.
2453 5774 2662 5831 incerta
2695 5775 3029 5847 conjectura.
