4160 6452
498 313 520 377 l
534 318 635 378 2335

1720 311 1879 372 ΜΕΝ
1887 311 2004 371 SIS
2034 310 2126 369 FE
2137 308 2553 369 BBUARIUS.

3619 304 3756 370 i336

492 440 637 484 nunc
686 441 911 499 magnos
952 427 1186 481 honores
1238 425 1287 479 ei
1344 422 1687 495 pollicentes,
1744 424 2071 493 quandoque

2188 420 2398 490 μεῖσθαι
2423 418 2876 490 ὑπισχνούμεναι,
2900 418 3030 472 ποτέ
3065 417 3121 470 δὲ
3174 416 3407 480 ἀπειλὰς
3441 416 3763 490 ὑποφέρου-

468 524 827 577 -intentantes
851 519 1050 583 minas,
1075 515 1368 587 sperabant
1394 523 1639 570 sanctam
1668 514 1934 584 virginem
1960 514 2073 567 suis

491 615 763 670 illecebris
794 614 858 667 ad
901 609 1262 666 idololatriam
1309 617 1641 677 pertractum
1690 606 1777 661 iri.
1817 606 1950 660 Cum
1978 620 2072 656 au-

490 717 597 761 tem
629 703 1091 760 fallacibus-hisce
1136 699 1502 756 delinimentis
1562 698 1638 769 (6)
1697 698 1961 753 rationem
2020 697 2068 751 ei

489 811 819 867 sensumque
890 797 1105 865 eripere
1166 793 1489 854 niterentur,
1546 804 1809 860 generosa
1870 788 2073 845 Christi

490 899 700 957 martyr
747 887 818 940 ita
849 885 915 941 iis
946 883 1229 955 respondit
1258 899 1274 937 :
1309 882 1461 937 Mens
1513 895 1631 936 mea
1664 895 1827 947 supra
1856 890 2065 949 petram

487 980 713 1034 fundata
764 986 869 1041 est,
916 990 1093 1045 neque
1150 989 1386 1044 unquam
1415 974 1613 1042 poterit
1646 987 1675 1026 a
1704 971 1908 1027 Christi
1936 972 2070 1025 eba-

487 1074 652 1127 ritate
709 1069 974 1139 separari.
1030 1066 1209 1123 Verba
1245 1076 1428 1122 vestra
1486 1064 1666 1120 ventis
1712 1064 1909 1119 similia
1939 1078 2069 1117 eva-

487 1178 657 1218 nuere
689 1180 703 1216 :
736 1161 1079 1217 conversatio
1126 1168 1330 1224 vestra,
1379 1158 1558 1229 pluvia
1603 1166 1722 1223 est;
1761 1157 1941 1222 minas,
1977 1155 2071 1210 llu-

486 1256 584 1312 vii.
614 1254 765 1310 Allisi
802 1254 1020 1327 quidem
1057 1252 1109 1306 hi
1164 1259 1293 1306 sunt
1317 1251 1383 1305 ad
1416 1251 1632 1305 domum
1664 1258 1931 1314 nostram,
1977 1249 2071 1304 sed

489 1363 612 1402 eam
668 1355 962 1401 concutere
1010 1357 1355 1413 nequaquam
1417 1348 1733 1409 potuerunt,
1786 1339 2067 1395 fundatam

489 1437 691 1507 quippe
716 1451 877 1506 super
904 1443 1132 1506 petram,
1161 1434 1251 1503 qui
1298 1431 1547 1488 Christus
1602 1440 1707 1488 est.
1763 1429 1891 1486 Ilaec
1948 1446 2071 1486 cum

491 1532 721 1594 diceret,
760 1544 866 1583 non
898 1526 1149 1584 cessabat
1186 1527 1300 1596 ipsa
1363 1524 1464 1580 sibi
1524 1524 1886 1597 lacrymarum
1918 1524 2070 1592 copia

491 1622 670 1674 sinum
698 1619 985 1673 inundare.
1020 1610 1485 1682 Quemadmodum
1511 1615 1658 1669 enim
1687 1630 1881 1671 cervus
1900 1613 2073 1670 anhe-

493 1712 567 1765 lat
594 1710 660 1764 ad
689 1709 867 1764 fontes
892 1723 1183 1778 aquarum,
1214 1708 1291 1762 ita
1348 1706 1691 1762 desiderabat
1723 1708 1902 1761 anima
1953 1707 2072 1777 ejus

491 1800 709 1870 prodire
751 1801 803 1855 in
833 1815 1080 1867 arenam,
1110 1814 1280 1869 genus
1297 1813 1457 1853 omne
1478 1799 1813 1853 cruciatuum
1843 1814 1940 1869 pro
1967 1800 2072 1856 [ide

489 1889 718 1957 Christi,
750 1904 946 1961 magna
980 1890 1263 1946 alacritate
1293 1887 1536 1960 perferre
1569 1887 1855 1945 festinans.

570 2152 686 2209 Vll.
717 2151 1046 2223 Aphrodisia
1106 2152 1291 2222 igitur,
1318 2166 1546 2209 cernens
1582 2154 1964 2209 inconcussum
2022 2161 2078 2209 et

491 2246 822 2301 immobilem
835 2245 1059 2317 Agathae
1078 2246 1336 2310 animum,
1360 2245 1426 2301 ad
1445 2243 1796 2312 Quintianum
1816 2246 2079 2302 accedens

492 2340 603 2394 ait:
627 2336 861 2394 Facilius
883 2347 968 2394 est
991 2338 1197 2408 lapides
1217 2338 1448 2404 mollire,
1480 2339 1563 2394 vel
1594 2339 1798 2394 ferrum
1830 2339 1885 2394 in
1903 2340 2079 2409 plum-

493 2430 621 2484 bum
640 2442 957 2484 convertere
977 2429 1079 2501 (7).
1110 2430 1242 2484 Nam
1262 2440 1317 2486 et
1333 2445 1434 2501 ego
1462 2439 1518 2486 et
1550 2430 1672 2486 ﬁliae
1697 2447 1829 2485 mete
1855 2432 2075 2487 assidue

495 2523 589 2576 diu
648 2530 919 2591 noctuque
976 2521 1107 2575 nihil
1155 2521 2081 2594 aliudegimus,modoinculcantes

497 2613 793 2683 promissa,
824 2615 985 2670 modo
1017 2614 1191 2670 mittas
1217 2615 1551 2671 intonantes.
1580 2614 1694 2683 Ego
1733 2617 2078 2685 margaritas.

498 2705 731 2775 insignia
755 2714 1097 2773 ornamenta,
1120 2707 1387 2775 pretiosas
1403 2714 1610 2773 vestes,
1630 2720 1847 2773 aurum,
1867 2708 2077 2773 domos,

502 2795 705 2863 praedia
740 2796 1074 2861 suburbana,
1109 2796 1404 2865 mancipia,
1444 2797 1493 2851 ei
1525 2796 1625 2851 sub
1675 2798 1863 2852 oculos
1886 2797 2079 2867 posui:

499 2895 558 2937 ut
593 2892 791 2939 cuncta
836 2884 954 2940 haec
1000 2899 1067 2940 eo
1120 2886 1244 2941 loco
1279 2886 1461 2949 habet,
1495 2901 1602 2955 quo
1644 2897 1868 2954 terram,
1919 2905 2082 2959 quant

499 2976 727 3046 pedibus
782 2977 1073 3044 calcat,ac
1125 2978 1282 3033 nihili
1353 2993 1578 3049 prorsus
1634 2981 1888 3037 aestimat.
1932 2980 2085 3038 Tune

2176 532 2288 581 σαι,
2319 513 2547 586 ἤλπιζον
2598 515 2699 584 τὴν
2730 513 2893 583 ἁγίαν
2934 512 3174 582 Ἀγάθην
3202 512 3492 583 δελεασμῷ
3529 513 3765 568 suam

2174 608 2253 670 εἰς
2284 605 2746 673 εἰδωλολατρείαν.
2818 603 3043 667 Τούτοις
3085 604 3145 656 δὲ
3175 605 3290 665 τοῖς
3342 605 3643 674 ἀπατηλοῖς
3668 606 3765 659 δε-

2174 699 2477 769 λεάσμασιν
2501 695 2844 766 ἀποσυλῆσαι
2864 694 2954 749 τὸν
2972 695 3145 766 αὐτῆς
3166 695 3427 764 λογισμὸν
3451 712 3770 766 μηχανευσ-

2178 789 2391 860 μέναις,
2424 789 2787 858 ἀποκριθεῖσα
2818 789 2853 858 ὴ
2881 788 3108 856 γενναία
3143 786 3356 858 μάρτυς
3385 788 3481 840 τοῦ
3519 787 3768 858 Χριστοῦ

2186 883 2391 952 ’Λγάθη
2444 877 2598 937 εἶπεν
2619 898 2634 913 ’
2692 881 2755 935 Ἦ
2806 880 3017 935 διάνοιά
3046 897 3147 951 μου
3173 881 3264 932 ἐπὶ
3294 880 3503 951 πέτραν
3528 881 3769 949 τεθεμε-

2173 975 2386 1039 λίωται,
2416 974 2691 1045 μηδέποτε
2723 974 2833 1028 ἀπὸ
2866 974 2965 1044 τῆς
2984 972 3208 1043 ἀγάπης
3245 970 3341 1024 τοῦ
3371 971 3611 1041 Χριστοῦ
3642 988 3765 1042 χω-

2177 1066 2429 1137 ρισθῆναι
2468 1064 2746 1135 δυναμένη
2775 1081 2789 1095 ·
2829 1065 2898 1120 τὰ
2955 1065 3011 1118 δὲ
3050 1065 3274 1136 ῥήματα
3323 1064 3479 1134 ὑμῶν
3533 1064 3771 1133 ἀνέμοις

2173 1158 2392 1212 ἐοικότα
2428 1156 2800 1221 ἐξέπνευσανο
2861 1157 2916 1210 ai.
2962 1155 3170 1225 ὁμιλίαι
3222 1155 3378 1226 ὑμῶν
3430 1156 3645 1226 βροχαὶ,
3700 1158 3769 1211 αἱ

2175 1248 2396 1303 ἀπειλαὶ
2430 1248 2586 1318 ὑμῶν
2621 1247 2861 1317 ποταμοὶ
2897 1247 3265 1317 ὑπάρχουσιν
3316 1249 3412 1301 καὶ
3440 1247 3505 1316 δὴ
3549 1247 3773 1312 τούτοις

2174 1339 2587 1412 προσρήξαντες
2610 1342 2676 1410 τῇ
2699 1339 2943 1410 ὑμετέρᾳ
2969 1340 3119 1410 οἰκίᾳ
3148 1337 3402 1408 οὐδαμῶς
3429 1338 3769 1392 ἐσάλευσαν

2172 1432 2574 1502 τεθεμελίωται
2603 1432 2710 1501 γὰρ
2749 1431 2843 1484 ἐπὶ
2871 1432 2971 1502 τὴν
3000 1431 3231 1501 πέτραν,
3255 1431 3377 1501 ἥτις
3397 1430 3547 1483 ἐστὶν
3569 1433 3595 1483 ὁ
3622 1431 3774 1500 Χρι-

2174 1524 2319 1589 στός.
2336 1525 2426 1580 Ἐν
2448 1523 2506 1578 δὲ
2534 1522 2613 1594 τῷ
2627 1522 2804 1577 ταῦτα
2830 1522 3010 1592 λέγειν
3038 1524 3209 1592 αὐτὴν
3226 1524 3291 1593 τῇ
3318 1522 3425 1593 πλη
3436 1521 3631 1593 μμύρᾳ
3651 1521 3776 1575 τῶν

2175 1619 2427 1689 δακρύων
2461 1618 2811 1688 καταχέουσα
2863 1618 2926 1671 τδ
2977 1617 3111 1670 ἴδιον
3152 1616 3349 1687 στῆθος
3375 1616 3437 1668 οὓ
3495 1615 3774 1669 διέλιπεν.

2185 1712 2283 1764 Ὃν
2313 1710 2424 1780 γὰρ
2456 1710 2659 1781 τρόπον
2688 1707 2945 1762 ἐπιποθεί
2996 1709 3029 1778 ἠ
3063 1707 3262 1775 ἔλαφος
3296 1707 3392 1759 ἐπὶ
3446 1706 3549 1770 τὰς
3580 1706 3780 1773 πηγὰς

2176 1804 2284 1856 τῶν
2320 1803 2532 1857 ὑδάτων
2558 1844 2572 1867 ,
2614 1801 2791 1864 οὕτως
2845 1803 2942 1855 καὶ
2990 1801 3025 1872 ἡ
3077 1800 3285 1871 ταύτης
3316 1797 3462 1870 ψυχὴ
3506 1797 3781 1852 ἐπεπόθει

2177 1893 2351 1948 ἐλθεῖν
2381 1894 2475 1946 ἐπὶ
2503 1893 2563 1946 τὸ
2594 1891 2807 1946 στάδιον
2834 1893 2933 1963 τῆς
2956 1891 3264 1963 ἀθλήσεως,
3292 1890 3401 1944 πᾶν
3426 1885 3568 1953 εἶδος
3593 1889 3781 1959 βασά-

2177 2004 2284 2041 νων
2317 1985 2455 2057 μετὲ
2477 1984 2678 2056 πολλῆς
2701 1984 2800 2053 τῆς
2834 1983 3133 2056 ἐπιθυμίας
3165 1983 3356 2054 φέρειν
3384 1983 3529 2054 ὑπὲρ
3559 1984 3661 2053 τῆς
3687 1985 3783 2046 εἰς

2176 2078 2411 2150 Χριστὸν
2447 2078 2687 2140 πίστεως
2722 2076 3051 2131 σπεύδουσα.

2248 2169 2322 2225 Z’.
2354 2169 2546 2224 Τοίνυν
2571 2172 2606 2240 ἠ
2649 2168 2965 2240 ’Δφροδισία
2996 2168 3183 2239 ὁρῶσα
3214 2167 3325 2239 γάρ
3353 2168 3625 2238 ἀήττητον
3676 2166 3792 2221 καὶ

2179 2263 2477 2318 ἀσάλευτον
2532 2260 2626 2314 τὸν
2681 2264 2779 2330 τῆς
2828 2261 2991 2329 ἁγίας
3030 2261 3270 2331 Ἀγάθης
3300 2261 3584 2330 λογισμὸν,
3632 2260 3790 2328 πρὸς

2180 2358 2482 2411 Κυντιανδν
2513 2355 2937 2427 παραγενομένη
2982 2350 3136 2408 εἶπεν
3156 2370 3171 2384 ⁸
3197 2353 3590 2424 Εὐκοπώτερόν
3621 2354 3793 2406 ἐστιν

2181 2451 2363 2514 λίθους
2392 2450 2668 2505 ἁπαλῦναι
2714 2447 2748 2519 ἢ
2808 2448 3027 2518 σίδηρον
3052 2448 3134 2511 είς
3164 2447 3429 2519 μόλυϐδον
3465 2446 3792 2517 μεταστρέ-

2180 2542 2301 2613 ψαι.
2330 2528 2437 2597 Καὶ
2467 2543 2576 2613 γὰρ
2612 2538 2723 2610 ἐγὼ
2754 2540 2850 2595 καὶ
2879 2542 2936 2594 αἱ
2970 2539 3277 2611 θυγατέρες
3322 2552 3426 2611 μου
3468 2540 3794 2604 ἀπαύστοις

2183 2635 2397 2706 ἡμέρας
2430 2634 2527 2688 καὶ
2557 2632 2751 2696 νυκτὸς
2779 2633 2937 2686 οὐδὲν
2961 2633 3091 2685 ἄλλο
3127 2631 3473 2703 ἐπράξαμεν,
3503 2630 3638 2685 ποτὲ
3673 2629 3794 2701 μὲν

2184 2724 2556 2789 νουθετοῦσαι,
2585 2724 2716 2779 ποτὲ
2744 2725 2800 2778 δὲ
2827 2725 2927 2778 καὶ
2948 2724 3181 2787 ἀπειλὰς
3202 2724 3596 2793 προσάγουσαι·
3633 2722 3798 2791 Ἐγὼ

2184 2821 2280 2873 καὶ
2305 2818 2676 2889 μαργαρίτας,
2711 2817 2824 2883 ἐγὼ
2846 2818 2942 2871 καὶ
2972 2816 3177 2887 κόσμια
3200 2816 3469 2887 ἐπίσημα,
3521 2815 3619 2871 καὶ
3650 2817 3801 2885 ίμα-

2186 2911 2377 2980 τισμδν
2412 2909 2705 2978 πολυτελῆ,
2742 2910 2837 2962 καὶ⁵
2862 2908 3085 2980 χρυσὸν,
3124 2908 3218 2962 καὶ
3263 2907 3468 2975 οἰκίας,
3515 2908 3612 2961 καὶ
3644 2924 3801 2979 προ-

2188 3001 2404 3068 άστεια,
2433 3004 2527 3055 κοιλ⁵
2557 3001 2867 3072 ἀνδράποδα
2893 3003 2973 3062 είς
3000 3000 3295 3071 πρόσωπον
3328 3002 3499 3071 αὐτῆς
3531 3002 3779 3070 ἤγαγον,

506 3070 675 3122 iratus
721 3067 1050 3134 Quintianus
1104 3066 1267 3137 jussit
1297 3070 1349 3124 itt
1408 3073 1763 3129 secretarium
1804 3076 1950 3144 duci,
1990 3093 2082 3134 se-

2188 3094 2286 3146 καὶ
2311 3066 2489 3147 ταῦτα
2520 3066 2698 3145 πάντα
2748 3092 2824 3156 ὡς
2849 3091 3020 3158 πηλὸν
3046 3066 3109 3144 ἐν
3143 3093 3258 3155 τοῖς
3281 3066 3644 3161 ποσὶνάὺτῆς
3661 3066 3800 3161 ἔχει

503 3163 748 3231 deusque
789 3176 887 3231 pro
914 3161 1195 3226 tribunali,
1222 3162 1292 3216 ita
1320 3176 1440 3219 eam
1485 3167 1774 3237 compellat
1811 3186 1824 3222 :
1860 3168 1978 3236 Quo
2026 3180 2082 3226 tu

502 3267 703 3321 genere
749 3261 867 3308 orta
928 3255 1027 3310 es?
1057 3253 1115 3309 S.
1153 3254 1364 3325 Agatha
1414 3256 1598 3313 dixit:
1650 3259 1767 3315 Non
1796 3263 1971 3317 solum
2020 3277 2088 3318 ex

503 3345 742 3414 ingenuo
774 3355 828 3399 et
862 3345 1055 3399 illustri
1107 3360 1225 3400 sum
1260 3361 1476 3416 genere,
1503 3352 1675 3406 sedet
1704 3355 2087 3420 cognationem

506 3436 685 3490 habeo
713 3436 909 3505 amplis
933 3434 1242 3492 allluentent
1285 3439 1510 3496 divitiis.
1542 3441 1867 3508 Quintianus
1896 3445 2033 3500 dixit
2071 3463 2085 3502 :

506 3527 567 3581 Si
601 3527 833 3597 ingenua
874 3542 933 3583 es
974 3537 1031 3582 et
1078 3529 1326 3595 illustris,
1363 3547 1461 3585 cur
1494 3534 1736 3590 moribus
1766 3551 1934 3591 serva:
1965 3553 2089 3608 pcr-

511 3632 702 3671 sonam
735 3617 1002 3672 induisti?
1026 3619 1236 3689 Agatha
1272 3623 1408 3677 dixit
1440 3640 1454 3676 :
1497 3621 1666 3681 Recte
1720 3634 1775 3682 tu
1825 3629 2088 3698 quidem;

511 3724 638 3762 nam
677 3710 871 3764 ancilla
893 3726 1011 3765 sum
1046 3712 1271 3777 Christi,
1300 3725 1699 3787 proptereaque
1761 3734 1973 3776 servam
2007 3738 2093 3778 me

510 3799 790 3867 proﬁteor.
856 3800 1182 3868 Quintianus
1224 3804 1361 3859 dixit
1405 3806 1511 3861 :Si
1532 3822 1656 3862 vere
1719 3809 1951 3879 ingenua
2009 3829 2090 3882 es,

511 3894 785 3959 quomodo
817 3909 1047 3955 ,servam
1103 3905 1155 3951 te
1186 3910 1307 3952 esse
1368 3900 1704 3958 conﬁrmas?
1730 3904 1941 3975 Agatha
2003 3922 2094 3962 re-

511 3984 736 4052 spondit
776 4004 791 4041 :
822 3986 1136 4057 ingenuitas
1175 3999 1359 4045 nostra
1397 4000 1450 4046 et
1494 3993 1661 4065 gloria
1686 3995 1737 4051 in
1768 4013 1832 4052 eo
1859 3999 1963 4054 sita
1987 4011 2092 4066 est,

517 4084 577 4129 ut
623 4076 830 4132 Christi
878 4081 1112 4135 servitus
1165 4085 1503 4140 ostendatur.
1548 4087 1876 4154 Quintianus
1908 4092 2093 4147 dixit:

519 4168 659 4232 Quid
687 4183 819 4238 ergo
843 4171 867 4222 τ
900 4168 1009 4225 Nos
1045 4170 1297 4227 libertate
1328 4190 1604 4246 caremus,
1629 4181 1721 4250 qui
1753 4180 1957 4238 Christi
1986 4197 2101 4237 ser-

518 4259 746 4314 vitutem
774 4261 1146 4317 detestamur?
1173 4266 1382 4334 Agatlta
1410 4267 1581 4323 dixit:
1609 4271 1688 4324 Ad
1707 4272 1866 4326 talem
1893 4274 2097 4328 redacti

521 4351 657 4407 estis
691 4354 1010 4410 servitutem
1039 4362 1094 4410 et
1113 4357 1507 4428 captivitatem,
1530 4370 1588 4431 ut
1615 4378 1724 4417 nou
1744 4364 1921 4419 solum
1953 4365 2099 4421 servi

2192 3186 2288 3239 καὶ
2311 3185 2385 3249 ὡς
2413 3184 2569 3238 οὐδὲν
2592 3184 2725 3237 ὄντα
2758 3184 3067 3252 ἐλογίσατο.
3102 3184 3240 3238 Τότε
3274 3184 3556 3254 ὀργισθεὶς
3580 3184 3609 3236 ὁ
3636 3185 3799 3237 Κυνο

2191 3278 2370 3341 τιανὸς
2391 3277 2680 3330 ἐκέλευσεν
2711 3276 2879 3345 αὐτὴν
2902 3276 3134 3346 ἀχθῆναι
3167 3275 3225 3328 ἐν
3256 3275 3333 3346 τῷ
3355 3276 3658 3348 σηκρητίῳ,
3678 3276 3789 3330 καὶ

2193 3369 2439 3439 καθήσας
2492 3369 2587 3421 ἐπὶ
2630 3368 2727 3422 τοῦ
2780 3367 3051 3438 βήματος,
3097 3369 3254 3437 λέγει
3306 3369 3483 3439 αὐτῇ·
3518 3368 3695 3422 Πόθεν
3725 3368 3801 3422 τὸ

2192 3463 2351 3529 γένος
2380 3460 2688 3530 ὑπάρχειςς
2735 3458 2800 3511 Ἦ
2826 3459 2959 3528 άγία
3026 3459 3229 3530 ’Δγάθη
3282 3456 3471 3513 εἶπεν·
3506 3459 3582 3512 Οὐ
3620 3458 3799 3529 μόνον

2195 3549 2255 3614 ἐξ
2289 3548 2546 3616 εὐγενοῦς
2579 3548 2675 3602 καὶ
2698 3549 3173 3619 περιφανεστάτω
3214 3548 3409 3618 γένους
3464 3551 3604 3620 εἰμὶ,
3648 3549 3803 3602 ἀλλὰ

2196 3641 2291 3693 καὶ
2334 3639 2783 3712 ὑπερϐάλλουσαν
2835 3639 2946 3712 ἔχω
3002 3641 3337 3709 συγγένειαν,
3383 3642 3464 3706 είς
3529 3641 3801 3699 πλοῦτον.

2197 3734 2501 3805 Κυντιανδς
2569 3732 2766 3790 εἶπεν·
2809 3735 2873 3791 Ei
2925 3739 3155 3810 εὐγενὴς
3207 3738 3300 3793 καὶ
3338 3740 3803 3809 περιφανεστάτη

2196 3831 2512 3900 τυγχάνεις,
2539 3829 2628 3884 διὰ
2651 3831 2701 3884 τί
2735 3833 2850 3894 τοῖς
2875 3830 3036 3902 nam
3085 3831 3382 3902 πρόσωπον
3430 3831 3626 3902 δούλης
3661 3832 3800 3885 ἐπί-

2203 3939 2442 3989 σπασαι;
2485 3923 2689 3993 Ἀγάθη
2732 3918 2928 3976 εἶπεν⁵
2990 3924 3117 3977 Ὅτι
3168 3923 3333 3994 δούλη
3387 3924 3487 3995 μὲν
3519 3924 3638 3994 εἰμὶ
3660 3924 3807 3993 Χριε-

2201 4013 2348 4080 στοῦ,
2399 4015 2580 4078 καλῶς
2636 4011 2832 4080 εἴπας·
2884 4015 2975 4069 διὰ
3021 4015 3182 4070 τοῦτο
3214 4015 3310 4069 καὶ
3365 4015 3566 4087 ἑαυτὴν
3592 4016 3799 4086 δούλην

2199 4104 2469 4176 δείκνυμι.
2505 4107 2806 4171 Κυντιανὸς
2833 4101 3018 4159 εἶπεν
3079 4105 3322 4176 Ἀληθῶς
3378 4105 3645 4178 ἐλευθέρα
3699 4102 3801 4160 εἷο

2201 4196 2321 4260 πῶς
2384 4193 2471 4251 λῦν
2524 4197 2716 4269 δούλην
2763 4188 3002 4269 σεαυτὴν
3057 4193 3199 4251 εἶναι
3261 4196 3535 4268 βεϐαιοϊςς
3581 4198 3797 4269 ’Δγάθη

2202 4283 2391 4341 εἶπεν·
2458 4288 2645 4361 Ἥμῶν
2677 4291 2708 4358 ἡ
2740 4289 2992 4359 εὐγένεια
3014 4291 3112 4342 καὶ
3148 4288 3277 4354 δόξα
3324 4290 3382 4342 ἐν
3409 4283 3491 4353 οἷς
3519 4290 3550 4359 ἡ
3578 4290 3805 4343 δουλεία

2202 4379 2441 4448 Χριστοῦ
2480 4381 2942 4450 καταγγέλλεται.
2979 4381 3286 4444 Κυντιανὺς
3312 4375 3469 4434 εἶπεν
3496 4396 3511 4413 ·
3551 4378 3617 4433 Τί
3653 4376 3799 4447 οῦν;

520 4444 649 4499 facti
680 4446 802 4502 sitis
826 4450 1056 4517 peceati,
1091 4464 1276 4506 verum
1325 4453 1488 4508 etiam
1516 4456 1753 4512 cultores
1787 4472 1949 4513 sensu
1998 4474 2084 4514 ca-

2202 4473 2364 4541 ἠμείς
2394 4471 2711 4543 ἐλευθερίαν
2752 4471 2854 4525 οῦκ
2906 4471 3124 4542 ἔχομεν,
3164 4473 3363 4534 οἵτινες
3401 4471 3806 4543 καταπτύομεν

516 4539 756 4593 rentium
795 4551 850 4595 et
902 4543 1318 4598 exsecrabilium
1366 4547 1804 4613 simulacrorum,
1837 4550 1930 4620 qui
1989 4550 2098 4609 Deo

520 4629 766 4697 debetur,
797 4631 1063 4701 lapidibus
1091 4642 1145 4689 et
1198 4633 1356 4707 lignis
1407 4640 1668 4694 honorem
1700 4642 2016 4701 tribuentes.

2202 4562 2303 4634 τὴν
2325 4560 2420 4614 τοῦ
2445 4563 2681 4633 Χριστοῦ
2707 4562 2986 4629 δουλείαν;
3028 4563 3237 4633 Ἀγάθη
3261 4558 3417 4617 εἶπεν
3444 4576 3457 4587 ‘
3487 4562 3579 4624 Εἰς
3597 4563 3808 4615 rosuri.

2197 4676 2298 4728 την
2320 4659 2700 4729 κατηντήσατε
2720 4659 2965 4712 δουλείαν
2989 4659 3084 4713 καὶ
3112 4658 3519 4728 αἰχμαλωσίαν,
3541 4657 3689 4711 ὥστε
3724 4661 3806 4729 μὴ

523 4728 692 4828 μδνθν⁸
740 4726 959 4792 δούλους
984 4730 1158 4828 μῦρίδίς-
1173 4732 1437 4828 γενέεθαι-
1465 4734 1579 4828 fil;
1629 4736 1928 4828 ἀμᾲρτίας.
1959 4745 2096 4800 ἀλλά
2131 4753 2226 4805 καὶ
2255 4726 2561 4824 βδελυκτιῖω
2580 4753 2675 4807 καὶ
2697 4756 3042 4827 ἀναισθήτων
3068 4726 3273 4819 ξοάνων
3331 4753 3637 4824 λατρευτὰς
3698 4726 3807 4828 τὴν

520 4820 910 4912 προσῄκουσαν
940 4823 1019 4895 τῷ
1049 4824 1170 4895 Θεῷ
1221 4823 1401 4912 τιμῂν.
1424 4822 1595 4887 λίθοις
1650 4827 1742 4879 καὶ
1777 4827 1959 4896 ξύλοις
1993 4820 2391 4912 ἀπονέμοντες.

594 4909 734 4966 Vill.
759 4912 1082 4977 Quintianus
1108 4914 1271 4969 dixit:
1311 4911 1509 4981 Siquid
1535 4915 1726 4971 insane
1757 4917 2101 4990 blaSpltema-

522 5007 693 5071 veris,
722 5007 864 5060 sumi
894 5007 958 5061 de
983 5017 1036 5061 te
1060 5006 1384 5076 supplicium
1410 5006 1631 5074 poterit.
1669 5009 1739 5062 At
1784 5011 2101 5084 priusquam

527 5098 579 5149 in
616 5111 736 5151 mea
762 5096 975 5152 incidas
1005 5104 1299 5160 tormenta,
1356 5096 1598 5151 edissere
1651 5113 1756 5166 qua
1789 5104 2104 5160 causadeo-

523 5203 647 5243 rum
699 5188 990 5257 religiones
1021 5189 1308 5243 averseris.
1344 5187 1554 5256 Agatha
1615 5193 1898 5260 respondit
1934 5213 1947 5248 :
1980 5194 2102 5251 Noli

534 5283 760 5337 deorum
792 5284 993 5350 dicere,
1023 5282 1117 5339 sed
1170 5284 1473 5338 dmmouum
1501 5299 1516 5336 :
1547 5296 1776 5353 quorum
1812 5285 2015 5356 eﬂigies
2047 5291 2103 5346 in

602 5395 678 5467 (6)
711 5395 900 5452 Refert
923 5413 985 5452 ex
1023 5398 1251 5452 Carrera
1289 5398 1535 5467 Inveges,
1565 5399 1669 5454 dici
1722 5401 2100 5458 incantationi-

526 5465 631 5541 bus
656 5465 870 5541 quoque
891 5484 954 5522 ac
970 5470 1249 5541 diabolicis
1274 5465 1559 5539 praestigiis
1606 5474 1926 5539 appetitam.
1981 5474 2105 5541 qui-

527 5538 632 5592 bus
655 5539 991 5604 superiorem
1019 5539 1253 5606 Spiritus
1279 5541 1449 5592 sancti
1472 5538 1687 5593 numen
1741 5538 2058 5607 praestiterit
2086 5561 2099 5597 :

529 5607 659 5679 hinc
682 5616 869 5661 contra
914 5609 1176 5664 fascinum
1203 5624 1269 5662 ac
1295 5607 1550 5663 veneﬁcia
1579 5609 1840 5675 invocari;
1870 5627 2104 5679 [trtcsett-

534 5676 746 5748 tissime
779 5678 1037 5748 remedio,
1079 5691 1138 5733 ut
1179 5684 1335 5746 srrpe'
1365 5680 1570 5736 clavos.
1604 5681 1816 5747 glomus
1846 5676 2101 5748 pilorum,

534 5744 747 5815 aliaque
775 5746 915 5803 [uada
950 5744 1227 5819 evomant,
1253 5744 1395 5803 illius
1443 5763 1565 5819 ope,
1597 5744 1686 5818 qui
1740 5744 2101 5809 veneﬁcarum

2281 4933 2364 4986 H’.
2399 4932 2701 4996 Κυντιανδς
2747 4927 2903 4988 εἶπεν
2925 4950 2939 4965 ·
2977 4934 3045 4988 ΕΞ
3086 4951 3139 4989 τι
3190 4936 3436 5007 μανικῶς
3461 4935 3809 5008 βλασφημή-

2214 5041 2348 5088 σεις,
2377 5024 2603 5077 δυνατὸν
2638 5024 2990 5089 ὑπεξέλευσιν
3020 5026 3316 5094 γενέσθαι*
3357 5028 3496 5081 ἀλλά
3521 5029 3652 5098 πρὶν
3704 5032 3807 5082 ἐκ-

2212 5118 2402 5168 πεσεῖν
2431 5131 2491 5168 σε
2518 5117 2594 5181 είς
2619 5116 2687 5203 τὰ
2719 5116 3120 5188 βασανιστήριά
3152 5136 3278 5187 μου,
3311 5119 3434 5172 εἰπὲ
3464 5130 3608 5182 τινος
3638 5122 3809 5191 χάριν

2215 5206 2274 5257 τὸ
2305 5202 2555 5275 σέϐασμα
2583 5205 2866 5269 διαπτύεις
2907 5206 3016 5260 τῶν
3047 5207 3222 5274 θεῶν;
3267 5209 3471 5277 Ἀγάοη
3495 5203 3652 5262 εἶπεν
3671 5226 3685 5240 '
3709 5211 3808 5282 Μὴ

2214 5294 2338 5365 λέγε
2376 5295 2536 5361 θεῶν,
2566 5296 2704 5351 ἀλλὰ
2731 5297 3023 5367 δαιμόνων,
3051 5295 3128 5352 ὧν
3156 5299 3257 5362 τὴν
3308 5299 3434 5370 ὄψιν
3487 5302 3567 5365 είς
3594 5302 3807 5373 χαλκὸν

2206 5411 2861 5530 (τειριίοηὶὺιιείιιιιιίειιυθ
2894 5412 3141 5469 artiliciis
3170 5415 3225 5470 in
3279 5415 3655 5485 mgritudiuem
3710 5417 3805 5470 iu-

2206 5496 2271 5530 (:lt
2297 5492 2479 5530 ιιιίιιιι.

2204 5492 2479 5536 (ειειιιινιιιιι.

2278 5550 2357 5626 (ξτ)
2390 5552 2551 5626 Addit
2609 5552 2828 5608 llervet.
2895 5571 2914 5605 ι
2959 5570 3121 5623 quant
3152 5566 3393 5610 mentem
3421 5555 3586 5626 hujus
3602 5557 3805 5625 puellas

2206 5621 2480 5745 atChristi
2530 5640 2717 5680 amore
2769 5621 3077 5682 traducere.
3113 5643 3133 5677 ι
3175 5626 3419 5683 Aberattt
3470 5621 3663 5684 haec'a
3699 5645 3802 5683 uo-

2207 5707 2232 5745 s
2268 5708 2324 5745 ro
2356 5708 2456 5745 ms.
3207 5741 3211 5745 .

2207 5707 2324 5747 SUO
2356 5708 2456 5746 lllS.
