4160 6414
420 303 553 368 1337

1484 316 1659 376 νιΤΑ
1703 318 1764 379 S.
1804 319 2128 383 AGATHE
2164 325 2540 389 VIRGINIS.

3524 335 3663 404 1338

419 415 845 487 μεταστρέφετε,
889 411 965 472 ὧν
1003 418 1072 472 τά
1141 420 1441 491 μαρμάρεα
1493 426 1592 478 καὶ
1636 428 1976 496 γυψόπλαστο

2093 446 2388 491 aeramenta
2443 440 2850 510 transmutatis;
2900 458 3130 514 quorum
3193 458 3226 501 e
3275 461 3548 504 marmore
3604 454 3665 506 et

415 505 690 575 πρόσωπα
719 509 1134 580 περιχρυσοῦτε.
1173 512 1474 577 Κυντιανὸς
1508 512 1662 569 εῐπεο
1714 520 1990 587 Ἐπίλεξαι

304 617 317 623 ·
417 599 617 667 σεαυτῇ
640 598 895 670 λογισμὸν
922 602 1148 668 ἀγαθὸν,
1174 604 1268 657 καὶ
1302 605 1593 661 πεισθεῖσα
1631 608 1820 665 θῦσον·
1855 614 1906 665 εί
1933 613 1991 667 δέ

419 686 517 758 μὴ,
573 687 851 760 διαφόροις
896 690 1154 760 βασάνοις
1199 693 1338 763 μετὰ
1382 696 1493 749 τῶν
1521 698 1828 754 καταδίκων
1855 701 1990 756 ὐπο-

416 782 590 853 στὴσῃ
616 783 709 835 καὶ
738 783 1015 854 ἐνυϐρίσει
1040 785 1103 838 τὸ
1151 786 1374 857 ἀξίωμα
1400 789 1502 858 τῆς
1533 793 1858 860 συγγενείας
1893 810 1988 848 σου

413 870 510 923 καὶ
535 874 844 924 τελευταῖον
870 874 1158 928 πεισθεῖσα
1188 875 1373 940 θύσεις
1397 881 1511 942 τοῖς
1548 882 1987 953 παντοκράτορσι

414 962 577 1027 θεοῖς.
618 963 821 1035 Ἀγάθη
844 959 998 1019 εἶπεν
1016 982 1029 996 ·
1067 967 1248 1020 Ἔστω
1274 968 1349 1034 ὡς
1384 968 1671 1041 Ἀφροδίτη
1699 975 1731 1042 ἡ
1763 973 1862 1026 θεά
1891 991 1986 1029 σου

411 1050 445 1117 ἡ
498 1049 634 1117 γυνή
696 1066 789 1104 σου
828 1053 921 1105 καὶ
966 1053 1031 1106 σὺ
1082 1055 1241 1122 γενοῦ
1284 1054 1411 1119 ῶςὸ
1451 1058 1587 1122 Ζεὺς
1638 1061 1667 1112 6
1704 1060 1822 1124 θεός
1871 1080 1985 1116 σου.

413 1135 714 1222 Κυντιανδς
735 1138 791 1191 δὲ
828 1139 1004 1194 ταῦτα
1025 1143 1270 1209 ἀκούσας
1303 1146 1590 1201 ἐκέλευσεν
1632 1150 1801 1220 αὐτὴν
1850 1152 1987 1222 ῥαϐ-

409 1221 673 1315 δίζεσθαι,
732 1226 948 1296 λέγων’
1001 1231 1200 1302 ’Ὕϐριν
1255 1235 1333 1304 τῷ
1384 1238 1608 1309 ἄρχοντι
1650 1221 1984 1315 ὑπερηφάνῳ

414 1314 642 1386 στόματι
668 1318 742 1388 μὴ
765 1320 923 1389 ἐπίφε
935 1338 1015 1393 ρε.
1062 1323 1265 1392 ’Δγάθη
1300 1324 1457 1382 εἶπεν
1476 1347 1490 1360 ·
1520 1326 1616 1394 Οἷς
1638 1326 1799 1398 εἶπας
1844 1334 1986 1400 θεοῖς

410 1421 503 1457 σου
529 1401 670 1461 εἶναι
688 1449 704 1474 ,
743 1410 1035 1483 σύμψηφος
1062 1416 1155 1469 καὶ
1178 1418 1515 1491 συνάριθμος
1537 1423 1600 1476 οὐ
1631 1422 1810 1492 βούλει
1834 1427 1986 1495 γενέ-

410 1498 571 1565 σθαι;
624 1502 926 1569 Κυντιανδς
982 1503 1172 1561 εἶπεν·
1220 1511 1390 1580 Δῆλόν
1438 1515 1554 1568 ἐστι
1603 1517 1782 1584 τοῦτο,
1841 1519 1984 1574 ὥστε

407 1587 677 1642 πλείστων
704 1590 955 1661 βασάνων
980 1596 1115 1668 ἐρᾷν
1141 1603 1590 1673 προτρεπόμενον
1618 1607 1718 1676 ἐμὲ
1755 1609 1842 1663 διὰ
1873 1610 1983 1664 τῶν

407 1676 516 1730 σῶν
545 1677 757 1748 ὕϐρεων
810 1685 890 1748 είς
921 1691 1079 1741 τοῦτο
1124 1690 1322 1747 ἐλθεῖν.
1390 1695 1592 1766 Ἀγάθη
1618 1693 1772 1752 εἶπεν
1792 1716 1806 1731 ο
1835 1702 1979 1755 Θαυ-

407 1769 563 1838 μάζω
592 1788 650 1824 σε
681 1773 969 1845 ἄνθρωπον
1001 1780 1268 1851 φρόνιμον
1295 1784 1425 1839 ὄντα
1446 1789 1541 1841 καὶ
1570 1790 1650 1852 είς
1688 1790 1978 1848 ἀσυνεσίαν

401 1860 658 1932 τοιαύτην
679 1869 1117 1938 καταντήσαντα,
1150 1871 1291 1926 ὥστε
1348 1875 1423 1946 μὴ
1476 1876 1652 1933 θέλειν
1701 1898 1760 1934 σε
1792 1882 1977 1952 ὅμοιον

403 1954 654 2047 γενέσθαι
674 1957 786 2011 τῶν
817 1959 956 2013 θεῶν
978 1978 1075 2015 σου
1103 1966 1197 2017 καὶ
1221 1965 1323 2035 τῆς
1348 1968 1554 2023 τούτων
1573 1972 1720 2041 ζωῆς
1754 1975 1978 2047 μέτοχον

401 2039 560 2099 εἶναι.
584 2047 645 2100 Ei
669 2044 760 2103 οὖν
786 2049 898 2104 θεοί
931 2068 1027 2105 σου
1067 2054 1376 2126 ὑπάρχουσι
1412 2061 1507 2113 καὶ
1542 2063 1720 2127 σέϐεις
1751 2065 1972 2132 αὐτοὺς,

405 2133 515 2189 ίδοὺ
539 2136 793 2209 ηὐξάμην
832 2159 892 2195 σε
919 2157 934 2172 ο
965 2143 1092 2210 Πῶς
1114 2146 1205 2201 οὖν
1231 2146 1415 2217 λέγεις
1459 2149 1618 2221 ὓϐριν
1663 2157 1977 2225 εἰσαγαγεῖν

400 2243 506 2293 σοι,
535 2227 626 2282 ἴνα
661 2229 852 2304 ὥσπερ
877 2234 909 2303 ἡ
937 2236 1165 2290 ἐκείνων
1192 2238 1307 2310 ζωὴ
1339 2243 1435 2294 καὶ
1475 2244 1507 2313 ἠ
1542 2244 1788 2315 ὑμετέρα
1812 2248 1977 2319 γένη-

397 2332 485 2370 ται
509 2334 525 2385 ;
560 2319 622 2372 Εί
660 2321 717 2374 δὲ
739 2321 1037 2378 ἀποϐάλλει
1061 2326 1152 2381 τὸν
1175 2328 1375 2400 κλῆρον
1410 2333 1636 2388 ἐκείνων
1660 2335 1757 2389 καὶ
1784 2338 1849 2392 σὺ
1876 2338 1975 2392 σὺν

398 2405 522 2476 ἐμοὶ
555 2413 832 2481 μυσαροὺς
862 2415 1157 2483 ἀποκαλεῖς
1175 2421 1395 2485 αὐτούς.

465 2499 544 2555 8'.
582 2503 882 2569 Κυντιανὸς
912 2501 1069 2562 εἶπεν
1093 2526 1109 2544 σ
1150 2506 1216 2564 Τί
1266 2513 1489 2583 ῥήματα
1514 2515 1843 2589 ὑπερήφανα
1882 2516 1976 2572 λέ-

396 2598 545 2661 γεις”;
581 2595 614 2667 ἢ
644 2596 806 2652 θῦσον
844 2601 956 2665 τοῖς
980 2603 1142 2666 θεοῖς,
1198 2605 1233 2676 ἦ
1276 2607 1547 2674 ποικίλοις
1592 2627 1650 2663 σε
1716 2609 1976 2682 βασάνοις

396 2686 722 2756 παραδώσω.
767 2692 974 2762 ’Λγάθη
1027 2690 1215 2749 εἶπεν·
1277 2697 1405 2751 Ἐάν
1443 2717 1532 2770 μοι
1589 2700 1754 2771 θηρία
1793 2721 1972 2774 προσ-

396 2779 631 2852 αγάγῃς,
654 2781 965 2837 ἀκούσαντα
993 2785 1052 2838 τὸ
1076 2787 1250 2856 ὄνομα
1278 2788 1370 2842 τοῦ
1396 2792 1634 2863 Χριστοῦ
1676 2794 1971 2864 ἡμερωθή..

397 2888 616 2926 σονται·
676 2876 725 2927 εἰ
776 2876 832 2928 δὲ
883 2878 994 2946 πῦρ
1041 2880 1425 2953 προσαγάγῃς,
1486 2883 1708 2952 ἄγγελοι
1757 2888 1823 2939 ὲκ
1863 2885 1973 2940 τῶν

394 2963 661 3033 οὐρανίων
694 2966 1019 3035 χορηγοῦσιν
1073 2987 1163 3039 μοι
1211 2972 1423 3041 δρόσον.
1497 2975 1621 3027 Ἐὰν
1668 2976 1723 3028 δὲ
1757 2977 1971 3048 πληγὰς

394 3055 488 3106 καὶ
511 3059 804 3125 μάστιγας,
834 3056 943 3155 me
966 3060 1024 3113 τὸ
1055 3061 1284 3133 Πνεῦμα
1312 3066 1412 3135 τῆς
1433 3064 1693 3137 ἀληθείας
1723 3068 1752 3121 δ
1785 3086 1850 3139 με
1876 3069 1972 3140 δύ’
2000 3105 2042 3163 C

396 3163 546 3202 σεται
570 3151 633 3203 ἐκ
677 3151 785 3204 τῶν
815 3151 1013 3224 χειρῶν
1044 3172 1159 3210 σου.
1222 3157 1355 3210 Τότε
1411 3160 1714 3224 Κυντιανδς
1741 3164 1971 3233 κινήσας

391 3236 489 3308 τὴν
529 3240 770 3310 κεφαλὴν
815 3242 1104 3297 ἐκέλευσεν
1141 3247 1508 3318 ἀπενεχθῆναι
1559 3250 1728 3320 αὐτὴν
1758 3253 1816 3305 ὲν
1842 3270 1971 3306 σκο-

391 3331 544 3399 τεινῇ
590 3331 831 3402 φυλακῇ,
881 3333 1095 3403 λέγων’
1170 3337 1497 3410 Σκεψαμένη
1559 3342 1681 3394 καθ’
1741 3343 1966 3414 ἑαυτὴν,

406 3415 630 3489 Ἀγάθη.
660 3422 994 3494 μετανόησον
1021 3425 1169 3486 ὅπως
1214 3424 1451 3496 δυνηθῇς
1478 3429 1740 3497 ἐκφυγεῖν
1773 3429 1840 3482 τά
1870 3428 1966 3499 βαι

394 3510 718 3581 σανιστήριά
750 3528 875 3581 μου.
918 3512 1121 3585 ’Λγάθη
1155 3510 1310 3568 εἶπεν
1335 3531 1349 3546 ·
1385 3516 1559 3580 Αὐτὸς
1612 3519 1972 3590 μετανόησον,

393 3599 479 3653 ἵνα
503 3599 739 3672 δυνηθῇς
769 3603 1030 3672 ἐκφυγεῖν
1087 3606 1187 3676 τὴν
1220 3606 1440 3661 αἰώνιον
1491 3610 1734 3665 κόλασιν.
1785 3614 1972 3683 Ὀργι-

394 3691 542 3756 σθεὶς
589 3693 645 3746 δέ
679 3696 799 3746 τότε
833 3696 861 3747 6
889 3695 1212 3761 Κυντιανὸς,
1266 3698 1555 3753 ἐκέλευσεν
1609 3701 1781 3774 αὐτὴν
1813 3704 1975 3775 σύρε-

395 3781 522 3836 σθαι
550 3784 611 3836 ἐν
632 3785 699 3852 τῇ
723 3784 961 3856 φυλακῇ.
1009 3784 1076 3837 Ἠ
1105 3784 1161 3837 δὲ
1191 3786 1322 3854 ἁγία
1387 3787 1594 3857 Ἀγάθη
1654 3790 1792 3860 μετὰ
1820 3790 1971 3844 πλεί-

393 3891 526 3945 στης
570 3878 744 3948 χαρᾶς
816 3875 1068 3946 εἰσῆλθεν
1113 3876 1171 3930 ὲν
1206 3879 1273 3948 τῇ
1320 3879 1567 3950 φυλακῇ,
1616 3881 1713 3934 καὶ
1769 3882 1846 3945 ὡς
1890 3883 1973 3945 εἰς

2089 541 2260 596 gypso
2337 528 2649 585 edormatos
2717 533 2895 589 vultus
2975 536 3259 592 inauratis.
3338 536 3667 604 Quintianus

2089 618 2227 674 dixit
2254 618 2500 675 :Bonum
2517 623 2715 679 adhibe
2735 624 2830 678 tibi
2856 624 2955 696 ipsi
2976 625 3290 691 consilium,
3318 636 3373 683 et
3396 628 3661 685 sacriﬁca.

2086 706 2152 762 Ni
2181 705 2391 774 feceris,
2421 710 2604 767 varios
2633 714 2841 769 subibis
2895 729 3021 769 cum
3080 721 3296 771 reorum
3334 719 3491 774 turba
3529 735 3658 776 cru-

2089 795 2263 850 ciatus
2292 813 2307 861 ;
2343 812 2575 868 cumque
2597 801 2950 871 amplissimae
2971 813 3078 859 tua;
3108 805 3416 874 cognationi
3458 805 3660 865 fmdam

2090 885 2353 943 inusseris
2382 900 2586 957 notam,
2630 890 2849 946 domum
2878 893 3065 949 dolore
3087 906 3276 950 coacta
3323 900 3661 956 sacrillcabis

2087 978 2550 1046 omnipotentibus
2575 981 2929 1051 diis.Agatha
2951 982 3085 1036 dixit
3113 1000 3127 1037 :
3158 983 3279 1038 Fiat
3306 1000 3444 1040 uxor
3474 987 3656 1058 tua(8)

2086 1075 2144 1120 ut
2170 1066 2345 1122 Venus
2366 1069 2465 1124 dea
2506 1078 2617 1138 tua,
2655 1080 2822 1135 tuque
2840 1070 2993 1128 loris
3020 1073 3105 1127 dei
3130 1073 3204 1127 tui
3229 1074 3421 1132 similis
3437 1078 3654 1134 evadas.

2085 1155 2217 1223 Quae
2246 1175 2371 1214 cum
2410 1161 2650 1216 audisset
2672 1162 3021 1228 Quintianus,
3055 1167 3183 1219 caedi
3208 1180 3330 1221 eam
3359 1167 3525 1238 virgis
3561 1170 3658 1224 im-

2085 1258 2238 1316 perat
2261 1247 2445 1304 dicens
2473 1267 2489 1303 :
2516 1251 2593 1305 Ne
2616 1253 2828 1322 praesidi
2849 1254 3233 1309 contumeliam
3261 1271 3356 1310 ore
3381 1258 3655 1327 arroganti

2085 1335 2352 1394 intuleris.
2385 1337 2593 1411 Agatha
2646 1342 2779 1396 dixit
2803 1360 2815 1396 :
2849 1341 2996 1410 Quos
3016 1344 3146 1399 deos
3167 1355 3286 1401 tuos
3308 1360 3426 1400 esse
3448 1347 3655 1407 dixisti.

2084 1443 2270 1484 eorum
2322 1439 2375 1484 tu
2436 1440 2486 1485 te
2521 1432 2573 1485 in
2601 1442 2746 1487 sorte
2774 1448 2840 1488 ac
2866 1448 3088 1487 numero
3114 1449 3237 1490 esse
3274 1436 3455 1491 nolis?
3488 1435 3660 1504 Quin-

2086 1522 2264 1576 tianus
2312 1523 2456 1577 dixit
2503 1523 2899 1581 :Manil‘estum
2931 1537 3035 1591 est,
3086 1538 3139 1582 te
3190 1530 3343 1596 plura
3401 1540 3658 1599 appetere

2085 1621 2374 1680 tormenta,
2406 1628 2527 1683 qua:
2564 1631 2648 1671 me
2681 1625 2756 1670 tot
2809 1617 3026 1687 injuriis
3055 1628 3115 1672 ut
3156 1619 3221 1674 ad
3249 1628 3313 1673 ea
3363 1620 3653 1688 procedam

2086 1704 2298 1760 incitcs.
2324 1706 2538 1776 Agatha
2566 1707 2703 1763 dixit
2730 1729 2743 1764 :
2779 1708 2948 1764 Miror
2991 1718 3065 1776 te,
3093 1712 3415 1779 prudentem
3454 1712 3655 1781 alioqui

2011 1779 2051 1834 Β
2078 1797 2378 1863 hominem,
2404 1816 2469 1855 eo
2489 1801 2767 1858 devenisse
2792 1803 3032 1867 insanias,
3063 1813 3119 1858 ut
3141 1804 3281 1859 nolis
3305 1804 3411 1862 diis
3439 1805 3547 1860 tuis
3576 1806 3655 1859 si-

2080 1889 2227 1944 milis
2251 1889 2410 1957 eliici,
2432 1906 2730 1962 eorumque
2751 1895 2875 1950 vitae
2899 1897 3171 1951 consortio
3192 1895 3315 1951 frui.
3344 1894 3480 1951 Nam
3501 1897 3546 1951 si
3579 1896 3651 1951 dii

2081 1981 2156 2035 tui
2190 1992 2339 2048 sunt,
2386 1997 2587 2052 eosque
2635 1988 2936 2055 veneraris,
2986 2002 3108 2043 cum
3135 1998 3353 2058 precata
3404 1990 3530 2055 sim,
3589 1996 3650 2063 ut

2078 2069 2254 2138 qualis
2281 2087 2467 2126 eorum
2493 2080 2601 2138 est,
2641 2083 2695 2129 et
2731 2084 2817 2129 tua
2848 2085 2995 2131 esset
3037 2078 3169 2142 vita,
3193 2093 3298 2148 qua
3332 2078 3542 2133 ratione
3578 2078 3654 2132 in-

2079 2163 2393 2229 terpretaris
2448 2180 2533 2218 me
2557 2165 2653 2220 tibi
2699 2166 2948 2237 iujuriam
2975 2168 3216 2239 irrogare
3245 2170 3480 2224 voluisse
3504 2169 3528 2223 i
3552 2168 3649 2223 Sin

2077 2266 2261 2308 eorum
2280 2255 2492 2325 respuis
2515 2257 2900 2326 conditionem,
2926 2268 2985 2316 et
3007 2266 3063 2314 tu
3093 2275 3302 2316 mecum
3326 2261 3647 2317 abominan-

2076 2340 2174 2397 dos
2204 2356 2300 2398 eos
2319 2342 2583 2414 appellas.

2144 2518 2242 2576 IX.
2269 2519 2592 2588 Quintianus
2637 2521 2776 2577 dixit
2805 2539 2821 2577 :
2854 2522 3124 2590 Quorsum
3157 2520 3451 2579 insolentes
3477 2523 3653 2593 iactas

2075 2612 2395 2668 voceslaut
2424 2613 2527 2667 diis
2554 2613 2827 2679 sacriﬁca,
2859 2622 2953 2668 aut
2985 2613 3217 2671 diversis
3264 2622 3319 2668 te
3368 2614 3652 2684 suppliciis

2073 2703 2286 2758 dedam.
2325 2702 2537 2774 Agatha
2582 2705 2754 2760 dixit:
2789 2704 2846 2760 Si
2891 2704 3040 2760 feras
3081 2705 3133 2758 in
3190 2719 3275 2758 me
3334 2703 3649 2768 immiseris,

2074 2793 2259 2847 audito
2284 2792 2488 2848 Christi
2519 2795 2738 2849 nomine
2772 2803 3198 2850 mansuescent:
3239 2795 3413 2864 ignem
3477 2796 3522 2850 si
3550 2797 3651 2850 ad-

2076 2884 2334 2950 moveris,
2355 2900 2535 2938 rorem
2565 2884 2695 2939 mihi
2721 2900 2751 2939 e
2777 2884 2930 2941 cmlis
2963 2885 3139 2954 angeli
3188 2886 3648 2955 suppeditabunt;

2075 2974 2117 3029 si
2151 2974 2316 3045 ﬂagra
2347 2975 2611 3031 indixeris
2643 2990 2708 3031 ac
2750 2977 2955 3046 plagas.
2983 2976 3166 3033 habeo
3217 2977 3477 3046 Spiritum
3510 2978 3656 3033 veri-

2044 3138 2045 3141 η
2077 3067 2218 3129 tatis,
2247 3068 2339 3136 qui
2372 3082 2459 3122 me
2491 3083 2522 3122 θ
2552 3068 2663 3125 .tnis
2691 3068 2941 3123 manibus
2969 3066 3243 3124 liberabit.
3274 3066 3428 3123 Tunc
3487 3077 3652 3138 caput

2076 3160 2328 3229 quatiens
2375 3159 2704 3226 Quintianus
2752 3159 2917 3230 jussit
2966 3175 3085 3214 eam
3126 3161 3179 3215 in
3211 3162 3502 3216 obscurum
3530 3176 3655 3215 car-

2077 3263 2254 3302 cerem
2279 3248 2541 3313 abstrahi,
2570 3249 2791 3304 dicens:
2817 3248 3109 3304 Considera
3126 3250 3288 3305 etiam
3306 3259 3466 3321 atque
3485 3250 3651 3304 etiam

2074 3340 2214 3406 apud
2251 3347 2323 3404 te,
2353 3338 2580 3408 Agatha,
2615 3340 2797 3408 tuique
2839 3350 2891 3394 te
2951 3341 3238 3408 paeniteat,
3297 3350 3356 3394 ut
3403 3356 3520 3395 mea
3560 3342 3656 3396 de-

2074 3428 2280 3483 clinare
2337 3440 2606 3484 tormenta
2661 3430 2869 3485 valeas.
2926 3430 3137 3497 Agatha
3193 3429 3326 3485 dixit
3353 3434 3375 3485 :'
3400 3429 3653 3497 Teipsum

2077 3518 2344 3573 factorum
2382 3527 2598 3575 tuorum
2627 3521 2912 3591 paeniteat,
2939 3529 2997 3574 ut
3026 3530 3260 3576 aeternos
3294 3518 3495 3576 evadas
3526 3534 3656 3573 crn-

2077 3610 2272 3664 ciatus.
2304 3608 2459 3665 Tunc
2492 3610 2862 3666 inﬂammatus
2909 3611 2988 3665 ira
3013 3608 3515 3678 Quintianusjussit
3537 3611 3653 3682 (l0)

2071 3715 2193 3756 eam
2225 3701 2364 3756 trahi
2390 3700 2447 3755 in
2480 3703 2803 3759 custodiam.
2838 3706 2907 3756 At
2947 3702 3007 3757 S.
3037 3702 3247 3772 Agatha
3293 3716 3489 3770 magno
3530 3716 3653 3771 per-

2074 3791 2190 3847 fusa
2227 3808 2395 3848 sensu
2424 3793 2735 3864 voluptatis,
2772 3804 2825 3850 et
2847 3793 3010 3847 veluti
3036 3794 3275 3864 gestiens
3304 3808 3413 3864 prae
3437 3793 3651 3861 laetitia,

2074 3883 2328 3952 precibus
2351 3891 2629 3938 certamen
2658 3901 2819 3940 suum
2846 3884 3078 3942 Domino
3105 3883 3544 3941 commendabat.

391 3964 735 4041 εὐφροσύνην
795 3966 1180 4040 ἀγαλλιωμένη
1233 3969 1328 4026 τὸν
1379 3970 1568 4041 ἀγῶνα
1624 3973 1795 4044 αὐτῆς
1850 3974 1968 4047 μετ’
2002 3975 2178 4048 εὐχῶν
2209 3976 2535 4050 παρετίθετο
2562 3976 2640 4050 τῷ
2667 3977 2876 4050 Κυρίῳ.

1944 4130 2174 4188 CAPUT
2216 4130 2302 4189 Ili.

875 4244 932 4300 S.
957 4245 1198 4316 Agathw,
1226 4255 1344 4318 post
1374 4247 1546 4302 varios
1577 4247 1870 4312 cruciatus,
1902 4248 2138 4305 abscissa
2172 4250 2413 4305 mamilla
2436 4290 2453 4316 ,
2484 4269 2515 4306 a
2542 4249 2602 4308 S.
2638 4249 2798 4309 Petro
2827 4264 3143 4324 persanata.

463 4353 522 4411 l'.
576 4355 656 4428 Τῇ
725 4356 781 4410 δὲ
823 4358 1057 4432 ἐπιούσῃ
1113 4359 1298 4433 ἡμέρᾳ⁵
1347 4362 1376 4415 ό
1434 4359 1639 4430 ἀσεῦὴς
1672 4358 1972 4424 Κυντιανδς

389 4447 678 4504 ἐκέλευσεν
723 4451 894 4522 αὐτὴν
945 4452 1025 4522 τῷ
1077 4452 1281 4523 βήματι
1337 4454 1709 4523 παραστῆναι,
1758 4452 1966 4522 λέγων·

404 4539 651 4613 Ἐσκέψω
701 4543 832 4614 περὶ
887 4543 985 4612 τῆς
1019 4544 1290 4614 σωτηρίας
1313 4561 1440 4608 σου;
1489 4543 1557 4596 'H
1589 4543 1719 4612 ἁγία
1759 4544 1963 4614 Ἀγάθη

390 4631 578 4690 εἶπεν·
618 4635 681 4703 fil
707 4635 952 4706 σωτηρία
987 4652 1087 4705 μου
1111 4638 1141 4690 6
1162 4637 1396 4707 Χριστός
1427 4638 1601 4692 ἐστιν.
1657 4638 1964 4701 Κυντιανὸς

2153 4360 2225 4418 X.
2251 4363 2515 4434 Sequenti
2555 4380 2685 4422 vero
2735 4367 2827 4422 die
2852 4367 3049 4438 impius
3098 4366 3422 4435 Quintianus
3473 4383 3654 4424 coram

2078 4457 2336 4511 tribunali
2363 4473 2462 4513 suo
2487 4470 2672 4513 astare
2697 4457 2909 4526 iussam
2958 4460 3033 4514 ita
3078 4459 3376 4528 alloquitur
3412 4475 3428 4513 :
3463 4460 3536 4514 De
3563 4475 3656 4515 sa-

2074 4549 2185 4603 lute
2247 4558 2339 4603 tua
2394 4548 2812 4617 cositasti?.S.
2845 4551 3049 4619 Agatha
3111 4550 3436 4618 respondit:
3494 4548 3655 4604 Salus

2073 4653 2193 4694 mea
2220 4638 2476 4698 Christus
2497 4650 2603 4695 est.
2623 4640 2946 4707 Quintianus
2961 4639 3098 4696 dixit
3119 4659 3134 4695 :
3158 4640 3370 4708 infelix,
3397 4656 3559 4712 quem
3587 4641 3656 4696 ad

463 4796 540 4867 (8)
569 4795 778 4870 Negant
804 4797 892 4850 alii
917 4796 1271 4870 Quintianum
1302 4811 1529 4851 uxorem
1554 4794 1808 4850 habuisse
1833 4811 1847 4849 :
1874 4810 1969 4849 cur
1997 4796 2051 4856 D
2079 4868 2087 4870 Α
2155 4798 2269 4870 (ιο)
2302 4797 2563 4870 Protrusa
2595 4815 2624 4854 a
2678 4798 3000 4870 truculentis
3028 4797 3565 4870 lictoribusAgatha,
3593 4808 3654 4854 ut

391 4866 655 4932 alioquin,
692 4869 864 4929 aiunt,
900 4868 1166 4929 Agatlmnt
1218 4877 1364 4921 esset
1407 4877 1685 4934 procatus,
1714 4882 1836 4920 cum
1873 4881 1969 4935 po-

392 4936 621 5007 lygamia
641 4936 899 4991 Romanis
927 4952 1029 4989 non
1048 4937 1490 5007 permitteretur?
1517 4936 1586 4987 At
1603 4952 1710 4990 non
1730 4946 1964 4999 constat,

389 5005 628 5060 voluisse
657 5007 760 5059 sibi
792 5006 1057 5077 Agzitham
1093 5005 1334 5075 legitimo
1370 5007 1642 5061 connubio
1683 5006 1914 5077 jungere
1948 5023 1963 5060 :

390 5085 446 5131 et
468 5086 622 5130 erant
663 5078 919 5130 Romanis
950 5075 1143 5129 usitata
1184 5076 1434 5142 repudia.

465 5146 542 5213 (9)
576 5144 767 5201 Exstat
794 5147 839 5199 is
867 5146 1185 5209 etiamumn,
1219 5156 1276 5197 ut
1321 5160 1383 5199 ex
1407 5145 1632 5199 Carrera
1659 5146 1845 5199 scribit
1872 5143 1959 5199 lu-

2076 4866 2279 4935 impetu
2315 4869 2366 4921 in
2394 4876 2593 4924 terram
2636 4866 3030 4936 prolaberetur,
3066 4869 3118 4921 in
3153 4871 3290 4922 duos
3316 4868 3521 4934 lapides
3550 4870 3654 4922 im-

2076 4942 2240 5007 ιιρεὶι,
2277 4940 2369 5005 qui
2399 4941 2573 4993 instar
2598 4952 2738 4991 cerae
2767 4937 3060 5007 impressos
3091 4940 3258 5007 pedes
3279 4938 3649 5005 admiserunt,

2073 5024 2139 5061 ac
2199 5011 2405 5078 lapsum
2457 5012 2750 5070 stiterunt;
2792 5021 2848 5061 et
2909 5019 3211 5078 cernuntur
3256 5009 3549 5078 etiamnum
3597 5008 3650 5062 iu

2073 5075 2303 5147 utroque
2331 5093 2585 5148 expressa
2621 5078 2844 5147 vestigia
2876 5078 3029 5148 pedis
3050 5077 3302 5141 calceati,
3334 5075 3399 5148 ili
3447 5076 3653 5143 lapides

2069 5161 2287 5217 semper
2335 5147 2776 5203 inveneratione
2811 5147 3002 5213 habiti,
3038 5156 3093 5201 at
3125 5147 3251 5217 quia
3304 5147 3371 5201 ad
3405 5158 3647 5217 veterem

387 5231 575 5288 reges,
602 5218 693 5271 sed
728 5217 778 5269 in
807 5215 1064 5288 sacellum
1096 5224 1350 5288 mutatus.
1386 5214 1562 5270 Janua
1611 5225 1788 5280 vetus,
1830 5230 1955 5288 quia
2060 5214 2304 5288 ianuam,
2350 5234 2470 5288 qua:
2516 5234 2655 5273 nunc
2684 5218 2985 5281 obstructa,
3015 5214 3163 5288 loco:
3187 5218 3435 5288 obscuro
3477 5216 3646 5288 positi

389 5286 726 5356 occidentem
757 5287 1057 5353 spectabat,
1091 5284 1368 5356 obstructa
1395 5303 1410 5352 ;
1452 5300 1587 5356 nova
1643 5295 1832 5350 aperta
1889 5285 1956 5356 ad
2032 5327 2044 5337 .
2067 5287 2249 5342 minus
2286 5284 2412 5356 apte
2443 5288 2593 5341 cerni
2624 5295 2894 5353 poterant,
2928 5302 3071 5341 anno
3101 5285 3244 5341 1640
3271 5294 3403 5341 sunt
3422 5287 3485 5338 ad
3507 5285 3650 5356 latus

393 5355 696 5424 meridiem,
732 5371 837 5424 qua
877 5356 931 5408 in
967 5354 1224 5421 templum
1262 5355 1368 5408 itur
1389 5355 1477 5409 cui
1506 5355 1752 5424 junctum
1782 5354 1958 5409 sacel-

391 5422 522 5478 lum.
567 5422 625 5480 In
680 5422 781 5479 hoc
813 5424 1052 5495 quotidie
1086 5426 1264 5495 missa:
1292 5422 1621 5480 sacriﬁcium
1673 5422 1952 5495 oliertnri:

393 5496 696 5562 praecipuus
734 5509 801 5548 co
830 5493 1125 5547 concursus
1148 5494 1360 5558 piorum
1396 5495 1669 5549 hominum
1723 5493 1857 5547 feria
1890 5494 1948 5558 4,

389 5579 513 5633 quae
539 5565 656 5635 ejus
691 5564 879 5618 honori
907 5563 1249 5635 peculiariter
1268 5565 1488 5619 Gaiana:
1516 5566 1730 5635 dicata:
1753 5573 1946 5633 quarta

388 5634 524 5705 feria
554 5634 817 5705 cujusque
847 5634 1053 5705 mensis
1082 5634 1265 5705 prima
1301 5636 1592 5705 exponitur
1631 5634 1948 5691 solemnitcr

390 5701 588 5760 ibidem
618 5701 938 5762 venerabilis
963 5701 1323 5761 Eucharistia.

2063 5372 2221 5411 nova:
2279 5354 2578 5412 collocati:
2619 5364 2747 5412 sunt
2805 5370 2983 5410 autem
3032 5356 3193 5409 ambo
3246 5357 3383 5423 nigri
3417 5365 3473 5408 et
3498 5354 3646 5409 duri.

2064 5427 2139 5497 ita
2173 5425 2395 5497 inveges
2422 5443 2487 5480 ex
2522 5424 2763 5497 Carrera
2795 5435 2851 5481 et
2882 5426 3023 5481 aliis.
3052 5425 3299 5481 Positum
3321 5426 3388 5480 ad
3408 5436 3648 5480 veterem

2054 5495 2278 5566 januam
2309 5495 2410 5552 fuit
2445 5497 2549 5551 hoc
2586 5495 2883 5551 distichon.

2167 5631 2269 5702 llic
2292 5631 2648 5702 ﬁxitiruitura
2687 5629 2862 5699 pedes,
2918 5630 3144 5698 impulsa
3176 5628 3363 5692 furore

2230 5700 2508 5771 Carniﬁcis
2550 5700 2757 5770 rubido,
2779 5702 3006 5755 carceris
3031 5713 3184 5755 anim
3206 5709 3406 5769 petens.
