4160 6426
545 342 681 410 1239

1734 328 2016 393 MENSIS
2054 325 2570 389 FEBRUARIUS.

3657 310 3793 374 1340

544 459 704 512 linem
736 461 825 508 tuo
855 460 975 507 sese
998 447 1230 504 infausta
1252 441 1613 513 distorquebit
1635 448 1773 497 ratio
1796 430 2114 494 ?C‘nristum

2247 430 2373 488 ἰπεν
2394 449 2408 466 ·
2437 433 2585 498 Ἕως
2609 430 2774 495 τίνος,
2807 428 2989 493 ἀθλία,
3038 426 3381 499 παρασύρεις
3425 418 3800 513 ἄθλιονλογια

543 549 751 617 nhjnra,
777 555 831 600 et
855 542 1034 599 colere
1075 540 1207 594 deos
1262 538 1459 604 incipe,
1490 546 1652 605 atque
1686 533 1811 587 vita:
1858 531 2112 598 aetatique

545 648 654 692 tute
712 635 954 699 consule,
995 646 1064 686 ne
1112 628 1545 699 intempestivam
1601 632 1825 695 oppetas
1856 633 2111 677 mortem.

546 729 753 799 Agatha
785 726 960 782 dixit:
992 724 1071 777 Τιι
1103 736 1225 778 tuos
1248 723 1381 777 deos
1401 718 1613 786 ahjnra,
1643 716 1735 786 qui
1762 724 1890 770 sunt
1909 713 2114 781 lapides

546 828 598 870 et
648 817 816 885 ligna,
867 823 924 868 et
955 812 1153 868 accede
1196 811 1261 865 ad
1283 809 1595 865 eﬂ‘ectorem
1643 819 1821 861 rerum
1872 804 2114 859 omnium

547 924 733 962 verum
769 908 960 969 Deum,
997 905 1086 973 qui
1121 917 1173 958 te
1199 903 1442 967 creavit;
1483 915 1550 955 ne
1576 900 1628 954 in
1665 912 1852 968 pinnas
1886 907 2118 950 aeternas

548 998 876 1063 devolvaris,
911 1007 1073 1066 atque
1105 996 1488 1051 interminatus
1511 994 1805 1048 cruciatus.
1839 991 2118 1043 Ascensus

551 1090 734 1145 furore
758 1089 1080 1156 Quintianus
1104 1088 1265 1159 jussit
1294 1101 1415 1141 eam
1454 1083 1732 1153 suspendi,
1790 1093 1847 1136 et
1890 1080 2116 1150 spatulis

552 1181 738 1235 incidi.
778 1179 933 1246 Quod
986 1193 1106 1233 cum
1159 1178 1329 1240 ﬁeret,
1385 1176 1599 1229 dicebat
1639 1174 1689 1229 ei
1743 1172 2117 1239 Quintianus:

556 1271 695 1327 Muta
722 1279 975 1336 mentem,
1005 1267 1235 1338 Agathe,
1267 1265 1462 1319 utvita:
1484 1272 1586 1317 tua:
1617 1272 1888 1333 parcatur.
1912 1261 2121 1331 Agatha

532 1364 720 1418 dixit:
758 1361 1036 1429 Ingentem
1064 1359 1195 1412 mihi
1225 1365 1495 1412 tormenta
1530 1365 1620 1410 tua
1646 1355 1863 1424 pariunt
1885 1354 2124 1407 delecta-

557 1449 949 1507 tionem.Haud
967 1449 1123 1504 aliter
1144 1448 1329 1503 laetitia
1361 1448 1571 1502 exsulto
1610 1461 1770 1514 quam
1799 1446 1891 1515 qni
1913 1444 2122 1500 felicem

557 1544 805 1599 nuntium
838 1543 1066 1611 accepit,
1099 1542 1301 1612 quique
1355 1553 1513 1608 quem
1551 1537 1898 1593 desiderabat
1928 1535 2124 1601 cernit,

558 1643 650 1688 aut
681 1634 993 1688 thesaurum
1050 1631 1271 1701 reperit.
1303 1630 1380 1682 Ita
1431 1626 1779 1695 temporariis
1837 1626 1986 1681 hisce
2023 1625 2128 1677 tuis

556 1725 835 1794 suppliciis
856 1724 1116 1787 delector,
1143 1736 1263 1791 qua:
1286 1731 1339 1776 te
1357 1721 1487 1775 mihi
1508 1722 1730 1775 incussu
1741 1734 1857 1773 rum
1880 1718 2123 1772 minaris.

2222 527 2398 597 σμόνς
2430 529 2700 596 Ἀρνησαι
2748 524 2840 577 τὸν
2884 520 3142 593 Χριστὸν,
3198 518 3291 571 καὶ
3325 515 3490 586 ἄρξαι
3545 510 3802 566 σέϐεσθαι

2219 621 2347 678 τοὺς
2377 620 2555 682 θεοὺς,
2583 617 2659 688 μὴ
2685 615 2787 685 τῆς
2820 615 2971 685 ζωῆς
3025 614 3122 667 καὶ
3157 611 3255 681 τῆς
3302 610 3404 677 σῆς
3436 604 3653 674 ἡλικίας
3681 619 3804 655 στε-

2226 712 2473 784 ρηθεῖσα,
2499 713 2677 783 ἄωρον
2704 709 3016 779 ἀπενέγκῃς
3056 706 3307 759 θάνατον.
3355 699 3563 767 ’Ᾱγάθη
3610 693 3799 747 εἶπεν

2223 806 2295 858 Σὺ
2323 805 2556 877 ἀρνησαι
2607 805 2736 867 τοὺς
2785 801 2943 864 θεούς
2998 817 3115 860 σου,
3151 796 3349 856 οἵτινες
3380 791 3488 845 εἰσὶ
3543 786 3682 842 λίθοι
3705 786 3807 839 καὶ

2225 896 2377 963 ξύλα,
2404 898 2497 950 καὶ
2520 895 2781 967 πρόσελθε
2804 894 2879 965 τῷ
2905 888 3237 964 Δημιουργῷ
3258 888 3365 941 τῶν
3397 886 3535 939 ὅλων
3564 882 3641 952 τῷ
3670 881 3808 950 ἀλη-

2226 987 2358 1059 θινῷ
2403 988 2544 1059 Θεῷ,
2572 987 2648 1058 τῷ
2680 987 2739 1042 σὲ
2776 986 3068 1048 πλάσαντι,
3104 983 3179 1053 μή
3205 997 3323 1042 πως
3353 977 3598 1038 αἰωνίαις
3631 989 3812 1040 τιμιω-

2229 1080 2375 1151 ρίαις
2419 1081 2514 1133 καὶ
2553 1080 2921 1141 ἀδιαλείπτοις
2978 1075 3233 1144 βασάνοις
3300 1069 3607 1138 ὐποπὲσῃς.
3664 1063 3807 1116 Τότε

2227 1175 2505 1248 ὀργισθεὶς
2536 1176 2565 1227 6
2597 1172 2902 1235 Κυντιανὸς
2949 1169 3236 1222 ἐκέλευσεν
3288 1162 3458 1232 αὐτὴν
3483 1153 3816 1230 κρεμασθῆ-

2229 1287 2315 1323 ναι
2341 1268 2436 1322 καὶ
2455 1263 2836 1330 σπαθίζεσθαι,
2854 1263 2948 1316 καὶ
2970 1260 3194 1330 ἔλεγενὸ
3221 1255 3522 1314 Κυντιανός
3541 1268 3553 1282 ’
3575 1248 3814 1317 ’Δγάθη,

2229 1360 2523 1432 διόρθωσαι
2581 1357 2676 1409 τὸν
2733 1353 2995 1423 λογισμόν
3043 1369 3160 1414 σου,
3214 1350 3365 1411 ὅπως
3413 1345 3821 1414 παραχώρησις

2232 1451 2386 1507 ἔσται
2419 1455 2485 1522 τῇ
2530 1451 2642 1519 ζωῇ
2687 1465 2805 1502 σου.
2847 1445 3054 1515 Ἀγάθη
3112 1436 3266 1496 εἶπεν
3291 1456 3306 1472 ο
3347 1440 3412 1493 Δί
3451 1433 3673 1507 βάσανοί
3714 1448 3818 1484 σου

2232 1547 2408 1616 χαράν
2439 1561 2527 1613 μοι
2555 1539 2999 1612 θησαυρίζουσιν,
3033 1535 3129 1589 καὶ
3147 1531 3453 1602 ἀγάλλομαι
3478 1528 3553 1591 ὡς
3583 1528 3611 1579 6
3641 1527 3819 1592 ἀγγεο

2231 1638 2356 1692 λίαν
2405 1636 2579 1706 καλὴν
2632 1632 2850 1688 ἀκούων
2905 1629 3001 1684 καὶ
3032 1627 3371 1694 θεασάμενος
3397 1623 3581 1675 ὅντινα
3632 1617 3821 1680 ποθεῖ,

2236 1731 2331 1785 καὶ
2363 1730 2439 1792 ὡς
2460 1731 2487 1783 6
2521 1724 2697 1798 εὑρὼν
2727 1722 3060 1793 θησαυροὺς,
3084 1718 3259 1780 οὕτως
3281 1714 3435 1783 κάγὼ
3457 1711 3729 1782 τέρπομαι
3760 1708 3828 1759 ἐν

559 1816 743 1883 Neque
781 1817 924 1871 enim
957 1824 1130 1884 potest
1161 1788 1508 1868 ifrnmentum
1562 1827 1753 1866 secure
1785 1811 1837 1865 in
1872 1809 2130 1880 granario

2247 1823 2357 1885 ταῖς
2386 1788 2742 1891 πνροσκαίροις
2774 1788 3028 1886 βασάνοις
3061 1826 3175 1864 σου.
3195 1809 3269 1861 Οὐ
3303 1806 3411 1876 γὰρ
3442 1804 3561 1857 ἔστι
3587 1798 3828 1891 δυνατὸν

559 1908 892 1973 conservari,
924 1906 1027 1960 nisi
1067 1906 1218 1976 prius
1274 1905 1427 1974 palea
1463 1903 1720 1957 nudatum
1749 1900 1929 1955 fuerit.
1963 1899 2132 1954 Simi-

558 2001 686 2056 liter
744 2014 844 2054 nec
902 2000 1080 2053 anima
1126 2012 1243 2051 mea
1268 2005 1443 2065 potest
1477 1995 1528 2049 in
1555 1995 1863 2063 paradisum
1898 1991 2131 2056 admitti,

561 2092 878 2159 priusquam
902 2103 1099 2157 corpus
1121 2102 1299 2141 meum
1324 2083 1653 2140 omnimodis
1675 2082 2014 2138 cruciatibus
2037 2095 2136 2152 per

565 2191 686 2237 tuos
727 2181 1013 2238 carniﬁces
1051 2180 1215 2236 fuerit
1245 2179 1527 2233 laniatum.

634 2360 724 2415 XI.
759 2360 1170 2415 Exeandescens
1197 2359 1524 2425 Quintianus
1556 2359 1789 2429 primunt
1840 2358 2138 2413 mamillam

563 2454 682 2523 ejus
704 2455 964 2527 torqueri,
990 2454 1118 2507 exin
1149 2454 1237 2506 diu
1270 2462 1324 2507 et
1373 2453 1686 2507 immaniter
1720 2460 1914 2506 tortam
1946 2468 2140 2524 ampu-

566 2544 668 2597 tari
699 2544 880 2613 jussit.
917 2543 1112 2599 Sancta
1157 2558 1283 2598 vero
1324 2543 1529 2613 Agatha
1566 2543 1706 2599 dixit
1742 2562 1755 2599 :
1786 2541 1976 2613 lmpie,
2008 2559 2136 2600 cru-

556 2620 723 2701 detis,
755 2646 807 2690 et
833 2636 1098 2705 sacrilege
1122 2644 1374 2706 tyranne,
1409 2651 1513 2690 non
1549 2635 1813 2690 erubuisti
1847 2635 1951 2690 ista
1981 2626 2143 2691 excr-

567 2740 689 2780 ccre
717 2727 767 2780 in
801 2724 1079 2790 feminam,
1105 2734 1159 2780 et
1194 2742 1350 2795 quam
1388 2727 1439 2780 in
1484 2737 1660 2782 matre
1694 2726 1889 2781 suxisti
1929 2727 2142 2780 mamil-

534 2819 675 2873 ‘lam
702 2816 1041 2889 prwcidere?
1074 2820 1461 2873 Verumtamen
1496 2819 1623 2872 licet
1654 2819 1980 2874 exteriorem
2012 2818 2143 2872 mihi

569 2911 863 2964 mamillam
917 2913 1240 2972 resecueris,
1267 2910 1427 2965 aliam
1490 2912 1662 2967 habeo
1696 2914 1751 2966 in
1813 2912 1992 2966 anima
2026 2926 2146 2965 mea

570 3001 884 3065 mamillam,
963 3019 1120 3072 quam
1170 3002 1490 3057 exscindere
1561 3017 1838 3072 nunquam
1884 3001 2143 3062 Valebis:

570 3108 645 3150 ρει
664 3097 805 3152 enim
823 3096 1040 3152 Christo
1065 3097 1170 3151 Deo
1187 3112 1306 3151 meo
1324 3096 1627 3152 abinl‘antia
1656 3112 1772 3151 mea
1798 3104 2142 3152 consecrata.

526 3188 533 3195 ’
571 3189 747 3245 lratus
807 3191 1125 3259 Quintianus
1152 3189 1315 3260 jussit
1375 3205 1497 3244 eam
1526 3190 1579 3244 in
1605 3204 1881 3243 carcerem
1916 3187 2139 3253 relrndi,

573 3284 851 3349 vetuitque
902 3295 969 3334 ne
1018 3281 1140 3349 quis
1191 3280 1524 3333 medicorum
1566 3280 1631 3331 ad
1664 3293 1782 3332 eam
1816 3277 2144 3333 intromitte-

574 3386 744 3439 relnr,
785 3390 885 3428 neu
918 3373 1071 3442 panis
1094 3382 1188 3427 aut
1228 3388 1365 3442 aqua
1399 3370 1475 3425 illi
1517 3370 1880 3441 praeberetur.

644 3550 757 3607 ΧΗ.
799 3552 935 3607 Cum
993 3553 1045 3606 in
1087 3565 1305 3606 carcere
1347 3549 1555 3606 reclusa
1602 3557 1764 3615 esset,
1794 3549 1893 3605 sub
1916 3550 2147 3605 mediam

576 3658 811 3709 nocte-n,
847 3644 1001 3699 senili
1035 3644 1207 3698 l'urma
1251 3642 1573 3714 apparuitei
1611 3643 1893 3712 aposmlus
1932 3642 2146 3709 Petrus,

576 3735 915 3804 pnucedente
938 3751 1107 3805 puero
1138 3750 1201 3789 ac
1224 3734 1469 3803 lampada
1490 3742 1757 3805 gestante,
1780 3734 1896 3803 ipse
1916 3734 2148 3803 plurima

579 3825 783 3880 habens
810 3825 864 3879 in
900 3841 1062 3880 manu
1089 3824 1508 3889 medicamenta,
1540 3836 1705 3893 seque
1740 3824 2008 3877 medicum
2030 3838 2152 3879 esse

576 3915 763 3971 dicens
789 3956 803 3979 ,
836 3916 984 3970 hisce
1012 3931 1130 3970 eam
1161 3916 1447 3985 compellat
1476 3916 1656 3971 verbis
1684 3933 1697 3969 :
1738 3913 1903 3969 Multa
1933 3914 2150 3984 quidem

577 4020 635 4064 et
673 4007 876 4062 alroeia
904 4008 998 4061 tibi
1043 4007 1238 4077 impius
1277 4016 1540 4079 tyrannus
1576 4016 1845 4063 tormenta
1872 4006 2149 4073 admovit;

581 4111 667 4152 ast
707 4112 878 4167 usque
927 4098 1061 4152 adeo
1104 4098 1239 4151 nihil
1297 4098 1546 4167 profecit,
1581 4106 1638 4151 ut
1686 4097 1865 4166 potius
1898 4106 2153 4151 tuteeon-

583 4189 797 4244 stantize
825 4198 1043 4257 aspectu
1089 4189 1430 4243 contabuerit
1457 4202 1472 4241 :
1515 4200 1909 4259 proptereaque
1938 4187 2154 4242 mamil-

583 4279 689 4334 lam
729 4279 820 4332 tibi
859 4280 1096 4346 torqueri
1118 4293 1181 4333 ac
1210 4279 1403 4334 deinde
1423 4280 1639 4348 praecidi
1661 4280 1955 4335 mandavit.
1978 4279 2155 4350 Ipsius

584 4387 713 4427 vero
766 4372 949 4426 anima
1004 4381 1266 4426 :eternum
1297 4372 1349 4425 in
1407 4372 1592 4427 dolore
1642 4372 1999 4443 cruciataque
2038 4388 2156 4442 per-

2236 1917 2382 1968 σῖτον
2432 1888 2691 1981 ἀσφαλῶς
2745 1910 2802 1960 ἐν
2854 1903 3111 1974 ἀποθήκη
3144 1897 3510 1969 φυλαχθῆναι,
3563 1893 3696 1959 πρὶν
3722 1888 3832 1942 τοῦ

2236 2005 2441 2075 ἀκύρου
2474 1998 2734 2072 γυμνωθῇ
2757 2015 2770 2029 ⁸
2804 1995 3005 2066 ὁμοίως
3044 1994 3141 2046 καὶ
3180 1992 3215 2061 ἡ
3261 1987 3398 2059 τύχη
3435 2003 3538 2055 μου
3564 1985 3623 2038 οὒ
3658 1982 3833 2075 65in:-

2237 2074 2326 2151 ται
2368 2095 2516 2158 ὲντδς
2548 2092 2640 2145 τοῦ
2674 2087 3009 2160 παραδείσου
3049 2080 3328 2154 γενέσθαι,
3371 2078 3503 2148 πρὶν
3539 2074 3836 2135 παντοίαις

2240 2190 2496 2244 κολάσεσι
2559 2185 2621 2239 τδ
2670 2184 2803 2255 ὲμδν
2858 2179 3019 2251 σῶμα
3080 2175 3187 2230 ὑπὸ
3241 2172 3350 2227 τῶν
3396 2168 3505 2224 σῶν
3537 2164 3837 2240 ὑπηρετῶν

2243 2279 2495 2349 αἰκισθῇ.

2311 2366 2414 2423 IA'.
2453 2363 2742 2437 Θυμωθείς
2764 2359 2858 2416 οὖν
2888 2362 2915 2413 ὀ
2954 2355 3260 2420 Κυντιανδς
3310 2353 3567 2407 ἐκέλευσε
3602 2349 3691 2404 τὸν
3725 2366 3841 2417 μα-

2246 2461 2374 2516 σθὸν
2402 2459 2575 2527 αὐτῆς
2600 2454 2939 2524 αἰκισθῆναι,
2968 2452 3062 2504 καλ⁵
3088 2448 3225 2521 μετά
3251 2447 3310 2501 τὸ
3330 2446 3463 2500 πολὺ
3490 2442 3839 2511 αἰκισθῆναι,

2247 2550 2638 2621 ἀποτμηθῆναι
2670 2545 2977 2600 ἐκέλευσεν.
3012 2543 3077 2595 Ἦ
3110 2541 3166 2593 δὲ
3200 2537 3332 2608 ἁγία
3374 2535 3583 2605 ’Λγάθη
3636 2528 3795 2585 εἶπεν
3822 2544 3837 2559 ·

2257 2641 2455 2708 ’Ᾱσεϐἦ
2484 2638 2579 2692 καὶ
2604 2635 2855 2706 ὼμότατε
2889 2633 2986 2687 καὶ
3013 2630 3147 2684 Θεοῦ
3178 2629 3430 2701 τύραννε,
3467 2627 3567 2679 οὐκ
3594 2623 3842 2696 ᾑδέσθης

2247 2734 2328 2796 εἰς
2359 2729 2579 2800 θηλείαν
2610 2725 2836 2781 τοιαῦτα
2856 2722 3285 2795 διαπράξασθαι,
3329 2721 3423 2773 καὶ
3448 2720 3516 2788 ἣν
3544 2718 3636 2770 καὶ
3668 2717 3843 2778 αὑτὸς

2248 2823 2353 2878 ὑπὸ
2372 2823 2472 2891 τῆς
2505 2818 2713 2890 μητρὸς
2741 2817 3012 2888 ἐθήλασας
3036 2813 3333 2882 ἀποτεμεῖν
3360 2827 3375 2875 ;
3410 2809 3553 2863 Ἀλλ’
3574 2808 3749 2877 ὅμως,
3786 2810 3841 2859 εἱ

2249 2918 2344 2970 καὶ
2374 2915 2464 2969 τὸν
2493 2913 2693 2980 ἔξωθεν
2735 2909 2941 2983 μασθὸν
2970 2905 3274 2975 ἀπέκοψας,
3304 2904 3411 2973 ἔχω
3454 2901 3643 2973 ἕτερον
3674 2904 3731 2952 ἰν
3766 2902 3840 2970 τῇ

2247 3010 2393 3080 ψυχῇ
2417 3025 2515 3077 μου
2544 2995 2769 3077 μαστὸν,
2806 3002 2972 3072 ὅνπερ
2997 2998 3161 3062 αὐτὸς
3184 2997 3285 3051 οὐκ
3317 2996 3522 3066 ἰσχύεις
3556 2994 3841 3062 ἐκτεμεῖν·

2252 3099 2624 3171 προσηνεκται
2646 3096 2755 3164 γὰρ
2789 3091 3012 3164 Χριστῷ
3038 3088 3118 3160 τῷ
3147 3087 3267 3157 Θεῷ
3295 3087 3361 3139 ὲκ
3387 3084 3585 3155 νηπίας
3616 3082 3845 3150 ἡλικίας

2253 3210 2379 3264 μου.
2426 3187 2748 3261 Ὀργασθεὶς
2790 3186 2846 3239 δὲ
2902 3185 2930 3236 6
2979 3183 3283 3244 Κυντιανδς
3320 3178 3609 3234 ἐκέλευσεν
3663 3176 3845 3246 αύτὴν

2248 3280 2620 3350 ἀπενεχθῆναι
2649 3279 2707 3330 ὲν
2737 3276 2817 3349 τῷ
2840 3273 3224 3345 δεσμωτηρίῳ,
3277 3269 3597 3343 προσταξας
3629 3267 3845 3337 μηδένα

2248 3375 2357 3430 τῶν
2383 3372 2585 3444 ἰατρῶν
2613 3369 3039 3441 συγχωρηθῆναι
3062 3366 3323 3421 εἰσελθεῖν
3347 3366 3427 3429 εἰς
3463 3364 3659 3433 αὐτὴν,
3695 3361 3845 3430 μήτε

2248 3464 2417 3538 ἄρτον
2450 3463 2588 3531 αὐτῇ
2614 3459 2837 3529 δοθῆναι
2871 3461 3007 3527 μήτε
3038 3455 3208 3526 ὕδωρ.

2320 3552 2418 3609 lB’.
2457 3549 2818 3620 Εἰσελθούσης
2839 3549 2895 3602 δὲ
2916 3547 3090 3618 αὐτῆς
3132 3549 3189 3601 ὲν
3229 3548 3294 3617 τῇ
3328 3545 3571 3616 φυλακῇ,
3616 3545 3747 3613 περί
3782 3544 3849 3598 rb

2253 3644 2607 3718 μεσονύκτιον
2639 3643 2696 3694 ὲν
2718 3640 3026 3712 ὁμοιώματι
3070 3640 3448 3710 πρεσϐυτέρου
3484 3640 3659 3707 ἐφάνη
3698 3638 3844 3708 αὐτῇ

2248 3737 2278 3788 6
2304 3735 2598 3798 ἀπόστολος
2652 3734 2885 3804 Πέτρος,
2934 3723 2995 3784 οὗ
3031 3733 3352 3803 ,προηγεῖτο
3400 3733 3532 3793 παῖς
3578 3729 3851 3800 λαμπάδα

2251 3827 2671 3897 ἐπιφερόμενος,
2712 3823 2944 3877 πλεῖστα
2994 3807 3273 3892 φάρμακα
3302 3824 3360 3875 ἐν
3387 3824 3454 3892 τῇ
3499 3822 3644 3891 χειρὶ
3675 3821 3848 3873 αὐτοῦ

2251 3918 2391 3990 ἔχων
2443 3919 2541 3973 καὶ
2589 3915 2782 3970 ἑαυτὸν
2819 3915 3004 3985 ίατρδν
3064 3910 3205 3967 εῖναι
3257 3912 3468 3981 λέγων,
3506 3912 3599 3965 καὶ
3628 3911 3849 3974 τούτοις

2250 4011 2429 4079 λόγοις
2460 4008 2814 4081 προσομιλῶν
2847 4008 2984 4077 αὑτῇ
3017 4005 3206 4075 ἔλεγεν
3234 4022 3248 4039 ο
3287 4005 3348 4059 Ὀ
3384 4006 3485 4076 μὲν
3516 4004 3724 4072 ἀσεϐὴς
3748 4004 3851 4056 τύ·-

2256 4120 2447 4176 ραννος
2478 4102 2756 4164 τοιαύταις
2778 4100 3044 4170 χαλεπαῖς
3077 4096 3300 4168 μάστιξι
3328 4096 3676 4167 χρησάμενος
3703 4095 3850 4148 κατὰ

2256 4196 2371 4261 σοῦ,
2410 4196 2608 4265 ἤνυσεν
2656 4192 2808 4244 οὐδέν
2833 4209 2847 4222 ’
2881 4190 2945 4243 σὺ
2977 4189 3034 4243 δὲ
3081 4189 3252 4241 πλείω
3294 4187 3462 4242 αὐτὸν
3490 4186 3752 4257 ὲξέτηξας
3777 4187 3849 4257 τῇ

2256 4290 2324 4359 σῇ
2345 4285 2613 4358 καρτερίᾳ
2633 4300 2649 4319 ⁸
2678 4284 2758 4337 διδ
2789 4284 2884 4338 καὶ
2910 4283 3001 4335 τὸν
3036 4280 3209 4352 μαζόν
3259 4297 3354 4334 σου
3405 4280 3466 4333 ού
3500 4278 3664 4350 μόνον
3697 4280 3852 4331 αἰκισ-

2259 4377 2457 4448 σθῆναι
2477 4374 2787 4439 ἔκέλευσεν,
2818 4370 2955 4426 ἀλλὰ
2977 4375 3074 4426 καὶ
3096 4369 3504 4441 ἀποτμηθῆναι.
3532 4368 3676 4421 Ἀλλ’
3701 4367 3854 4421 ἐκεία-

587 4475 839 4515 mansura
856 4471 958 4515 est.
999 4459 1266 4526 Quoniam
1298 4471 1499 4526 autem,
1536 4476 1660 4515 cum
1698 4462 1812 4516 hac
1833 4464 2141 4532 patiebaris,

2254 4484 2346 4521 νου
2374 4466 2473 4536 μὲν
2508 4467 2541 4537 ἡ
2568 4453 2708 4535 τύχη
2736 4465 2794 4517 ἐν
2820 4462 2984 4535 ὀδύνῃ
3016 4463 3169 4534 μένει
3191 4462 3272 4524 εἰς
3294 4461 3388 4515 τὸν
3421 4459 3595 4514 αἰῶνα
3616 4474 3631 4492 ·
3653 4459 3852 4529 ἐπειδὴ

579 4551 731 4606 adfui
787 4552 1135 4617 animumque
1198 4550 1481 4606 intendens
1537 4554 1787 4621 perspexi
1827 4554 2010 4608 sanari
2040 4568 2155 4608 ma-

582 4644 789 4699 millam
825 4652 971 4699 tuam
1026 4658 1209 4714 posse,
1240 4660 1305 4699 ea
1335 4659 1496 4700 causa
1532 4646 1637 4701 huc
1663 4647 1806 4701 veni.
1842 4646 1904 4701 S.
1942 4646 2156 4715 Agatha

581 4734 633 4788 ei
667 4736 939 4805 respondit
967 4752 980 4789 :
1014 4734 1301 4804 Nunquam
1344 4737 1565 4791 omnino
1592 4739 1803 4806 corpori
1833 4752 1955 4792 meo
1989 4738 2160 4790 medi-

580 4825 761 4880 cinam
794 4826 1012 4880 adhibui
1039 4841 1054 4891 ;
1081 4835 1135 4880 et
1159 4840 1302 4880 nunc
1340 4836 1495 4896 turpe
1526 4828 1925 4886 existimarem.
1953 4842 2157 4881 morem

584 4917 873 4984 Optimum,
908 4933 1065 4988 quem
1098 4932 1126 4971 a
1150 4919 1324 4989 prima
1349 4918 1577 4988 pueritia
1603 4929 1921 4975 constanter
1940 4921 2157 4986 retinui,

586 5005 922 5077 infringere.
963 5008 1263 5079 lleSpondit
1299 5025 1462 5065 senex
1506 5026 1521 5065 :
1559 5012 1623 5066 Et
1672 5026 1772 5079 ego
1817 5011 2160 5067 Christianus

584 5114 729 5166 sum,
768 5114 834 5156 ac
880 5100 1094 5157 conﬁdo
1132 5103 1268 5170 fore,
1309 5113 1366 5157 ut
1388 5117 1420 5156 a
1450 5119 1538 5158 me
1567 5105 1798 5172 saneris,
1833 5104 2061 5173 ideoque
2094 5106 2161 5158 ad

587 5198 642 5246 te
677 5193 819 5250 veni.
867 5192 1100 5249 Tantum
1163 5210 1233 5249 ne
1285 5204 1336 5248 te
1380 5195 1600 5263 pudeat,
1650 5211 1753 5249 neu
1798 5211 1884 5250 me
1928 5208 2159 5251 metuas.

588 5277 945 5351 Respondeas
992 5283 1192 5338 Sancta
1220 5284 1355 5337 dixit
1380 5301 1395 5337 :
1426 5282 1529 5350 Qui
1557 5300 1687 5339 vero
1718 5286 1835 5339 ﬁeri
1862 5294 2062 5355 potest,
2100 5294 2160 5340 ut

586 5386 712 5425 cum
741 5382 793 5425 tu
828 5374 978 5428 senio
998 5374 1278 5428 confectus
1317 5374 1414 5440 sis,
1447 5389 1549 5445 ego
1597 5373 1883 5445 juveneula
1919 5377 2159 5445 quidem,

588 5464 685 5519 sed
744 5479 971 5534 corpore
1013 5465 1303 5545 suppliciis.
1360 5477 1706 5535 consumpto,
1768 5468 1885 5536 ipsa
1934 5468 2160 5524 vulnera

592 5557 831 5621 animum
852 5557 1172 5613 stimulent?
1189 5558 1358 5630 Magis
1381 5568 1561 5612 tamen
1589 5560 1944 5615 verecundari
1971 5558 2160 5625 debeo,

592 5646 778 5715 plagas
812 5646 958 5715 ipsas
1013 5650 1266 5704 indecore
1312 5649 1539 5705 nudare.
1593 5649 1770 5717 Quare
1811 5650 1904 5705 tibi
1962 5651 2164 5720 gratias

594 5749 718 5802 ago,
745 5736 1053 5796 venerande
1075 5737 1258 5809 Pater,
1285 5741 1427 5813 quod
1452 5741 1702 5813 dignatus
1720 5741 1795 5798 sis
1821 5741 1925 5799 huc
1953 5743 2159 5812 venire,

2258 4560 2316 4615 δὲ
2346 4559 2610 4629 παρήμην
2636 4559 2695 4610 ὲν
2728 4560 2793 4626 τῇ
2824 4556 2943 4626 ὥρα
2972 4555 3177 4625 ἐκείνῃ,
3215 4556 3274 4608 ὲν
3372 4552 3653 4616 πέπονθας
3671 4550 3854 4605 ταῦτα

2261 4652 2355 4705 καὶ
2382 4649 2726 4720 κατανοήσας
2757 4643 2898 4702 εἰδον
2922 4648 3006 4701 ὅτι
3030 4644 3257 4701 δυνατόν
3281 4647 3403 4700 ἔστι
3428 4643 3523 4699 τοῦ
3556 4644 3856 4716 ἰατρευθῆ-

2260 4760 2350 4798 ναι
2382 4743 2474 4795 τὸν
2529 4740 2702 4812 μαζόν
2760 4756 2880 4806 σου,
2925 4738 3118 4793 τούτου
3156 4737 3318 4809 χάριν
3372 4737 3748 4807 παραγέγονα.
3788 4736 3853 4790 Ἦ

2262 4834 2394 4903 ἁγία
2441 4831 2651 4901 Ἀγάθη
2688 4825 2841 4884 εἶπεν
2894 4829 3032 4900 πρὸς
3087 4827 3251 4882 αὐτόν
3276 4844 3292 4861 υ
3329 4826 3596 4897 Οὐδαμῶς
3626 4842 3760 4879 ποτε
3795 4827 3854 4878 ἑν

2260 4924 2339 4993 τῷ
2374 4920 2493 4991 ὲμῷ
2553 4919 2770 4990 σώματι
2818 4919 3119 4989 θεραπείαν
3160 4918 3559 4988 προσήνεγκα*
3601 4919 3698 4970 καὶ
3753 4916 3850 4971 νῦν

2264 5012 2488 5083 αἰσχρὸν
2520 5005 2661 5064 εἰναι
2691 5008 2898 5079 νομίζω
2938 5007 3019 5077 τῷ
3045 5010 3109 5061 ὲκ
3137 5006 3341 5078 νηπίοις
3405 5007 3628 5076 ἡλικίας
3669 5005 3852 5075 χρόνῳ

2265 5102 2563 5176 βεσαιωθὲν
2586 5100 2705 5165 ἔθος
2741 5100 2976 5173 χρηστὸν
2996 5099 3093 5154 νῦν
3122 5099 3444 5155 ἀπολέσθαι.
3499 5098 3559 5152 '0
3582 5098 3639 5154 δὲ
3677 5116 3855 5171 πρεσ-

2264 5194 2462 5263 ϐεὑτης
2513 5192 2833 5264 ἀποκριθεὶς
2888 5187 3079 5245 εἶπενο
3144 5190 3317 5260 Κάγὼ
3369 5188 3703 5261 Χριστιανός
3728 5192 3856 5260 εἰμι

2265 5288 2359 5340 καὶ
2390 5285 2600 5355 θαρρῶ,
2631 5285 2715 5338 ὅτι
2736 5283 2976 5353 δύναμαί
3007 5301 3068 5338 σε
3099 5282 3445 5354 θεραπεῦσαι
3465 5299 3483 5316 ο
3529 5280 3724 5335 τούτου
3754 5282 3862 5351 χά-

2268 5395 2351 5449 ριν
2373 5372 2536 5448 ἦλθον
2564 5376 2704 5445 πρδς
2728 5375 2814 5429 σέ.
2850 5373 3015 5428 Ἀλλά
3046 5373 3122 5446 μὴ
3150 5375 3405 5446 αἰδεσθῇς
3444 5392 3535 5446 με.
3586 5374 3862 5445 ’Δποκρι-

2266 5470 2421 5524 θεῖσα
2448 5468 2507 5522 δὲ
2534 5469 2568 5537 ἡ
2596 5466 2728 5536 ἁγία
2750 5462 2901 5522 εἶπεν
2926 5467 3075 5538 αὐτῷ
3093 5482 3108 5498 ’
3138 5468 3251 5522 Καὶ
3279 5468 3397 5531 πῶς
3445 5468 3597 5520 ἔστιν
3628 5466 3864 5521 δυνατὸν

2266 5561 2327 5614 ὲν
2355 5557 2433 5629 τῷ
2461 5558 2523 5610 σὲ
2550 5552 2692 5610 εἶναι
2741 5556 3086 5629 πρεσϐευτὴν
3116 5558 3213 5612 καὶ
3245 5557 3626 5628 πολυχρόνιον,
3661 5558 3770 5627 sps
3800 5557 3863 5610 δὲ

2268 5647 2410 5704 εἶναι
2462 5648 2634 5718 κόρην
2663 5649 2761 5702 καὶ
2790 5648 2850 5701 τὸ
2881 5647 3043 5717 σῶμά
3075 5665 3177 5718 μου
3212 5633 3536 5719 διαφθαρὲν,
3593 5646 3683 5700 ἵνα
3711 5647 3860 5703 αὐτὰ

2268 5741 2333 5797 τὰ
2373 5738 2664 5811 τραύματα
2690 5737 3152 5809 παρασκευάσωσι
3184 5738 3573 5811 κεντρισθῆναι
3601 5738 3694 5793 τὸν
3725 5737 3859 5793 γοῦν
