4160 6430
493 353 635 410 ιβιδ

1709 351 1999 415 MENSIS
2034 351 2561 417 FEBRUARIUS.

3620 363 3772 429 1344

491 457 713 527 pressit,
739 454 1012 528 huiusque
1039 459 1273 514 amicum
1309 459 1649 525 Falconium,
1671 476 1899 532 quorum
1942 477 2069 533 prae-

2186 478 2318 528 ματι
2354 464 2642 518 Σιλουανδν
2676 464 2774 521 καὶ
2809 466 2901 521 τὸν
2923 467 3077 537 φίλον
3105 469 3270 525 αὐτοῦ
3301 470 3529 541 ὀνόματι
3557 475 3770 531 ᾦα).κό-

492 551 653 613 cipue
681 548 937 618 instigatu
969 549 1041 603 ita
1061 548 1181 605 dire
1207 552 1483 607 saeviebat.
1513 552 1696 624 Neque
1721 555 1822 609 hoc
1849 555 2021 610 solum
2051 575 2067 611 :

493 641 586 697 sed
611 641 864 696 universa
888 655 1026 711 pene
1054 640 1378 700 Catanensis
1405 643 1598 701 civitas
1623 655 1784 702 terra:
1814 657 1963 702 motu
1989 663 2076 704 ve-

495 734 775 789 hementer
799 733 999 803 agitata
1028 742 1134 799 est,
1176 742 1236 790 ut
1256 737 1406 791 cives
1428 738 1628 806 passim
1654 738 1724 793 ad
1757 740 2072 808 pratorium

493 834 906 893 concurrerent,
942 827 1208 897 valdeque
1226 829 1515 899 praesidem
1548 838 1842 888 terrerent.

564 1004 703 1060 XVI.
720 1005 873 1062 Tune
893 1006 1224 1074 Quintianus
1252 1010 1487 1080 primum
1507 1012 1723 1082 quidem
1746 1021 1906 1068 terra!
1924 1022 2069 1068 motu

490 1099 796 1168 perculsus,
826 1101 953 1156 dein
987 1103 1168 1170 populi
1201 1118 1472 1159 concursu
1516 1107 1885 1175 perturbatus,
1906 1107 2074 1177 jussit

491 1190 551 1246 S.
592 1194 855 1259 Agatham
880 1195 1062 1250 reduci
1094 1194 1147 1249 in
1168 1197 1491 1252 custodiam.
1524 1196 1580 1251 In
1610 1214 1771 1267 quam
1802 1200 2067 1271 ingressa,

491 1283 724 1338 sublatis
745 1285 811 1340 ad
853 1286 1053 1341 ctclum
1079 1287 1329 1342 manibus
1354 1290 1489 1343 dixit
1520 1307 1536 1345 :
1562 1290 1781 1347 Gratias
1812 1294 1908 1349 tibi
1943 1309 2066 1364 agn,

490 1373 740 1441 Domine,
777 1378 868 1445 qui
905 1391 993 1433 me
1023 1378 1238 1447 dignam
1281 1378 1541 1446 habuisti,
1575 1397 1696 1452 quae
1741 1399 1841 1454 pro
1880 1395 2072 1443 sancto

493 1468 715 1523 nomine
748 1478 840 1524 tuo
871 1477 1166 1536 certarem,
1200 1481 1254 1525 et
1277 1471 1459 1528 ablato
1479 1490 1508 1529 a
1529 1491 1615 1529 me
1637 1478 1921 1544 praesentis
1946 1481 2071 1535 vita:

491 1560 787 1626 desiderio,
845 1563 1059 1632 corpori
1124 1579 1341 1635 quoque
1379 1582 1502 1622 meo
1527 1568 1871 1625 tolerantiam
1906 1571 2073 1627 suﬁc-

491 1653 633 1708 cisti.
672 1652 878 1709 Exaudi
913 1671 1020 1719 me,
1057 1656 1303 1723 Domine,
1337 1660 1586 1716 ancillam
1624 1673 1800 1730 tuam,
1825 1664 2071 1734 dignam-

492 1756 596 1811 que
610 1742 793 1807 redde,
816 1760 937 1814 quae
955 1747 1211 1801 mundum
1232 1747 1377 1805 hunc
1396 1749 1665 1817 deseram,
1683 1756 2070 1824 copiosumque

2182 569 2316 616 νιον,
2349 545 2424 606 ὧν
2447 557 2514 626 τῇ
2545 556 2852 628 συμϐουλίᾳ
2881 560 3056 613 ἐποίει
3077 560 3146 615 τὰ
3182 565 3380 633 ἄνομα.
3409 566 3486 619 Οὐ
3524 568 3686 636 μόνον
3708 568 3775 622 δὲ

2181 644 2362 710 τοῦτο,
2390 646 2528 701 ἀλλὰ
2578 649 2674 702 καὶ
2703 649 2855 703 πᾶσα
2885 652 2918 721 ἡ
2972 651 3129 716 πόλις
3163 655 3390 726 Κατάνη
3425 658 3630 729 σφόδρα
3662 659 3774 713 ὑπὸ

2180 737 2281 808 τῆς
2306 736 2428 808 βίας
2450 739 2545 793 τοῦ
2575 742 2802 812 σεισμοῦ
2833 744 3079 817 ὲδονήθη,
3106 746 3249 801 ὥστε
3276 748 3487 812 πάντας
3509 753 3635 815 τοὺς
3665 769 3779 806 πο-

2181 828 2335 892 λίτας
2358 831 2685 902 συνδραμεῖν
2705 835 2785 898 είς
2814 835 2874 890 τδ
2903 838 3260 912 πραιτώριον,
3292 842 3388 896 καὶ
3419 843 3562 897 πάνυ
3593 846 3772 916 ταράο

2182 919 2271 987 ξαι
2297 921 2387 976 τὸν
2408 922 2669 994 ἄρχοντα.

2254 1019 2370 1085 ις’.
2406 1019 2542 1072 Τότε
2574 1022 2602 1074 ὁ
2630 1021 2929 1087 Κυντιανδς
2963 1024 3184 1096 πρῶτον
3234 1025 3334 1095 μὲν
3377 1027 3470 1093 τὸν
3532 1033 3772 1101 σεισμὸν

2182 1109 2415 1172 δειλιῶν,
2452 1110 2708 1182 δεύτερον
2729 1113 2785 1167 δὲ
2817 1119 2883 1186 τῇ
2918 1117 3291 1172 ἐπαναστάσει
3330 1118 3427 1173 τοῦ
3456 1121 3631 1193 δήμου
3660 1142 3770 1179 τα-

2188 1201 2429 1271 ραχθεὶς,
2460 1203 2747 1259 ἐκέλευσεν
2773 1208 2874 1278 τὴν
2902 1208 3064 1277 ἁγίαν
3109 1209 3349 1281 Ἀγάθην
3383 1213 3765 1285 ἀπενεχθῆναι

2183 1293 2241 1348 ὲν
2259 1293 2336 1363 τῷ
2365 1294 2746 1369 δεσμωτηρίῳ.
2784 1298 3152 1372 Είσελθούσης
3172 1302 3241 1355 ’δὲ
3273 1303 3443 1373 αὐτῆς
3472 1306 3529 1358 έν
3557 1308 3623 1376 τῇ
3657 1323 3769 1374 φυ-

2180 1386 2341 1458 λακῇ,
2372 1388 2472 1452 τὰς
2509 1391 2696 1459 χεῖρας
2737 1391 2818 1455 είς
2848 1392 2940 1447 τὸν
2982 1394 3212 1464 οὐρανὸν
3251 1395 3541 1450 έκτείνασα
3569 1393 3724 1451 εἶπεν
3748 1414 3768 1429 ο

2180 1479 2501 1550 Εὐχαριστῶ
2537 1497 2639 1542 σοι,
2664 1476 2710 1535 ὧ
2740 1482 2934 1555 Κύριε,
2970 1486 3055 1539 ὄτι
3078 1486 3432 1552 καταξίωσάς
3459 1506 3525 1559 με
3558 1490 3767 1558 ἀγωνί-

2180 1572 2377 1626 σασθαι
2409 1573 2549 1644 ὑπὲρ
2570 1572 2664 1627 τοῦ
2705 1574 2973 1644 ὀνόματός
3000 1593 3121 1642 σου,
3149 1577 3497 1648 ἀφελομένου
3532 1596 3626 1633 σου
3664 1580 3769 1635 ἀπ’

2178 1662 2313 1735 ἐμοῦ
2332 1664 2395 1717 *ιδ
2419 1664 2640 1736 φίλτρον
2654 1667 2755 1736 τῆς
2782 1667 3065 1740 παρούσης
3093 1669 3263 1738 ζωῆς,
3290 1670 3560 1735 ὡσαύτως
3586 1672 3643 1725 δὲ
3666 1675 3770 1726 καὶ

2178 1757 2257 1827 τῷ
2286 1757 2501 1830 σώματί
2525 1776 2625 1829 μου
2664 1760 2943 1833 ὑπομονὴν
2984 1762 3375 1833 χαρισάμενος.
3414 1763 3607 1830 Αὐτὸς,
3660 1764 3768 1818 Δέ-

489 1840 638 1887 tuam
665 1850 927 1907 assequar
952 1838 1409 1897 misericordiam.
1433 1837 1524 1898 Sic
1554 1821 1801 1913 precata,
1820 1821 2069 1916 protinus

2177 1821 2353 1902 σποτα
2369 1821 2574 1919 Κύριε,
2605 1821 2928 1903 εἰσάκουσον
3054 1821 3147 1904 καὶ
3173 1821 3514 1919 καταέίωσον
3536 1821 3632 1924 την
3661 1854 3767 1924 σὴν

487 1925 740 1997 spiritum
772 1929 1025 1985 reddidit.

564 2212 732 2273 XVII.
772 2216 926 2284 Quod
953 2235 1074 2277 cum
1101 2222 1344 2281 audisset
1368 2227 1622 2296 populus,
1642 2243 1857 2287 summo
1890 2232 2071 2288 studio

489 2307 558 2363 ad
596 2324 873 2366 carcerem
914 2315 1175 2384 accurrit,
1208 2324 1265 2371 et
1297 2321 1658 2389 magnanima:
1703 2324 1959 2396 martyris
1986 2341 2072 2381 re-

490 2400 691 2471 liquias
722 2413 836 2460 tuto
867 2405 921 2460 in
953 2406 1074 2463 loco
1094 2410 1401 2466 collocavit.
1433 2414 1763 2470 Adolescens
1788 2432 1916 2473 vero
1942 2418 2069 2487 qni-

490 2498 639 2565 dam,
669 2515 852 2556 secum
883 2512 1102 2559 centum
1143 2498 1352 2562 ducens
1383 2522 1581 2578 pueros
1633 2510 2070 2580 splendidissime

488 2601 737 2659 ornatos,
807 2595 1087 2652 universis
1110 2599 1330 2669 ignotus
1385 2601 1800 2670 Cannensibus,
1843 2604 2069 2662 veniens

490 2683 559 2737 ad
581 2683 760 2766 locum
800 2688 855 2740 ln
886 2702 995 2758 quo
1015 2700 1218 2746 salicta:
1245 2702 1401 2747 erant
1443 2695 1634 2763 positae
1681 2696 1944 2766 reliquiae,
1993 2706 2071 2752 ta-

489 2764 672 2831 bulam
709 2793 1094 2845 marmoream,
1136 2797 1300 2852 quam
1328 2785 1613 2851 attulerat,
1656 2764 1944 2857 apposuit,‘
1961 2789 2064 2844 ista

491 2868 833 2927 lnscribens:
863 2889 884 2923 ι
910 2871 1060 2927 Mens
1088 2883 1298 2939 sancta,
1325 2877 1845 2945 spontaneushonor
1864 2877 1981 2944 Dei,
2013 2887 2069 2935 et

488 2962 680 3031 patria:
703 2962 1005 3019 liberatio.»
1036 2963 1188 3020 Hane
1207 2964 1442 3022 tabulam
1465 2983 1585 3023 cum
1604 2970 1749 3026 intus
1764 2972 1830 3026 ad
1853 2969 2070 3028 Sancta

488 3062 652 3123 caput
672 3054 1038 3126 deposuisset,
1054 3072 1384 3130 capsamque
1410 3061 1777 3132 obsignasset,
1807 3064 2067 3132 abcessit,

2176 1939 2371 2009 δούλην
2395 1941 2717 1995 καταλιπεῖν
2745 1940 2838 1997 τὸν
2872 1942 3081 2013 κόσμον
3110 1942 3305 1997 τοῦτον
3338 1945 3435 1999 καὶ
3459 1944 3540 2006 είς
3570 1944 3631 1997 τὸ
3667 1945 3771 1997 σὺν

2176 2033 2430 2089 πλούσιον
2458 2033 2609 2097 ἔλεος
2641 2032 2885 2103 ῑφθάσαι.
2940 2035 3384 2105 Ἀποτελεσάσης
3432 2034 3607 2107 αὐτῆς
3658 2039 3769 2107 τὴν

2174 2127 2340 2199 εὐχὴν
2362 2129 2705 2200 παραχρῆμα
2731 2128 2794 2181 τὸ
2834 2129 3057 2198 πνεῦμα
3089 2128 3397 2182 ἀπέδωκεν.

2245 2225 2345 2279 lZ'.
2382 2224 2544 2278 Ὥστε
2565 2222 2876 2279 ἀκούσαντα
2896 2223 2988 2277 τὸν
3010 2224 3184 2295 δῆμον
3208 2224 3349 2295 μετὰ
3374 2227 3559 2295 πάσης
3589 2244 3766 2283 σπου-

2172 2316 2272 2389 δῆς
2294 2315 2555 2371 εἰσελθεῖν
2584 2316 2759 2370 καὶτὸ
2776 2315 3030 2386 λείψανον
3055 2317 3152 2386 τῆς
3178 2317 3437 2385 γενναίας
3481 2319 3767 2391 μάρτυρος

2172 2409 2232 2464 ιν
2259 2408 2531 2481 ἀσφαλείᾳ
2561 2408 2912 2463 καταθέσθαι.
2942 2407 3243 2474 Νεανίσκος
3275 2410 3333 2464 δέ
3378 2427 3463 2475 τις
3492 2411 3631 2482 ἔχων
3659 2415 3768 2483 μὲν

2172 2496 2368 2553 ἑαυτοῦ
2422 2499 2620 2562 παῖδας
2647 2498 2740 2552 τὸν
2784 2497 3023 2568 ἀριθμὸν
3052 2498 3271 2566 ἑκατὸν,
3318 2502 3585 2556 κάλλιστα
3612 2504 3769 2559 πάνυ

2170 2590 2603 2662 ἠμφιεσμένους,
2628 2588 2888 2653 ὡσαύτως
2905 2591 2961 2643 δὲ
2984 2590 3078 2644 καὶ
3090 2591 3371 2662 ἄγνωστος
3397 2596 3564 2649 πᾶσιν
3592 2596 3767 2666 ὑπάρ-

2171 2699 2283 2753 χων
2309 2685 2425 2745 τοῖς
2477 2680 2578 2754 τὴν
2605 2682 2903 2737 Κατανέων
2926 2684 3138 2738 οἰκοῦσι
3166 2685 3348 2751 πόλιν,
3382 2686 3555 2741 ἐλθὼν
3586 2688 3645 2741 ἐν
3682 2688 3767 2759 τῷ

2170 2772 2319 2842 τόπῳ
2347 2771 2478 2826 ἔνθα
2504 2771 2567 2825 τὸ
2607 2771 2764 2840 ἅγιον
2792 2773 2970 2845 αὐτῆς
2997 2774 3179 2829 ἔκειτο
3219 2776 3498 2846 λείψανον,
3526 2778 3768 2845 ἐνέγκας

2171 2864 2357 2920 πλάκα
2432 2864 2790 2937 μαρμαρίνην
2846 2866 3122 2939 ἐπέθηκεν
3187 2869 3505 2941 ἐπιγράψας
3549 2869 3764 2936 οὕτως’

2176 2975 2196 3010 ι
2225 2957 2370 3024 Νοῦς
2396 2957 2565 3027 ὅσιος,
2588 2957 3051 3031 αὐτοπροαίρετος
3076 2961 3210 3035 τιμὴ
3232 2963 3312 3024 εις
3341 2960 3495 3027 Θεὸν,
3530 2964 3623 3016 καὶ
3653 2981 3765 3017 πα-

2168 3050 2350 3125 τρίδος
2369 3052 2662 3125 λύτρωσις.
2696 3070 2717 3107 ι
2757 3053 3121 3128 ’Δποθέμενος
3152 3055 3212 3110 δὲ
3238 3056 3410 3126 αὐτὴν
3440 3056 3589 3110 ἔνδον
3620 3059 3765 3128 πρὸς

482 3156 668 3213 seque
700 3144 910 3214 uspiam
943 3145 1178 3201 ulterius
1206 3147 1259 3202 in
1311 3147 1535 3204 civitate
1582 3149 1735 3205 visus
1762 3158 1848 3207 est
1885 3166 1900 3206 :
1928 3151 2069 3208 unde

2175 3147 2239 3219 τῇ
2262 3147 2476 3218 κεφαλῇ
2525 3145 2628 3218 τῆς
2654 3145 2834 3213 ὁσίας,
2877 3149 2973 3202 καὶ
3017 3148 3334 3218 ἀσφαλίσας
3362 3149 3462 3223 τὴν
3487 3149 3759 3221 λάρνακα,

490 3237 730 3308 suspicio
757 3239 878 3305 fuit,
906 3239 1158 3311 angelum
1189 3255 1316 3296 eum
1341 3241 1599 3314 martyris
1626 3242 1820 3302 fuisse.

563 3511 755 3570 XVIII.
792 3512 1117 3582 Quintianus
1134 3532 1264 3574 vero
1298 3533 1421 3574 cum
1465 3518 1570 3576 vita
1599 3527 1904 3582 excessisse
1929 3541 2075 3585 mar-

492 3614 667 3677 tyrem
723 3609 1042 3678 accepisset,
1071 3611 1138 3665 ad
1190 3612 1357 3681 ipsius
1381 3613 1666 3672 facultates
1723 3621 2071 3690 occupandas

491 3713 552 3752 se
572 3698 841 3754 contulit:
876 3708 1100 3770 accepta
1150 3701 1311 3772 igitur
1336 3710 1446 3758 tota
1476 3719 1575 3761 sua
1615 3707 1839 3765 cohorte
1864 3709 2072 3768 Panor-

494 3804 639 3843 tuum
664 3792 992 3860 properabat
1023 3792 1160 3864 (ll).
1187 3797 1256 3846 At
1296 3795 1381 3849 vix
1420 3795 1527 3850 iter
1581 3797 1884 3870 ingressus,
1916 3801 2069 3870 justo

494 3879 586 3936 Dei
615 3881 841 3951 judicio,
873 3884 923 3938 in
950 3883 1116 3940 ﬂuvio
1146 3884 1407 3956 quodam,
1438 3890 1587 3944 haud
1620 3892 1807 3961 procul
1832 3893 2071 3953 distante

487 3975 718 4044 Catana,
744 3977 961 4032 nomine
993 3977 1293 4047 Psemitho,
1326 3980 1560 4037 interiit.
1599 3982 1733 4039 Nam
1767 4001 1890 4042 cum
1942 4002 2067 4045 eum

490 4072 655 4124 vellet
687 4071 962 4141 trajicere,
1004 4085 1068 4126 ac
1094 4081 1383 4140 pontonem
1419 4090 1545 4130 cum
1572 4080 1732 4146 equis
1779 4080 1894 4137 suis
1922 4090 2072 4139 esset

490 4164 789 4233 ingressus,
823 4166 927 4218 duo
961 4162 1119 4220 exiis
1171 4166 1363 4221 ssevire
1421 4168 1791 4241 impetumque
1845 4173 1897 4228 in
1941 4188 2065 4229 eum

489 4253 670 4310 facere
698 4264 979 4325 ctnperunt
1012 4271 1027 4308 :
1059 4263 1114 4309 et
1144 4271 1284 4312 unus
1313 4257 1526 4327 quidem
1554 4276 1648 4317 ore
1670 4262 1725 4317 in
1783 4262 1930 4318 illum
1983 4265 2066 4320 in-

489 4356 676 4400 vectus
731 4360 853 4400 eum
908 4342 1233 4410 suﬂ'ocabat,
1263 4345 1403 4402 alter
1451 4348 1696 4406 incutere
1735 4351 1915 4408 calces
1955 4369 2063 4410 non

487 4437 758 4505 cessabat,
792 4438 964 4493 donec
1004 4437 1060 4492 in
1098 4437 1430 4494 Psemitbum
1477 4456 1692 4497 amnem
1723 4443 2062 4502 deturbaret.

2174 3237 2548 3310 ἀνεχώρησεν,
2600 3237 2744 3293 ὥστε
2783 3239 2985 3311 μηκέτι
3044 3240 3342 3310 φαίνεσθαι
3371 3242 3431 3294 ὲν
3478 3244 3545 3314 τῇ
3577 3242 3762 3310 πόλει,

2173 3329 2297 3385 ὅθεν
2333 3328 2459 3383 τινὰ
2486 3328 2743 3384 ὑπόνοιαν
2776 3328 2944 3400 ἔχειν,
2996 3330 3228 3400 ἄγγελον
3276 3326 3419 3387 εἶναι
3447 3331 3612 3385 αὐτὸν
3656 3335 3765 3405 τῆς

2176 3423 2479 3495 μάρτυρος.

2244 3515 2352 3569 IH'.
2397 3512 2665 3576 Ἀκούσας
2708 3511 2766 3566 δὲ
2821 3514 2851 3566 ὁ
2901 3511 3224 3577 Κυντιανδς,
3281 3511 3362 3566 ὅτι
3400 3511 3615 3581 ἀπέστη
3646 3513 3761 3567 τῶν

2172 3605 2364 3659 ἐνθάδε
2394 3606 2426 3676 ή
2459 3604 2583 3658 ὁσία
2630 3603 2865 3674 μάρτυς,
2899 3603 3044 3657 κατὰ
3067 3603 3174 3657 τῶν
3205 3604 3376 3674 αὐτῆς
3404 3602 3763 3672 πραγμάτων

2172 3700 2372 3773 ἐχώρει
2401 3699 2499 3754 καὶ
2547 3698 2729 3753 λαϐὼν
2767 3699 2951 3754 πᾶσαν
3001 3698 3102 3770 τὴν
3129 3697 3284 3763 τάξιν
3315 3697 3482 3751 αὑτοῦ
3515 3698 3761 3766 ἐπήγετο

2172 3792 2580 3864 παραγενέσθαι
2609 3793 2669 3845 ιν
2707 3791 2982 3863 Πανόρμῳ
3007 3806 3022 3822 ο
3065 3793 3161 3845 καὶ
3195 3791 3260 3860 δὴ
3303 3787 3474 3845 αὐτοῦ
3511 3789 3761 3860 ἀπερχο-

2175 3887 2339 3958 μένου
2362 3884 2504 3940 κατὰ
2534 3883 2635 3958 τὴν
2659 3884 2798 3951 ὁδὸν,
2847 3884 3031 3955 κρίσει
3063 3881 3202 3938 Θεοῦ
3231 3882 3418 3957 δικαίᾳ
3447 3882 3760 3938 ἀπολέσθαι

2171 3978 2336 4033 αὐτὸν
2363 3976 2564 4045 συνέϐη
2591 3975 2649 4031 έν
2670 3993 2777 4030 τινι
2807 3975 3202 4048 παρακειμένῳ
3227 3976 3458 4048 ποταμῷ
3500 3977 3570 4047 τῇ
3597 3974 3761 4028 πόλει

2170 4068 2417 4142 Κατάνῃ,
2442 4069 2668 4140 ὀνόματι
2694 4068 2958 4140 Ψημίθῳ.
3024 4067 3369 4137 Βουλομένου
3413 4067 3523 4140 γὰρ
3586 4064 3763 4121 αὐτοῦ

2169 4161 2356 4217 τοῦτον
2382 4161 2738 4233 διαπερᾶσαι,
2771 4160 3023 4222 εἰσῆλθεν
3054 4162 3112 4214 ὲν
3139 4158 3429 4230 πορθμείῳ
3481 4157 3623 4229 μετὰ
3647 4156 3763 4211 τῶν

2170 4257 2355 4311 ἵππων
2386 4255 2574 4318 αὑτοῦ,
2596 4253 2693 4308 καὶ
2725 4253 2790 4324 δὴ
2814 4252 2909 4307 δύο
2936 4251 3095 4306 ἵπποι
3118 4252 3389 4324 ὥρμησαν
3416 4253 3539 4307 κατ’
3561 4251 3758 4305 αὑτοῦ·

2169 4347 2263 4404 καὶ
2308 4349 2337 4402 ὁ
2398 4347 2498 4418 μὲν
2529 4341 2611 4410 εἷς
2664 4342 2979 4415 εἰσδραμὼν
3039 4343 3185 4399 κατὰ
3239 4344 3539 4416 πρόσωπον
3588 4342 3762 4396 af:th

2169 4441 2435 4513 ἠφάνισεν
2455 4456 2469 4472 ·
2510 4441 2539 4493 ὀ
2575 4439 2634 4493 δὲ
2670 4437 2857 4509 ἕτερος
2892 4436 3263 4506 λακτίσμασιν
3294 4437 3554 4508 πλήσσων
3583 4436 3646 4488 οὖ
3678 4435 3765 4489 διο

487 4529 699 4600 Corpus
727 4541 905 4585 autem
932 4529 1052 4599 ejus
1073 4546 1103 4587 a
1129 4531 1313 4589 multis
1342 4534 1726 4604 perquisitum,
1776 4552 2058 4608 nunquam

2175 4535 2380 4595 έλιπεν.
2425 4532 2619 4604 μέχρις
2670 4530 2739 4585 ἂν
2795 4529 2959 4583 αὐτὸν
3006 4529 3260 4584 ἐνέϐαλεν
3318 4531 3376 4582 έν
3411 4528 3489 4599 τῷ
3524 4527 3766 4597 ποταμῷ

487 4622 720 4678 inveniri
753 4624 950 4693 potuit.

556 4802 699 4859 XIX.
734 4803 830 4861 liis
860 4806 930 4861 ita
977 4805 1168 4876 gestis,
1197 4806 1400 4863 crevit.
1430 4805 1604 4862 honor
1660 4822 1726 4864 ac
1785 4812 2068 4867 veneratio

485 4907 688 4953 sancue
717 4900 994 4970 martyris,
1029 4915 1203 4969 neque
1244 4901 1533 4970 quisquam
1593 4900 1683 4955 ulli
1732 4915 1800 4957 ex
1833 4902 1948 4968 ejus
1972 4916 2066 4958 eo-

486 4996 742 5062 gnatinne
794 4997 1069 5065 negotium
1123 4995 1396 5051 facessere
1426 5012 1593 5052 ausus
1644 5005 1750 5052 est.
1782 4998 1851 5054 Ut
1882 5009 2062 5054 autem

488 5097 644 5142 certa
673 5097 729 5142 et
757 5089 1081 5144 inconcussa
1120 5087 1462 5154 redderetur,
1496 5104 1617 5158 qua:
1636 5089 1749 5158 jam
1781 5090 2067 5146 increbne-

488 5188 573 5235 rat
599 5179 764 5249 fama,
787 5181 1036 5251 angelum
1070 5180 1239 5236 fuisse
1261 5181 1350 5250 qni
1374 5181 1613 5237 tabulam
1639 5184 1695 5238 in
1720 5182 1838 5251 ejus
1858 5183 2065 5240 tumulo

489 5273 818 5342 deposuerat
849 5273 984 5344 (12),
1024 5286 1169 5328 anno
1196 5282 1464 5341 vertente,
1489 5275 1635 5331 circa
1668 5276 1914 5346 martyrii
1949 5276 2065 5346 ejus

565 5456 939 5530 (ll)inveges
988 5456 1198 5526 scribit,
1230 5459 1336 5514 hoc
1375 5458 1551 5530 ipsum
1578 5460 1716 5514 tradi
1744 5474 1774 5530 a
1808 5460 2069 5515 Bellova-

486 5528 661 5585 censi.
695 5528 864 5599 Hujus
886 5530 1049 5584 verba
1077 5530 1168 5584 lib.
1187 5545 1249 5597 ιι,
1279 5528 1492 5599 cap.“
1509 5539 1638 5585 sunt
1661 5549 1676 5585 :
1696 5547 1717 5582 ι
1745 5529 2077 5596 Quintianus

487 5611 671 5654 autem
703 5615 938 5669 pergens
975 5599 1309 5669 investigare
1339 5601 1559 5655 divitias
1587 5600 1725 5668 ejus,
1772 5617 1894 5655 cum
1928 5608 2078 5656 esset

492 5669 544 5747 in
576 5670 721 5735 navi,
753 5670 966 5726 duobus
997 5672 1153 5739 equis
1168 5670 1604 5752 calcitrantibus,
1633 5670 1685 5752 in
1714 5670 1919 5752 liutnen
1942 5687 2078 5752 pro-

486 5738 664 5812 iectus
695 5750 800 5803 est,
827 5750 881 5812 et
917 5738 1115 5812 corpus
1136 5741 1251 5809 ejus
1276 5755 1541 5811 nusquam
1579 5742 1753 5812 potuit
1776 5738 2026 5799 inveniri.
2056 5760 2076 5795 ›

496 5803 651 5860 Nulla
683 5811 885 5865 mentio
923 5803 1199 5869 Panormi.

2172 4627 2437 4699 Ψημίθῳ,
2478 4624 2577 4679 καὶ
2632 4622 2846 4678 πολλῶν
2890 4622 3250 4692 ζητησάντων
3286 4619 3349 4675 ea
3376 4618 3535 4692 σῶμα
3564 4619 3765 4684 αὑτοῦ,

2172 4719 2272 4789 οὐχ
2302 4714 2502 4789 εὑρέθη
2539 4714 2706 4786 μέχρι
2743 4713 2847 4782 τῆς
2874 4713 3139 4783 σήμερον.

2245 4810 2349 4864 ΙΘ¹.
2374 4807 2596 4862 Τούτων
2630 4804 2691 4859 δὲ
2713 4803 2859 4858 οὕτω
2887 4803 3221 4874 γενομένων,
3282 4803 3344 4857 τὸ
3377 4802 3544 4867 σέϐας
3596 4802 3691 4855 καὶ
3734 4818 3766 4872 ,γ

2169 4903 2306 4974 τιμὴ
2337 4900 2537 4973 ηὔξανε
2559 4900 2657 4969 τῆς
2680 4897 2842 4966 ἁγίας
2872 4897 3149 4968 μάρτυρος
3183 4895 3445 4965 Ἀγάθης,
3468 4896 3564 4950 καὶ
3583 4894 3768 4958 οὐδεις

2171 4994 2376 5065 ἐτόλμα
2426 4988 2697 5046 διασεῖσαί
2753 5005 2879 5043 τινα
2931 4987 3027 5042 τοῦ
3083 4987 3276 5057 γένους
3329 4987 3522 5056 αὐτῆς.
3555 4985 3675 5038 Ἵνα
3704 4985 3766 5040 δὲ

2172 5085 2529 5159 ἀπαράϐατος
2554 5085 2583 5138 ὁ
2610 5082 2769 5152 λόγος
2790 5081 2898 5151 εἴη,
2917 5080 3001 5135 ὅτι
3031 5079 3265 5148 ἄγγελος
3292 5075 3363 5152 ἦν
3387 5080 3416 5132 ὁ
3439 5080 3541 5151 τὴν
3570 5078 3765 5135 πλάκα

2169 5179 2508 5248 ἀποθέμενος
2566 5177 2627 5228 ὲν
2678 5175 2745 5245 τῇ
2794 5171 3035 5243 λάρνακι
3085 5171 3187 5242 τῆς
3241 5172 3543 5245 μάρτυρος,
3601 5168 3766 5243 ὤφθη

2169 5268 2557 5344 πληρωθέντος
2581 5265 2677 5320 τοῦ
2708 5262 2960 5321 ἐνιαυτοῦ
2987 5265 3129 5320 κατὰ
3152 5263 3251 5336 τὴν
3281 5262 3498 5336 ἡμέραν
3540 5264 3641 5332 τῆς
3675 5279 3769 5316 τεο

2253 5458 2368 5529 (12)
2401 5455 2630 5529 Sepulta
2655 5454 2773 5520 fuit,
2811 5452 3068 5529 ubinunc
3085 5462 3185 5529 est_
3209 5451 3472 5529 templum
3514 5452 3761 5529 quod_S.

2179 5523 2409 5600 Agathe
2462 5523 2690 5600 veteris
2731 5523 3080 5600 appellatur,
3135 5523 3568 5600 ubi_eti:uunnm
3638 5523 3765 5591 ejus

2182 5591 2497 5667 sepulcrum
2541 5591 3145 5667 religiose'hnnoratnr
3184 5610 3198 5644 :
3236 5594 3463 5667 ipsoque
3498 5591 3637 5667 loco,
3666 5601 3764 5646 aut

2180 5660 2334 5741 justa
2378 5682 2503 5743 cum
2536 5660 3068 5743 apparuitAngelu‘s.
3097 5660 3285 5732 Neque
3308 5663 3522 5743 concipi
3560 5674 3764 5743 potest,

2187 5732 2462 5813 quomodo
2491 5732 2655 5813 isthic
2684 5732 2929 5813 [laminas
2958 5732 3121 5813 agitus
3161 5732 3482 5812 evomuerit,
3505 5732 3769 5813 qualia-

2191 5804 2354 5873 ruinis
2398 5810 2570 5868 instar
2624 5804 2912 5875 devolutae,
2947 5804 3016 5861 ab
3067 5818 3283 5862 summo
3321 5804 3523 5863 vertice
3548 5804 3759 5876 lapids:
