4160 6420
369 325 510 391 1245

1608 329 1786 392 νιΤΑ
1817 327 1882 388 S.
1931 327 2382 391 PARTHENII.

3499 332 3639 399 1346

365 442 637 505 λειώσεως
671 441 863 512 αὐτῆς,
897 439 958 494 τὸ
983 442 1040 496 δὲ
1061 442 1187 514 δρος
1215 442 1247 512 ἡ
1272 441 1439 512 Αἴτνη
1462 441 1574 514 πῦρ
1603 441 1954 513 ἔξηρεύξατο,

2061 441 2201 496 diem
2229 441 2499 511 apparuit.
2543 439 2755 496 Etenim
2787 439 2956 496 IEtna
2987 456 3144 499 mons
3177 441 3354 514 ignem
3379 450 3645 512 evomuit,

366 536 463 588 καὶ
520 532 773 603 καθάπερ
835 534 1081 604 ποταμὸς
1138 532 1459 604 μυκώμενος
1517 534 1724 603 σφόδρα
1781 532 1954 596 οὕτως

367 625 678 695 κατήρχετο
705 623 942 677 διαλύων
964 625 1092 685 τοὺς
1123 624 1304 687 λίθους
1335 625 1523 696 ὥσπερ
1557 627 1728 696 κηρὸν
1759 626 1823 679 ἐκ
1853 626 1954 694 τῆς

367 719 617 791 κορυφῆς
647 719 740 784 ’φῦ
765 718 949 788 ὅρους,
981 719 1174 787 φλέξαι
1204 721 1298 772 καὶ
1333 719 1596 772 ἀπολέσαι
1644 721 1827 772 πᾶσαν
1854 719 1954 787 τὴν

365 812 475 866 τῶν
507 812 806 865 Κατανέων
837 815 993 864 πόλιν
1021 827 1033 840 ·
1072 813 1133 865 Oi
1170 810 1263 864 οὖν
1298 811 1462 882 πέριξ
1487 813 1582 864 καὶ
1614 810 1844 881 πλησίον
1863 810 1954 863 5v-

367 921 457 966 τες
501 902 598 956 τοῦ
651 901 816 973 ὅρους
878 904 1082 972 καίπερ
1135 902 1396 973 Ἕλληνες,
1427 903 1785 973 ὑπάρχοντες,
1817 901 1954 966 πρὸς

363 993 456 1046 τὸν
483 992 614 1046 ναὸν
645 994 744 1062 τῆς
797 992 1074 1062 μάρτυρος
1105 991 1350 1064 ὥρμουν,
1384 995 1480 1048 καὶ
1528 993 1855 1063 ἀφελόμενοι
1894 993 1956 1046 τὸ

365 1083 754 1155 περικείμενον
808 1085 1155 1154 περιὸόλαιον
1187 1089 1252 1156 τῇ
1288 1085 1522 1156 λάρνακι
1552 1085 1791 1157 ἔστησαν
1823 1103 1958 1140 κατ-

365 1177 551 1230 ἐναντι
587 1177 682 1229 τοῦ
707 1179 880 1247 πυρὸς
910 1178 1004 1228 καὶ
1027 1177 1090 1248 δὴ
1115 1180 1181 1249 τῇ
1212 1178 1438 1250 προνοίᾳ
1460 1178 1554 1231 τοῦ
1581 1178 1717 1232 Θεοῦ
1749 1177 1958 1242 εὐθέως

366 1266 461 1319 καὶ
489 1266 834 1337 παραχρῆμα
872 1267 1002 1335 ἔστη
1065 1267 1125 1320 τὸ
1162 1269 1304 1321 Θείον
1355 1268 1500 1340 πῦρ·
1538 1271 1756 1338 ἐγένετο
1805 1269 1862 1322 δὲ
1894 1269 1956 1322 τὺ

367 1355 552 1426 θαῦμα
583 1362 714 1426 μηνὶ
742 1356 1094 1427 Φεϐρουαρίῳ
1118 1358 1370 1432 πέμπτῃ,
1422 1361 1480 1411 ὲν
1565 1359 1745 1431 ἡμέρᾳ
1784 1359 1956 1430 ἠθλη-

369 1464 482 1512 σεν,
521 1450 578 1500 ὲν
706 1450 802 1501 καὶ
846 1448 1204 1519 ἑορτάζοντες
1251 1450 1546 1522 δοξάζομεν
1603 1451 1694 1505 τὸν
1751 1452 1958 1520 Κύριον

365 1539 525 1610 ἡμῶν
565 1537 770 1608 Ἰησοῦν
796 1539 1035 1611 Χριστὸν
1057 1541 1147 1594 τὸν
1185 1542 1318 1594 Θεὸν
1344 1582 1360 1608 ,
1419 1543 1568 1605 ὅπως
1621 1543 1741 1604 ταῖς
1788 1558 1958 1612 πρεσ-

2059 535 2149 604 qui
2179 533 2420 590 ﬂuminis
2444 535 2614 589 instar
2667 535 2873 606 ingenti
2903 535 3108 606 mugitu
3143 538 3550 604 devolvebatur,
3576 542 3644 595 ab

2060 643 2274 684 summo
2343 627 2547 682 vertice
2617 628 2819 696 lapides
2873 628 3020 682 velut
3077 645 3260 684 ceram
3311 631 3639 698 dissolvens,

2061 718 2344 789 ipsamque
2380 719 2570 773 urbem
2625 718 3016 776 Catanensium
3073 731 3426 790 correpturos
3452 739 3516 778 ac
3541 738 3638 792 pe-

2060 812 2209 866 nitus
2228 819 2662 878 consumpturus
2685 810 2822 880 ignis
2839 811 3142 866 videbatur.
3173 813 3278 878 Qui
3303 813 3470 883 igitur
3490 815 3640 868 circa

2060 911 2301 956 montem
2361 901 2704 966 habitabant,
2757 901 2860 955 etsi
2903 913 3087 956 essent
3121 904 3368 973 gentiles,
3410 905 3476 958 al
3507 913 3646 958 tem-

2063 993 2212 1063 plum
2241 993 2498 1063 martyris
2523 1001 2880 1056 roncurrunt,
2900 993 3282 1063 sublatumque
3307 995 3508 1060 velum,
3533 1011 3643 1064 quo

2059 1080 2450 1136 circumcineta
2495 1090 2616 1134 erat
2665 1096 2822 1148 urna,
2871 1096 2938 1136 ex
2995 1083 3226 1136 adverso
3265 1083 3402 1153 ignis
3446 1086 3648 1139 coasti-

2061 1181 2240 1226 tuunt.
2273 1173 2408 1227 Cum
2441 1188 2569 1229 ecce
2617 1173 2800 1228 divina
2829 1174 3188 1243 providentia,
3223 1176 3401 1229 subito
3433 1193 3648 1246 repres-

2061 1279 2152 1318 sus
2175 1277 2254 1319 est
2277 1264 2435 1334 ignis.
2469 1265 2713 1336 Contigit
2746 1279 2871 1320 vero
2899 1266 3029 1320 illud
3091 1266 3412 1321 miraculum
3452 1271 3645 1338 quinto

2062 1357 2371 1424 Februarii,
2410 1373 2520 1428 quo
2552 1359 2672 1426 ipso
2725 1359 2813 1413 die
2867 1368 3147 1414 certamen
3196 1359 3369 1413 ﬁnivit
3409 1360 3642 1428 Agathe,

2060 1463 2168 1518 quo
2193 1458 2246 1503 et
2280 1465 2378 1504 nos
2416 1449 2555 1504 festa
2580 1449 2900 1504 celebritate
2935 1451 3299 1520 praedicamus
3353 1451 3642 1506 Dominum

2062 1549 2306 1594 nostrum
2332 1540 2516 1595 Jesum
2544 1540 2842 1607 Christum,
2875 1549 2934 1595 ut
2971 1542 3142 1609 ipsius
3163 1551 3366 1598 sancta:
3389 1543 3647 1614 martyris

367 1630 540 1694 θείαις
564 1632 734 1702 αὐτῆς
761 1630 956 1700 ἄφεσιν
985 1631 1244 1704 λάϐωμεν
1273 1631 1560 1704 ἁμαρτιῶν
1594 1635 1687 1687 καὶ
1716 1633 1778 1685 τὸ
1815 1633 1959 1702 μέγα

368 1723 539 1786 ἔλεος,
571 1723 666 1777 νῦν
698 1723 793 1776 καὶ
826 1723 936 1792 ἀεὶ,
971 1726 1067 1780 καὶ
1092 1726 1171 1786 εἰς
1195 1727 1321 1790 τοὺς
1353 1725 1558 1790 αἰῶνας
1584 1727 1693 1779 τῶν
1720 1723 1954 1780 αἰώνων.

380 1815 574 1885 Ἀμήν.

2060 1633 2316 1700 precibus
2351 1635 2560 1686 veniam
2589 1634 2944 1703 impetremus
2966 1645 3336 1701 peccatorum,
3369 1649 3658 1704 magnam-‘

2061 1737 2165 1791 que
2199 1725 2651 1789 misericordiam,
2682 1739 2826 1779 nunc
2881 1733 2935 1779 et
2991 1739 3209 1796 semper
3246 1736 3304 1780 et
3363 1726 3416 1780 in
3445 1725 3644 1780 saecula

1987 1793 2034 1855 Β
2063 1819 2407 1874 saeculorum.
2425 1820 2621 1876 Amen.

369 1973 731 2047 resolverent,
764 1991 783 2025 ι
814 1975 1170 2044 venirentque
1199 1989 1388 2047 versus
1417 1975 1692 2030 civitatem
1721 1973 2147 2046 Catanensium;
2186 1994 2205 2029 ι
2248 1975 2292 2031 si
2326 1976 2378 2031 in
2411 1977 2523 2047 ipsa
2593 1976 2728 2033 urbe
2772 1979 2874 2034 sita
2905 1977 2971 2032 ad
3008 1976 3145 2032 imas
3179 1973 3363 2031 [Eluas
3405 1975 3641 2043 radices,

372 2043 552 2099 hiatus
583 2045 886 2114 patefactus
917 2048 1070 2116 ignes
1087 2043 1406 2100 eructabat.

442 2235 3623 2276 Mm

839 2427 1038 2552 DE
1145 2423 1283 2553 S.
1394 2421 1955 2550 PABTH

2060 2421 2324 2550 ΝΙΟ
2423 2421 3188 2550 EPISCOPO

1437 2664 1819 2729 LAMPSACI
1857 2665 1942 2726 IN
1982 2656 2561 2726 HELLESPONTO.

993 2825 1208 2889 (Caecqu
1242 2840 1306 2888 iv,
1332 2823 1588 2876 Februarii
1619 2824 1700 2872 die
1723 2821 1769 2872 7.
1795 2848 1856 2859 —
1883 2828 2002 2874 Acta
2026 2825 2323 2877 Sanctorum
2355 2823 2586 2878 Bolltmd.
2613 2824 2672 2875 ad
2691 2824 2818 2874 hanc
2838 2819 3018 2886 diem.)

446 3157 498 3213 Ι.
535 3175 554 3208 ι
583 3153 986 3224 Hellespontus,
1026 3168 1046 3203 ι
1075 3156 1135 3204 ut
1155 3149 1362 3204 Plinius
1395 3148 1432 3202 ι.
1461 3162 1536 3214 tv,
1569 3161 1689 3217 cap.
1721 3146 1810 3213 ll,
1838 3146 2052 3211 scribit,
2079 3165 2098 3198 ι
2131 3154 2337 3215 septem
2368 3145 2560 3202 stadiis
2588 3146 2856 3217 Europam
2887 3148 2955 3203 ab
2981 3149 3111 3205 Asia
3125 3147 3392 3214 dividens,
3413 3159 3651 3220 quatuor

373 3249 514 3305 inter
553 3262 612 3301 se
641 3243 950 3300 contrarias
967 3242 1132 3296 urbes
1156 3241 1339 3306 habet,
1371 3238 1422 3292 in
1464 3237 1679 3306 Europa
1713 3236 2002 3305 Callipolin
2039 3248 2094 3290 et
2136 3236 2364 3303 Seston,
2399 3248 2456 3291 et
2499 3239 2553 3290 in
2602 3237 2730 3292 Asia
2760 3237 3115 3308 Lampsacum
3152 3251 3208 3296 et
3237 3242 3488 3313 Abydon.
3529 3263 3549 3296 ι
3587 3246 3650 3298 lit

376 3342 708 3410 Lampsacus
735 3337 956 3408 quidem
984 3337 1082 3406 (ita
1111 3336 1280 3400 enim,
1305 3349 1425 3403 qua:
1457 3331 1630 3386 Plinio
1667 3331 1708 3387 l.
1741 3347 1796 3400 v,
1828 3347 1875 3387 c.
1911 3330 2003 3397 59.,
2036 3329 2389 3400 Lampsacum
2424 3341 2535 3398 est,
2573 3335 3067 3404 appellantGi-azci,
3109 3337 3436 3396 Ptolemaeus
3476 3339 3572 3395 lib.
3595 3354 3651 3405 ν,

373 3452 429 3496 c.
455 3438 508 3500 il,
537 3435 793 3488 Socrates
828 3431 864 3484 l.
889 3443 960 3494 tv,
983 3443 1032 3481 c.
1065 3427 1137 3482 4:
1194 3427 1526 3497 Stephanus,
1559 3424 1756 3479 Strabo
1815 3425 1911 3479 lib.
1969 3424 2088 3494 xui)
2119 3442 2138 3475 ι
2164 3423 2494 3494 Lampsacus
2530 3426 2715 3495 igitur,
2749 3436 2805 3480 ut
2847 3427 2921 3480 ait
2962 3427 3179 3493 Strabo,
3223 3432 3356 3484 mari
3379 3431 3650 3497 imminet,

379 3536 509 3586 urbs
538 3528 780 3583 bonitate
801 3533 992 3594 portus
1006 3521 1236 3591 aliisque
1262 3522 1426 3575 rebus
1463 3519 1831 3575 memorabilis
1862 3536 1877 3573 :
1909 3519 1955 3571 P1

2060 3535 2126 3574 tsa
2165 3519 2320 3589 prius
2350 3519 2497 3574 dicta
2527 3518 2618 3572 διὰ
2647 3519 2708 3572 τὸ
2770 3522 2978 3574 πιτύων
3011 3521 3155 3592 ἔχειν
3181 3522 3404 3593 πλῆθος,
3479 3527 3606 3594 inqu
3632 3533 3655 3583 ι

376 3626 706 3696 Stephanus,
749 3639 770 3672 ι
807 3619 950 3688 quod
983 3617 1214 3687 plurima
1245 3616 1355 3672 illic
1377 3617 1556 3686 pinus.
1595 3635 1613 3669 ι
1652 3615 1746 3672 Est
1800 3625 1982 3670 autem
2047 3617 2100 3670 in
2140 3627 2373 3684 angusto
2401 3613 2736 3684 HelleSponti
2777 3619 2970 3683 posita,
3017 3638 3036 3670 ι
3079 3631 3133 3672 ut
3165 3621 3328 3674 habet
3374 3619 3653 3676 Socrates.

445 3743 502 3796 9..
541 3741 698 3802 Eam,
729 3737 1091 3792 Constantino
1144 3732 1339 3804 Magno
1402 3732 1728 3802 imperante,
1770 3731 2059 3786 sanctitate
2095 3740 2149 3786 ct
2203 3731 2480 3785 miraculis
2515 3731 2803 3787 illustravit
2836 3731 2893 3786 ὃ.
2939 3732 3270 3790 Parthenius
3303 3737 3593 3806 episcopus
3628 3754 3645 3793 :

376 3838 532 3907 cujus
553 3833 693 3888 die7
752 3829 1036 3885 Februarii
1073 3826 1270 3882 festum
1304 3825 1390 3898 agi
1438 3835 1769 3880 annotarunt
1803 3825 2048 3880 Molanus
2074 3826 2127 3880 in
2163 3826 2333 3882 addit.
2365 3827 2432 3881 ad
2491 3826 2818 3892 Usuarduni,
2869 3839 2924 3883 et
2982 3829 3268 3884 Ferrarius
3320 3830 3372 3883 in
3410 3831 3652 3900 generali

377 3930 622 3997 catalogo
640 3923 741 3981 SS.
763 3923 1010 3978 Breviter
1036 3919 1106 3974 de
1143 3934 1208 3975 eo
1241 3918 1602 3989 lllenologium
1630 3919 1698 3972 ab
1733 3917 1973 3972 Henrico
2004 3917 2226 3972 Canisio
2251 3919 2527 3988 vulgatum
2564 3937 2578 3974 :
2609 3938 2628 3971 ι
2661 3915 3120 3975 Commemoratio
3151 3920 3210 3977 S.
3238 3921 3654 3994 Partheniiepi-

379 4024 528 4094 scopi
564 4017 870 4091 Lampsaci.
910 4033 930 4067 ι
965 4014 1240 4070 Prolixius
1271 4014 1388 4083 ejus
1413 4012 1720 4067 encomium
1755 4021 1936 4066 exstat
1961 4012 2015 4065 in
2035 4012 2363 4078 Anthologio
2391 4021 2445 4066 et
2473 4011 2688 4068 Menaeis
2715 4031 2728 4068 :
2765 4021 2928 4082 atque
2959 4013 3011 4068 in
3045 4015 3130 4069 liis
3163 4015 3378 4086 quidem
3411 4017 3484 4069 ita
3522 4013 3654 4070 Olli~

377 4122 520 4176 cium
589 4115 752 4182 hujus
805 4112 911 4168 diei
942 4111 1232 4166 inchoatur
1267 4124 1281 4162 :
1324 4126 1341 4160 t
1383 4105 1719 4176 Hellesponti
1749 4106 1946 4176 gloria,
1979 4105 2263 4177 Lampsaci
2288 4107 2575 4169 luminare,
2613 4107 3060 4162 adniirandorum
3080 4123 3304 4179 operum
3337 4107 3652 4178 splendidus

380 4213 592 4276 lucifer,
630 4223 859 4277 magnus
895 4203 1245 4268 Parthenius,
1287 4216 1388 4256 nos
1411 4214 1601 4255 omnes
1633 4199 1716 4253 sui
1771 4199 2035 4254 memoria
2095 4209 2359 4254 convocat
2413 4199 2480 4254 ad
2537 4200 2876 4270 spiritualem
2933 4203 3336 4256 solemnitatem
3394 4217 3643 4274 peragen.

379 4313 526 4375 dam,
575 4306 642 4361 ad
683 4305 962 4360 Christum
993 4300 1332 4356 Salvatorem
1363 4297 1774 4352 celebrandum.
1815 4313 1834 4347 ι

451 4425 506 4478 5.
546 4421 720 4476 Vitam
746 4430 928 4474 autem
957 4417 1247 4487 descripsit
1282 4413 1517 4485 simplici
1551 4421 1605 4469 et
1642 4414 1875 4468 candido
1911 4413 2049 4485 style
2097 4413 2408 4484 Crispinus,
2459 4413 2576 4482 ejus
2628 4413 2707 4486 (ul
2746 4414 3010 4485 creditur)
3039 4414 3360 4485 discipulus,
3392 4413 3652 4486 Lampsa-

384 4532 553 4575 cenus
584 4522 732 4568 certe
758 4521 811 4566 et
835 4518 1164 4573 coaetaneus,
1202 4516 1261 4560 nt
1296 4507 1413 4576 ipse
1462 4505 1666 4559 indicat
1701 4521 1750 4561 c.
1787 4505 1842 4571 2,
1872 4522 1930 4560 n.
1968 4506 2054 4571 lli,
2083 4506 2168 4560 his
2190 4505 2408 4561 verbis:
2449 4523 2468 4556 ι
2508 4505 2834 4562 Maximinus
2864 4507 3078 4577 quidam
3116 4510 3360 4574 nomine,
3386 4523 3450 4563 ex
3503 4508 3649 4579 Byza

380 4610 600 4664 civitate
621 4605 890 4670 Thraciae,
923 4604 1013 4672 qui
1046 4612 1164 4654 erat
1191 4597 1485 4666 disCipulus
1521 4599 1680 4652 unius
1718 4613 1784 4651 ex
1814 4599 1878 4652 iis
1902 4600 1996 4668 qui
2031 4606 2160 4652 sunt
2210 4597 2354 4663 apud
2387 4613 2486 4652 nos
2536 4590 2775 4665 diaconi,
2821 4600 3038 4654 nomine
3093 4598 3318 4654 Psertw.
3355 4619 3374 4653 ι
3410 4600 3646 4671 Crispini

380 4703 746 4759 narrationem
775 4698 1021 4770 pluribus
1059 4694 1110 4747 in
1136 4691 1272 4747 locis
1304 4689 1655 4759 interpolavit
1685 4691 2097 4760 Metaphrastes.
2143 4690 2298 4746 Hauc
2329 4688 2511 4746 Vitam
2542 4706 2574 4747 e
2601 4691 2792 4748 Graeco
2838 4691 2999 4746 vertit
3026 4691 3326 4748 Gentianus
3355 4691 3645 4757 Hervetus,

381 4798 551 4857 edidit
582 4796 836 4867 Aloysins
866 4791 1230 4860 Lipomanus,
1268 4795 1432 4854 atque
1460 4799 1528 4838 ex
1555 4799 1621 4839 eo
1648 4783 1978 4842 Laurentius
2013 4786 2230 4842 Surius.

451 4919 509 4974 4.
538 4917 776 4973 Ᾰσὶιοιοιη
813 4911 874 4968 S.
907 4904 1188 4964 Parthenii
1213 4903 1417 4959 indicat
1473 4903 1780 4974 Crispinus,
1830 4905 1957 4959 dum
2019 4916 2287 4961 memorat
2335 4905 2655 4978 Byzantium
2703 4907 2770 4964 ad
2803 4907 3214 4964 Constantinum
3251 4902 3647 4980 “agnum.esse

382 5011 710 5084 profectum.
745 5007 804 5061 Et
834 5004 1171 5073 Nicephorus
1206 4998 1462 5056 Callistus
1490 4995 1526 5051 Ι.
1560 5012 1678 5063 vin,
1707 5013 1758 5053 c.
1787 4999 1856 5054 42
1886 5017 1900 5054 :
1943 5017 1962 5051 t
2009 4999 2114 5055 Par
2153 5002 2292 5066 istis,
2329 5001 2506 5072 inquit
2535 5003 2611 5072 (id
2645 5001 2750 5067 e31,
2780 5001 3081 5072 Spiridioni
3116 5013 3167 5057 et
3190 4999 3456 5073 Nicolao),
3480 5005 3641 5058 etiam

385 5105 714 5163 Parthenius
744 5101 866 5164 fuit,
901 5098 1051 5153 urbis
1081 5096 1242 5149 unius
1271 5093 1322 5146 in
1349 5089 1702 5160 Hellesponto
1727 5093 2040 5165 episcopus,
2075 5096 2198 5150 vitae
2229 5096 2535 5166 splendore,
2568 5096 2905 5151 humanitate
2947 5104 3002 5150 et
3032 5098 3292 5168 prodigiis
3340 5098 3647 5168 ingemit)".

383 5201 585 5263 clarus,
615 5201 750 5253 adeo
774 5200 1080 5260 ntaccepta
1122 5203 1151 5241 a
1182 5184 1291 5238 Deo
1342 5192 1631 5254 potestate,
1703 5195 1947 5241 mortuos
2007 5189 2281 5255 excitarit,
2332 5189 2668 5244 dzenionibus
2719 5191 3016 5260 imperarit,
3051 5200 3212 5259 atque
3263 5191 3643 5260 :egritudinum

385 5294 565 5347 omnis
591 5290 805 5361 generis
838 5293 1124 5358 promptus
1148 5284 1370 5333 curator
1393 5275 1670 5333 exstiterit
1694 5289 1745 5333 et
1775 5280 2067 5348 gratuitos.
2117 5301 2136 5335 ι
2165 5283 2290 5352 Agit
2319 5281 2386 5336 de
2409 5297 2474 5336 eo
2505 5283 2773 5340 Baronius
2809 5293 2941 5342 tom.
2977 5284 3068 5356 ιιι,
3108 5284 3177 5341 ad
3208 5300 3297 5340 an.
3332 5285 3459 5353 557,
3490 5301 3646 5348 num.

383 5385 452 5439 58
491 5395 543 5438 ιιι
595 5381 964 5452 sequentibus,
997 5387 1052 5432 et
1083 5382 1270 5433 censet
1295 5390 1416 5432 eum
1448 5387 1667 5448 quoque
1696 5369 1915 5428 Nicteno
1946 5372 2179 5445 concilio
2217 5372 2550 5432 interfuisse.

1974 5638 2045 5656 ,ρο
2497 5631 2516 5668 ι,
