4160 6434
519 373 657 438 13ίῖ

519 518 2063 551 HW

1714 363 1998 425 MENSIS
2038 359 2560 423 FEBRUARIUS.

2061 521 2145 539 ..ο

3668 348 3804 413 13ί8

3334 506 3786 529 -σῄ

1571 686 1820 773 ΒΙοΣ
1899 682 2094 770 ΚΑΙ
2167 677 2714 768 ΠΟΛΙΤΕΙΑ
3493 774 3500 780 υ

630 895 956 1040 ΤοΥ
1011 888 1478 1005 ΑΓΙΟΥ
1553 881 2177 1004 ΠΑΤΡΟΣ
2253 878 2707 996 ΗΜΩΝ
2790 871 3685 993 ΠΑΡΘΕΝΙΟΥ

1513 1098 1922 1155 ΕΠΙΣΚΟΠΟΥ
1964 1092 2396 1153 ΓΕΝΟΜΕΝΟΥ
2429 1089 2832 1146 ΛΔΜΨΔΚΟΥ

1482 1425 1773 1518 VITA
1854 1425 2006 1514 ET
2079 1416 2928 1513 CONVERSATIO

2052 1612 2111 1666 S.
2145 1609 2208 1665 P.
2239 1609 2309 1665 N.

893 1797 1779 1928 PARTHENII
1863 1791 2576 1923 EPISCOPI
2619 1749 2622 1752 ί
2665 1785 3460 1917 LAMPSACI

1049 2042 1244 2094 lGraace
1267 2053 1400 2090 nunc
1430 2038 1645 2103 primum
1671 2038 1838 2088 editur
1868 2050 1928 2088 ex
1954 2035 2068 2088 cod.
2096 2049 2192 2085 ms.
2219 2035 2350 2099 Reg.
2375 2033 2534 2084 Paris.
2563 2033 2702 2094 H52,
2727 2045 2842 2083 saec.
2873 2047 2925 2083 ι.
2951 2031 3092 2083 Emr.
3122 2030 3300 2092 Pam.)

606 2343 652 2401 ι.
683 2345 968 2400 Desiderio
999 2350 1054 2396 et
1079 2355 1264 2396 amore
1295 2351 1474 2396 motus
1507 2355 1606 2411 ego
1639 2352 1896 2411 peccator
1921 2343 2130 2414 Crispi-

2307 2345 2386 2397 A'.
2423 2341 2580 2410 Πόθῳ
2610 2339 2704 2394 καὶ
2733 2338 2926 2411 ἀγάπῃ
2978 2337 3318 2408 κινούμενος,
3363 2336 3475 2406 ἐγὼ
3503 2337 3532 2391 ὁ
3568 2337 3852 2408 ἀμαρτω-

535 2451 662 2501 nus,
716 2437 896 2491 studui
951 2432 1302 2488 conscribere
1335 2433 1711 2487 admirabilem
1758 2445 1814 2487 et
1839 2435 2131 2504 gloriosam

541 2528 641 2582 viri
681 2528 847 2581 vitam
895 2535 948 2580 et
979 2539 1008 2578 a
1075 2537 1247 2594 puero
1303 2524 1696 2579 institutiOnem
1752 2528 1925 2580 sancti
1962 2527 2138 2582 Patris

540 2621 706 2674 nostri
759 2617 1059 2680 Parthenii,
1096 2619 1189 2684 qui
1229 2615 1329 2669 fuit
1373 2617 1664 2687 episcopus
1697 2616 2001 2688 Lampsaci.
2040 2620 2136 2674 Est

539 2714 684 2766 enim
722 2711 880 2781 plena
935 2709 1178 2762 utilitate
1238 2707 1457 2772 animm,
1494 2718 1548 2762 et
1576 2723 1698 2778 quae
1729 2720 1906 2777 potest
1949 2711 2014 2765 iis
2045 2711 2136 2781 qui

539 2803 740 2872 legent,
775 2801 1068 2857 ostendere
1097 2816 1158 2856 ea
1186 2816 1307 2870 qua:
1333 2799 1477 2854 Deus
1508 2804 1713 2869 praebet
1740 2801 1810 2858 iis
1841 2803 1930 2872 qui
1959 2803 2135 2872 ipsum

541 2897 789 2966 diligunt.
821 2894 1017 2948 B-atus
1043 2908 1174 2964 ergo
1198 2901 1254 2948 et
1293 2892 1526 2963 inclytus
1567 2893 1653 2948 hic
1687 2893 2011 2950 Parthenius
2041 2896 2140 2949 ha-

541 2988 657 3041 buit
688 2987 905 3055 quidem
936 2996 1150 3056 patrem
1217 2985 1441 3040 nomine
1479 2984 1914 3052 Christodulum,
1965 2989 2144 3056 digni-

544 3087 652 3132 tate
684 3077 974 3129 diaconum
1027 3086 1230 3129 sanctae
1261 3074 1356 3130 Dei
1390 3075 1696 3142 catholicae,
1726 3091 1849 3146 qua:
1875 3085 1993 3130 erat
2034 3076 2144 3130 Mc.-

541 3167 650 3232 liti,
707 3166 1006 3232 Ecclesiae,
1072 3165 1380 3220 litterarum
1446 3164 1754 3234 imperitus,
1822 3178 2137 3222 sanctarum

541 3270 724 3313 autem
771 3259 1186 3328 Scripturarum
1234 3257 1319 3312 vel
1351 3258 1588 3311 maxime
1638 3257 1825 3312 valens
1854 3261 2138 3314 memoria.

545 3353 814 3408 Crescens
837 3365 968 3404 vero
994 3359 1177 3415 atate,
1208 3350 1321 3404 ibat
1369 3350 1424 3404 in
1451 3352 1818 3422 propinquum
1853 3353 2051 3420 lacum,
2087 3364 2144 3409 ct

545 3445 620 3498 ibi
654 3444 986 3512 piscabatur,
1019 3454 1068 3497 et
1107 3443 1336 3511 piscium
1367 3455 1731 3498 mercaturam
1761 3447 2144 3514 suppeditabat

544 3535 670 3589 usui
701 3550 892 3588 eorum
917 3535 1007 3603 qui
1043 3534 1292 3602 egebant.
1319 3533 1366 3590 A
1392 3535 1565 3604 prima
1587 3535 1731 3589 enim
1756 3547 1936 3602 actate,
1970 3539 2143 3609 gratia

541 3629 650 3687 .l)ci
699 3630 990 3699 dignatus,
1041 3629 1284 3698 seipsqu
1343 3629 1575 3684 celabat.
1621 3630 1662 3683 A
1690 3638 1935 3701 tempore
1963 3644 2142 3687 autem

547 3724 736 3774 decem
775 3731 828 3774 ct
883 3731 1008 3776 octo
1060 3737 1352 3787 annorum,
1401 3723 1560 3792 signa
1623 3723 1801 3779 facere
1855 3726 2146 3793 incipiens,
2182 3713 2221 3768 Β

549 3817 825 3868 daemones
855 3815 1162 3884 expellebat
1195 3817 1262 3871 ab
1291 3818 1604 3871 hominibus
1633 3819 1749 3887 ejus
1777 3820 2144 3876 invocatione.

540 3905 685 3970 Cum
725 3923 850 3960 vero
872 3909 1010 3961 bona
1037 3909 1105 3962 de
1127 3924 1191 3963 eo
1218 3909 1360 3964 fama
1388 3918 1535 3966 esset
1569 3912 1866 3967 multorum
1899 3929 2152 3970 sermone

550 3999 847 4063 celebrata,
884 3998 1049 4054 Meliti
1086 4001 1329 4056 civitatis
1376 4002 1686 4072 episcopus,
1715 4006 1936 4060 nomine
1963 4003 2153 4062 Phile-

555 4099 662 4151 tus,
695 4106 816 4145 cum
841 4092 1087 4147 audisset
1117 4093 1184 4147 de
1219 4091 1278 4146 S.
1312 4093 1626 4160 Parthenio,
1665 4113 1787 4150 eum
1823 4101 2152 4152 accersitum

555 4193 610 4232 et
641 4180 868 4234 multum
905 4181 1207 4246 laudatum,
1248 4183 1332 4237 vel
1366 4185 1599 4241 inritum
1631 4187 1849 4243 ordinat
1874 4192 2156 4263 presbyte-

560 4287 678 4324 rum
707 4280 760 4326 et
793 4273 1132 4328 visitatorem
1162 4283 1367 4330 sancta:
1399 4277 1638 4333 civitatis
1674 4279 1840 4336 Meliti
1870 4283 2150 4340 Ecclesiae.

563 4362 734 4416 l‘orro
766 4371 942 4417 autem
975 4365 1022 4418 ei
1062 4379 1277 4436 quoque
1313 4381 1481 4436 opem
1515 4369 1723 4424 ferebat
1775 4374 1949 4440 gratia
1995 4390 2154 4428 cura-

559 4456 766 4508 tionum
803 4457 853 4509 in
895 4455 1150 4512 omnibus
1178 4460 1595 4529 aegrotantibus.
1638 4473 1692 4516 ct
1724 4464 1961 4520 iaciebat
1985 4467 2152 4521 multa

558 4549 710 4620 signa
747 4550 1089 4606 admirabilia
1142 4551 1199 4606 in
1251 4553 1474 4610 nomine
1530 4555 1742 4612 Domini
1794 4560 1967 4614 n0stri
2024 4557 2151 4615 Jesu

560 4642 789 4697 Christi.

633 4935 701 4991 ll.
756 4933 904 4990 Inter
956 4943 1151 4990 caetera
1210 4949 1339 4990 vero
1392 4937 1590 4992 accidit
1645 4937 1961 5005 aliquando,
2018 4950 2076 4994 ut
2106 4942 2153 4995 ei

2237 2435 2326 2499 λος
2361 2435 2662 2506 Κρισπῖνος
2693 2433 2938 2486 ἔσπευσα
2971 2430 3182 2503 γράψαι
3239 2430 3337 2499 τὴν
3381 2429 3694 2500 θαυμασίαν
3745 2430 3853 2482 καὶ

2239 2528 2452 2594 ἔνδοξον
2503 2527 2784 2581 πολιτείαν
2809 2528 2903 2579 καὶ
2934 2525 3030 2597 τὴν
3069 2527 3131 2577 ἐκ
3161 2524 3355 2587 παιδὸς
3401 2524 3684 2593 διαγωγὴν
3741 2522 3853 2575 τοῦ

2239 2621 2388 2675 ὁσίου
2424 2621 2633 2690 Πατρὺς
2659 2617 2818 2689 ἡμῶν
2841 2619 2936 2673 καὶ
2968 2619 3274 2672 ἑπισκόπου
3298 2616 3595 2687 γενομένου
3621 2614 3858 2686 Παρθε-

2239 2711 2377 2766 νίου.
2408 2711 2664 2782 Ψυχικῆς
2695 2711 2804 2780 γὰρ
2834 2709 3104 2778 ὠφελείας
3135 2708 3349 2779 πλήρης
3373 2707 3524 2760 ἐστὶν
3555 2708 3650 2760 καὶ
3675 2705 3855 2777 ἱκανὴ

2241 2807 2353 2868 τοῖς
2387 2805 2810 2874 ἐντυγχάνουσιν
2862 2802 3140 2866 ὑποδεῖξαι
3192 2800 3228 2855 ἃ
3258 2801 3389 2864 Θεὸς
3444 2801 3680 2870 παρέχει
3727 2803 3856 2862 τοῖς

2240 2898 2531 2964 ἀγαπῶσιν
2589 2896 2773 2950 αὐτόν.
2839 2895 2898 2949 '0
2946 2894 3222 2965 μακάριος
3282 2893 3380 2946 καὶ
3412 2892 3656 2962 ἀοίδιμος
3683 2885 3858 2956 οὗτος

2242 2988 2546 3059 Παρθένιος
2568 2987 2778 3056 πατρὸς
2815 2986 2912 3057 μὲν
2964 2987 3211 3057 ὑπῆρχεν
3249 2984 3478 3054 ὀνόματι
3508 2983 3858 3055 Χριστοδούο

2242 3080 2361 3145 λου,
2413 3082 2514 3152 τὴν
2565 3079 2720 3145 ἀξίαν
2766 3077 3017 3132 διακόνου
3043 3077 3144 3147 τῆς
3185 3076 3327 3130 κατὰ
3353 3076 3589 3130 Μελίτου
3629 3075 3860 3141 πόλεως

2245 3176 2429 3244 ἁγίας,
2453 3174 2548 3228 τοῦ
2576 3173 2712 3227 Θεοῦ
2737 3171 3035 3241 καθολικῆς
3065 3172 3158 3224 καὶ
3194 3169 3558 3239 ἀποπολικῆς
3591 3169 3863 3238 Ἐκκλη-

2246 3270 2391 3331 σίας,
2452 3267 2800 3337 γραμμάτων
2853 3267 3100 3336 ἄπειρος,
3160 3263 3270 3317 τῶν
3313 3263 3370 3317 δὲ
3399 3263 3571 3331 ἁγίων
3601 3263 3862 3334 Γραφῶν

2249 3361 2480 3431 μνήμων
2500 3358 2894 3429 δοκιμώτατος.
2923 3357 3258 3429 Προκᾶπτων
3278 3357 3336 3410 δὲ
3357 3359 3424 3426 τῇ
3442 3357 3631 3428 ἡλικίᾳ
3659 3355 3864 3410 ἀπιὼν

2247 3457 2306 3508 ὲν
2337 3456 2402 3524 τῇ
2432 3453 2662 3523 πλησίον
2694 3453 2861 3523 λίμνῃ
2888 3451 2989 3522 τὴν
3028 3451 3136 3505 τῶν
3171 3451 3372 3521 ἰχθύων
3400 3450 3577 3520 ἄγραν
3605 3451 3864 3502 ἐποιεῖτο

2248 3547 2344 3600 καὶ
2372 3547 2540 3613 αὐτῆς
2579 3546 2678 3610 τὴν
2713 3545 2986 3616 ἐμπορίαν
3037 3548 3104 3616 τῇ
3133 3544 3242 3598 τῶν
3267 3543 3536 3614 δεομένων
3586 3543 3867 3611 ἐχορήγει

2248 3639 2577 3693 ἀναπαύσει.
2617 3638 2750 3690 ’Δπδ
2781 3638 2886 3706 γὰρ
2917 3636 3145 3708 πρώτης
3190 3637 3410 3707 ἡλικίας
3448 3637 3674 3708 χάριτος
3711 3636 3863 3689 Θεοῦ

2252 3731 2503 3796 ἀξιωθεὶς
2523 3732 2797 3800 ἔκρυπτεν
2822 3731 3016 3784 ἑαυτόν
3037 3746 3050 3760 °
3078 3730 3188 3784 ἀπὸ
3213 3730 3269 3783 δὲ
3289 3730 3667 3784 ὀκτωκαίδεκα
3693 3728 3864 3792 ἔτους

2253 3827 2448 3896 χρόνου
2482 3825 2592 3877 τών
2623 3825 2869 3896 σημείων
2902 3823 3229 3894 ἀρξάμενος,
3257 3823 3511 3892 δαίμονος
3540 3821 3864 3874 ἀπέλαυνεν

2252 3917 2360 3972 ἀπὸ
2403 3917 2512 3970 τῶν
2565 3917 2872 3984 ἀνθρώπων
2933 3919 2998 3986 τῇ
3055 3916 3249 3970 τούτου
3302 3914 3605 3984 ὀνομασίᾳ·
3643 3914 3865 3981 πολλῆς

2255 4027 2314 4062 τε
2348 4012 2537 4080 φήμης
2569 4009 2779 4079 ἀγαθῆς
2811 4012 2941 4080 περὶ
2966 4007 3132 4062 αὑτοῦ
3166 4008 3461 4079 ᾁδομένης,
3489 4009 3519 4059 ὁ
3551 4005 3653 4076 τῆς
3686 4006 3866 4060 Μελί-

2254 4119 2349 4156 του
2387 4102 2597 4166 πόλεως
2638 4103 2716 4171 (l)
2758 4099 3056 4164 ὁσιώτατος
3089 4102 3394 4163 ἐπίσκοπος
3417 4097 3661 4168 τοῦνομα
3685 4098 3866 4168 Φιλη-

2255 4196 2345 4258 τὸς
2379 4195 2626 4261 ἀκούσας
2651 4195 2721 4248 τὰ
2749 4193 2893 4250 κατά
2916 4191 3009 4246 τὸν
3055 4193 3202 4247 ὅσιον
3247 4192 3569 4260 Παρθένιον,
3607 4208 3867 4261 προσκα-

2255 4289 2560 4360 λεσάμενος
2589 4287 2755 4341 αὑτὸν
2785 4287 2883 4341 καὶ
2901 4287 3073 4340 πολλὰ
3103 4286 3468 4358 παραινέσας,
3496 4285 3636 4354 μετὰ
3654 4285 3869 4356 πολλῆς

2257 4382 2505 4452 ἀνάγκης
2546 4381 2846 4451 χειροτονεῖ
2899 4378 3064 4432 αὐτὸν
3119 4376 3498 4446 πρεσϐύτερον
3531 4376 3629 4428 καὶ
3661 4391 3867 4443 περιο-

2257 4475 2452 4545 δευτην
2516 4474 2613 4543 τῆς
2655 4473 2828 4542 αὐτῆς
2884 4470 3125 4525 Μελίτου
3165 4469 3375 4533 πόλεως
3408 4469 3572 4537 ἁγίας
3619 4468 3869 4538 Ἐκκλη-

2261 4570 2403 4631 σίας.
2439 4567 2712 4638 Συνήργει
2770 4565 2828 4618 δὲ
2881 4564 3034 4636 αὐτῷ
3080 4566 3112 4634 ἡ
3150 4564 3310 4635 χάρις
3350 4563 3458 4615 τῶν
3516 4561 3771 4633 ἰαμάτων
3807 4564 3869 4615 ἐν

2261 4661 2397 4713 πᾶσι
2444 4663 2560 4724 τοῖς
2591 4659 2938 4722 ἀσθενοῦσιν,
2981 4657 3077 4711 καὶ
3122 4657 3295 4710 πολλὰ
3336 4655 3616 4726 παράδοξα
3654 4658 3869 4724 σημεῖα

2259 4754 2434 4806 ἐποίει
2473 4753 2568 4806 ἐπὶ
2595 4751 2673 4816 τῷ
2697 4752 2924 4824 ὀνόματι
2948 4751 3042 4804 τοῦ
3065 4750 3272 4821 Κυρίου
3303 4749 3464 4820 ἡμῶν
3506 4745 3684 4818 Ἰησοῦ
3722 4749 3869 4819 Χρι-

2261 4847 2412 4901 στοῦ.

2331 4938 2408 4992 B'.
2447 4938 2535 4991 Ἐν
2559 4931 2640 5001 οἷς
2671 4936 2872 5006 συνέϐη
2921 4935 3052 4989 ποτὲ
3084 4934 3396 5004 ὑπαντῆσαι
3449 4933 3600 5005 αὐτῷ
3648 4935 3871 5006 ἄνθρωο

561 5025 725 5080 homo
757 5027 910 5080 ﬁeret
937 5027 1172 5094 obviam,
1199 5029 1286 5081 cui
1319 5043 1346 5080 a
1380 5035 1537 5083 tauro
1568 5028 1743 5083 fuerat
1770 5029 1998 5084 effossus
2020 5048 2148 5086 ocu-

2263 5050 2363 5087 πον
2411 5033 2517 5086 ὑπὸ
2546 5031 2749 5102 ταύρου
2805 5031 3204 5101 κερατισθέντα
3257 5030 3350 5082 τδν
3403 5030 3711 5100 ὀφθαλμὸν,
3773 5032 3868 5084 καὶ

559 5118 668 5184 lus,
713 5132 872 5188 quem
907 5134 1067 5174 manu
1094 5134 1190 5173 sua
1215 5119 1484 5189 portabat,
1511 5130 1566 5174 et
1596 5119 1845 5175 deﬂebat.
1871 5121 2006 5176 Eum
2031 5138 2148 5177 cum

2263 5125 2454 5180 τοῦτον
2482 5123 2947 5194 ἁποκρεμὰμενον
2999 5120 3294 5192 βαστάζειν
3332 5121 3390 5172 ἐν
3412 5124 3479 5192 τῇ
3519 5123 3665 5191 χειρὶ
3695 5120 3869 5176 αὑτοῦ

559 5213 864 5279 accepisset
886 5212 970 5265 vir
1021 5222 1272 5277 sanctus,
1300 5222 1355 5266 et
1387 5213 1440 5266 in
1497 5227 1596 5267 suo
1628 5212 1747 5269 loco
1779 5215 2154 5286 imposuisset,

559 5320 703 5371 aqua
737 5303 1125 5369 madefaciens,
1157 5305 1210 5359 in
1249 5305 1423 5360 tribus
1452 5305 1646 5361 diebus
1679 5323 1873 5362 sanum
1903 5310 2155 5364 reddidit.

2264 5211 2362 5264 καὶ
2389 5210 2756 5281 ὀλοφύρεσθαι
2783 5226 2796 5240 ο
2825 5209 2886 5262 ὃν
2919 5209 3220 5280 λαϐόμενος
3254 5212 3282 5264 ὁ
3311 5212 3460 5274 ὅσιος
3488 5215 3630 5281 ἀνὴρ
3651 5211 3753 5264 καὶ
3783 5215 3874 5264 ὲν-

2263 5302 2378 5366 θεὶς
2409 5303 2489 5372 τῷ
2543 5303 2659 5374 ἰδίῳ
2704 5303 2880 5374 τόπῳ,
2918 5301 3074 5356 ὕδατι
3109 5302 3470 5374 καταϐρέχων
3502 5306 3686 5375 τρισὶν
3723 5305 3874 5375 ἡμέ-

563 5397 820 5460 ριιίυιίιιιη
853 5408 1033 5451 autem
1071 5397 1286 5459 mulier,
1320 5413 1440 5467 qua:
1496 5399 1547 5451 in
1584 5399 1852 5466 pudendis
1911 5403 2148 5470 corporis

2264 5414 2388 5467 ραις
2449 5396 2582 5465 ὑγιῆ
2651 5397 3124 5464 ἀποκατέστησεν.
3181 5397 3326 5466 Γυνὴ
3380 5396 3436 5449 δέ
3488 5413 3572 5458 τις
3627 5400 3763 5466 περὶ
3799 5396 3872 5449 τὰ

565 5487 646 5542 sui
696 5487 941 5555 partibus
971 5501 1231 5542 cancrum
1273 5489 1509 5543 habebat
1568 5500 1901 5557 exstantem,
1940 5497 2148 5558 rogabat

2266 5489 2555 5557 ἀσχήμονα
2584 5487 2722 5556 μέλη
2747 5486 2843 5538 τοῦ
2876 5485 3128 5557 σώματος
3159 5487 3357 5558 ἔχουσα
3387 5490 3654 5557 καρκίνοι)
3685 5487 3869 5557 φύμα,

567 5579 741 5633 virum
769 5590 1036 5647 sanetum,
1076 5589 1133 5634 ut
1155 5581 1427 5650 acciperet
1447 5580 1618 5636 morbi
1639 5583 1998 5638 curationem.
2027 5584 2165 5639 San-

644 5737 719 5803 (ι)
752 5739 808 5789 lu
841 5740 1061 5807 antiqua
1123 5743 1311 5795 nctitia
1368 5759 1528 5809 quam
1555 5744 1727 5800 edidit
1752 5743 1985 5800 Carolus
2020 5761 2048 5799 a
2087 5747 2147 5802 S.

574 5801 762 5871 Paulo,
804 5801 1201 5875 Μελητούπολις
1236 5801 1457 5870 dicitur.
1495 5815 1570 5869 Ea
1603 5831 1722 5872 csse
1759 5801 2147 5887 videturjttxta

2267 5583 2445 5636 ἐδέετο
2478 5582 2574 5634 τοῦ
2605 5582 2754 5635 ὁσίου
2775 5581 2968 5652 ἀνδρὸς
3003 5581 3146 5635 ἴασιν
3183 5583 3277 5635 τοῦ
3315 5583 3521 5646 πάθους
3550 5583 3760 5636 λαϐεῖν.
3809 5584 3872 5644 ὐ

2265 5763 2426 5817 quam
2464 5766 2482 5799 ι
2513 5747 2565 5799 in
2586 5755 2778 5816 stagno
2806 5743 3029 5815 Arlynia
3059 5743 3191 5817 oriri
3219 5743 3571 5816 Rhyndacum
3597 5761 3811 5801 amnem
3842 5764 3864 5798 ι

2262 5815 2468 5876 Plinius
2490 5815 2693 5875 scribit
2715 5831 2765 5886 v,
2798 5817 2889 5884 52,
2919 5819 3048 5873 licet
3092 5815 3424 5886 Miletopolin
3461 5817 3713 5887 appellet.
