4160 6428
380 354 518 454 ιέιο

1603 385 1782 446 VlTA
1823 386 1885 444 S.
1927 384 2288 445 ΡΑΒἸἩΕΝ
2303 386 2321 444 ι
2335 386 2379 444 l.

3486 382 3625 448 Πίο

373 504 432 558 δὲ
467 504 560 555 ἐπὶ
592 501 671 570 τῲ
707 499 945 572 μετώπῳ
977 500 1143 570 αὐτῆς
1181 498 1415 568 ποιήσας
1454 496 1552 568 τὴν
1579 499 1671 551 τοῦ
1708 495 1949 567 Χριστοῦ

2054 506 2170 551 ctus
2197 511 2323 551 vero
2354 498 2408 551 in
2439 496 2555 567 ejus
2587 497 2762 553 fronte
2794 498 2932 554 facto
2961 499 3117 571 signo
3147 497 3344 566 crucis,
3379 514 3497 555 eam
3531 519 3625 554 en-

376 593 670 667 σφραγῖδα,
705 592 893 646 ἰάσατο
937 592 1106 661 αὐτὴν
1140 590 1505 661 παραχρῆμα,
1552 591 1646 642 καὶ
1687 589 1947 655 ἐξέπεσεν

372 686 435 751 ἐξ
460 685 631 754 αὐτῆς
680 684 739 738 τὸ
796 685 966 746 πάθος
996 684 1069 746 ῶς
1096 677 1234 745 εἶδος
1264 683 1548 751 καρκίνον,
1578 680 1672 733 καὶ
1712 682 1946 752 ἤρκεσεν

373 777 467 831 ἐπὶ
494 776 596 844 τὴν
624 775 746 844 γῆν.
776 774 984 835 Πάντες
1019 773 1075 826 δὲ
1104 774 1158 825 oi
1211 774 1477 841 παρόντες
1533 770 1856 838 θεασάμενοι
1886 769 1947 821 τὸ

374 866 657 936 τεράστιον
689 864 893 933 θαῦμα,
936 863 1143 916 ἔδωκαν
1210 856 1358 914 αἶνον
1395 858 1471 930 τῷ
1523 855 1947 927 θαυμαστοποιῷ

375 958 514 1027 Θεῷ.
581 956 985 1025 Ἀπερχομένου
1024 952 1141 1007 ’τοῦ
1203 953 1476 1021 μακαρίου
1532 951 1613 1012 είς
1659 948 1947 1019 ἐπίσκεψιν

374 1066 519 1112 τινος
564 1048 848 1119 ἀρρώστου
902 1048 960 1099 ὲν
989 1046 1065 1115 τῷ
1101 1045 1334 1115 βαδίζειν
1368 1041 1530 1095 αὐτὸν
1566 1040 1760 1111 ἀθρόον
1802 1036 1948 1094 κύων

375 1138 739 1208 παμμεγέθης
765 1138 859 1190 καὶ
891 1138 1071 1208 φόνιος
1100 1135 1398 1207 διαρρήξας
1427 1132 1529 1201 τὴν
1556 1133 1946 1202 περικειμένην

374 1229 523 1298 αὑτῷ
561 1230 748 1282 ἅλυσιν
795 1225 1124 1295 ἐξεπήδησεν
1158 1225 1266 1278 ἀπο
1317 1225 1494 1284 οἰκίας
1524 1222 1667 1282 τινὸς
1701 1220 1809 1273 τῶν
1848 1239 1949 1291 με·

374 1319 646 1387 γιστάνων
688 1317 780 1368 καὶ
810 1315 1048 1385 ἀπῆλθεν
1072 1313 1241 1384 αὐτῷ,
1269 1314 1362 1367 καί⁵
1390 1312 1572 1382 ὄρθιος
1602 1313 1691 1365 ἐπὶ
1715 1310 1809 1366 τοῦ
1841 1311 1948 1364 σώ-

379 1427 547 1482 ματος
574 1409 738 1463 αὑτοῦ
777 1408 929 1478 ἔστη.
972 1408 1029 1461 '0
1055 1407 1110 1460 δὲ
1140 1408 1285 1469 ὅσιος
1316 1406 1640 1475 ἐμφυσήσεις
1677 1404 1826 1474 αὐτῷ
1856 1405 1948 1459 καὶ

374 1506 464 1554 τὸν
502 1500 736 1573 σταυρὸν
764 1499 857 1554 τοῦ
888 1499 1124 1570 Χριστοῦ
1168 1498 1561 1565 ποιησάμενος,
1603 1497 1949 1567 παραχρῆμα

376 1591 637 1663 ἐξήρανεν
681 1594 776 1646 καὶ⁵
808 1592 1001 1663 νεκρὸν
1032 1592 1138 1644 ἀπὸ
1168 1590 1276 1644 τῶν
1307 1587 1473 1659 ὤμων
1511 1587 1677 1641 αὐτοῦ
1728 1590 1824 1644 ἐπὶ
1851 1590 1950 1660 τὴν

374 1687 480 1757 γῆν
506 1686 748 1756 ἔρριψεν.

446 1776 521 1830 Γ⁹.
557 1775 742 1829 Ταῦτα
773 1774 865 1829 καὶ
892 1774 961 1829 τὰ
993 1772 1201 1838 τούτοις
1235 1770 1600 1845 παραπλήσια
1635 1772 1891 1840 ἀκηκοὼς
1924 1766 1952 1819 6

2053 588 2190 641 rivit
2231 589 2475 656 protinus
2504 606 2519 645 :
2554 603 2607 644 et
2642 590 2841 643 excidit
2891 592 2956 644 ah
2989 607 3049 644 ea
3107 590 3348 657 morbus,
3376 591 3511 645 adeo
3568 601 3628 645 ut

2050 681 2258 748 species
2312 683 2494 736 cancri
2545 682 2626 735 vel
2688 683 2857 751 ipsam
2927 693 3128 736 terram
3199 682 3621 739 exuli-oraverit.

2050 773 2200 827 Tunc
2224 789 2413 827 omnes
2453 774 2543 842 qni
2580 776 2823 839 aderant,
2863 790 2983 826 cum
3017 776 3116 829 hoc
3166 774 3430 829 vidissent
3463 777 3628 829 mira-

2050 872 2253 930 tulnm,
2286 868 2549 921 dederurrt
2575 867 2784 920 laudem
2817 876 2870 920 et
2899 867 3123 937 gloriam
3156 866 3263 921 Deo
3299 877 3504 934 nostro,
3532 869 3622 936 qui

2050 956 2481 1014 lacitmiraeula.
2537 956 2674 1011 Cum
2738 958 2919 1026 itaque
2973 959 3073 1011 iret
3115 958 3408 1026 aliquando
3435 960 3625 1013 bemus

2048 1046 2452 1103 Partheniusad
2484 1046 2761 1100 visendum
2813 1048 3100 1115 quemdam
3153 1057 3436 1116 tegrntttnt,
3482 1047 3627 1101 inter

2048 1140 2281 1195 etmdnm
2317 1148 2537 1207 repente
2565 1137 2713 1190 canis
2746 1137 2985 1207 ingentis
3028 1136 3417 1200 magnitudinis
3444 1147 3495 1189 et
3524 1152 3629 1189 ete-

2051 1231 2170 1286 dem
2215 1230 2448 1300 spirans,
2483 1238 2638 1296 rupta
2684 1236 2893 1292 eatena,
2923 1241 3043 1296 quae
3065 1227 3113 1281 ei
3143 1226 3319 1282 l‘uemt
3349 1228 3623 1294 imposita.

2051 1321 2253 1376 exsiliit
2275 1336 2303 1373 a
2334 1320 2566 1390 quadam
2599 1319 2760 1372 domo
2792 1318 3070 1385 cujusdam
3106 1333 3170 1372 ex
3209 1318 3544 1387 proceribus,
3573 1327 3630 1372 et

2051 1424 2173 1464 etim
2233 1410 2448 1474 invasit,
2499 1418 2551 1462 et
2590 1416 2770 1462 rectus
2824 1408 2976 1461 stetit
3010 1422 3172 1475 supra
3231 1422 3439 1475 corpus
3480 1408 3624 1476 ejus.

2053 1500 2285 1554 Sanctus
2327 1509 2505 1553 autem
2554 1513 2674 1551 cum
2732 1497 2784 1549 in
2816 1511 2938 1550 eum
2972 1495 3253 1564 spirassct,
3289 1506 3343 1550 et
3408 1511 3625 1550 crucem

2049 1590 2252 1647 Christi
2282 1588 2523 1655 iecisset,
2567 1598 2789 1657 repente
2832 1586 3151 1652 exsiccavit,
3203 1596 3258 1641 et
3286 1585 3355 1640 ab
3387 1586 3628 1641 humeris

2053 1682 2165 1737 Suis
2207 1682 2258 1735 in
2292 1692 2490 1736 terram
2526 1679 2754 1749 proiecit
2786 1689 3078 1734 mortuum.

2126 1772 2214 1829 lll.
2232 1771 2354 1827 Haec
2387 1773 2540 1827 ethis
2567 1772 2761 1825 similia
2788 1787 2910 1826 cum
2938 1770 3250 1837 audivisset,
3275 1771 3508 1841 quierat
3535 1771 3631 1826 illo

374 1868 493 1920 κατ’
542 1869 752 1920 ἐκεῖνον
797 1868 890 1918 τὸν
921 1866 1114 1937 καιρὸν
1162 1865 1462 1927 ὁσιώτατος
1509 1863 1807 1925 ἐπίσκοπος
1847 1861 1945 1931 τῆς

2057 1875 2299 1933 tempore
2319 1861 2696 1917 sanctissimus
2743 1861 3134 1933 Cyzicenorum
3179 1861 3492 1932 metmpolis
3517 1863 3631 1931 epi-

376 1955 687 2019 Κυζικινῶν
720 1954 1128 2025 μητροπόλεως,
1159 1953 1399 2023 τοῠνομα
1437 1953 1741 2024 Ἀσχόλιος,
1777 1969 1946 2023 μετα-

376 2048 727 2117 στειλάμενος
755 2048 846 2101 τὸν
881 2048 1028 2102 ὅσιον
1078 2047 1266 2102 τοῦτον
1303 2046 1621 2118 Παρθένιον,
1649 2048 1730 2111 είς
1758 2047 1817 2101 τὸ
1850 2046 1949 2115 τῆς

377 2142 680 2211 ἂπισκοπῆς
707 2142 926 2213 ἀξίωμα
958 2142 1397 2213 προεχειρίσατο,
1434 2143 1530 2196 καὶ
1565 2141 1821 2212 μέγιστον
1845 2140 1950 2193 δῶ-

379 2252 469 2305 ρον
492 2238 557 2304 τῇ
589 2235 962 2306 Λαμψακινῶν
992 2236 1143 2289 πόλει
1173 2236 1464 2305 ἐχαρίσατο
1482 2252 1498 2268 ·
1531 2238 1559 2290 6
1586 2236 1641 2289 δὲ
1661 2236 1950 2304 ἄνθρωπος

375 2330 469 2383 τοῦ
512 2330 647 2384 Θεοῦ
681 2331 973 2402 Παρθένιος
1003 2334 1230 2395 ἐπιστὰς
1265 2334 1333 2402 τῇ
1380 2330 1749 2403 ἁφιερωθείσῃ
1800 2329 1948 2398 αὑτῷ

375 2419 529 2472 πόλει
593 2420 902 2490 Λαμψάκῳ,
968 2424 1065 2473 καὶ
1126 2419 1304 2490 εὑρὼν
1370 2421 1533 2473 αὐτὸν
1601 2419 1946 2483 κατείδωλον,

376 2513 562 2581 ἠνιᾶτο
586 2512 773 2575 δεινῶς
793 2529 808 2545 ·
842 2512 983 2583 πλὴν
1006 2513 1065 2566 οὗ
1093 2514 1360 2567 διέλειπεν
1391 2512 1531 2567 κατά
1555 2514 1646 2566 τὸν
1688 2512 1949 2565 Ἀπόσιτο-

376 2603 466 2657 λον
494 2603 780 2668 νουθετῶν,
815 2605 1171 2675 παρακαλῶν,
1228 2605 1520 2675 ἐπιτιμῶν,
1578 2604 1948 2659 ὑποδεικνύων

377 2695 559 2757 αὐτοῖς
598 2694 698 2766 τὴν
727 2695 842 2749 ὁδὸν
890 2697 988 2765 τῆς
1034 2696 1291 2766 ἀληθείας
1328 2697 1420 2749 καὶ
1452 2698 1552 2765 τὴν
1610 2696 1950 2765 ματαιότητα

374 2786 485 2840 τῶν
522 2787 753 2839 εἰδώλων
788 2787 882 2840 καί⁵
920 2786 1352 2858 θαυματουργῶν
1385 2790 1444 2840 ἐν
1481 2787 1558 2857 τῷ
1588 2788 1813 2856 ὀνόματι
1852 2785 1948 2839 τοῦ

378 2879 583 2948 Κυρίου
608 2879 763 2950 ἡμῶν
796 2877 968 2947 Ἰησοῦ
998 2878 1255 2948 Χριστοῦ,
1294 2880 1387 2931 καὶ
1413 2878 1644 2948 ἰώμενος
1671 2879 1797 2940 τοὺς
1846 2879 1951 2948 ἀρ-

381 2970 620 3043 ρώστους
642 2969 841 3035 αὐτῶν,
880 2970 976 3022 καὶ
1001 2968 1174 3032 οὕτως
1207 2968 1329 3021 κατ’
1358 2969 1536 3035 ὀλίγον
1568 2967 1820 3021 εἵλκυσεν
1849 2969 1949 3020 αὐ-

378 3063 503 3125 τοὺς
533 3065 614 3125 είς
644 3062 741 3133 τὴν
764 3063 1053 3130 ἐπίγνωσιν
1080 3061 1176 3114 τοῦ
1205 3061 1464 3132 Χριστοῦ.
1499 3060 1643 3114 Ἰδὼν
1673 3061 1730 3112 δὲ
1754 3061 1953 3123 αὐτοὺς

379 3155 820 3224 προσκόπτοντας
849 3156 908 3206 ὲν
934 3157 998 3223 τῇ
1029 3153 1208 3207 πίστει
1235 3154 1328 3206 καὶ
1356 3152 1820 3222 περιφρονοῦντας
1842 3154 1951 3204 τῶν

378 3247 634 3313 εἰδώλων,
652 3247 926 3317 ἠϐουλήθη
953 3246 1201 3299 καθελεῖν
1221 3247 1345 3308 τοὺς
1368 3247 1528 3309 ναοὺς
1548 3246 1655 3299 τῶν
1682 3246 1946 3314 ματαίων,

380 3340 475 3391 καὶ
498 3339 849 3409 οίκοδυμῆσαι
880 3337 1174 3408 ἐκκλησίαν
1205 3338 1313 3390 ἐπὶ(
1342 3337 1419 3407 τῷ
1463 3337 1689 3407 ὀνόματι
1720 3337 1813 3390 τοῦ
1847 3339 1955 3390 Κυ-

382 3431 496 3501 ρίου
546 3429 701 3500 ήμῶν
738 3429 912 3500 Ἰησοῦ
945 3429 1204 3498 Χριστοῦ.
1248 3428 1521 3499 Ἐπισχὼν
1553 3429 1611 3482 δὲ
1634 3429 1797 3481 αὐτὸν
1828 3432 1953 3483 ἐπε-

377 3522 646 3592 λογήσατο
696 3523 778 3576 ὅτι
830 3525 859 3573 ὁ
911 3521 1161 3592 βασιλεὺς
1200 3523 1527 3592 Χριστιανὸς
1583 3525 1678 3575 καὶ
1722 3522 1953 3593 εὐσεϐής

379 3615 546 3666 ἔστιν.
570 3615 789 3667 Δίκαιον
820 3611 913 3666 οὖν
948 3616 1180 3685 ὑπάρχει
1223 3615 1362 3683 μετά
1394 3615 1619 3684 γνώμης
1652 3614 1817 3668 αὑτοῦ
1843 3615 1953 3668 τῶν

381 3707 673 3760 είδωλικῶν
697 3707 840 3759 ναῶν
867 3706 966 3776 τὴν
1011 3706 1331 3776 καθαίρεσιν
1380 3708 1729 3777 ποιήσασθαι.
1765 3706 1951 3759 Ταῦτα

381 3798 806 3870 βουλευσάμενος
837 3801 866 3852 6
897 3798 1152 3867 θεράπων
1190 3799 1284 3851 τοῦ
1316 3799 1580 3868 Χριστοῦ,
1637 3797 1856 3868 ἀπάρας
1888 3802 1953 3852 ἐκ

378 3892 478 3960 τῆς
509 3892 714 3954 πόλεως
740 3890 1069 3961 Λαμψάκου,
1103 3889 1516 3961 καταλαμϐάνει
1563 3890 1663 3959 τὴν
1701 3889 1954 3959 βασιλίδα

381 3985 554 4037 πόλιν.
582 3983 740 4037 Κατὰ
784 3983 1087 4054 συγκυρίαν
1115 3983 1171 4036 δὲ
1210 3982 1411 4052 συνέϐη
1453 3980 1557 4051 τῆς
1589 3981 1718 4051 ὲξῆς
1742 3982 1834 4035 τὸν
1859 3983 1952 4035 εὑ-

381 4076 515 4146 σεϐἧ
567 4076 789 4146 βασιλέα
850 4077 1258 4129 Κώνσταντίνον
1307 4076 1554 4129 κατιέναι
1606 4075 1842 4144 ὀχήματι
1873 4075 1954 4137 είς

382 4168 670 4236 ἐπίσκεψιν
699 4168 809 4220 τῶν
843 4168 1055 4237 ὼρείων
1084 4167 1176 4219 τοῦ
1199 4165 1370 4219 *σίτου
1399 4182 1412 4196 ·
1445 4165 1540 4217 καὶ
1573 4165 1888 4234 προσελθὼν
1924 4166 1954 4218 6

381 4256 526 4319 ὅσος
557 4257 698 4328 ἀνὴρ
735 4256 901 4321 ἔδειξε
930 4258 999 4309 τὰ
1037 4258 1134 4327 τῆς
1160 4258 1448 4325 αἰτήσεως.
1488 4255 1547 4308 '0
1578 4254 1635 4309 δὲ
1667 4254 1838 4318 ὅντως
1867 4272 1956 4325 φι-

381 4347 661 4419 λόχριστος
709 4349 960 4419 βασιλεὺς
992 4350 1211 4415 ἐδέξατο
1238 4350 1339 4419 τὴν
1376 4349 1614 4418 αἴτησιν,
1665 4348 1760 4401 καὶ
1789 4365 1956 4417 προσε-

382 4439 572 4505 έταξεν
622 4441 785 4492 αὐτὸν
834 4441 1096 4508 προάγειν
1151 4441 1231 4503 εἰς
1283 4441 1352 4492 τὰ
1403 4439 1671 4510 βασίλεια,
1700 4439 1829 4510 ἄχρι
1855 4439 1949 4493 τοῦ

2049 1969 2265 2023 scopus,
2293 1955 2512 2008 nomine
2536 1953 2846 2019 Ascholius,
2893 1968 3015 2009 eum
3053 1956 3427 2010 acuet-sivisset
3462 1971 3629 2011 vene-

2053 2048 2277 2100 randum
2321 2054 2375 2100 et
2408 2056 2662 2100 sanetum
2704 2047 2847 2099 hunc
2885 2045 3060 2099 virum
3094 2044 3473 2113 Parthenium,
3503 2062 3626 2102 eum

2050 2136 2292 2206 praefecit
2348 2136 2610 2203 dignitate
2663 2136 3032 2204 episcopatus,
3071 2144 3126 2191 et
3153 2138 3446 2192 maximum
3494 2153 3628 2192 con-

2051 2228 2215 2283 cessit
2237 2229 2435 2281 donum
2473 2228 2678 2282 civitati
2707 2226 3220 2298 Lampsacenorum.
3245 2227 3419 2284 Homo
3448 2240 3626 2286 autem

2053 2321 2145 2375 Dei
2172 2320 2514 2383 Parthenius,
2542 2336 2666 2375 cum
2698 2322 2934 2377 venisset
2978 2323 3044 2375 ad
3084 2321 3132 2376 ei
3155 2321 3456 2377 dedicatam
3489 2324 3629 2378 civi-

2052 2420 2217 2468 tatem
2241 2414 2620 2481 Lampsacum,
2657 2420 2710 2467 et
2726 2427 2843 2467 eam
2869 2414 3164 2469 invenisset
3186 2414 3420 2469 deditam
3460 2415 3631 2472 cultui

2052 2508 2486 2572 simulacrorum,
2518 2504 2756 2574 graviter
2803 2506 3124 2575 angebatur.
3160 2505 3265 2561 Sed
3296 2523 3401 2561 non
3443 2521 3632 2564 cessa-

2052 2597 2166 2662 bat,
2195 2599 2327 2652 sicut
2380 2596 2670 2665 Apostolus
2713 2597 2968 2651 admonet
2999 2598 3039 2662 ³,
3075 2612 3286 2667 rogare,
3319 2597 3629 2665 increpare,

2052 2690 2300 2745 veritatis
2344 2689 2482 2743 viam
2512 2689 2591 2743 eis
2623 2682 2945 2752 ostendere,
2999 2687 3537 2758 imbeci‘llitatemque
3577 2701 3633 2746 et

2054 2784 2344 2838 vanitatem
2405 2783 2868 2837 simulacrorum:
2921 2793 2973 2838 et
3015 2782 3219 2839 faciens
3263 2784 3518 2839 miracula
3573 2790 3633 2842 in

2056 2878 2272 2932 nomine
2303 2878 2508 2934 Domini
2538 2880 2704 2933 nostri
2738 2876 2862 2932 Jesu
2886 2875 3108 2939 Christi.
3132 2888 3187 2931 et
3219 2892 3412 2931 curans
3441 2893 3629 2935 eorum

2052 2966 2321 3034 inlirmos,
2379 2970 2634 3039 paulatim
2689 2975 2853 3023 traxit
2902 2982 2995 3022 eos
3043 2969 3108 3021 ad
3145 2967 3236 3021 Dei
3275 2969 3629 3038 agnitionem.

2053 3060 2184 3114 Cum
2218 3076 2346 3115 vero
2370 3062 2595 3116 vidisset
2616 3076 2708 3115 eos
2739 3060 3000 3128 prolicere
3027 3061 3078 3112 in
3119 3059 3241 3123 lide,
3261 3070 3314 3115 et
3340 3061 3628 3116 simulacra

1982 3183 2025 3244 ε
2057 3152 2358 3222 despicere,
2385 3154 2758 3208 voluiteorum
2806 3152 3003 3223 templa
3027 3152 3243 3206 diruere
3275 3162 3329 3206 et
3361 3153 3633 3208 aediﬁcare

2060 3245 2343 3299 ecclesiam
2401 3246 2454 3297 in
2506 3244 2724 3299 nomine
2764 3243 2975 3298 Domini
3036 3243 3207 3297 nostri
3239 3240 3365 3298 Jesn
3399 3242 3630 3300 Christi.

2060 3337 2193 3393 Cum
2224 3353 2280 3391 se
2311 3348 2489 3391 autem
2518 3335 2886 3402 sustinuisset,
2933 3336 3014 3390 sic
3050 3336 3261 3400 statuit,
3312 3336 3455 3405 quod
3509 3351 3630 3391 cum

2062 3429 2356 3497 imperator
2390 3430 2460 3484 sit
2495 3428 2844 3484 Christianus
2888 3437 2941 3482 et
2999 3428 3142 3499 pius,
3176 3428 3381 3498 justum
3418 3431 3488 3484 sit
3517 3429 3634 3498 ejus

2061 3525 2329 3577 sententia
2365 3523 2684 3591 templorum
2717 3521 2980 3577 idolorum
3038 3520 3156 3574 fieri
3205 3522 3629 3576 demolitionem.

2063 3616 2188 3670 llazc
2217 3631 2339 3669 cum
2382 3615 2524 3685 apud
2546 3629 2605 3668 se
2628 3616 2905 3668 statuisset
2951 3614 3150 3669 Christi
3179 3628 3369 3668 servus
3409 3614 3635 3669 Parthe-

2061 3708 2207 3772 nius,
2263 3716 2318 3760 et
2368 3706 2617 3760 solvisset
2661 3720 2725 3759 ex
2771 3706 2989 3759 civitate
3024 3702 3342 3774 Lampsaco,
3385 3708 3531 3759 venit
3578 3705 3634 3761 in

2060 3800 2248 3853 urbem
2283 3798 2503 3867 regiam.
2530 3796 2691 3852 Forte
2723 3804 2899 3851 autem
2930 3792 3145 3861 accidit,
3183 3804 3240 3849 ut
3266 3796 3352 3850 die
3386 3797 3633 3865 sequenti

2061 3892 2181 3959 pius
2208 3892 2497 3960 imperator
2520 3887 2908 3943 Constantinus
2934 3887 3281 3942 descenderet
3302 3887 3353 3942 in
3387 3888 3635 3943 vehiculo

2061 3983 2127 4037 ad
2153 3983 2410 4037 videndos
2440 3995 2619 4052 agros.
2648 3980 2727 4034 Ad
2756 3996 2878 4034 eum
2911 3982 3091 4051 itaque
3115 3979 3379 4035 accedens
3410 3980 3492 4033 vir
3519 3997 3636 4034 san-

2060 4084 2200 4139 ctus,
2230 4075 2479 4143 expOsuit
2502 4074 2549 4126 ei
2574 4089 2724 4127 suam
2764 4074 3101 4142 petitionem.
3130 4070 3475 4127 Venerandus
3507 4085 3636 4127 vero

2060 4176 2112 4220 et
2146 4167 2303 4235 plane
2324 4163 2522 4218 Christi
2559 4178 2746 4217 amans
2780 4165 3072 4231 imperator
3100 4161 3509 4227 Constantinus,
3539 4162 3636 4218 be-

2062 4259 2222 4326 nigne
2253 4255 2461 4324 accepit
2492 4254 2608 4323 ejus
2637 4255 2977 4325 petitionem,
3006 4266 3059 4308 et
3089 4254 3241 4308 valde
3265 4263 3347 4309 est
3386 4250 3594 4310 lmtatus
3615 4275 3632 4288 ο

2057 4349 2330 4420 iussitque
2371 4363 2493 4402 eum
2541 4349 2619 4402 ire
2649 4349 2701 4403 in
2738 4348 2961 4416 regiam,
3004 4356 3060 4401 et
3097 4359 3414 4416 exspectare
3461 4349 3637 4403 donec

2063 4443 2179 4511 ipse
2204 4443 2401 4498 rediret
2423 4441 2491 4496 ab
2524 4440 2691 4510 agris.
2724 4438 2993 4494 Reversus
3033 4438 3212 4508 itaque
3261 4440 3555 4508 imperator
3580 4439 3634 4496 in

384 4531 746 4600 ὑποστρέφειν
778 4531 939 4583 αὑτὸν
969 4530 1077 4582 ἀπὺ
1108 4531 1216 4582 τῶν
1261 4529 1470 4600 ὡρείων
1500 4528 1595 4583 τοῦ
1642 4529 1818 4590 σίτου.
1846 4531 1950 4585 Καὶ

2063 4536 2338 4606 palatium,
2372 4533 2620 4588 lubenter
2652 4535 2859 4602 accepit
2882 4534 3056 4586 virum
3093 4543 3363 4598 sanctum,
3394 4542 3448 4590 et
3482 4549 3635 4589 com-

384 4625 828 4695 παραγενόμενος
856 4624 1108 4693 ἀσμένως
1138 4623 1440 4686 ἀπεδέξατο
1476 4623 1569 4677 τὸν
1611 4624 1755 4675 ὅσιον
1785 4623 1956 4694 ἄνδρα

384 4720 477 4771 au".
493 4717 894 4787 περιεπτύξατο
919 4721 1010 4770 καὶ
1039 4716 1295 4786 εῠχεσθαι
1327 4716 1466 4786 ὑπὲρ
1498 4715 1664 4769 αὐτοῦ
1687 4716 1952 4786 ἠξίωσεν·

383 4813 470 4864 διὰ
491 4812 687 4881 τάχους
706 4811 763 4863 δὲ
786 4809 1121 4880 προσέταξεν
1148 4807 1402 4878 γενέσθαι
1434 4809 1763 4880 πρόσταγμα
1792 4809 1955 4861 ἕνεκα

382 4904 481 4974 τῆς
531 4902 904 4972 καθαιρέσεως
948 4901 1056 4955 τῶν
1088 4900 1383 4954 είδωλικῶν
1430 4901 1595 4966 ναῶν,
1650 4901 1746 4955 καὶ
1795 4899 1956 4954 τοῦτο

384 4991 638 5063 κυρώσας
693 4995 814 5057 ταῖς
851 4992 1024 5056 θείαις
1080 4990 1246 5045 αὑτοῦ
1299 4991 1608 5057 συλλαϐαῖς,
1641 4991 1826 5045 δίδωσι
1874 4990 1954 5062 τῷ

389 5082 646 5150 μακαρίῳ
695 5081 789 5134 καὶ
841 5080 1065 5151 χρυσίον
1102 5080 1160 5133 δὲ
1190 5080 1374 5133 ἱκανὸν
1406 5080 1642 5133 δέδωκεν
1680 5076 1830 5151 αὐτῷ
1873 5083 1951 5143 είς

384 5172 733 5243 ἀπαρτισμὸν
775 5171 876 5242 τῆς
909 5174 1071 5240 ἁγίας
1124 5171 1217 5225 τοῦ
1274 5171 1413 5225 Θεοῦ
1469 5170 1818 5242 Ἐκκλησίας,
1871 5173 1963 5226 καὶ

384 5266 772 5335 ἀσπασάμενος
801 5264 963 5318 αὐτὸν
986 5263 1254 5317 ἀπέλυσεν
1283 5266 1340 5315 ὲν
1384 5263 1597 5334 εἰρήνῃ.

454 5354 528 5409 Δ’.
576 5355 916 5410 Ἐπανελθὼν
945 5357 1002 5409 δὲ
1049 5357 1079 5409 6
1129 5355 1399 5429 μακάριος
1429 5356 1486 5407 ἐν
1534 5355 1600 5425 τῇ
1653 5352 1762 5424 ίδίᾳ
1800 5351 1954 5405 πόλει

384 5449 693 5521 Λαμψάκῳ,
745 5449 854 5503 τῶν
889 5448 1032 5502 ναῶν
1074 5447 1173 5518 τὴν
1216 5447 1535 5517 καθαίρεσιν
1566 5445 1818 5507 ἐποιεῖτο,
1860 5444 1956 5496 καὶ

384 5543 692 5614 διαγράψας
725 5542 815 5595 ’τὸν
860 5540 1398 5612 καλλιπρεπέστατον
1451 5538 1544 5592 τοῦ
1600 5535 1736 5591 Θεοῦ
1783 5532 1952 5602 οἷκον,

386 5636 546 5700 αὐτὸς
562 5636 627 5688 δι’
645 5634 838 5688 ἑαυτοῦ
862 5634 1101 5704 ἐφεστὼς
1132 5635 1259 5705 πρὸς
1277 5633 1336 5688 τὸ
1352 5628 1734 5706 ἔργονρπουδῇ
1762 5627 1954 5701 πολλῇ,

465 5825 481 5858 ¹
514 5824 533 5879 l
564 5822 703 5877 Tini.
737 5837 809 5889 tv,
843 5822 898 5879 ἓ.

2064 4627 2250 4696 plt'ttus
2285 4625 2496 4696 rogavit
2540 4634 2597 4677 ut
2626 4636 2723 4692 pro
2767 4624 2882 4692 ipso
2914 4632 3230 4693 precaretur
3258 4641 3273 4689 ;
3299 4635 3354 4679 et
3388 4627 3635 4694 protinus

2059 4717 2220 4784 jussit
2252 4715 2367 4771 ﬁeri
2408 4730 2640 4781 sacrum_
2660 4728 2759 4782 pro
2795 4712 3060 4768 idolorum
3098 4724 3150 4768 et
3181 4730 3369 4769 eorum
3404 4717 3634 4785 templo-

2061 4823 2181 4862 rum
2228 4805 2596 4870 demolitione,
2648 4814 2702 4857 et
2753 4819 2873 4858 eum
2917 4806 3017 4859 hoc
3061 4805 3172 4859 suis
3204 4805 3402 4861 divinis
3440 4810 3636 4862 contir-

2064 4911 2268 4955 tnasset
2298 4900 2543 4970 syllabis,
2593 4899 2684 4953 dat
2725 4896 3017 4952 Parthenio
3044 4913 3166 4952 eum
3200 4899 3369 4954 multo
3404 4916 3532 4955 auru
3566 4901 3635 4956 ad

2062 4996 2485 5048 exstructionem
2513 5002 2712 5045 sanetae
2757 4990 2846 5045 Dei
2893 4990 3168 5047 ecclesiae:
3202 5001 3399 5048 etcum
3428 4997 3634 5063 amplc-

2065 5101 2183 5150 xus,
2213 5085 2414 5138 dimisit
2448 5085 2500 5138 in
2530 5099 2679 5153 pace.

2134 5349 2221 5405 IV.
2259 5348 2532 5405 Reversus
2588 5360 2768 5405 autem
2805 5353 2996 5406 beatus
3026 5349 3354 5408 Parthenius
3388 5351 3439 5405 in
3481 5365 3634 5406 suam

2063 5449 2337 5504 civitatem
2378 5447 2755 5517 Lampsacum,
2808 5448 3005 5516 templa
3033 5449 3219 5511 diruit,
3255 5456 3307 5503 et
3361 5462 3481 5500 eum
3513 5445 3633 5516 pul-

2063 5538 2384 5594 chi-nimam
2412 5548 2467 5592 et
2492 5540 2894 5593 ornatissimam
2919 5539 3300 5610 descripsisset
3322 5537 3411 5591 Dei
3433 5541 3631 5601 mitem,

2065 5631 2180 5701 ipse
2210 5646 2306 5700 per
2352 5646 2410 5686 se
2440 5631 2703 5685 assistens
2734 5631 2912 5700 operi,
2946 5646 3140 5700 magno
3188 5634 3366 5685 studio
3394 5643 3514 5684 eam
3537 5643 3636 5682 cu-
